3942 6128
461 241 598 296 1ξ45

1496 233 1552 288 S.
1596 229 1872 289 CYlilLLl
1908 228 2376 285 ALEXANDRINI
2414 227 2732 284 ARClllEP.

3587 223 3730 282 1444

457 359 655 414 ostium
710 364 762 410 et
816 369 990 410 seram
1028 353 1072 384 "
1109 373 1120 406 :
1158 365 1312 408 cessa
1359 364 1528 406 cornu
1593 351 1648 405 in
1701 348 2041 404 altitudinem
2075 353 2117 406 A
2144 349 2278 400 duos
2313 347 2452 413 ﬁlios
2487 346 2739 400 dicemus.
2773 344 2880 400 Sed
2902 359 3018 398 ecce
3049 353 3096 397 et
3133 341 3310 396 Filius
3353 343 3531 397 dictus
3560 353 3634 397 est
3669 349 3724 399 in

458 446 744 511 extollens,
762 452 814 499 et
835 445 1057 513 loquens
1078 444 1420 512 iniquitatem
1439 442 1728 494 adversum
1749 440 1914 493 Deum
1934 439 1999 492 ³⁸.
2015 457 2032 488 ι

460 538 756 605 Quousque
791 537 1020 590 insultas
1050 533 1273 602 patienti
1306 531 1566 586 Christo?
1597 529 1652 584 In
1689 540 1866 584 mente
1900 530 2039 585 habe

457 629 601 696 quod
637 628 896 695 scriptmn
939 635 1020 680 est
1053 641 1081 678 a
1108 624 1290 678 divino
1323 623 1488 678 Paulo
1524 641 1537 676 :
1582 642 1599 673 s
1642 623 1732 676 Sic
1763 636 1890 676 vero
1916 637 2040 691 pec-

461 730 652 772 cantes
681 720 731 771 in
774 719 993 779 fratres,
1042 727 1096 768 et
1146 716 1514 784 percutientes
1543 729 1730 768 eormn
1767 713 2038 767 infirmam

459 810 872 874 conscientiam,
931 809 983 860 in
1039 809 1313 862 Christum
1366 808 1605 876 peccatis
1655 807 1720 860 ³⁷.
1782 827 1801 858 ι
1861 805 1925 859 Et
1981 813 2042 859 ut.

460 901 662 970 aliquid
716 901 881 955 etiam
937 916 1006 955 ex
1065 901 1400 969 propheticis
1461 899 1653 968 loquar
1713 898 2035 952 codicibus:

466 1012 484 1046 ι
518 993 824 1048 Justilicata
869 1003 997 1047 sunt
1028 992 1266 1046 Sodoma
1293 1008 1357 1046 ex
1393 1001 1464 1058 te,
1500 992 1770 1059 superasti
1800 1003 2037 1058 pagano-

460 1102 578 1142 rum
613 1086 993 1147 verbositales,
1045 1101 1180 1154 quas
1226 1084 1468 1138 fecerunt
1507 1092 1695 1136 contra
1729 1081 2033 1144 Christum,

460 1177 742 1234 stultitiam
815 1177 1189 1230 existimantes
1245 1191 1459 1229 crucem
1512 1174 1580 1237 ³⁸,
1638 1193 1654 1224 ι
1723 1172 1856 1225 nihil
1914 1185 2038 1225 esse

459 1271 742 1326 ostendisti
808 1268 1050 1323 Judaica:
1116 1268 1381 1337 superbi.e
1448 1267 1699 1321 crimina.
1764 1264 2039 1317 Minorare

459 1363 764 1431 praesumis,
807 1370 861 1415 et
896 1361 1037 1430 quod
1064 1361 1129 1414 ad
1181 1370 1231 1414 te
1283 1359 1537 1428 pertinet,
1578 1356 1820 1411 detrahis
1855 1355 1921 1408 ad
1960 1355 2040 1407 iu-

459 1451 679 1505 famiatn
725 1467 846 1503 eum
889 1451 979 1519 qui
1032 1463 1297 1519 supernas
1345 1449 1502 1502 sedes
1536 1447 1817 1507 concedet,
1847 1455 1900 1497 et
1935 1458 2039 1497 una

459 1558 584 1596 cum
612 1542 719 1597 Deo
747 1552 799 1595 et
832 1542 992 1595 Patre
1014 1541 1259 1595 eamdem
1289 1541 1470 1593 sedem
1511 1539 1692 1592 habet.
1731 1538 1863 1592 Eum
1895 1538 2038 1591 enim

460 1635 550 1704 qui
577 1651 641 1689 ex
664 1635 894 1689 mortuis
926 1632 1250 1698 resurrexit,
1286 1633 1337 1684 in
1369 1633 1589 1686 sedibus
1614 1631 1828 1685 deitatis
1851 1631 2040 1684 sedere

461 1727 591 1781 dicit
657 1724 1096 1794 sapientissimus
1153 1723 1374 1777 Paulus.
1429 1723 1577 1776 Dixit
1645 1723 1828 1785 enim,

466 1836 485 1870 ι
527 1817 684 1870 talem
725 1816 986 1868 habemus
1017 1815 1314 1882 principem
1351 1812 1716 1874 sacerdotum,
1763 1812 1853 1880 qui
1890 1811 2042 1864 sedet

461 1908 513 1961 in
558 1908 777 1959 dextera
822 1905 968 1958 sedis
1023 1903 1328 1970 maiestatis
1371 1903 1424 1957 in
1471 1902 1707 1958 excelsis
1735 1901 1801 1969 ”,
1833 1901 2040 1970 quiest

459 2014 624 2068 super
671 2013 887 2051 omnem
924 1995 1313 2065 Principatum,
1369 2007 1425 2049 ct
1451 1995 1807 2060 Potestatem,
1841 2003 1895 2047 et
1931 1995 2040 2050 Do-

461 2092 832 2154 minationcm,
869 2099 924 2142 et
959 2103 1152 2142 nomen
1183 2089 1323 2158 quod
1357 2089 1690 2153 nominatur,
1717 2103 1824 2142 non
1859 2087 2036 2141 solum

468 2185 520 2238 in
555 2183 655 2237 hoc
691 2181 910 2246 saeculo,
953 2181 1045 2233 sed
1093 2189 1149 2232 et
1188 2179 1239 2232 in
1279 2179 1459 2232 futuro
1492 2177 1559 2231 ‘°.
1594 2177 1854 2232 Flectitur
1897 2178 2040 2231 enim

465 2276 512 2328 ei
546 2288 704 2327 omne
749 2286 910 2342 genu,
960 2279 1014 2324 et
1066 2269 1246 2322 omnis
1305 2269 1483 2338 lingua
1542 2270 1850 2334 confitetur,
1901 2267 2044 2336 quod

465 2363 724 2419 Dominus
756 2361 920 2415 Jcsus
959 2361 1208 2414 Christus
1239 2359 1290 2412 in
1317 2359 1487 2428 gloria
1522 2367 1607 2413 est
1647 2359 1736 2413 Dei
1769 2359 1944 2412 Patris
1973 2357 2039 2412 “.

462 2457 529 2509 Et
557 2456 678 2523 quis
718 2462 802 2507 est
847 2452 938 2520 qui
975 2453 1028 2504 in
1066 2451 1152 2504 his
1192 2461 1276 2504 est
1313 2460 1569 2518 tanquam
1615 2449 1797 2504 Deus?
1840 2450 2037 2503 lterum

461 2547 616 2613 idem,
643 2545 755 2613 ipse
801 2541 1130 2610 explanavit,
1165 2540 1251 2608 qui
1281 2539 1398 2606 ejus
1432 2539 1816 2610 mysteriorum
1847 2555 2033 2593 sacer-

462 2636 559 2690 dos
599 2612 701 2687 est.
749 2633 896 2685 Dixit
921 2633 1085 2693 enim,
1116 2633 1255 2698 quod
1293 2648 1309 2680 σ
1344 2630 1650 2684 exinanivit
1675 2631 1934 2698 seipsum,
1978 2630 2031 2683 in

460 2722 813 2778 similitudine
858 2722 1095 2775 hominis
1144 2719 1320 2774 factus
1369 2729 1471 2784 est,
1523 2729 1577 2774 et
1629 2721 1680 2773 in
1730 2719 1915 2774 habitu
1960 2721 2044 2774 in-

460 2824 655 2870 ventus
683 2825 940 2883 tanquam
998 2815 1196 2868 homo:
1239 2821 1292 2868 et
1328 2813 1635 2867 humiliavit
1692 2813 1928 2882 scipsum
1965 2812 2041 2865 fa-

460 2916 580 2961 ctus
612 2906 870 2959 obediens
922 2920 1093 2972 usque
1144 2905 1210 2958 ad
1261 2917 1531 2971 mortem,
1589 2911 1814 2957 mortem
1861 2915 2038 2959 autem

461 2999 641 3052 crucis
667 2997 732 3049 δ’.
771 2995 1032 3050 Flectitur
1080 2996 1242 3064 igitur
1281 3011 1442 3050 onme
1472 3011 1610 3066 genu
1646 2995 1948 3051 cmlestium
1981 3004 2037 3049 et

464 3090 805 3144 terrestrium
851 3098 904 3142 et
938 3090 1238 3141 inferorum
1271 3089 1318 3142 ei
1355 3089 1444 3157 qui
1481 3104 1698 3142 crucem
1733 3087 1992 3142 sustinuit
2021 3105 2031 3138 :

462 3196 622 3249 quem
663 3180 811 3248 puris
855 3190 908 3233 et
947 3179 1076 3232 solis
1109 3179 1459 3232 humanitatis
1491 3179 1759 3231 mensuris
1787 3177 2036 3246 injiciens

463 3271 833 3331 adversarius,
893 3269 1208 3321 memoriam
1253 3277 1306 3321 et
1356 3269 1722 3321 visitationem
1770 3267 2035 3321 meruisse

467 3362 596 3415 dicit
625 3375 654 3412 a
689 3359 796 3412 Deo
825 3358 1022 3420 Verbo,
1054 3373 1173 3411 cum
1204 3365 1352 3412 certe
1381 3369 1593 3426 oportet
1624 3362 1766 3412 scire
1794 3367 1847 3412 et
1876 3374 2034 3429 sape‘

467 3467 547 3514 re,
583 3451 724 3519 quod
756 3465 860 3502 non
887 3449 1022 3502 alter
1042 3447 1187 3502 Deus
1223 3449 1458 3503 Verbum
1486 3458 1605 3503 erat
1635 3460 1832 3520 przeter
1856 3451 2031 3519 ipsum

465 3542 636 3595 Filius
675 3540 964 3608 separatim
1017 3549 1071 3592 et
1122 3555 1216 3608 per
1268 3551 1498 3608 partem,
1552 3542 1642 3609 qui
1701 3558 1769 3596 ex
1827 3543 2037 3597 semine

468 3630 658 3694 David,
691 3631 832 3685 sicut
877 3630 1027 3694 dicit,
1079 3631 1284 3684 homo:
1323 3630 1416 3684 sed
1474 3643 1592 3685 erat
1650 3631 1765 3700 ipse
1808 3646 1874 3686 ex
1925 3632 2037 3686 Deo

463 3719 623 3776 Patre
656 3720 799 3776 Deus
843 3720 1103 3785 Verbum,
1152 3721 1326 3775 factus
1364 3722 1661 3776 secundmn
1703 3737 1826 3786 nos,
1871 3723 2037 3778 homo

459 3812 732 3876 videlicet,
764 3821 818 3865 et
855 3826 960 3866 non
996 3813 1160 3865 alium
1191 3813 1481 3881 quemdam
1521 3814 1700 3882 magis
1749 3828 1910 3882 quam
1948 3828 2035 3869 se-

465 3904 640 3974 ipsum
668 3902 976 3958 visitatione
1001 3911 1054 3957 et
1079 3903 1338 3956 memoria
1361 3903 1606 3970 dignans.

939 4039 994 4094 8.
1030 4037 1094 4090 Et
1117 4054 1182 4091 ea:
1209 4039 1390 4092 eodem
1421 4039 1574 4092 libro.
1640 4015 1657 4029 .

1079 4167 1416 4208 Τιιεουοιιυε.

531 4288 954 4357 Cessabuntjam
975 4289 1040 4341 ab
1064 4288 1364 4356 impudente
1397 4303 1570 4355 pugna
1593 4289 1618 4340 7
1639 4287 1883 4340 ctesisleul
1915 4303 2032 4341 vero

461 4398 593 4436 rana
618 4380 972 4443 contentione,
1003 4379 1364 4432 erubescentes
1388 4379 1654 4431 dictorum
1683 4377 2034 4431 evidentiam?

460 4474 659 4529 Ilultos
695 4474 858 4537 enim,
883 4472 1028 4537 dicit,
1058 4470 1199 4536 ﬁlios
1230 4472 1284 4524 in
1319 4471 1540 4540 gloriam
1571 4471 1861 4524 ducentem.
1899 4470 2031 4524 Ecce

459 4567 626 4637 igitur
665 4566 720 4617 in
768 4563 972 4616 ratione
1021 4563 1294 4629 [iliationis
1341 4579 1721 4616 commutemus
1753 4563 2036 4632 Apostolus

459 4667 670 4723 apparet
707 4664 1030 4722 assumptum
1067 4655 1329 4708 hominem
1363 4656 1588 4718 caneris,
1614 4671 1716 4706 non
1745 4657 2032 4709 secundum

459 4748 595 4815 quod
633 4746 878 4797 similiter
922 4742 1029 4794 illis
1060 4742 1341 4810 [iliationis
1387 4743 1650 4810 particeps
1688 4751 1786 4806 est,
1835 4745 1924 4794 sed
1947 4759 2032 4796 se-

459 4835 685 4889 cundant
725 4834 866 4904 quod
895 4833 1140 4887 similiter
1163 4834 1392 4902 gratiam
1417 4831 1702 4900 assumpsit
1730 4833 2028 4899 ﬁliationis,

457 4926 652 4979 deitate
688 4925 801 4978 sola
836 4925 1130 4977 naturalem
1160 4923 1470 4993 ﬁliationem
1489 4923 1803 4992 possidente.
1821 4922 2031 4976 Certant

458 5019 599 5071 enim
633 5027 712 5070 est
743 5016 898 5084 illud,
935 5019 1074 5085 quod
1097 5018 1375 5086 ﬁliationis
1395 5017 1562 5084 gloria
1594 5025 1786 5083 prteter
1816 5024 2031 5068 ca’teros

456 5109 690 5162 homines
734 5110 862 5162 inest
900 5108 946 5161 ei
982 5109 1257 5177 pra'cipue
1288 5123 1381 5175 per
1421 5107 1675 5158 unitatem
1713 5120 1830 5174 qua:
1857 5115 1930 5157 est
1960 5105 2027 5156 ad

456 5200 624 5250 illum.
661 5198 807 5252 Unde
848 5209 893 5251 ει
936 5199 990 5251 in
1037 5199 1150 5264 ipsa
1184 5213 1306 5249 voce
1345 5195 1674 5264 signiﬁcante
1711 5193 1930 5257 Filium,
1963 5195 2030 5246 si-

461 5290 654 5342 militer
683 5293 843 5344 etiam
884 5289 974 5342 ille
1010 5288 1486 5355 comprehenditur.
1543 5286 1646 5340 Sed
1673 5287 2027 5339 sermocinan-

462 5386 545 5429 tur
591 5380 658 5430 ad
693 5394 823 5432 nos:
868 5378 926 5432 Si
951 5384 1054 5432 duo
1080 5379 1312 5448 perfecta
1340 5377 1518 5430 dicitis
1565 5378 1706 5429 omni
1751 5377 1929 5440 modo,
1979 5386 2026 5430 et

529 5554 573 5583 ³³
599 5551 738 5604 l’sal.
776 5569 897 5612 ctL,
943 5555 995 5605 5.

489 5641 531 5690 I,
561 5622 651 5675 2|.

1066 5554 1105 5585 ’⁸
1130 5571 1310 5615 LXXIV,
1339 5554 1391 5619 5,
1427 5555 1482 5607 ti.

729 5621 769 5653 “
801 5623 1028 5690 Philipp.
1059 5639 1118 5687 tt,
1153 5625 1242 5690 10,
1270 5625 1352 5678 ll.
1435 5625 1478 5655 δ’
1507 5625 1637 5678 Ibid.
1671 5625 1720 5692 7,
1752 5625 1804 5678 8.

1561 5554 1640 5606 ’τι
1673 5555 1799 5609 Cor.
1831 5570 1950 5617 vm,
1983 5553 2070 5616 ll,
2108 5555 2194 5608 1‘2.

1884 5627 1928 5658 ⁸³
1952 5625 2104 5680 Joan.
2140 5642 2178 5691 ι,
2217 5627 2297 5681 Η.

2141 441 2319 492 divina
2363 439 2644 504 Scriptura
2689 453 2781 505 per
2833 437 3088 504 seipsum,
3139 437 3424 490 divinitate
3479 447 3715 505 excepta,

2144 532 2352 585 ueteris
2394 531 2693 584 hominibus
2730 538 3155 593 connumeratus,
3213 536 3260 581 et
3314 543 3418 580 non
3449 527 3566 596 jam
3593 531 3724 581 duos

2139 618 2361 671 dicimus
2403 618 2564 686 ﬁlios.
2621 616 2768 670 Unde
2808 633 2927 671 vero
2980 615 3148 670 Filius
3190 617 3245 669 in
3287 617 3613 682 confessione
3645 630 3722 670 est

2132 709 2299 779 juste,
2342 710 2591 775 quoniam
2648 720 2958 762 naturarum
2989 709 3174 762 divisio
3229 710 3531 762 necessario
3575 709 3728 762 debet

2140 815 2461 866 permanere,
2520 809 2566 853 et
2618 815 2854 869 persona:
2913 800 3082 854 unitio
3121 799 3512 868 indissipabilis
3540 811 3728 853 custo-

2140 890 2266 944 diri.

2785 1019 3062 1061 CYRILLUS.

2213 1134 2374 1205 Papa:
2407 1135 2712 1190 insaniam!
2753 1135 3027 1206 lgnoravit
3071 1133 3422 1187 omnifariam
3465 1133 3712 1188 'altitudi-

2142 1244 2266 1283 nem
2295 1228 2536 1299 mysterii
2575 1228 2802 1291 Christi,
2839 1227 2931 1296 qui
2982 1227 3052 1280 ita
3093 1226 3307 1295 frigidis
3335 1234 3389 1280 et
3421 1228 3717 1295 puerilibus

2140 1320 2321 1374 verbis
2351 1317 2587 1372 conlisus
2622 1327 2725 1372 est.
2775 1316 2928 1382 Quod
2981 1326 3160 1370 autem
3205 1325 3262 1372 et
3301 1317 3506 1385 prolati
3536 1319 3714 1387 scripti

2141 1412 2393 1463 virtutem
2432 1409 2653 1465 minime
2709 1409 2984 1477 intelligit,
3023 1419 3232 1463 reetam
3289 1423 3420 1463 vero
3467 1409 3710 1463 semitam

2143 1502 2399 1564 declinat,
2440 1510 2495 1555 et
2537 1499 2866 1555 transfertur
2908 1501 3100 1554 iterum
3153 1501 3204 1554 in
3252 1501 3582 1555 sceleratam
3619 1503 3713 1556 sibi

2143 1594 2480 1664 propositam
2535 1595 2916 1658 intentionem,
2975 1593 3161 1648 statim
3220 1592 3514 1648 docemus.
3570 1592 3712 1659 Quod

1895 1720 2039 1789 quod
2072 1695 2113 1748 Β
2141 1686 2286 1740 enim
2314 1697 2441 1741 aute
2475 1687 2660 1740 omnia
2702 1685 2940 1741 studium
2977 1685 3024 1740 ei
3065 1693 3168 1750 est,
3201 1702 3401 1756 purum
3432 1687 3592 1742 nobis
3627 1689 3718 1741 ho-

2146 1777 2348 1830 minem
2377 1777 2514 1832 velle
2539 1779 2921 1832 demonstrare
2962 1791 3344 1832 consessorem
3371 1779 3541 1844 Patri,
3574 1789 3630 1832 et
3654 1781 3717 1832 ab

2145 1868 2400 1923 universa
2430 1880 2685 1923 creatura
2724 1879 2979 1938 tanquam
3018 1870 3186 1923 Deum
3213 1871 3570 1937 adorandum,
3606 1871 3720 1939 ipse

2143 1959 2300 2014 testis
2340 1959 2696 2028 ingredietur.
2720 1959 2819 2014 llis
2861 1961 3004 2014 enim
3035 1960 3127 2028 qui
3165 1961 3456 2014 secundum
3482 1963 3717 2030 gratiam

2143 2047 2240 2102 ﬁlii
2287 2059 2454 2115 sunt,
2503 2058 2558 2104 et
2612 2051 2862 2104 humanae
2927 2050 3260 2104 multitudini
3311 2065 3721 2106 connumerans

2143 2154 2286 2204 eum,
2327 2139 2488 2195 Verbi
2515 2141 2769 2196 deitatem
2797 2141 2966 2195 solam
3004 2157 3148 2196 vera:
3181 2142 3455 2195 liliationis
3484 2142 3717 2211 gloriam

2144 2233 2344 2288 habere
2388 2235 2687 2301 contendit,
2732 2250 2867 2304 pene
2909 2236 3074 2290 etiam
3122 2236 3415 2304 increpans
3452 2251 3580 2289 eum
3633 2237 3719 2304 qui

2144 2336 2366 2396 propter
2387 2342 2485 2382 nos
2514 2327 2943 2382 exinanitionem
2978 2328 3086 2395 pati
3123 2326 3298 2380 voluit
3333 2346 3347 2382 :
3384 2328 3472 2381 vel
3499 2327 3718 2380 forsitan

2142 2419 2306 2472 etiam
2357 2419 2628 2488 objiciens
2678 2419 3022 2474 inhonestam
3063 2435 3218 2474 suam
3270 2419 3606 2472 dementiam
3641 2419 3717 2470 di-

2143 2509 2355 2579 scipulo
2395 2511 2598 2565 dicenti
2632 2529 2645 2565 :
2684 2529 2702 2561 ι
2739 2511 2804 2564 Et
2831 2509 3066 2565 Verbum
3097 2526 3226 2565 caro
3259 2511 3466 2566 factum
3501 2523 3583 2566 est
3606 2510 3668 2562 ⁸³.
3693 2527 3709 2560 ι

2145 2601 2436 2656 Sciendum
2471 2601 2633 2669 igitur
2669 2602 2837 2670 quod,
2867 2601 2992 2656 licet
3014 2617 3202 2671 .unum
3234 2601 3441 2656 alicubi
3469 2603 3634 2666 dicat,
3671 2609 3717 2654 et

2144 2707 2246 2744 non
2287 2693 2459 2762 magis
2488 2693 2630 2746 duos
2666 2693 2824 2756 filios,
2861 2693 3084 2761 ejiciens
3113 2694 3340 2748 omnino
3388 2709 3515 2748 esse
3561 2695 3707 2748 Deum

2143 2793 2197 2836 et
2227 2781 2420 2836 Filium
2449 2799 2596 2851 eum,
2640 2785 2730 2854 qui
2767 2786 2908 2839 sicut
2937 2786 3050 2854 ipse
3074 2785 3225 2850 dicit,
3275 2785 3344 2838 de
3393 2785 3602 2840 semine
3635 2791 3710 2838 est

2144 2874 2353 2939 David;
2415 2874 2481 2929 ad
2534 2876 2708 2928 solum
2771 2875 2938 2930 refert
2992 2877 3160 2930 Deum
3210 2860 3466 2930 Verbum
3521 2877 3607 2945 qui
3653 2889 3710 2929 ex

2145 2965 2257 3020 Deo
2289 2965 2451 3020 Patre
2493 2977 2601 3031 est,
2653 2983 2792 3022 verae
2839 2969 3116 3023 liliationis
3163 2968 3431 3038 gloriam.
3463 2970 3566 3024 Hoc
3597 2981 3710 3022 vero

2066 3050 2108 3106 C
2143 3058 2278 3111 nihil
2330 3059 2475 3113 aliud
2522 3068 2629 3124 est,
2686 3061 2828 3115 sicut
2883 3062 3015 3125 dist,
3071 3076 3231 3131 quam
3291 3079 3400 3116 non
3453 3063 3710 3131 suscipere

2145 3150 2364 3203 modum
2423 3151 2776 3206 humanitatis
2825 3171 2838 3208 :
2899 3154 3121 3207 omnino
3179 3164 3364 3208 autem
3417 3156 3714 3208 interimere

2145 3241 2625 3309 dispensationem,
2668 3259 2762 3311 per
2794 3259 2952 3313 quam
2984 3253 3039 3300 et
3084 3245 3221 3300 salvi
3256 3245 3388 3300 facti
3417 3260 3618 3308 sumus,
3656 3254 3706 3298 et

2144 3345 2374 3388 mortem
2419 3343 2472 3388 et
2523 3345 2806 3403 peccatum
2865 3335 3263 3404 transivimus,
3323 3347 3381 3392 et
3435 3336 3712 3394 diabolica:

2144 3424 2386 3480 avaritia:
2419 3425 2607 3496 jugum
2635 3427 3002 3496 deposuimus.

2649 3561 2701 3617 9.
2737 3561 2820 3616 Ex
2853 3563 3033 3616 eodem
3068 3562 3222 3618 libro.

2763 3713 3097 3754 THEODORUS.

2215 3833 2384 3887 Nemo
2413 3834 2642 3900 artiﬁcio
2676 3835 3141 3902 interrogationum
3177 3837 3504 3904 decipiatur.
3544 3839 3710 3909 Flagi-

2141 3926 2334 3980 tiosum
2375 3926 2515 3978 enim
2553 3935 2659 3989 est,
2711 3926 2966 3992 deponere
3011 3928 3220 3996 quidem
3266 3937 3475 3982 tantum
3525 3931 3708 3984 testium

2142 4018 2359 4084 nubem,
2403 4019 2687 4070 secundum
2721 4018 2861 4088 quod
2908 4019 3186 4086 Apostolus
3232 4020 3374 4072 dixit
3421 4021 3505 4086 “,
3545 4023 3712 4076 astatis

2141 4116 2313 4158 autem
2374 4107 2884 4176 interrogationibus
2963 4109 3235 4176 deceptos,
3303 4110 3711 4164 aduersariorum

2140 4199 2276 4265 parti
2306 4198 2574 4268 conjungi.
2613 4200 2744 4263 Qum
2774 4216 2890 4254 vero
2917 4211 3057 4264 sunt,
3086 4218 3201 4270 qum
3239 4219 3361 4254 cum
3413 4215 3530 4257 arte
3572 4206 3712 4256 inter-

2141 4289 2363 4356 rogant?
2403 4287 2648 4344 llominis
2693 4291 2922 4359 genitrix
2963 4291 3160 4356 Maria,
3205 4310 3273 4344 an
3325 4293 3426 4346 Dei
3456 4292 3712 4362 genitrix.’

2065 4376 2230 4466 Ι)-Ει,
2263 4381 2351 4449 qui
2384 4381 2665 4449 cruciﬁxus
2694 4393 2803 4446 est,
2833 4393 3010 4436 utrum
3058 4383 3198 4437 Deus
3221 4423 3235 4446 ,
3285 4401 3352 4437 an
3387 4387 3592 4440 homo?
3622 4384 3712 4437 Sed

2138 4469 2359 4521 istorum
2400 4471 2605 4539 quidem
2641 4482 2784 4525 certa
2830 4483 2905 4526 est
2954 4473 3210 4526 absolutio
3249 4484 3300 4527 et
3345 4491 3414 4527 ex
3467 4477 3552 4529 liis
3610 4489 3711 4541 qua-

2134 4561 2478 4628 prazdiscimus
2537 4563 2594 4615 in
2645 4567 2941 4632 responsis,
2996 4582 3113 4634 qua:
3158 4568 3227 4618 ad
3281 4567 3711 4637 interrogationes

2137 4651 2350 4721 fuerunt
2382 4668 2400 4706 :
2431 4661 2603 4708 tamen
2632 4671 2748 4708 vero
2773 4656 3005 4720 dicatur,
3040 4666 3087 4709 et
3110 4656 3223 4724 jam
3252 4674 3412 4722 nunc,
3438 4671 3561 4728 qum
3586 4673 3712 4710 com—

2134 4745 2378 4811 pendiose
2429 4747 2739 4813 respondere
2781 4757 3016 4813 oportet,
3077 4757 3133 4800 ut
3180 4749 3330 4801 nulla
3388 4753 3465 4802 eis
3522 4749 3709 4803 occasio

2135 4836 2348 4889 astutiw
2376 4836 2721 4907 relinquatur.
2748 4838 2879 4892 Cum
2911 4839 3073 4908 igitur
3105 4841 3459 4911 interrogant,
3478 4840 3708 4895 Hominis

2133 4928 2382 4994 genitrix,
2411 4945 2480 4982 an
2505 4928 2602 4982 Dei
2625 4930 2853 4999 genitrix
2879 4940 2952 4983 est
2983 4929 3159 4984 Maria
3187 4932 3209 4968 7
3232 4933 3454 4984 dicatur
3483 4951 3514 4986 α
3551 4934 3704 4988 nobis.

2135 5015 2368 5086 Utraque
2398 5034 2417 5071 :
2465 5034 2627 5071 unum
2679 5021 2886 5088 quidem
2945 5030 3137 5073 natura
3180 5023 3272 5085 rei,
3322 5021 3552 5075 alterum
3602 5035 3706 5074 sero

2133 5111 2407 5164 relatione.
2464 5110 2709 5165 Hominis
2754 5114 2890 5167 enim
2939 5114 3174 5184 genitrix
3219 5123 3297 5167 est
3347 5116 3701 5169 naturaliter.

2132 5200 2378 5266 quoniam
2409 5200 2562 5254 homo
2588 5213 2702 5255 erat
2735 5203 2792 5256 in
2824 5212 2971 5256 utero
2998 5203 3215 5266 Marica,
3243 5205 3335 5274 qui
3360 5217 3410 5259 et
3441 5208 3566 5259 inde
3593 5219 3697 5270 pro-

2131 5287 2284 5341 cessit
2317 5303 2336 5341 :
2365 5287 2464 5342 Dei
2508 5301 2680 5344 autem
2729 5293 2986 5360 genitrix,
3026 5294 3279 5361 quoniam
3313 5293 3460 5347 Deus
3507 5303 3620 5347 erat
3656 5294 3700 5343 in

2131 5381 2340 5435 homine
2393 5391 2550 5448 nato,
2605 5400 2707 5438 non
2752 5388 2806 5438 in
2853 5402 2912 5440 eo
2965 5386 3390 5458 circumscriptus
3429 5389 3697 5442 secundum

2273 5558 2316 5589 ³⁸
2341 5557 2536 5613 Ezech.
2567 5575 2679 5624 xw,
2716 5561 2805 5616 52.

2885 5561 2928 5596 ³⁹
2953 5561 3117 5620 llebr.
3151 5579 3270 5632 vm,
3303 5566 3352 5619 l.

2377 5628 2610 5702 ιχιιευτ,
2642 5647 2739 5699 xtl,
2778 5634 2828 5688 1.

3433 5565 3475 5599 ⁸⁸
3503 5563 3689 5632 Epties.

3853 5011 3859 5115 Ι

3853 5209 3857 5336 ⁵1

3851 5339 3855 5491 ¹

3851 5567 3853 5679 l
