3942 6128
269 256 297 314 1
315 258 411 312 {45

264 470 508 525 luntatis.
542 465 728 534 Itaque
758 473 974 532 utraque
1001 461 1211 531 quidem
1243 462 1348 514 dici
1366 461 1576 529 justum
1605 471 1704 527 est,
1739 478 1844 515 non

267 573 444 614 autem
477 560 759 610 secundum
798 553 1020 606 similem
1059 556 1332 606 rationem.
1377 553 1488 606 Nec
1534 554 1670 606 enim
1704 556 1841 608 sicut

267 655 422 704 homo
457 649 507 701 in
544 658 689 700 utero
721 657 773 699 ut
804 655 932 700 esset
961 645 1183 712 suscepit
1232 643 1465 707 initium,
1492 644 1569 696 sic
1607 653 1658 696 et
1705 644 1842 698 Deus

283 741 526 794 Verbum.
569 737 702 790 Erat
737 739 872 790 enim
901 745 1024 790 ante
1053 752 1254 788 onmem
1285 743 1603 789 creaturam.
1652 734 1842 806 Itaque

267 841 318 886 et
343 846 561 898 utraque
583 829 686 880 dici
700 829 908 896 justum
943 836 1038 890 est,
1069 835 1116 879 et
1146 833 1419 895 utrumque
1447 841 1630 880 eorum
1657 842 1842 880 secun-

269 925 394 976 dum
417 923 679 990 propriam
710 920 989 972 rationem.
1022 915 1170 971 Idem
1208 929 1382 972 autem
1427 919 1842 986 respondendum

269 1017 406 1069 estsi
459 1017 804 1082 interrogant,
849 1010 986 1065 Deus
1041 1011 1322 1076 cruciﬁxus
1377 1020 1473 1074 est,
1523 1027 1592 1064 an
1643 1011 1841 1065 homo?

269 1106 410 1176 quod
439 1113 658 1174 utraque
683 1102 916 1171 quidem,
949 1118 1052 1154 non
1085 1111 1254 1154 autem
1283 1103 1567 1154 secundant
1623 1102 1839 1156 similem

271 1199 545 1252 rationem.
583 1195 721 1248 Nam
757 1196 839 1247 llic
878 1195 1082 1266 quidem
1123 1193 1406 1259 cruci/imus
1448 1201 1546 1255 est,
1584 1201 1758 1259 utpote
1790 1202 1836 1245 et

267 1291 564 1360 passionem
593 1289 896 1354 suscipiens,
929 1297 976 1341 et
1011 1287 1148 1355 ligno
1185 1286 1391 1355 affixus,
1430 1293 1481 1337 et
1525 1285 1590 1337 ab
1633 1283 1838 1338 Judwis

267 1382 509 1434 detentus
536 1397 554 1434 :
589 1381 677 1432 ille
701 1389 899 1444 autem,
939 1377 1076 1449 quod
1114 1387 1224 1432 erat
1254 1391 1374 1430 cum
1411 1376 1521 1445 ipso
1549 1377 1836 1431 secundum

263 1470 576 1542 prcedictam
603 1484 838 1522 causam.

912 1595 1028 1637 CYBI
1037 1595 1189 1635 LLUS.

1465 249 1892 307 FRAGMENTA
1931 247 2351 308 DOGMATICA.

254 392 538 448 naturam,
571 375 661 429 sed
687 373 824 444 quod
861 373 914 426 iu
945 386 1004 425 eo
1033 379 1110 424 est
1143 370 1426 425 secundum
1462 371 1710 440 aﬁ'ectum
1757 387 1848 426 υο-
1877 376 1926 432 Α

3384 247 3524 304 14ιό

2590 383 2871 425 (ζῑκιιωε.

2014 501 2281 554 Insaniam
2317 499 2476 568 igitur
2502 514 2626 556 esse
2663 500 2831 564 dicis.
2859 498 2998 555 velle
3032 513 3224 570 sapere
3252 509 3432 568 recte,
3463 511 3520 558 et

1946 594 1996 648 in
2031 604 2212 647 mente
2244 593 2442 648 habere
2470 606 2652 645 veram
2686 600 2742 646 et
2774 601 2972 646 rectam
3005 601 3060 646 et
3095 591 3515 650 inadulteratam

1946 683 2146 736 tidem?
2181 699 2303 737 cum
2355 693 2502 737 certe
2550 683 2738 751 plenos
2787 698 3068 738 sermones
3109 683 3338 738 insaniae
3374 687 3520 740 dicat

1941 771 2138 840 aliquis
2171 787 2312 836 esse,
2361 781 2417 826 et
2453 771 2614 827 valde
2654 773 2867 836 merito,
2898 787 2992 828 eos
3033 773 3123 841 qui
3173 773 3512 844 unigenitum

1944 861 2039 916 Dei
2069 861 2304 916 Verbum
2348 862 2616 934 abnegant
2666 863 3032 918 introductum
3083 880 3204 920 esse
3249 880 3278 920 a
3324 866 3433 921 Deo
3463 877 3522 922 et

1941 953 2102 1010 Patre
2128 955 2179 1009 in
2212 953 2396 1010 orbem
2434 966 2700 1011 terrarum
2728 969 2851 1009 cum
2879 954 3052 1010 factus
3078 969 3162 1012 est
3195 957 3396 1014 homo?
3417 959 3520 1026 Qui

1939 1047 2085 1101 enim
2162 1047 2454 1101 secundum
2537 1055 2782 1101 naturam
2858 1055 2912 1101 et
2976 1047 3335 1104 diﬂ'erentiam
3400 1049 3520 1104 aliis

1937 1138 2190 1192 omnibus
2241 1138 2487 1205 superior
2533 1147 2648 1205 est,
2699 1139 2950 1208 quoniam
3003 1147 3087 1194 est
3143 1149 3358 1195 creator
3425 1155 3520 1196 eo-

1939 1246 2094 1296 rum,
2139 1239 2194 1284 et
2240 1239 2446 1284 tantum
2491 1231 2574 1286 eis
2618 1231 3046 1286 substantialiter
3090 1235 3340 1303 superior
3399 1243 3516 1302 est,

1941 1322 2311 1391 superpositus
2381 1331 2513 1386 est,
2579 1333 2844 1392 quantum
2909 1330 2994 1376 est
3066 1323 3243 1378 minor
3309 1323 3518 1380 factura

1941 1412 2170 1478 factore,
2217 1413 2494 1482 ingressus
2533 1421 2618 1467 est
2661 1413 2714 1466 in
2755 1411 2944 1466 orbem
2992 1423 3262 1467 terrarum
3304 1415 3520 1483 quando

1942 1504 2241 1572 appellatus
2282 1512 2364 1560 est
2393 1519 2519 1574 pars
2545 1504 2684 1574 ejus,
2713 1505 3008 1560 secundum
3046 1507 3193 1576 quod
3225 1507 3386 1564 homo
3416 1521 3518 1578 ap-

1939 1595 2139 1662 paruit.

335 1690 562 1759 Insuper
601 1702 778 1747 autem
809 1692 894 1748 his
927 1693 1091 1747 infert
1128 1693 1310 1748 statim
1339 1693 1661 1761 procedens,
1696 1688 1838 1760 (ιυοά
1873 1703 1916 1761 Β
2015 1707 2084 1762 Et
2119 1715 2234 1777 ροδι
2288 1725 2479 1778 pauca.
2539 1708 2706 1765 Miror
2767 1726 2892 1766 vero
2950 1710 3322 1766 adversarium
3379 1711 3518 1768 seri.

259 1784 560 1840 cruciﬁxus
592 1786 752 1838 homo
786 1793 906 1838 erat
957 1784 1161 1838 liabens
1201 1784 1366 1839 Deum
1417 1778 1833 1838 inbabitantem.

339 1875 538 1931 Iterum
575 1875 786 1946 Cyritli.
815 1876 954 1942 Quid
983 1872 1140 1942 dicis;
1185 1891 1218 1930 ο
1249 1877 1422 1940 fortis,
1479 1875 1572 1930 Dei
1605 1873 1838 1945 genitrix

263 1976 382 2022 erat
413 1979 602 2021 sancta
635 1967 816 2036 Virgo,
853 1968 992 2036 quod
1033 1979 1162 2022 nato
1191 1981 1255 2020 ex
1297 1967 1412 2038 ipsa
1453 1968 1594 2022 Deus
1639 1967 1836 2030 inerat,

265 2059 518 2112 habitans
579 2061 876 2114 secundum
960 2059 1132 2114 solum
1199 2059 1449 2114 aliectum
1502 2055 1840 2113 voluntatis?

268 2147 432 2204 Istam
463 2165 583 2204 esse
627 2150 863 2205 afﬁrmas
909 2149 1210 2204 unitatem?
1240 2151 1377 2218 Ergo
1419 2165 1540 2204 cum
1587 2149 1748 2202 etiam
1785 2148 1838 2201 in

268 2243 426 2296 nobis
455 2242 580 2310 ipsis
607 2243 940 2295 mansionem
998 2239 1160 2295 faciat
1209 2241 1348 2294 Deus
1391 2239 1658 2294 exsistens
1704 2237 1838 2292 Ver-

264 2330 394 2386 bum
427 2332 712 2404 (inhabitat
739 2334 883 2387 enim
909 2332 1193 2384 animabus
1241 2339 1552 2384 sanctorum
1584 2344 1680 2398 per
1713 2343 1840 2382 san-

265 2436 414 2483 etum
462 2423 766 2494 Spiritum),
814 2423 1198 2478 contitearisne
1266 2421 1558 2474 secundum
1607 2419 1837 2473 similem

265 2519 488 2572 modum
509 2517 668 2570 etiam
699 2531 796 2570 nos
817 2515 966 2584 ipsos
1001 2513 1066 2567 ad
1103 2514 1278 2583 ipsum
1311 2512 1510 2566 habere
1539 2511 1840 2564 unitatem?

266 2607 370 2665 Ubi
400 2609 565 2676 igitur
595 2607 910 2662 miraculum
957 2605 1200 2676 mysterii
1233 2605 1433 2658 Christi
1481 2604 1708 2668 aspiciat
1741 2603 1838 2657 ali-

266 2700 434 2770 quis?
467 2698 597 2752 Nam
647 2698 1082 2766 quandoquidem
1121 2696 1362 2749 creditur
1401 2695 1694 2748 secundum
1741 2709 1840 2748 nos

267 2793 434 2847 homo
465 2791 579 2845 ﬁeri
612 2790 752 2844 Deus
783 2788 1041 2853 Verbum,
1074 2785 1324 2842 mirabile
1359 2795 1442 2838 est
1483 2800 1612 2839 vere
1641 2793 1842 2854 myste-

267 2884 432 2948 rium,
467 2891 522 2935 et
549 2881 776 2934 miretur
806 2882 992 2948 utique
1015 2877 1211 2946 aliquis
1249 2878 1348 2931 hoc
1380 2877 1574 2928 merito
1599 2885 1652 2928 et
1677 2876 1840 2930 vehe-

266 2982 498 3028 menter.
535 2971 590 3024 Si
636 2980 815 3024 autem
858 2972 908 3024 in
937 2971 1156 3024 homine
1208 2968 1453 3022 habitare
1494 2968 1708 3021 dicatur
1753 2982 1840 3022 se-

264 3067 502 3119 cundum
531 3063 780 3116 aﬂ‘ectum
814 3063 1126 3126 voluntatis,
1175 3061 1335 3114 aliam
1369 3060 1531 3114 habet
1575 3060 1838 3113 rationem

268 3167 363 3206 res
409 3151 845 3219 dispensationis.
907 3150 1202 3206 Meruimus
1251 3150 1425 3213 enim,
1481 3150 1622 3203 sicut
1673 3149 1838 3212 dixit,

269 3242 534 3311 ejusmodi
583 3245 829 3312 gratiam,
896 3243 986 3312 qui
1038 3243 1160 3306 tide,
1219 3257 1340 3311 qua:
1398 3241 1451 3294 in
1512 3242 1684 3307 ipsum
1736 3249 1838 3305 est,

269 3333 659 3402 Splendninms.
694 3333 809 3387 Non
851 3335 993 3388 enim
1025 3334 1219 3400 aliquis
1264 3333 1450 3402 utique
1493 3331 1658 3396 dicat,
1700 3332 1841 3400 quod

271 3439 384 3478 non
423 3424 722 3478 voluntarie
753 3427 894 3478 inest
924 3423 1079 3477 nobis
1107 3439 1122 3476 :
1167 3423 1338 3491 magis
1369 3436 1496 3475 vero
1538 3423 1842 3476 voluntarie

271 3515 390 3570 sive
418 3517 708 3570 secundum
742 3517 1072 3569 voluntatem
1113 3514 1334 3568 insitam
1375 3513 1422 3566 ei
1467 3512 1534 3566 ad
1581 3528 1680 3567 nos
1713 3511 1841 3566 alre-

271 3616 418 3662 ctum
449 3606 674 3661 fecerat.
711 3607 816 3660 Sed
856 3622 954 3660 nec
988 3621 1019 3659 a
1051 3621 1214 3660 carne
1242 3613 1443 3659 sanctae
1473 3604 1710 3673 Virginis
1747 3605 1842 3658 ini-

271 3697 408 3751 tium
440 3701 686 3752 essentize
717 3699 972 3752 habuisse
1002 3697 1232 3752 dicimus
1263 3695 1430 3750 Deum
1460 3695 1718 3761 Verbum,
1748 3694 1842 3762 qui

270 3790 748 3845 consubstantialis
779 3801 861 3844 est
891 3791 1038 3844 Patri
1074 3807 1086 3842 :
1121 3799 1240 3843 erat
1283 3789 1426 3843 enim
1477 3802 1689 3856 semper
1736 3801 1839 3840 una

269 3897 392 3938 cum
425 3899 488 3937 eo
521 3885 824 3938 subsistens
855 3902 869 3938 :
905 3884 1074 3952 magis
1104 3892 1283 3936 autem
1315 3879 1516 3935 scimus
1547 3879 1841 3934 secundum

271 3987 373 4029 nos
418 3973 618 4028 factum
666 3989 786 4030 esse
828 3974 1123 4028 hominem.
1172 3974 1352 4040 Itaque
1401 3979 1509 4024 tam
1551 3969 1694 4036 juste
1744 3966 1842 4022 Dei

270 4066 505 4135 genitrix
535 4065 748 4118 dicatur
781 4081 809 4118 a
847 4066 1000 4118 nobis
1029 4073 1216 4119 sancta
1259 4060 1444 4131 Virgo,
1471 4075 1631 4126 quam
1664 4059 1840 4112 homi-

271 4157 357 4211 nis
387 4158 640 4225 genitrix,
671 4172 792 4212 cum
823 4166 972 4212 certe
1003 4157 1296 4212 secundum
1324 4167 1545 4210 carnem
1572 4149 1840 4206 Christum

269 4248 591 4317 peperisset.

1942 1799 2136 1868 psisse,
2167 1801 2308 1869 quod
2338 1815 2613 1868 nunquam
2639 1801 3070 1869 conjunctionem
3096 1805 3160 1859 ad
3187 1805 3354 1859 Deum
3377 1803 3518 1860 Ver-

1943 1889 2065 1944 bum
2095 1891 2379 1945 Ineruisset
2401 1900 2453 1944 et
2479 1890 2657 1956 Jesus,
2678 1893 2779 1946 nisi
2799 1894 2948 1963 prius
2971 1894 3343 1950 immaculatus
3375 1905 3520 1950 esset

1939 1978 2172 2036 ell‘eetus.
2193 1994 2291 2048 per
2347 1985 2678 2034 unctionem.
2711 1981 2844 2036 Nam
2887 1985 3102 2052 quidem
3135 1985 3369 2052 primum
3401 1985 3515 2040 dis-

1935 2071 2112 2140 jungit
2131 2070 2414 2125 manifeste
2427 2081 2480 2126 et
2495 2073 2776 2138 discernit,
2793 2083 2974 2142 aperte
2997 2076 3130 2130 duos
3143 2075 3328 2130 dicens
3351 2075 3512 2131 ﬁlios.

1943 2163 2145 2217 Deinde
2173 2163 2334 2225 dicat,
2368 2164 2586 2230 quando
2611 2165 2752 2216 sient
2781 2166 2856 2218 ait
2887 2167 3262 2220 immaculatus
3291 2166 3518 2222 eﬂectus

1940 2261 2044 2316 est,
2095 2261 2148 2306 et
2193 2253 2258 2306 ad
2310 2252 2474 2307 Deum
2513 2252 2750 2307 Verbum
2801 2254 3232 2324 conjunctionem
3285 2257 3512 2323 meruit,

1941 2352 2121 2396 utrum
2155 2359 2220 2397 ex
2251 2343 2367 2412 ipso
2398 2354 2574 2407 utero,
2601 2353 2690 2396 aut
2718 2358 2840 2398 cum
2875 2346 3148 2399 tricesimo
3178 2361 3320 2400 anno
3349 2357 3515 2405 esset.

1942 2435 2194 2490 Pervenit
2223 2435 2438 2503 quidem
2475 2435 2540 2489 ad
2571 2434 2886 2502 .lordanem,
2917 2437 3164 2504 quaesivit
3196 2452 3325 2492 vero
3352 2439 3516 2493 etiam

1940 2523 2163 2578 Joannis
2193 2525 2521 2592 baptismum
2554 2525 2620 2578 ".
2655 2523 2709 2578 Si
2745 2525 2960 2595 quidem
2991 2543 3056 2582 ex
3098 2540 3253 2584 utero
3298 2539 3518 2586 sanctus

1941 2624 2106 2682 esset,
2159 2617 2430 2684 quomodo
2475 2617 2604 2669 dicit
2644 2627 2891 2670 sanctum
2923 2617 3058 2672 efﬁci
3107 2633 3258 2684 eum,
3311 2630 3364 2674 et
3407 2636 3517 2676 non
3577 2666 3584 2672 .

1942 2708 2113 2778 magis
2149 2709 2306 2762 esse?
2347 2708 2498 2774 Quod
2538 2709 2682 2762 enim
2726 2709 2926 2763 dicitur
2973 2711 3116 2776 lieri,
3160 2713 3382 2766 omnino
3423 2727 3518 2766 ne-

1940 2814 2095 2852 cesse
2135 2808 2220 2854 est
2265 2800 2565 2868 intelligere
2608 2803 2750 2866 quod
2799 2817 2904 2855 non
2955 2811 3073 2856 erat
3119 2804 3260 2872 quod
3315 2802 3515 2859 factum

1943 2901 2045 2943 est.
2081 2889 2176 2943 Sin
2206 2900 2384 2944 autem
2417 2899 2536 2943 erat
2577 2898 2795 2944 sanctus
2827 2905 3057 2959 semper,
3103 2903 3156 2944 et
3189 2893 3290 2946 hoc
3321 2907 3424 2946 non
3463 2891 3517 2946 in

1946 2993 2185 3051 tempore
2214 2981 2389 3036 factus
2419 2989 2526 3048 est,
2573 2983 2842 3050 quomodo
2880 2983 3009 3036 dicit
3053 2982 3311 3052 Spiritum
3355 2997 3518 3052 super

1945 3089 2065 3127 eum
2098 3073 2396 3137 devolasse,
2425 3083 2478 3128 et
2520 3073 2905 3140 conjunctione
2953 3073 3172 3142 (lignum
3210 3075 3382 3142 ipsum
3425 3077 3521 3128 de-

1945 3174 2302 3228 monstrasse,
2348 3172 2403 3218 et
2447 3165 2719 3219 addidisse
2759 3165 2808 3218 ei
2856 3165 2998 3233 quod
3041 3165 3266 3219 deerat?
3309 3166 3374 3219 Et
3418 3167 3519 3222 hoc

1943 3257 2086 3308 enim
2123 3257 2176 3308 in
2230 3257 2350 3310 aliis
2388 3258 2502 3312 suis
2553 3257 2731 3326 posuit
2773 3256 2950 3331 libris.
2997 3256 3135 3322 Quid
3179 3259 3322 3311 enim
3362 3267 3516 3323 erat,

1943 3349 2089 3416 quod
2117 3348 2336 3402 omnino
2367 3350 2429 3402 ad
2475 3349 2957 3404 sanetitieationem
2989 3350 3174 3404 deerat
3215 3350 3261 3403 ei
3305 3365 3368 3403 ex
3402 3351 3519 3417 ipso

1945 3449 2120 3498 utero.
2151 3439 2322 3506 magis
2352 3451 2481 3491 vero
2506 3449 2560 3492 et
2590 3449 2714 3492 ante
2745 3440 3039 3494 secundum
3071 3454 3288 3494 carnem
3321 3441 3518 3494 nativi-

1947 3535 2108 3580 tatem
2141 3537 2327 3580 sancto
2368 3536 2422 3580 et
2455 3529 2828 3594 irmnacnlato,
2864 3539 2916 3582 et
2959 3531 3315 3584 sanctiﬁeauti
3365 3546 3518 3586 crea-

1944 3617 2169 3672 turam?
2199 3615 2333 3670 Cum
2366 3617 2534 3686 igitur
2563 3619 2727 3684 dicat,
2763 3622 2908 3687 quod
2939 3635 3044 3672 non
3077 3621 3261 3686 utique
3290 3623 3518 3678 meruis-

1943 3719 2024 3762 set
2074 3708 2232 3764 Jesus
2280 3709 2720 3778 conjunctionetn
2771 3713 2837 3765 ad
2885 3711 3051 3765 Deum
3097 3711 3362 3778 Verbum,
3412 3715 3522 3770 nisi.

1941 3800 2092 3869 prius
2138 3800 2514 3854 immaculatus
2563 3799 2788 3856 eﬂ‘ectus
2832 3811 3004 3868 esset,
3049 3802 3306 3872 plurimas
3355 3803 3518 3858 simul

1943 3891 2318 3945 accusationes
2361 3893 2619 3946 adversus
2661 3893 2988 3950 sua.scribit
3023 3893 3348 3962 vaniloquia.
3381 3895 3516 3950 Nam

1946 3983 2176 4050 primum
2207 3983 2421 4050 quidem
2455 3983 2767 4038 indecenter
2797 3983 2952 4050 dicit,
2987 3985 3252 4040 meruisse
3283 4005 3296 4040 :
3325 3986 3518 4042 deinde

1944 4071 2203 4141 disjungit
2240 4071 2292 4124 in
2324 4071 2565 4126 alterum
2597 4073 2886 4141 separatim
2919 4071 3137 4139 Filium,
3181 4076 3273 4144 qui
3319 4091 3386 4130 ex
3429 4090 3519 4132 se-

1944 4163 2090 4215 mine
2119 4171 2200 4215 est
2231 4161 2416 4227 David,
2455 4178 2612 4231 quem
2647 4163 2820 4232 ipsum
2869 4164 3040 4218 solum
3091 4166 3378 4232 separatim
3422 4165 3516 4222 Je-

1945 4265 2066 4306 sum
2099 4253 2380 4306 nominare
2411 4252 2748 4322 impudenter
2777 4255 3076 4309 contendit.
3121 4249 3200 4309 Ad
3232 4257 3366 4322 bzec,
3410 4257 3514 4312 im-

343 4338 410 4392 Et
438 4351 549 4409 post
585 4340 714 4395 alia.
759 4340 892 4394 Cum
930 4339 1074 4394 enim
1124 4339 1190 4393 ad
1243 4338 1678 4406 explanationem
1736 4338 1918 4410 hocn
1951 4345 2278 4398 maculatum
2331 4343 2467 4398 eﬂici
2517 4360 2638 4398 eum
2697 4346 2897 4410 dicere,
2953 4356 3206 4415 tanquam
3256 4346 3359 4400 hoc
3412 4348 3514 4401 ali-

270 4433 610 4502 prepositum
635 4442 738 4497 est,
769 4433 910 4501 quod
941 4445 1025 4487 est
1055 4447 1070 4486 :
1109 4451 1128 4484 ε
1161 4431 1292 4486 Cum
1323 4432 1612 4486 introducit
1635 4431 1840 4500 primo-

269 4525 511 4592 genitum
555 4525 604 4578 in
635 4527 818 4578 orbem
850 4536 1133 4588 terrarum,
1167 4525 1296 4579 dicit
1328 4543 1340 4579 ε
1375 4525 1438 4578 Ει
1463 4525 1688 4579 adorent
1716 4538 1840 4580 eum

271 4613 508 4670 universi
533 4615 706 4686 angeli
739 4615 832 4670 Dei
867 4616 930 4683 ⁸⁵,
973 4635 992 4670 s
1028 4616 1214 4672 scribit
1245 4619 1434 4672 iterum
1466 4618 1544 4674 sic
1578 4634 1593 4672 :

829 4751 917 4804 10.
960 4766 1289 4806 'rueooonus.

341 4861 477 4930 Quis
505 4875 579 4917 est
609 4864 770 4934 igitur
802 4863 891 4933 qui
933 4864 986 4916 in
1016 4865 1186 4918 orbem
1237 4876 1498 4920 terrarum
1545 4866 1842 4920 introduci-

267 4964 378 5018 tur,
407 4965 452 5008 et
481 4955 887 5009 dominationem
921 4956 1036 5024 ejus
1069 4957 1248 5022 incipit
1301 4955 1462 5027 [forte
1505 4955 1739 5029 accipit],
1775 4956 1840 5010 de

263 5061 372 5116 qua
401 5045 449 5098 ei
499 5055 548 5099 et
582 5045 792 5098 adorari
832 5046 896 5098 ab
942 5049 1139 5116 angelis
1183 5049 1518 5115 acquiritur?
1559 5046 1670 5102 Nec
1704 5049 1843 5102 enim

266 5137 537 5190 insaniens
585 5139 781 5206 aliquis
825 5138 964 5191 dicat
1007 5138 1174 5192 Deum
1239 5139 1464 5192 Verbum
1506 5157 1614 5194 esse
1671 5143 1843 5194 intro-

269 5231 510 5294 ductum,
563 5231 653 5300 qui
711 5230 889 5283 omnia
944 5246 1046 5284 non
1095 5232 1356 5286 exstantia
1393 5231 1535 5300 fecit,
1585 5233 1841 5302 ine/fabili

265 5316 385 5386 ejus
423 5319 616 5372 virtute
647 5319 848 5373 donans
875 5320 948 5372 eis
976 5328 1031 5372 ut
1066 5330 1253 5374 essent.

347 5469 394 5504 ⁸⁸
416 5470 582 5527 Hebr.
611 5486 648 5535 t,
691 5472 747 5538 6,
823 5471 870 5504 ’⁵⁸
887 5471 1072 5528 Matth.
1115 5490 1172 5538 ll,
1203 5475 1346 5530 1-17.

1945 4439 2160 4506 quando
2212 4451 2318 4490 non
2377 4437 2686 4500 habentem,
2746 4437 3028 4506 plurimam
3090 4438 3191 4494 hoc
3246 4439 3406 4493 habet
3459 4450 3517 4495 et

1943 4529 2352 4597 blasphemiam.
2387 4529 2584 4584 Unitus
2631 4530 2772 4584 enim
2819 4531 2959 4585 Deus
3003 4530 3236 4584 Verbum
3288 4547 3352 4585 ex
3401 4531 3516 4600 ipso

1948 4629 2100 4676 utero
2128 4622 2278 4676 carni
2311 4637 2441 4686 sum,
2475 4637 2612 4676 unus
2653 4631 2790 4687 erat,
2833 4629 2888 4678 et
2929 4623 3008 4676 sic
3044 4632 3098 4676 et
3139 4622 3517 4679 immaculatus

1947 4707 2148 4776 Filius,
2183 4709 2418 4765 Sanctus
2446 4713 2788 4779 jsanctorum,
2836 4720 2890 4765 et
2939 4711 3004 4764 de
3046 4725 3144 4764 sua
3183 4710 3520 4780 plenitudine

1953 4797 2209 4866 Spiritum
2268 4801 2402 4854 dans
2451 4815 2556 4854 non
2605 4800 2776 4854 solum
2825 4800 3166 4867 hominibus,
3214 4801 3308 4856 sed
3352 4801 3517 4857 etiam

1950 4905 2184 4957 sursum,
2214 4901 2269 4946 et
2301 4892 2355 4946 in
2380 4891 2520 4948 coelo
2564 4892 2978 4947 rationabilibus
3015 4892 3322 4949 virtutibus.

2455 5047 2544 5102 11.
2577 5046 2647 5100 Et
2675 5057 2791 5118 post
2817 5065 3005 5118 pauca.

2570 5192 2898 5232 TIIEODORUS.

2021 5322 2098 5395 (l)
2136 5341 2154 5375 ι
2192 5323 2483 5380 Multil'arie
2507 5327 2797 5396 multisque
2825 5327 3010 5400 modis
3037 5325 3165 5383 olim
3192 5325 3342 5384 Deus
3368 5327 3522 5388 locu-

347 5629 425 5701 (1)
458 5627 602 5684 Citat
629 5629 774 5685 hunc
804 5628 975 5688 locum
1003 5631 1258 5690 Leontius
1290 5632 1325 5689 l.
1361 5648 1444 5700 tu,
1481 5634 1620 5704 apud
1649 5633 1828 5690 Canis.
1873 5643 1910 5690 ι.
1947 5634 2012 5694 ιγ
2035 5637 2212 5709 Antiq.
2243 5635 2362 5694 lect.
2396 5651 2451 5708 p.
2494 5636 2582 5696 95.
2613 5637 2792 5696 ﬂauo.
