3942 6128
387 264 524 321 Hd?

1329 257 1385 312 S.
1429 256 1701 313 CYRIIJJ
1741 251 2215 308 ALEXANDRINI
2261 248 2578 305 ARCHIEP.

3520 241 3664 298 11ιό

388 392 474 434 ius
503 376 748 448 patribus
780 376 831 430 in
864 375 1160 446 prophetis,
1194 374 1248 428 in
1305 374 1614 430 novissimis
1653 371 1842 427 diebus
1884 372 1969 426 his
1999 381 2045 434 Α
2076 367 2344 423 Theodori
2380 367 2554 435 sequi,
2587 378 2693 419 non
2724 361 3116 418 absolutionem
3164 359 3214 415 ei
3251 359 3667 415 accusatiomim

390 472 598 523 locutus
623 476 714 524 est
741 467 896 522 nobis
927 469 976 520 in
1023 466 1160 520 Filio
1190 466 1256 530 ⁸⁷,
1291 485 1309 516 ι
1346 465 1451 519 Per
1492 463 1690 517 Filium
1725 465 1863 517 enim
1891 464 1970 515 lo-

387 567 538 612 cutus
565 566 641 612 est
679 557 825 611 nobis
852 571 870 608 :
907 568 1105 610 certum
1131 567 1207 609 est
1245 571 1380 619 vero,
1413 555 1552 624 quod
1594 555 1656 608 de
1700 564 1968 621 assumpto

387 651 616 702 homine.
662 667 680 700 ι
725 648 824 702 Cui
885 649 1028 701 enim
1080 648 1216 702 dixit
1261 647 1553 716 aliquando
1603 646 1965 715 angelorum:

390 738 559 792 Filius
591 752 742 791 meus
771 753 828 791 es
862 747 936 802 tu,
961 752 1058 807 ego
1093 737 1252 792 hodie
1284 739 1442 808 genui
1479 749 1526 792 te
1555 736 1641 788 ‘3?
1678 756 1697 788 ι
1746 735 1986 800 Nullum,

390 831 537 891 dicit,
596 831 903 897 participem
955 830 1077 897 fecit
1134 830 1410 898 dignitatis
1468 827 1615 881 Filii.
1670 826 1784 880 Hoc
1827 828 1966 880 enim

388 919 527 987 quod
555 919 712 986 dixit,
747 922 903 989 genui
933 929 986 975 te
1007 961 1020 983 ,
1053 921 1206 988 quasi
1239 937 1331 989 per
1377 921 1474 973 hoc
1515 919 1966 989 participationem

389 1009 664 1078 ﬁliationis
695 1011 878 1064 dedit:
909 1015 1119 1066 omnino
1163 1029 1280 1065 vero
1325 1022 1501 1081 aperte
1533 1010 1733 1064 nul/am
1771 1010 1967 1063 habens

391 1101 460 1155 ad
492 1101 659 1156 Deum
708 1101 930 1156 Verbum
967 1105 1416 1169 communionem,
1451 1113 1662 1172 apparet
1708 1103 1804 1156 hoc
1831 1103 1970 1173 quod

392 1192 588 1246 dictum
620 1203 716 1246 est.

1039 1303 1316 1344 CYRILLUS.

461 1376 624 1433 Certe
658 1390 711 1433 et.
756 1380 808 1433 in
852 1379 1291 1445 allocutionibus,
1324 1397 1459 1449 quas
1507 1381 1635 1437 fecit
1679 1383 1744 1435 ad
1789 1383 1967 1450 bapti-

392 1471 612 1538 candos,
651 1472 846 1525 iterum
895 1472 1034 1526 dixit
1081 1474 1219 1527 idem
1267 1473 1636 1530 Theodorus:
1685 1473 1800 1528 Hoc
1851 1490 1970 1528 vero

393 1578 496 1616 non
527 1578 592 1615 ea:
618 1563 762 1616 nobis
785 1565 911 1632 ipsis
945 1565 1235 1618 invenimus
1267 1567 1642 1630 testimonium,
1677 1568 1768 1620 sed
1791 1583 1856 1619 ex
1889 1567 1971 1618 di-

393 1651 510 1704 vina
560 1651 731 1704 edocti
775 1668 956 1706 sunms
1008 1651 1318 1719 Scriptura,
1379 1657 1628 1723 quoniant
1691 1667 1736 1708 et
1791 1657 1967 1709 beatus

2073 460 2237 526 facit;
2294 461 2463 529 magis
2517 473 2645 513 vero
2703 458 3045 526 grandiorem
3104 455 3368 510 adversus
3427 467 3550 508 eum
3610 455 3667 509 in

2075 551 2477 604 damnationem
2525 548 2667 620 Hor.
2717 543 3267 616 condemnationem]
3320 547 3668 614 operabitur.

2071 640 2207 694 Dum
2239 642 2380 694 enim
2419 639 2609 694 liceret
2639 638 2687 694 ei
2726 650 3037 693 sanctorum
3083 637 3303 690 Patrum
3355 637 3522 690 rectis
3550 651 3673 691 ver-

2071 730 2154 785 bis
2201 741 2254 785 et
2296 730 2659 784 immaculatis
2702 731 2768 784 de
2812 730 3016 784 deitate
3065 727 3408 783 sermonibus
3459 727 3668 795 potiri,

2072 825 2430 892 praeposuisse
2465 822 2801 892 dignoscitur
2837 821 3052 876 veritati
3097 820 3456 874 mendacium.
3507 820 3666 874 Prte-

2072 917 2308 972 termisit
2333 916 2477 972 enim
2509 932 2629 986 qua:
2663 916 2878 971 illorum
2908 925 3075 982 sunt;
3127 915 3294 984 magis
3325 929 3461 968 vero
3493 912 3665 984 elegit

2074 1010 2318 1079 turpibus
2349 1011 2659 1076 adhaerere,
2705 1017 2759 1062 et
2803 1018 2910 1062 tam
2944 1009 3188 1062 distortis
3223 1008 3504 1062 Imtiiicare
3534 1022 3659 1062 ser-

2072 1102 2346 1156 monibus.
2373 1102 2527 1156 Ilunc
2561 1117 2686 1156 vero
2713 1103 2805 1170 qui
2833 1101 2992 1155 talem
3028 1102 3192 1154 habet
3235 1100 3573 1154 voluntatem
3606 1110 3662 1152 et

2071 1192 2424 1257 dementiam,
2459 1193 2512 1246 in
2547 1194 2649 1247 hoc
2681 1193 2968 1247 desiluisse
3019 1193 3260 1262 inculpet
3303 1192 3529 1262 aliquis,
3566 1209 3662 1246 ar-

2071 1285 2246 1338 bitror
2272 1295 2325 1338 et
2353 1283 2504 1336 valde
2546 1285 2761 1338 merito.
2807 1285 3105 1354 Oportebat
3145 1285 3288 1338 enim
3339 1285 3656 1338 memoriam

2074 1378 2274 1431 habere
2315 1378 2642 1432 sanctissimi
2685 1376 2869 1443 Pauli,
2914 1378 3072 1447 plane
3115 1377 3409 1432 scribentis
3450 1379 3605 1431 nobis
3639 1395 3654 1429 :

2078 1488 2097 1519 ι
2139 1468 2326 1523 Estote
2378 1470 2672 1538 prudentes
2723 1467 3069 1521 nnnnnularii
3113 1485 3128 1522 :
3177 1470 3358 1522 omnia
3401 1467 3656 1536 probate,

2072 1561 2214 1626 quod
2247 1559 2448 1613 bonmn
2482 1567 2562 1612 est
2603 1566 2777 1611 tenete
2808 1575 2822 1612 :
2857 1557 2925 1611 ab
2961 1557 3108 1610 omni
3133 1557 3316 1624 specie
3365 1556 3504 1608 mala
3538 1557 3659 1608 abs-

2077 1651 2246 1707 tinete
2296 1667 2394 1706 vos
2427 1651 2494 1704 ³⁸.
2536 1669 2554 1702 ›
2595 1651 2746 1716 Quod
2778 1659 2832 1704 et
2869 1665 3032 1717 agere
3073 1650 3254 1717 soliti,
3289 1665 3388 1704 nos
3429 1658 3483 1704 et
3526 1650 3660 1704 solio

392 1741 596 1798 Paulus
627 1745 701 1799 ita
732 1746 902 1798 dicit:
956 1763 973 1796 ι
1019 1746 1094 1799 Et
1130 1717 1337 1813 quibus
1379 1717 1630 1802 Christus
1671 1749 1968 1801 secundum
2002 1717 2047 1775 Β
2077 1743 2266 1797 dormn
2312 1745 2629 1811 prohatores
2663 1743 2867 1796 imitari
2915 1742 3273 1807 festinantes,
3314 1742 3399 1796 illa
3438 1743 3658 1810 quidem

392 1850 638 1901 carnem,
669 1836 760 1904 qui
795 1845 878 1889 est
922 1851 1087 1904 super
1130 1838 1311 1889 omnia
1363 1837 1504 1891 Deus
1536 1837 1602 1902 ιθ,
1641 1857 1660 1889 ›
1699 1857 1800 1893 non
1835 1840 1974 1907 quod

391 1943 456 1980 ea:
489 1927 695 1980 Judazis
723 1937 770 1979 et
801 1927 1086 1980 secundant
1119 1944 1328 1980 carnem
1358 1941 1454 1994 est,
1487 1931 1575 1997 qui
1618 1945 1772 1996 super
1796 1932 1972 1983 omnia

397 2020 531 2073 Deus
561 2032 674 2083 est;
704 2021 792 2074 sed
827 2021 926 2072 Itoc
965 2022 1177 2090 quidem
1220 2021 1288 2074 ad
1328 2021 1738 2090 signiﬁcandam
1781 2023 1971 2075 Imma-

393 2127 514 2164 nam
542 2123 787 2164 naturam
829 2111 990 2177 dixit,
1026 2128 1184 2180 quant
1214 2113 1278 2163 ab
1313 2110 1609 2165 Israelitico
1645 2128 1830 2181 genere
1863 2129 1972 2166 esse

391 2201 606 2266 sciebat,
640 2201 773 2254 illud
810 2212 983 2254 autem
1017 2201 1086 2253 ad
1134 2203 1507 2256 ostendendam
1549 2204 1778 2257 divinant
1815 2213 1973 2258 natu-

392 2309 536 2355 ram,
588 2309 742 2363 quam
776 2308 936 2361 supra
1006 2295 1182 2346 omnia
1229 2303 1277 2346 et
1326 2295 1566 2348 omnibus
1615 2296 1969 2350 dominantem

390 2383 586 2437 sciebat
619 2400 636 2439 :
673 2403 691 2436 ι
719 2383 762 2440 Ο
784 2386 953 2451 surdi,
987 2387 1188 2452 audite,
1219 2397 1297 2452 et,
1328 2389 1478 2451 caici,
1513 2387 1691 2442 videte
1715 2389 1785 2454 ⁵ο,
1826 2407 1844 2439 ι
1882 2404 1974 2444 ac-

394 2475 649 2530 claniavit
681 2477 874 2546 aliquis
907 2487 1217 2532 sanctorum
1249 2483 1330 2534 eis
1371 2480 1460 2549 qui
1490 2479 1708 2534 fuerunt
1749 2488 1815 2536 ex
1846 2497 1974 2535 san-

393 2567 554 2636 guine
584 2567 766 2624 lsrael.
804 2569 915 2638 Ego
946 2579 1126 2624 autem
1175 2571 1435 2636 arbitror,
1469 2583 1522 2627 ct
1569 2573 1719 2626 valde
1759 2573 1971 2636 merito,

393 2659 496 2712 hoc
525 2671 704 2727 aptum
735 2676 856 2716 esse
890 2676 993 2715 non
1029 2662 1371 2727 habentibus,
1399 2664 1483 2718 vel
1516 2680 1620 2718 non
1665 2664 1973 2721 volentibus

393 2761 542 2805 recte
575 2752 874 2822 intelligere
906 2754 1110 2809 Christi
1141 2757 1481 2825 mysterium.
1509 2753 1644 2809 Nam
1677 2756 1976 2810 obcaecavit

393 2847 608 2916 quidem
648 2847 787 2902 Deus
819 2848 1002 2902 saeculi
1040 2848 1197 2902 istius
1248 2849 1635 2918 intelligendas
1674 2849 1972 2904 infidelium

395 2948 450 2993 et
480 2939 814 3009 intelligibile
851 2940 902 2993 in
950 2950 1130 2994 mente
1181 2950 1235 2994 ct
1276 2939 1327 2993 in
1375 2940 1539 2994 corde
1571 2955 1677 2994 non
1710 2940 1974 2995 habentes

393 3032 587 3086 merito
627 3041 949 3086 erraverunt
982 3033 1050 3086 “.
1089 3032 1144 3086 Si
1179 3046 1306 3087 vero
1345 3032 1566 3101 quidam
1604 3035 1731 3086 sun't
1777 3032 1976 3086 illumi-
2003 3064 2044 3119 α

393 3123 530 3186 nati,
562 3123 733 3193 magis
757 3139 884 3177 vero
913 3125 1080 3178 etiam
1113 3125 1426 3179 doctoribus
1458 3125 1856 3188 connumerati,
1881 3126 1973 3193 qui

392 3213 661 3267 similibus
694 3216 898 3270 morbis
930 3216 1112 3269 nescio
1143 3217 1415 3284 quomodo
1438 3217 1642 3270 detenti
1674 3227 1821 3284 sunt,
1848 3218 1975 3285 quid

392 3304 538 3356 aliud
587 3304 667 3357 eis
717 3305 916 3373 aliquis
957 3307 1236 3372 acclamet,
1269 3321 1430 3374 quam
1478 3307 1580 3361 hoc
1621 3310 1760 3375 quod
1805 3323 1834 3359 a
1867 3307 1975 3362 Deo

393 3397 598 3450 dictum
656 3405 740 3449 est
797 3411 892 3464 per
941 3413 1108 3450 unum
1163 3407 1474 3452 sanctorum
1532 3400 1970 3468 prolilietarum:

397 3507 416 3540 ι
456 3487 608 3553 Quod
641 3488 868 3556 laqueus
911 3487 1038 3542 lacti
1085 3489 1215 3543 estis
1253 3489 1483 3559 specula:
1533 3492 1584 3545 in
1634 3491 1972 3559 visitatione,

393 3589 447 3634 et
475 3579 615 3633 sicut
663 3580 796 3632 retia
842 3589 1069 3634 extensa
1101 3581 1152 3634 in
1183 3583 1497 3646 statumine,
1531 3598 1692 3652 quam
1740 3585 1830 3654 qui
1883 3602 1974 3639 ve-

391 3682 614 3736 nantur,
641 3662 984 3725 conﬁxerunt
1009 3673 1098 3726 In?
1134 3691 1152 3725 ι
1191 3672 1291 3739 Qui
1325 3675 1466 3727 enim
1516 3676 1972 3746 quatnplurimam
2009 3669 2014 3673 ’

392 3760 680 3814 utilitatem
727 3761 986 3831 subjectis
1020 3764 1192 3829 magis
1238 3765 1418 3818 facere
1461 3766 1680 3832 debent,
1729 3767 1815 3822 isti
1863 3766 1975 3822 fue-

393 3860 518 3906 runt
545 3861 600 3905 et
629 3851 872 3920 laqueus,
903 3863 959 3906 et
991 3865 1122 3918 rete,
1156 3863 1209 3908 et
1242 3855 1486 3909 scandali
1521 3858 1761 3923 occasio,
1797 3869 1850 3913 et
1881 3875 1974 3926 pc-

393 3953 608 3996 taurmn
641 3944 859 3998 inferni.
895 3945 963 3999 Et
994 3945 1094 4000 ista
1142 3946 1261 4001 dico
1307 3947 1537 4002 miratus
1581 3951 1769 4012 valde,
1807 3959 1862 4005 et
1892 3952 1971 4004 vi-

390 4030 520 4086 dere
551 4047 655 4085 non
687 4042 878 4102 potens
907 4034 972 4087 ad
1011 4035 1138 4104 quid
1175 4036 1395 4106 respicit
1442 4037 1670 4092 intentio
1718 4040 1974 4093 adversa-

390 4121 479 4176 rii.
511 4118 646 4174 Nam
681 4122 963 4178 confessus
992 4135 1076 4178 est
1101 4125 1318 4193 quidem
1359 4128 1658 4196 evidenter,
1688 4132 1829 4199 quod
1879 4147 1973 4201 per

393 4211 588 4267 Filium
621 4213 831 4268 locutus
861 4225 947 4269 est
984 4216 1138 4270 nobis
1167 4217 1309 4274 Deus
1337 4230 1392 4274 et
1438 4219 1600 4274 Pater
1633 4240 1645 4275 :
1686 4237 1806 4277 esse
1844 4238 1972 4277 vero

391 4303 554 4358 istum
588 4304 720 4358 dicit
763 4317 1102 4376 assumptum
1153 4310 1448 4378 hominem,
1486 4313 1689 4367 nullam
1742 4315 1973 4370 habente

2076 1851 2194 1905 qua:
2223 1842 2352 1890 sunt
2387 1836 2564 1905 turpia
2603 1845 2658 1890 et
2693 1836 2922 1904 reproba
2973 1835 3224 1904 dogmata
3269 1835 3657 1904 reprobamus,

2075 1928 2401 1998 suscipimus
2441 1943 2572 1982 vero
2613 1936 2668 1982 et
2710 1927 2864 1982 valde
2911 1927 3146 1982 libenter
3179 1928 3355 1981 omnia
3398 1943 3520 1996 quae
3568 1943 3661 1982 re-

2078 2019 2364 2088 splendent
2387 2019 2533 2074 clara
2566 2019 2814 2074 veritatis
2848 2019 3266 2088 pulchritudine.
3293 2019 3485 2072 lterum
3521 2034 3658 2073 vero

2079 2109 2236 2164 nobis
2277 2111 2412 2165 ratio
2446 2121 2796 2166 convertetur
2831 2113 2896 2166 ad
2927 2114 3211 2166 decentem
3242 2112 3288 2166 ei
3320 2120 3372 2165 et
3401 2113 3658 2180 proposi-

2077 2212 2184 2256 tam
2217 2203 2382 2258 viam.
2415 2202 2617 2274 Scripti
2652 2214 2778 2258 sunt
2811 2205 2976 2274 igitur
3006 2220 3036 2258 a
3065 2207 3208 2258 bono
3246 2204 3527 2258 Theodoro
3559 2204 3658 2258 ad-

2074 2307 2266 2347 versus
2302 2294 2552 2348 haeresim
2598 2294 2926 2350 Arianorum
2973 2305 3029 2349 et
3070 2296 3530 2351 Eunomianorum
3579 2297 3661 2350 vi-

2077 2387 2214 2454 ginti
2257 2401 2394 2456 pene
2447 2401 2672 2441 numero
2715 2388 2797 2441 vel
2850 2388 3139 2456 ampliores
3194 2387 3351 2452 libri,
3402 2404 3502 2443 nec
3553 2405 3658 2444 non

2077 2478 2241 2530 etiam
2272 2478 2388 2542 alii,
2421 2477 2845 2546 interpretantes
2870 2479 3213 2549 evangelicos
3243 2489 3300 2534 et
3330 2481 3657 2548 apostolicos

2077 2569 2283 2625 libros:
2321 2584 2457 2638 quos
2495 2570 2714 2639 quidem
2759 2571 2976 2626 labores
3025 2571 3192 2626 nollet
3233 2573 3435 2642 aliquis
3479 2575 3658 2629 iocre-

2077 2675 2224 2729 pare,
2260 2661 2433 2730 magis
2481 2670 2658 2714 autem
2699 2661 2923 2715 decreto
2960 2661 3196 2716 studium
3245 2663 3569 2728 honoraret,
3613 2665 3658 2720 si

2078 2753 2278 2806 inesset
2325 2753 2404 2806 eis
2450 2751 2756 2821 dogmatum
2809 2753 3098 2808 rectitude.
3147 2753 3204 2807 Si
3258 2770 3392 2808 vero
3439 2757 3652 2824 quidam

2077 2854 2227 2899 extra
2267 2845 2596 2899 destinatum
2629 2845 2890 2909 ambulet,
2927 2854 2982 2900 et
3022 2857 3226 2899 rectam
3264 2848 3414 2904 viam
3453 2848 3654 2903 verita-

2080 2938 2149 2991 tis
2181 2937 2514 3008 relinquens,
2552 2955 2646 3009 per
2680 2939 2927 2994 semitam
2969 2948 3056 2992 eat
3094 2939 3420 3005 distortam,
3451 2940 3648 3011 simpli-

2078 3031 2394 3100 ciorumque
2423 3031 2586 3086 corda
2615 3032 2895 3098 vulneret,
2937 3032 3368 3087 adulteratorum
3414 3035 3488 3086 eis
3524 3033 3645 3101 inji-

2079 3121 2229 3176 ciens
2275 3123 2643 3177 intellccluum
2689 3125 2934 3190 semina,
2975 3132 3104 3178 tunc
3148 3127 3489 3193 requiescere
3545 3141 3648 3180 non

2078 3215 2195 3268 sine
2223 3215 2418 3268 damno
2449 3217 2553 3270 erit
2585 3216 2664 3269 eis
2699 3217 2791 3285 qui
2829 3218 3040 3287 papulis
3072 3219 3403 3288 praesident,
3444 3234 3650 3272 merce-

2077 3307 2198 3360 dem
2233 3322 2360 3360 vero
2394 3308 2672 3360 habebunt
2721 3318 2776 3362 et
2820 3308 3071 3374 lucrum,
3113 3312 3158 3364 si
3200 3313 3468 3366 resistant.
3507 3311 3649 3378 Ergo

2077 3400 2331 3466 quoniam
2367 3399 2417 3451 in
2449 3399 2533 3454 his
2579 3399 2732 3454 libris
2771 3402 2886 3455 sive
2935 3404 3222 3457 memorati
3269 3405 3369 3460 viri
3415 3405 3650 3458 conscri-

2077 3491 2185 3559 ptis
2207 3506 2327 3559 qua:
2351 3492 2510 3545 modo
2540 3492 2965 3562 nominavimus,
3001 3496 3218 3550 inventa
3251 3507 3379 3550 sunt
3415 3498 3650 3566 qna‘dam

2078 3581 2279 3635 ultima:
2313 3582 2608 3652 impietatis
2639 3584 2816 3652 plena,
2844 3588 3116 3654 quomodo
3159 3597 3279 3641 erat
3316 3603 3652 3656 consequens

2077 3671 2215 3726 velle
2246 3672 2467 3726 tacere?
2499 3673 2700 3728 Dividit
2731 3677 2874 3729 enim
2924 3665 3254 3732 individuum
3301 3679 3572 3734 Christum
3603 3688 3655 3734 et

2077 3779 2174 3831 pro
2203 3779 2309 3817 uno
2340 3764 2480 3818 Filio
2525 3767 2838 3821 dualitatem
2876 3768 3007 3821 colit
3048 3785 3075 3821 a
3122 3769 3357 3824 veritate
3399 3772 3655 3826 exciden-

2077 3865 2216 3922 tem,
2273 3863 2327 3910 et
2379 3858 2536 3926 quasi
2593 3859 2746 3912 l'alsis
2794 3861 3104 3917 nominibus
3158 3862 3480 3918 coloratam.
3524 3863 3654 3917 Nam

2075 3947 2243 4002 Deum
2279 3949 2540 4016 Verbum,
2573 3952 2663 4020 qui
2698 3968 2762 4006 ex
2801 3953 2911 4006 Deo
2938 3955 3098 4009 Patre
3121 3965 3226 4019 est,
3257 3958 3535 4012 hominem
3565 3973 3658 4012 vo—

2075 4040 2185 4093 cari
2223 4040 2376 4103 dicit,
2412 4056 2519 4095 non
2552 4051 2728 4098 tamen
2757 4053 2812 4098 et
2838 4045 2941 4098 hoc
2973 4045 3172 4100 factum
3206 4061 3330 4103 esse
3361 4050 3655 4103 secundum

2077 4133 2395 4200 veritatem;
2445 4135 2722 4190 hominem
2763 4151 2891 4190 vero
2919 4153 3042 4191 eum
3087 4139 3179 4210 qui
3225 4156 3291 4193 ex
3338 4140 3510 4196 Maria
3541 4152 3654 4206 est,

2075 4227 2213 4279 sicut
2253 4226 2404 4292 dicit,
2439 4243 2597 4297 quem
2643 4239 2698 4284 et
2732 4245 2952 4285 carnem
2995 4241 3173 4287 astute
3211 4233 3368 4288 nobis
3414 4236 3660 4289 nominat

2076 4316 2126 4369 in
2159 4316 2341 4370 multis
2371 4316 2502 4371 locis
2538 4318 2706 4373 Demn
2757 4321 2973 4388 quidem
3015 4321 3147 4376 dicit
3192 4331 3246 4376 et
3290 4322 3490 4378 Filium
3529 4324 3658 4386 Dei,

392 4395 504 4450 Deo
536 4395 710 4451 Verbo
741 4398 808 4452 ad
841 4398 944 4452 hoc
971 4399 1174 4453 dictum
1207 4404 1666 4460 communionem.
1692 4405 1972 4471 Quomodo
2007 4407 2053 4462 Π
2083 4422 2186 4462 non
2214 4417 2398 4462 autem
2429 4409 2530 4464 hoc
2553 4425 2675 4466 esse
2709 4412 3003 4468 secundum
3035 4415 3344 4469 veritatem.

393 4485 558 4554 igitur
594 4500 698 4540 non
731 4488 988 4541 omnibus
1021 4488 1308 4544 manifesta
1341 4501 1424 4545 est
1462 4495 1723 4548 adversus
1753 4496 1968 4550 beatum

390 4575 618 4631 Paulum
651 4576 944 4647 calumnia,
986 4580 1162 4649 magis
1185 4597 1313 4636 vero
1345 4575 1516 4652 ipsius
1540 4586 1786 4641 veritatis
1809 4602 1969 4642 accu-

394 4668 570 4722 satio?
621 4683 723 4724 nec
777 4670 922 4724 enim
971 4673 1050 4726 sic
1099 4673 1367 4730 intellexit
1416 4676 1678 4747 Spiritum
1721 4691 1969 4734 sanctum

397 4759 602 4813 habens
644 4760 956 4829 Apostolus.
985 4763 1182 4818 lterum
1229 4780 1358 4821 vero
1403 4768 1613 4822 derivat
1659 4771 1969 4841 doginatum

336 4902 338 4905 ,
397 4850 776 4905 rectitudinem
813 4853 881 4907 ad
910 4870 1064 4910 suam
1095 4857 1420 4926 placentiam
1457 4861 1821 4919 adversarius.

397 4960 479 5018 12.
499 4958 585 5016 Ea:
611 4961 840 5042 secundo
867 4962 1226 5042 libroACyrilli
1255 4971 1479 5038 episcopi
1517 4973 1872 5042 Alexandrite,
1905 4978 1968 5032 de

471 5048 533 5087 eo
555 5034 693 5103 quod
723 5049 858 5087 unus
887 5043 964 5087 est
997 5034 1261 5103 Christus,
1284 5034 1474 5094 contra
1517 5034 1867 5100 Theodorum.

464 5147 616 5216 Quod
657 5157 836 5204 tamen
884 5148 1056 5204 voluit
1110 5151 1309 5220 impius
1375 5153 1660 5211 Nestorius
1714 5159 1967 5228 dogmata

461 5301 691 5375 f’ilebr.
731 5323 768 5372 I,
803 5309 853 5369 1,
884 5308 938 5362 2.
1050 5308 1094 5340 ⁸⁸
1117 5306 1248 5360 ibid.
1282 5307 1335 5361 5.
1441 5308 1484 5340 ”
1513 5300 1676 5365 Rom.
1737 5327 1812 5375 Ix,
1876 5315 1930 5368 5.

395 5369 488 5426 ⁸³1
519 5371 710 5432 Thess.
748 5369 798 5445 v,
830 5380 921 5446 21,
948 5379 1041 5432 22.
1115 5377 1374 5432 “Matth.
1407 5395 1567 5446 χχιιι,
1599 5382 1690 5437 10.

467 5515 544 5591 (1)
580 5515 780 5591 [terum
811 5534 876 5573 ex
905 5519 1229 5573 Bibliotheca
1257 5520 1410 5583 Maii,
1449 5530 1487 5574 ι.
1518 5520 1592 5586 ll,
1625 5537 1675 5591 p.
1707 5522 1830 5576 455.

470 5588 547 5656 (2)
588 5587 726 5654 Ergo
752 5603 816 5640 ex
848 5591 1016 5642 tribus
1044 5591 1149 5642 illis
1176 5592 1346 5649 libris.
1381 5606 1515 5657 quos
1542 5587 1754 5644 vet—ures
1783 5595 1968 5646 dicunt

400 5668 432 5708 a
461 5657 660 5726 (Lyrillo
690 5662 914 5724 scriptos
948 5669 1132 5713 contra
1189 5658 1475 5715 Diodorum
1511 5677 1572 5715 ac
1599 5662 1964 5729 Theodorum,

2032 5317 2205 5374 "Isa.
2271 5337 2402 5388 xui,
2455 5322 2542 5376 18.

2075 4543 2439 4617 i5._$anctus
2485 4545 2715 4616 Cyrillus
2753 4549 2829 4617 Η)
2869 4550 2924 4603 in
2967 4554 3194 4605 secum/0
3233 4552 3370 4608 libro
3411 4554 3658 4607 adierat:

2150 4614 2496 4694 Theodorum,
2520 4614 2828 4694 ‘quiincipit
2859 4635 2877 4672 :
2913 4639 2932 4672 ι
2973 4619 3024 4674 li
3054 4625 3142 4692 qui
3171 4640 3382 4677 sacrum
3413 4641 3545 4694 puro
3574 4631 3656 4678 in-

2145 4686 2380 4739 tellectus
2411 4687 2561 4741 oculo
2593 4686 2790 4742 librum
2819 4695 3042 4746 scrutati
3065 4686 3194 4747 sunt
3227 4695 3328 4765 (2).
3365 4713 3384 4746 ι

2149 4801 2437 4871 Diseipulis
2461 4803 2642 4858 aiebat
2669 4821 2682 4856 :
2723 4821 2742 4855 ι
2781 4803 3061 4860 Neminem
3087 4808 3141 4862 in
3169 4818 3310 4862 terra
3338 4811 3656 4878 magistrum

2076 4893 2387 4961 appelletis;
2418 4910 2556 4950 unus
2582 4905 2665 4951 est
2689 4899 2830 4952 enim
2860 4898 3050 4952 doctor
3076 4910 3253 4954 vester
3272 4901 3606 4958 Christus“.
3631 4922 3650 4956 ι

2077 4983 2214 5036 Dum
2250 4984 2322 5038 ita
2357 4987 2628 5053 apostolos
2663 4988 3005 5055 hortabatur,
3038 4990 3179 5043 haud
3213 5001 3368 5045 certe
3399 4993 3654 5048 deitatem

2079 5089 2108 5128 a
2132 5075 2329 5130 visibili
2354 5092 2580 5148 corpore
2603 5081 2922 5149 separabat;
2951 5097 3122 5150 neque
3151 5083 3264 5151 ipse
3287 5081 3544 5139 Christus
3571 5099 3654 5138 se-

2080 5175 2188 5219 met
2219 5167 2286 5220 ab
2317 5167 2497 5222 anima
2529 5179 2581 5224 et
2612 5185 2774 5225 carne
2805 5171 3035 5226 divisum
3065 5175 3374 5241 reputabat.
3408 5174 3502 5230 Sic
3531 5189 3655 5246 ergo

2661 5324 2702 5356 '“
2728 5323 2768 5378 ll
2793 5326 2922 5382 Cor.
2955 5342 3031 5392 IV,
3063 5327 3116 5383 4.
3232 5329 3441 5388 "Osee
3497 5349 3546 5398 ν,
3601 5333 3648 5388 1.

2074 5529 2282 5610 primus
2304 5547 2512 5610 Ieapse
2553 5544 2740 5588 contra
2789 5533 3078 5610 Diodorum
3127 5546 3277 5610 erat,
3312 5539 3423 5610 duo
3463 5539 3651 5610 reliqui

2073 5609 2261 5654 contra
2304 5599 2672 5672 Theodorum,
2716 5613 2772 5660 ut
2809 5620 2876 5661 ex
2919 5605 3162 5675 ipsorum
3202 5599 3375 5665 initiis
3416 5599 3644 5667 conatit.
