3942 6128
270 263 302 319 Ι
318 261 421 321 αθ

1485 250 1904 310 FRAGMENTA
1939 247 2352 306 DOGMATICA.

3391 253 3535 312 “50

269 391 407 432 cum
435 374 578 429 Deus
605 381 750 428 esset
775 378 830 428 et
857 371 1039 436 homo,
1071 383 1268 440 nempe
1299 367 1495 425 visibili
1527 371 1698 427 forma
1731 361 1850 427 ser-
1878 375 1926 433 Α
1952 377 2038 427 cta
2077 377 2180 424 est.
2221 369 2314 425 Sic
2351 365 2605 423 Dominus
2639 367 2766 423 dum
2811 369 2865 422 in
2893 367 3130 440 Virginis
3163 379 3318 426 utero
3354 383 3530 438 esset,

271 481 404 531 vus,
441 463 790 520 intellectuali
823 462 1013 517 notitia
1051 460 1333 524 Dominus,
1369 460 1589 516 deitatis
1621 461 1855 517 excelsi-

275 565 450 612 tatem
481 556 580 611 sub
609 554 796 609 humili
827 551 1184 608 humanitatis
1213 565 1376 605 sensu
1407 550 1618 606 celabat
1647 571 1662 606 :
1695 551 1857 607 vicis-

275 650 495 716 simque
540 644 768 700 visibilis
818 643 1065 712 corporis
1112 640 1511 707 humilitatem,
1558 640 1857 697 divinitatis

277 740 521 796 emcacia
546 736 861 795 extollebat.

577 834 798 906 ﬂuuius
835 850 1198 906 CESARIENSIS
1236 867 1563 907 ADNOTATlO.

357 983 533 1038 Locus
576 981 974 1049 suprascriptus
1020 997 1048 1033 a
1102 981 1308 1049 Cyrillo
1355 976 1542 1049 contra
1589 978 1856 1049 Theodori

282 1054 591 1110 doctrinam
627 1047 951 1119 productus,
989 1047 1264 1105 auctorem
1304 1050 1464 1104 habet
1497 1047 1854 1117 Theophilum

279 1123 706 1178 Alexandrinum
738 1121 1070 1186 episcopum.

359 1190 689 1263 Cyrillusin
735 1189 840 1263 alia
885 1188 1152 1242 sententia
1199 1187 1438 1263 ejusdem
1493 1189 1616 1263 libri
1667 1195 1857 1263 contra

283 1256 556 1316 Theodori
586 1258 920 1322 doctrinam;
954 1273 1074 1326 qua:
1102 1257 1364 1325 particula
1395 1265 1571 1311 exstat
1602 1259 1654 1311 in
1686 1256 1856 1326 prima

275 1333 518 1400 epistola
563 1331 808 1401 Gregorii
845 1332 1174 1389 Nazianzeni
1227 1334 1294 1388 ad
1341 1333 1687 1390 Cledonlum.
1716 1332 1861 1388 Inci-

275 1405 364 1470 pit
398 1403 752 1473 fragmentum
785 1416 803 1454 :
837 1404 914 1458 Ne
952 1405 1196 1458 homines
1248 1405 1338 1458 isti
1393 1404 1530 1457 alios
1566 1402 1862 1473 decipiant.

281 1473 546 1526 Desinit:
583 1472 752 1528 Totus
803 1475 965 1528 homo
1018 1474 1070 1526 in
1123 1485 1408 1544 peccatum
1455 1475 1644 1541 lapsus
1695 1472 1862 1536 relin-

274 1551 465 1610 gatur.

567 1641 654 1696 14.
696 1641 842 1694 Idem
875 1639 1104 1710 Cyrillus
1136 1642 1191 1694 in
1221 1643 1400 1695 eodem
1430 1643 1586 1698 libro.

1963 466 2124 527 atque
2155 457 2222 512 ad
2251 456 2396 512 illius
2425 455 2781 512 substantiam
2817 457 2995 512 adhuc
3024 457 3297 524 attineret,
3323 461 3532 515 honore

1962 547 2084 603 Filii
2105 548 2346 602 carebat.
2367 545 2502 600 Cum
2525 554 2705 602 autem
2729 546 3100 603 conformatus
3121 555 3224 613 est,
3249 550 3534 616 templum-

1963 649 2069 706 que
2101 635 2196 689 Dei
2219 635 2380 690 Verbi
2412 632 2637 689 el‘l'ectus
2670 642 2887 702 recepto
2922 632 3242 702 Unigenito,
3275 635 3534 689 honorem

1963 726 2195 780 nominis
2224 725 2446 795 adeptus
2476 735 2602 790 est;
2621 738 2691 781 ex
2721 739 2830 794 quo
2860 724 2935 779 illi
2967 725 3138 794 gloria
3172 725 3404 780 accessit
3435 724 3533 796 (l).

2091 838 2176 892 18.
2218 837 2366 892 Idem
2398 836 2629 907 Cyrillus
2660 846 2854 891 contra
2884 837 3104 890 Diodori
3129 838 3406 907 scriptum.

2033 967 2482 1026 Pracclarissime!
2520 969 2642 1032 Aio,
2666 969 2830 1024 verba
2855 983 2974 1038 quae
3008 983 3167 1024 nemo
3203 969 3406 1036 docuit,
3438 971 3532 1024 sed

1965 1060 2004 1114 a'
2023 1069 2073 1116 te
2102 1059 2312 1130 publice
2340 1060 2781 1129 pronuntiantur,
2809 1059 3143 1126 gravissimis
3169 1060 3421 1114 sordibus
3448 1060 3532 1112 in-

1963 1149 2196 1220 quinari.
2227 1150 2422 1204 Sancta
2456 1148 2543 1202 illa
2575 1163 2727 1213 caro,
2760 1162 2880 1217 qua:
2909 1147 3089 1202 Mariae
3117 1149 3240 1213 fuit,
3269 1149 3379 1216 jam
3409 1149 3534 1204 inde

1963 1253 1992 1292 a
2020 1239 2194 1307 primo
2220 1250 2510 1306 conceptus
2537 1248 2836 1306 momento,
2863 1240 2976 1294 sive
3006 1241 3058 1293 in
3087 1248 3238 1294 utero
3265 1241 3535 1294 exsisten-

1962 1331 2073 1394 tia),
2111 1337 2293 1385 sancta
2337 1331 2458 1397 fuit,
2501 1340 2687 1400 utpote
2728 1328 2933 1384 Christi
2981 1345 3174 1400 corpus
3212 1348 3226 1384 :
3266 1345 3534 1398 nemoque

1963 1419 2042 1474 vel
2072 1427 2287 1477 tenuem
2319 1422 2564 1476 concedit
2592 1421 2853 1490 temporis
2883 1419 3049 1475 fuisse
3079 1421 3363 1474 articulum
3383 1461 3398 1486 ,
3427 1435 3534 1488 quo

1963 1511 2050 1566 illa
2078 1512 2380 1567 communis
2409 1513 2728 1580 cmterisque
2761 1511 3015 1565 carnibus
3042 1509 3236 1565 similis
3266 1509 3448 1576 fuerit,
3481 1517 3540 1560 ut

1963 1615 1992 1655 a
2021 1609 2072 1656 te
2101 1603 2301 1658 dictum
2330 1611 2444 1669 est,
2477 1613 2531 1658 et
2561 1617 2665 1658 non
2695 1603 2873 1671 potius
2897 1600 3057 1656 Verbi
3090 1615 3235 1656 caro.

368 1768 386 1801 ι
433 1749 565 1804 Cum
598 1749 917 1819 Unigenitus
949 1765 1005 1804 se
1037 1751 1434 1816 incarnaverit,
1468 1752 1559 1821 qui
1588 1752 1696 1805 vita
1727 1766 1852 1807 sua-
1884 1726 1931 1784 Β
1959 1737 2038 1792 ΕΣ
2070 1735 2267 1790 SEVERI
2295 1737 2625 1821 ΑΝτιρειξιξΝμ
2652 1751 2910 1821 ᾕνοιοῦιλ
2940 1751 3038 1791 PRO
3065 1750 3234 1821 035388
3261 1751 3358 1821 $110
3387 1752 3528 1801 QUOD

283 1851 381 1910 pte
411 1851 601 1894 natura
633 1847 736 1903 est,
770 1855 1017 1907 regressa
1047 1850 1132 1895 est
1159 1842 1227 1896 ad
1256 1841 1423 1896 vitam
1457 1852 1652 1896 natura
1679 1842 1857 1896 homi-

284 1932 396 1986 nis.
425 1930 542 1999 lpse
565 1945 696 1984 vero
724 1939 883 1997 caput
909 1931 1152 1986 omnium
1181 1939 1288 1996 est,
1317 1932 1550 2002 ideoque
1576 1932 1858 1987 viviﬁcans

287 2022 421 2077 illud
465 2022 642 2076 Patris
680 2020 912 2076 Verbum
937 2037 1157 2078 carnem
1200 2023 1301 2079 sibi
1345 2023 1621 2093 propriam
1669 2022 1861 2078 ascivit

282 2128 412 2182 quae
449 2114 502 2167 in
543 2113 734 2168 mortis
776 2113 1044 2181 mancipio
1083 2121 1224 2177 erat,
1262 2121 1321 2167 ut
1365 2114 1492 2168 dum
1531 2128 1650 2167 eam
1697 2114 1858 2168 morti

284 2204 715 2273 corruptelaeque
746 2204 1081 2272 superiorem
1109 2203 1366 2271 eﬂiceret,
1403 2204 1545 2258 idem
1579 2203 1732 2258 nobis
1761 2205 1859 2258 do-

276 2310 418 2350 num
462 2295 848 2364 impertiretur.
885 2295 1061 2364 Atque
1103 2303 1161 2348 ut
1205 2296 1258 2348 in
1305 2295 1495 2350 mortis
1534 2302 1858 2362 potestatem

281 2387 482 2441 Adami
515 2401 678 2441 causa
715 2386 1020 2452 incidimus,
1054 2387 1124 2440 ita
1161 2400 1259 2456 per
1287 2385 1564 2441 Christum
1599 2401 1629 2440 a
1666 2386 1859 2442 mortis

272 2477 495 2533 saevitia
523 2477 753 2544 liberati,
779 2477 955 2534 denuo
984 2477 1253 2532 tendimus
1278 2478 1345 2532 ad
1374 2477 1856 2532 immortalitatem.

283 2611 378 2665 15.
421 2609 570 2664 Idem
600 2610 824 2681 Cyrillus
850 2612 904 2664 in
932 2612 1084 2664 tertio
1112 2621 1292 2664 contra
1320 2609 1651 2681 Theodorum
1714 2605 1862 2681 Mup-

325 2683 540 2734 suestiw
563 2676 860 2748 episcopum
901 2681 1063 2744 libro,
1089 2683 1178 2750 qui
1204 2682 1429 2750 incipit:
1471 2701 1490 2733 ι
1521 2680 1720 2734 Nostra
1751 2676 1862 2744 for-

356 2753 498 2805 sitan
532 2751 684 2803 verba
719 2753 854 2803 dura
886 2761 1028 2806 sunt.
1068 2769 1086 2802 ι

356 2885 494 2938 Audi
529 2898 626 2938 nos
657 2885 837 2952 itaque
866 2892 1028 2954 atque
1055 2884 1316 2955 intellige,
1344 2901 1376 2941 ο
1402 2886 1585 2952 homo,
1616 2885 1861 2956 mysterii

279 2975 735 3047 profunditatem,
761 2977 902 3042 quod
929 2990 1050 3029 cum
1078 2991 1358 3032 sacrorum
1387 2978 1644 3032 librorum
1674 2980 1860 3033 ortho-

2070 1821 2405 1861 INSCBIBITUR
2434 1801 2779 1872 Pliilaletlies,
2812 1821 2862 1859 IN
2893 1821 3082 1861 CODICE
3109 1807 3246 1861 Var.
3278 1807 3406 1862 Svn.

2164 1918 2253 1974 l9.
2293 1917 2441 1973 Idem
2469 1915 2701 1987 Cyrilius
2731 1919 2981 1974 adversus
3011 1919 3325 1982 Diodorum.

2036 2051 2205 2107 Sicuti
2240 2053 2402 2108 etiam
2439 2053 2577 2106 idem
2610 2052 2878 2119 Verbum,
2917 2055 2983 2108 de
3016 2053 3194 2110 Patris
3229 2056 3528 2111 substantia

1961 2144 2226 2214 genitum,
2264 2143 2554 2197 Abrahami
2603 2157 2787 2198 semen
2834 2144 2888 2197 in
2933 2158 3099 2198 carne
3141 2146 3532 2214 apprehendit,

1963 2234 2123 2302 idque
2164 2247 2262 2302 per
2298 2233 2718 2301 dispensationis
2760 2233 3105 2303 mysterium,
3144 2234 3263 2288 sine
3303 2236 3536 2304 prepriae

1965 2323 2278 2379 substantiae
2324 2323 2668 2378 detrimento.
2716 2322 2927 2378 Etenim
2978 2339 3100 2378 cum
3151 2335 3294 2380 esset
3341 2334 3530 2380 natura

1969 2416 2138 2480 Deus,
2174 2427 2331 2469 verus
2365 2429 2581 2484 quoque
2619 2415 2855 2471 hominis
2890 2415 3062 2472 Filius
3095 2417 3277 2474 factus
3310 2428 3393 2474 est
3427 2437 3442 2473 :
3479 2431 3535 2472 et

1965 2506 2057 2576 qui
2086 2503 2254 2560 Filius
2283 2503 2430 2558 Patri
2465 2507 2572 2560 Deo
2601 2514 2706 2572 est,
2736 2521 2842 2560 non
2877 2516 2961 2562 est
2985 2508 3065 2562 illi
3097 2516 3408 2576 extraneus,
3437 2525 3534 2564 ue-

1963 2610 2067 2665 que
2095 2595 2288 2650 falsum
2315 2595 2436 2650 Filii
2465 2610 2660 2651 nomen
2691 2597 2831 2666 gerit
2858 2615 2872 2652 :
2903 2599 3103 2653 etenim
3131 2611 3320 2669 reapse
3347 2615 3412 2656 ex
3441 2600 3534 2654 illo

1963 2695 2122 2742 natus
2147 2695 2229 2742 est
2250 2687 2506 2742 ineffabili
2530 2702 2840 2758 arcanaque
2865 2690 3044 2755 modo,
3069 2706 3376 2760 quanquam
3399 2707 3534 2747 nou-

1964 2777 2066 2834 nisi
2090 2779 2144 2833 in
2166 2791 2329 2834 carne
2349 2787 2472 2848 post
2495 2780 2879 2834 adunationem
2903 2791 3282 2850 cognoscatur.
3303 2781 3382 2836 Tu
3404 2798 3534 2853 ergo

1964 2871 2090 2925 dum
2118 2870 2234 2938 ejus
2264 2871 2635 2925 tantummodo
2667 2873 3174 2927 transmutationem
3205 2873 3447 2930 admittis
3481 2877 3531 2928 in

1963 2976 2180 3016 carnem
2217 2962 2509 3016 inanimem
2547 2947 2937 3032 intellectuque
2970 2973 3276 3031 carentem,
3315 2966 3530 3020 unicum

279 3069 449 3125 doxia
474 3081 746 3136 scopoque
772 3068 1062 3121 consentit.
1090 3067 1274 3124 Deitas
1299 3083 1330 3122 a
1358 3085 1541 3135 carne,
1571 3070 1622 3124 id
1649 3079 1735 3124 est
1761 3071 1858 3124 hu-
1885 3056 1929 3116 (ἶ
1965 3053 2112 3107 illum
2154 3053 2206 3107 in
2253 3053 2388 3107 duos
2431 3051 2629 3106 ἀίνίάίδ
2676 3051 2838 3118 ﬁlios:
2881 3054 3165 3111 Veritatem
3211 3055 3350 3111 hanc
3391 3057 3534 3126 (ιυοά

280 3174 452 3217 mana
485 3168 702 3223 natura,
732 3157 908 3212 dilfert
944 3160 1242 3213 secundum
1277 3160 1555 3228 utriusque
1588 3159 1860 3228 propriam

279 3248 576 3305 rationem.
614 3248 780 3302 Secus
821 3248 1092 3317 quomodo
1132 3248 1290 3302 nobis
1330 3249 1521 3303 similis
1559 3248 1856 3314 evasisset,

282 3337 722 3408 quandoquidem
749 3338 842 3392 Dei
862 3335 1100 3393 Verbum
1128 3338 1179 3392 in
1205 3353 1302 3392 suo
1326 3353 1548 3407 prorsus
1571 3347 1712 3394 statu
1736 3354 1860 3409 per-

283 3429 524 3483 mansit?
551 3428 744 3482 Verum
787 3429 832 3482 si
873 3429 1022 3483 carni
1060 3430 1174 3498 ejus
1207 3430 1619 3498 inseparabilem
1655 3433 1860 3485 aduna-

287 3521 487 3575 tionem
520 3519 801 3584 attribuas,
829 3534 1005 3587 neque
1032 3534 1150 3574 eam
1181 3535 1275 3574 sua
1303 3529 1452 3574 veste
1482 3521 1706 3589 spolies,
1735 3522 1856 3575 uni-

287 3627 411 3665 cum
454 3619 580 3664 tunc
621 3610 817 3664 Filium
860 3612 1113 3665 adorabis
1153 3611 1299 3666 Patri
1343 3611 1858 3666 consubstantialem

285 3700 591 3766 divinitate,
617 3701 772 3755 nobis
802 3703 926 3759 item
959 3703 1469 3757 consubstantialem
1498 3703 1854 3756 humanitate.

285 3795 458 3850 Porro
483 3795 570 3861 qui
603 3794 675 3847 ita
705 3793 913 3862 upinari
941 3795 1260 3860 decernunt,
1287 3795 1365 3849 eis
1395 3795 1646 3849 Christus
1674 3795 1854 3849 lumen

285 3885 596 3956 suppeditat
625 3885 692 3939 ad
723 3885 923 3939 suimet
951 3887 1263 3956 mysterium
1292 3887 1746 3955 cognoscendum.

563 4017 650 4072 16.
690 3995 836 4072 Ideni
872 4017 1100 4088 Cyrillus
1133 4021 1185 4072 in
1219 4021 1395 4073 eodem
1425 4018 1579 4072 libro.

358 4128 603 4185 Hominis
644 4146 764 4199 quae
805 4131 859 4184 in
902 4131 1119 4186 Christo
1163 4140 1246 4187 est
1288 4140 1515 4197 natura,
1561 4131 1858 4185 honoratur

287 4238 421 4281 sane
464 4237 526 4276 ac
563 4223 962 4290 sanctiﬁcatur;
999 4235 1370 4280 verumtamen
1414 4233 1679 4293 quatenus
1717 4223 1858 4278 Deus

286 4326 389 4383 est,
427 4317 694 4386 baptismo
729 4330 837 4369 non
878 4316 1168 4384 indigebat,
1204 4330 1378 4384 neque
1413 4315 1646 4384 Spiritus
1681 4316 1854 4371 sancti

287 4408 451 4472 dono,
477 4407 908 4477 quandoquidem
936 4407 1108 4476 ipsum
1138 4407 1398 4477 Spiritum
1429 4407 1570 4462 idem
1599 4410 1782 4463 donat.

287 4543 364 4596 Ex
401 4557 621 4597 lNEDlTO
651 4539 946 4594 Pliilaletlie
982 4541 1179 4596 SEVERI
1209 4542 1545 4595 ANTIOCHI-2N]
1581 4555 1632 4594 IN
1669 4554 1854 4595 CODICE

775 4610 1004 4665 Svnmco
1039 4611 1335 4664 VATICASO.
1486 4607 1492 4616 ’

287 4720 377 4775 17.
415 4721 678 4774 Diodorus
704 4719 854 4772 Tarsi
879 4719 1150 4859 lepiscopus
1178 4718 1323 4858 infpii
1346 4717 1580 4772 Nestorii
1607 4719 1854 4788 magister

905 4802 976 4842 ita
1008 4800 1212 4856 scripsit
1248 4825 1262 4840 .

905 4802 976 4842 ita
1008 4800 1262 4856 scripsit].

356 4923 490 4978 Cum
518 4923 691 4978 adhuc
717 4921 900 4976 Mariae
925 4929 1067 4975 esset
1095 4936 1222 4975 caro
1248 4919 1359 4986 illa,
1389 4921 1610 4974 necdum
1640 4935 1854 4975 assum-

287 5023 408 5084 pta,
445 5023 654 5068 terrena
686 5023 831 5080 erat,
869 5025 1042 5081 neque
1073 5011 1339 5066 ullatenus
1370 5027 1397 5064 a
1432 5014 1640 5066 caeteris
1674 5012 1855 5065 carni-

285 5106 386 5160 bus
415 5105 694 5159 diﬂ'erebat
721 5122 736 5158 :
764 5104 856 5159 sed
886 5104 937 5157 in
969 5104 1246 5157 nativitate
1275 5105 1489 5158 demum
1522 5103 1727 5158 honore
1756 5118 1853 5156 au-

362 5285 439 5354 (l)
483 5283 639 5339 Vides
673 5292 854 5354 putam
885 5285 1128 5338 haeresim
1164 5282 1565 5346 Nestorianam,
1598 5299 1756 5351 quam
1793 5285 1844 5336 in

286 5365 548 5421 sequente
579 5354 879 5420 fragmento
908 5355 1146 5407 retundit
1176 5354 1424 5421 Cyrillus.

359 5425 435 5494 (2)
477 5423 714 5494 Intellige
755 5424 1052 5492 apologiam
1094 5432 1281 5494 contra
1325 5423 1612 5494 orientales
1649 5425 1847 5492 episco-

309 5491 403 5546 )OS.
446 5493 552 5546 Sed
595 5491 882 5546 tamen’de
926 5492 1172 5560 capitulis
1217 5506 1427 5560 quoque
1473 5491 1736 5545 Theodori
1783 5509 1846 5546 ac

309 5509 403 5546 )OS.
446 5509 552 5546 neu
595 5509 771 5546 tamen
816 5509 882 5546 ue
926 5509 1172 5560 captiuus
1217 5509 1427 5560 quoque
1481 5509 1736 5545 IllCOUOI‘l
1783 5509 1844 5546 ac

289 5509 508 5616 biodori
551 5578 578 5614 a
620 5577 676 5615 se
715 5562 959 5629 refutatis
998 5563 1232 5629 loquitur
1263 5560 1495 5628 Cyrillus
1543 5562 1592 5614 in
1618 5563 1844 5628 epistola

290 5634 357 5686 ad
385 5633 636 5687 Acacium
667 5629 1063 5687 Mclitenensem
1092 5633 1397 5698 episcopum
1431 5636 1549 5702 (ep.
1582 5630 1672 5701 40)
1703 5651 1717 5686 :
1751 5631 1844 5685 In-

608 5723 888 5786 PATROL.
927 5725 1038 5784 GR.
1070 5722 1343 5782 LXXV].

1962 3158 2101 3198 unus
2133 3143 2205 3198 sit
2233 3141 2401 3198 Filius
2431 3142 2593 3213 impie
2625 3157 2906 3212 respuens.

2020 3275 2098 3330 Ex
2130 3290 2307 3330 sanan
2340 3273 2539 3330 Seven:
2568 3277 2904 3333 Auriocusnt
2936 3291 3195 3336 λροιοςιΑ
3226 3297 3274 3335 IN
3303 3295 3479 3337 EODEM

2639 3362 2854 3403 CODICE.

2148 3457 2238 3513 20.
2282 3457 2434 3510 Idem
2467 3457 2701 3527 Cyrillua
2735 3461 2985 3516 adversus
3020 3462 3334 3521 Diodorum.

2031 3566 2184 3636 Saepe
2209 3567 2318 3634 jam
2347 3567 2601 3635 diximus,
2627 3582 2734 3637 quo
2765 3577 3005 3638 tempore
3033 3575 3391 3642 capitulorum
3419 3592 3534 3633 om-

1960 3658 2107 3712 nium
2136 3657 2435 3726 apologiam
2462 3657 2860 3726 quodammodo
2893 3660 3119 3718 fecimus
3148 3665 3248 3734 (2),
3277 3683 3382 3722 non
3410 3685 3537 3739 pro-

1958 3758 2144 3818 pterea
2182 3747 2327 3816 quod
2368 3755 2576 3802 natura:
2617 3748 2683 3801 ad
2727 3750 3110 3806 adunationem
3152 3768 3530 3825 accesserunt,

1959 3838 2164 3894 idcirco
2203 3838 2516 3893 dualitatem
2554 3839 2639 3907 (in
2675 3839 2925 3914 Christo)
2960 3857 3079 3898 esse
3115 3845 3528 3904 admittendam.

1960 3929 2170 3984 Etenim
2211 3929 2353 3983 sicut
2375 3928 2560 3994 homo,
2588 3931 2832 3999 quamvis
2867 3947 2935 3987 ex
2972 3933 3154 3987 anima
3187 3936 3436 3990 rationali
3479 3951 3533 3994 et

1960 4033 2186 4089 corpore
2222 4021 2576 4089 compositus,
2611 4035 2752 4076 unus
2787 4031 2870 4076 est
2904 4037 3078 4091 neque
3109 4025 3163 4079 in
3199 4026 3307 4082 duo
3339 4029 3532 4085 dividi-

1962 4123 2067 4177 tur,
2105 4112 2264 4181 idque
2304 4119 2472 4166 totum
2514 4110 2714 4165 dicitur
2747 4113 2946 4168 animal
2985 4115 3246 4172 rationale
3280 4133 3344 4176 ac
3383 4136 3532 4176 mor-

1960 4203 2082 4269 tale,
2109 4217 2414 4272 quanquam
2443 4217 2634 4272 reapse
2661 4215 2765 4257 una
2797 4204 2849 4258 in
2877 4215 3030 4275 parte
3059 4210 3309 4275 mortale,
3337 4211 3394 4267 in
3427 4214 3530 4268 alia

1958 4293 2248 4359 rationale;
2287 4293 2366 4347 sic
2398 4293 2562 4347 etiam
2601 4292 2945 4362 Emmanuel,
2983 4312 3106 4352 cum
3139 4300 3210 4355 sit
3246 4317 3415 4367 unus,
3451 4306 3533 4358 di-

1887 4386 1932 4440 D
1962 4383 2186 4438 viultate
2210 4392 2264 4436 et
2288 4384 2618 4439 humanitate
2639 4395 2915 4454 constans,
2939 4396 3166 4456 quarum
3191 4405 3287 4460 per
3307 4407 3364 4448 se
3387 4403 3532 4448 utra~

1964 4489 2068 4543 que
2100 4474 2337 4542 perfecta
2371 4481 2481 4539 est,
2518 4474 2658 4529 idem
2694 4476 2835 4532 Deus
2867 4487 2947 4534 est
2976 4486 3030 4533 et
3063 4481 3254 4548 homo,
3292 4485 3534 4540 mortalis

1963 4577 2017 4620 et
2043 4564 2360 4622 immortalis
2378 4609 2393 4633 ,
2423 4568 2732 4637 temporalis
2756 4579 2810 4623 et
2835 4569 2984 4639 prior
3007 4571 3259 4627 omnibus
3287 4575 3528 4644 saeculis,

1962 4655 2240 4724 palpabilis
2261 4667 2314 4710 et
2338 4657 2716 4727 impalpabilis,
2739 4660 2967 4714 visibilis
2991 4671 3044 4716 et
3066 4661 3372 4719 invisibilis.
3396 4664 3530 4720 Nam

1962 4746 2007 4800 si
2056 4745 2142 4800 ille
2187 4755 2376 4801 natura
2422 4762 2518 4802 sua
2567 4748 2905 4814 immortalis,
2949 4751 3083 4806 nihil
3133 4758 3452 4825 sumpsisset
3499 4774 3531 4811 a

1962 4835 2174 4889 mortali
2211 4843 2426 4902 natura,
2465 4837 2517 4892 id
2550 4845 2633 4892 est
2662 4837 2957 4893 Abrahami
2994 4841 3219 4909 semine,
3255 4843 3400 4900 haud
3433 4862 3532 4900 nos

1961 4925 2206 4994 equidem
2240 4927 2479 4981 renovati
2509 4941 2751 4982 essemus
2782 4939 2945 4998 atque
2975 4932 3040 4985 ad
3073 4933 3529 4990 immortalitatem

1963 5017 2157 5085 erecti;
2198 5033 2445 5088 vanaque
2490 5029 2674 5074 nostra
2719 5022 2849 5077 ﬁdes
2896 5024 3064 5090 foret,
3104 5034 3158 5078 et
3201 5026 3254 5078 iu
3296 5028 3530 5094 peccatis

1963 5107 2165 5161 nostris
2199 5107 2370 5162 adhuc
2396 5107 2722 5175 jaccrcmus.

1957 5285 2140 5352 spectis
2182 5284 2437 5340 Theodori
2477 5303 2538 5339 ac
2577 5287 2797 5340 Diodori
2835 5288 3000 5350 libris,
3038 5305 3166 5357 quos
3208 5289 3528 5356 scripserunt

1956 5372 2058 5407 non
2097 5358 2159 5408 de
2195 5357 2554 5409 incarnatione
2589 5357 2879 5426 Unigeniti,
2915 5360 3004 5411 sed
3043 5360 3208 5427 magis
3244 5370 3423 5412 contra
3460 5363 3533 5411 in-

1956 5427 2346 5498 carnationem,
2367 5428 2530 5498 Apuani
2561 5427 2839 5498 aliquaea:
2869 5428 3148 5498 capitulis,
3179 5439 3224 5480 et
3257 5445 3358 5498 quo
3387 5434 3530 5498 potui

1955 5495 2107 5567 modo
2137 5495 2432 5547 contradixi
2465 5497 2561 5567 eis,
2592 5496 2867 5548 declarans
2898 5495 3286 5567 qbominationé
3317 5495 3529 5567 prorsus

1955 5565 2160 5632 plenam
2191 5581 2299 5620 esse
2332 5566 2640 5619 sententiain
2676 5561 2930 5633 ipsorum;
3317 5561 3326 5567 ⁷
3562 5563 3575 5586 ’

3141 5720 3215 5781 46
