4112 6488
719 416 780 470 H
1708 412 1766 466 S.
1802 408 2076 467 CYRIHJ
2108 407 2577 467 ALEXANDRINI
2612 408 2932 465 ARCHIEP.
3906 407 3988 460 ιε

718 526 894 584 sauris
914 525 1170 593 condunt,
1196 524 1380 594 sicque
1408 523 1638 593 gaudent
1662 524 1713 577 in
1744 525 1810 577 iis
1834 540 1952 593 quae
1974 540 2039 579 ex
2063 524 2280 579 solertia

2393 526 2579 586 [ενται,
2633 523 2726 576 καὶ
2772 522 2892 575 λίαν
2938 524 3226 590 ἀσμὲνιοιςο
3273 524 3367 576 καὶ
3395 528 3503 587 τοῖς
3558 524 3820 578 ἐσωτάτω
3868 523 3992 593 τῆς

719 616 1053 686 collegerint,
1085 625 1142 669 ut
1170 614 1258 668 alii
1300 616 1514 681 quidam
1544 611 1831 667 seculares
1865 627 1986 665 cum
2020 612 2101 666 vel
2137 611 2280 664 ludi-

717 724 810 764 cas
837 721 1079 777 gemmas
1124 706 1209 762 vel
1232 721 1421 760 aurum
1457 705 1613 758 avide
1634 702 1993 766 cumularunt,
2022 703 2130 756 imo
2155 717 2282 758 vero

719 800 886 854 multo
914 798 1084 869 magis
1124 815 1137 850 :
1173 795 1552 852 «Praestantior
1585 793 1726 848 enim
1757 801 1839 847 εει
1859 792 2118 862 sapientia
2154 791 2283 860 lapi-

719 891 875 944 dibus
911 888 1189 959 pretiosis,
1225 896 1278 942 et
1323 901 1482 941 omne
1507 885 1762 940 eximium
1798 899 1904 938 non
1940 892 2021 938 est
2071 883 2159 937 illa
2203 883 2284 937 di-

719 993 935 1048 gnum,»
960 979 1100 1033 sicut
1123 978 1382 1048 scriptum
1419 985 1502 1030 est
1522 975 1560 1029 ί.
1601 976 1861 1045 Oportere
1892 985 2068 1028 autem
2092 989 2284 1030 censeo

720 1069 993 1137 sapientes
1041 1068 1191 1122 viros
1231 1077 1286 1122 et
1332 1066 1580 1130 solertes,
1618 1078 1682 1119 ac
1731 1066 2032 1119 divinorum
2071 1064 2284 1132 dogma-

721 1171 834 1214 tum
876 1159 1100 1228 peritos,
1132 1157 1249 1225 ejus
1275 1166 1575 1227 opportune
1605 1155 1913 1209 meminisse
1943 1155 1993 1223 2
2018 1155 2159 1223 quod
2204 1165 2285 1209 est

720 1265 749 1302 a
778 1249 1009 1319 quodam
1038 1262 1068 1303 e
1099 1247 1301 1302 sanctis
1332 1246 1612 1316 discipulis
1647 1246 1908 1314 scriptum
1945 1264 1956 1298 :
1990 1265 2006 1298 ι
2039 1244 2279 1311 Fratres,

722 1339 942 1407 probate
985 1337 1213 1407 spiritus
1255 1337 1298 1391 si
1328 1350 1393 1391 ex
1425 1336 1534 1391 Deo
1569 1337 1758 1392 snnt‘.
1790 1354 1808 1386 ι
1847 1335 2042 1389 Beatus
2072 1350 2284 1405 quoque

721 1430 920 1485 l'aulus
947 1431 1176 1484 donatas
1204 1443 1323 1483 esse
1358 1430 1560 1484 sanctis
1587 1427 1892 1483 hominibus
1919 1430 2048 1483 dicit
2079 1429 2282 1483 discreo

719 1522 894 1576 tiones
918 1520 1202 1590 spirituum
1224 1519 1462 1574 "hNam
1493 1519 1583 1588 qui
1614 1520 1817 1585 dicunt,
1838 1517 2283 1579 DominusJesus,

718 1614 773 1668 id
814 1627 919 1666 non
975 1610 1131 1664 aliter
1163 1622 1322 1677 quam
1371 1622 1465 1676 per
1513 1607 1771 1676 Spiritum
1823 1616 2068 1661 sanctum
2100 1608 2285 1675 utique

722 1706 903 1760 dicent
931 1716 945 1756 :
977 1709 1033 1755 at
1059 1713 1187 1754 vero
1212 1698 1301 1770 qui
1326 1714 1389 1754 ex
1424 1698 1694 1767 imperitia
1717 1697 2081 1766 blasphemam
2112 1697 2164 1750 in
2193 1711 2285 1752 eos

723 1795 960 1864 linguam
1003 1793 1208 1855 laxant,
1245 1798 1301 1844 et
1329 1788 1436 1842 illis
1463 1789 1590 1856 quia
1624 1796 1771 1842 recte
1805 1801 1997 1857 sapere
2026 1787 2285 1841 decreve-

2387 615 2590 668 ἑαυτῶν
2624 613 2800 684 ψυχῆς
2842 613 3248 668 ὲναποκλείουσι
3286 613 3575 685 θησαυροῖς
3596 631 3610 644 ·
3637 616 3990 682 ὲπιγάννυν-

2385 719 2474 755 ται
2497 701 2553 755 δὲ
2591 700 2732 754 οὕτω
2761 704 2873 764 τοῖς
2910 701 2968 766 ἐξ
2992 701 3257 772 εὐμαθίας
3281 703 3736 773 συνειλεγμένοις,
3764 705 3993 756 ὡσανεὶ

2385 811 2476 846 κα.
2516 810 2664 856 τινες
2694 791 2871 862 ἕτεροι
2906 794 3015 846 τῶν
3049 793 3191 846 κατά
3226 794 3318 846 τὸν
3362 793 3495 863 βίον,
3536 794 3567 862 ἦ
3599 781 3782 857 λίθους
3817 795 3994 857 τινὰς

2399 883 2622 947 Ἰνδικὰς
2656 884 2687 954 ἢ
2736 885 2931 955 χρυσὸν
2973 882 3265 954 ἀπλήστως
3301 885 3792 954 συναγηγερκότες,
3834 884 3994 954 μᾶλ-

2385 974 2475 1028 λον
2507 975 2585 1038 δὲ,
2611 977 2705 1028 καὶ
2734 976 2815 1028 ἔτι
2847 975 3440 1047 μειζόνωςοιΚρεῖσσον
3473 977 3580 1046 γάρ
3614 976 3776 1044 σοφία
3804 976 3994 1029 λίθων

2386 1065 2725 1118 πολυτελῶνο
2751 1068 2858 1119 πᾶν
2895 1067 2951 1118 δὲ
2995 1066 3194 1136 τίμιον,
3237 1067 3334 1120 οὐκ
3366 1067 3513 1130 ἄξιον
3539 1067 3731 1136 αὐτῆς,
3765 1087 3784 1119 ι
3824 1068 3994 1121 καθὰ

2389 1157 2714 1226 γέγραπται.
2747 1158 2959 1228 Χρῆναι
2980 1159 3034 1211 δέ
3063 1176 3204 1229 φημι
3230 1159 3376 1222 τοὺς,
3401 1161 3559 1229 οἵπερ
3580 1159 3645 1212 ἂν
3677 1161 3834 1227 σοφοὶ
3857 1158 3989 1230 [ῐσ.

2388 1242 2488 1300 ὦσι
2518 1247 2714 1318 σοφο“ι],
2750 1248 2845 1302 καὶ
2873 1250 3144 1318 ἀγχίνοοι,
3176 1250 3273 1303 καὶ
3325 1250 3434 1303 τῶν
3474 1250 3633 1303 θείων
3677 1250 3994 1319 δογμάτων

2387 1339 2790 1410 ἐπιστήμονες,
2839 1341 3243 1411 διαμεμνῆσθαι
3287 1343 3576 1413 χρησίμως
3624 1343 3993 1409 γεγραφότος

2385 1428 2531 1490 τινὸς
2568 1429 2677 1482 τῶν
2709 1431 2880 1498 ἁγίων
2939 1430 3196 1500 μαθητῶν
3218 1446 3232 1461 ·
3282 1450 3300 1482 ι
3335 1433 3607 1500 Ἀδελφοὶ,
3641 1430 3988 1500 δοκιμάζετε

2386 1521 2455 1574 τά
2484 1522 2797 1592 πνεύματα,
2830 1525 2875 1575 εί
2910 1524 2974 1574 ἐκ
3007 1522 3099 1576 τοῦ
3132 1522 3267 1576 Θεοῦ
3300 1525 3427 1578 εἰσι.
3466 1543 3485 1575 ι
3527 1524 3887 1595 Δεδωρῆσθαι
3920 1524 3988 1575 δὲ

2386 1618 2498 1678 τοῖς
2537 1615 2715 1681 ἁγίοις
2754 1617 2888 1684 φησὶ
2919 1617 3011 1668 καὶ
3040 1617 3067 1667 ὁ
3095 1615 3382 1679 Θεσπέσιος
3413 1615 3622 1680 Παῦλος
3660 1618 3991 1687 διακρίσεις

2387 1708 2733 1775 πνευμάτων.
2759 1708 2818 1761 Οἱ
2848 1708 2945 1776 μὲν
2971 1708 3078 1777 γάρ
3104 1706 3372 1775 λέγοντες,
3397 1708 3477 1760 ὅτι
3501 1707 3703 1778 Κύριος
3736 1710 3987 1778 Ἰησοῦς,

2388 1799 2542 1863 φαῖεν
2575 1797 2640 1850 ἂν
2671 1798 2770 1867 οὐχ
2824 1797 3024 1867 ἑτέρως
3054 1798 3207 1861 αὐτὸ,
3245 1797 3384 1867 πλὴν
3420 1799 3500 1850 ὃτι
3537 1798 3623 1850 διὰ
3667 1798 3762 1850 τοῦ
3806 1799 3988 1866 ἁγίου

727 1898 877 1951 runt,
929 1885 1314 1957 pr0pemodum
1365 1883 1553 1937 dicunt
1627 1884 1916 1936 anathema
1970 1880 2177 1944 Jesum,
2231 1880 2282 1932 id

2393 1887 2740 1954 [Ινεύματοςο
2778 1887 2832 1937 οἵ
2855 1905 2918 1952 γε
2963 1889 3067 1955 μὴν
3098 1887 3156 1952 ἐξ
3189 1889 3428 1958 ἀμαθίας
3474 1889 3834 1958 παλίμφημον
3884 1891 3987 1941 ἐπ’

721 1980 905 2047 utique
947 1991 1012 2030 ex
1042 1973 1342 2028 Beelzebub
1375 1973 1631 2026 instinctu
1661 1972 1883 2024 faciunt.
1915 1970 2141 2038 Oportet
2182 1970 2285 2038 igi-

722 2079 810 2122 tur
851 2076 909 2120 ut
960 2064 1241 2119 exercitati
1297 2063 1363 2116 ad
1407 2060 1588 2116 omnia
1636 2059 1905 2113 subtiliter
1950 2069 2004 2111 et
2035 2068 2288 2113 accurate

723 2155 1020 2229 probanda,
1068 2162 1123 2206 et
1161 2149 1402 2222 pervigili
1457 2157 1670 2204 utentes
1713 2148 1892 2203 animo
1931 2146 2285 2216 quorumdam

722 2247 923 2314 scripta
955 2244 1216 2312 legamus,
1263 2252 1318 2296 et
1355 2240 1484 2309 quid
1519 2239 1586 2294 de
1615 2247 1799 2294 nostro
1829 2239 2070 2293 omnium
2103 2236 2288 2291 Salva-

725 2348 842 2393 tore
903 2336 1121 2391 Christo
1174 2333 1504 2402 loquantur,
1551 2331 1840 2402 diligenter
1897 2330 2285 2399 exquiramus,

721 2427 1041 2497 Optimeque-
1072 2424 1348 2478 imitemur
1383 2422 1794 2491 probatissimos
1839 2436 1902 2476 ac
1929 2420 2289 2490 peritissimos

725 2518 1133 2581 nummularius,
1169 2515 1260 2586 qui
1311 2514 1509 2584 probos
1553 2527 1803 2567 nummos
1845 2513 2158 2576 admittunt,
2189 2510 2291 2565 fal-

723 2624 814 2667 sos
863 2620 1040 2663 autem
1095 2617 1147 2662 et
1198 2606 1529 2660 adulteratos
1590 2605 1832 2659 studiose
1877 2604 2146 2672 rejiciunt.
2210 2605 2289 2658 Ad

725 2714 885 2770 quam
941 2713 1054 2752 rem
1107 2711 1203 2751 nos
1247 2697 1437 2752 beatus
1469 2696 1669 2750 Paulus
1715 2696 2005 2759 hortatur,
2056 2694 2286 2749 dicens:

729 2808 749 2841 ι
779 2788 960 2843 Estote
1007 2786 1158 2852 probi
1208 2785 1552 2839 nunnnularil
1588 2803 1602 2838 :
1634 2785 1812 2838 omnia
1855 2784 2098 2853 probate,
2152 2785 2292 2851 quod

725 2883 925 2936 bonum
948 2887 1031 2933 est
1055 2886 1261 2932 tenete:
1294 2877 1361 2930 ab
1397 2877 1542 2930 omni
1576 2876 1756 2945 specie
1789 2875 1925 2928 mala
1950 2874 2234 2929 abstinete.
2268 2892 2284 2924 ι

728 2972 821 3028 Est
847 2970 1011 3025 etiam
1048 2969 1245 3038 alioqui
1300 2977 1455 3036 turpe
1489 2969 1541 3021 in
1590 2966 1781 3035 primis
1818 2975 1874 3020 et
1897 2964 2215 3025 absurdum,
2246 2964 2290 3016 si

725 3077 850 3117 cum
895 3061 949 3115 in
996 3061 1156 3112 rebus
1201 3057 1268 3110 ad
1317 3057 1457 3110 hanc
1493 3056 1657 3109 vitam
1705 3056 2100 3124 pertinentibus
2148 3053 2294 3106 nullo

726 3149 888 3206 modo
913 3148 1053 3218 quod
1082 3147 1134 3200 in
1165 3161 1276 3200 rem
1303 3145 1372 3198 sit
1404 3143 1670 3212 negligere
1697 3143 1996 3205 videamur,
2029 3141 2136 3193 imo
2167 3153 2293 3192 vero

2386 1975 2570 2037 αὐτοῖς
2621 1975 2869 2042 γλῶσσαν
2922 1977 3160 2040 ἀνέντες,
3215 1977 3308 2030 καὶ
3349 1977 3417 2029 δι’
3460 1972 3534 2031 ὧν
3578 1978 3711 2046 ὀρθὰ
3746 1982 3987 2048 φρονεῖν

2387 2063 2700 2133 ἐγνώκασι,
2761 2065 3044 2134 μονονουχὶ
3088 2065 3338 2132 λέγοντες
3377 2067 3639 2134 ,ἀνάθεμα
3717 2066 3983 2136 Ἰησοῦν,

2387 2155 2543 2208 τοῦτο
2561 2155 2732 2226 δρῷεν
2754 2157 2842 2218 ἂν,
2859 2156 2934 2218 ὼς
2955 2155 3060 2208 ἀπό
3081 2174 3144 2224 γε
3163 2156 3257 2208 τοῦ
3277 2156 3623 2219 Βεελζεδούλ.
3654 2158 3746 2208 Δεῖ
3779 2156 3845 2227 δὴ
3875 2154 3989 2210 οὖν

2390 2245 2495 2314 ἄρα
2517 2244 2727 2308 λεπτῶς
2747 2261 2805 2296 τε
2828 2245 2922 2298 καὶ
2938 2245 3392 2315 διεσμιλευμένως
3412 2246 3722 2316 δοκιμάζειν
3747 2248 3986 2302 ἅπαντα

2397 2337 2872 2407 μεμελετηκότας,
2924 2339 3018 2389 καὶ
3067 2335 3141 2407 νῷ
3197 2337 3606 2408 διεγηγερμένῳ
3649 2341 3987 2408 χρωμένους

2392 2427 2809 2494 περιτυγχάνειν
2851 2427 2998 2496 ἡμᾶς
3037 2429 3151 2489 τοῖς
3183 2444 3344 2479 τινων
3393 2428 3822 2498 συγγράμμασι,
3875 2433 3985 2482 καὶ

2394 2512 2700 2586 βασανίζειν
2725 2514 3009 2585 εὐτέχνως,
3038 2516 3243 2586 οὕσπερ
3265 2516 3330 2569 ἂν
3355 2520 3588 2570 ποιοῖντο
3618 2518 3809 2586 λόγους
3836 2538 3913 2572 πε
3925 2523 3988 2591 (ﬁ.

2391 2604 2484 2658 τοῦ
2504 2605 2719 2659 πάντων
2743 2607 2896 2676 ἡμῶν
2919 2607 3168 2677 Σωτῆρος
3185 2607 3422 2678 Χριστοῦ
3444 2627 3456 2638 ·
3483 2611 3890 2680 ἀπομιμεῖσθαί
3915 2629 3985 2665 τε

2394 2697 2487 2748 καὶ
2524 2695 2668 2765 μάλα
2698 2695 2891 2766 ὀρθῶς,
2924 2698 3049 2760 τοὺς
3081 2698 3160 2750 ὅτι
3197 2697 3260 2768 δὴ
3298 2698 3530 2767 μάλιστα
3557 2699 3834 2771 δοκίμους,
3874 2704 3985 2755 καὶ

2393 2791 2815 2859 ἐμπειροτάτους
2839 2791 2944 2844 τῶν
2965 2793 3417 2862 ἀργυροπρατῶν,
3441 2795 3488 2847 οἳ
3525 2796 3836 2866 προσίενται
3869 2799 3988 2867 μὲν

2392 2879 2500 2931 τῶν
2531 2881 2879 2949 νομισμάτων
2910 2885 2971 2935 τὸ
3004 2885 3346 2953 εὐδοκιμοῦν,
3375 2886 3681 2957 ἀπόϐλητον
3709 2888 3763 2940 δὲ
3795 2894 3987 2943 ποιεῖ-

2396 2969 2516 3021 σθαι
2557 2971 2915 3036 σπουδάζουσι
2942 2973 3000 3026 το
3031 2977 3384 3047 παράσημον,
3417 2979 3507 3031 καὶ
3540 2981 3986 3050 μεμωμημένον.

2395 3059 2498 3111 Καὶ
2535 3059 2667 3129 ’,πρός
2699 3078 2761 3130 γε
2811 3061 2968 3115 τοῦτο
3012 3065 3160 3134 ἡμᾶς
3193 3068 3222 3118 ό
3253 3069 3517 3138 μακάριος
3547 3069 3755 3134 Παῦλος
3795 3089 3991 3140 παρα-

2395 3149 2573 3220 θήγει,
2617 3151 2819 3219 λέγων·
2870 3171 2886 3201 ι
2933 3153 3149 3206 Γίνεσθε
3185 3157 3440 3226 τρόφιμοι
3487 3160 3561 3226 (i)
3610 3162 3944 3228 τραπεζῖται
3971 3180 3989 3194 ο

726 3242 943 3311 plurimi
993 3237 1168 3292 facere
1213 3237 1527 3291 studeamus
1569 3248 1632 3287 ea
1671 3247 1901 3302 quorum
1962 3247 2064 3298 ope
2105 3232 2287 3299 splen-

2396 3242 2568 3293 πάντα
2600 3242 2944 3312 δοκιμάζετε,
2975 3245 3036 3297 τὸ
3066 3246 3228 3299 καλὸν
3285 3250 3572 3317 κατέχετε·
3622 3251 3730 3302 ἀπὸ
3769 3255 3995 3316 παντὸς

729 3333 850 3390 dide
876 3332 1056 3386 vivere
1082 3329 1261 3392 liceat,
1293 3343 1379 3383 res
1404 3327 1642 3381 vicissim
1677 3327 1809 3379 adeo
1841 3338 2024 3378 sacras
2053 3333 2294 3376 contem-

729 3438 942 3486 namus,
983 3431 1037 3476 et
1063 3420 1290 3474 salutem
1330 3419 1522 3471 anima:
1560 3432 1656 3486 pro
1686 3414 1851 3468 nihilo
1887 3415 2166 3474 ducamus,
2202 3413 2295 3464 sed

729 3513 877 3567 illam
904 3512 955 3565 in
990 3509 1174 3565 foveas
1203 3521 1256 3562 et
1280 3523 1493 3562 caenum
1526 3505 1865 3573 dejiciamus,
1899 3505 2024 3553 dum
2051 3515 2297 3567 quocun-

730 3617 835 3672 que
884 3602 1095 3655 libitum
1147 3599 1306 3652 fuerit
1344 3598 1409 3650 iis
1442 3596 1531 3664 qui
1576 3593 1721 3660 loqui
1753 3592 1988 3660 gestiunt
2034 3605 2154 3658 qua:
2190 3605 2293 3644 nou

730 3691 1000 3752 convenit,
1050 3687 1362 3756 projieimus
1408 3684 1644 3737 animum
1695 3694 1723 3732 a
1759 3694 1886 3733 vero
1917 3679 2296 3747 conspicienda

730 3783 998 3847 clausum,
1035 3796 1096 3833 ac
1130 3779 1398 3832 nolentem
1449 3776 1745 3842 inquirere,
1779 3772 1908 3841 quid
1940 3787 1970 3825 e
2021 3772 2182 3824 rebus
2227 3769 2298 3823 lc-

732 3873 834 3929 ctis
856 3883 1061 3927 rectum
1089 3873 1157 3922 sit
1189 3877 1242 3922 et
1269 3867 1420 3932 utile,
1453 3867 1582 3934 quid
1619 3866 1744 3920 item
1777 3877 2114 3933 perversum,
2146 3871 2199 3915 et
2231 3861 2298 3914 ab

733 3972 985 4017 accurata
1037 3961 1218 4030 regula
1254 3960 1565 4026 dogmatum
1620 3956 1876 4017 alienum,
1929 3965 1985 4009 et
2026 3953 2296 4021 jacturam

734 4054 972 4108 inferens
1005 4066 1124 4120 quze
1169 4049 1234 4102 ad
1267 4050 1439 4118 ipsam
1473 4048 1740 4116 pertineat
1769 4047 2026 4105 animam,
2061 4059 2158 4113 pro
2194 4058 2296 4111 qua

732 4142 955 4212 aqualis
996 4140 1345 4195 commutatio
1377 4140 1522 4195 nulla
1568 4150 1650 4192 est
1702 4140 1840 4206 apud
1890 4152 1984 4191 eos
2027 4147 2175 4190 certe
2209 4136 2297 4203 qui

733 4235 1018 4304 sapiunt".
1053 4232 1428 4286 Examinanda
1460 4240 1588 4286 sunt
1620 4230 1800 4299 igitur,
1843 4228 2142 4297 etquidem
2170 4227 2300 4282 sub-

735 4326 1001 4386 tilissime,
1026 4338 1143 4392 qua:
1167 4322 1229 4376 de
1263 4322 1457 4376 divinis
1489 4321 1830 4390 dogmatibus
1855 4319 2166 4373 scribuntur
2196 4335 2210 4370 :
2237 4332 2300 4372 ac

736 4415 781 4468 si
815 4413 935 4484 quis
969 4423 1117 4466 recto
1153 4413 1344 4466 itinere
1392 4411 1458 4464 ad
1494 4425 1716 4477 scopum
1762 4424 2039 4464 sacrarmn
2076 4407 2298 4461 Littera-

736 4523 853 4560 rum
901 4505 1087 4570 tendit,
1121 4514 1174 4558 et
1221 4514 1423 4559 certam
1477 4503 1527 4556 in
1580 4503 1662 4556 his
1713 4516 2006 4569 veramque
2049 4501 2297 4553 semitam

734 4598 1024 4667 percurrit,
1077 4597 1121 4651 is
1157 4607 1469 4650 nostrarum
1519 4609 1735 4663 quoque
1779 4593 2167 4647 sententiarum
2222 4606 2299 4644 rc-

736 4694 878 4742 ctum
932 4686 1047 4754 ejus
1095 4686 1198 4739 iter
1241 4684 1659 4753 approbantium
1710 4684 1894 4750 plausu
1946 4684 2294 4751 excipiatur:

734 4777 873 4846 quod
906 4764 949 4829 si
1005 4775 1251 4842 frigidam
1303 4785 1358 4829 et
1408 4775 1638 4840 l'utilem,
1670 4784 1725 4827 et
1764 4775 2137 4838 adulteratam,
2191 4775 2296 4827 llllO

738 4885 865 4923 vero
897 4870 1058 4924 etiam
1089 4869 1447 4935 perniciosam
1483 4867 1784 4937 legentibus
1809 4867 2112 4921 orationem
2143 4869 2294 4930 texit,

735 4960 918 5014 audiat
945 4958 1012 5012 ab
1048 4959 1295 5010 omnibus
1326 4972 1340 5010 :
1377 4977 1393 5008 ι
1429 4958 1534 5012 Sed
1576 4957 1727 5012 nobis
1764 4958 2076 5024 loquamini,
2113 4969 2167 5011 et
2196 4973 2297 5010 an-

809 5138 824 5167 ¹
853 5135 1009 5192 Prov.
1045 5151 1129 5200 ιιι,
1165 5133 1331 5188 14-ίῦ
1365 5151 1379 5200 ;
1417 5147 1531 5196 vttt,
1556 5132 1640 5185 19.
1717 5131 1776 5183 ¹Ι
1818 5131 1970 5186 Joan.
2001 5149 2072 5199 tv,
2109 5135 2160 5189 -l.

2239 5134 2306 5165 ³⁸⁵
2337 5134 2354 5188 1
2382 5136 2504 5192 Cur.
2544 5154 2644 5202 xit,
2685 5140 2767 5194 lt).

2399 3333 2570 3394 εἴδους
2613 3333 2849 3401 πονηροῦ
2878 3337 3168 3403 ἀπέχεσθε.
3209 3356 3227 3387 ι
3266 3339 3421 3389 Ἔστι
3459 3341 3512 3390 δὲ
3550 3341 3612 3408 δὴ
3646 3342 3740 3392 καὶ
3770 3342 3994 3412 ἑτέρως

2399 3421 2730 3490 πάναισχρόν
2763 3439 2821 3473 τε
2845 3423 2938 3473 καὶ
2973 3424 3224 3486 ἀκαλλὲς.
3252 3427 3344 3477 ἐπὶ
3388 3429 3486 3496 μὲν
3517 3431 3628 3491 τοῖς
3660 3431 3796 3482 κατὰ
3827 3434 3992 3486 τόνδε

2396 3511 2487 3562 τὸν
2518 3512 2630 3578 βίον
2676 3514 2965 3581 πράγμασι
3016 3515 3135 3566 κατ’
3174 3514 3362 3567 οὐδένα
3403 3517 3602 3587 τρόπον
3635 3520 3781 3588 ημᾶς
3830 3522 4000 3588 ﬁge-.-

2397 3600 2629 3670 δηκότας
2663 3603 2890 3672 ὁρᾶσθαι
2941 3603 3035 3656 τοῦ
3075 3604 3357 3668 τελοῦντος
3397 3607 3476 3669 εἰς
3523 3607 3738 3676 δνησιν,
3780 3616 3995 3682 πειρᾶ-

2401 3691 2520 3744 σθαι
2549 3693 2604 3745 δὲ
2639 3692 2836 3762 μᾶλλον
2874 3712 2938 3747 πε
2952 3696 3002 3765 pl.
3034 3696 3226 3749 πολλοῦ
3278 3699 3546 3752 ποιεῖσθαι
3599 3699 3770 3766 φιλεῖν
3812 3701 3885 3753 τὰ
3918 3704 3996 3755 δι’

2399 3775 2473 3833 ὦν
2506 3781 2571 3834 ἂν
2617 3784 2827 3850 γένοιτο
2877 3783 3067 3853 βιῶναι
3111 3786 3414 3858 λαμπρῶς·
3469 3790 3733 3859 ἁλογῆοαι
3766 3791 3822 3843 δὲ
3869 3795 3995 3847 τῶν

2399 3873 2540 3926 οὓτω
2572 3877 2802 3937 σεπτῶν,
2833 3881 2926 3928 καὶ
2954 3878 3221 3931 ποιεῖσθαι
3252 3880 3380 3950 παρ’
3399 3881 3550 3932 οὐδὲν
3570 3881 3666 3952 τὴν
3687 3883 3786 3952 τῆς
3800 3884 3996 3955 ψυχῆς

2401 3967 2674 4036 σωτηρίαν
2697 3983 2708 3996 ο
2742 3967 2957 4038 βόθροις
2978 3985 3035 4021 τε
3073 3969 3244 4039 αὐτὴν
3271 3970 3604 4037 ἐγκαθιέναι,
3631 3974 3726 4026 καὶ
3745 3973 3994 4043 τέλμασι

2401 4055 2536 4125 πρὸς
2568 4056 2629 4108 τὸ
2671 4057 2862 4111 δοκοῦν
2897 4059 3082 4121 ἁπλῶς
3133 4062 3247 4122 τοῖς
3297 4060 3542 4115 ἐθέλουσι
3592 4062 3791 4126 λαλεῖν,
3834 4064 3871 4118 ἃ
3907 4068 3994 4138 μὴ

2401 4147 2698 4217 προσῆκεν,
2731 4149 2842 4202 ἔσθ’
2883 4150 2970 4202 ὅτε
3013 4152 3535 4221 παραρριπτοῦντας
3578 4153 3668 4206 τὸν
3703 4153 3847 4220 νοῦν,
3878 4160 3995 4211 οὐκ

2401 4238 2709 4307 ἀναμύοντα
2743 4240 2879 4309 πρὸς
2910 4241 2970 4292 τὸ
2999 4241 3198 4310 ἀληθὲς
3219 4283 3233 4306 ,
3267 4241 3388 4294 οὔτε
3433 4243 3540 4313 μὴν
3583 4244 3837 4298 ἐθέλοντα
3879 4265 3996 4302 ἰτο⁴

2402 4327 2826 4398 λυτιραγμονεῖν,
2854 4331 2905 4382 τί
2935 4331 3033 4399 μέν
3059 4335 3174 4385 ἐστι
3205 4333 3312 4386 τῶν
3342 4334 3766 4405 ἀνεγνωσμένων
3792 4337 3988 4409 ὀρθὸν,

2401 4417 2494 4468 καὶ
2524 4417 2867 4486 ὀνησιφόρον,
2896 4420 2949 4470 τί
2985 4419 3042 4470 δὲ
3087 4419 3150 4488 δὴ
3177 4421 3236 4472 τὸ
3269 4421 3612 4491 διάστροφον,
3643 4427 3737 4476 καὶ
3772 4425 3992 4496 δογμα-

2404 4510 2563 4576 τικῆς
2611 4509 2894 4580 ἀκριϐείας
2950 4511 3308 4581 ὲπιϐεϐηκὸς,
3341 4514 3435 4566 καὶ
3483 4515 3684 4584 ζημίαν
3719 4518 3994 4586 ἐμποιοῦν

2404 4601 2593 4670 τὴνείς
2615 4601 2783 4669 αὐτὴν
2812 4601 3026 4671 ὁρῶσαν
3051 4603 3248 4673 ψυχὴν,
3276 4600 3341 4675 ἧς
3366 4606 3615 4670 ἀντάξιον
3633 4609 3805 4672 οὐδὲν,
3831 4615 3997 4684 παρά

2407 4705 2468 4756 γε
2490 4694 2600 4752 τοῖς
2636 4692 2842 4760 ἀρτίοις
2871 4692 2969 4763 τὴν
3007 4695 3198 4764 φρένα.
3226 4698 3590 4767 Δοκιμαστέοιο
3614 4694 3706 4751 οὖν
3730 4700 3861 4772 ἄρα,
3891 4708 3994 4758 καὶ

2407 4782 2524 4833 λίαν
2567 4782 2778 4851 ἰσχνῶς,
2813 4782 2909 4847 τὰς
2946 4787 3073 4855 περὶ
3105 4786 3212 4839 τῶν
3244 4787 3402 4840 θείων
3429 4789 3714 4859 δογμάτων
3746 4809 3995 4865 συγγρα-

2408 4872 2512 4938 φάς
2532 4887 2544 4901 ο
2574 4872 2673 4925 κᾶν
2701 4874 2799 4942 μέν
2827 4891 2910 4936 τις
2945 4874 3012 4928 ἴοι
3043 4878 3162 4929 κατ’
3188 4878 3314 4931 εὐθὺ
3340 4879 3431 4932 τοῦ
3457 4883 3661 4934 σκοποῦ
3685 4877 3789 4934 τῶν
3819 4885 3992 4955 ιερῶν

2408 4962 2771 5032 Γραμμάτων,
2805 4968 2897 5018 καὶ
2921 4968 3019 5035 τὴν
3048 4968 3105 5020 ἐν
3135 4987 3195 5037 γε
3219 4974 3458 5024 τουτοισὶ
3489 4975 3654 5043 σαφῆ,
3690 4977 3782 5028 καὶ
3808 4976 3992 5032 ἁπλασ

2842 5142 2861 5171 ⁸
2897 5142 3086 5198 Matth.
3119 5159 3226 5209 xvt,
3257 5145 3344 5202 26.

2002 5288 2160 5342 ΛΝΤ.
2204 5291 2477 5348 AGELLII
2518 5294 2747 5351 NOTAE.

806 5449 885 5521 (l7)
920 5449 1068 5506 Hanc
1101 5457 1420 5503 sententiam
1449 5445 1895 5521 (ἰγνίιιιιειιίιιιιῑι
1933 5449 2088 5508 beato
2124 5451 2288 5507 Paulo

735 5529 790 5572 et
818 5518 1018 5573 citatur
1054 5532 1436 5587 nonnunquam
1471 5534 1500 5568 at
1539 5519 1808 5571 veteribus
1853 5518 2057 5573 Grecis
2102 5535 2286 5576 aucto-

736 5590 906 5653 ribus,
943 5590 1035 5643 setl
1071 5590 1194 5640 nulli
1231 5600 1379 5640 certo
1421 5587 1629 5639 auctori
1681 5587 1990 5643 asCribitur.
2042 5591 2136 5644 Ubi
2190 5609 2286 5644 au-

733 5668 842 5711 tem
892 5659 963 5712 sit
1013 5663 1062 5711 in
1109 5657 1342 5726 Apostoli
1392 5656 1664 5723 Epistolis,
1703 5673 1805 5708 non
1856 5658 2146 5726 invenitur,
2185 5663 2283 5714 nisi

736 5731 874 5779 l'nrte
909 5739 1095 5780 auctor
1130 5725 1179 5779 in
1232 5725 1468 5792 Epistula
1515 5726 1686 5792 prima
1720 5727 1784 5777 ad
1832 5725 2285 5784 Thessalonicen-

737 5813 824 5853 aes
854 5796 997 5852 illam
1038 5798 1242 5861 habuit,
1281 5802 1330 5848 in
1360 5811 1459 5863 qua
1493 5803 1612 5848 sunt
1647 5795 1807 5847 etiam
1840 5810 1955 5866 qua:
1981 5809 2281 5866 sequuntur

2389 5456 2570 5538 verba,
2621 5455 3114 5538 Omniaprobate,
3163 5461 3565 5538 etc.Q:eterunt
3616 5468 3983 5538 Epiphanius,

2387 5529 2652 5607 adversus
2679 5529 3050 5607 Appellianos,
3098 5530 3267 5607 refert
3311 5532 3554 5598 Apellem
3600 5529 3988 5607 in'EVangelio

2387 5596 2436 5672 id
2472 5597 2735 5663 scriptum
2767 5596 2902 5672 esse
2935 5599 3179 5672 dixisse,
3204 5601 3254 5652 in
3303 5596 3403 5672 suo
3452 5607 3720 5672 fortasse,
3760 5596 3870 5664 noli
3927 5613 3986 5664 in

2387 5664 2485 5717 hoc
2508 5677 2658 5720 certe
2685 5681 2791 5733 quo
2826 5667 3069 5722 Ecclesia
3106 5671 3302 5723 utitur.
3339 5668 3469 5726 Erat
3498 5688 3678 5731 autem
3709 5664 3763 5731 in
3793 5695 3990 5732 exem-

2383 5733 2624 5816 plaribus
2656 5736 3183 5816 ljrwcisapéetpm,
3221 5754 3344 5816 cum
3389 5742 3471 5816 sit
3503 5744 3785 5816 legendum
3816 5749 3988 5812 ,δόκιο⁸

2388 5819 2496 5869 μοι,
2533 5814 2587 5856 ιιι
2625 5807 2760 5860 citat
2791 5805 3128 5877 Epiphanius
3163 5809 3352 5862 eodem
3386 5805 3582 5868 libro.w
3816 5805 3824 5812 ’
