4112 6498
129 441 176 493 l3
1258 443 1622 502 ADVEllSUS
1661 445 2058 506 NESTORIUM
2097 449 2228 506 LIB.
2268 451 2309 506 l.
3348 459 3411 512 14

143 564 376 635 κεστάτην
432 566 674 637 διάττοι
730 568 935 638 τρίϐον,
991 567 1428 636 κατακροτείσθω
1481 567 1572 619 καὶ
1607 565 1730 637 πρὸς

1850 570 2093 624 nuntiate
2146 570 2299 624 nobis
2366 569 2525 623 aliam
2581 570 3016 627 seductionem'.
3055 593 3072 624 ι
3125 572 3265 642 Ergo
3319 587 3408 630 aut

154 655 279 726 ἡμῶν
317 659 444 720 ταῖς
481 660 573 721 είς
612 660 898 728 ὀρθότητα
941 660 1140 727 ψήφοις
1163 677 1174 688 ο
1224 660 1270 709 εί
1303 658 1359 709 δὲ
1381 657 1607 727 ψυχρὸν,
1646 658 1730 709 καὶ

1845 659 1896 729 3
1926 659 2125 713 faciant
2155 660 2403 716 arborem
2429 663 2646 726 bonam,
2681 673 2734 716 et
2763 661 2993 717 fructum
3029 661 3146 730 ejus
3171 666 3372 719 bonum
3398 685 3408 729 ;

167 751 400 822 ὶξὶτηλον,
433 753 536 804 καὶ
585 770 658 823 με
671 753 1031 823 μωμημένον,
1078 751 1275 822 μᾶλλον
1309 750 1363 802 δὲ
1393 751 1485 803 καὶ
1513 748 1736 819 ὀλέθρου

176 844 403 914 πρόξενον
463 847 583 906 τοῖς
642 843 1052 913 ἐντευξομένοις
1097 841 1372 908 ὲξυφαίνοι
1413 840 1505 893 τὸν
1559 839 1735 907 λόγον,

174 939 392 989 ἀκουέτω
447 937 610 1006 παρά
663 936 919 988 πάντωνο
958 952 974 985 ι
1013 933 1170 988 Ἀλλά
1200 935 1330 1002 ἡμῖν
1379 931 1608 996 λαλεῖτε,
1643 931 1738 983 καὶ

174 1025 511 1094 διαγγέλλετε
566 1028 703 1096 ἡμῖν
765 1026 954 1095 ἑτέραν
1018 1024 1304 1095 πλάνησιν.
1348 1042 1365 1075 ι
1432 1021 1642 1077 Οὐκοῦν
1699 1023 1732 1093 ἢ

174 1117 486 1168 ποιείτωσαν
518 1115 580 1168 τὸ
617 1115 836 1186 δένδρον
869 1114 1052 1177 καλὸν,
1089 1113 1298 1166 καὶτὸν
1329 1112 1537 1184 καρπόν
1569 1110 1735 1167 αὑτοῦ

173 1205 338 1270 καλὸν,
363 1207 399 1277 ἢ
430 1208 761 1260 ποιείτωσαν
783 1206 844 1258 τὸ
871 1206 1089 1277 δένδρον
1122 1205 1352 1275 σαπρὸν,
1375 1203 1580 1257 καὶτὸν
1601 1220 1737 1274 καρ-

169 1299 258 1350 πὸν
298 1298 465 1350 αὑτοῦ
513 1299 742 1367 σαπρόν.
782 1315 800 1347 ι
843 1297 903 1349 Ὀ
937 1297 1035 1366 μὲν
1059 1295 1166 1364 γὰρ
1200 1295 1404 1364 ἀγαθὸς
1450 1294 1736 1366 ἄνθρωπος

168 1393 225 1443 ἑκ
268 1391 361 1442 τοῦ
414 1389 622 1457 ἀγαθοῦ
659 1386 937 1459 θησαυροῦ
981 1387 1082 1455 τῆς
1131 1387 1364 1456 καρδίας
1405 1385 1571 1440 αὑτοῦ
1600 1403 1735 1457 προ-

167 1483 312 1550 φέρει
344 1483 413 1533 τὰ
438 1481 620 1547 ἀγαθά
640 1494 653 1508 ·
682 1480 710 1530 ό
737 1479 794 1531 δὲ
827 1478 1062 1548 πονηρὸς
1096 1477 1383 1544 ἄνθρωπος
1412 1479 1478 1532 ἐκ
1512 1476 1608 1531 τοῦ
1637 1494 1735 1531 πο-

166 1571 321 1641 νηροῦ
358 1569 636 1641 θησαυροῦ
667 1572 765 1639 τῆς
798 1568 1022 1638 καρδίας
1049 1567 1213 1620 αὐτοῦ
1247 1567 1513 1641 προφέρει
1542 1567 1612 1621 τά
1634 1585 1734 1621 πο-

164 1664 324 1730 νηρὰ,
364 1681 382 1711 ι
421 1662 564 1713 κατά
607 1677 668 1728 γε
716 1661 813 1730 τὴν
853 1658 1057 1727 ἀψευδῆ
1091 1657 1186 1712 τοῦ
1232 1661 1485 1731 Σωτῆρος
1524 1659 1729 1729 φωνήν’

167 1771 184 1799 ι
213 1752 490 1803 Ἐσκότισε
528 1749 758 1821 μὲνγὰρ
805 1752 832 1802 ό
877 1748 1007 1811 Θεὸς
1057 1749 1152 1801 τοῦ
1202 1748 1398 1809 αἰῶνος
1429 1747 1619 1801 τούτου
1665 1748 1735 1800 τὰ

161 1842 404 1912 νοήματα
437 1841 548 1894 τῶν
581 1840 828 1894 ἀπίστων
862 1838 1175 1910 αίρετικῶν,
1202 1840 1282 1900 είς
1306 1836 1363 1890 τὸ
1393 1837 1467 1908 μὴ
1495 1838 1732 1905 αὐγάσαι

1844 756 1936 801 aut
1969 745 2173 802 faciant
2206 749 2455 803 arborem
2507 749 2728 817 malam,
2779 760 2833 805 et
2862 751 3092 807 fructum
3139 754 3254 822 ejus
3301 770 3414 808 ma-

1842 835 1950 890 lum
1973 838 2012 889 ⁷.
2055 857 2073 888 ‹
2111 837 2290 893 Bonus
2327 841 2472 894 enim
2516 841 2676 897 homo
2719 843 2786 897 de
2831 844 3088 900 thesauro
3120 847 3298 901 cordis
3327 847 3410 900 sui

1840 926 2049 994 profert
2103 927 2241 982 bona
2280 928 2493 985 :malus
2547 941 2726 984 autem
2771 930 2932 986 homo
2981 946 3047 987 ex
3102 935 3242 989 malo
3296 937 3412 990 tlte-

1839 1031 2003 1073 sauro
2033 1019 2213 1074 cordis
2245 1021 2328 1074 sui
2368 1020 2573 1088 profert
2609 1023 2782 1087 mala;
2815 1041 2834 1074 ›
2868 1032 2924 1077 ut
2960 1025 3242 1081 verissime
3292 1025 3410 1081 Sal-

1838 1115 1994 1160 vator
2034 1117 2217 1162 noster
2247 1109 2443 1164 dicit“.
2486 1129 2504 1161 ‹
2534 1112 2856 1167 Obscuravit
2886 1115 3027 1166 enim
3068 1113 3208 1170 Deus
3251 1117 3411 1187 hujus

1839 1197 2021 1251 saeculi
2088 1209 2296 1255 mentes
2351 1200 2649 1256 infidelium
2711 1203 3126 1271 haareticorum,
3185 1217 3244 1260 ut
3305 1223 3409 1262 nou

1837 1286 2042 1357 fulgeat
2101 1289 2427 1348 illuminatio
2485 1293 2762 1365 Evangelii
2820 1295 3004 1365 gloriae
3058 1296 3348 1354 Christi’:
3385 1318 3405 1351 ι

1838 1377 2133 1447 multisque
2159 1381 2331 1436 modis
2360 1382 2410 1435 in
2443 1397 2684 1438 errorem
2721 1385 2941 1440 abducti
2973 1398 3119 1442 sunt.
3154 1387 3408 1443 Nonnulli

1837 1468 1980 1522 enim
2017 1469 2253 1524 Verbum
2297 1487 2361 1525 ex
2411 1473 2522 1528 Deo
2552 1474 2713 1529 Patre
2746 1479 2987 1547 genitum
3018 1480 3273 1536 Genitore
3305 1484 3407 1536 mi-

1839 1573 2023 1614 norem
2057 1574 2176 1615 esse
2212 1561 2420 1625 dicunt,
2455 1565 2663 1628 miseri,
2696 1575 2750 1621 et
2788 1579 3098 1624 cxtraneam
3127 1571 3407 1627 servilem-

1837 1665 1942 1718 que
1972 1666 2282 1706 mensuram
2326 1654 2399 1707 illi
2446 1655 2685 1711 tribucre
2720 1673 2824 1711 non
2869 1659 3114 1714 horrent.
3148 1663 3250 1715 Alii
3280 1676 3410 1717 vero

1838 1742 2062 1809 impium
2095 1756 2148 1798 et
2177 1744 2508 1800 ell'renatum
2537 1762 2600 1802 os
2631 1759 2902 1803 exacuunt
2938 1752 3195 1806 adversus
3232 1753 3407 1821 Spiri-

1841 1843 1948 1886 tum
1987 1843 2257 1900 sanctum,
2293 1847 2350 1888 ut
2372 1835 2491 1903 jure
2525 1837 2900 1906 propheticum
2935 1839 3062 1894 illud
3099 1842 3148 1910 in
3177 1857 3269 1896 eos
3301 1844 3408 1898 dici

161 1936 246 1986 τὸν
285 1932 568 2002 φωτισμὸν
611 1932 703 1984 τοῦ
742 1930 1077 1998 Εὑαγγελίου
1112 1929 1212 1996 τῆς
1248 1927 1408 1994 δόξης
1454 1924 1549 1978 τοῦ
1595 1926 1730 1996 Χρι-

1839 1924 2053 1989 possit:
2092 1943 2110 1972 ‹
2144 1923 2251 1976 Vos
2299 1933 2480 1978 autem
2533 1925 2795 1991 accedite,
2829 1927 2921 1979 lilii
2974 1927 3178 1994 iniqui,
3220 1943 3408 1985 semen

164 2024 283 2078 ατοῦ
301 2043 315 2056 ο
344 2044 362 2076 ι
405 2025 783 2093 πεπλάνηνται
810 2022 865 2074 δὲ
885 2020 1261 2088 πολυτρόπως.
1290 2018 1354 2070 Ol
1385 2016 1484 2097 μὲν
1514 2017 1621 2086 γάρ
1641 2017 1732 2069 τὸν

164 2118 223 2167 ἐκ
247 2113 383 2167 Θεοῦ
413 2114 626 2183 Πατρὸς
652 2112 825 2179 φύντα
851 2110 1043 2177 Λόγον,
1061 2111 1117 2162 ὲν
1151 2107 1328 2178 μείοσι
1352 2107 1444 2160 τοῦ
1476 2124 1734 2178 γεγεννη-

162 2207 307 2267 κότος
342 2200 483 2256 εῖναί
518 2205 577 2256 τέ
609 2219 772 2270 φασιν
810 2202 858 2254 ol
886 2201 1130 2263 δείλαιοι,
1178 2200 1272 2254 καὶ
1304 2199 1363 2251 τὸ
1405 2198 1639 2267 ἔκφυλον
1670 2217 1728 2252 τε

163 2295 250 2346 καὶ
274 2293 639 2364 δουλοπρεπὲς
663 2291 814 2363 αὐτῷ
848 2291 1251 2363 προσνέμοντες
1285 2289 1507 2360 μέτρον,
1539 2291 1599 2343 οὐ
1631 2307 1731 2342 κα-

162 2384 581 2454 ταπεερρίκασιν.
616 2385 681 2437 Ol
712 2383 771 2436 δὲ
800 2383 876 2453 τῷ
926 2382 1066 2450 ἁγίῳ
1098 2379 1376 2449 Πνεύματι
1414 2381 1477 2433 τὸ
1517 2381 1732 2434 ἀνόσιόν

162 2489 214 2523 τε
243 2473 336 2525 καὶ
359 2473 598 2542 ἀκρατὲς
627 2472 984 2541 ἑπιθήγοντες
1008 2471 1202 2542 στόμα,
1222 2471 1448 2534 δικαίως
1473 2470 1730 2525 ἀκούουσι

161 2561 247 2614 τοῦ
285 2564 572 2632 προφήτου
619 2561 905 2630 λέγοντος·
952 2581 969 2613 ι
1007 2561 1199 2630 Ὑμεῖς
1240 2561 1298 2614 δὲ
1345 2561 1729 2631 προσαγάγετε

159 2645 276 2715 ὦδε,
304 2652 411 2704 υἱοὶ
431 2651 647 2721 ἀνομοι,
671 2650 894 2723 σπέρμα
924 2651 1132 2720 μοιχῶν
1157 2651 1251 2704 καὶ
1279 2651 1485 2721 πόρνης
1507 2667 1520 2680 ο
1547 2652 1605 2704 ὲν
1625 2651 1732 2705 τίνι

161 2743 573 2813 ὲνετρυφησατε,
607 2744 706 2794 καὶ
726 2742 820 2795 ἐπὶ
847 2741 952 2794 τίνι
973 2741 1222 2812 ὴνοίξατε
1249 2741 1310 2794 τὸ
1340 2741 1516 2811 στόμα
1539 2742 1567 2793 ὑ
1577 2742 1692 2811 μῶν
1713 2781 1729 2806 ,

159 2833 248 2887 καὶ
263 2835 352 2888 ἐπὶ
375 2835 481 2888 τίνι
512 2831 816 2904 ὲχαλάσκτε
834 2833 933 2906 τὴν
958 2832 1210 2902 γλῶσσαν
1230 2832 1416 2905 ὕμῶν;
1440 2833 1552 2902 Οὐχ
1574 2832 1734 2903 ὑμεῖς

163 2929 275 2980 ἐστε
304 2929 472 2980 τέκνα
507 2927 805 2990 ἀπωλείας,
842 2926 1064 2997 σπέρμα
1097 2927 1331 2998 άνομον;
1367 2926 1506 2979 Ἀλλ’
1534 2927 1732 2979 ἐκεῖνοι

161 3020 258 3088 μὲν
279 3020 636 3090 πορεύσονται
671 3018 750 3090 τῷ
779 3017 990 3072 ἑαυτῶν
1017 3019 1181 3088 φωτὶ,
1215 3019 1313 3072 καὶ
1350 3019 1555 3087 φλόγας
1583 3021 1732 3090 εὑρί-

163 3127 371 3164 σκουσιν
401 3110 510 3184 [ῑσ.
535 3108 876 3182 εὑρήσουσι],
896 3109 962 3174 ἀς
986 3109 1290 3176 ἐξέκαυσαν
1320 3111 1493 3163 αὐτοί.
1518 3129 1536 3161 ι
1556 3111 1732 3181 Ἥμᾶς

156 3201 211 3252 δὲ
267 3201 590 3267 ἀκόλουθον,
642 3196 725 3264 οἷς
762 3198 1054 3272 ὀρθότητος
1100 3199 1251 3271 μέγει
1276 3239 1291 3264 ,
1333 3202 1494 3270 σοφόν
1538 3218 1596 3254 τε
1640 3203 1732 3256 καὶ

157 3293 352 3362 ἀκριϐῆ
380 3295 474 3346 τὸν
501 3296 585 3362 ἐφ’
629 3294 850 3364 ἑκάστῳ
897 3293 1007 3348 τῶν
1037 3294 1196 3348 θείων
1235 3294 1522 3364 δογμάτων
1557 3296 1728 3347 ποιεῖ-

162 3382 275 3433 σθαι
327 3383 520 3450 λόγον’
573 3386 669 3435 καὶ
714 3384 817 3451 τῆς
865 3385 1091 3435 ἐκείνων
1138 3384 1541 3454 ἀθυροστομίας
1591 3401 1731 3457 παρα

158 3471 417 3526 αιτεῖσθαι
468 3473 535 3526 τὰ
569 3473 924 3542 ἐγκλήματαο
958 3475 1046 3526 ἵνα
1090 3473 1165 3544 μή
1212 3489 1266 3526 τι
1302 3475 1604 3538 πταίοντες,
1636 3478 1730 3530 καὶ

160 3563 562 3633 ἁμαρτάνοντες
592 3564 674 3625 είς
693 3562 828 3624 ,τοὺς
855 3561 1140 3631 ἀδελφοὺς,
1181 3563 1507 3633 πλήττοντές
1535 3582 1593 3617 τε
1632 3566 1731 3624 αὑ·

160 3654 259 3706 τῶν
282 3657 378 3724 τὴν
420 3653 727 3724 συνείδησιν
772 3653 1127 3718 ἀσθενοῦσαν,
1162 3654 1242 3715 είς
1280 3654 1518 3724 Χριστὸν
1549 3655 1730 3724 ἀμαρ-

159 3747 420 3816 τάνωμεν.
461 3725 851 3815 ’Δκουσώμεθα
883 3743 996 3815 [Ζσ.
1022 3743 1388 3815 ἀκουσόμεθα]
1410 3745 1520 3814 γὰρ
1549 3743 1730 3814 λέγον-

158 3853 241 3899 τος
269 3837 431 3901 εὐθύς
451 3855 464 3867 ·
502 3855 518 3888 t
549 3837 672 3888 Ὅτι
702 3839 751 3888 εί
773 3839 802 3889 ό
827 3836 1018 3907 ἐχθρὸς
1044 3835 1287 3889 ὠνείδισέ
1320 3853 1409 3906 με,
1447 3837 1732 3908 ὑπήνεγκα

159 3929 220 3980 ἀν
241 3945 252 3956 ·
287 3929 380 3982 καὶ
416 3928 468 3980 εί
497 3930 526 3979 ό
560 3926 733 3995 μισῶν
761 3943 829 3996 με
869 3927 957 3980 ἐπ’
987 3925 1088 3996 ἐμὲ
1118 3926 1728 3998 ἐμεγαλορρημόνησεν,

159 4018 391 4088 ἐκρὺόην
437 4020 504 4074 ἂν
560 4018 872 4074 ἀπἀὒτοῦ.
906 4019 978 4071 Συ
1029 4017 1120 4081 δὲ,
1175 4016 1428 4089 ἄνθρωπε
1486 4017 1729 4087 ίσόψυχε,

159 4110 374 4179 ἡγεμών
402 4129 528 4182 μου,
564 4111 658 4164 καὶ
681 4110 891 4180 γνωστέ
920 4124 1054 4181 μουο
1081 4107 1143 4172 ὃς
1174 4111 1266 4163 ἐπὶ
1310 4111 1372 4162 τὸ
1403 4110 1536 4163 αὐτὸ
1571 4108 1732 4178 έγλύ-

162 4203 324 4263 κανάς
369 4221 461 4272 μοι
496 4203 796 4272 ἐδέσματαο
831 4204 889 4254 ὲν
925 4201 1005 4271 τῷ
1035 4203 1170 4271 οἴκῳ
1199 4201 1294 4253 τοῦ
1326 4201 1460 4253 Θεοῦ
1497 4201 1730 4271 ἐπορεύ-

163 4291 328 4362 θημεν
373 4295 434 4345 ὲν
479 4293 724 4363 ὁμονοίᾳ.
759 4311 776 4343 ι
811 4291 952 4345 Ἀλλ’
983 4292 1050 4345 τοι
1085 4292 1184 4362 μὲν
1217 4291 1294 4354 ὠς
1331 4290 1545 4361 ἐχθρῶν
1571 4293 1731 4345 ταυτὶ

165 4382 416 4449 κεφαλὰς,
457 4383 505 4435 οἳ
531 4381 632 4451 τῆς
657 4379 752 4434 τοῦ
785 4380 1041 4450 Σωτῆρος
1072 4377 1231 4450 ἡμῶν
1261 4377 1729 4446 καταστρατεύονοο

165 4488 246 4525 ται
268 4473 446 4544 δόξης,
475 4475 570 4526 καὶ
596 4472 810 4543 τρυφὴν
838 4471 1099 4542 ἡγοῦνται
1129 4470 1227 4533 τὰς
1264 4471 1343 4533 είς
1381 4469 1541 4523 αὑτὸν
1563 4468 1726 4537 βλασ-

1835 2011 2206 2065 adulterorum
2237 2023 2289 2064 et
2324 2013 2628 2068 meretricis
2657 2031 2669 2077 ;
2699 2014 2749 2067 in
2790 2029 2947 2082 quem
2971 2018 3222 2071 Oblectati
3254 2022 3408 2087 estis,

1835 2108 1890 2151 et
1919 2099 1969 2152 in
2000 2113 2159 2169 quem
2184 2101 2477 2168 aperuistis
2508 2117 2569 2154 os
2606 2113 2864 2166 vestrum,
2895 2116 2949 2158 et
2980 2106 3030 2159 in
3065 2123 3221 2174 quem
3260 2109 3409 2164 laxa-

1833 2190 1934 2244 stis
1978 2189 2214 2260 linguam
2254 2194 2529 2246 vestram?
2560 2191 2750 2247 Nonne
2779 2210 2873 2248 vos
2914 2198 3045 2252 estis
3099 2198 3190 2253 lilii
3225 2203 3409 2268 perdi-

1838 2283 2019 2347 tionis,
2067 2299 2249 2338 semen
2282 2285 2522 2354 iniquum
2545 2287 2630 2340 ‘°?
2675 2286 2779 2342 Sed
2813 2287 2884 2342 illi
2913 2291 3128 2357 quidem
3163 2292 3406 2348 atubula-

1833 2373 1970 2430 bunt
2005 2376 2056 2430 in
2087 2376 2291 2430 lumine
2318 2391 2437 2441 suo,
2470 2385 2520 2431 et
2552 2376 2796 2434 flammas
2833 2379 3108 2436 invenient
3137 2398 3272 2450 quas
3305 2386 3406 2453 ipsi

1836 2469 2202 2522 accenderunt
2228 2468 2292 2523 ¹¹.
2325 2488 2343 2519 ι
2387 2469 2551 2524 Nobis
2591 2478 2792 2536 autem,
2826 2473 3023 2542 quibus
3066 2485 3269 2529 rectum
3301 2477 3409 2532 iter

1832 2565 1917 2610 est
1939 2570 2105 2620 curae,
2140 2557 2394 2612 convenit
2424 2559 2699 2629 sapienter
2724 2569 2778 2615 et
2805 2572 3059 2617 accurate
3082 2565 3148 2618 de
3179 2565 3408 2634 singulis

1836 2644 2037 2699 divinis
2066 2646 2408 2714 dogmatibus
2441 2646 2610 2718 loqui,
2643 2664 2944 2720 cavereque
2993 2667 3056 2706 ne
3091 2652 3306 2708 illorum
3352 2655 3404 2709 in

1834 2736 2100 2806 loquendo
2129 2740 2452 2795 temeritatis
2494 2741 2698 2797 crimen
2736 2743 3098 2813 incurramus,
3135 2762 3204 2801 ne
3235 2749 3408 2803 offen-

1827 2827 2022 2891 dentes
2057 2837 2114 2882 et
2151 2839 2438 2898 peccantes
2487 2830 2541 2884 in
2585 2831 2804 2898 fratres,
2843 2842 2898 2887 et
2929 2837 3294 2903 percutientes
3329 2838 3406 2891 iu-

1835 2917 2044 2974 firmam
2088 2923 2323 2989 ipsorum
2366 2924 2778 2989 conscientiam,
2815 2927 2866 2979 in
2895 2925 3170 2982 Christum
3215 2943 3406 2998 pecce-

1835 3023 1952 3064 mus
1979 3008 2044 3064 ι’.
2081 3010 2230 3064 lllico
2255 3012 2398 3066 enim
2424 3012 2709 3068 audiemus
2739 3030 2860 3069 eum
2897 3016 3162 3072 dicentem
3185 3035 3198 3072 :
3219 3038 3237 3071 ‹
3263 3019 3407 3085 Quo—

1835 3101 1982 3157 niam
2026 3103 2070 3156 si
2116 3102 2370 3159 inimicus
2424 3120 2578 3160 meus
2612 3105 2981 3163 maledixisset
3037 3109 3191 3174 mihi,
3243 3113 3408 3166 susti-

1835 3195 2074 3250 nuissem
2106 3196 2331 3265 utique;
2375 3205 2429 3252 et
2460 3199 2507 3252 si
2554 3199 2598 3253 is
2630 3199 2722 3267 qui
2771 3202 2958 3254 oderat
2989 3217 3092 3266 me,
3125 3218 3287 3272 super
3320 3220 3408 3262 me

1834 3299 2028 3354 magna
2079 3286 2293 3341 locutus
2344 3287 2559 3353 fuisset,
2605 3289 3008 3346 abscondissem
3057 3308 3145 3346 me
3177 3294 3402 3350 forsitan

1833 3375 1900 3429 ab
1934 3389 1998 3430 eo
2033 3393 2050 3430 :
2085 3387 2138 3431 tu
2165 3391 2315 3444 vero,
2349 3379 2513 3434 homo
2543 3380 2833 3447 unanimis,
2856 3381 2958 3436 dux
2989 3398 3139 3438 meus
3165 3393 3218 3437 et
3241 3393 3405 3438 notus

1832 3480 2004 3530 meus,
2043 3468 2134 3534 qui
2174 3469 2336 3523 simul
2381 3465 2590 3525 mecum
2623 3472 2806 3526 dulces
2837 3474 3088 3540 capiebas
3129 3476 3301 3541 cibos,
3353 3478 3404 3529 in

1831 3554 1992 3609 domo
2022 3555 2115 3610 Dei
2139 3557 2534 3615 ambulavimus
2556 3576 2676 3614 cum
2705 3577 2969 3618 consensu
3001 3564 3064 3619 ".
3106 3584 3124 3616 ›
3161 3564 3265 3620 Sed
3292 3568 3406 3621 hac

1831 3644 1886 3700 in
1928 3648 2106 3717 capita
2139 3648 2480 3704 inimicorum
2525 3661 2757 3716 vertant,
2789 3654 2878 3723 qui
2907 3653 3104 3709 bellum
3144 3659 3406 3712 adversus

1833 3736 2133 3794 Salvatoris
2165 3739 2331 3794 nostri
2364 3739 2591 3809 gloriam
2625 3753 2998 3810 susceperunt,
3043 3751 3096 3798 et
3129 3745 3405 3813 conjectas

1833 3827 1884 3881 in
1932 3842 2054 3882 eum
2116 3827 2478 3898 blasphemias
2537 3845 2634 3898 pro
2697 3832 2906 3889 deliciis
2966 3835 3187 3890 habent.
3236 3835 3402 3892 Nobis

1830 3928 2034 3984 autem,
2070 3929 2130 3974 ut
2155 3919 2280 3981 dixi,
2323 3933 2744 3978 consentaneum
2775 3933 2858 3979 est
2901 3939 2965 3979 ac
3011 3930 3404 3994 necessarium,

1832 4011 1922 4078 qui
1953 4025 2018 4066 ea
2053 4025 2243 4080 sapere
2271 4014 2550 4069 studemus
2578 4029 2698 4086 quae
2729 4015 2805 4070 illi
2847 4016 3082 4083 placent,
3115 4019 3403 4086 providere

1833 4115 1900 4155 ne
1940 4116 2118 4156 sermo
2175 4113 2358 4158 noster
2408 4119 2436 4156 a
2473 4106 2702 4160 veritate
2751 4105 2822 4160 sit
2868 4116 3125 4172 remotus,
3156 4121 3248 4161 aut
3295 4109 3402 4163 alio

1833 4191 2086 4259 quopiam
2121 4194 2326 4254 tendat.
2367 4207 2430 4250 ac
2462 4201 2673 4263 spectet
2703 4193 2772 4250 ad
2817 4196 3034 4250 inanem
3079 4198 3401 4271 vanitatem,

1835 4283 1902 4348 is,
1957 4282 2197 4353 inquam,
2253 4285 2343 4352 qui
2395 4285 2461 4338 ad
2511 4285 2753 4340 subditos
2802 4286 3054 4350 habetur,
3112 4291 3206 4343 sed
3255 4293 3400 4360 quod

1832 4382 1982 4427 recte
2028 4373 2268 4442 prolatus
2324 4375 2416 4438 sit,
2450 4375 2621 4444 ipsius
2652 4375 2897 4432 veritatis
2947 4375 3205 4448 suffragio
3247 4397 3400 4438 com-

1835 4463 2141 4518 mendetur.
2194 4461 2318 4517 llaec
2372 4469 2553 4517 autem
2603 4479 2667 4518 eo
2717 4466 2863 4530 dico,
2913 4469 3040 4536 quia
3088 4469 3141 4523 in
3203 4470 3400 4529 librum

168 4565 380 4632 φημίαςο
398 4566 545 4635 ἡμᾶς
562 4563 640 4626 δὲ,
661 4563 736 4626 ὡς
753 4563 909 4632 ἔφην,
929 4559 1218 4615 ἀκόλουθόν
1234 4576 1292 4611 τε
1317 4559 1410 4611 καὶ
1430 4560 1724 4626 ἀναγκαῖον

1834 4556 2118 4623 quemdam
2169 4571 2197 4608 a
2240 4556 2474 4624 quodam
2522 4557 2879 4624 compositum
2944 4559 3130 4626 incidi,
3187 4562 3239 4615 in
3295 4577 3404 4631 quo

170 4657 282 4718 τοὺς
302 4657 366 4708 τά
387 4657 532 4726 αὺτῷ
549 4653 810 4709 δοκοῦντα
838 4655 1053 4724 φρονεῖν
1078 4649 1501 4714 σπουδάζοντας,
1535 4651 1608 4719 μὴ
1629 4651 1727 4719 τῆς

174 4745 412 4813 ἀληθείας
432 4746 918 4816 ὲκκεκομισμένον,
937 4745 1103 4814 ἤγουν
1120 4741 1353 4812 ἑτέρωσέ
1381 4757 1470 4793 ποι
1494 4739 1729 4811 διᾴττον-

173 4853 252 4900 τα,
277 4841 366 4891 καὶ
393 4838 683 4892 νενευκότα
702 4837 835 4906 πρὸς
867 4834 926 4887 τὸ
946 4831 1314 4901 ὲξίτηλον,τὸν
1339 4832 1472 4901 πρός
1495 4847 1557 4898 γε
1588 4832 1730 4901 φημὶ

173 4930 282 4993 τοὺς
299 4931 398 4983 ὑπὸ
421 4932 596 5001 χεῖρα,
614 4929 709 4982 καὶ
724 4929 843 4988 ταῖς
865 4927 942 4987 εἰς
967 4924 1236 4994 ὀρθότητα
1257 4922 1461 4992 ψήφοις
1483 4921 1541 4986 ἐξ
1560 4923 1730 4992 αὐτῆς

174 5021 260 5086 τῆς
290 5021 542 5094 ἀληθείας
594 5015 1044 5086 στεφανούμενον.
1073 5014 1182 5067 Καὶ
1218 5012 1391 5065 ταῦτά
1421 5029 1583 5082 φημι,
1623 5013 1730 5064 τινὶ

175 5111 268 5163 τῶν
301 5112 512 5182 βιϐλίων
546 5108 856 5182 περιτυχὼν
905 5106 1010 5159 ὑπό
1043 5122 1136 5158 του
1182 5104 1599 5174 συντεθειμένῳ,
1631 5103 1726 5156 καὶ

175 5203 358 5277 πολλὴν
393 5205 490 5276 μὲν
525 5203 704 5274 ἔχοντι
738 5199 846 5252 τῶν
875 5197 1101 5268 ὁμιλιῶν
1143 5196 1243 5268 τὴν
1273 5196 1539 5265 ἄθροισιν,
1581 5212 1722 5250 στοι-

175 5293 316 5362 χηδὸν
341 5294 413 5356 δὲ,
453 5295 548 5348 καὶ
586 5293 661 5354 ὠς
713 5290 771 5340 ὲν
804 5287 954 5350 τάξει
986 5285 1274 5355 κειμένων,
1306 5284 1636 5354 ὴμοιρηκόσι
1667 5283 1722 5338 δὲ

178 5387 278 5437 κατ’
311 5386 494 5438 οὐδένα
523 5383 724 5453 τρόπον
752 5379 846 5432 τοῦ
877 5376 1202 5446 κατέχεσθαι
1235 5376 1362 5428 δεῖν.
1401 5377 1508 5427 Καὶ
1539 5376 1585 5426 εί
1626 5375 1726 5443 μὲν

175 5474 365 5544 εἴρηταί
403 5494 455 5528 τι
487 5474 640 5546 παρὰ
669 5471 766 5525 τοῦ
804 5469 1267 5538 συγγεγραφότος,
1297 5468 1325 5518 ὃ
1355 5469 1473 5528 ταῖς
1513 5468 1591 5528 εἰς
1631 5467 1726 5536 λή-

175 5563 260 5633 θην
298 5567 621 5638 ἀποδημίαις
655 5561 988 5636 ᾖφανίζετο,
1023 5559 1124 5612 κᾶν
1167 5559 1351 5630 ᾠήθην
1397 5557 1526 5620 δεῖν,
1571 5557 1728 5628 σιγὴν

232 5771 249 5802 ⁸
272 5771 516 5830 lsa.xxx,
557 5767 646 5821 10.
730 5764 750 5795 ⁷
781 5762 972 5817 Matth.
1000 5776 1097 5828 xu,
1119 5762 1210 5818 35.
1287 5766 1308 5797 ⁸
1337 5761 1468 5818 ibid.
1501 5761 1590 5814 55.
1672 5760 1730 5817 ’l

1834 5765 1918 5817 Lor.
1954 5775 2028 5827 Iv,
2059 5760 2112 5815 4.
2194 5761 2234 5792 ιο
2267 5760 2370 5817 lsa.
2401 5775 2532 5826 Lvu,
2564 5761 2616 5815 4.
2699 5761 2737 5791 ¹¹
2769 5757 2871 5814 lsa.
2905 5759 3072 5824 1.,li.

167 5855 264 5909 vin,
302 5841 380 5900 12.
461 5840 502 5870 ⁸³
531 5837 682 5893 Psal.
713 5849 823 5901 LIV,
861 5832 1048 5891 15-15.

1834 4645 1983 4699 multi
2048 4654 2203 4698 erant
2260 4645 2503 4716 congesti
2562 4661 2839 4702 sermones
2889 4664 2986 4718 per
3036 4652 3300 4708 elementa
3345 4664 3404 4712 et

1828 4738 1976 4790 velut
2018 4737 2206 4791 ordine
2262 4738 2528 4807 dispositi,
2583 4738 2837 4807 nullaque
2892 4744 3028 4794 ratio
3085 4744 3132 4797 ei
3191 4745 3399 4815 deerat,

1829 4830 2116 4901 quominus
2150 4831 2369 4884 retineri
2407 4840 2608 4899 posset.
2635 4828 2691 4903 4
2726 4831 2804 4884 Ac
2832 4831 2876 4884 si
2906 4847 2933 4885 a
2963 4833 3233 4902 scriptore
3257 4836 3404 4904 ejus-

1829 4920 1974 4974 modi
2007 4920 2209 4989 aliquid
2242 4921 2445 4975 dictum
2481 4932 2644 4985 esset,
2678 4922 2818 4990 quod
2851 4923 3108 4979 oblivioni
3143 4927 3397 4984 traditum

1835 5019 2204 5074 evanesceret,
2245 5012 2429 5066 forsan
2478 5014 2664 5082 utique
2710 5015 3022 5070 statuissem
3069 5027 3125 5072 et
3155 5019 3287 5073 mihi
3329 5021 3408 5075 si-

1833 5099 2047 5155 lendum
2083 5116 2224 5165 esse,
2271 5112 2325 5156 et
2368 5103 2579 5157 caeteris
2616 5103 3005 5160 consulendum
3051 5117 3108 5162 ut
3147 5109 3286 5163 idem
3325 5109 3404 5165 fa-

1831 5201 2051 5255 cerent,
2112 5207 2179 5246 ne
2232 5191 2411 5248 multis
2469 5193 2588 5248 aliis
2634 5195 2972 5264 posterisque
3027 5200 3223 5253 nostris
3277 5211 3406 5256 nota

1832 5295 2012 5339 essent
2047 5293 2155 5337 tam
2182 5284 2410 5339 absurde
2450 5294 2668 5354 tamque
2698 5286 3072 5352 imprudenter
3103 5289 3270 5343 dicta.
3295 5291 3404 5346 Sed

1832 5377 1959 5444 quia
1996 5375 2446 5444 blasphemiarum
2480 5377 2634 5430 turba
2665 5377 2716 5430 in
2747 5391 2812 5430 eo
2840 5377 2976 5432 libro
3013 5391 3266 5448 congesta
3298 5392 3404 5448 est,

1831 5478 1886 5522 et
1924 5467 2146 5519 multum
2191 5467 2448 5520 adversus
2486 5467 2736 5535 dogmata
2771 5467 3016 5522 veritatis
3047 5469 3404 5524 declamatum

1834 5566 1888 5612 et
1941 5555 2332 5622 oblateratum,
2377 5557 2650 5625 quomodo
2704 5571 2810 5611 non
2874 5561 3243 5612 necessarium
3305 5560 3410 5616 fuit

3151 5761 3191 5790 “
3219 5756 3237 5815 l
3268 5757 3404 5822 Cor.
