4104 6464
693 428 760 484 IS
1724 422 1780 476 S.
1829 418 2104 477 CYRILLI
2144 412 2613 472 ALEXANDRINI
2652 410 2973 468 ARCIIIEP.
3882 412 3946 466 I6

690 539 1071 611 propemodum
1102 545 1159 592 ut
1191 536 1621 607 accingerentur,
1668 541 1721 587 et
1764 548 1863 603 pro
1896 533 2072 588 salute
2100 531 2262 586 lecto-

2375 545 2434 581 τε
2460 527 2606 597 ἔχειν
2624 524 2809 589 αὐτὸς,
2826 525 2917 577 καὶ
2941 524 3148 592 ἑτέροις
3179 522 3577 594 συμϐουλεῦσαι
3601 525 3761 579 τοῦτο
3786 525 3944 595 δρᾷν·

690 650 807 688 rum
839 642 1191 697 certaremus,
1226 646 1292 686 ne
1323 632 1488 685 ullum
1518 643 1585 683 ex
1630 642 1693 683 ea
1732 642 1789 684 re
1821 628 2080 683 damnum
2108 634 2263 694 pate-

687 732 895 787 rentur,
932 736 997 777 ac
1041 724 1313 777 discerent
1347 720 1525 790 potius
1563 718 1831 787 iacturam
1880 732 1947 773 ex
1978 729 2263 786 perperam

689 813 846 867 dictis
878 815 1283 881 provenientem
1318 822 1542 866 strenue
1586 810 1888 881 repellere?
1916 809 2048 864 Nam
2079 810 2267 865 beatus

687 903 926 958 Joannes
984 904 1128 958 filius
1190 904 1411 957 tonitrui
1469 918 1497 956 a
1549 904 1833 959 Salvatore
1870 905 2110 959 omnium
2171 916 2267 956 no-

688 1005 858 1049 strum
896 995 1114 1051 Christo
1164 1004 1244 1049 est
1276 995 1579 1064 appellatus
1602 996 1669 1059 “,
1714 1009 1776 1049 ac
1811 1000 2026 1060 merito,
2075 1003 2132 1047 nt
2174 990 2265 1061 qui

689 1102 941 1157 magnum
989 1088 1240 1157 quiddam
1286 1094 1340 1140 et
1394 1086 1667 1140 insolitum
1716 1084 1930 1151 eﬂ'atus,
1982 1098 2269 1156 propemo-

686 1178 814 1233 dum
867 1177 1051 1231 orbem
1103 1177 1285 1231 sonitu
1336 1176 1702 1240 concusserit,
1754 1185 1808 1231 et
1851 1187 2023 1231 terras
2064 1177 2264 1229 tonitru

686 1266 964 1321 terruerit.
990 1264 1040 1319 Is
1064 1268 1207 1319 enim
1237 1265 1363 1319 illud
1394 1264 1699 1319 venerabile
1724 1264 1880 1333 plane
1908 1278 2268 1332 magnumque

687 1356 1075 1411 incarnationis
1106 1355 1376 1424 Unigeniti
1421 1358 1735 1425 mysterium
1766 1357 1966 1425 Optime
1994 1354 2264 1409 declarat:

684 1443 814 1499 dicit
842 1446 985 1498 enim
1020 1461 1032 1497 :
1069 1462 1086 1495 ι
1122 1443 1177 1497 In
1205 1444 1473 1513 principio
1497 1454 1618 1498 erat
1649 1443 1910 1508 Verbum,
1940 1454 1992 1499 et
2022 1441 2263 1499 Verbum

682 1546 803 1591 erat
832 1538 972 1605 apud
1006 1536 1198 1602 Deum,
1238 1545 1291 1591 et
1325 1538 1465 1591 Deus
1499 1547 1619 1592 erat
1647 1537 1881 1593 Verbum
1912 1553 1926 1591 :
1958 1538 2137 1592 omnia
2172 1551 2267 1606 per

682 1627 856 1696 ipsum
888 1627 1025 1681 facta
1058 1637 1203 1691 sunt,
1237 1637 1290 1681 et
1327 1627 1443 1682 sine
1478 1627 1595 1696 ipso
1629 1626 1834 1683 factum
1868 1637 1953 1683 est
1982 1628 2114 1681 nihil
2143 1629 2207 1681 η.
2240 1645 2258 1679 ι

683 1717 784 1774 Ubi
814 1734 942 1773 vero
977 1729 1230 1775 accurate
1266 1727 1319 1775 et
1364 1720 1604 1788 expolita
1649 1722 1905 1791 mysteria
1935 1722 2178 1785 tradidit,
2212 1732 2267 1776 et

683 1811 1029 1880 Unigenitum
1082 1820 1137 1865 et
1184 1810 1348 1865 Deum
1398 1828 1538 1877 esse,
1602 1823 1657 1867 et
1688 1827 1755 1867 ex
1808 1814 1919 1867 Deo
1969 1813 2261 1866 secundum

687 1911 936 1960 naturam
994 1901 1343 1956 ineffabiliter
1402 1910 1589 1954 natum
1633 1899 2031 1968 pronuntiavit,
2082 1913 2260 1951 rerum

2372 619 2448 680 ὡς
2501 618 2568 669 ἂν
2613 615 2688 685 μὴ
2728 614 2940 675 πολλοῖς
2989 613 3217 683 ἑτέροις,
3248 614 3342 667 καὶ
3388 616 3501 675 τοῖς
3541 613 3655 683 μεθ’
3685 615 3829 681 ἡμᾶς
3864 614 3949 673 εἴη

2372 706 2650 777 γνώριμα,
2685 705 2757 756 τὰ
2804 702 2977 765 οὕτως
3028 705 3293 766 ἐκτόπως,
3340 704 3437 756 καὶ
3482 704 3767 772 ἀτημελῶς
3801 706 3950 773 εἰρη-

2375 798 2534 866 μένα.
2572 795 2790 865 Ἐπειδὴ
2816 795 2872 847 δέ
2904 794 3226 863 δυσφημιῶν
3257 795 3412 864 δχλος
3443 792 3841 865 ἐνσεσὼρευται
3872 794 3953 864 τῷ

2374 888 2583 957 βιϐλίῳ,
2634 889 2729 939 καὶ
2763 886 2929 955 πολλὴ
2973 904 3061 949 τις
3096 887 3378 957 γέγονενὴ
3426 889 3799 958 κατάρῤησις,
3842 882 3953 939 τῶν

2369 979 2470 1050 τῆς
2514 979 2773 1048 ἀληθείας
2828 978 3247 1032 καθυλακτοῦσα
3301 980 3630 1050 δογμάτων,
3677 980 3792 1041 πῶς
3849 980 3952 1031 οὐκ

2370 1072 2669 1137 ἀναγκαῖον
2699 1070 2845 1138 ἡμᾶς
2898 1070 3181 1139 μονονουχὶ
3210 1072 3305 1122 καὶ
3338 1070 3833 1129 ἀνταποδύσασθαι,
3858 1073 3955 1123 καὶ

2371 1160 2747 1229 ύπεραθλῆσαι
2775 1161 2881 1213 τῶν
2908 1162 3329 1231 ἐντευξομένων,
3356 1162 3432 1225 ὡς
3458 1162 3525 1215 ἂν
3553 1164 3625 1233 μή
3652 1180 3702 1215 τι
3730 1161 3955 1215 πάθοιεν

2371 1251 2623 1305 ἐντεῦθεν
2648 1254 2706 1305 τὸ
2735 1252 2953 1321 βλάϐος,
2990 1255 3181 1308 εἰδεῖεν
3225 1254 3282 1308 δέ
3317 1255 3515 1324 μᾶλλον
3548 1253 3953 1324 ἀποκρούεσθαι

2371 1342 2656 1409 γεννικῶς,
2692 1343 2791 1411 τὴν
2817 1344 2925 1395 ἀπό
2954 1360 3016 1410 γε
3049 1342 3154 1396 τῶν
3180 1344 3282 1396 ούκ
3308 1343 3483 1414 ὀρθῶν
3510 1342 3815 1413 εἰρημένων
3853 1342 3953 1411 ζη-

2374 1435 2534 1504 μίαν;
2569 1434 2628 1486 Ὀ
2650 1435 2750 1504 μὲν
2777 1436 2885 1504 γὰρ
2915 1434 3203 1497 θεσπέσιος
3226 1437 3478 1506 Ἰωάννης
3502 1436 3614 1498 υἱὸς
3634 1436 3952 1505 ὠνόμασται

2373 1530 2605 1599 βροντῆς
2635 1529 2787 1599 παρὰ
2827 1529 2923 1581 τοῦ
2966 1530 3190 1583 πάντων
3218 1532 3377 1601 ἡμῶν
3407 1531 3659 1601 Σωτῆρος
3690 1530 3952 1601 Χριστοῦ,

2371 1623 2465 1676 καὶ
2492 1623 2635 1693 μάλα
2673 1623 2915 1685 είκότως,
2938 1623 3026 1676 διά
3046 1640 3105 1676 τε
3132 1624 3193 1676 τὸ
3217 1623 3500 1693 μονονουχὶ
3528 1624 3954 1693 κατακτυπῆσαι

2368 1716 2468 1784 τῆς
2502 1714 2595 1766 ὑπ’
2632 1715 2893 1784 οὐρανὸν,
2946 1715 3037 1769 καὶ
3090 1716 3535 1787 καταδροντῆσαι
3578 1716 3679 1785 τῆς
3712 1713 3834 1785 γῆς.
3877 1716 3957 1777 ὡς

2374 1805 2514 1871 μέγα
2556 1822 2610 1857 τι
2659 1807 2753 1856 καὶ
2785 1806 3019 1871 ἐξαίσιον
3090 1808 3349 1877 εἰρηκὼς.
3401 1810 3691 1878 Διατρανοϊ
3733 1810 3843 1878 γὰρ
3890 1803 3953 1858 εῦ

2372 1893 2519 1961 μάλα
2551 1892 2650 1963 τῆς
2690 1893 3163 1965 ἐνανθρωπήσεως
3186 1899 3280 1951 τοῦ
3304 1899 3645 1967 Μονογενοῦς
3669 1900 3729 1951 τὸ
3759 1900 3959 1952 σεπτὸν

684 1994 926 2049 omnium
973 2002 1272 2046 creatorem
1300 1998 1464 2058 atque
1490 1989 1775 2057 factorem,
1803 1997 1914 2042 tum
1940 1989 2193 2058 denique,
2212 1997 2262 2042 et

2367 1982 2603 2053 ἀληθῶς,
2642 1986 2736 2036 καὶ
2773 1986 2917 2055 μέγα
2964 1988 3297 2057 μυστήριον
3339 1988 3443 2057 εφη
3481 1989 3581 2057 μέν
3620 1989 3761 2058 γάρ’
3804 2008 3821 2039 ι
3863 1991 3957 2040 Ἐν

680 2083 899 2154 quidem
938 2082 989 2135 in
1039 2092 1303 2147 tempore,
1354 2081 1816 2151 sapientissimam
1852 2078 1999 2133 illam
2043 2088 2262 2148 propter

2367 2074 2507 2144 ἀρχῇ
2534 2069 2603 2143 ἦν
2628 2076 2655 2127 6
2686 2076 2879 2143 Λόγος,
2920 2077 3016 2129 καὶ
3044 2079 3075 2130 6
3096 2080 3268 2143 Λόγος
3295 2074 3363 2150 ἦν
3391 2080 3526 2150 πρὸς
3552 2081 3643 2133 τὸν
3675 2079 3827 2145 Θεὸν,
3860 2080 3957 2133 καὶ

682 2189 781 2231 nos
819 2188 881 2229 ac
923 2188 1018 2243 pro
1059 2175 1216 2228 nobis
1262 2182 1469 2241 gestam
1504 2172 1963 2243 dispensationem
2004 2185 2262 2226 enarrare

2365 2164 2497 2229 Θεὸς
2527 2164 2596 2237 ἦν
2619 2168 2647 2219 6
2667 2169 2841 2236 Λόγος
2861 2185 2876 2200 ο
2910 2169 3090 2223 πάντα
3119 2170 3186 2223 δι’
3208 2172 3373 2224 αὑτοῦ
3402 2174 3638 2240 ἐγένετο,
3663 2176 3753 2227 καὶ
3781 2172 3957 2243 χωρίς

684 2265 919 2330 orditur,
956 2275 1011 2319 et
1058 2264 1175 2318 ait:
1215 2282 1232 2316 ι
1271 2263 1337 2318 Ει
1368 2262 1610 2320 Verbum
1656 2277 1788 2319 caro
1815 2262 2016 2318 factum
2058 2271 2163 2326 est,
2209 2270 2262 2315 et

2366 2257 2533 2310 αὑτοῦ
2568 2257 2785 2326 ἐγένετο
2814 2259 2934 2313 οὐδὲ
2969 2260 3046 2313 ἐν,
3074 2281 3092 2311 ι
3124 2262 3344 2333 Ἐπειδὴ
3380 2263 3436 2316 δὲ
3472 2265 3702 2335 ἀκριϐῆ,
3744 2266 3837 2317 καὶ
3862 2281 3956 2315 τε-

684 2358 947 2413 habitavit
977 2358 1029 2411 in
1062 2357 1214 2411 nobis
1242 2368 1325 2411 :et
1348 2357 1579 2411 vidimus
1605 2355 1832 2426 gloriam
1864 2355 2003 2424 ejus,
2035 2352 2259 2425 gloriam

2365 2350 2732 2421 τορνευμένην
2771 2351 3069 2421 ἐποιήσατο
3098 2352 3197 2423 τὴν
3239 2356 3650 2425 μυσταγωγίαν,
3682 2355 3772 2408 καὶ
3818 2353 3956 2406 Θεὸν

681 2449 834 2516 quasi
867 2447 1139 2517 Unigeniti
1190 2464 1215 2501 a
1255 2447 1439 2514 Patre,
1470 2448 1686 2515 plenum
1726 2450 1915 2518 gratia:
1961 2457 2015 2502 et
2063 2448 2262 2502 verita-

2365 2440 2702 2512 ὑπάρχοντα,
2732 2443 2828 2495 καὶ
2860 2443 2926 2495 ἐκ
2958 2442 3094 2496 Θεοῦ
3124 2446 3267 2498 κατά
3302 2448 3466 2515 φύσιν
3496 2449 3821 2518 ἀπορῤήτως
3855 2464 3955 2514 γε·

682 2538 750 2592 tis
774 2538 838 2591 ".
873 2556 891 2589 ι
939 2540 1016 2594 Ac
1067 2536 1303 2593 Verbum
1361 2552 1577 2592 carnem
1619 2538 1777 2604 dixit,
1822 2548 1881 2593 ut
1926 2553 2068 2593 verae
2121 2538 2262 2593 illius

2365 2548 2527 2604 γεννη
2538 2534 2696 2603 μένον
2711 2533 2956 2603 ἀπέφηνε
2971 2534 3063 2589 τὸν
3094 2536 3394 2607 Μονογενῆ,
3423 2538 3669 2607 κτίστην,
3686 2538 3779 2590 καὶ
3799 2554 3956 2605 ποιπ-

683 2628 923 2696 unionis,
955 2645 1073 2698 qua:
1101 2632 1357 2685 nimirum
1391 2629 1689 2683 secundum
1723 2630 2039 2698 hypostasin
2080 2630 2261 2684 consi-

2365 2624 2463 2693 τὴν
2492 2623 2600 2677 τῶν
2621 2624 2780 2689 ὅλων,
2806 2624 2927 2677 τότε
2954 2624 3039 2696 δὴ,
3070 2626 3188 2679 τότε
3212 2630 3307 2682 καὶ
3333 2628 3453 2681 λίαν
3479 2630 3571 2681 ἐπὶ
3603 2626 3816 2700 καιροῦ,
3851 2629 3955 2696 τῆς

681 2720 924 2783 derat'ur,
965 2724 1070 2775 vim
1122 2723 1469 2777 declararet:
1505 2725 1557 2776 in
1604 2737 1669 2776 eo
1714 2732 1892 2775 autem
1935 2722 2078 2791 quod
2112 2721 2259 2775 illum

2369 2715 2649 2785 πανσόφου
2679 2717 2865 2770 λοιπὸν
2894 2718 2959 2770 δι’
2987 2720 3132 2790 ἡμᾶς
3151 2736 3208 2772 τε
3236 2720 3331 2774 καὶ
3353 2720 3491 2791 ὺπέρ
3510 2720 3668 2793 ⁴ημῶν
3696 2737 3952 2792 πεπραγ-

682 2811 739 2865 in
772 2812 927 2866 nobis
969 2812 1244 2867 habitasse
1282 2814 1435 2876 dicit,
1477 2828 1585 2866 non
1617 2811 1748 2865 sinit
1778 2811 2101 2883 intelligere,
2130 2809 2262 2866 Ver-

2369 2806 2538 2877 μένης
2572 2809 2884 2879 οἰκονομίας
2922 2810 3294 2883 ἄρχεταισκαί
3333 2828 3485 2881 φησι·
3521 2830 3544 2863 ι
3569 2810 3678 2865 Καὶ
3713 2814 3741 2865 6
3779 2813 3955 2880 Λόγος

683 2902 810 2955 bum
860 2901 987 2954 illud
1033 2902 1329 2955 secundum
1382 2911 1631 2956 naturam
1679 2916 1745 2955 ex
1778 2901 1886 2956 Deo
1929 2903 2157 2964 editum,
2210 2903 2261 2955 in

2366 2894 2504 2965 σὰρξ
2530 2896 2765 2964 ἐγένετο,
2788 2899 2881 2951 καὶ
2904 2901 3214 2971 ἐσκήνωσεν
3234 2903 3291 2953 ἐν
3315 2902 3463 2970 ἡμῖν·
3488 2902 3582 2954 καὶ
3603 2901 3953 2971 ἐθεασάμεθα

684 3002 956 3047 terrenam
1006 3007 1227 3048 carnem
1272 2994 1441 3049 fuisse
1480 3006 1768 3050 mutatum.
1809 2996 2058 3051 Putasset
2091 2996 2260 3061 enim,

680 3094 742 3139 ut
786 3087 1000 3155 Opinor,
1052 3087 1321 3157 quispiam
1372 3088 1463 3157 qui
1509 3103 1615 3143 non
1672 3088 1961 3142 admodum
2015 3087 2259 3152 calleret,

683 3176 938 3245 quidnam
972 3177 1041 3231 sit
1088 3178 1180 3233 illa
1222 3180 1401 3233 divina
1436 3189 1491 3234 et
1518 3180 1658 3233 ultra
1704 3195 1814 3235 rem
1854 3193 2068 3234 omnem
2111 3194 2262 3234 crea-
2287 3206 2331 3265 ο

684 3278 794 3324 tam
824 3269 925 3322 sita
955 3278 1167 3334 natura,
1202 3288 1320 3325 eam
1352 3272 1584 3327 fortasse
1611 3272 1924 3327 mutationis
1956 3274 2118 3327 etiam
2140 3286 2262 3327 esse

681 3373 973 3428 capacem,
1025 3362 1477 3431 propriorumque
1535 3364 1803 3417 bonorum
1855 3378 1975 3431 qua:
2019 3362 2120 3416 sibi
2168 3378 2263 3429 per

680 3451 973 3504 essentiam
1008 3462 1132 3506 sunt
1181 3452 1364 3517 insita,
1411 3453 1791 3522 negligentem,
1832 3452 1885 3505 in
1921 3450 2067 3505 aliud
2099 3451 2261 3519 quid-

681 3540 823 3609 piam
860 3543 1131 3595 diversum
1164 3544 1229 3596 ab
1267 3557 1331 3596 eo
1370 3543 1512 3611 quod
1556 3550 1639 3597 est
1668 3541 2069 3611 quodammodo
2104 3542 2263 3610 degeo

682 3644 910 3695 nerare;
958 3640 1012 3684 et
1061 3631 1472 3685 alterationibus
1510 3645 1574 3685 ac
1616 3631 2007 3685 mutationibus
2047 3645 2114 3685 ex
2159 3632 2262 3683 im-

681 3720 898 3790 proviso
916 3722 1181 3776 subditam
1204 3722 1267 3775 ad
1288 3733 1662 3776 creaturarum
1683 3736 1965 3777 mensuras
1996 3721 2184 3791 redigi.
2207 3720 2261 3777 Id

680 3826 811 3867 vero
844 3812 996 3867 nefas
1036 3828 1156 3869 esse
1203 3828 1428 3882 prorsus
1476 3813 1605 3881 (fixa
1639 3828 1873 3882 namque
1918 3820 2001 3868 est
2031 3812 2125 3867 Dei
2167 3828 2263 3867 na-

679 3912 827 3965 tura,
856 3910 909 3955 et
942 3903 995 3955 in
1026 3903 1222 3971 quibus
1250 3915 1352 3965 est,
1388 3913 1673 3969 permanet
1708 3904 2070 3972 inconcussa)
2104 3912 2264 3956 testa-

681 4003 767 4047 tus
799 4003 883 4046 est
925 4007 1047 4046 cum
1100 3994 1237 4047 dixit
1270 4012 1283 4046 :
1316 4012 1335 4044 ι
1364 3992 1643 4047 Habitavit
1678 3995 1729 4049 in
1767 3994 1960 4061 nobis;
1994 4013 2012 4045 ι
2044 3993 2093 4062 5
2132 3994 2261 4048 Ver-

677 4082 807 4138 bum
842 4083 1097 4138 nimirum
1134 4086 1296 4139 etiam
1328 4100 1460 4139 caro
1490 4085 1712 4139 factum.
1744 4085 1952 4153 Quibus
1990 4086 2044 4141 in
2080 4086 2260 4141 verbis

678 4184 733 4229 et
767 4174 1188 4244 dispensationis
1224 4178 1546 4245 sapientiam
1576 4179 1873 4249 prudenter
1910 4181 2180 4250 exposuit,
2208 4192 2261 4237 et

677 4266 1093 4336 vigilantissime
1124 4268 1286 4335 cavit,
1318 4284 1389 4324 ne
1426 4273 1548 4340 quis
1594 4273 1767 4341 ipsius
1794 4272 1959 4329 Verbi
2010 4286 2259 4331 naturam

678 4356 1063 4423 calumnietur,
1094 4368 1351 4429 tanquam
1381 4378 1446 4416 ex
1489 4366 1790 4420 mutatione
1828 4375 1881 4420 et
1906 4368 2260 4423 conversione

680 4458 810 4501 caro
844 4449 913 4500 sit
944 4444 1168 4501 factum.
1212 4450 1525 4505 Asserimus
1559 4452 1723 4520 igitur
1763 4454 1927 4507 etiam
1962 4456 2086 4526 ipsi,
2118 4457 2260 4512 viro-

2362 2986 2462 3055 τὴν
2488 2984 2647 3051 δόξαν
2674 2987 2861 3054 αὐτοῦ,
2890 2989 3047 3056 δόξαν
3072 2990 3146 3053 ὡς
3169 2990 3508 3059 Μονογενοῦς
3538 3011 3612 3045 πα
3624 2994 3690 3063 ρὰ
3712 2994 3951 3063 Πατρὸς,

2364 3076 2581 3149 πλήρης
2617 3080 2836 3149 χάριτος
2869 3082 2964 3134 καὶ
2998 3081 3275 3151 ἀληθείας.
3305 3102 3321 3133 ι
3348 3084 3533 3154 Σάρκα
3565 3086 3665 3155 μὲν
3707 3086 3815 3156 γάρ
3844 3086 3950 3155 ἔφη

2364 3168 2456 3221 τὸν
2496 3169 2689 3236 Λόγον,
2717 3172 2817 3240 τῆς
2853 3171 3089 3243 ἀληθοῦς
3140 3174 3409 3239 ἐνώσεως,
3446 3176 3607 3245 δῆλον
3638 3176 3694 3229 δὲ
3728 3178 3810 3230 ὅτι
3852 3177 3955 3246 τῆς

2365 3258 2487 3311 καθ’
2523 3259 2821 3312 ὑπόστασιν
2851 3262 3172 3331 νοουμένης,
3205 3265 3522 3332 ἐμφανίζων
3550 3266 3649 3335 τὴν
3676 3266 3910 3335 δύναμιν
3934 3282 3951 3297 ·

2362 3346 2449 3399 διὰ
2478 3348 2532 3399 δὲ
2572 3348 2667 3400 τοῦ
2702 3350 2795 3401 καὶ
2840 3351 2897 3402 ἐν
2927 3352 3066 3419 ἡμῖν
3099 3352 3262 3404 αὑτὸν
3310 3353 3589 3422 πηνῶσαι
3620 3354 3819 3421 λέγειν,
3850 3358 3956 3408 οὐκ

2366 3436 2550 3507 ἐφίησι
2576 3442 2715 3491 νοεῖν
2741 3440 2820 3502 εἰς
2846 3440 3027 3510 σάρκα
3041 3442 3141 3509 τὴν
3172 3444 3281 3496 ἀπὸ
3308 3447 3413 3514 γῆς
3441 3444 3532 3496 τὸν
3559 3446 3623 3496 ἐκ
3641 3444 3777 3497 Θεοῦ
3808 3449 3955 3499 κατά

2366 3528 2529 3596 φύσιν
2563 3532 2951 3601 μεταψρῆσαι
2982 3533 3175 3600 Λόγον.
3210 3534 3379 3604 ’ῼὴθη
3418 3535 3516 3605 μὲν
3547 3536 3633 3598 ἂν,
3665 3532 3839 3605 οἶμαι,
3866 3538 3955 3601 τις

2364 3620 2471 3673 τῶν
2501 3622 2561 3671 οὑ
2614 3622 2733 3674 λίαν
2760 3623 3150 3691 ἠκριϐωκότων
3180 3624 3207 3676 6
3242 3626 3293 3677 τί
3330 3628 3460 3677 ποτέ
3490 3629 3638 3679 ἐστιν
3677 3630 3708 3696 ἡ
3742 3628 3859 3680 θεία
3892 3646 3954 3681 τε

2365 3714 2458 3764 καὶ
2482 3713 2743 3782 γεννητοῦ
2782 3714 2981 3777 παντὸς
3014 3715 3273 3767 ἐπέκεινα
3311 3718 3495 3786 φύσις,
3532 3720 3671 3789 τάχα
3709 3737 3809 3773 που
3860 3723 3957 3775 καὶ

2363 3803 2573 3871 τροπῆς
2621 3800 2757 3855 εἶναι
2792 3804 3047 3879 δεκτικὴν
3099 3808 3291 3879 αὐτὴν,
3340 3812 3434 3862 καὶ
3482 3812 3955 3884 καταρᾳθυμῆσαι

2369 3897 2469 3967 μὲν
2506 3895 2765 3951 δύνασθαι
2809 3897 2920 3950 τῶν
2956 3899 3123 3963 ἰδίων,
3162 3903 3254 3954 καὶ
3302 3903 3576 3966 οὑσιωδῶς
3614 3907 3750 3977 αὐτῇ
3784 3924 3956 3977 προσ-

2362 3987 2688 4057 πεφυκότων
2714 3987 2959 4054 ἀγαθῶν,
2992 3991 3299 4060 μεταφῦναι
3328 3992 3381 4045 δὲ
3418 3992 3607 4065 ὥσπερ
3643 3998 3723 4059 είς
3765 3998 3957 4067 ἔτερόν

2363 4098 2437 4144 τι,
2458 4080 2587 4150 παρ’
2611 4080 2746 4150 ὅπερ
2764 4082 2901 4147 ἐστὶ,
2920 4082 3012 4134 καὶ
3037 4086 3149 4146 τοῖς
3178 4084 3277 4158 τῆς
3300 4085 3531 4148 κτίσεως
3558 4088 3955 4154 ἐγκαθικέσθαι

2367 4172 2609 4244 μέτροις,
2634 4172 2975 4239 ἀλλοιώσεσι,
3002 4174 3097 4227 καὶ
3122 4176 3453 4246 μεταϐολαῖς
3486 4177 3763 4248 ἀδοκήτως
3783 4180 3951 4232 ὑπεθ-

2365 4266 2702 4335 ηνεγμένην.
2746 4265 2891 4319 nux
2915 4267 2997 4318 ὅτι
3021 4266 3080 4318 τὸ
3105 4266 3296 4336 χρῆμά
3329 4269 3474 4319 ἐστιν
3501 4270 3782 4337 ἀμήχανον
3812 4287 3956 4322 παν-

2360 4358 2563 4422 τελῶς,
2597 4359 2911 4429 ἐρήρεισται
2941 4358 3051 4429 γάρ
3084 4362 3117 4429 ἡ
3146 4359 3241 4413 τοῦ
3276 4358 3411 4412 Θεοῦ
3438 4361 3619 4429 φύσις,
3653 4362 3747 4415 καὶ
3778 4364 3957 4433 ἀκρά-

2362 4450 2550 4504 δαντον
2581 4452 2691 4521 ἔχει
2725 4452 2823 4523 την
2847 4452 2933 4522 ἐφ’
2959 4448 3039 4516 οἷς
3071 4453 3186 4505 ἐστι
3208 4452 3485 4523 διαμονὴν,
3520 4454 3953 4525 μεμαρτύρηκεν

681 4551 799 4589 rum
835 4536 1099 4591 divinitus
1133 4539 1468 4608 loquentium
1500 4542 1810 4613 indagando
1856 4559 2099 4615 scopum,
2144 4558 2200 4603 et
2227 4563 2255 4601 a

2365 4542 2534 4594 εἰπὼν
2549 4542 2663 4605 τὺ,ι
2686 4544 3029 4614 Ἐσκήνωσεν
3056 4546 3114 4595 ἐν
3142 4546 3292 4614 ἡμῖν·
3318 4545 3525 4597 »καίτοι
3544 4545 3682 4615 σὰρξ
3711 4546 3953 4614 γεγονὼς

679 4628 804 4683 fidei
836 4630 1017 4698 regula
1046 4631 1189 4686 nulla
1214 4648 1280 4687 ex
1311 4642 1464 4703 parte
1517 4637 1841 4704 recedendo,
1872 4636 2021 4691 illum
2052 4654 2114 4693 ex
2150 4638 2258 4695 Deo

677 4723 975 4775 secundum
1024 4733 1292 4790 naturam,
1346 4725 1497 4780 illum
1557 4724 1931 4796 Unigenitum,
1972 4732 2120 4785 illum
2169 4734 2261 4804 qui

675 4819 761 4865 est
804 4813 857 4864 in
893 4813 1014 4867 sinu
1042 4813 1217 4869 Patris
1244 4815 1306 4880 ",
1355 4829 1451 4885 per
1490 4833 1649 4888 quem
1682 4822 1867 4874 omnia
1940 4835 1997 4877 et
2056 4826 2109 4879 in
2154 4843 2262 4896 quo

677 4905 857 4955 omnia
890 4902 955 4969 ⁸⁸,
992 4907 1240 4973 quamvis
1293 4917 1421 4962 ante
1459 4909 1639 4963 omnia
1677 4911 1872 4965 sazcula
1918 4923 1970 4966 et
2014 4922 2259 4985 tempora

675 4992 949 5062 propriam
973 4994 1197 5049 haberet
1217 4997 1617 5063 exsistentiam,
1645 5008 1701 5052 et
1722 4989 1937 5067 semper
1961 5003 2257 5060 simulcum

675 5083 929 5138 Genitore
961 5086 1303 5153 subsisteret,
1339 5088 1392 5141 in
1419 5089 1681 5144 extremis
1704 5090 1885 5145 saeculi
1925 5096 2259 5161 temporibus

674 5178 743 5232 ad
780 5178 1143 5233 voluntariam
1175 5180 1601 5235 exinanitionem
1649 5183 2017 5248 descendisse,
2055 5196 2109 5239 et
2150 5184 2258 5240 for-

678 5285 817 5321 mam
853 5271 992 5322 servi
1044 5272 1439 5340 suscepisse“,
1484 5271 1587 5325 hoc
1621 5282 1727 5339 est,
1770 5286 1957 5329 nostra
2001 5277 2253 5341 subiisse,

674 5373 727 5413 et
761 5362 1030 5417 hominem
1079 5362 1477 5431 dispensatorie
1517 5364 1719 5419 factum
1770 5382 1890 5422 esse
1919 5409 1933 5433 ,
1988 5370 2257 5423 assimila-

676 5462 895 5521 tumque
932 5454 1188 5509 fratribus
1226 5470 1321 5523 per
1362 5457 1566 5521 omnia,
1617 5472 1681 5511 eo
1717 5460 1859 5527 quod
1909 5461 2254 5530 participavit

672 5544 921 5600 similiter
953 5548 1099 5599 carni
1151 5556 1205 5601 et
1247 5550 1557 5615 sanguini"
1596 5560 1693 5604 :et
1741 5552 1815 5605 ita
1871 5554 2153 5607 nobiscum
2197 5565 2252 5609 et

745 5744 789 5773 “
822 5744 985 5795 Marc.
1018 5744 1205 5804 itI,I7.
1289 5747 1328 5777 ”
1363 5743 1514 5800 Juan.
1545 5763 1583 5811 ι,
1618 5745 1724 5802 1-5.
1809 5750 1850 5781 ’⁸
1881 5750 2017 5807 Ibid.
2057 5752 2141 5805 14.

673 5814 716 5845 *³
748 5812 905 5868 Hebr.
947 5831 1005 5881 ιι,
1044 5815 1231 5868 lt—IT.

2276 5755 2293 5784 ⁷
2330 5752 2487 5809 Ioan.
2522 5753 2561 5817 I,
2602 5753 2684 5808 l8.
2768 5753 2808 5783 ¹⁶
2843 5749 2996 5807 Joan.
3049 5766 3126 5815 XI,
3159 5751 3247 5805 ⁸56.

2366 4636 2395 4687 6
2422 4634 2620 4703 Λόγος·
2664 4636 2760 4688 καὶ
2790 4634 2851 4688 τὸ
2893 4635 2993 4705 τῆς
3020 4636 3335 4705 οἰκονομίας
3368 4635 3531 4705 σοφὸν
3563 4638 3829 4705 ἐντέχνως
3859 4636 3953 4704 ἐξ·

2365 4727 2665 4798 ηγούμενος
2689 4742 2704 4758 ο
2735 4728 2830 4779 καὶ
2868 4728 2927 4780 τό
2957 4744 3018 4795 γε
3051 4728 3124 4797 μὴ
3154 4728 3264 4780 δεῖν
3304 4727 3400 4798 τὴν
3451 4726 3545 4779 τοῦ
3575 4728 3750 4795 Λόγου
3786 4728 3954 4795 φύσιν

2366 4820 2824 4890 συκοφαντεῖσθαι
2854 4820 2989 4887 πρός
3034 4836 3199 4884 τινος,
3249 4819 3324 4880 ὡς
3356 4820 3537 4889 σάρκα
3574 4821 3953 4890 γεγενημένην

2364 4914 2422 4981 ἐξ
2445 4912 2805 4974 ἀλλοιώσεως,
2832 4913 2926 4964 καὶ
2952 4912 3314 4984 παρατροπῆς
3347 4908 3405 4965 εὖ
3434 4913 3578 4982 μάλα
3607 4913 3949 4984 τετηρηκώς.

2361 5005 2542 5074 Φαμὲν
2576 4998 2669 5056 οὖν
2717 5003 2824 5073 ἀρα
2854 5002 2948 5054 καὶ
2980 5004 3143 5073 ἡμεῖς
3172 5003 3349 5063 αὐτοὶ,
3380 5004 3473 5055 τὸν
3516 5004 3625 5055 τῶν
3669 5002 3953 5075 θεηγὸρων

2364 5095 2780 5167 ίχνηλατοῦντες
2834 5094 3058 5156 σκοπὸν,
3122 5094 3217 5147 καὶ
3255 5095 3346 5147 τὸν
3389 5094 3487 5163 τῆς
3532 5096 3770 5157 πίστεως
3821 5096 3953 5165 ὅρον

2360 5187 2479 5241 κατ’
2509 5186 2696 5239 οὐδένα
2748 5184 2948 5255 τρόπον
2998 5184 3365 5247 ἐκϐαίνοντες,
3400 5185 3493 5237 τὸν
3530 5188 3595 5237 ἐκ
3628 5185 3764 5237 Θεοῦ
3807 5188 3955 5239 κατὰ

2360 5280 2545 5348 φύσιν,
2586 5278 2677 5330 τὸν
2713 5278 3018 5345 Μονογενῆ,
3049 5278 3142 5329 τὸν
3182 5279 3239 5329 ἐν
3279 5278 3501 5339 κόλποις
3538 5277 3667 5329 ὄντα
3710 5275 3804 5328 τοῦ
3838 5278 3955 5329 Πα-

2356 5374 2506 5444 τρὸς,
2535 5372 2625 5425 τὸν
2666 5372 2731 5424 δι’
2779 5364 2840 5423 οὗ
2876 5372 3074 5434 πάντα,
3118 5369 3208 5421 καὶ
3248 5371 3303 5420 ἐν
3340 5363 3383 5436 ᾧ
3413 5368 3481 5421 τὰ
3524 5369 3723 5432 πάντα,
3768 5367 3951 5420 καίτοι

2355 5466 2455 5533 τὴν
2484 5463 2591 5533 πρὸ
2624 5462 2825 5525 παντὸς
2867 5461 3086 5522 αίῶνος,
3134 5459 3227 5511 καὶ
3249 5459 3457 5531 χρόνων
3491 5458 3665 5527 ίδικὴν
3709 5456 3948 5527 ὓπαρξιν

2354 5556 2567 5625 ἔχοντα,
2590 5556 2684 5607 καὶ
2713 5555 2799 5607 ἀεὶ
2831 5551 3279 5623 συνυφεστηκότα
3312 5551 3390 5621 τῷ
3409 5550 3779 5620 γεγεννηκότι,
3812 5548 3948 5602 καθ·

3355 5754 3395 5785 ¹⁹
3433 5750 3663 5822 Philipp.
3698 5768 3734 5805 ll
3758 5792 3772 5815 ,
3802 5753 3855 5819 6,
3882 5754 3937 5809 7.
