4112 6482
710 438 774 496 19
1689 442 1744 497 S.
1788 438 2059 498 (ΣΥΜΠιί
2096 436 2561 494 ALEXANDle
2599 439 2913 496 ARCHIEP.

3899 422 3980 477 ‘10

711 559 1007 615 sententias
1025 574 1243 615 necesse
1276 566 1376 624 est,
1411 561 1554 625 date,
1588 559 1834 623 obsecro,
1861 559 2017 614 nobis
2039 557 2272 621 veniam,

2396 559 2665 629 γνώσομαι
2692 560 2801 630 γάρ
2825 560 2924 629 ἤδη
2952 558 3047 619 τὰς
3071 557 3161 609 τοῦ
3190 555 3247 607 τὸ
3286 552 3483 622 βιϐλίον
3515 543 3980 616 συγγεγραφότος

709 650 798 716 qui
832 666 935 706 non
977 662 1165 720 sponte
1190 654 1255 705 ad
1292 651 1452 704 verba
1496 649 1681 704 eadem
1719 649 1961 702 iteranda
2001 647 2267 710 venimus,

709 741 802 794 sed
846 757 1164 811 quacunque
1213 744 1356 798 illius
1389 744 1673 797 verborum
1713 755 1909 809 scopus
1941 740 2136 809 pergit,
2172 740 2271 794 ibi-

708 831 829 882 dem
860 830 934 885 illi
979 833 1368 886 occurrendnm
1400 844 1518 886 esse
1558 832 1922 886 decrevimus.
1973 829 2062 885 Sic
2108 831 2271 900 igitur

710 917 988 974 dixitcum
1025 937 1207 977 vocem
1246 922 1388 975 illam
1440 920 1767 990 improbaret
1820 923 1871 976 in
1919 930 2101 975 sancta
2149 919 2274 974 Vir-

709 1011 851 1077 gine,
877 1012 1124 1082 Deipnm,
1153 1016 1365 1084 inquam
1402 1032 1415 1067 :

2390 651 2572 719 φωνάς
2596 667 2607 678 '
2643 651 2734 702 καὶ
2768 650 2874 718 πρό
2901 665 2961 716 γε
2987 648 3092 700 τῶν
3124 646 3295 700 ἄλλων
3321 642 3552 702 ἐκείνας,
3587 638 3642 689 αἳ
3669 635 3988 704 γεγόνασιν

2381 740 2549 810 αὐτῷ,
2584 739 2682 808 τῆς
2711 742 2993 805 Θεοτόκρς
3025 739 3205 806 φωνῆς
3233 737 3292 790 οὑ
3327 733 3557 805 μετρίως
3580 724 3980 794 κατειρηκότι.

2394 832 2610 901 Ἐπειδὴ
2641 832 2696 884 δὲ
2728 831 3040 892 πλειστάκις
3066 828 3152 881 διὰ
3181 827 3290 878 τῶν
3321 821 3730 891 αὑτῶνέρχεται
3755 817 3978 881 λόγων,

2378 924 2668 976 ἀντανιστα
2676 921 2870 992 μένους
2883 920 2937 972 δὲ
2954 919 3048 973 καὶ
3067 921 3213 988 ἡμᾶς
3224 916 3312 970 διὰ
3331 915 3436 968 τῶν
3452 911 3630 966 αὐτῶν
3649 908 3787 961 ίέναι
3812 903 3926 957 πλε
3936 920 3986 954 ι-

2387 1013 2575 1076 στάκις
2607 1010 2846 1073 ἐννοιῶν,
2870 1011 3188 1076 ἀναγκαῖον,
3205 1009 3319 1061 δότε
3348 1005 3432 1073 δὴ,
3453 1004 3570 1056 δότε
3597 995 3985 1076 συγγνώμηνγ

708 1100 771 1159 οὑ
803 1106 1118 1157 ταυτοεπεῖν
1142 1083 1456 1175 ᾑρημένοις,
1482 1105 1595 1158 ἀλλ’
1621 1100 1765 1178 ᾗπερ
1792 1107 1857 1160 ἂν
1889 1108 1957 1159 τοι
1987 1104 2095 1157 τῶν
2125 1102 2334 1156 ἐκείνου
2363 1103 2536 1172 λόγων
2567 1099 2595 1156 ὃ
2626 1103 2845 1164 σκοπὸς,
2877 1101 3050 1172 ταύτῃ
3071 1101 3162 1152 καὶ
3197 1100 3325 1168 ἡμῖν
3354 1092 3738 1164 ἀντιφέρεσθαι
3757 1090 3882 1143 δεῖν
3912 1083 3979 1140 εὖ

715 1192 861 1259 μάλα
897 1195 1263 1263 διεγνωκόσιν.
1292 1197 1435 1267 Ἔφη
1473 1197 1652 1251 τοίνυν
1687 1198 1803 1264 ὡδὶ,
1831 1197 1928 1267 τὴν
1973 1195 2064 1249 ἐπι
2104 1212 2166 1264 γε
2201 1199 2268 1266 τῇ
2309 1195 2440 1266 ἁγίᾳ.
2472 1195 2737 1266 Παρθένῳ
2798 1191 3270 1261 κατακιὸδηλεύων
3339 1187 3544 1257 φωνὴν,
3585 1184 3728 1252 φημὶ
3772 1181 3837 1233 δὲ
3868 1178 3978 1249 τὴν

713 1285 1016 1350 Θεοτόκος.

780 1373 1024 1430 Νεετοιι.
1048 1376 1246 1449 [Sarpe,
1274 1380 1469 1449 inquit,
1494 1381 1615 1436 illos
1631 1380 1808 1450 rogavi
1830 1381 1942 1453 (eos
1965 1381 2169 1436 scilicet
2190 1379 2277 1447 qui

2451 1376 2798 1451 [Ἦρώτησα.
2833 1372 2986 1440 φησὶ,
3025 1369 3280 1430 πολλάκις
3320 1363 3518 1426 αὑτοὺς
3561 1361 3740 1430 (δῆλον
3782 1360 3846 1412 δὲ
3890 1361 3986 1415 ὅτι·

711 1461 810 1528 ipsi
834 1467 1320 1535 contradicebant),
1346 1467 1481 1522 Num
1510 1470 1772 1523 Deitatem
1796 1451 1976 1524 dicitis
2000 1485 2066 1524 ex
2091 1479 2279 1522 sancta

2396 1471 2504 1530 τοὺς
2536 1465 2917 1531 ἀντιλέγοντας
2930 1459 3265 1528 αὑτοῦ)·’1“ὴν
3299 1454 3530 1523 θεότητα
3551 1451 3735 1518 λέγετε
3764 1467 3980 1519 γεγεν-

714 1552 936 1624 Virgine
968 1559 1191 1612 natam?
1218 1558 1295 1613 Ad
1327 1560 1440 1614 haec
1469 1561 1629 1616 verba
1675 1561 1818 1615 illico
1849 1559 2138 1614 resiliunt:
2174 1559 2277 1612 Ec—

710 1647 852 1713 quis,
901 1646 1173 1716 inquiunt,
1224 1657 1374 1705 tanto
1406 1651 1758 1720 blasphemia:
1802 1651 1991 1704 morbo
2040 1650 2271 1713 laborat,

717 1745 773 1789 ut
803 1753 924 1806 qua:
960 1740 1218 1809 templum
1267 1744 1471 1812 genuit,
1507 1743 1741 1811 Spiritus
1783 1742 1957 1797 sancti
2005 1756 2190 1809 opera,
2225 1742 2278 1795 in

709 1841 774 1879 ea
806 1826 973 1882 Dettm
1008 1829 1179 1897 ipsum
1211 1840 1450 1884 creatum
1481 1831 1665 1885 dicat?
1697 1831 1896 1885 Deinde
1926 1846 2048 1885 cum
2075 1832 2140 1885 ad
2168 1827 2281 1885 limo

714 1915 942 1985 subjicio
981 1936 997 1973 :
1034 1920 1173 1985 Quid
1212 1920 1373 1988 igitur
1403 1922 1639 1975 absurdo
1665 1922 1862 1974 dicitur
1892 1934 1921 1972 a
1950 1919 2124 1982 nobis,
2157 1934 2278 1972 cum

714 2020 899 2061 vocem
929 2006 1069 2061 hanc
1104 2007 1298 2062 eﬂ‘erre
1331 2008 1542 2075 quidem
1574 2009 1882 2071 suademus,
1914 2008 2005 2061 sed
2036 2009 2100 2059 ad
2131 2021 2278 2060 com-

717 2109 878 2150 mune
923 2095 1135 2150 duabtts
1184 2097 1394 2150 naturis
1442 2096 1796 2165 signiﬁcatum
1845 2096 2108 2165 pergere?
2146 2094 2280 2150 Tum

715 2198 844 2239 vero
871 2192 1061 2253 putant
1110 2184 1484 2253 blasphemum
1522 2197 1643 2238 esse
1688 2184 1832 2252 quod
1876 2185 2148 2238 dicimus:
2177 2184 2284 2237 Aut

715 2283 898 2345 aperte
936 2275 1196 2330 conﬁtere
1225 2275 1565 2330 divinitatem
1603 2288 1668 2328 ex
1717 2277 1872 2330 beata
1919 2273 2089 2330 Maria
2132 2274 2284 2346 geni-

719 2375 848 2430 tam,
877 2375 971 2418 aut
1005 2365 1050 2420 si
1095 2375 1154 2420 ut
1189 2365 1555 2436 blaspltemam
1588 2365 1728 2436 iugis
1761 2367 1903 2421 hanc
1933 2379 2144 2430 vocem,
2187 2380 2284 2420 cur

714 2456 806 2524 qui
839 2456 1026 2511 eadem
1051 2465 1214 2527 atque
1237 2470 1338 2524 ego
1361 2457 1517 2523 dicis,
1549 2466 1600 2514 te
1625 2457 1768 2513 haud
1799 2457 1977 2513 dicere
1998 2456 2220 2514 simulas
2237 2455 2282 2528 ἲ]

785 2632 836 2700 7
864 2630 1002 2702 Ergo
1027 2647 1088 2687 ex
1122 2633 1208 2687 liis
1227 2647 1347 2701 quas
1377 2633 1714 2702 dicis,atque
1744 2632 1907 2686 etiam
1937 2631 2132 2686 nescio
2148 2644 2285 2700 quo-

717 2723 876 2775 modo
908 2723 1249 2776 sentiendum
1275 2732 1458 2794 putas,
1487 2723 1555 2779 de
1588 2725 1653 2778 iis
1677 2724 1770 2794 qui
1800 2730 1986 2779 contra
2012 2724 2281 2787 sentiunt,

718 2823 903 2881 aperte
929 2814 1294 2869 testimonium
1333 2814 1509 2870 fertur
1538 2816 1700 2870 etiam
1739 2825 1842 2870 tuae
1867 2816 2016 2869 vocis
2062 2814 2284 2869 confes-

717 2905 887 2969 sione,
915 2913 1114 2959 rectam
1136 2905 1255 2960 illos
1280 2922 1344 2961 ac
1367 2922 1551 2961 veram
1583 2906 1908 2963 sententiam
1945 2907 2012 2961 de
2037 2916 2280 2962 nostrum

717 2994 955 3048 omnium
986 2994 1499 3053 SalvatoreChristo
1524 3009 1728 3063 tenere,
1757 3007 1811 3054 et
1834 2997 1994 3051 ﬁdem
2027 2998 2077 3050 in
2105 2997 2285 3050 animo

2384 1559 2581 1627 νῆσθαι
2617 1558 2680 1609 ἐκ
2707 1557 2806 1624 τῆς
2840 1552 3001 1619 ἁγίας
3033 1547 3351 1619 Παρθένου;
3391 1541 3764 1627 Ἀποπηδῶσιν
3800 1540 3992 1602 εὐθὺς

2386 1623 2522 1720 πρὸς
2548 1647 2608 1700 τὸ
2638 1623 2788 1717 ῥῆμα
2809 1659 2823 1674 ο
2854 1642 2962 1696 Καὶ
2990 1639 3094 1703 τίς,
3120 1636 3275 1706 φασὶ,
3306 1623 3575 1701 τοσαύτίην
3609 1629 3982 1720 βλασφημίαν

2388 1717 2550 1800 νοσεῖ,
2582 1736 2720 1789 ὥστε
2754 1733 2969 1801 ἐκείνην
3007 1729 3103 1798 τὴν
3131 1725 3467 1795 γεννήσασαν
3497 1721 3588 1773 τὸν
3618 1719 3742 1772 νἀδν
3777 1717 3992 1785 λέγειν

2383 1826 2537 1894 παρὰ
2562 1824 2655 1879 τοῦ
2706 1822 3022 1891 Πνεύματος
3049 1817 3141 1870 τὸν
3182 1815 3314 1867 Θεὸν
3357 1814 3414 1864 ἐν
3460 1811 3644 1879 ἐκείνῃ
3676 1808 3984 1872 ἐκτίσθαιζ

2385 1912 2515 1967 Εἶτα
2542 1914 2669 1966 ὅταν
2691 1910 2956 1978 ἐπαγάγω
2983 1908 3120 1976 πρδς
3141 1904 3334 1969 ταῦτα,
3362 1902 3426 1954 Τί
3457 1896 3547 1954 οὖν
3575 1901 3773 1953 ἄτοπον
3804 1900 3988 1968 ἡμεῖς

2383 2002 2612 2073 λέγομεν
2640 1999 3100 2071 συμϐουλεύοντες
3126 1994 3304 2062 λέγειν
3333 1993 3434 2061 τὴν
3466 1990 3670 2061 φωνὴν,
3700 1991 3797 2041 καὶ
3821 1988 3990 2058 ἔρχει

2387 2094 2508 2148 σθαι
2546 2094 2640 2147 ἐπὶ
2676 2091 2736 2145 τὸ
2779 2090 2955 2144 κοινὸν
3005 2085 3400 2157 σημαινόμενον
3430 2083 3536 2136 τῶν
3585 2082 3678 2136 δύο
3709 2081 3940 2150 φύσεων
3960 2097 3989 2143 ;-

2383 2187 2517 2241 Τότε
2551 2184 2829 2255 νομίζεται
2867 2182 3052 2243 αὐτοῖς
3091 2175 3232 2231 εῖναι·
3278 2177 3593 2247 βλάσφημον
3637 2174 3696 2227 τδ
3735 2173 3980 2242 λεγόμε-

2384 2290 2501 2331 νον⁶
2545 2277 2614 2329 ’Ἡ
2646 2274 2980 2345 ὁμολόγησον
3012 2269 3199 2339 σαφῶς
3230 2265 3458 2333 θεότητα
3504 2263 3870 2334 γεγεννῆσθαι
3909 2263 3990 2316 ἐκ

2383 2369 2485 2439 τῆς
2524 2366 2803 2438 μακαρίας
2859 2362 3100 2433 Μαρίας,
3155 2360 3188 2429 ἢ
3247 2359 3462 2426 φεύγων
3513 2356 3588 2418 ὼς
3638 2354 3992 2423 βλάσφημον-

2383 2461 2484 2529 τὴν
2536 2456 2740 2527 φωνὴν,
2788 2454 2844 2507 τί
2884 2452 2952 2506 τά
2991 2451 3132 2507 αὑτά
3166 2467 3255 2521 μοι
3306 2447 3516 2516 λέγων,
3571 2445 3845 2517 ὑποκρίνῃ
3898 2444 3987 2514 μὴ

2385 2548 2564 2617 λέγειν
2579 2544 2618 2618 ς]

2455 2637 2664 2693 Οὐκοῦν
2706 2633 2786 2699 οἷς
2831 2632 2966 2702 ἔφης
3012 2630 3190 2692 αὑτὸς,
3221 2627 3314 2681 καὶ
3353 2625 3459 2696 μὴν
3490 2623 3582 2678 καὶ
3611 2623 3831 2692 φρονεῖν
3873 2618 3993 2673 οὑιο

2386 2728 2478 2787 ο¹ίδ⁴
2511 2732 2659 2792 ὃπως
2701 2726 2894 2790 ἀξιοῖς,
2921 2702 3071 2776 uicti
3099 2719 3312 2774 ἐναντία
3359 2715 3692 2780 δοξάζοντες,
3741 2727 3978 2780 μεμαρ-

2384 2820 2646 2892 τύρηνται
2693 2813 2878 2885 σαφῶς
2912 2813 3004 2866 καὶ
3043 2811 3129 2864 διά
3162 2810 3262 2878 τῆς
3297 2807 3395 2877 σῆς
3422 2803 3627 2874 φωνῆς,
3661 2802 3833 2872 ὀρθὴν
3878 2799 3987 2892 καὶ·

2387 2891 2798 2976 ἀπλανεστάτην
2829 2906 2927 2975 τὴν
2966 2902 3056 2956 ἐπί
3085 2919 3149 2969 γε
3191 2900 3272 2970 τῷ
3319 2899 3536 2952 πάντων
3563 2894 3718 2962 ἡμῶν
3751 2891 3985 2960 Σωτῆρι-

2387 3000 2626 3072 Χριστῷ,
2657 2996 2965 3066 ποιούμενοι
3017 2992 3209 3058 δόξαν,
3247 2992 3340 3044 καὶ
3389 2989 3571 3040 πίστιν
3616 2984 3834 3053 ἔχοντες
3896 2983 3993 3042 εἰς

719 3084 938 3149 habere,
971 3100 1132 3155 quam
1168 3088 1204 3141 ii
1237 3089 1327 3158 qui
1364 3089 1432 3143 ab
1467 3090 1625 3145 initio
1648 3089 1746 3159 ipsi
1783 3089 2061 3154 viderunt,
2093 3097 2146 3142 et
2178 3085 2283 3140 mi-

2396 3091 2532 3154 νοῦν,
2551 3091 2617 3161 ἣν
2634 3090 2752 3152 ταῖς
2776 3084 3125 3155 Ἐκκλησίαις
3149 3078 3593 3151 παραδεδώκασιν
3613 3079 3658 3130 οἱ
3679 3076 3772 3129 άπ⁸
3797 3076 3992 3144 ἀρχῆς

720 3174 876 3230 nistri
901 3175 1118 3231 fuerunt
1148 3180 1438 3246 sermonis,
1462 3180 1879 3250 divinorumque
1901 3177 2282 3248 mysteriorum

721 3278 1028 3324 nostrorum
1059 3272 1368 3325 sacerdotes
1409 3272 1921 3341 dispensatoresque
1965 3269 2146 3322 ﬁdeles
2179 3268 2285 3322 Ec-

721 3359 899 3414 clesiis
927 3359 1267 3416 tradiderunt.
1303 3362 1368 3417 ³⁸.
1402 3361 1532 3416 Jure
1572 3362 1714 3417 enim
1758 3371 2009 3431 tanquam
2061 3359 2286 3413 inscitiae

721 3464 1050 3520 summaeque
1101 3452 1392 3521 impietatis
1439 3454 1661 3508 evidens
1704 3461 2077 3522 argumentum
2131 3465 2285 3503 aver-

722 3550 913 3596 santur
941 3543 1022 3595 vel
1059 3543 1173 3596 sola
1217 3543 1621 3598 existimatione
1660 3543 1950 3610 concipere
1975 3581 1988 3604 ,
2047 3540 2174 3593 illud
2219 3554 2284 3593 ex

734 3632 841 3684 Deo
864 3631 1026 3684 Patre
1055 3632 1290 3686 Verbum
1318 3634 1383 3685 ad
1417 3631 1712 3686 secundum
1739 3632 1948 3685 initium
1973 3640 2029 3684 nt
2059 3647 2177 3685 esse
2207 3631 2286 3682 in-

726 3725 934 3792 ciperet.
967 3734 1215 3778 vocatum
1239 3739 1378 3786 esse,
1414 3724 1498 3777 vel
1529 3732 1728 3777 sancta:
1777 3721 2016 3789 Virginis
2065 3736 2284 3775 carnem

727 3828 838 3870 sum
864 3815 1196 3870 exsistentiae
1219 3816 1360 3869 velut
1403 3815 1634 3869 radicem
1664 3815 1950 3882 quamdam
1970 3812 2244 3880 accepisse
2270 3825 2287 3864 :

727 3907 821 3962 sed
855 3915 1033 3960 tamen
1070 3909 1239 3975 ipsam
1279 3906 1368 3960 Dei
1420 3906 1733 3975 genitricem
1787 3913 2022 3967 vocant,
2079 3912 2136 3955 ιιι
2171 3916 2292 3971 quae

731 3996 876 4049 illum
900 3996 1325 4058 Emmanuelem,
1361 3998 1450 4065 qui
1487 4012 1552 4050 ex
1586 4005 1776 4050 natura
1813 3995 1952 4050 Deus
1983 4003 2090 4055 est,
2119 4008 2285 4062 pepe-

733 4085 862 4139 rerit
895 4101 910 4138 :
945 4101 1067 4139 nam
1130 4087 1257 4140 illud
1311 4084 1543 4142 Verbum
1607 4087 1803 4142 factum
1852 4095 1934 4141 est
1984 4087 2291 4148 nobiscum,

732 4179 874 4246 quod
902 4194 968 4233 ex
1002 4191 1192 4234 natura
1229 4181 1367 4236 Deus
1395 4191 1449 4236 et
1482 4197 1642 4252 supra
1668 4196 1765 4236 nos
1792 4189 1932 4236 erat.
1959 4179 2097 4234 Num
2128 4180 2296 4248 igitur

737 4270 801 4325 iis
854 4285 973 4341 quae
1003 4273 1240 4326 sentiunt
1296 4275 1569 4326 contraria
1612 4274 1909 4328 asserunt?
1943 4272 2094 4326 Dicet
2126 4271 2294 4335 enim,

735 4372 791 4416 ut
829 4373 979 4432 puto,
1016 4365 1281 4434 quispiam
1331 4380 1394 4419 ex
1444 4366 1510 4418 iis
1557 4366 1647 4432 qui
1696 4376 1870 4419 tecum
1908 4364 2152 4417 sentiunt
2189 4378 2205 4412 :
2237 4361 2296 4416 Si

736 4452 894 4510 Verbi
929 4466 1172 4510 naturam
1209 4459 1412 4528 prolem
1443 4475 1565 4514 esse
1587 4459 1768 4513 carnis
1797 4472 1964 4526 negas
1985 4495 1998 4518 ,
2036 4465 2087 4508 et
2119 4465 2170 4508 te
2202 4457 2302 4508 hoc

2393 3179 2658 3234 αὐτόπται
2685 3177 2780 3230 καὶ
2809 3172 3078 3244 ὑπηρέται
3106 3170 3387 3241 γενόμενοι
3411 3167 3504 3221 τοῦ
3535 3167 3716 3234 λόγου,
3739 3164 3842 3216 καὶ
3866 3163 3991 3215 τῶν·

2394 3273 2550 3325 θείων
2571 3269 2728 3341 ἡμῶν
2755 3265 3065 3339 μυστηρίων
3087 3262 3376 3332 ἱερουργοὶ,
3402 3259 3495 3313 καὶ
3516 3257 3704 3326 ταμίαι
3725 3256 3977 3323 γνήσιοι·

2394 3362 2740 3417 ἀποσείονται
2791 3358 2890 3427 μὲν
2930 3357 3038 3422 γὰρ
3081 3353 3174 3404 καὶ
3223 3351 3368 3418 μάλα
3396 3347 3591 3416 ὀρθῶς,
3624 3346 3698 3406 ὡς
3729 3343 3992 3412 ἀμαθίας

2393 3468 2451 3503 τε
2476 3447 2610 3518 ὁμοῦ
2639 3447 2729 3499 καὶ
2761 3445 2861 3514 τῆς
2902 3445 2980 3504 εἰς
3016 3440 3184 3510 άκ-ρον
3229 3436 3467 3509 ἡκούσης
3494 3433 3811 3498 δυσσεϐείας
3842 3431 3982 3486 ἀπό-

2393 3541 2555 3605 δειξιν
2590 3537 2813 3608 ἐναργῆ,
2845 3535 2905 3587 τὸ
2957 3533 3059 3586 κᾶν
3110 3530 3238 3598 γοῦν
3285 3528 3534 3598 οἰηθῆναι
3582 3527 3760 3598 μόνον,
3787 3526 3883 3577 τὸν
3917 3525 3989 3574 ἐκ

2397 3630 2532 3685 Θεοῦ
2575 3630 2785 3698 Πατρὸς
2820 3627 2991 3699 Λόγον
3025 3624 3104 3685 είς
3134 3621 3305 3692 ἀρχὴν
3350 3619 3444 3672 τοῦ
3493 3614 3629 3670 εἶναι
3675 3612 3984 3682 κεκλῆσθαι

2397 3720 2677 3790 δευτέραν,
2716 3720 2882 3786 ἤγουν
2929 3717 3029 3783 τῆς
3078 3711 3212 3773 ιδίας
3255 3706 3542 3777 ὑπάρξεως
3591 3704 3745 3773 ῥίζαν
3785 3701 3986 3766 ὥσπερ

2397 3813 2538 3876 τινὰ,
2571 3811 2668 3879 τῆς
2703 3809 2864 3875 ἁγίας
2897 3803 3174 3876 Παρθένου
3223 3799 3315 3870 τὴν
3361 3799 3540 3867 σάρκα
3585 3794 3801 3848 λαὸεἰν·
3840 3791 3984 3879 πλην

2400 3902 2722 3972 ὀνομάζουσι
2741 3897 3001 3949 Θεοτόκον
3027 3892 3217 3959 αὑτὴν,
3237 3889 3311 3951 ὡς
3334 3885 3702 3940 ἁποτεκοῦσαν
3730 3877 3986 3951 δηλονότι

2400 3969 2529 4048 Θεὸν
2559 3991 2689 4044 ὄντα
2733 3987 2874 4042 κατὰ
2906 3985 3065 4054 φύσιν
3099 3982 3188 4034 τὸν
3221 3975 3569 4049 Ἐμμανουήλ
3593 3992 3606 4006 ο
3637 3973 3828 4042 γέγονε
3875 3969 3987 4037 γὰρ

2406 4087 2521 4154 μεθ’
2551 4083 2706 4154 ἡμῶν
2735 4080 2867 4141 Θεὸς
2913 4077 2988 4128 ὢν
3035 4073 3215 4144 φύσει,
3249 4072 3344 4124 καὶ
3383 4068 3522 4137 ὑπὲρ
3557 4066 3698 4136 ἡμᾶς
3780 4061 3982 4154 Λόγοςέ

2402 4174 2526 4246 Ἆρ’
2547 4149 2639 4228 οὑν
2665 4168 2743 4236 οἷς
2770 4169 3008 4234 δοξάζειν
3027 4164 3296 4233 ἐγνώκασι
3326 4157 3579 4212 τάναντία
3605 4153 3801 4224 φασίν;
3836 4149 3986 4220 Ἐρεί

2403 4245 2532 4337 γὰρ,
2564 4261 2741 4336 οἶμαι,
2770 4265 2852 4326 τίς
2881 4260 2986 4313 τῶν
3021 4259 3085 4310 τὰ
3119 4256 3255 4310 αὑτά
3293 4270 3372 4304 σοι
3402 4250 3616 4321 φρονεῖν
3645 4245 3942 4316 ᾑρημένων
3967 4254 3980 4267 ⁸

2406 4333 2492 4414 I—Eiv
2515 4359 2588 4429 μὴ
2732 4355 2823 4408 τοῦ
2837 4356 3006 4420 Λόγου
3033 4349 3192 4418 φύσιν
3215 4345 3458 4413 γέννημα
3474 4339 3672 4410 σαρκὸς
3689 4333 3830 4389 εἶναι
3857 4333 3983 4403 φὴς,

2403 4428 2642 4506 καὶτῶν
2682 4449 2760 4510 είς
2791 4445 2948 4498 τοῦτο
2987 4440 3184 4495 σαυτὸν
3213 4436 3573 4496 ἀπαλλάττεις
3617 4428 3986 4499 αἱτιαμάτων,

735 4549 961 4604 crimine
997 4550 1239 4612 liberas,
1267 4553 1535 4621 quomodo
1560 4552 1724 4621 igitur
1751 4559 1990 4604 sanctam
2020 4549 2289 4617 Virginem

2407 4543 2521 4607 πῶς
2567 4542 2629 4611 δὴ
2678 4541 2784 4610 ἄρα
2822 4537 2953 4590 Θεὸν
2985 4535 3290 4601 ἀποκυῆσαι
3333 4525 3629 4580 διαϐεϐαιοῖ
3679 4523 3773 4592 τὴν
3823 4519 3987 4588 ἁγίαν

738 4645 1010 4711 peperisse
1044 4642 1212 4697 Deum
1242 4645 1439 4697 asseris
1465 4644 1488 4695 ?
1524 4644 1628 4696 Sed
1656 4644 1702 4696 is
1731 4657 1757 4694 a
1787 4643 1940 4694 nobis
1962 4655 1991 4694 e
2022 4641 2298 4695 contrario

740 4737 920 4791 audiet
964 4757 977 4790 ε
1022 4736 1252 4791 Carnem
1289 4737 1487 4790 factum
1536 4751 1654 4790 esse
1700 4735 1831 4788 illud
1864 4748 1928 4788 ex
1984 4732 2096 4786 Deo
2141 4732 2301 4785 Patre

747 4828 975 4882 Verbum
1007 4828 1084 4881 ait
1111 4812 1394 4897 Scriptum
1418 4828 1677 4881 divinitus
1727 4827 2011 4892 inspirata,
2063 4824 2167 4877 hoc
2199 4832 2301 4884 est,

742 4918 890 4971 carni
921 4919 1049 4973 sine'
1066 4917 1385 4974 confusione
1424 4929 1475 4972 et
1499 4919 1792 4973 secundum
1824 4916 2153 4986 Itypostasim
2187 4915 2307 4968 uni-

743 5016 851 5086 tum
888 5029 902 5069 ;
946 5026 1119 5080 neque
1141 5013 1282 5066 enim
1315 5011 1544 5065 aliettuut
1584 5010 1650 5064 ab
1697 5025 1763 5064 eo
1810 5019 1927 5063 erat
1977 5009 2184 5060 ttnituut
2234 5006 2305 5059 illi

742 5119 955 5173 corpus,
992 5113 1044 5158 et
1081 5115 1261 5157 natum
1305 5119 1365 5159 ex
1406 5104 1632 5157 muliere
1658 5140 1675 5163 ,
1718 5102 1809 5155 sed
1834 5111 1890 5154 ut
1928 5115 2081 5153 suum
2115 5098 2309 5165 cuique

745 5205 984 5250 nostrum
1018 5197 1295 5264 proprium
1327 5205 1409 5249 est
1447 5210 1660 5263 corpus,
1716 5193 1908 5247 eodem
1958 5193 2114 5244 modo
2144 5190 2310 5243 etiam

745 5287 1018 5358 linigeniti
1049 5303 1246 5356 corpus
1287 5288 1563 5356 proprium
1613 5286 1686 5338 illi
1726 5294 1866 5345 erat,
1904 5294 1958 5336 et
2009 5297 2111 5334 non
2173 5281 2312 5332 alte-

749 5379 861 5434 rius
895 5397 906 5432 :
943 5380 1022 5433 sic
1059 5394 1286 5446 namque
1321 5378 1494 5432 factus
1531 5385 1613 5430 est
1657 5377 1816 5429 etiam
1859 5373 2152 5428 secundum
2187 5387 2312 5427 car-

746 5488 892 5530 nem.
929 5473 1196 5527 Praeterea
1228 5473 1314 5524 dic
1340 5471 1470 5525 mihi
1505 5469 1770 5538 quomodo
1804 5467 2000 5521 factum
2053 5476 2134 5520 est
2159 5480 2306 5526 caro,

746 5565 792 5620 si
825 5565 1104 5635 generatio
1131 5579 1193 5616 ex
1223 5563 1447 5616 muliere
1484 5577 1589 5615 non
1626 5561 1695 5615 sit
1748 5561 1996 5630 adjuncta
2029 5576 2043 5624 ;
2074 5574 2194 5612 cum
2223 5559 2318 5613 ltu-

749 5672 924 5714 maure
957 5667 1164 5711 naturrc
1202 5655 1346 5727 ἰοί-,εις
1386 5655 1435 5710 id
1481 5655 1758 5724 requirant
1795 5693 1807 5712 .
1856 5663 1908 5708 et
1948 5652 2180 5708 carnalis
2228 5667 2321 5706 cx-

823 5837 864 5868 ³⁶
898 5834 1026 5890 Luc.
1067 5852 1104 5895 ι,
1145 5836 1199 5888 2.

2406 4636 2710 4707 Παρθένον;
2745 4627 3162 4684 ’Λντακούσεται
3189 4623 3246 4675 δὲ
3281 4619 3412 4690 πρὸς
3443 4617 3597 4687 ἡμῶν
3625 4633 3636 4644 °
3673 4615 3866 4682 Σάρκα
3892 4625 3985 4674 γε·

2406 4701 2592 4784 νέσθαι
2621 4727 2783 4795 φησὶν
2812 4725 2844 4793 ἡ
2871 4720 3223 4774 θεόπνευστος
3255 4710 3444 4780 Γραφὴ
3471 4709 3561 4759 τὸν
3597 4707 3658 4756 ἐκ
3693 4702 3831 4755 Θεοῦ
3875 4701 3986 4795 Πα-

2413 4821 2538 4891 τρὸς
2566 4819 2755 4884 Λόγον,
2787 4812 3077 4872 τουτέστιν,
3107 4803 3426 4872 ἀσυγχύτως
3471 4816 3527 4851 τε
3572 4797 3666 4849 καὶ
3696 4793 3820 4846 καθ’
3856 4787 3988 4885 01:6:

2415 4927 2602 4963 στασιν
2635 4905 2893 4975 ἐνωθῆναι
2929 4899 3125 4970 σαρκί·
3179 4897 3236 4949 οὐ
3273 4893 3379 4962 γὰρ
3416 4887 3482 4960 ἦν
3512 4887 3786 4954 ἀλλότριον
3822 4881 3986 4935 αὐτου

2413 5002 2474 5055 τὸ
2501 5000 2696 5054 ἐνωθὲν
2721 4997 2867 5064 αὐτῷ
2895 4995 3073 5062 σῶμα,
3093 4989 3185 5042 καὶ
3207 4983 3599 5054 γεγεννημένον
3623 4981 3684 5029 ἐκ
3705 4971 3986 5043 γυναικὸς,

2414 5093 2529 5146 ἀλλ’
2561 5091 2746 5158 ὥσπερ
2794 5087 2922 5139 ἴδιον
2969 5081 3076 5134 τῶν
3122 5079 3239 5132 καθ’
3270 5077 3416 5147 ημᾶς
3455 5073 3666 5139 ἑκάστῳ
3705 5068 3765 5120 τὸ
3796 5060 3984 5144 αὑτοῦ,

2413 5184 2553 5238 κατᾶ
2582 5183 2675 5235 τὸν
2706 5180 2866 5232 αὑτὸν
2897 5175 3110 5228 τουτονὶ
3134 5173 3350 5242 τρόπον,
3395 5167 3483 5220 καὶ
3521 5163 3611 5216 τοῦ
3651 5154 3987 5226 Μονογενοῦς

2415 5279 2544 5330 ἴδιον
2577 5271 2663 5345 ἦν,
2695 5274 2785 5326 καὶ
2810 5271 2905 5338 οὑχ
2937 5268 3122 5337 ἐτέρου
3154 5262 3215 5317 τὸ
3249 5261 3433 5330 σῶμα’
3461 5256 3602 5308 οὕτω
3633 5252 3739 5322 γὰρ
3772 5251 3867 5303 καὶ
3900 5262 3987 5311 γε·

2414 5368 2666 5437 γέννηται
2706 5362 2846 5416 κατὰ
2874 5359 3068 5429 σάρκα.
3100 5350 3229 5406 Εἶτα
3250 5349 3364 5412 πῶς
3395 5347 3480 5409 ἂν,
3511 5344 3630 5397 εἰπέ
3665 5359 3772 5411 μοι,
3796 5339 3984 5407 γέγονε

2419 5458 2572 5528 σὰρξ,
2596 5457 2653 5509 οὑ
2690 5447 3136 5524 παρειλημμένης
3163 5441 3463 5509 γεννήσεως
3492 5437 3590 5503 τῆς
3619 5436 3680 5487 ὲκ
3708 5427 3984 5500 γυναικὸς,

2417 5552 2524 5606 τῶν
2556 5551 2654 5619 τῆς
2693 5541 3106 5613 ἁνθρωπότητος
3147 5534 3323 5603 νόμων
3364 5532 3441 5592 εἰς
3472 5525 3630 5579 τοῦτο
3659 5522 3986 5578 καλούντων,

2418 5643 2512 5699 καὶ
2560 5613 2659 5713 rip;
2694 5636 2956 5707 σαρκικῆς
2997 5627 3278 5699 ὑπάρξεως
3319 5621 3415 5693 τὴν
3447 5618 3617 5691 ἀρχὴν
3657 5616 3755 5686 οὐχ
3799 5613 3985 5681 ἑτέραν
