4104 6468
159 409 208 465 ίί
1239 424 1606 485 Αιινειιιειςε
1645 426 2049 489 NESTORIUM
2092 431 2220 490 LIB.
2259 432 2299 486 I.
3317 441 3386 495 22

161 525 280 624 ἒχειν
305 525 601 624 δυναμένης
631 532 734 603 τὴν
761 533 914 602 ὀδόν;
947 534 1017 590 Οὐ
1047 538 1154 609 γάρ
1176 557 1276 594 που
1299 546 1418 607 ταῖς
1453 544 1711 615 Ἑλλήνων

1823 549 2068 604 sistentia
2100 551 2168 605 ab
2200 550 2355 605 initio
2385 563 2490 604 non
2535 549 2692 603 aliam
2740 551 2880 605 viam
2924 551 3129 608 habere
3162 555 3384 624 possit?

158 614 435 708 τέρθρείαις
486 626 966 704 προσεσχηιιιίτεςζ
1008 629 1070 682 ὲκ
1118 630 1276 700 δρυὸς
1320 636 1350 705 ἦ
1404 614 1608 708 πέτρας
1654 642 1721 694 τά

160 703 427 799 ἀνθρώπων
458 709 748 766 τίκτεσθαι
785 715 1012 786 σώματα
1045 719 1140 772 καὶ
1178 703 1347 791 ἡμεῖς
1381 703 1534 780 αὐτοὶ
1579 729 1718 799 pad-

444 800 648 870 νόμους
673 805 730 859 δὲ
756 809 886 872 τοὺς
907 809 1024 863 καθ’
1047 812 1246 883 ἡμᾶςή
1273 815 1433 884 φύσις
1456 797 1716 890 ἷῖιρίσατο,

161 887 333 980 μᾶλλον
372 888 428 943 δὲ
470 892 573 962 τῆς
616 894 840 964 φύσεως
875 900 1280 975 ὀΔημιουργός.
1324 887 1578 962 Τίκτεται
1611 911 1719 980 γὰρ

156 979 318 1049 ὥσπερ
337 981 427 1050 ἀφ’
453 983 695 1040 ἑκάστου
722 988 833 1040 τῶν
851 991 1015 1062 ὄντων
1040 993 1101 1047 τὸ
1140 997 1418 1064 συγγενὲς.
1451 999 1594 1054 οὕτω
1626 1003 1720 1055 καὶ

156 1067 389 1162 ὲξ-ἡμῶν
417 1073 602 1127 αὐτῶν
625 1093 640 1107 ·
680 1079 776 1131 καὶ
805 1081 905 1134 οὐκ
935 1081 1001 1136 ἂν
1050 1083 1250 1155 ἑτέρως
1282 1087 1392 1157 ἔχοι
1426 1089 1485 1143 τὸ
1529 1093 1717 1162 χρῆμά

155 1157 327 1223 me“;
369 1161 666 1231 ἀνέφικτον
718 1168 818 1236 μὲν
862 1170 970 1241 γὰρ
1013 1175 1289 1239 παντελῶς
1332 1177 1482 1232 οὐδὲν
1526 1157 1718 1236 διν-,ἂν

154 1247 302 1340 ξλοιτο
334 1254 637 1323 κατορθοῦν
665 1261 733 1329 τῇ
767 1260 885 1331 θείᾳ
913 1265 1099 1318 τεκαὶ
1133 1267 1428 1338 ἀπορρήτῳ
1467 1269 1714 1340 δυνάμει,

155 1336 345 1407 ἔρχεται
365 1341 420 1394 δὲ
455 1343 544 1398 διὰ
569 1347 684 1402 τῶν
708 1350 930 1404 είκότων
954 1356 1016 1424 τῇ
1048 1355 1155 1409 τῶν
1186 1357 1353 1411 ὄντων
1385 1360 1566 1429 φύσει,
1591 1365 1716 1426 τοὺς

156 1431 454 1520 παρ’ᾃαὺτῆς
482 1437 840 1508 τεθειμένους
867 1444 967 1497 οὐκ
993 1445 1336 1516 ἀτιμάζουσα
1365 1451 1562 1520 νόμους
1582 1471 1595 1484 ·
1623 1456 1717 1508 καὶ

229 1518 319 1613 ουκ
343 1522 635 1590 ἀνέφικτον
662 1527 742 1596 τῷ
763 1530 944 1584 πάντα
972 1511 1204 1603 ίσχύοντι
1237 1511 1716 1613 Λόγῳ,κεκρικότι

155 1609 237 1700 μιν
267 1610 328 1663 δι’
358 1614 505 1681 ἡμᾶς
554 1617 813 1682 γενέσθαι
846 1621 968 1674 καθ’
997 1625 1165 1694 ἡμᾶς,
1199 1609 1624 1700 παραιτουμένῳ
1653 1649 1723 1700 γε

153 1699 244 1791 μὴν
287 1702 534 1772 γέννησιν
583 1708 688 1778 τὴν
740 1710 804 1763 ὲκ
851 1713 1129 1780 γυναικὸς,
1156 1714 1352 1780 ἔξωθεν
1398 1699 1577 1791 ἑαυτῷ
1624 1699 1716 1775 καὶ

153 1790 244 1879 ίὸία
268 1792 486 1863 δυνάμει
521 1796 972 1871 πλαστουργῆσαι
1007 1803 1065 1856 τὸ
1097 1805 1276 1875 σῶμα,
1301 1790 1711 1879 καθάπεράμέ-

150 1876 220 1930 λει
249 1883 492 1948 γενέσθαι
527 1887 717 1955 φαμὲν
744 1891 836 1942 καὶ
867 1891 958 1942 ἐπὶ
996 1891 1089 1943 τοῦ
1118 1872 1462 1966 προπάτορος
1498 1872 1666 1966 Ἀδάμ
1693 1913 1706 1926 ·
1742 1872 1783 1925 Β

153 1971 359 2023 ιἘλαδε
388 1973 517 2043 γὰρ,
555 1977 748 2045 φησὶν,
775 1980 803 2029 ὁ
832 1977 963 2042 θεὸς
998 1979 1126 2050 χοῦν
1167 1981 1274 2036 ἀπὸ
1307 1983 1405 2052 τῆς
1449 1985 1574 2056 γῆς,
1617 1987 1718 2040 καὶ

150 2058 325 2113 ἔπλασε
370 2063 461 2117 τὸν
510 2066 826 2138 ἄνθρωπον.
853 2088 872 2121 ι
905 2071 1122 2144 Ἐπειδὴ
1168 2073 1225 2128 δὲ
1270 2077 1542 2148 πρόφασις
1571 2079 1722 2151 αὕτηα

148 2154 242 2216 τοῖς
266 2154 510 2221 ἀπίστοις
535 2154 631 2230 ἦν,
664 2165 1022 2230 συκοφαντεῖν
1049 2165 1293 2220 ἐθέλουσι
1317 2169 1415 2237 τῆς
1443 2169 1724 2242 ὲνανθρωι

151 2247 340 2315 πήσεως
384 2249 446 2302 τὸ
496 2253 828 2322 μυστήριον,
861 2253 956 2308 καὶ
989 2255 1095 2326 πρό
1127 2273 1190 2324 γε
1219 2256 1326 2310 τῶν
1368 2259 1567 2322 ἄλλων,
1599 2264 1712 2326 τοϊς

146 2337 355 2402 ἀνοσίοις
400 2340 751 2411 Μανιχαίοις,
779 2342 889 2407 οὓς
919 2345 1030 2399 ἄνω
1073 2363 1134 2399 τε
1177 2347 1271 2403 καὶ
1306 2348 1455 2402 κάτω
1482 2350 1711 2405 δεδιέναι

149 2429 256 2497 φὴς.
290 2431 364 2500 μὴ
407 2433 518 2502 ἀρα
565 2451 673 2488 που
722 2438 834 2499 τοῖς
867 2435 1129 2491 Θεοτόκον
1173 2438 1388 2508 λέγουσι
1417 2441 1517 2513 τὴν
1547 2443 1710 2510 ἁγίαν

149 2518 399 2589 Παρθένον
442 2525 875 2597 ὲπιπηδήσειαν,
925 2528 1000 2590 ὡς
1045 2530 1104 2581 ὲν
1147 2530 1339 2597 μόναις
1383 2533 1711 2600 φαντασίαις

147 2605 595 2683 διαὸεὸαιούμενοι
628 2615 880 2683 γενέσθαι
911 2614 1006 2669 τοῦ
1054 2617 1228 2686 Λόγου
1268 2619 1367 2690 τὴν
1408 2620 1709 2692 σάρκωσιν,

150 2698 442 2772 κεχώρηκεν
475 2704 802 2772 ἀναγκαίως
845 2705 935 2759 διὰ
972 2706 1081 2760 τῶν
1110 2707 1458 2784 ἀνθρωπίνης
1491 2713 1708 2783 φύσεως

149 2789 340 2856 νεμωνπ
379 2793 474 2845 καὶ
514 2793 752 2864 ἐπείπερ
777 2789 845 2865 ἦν
875 2795 902 2846 ὁ
929 2796 1131 2861 σκοπὸς
1159 2800 1332 2871 αὐτῷ,
1358 2802 1710 2876 πληροφορῆ-

151 2895 225 2932 σαι
257 2881 600 2951 σύμπαντας,
640 2884 722 2937 ὅτι
767 2885 995 2954 γέγονεν
1021 2888 1307 2959 ἄνθρωπος
1340 2894 1577 2964 ἀληθῶς,
1609 2897 1714 2949 ὲπι

149 2970 346 3026 ελάΰετο
364 2974 685 3045 σπέρματος
719 2977 999 3050 Ἀϐραάμο
1036 2983 1130 3035 καὶ
1165 2985 1556 3055 μεσιτευρύσης
1576 2986 1712 3057 πρὸς

151 3060 286 3115 τοῦτο
330 3064 459 3118 αὐτὸ
507 3067 615 3135 τῆς
662 3069 941 3141 μακαρίας
983 3071 1283 3144 Παρθένου,
1311 3077 1711 3147 παραπλησίως

1822 639 1936 694 Non
1987 641 2128 696 enim
2184 640 2462 708 gentilium
2511 641 2718 695 scilicet
2781 643 2937 712 nugis
2994 643 3385 710 adhaerentes,

1821 743 1885 784 ex
1913 746 2114 798 quercu
2169 739 2262 784 aut
2300 744 2363 784 ex
2423 740 2572 798 petra
2631 732 2908 785 hominum
2963 749 3189 802 corpora
3241 737 3386 806 gigni

1819 834 1916 873 nos
1952 836 2162 889 quoque
2195 820 2550 874 fabulabimur
2602 824 2745 876 :sed
2797 822 2942 892 leges
2998 833 3215 881 nostras
3271 827 3386 895 ipsa

1821 919 2037 973 natura,
2092 912 2202 965 imo
2235 927 2363 966 vero
2421 913 2533 979 ipse
2577 913 2768 980 Opilex
2816 924 3024 971 natura»
3080 917 3385 971 constituit.

1826 999 1901 1054 Ut
1927 1002 2069 1054 enim
2103 1017 2169 1056 ex
2218 1017 2536 1072 unaquaque
2575 1018 2632 1057 re
2673 1005 2814 1073 quod
2864 1017 3156 1077 cognatum
3190 1017 3275 1061 est
3305 1007 3390 1075 gi-

1818 1090 2017 1159 gnitur,
2049 1091 2118 1144 ita
2147 1091 2309 1144 etiam
2346 1108 2409 1146 ex
2438 1094 2591 1147 nobis
2616 1094 2746 1161 ipsis
2789 1113 2802 1148 :
2833 1111 3009 1165 neque
3039 1096 3198 1151 aliter
3248 1098 3298 1150 id
3330 1112 3389 1152 se

1819 1181 2019 1236 habere
2037 1190 2216 1251 potest
2243 1183 2353 1237 nllo
2391 1184 2567 1238 modo.
2605 1184 2863 1250 Quamvis
2893 1187 3035 1240 enim
3085 1187 3282 1243 divinat
3307 1189 3384 1243 illi

1817 1281 1872 1326 et
1904 1272 2157 1328 ineffabili
2185 1275 2437 1342 potentia:
2489 1276 2711 1330 omnino
2755 1277 2891 1332 nihil
2939 1279 3275 1347 impossibile
3310 1280 3384 1334 sit

1817 1380 1882 1419 ex
1913 1365 1993 1418 his
2015 1379 2136 1433 quae
2179 1366 2306 1420 velit
2345 1365 2579 1432 edicere,
2627 1377 2804 1424 tamen
2843 1385 2910 1424 ne
2938 1370 3087 1439 leges
3118 1387 3146 1425 a
3200 1386 3258 1427 se
3288 1386 3385 1440 po-

1818 1454 1950 1510 sitas
1983 1467 2316 1521 contemnat,
2341 1473 2438 1527 per
2467 1473 2528 1513 ea
2554 1460 2727 1530 pergit
2759 1475 2879 1530 quae
2913 1476 3034 1516 cum
3065 1476 3252 1518 rerum
3283 1477 3380 1516 na-

1821 1554 1936 1600 tura
1969 1548 2296 1602 conveniunt
2333 1567 2346 1602 :
2385 1557 2609 1618 eratque
2643 1565 2747 1604 non
2806 1551 3141 1619 impossibile
3201 1552 3385 1606 omni-

1817 1638 2020 1705 potenti
2052 1639 2126 1692 illi
2155 1638 2354 1701 Verbo,
2374 1640 2431 1709 8
2453 1639 2540 1694 ubi
2568 1642 2853 1696 statuisset
2887 1651 3108 1712 propter
3140 1657 3237 1697 nos
3263 1642 3381 1696 lieri

1818 1731 2112 1784 secundum
2161 1745 2278 1794 nos,
2317 1730 2360 1784 si
2404 1731 2808 1800 generationem
2857 1745 2923 1786 ex
2966 1733 3190 1787 muliere
3235 1731 3387 1787 refu-

1818 1830 1986 1887 geret,
2025 1821 2125 1873 sibi
2166 1822 2505 1876 extrinsecus
2553 1837 2617 1876 ae
2665 1823 2882 1891 propria
2940 1822 3142 1876 virtute
3191 1836 3388 1891 corpus

1811 1906 2064 1967 lormare,
2090 1917 2146 1961 ut
2171 1909 2357 1975 procul
2400 1910 2562 1963 dubio
2615 1911 2666 1964 in
2701 1913 2870 1965 Adam
2919 1913 3094 1980 primo
3165 1919 3387 1979 parente

1814 1993 2012 2049 laetum
2045 1996 2276 2051 dicimus
2311 2016 2324 2051 :
2372 2015 2390 2048 ι
2433 1999 2658 2066 Accepit
2697 2000 2842 2054 enim
2886 2001 3026 2056 Deus
3077 2000 3384 2068 pulverem,

1814 2084 2011 2157 inquit,
2067 2087 2132 2142 de
2177 2095 2342 2152 terra,
2383 2095 2436 2142 et
2467 2086 2718 2143 formavit
2763 2091 3035 2146 hominem
3081 2091 3124 2122 “
3167 2108 3181 2144 :
3227 2110 3244 2143 ι
3295 2092 3388 2147 sed

1814 2178 1940 2247 quia
1981 2178 2034 2232 id
2078 2180 2300 2248 perlldis
2349 2177 2658 2236 hominibus
2702 2182 3022 2237 calumniari
3080 2182 3387 2239 volentibus

1815 2271 2205 2326 incarnationis
2253 2271 2568 2342 mysterium
2596 2312 2611 2336 ,
2653 2286 2751 2341 pro
2800 2274 3092 2328 occasione
3145 2272 3384 2328 futurum

1811 2369 1951 2425 erat,
1992 2371 2046 2415 et
2070 2371 2198 2416 ante
2227 2371 2455 2417 caeteros
2486 2362 2662 2432 impiis
2699 2362 3010 2418 Manichaeis
3036 2402 3051 2426 ,
3081 2378 3216 2432 quos
3252 2363 3383 2419 snb-

1813 2452 1936 2506 inde
1967 2459 2020 2506 te
2051 2461 2290 2505 metuere
2322 2451 2478 2518 dicis,
2523 2465 2589 2506 ne
2631 2452 2684 2505 in
2717 2467 2812 2506 eos
2845 2452 3060 2508 scilicet
3107 2453 3199 2522 qui
3251 2466 3380 2506 san-

1812 2551 1952 2598 ctam
1998 2541 2270 2611 Virginem
2324 2540 2418 2596 Dei
2470 2541 2785 2609 genitricem
2833 2543 3040 2606 dicunt,
3090 2542 3379 2608 insiliant,

1812 2633 1966 2702 quasi
2002 2639 2247 2688 asserant
2273 2631 2437 2688 Verbi
2476 2632 2902 2688 incarnationem
2954 2633 3007 2687 in
3051 2634 3164 2689 sola
3197 2633 3377 2702 specie

1815 2723 2029 2790 factam,
2071 2725 2191 2780 ideo
2223 2723 2590 2780 necessarium
2631 2723 2733 2778 fuit
2771 2733 2831 2778 ut
2868 2738 2962 2793 per
2999 2725 3252 2779 humana:
3291 2739 3380 2776 na-

1815 2823 1945 2870 turae
1969 2814 2113 2886 leges
2138 2823 2422 2883 pergeret:
2455 2824 2508 2868 et
2533 2815 2658 2885 quia
2682 2815 2734 2869 id
2756 2815 2828 2869 illi
2861 2815 3196 2883 prepositum
3231 2806 3374 2876 erat,

1812 2916 1872 2963 ut
1903 2922 1963 2963 se
1997 2921 2121 2962 vere
2155 2907 2426 2962 hominem
2460 2905 2658 2960 factum
2677 2905 2930 2960 omnibus
2954 2906 3378 2968 demonstraret,

1813 2995 2168 3065 apprehendit
2197 3011 2376 3050 semen
2437 2994 2713 3050 Abraham
2745 2994 2808 3058 ",
2861 3004 2913 3047 et
2950 2994 3014 3045 ad
3049 3007 3169 3047 eam
3206 2993 3380 3062 ipsam

1813 3102 1926 3142 rem
1977 3087 2132 3142 beata
2174 3085 2391 3155 Virgine
2433 3087 2607 3141 media
2661 3084 3090 3148 interveniente,
3131 3082 3384 3136 similiter

150 3153 260 3248 ἡγιίν
298 3155 571 3248 Αμετέσχεν
616 3159 847 3228 αἵματος
889 3162 985 3248 καὶ
1027 3160 1363 3233 σαρκός.ἾΙν
1398 3167 1506 3237 γὰρ
1536 3168 1708 3231 οὕτως

1813 3193 1875 3232 ac
1904 3193 2002 3232 nos
2035 3178 2377 3248 participavit
2401 3191 2567 3232 carne
2596 3186 2652 3230 et
2686 3177 2987 3246 sanguine;
3023 3189 3200 3243 neque
3233 3175 3380 3227 enim

151 3241 231 3291 καὶ
264 3244 354 3314 οὐχ
392 3247 602 3317 ἑτέρως
633 3249 751 3316 μεθ’
777 3237 936 3319 ήμιῖἶν
967 3252 1217 3318 γενέσθαι
1247 3254 1398 3309 Θεόν.
1441 3257 1709 3326 Χρειωδε-

152 3332 298 3401 στάτη
338 3335 392 3387 δὲ
439 3337 538 3388 καὶ
572 3338 775 3406 ἑτέρως
805 3342 918 3403 τοῖς
949 3341 1041 3393 ἐπὶ
1067 3343 1162 3411 τῆς
1205 3346 1365 3414 γῆςή
1404 3346 1497 3399 τοῦ
1531 3347 1706 3416 Λόγου

152 3423 420 3493 τὰρκωσις,
458 3429 632 3497 ῆγουν
660 3429 1071 3503 ὲνανθρώπησις
1103 3429 1190 3504 ἦν.
1224 3435 1286 3486 Εἰ
1334 3435 1408 3506 μὴ
1451 3435 1559 3508 γὰρ
1613 3455 1708 3506 γει-

150 3515 378 3585 γίγνηται
427 3519 553 3571 καθ’
583 3521 730 3589 ἡμᾶς
762 3521 902 3591 κατὰ
953 3523 1151 3592 σάρκα,
1188 3525 1236 3576 εἰ
1279 3526 1354 3596 μὴ
1395 3526 1708 3582 τῶναύτῶν

153 3600 263 3665 ἡμῖν
306 3605 541 3674 μετέσχε
592 3607 1011 3677 παραπλησίως,
1046 3611 1145 3662 οὐκ
1191 3611 1256 3664 ἂν
1287 3614 1386 3684 τὴν
1418 3616 1706 3687 ἀνθρώπου

152 3688 291 3756 φύσιν
318 3695 422 3747 τῶν
452 3698 512 3747 ἐν
549 3696 721 3765 Ἀδὰμ
751 3698 1059 3767 ἀπήλλαξεν
1084 3703 1473 3773 ἐγκλημάτων,
1501 3709 1610 3760 οὐδ’
1642 3709 1708 3761 ἂν

150 3780 241 3830 τῶν
263 3785 545 3854 ἡμετέρων
580 3787 846 3856 σωμάτων
878 3791 1185 3862 ἀπεσόϐησε
1216 3799 1314 3865 τὴν
1343 3797 1568 3868 φθοράν,
1587 3801 1708 3852 οὐδ’

152 3868 206 3920 ἀν
234 3875 482 3944 κατέληξε
517 3876 620 3944 τῆς
653 3879 791 3949 ἀρᾶς
833 3883 864 3950 ὴ
907 3883 1154 3952 δύναμις,
1184 3887 1248 3954 ἥν
1279 3887 1372 3939 ἐπὶ
1413 3893 1477 3960 τῇ
1517 3891 1704 3962 πρώτῃ

153 3967 340 4024 γυναικὶ
380 3968 641 4034 γενέσθαι
681 3972 891 4040 φαμὲν
928 3974 1142 4044 εἴρηται
1177 3978 1285 4048 γάρ
1330 3980 1464 4048 πρὸς
1495 3981 1662 4051 αὐτήν
1688 3999 1700 4012 ·

159 4053 266 4104 ιῈν
289 4056 484 4122 λύπαις
511 4060 644 4130 τέξῃ
676 4062 859 4116 τέκνα.
896 4083 914 4113 ι
951 4065 1112 4119 ’Λλλὰ
1137 4067 1394 4138 νενόσηκε
1431 4071 1530 4140 μὲν
1555 4073 1587 4142 ή
1617 4075 1707 4127 ἀν-

154 4144 345 4212 θρώπου
371 4151 536 4218 φύσις
585 4154 643 4204 τ’)
681 4155 903 4216 ἀπειθὲς
937 4158 994 4209 ὲν
1030 4157 1229 4228 Ἀδάμο
1270 4160 1458 4228 γέγονε
1489 4163 1584 4216 νῦν
1617 4167 1706 4218 εὐ-

151 4232 343 4306 δόκιμος
387 4244 445 4293 ὲν
482 4243 704 4312 Χριστῷ
733 4244 820 4297 διά
854 4246 952 4313 τῆς
996 4249 1077 4310 εἰς
1109 4247 1256 4302 ἅπαν
1290 4251 1566 4323 ὑπακοῆς·
1613 4257 1705 4322 γέ-

152 4339 364 4396 γραπται
393 4334 526 4402 γὰρ,
559 4337 643 4386 ὅτι
666 4336 910 4407 «Ὠσπερ
937 4338 1023 4390 διὰ
1043 4341 1141 4409 τῆς
1163 4345 1446 4413 παρακοῆς
1464 4346 1557 4399 τοῦ
1586 4348 1705 4411 ἐνὸς

151 4415 427 4487 ἀνθρώπου,
468 4423 785 4493 ἁμαρτωλοὶ
814 4428 1224 4498 κατεστάθησαν
1253 4434 1301 4484 oi
1333 4432 1536 4500 πολλοὶ,
1560 4435 1705 4491 οὕτω

1812 3269 1969 3325 aliter
2004 3269 2488 3325 licebatnobiscum
2516 3268 2628 3322 ﬁeri
2667 3268 2852 3321 Deum.
2875 3265 3172 3321 Utilissima
3199 3274 3380 3318 autem

1810 3370 1864 3414 et
1900 3361 2005 3415 alia
2033 3375 2250 3430 quoque
2281 3360 2490 3414 ratione
2520 3359 2604 3413 his
2638 3358 2730 3427 qui
2766 3366 3054 3412 versantur
3085 3356 3136 3409 in
3174 3354 3334 3409 terris
3363 3391 3379 3419 ,

1811 3449 1972 3505 Verbi
1994 3452 2294 3504 incarnatio
2315 3450 2431 3503 sive
2448 3449 2764 3504 humanatio
2790 3449 2910 3503 fuit.
2931 3446 3045 3503 Nisi
3060 3448 3202 3502 enim
3233 3447 3382 3500 simi-

1814 3539 1941 3594 liter
1965 3549 2126 3608 atquc
2151 3555 2245 3594 nos
2266 3540 2558 3593 secundum
2583 3554 2800 3593 carnem
2838 3539 3028 3593 luisset
3063 3547 3245 3601 natus,
3272 3537 3379 3591 nisi

1815 3630 2064 3684 similiter
2114 3630 2488 3699 participasset
2527 3627 2716 3682 iisdem
2750 3668 2766 3692 ,
2816 3642 3088 3696 nunquam
3145 3626 3379 3681 hominis

1811 3729 2056 3773 naturam
2098 3719 2410 3773 criminibus
2434 3719 2484 3772 in
2517 3717 2686 3772 Adam
2716 3719 3010 3773 contractis
3036 3717 3376 3784 absolvisset,

1809 3824 1984 3879 neque
2012 3825 2040 3863 a
2073 3809 2272 3864 nostris
2297 3808 2612 3877 corporibus
2647 3808 3045 3876 corruptionem
3077 3807 3379 3876 repulisset.

1809 3917 1983 3969 neque
2018 3901 2411 3954 tnaledictionis
2440 3899 2584 3954 illius
2623 3905 2869 3969 potestas
2898 3898 3184 3962 desiisset,
3215 3912 3374 3967 quam

1809 3989 1996 4058 prima:
2044 3986 2255 4041 feminae
2280 3988 2496 4040 .illatant
2529 3986 2761 4041 dicimus
2788 4026 2802 4051 ,
2840 3988 2925 4041 cui
2998 3987 3198 4040 dictum
3246 3997 3327 4040 est
3358 4002 3372 4039 :

1815 4096 1832 4129 ι
1876 4078 1929 4132 in
1963 4078 2180 4132 tristitia
2224 4079 2399 4145 paries
2431 4078 2568 4132 filios
2595 4078 2660 4133 ⁸⁸.
2714 4097 2730 4128 ι
2765 4078 2869 4132 Sed
2915 4077 3153 4132 hominis
3184 4085 3374 4130 natura

1812 4165 1864 4218 in
1915 4166 2084 4218 Adam
2147 4165 2521 4221 inobodientiae
2571 4167 2759 4221 morbo
2797 4165 3095 4231 laboravit,
3136 4180 3277 4219 nunc
3323 4166 3372 4220 in

1809 4257 2025 4311 Christo
2052 4266 2201 4325 grata
2237 4257 2376 4310 facta
2405 4267 2487 4311 est
2541 4272 2638 4326 per
2685 4257 2830 4311 illam
2874 4257 3042 4324 ipsius
3092 4257 3160 4310 ad
3197 4256 3371 4311 omnia

1807 4351 2187 4404 obedientiam.
2234 4348 2503 4415 Scriptum
2529 4356 2609 4401 est
2635 4348 2818 4402 enim:
2857 4365 2875 4397 ι
2926 4345 3078 4400 Sicut
3118 4358 3214 4413 per
3259 4344 3372 4398 ino-

1809 4440 2129 4495 hedientiam
2185 4439 2343 4493 unius
2396 4436 2632 4491 hominis
2703 4447 3018 4507 peccatores
3095 4435 3375 4492 constituti

150 4504 222 4562 διὰ
247 4513 335 4583 τῆς
366 4515 617 4584 ὑπακοῆς
649 4517 768 4579 ἑνὸς
798 4518 1109 4589 ἀνθρώπου,
1141 4524 1337 4577 δίκαιοι
1365 4529 1703 4600 κατασταθή-

1813 4539 1930 4587 sunt
1960 4531 2109 4584 multi
2136 4571 2151 4594 ,
2185 4531 2257 4584 ita
2300 4545 2394 4599 per
2411 4504 2962 4584 obedientiamunins
2982 4527 3214 4581 hominis
3245 4527 3374 4595 justi

152 4615 308 4657 σονται
335 4609 381 4658 oi
411 4607 618 4659 πολλοί.
635 4627 653 4658 ι
674 4607 948 4663 Πέπονθεν
969 4613 1028 4664 ἐν
1053 4613 1223 4684 Ἀδάμ
1250 4616 1331 4679 τὸ,
1366 4635 1383 4668 ι
1413 4618 1484 4672 Γῆ
1517 4615 1586 4684 εἴ,
1607 4621 1701 4673 καὶ

151 4693 215 4757 tl;
239 4695 333 4765 γῆν
368 4697 683 4769 ἀπελεύσῃ·
717 4717 734 4751 ι
774 4701 1151 4771 πεπλούτηκεν
1177 4707 1234 4758 ὲν
1256 4707 1474 4779 Χριστῷ
1507 4709 1567 4761 τὸ
1607 4728 1701 4764 κα-

151 4798 221 4838 τα.
259 4827 272 4839 ,
315 4829 326 4840 .
365 4789 626 4842 δύνασθαι
655 4789 766 4860 [Ion
792 4794 1201 4866 καταπατῆσαι]
1221 4797 1328 4851 τῶν
1354 4797 1445 4851 τοῦ
1470 4799 1698 4855 θανάτου

152 4871 351 4944 βρόχων,
383 4879 481 4931 καὶ
530 4881 691 4934 οἱονεὶ
738 4885 1122 4954 κατορχεῖσθαι
1153 4886 1375 4957 φθορᾶς,
1405 4891 1581 4944 ἐκεῖνο
1614 4891 1700 4944 λέ-

151 4979 293 5026 γουσα
318 4969 376 5020 τὸ
404 4971 772 5040 προφητικόν·
805 4991 824 5023 ι
859 4973 966 5026 Ποῦ
999 4976 1032 5044 ἡ
1056 4975 1178 5046 νίκη
1210 4994 1323 5042 σου,
1346 4978 1573 5046 Θάνατε;
1599 4979 1700 5033 ποῦ

151 5055 198 5104 τὸ
224 5059 433 5128 κέντρον
471 5076 588 5122 σου,
625 5061 760 5133 ᾷδη;
796 5082 813 5114 ι
849 5063 1076 5132 Γέγονεν
1103 5067 1394 5137 ἐπάρατος,
1430 5069 1504 5134 ὡς
1543 5074 1700 5142 ἔφην,

149 5144 243 5197 ἀλλ’
263 5151 499 5221 ἤργησεν
531 5153 589 5204 ὲν
618 5153 838 5224 Χριστῷ
869 5157 963 5210 καὶ
992 5157 1169 5213 τοῦτο.
1197 5161 1309 5214 Καὶ
1337 5160 1466 5230 γοῦν
1490 5164 1703 5235 εἴρηταί

1809 4623 2202 4677 constituentur
2241 4620 2388 4673 multi
2407 4619 2472 4673 “.
2510 4640 2528 4670 ι
2565 4620 2844 4688 Suhjacuit
2875 4620 2924 4671 iu
2953 4619 3120 4671 Adam
3150 4618 3224 4671 illi
3262 4633 3374 4671 ma-

1810 4713 2049 4768 ledicto:
2093 4731 2109 4762 ι
2147 4712 2315 4765 Terra
2356 4726 2414 4765 es
2441 4751 2454 4774 ,
2494 4720 2548 4764 ct
2584 4710 2636 4764 in
2699 4719 2897 4764 terram
2955 4709 3055 4763 ibis
3095 4708 3138 4740 "
3173 4723 3188 4774 ;
3226 4727 3244 4759 ι
3285 4721 3376 4762 ac-

1808 4803 2028 4872 quisivit
2064 4803 2114 4855 in
2143 4801 2362 4855 Christo
2395 4809 2450 4853 ut
2477 4799 2686 4855 calcare
2711 4799 2880 4869 possit
2909 4801 3098 4852 mortis
3125 4796 3370 4866 laqueos,

1806 4903 1860 4948 et
1893 4892 2289 4963 quodammodo
2316 4894 2574 4946 adversus
2602 4902 2829 4946 mortem
2865 4890 3185 4958 tripudiare,
3241 4889 3371 4942 illud

1806 4985 2176 5057 propheticum
2211 4984 2392 5038 dicens
2427 5002 2438 5037 :
2471 5002 2488 5034 ι
2523 4980 2624 5036 Ubi
2647 4992 2750 5045 est,
2780 4997 2944 5044 mors,
2979 4981 3200 5034 victoria
3245 4981 3372 5034 tua?

1807 5079 1896 5133 ubi
1927 5077 2344 5140 stimulnstnus,
2377 5073 2672 5129 inferne“?
2698 5092 2716 5124 ι
2751 5073 2912 5126 Facta
2940 5081 3021 5126 est
3063 5071 3366 5130 maledicta.

1807 5177 1864 5223 ut
1901 5167 2049 5222 dixi:
2090 5166 2183 5222 sed
2227 5165 2276 5219 id
2306 5176 2520 5234 quoque
2547 5172 2864 5217 cracuatum
2907 5173 2989 5218 est
3035 5162 3086 5215 in
3130 5161 3366 5217 Christo.

154 5250 236 5327 που
283 5242 415 5309 πρὸς
462 5243 564 5311 τὴν
613 5243 775 5310 ἁγίαν
821 5247 1114 5318 Παρθένον,
1152 5254 1602 5324 προφητευούσης
1642 5257 1700 5307 ἐν

1813 5257 1986 5327 Itaque
2025 5258 2223 5310 dictum
2261 5265 2343 5308 est
2378 5257 2442 5307 ad
2474 5264 2718 5308 sanctam
2755 5251 3050 5322 Virginem,
3113 5253 3226 5320 ipsa
3261 5251 3371 5305 Eli-

152 5324 400 5397 ῐινεύματι
419 5333 520 5400 τῆς
547 5335 828 5390 Ἐλισάὁετ
849 5355 861 5368 ·
887 5360 904 5390 ι
931 5341 1280 5415 Εὐλογημένη
1308 5347 1369 5398 σὺ
1387 5347 1442 5398 ὲν
1466 5349 1700 5414 γυναιξὶ,

155 5421 231 5470 καὶ
251 5423 604 5495 εὐλογημένος
634 5428 662 5478 ὁ
693 5431 902 5499 καρπὸς
925 5432 1023 5504 τῆς
1042 5436 1249 5497 κοιλίας
1276 5454 1389 5491 σου.
1425 5458 1441 5488 ι
1472 5439 1702 5491 Βεὸασί-

154 5507 318 5566 λιυκεν
337 5516 493 5585 ἡμῶν
521 5520 552 5588 ἡ
577 5519 838 5590 ἁμαρτία,
862 5522 955 5576 καὶ
983 5525 1011 5576 ὁ
1035 5525 1130 5596 τῆς
1167 5527 1440 5600 ἁμαρτίας
1478 5531 1701 5601 εὑρετὴς

1805 5351 1993 5404 zaheth
2027 5349 2080 5401 in
2117 5347 2318 5416 Spiritu
2370 5346 2753 5414 propltctantc,
2793 5362 2813 5396 ι
2874 5345 3163 5399 Benedicta
3213 5353 3263 5397 ιιι
3313 5343 3366 5397 in

1805 5439 2121 5494 mulieribus
2148 5478 2160 5501 ,
2210 5447 2263 5490 et
2295 5437 2609 5491 benedictus
2637 5435 2842 5490 fructus
2879 5437 3084 5488 ventris
3137 5435 3210 5488 tui
3243 5435 3307 5486 ³⁷.
3343 5452 3360 5485 ι

1810 5531 2070 5603 Regnavit
2123 5530 2175 5582 in
2230 5528 2385 5583 nobis
2429 5536 2708 5597 peccatum
2743 5565 2758 5590 ,
2812 5534 2862 5580 et
2909 5526 3154 5580 inventor
3188 5525 3271 5579 ille
3310 5535 3365 5579 et

215 5710 250 5740 ⁸³
275 5711 400 5793 Gen.
432 5729 493 5793 ιιΣ
523 5718 574 5793 :I.
652 5717 693 5750 ³¹
725 5716 885 5793 llehr.
919 5738 979 5788 ιι,
1025 5722 1103 5780 15.
1184 5727 1384 5784 “Gen.
1424 5743 1502 5791 ιιι,
1538 5727 1623 5782 l6.
1686 5729 1711 5758 3‘

1813 5744 1906 5783 )nt.
1949 5744 1999 5793 ν,
2023 5727 2104 5784 l9.
2185 5726 2226 5759 "
2249 5725 2380 5783 Gen.
2415 5740 2495 5790 tu,
2534 5721 2613 5778 19.
2695 5722 2738 5754 ⁸⁸
2772 5721 2934 5776 lGor.
2965 5737 3053 5786 xv,
3085 5721 3173 5787 55,
3203 5723 3358 5791 Osee,

157 5790 256 5837 χιιι.
301 5785 377 5837 ιι.
455 5786 493 5815 ³⁷
527 5786 653 5843 Luc.
682 5805 720 5854 ι,
755 5789 841 5843 xii.
