4104 6488
715 425 786 479 23
1683 420 1742 477 S.
1780 417 2054 478 ογιιιιιι
2095 420 2274 476 ALEX

2383 420 2570 477 DRINI
2609 422 2926 477 ARCHIEP.
3887 420 3958 474 ει

716 551 871 612 pater
903 543 1109 613 peccati
1135 539 1397 597 adversus
1437 556 1628 597 omnes
1668 543 1760 611 qui
1795 557 1892 612 per
1937 545 2124 598 orbem
2169 554 2274 598 ter-

2387 544 2481 596 καὶ
2507 544 2686 613 πατὴρ
2706 584 2720 607 ,
2748 543 2856 594 τῶν
2882 543 2986 595 ἀνὰ
3019 544 3199 596 πᾶσαν
3227 541 3324 612 τὴν
3357 541 3446 592 ὑπ’
3476 539 3701 608 οὐρανὸν
3735 554 3954 590 κατεσο-

720 648 904 688 rarum
934 643 1112 697 erant,
1171 647 1231 687 se
1286 631 1516 701 superbe
1557 633 1832 702 jactabat,
1881 634 1940 703 9
1983 635 2287 688 divinarum

721 723 898 790 legum
928 722 1033 776 illis
1079 722 1424 776 violationem
1474 720 1737 789 objiciens
1787 740 1801 775 :
1851 723 1948 776 sed
2004 722 2287 776 hominum

715 823 963 867 naturam
1019 814 1078 867 in
1126 813 1364 874 Christo,
1398 821 1652 881 tanquam
1701 812 1755 865 in
1804 814 2027 866 secundi
2075 815 2288 882 generis

718 904 992 973 primitiis,
1026 903 1274 959 fiduciam
1299 905 1364 956 ad
1387 901 1550 957 Deum
1583 902 1782 957 habere
1811 903 2053 958 videmus
2105 919 2118 954 :
2152 905 2292 958 dixit

716 994 859 1047 enim
888 1005 1112 1062 aperte:
1144 1012 1162 1045 ι
1193 994 1352 1048 Venit
1398 993 1651 1062 princeps
1678 994 1862 1047 mundi
1913 993 2093 1064 hujus,
2141 1005 2197 1050 et
2234 995 2286 1049 in

719 1100 803 1138 me
835 1085 966 1138 nihil
993 1084 1230 1141 inveniet
1255 1084 1318 1137 ⁸⁸.
1356 1103 1374 1135 ι

791 1174 929 1240 Sed,
961 1175 1006 1229 Ο
1046 1177 1301 1245 praeclare
1353 1177 1456 1243 vir,
1500 1192 1603 1231 non
1670 1176 1770 1230 abs
1819 1190 1876 1228 re
1925 1175 2180 1239 dixerim,
2235 1177 2279 1232 si

721 1282 826 1321 non
877 1277 937 1322 ut
990 1283 1091 1322 nos
1147 1267 1320 1322 factus
1371 1278 1454 1322 est
1517 1268 1607 1322 ille
1652 1265 1977 1336 Unigenitus
2034 1309 2050 1333 ,
2111 1283 2285 1337 neque

717 1367 777 1411 ut
836 1372 933 1411 nos
990 1357 1106 1412 fieri
1159 1358 1266 1412 alio
1317 1361 1477 1413 modo
1526 1373 1688 1425 quam
1740 1374 1835 1423 per
1878 1359 2282 1425 generationem

716 1445 986 1499 carnalem
1038 1461 1105 1500 ex
1164 1446 1360 1500 femina
1423 1446 1643 1514 potuit,
1697 1461 1972 1513 nunquam
2049 1461 2148 1501 nos
2211 1448 2280 1500 il-

714 1536 817 1588 lius
851 1537 1010 1589 rebus
1041 1535 1236 1590 divites
1290 1535 1405 1589 fieri
1445 1536 1739 1604 potuimus.
1790 1534 1861 1589 Ut
1900 1536 2046 1590 enim
2091 1537 2282 1592 scribit

715 1622 906 1675 beatus
938 1620 1157 1689 Paulus,
1187 1623 1276 1678 ille
1297 1623 1609 1678 Emmanuel
1635 1639 1738 1678 non
1771 1640 1802 1678 e
1851 1634 1994 1677 terra
2028 1625 2094 1678 ad
2134 1627 2280 1694 prio-

715 1711 790 1764 ris
823 1711 964 1767 illius
1009 1715 1335 1782 exemplum,
1383 1715 1478 1768 sed
1538 1729 1570 1767 e
1617 1714 1756 1768 caelo
1811 1713 2079 1772 secundus
2126 1716 2280 1772 nobis

2392 634 2672 704 ϐαρεύετο,
2702 633 2809 685 τῶν
2841 633 2997 687 θείων
3026 634 3205 702 νόμων
3229 631 3326 701 τὴν
3358 630 3664 700 παράϐασιν
3689 628 3951 694 ἐγκαλῶν·

2389 724 2501 776 ἀλλ’
2531 726 2590 776 ἐν
2619 722 2837 793 Χριστῷ
2869 725 2968 793 τὴν
2995 724 3278 793 ἀνθρώπου
3313 721 3492 790 φύσιν,
3530 721 3604 782 ὡς
3647 722 3704 771 ὲν
3739 720 3953 787 ἀπαρχῇ

2389 813 2482 866 τοῦ
2506 816 2691 881 γένοκ
2717 813 2964 884 δευτέρα,
2992 814 3302 883 παρρησίαν
3329 813 3557 882 ἔχουσαν
3581 811 3792 880 δρῶμεν
3827 810 3956 878 πρὸς

2387 903 2548 956 Θεόν·
2567 903 2668 973 ἔφη
2691 903 2796 971 γὰρ
2818 903 3088 972 ἐναργῶςο
3126 920 3143 953 ι
3167 903 3427 970 Ἔρχεται
3453 904 3478 953 ὁ
3510 903 3691 969 ἄρχων
3735 897 3831 952 τοῦ
3871 900 3957 951 κόο

2391 1015 2527 1068 σμον
2559 999 2771 1062 τούτου,
2808 997 2899 1051 καί
2935 998 2992 1048 ἐν
3023 996 3148 1065 ἐμοὶ
3177 995 3398 1065 εὑρήσει
3425 994 3594 1046 οὐδέν.
3621 1011 3642 1043 a

2458 1167 2694 1234 ’Λλλ’,Ὦ
2708 1170 3137 1240 βέλτιστε,φαίην
3154 1170 3218 1222 ἂν
3232 1169 3473 1230 εἰκότως,
3489 1166 3536 1218 εί
3553 1165 3626 1234 μὴ
3639 1165 3827 1232 γέγονε
3840 1163 3958 1219 καθ’

2386 1263 2531 1331 ἡμᾶς
2553 1263 2581 1314 6
2610 1261 2938 1329 Μονογενὴς,
2978 1260 3167 1327 γέγονε
3191 1260 3250 1311 δὲ
3285 1258 3404 1311 καθ’
3423 1259 3567 1326 ἡμᾶς
3605 1257 3702 1324 οὐχ
3739 1256 3955 1324 ἑτέρως,

2386 1353 2522 1421 πλὴν
2545 1353 2625 1405 δτι
2653 1352 2738 1404 διά
2756 1354 3057 1422 γεννήσεως
3085 1349 3354 1420 σαρκικῆς
3369 1349 3464 1416 τῆς
3483 1350 3546 1399 ἐκ
3563 1345 3837 1412 γυναικὸς,
3862 1346 3963 1397 οὐκ

2385 1445 2450 1497 ἂν
2460 1445 2492 1512 ἡ
2503 1445 2619 1512 psi;
2633 1442 2700 1495 τά
2715 1441 2880 1496 αὐτοῦ
2894 1441 3247 1510 πεπλούτηκα
3255 1456 3367 1509 μεν.
3389 1440 3478 1500 Ὠς
3491 1438 3594 1506 γὰρ
3611 1438 3638 1488 6
3656 1435 3960 1502 σοφώτατος

2382 1533 2584 1603 γράφει
2616 1531 2845 1596 Παῦλος,
2870 1531 3119 1601 δεύτερος
3148 1533 3279 1601 ἡμῖν
3308 1529 3479 1598 Ἀδὰμ
3503 1529 3601 1580 οὐκ
3627 1528 3734 1580 ἀπό
3781 1543 3842 1594 γε
3862 1527 3960 1595 τῆς

2381 1625 2483 1694 γῆς
2530 1623 2671 1677 κατὰ
2711 1624 2801 1677 τὸν
2849 1623 3083 1693 πρῶτον,
3139 1621 3255 1674 ἀλλ’
3282 1621 3340 1686 ἐξ
3381 1617 3610 1688 ούρανοῦ
3645 1618 3904 1686 πέφηνεν,
3933 1619 3967 1669 6

2394 1713 2755 1783 Ἐμμανουήλ.
2775 1714 2834 1765 Ὁ
2865 1713 2973 1782 γὰρ
3003 1711 3280 1766 ἄνωθέντε
3309 1711 3402 1763 καὶ
3436 1713 3499 1762 ἐκ
3537 1709 3744 1777 [ἰατρὸς
3767 1709 3958 1773 Λόγος,

715 1803 883 1855 Adam
933 1805 1180 1872 apparuit
1205 1804 1274 1856 ".
1309 1802 1442 1857 Nam
1477 1803 1606 1857 illud
1645 1818 1879 1870 superne
1933 1814 1987 1857 et
2018 1820 2084 1858 ex
2120 1805 2274 1860 Patre

2381 1805 2478 1856 οὐκ
2511 1807 2590 1867 είς
2618 1805 2716 1874 τὴν
2756 1803 2905 1856 τοῦδέ
2939 1820 3099 1865 τινος,
3131 1800 3254 1854 οὔτε
3286 1801 3393 1870 μὴν
3425 1803 3504 1862 είς
3547 1799 3832 1870 ἀλλοτρίαν
3862 1816 3959 1851 κα-

716 1889 950 1945 Verbum
985 1909 1090 1946 non
1121 1894 1171 1946 in
1205 1892 1502 1962 cujuspiatu
1531 1907 1773 1956 carnem,
1827 1907 2000 1959 neque
2047 1895 2098 1947 in
2148 1897 2278 1948 alie-

713 1993 836 2031 nam
879 1981 1047 2043 venit,
1092 1990 1149 2034 ut
1177 1980 1288 2049 jam
1320 1984 1568 2049 superius
1607 1983 1754 2043 dixi,
1791 1995 1965 2047 neque
2016 1981 2067 2033 in
2116 1997 2278 2036 unum

710 2069 940 2138 aliquem
979 2071 1150 2125 nostri
1175 2071 1404 2126 similem
1424 2069 1702 2124 descendit
1730 2080 1785 2123 ut
1814 2069 1864 2122 in
1897 2084 1964 2122 eo
1993 2070 2276 2137 habitaret,

711 2171 769 2213 ut
810 2161 994 2228 procul
1029 2163 1188 2216 dubio
1243 2162 1343 2215 fuit
1375 2163 1428 2215 in
1478 2161 1798 2230 prophetis:
1839 2161 1932 2216 sed
1981 2176 2102 2216 cum
2133 2178 2280 2218 sum-

710 2261 857 2321 ptum
881 2267 943 2307 ex
977 2253 1197 2308 muliere
1221 2268 1417 2322 corpus
1462 2268 1618 2307 suum
1661 2253 1897 2316 fecisset,
1934 2265 1988 2308 et
2016 2270 2082 2308 ex
2110 2269 2171 2310 ea
2195 2270 2280 2310 se-

709 2343 943 2396 cundum
965 2357 1179 2397 carnem
1209 2353 1352 2397 esset
1371 2343 1603 2412 genitus,
1626 2343 1860 2396 hominis
1877 2344 2277 2410 generationem

710 2447 806 2501 per
829 2447 886 2490 se
915 2433 1307 2503 recapitulavit,
1336 2433 1617 2487 nobiscum
1643 2433 1816 2487 factus
1842 2438 2139 2489 secundum
2165 2450 2282 2489 ear-

709 2540 851 2588 nem,
876 2526 964 2593 qui
983 2526 1298 2580 anteomnia
1321 2524 1513 2580 saecula
1538 2527 1816 2579 exstiterat
1840 2541 1906 2580 ex
1934 2525 2110 2582 Patre.
2133 2526 2279 2584 lianc

713 2614 867 2673 nobis
899 2613 1019 2668 fidei
1055 2611 1450 2667 confessionem
1479 2626 1648 2666 sacra:
1675 2610 1894 2666 Litterae.
1923 2612 2275 2666 tradiderunt.

706 2704 776 2755 At
808 2715 861 2756 tu
900 2713 1134 2757 metuere
1162 2712 1212 2757 te
1244 2701 1485 2766 simulas,
1515 2716 1579 2755 ne
1595 2701 1934 2770 quisenobis
1954 2703 2276 2771 suspicetur,

707 2793 832 2846 illud
850 2808 916 2847 ex
937 2794 1040 2848 Deo
1056 2794 1294 2862 genitum
1312 2791 1542 2847 Verbum
1560 2807 1587 2844 a
1607 2806 1768 2846 carne
1791 2805 2000 2846 terrena
2013 2793 2280 2848 exsisten-

707 2886 794 2937 tia:
828 2884 1036 2939 initium
1065 2883 1319 2939 habuisse
1345 2899 1360 2948 ;
1395 2898 1457 2938 ac
1481 2883 1720 2938 funditus
1749 2883 1888 2938 tollis
1917 2884 2275 2952 dispensatio-

707 2975 790 3028 nis
810 2975 859 3027 in
885 2989 1046 3029 carne
1069 2975 1408 3043 mysterium,
1437 2989 1556 3028 cum
1588 2985 1830 3029 sanetam
1859 2974 2132 3045 Virginem
2155 2989 2276 3031 esse

707 3080 737 3116 a
767 3065 920 3120 nobis
947 3065 1038 3118 Dei
1083 3065 1394 3131 genitricem
1443 3065 1811 3134 appellandam
1844 3079 2006 3135 negas
2040 3083 2049 3116 :
2090 3078 2144 3121 ct
2185 3082 2280 3122 eos

704 3157 792 3225 qui
826 3156 973 3209 illam
1009 3155 1101 3208 Dei
1135 3156 1451 3222 genitricem
1483 3163 1693 3219 vocant,
1727 3165 1977 3224 tanquam
2008 3157 2072 3211 ad
2109 3158 2277 3211 inevi-

704 3245 920 3299 tabilem
951 3259 1013 3298 ac
1032 3245 1388 3298 necessariam
1413 3243 1808 3299 confessionem
1832 3246 2070 3311 deducis,
2096 3247 2276 3316 ut,illis

705 3335 1005 3404 putandum
1059 3334 1128 3388 sit
1168 3333 1400 3387 Verbum
1434 3335 1611 3388 carnis
1636 3349 1754 3388 esse
1783 3334 2035 3389 fructum.
2069 3336 2175 3391 Sed
2224 3338 2274 3391 id

703 3441 862 3480 secus
892 3434 994 3487 est,
1031 3425 1295 3495 longeque
1325 3424 1482 3479 aliter
1516 3425 1698 3481 habet.
1755 3425 1892 3480 Nam
1942 3427 2027 3480 ille
2070 3442 2136 3481 ex
2166 3428 2274 3482 Deo

703 3515 863 3571 Patre
891 3515 1079 3581 Filius,
1112 3517 1203 3586 qui
1242 3529 1400 3584 supra
1431 3528 1590 3570 omne
1639 3526 1848 3583 tempus
1895 3517 2102 3569 initium
2128 3517 2274 3573 exsi-

702 3606 875 3661 stendi
907 3609 1089 3672 habet,
1117 3622 1238 3660 cum
1265 3607 1328 3659 sit
1355 3605 1673 3660 saeculorum
1701 3605 1980 3668 Conditor,
2012 3607 2062 3659 in
2090 3616 2272 3661 extre-

702 3698 806 3753 mis
856 3699 1034 3753 δαίουιί
1067 3698 1400 3766 temporibus
1423 3698 1547 3766 quia
1581 3696 1755 3751 factus
1790 3707 1872 3751 est
1900 3713 2048 3761 caro,
2081 3713 2273 3754 secun-

703 3791 829 3846 dum
857 3805 1075 3846 carnem
1109 3790 1282 3844 factus
1314 3804 1434 3845 esse
1461 3789 1677 3844 dicitur.
1727 3787 1861 3843 Nam
1910 3791 1954 3844 si
1996 3790 2271 3858 proprium

702 3883 818 3950 ejus
841 3897 1036 3950 corpus
1052 3881 1387 3950 intelligitur,
1419 3879 1686 3948 quomodo
1707 3895 1810 3933 non
1831 3894 2049 3947 prorsus
2072 3882 2271 3950 proprii

701 3973 945 4041 corporis
981 3971 1318 4026 nativitatem
1354 3971 1455 4024 sibi
1486 3979 1742 4038 tanquam
1771 3985 1923 4023 suam
1970 3972 2262 4027 vindicabit

703 4073 756 4117 ct
791 4061 1170 4118 asseret?Sed
1200 4063 1338 4115 hanc
1386 4061 1664 4114 hominum
1715 4062 1785 4115 ita
1819 4063 2152 4116 credentium
2192 4078 2272 4117 re-

702 4161 846 4206 ctam
877 4165 1196 4219 sacramque
1225 4151 1384 4206 [idem
1412 4151 1574 4204 etiam
1599 4150 1716 4218 ipse
1744 4152 2056 4220 probasses,
2084 4153 2128 4207 si
2175 4153 2269 4208 tibi

702 4241 804 4310 ipsi
838 4239 1169 4309 persuadere
1205 4240 1492 4303 voluisses,
1519 4249 1576 4293 ut
1608 4241 1878 4310 cogitares
1913 4251 2076 4310 atque
2104 4245 2272 4298 conli-

703 4332 899 4386 tereris
933 4347 1059 4385 vere
1086 4331 1252 4386 Deum
1281 4346 1402 4385 esse
1425 4331 1720 4395 Christum,
1751 4347 2024 4399 unumque
2066 4348 2128 4387 ac
2176 4349 2269 4388 so-

703 4424 812 4478 lum
848 4438 969 4478 esse
1010 4424 1102 4477 Dei
1140 4433 1192 4477 et
1220 4423 1417 4487 Patris,
1450 4437 1553 4476 non
1603 4423 1833 4478 divisum
1891 4425 1941 4477 in
1991 4425 2263 4479 hominem

2383 1896 2755 1965 ταπεφοίτηκε
2800 1897 2999 1965 σάρκα,
3045 1895 3293 1964 καθάπερ
3322 1895 3421 1964 ἤδη
3454 1896 3730 1963 προεῖπον,
3757 1893 3861 1948 οὐδ’
3892 1887 3962 1944 αὖ

2384 1984 2469 2050 ἐφ’
2493 1984 2586 2036 ἕνα
2614 1985 2736 2036 τινὰ
2767 1983 2877 2034 τῶν
2907 1983 3027 2035 καθ’
3057 1985 3202 2052 ἡμᾶς
3231 1983 3633 2052 καταϐέϐηκεν,
3661 1987 3734 2046 ῶς
3760 1985 3967 2052 ἐνοική-

2387 2091 2495 2135 σων
2539 2072 2706 2143 αύτῷ,
2738 2073 2988 2143 καθάπερ
3026 2074 3216 2143 ἀμέλει
3268 2077 3361 2126 καὶ
3403 2077 3458 2126 ἐν
3502 2077 3810 2144 προφήταις
3854 2071 3960 2145 ἦν’

2385 2163 2498 2218 ἀλλ’
2536 2164 2664 2216 ἴδιον
2712 2165 3077 2233 ποιησάμενος
3131 2163 3291 2233 σῶμα
3340 2165 3400 2216 τὸ
3442 2166 3507 2217 ἐκ
3547 2165 3828 2232 γυναικὸς,
3864 2167 3964 2218 καὶ

2385 2255 2663 2322 γεννηθεὶς
2691 2254 2751 2317 ἐξ
2780 2256 2949 2324 αὐτῆς
2983 2256 3123 2307 κατὰ
3152 2256 3348 2324 σάρκα,
3391 2255 3491 2322 τὴν
3521 2254 3808 2323 ἀνθρώπου
3835 2255 3960 2321 γέν-

2386 2362 2538 2414 νησιν
2588 2345 3042 2412 άνεκεφαλαιοῦτο
3093 2345 3158 2396 δι’
3188 2343 3401 2407 ἑαυτοῦ,
3453 2343 3760 2413 μεθ’νήμῶν
3819 2345 3963 2398 κατὰ

2387 2434 2563 2503 σάρκα
2593 2435 2902 2504 γενόμενος,
2936 2437 2962 2486 6
3005 2431 3114 2502 πρὸ.
3151 2433 3351 2495 παντὸς
3393 2431 3586 2495 αἰῶνος
3618 2435 3684 2490 ἐκ
3724 2433 3960 2503 Πατρός.

2384 2524 2598 2594 Ταύτην
2649 2527 2782 2594 ἡμῖν
2827 2524 2927 2591 τῆς
2978 2524 3215 2584 πίστεως
3259 2521 3354 2592 τὴν
3397 2522 3685 2591 ὁμολογίαν
3721 2523 3778 2574 ai
3821 2521 3961 2574 θεῖαι

2385 2615 2685 2686 παρέδοσαν
2718 2615 2949 2685 Γραφαί.
2983 2615 3054 2668 Σὺ
3079 2613 3136 2666 δὲ
3160 2613 3390 2668 δεδιέναι
3421 2613 3519 2682 μὲν
3541 2615 3834 2684 προσποιῇ,
3879 2614 3960 2684 μὴ

2383 2706 2491 2776 ἄρα
2517 2723 2600 2769 τις
2640 2705 2746 2759 τῶν
2788 2705 2908 2759 καθ’
2934 2707 3078 2775 ἡμᾶς
3117 2705 3499 2768 ὑποπτεύσειε,
3539 2705 3639 2773 τῆς
3672 2704 3959 2774 ὑπάρξεως

2383 2796 2481 2866 τὴν
2505 2795 2676 2866 ἀρχὴν
2715 2796 2821 2848 ἀπὸ
2853 2797 3046 2864 γηῖνης
3076 2795 3275 2865 σαρκὸς
3299 2795 3587 2864 ἐσχηκέναι
3612 2794 3701 2846 τὸν
3728 2796 3790 2847 ἐκ
3821 2794 3962 2848 Θεοῦ

2385 2887 2558 2955 φύντα
2581 2887 2781 2954 Λόγον·
2829 2886 3073 2956 ἀναιρεῖς
3096 2885 3152 2938 δὲ
3186 2885 3418 2940 είσάπαν
3443 2884 3541 2952 τῆς
3577 2884 3716 2954 μετὰ
3755 2884 3959 2954 σαρκὸς

2384 2977 2694 3046 οἰκονομίας
2725 2977 2788 3029 τὸ,
2816 2979 3131 3046 μυστήριον,
3161 2976 3236 3048 μὴ
3261 2979 3458 3048 χρῆναι
3492 2977 3667 3046 λέγων
3692 2976 3957 3048 ὀνομάζε-

2387 3065 2511 3119 σθαι
2543 3065 2677 3135 πρὸς
2700 3066 2854 3135 ἡμῶν
2872 3067 3131 3118 Θεοτόκον
3155 3067 3254 3135 τὴν
3279 3066 3436 3134 ἁγίαν
3469 3066 3742 3136 Παρθένον
3762 3081 3776 3095 ·
3809 3081 3875 3116 πε
3885 3082 3964 3136 ρι-

2383 3159 2602 3220 τοέπεις
2645 3157 2702 3210 δὲ
2734 3155 2921 3227 ὥσπερ
2969 3159 3048 3220 είς
3096 3157 3338 3225 ᾶφυκτόν
3393 3173 3474 3219 τε,
3516 3156 3607 3209 καὶ
3647 3157 3958 3224 ἀναγκαίαν

2383 3248 2669 3317 ὁμολογίαν
2709 3248 2836 3310 τοὺς
2865 3247 3124 3302 Θεοτόκον
3167 3247 3424 3314 λέγοντας
3474 3245 3674 3316 αὐτὴν,
3706 3245 3800 3300 τοῦ
3842 3245 3962 3299 δεῖν

2382 3340 2584 3392 οἴεσθαι
2625 3339 2826 3410 σαρκὸς
2856 3338 3105 3405 γενέσθαι
3124 3338 3335 3407 καρπὸν
3367 3339 3458 3391 τὸν
3490 3339 3554 3393 ἐκ
3590 3337 3727 3391 Θεοῦ
3757 3338 3952 3404 Λόγον.

2395 3429 2530 3481 Ἀλλ’
2557 3429 2654 3497 οὐχ
2698 3421 2799 3481 ὧδε
2843 3427 2984 3478 τοῦτ’
3021 3425 3162 3494 ἔχει’
3193 3425 3387 3478 πολλοῦ
3419 3443 3482 3493 γε
3520 3427 3614 3480 καὶ
3643 3427 3740 3481 δεῖ.
3757 3427 3816 3480 '0
3845 3428 3962 3497 γὰρ

2381 3519 2445 3572 ἐκ
2473 3516 2609 3570 Θεοῦ
2640 3517 2850 3586 Πατρὸς
2874 3517 2973 3587 τὴν
3015 3514 3248 3586 ὓπαρξιν
3288 3514 3426 3585 ἔχων
3471 3514 3568 3585 τὴν
3614 3516 3814 3578 παντὸς
3853 3518 3957 3569 ἐπ-

2381 3609 2566 3662 έκεινα
2595 3609 2808 3677 χρόνου,
2837 3607 2931 3660 καὶ
2961 3607 3069 3677 γάρ
3098 3608 3213 3659 ἐστι
3235 3605 3342 3659 τῶν
3368 3604 3578 3660 αίὼνων
3602 3607 3955 3676 ῒημιουργδς,

2381 3702 2438 3752 ἐν
2470 3700 2716 3768 ἐσχάτοις
2747 3698 2839 3751 τοῦ
2863 3696 3056 3762 αἰῶνος
3083 3699 3293 3768 καιροῖς
3314 3698 3432 3750 ἐπεί
3464 3715 3545 3750 τοι
3570 3697 3761 3765 γέγονε
3790 3698 3953 3768 σὰρξ,

2381 3791 2736 3860 γεγεννῆσθαι
2761 3790 2975 3858 λέγεται
2998 3789 3141 3841 κατὰ
3175 3788 3372 3859 σάρκα.
3401 3789 3463 3840 El
3495 3788 3602 3858 γὰρ
3633 3788 3760 3840 ῖδιον
3782 3789 3956 3841 αὐτοῦ

2379 3881 2441 3934 τὸ
2481 3881 2638 3950 σῶμα
2671 3882 2890 3943 νοεῖται,
2915 3877 3032 3941 πῶς
3061 3877 3124 3931 ού
3152 3879 3328 3949 πάντη
3355 3895 3416 3932 τε
3461 3877 3557 3931 καὶ
3609 3878 3830 3942 πάντως
3853 3879 3958 3949 τὴν

2379 3971 2471 4024 τοῦ
2515 3971 2642 4024 ίδίου
2678 3969 2930 4040 σώματος
2961 3969 3214 4040 γέννησιν
3249 3968 3626 4034 οίκειώσεται;
3677 3969 3816 4022 Ἀλλ’
3851 3971 3954 4022 ἐπ-

2379 4061 2574 4130 ῄνεσας
2597 4061 2662 4114 ἂν
2687 4061 2779 4114 καὶ
2801 4061 2962 4123 αὐτὸς
2985 4059 3084 4130 τὴν
3113 4058 3222 4113 τῶν
3242 4057 3384 4112 οὕτω
3410 4058 3739 4123 δοξαζόντων
3785 4059 3956 4129 ὀρθὴν

2379 4153 2472 4204 καὶ
2499 4151 2760 4222 ἀϐέὸηλον
2786 4152 2985 4216 πίστιν,
3038 4152 3088 4202 εί
3129 4150 3185 4203 δέ
3219 4155 3420 4204 παυτὸν
3471 4149 3592 4220 [τσ.
3620 4150 3684 4219 δὴ
3713 4148 3910 4203 σαυτὸν
3934 4148 3954 4221 ]

2379 4241 2690 4295 ἀναπείθειν
2730 4241 2919 4311 ἦθελες
2947 4240 3361 4309 διαλογίζεσθαι,
3389 4240 3482 4293 καὶ
3524 4240 3828 4310 ὁμολογεῖν,
3865 4241 3953 4293 ὅτι

2378 4336 2508 4398 Θεὸς
2539 4334 2749 4404 άληθῶς
2781 4337 2926 4388 ἐστιν
2962 4336 2990 4388 6
3028 4333 3280 4404 Χριστὸς,
3310 4327 3387 4395 εἷς
3428 4348 3486 4386 τε
3546 4332 3641 4392 καί
3675 4331 3834 4400 μόνος
3873 4330 3956 4384 ὢν

2376 4427 2468 4482 τοῦ
2500 4425 2631 4481 Θεοῦ
2678 4427 2771 4481 καὶ
2815 4426 3047 4496 Πατρὸς,
3080 4427 3139 4478 ού
3170 4424 3494 4497 διῃρημένος
3537 4425 3616 4488 είς
3662 4423 3954 4490 ἄνθρωπον

703 4516 952 4578 seorsim,
979 4523 1033 4568 et
1065 4514 1121 4568 in
1156 4515 1323 4568 Deum
1360 4514 1632 4579 similiter,
1660 4515 1754 4569 sed
1777 4515 2025 4571 eumdem
2054 4531 2173 4572 esse
2210 4529 2264 4572 et

2381 4518 2580 4580 ίδικῶς,
2611 4517 2705 4570 καὶ
2746 4517 2944 4586 ὁμοίως
2981 4519 3058 4578 είς
3088 4515 3239 4578 Θεὸν,
3271 4515 3384 4568 ἀλλ’
3414 4515 3443 4566 6
3474 4514 3634 4576 αὐτὸς
3663 4513 3951 4582 ὑπάρχων,

702 4621 768 4660 ex
808 4606 917 4660 Deo
947 4604 1109 4660 Patre
1165 4605 1436 4669 Verbum,
1488 4615 1543 4658 et
1586 4620 1652 4657 ex
1715 4605 1941 4662 muliere
1988 4608 2260 4664 hominem

703 4697 873 4752 nostri
907 4696 1161 4757 similem,
1195 4710 1407 4763 unaque
1447 4695 1613 4749 Deum
1674 4712 2016 4764 permanere.
2076 4697 2182 4753 Sed
2218 4711 2267 4754 te

701 4787 1021 4843 calumniari
1072 4787 1216 4840 illam
1271 4787 1429 4842 Verbi
1480 4790 1882 4855 generationem
1933 4790 2035 4858 lo
2063 4805 2264 4844 secun-

703 4883 828 4936 dum
850 4896 1090 4943 carnem,
1120 4895 1239 4934 cum
1274 4881 1469 4949 ubique
1498 4885 1630 4934 duos
1657 4895 1872 4934 asseras
1900 4882 2059 4948 ﬁlios,
2096 4891 2151 4936 et
2181 4881 2264 4935 di-

700 4976 856 5031 vidas
880 4989 1043 5027 unum
1073 4971 1352 5026 Dominum
1401 4971 1585 5026 Jesum
1634 4970 1943 5038 Christum,
1969 4988 2072 5026 non
2109 4974 2264 5038 meis,

701 5068 792 5122 sed
830 5067 933 5118 tuis
957 5065 1133 5119 verbis
1163 5065 1499 5132 perspicuum
1531 5063 1641 5117 fiet.

773 5156 1014 5210 Nssrou.
1052 5156 1213 5226 [Vide
1243 5155 1369 5224 quid
1411 5164 1792 5221 consequatur,
1843 5153 2112 5207 hmretice.
2148 5151 2265 5207 Non

703 5248 918 5301 invideo
953 5248 1092 5299 hanc
1137 5259 1325 5298 vocem
1353 5243 1552 5298 Christi
1603 5243 1851 5310 genitrici
1884 5240 2132 5310 Virgini,
2174 5243 2269 5299 sed

702 5335 827 5390 novi
847 5333 1206 5388 venerandam
1240 5346 1356 5386 esse
1386 5346 1504 5399 qua:
1527 5330 1695 5384 Deum
1720 5331 1967 5399 excepit,
1991 5347 2085 5400 per
2105 5346 2265 5400 quam

708 5426 1024 5497 pertransiit
1074 5426 1162 5477 ille
1206 5426 1576 5477 universorum
1623 5422 1900 5485 Dominus,
1957 5437 2049 5490 per
2104 5437 2265 5490 quam

705 5515 902 5570 effulsit
935 5516 1014 5570 sol
1036 5513 1277 5583 iustitiae.
1302 5512 1536 5566 Rursum
1564 5524 1874 5579 suspectum
1912 5513 2082 5567 habeo
2115 5515 2262 5568 hunc

705 5607 972 5676 plausum.
1021 5606 1298 5671 Quomodo
1348 5606 1575 5660 verbum
1626 5604 1754 5658 illud
1811 5606 2135 5674 pertransiit,
2183 5607 2262 5660 in-

773 5785 817 5817 "
843 5784 996 5841 Joan.
1023 5799 1136 5848 xw,
1165 5783 1252 5839 30.
1337 5783 1376 5813 ³³
1415 5779 1433 5833 l
1465 5782 1591 5836 Cor.
1622 5796 1710 5845 xv,
1752 5780 1838 5833 47.

2378 4610 2470 4663 καὶ
2497 4612 2560 4663 ἐκ
2585 4607 2717 4662 Θεοῦ
2749 4606 2958 4678 Πατρὸς
2994 4605 3186 4674 Λόγος,
3218 4607 3312 4660 κα)⁸
3354 4607 3419 4658 ἐκ
3452 4603 3706 4672 γυναικὸς
3736 4602 3954 4672 ἄνθρω-

2374 4717 2476 4763 πος
2515 4699 2636 4752 καθ’
2663 4701 2829 4768 ἡμᾶς,
2864 4697 3000 4766 μετὰ
3031 4696 3126 4750 τοῦ
3166 4699 3344 4765 μεῖναι
3388 4695 3670 4757 Θεός.”οτι
3699 4693 3756 4746 δέ
3787 4709 3955 4745 συκο-

2375 4793 2593 4862 φαντεῖς
2608 4789 2700 4843 τοῦ
2719 4791 2890 4857 Λόγου
2908 4789 3006 4860 τὴν
3031 4788 3174 4844 κατὰ.
3203 4788 3378 4856 σάρκα
3397 4787 3669 4857 γέννησιν,
3685 4784 3778 4839 δύο
3803 4802 3950 4856 πρε-

2375 4882 2581 4935 σϐεύων
2605 4882 2749 4944 υίοῦς
2777 4882 3041 4948 πανταχῇ,
3064 4879 3156 4932 καὶ
3180 4877 3477 4947 δια-τέμνων
3503 4877 3597 4929 τὸν
3621 4876 3714 4930 ἕνα
3739 4874 3951 4946 Κύριον

2386 4971 2590 5042 Ἰησοῦν
2614 4971 2865 5040 Χριστὸν,
2894 4970 2953 5023 ού
2978 4969 3064 5023 διὰ
3101 4968 3207 5022 τῶν
3234 4968 3404 5038 ἐμῶν,
3431 4966 3563 5022 ἀλλὰ
3584 4967 3672 5021 διὰ
3696 4965 3805 5020 τῶν
3838 4967 3951 5020 σῶν

2373 5061 2716 5132 δειχθήσεται
2755 5059 2943 5127 λόγων.

2447 5151 2639 5222 [Βλέπε
2673 5151 2737 5202 τὸ
2764 5150 3077 5219 συμϐαῖνον,
3096 5148 3337 5219 αίρετικέ
3357 5164 3369 5178 ·
3400 5149 3459 5201 ού
3491 5147 3669 5215 φθονῶ
3698 5149 3796 5216 τῆς
3831 5165 3948 5215 φω-

2370 5243 2465 5313 νῆς
2515 5245 2582 5311 τῇ
2615 5242 2961 5312 Χριστοτόκῳ
3004 5240 3284 5310 Παρθένῳ,
3332 5237 3448 5292 ἀλλ’
3475 5234 3592 5290 οίδα
3638 5237 3950 5306 σεϐασμίαν

2366 5337 2465 5404 τὴν
2511 5334 2807 5404 δεξαμένην
2853 5333 3005 5396 Θεὸν,
3041 5332 3106 5384 δι’
3132 5327 3198 5402 ἦς
3247 5331 3522 5401 παρῆλθεν
3571 5333 3599 5383 6
3651 5329 3760 5382 τῶν
3807 5330 3950 5382 ὅλων

2367 5426 2664 5496 Δεσπότης,
2697 5426 2763 5478 δι’
2790 5421 2856 5496 ἦς
2883 5424 3193 5495 ἀνέλαμψεν
3219 5426 3246 5477 6
3275 5424 3375 5494 τῆς
3400 5423 3742 5491 δικαιοσύνης
3769 5421 3944 5490 ἥλιος.

2365 5517 2532 5571 Πάλιν
2577 5517 2866 5570 ὑποπτεύω
2917 5514 3006 5568 τὸν
3057 5515 3248 5586 κρότον
3283 5532 3296 5544 ·
3349 5513 3466 5576 πῶς
3515 5513 3572 5567 τὸ
3631 5510 3948 5580 παρῆλθεν

2363 5608 2647 5680 ἐνοήσατε;
2679 5608 2777 5662 οὐκ
2817 5606 3030 5678 εἴρηταί
3065 5623 3156 5676 μοι
3198 5605 3280 5674 τὸ,
3317 5603 3647 5674 παρῆλθεν,
3676 5604 3802 5659 ἀντὶ
3823 5603 3941 5669 τοῦ,
