4104 6466
670 420 737 472 27
1692 421 1748 475 S.
1793 422 2061 477 CYRILLI
2104 422 2246 478 ALE

2350 426 2566 484 NDRlNl
2610 431 2930 490 AllCHll‘lP.
3851 439 3920 491 28

671 536 811 604 quod
865 539 1146 593 veritatem
1206 540 1509 595 divinorum
1579 541 1885 612 dogmatnm
1943 546 2230 613 aul'erant,

2350 552 2443 604 τῶν
2473 554 2700 606 ἀνοσίων
2724 554 3017 625 αἱρετικὼν
3046 557 3395 626 ἐπιπλήττων
3424 560 3649 626 φωναῖς,
3679 558 3774 610 καὶ
3801 561 3921 611 κατ’

671 640 902 695 eumque
928 643 1134 694 vocem,
1173 630 1422 698 Deipara,
1450 632 1629 685 multis
1658 634 1964 690 nominibus
1994 651 2235 702 accuses,

669 726 724 770 et
756 718 897 771 inter
925 727 1118 772 caetera
1152 730 1407 789 tanquam
1442 737 1628 789 parum
1656 738 1860 787 veram,
1895 735 2055 793 atque
2077 728 2236 782 etiam

670 807 1038 876 blasphemam
1069 811 1397 874 crimineris,
1436 822 1612 866 tamen
1653 812 1797 866 illam
1828 817 2128 870 concedere
2166 827 2238 883 te,

670 906 726 951 et
756 895 958 967 Virgini
995 915 1096 954 non
1123 902 1361 956 invidere
1397 902 1565 968 dicas,
1612 904 1654 956 si
1704 904 1787 958 cui
1836 904 2043 959 libitum
2078 906 2242 962 fuerit

672 1002 789 1040 eam
821 987 912 1042 Dei
951 990 1267 1058 genitricem
1317 1005 1530 1046 vocare.
1597 991 1734 1048 Num
1792 1009 1920 1065 ergo
1977 999 2239 1054 concedes

673 1079 834 1131 etiam
869 1079 1074 1134 insanis
1115 1082 1230 1136 Arii
1277 1086 1671 1149 sectatoribus,
1723 1096 1779 1138 ut
1816 1087 2077 1142 minorem
2119 1105 2239 1146 esse

675 1167 834 1224 Patre
865 1168 1057 1224 Filium
1090 1171 1290 1239 dicant,
1322 1184 1414 1228 aut
1441 1175 1561 1230 aliis
1590 1188 1837 1232 naturam
1868 1182 2036 1235 sancti
2067 1181 2238 1251 Spiri-

677 1266 762 1313 tus
782 1275 808 1311 a
835 1258 1013 1314 divina
1041 1263 1356 1319 excellentia
1394 1267 1811 1335 dejicientibus?
1845 1269 1950 1325 Sed
1985 1273 2036 1326 id
2067 1282 2240 1330 tacere

675 1349 912 1412 cavebis,
960 1365 1024 1406 ac
1072 1353 1116 1407 si
1168 1356 1292 1423 quis
1339 1367 1530 1426 roget:
1567 1357 1680 1423 Qua
1731 1359 1797 1416 de
1847 1364 2056 1417 causa?
2094 1365 2242 1421 dices

673 1445 1089 1512 prorsuszQuia
1125 1464 1305 1503 vocem
1352 1451 1568 1521 impiam
1617 1470 1720 1509 non
1763 1456 2028 1513 sustineo.
2075 1458 2240 1529 Igitur

675 1532 719 1585 si
753 1548 857 1587 non
889 1545 967 1590 est
1000 1537 1089 1590 Dei
1117 1540 1375 1608 genitrix,
1406 1552 1462 1596 et
1494 1544 1564 1596 ita
1593 1544 1696 1598 dici
1726 1548 1999 1612 concedis,
2022 1550 2159 1606 scito
2191 1562 2240 1609 te

678 1623 959 1692 reliquisse
987 1629 1292 1698 veritatem,
1322 1642 1376 1687 et
1416 1648 1607 1702 parum
1651 1634 1763 1702 jam
1801 1653 1991 1695 curare
2037 1656 2105 1696 an
2153 1658 2240 1696 sa-

671 1712 823 1780 piens
844 1730 960 1772 esse
982 1719 1232 1775 videaris.
1259 1722 1396 1788 Quid
1421 1725 1607 1779 enim?
1630 1727 1923 1794 Elisabeth,
1957 1742 2051 1787 aut
2081 1733 2237 1788 aliam

672 1813 866 1859 certee
897 1811 1100 1864 sanctis
1131 1812 1469 1878 mulieribus,
1503 1830 1608 1869 non
1641 1820 1787 1871 omni
1823 1824 2119 1876 reverentia
2148 1825 2237 1878 di-

2346 638 2535 690 οὑδένα
2579 641 2780 710 τρόπον
2809 644 2980 710 ἐφιεὶς
3025 643 3224 712 ἰσχύειν
3275 645 3462 709 αὑτὰς,
3509 645 3729 699 ὅτιτῶν
3762 646 3924 698 θείων

2347 728 2633 798 δογμάτων
2665 720 3056 803 παραιροῦνται
3082 734 3159 803 (1)
3191 734 3250 787 τὸ
3275 735 3490 804 ἀληθὲς,
3515 731 3629 788 εἶτα
3658 737 3754 805 τὴν
3785 739 3925 790 Oeo-

2348 821 2522 884 τόκος
2552 822 2733 892 φωνὴν
2762 823 2949 875 οὐχ’ὲν
2970 824 3178 893 ὀλίγαις
3209 827 3378 888 τιθεὶς
3411 827 3632 890 αἰτίαις,
3665 829 3756 880 καὶ
3787 828 3922 898 ὁμοῦ

2347 911 2465 971 ταῖς
2495 909 2679 974 ἄλλαις
2714 914 3077 982 γραφόμενος,
3123 914 3198 977 ὡς
3225 917 3326 969 οὐκ
3350 916 3563 986 ἀληθῶς
3590 919 3684 971 καὶ
3717 917 3924 989 δύσφη-

2350 1014 2468 1065 μον,
2514 1001 2812 1069 συγχωρεῖν
2855 1000 2988 1070 ἔφης
3033 1002 3126 1054 καὶ
3153 1004 3221 1069 *οὐ
3262 1002 3475 1070 φθονεῖν
3522 1006 3588 1073 τῇ
3631 1003 3918 1072 Παρθένῳ,

2347 1088 2448 1140 κᾶν
2476 1090 2523 1141 sl
2561 1089 2733 1143 ἒλοιτό
2767 1109 2850 1153 τις
2881 1093 3056 1144 εἰπεῖν
3091 1092 3352 1147 Θεοτόκον
3380 1095 3570 1165 αὐτήν.
3613 1094 3802 1165 Ἐφίης
3825 1093 3922 1148 οὖν

2346 1180 2453 1249 ἄρα
2485 1181 2578 1233 καὶ
2609 1183 2719 1244 τοῖς
2741 1182 2839 1252 τὴν
2876 1183 3083 1254 Ἀρείου
3124 1184 3338 1238 νοσοῦσι
3372 1187 3590 1255 μανίαν,
3616 1186 3673 1240 ἐν
3712 1187 3921 1258 μείοσιν

2347 1265 2484 1324 εἶναι
2512 1270 2692 1340 λέγειν
2721 1272 2815 1325 τοῦ
2855 1274 3066 1344 Πατρὸς
3109 1274 3201 1327 τὸν
3234 1275 3393 1342 Υίὸν,
3431 1275 3464 1346 ἢ
3505 1276 3636 1345 γοῦν
3679 1279 3793 1339 τοῖς
3823 1278 3922 1331 ἄλ-

2347 1363 2492 1426 λοις,
2537 1364 2587 1416 οἳ
2634 1362 2731 1431 τὴν
2774 1363 2868 1416 τοῦ
2915 1365 3071 1432 ἁγίου
3109 1366 3462 1436 ,Πνεύματος
3488 1368 3920 1438 κατακομίζουσι

2346 1455 2507 1522 φύσιν
2539 1454 2635 1522 τῆς
2675 1455 3009 1528 θεοπρεποῦς
3043 1457 3350 1527 ὑπεροχῆς;
3390 1458 3527 1511 Ἀλλ’
3551 1459 3650 1512 οὐκ
3681 1459 3746 1512 ἂν
3781 1459 3922 1512 ἕλοιο

2347 1547 2501 1600 τοῦτο
2529 1547 2680 1618 δρᾷν,
2712 1548 2812 1601 κᾶν
2845 1548 2898 1601 εί
2920 1566 3002 1612 τις
3046 1550 3218 1603 ὲθέλοι
3243 1551 3342 1620 τὴν
3361 1552 3556 1604 ἀἰτίαν
3594 1550 3918 1621 ἀναμαθεῖν,

2347 1639 2491 1707 ἐρεῖς
2519 1639 2579 1708 δή
2600 1656 2700 1692 που
2721 1641 2956 1704 πάντωςο
2977 1642 3098 1695 Ὅτι
3117 1645 3299 1712 φωνῆς
3320 1644 3420 1697 οὐκ
3439 1644 3701 1715 ἀνέχομαι
3731 1643 3923 1697 δυσσε-

2347 1727 2494 1791 ϐοῦς.
2519 1731 2725 1784 Οὐκοῦν
2769 1734 2816 1784 εἰ
2854 1733 2927 1803 μή
2960 1733 3075 1784 ἐστι
3104 1733 3385 1798 Θεοτόκος,
3415 1732 3532 1788 εἶτα
3571 1734 3727 1788 τοῦτο
3767 1734 3922 1802 λέγε-

2349 1820 2472 1872 σθαι
2523 1824 2855 1891 συγχωρεῖς,
2908 1822 3014 1875 ἴσθι
3054 1821 3320 1886 λελοιπὼς
3366 1825 3463 1894 τὴν
3502 1823 3779 1895 ἀλήθειαν,
3831 1825 3926 1876 καὶ

672 1908 830 1962 gnam
857 1899 1051 1966 putas?
1075 1900 1214 1955 Num
1246 1903 1411 1972 igitur
1438 1905 1482 1958 si
1521 1907 1607 1960 cui
1649 1907 1807 1962 libeat
1849 1910 1991 1978 ipsas
2021 1927 2237 1981 quoque

2350 1908 2550 1979 σμικρὰ
2599 1909 2901 1979 φροντίζων
2948 1910 3029 1963 ἔτι
3081 1911 3174 1964 τοῦ
3225 1912 3403 1964 δοκεῖν
3452 1908 3594 1967 εἶναι
3631 1913 3811 1982 σοφός.
3848 1914 3948 1966 Ἦ”

676 1983 766 2039 Dei
792 1987 1085 2054 genitrices
1117 2005 1329 2054 vocare,
1370 1992 1510 2046 hanc
1547 1994 1651 2048 illis
1681 1995 2090 2065 appellationem
2133 2017 2237 2056 non

677 2076 980 2133 invidebis?
1008 2080 1263 2150 Equidem
1302 2093 1443 2154 putor
1478 2093 1528 2140 te
1573 2089 1825 2142 omnibus
1863 2092 2035 2145 modis
2085 2108 2240 2161 repu-

674 2178 983 2235 guaturum,
1013 2187 1075 2227 ac
1099 2173 1365 2228 dicturum
1393 2191 1498 2230 non
1525 2177 1596 2231 ita
1622 2193 1679 2232 se
1706 2179 1817 2235 haec
1847 2181 2070 2237 habere.
2102 2183 2238 2239 Nam

676 2271 999 2328 pepererunt
1071 2263 1174 2318 illae
1248 2275 1466 2322 sanctos
1525 2269 1774 2324 homines
1833 2273 2088 2339 quidem,
2145 2275 2239 2329 sed

676 2362 832 2403 nemo
863 2365 1046 2405 eorum
1078 2354 1370 2408 secundum
1424 2365 1672 2410 naturam
1729 2358 1869 2435 Deus
1903 2371 2038 2415 erat.
2103 2364 2242 2434 Ergo

678 2437 836 2508 hujus
883 2443 1029 2496 vocis
1097 2459 1248 2497 usum
1318 2455 1410 2499 aut
1467 2447 1536 2501 ab
1615 2452 1865 2506 omnibus
1931 2454 2244 2510 mulieribus

677 2545 885 2596 amove,
918 2543 1008 2586 aut
1049 2535 1092 2588 si
1143 2536 1240 2589 soli
1287 2546 1482 2606 praeter
1526 2550 1752 2596 caeteras
1793 2543 1994 2598 habere
2043 2560 2243 2601 sancta:

679 2618 882 2688 Virgini
915 2625 1204 2690 permittis,
1236 2641 1394 2694 quam
1423 2626 1614 2684 all‘eres
1659 2630 1710 2682 in
1745 2632 2118 2698 respondendo
2157 2650 2246 2688 ra-

680 2712 919 2766 tionem?
945 2712 1077 2767 Nam
1123 2717 1165 2768 si
1200 2731 1323 2770 vere
1353 2719 1418 2772 de
1445 2734 1508 2773 ea
1543 2720 1738 2773 dicitur
1777 2721 1878 2776 hoc
1911 2725 2157 2788 verbum,
2190 2735 2244 2779 ct

678 2815 805 2857 vere
835 2803 999 2860 Deum
1026 2809 1226 2878 genuit,
1257 2808 1427 2879 ipsum
1461 2811 1718 2865 nimirum
1745 2812 1836 2868 Dei
1866 2816 2099 2871 Verbum
2131 2832 2244 2872 car-

680 2908 800 2948 nem
855 2896 1051 2951 factum
1098 2899 1353 2954 conﬁtere
1412 2903 1710 2969 nobiscum,
1784 2915 1838 2959 et
1874 2915 1924 2960 te
1971 2908 2142 2976 ipsum
2179 2909 2246 2962 ab

681 2985 971 3058 impietatis
1001 2989 1225 3044 crimine
1259 2993 1527 3048 liberabis.
1557 2993 1649 3048 Sin
1683 3009 1860 3049 autem
1899 2998 1986 3050 illa
2023 2998 2244 3055 minime

680 3077 845 3132 Deum
874 3082 1075 3148 genuit,
1107 3097 1210 3135 non
1248 3083 1390 3136 aliud
1420 3095 1502 3137 est
1524 3086 1834 3154 permittere
1875 3089 2145 3142 nonnullis
2189 3099 2245 3142 ut

679 3184 798 3223 eam
836 3171 924 3224 Dei
962 3174 1275 3241 genitricem
1305 3186 1517 3240 vocent,
1553 3195 1712 3248 quam
1755 3193 1879 3232 cum
1922 3180 2025 3233 illis
2072 3181 2248 3236 socie-

684 3268 845 3314 tatem
898 3239 1185 3330 impietatis
1226 3265 1380 3320 inire.
1417 3267 1520 3322 Sed
1567 3239 1652 3323 est
1707 3269 1793 3321 illa
1848 3258 1940 3323 Dei
1989 3273 2244 3339 genitrix,
2275 3239 2316 3295 ο

681 3351 805 3420 quia
830 3351 1000 3408 factus
1025 3364 1102 3408 est
1147 3357 1307 3411 homo
1332 3360 1500 3412 nostri
1537 3360 1728 3413 similis
1770 3360 1856 3414 ille
1890 3361 2207 3430 Uuigenitus
2230 3401 2246 3427 ,

689 3444 791 3514 12
818 3446 964 3500 carni
993 3449 1281 3502 secundum
1318 3452 1596 3506 veritatem
1629 3452 1829 3515 unitus,
1858 3461 1912 3506 et
1934 3468 2246 3520 corpoream

683 3538 1077 3606 generationem
1137 3541 1319 3603 subiit,
1349 3551 1401 3596 et
1453 3551 1648 3595 nostrae
1693 3552 1900 3596 naturae
1927 3542 2069 3612 leges
2109 3545 2249 3600 haud

684 3627 938 3698 neglexit,
967 3639 1025 3684 ut
1055 3631 1212 3699 paulo
1244 3642 1368 3685 ante
1403 3632 1533 3686 dixi.

753 3720 856 3773 Sed
884 3721 1007 3790 quia
1034 3723 1173 3777 scire
1198 3739 1256 3778 se
1302 3725 1375 3777 ait
1403 3725 1764 3780 venerandam
1809 3741 1928 3782 esse
1967 3743 2084 3783 eam
2111 3771 2125 3792 ,
2169 3729 2252 3784 ni-

684 3809 878 3864 mirum
909 3825 1150 3868 sanctam
1185 3814 1474 3885 Virginem,
1499 3819 1747 3885 agedum,
1781 3820 2128 3888 inspiciamus
2158 3822 2250 3875 de-

686 3901 812 3956 bitae
843 3903 915 3956 illi
951 3906 1261 3959 reverentiae
1294 3922 1488 3962 causas
1519 3925 1532 3960 :
1571 3908 1740 3977 [δύο.
1771 3910 1961 3979 inquit,
1991 3927 2252 3970 veneran-

687 3987 808 4041 dam
841 4005 963 4046 esse
995 3992 1163 4058 illam,
1207 4011 1303 4063 per
1350 4012 1507 4063 quam
1561 3998 1646 4052 ille
1702 4003 1940 4056 omnium
1996 4001 2252 4062 Dominus

688 4073 1016 4148 pertransiit,
1039 4099 1131 4154 per
1167 4101 1323 4154 quam
1351 4087 1550 4142 elinlsit
1583 4090 1668 4144 ille
1693 4092 1770 4144 sol
1794 4092 2066 4166 iustitia]
2104 4097 2247 4162 Quo-

688 4174 848 4227 modo
877 4174 1038 4241 igitur
1068 4177 1148 4229 ais
1182 4177 1342 4231 Dcum
1381 4180 1448 4232 ab
1479 4194 1538 4230 ea
1586 4185 1939 4249 susceptum?
1983 4190 2252 4253 quomodo

691 4262 852 4316 etiam
895 4280 990 4334 per
1025 4266 1166 4319 illam
1207 4271 1519 4335 pertransiit
1558 4271 1645 4324 ille
1679 4275 1918 4327 omnium
1963 4277 2256 4334 Dominus?

691 4363 782 4409 aut
810 4358 1076 4425 quomodo
1099 4359 1298 4413 ell'ulsit
1327 4361 1410 4415 ille
1437 4361 1512 4416 sol
1539 4363 1800 4432 justitim?
1827 4365 1957 4421 Nam
2003 4368 2045 4422 si
2087 4370 2250 4422 Deum

696 4444 836 4499 haud
866 4449 1089 4516 peperit,
1121 4451 1412 4504 secundum
1448 4467 1665 4508 carnem
1696 4457 1933 4525 inquam,
1983 4461 2252 4527 quomodo

2340 1998 2450 2067 γὰρ
2475 1997 2593 2065 οὐχὶ
2623 1999 2716 2050 καὶ
2737 1997 2835 2069 τὴν
2866 1999 3166 2062 Ἐλισάῦετ,
3194 2002 3362 2070 ἤγουν
3388 2001 3584 2072 ἑτέραν
3612 2002 3721 2055 τῶν
3752 2001 3926 2068 ἁγίων

2341 2087 2612 2156 γυναικῶν
2646 2087 2826 2150 αἰδοῦς
2877 2089 3093 2159 ἁπάσης
3138 2090 3294 2155 ἀξίαν
3330 2085 3486 2144 εἶναι·
3509 2093 3649 2162 (mc;
3678 2088 3804 2163 Ἀρ*
3830 2089 3926 2147 οὖν

2341 2179 2402 2231 οὐ
2438 2179 2724 2250 φθονήσεις
2744 2220 2757 2244 ,
2795 2182 2843 2233 εί
2889 2180 2950 2251 δή
2981 2198 3065 2244 τις
3108 2181 3280 2234 ἕλοιτο
3310 2181 3592 2246 θεοτόκους
3625 2182 3720 2237 καὶ
3752 2183 3927 2248 αὐτὰς

2344 2275 2549 2338 εἰπεῖν;
2594 2272 2754 2338 Ἀλλ’,
2793 2268 2967 2342 οἶμαι,
3009 2273 3186 2341 πάντη
3219 2289 3280 2325 τε
3313 2274 3408 2327 καὶ
3445 2275 3663 2338 πάντως
3693 2276 3928 2329 ἀντανα-

2346 2367 2538 2438 στήσῃ,
2579 2364 2782 2432 λέγων·
2817 2364 2928 2434 Οὐχ
2959 2364 3101 2416 οὕτω
3149 2363 3302 2417 ταῦτ’
3335 2364 3447 2435 ἔχει
3470 2381 3484 2396 ·
3526 2366 3779 2419 τετόκασι
3813 2367 3926 2437 γάρ

2343 2456 2662 2527 ἀνθρώπους
2686 2455 3073 2525 ἡγιασμένους,
3097 2455 3190 2508 καὶ
3212 2450 3280 2524 ἦν
3301 2456 3358 2507 ὲν
3379 2453 3607 2517 ἐκείνοις
3629 2454 3760 2519 Θεὸς
3783 2455 3928 2510 κατά

2347 2548 2505 2618 φύσιν
2543 2547 2736 2610 οὐδείς.
2784 2545 3058 2615 Οὑκοῦνῆ
3105 2545 3360 2613 γυναικὸς
3411 2545 3628 2616 ἀπάσης
3665 2543 3926 2599 ἀπόσόδει

2343 2640 2405 2710 τὸ
2450 2641 2657 2710 χρῆμα,
2684 2639 2851 2708 ἤγουν
2881 2637 3026 2708 ἔχειν
3064 2637 3238 2706 ἐφιεὶς
3279 2636 3411 2709 μόνῃ
3451 2639 3605 2709 παρὰ
3637 2637 3817 2700 πάσας
3855 2641 3923 2707 τῇ

2345 2733 2476 2803 ἁγίᾳ
2511 2730 2794 2803 Παρθένῳ,
2829 2731 3002 2794 ποίοις
3033 2726 3143 2801 ἆρα
3173 2731 3422 2802 κεχρήσῃ
3452 2730 3748 2798 λόγοιςείς
3785 2731 3916 2783 ἀπο-

2344 2824 2560 2892 λογίαν;
2607 2824 2670 2876 El
2705 2823 2802 2892 μὲν
2837 2823 2944 2893 γάρ
2993 2822 3189 2892 ἀληθὲς
3222 2824 3310 2875 ἐπ’
3353 2823 3490 2892 αὐτῇ
3524 2823 3586 2874 τὸ
3621 2822 3794 2894 ῥῆμα,
3829 2823 3927 2875 καὶ

2345 2914 2477 2967 Θεὸν
2519 2897 2741 2965 ,τέτοκεν
2794 2911 3031 2982 ἀληθῶς,
3075 2911 3150 2972 ὡς
3201 2911 3380 2980 σάρκα
3431 2908 3691 2978 γεγονότα
3723 2907 3811 2961 τὸν
3856 2909 3926 2961 ὲκ

2345 3003 2478 3057 Θεοῦ
2501 3003 2692 3072 Λόγον,
2719 3001 2969 3072 ὁμολόγει
2993 3001 3091 3055 σὺν
3115 3001 3266 3072 ημῖν,
3295 2998 3388 3053 καὶ
3416 2999 3746 3066 ἀπαλλάξεις
3773 3015 3927 3052 σεαυο

2347 3094 2437 3148 τὸν
2477 3094 2584 3147 τῶν
2613 3095 2691 3156 είς
2727 3093 3046 3146 δυσσέϐειαν
3089 3091 3484 3161 ἐγκλημάτωνο
3518 3091 3566 3143 εἰ
3594 3090 3650 3143 δὲ
3692 3088 3828 3142 Θεὸν
3859 3089 3924 3142 οὐ

2347 3187 2553 3250 τέτοκε,
2585 3185 2644 3238 τὸ
2687 3187 2894 3253 ἐφεῖναι
2921 3183 3099 3252 λέγειν
3136 3187 3244 3237 τισὶ
3279 3183 3540 3237 Θεοτόκον
3573 3181 3764 3252 αὐτὴν,
3808 3199 3927 3234 κοι-

2350 3279 2539 3330 νωνεῖν
2569 3277 2682 3329 ἔστι
2707 3276 2805 3345 τῆς
2832 3275 3149 3338 δυσσεϐείας
3175 3275 3378 3338 αὐτοῖς.
3417 3273 3554 3327 Ἀλλ’
3592 3273 3707 3326 ἐστι
3735 3273 3930 3326 Θεοτό-

2353 3383 2462 3430 κος,
2495 3367 2575 3418 ὅτι
2615 3364 2833 3432 γέγονεν
2873 3363 3157 3434 ἄνθρωπος
3193 3364 3316 3417 καθ’
3345 3365 3491 3433 ἡμᾶς
3521 3363 3550 3416 6
3577 3361 3888 3433 Μονογενὴς
3910 3403 3927 3427 ,

2353 3456 2519 3526 σαρκὶ
2548 3455 2688 3507 κατά
2715 3452 2972 3522 ἀλήθειαν
3004 3454 3302 3524 ἡνωμένος,
3326 3455 3419 3506 καλ⁸
3455 3452 3771 3524 σωματικὴν
3796 3453 3930 3505 ὐπο-

2355 3544 2542 3614 μείνας
2572 3543 2845 3613 γέννησιν,
2879 3545 2971 3597 καὶ
3000 3543 3124 3606 τοὺς
3155 3542 3253 3613 τῆς
3285 3543 3561 3614 ἡμετέρας
3589 3541 3801 3610 φύσεως
3827 3543 3930 3595 οὐκ

2352 3633 2624 3704 ἀτιμάσας
2656 3634 2874 3704 νόμους,
2904 3633 3156 3703 καθάπερ
3191 3633 3289 3703 ἤδη
3325 3633 3606 3703 προεῖπον.

2435 3726 2651 3795 Ἐπειδὴ
2679 3726 2735 3778 δέ
2775 3743 2939 3795 φησιν
2979 3724 3172 3778 εἰδέναι
3211 3723 3512 3793 σεϐασμίαν
3546 3723 3734 3792 αὐτὴν,
3769 3722 3928 3792 δῆλον

2352 3819 2410 3872 δὲ
2430 3820 2509 3870 ὅτι
2538 3818 2635 3883 τὴν
2666 3817 2825 3885 ἁγίαν
2859 3815 3153 3884 Παρθένον,
3183 3814 3315 3884 φέρε
3344 3815 3428 3883 δὴ,
3467 3813 3618 3884 φέρε,
3651 3812 3930 3883 καταθρή-

2356 3927 2535 3980 σωμεν
2575 3909 2668 3962 καὶ
2717 3909 2812 3979 τῆς
2845 3909 2931 3961 ἐπ’
2972 3907 3109 3976 αὐτῇ
3158 3905 3451 3974 γενομένης
3501 3904 3678 3969 αἰδοῦς
3723 3905 3925 3966 αἰτίας.

2357 3997 2508 4073 [Οἶδα
2534 4002 2663 4070 γάρ,
2694 4001 2846 4070 φησι,
2885 3996 3188 4066 σεϐασμίαν
3228 3995 3416 4066 αὐτὴν,
3443 3997 3512 4049 δι’
3543 3992 3610 4066 ἧς
3649 3994 3932 4065 παρῆλθεν

2354 4095 2381 4145 6
2408 4093 2514 4146 τῶν
2539 4093 2674 4146 ὅλων
2704 4091 2999 4161 Δεσπότης,
3025 4091 3092 4142 δι’
3116 4083 3183 4159 ἧς
3214 4087 3526 4156 ἀνέλαμψεν
3546 4089 3573 4139 6
3597 4089 3694 4156 τῆς
3725 4086 3931 4139 δικαιο-

2357 4186 2520 4256 σύνης
2553 4184 2783 4255 ’ίίλιος.]
2817 4185 2940 4246 Πῶς
2986 4182 3050 4251 δὴ
3092 4182 3200 4250 ἄρα
3243 4182 3348 4251 φὴς
3399 4179 3754 4248 ὑποδέχεσθαι
3796 4179 3932 4231 Θεὸν

2355 4276 2557 4344 αὑτήν;
2583 4276 2650 4327 Ἣ
2682 4275 2802 4326 τίνα
2831 4271 3071 4342 παρῆλθε
3099 4271 3299 4341 τρόπον
3325 4270 3390 4323 δι’
3415 4270 3583 4338 αὐτῆς
3608 4271 3635 4321 6
3660 4269 3769 4322 τῶν
3793 4267 3934 4321 ὅλων

2356 4365 2660 4432 Δεσπότηςς
2689 4362 2720 4432 ἦ
2753 4363 2846 4415 καὶ
2874 4363 3022 4425 ὅπως
3054 4360 3364 4429 ἀνέλαμψεν
3396 4359 3424 4410 6
3454 4362 3553 4429 τῆς
3584 4357 3933 4427 δικαιοσύνης

2359 4453 2579 4516 ’Ἢλιοςς
2615 4455 2675 4504 Ei
2709 4453 2807 4520 μὲν
2838 4451 2944 4521 γὰρ
2968 4452 3027 4503 οὐ
3059 4450 3244 4503 τέτοκε
3274 4449 3427 4514 Θεὸν,
3453 4449 3512 4500 τὸ
3546 4449 3685 4501 κατὰ
3728 4449 3930 4516 σάρκα,

696 4536 858 4605 igitur
880 4541 1088 4607 excepit
1130 4541 1291 4595 Deum
1317 4544 1339 4596 ’ἓ
1382 4547 1647 4614 quomodo
1676 4564 1769 4616 per
1799 4549 1942 4601 illam
1980 4559 2246 4617 pertrans-

2359 4547 2521 4614 φημὶ,
2565 4543 2680 4605 πῶς
2725 4542 2941 4606 ἐδέξατο
2975 4541 3142 4610 Θεόνς
3181 4541 3298 4603 πῶς
3341 4540 3588 4611 παρῆλθε
3624 4539 3689 4593 δι’
3720 4539 3932 4608 αὑτῆςς

694 4627 787 4682 iit?
815 4630 916 4686 Sed
954 4631 1184 4686 fortasse
1224 4634 1369 4688 dices
1423 4636 1548 4690 illud
1598 4647 1745 4692 tuum
1807 4649 1860 4693 et
1911 4641 2125 4708 sapiens
2168 4658 2253 4695 rc-

694 4732 968 4786 sponsum,
1002 4729 1059 4775 ut
1092 4721 1205 4790 ipse
1261 4733 1440 4792 putas,
1489 4742 1551 4781 ac
1617 4727 1795 4782 dicere
1841 4745 1943 4783 non
2003 4734 2250 4785 vereris:

695 4807 860 4879 [Deus
879 4811 1023 4864 enim
1059 4822 1174 4868 erat
1209 4814 1466 4879 Verbum,
1511 4827 1708 4871 etcum
1757 4820 1971 4885 homine
2024 4824 2250 4890 conjun-

699 4908 863 4968 ctum,
893 4912 945 4956 et
983 4905 1032 4957 in
1083 4920 1146 4958 eo
1207 4906 1500 4978 babitans.]
1551 4907 1654 4962 Sed
1711 4909 1833 4962 lidei
1878 4911 2094 4966 traditio
2151 4916 2253 4968 tuis

695 4993 797 5048 hac
833 4995 897 5049 de
928 5011 984 5050 re
1015 4996 1191 5051 verbis
1221 5008 1504 5067 repugnat.
1540 4998 1648 5052 Non
1674 5000 1817 5053 enim
1854 5001 2124 5056 Deil'erum
2161 5006 2254 5057 lio-

695 5085 916 5148 minem,
947 5089 1040 5139 sed
1073 5087 1418 5141 humanatum
1455 5089 1616 5142 Detun
1661 5089 1884 5144 adorare
1931 5091 2250 5148 didicimus:

700 5184 751 5228 tu
785 5189 911 5228 vero
939 5177 1094 5229 aliter
1119 5177 1274 5231 dicis.
1309 5177 1508 5232 Deinde
1532 5180 1798 5246 quomodo
1832 5191 1881 5234 te
1915 5183 2102 5251 nugari
2150 5201 2252 5238 non

697 5267 954 5331 advenis,
989 5279 1038 5321 et
1067 5269 1369 5322 divinorum
1400 5273 1706 5339 dogmatum
1741 5273 2017 5326 veritatem
2045 5275 2252 5328 adulte-

701 5358 864 5411 rare?
914 5358 1044 5413 Nam
1099 5358 1330 5415 Verbum
1371 5377 1498 5415 caro
1550 5360 1744 5414 factum
1795 5375 1877 5416 est
1902 5363 1965 5417 “.
2006 5365 2122 5418 Jam
2163 5381 2259 5420 eur

772 5476 813 5507 "
851 5476 1005 5530 Joan.
1040 5493 1079 5540 ι,
1123 5477 1200 5531 ιι.

2374 4635 2508 4687 Ἀλλ’
2538 4634 2664 4696 ἴσως
2697 4635 2838 4704 ἐρεῖς
2871 4633 2930 4686 τὸ
2960 4631 3049 4685 σὸν
3073 4632 3136 4702 δὴ
3165 4631 3320 4686 τοῦτο
3351 4633 3443 4684 καὶ
3487 4633 3667 4701 σοφὸν,
3697 4631 3773 4693 ὼς
3800 4630 3934 4697 γοῦν

2361 4727 2460 4778 οἴει
2490 4743 2551 4776 τε
2580 4725 2673 4776 καὶ
2702 4723 2880 4790 λέγειν
2909 4723 3250 4794 ἀποτολμᾷςο
3283 4722 3438 4795 [Θεὸς
3459 4722 3565 4794 γὰρ
3595 4717 3659 4792 ἦν
3685 4724 3712 4774 6
3738 4721 3932 4787 Λόγος,

2361 4819 2630 4889 ἀνθρώπῳ
2667 4834 2724 4870 τε
2762 4818 3122 4887 συνημμένος,
3166 4817 3260 4870 καὶ
3291 4815 3513 4869 ὲνοικῶν
3561 4811 3753 4884 αὐτῷ]
3789 4812 3933 4864 Ἀλλ’

2360 4916 2460 4982 ἦγε
2492 4894 2597 4980 τῆς
2631 4911 2861 4972 πίστεως
2895 4909 3188 4978 παράδοσις
3217 4910 3328 4970 τοῖς
3374 4909 3454 4968 είς
3482 4905 3640 4958 τοῦτο
3669 4907 3780 4966 σοῖς
3807 4904 3936 4956 ἀντι

2358 5004 2646 5058 αποδύεται
2674 5001 2848 5069 λόγοις
2871 5017 2883 5030 ·
2916 5001 2974 5053 οὗ
3015 4999 3122 5070 γὰρ
3151 4998 3408 5068 θεοφόρον
3463 4997 3770 5067 ἄνθρωπον,
3816 4993 3932 5044 ἀλλ’

2358 5095 2849 5163 ἐνανθρωπήσαντα
2880 5091 3011 5144 Θεὸν
3060 5093 3386 5161 προσκυνεῖν
3434 5085 3822 5156 δεδιδζάγμεθαο
3867 5085 3933 5136 σὺ

2357 5184 2412 5235 δε
2444 5184 2540 5251 οὐχ
2585 5182 2726 5235 οὕτω
2757 5184 2881 5253 φής.
2911 5180 3043 5234 Εἶτα
3071 5182 3188 5242 πῶς
3231 5181 3329 5233 οὑκ
3357 5176 3584 5248 αἰσθάνῃ
3613 5175 3822 5245 ληρῶν,
3841 5173 3942 5245 καὶ⁸

2359 5266 2457 5344 τὴν
2489 5277 2544 5326 ὲν
2576 5277 2686 5336 τοῖς
2713 5274 2874 5336 θείοις
2905 5274 3140 5342 δόγμασι
3174 5271 3614 5342 παραχαράττων
3640 5267 3930 5336 ἀλήθειαν;

2368 5367 2559 5434 Γέγονε
2601 5366 2706 5436 γὰρ
2746 5365 2876 5434 σὰρξ
2903 5366 2929 5416 ὁ
2957 5365 3143 5432 Λόγος.
3183 5362 3321 5415 Ἀνθ⁹
3349 5363 3470 5414 ὅτου
3501 5360 3556 5413 δὲ
3587 5359 3651 5429 δὴ
3680 5358 3773 5412 καὶ
3800 5354 3935 5409 Θεὸν

1965 5587 2120 5641 ANT.
2169 5591 2440 5646 AGELLII
2482 5592 2710 5649 ΝΟΤᾸΞ.

772 5730 850 5798 (l)
883 5729 981 5782 Alii
1034 5729 1156 5782 libri
1197 5727 1488 5790 habebant,
1531 5726 1938 5797 παραιτοῦνται.
1988 5726 2091 5781 Sed
2131 5726 2262 5783 illud
2301 5732 2478 5786 verius
2547 5746 2663 5786 esse
2694 5729 3036 5785 manifestum
3095 5737 3172 5784 est
3209 5727 3350 5797 quod
3394 5735 3474 5782 est
3503 5726 3843 5793 impressum.
3877 5727 3931 5773 ει

703 5797 1208 5856 εῐςοτιορςιίοιὶυιιε
1237 5797 1384 5853 libris
1413 5803 1711 5864 acceptum.
