4104 6464
681 412 741 468 51
1664 426 1719 478 S.
1765 422 2035 478 CYRILLI
2079 419 2254 474 ALEX

2353 416 2543 471 ‘DRINI
2587 414 2905 471 ARCIHEI‘.
3864 415 3937 468 32

685 551 789 587 non
828 535 1130 605 signiﬁcat?
1164 537 1299 593 Num
1346 541 1588 596 dicturus
1629 556 1687 597 es
1732 544 1900 613 ipsum
1947 557 2037 610 per
2075 557 2131 593 se
2165 538 2254 592 Dei

2360 534 2466 602 γὰρ
2498 535 2662 602 ἐρεῖς,
2704 534 2779 595 ὡς
2812 534 2973 597 αὐτὸς
3006 533 3127 587 καθ’
3156 533 3371 594 ἑαυτὸν,
3402 532 3495 584 καὶ
3529 532 3652 600 δίχα
3682 529 3877 600 σαρκὸς
3907 533 3936 582 6

685 624 918 679 Verbum
954 630 1069 682 sine
1100 644 1263 684 carne
1297 633 1661 700 pertransisse
1697 650 1792 703 per
1826 632 2134 702 Virginem?
2160 631 2256 683 At-

684 715 775 781 qui
806 717 1075 782 quomodo
1102 718 1214 772 haec
1242 722 1399 773 verba
1430 735 1532 774 non
1570 737 1795 776 summae
1829 723 2070 775 stultitia:
2102 722 2253 789 plena

684 807 832 861 sint?
856 809 948 863 Vel
982 811 1126 865 enim
1161 813 1211 865 in
1240 815 1594 882 quantitatem
1621 829 1741 869 esse
1773 825 2080 869 concretam
2120 813 2255 865 divi-

685 899 906 953 nitatem
973 902 1270 973 intelligere
1316 920 1536 960 necesse
1587 916 1708 969 est,
1763 916 1818 958 et
1853 913 2050 958 motam
2102 913 2157 957 ut
2190 904 2255 957 de

684 986 802 1039 loco
839 990 889 1041 in
919 989 1093 1044 locum
1131 993 1553 1059 transferretur;
1590 996 1669 1048 vel
1713 996 1840 1063 quia
1883 1004 1967 1048 est
2010 995 2256 1063 incorpo-

683 1093 794 1139 rea,
831 1089 884 1133 et
917 1080 1025 1135 late
1053 1094 1105 1136 et
1137 1084 1335 1153 ubique
1362 1085 1474 1137 l‘usa
1496 1124 1510 1147 ,
1552 1100 1723 1154 neque
1757 1086 1872 1138 loco
1901 1086 2256 1152 terminisque

683 1172 1183 1237 circumscribitur,
1237 1192 1468 1244 quonam
1513 1178 1671 1231 modo
1719 1192 1815 1246 per
1851 1193 2012 1231 unmn
2060 1191 2255 1243 corpus

684 1264 916 1317 transire
943 1267 1184 1330 poterit?
1224 1267 1327 1321 Sed
1361 1277 1652 1337 utcumque
1675 1270 1746 1324 sit
1778 1271 1916 1338 quod
1957 1285 1984 1322 a
2024 1278 2075 1321 te
2122 1269 2255 1323 dici-

686 1363 789 1416 tnr,
822 1369 921 1407 cur
966 1371 1066 1409 non
1109 1358 1362 1425 explicari
1408 1361 1665 1427 oportuit.
1711 1369 1763 1414 et
1806 1361 2005 1415 clarius
2036 1360 2162 1422 dici,
2210 1360 2252 1413 si

684 1450 787 1495 tua:
818 1444 882 1497 de
917 1446 1017 1498 hac
1061 1461 1117 1499 re
1152 1450 1435 1501 sententiae
1477 1450 1680 1516 lidens,
1722 1451 1787 1505 de
1830 1450 1945 1518 ejus
1989 1451 2256 1518 probitate

681 1532 876 1587 docere
908 1534 1243 1603 potesHam
1292 1554 1422 1592 vero
1477 1541 1693 1594 ubinam
1752 1543 1944 1595 audisti
1997 1528 2255 1596 divinitus

684 1623 972 1692 inspiratas
1003 1628 1236 1684 Litteras
1263 1632 1464 1697 dicere,
1496 1632 1586 1686 Dei
1615 1632 1847 1686 Verbum
1884 1650 1979 1703 per
2009 1644 2251 1688 sanctam

685 1714 788 1786 14
828 1718 1094 1787 Virginem
1131 1723 1527 1791 pertransisse?
1572 1722 1705 1776 Nam
1742 1724 1958 1778 brevem
1995 1740 2117 1780 esse
2160 1728 2253 1779 bo-

680 1809 884 1861 minum
930 1812 1020 1879 qui
1074 1814 1273 1882 degunt
1319 1814 1368 1867 in
1422 1816 1585 1869 terris
1618 1816 1803 1879 vitam,
1841 1817 2025 1870 docuit
2065 1818 2252 1871 beatus

2358 628 2419 679 ἐκ
2440 626 2572 679 Θεοῦ
2594 627 2763 693 Λόγος
2785 626 3005 696 διήλασε
3035 626 3133 695 τῆς
3162 625 3476 696 Παρθένου;
3504 623 3697 676 Καίτοι
3729 622 3844 685 πῶς
3872 624 3935 675 οὐ

2356 719 2455 782 τῆς
2491 720 2718 773 ἀπασῶν
2748 719 3077 789 ἀΰελτηρίας
3106 718 3358 788 ἔμπλεως
3388 716 3470 786 εῐη
3502 716 3567 769 ἀν
3600 715 3628 766 6
3658 715 3815 782 λόγος
3839 712 3938 765 αύ-

2357 811 2468 880 τῷς
2502 813 2569 864 Ἦ
2599 810 2707 881 γὰρ
2737 809 3087 863 πεποσῶσθαι
3117 810 3178 861 τὸ
3216 809 3367 861 Θεῖον
3398 807 3613 875 ἀνάγκη
3643 807 3800 867 νοεῖν,
3840 802 3937 856 καὶ

2360 902 2629 956 ποιεῖσθαι
2675 902 2889 972 κίνησιν
2919 902 3014 971 τὴν
3058 903 3122 953 ὲκ
3158 900 3329 953 τόπου
3374 899 3509 969 πρὸς
3552 898 3716 950 τόπον
3744 896 3935 964 ἕτερον

2360 991 2785 1061 μεταστατικήνο
2813 990 2867 1058 ἢ,
2894 991 3050 1058 εἴπερ
3075 987 3190 1039 ἐστὶ
3211 986 3272 1038 τὸ
3294 985 3447 1038 Θεῖον
3468 983 3775 1052 ἀσώματον,
3799 980 3933 1050 εὐρὺ

2355 1083 2431 1146 δὲ,
2459 1085 2551 1136 καὶ
2591 1082 2891 1151 πανταχοῦ,
2922 1082 3017 1133 καὶ
3041 1080 3140 1132 ούκ
3172 1080 3230 1131 ὲν
3258 1078 3428 1147 τόπῳ,
3460 1075 3555 1129 καὶ
3591 1073 3930 1142 περιγραφῇ,

2358 1173 2475 1235 πῶς
2519 1173 2582 1227 ἂν
2611 1173 2678 1224 δι’
2718 1172 2837 1235 ἑνὸς
2886 1170 3143 1242 παρέλθοι
3176 1168 3455 1237 σώματοςς
3494 1164 3631 1218 Ἀλλ’
3660 1165 3687 1218 ὅ
3716 1180 3767 1216 τι
3801 1162 3935 1215 ποτέ

2357 1265 2502 1317 ἐστιν
2534 1264 2561 1316 ὃ
2590 1264 2715 1335 φὴς,
2762 1263 2880 1325 πῶς
2910 1264 3009 1314 ούκ
3042 1262 3146 1313 ἔδει
3186 1258 3529 1329 διατρανοῦν,
3570 1258 3666 1310 καὶ
3706 1254 3935 1325 ἐναργέ-

2358 1372 2548 1425 στερον
2574 1356 2766 1415 εἰπεῖν,
2796 1355 2843 1405 εί
2873 1355 2991 1415 ταῖς
3024 1349 3221 1405 σαυτοῦ
3257 1350 3383 1419 περὶ
3413 1346 3604 1400 τούτου
3637 1344 3815 1408 δόξαις
3845 1362 3935 1397 τε-

2358 1445 2677 1517 θαρσηκὼς,
2729 1448 3024 1517 μαρτυρεῖν
3068 1444 3212 1514 εχεις
3259 1443 3450 1503 αὐταῖς
3493 1438 3555 1493 τὸ
3590 1436 3932 1509 ἀμώμητον;

2357 1536 2466 1591 Ποῦ
2496 1536 2550 1589 δὲ
2581 1536 2643 1604 δὴ
2685 1538 2775 1587 καὶ
2823 1535 3062 1603 ἀκήκοας
3100 1535 3199 1602 τῆς
3253 1531 3613 1585 θεοπνεύστου
3665 1527 3934 1596 λεγούσης

2358 1624 2598 1693 Γραςρῆς,
2620 1625 2699 1675 ὃτι
2728 1622 3001 1692 παρῆλθεν
3023 1624 3051 1674 6
3076 1621 3166 1674 τοῦ
3191 1619 3324 1673 Θεοῦ
3345 1621 3516 1687 Λόγος
3538 1619 3625 1672 διὰ
3648 1618 3746 1687 τῆς
3770 1617 3934 1683 ἁγίας

2357 1713 2633 1783 Παρθένου
2658 1730 2670 1777 ;
2694 1714 2814 1765 Ὅτι
2850 1713 2947 1781 μὲν
2982 1712 3090 1782 γάρ
3120 1711 3344 1781 βραχὺς,
3373 1712 3468 1764 καὶ
3500 1708 3935 1777 συνεσταλμένος

2356 1802 2463 1858 τῶν
2502 1805 2593 1856 ἐπὶ
2636 1805 2738 1874 γῆς
2782 1806 2809 1856 6
2840 1803 2972 1872 βίος,
3004 1804 3237 1869 ἐδίδαξεν
3262 1806 3291 1857 6
3329 1804 3596 1873 μακάριος
3632 1801 3816 1861 Δαόὶδ,
3846 1799 3938 1852 λέ-

679 1896 875 1963 David,
928 1902 1159 1958 (licens:
1224 1924 1241 1956 ι
1272 1903 1470 1966 liomo.
1528 1906 1669 1959 sicut
1718 1905 1895 1959 fenum
1944 1908 2058 1960 dies
2098 1908 2247 1987 eius;

2353 1908 2497 1962 γων·
2535 1912 2554 1944 ι
2588 1895 2926 1963 Ἀνθρωπος,
2961 1895 3093 1946 ὡσεὶ
3134 1896 3324 1965 χόρτος
3374 1896 3428 1947 αἱ
3463 1893 3670 1964 ἡμέραι
3722 1891 3889 1944 αὑτοῦ
3915 1906 3931 1923 ⁸

680 1996 938 2058 tanquam
982 1989 1079 2045 ﬂos
1125 1993 1261 2061 agri,
1293 1994 1370 2049 sic
1402 1993 1687 2060 elilorebit,
1724 1996 1981 2063 quoniam
2027 1996 2250 2063 spiritus

682 2082 1035 2146 pertransivit
1061 2083 1112 2136 in
1146 2084 1253 2147 illo,
1286 2093 1340 2138 et
1364 2100 1465 2139 non
1490 2086 1747 2140 subsistet
1781 2086 1847 2141 ⁸³.
1879 2105 1897 2137 ι
1934 2087 2002 2139 At
2032 2102 2159 2141 vero
2185 2087 2250 2142 de

677 2180 865 2225 sancta
897 2171 1113 2240 Virgine
1143 2175 1271 2243 quid
1311 2174 1572 2244 ejusmodi
1613 2178 1876 2247 scriptum
1924 2178 2090 2234 habes
2127 2194 2251 2247 pro-

677 2262 859 2316 ferre?
882 2264 1039 2331 Atqui
1068 2264 1231 2319 Deum
1262 2280 1325 2319 ex
1366 2267 1474 2336 ipsa
1501 2268 1769 2337 genitum,
1799 2270 2095 2323 secundum
2128 2286 2249 2325 car-

679 2362 799 2441 nem
830 2356 1067 2422 inquam,
1105 2358 1321 2411 tandem
1356 2373 1523 2415 sacra:
1556 2358 1772 2415 Litterze
1804 2364 2082 2430 perspicue
2107 2363 2247 2418 indl-

678 2446 893 2501 rarnnt.
930 2447 1106 2502 Redeo
1140 2450 1303 2519 igitur
1333 2453 1510 2507 denuo
1535 2456 1600 2508 ad
1642 2467 1751 2522 tua,
1797 2455 1879 2508 vir
1912 2457 2251 2525 prazstantis-

679 2538 847 2601 sime,
892 2541 1073 2593 verba.
1120 2541 1176 2596 ld
1208 2546 1351 2597 enim
1387 2548 1498 2615 ipse
1533 2562 1745 2616 quoque
1782 2548 2081 2617 saepissime
2114 2564 2247 2602 con-

678 2627 851 2684 fessus
881 2646 958 2697 es,
996 2631 1223 2687 Verbum
1257 2651 1381 2691 esse
1412 2653 1630 2693 carnem
1661 2638 1881 2706 factum,
1915 2656 2088 2710 neque
2128 2655 2246 2696 eam

678 2734 864 2774 vocem
899 2721 1238 2789 rejiciendam
1275 2729 1506 2794 putasti;
1537 2737 1593 2784 et
1627 2730 1753 2784 illud
1790 2740 2067 2799 praeterea,
2105 2732 2246 2801 quod

678 2811 948 2883 Unigeniti
1003 2816 1337 2871 divinitatem
1394 2832 1579 2889 aperte
1643 2837 1706 2875 ac
1749 2823 1922 2889 palam
1975 2824 2245 2877 hominem

676 2903 874 2959 factam
905 2906 1113 2973 dixisti,
1135 2924 1256 2963 cum
1287 2910 1388 2964 hoc
1420 2912 1576 2965 modo
1603 2912 1889 2981 scripseris
1924 2931 1941 2968 :

746 3081 984 3137 Nssron.
1020 3080 1119 3153 [tta
1160 3092 1213 3136 et
1246 3082 1371 3137 alibi
1411 3085 1579 3141 dicit:
1618 3106 1635 3137 ι
1688 3086 1925 3141 Locutus
1968 3096 2051 3141 est
2093 3087 2248 3141 nobis

676 3174 728 3229 iu
755 3174 912 3237 Filio,
941 3190 1100 3243 quem
1127 3175 1405 3229 constituit
1432 3176 1696 3231 lireredem
1731 3179 2128 3243 universorum,
2152 3194 2248 3247 per

2356 1985 2490 2037 ὡσεὶ
2518 1984 2675 2048 ἄνθος
2707 1984 2801 2037 τοῦ
2828 1984 3023 2056 ἀγροῦ,
3050 1984 3223 2047 οὕτως
3255 1984 3569 2052 ὲξανθήσει·
3602 1986 3685 2037 ὅτι
3715 1982 3939 2052 πνεῦμα

2354 2073 2564 2145 διῆλθεν
2587 2075 2645 2126 ἐν
2670 2074 2840 2144 αὐτῷ,
2865 2075 2958 2127 καὶ
2983 2076 3079 2144 οὐχ
3102 2072 3352 2146 ὑπάρξει.
3380 2092 3398 2125 ι
3422 2064 3556 2144 Περὶ
3575 2072 3629 2124 δὲ
3652 2074 3749 2143 τῆς
3772 2072 3935 2138 ἁγίας

2356 2164 2634 2235 Παρθένου
2682 2164 2733 2217 τί
2784 2164 3026 2218 τοιοῦτον
3087 2164 3232 2234 ἔχεις
3284 2164 3672 2235 γεγραμμένον
3714 2164 3933 2227 εἱπείν;

2358 2256 2479 2308 Ὀτι
2510 2255 2568 2308 δὲ
2606 2254 2925 2325 γεγέννηται
2964 2255 3095 2318 Θεὸς
3142 2256 3200 2321 ἐξ
3234 2256 3432 2325 αὐτῆς,
3463 2256 3524 2308 τὸ
3558 2254 3699 2308 κατά
3729 2254 3935 2322 σάρκα,

2356 2348 2520 2434 (qui,
2544 2347 2948 2418 διαμεμήνυκεν
2974 2348 3222 2418 ἐναργῶς
3252 2349 3285 2418 ή
3319 2348 3678 2434 θεόπνευστος
3715 2344 3931 2414 Γραφῇ.

2355 2432 2487 2510 Εἶμι
2528 2440 2585 2493 δὲ
2615 2440 2679 2510 δὴ
2712 2440 2876 2493 πάλιν
2925 2439 3016 2492 ὲπί
3064 2456 3127 2507 γε
3164 2440 3291 2503 τοὺς
3327 2440 3485 2503 σοὺς,
3528 2432 3573 2492 ὧ
3605 2437 3931 2508 πανάριστε,

2354 2529 2568 2599 λόγους.
2615 2530 3037 2601 Διωμολόγηκας
3087 2529 3195 2601 γάρ
3236 2529 3333 2582 καὶ
3378 2529 3574 2595 αὐτὸς,
3619 2528 3715 2582 καὶ
3771 2527 3935 2581 τοῦτο

2355 2623 2690 2686 πλειστάκις,
2721 2625 2801 2676 ὅτι
2835 2623 3027 2699 γέγονε
3064 2623 3203 2692 σὰρξ
3238 2622 3267 2673 6
3298 2623 3499 2689 Λόγοςο
3537 2621 3631 2674 καὶ
3662 2620 3763 2673 οὐκ
3796 2619 3951 2672 ἀπό--

2355 2713 2547 2783 ϐλητον
2575 2716 2813 2781 ἐποιήσω
2841 2714 2940 2782 τὴν
2974 2713 3193 2782 φωνήν·
3228 2713 3322 2765 καὶ
3362 2711 3496 2781 πρός
3524 2727 3585 2779 γε
3624 2710 3797 2780 τούτῳ
3832 2710 3935 2764 κά-

2354 2805 2527 2857 κεῖνο·
2560 2805 2657 2875 τὴν
2694 2804 2802 2874 γάρ
2827 2821 2908 2857 τοι
2940 2802 3033 2855 τοῦ
3067 2801 3407 2869 Μονογενοῦς
3458 2800 3712 2869 θεότητα,
3742 2799 3930 2867 σαφῶς

2354 2895 2446 2949 καὶ
2467 2896 2765 2964 ἀναφανδὸν
2790 2894 3209 2965 ὲνανθρωπῆσαι
3240 2891 3688 2964 φής..Γέγραφας
3722 2890 3779 2943 δὲ
3808 2906 3934 2944 του-

2352 2988 2463 3040 τονὶ
2497 2988 2585 3040 τὸν
2616 2986 2833 3056 τρόπον.

2427 3076 2607 3148 Ιοῦτω
2637 3078 2729 3132 καὶ
2756 3078 2813 3130 ὲν
2845 3077 3053 3149 ἑτέροις
3091 3076 3289 3146 φησίψ
3313 3094 3331 3127 ι
3372 3073 3666 3144 Ἐλάλησεν
3696 3074 3830 3144 ἡμῖν
3873 3073 3936 3125 ὲν

2354 3170 2487 3239 mp,
2520 3170 2577 3222 ὃν
2621 3169 2771 3222 ἔθετο
2817 3169 3153 3240 κληρονόμον
3201 3169 3439 3231 πάντων,
3471 3167 3538 3221 διῗ
3574 3161 3634 3221 οὗ
3674 3166 3771 3219 καὶ
3802 3163 3936 3226 τοὺς

675 3281 832 3331 quem
863 3265 990 3319 fecit
1020 3276 1069 3318 et
1112 3266 1351 3320 smenla:
1397 3267 1486 3335 qui
1536 3284 1658 3321 cum
1709 3270 1779 3321 sit
1828 3270 2080 3337 splendor
2128 3271 2244 3339 glo-

2353 3263 2548 3326 αἰῶνας
2567 3261 2823 3331 ἐποίησεν
2839 3279 2852 3291 ·
2881 3262 2939 3324 ὃς
2966 3260 3041 3313 ὢν
3063 3260 3411 3330 ἀπαύγασμα
3425 3260 3527 3327 τῆς
3548 3259 3705 3327 δόξης
3724 3273 3735 3285 ·
3763 3276 3781 3307 ι
3816 3254 3946 3317 θεὶς

676 3357 769 3410 rite
797 3356 861 3409 “.
901 3374 920 3408 ι
958 3354 1093 3410 Cum
1142 3357 1433 3426 posuisset,
1486 3356 1699 3425 Filius,
1748 3370 1863 3414 tuto
1900 3361 2041 3415 hunc
2085 3370 2245 3415 vocat

672 3449 835 3502 etiam
866 3448 1205 3517 splendorem
1239 3449 1421 3518 gloria:
1447 3458 1501 3504 et
1542 3451 1892 3505 constitutum
1931 3450 2198 3505 haeredem
2226 3466 2240 3504 :

674 3540 941 3593 heredem
980 3540 1207 3608 quidem
1260 3540 1552 3593 secundum
1591 3554 1806 3594 carnem
1856 3542 2241 3605 constitutum,

672 3628 1011 3696 splendorem
1044 3644 1171 3683 vero
1195 3639 1432 3696 paternae
1462 3628 1649 3698 gloria:
1675 3631 1968 3684 secundum
1996 3632 2257 3684 divinita-.

676 3732 781 3773 tem
816 3736 830 3773 :
865 3736 967 3773 non
1010 3719 1152 3773 enim
1196 3719 1505 3774 incarnatus
1537 3722 1785 3775 discessit
1822 3736 1849 3773 a
1895 3723 2245 3777 similitudine

673 3806 873 3861 Patris.
922 3805 1186 3859 Praetema
1222 3806 1301 3860 sic
1329 3823 1516 3862 rursus
1544 3809 1672 3862 dicit
1700 3825 1713 3860 :
1753 3830 1770 3860 ο
1800 3806 2066 3880 Tempora
2098 3813 2243 3866 enim

673 3898 993 3968 ignorantiae
1024 3898 1329 3968 despiciens
1363 3900 1521 3963 Dens,
1552 3916 1696 3954 nunc
1729 3902 1979 3957 omnibus
2015 3904 2247 3957 homini-

674 3992 774 4046 bus
814 3992 1095 4045 annuntiat
1127 4001 1183 4046 ut
1230 3992 1600 4061 pmnitentiam
1646 4003 1828 4060 agant,
1856 4009 1923 4047 eo
1962 3995 2103 4064 quod
2132 4006 2244 4049 sta—

678 4081 777 4135 tuit
810 4082 1038 4154 diemln
1073 4098 1179 4151 quo
1205 4084 1542 4151 judicaturus
1568 4094 1647 4137 est
1670 4085 1853 4139 orbem
1882 4085 1932 4137 in
1968 4086 2253 4153 mquitate,

676 4172 729 4224 in
763 4173 879 4225 viro
907 4172 957 4225 in
992 4187 1097 4239 quo
1118 4176 1327 4237 statuit,
1363 4174 1521 4225 tidem
1551 4174 1795 4241 pra-bons
1821 4174 2091 4238 omnibus,
2123 4189 2247 4228 sus-

676 4264 851 4316 citans
904 4278 1029 4316 euut
1083 4280 1111 4316 a
1177 4266 1403 4316 mortuis
1438 4263 1503 4317 ‘7.
1546 4282 1563 4313 ι
1616 4263 1749 4317 Cum
1794 4266 1940 4331 prius
1979 4265 2243 4320 dixisset:

683 4340 702 4403 ι
744 4352 797 4406 1η
830 4354 967 4418 viro,
1007 4374 1025 4405 ι
1069 4364 1177 4407 tum
1224 4353 1351 4406 illud
1394 4353 1666 4423 subjungit
1700 4373 1725 4407 ιν
1757 4372 1777 4404 ι
1817 4356 2095 4409 Suscitans
2124 4370 2245 4409 eum

676 4460 705 4497 a
745 4443 1006 4507 mortuis;
1043 4464 1060 4494 ι
1096 4460 1160 4497 ne
1188 4445 1307 4511 quis
1349 4444 1686 4503 divinitatem
1730 4446 1999 4501 hominem
2046 4446 2244 4502 factam

678 4550 800 4590 esse
828 4547 1094 4589 mortuam
1124 4539 1444 4604 suspicetur.
1490 4534 1536 4607 ι]

1324 4666 1476 4723 CAP.
1518 4666 1611 4722 lli.

752 4795 885 4863 Quis
926 4812 1056 4866 ergo
1105 4796 1192 4851 ille
1227 4806 1307 4851 est
1345 4796 1692 4853 incarnatus?
1729 4808 1823 4854 aut
1850 4815 1957 4869 quo
1998 4800 2249 4855 incarna-

681 4898 768 4943 tus
800 4888 994 4941 modo?
1034 4904 1153 4957 qum
1205 4891 1367 4943 etiam
1414 4889 1668 4943 divinitas
1714 4890 1873 4944 homo
1906 4890 2088 4945 facta?
2140 4892 2248 4955 dic,

681 4993 883 5046 quaeso,
928 4977 1009 5033 vir
1046 4981 1247 5050 Optime
1279 4998 1291 5033 :
1333 4980 1387 5033 id
1418 4981 1560 5034 enim
1592 4995 1814 5036 avemus
1850 4983 2075 5037 discere.
2113 4982 2248 5036 Num

2346 3354 2427 3417 τὸ,
2480 3352 2635 3415 Υἱός,
2689 3353 2845 3405 καλεί
2876 3353 3063 3405 τοῦτον
3117 3352 3375 3419 ἀσφαλῶς
3433 3350 3525 3403 καὶ
3584 3347 3934 3415 ἀπαύγασμα

2344 3446 2444 3515 τῆς
2500 3444 2689 3513 δόξης.
2738 3445 2831 3498 καὶ
2896 3442 3057 3495 θετὸν.
3100 3442 3435 3513 κληρονόμον
3484 3442 3601 3511 μὲν,
3645 3439 3786 3493 κατά
3830 3438 3933 3509 τὴν

2348 3536 2529 3607 σάρκα
2561 3533 2736 3597 θετὸν,
2771 3534 3117 3603 ἀπαύγασμα
3139 3533 3196 3586 δὲ
3227 3533 3328 3602 τῆς
3364 3532 3458 3585 τοῦ
3492 3530 3706 3601 Πατρὺς
3747 3528 3941 3598 δόξης,

2347 3627 2488 3680 κατά
2511 3626 2609 3697 τὴν
2638 3626 2865 3693 θεότητα
2885 3644 2897 3656 ·
2928 3627 2990 3678 ού
3020 3625 3129 3696 γὰρ
3158 3624 3368 3693 ἀπέστη
3401 3625 3501 3692 τῆς
3688 3621 3787 3711 Δτὸν
3824 3620 3936 3711 ξιτ

2346 3720 2479 3788 τέρα
2520 3717 2823 3789 σαρκωθεὶς
2857 3716 3196 3785 ὁμοιότητος.
3234 3714 3343 3766 Καὶ
3377 3714 3511 3779 πρός
3548 3727 3611 3778 γε
3651 3709 3714 3778 δὴ
3755 3707 3934 3775 τούτῷ

2348 3811 2508 3863 πάλιν
2534 3809 2690 3862 οὖτω-
2720 3806 2883 3876 φησί·
2923 3825 2940 3858 ι
2969 3806 3108 3869 Τοὺς
3157 3804 3267 3873 γὰρ
3300 3803 3526 3873 χρόνους
3562 3800 3661 3870 τῆς
3707 3798 3937 3866 ἀγνοίας

2348 3900 2618 3970 ὑπεριδὼν
2662 3902 2690 3952 6
2722 3898 2890 3961 Θεὸς,
2938 3896 3115 3951 τανῦν
3146 3898 3311 3949 πᾶσιν
3363 3890 3671 3963 ἀνθρώποις
3714 3904 3936 3958 παραγ⁴

2347 3992 2528 4060 γέλλει
2601 3993 2919 4062 μετανοείνο
2975 3988 3167 4042 καθότι
3224 3987 3452 4056 ἔστησεν
3500 3982 3737 4053 ἡμέραν,
3786 3982 3847 4033 ὲν

2352 4083 2533 4154 μέλλει
2583 4083 2788 4151 κρίνειν
2838 4082 2937 4151 τὴν
2990 4078 3317 4149 οἰκουμένην
3361 4078 3418 4130 ὲν
3466 4074 3649 4144 ἀνδρὶ,
3678 4065 3727 4140 ᾧ
3763 4071 3934 4141 ὥρισε

2352 4174 2655 4249 [diploma],
2683 4174 2865 4227 πίστιν
2892 4170 3191 4244 παρασχὼν
3218 4172 3405 4229 πᾶσιν,
3433 4166 3741 4235 ἀναστήσας
3769 4161 3936 4216 αὐτὸν

2350 4270 2412 4320 ὲκ
2444 4266 2673 4338 νεκρῶν.
2704 4285 2721 4316 ι
2761 4265 3033 4334 Πρότερον
3078 4261 3271 4323 εἰπὼν,
3308 4279 3335 4311 ιγ
3372 4258 3460 4311 Ἐν
3494 4256 3670 4327 ἀνδρὶ,
3697 4274 3715 4306 ι
3754 4267 3930 4324 προσ-

2350 4359 2527 4428 τίθησι
2562 4357 2679 4409 τότε
2709 4357 2789 4418 τὸ,
2818 4375 2835 4406 ι
2880 4354 3214 4423 Ἀναστήσας
3244 4350 3403 4403 αὑτὸν
3434 4350 3496 4401 ὲκ
3521 4344 3762 4417 νεκρῶνσ
3789 4362 3816 4396 ι
3844 4344 3934 4396 ἵνα

2354 4448 2539 4518 μηδεὶς
2584 4448 2683 4517 τὴν
2737 4445 3237 4517 ἐνανθρωπήσασαν
3276 4428 3575 4509 ύτὶοπτεύη
3609 4434 3932 4507 τεθνηκέναι

2353 4538 2627 4610 θεότητα.]

2355 4919 2526 4955 κωται
2558 4899 2792 4971 τρόπον;
2826 4894 2952 4948 ποία
2980 4892 3035 4946 δὲ
3060 4892 3250 4960 θεότης
3279 4888 3435 4943 ὲνανθ
3447 4888 3768 4959 ρωπήσασα,
3797 4885 3936 4955 φρά-

2359 5009 2479 5054 σαις
2512 4990 2609 5055 ἂν,
2631 4983 2675 5042 ὧ
2711 4986 2976 5057 βέλτιστε,
3008 4985 3120 5047 τοῖς
3154 4980 3398 5034 ἐθέλουσι
3432 4977 3644 5046 μαθεῖν.
3670 4971 3817 5043 ’Διρα
3847 4990 3936 5025 σε-

684 5070 1024 5123 incaruatum
1065 5087 1185 5125 esse
1227 5073 1588 5127 concedemus
1633 5074 1805 5142 ipsum
1849 5076 1913 5130 de
1954 5077 2059 5129 Deo
2090 5074 2254 5128 Deum

2355 5076 2673 5148 σαρκῶσθαι
2711 5072 2954 5142 δώσομεν
2998 5070 3089 5122 τὸν
3138 5071 3202 5121 ὲκ
3240 5067 3374 5120 Θεοῦ
3424 5066 3555 5119 Θεὸν
3595 5065 3798 5132 Λόγονο
3840 5062 3939 5114 καὶ

683 5159 944 5225 Verbum,
978 5173 1032 5215 et
1074 5164 1423 5217 bumanatum
1459 5180 1764 5220 asseremus
1794 5176 2047 5236 tanquam
2084 5168 2251 5221 nostri

684 5254 913 5307 similem
947 5253 1169 5317 factum,
1193 5265 1243 5308 et
1274 5271 1437 5309 carne
1470 5266 1650 5310 natum
1675 5257 1701 5310 ἲ
1724 5274 1789 5311 an
1831 5258 1881 5311 id
1922 5260 2067 5312 nullo
2096 5261 2265 5312 modo.

684 5346 1063 5409 concedemns,
1104 5348 1197 5400 sed
1244 5348 1523 5403 hominem
1563 5350 1990 5405 existimabimus
2039 5352 2107 5405 ad
2152 5354 2253 5405 hoc

685 5438 899 5487 venisse
928 5451 1047 5487 eum
1094 5437 1200 5489 Deo
1228 5437 1599 5505 coniunctum,
1625 5449 1683 5493 ut
1714 5441 1825 5509 ipse
1858 5442 2097 5495 asseris?
2125 5442 2249 5507 Sed,

686 5526 788 5579 nisi
840 5527 1016 5590 fallar,
1068 5529 1217 5582 dices
1250 5529 1440 5583 melius
1482 5541 1537 5583 et
1582 5532 1883 5600 sapientius
1914 5549 2032 5587 esse
2082 5534 2255 5602 ipsum

686 5632 751 5671 ex
790 5620 899 5673 Deo
926 5618 1153 5674 Veibum
1179 5630 1367 5690 putare
1394 5622 1665 5677 hominem
1700 5621 1896 5679 factum
1924 5634 1978 5679 et
2006 5625 2277 5680 incarnav

2352 5165 2773 5237 ἐνανθρωπῆσαί
2804 5179 2984 5234 φαμεν
3010 5161 3192 5225 αὑτὸν,
3220 5159 3293 5222 ὡς
3325 5157 3446 5212 καθ’
3470 5158 3620 5227 ἡμᾶς
3647 5153 3934 5223 γεγονότα,

2352 5262 2447 5313 καὶ
2476 5258 2874 5328 γεγεννημένον
2904 5255 3102 5326 capaci;
3135 5253 3168 5323 ἢ
3206 5252 3363 5305 τοῦτο
3407 5250 3507 5319 μὲν
3541 5245 3811 5317 οὐδαμῶς,
3842 5245 3938 5299 ἄν·

2352 5353 2569 5423 θρωπον
2602 5350 2663 5402 δὲ
2702 5348 2994 5419 νομιοῦμεν
3034 5346 3171 5417 πρὸς
3218 5343 3377 5397 τοῦτο
3410 5340 3604 5404 ἐλθεῖν,
3648 5337 3764 5407 Θεῷ
3805 5353 3936 5388 συν-

2352 5444 2618 5513 ημμένον,
2649 5441 2789 5495 κατά
2812 5441 2869 5493 σέ
2892 5457 2905 5505 ;
2941 5439 3079 5492 Ἀλλ’
3108 5434 3283 5509 οἶμαι,
3318 5434 3483 5505 φαίης
3505 5434 3592 5498 ἂν,
3618 5432 3691 5496 ὡς
3714 5431 3938 5500 ἄμεινον

2354 5533 2416 5602 δή
2453 5550 2553 5585 που
2590 5534 2684 5585 καὶ
2720 5532 2902 5601 σοφὸν,
2924 5530 2985 5583 τὸ
3024 5526 3441 5598 ὲνανθρωπῆσαι
3475 5526 3689 5595 φρονεῖν
3735 5521 3825 5574 τὸν
3869 5522 3937 5573 ἐκ

2356 5622 2492 5677 Θεοῦ
2532 5624 2724 5693 Λόγον,
2753 5624 2843 5677 καὶ
2878 5622 3056 5693 σάρκα
3085 5619 3358 5690 γενέσθαι,
3392 5616 3538 5672 κατά
3563 5614 3658 5678 τὰς
3687 5611 3935 5686 Γραφάς.

766 5797 810 5829 ⁸⁸
848 5797 988 5852 Psal.
1015 5813 1111 5862 cn,
1153 5796 1237 5851 M.
1317 5798 1362 5830 “
1393 5798 1551 5856 licbr.
1578 5801 1688 5868 I,?.,
1711 5802 1764 5856 3.
1836 5806 1877 5836 ³⁷
1913 5807 2034 5862 Act;
2067 5821 2196 5870 un,
2226 5803 2317 5869 60,
2340 5803 2429 5857 δι.
