4112 6490
87 429 133 484 33

1265 439 1637 497 ADVERSUS
1673 438 2075 496 NESTORIUM
2109 439 2238 496 LIB.
2283 439 2323 495 I.
3344 449 3412 505 34

100 543 265 639 0'3"!“
292 562 406 600 που
433 549 534 614 τὸ,
560 552 632 606 ὲν
655 545 708 622 ᾧ
729 555 824 619 τίς
853 556 1023 619 ἐστιν,
1045 555 1218 626 ὁρῷτο
1242 556 1327 621 ἂν,
1350 553 1524 629 οῐμαι,
1555 575 1725 627 προσ-

1837 566 1968 622 ιιιιιι,
2003 567 2062 611 ιιι
2090 556 2384 626 Scriptura:
2425 557 2663 614 tradunt.
2705 558 2890 631 Neque
2927 563 3071 619 enim
3111 565 3163 621 id
3209 568 3261 622 in
3302 584 3412 639 quo

105 632 279 688 λιθῶν*
308 639 362 692 εἰ
397 638 466 693 δὲ
500 641 584 715 δὴ
622 645 862 712 γένοιτό
899 663 1014 709 πως
1047 649 1103 700 ὲν
1145 643 1227 710 οἷς
1266 648 1365 701 οὐκ
1409 651 1466 700 ὲν
1505 650 1722 720 ἀρχαῖς,

118 734 638 803 ηκαινουργεῖσθαί
671 756 730 791 τι
765 737 899 810 περὶ
922 739 1080 792 αὑτὸν
1107 739 1396 805 ἐκδείξειεν
1421 739 1486 792 ἂν
1511 742 1539 793 6
1569 740 1727 807 λόγος

130 822 278 886 εὒθύς.
309 826 540 880 Οὐκοῦν
579 828 808 900 ἀμαθὲς
840 830 902 883 τὸ
937 830 1352 901 ὲνανθρωπῆσαι
1400 829 1599 897 λέγειν,
1635 831 1727 884 καὶ

139 918 288 988 σάρκα
329 918 614 987 γενέσθαι
650 920 943 1007 τινάἱτῶν
992 921 1290 975 τελούντων
1324 922 1383 975 ὲν
1426 924 1581 993 ἡμῖν,
1632 922 1728 976 καὶ

144 1011 242 1073 τοὺς
272 1010 370 1080 τῆς
404 1009 854 1083 ἀνθρωπότητος
895 1013 1054 1082 ὅρους
1102 1013 1477 1083 ἐκϐεϐηκότα·
1527 1014 1728 1084 πρέποι

144 1102 177 1154 δ’
207 1102 289 1165 ἂν,
319 1103 422 1156 καὶ
471 1102 630 1174 μάλα.
677 1105 926 1169 εἰκότως,
967 1107 1000 1175 ὴ
1034 1105 1464 1177 ὲνανθρώπησις,
1496 1107 1663 1178 ἤγουν
1693 1108 1728 1178 ἡ

148 1194 433 1266 σάριωσις,
466 1197 537 1266 τῇ
571 1194 676 1264 τῆς
710 1194 1131 1268 ἀνθρωπότητος
1162 1197 1417 1250 ἐπέκεινα
1451 1197 1630 1266 φύσει.
1665 1198 1729 1250 El

143 1285 191 1337 δὲ
230 1285 665 1357 ὲνηνθρὼπησεν
697 1286 935 1357 ἀληθῶς,
967 1288 1064 1340 καὶ
1095 1287 1287 1356 γέγονε
1325 1286 1479 1359 σὰρξ,
1523 1287 1732 1359 ἀνθρω-

142 1393 237 1439 πος
264 1375 326 1448 δὴ
358 1394 468 1430 που
495 1376 738 1432 νοεῖσθαι
773 1379 1157 1444 πεπίστευται,
1189 1379 1284 1432 καὶ
1313 1379 1412 1432 οὐκ
1457 1379 1730 1451 ἀνθρώπῳ

141 1467 242 1520 τινὶ
273 1467 652 1539 συνημμένος,
693 1465 834 1521 κατά
868 1469 1036 1540 μόνην
1081 1470 1180 1540 τὴν
1215 1469 1507 1540 ἐνοίκησιν,
1537 1470 1728 1541 ὴγουν,

139 1558 281 1612 κατά
329 1576 458 1614 τινα
511 1559 623 1611 τῶν
676 1557 876 1623 ἔξωθεν
923 1559 1063 1630 ἔχων
1109 1559 1221 1631 [Ion
1272 1559 1556 1632 σχέσεων],
1611 1561 1730 1632 ἦτοι

142 1650 464 1718 συνάφειαν,
501 1649 576 1713 ὡς
606 1652 670 1703 σὺ
704 1651 832 1720 φής.
869 1650 1014 1722 Πλὴν
1058 1653 1107 1704 εί
1132 1652 1226 1704 καὶ
1256 1653 1476 1720 γέγονεν
1518 1651 1732 1722 ἀνθρω-

139 1758 260 1804 mg,
299 1740 681 1812 ἀναπόϐλητον
711 1742 823 1811 ἔχει
868 1742 931 1795 τὸ
972 1738 1112 1796 εἶναι
1147 1743 1299 1807 Θεὸς.
1350 1741 1486 1797 Οῠτε
1529 1742 1585 1795 δὲ
1632 1742 1732 1813 τῆς

141 1832 346 1902 σαρκὸς
379 1835 462 1896 είς
508 1833 609 1905 τὴν
645 1833 742 1904 τῆς
779 1833 1031 1903 θεότητος
1065 1833 1227 1902 φύσιν
1263 1833 1516 1902 γενέσθαι
1553 1834 1732 1903 φαμὲν

1831 659 1935 714 est,
1964 663 2242 704 assumere
2261 649 2545 720 quisquam
2575 652 2858 708 cernitur:
2891 657 2986 711 sed
3019 658 3067 713 si
3102 672 3162 712 ea
3206 675 3407 730 sumat,

1832 742 1882 796 in
1911 741 2106 811 quibus
2144 750 2303 796 antea
2339 755 2444 796 non
2475 753 2614 810 erat,
2657 744 2860 815 aliquid
2891 746 3034 801 circa
3069 749 3242 818 ipsum
3290 764 3412 808 esse

1830 833 2143 887 innovatum
2167 832 2348 888 statim
2390 834 2571 890 verbis
2607 837 2804 906 exponi
2842 837 2945 908 15
2988 844 3206 910 poterit.
3239 842 3409 914 Igitur

1830 923 2053 978 stultum
2081 923 2152 978 sit
2188 923 2460 979 hominem
2483 923 2687 980 factum
2722 927 2907 983 dicere
2941 939 3036 984 aut
3065 932 3405 988 incarnatum

1831 1014 2065 1081 aliquem
2110 1028 2179 1068 ex
2219 1023 2406 1070 nostro
2461 1031 2709 1081 numero,
2759 1028 2816 1074 et
2873 1021 3009 1078 lines
3055 1023 3409 1079 humanitatis

1831 1108 2174 1162 excessisse:
2211 1107 2304 1162 sed
2337 1106 2453 1162 ﬁeri
2499 1108 2798 1176 hominem,
2831 1112 2915 1167 vel
2947 1113 3244 1182 incarnari,
3279 1134 3410 1171 cou-

1831 1198 2238 1254 venientissime
2271 1199 2324 1253 in
2353 1208 2598 1255 naturam
2626 1203 2790 1268 cadit,
2817 1218 2936 1273 qua:
2972 1206 3112 1261 ultra
3150 1209 3284 1263 lines
3313 1213 3409 1263 lm-

1832 1287 2109 1343 manitatis
2144 1289 2415 1343 consistit.
2445 1289 2598 1358 Quod
2644 1292 2688 1345 si
2733 1307 2858 1349 vere
2903 1294 3066 1350 homo
3106 1298 3282 1354 factus
3326 1312 3411 1354 est

1832 1388 1886 1434 et
1909 1393 2059 1443 caro,
2091 1380 2276 1450 procul
2306 1380 2473 1436 dubio
2517 1383 2788 1439 hominem
2837 1401 2958 1442 esse
3004 1389 3407 1461 intelligendum

1835 1469 1941 1524 ﬁde
1971 1480 2250 1541 receptum
2286 1479 2390 1535 est,
2420 1487 2526 1526 non
2559 1474 2762 1529 homini
2812 1476 3028 1531 cuidam
3062 1481 3409 1549 conjunctum

1834 1575 1928 1630 per
1956 1561 2126 1616 solam
2166 1562 2648 1629 inhabitationem,
2694 1569 2774 1621 vel
2814 1584 2910 1638 per
2947 1571 3185 1641 aliquam
3230 1584 3415 1628 exter-

1835 1669 1958 1706 nam
1989 1654 2380 1719 habitudinem,
2409 1670 2525 1721 seu,
2557 1668 2615 1711 ut
2657 1668 2713 1712 tu
2744 1660 2902 1724 dicis,
2945 1663 3408 1733 conjunctionem.

1835 1745 2220 1801 Verumtamen
2246 1749 2457 1803 etiamsi
2496 1749 2671 1805 factus
2720 1764 2800 1806 est
2840 1754 3023 1819 homo,
3057 1773 3161 1811 non
3216 1761 3415 1816 desiuit

1837 1854 1956 1894 esse
1979 1838 2144 1894 Deus.
2181 1839 2368 1908 Neque
2397 1856 2522 1895 vero
2552 1858 2769 1898 carnem
2809 1846 2858 1900 in
2889 1846 2981 1903 Dei
3011 1861 3259 1906 naturam
3292 1871 3413 1910 esse

144 1922 473 1991 μεταϐολὴν,
526 1923 808 1994 ἡγούμεθα
855 1924 911 1976 δὲ
961 1923 1057 1977 καὶ
1098 1924 1160 1976 τὸ
1205 1923 1440 1995 ἔμπαλιν
1483 1925 1582 1994 οὐχ
1629 1917 1732 1976 ὦδε

1837 1941 2100 1986 mutatam
2131 1932 2381 2000 dicimus,
2423 1948 2599 2003 neque
2643 1940 2948 1992 econtrario
2987 1943 3066 1996 sic
3114 1958 3172 1998 se
3213 1944 3413 2002 habere

142 2010 314 2080 ἔχειν’
369 2012 652 2084 μεμένηκε
701 2014 811 2084 γὰρ
845 2014 878 2083 ὴ
918 2012 1010 2066 τοῦ
1052 2013 1225 2082 Λόγου
1252 2013 1395 2066 τοῦθ’
1423 2015 1560 2083 ὅπερ
1595 2013 1729 2077 ἐστὶ,

144 2105 234 2157 καὶ
265 2103 538 2158 ἐκιωθεῖσα
588 2105 772 2175 σαρκί.
806 2103 1017 2158 υύκοῦν
1051 2104 1088 2158 ἀ
1142 2105 1329 2176 μηδεὶς
1375 2103 1480 2158 κᾶν
1512 2103 1642 2173 γοῦν
1675 2105 1733 2158 ὲν

139 2195 323 2263 ψιλαῖς
370 2195 607 2258 ἐννοίαις
653 2197 870 2267 φρονεῖν
915 2193 1076 2260 ἀξιοῖ,
1110 2196 1198 2249 διὰ
1228 2196 1385 2249 ποίαν
1433 2196 1612 2250 αἰτίαν
1658 2195 1734 2258 ὡς

142 2287 359 2358 ἀληθῶς
395 2288 665 2360 εἰρημένα
700 2282 871 2351 τιθεὶς
904 2290 963 2342 ὲν
989 2292 1104 2353 τοῖς
1152 2287 1345 2343 ἑαυτοῦ
1397 2289 1594 2358 λόγοις,
1623 2291 1734 2351 τοῖς

143 2381 240 2451 τῆς
272 2381 563 2444 εὐσεϐείας
594 2381 828 2452 δόγμασι
861 2382 1142 2436 συναθλεῖν
1173 2384 1475 2456 ύποκρίνη;
1515 2385 1590 2437 Τὸ
1634 2384 1734 2454 μὲν

146 2473 252 2542 γὰρ
300 2472 406 2540 τῆς
456 2472 712 2542 κράσεως
742 2472 936 2543 δνομα,
970 2472 1249 2527 τεθείκασί
1295 2491 1442 2538 τινες
1487 2474 1583 2528 καὶ
1626 2473 1734 2526 τῶν

146 2561 314 2630 ἁγίων
354 2562 658 2632 Πατέρων·
713 2563 902 2635 ἐπειδὴ
941 2563 1172 2617 δεδιέναι
1205 2566 1336 2635 φὴς,
1382 2568 1456 2637 μὴ
1503 2566 1611 2637 ἄρα
1650 2581 1737 2628 τις

150 2655 408 2724 ἁνάχυσις
438 2654 714 2726 συμϐῆναι
747 2653 1005 2726 νομισθῇ,
1051 2656 1303 2727 καθάπερ
1345 2658 1404 2709 ἐν
1431 2657 1582 2722 τάξει
1625 2656 1736 2709 τῶν

151 2746 402 2815 ἀλλήλοις
482 2747 953 2819 συγτ-εκραμένων
1008 2748 1227 2819 ὑγρῶν,
1291 2749 1619 2804 ἀπαλλάττω
1675 2766 1735 2802 σε

151 2838 456 2907 δειμάτωνο
493 2841 870 2912 πεφρονήκασι
903 2841 1011 2912 γάρ
1054 2843 1152 2911 οὑχ
1202 2836 1302 2895 ὦδε
1327 2858 1338 2870 ·
1391 2842 1588 2907 πόθεν;
1638 2859 1738 2895 κα-

153 2931 513 3001 τακέχρηνται
542 2928 600 2984 δὲ
643 2933 709 3003 τῇ
757 2929 923 2998 λέξει,
951 2933 1050 3002 τὴν
1078 2935 1159 2995 είς
1199 2933 1369 3004 ἀκρον
1406 2933 1600 2987 ’ἐνωσιν
1630 2933 1738 2986 τῶν

155 3023 399 3093 ἀλλήλοις
454 3021 883 3093 συμϐεϐηκότων
935 3023 1270 3096 καταδηλοῦν
1324 3023 1734 3090 σπουδάζοντες.

155 3110 432 3184 Συμϐἧναι
484 3113 541 3167 δέ
587 3131 770 3183 φαμεν
820 3115 943 3168 καθ’
984 3117 1178 3169 ἕνωσιν
1218 3117 1607 3180 ἀδιάσπαστον,
1645 3118 1738 3170 καὶ

156 3205 525 3270 ἁναλλοιὼτως
563 3207 815 3277 ἔχουσαν,
869 3211 934 3278 τῇ
979 3208 1084 3280 ίδίᾳ
1133 3211 1300 3282 σαρκὶ
1347 3211 1439 3264 τὸν
1482 3212 1546 3265 ἐκ
1598 3211 1733 3264 Θεοῦ

158 3297 340 3365 Λόγον.
389 3297 715 3369 Εύρήσομεν
762 3298 820 3352 δὲ
875 3300 970 3354 καὶ
1018 3300 1187 3372 αὐτὴν
1227 3301 1326 3371 τὴν
1377 3301 1734 3355 θεόπνευστον

160 3388 388 3460 Γραφὴν,
438 3391 502 3442 ού
539 3390 743 3460 σφόδρα
777 3390 876 3461 τὴν
920 3389 1064 3456 λέξιν
1110 3391 1610 3455 ὲκϐασανίζουσανο
1655 3410 1738 3444 τι-

160 3478 332 3531 θεῖσαν
381 3480 439 3532 δὲ
490 3479 694 3548 μᾶλλον
743 3479 818 3541 ὡς
861 3482 920 3533 ὲν
976 3483 1333 3551 καταχρήσει,
1381 3483 1475 3534 καὶ
1523 3483 1733 3545 ἀπλῶς.

161 3568 194 3619 Γ
196 3569 396 3640 ἔγραφε
427 3569 560 3637 γοῦν
590 3573 617 3622 6
643 3568 931 3632 θεσπέσιος
952 3569 1160 3634 Παῦλος
1190 3573 1317 3643 περί
1349 3589 1528 3624 τινων·
1555 3592 1572 3623 ι
1597 3572 1735 3624 Ἀλλ’

159 3660 249 3714 οὒκ
293 3661 581 3730 ὠφέλησεν
609 3664 638 3714 6
672 3661 827 3730 λόγος
859 3662 958 3732 τῆς
986 3662 1157 3733 ἀκοῆς
1187 3663 1451 3726 ἐκείνους,
1486 3663 1564 3734 μὴ
1606 3679 1736 3730 συγ-

159 3752 529 3823 κεκραμένους
580 3755 646 3824 τῇ
717 3753 901 3806 πίστει
952 3757 1063 3818 τοῖς
1129 3754 1448 3808 ἀκούσασιν.
1513 3775 1533 3806 ι
1589 3751 1742 3826 Ἆρα

159 3843 260 3914 γάρ
289 3843 514 3914 ἔμελλον
549 3844 692 3898 κατά
735 3843 829 3897 τδν
858 3844 948 3898 σὺν
997 3846 1199 3916 τρόπον
1237 3847 1736 3917 συνανακιρνᾶσθαί

161 3951 215 3986 τε
245 3935 512 4005 ἀλλήλοις,
563 3935 819 4006 καθάπερ
865 3935 1056 4006 ἀμέλει
1099 3937 1193 3991 καὶ
1239 3929 1379 4000 οἶνος
1418 3935 1591 4000 ὕδατι,
1643 3939 1738 3990 καὶ

164 4027 411 4097 ἀνάχυσίν
439 4044 563 4080 τινα
601 4027 710 4080 τῶν
740 4027 1090 4082 ὑποστάσεων
1118 4026 1216 4099 τὴν
1248 4030 1329 4090 είς
1371 4027 1607 4098 ἀλλήλας
1635 4046 1738 4082 πα-

165 4118 288 4180 θεῖν,
322 4120 369 4172 οί
404 4119 535 4188 περὶ
581 4110 656 4172 ὧν
697 4120 725 4171 ό
769 4116 947 4185 λόγος,
985 4117 1017 4188 ἢ
1052 4117 1251 4187 μᾶλλον
1302 4116 1554 4170 ὲνοῦσθαι
1597 4116 1741 4171 κατά

164 4209 351 4279 ψυχὴν,
374 4210 518 4261 κατά
553 4225 618 4276 γε
646 4207 709 4260 τὺ
735 4209 793 4260 ἐν
817 4211 938 4271 ταῖς
969 4208 1241 4278 Πράξεσιν
1265 4207 1373 4260 τῶν
1399 4207 1568 4274 ἁγίων
1603 4209 1738 4260 ἀπο.

168 4300 354 4355 στόλων
388 4299 810 4371 γεγραμμένον.
844 4300 924 4352 ὅτι
967 4299 1062 4352 τοῦ
1097 4299 1335 4369 πλήθους
1363 4299 1472 4351 τῶν
1511 4316 1737 4353 πιστευ-

169 4391 364 4445 σάντων
393 4388 461 4463 ἦν
487 4394 520 4462 ἡ
552 4390 776 4461 καρδία,
818 4392 911 4443 καὶ
947 4389 1151 4461 ἡψυχὴ
1183 4391 1316 4459 μίας
1363 4390 1524 4455 Ἀλλ’,
1560 4386 1735 4462 οἶμαι,

166 4483 310 4536 τοῦτό
339 4488 485 4537 ἐστιν
527 4483 748 4551 ἀληθὲς,
784 4483 817 4553 ἢ
852 4485 1047 4536 ἐκεῖνο.
1090 4483 1235 4549 Ἕξω
1265 4483 1331 4553 δὴ
1361 4480 1454 4536 οὖν
1484 4485 1592 4536 τῶν
1641 4484 1736 4536 ἐπὶ

166 4575 361 4638 ’τούτοις
392 4577 485 4628 ἔσο
516 4575 788 4645 δειμάτων
809 4591 822 4603 ο
861 4573 1107 4643 ἀσφαλὴς
1133 4574 1239 4643 γὰρ
1271 4575 1388 4628 λίαν
1422 4575 1530 4628 τῶν
1563 4575 1733 4645 ἁγίων
1759 4587 1814 4647 D

168 4666 194 4717 6
224 4662 359 4730 νοῦς.

244 4757 451 4827 Ἐπειδὴ
483 4758 543 4811 δὲ
574 4756 634 4810 τὸ
660 4754 1083 4828 ὲνανθρωπῆσαι
1113 4755 1292 4823 λέγειν
1313 4755 1412 4825 τὴν
1437 4755 1533 4809 τοῦ
1562 4757 1736 4827 Λόγου

171 4848 339 4915 φύσιν,
373 4850 526 4903 οὐδὲν
562 4849 775 4921 ἕτερον,
809 4844 986 4917 οἶμαι,
1014 4848 1185 4912 ἐστὶν,
1221 4847 1254 4918 ἢ
1287 4849 1461 4900 ἐκεῖνο
1496 4852 1735 4918 φρονεῖν,

169 4939 244 4993 ὅτι
279 4941 496 5010 γέγονεν
529 4942 840 5010 ἄνθρωπος,
872 4941 968 4992 καὶ
1015 4941 1078 4992 οὑ
1116 4940 1239 5010 δίχα
1287 4943 1595 5012 γεννήσεως
1638 4942 1738 5011 τῆς

171 5031 229 5082 ὲκ
249 5033 516 5100 γυναικὸς,
570 5031 777 5103 ταύτην
814 5032 923 5101 γὰρ
978 5025 1085 5083 οἶδε
1137 5034 1230 5084 καὶ
1269 5032 1438 5102 μόνην
1481 5033 1579 5101 τὴν
1617 5034 1734 5087 ὁδὸν

170 5122 266 5177 τῶν
307 5123 661 5196 ἀνθρωπίνων
693 5123 966 5194 σωμάτων
997 5124 1029 5193 ἡ
1063 5122 1246 5193 φύσις,
1287 5125 1402 5187 πῶς
1428 5125 1527 5178 ούκ
1560 5125 1736 5179 ἐδιδά-

171 5214 291 5287 χθης
313 5218 406 5289 τὴν
435 5218 579 5272 κατά
605 5218 785 5288 σάρκα
815 5215 1067 5285 γέννησιν
1092 5214 1187 5268 τοῦ
1220 5215 1558 5284 Μονογενοῦς
1582 5217 1733 5291 παρὰ

173 5307 257 5376 τῆς
297 5309 653 5366 θεοπνεύστου
700 5307 962 5380 Γραφῆςς
1012 5305 1205 5364 Καίτοι
1241 5307 1335 5360 καὶ
1383 5307 1568 5370 αὐτὸς,
1600 5324 1734 5378 προ-

173 5401 412 5470 κειμένοιν
451 5403 537 5457 σοί
578 5419 712 5457 ποτε
753 5398 1111 5470 προφητικῶν
1156 5400 1621 5469 ἀναγνωσμάτων,
1649 5401 1730 5452 ὅτι

181 5492 417 5550 ιΠαιδίον
467 5494 738 5566 ἐγεννήθη
794 5493 948 5560 ἡμῖν,
991 5490 1104 5554 υίὸς
1163 5489 1445 5561 καὶ-ἐδόθη
1502 5491 1662 5560 ⁴ἡμῖν,
1707 5509 1724 5540 ι

174 5587 281 5653 περὶ
308 5588 393 5641 τοῦ
420 5588 709 5659 τεχθέντος
741 5581 956 5637 παιδίου
982 5581 1159 5634 τοιάδε
1197 5581 1321 5634 τινὰ
1347 5581 1453 5651 φής
1479 5597 1490 5611 '
1517 5599 1533 5631 ι
1573 5581 1732 5649 Μέγα

172 5673 250 5727 τοῦ
276 5676 436 5749 δώρου
479 5678 542 5732 τὸ
579 5675 924 5750 μυστήριον’
958 5669 1114 5724 τοῦτο
1146 5668 1256 5739 γὰρ
1301 5667 1362 5721 τὸ
1402 5668 1731 5739 βλεπόμενον

224 5860 264 5893 ⁸⁸
295 5860 446 5919 Hebr.
478 5877 554 5928 iv,
590 5861 648 5915 9..
741 5856 785 5888 ’δ’
817 5855 933 5907 Act.
973 5869 1043 5918 IV,
1070 5855 1159 5911 32.
1240 5853 1286 5886 '°
1321 5853 1426 5910 lsa.
1455 5869 1532 5918 ix,
1561 5852 1613 5906 6.

1834 2037 2141 2078 censemus.
2172 2022 2368 2077 Mansit
2401 2026 2547 2080 enim
2579 2026 2737 2081 Verbi
2771 2043 2963 2086 natura
3010 2035 3236 2102 idipsum
3267 2045 3410 2108 quod

1835 2123 1941 2181 est,
1972 2114 2135 2168 etiam
2162 2115 2308 2169 unita
2332 2119 2505 2172 carni.
2542 2116 2708 2189 Igitur
2739 2136 2857 2188 quae
2884 2140 3133 2182 nemone
3165 2129 3264 2184 levi
3293 2137 3412 2201 qui-

1834 2205 1957 2260 dem
1985 2204 2316 2272 cogitatione
2363 2209 2642 2262 sentienda
2672 2224 2876 2276 censet,
2906 2231 2968 2268 ea
3010 2231 3114 2285 qua
3144 2219 3208 2273 de
3250 2236 3414 2277 causa

1839 2307 2091 2367 tanquam
2119 2313 2179 2353 re
2208 2313 2333 2352 vera
2369 2302 2511 2355 dicta
2543 2317 2664 2356 cum
2704 2305 2758 2357 in
2797 2309 2906 2360 tuis
2944 2312 3286 2367 serimuiibus
3317 2332 3415 2384 pn-

1836 2389 2032 2455 sueris,
2047 2402 2145 2458 pro
2166 2388 2382 2457 pietatis
2401 2390 2739 2459 dogmatibus
2760 2405 2810 2447 te
2837 2397 3117 2453 decertare
3147 2403 3368 2456 simulas
3390 2406 3414 2458 ?

1836 2483 1970 2537 Nam
2028 2482 2299 2537 mistionis
2352 2497 2549 2539 nomen
2601 2498 2899 2554 posuerunt
2951 2492 3190 2547 nonnulli
3245 2497 3409 2550 etiam

1835 2578 2006 2634 sancti
2037 2577 2222 2632 Patres
2259 2594 2272 2630 :
2316 2577 2410 2632 sed
2453 2579 2577 2648 quia
2631 2590 2872 2637 metuere
2901 2592 2954 2639 te
2989 2587 3144 2650 dicis,
3190 2605 3256 2644 ne
3305 2607 3409 2661 qua

1836 2669 2082 2723 conlusio
2124 2668 2420 2738 contigisse
2459 2670 2818 2737 existimetur,
2857 2675 2925 2728 ad
2966 2677 3139 2732 instar
3181 2680 3413 2750 litpiiuo-

1837 2770 1959 2810 rum
1996 2770 2116 2825 quae
2153 2757 2298 2811 inter
2335 2771 2395 2811 se
2432 2768 2618 2813 mutuo
2646 2763 3104 2832 commisceantur;
3155 2769 3326 2824 libero
3360 2783 3414 2827 te

1839 2848 1941 2902 hoc
1973 2858 2114 2902 metu
2143 2864 2157 2901 :
2188 2863 2293 2903 non
2329 2848 2408 2903 sic
2445 2850 2520 2905 illi
2563 2865 2886 2924 senserunt;
2925 2859 3187 2915 minimc:
3225 2864 3316 2916 sed
3348 2880 3411 2918 ea

1841 2951 1970 2990 voce
1990 2945 2114 2991 sunt
2144 2939 2320 3002 abusi,
2354 2955 2479 2995 cum
2514 2956 2778 2997 summam
2806 2948 3057 3004 unionem
3105 2966 3283 3007 rerum
3327 2957 3414 3009 in-

1841 3040 1923 3085 ter
1951 3044 2010 3083 se
2041 3030 2477 3085 convenientium
2525 3038 2815 3090 ostendere
2857 3041 3159 3096 studerent.
3195 3045 3413 3099 Conve-

1838 3121 1987 3174 nisse
2022 3130 2203 3174 autem
2239 3121 2471 3177 dicimus
2508 3138 2629 3178 cum
2675 3128 2889 3196 propria
2939 3145 3106 3186 carne
3146 3133 3237 3188 Dei
3286 3135 3415 3190 Ver-

1839 3208 1966 3264 bum
2016 3211 2213 3266 unione
2271 3212 2620 3281 inseparabili
2657 3227 2824 3285 atque
2869 3219 3210 3277 immutabili.
3267 3225 3415 3294 lpsas

1839 3315 2055 3368 quoque
2087 3315 2274 3355 sacras
2314 3300 2545 3358 Litteras
2590 3305 2926 3363 inveniemus
2979 3327 3082 3366 non
3126 3317 3412 3374 admodum

1838 3392 2003 3447 anxie
2033 3392 2134 3446 hac
2165 3407 2296 3447 voce
2335 3409 2482 3460 usas,
2510 3397 2605 3450 sed
2637 3399 2863 3456 abusive
2895 3405 3074 3471 potius
3119 3417 3182 3460 ac
3211 3410 3418 3480 simpli-

1838 3481 1978 3537 cius.
2013 3482 2204 3552 ltaque
2227 3484 2294 3538 de
2333 3484 2654 3553 quibusdam
2685 3491 2902 3558 scripsit
2950 3497 3138 3551 beatus
3166 3497 3363 3554 Paulus
3399 3521 3414 3558 :

1843 3588 1864 3622 ι
1904 3571 2011 3627 Sed
2042 3588 2147 3626 non
2177 3574 2378 3640 proluit
2409 3576 2511 3629 illis
2551 3593 2732 3632 sermo
2766 3584 3001 3650 auditus,
3035 3603 3140 3641 non
3173 3593 3415 3646 ndmistis

1839 3665 1964 3718 lidei
2007 3664 2074 3720 iis
2105 3665 2202 3734 qui
2225 3667 2511 3721 audierunt
2547 3667 2614 3724 “.
2649 3688 2670 3721 ι
2713 3671 2850 3726 Num
2899 3676 3061 3745 igitur
3107 3680 3162 3746 ii,
3193 3686 3258 3738 de
3296 3688 3419 3755 qui-

1840 3757 1941 3813 bus
1985 3756 2247 3828 loquitur,
2274 3773 2386 3828 quo
2418 3771 2471 3813 tu
2497 3759 2633 3815 dicis
2667 3765 2826 3818 modo
2850 3771 3240 3829 commiscendi
3263 3790 3419 3835 erant

1840 3849 1985 3904 inter
2014 3864 2074 3905 se
2116 3861 2176 3904 ut
2230 3866 2353 3905 cum
2384 3866 2522 3920 aqua
2568 3854 2748 3908 vinum
2797 3868 2851 3910 et
2883 3873 3232 3926 personarum
3277 3870 3420 3925 inter

1839 3955 1899 3994 se
1937 3941 2311 3995 confusionem
2364 3943 2646 3997 subituri?
2689 3961 2757 3999 an
2801 3950 2979 4016 potius
3029 3969 3124 4023 per
3174 3960 3414 4016 animum

1841 4031 2061 4086 uniendi
2095 4041 2273 4095 erant,
2298 4043 2353 4086 ut
2377 4035 2636 4103 scriptum
2661 4048 2743 4091 est
2771 4039 2823 4093 in
2852 4053 3161 4100 sanctorum
3199 4063 3419 4119 aposto-

1841 4119 2012 4175 lorum
2055 4122 2208 4176 Actis
2244 4121 2311 4188 ",
2346 4124 2513 4178 fuisse
2539 4126 2904 4183 multitudinis
2947 4135 3284 4195 credentium
3325 4157 3420 4196 cor

1842 4227 2007 4266 unum
2036 4221 2091 4266 et
2124 4213 2360 4266 animam
2398 4215 2600 4269 unam?
2645 4215 2752 4270 Sed
2790 4218 2840 4271 id
2877 4221 3057 4276 verius
3102 4240 3223 4281 esse
3255 4241 3416 4297 quant

1843 4300 1977 4354 illud
2006 4303 2220 4371 Opinor.
2253 4303 2450 4359 Desine
2481 4306 2646 4372 igitur
2671 4307 2772 4362 hac
2806 4309 2873 4364 de
2908 4324 2964 4365 re
3009 4322 3246 4370 metuere
3276 4340 3288 4374 :
3323 4320 3416 4376 [iro

1843 4407 1961 4447 mus
2005 4404 2088 4449 est
2131 4394 2277 4449 enim
2327 4396 2614 4451 admodum
2666 4410 2980 4457 sanctorum
3010 4407 3249 4466 virorum
3293 4427 3419 4471 seu-

1840 4499 1957 4542 30$.

1911 4753 2019 4808 Sed
2044 4754 2170 4822 quia
2211 4754 2343 4808 nihil
2372 4756 2515 4809 aliud
2573 4766 2674 4820 est,
2731 4767 2791 4812 ut
2838 4772 2990 4828 puto,
3041 4765 3222 4822 dicere
3251 4767 3415 4827 Verbi

1838 4855 2088 4898 naturam
2115 4845 2486 4909 humanatam,
2527 4847 2629 4900 nisi
2673 4848 2944 4905 hominem
2977 4853 3198 4925 factam,
3258 4861 3420 4930 idque

1841 4936 2055 4991 nonnisi
2086 4950 2183 5005 per
2210 4939 2614 5005 generationem
2644 4954 2708 4992 ex
2737 4939 2934 4996 femina
2969 4958 2984 4997 :
3018 4947 3154 5003 hanc
3185 4968 3418 5022 uanique

1841 5027 1982 5083 viam
2007 5027 2176 5083 solam
2219 5029 2325 5098 ιθ
2357 5029 2712 5084 humanorum
2753 5047 3040 5104 corporum
3095 5054 3284 5098 natura
3317 5064 3417 5101 uo-

1842 5121 1960 5175 vit:
2010 5135 2108 5174 cur
2162 5119 2306 5173 illam
2339 5120 2612 5189 Uuigeniti
2665 5127 3067 5192 generationem
3121 5139 3415 5193 secundum

1840 5227 2062 5267 carnem
2112 5227 2142 5266 a
2181 5211 2403 5266 Litteris
2429 5213 2690 5270 divinitus
2725 5216 3003 5286 inspiratis
3028 5223 3248 5280 minime
3276 5229 3416 5283 διαί.

1839 5304 1984 5368 cisti,
2018 5305 2142 5359 licet
2174 5305 2288 5376 ipse
2322 5319 2536 5373 quoque
2589 5311 2865 5376 proposita
2909 5314 3004 5368 tibi
3048 5319 3254 5384 pridem
3288 5338 3414 5388 pro-

1837 5395 2055 5466 phetica
2091 5396 2344 5461 lectione,
2377 5416 2395 5447 ι
2420 5398 2558 5453 Puer
2580 5410 2740 5456 natus
2762 5413 2847 5456 est
2869 5406 3046 5469 nobis,
3069 5409 3209 5464 liiius
3247 5416 3413 5467 etiam

1837 5489 1995 5543 datus
2026 5499 2108 5542 est
2156 5488 2310 5544 nobis
2336 5490 2384 5520 "
2413 5529 2428 5553 ,
2465 5510 2482 5542 ι
2532 5493 2597 5547 de
2628 5504 2757 5549 nato
2809 5511 2976 5566 puero
3011 5502 3130 5555 talia
3168 5505 3370 5559 dixeris
3399 5525 3412 5561 :

1842 5597 1861 5629 ι
1889 5578 2138 5648 Magnum
2191 5595 2323 5635 sane
2368 5584 2499 5636 tanti
2532 5585 2658 5639 doni
2685 5600 3106 5644 sacramentum.
3144 5592 3242 5648 llic
3270 5597 3416 5649 enim

1837 5672 1931 5741 qui
1956 5672 2167 5728 videtur
2198 5672 2397 5740 infans,
2425 5676 2514 5731 hic
2547 5679 2639 5748 qui
2692 5693 2882 5738 recens
2916 5692 3159 5754 apparet,
3213 5686 3300 5743 hic
3326 5690 3416 5758 qui
