4112 6486
700 436 769 490 55
1755 429 1812 483 s.
1857 426 2128 483 (lVltlLLl
2163 424 2624 480 ALEXANDlthl
2663 425 2985 483 ARCHIEP.

3909 423 3991 481 36

700 549 884 602 fasciis
916 544 1288 615 corporalibus
1315 551 1455 611 eget,
1499 541 1585 595 hic
1617 541 1706 609 qui
1743 543 2038 594 secundum
2085 538 2268 593 visibi-

2376 539 2592 610 βρέφος,
2633 540 2790 592 τοῦτο
2825 541 2885 592 τὺ
2917 541 3386 609 καταφαινόμενον
3416 539 3749 610 πρόσφατον,
3803 537 3993 590 τοῦτο

697 642 801 693 lem
838 637 1128 692 essentiam
1182 645 1426 688 recenter
1471 647 1554 686 εει
1593 631 1795 697 editus,
1847 631 2017 686 Filius
2055 643 2159 699 est,
2209 644 2266 687 ut

697 731 977 798 Scriptura
1015 728 1190 789 docet,
1236 735 1488 788 aaternus,
1539 723 1708 778 Filius
1752 726 2124 778 universorum
2153 726 2269 795 opi-

698 824 805 884 fex,
841 820 1010 874 Filius
1039 821 1128 887 qui
1161 834 1270 872 sua:
1299 818 1414 886 epis
1442 816 1627 870 fasciis
1693 817 2064 872 dissolubilcm
2113 833 2266 872 crea-

697 923 830 966 tura:
845 921 1089 965 naturam
1116 910 1385 978 astringit.
1414 927 1431 959 ι
1457 908 1664 962 Etalibi
1695 924 1880 963 rursus
1912 931 1922 964 :
1955 928 1973 960 ι
2002 910 2069 963 Et
2092 910 2269 966 infans

696 1006 838 1059 cnim
867 1003 1004 1058 Deus
1033 1014 1115 1056 est
1154 1001 1321 1054 libera
1364 1010 1657 1070 potestate:
1687 1009 1888 1053 tantum
1919 1002 2088 1064 abest,
2120 1001 2265 1067 Arie,

697 1109 753 1149 ut
796 1098 933 1149 Deus
967 1094 1203 1148 Verbum
1247 1091 1314 1145 sit
1341 1091 1440 1145 sub
1473 1089 1565 1144 Dei
1594 1098 1880 1158 potestate.
1918 1110 1935 1142 ι
1974 1091 2028 1144 ln
2075 1092 2269 1159 quibus

698 1188 874 1240 verbis
900 1186 1244 1253 eonjunctunt
1276 1195 1491 1251 quoque
1518 1195 1713 1250 corpus
1741 1182 1904 1234 Deum
1951 1182 2264 1250 appellavit.

697 1279 762 1331 Et
805 1293 992 1331 rursus
1028 1295 1040 1329 :
1079 1295 1096 1327 ι
1131 1274 1386 1330 Novimus
1419 1289 1548 1343 ergo
1602 1274 1994 1328 humanitatem
2049 1275 2268 1330 infantis

695 1386 760 1422 ae
813 1369 1175 1431 divinitatem,
1238 1365 1515 1420 liliationis
1563 1367 1825 1421 unitatem
1875 1381 2154 1421 servamus
2212 1368 2267 1421 in

697 1457 1402 1526 Deitatishumanitatisque
1424 1467 1638 1511 natura.
1682 1477 1700 1507 ι
1734 1457 1869 1512 Ecce
1903 1457 2012 1525 jam
2049 1458 2268 1514 disertis

697 1553 893 1614 verbis,
930 1549 1188 1604 infantem
1210 1557 1476 1602 recentem
1515 1549 1604 1618 qui
1632 1550 1861 1613 videtur,
1890 1564 2009 1603 mox
2040 1549 2265 1615 editum,

696 1643 878 1696 fasciis
927 1641 1247 1704 involutum,
1300 1639 1494 1693 Filium
1549 1655 1666 1696 esse
1729 1641 1938 1704 fateris,
1973 1643 2268 1696 ctnniver-

695 1750 876 1786 soruni
909 1733 1178 1802 opificem.
1211 1731 1364 1786 llunc
1409 1747 1537 1786 vero
1569 1732 1831 1788 infantem
1875 1735 2027 1788 nobis
2079 1744 2264 1788 sancta

699 1825 861 1893 Virgo
891 1824 1116 1892 peperit.
1151 1823 1300 1878 Nosti
1362 1823 1526 1890 igitur
1557 1835 1702 1876 certe
1757 1825 1917 1878 Deum
1970 1826 2263 1878 secundum

2371 633 2431 684 τὸ
2458 636 2786 701 σπαργάνων
2816 632 3142 703 σωματικῶν
3168 632 3377 702 δεηθέν,
3407 633 3564 684 τοῦτο
3595 633 3656 683 τὸ
3688 632 3847 684 κατὰ
3878 633 3992 699 τὴν

2370 725 2654 794 ὁρωμένην
2688 726 2875 778 οὐσίαν
2906 725 3209 794 ἀρτίτοκον,
3249 725 3394 788 Υἱὸς,
3432 724 3572 778 κατά
3601 723 3661 774 τὸ
3697 737 3987 792 γεγραμο

2370 817 2558 886 μένον,
2609 817 2855 880 αίώνιος”
2912 817 3038 879 Υἱὸς
3088 816 3196 870 τῶν
3237 817 3372 868 ὅλων
3411 813 3777 885 δημιουργός·
3841 812 3992 875 Υἱὸς

2370 913 2482 973 τοῖς
2523 909 2623 979 τῆς
2667 909 2803 973 ἰδίας
2851 909 3102 980 βοηθείας
3139 907 3472 979 σπαργάνοις
3498 907 3557 958 τὸ
3586 905 3688 974 τῆς
3717 903 3987 966 κτίσεως

2372 1001 2680 1054 εὐδιάλυτον
2715 1001 3013 1069 σφίγγων.»
3045 1000 3156 1054 Καὶ
3186 1002 3242 1053 ὲν
3277 999 3485 1069 ἑτέροις
3514 997 3569 1049 δὲ
3605 994 3795 1050 πάλιν·
3829 996 3997 1049 «Καὶ

2369 1093 2430 1145 τὸ
2471 1093 2669 1163 βρέφος
2714 1093 2822 1162 γὰρ
2865 1092 2996 1154 Θεὸς
3033 1090 3410 1155 αὐτεξούσιοςο
3443 1087 3695 1142 τοσοῦτον
3740 1088 3773 1140 ὁ
3835 1084 3992 1149 Θεὸς

2371 1183 2539 1251 Λόγος
2566 1184 2658 1235 τοῦ
2684 1182 2820 1234 Θεοῦ
2855 1181 3173 1246 ὐπεξούσιος
3199 1177 3335 1234 εἶναι
3369 1179 3673 1249 διέστηκεν,
3703 1178 3984 1246 Ἄρεα.»

2371 1275 2447 1327 Δι’
2477 1269 2552 1328 ὦν
2590 1276 2682 1327 καὶ
2705 1274 2766 1328 τὸ
2797 1274 3140 1344 συνημμένον
3165 1272 3323 1343 σῶμα
3351 1271 3482 1324 Θεὸν
3509 1269 3985 1340 προσηγόρευσε.

2372 1365 2482 1418 Καὶ
2520 1366 2684 1420 πάλιν
2705 1383 2719 1400 ο
2766 1384 2783 1417 ι
2816 1366 3162 1436 Γνωρίξομεν
3193 1365 3374 1418 τοίνυν
3421 1363 3518 1434 τὴν
3553 1361 3992 1432 ἀνθρωπότητα

2369 1457 2461 1512 τοῦ
2505 1460 2738 1531 βρέφους
2790 1459 2884 1512 καὶ
2911 1458 3011 1529 τὴν
3058 1457 3290 1528 θεότητα
3311 1473 3324 1486 ·
3358 1456 3419 1508 τὸ
3445 1457 3542 1526 τῆς
3573 1453 3830 1522 υίότητος
3871 1468 3986 1520 τη-

2373 1549 2574 1619 ροῦμεν
2624 1549 2908 1619 μοναδικὸν
2967 1551 3024 1601 ἐν
3072 1547 3491 1619 ἀνθρωπότητος
3545 1543 3642 1598 καὶ
3696 1543 3989 1614 θεότητος

2371 1642 2584 1711 φύσει.»
2606 1641 2735 1696 Ἰδοὺ
2765 1641 2828 1712 δὴ
2861 1641 2953 1693 καὶ
2985 1640 3128 1710 μάλα
3155 1638 3342 1707 σαφῶς
3367 1638 3428 1691 τὸ
3463 1635 3659 1706 βρέφος
3692 1632 3754 1686 τὸ
3786 1633 3989 1703 πρὸσο

2371 1751 2559 1803 φατον,
2606 1736 2666 1787 τὸ
2715 1733 3008 1806 ὁρώμενον,
3057 1733 3119 1785 τὸ
3150 1731 3457 1803 ἀρτίτοκον,
3492 1729 3553 1781 τὸ
3591 1730 3985 1798 ἐσπαργανω-

2378 1827 2556 1892 μένον,
2593 1825 2721 1877 Υίὸν
2771 1822 2909 1878 εἶναι
2949 1824 3076 1894 φὴς,
3111 1825 3206 1875 καὶ
3252 1821 3361 1874 τῶν
3413 1819 3549 1872 ὅλων
3596 1817 3980 1888 δημιουργόν.

697 1928 913 1967 carnem
963 1913 1227 1981 genitum,
1254 1913 1413 1981 idque
1437 1927 1500 1966 ex
1529 1914 1787 1967 divinitus
1817 1914 2078 1981 inspirata
2115 1913 2264 1968 Scri-

2375 1915 2570 1967 Τέτοκε
2617 1915 2672 1967 δὲ
2720 1915 2780 1966 τὸ
2819 1915 3016 1984 βρέφος
3061 1917 3191 1983 ἡμῖν
3223 1916 3256 1983 ἡ
3291 1912 3420 1980 ἀγία
3453 1909 3746 1979 Παρθένος.
3781 1906 3985 1962 Οἶσθα

694 2014 848 2072 ptura
881 2001 1140 2056 didicisti.
1169 2003 1303 2066 Quis
1339 2003 1483 2056 enim
1534 2005 1865 2071 excogitetur
1893 2004 2263 2058 universorum

690 2095 891 2163 opifex,
943 2095 1043 2147 nisi
1100 2095 1190 2148 ille
1242 2094 1408 2156 solus,
1454 2109 1549 2162 per
1605 2109 1763 2162 quem
1811 2095 1990 2148 omnia
2025 2096 2268 2149 condidit

693 2182 891 2238 Pater?
921 2182 1025 2237 Sed
1053 2181 1194 2237 forte
1220 2181 1592 2250 respondebis,
1628 2190 1678 2234 te
1713 2180 2008 2234 secundum
2043 2182 2092 2234 id
2125 2182 2266 2248 quod

692 2278 914 2340 latebat,
957 2275 1148 2328 Filium
1193 2275 1413 2338 dixisse,
1465 2281 1518 2326 et
1568 2271 1942 2326 universorum
1992 2270 2264 2339 epiﬁeetn.

697 2369 865 2422 ltccte
890 2369 1044 2433 dicis,
1067 2367 1352 2422 assentior.
1386 2365 1512 2429 Sed,
1543 2380 1724 2434 quaeso
1753 2373 1960 2430 te,eum
1993 2364 2084 2432 qui
2116 2363 2265 2426 latet,

694 2476 814 2516 esse
859 2461 1060 2516 asseris
1116 2459 1244 2514 illud
1294 2473 1359 2511 ex
1407 2459 1514 2512 Deo
1572 2456 1832 2520 Verbum,
1876 2470 2108 2524 eumque
2150 2470 2269 2510 esse

697 2555 1072 2608 universorum
1152 2550 1468 2620 opificem:
1526 2549 1795 2618 quomodo
1883 2547 2046 2616 igitur
2115 2548 2270 2602 nobis

699 2645 855 2714 paulo
895 2652 1016 2697 ante
1045 2641 1429 2712 propemodum
1485 2640 1651 2708 digito
1689 2638 1834 2692 illum
1886 2647 2178 2702 recentem,
2217 2646 2273 2691 et

694 2738 807 2806 jam
844 2737 1067 2800 editum,
1092 2744 1146 2788 et
1175 2733 1355 2788 fasciis
1387 2731 1682 2785 involutum
1725 2729 1983 2783 infantem
2041 2728 2269 2781 demon-

699 2805 904 2891 straSti,
943 2839 1100 2893 quem
1132 2823 1294 2876 etiam
1341 2821 1432 2875 Dei
1468 2819 1661 2873 Filium
1704 2805 2030 2885 appellabas,
2077 2825 2131 2868 et
2155 2829 2271 2869 om:

701 2920 848 2972 nium
877 2916 1127 2984 opificem
1156 2915 1179 2966 ?
1211 2915 1294 2966 Au
1342 2913 1466 2982 quia
1510 2913 1739 2965 fortasse
1773 2919 1951 2978 putas,
2007 2906 2099 2961 Dei
2133 2905 2270 2960 Ver.~

703 3009 830 3061 bum
866 3006 916 3058 in
951 3003 1132 3057 carnis
1172 3012 1420 3055 naturam
1469 3015 1592 3054 csse
1645 3008 1910 3053 mutatum
1941 2999 2079 3052 ?sed
2109 3009 2162 3051 et
2199 2998 2269 3051 ita

704 3108 756 3150 te
809 3096 982 3166 ipsum
1029 3093 1210 3165 potius
1271 3091 1575 3154 accusabis,
1628 3106 1786 3160 quam
1820 3091 1954 3145 alios
2009 3091 2161 3159 quasi
2221 3089 2270 3141 id

707 3188 975 3244 afﬁrmare
1005 3202 1186 3242 ausos.
1217 3187 1295 3239 An
1316 3199 1441 3240 vero
1459 3183 1584 3252 quia
1615 3182 1660 3236 is
1693 3181 1873 3236 infans
1897 3181 1985 3234 ille
2000 3191 2082 3233 est
2100 3184 2274 3233 latens

2368 2005 2432 2075 δὴ
2489 2002 2580 2059 οὖν
2641 2005 2747 2076 ἀρα
2798 2006 2930 2058 Θεὸν
2979 2005 3119 2058 κατά
3172 2004 3350 2073 σάρκα
3382 2001 3820 2072 γεγεννημένον
3873 2000 3984 2052 καὶ

2367 2096 2526 2148 τοῦτο
2561 2098 2622 2148 ὲκ
2658 2097 2756 2166 τῆς
2789 2094 3144 2148 θεοπνεύστου
3196 2093 3524 2164 μεμάθηκας
3572 2093 3824 2163 Γραφῆς.
3870 2089 3982 2150 Τίς

2367 2185 2476 2255 γὰρ
2511 2185 2576 2238 ἂν
2608 2187 2779 2237 νοοῖτο
2807 2183 2914 2236 τῶν
2945 2183 3082 2236 ὅλων
3119 2183 3472 2253 δημιουργὸς,
3507 2181 3644 2252 πλὴν
3675 2183 3758 2235 ὅτι
3795 2179 3980 2250 μόνος

2369 2278 2594 2341 ἐκεῖνος,
2628 2280 2654 2330 ὁ
2681 2277 2746 2330 δι’
2776 2269 2836 2328 οὐ
2859 2276 2926 2328 τά
2951 2276 3127 2329 πάντα
3156 2275 3457 2346 πεποίηκεν
3484 2277 3511 2328 ὁ
3544 2275 3728 2341 Πατήρ
3753 2289 3767 2334 ;
3818 2267 3980 2322 Ἀλλ’

2370 2372 2526 2442 ἔφην,
2573 2373 2702 2434 ἴσως
2746 2373 2910 2442 ἐρεῖς,
2952 2369 3094 2423 κατὰ
3131 2371 3190 2422 τὸ
3233 2370 3638 2440 κεκρυμμένον,
3678 2364 3837 2426 Υἱός,
3869 2362 3980 2416 καὶ

2369 2464 2476 2516 τῶν
2507 2464 2642 2516 ὅλων
2688 2462 3036 2532 δημιουργός.
3088 2461 3316 2523 Καλῶς,
3375 2457 3730 2527 συνθήσομαι.
3797 2454 3980 2525 Ἐρή-

2373 2572 2536 2624 σομαι
2567 2555 2644 2607 δέ.
2687 2555 2790 2606 Τὸν
2833 2553 3217 2624 κεκρυμμένον
3264 2545 3404 2603 εἶναι
3452 2548 3556 2618 φὴς
3607 2548 3695 2600 τὸν
3723 2549 3786 2599 ὲκ
3822 2544 3976 2598 Θεοῦ

2372 2648 2563 2713 Λόγον,
2597 2647 2691 2698 καὶ
2732 2645 2920 2698 τοῦτον
2953 2640 3092 2696 εἶναι
3136 2644 3227 2694 τὸν
3256 2642 3392 2695 ὅλων
3431 2638 3762 2710 δημιουργόν
3785 2654 3798 2668 ο
3843 2635 3978 2700 πῶς

2370 2735 2462 2791 οῦν
2493 2739 2624 2808 ἡμῖν
2653 2739 2857 2810 ἀρτίως
2891 2737 3174 2808 μονονουχὶ
3208 2737 3303 2789 καὶ
3333 2722 3581 2804 δακτύλῳ
3615 2734 3675 2786 τὸ
3706 2732 3978 2804 πρόσφαο

2369 2847 2479 2892 τον,
2523 2830 2616 2882 καὶ
2645 2830 2705 2881 τὸ
2739 2829 3042 2899 ἀρτίτοκον,
3075 2828 3170 2882 καὶ
3213 2829 3273 2881 τὸ
3317 2829 3374 2880 ὲν
3415 2827 3774 2898 σπαργάνοις,
3828 2839 3978 2876 κατε

2374 2919 2576 2984 ἔδειξας
2623 2920 2849 2991 βρέφος·
2881 2923 2973 2974 καὶ
3017 2920 3176 2974 τοῦτο
3208 2920 3340 2973 αὐτὸ
3386 2919 3475 2971 καὶ
3509 2918 3637 2971 Υίδν
3675 2913 3978 2984 ὠνόμαζες

2373 3011 2529 3075 Θεοῦ,
2571 3014 2665 3064 καὶ
2700 3012 2789 3064 τὸν
2818 3012 2954 3066 ὅλων
2989 3010 3350 3082 δημιουργόν;
3381 3003 3457 3060 Ἦ
3487 3007 3626 3077 τάχα
3656 3022 3758 3058 που
3793 3019 3978 3074 μετα-

2375 3103 2702 3173 πεποιῆσθαι
2733 3105 3024 3174 νενόμικας
3055 3105 3132 3162 είς
3161 3103 3259 3172 τὴν
3297 3101 3392 3167 τῆς
3436 3099 3636 3173 σαρκὸς
3667 3096 3832 3166 φύσιν
3874 3093 3978 3146 τὸν

2376 3200 2439 3250 ἐκ
2470 3198 2603 3250 Θεοῦ
2637 3197 2840 3264 Λόγον;
2870 3196 2978 3248 Καὶ
3014 3193 3199 3264 γράψῃ
3230 3192 3429 3262 μᾶλλον
3461 3189 3679 3251 σαυτὸν,
3711 3186 3813 3256 οὐχ
3845 3184 3975 3238 ἐτέ-

705 3280 873 3334 Filius
928 3289 983 3333 et
1026 3279 1414 3332 universorum'
1457 3273 1665 3343 opifex,
1714 3282 1769 3326 et
1818 3272 1957 3326 idern
2002 3282 2160 3325 natus
2205 3287 2270 3326 ex

2382 3308 2525 3361 ρους,
2575 3289 2648 3350 ὼς
2683 3275 2847 3340 τοῦτο’
2891 3287 3054 3354 φάναι
3097 3286 3494 3354 τολμήσαντας.
3528 3277 3604 3332 Ἶι
3651 3279 3812 3348 εἴπερ
3847 3274 3976 3329 ἐστὶ

705 3381 892 3427 sancta
933 3370 1171 3439 Virgine,
1206 3369 1277 3421 ila
1314 3367 1512 3421 invitus
1543 3381 1606 3420 ex
1657 3365 1934 3434 inopinato
1987 3365 2131 3418 illam
2156 3378 2277 3418 esse

708 3465 797 3518 Dei
830 3464 1143 3535 genitricem
1179 3461 1458 3515 nobiscum
1499 3458 1782 3513 confessus
1811 3457 1966 3510 eris?
1997 3456 2276 3521 Quomodo

706 3558 848 3610 enim
906 3555 1086 3608 infans
1137 3553 1278 3607 Deus
1309 3553 1380 3604 sit
1431 3566 1541 3604 sua:
1593 3548 1915 3617 potestatis?
1949 3546 2081 3600 Nam
2111 3549 2154 3602 si
2206 3547 2277 3600 ita

707 3651 842 3702 dicis
901 3648 1044 3700 illum
1105 3659 1216 3699 suae
1276 3642 1559 3713 potestatis
1622 3649 1680 3695 ut
1740 3655 1864 3696 esse
1908 3640 2278 3708 unusquisque

707 3741 876 3794 nostri
904 3738 1098 3793 similis
1129 3735 1465 3804 intelligitur,
1498 3744 1748 3802 tanquam
1805 3733 1888 3787 cui
1922 3748 2034 3787 sua:
2085 3732 2278 3786 volun-

710 3833 835 3884 tatis
867 3845 895 3882 a
925 3828 1034 3881 Deo
1070 3827 1348 3895 permissae
1376 3826 1484 3879 sint
1523 3824 1780 3889 habenae;
1815 3823 1942 3892 quid
1987 3824 2092 3877 erit
2123 3824 2174 3875 in
2214 3835 2278 3875 eo

707 3932 900 3993 prarter
924 3929 1149 3974 cmteros
1182 3918 1282 3986 17
1314 3918 1574 3972 eximium
1598 3921 1621 3970 Υ
1673 3926 1766 3970 aut
1793 3931 1952 3986 quam
1970 3915 2038 3968 ob
2056 3929 2276 3968 causam

720 4015 1023 4068 libertatem
1084 4009 1294 4063 arbitrii
1355 4023 1416 4062 ac
1487 4009 1770 4076 potestatis
1846 4015 2100 4074 tanquam
2168 4007 2277 4060 Deo

709 4107 923 4174 dignum
953 4110 1008 4158 et
1037 4100 1362 4170 prmeipuum
1414 4112 1602 4153 revera
1656 4097 1870 4150 titulum
1923 4097 1996 4150 illi
2064 4096 2273 4160 tribuis,

709 4195 954 4266 quamvis
1013 4192 1260 4246 omnibus
1313 4191 1404 4259 qui
1452 4189 1650 4258 degunt
1688 4189 1741 4242 in
1793 4189 1950 4243 terris
1991 4201 2045 4243 et
2079 4189 2277 4243 habere

708 4289 849 4341 illam
880 4287 1055 4349 liceat,
1088 4294 1140 4338 et
1161 4281 1274 4350 jam
1307 4281 1539 4336 habeant
1568 4280 1589 4334 τ
1631 4280 1723 4334 Sin
1749 4281 1966 4335 libertas
1998 4283 2277 4349 potestatis

709 4380 838 4433 illud
896 4379 945 4431 in
994 4378 1094 4431 hac
1123 4385 1274 4445 parte
1313 4374 1602 4444 significat,
1641 4372 1862 4427 alterius
1915 4373 2119 4440 legibus
2172 4387 2276 4427 non

709 4485 826 4523 esse
863 4471 1186 4536 subjectum,
1225 4476 1282 4519 ut
1311 4466 1476 4519 etiam
1520 4466 1632 4532 ipsa
1675 4465 1925 4517 nimirum
1961 4463 2050 4517 Dei
2082 4472 2275 4518 natura

713 4561 1046 4626 intelligitur,
1079 4572 1314 4625 quonam
1349 4557 1512 4624 igitur
1539 4556 1695 4610 modo
1731 4556 1814 4610 his
1873 4556 2273 4609 conditionibus

712 4653 846 4703 adeo
885 4649 1147 4718 angustis,
1183 4657 1236 4700 et
1263 4647 1430 4700 solam
1481 4661 1795 4714 supremam
1845 4646 1988 4698 illam
2019 4656 2269 4698 naturam

711 4755 764 4795 et
792 4741 1016 4811 gloriam
1059 4736 1392 4799 docentibus,
1451 4752 1622 4806 nuper
1654 4737 1854 4789 editum
1908 4738 2057 4792 illum
2104 4739 2277 4792 infan-

709 4847 815 4887 tem
845 4844 965 4890 esse
1011 4829 1165 4892 dicis,
1225 4826 1469 4894 quamvis
1521 4825 1785 4894 quidquid
1821 4827 1888 4878 ad
1946 4827 2050 4881 hoc
2097 4839 2153 4880 ιιι
2204 4832 2275 4883 sit

709 4933 958 4980 vocatum
987 4931 1092 4984 est,
1125 4918 1233 4972 Deo
1265 4920 1328 4971 sit
1363 4917 1684 4984 subjectum,
1730 4928 1782 4970 et
1827 4920 2103 4974 servitutis
2147 4921 2278 4991 jugo

708 5012 1025 5070 subditum?
1058 5011 1164 5064 Sed
1193 5010 1419 5063 fortasse
1452 5009 1670 5077 putabis
1699 5011 1762 5062 ad
1793 5012 1904 5064 lucc
1959 5013 2139 5065 omnia
2181 5015 2275 5068 tibi

707 5106 839 5160 satis
888 5104 1034 5156 illam
1090 5103 1308 5155 stultam
1365 5100 1629 5154 rationem
1685 5100 1818 5164 fore,
1885 5105 2028 5169 quod
2070 5105 2281 5160 scilicet

713 5198 853 5250 inter
877 5209 935 5248 se
977 5202 1182 5246 natura:
1222 5202 1408 5244 mutuo
1459 5190 1777 5258 copulentur
1826 5206 1931 5245 non
1982 5196 2277 5250 secundum

713 5283 1068 5356 hypostasiin,
1089 5283 1180 5334 sed
1208 5280 1396 5334 eodem
1423 5280 1599 5346 pouns
1648 5279 1851 5333 honore
1884 5293 1938 5334 et
1968 5285 2280 5351 taqualitate

710 5376 983 5446 dignitatis
1017 5391 1030 5428 :
1064 5387 1186 5426 nam
1234 5373 1333 5425 ista
1386 5387 1526 5440 satpe
1582 5373 1734 5425 nobis
1777 5373 2146 5442 imprudenter
2202 5377 2281 5432 in-

708 5470 908 5524 cnleas.
937 5468 1043 5521 Sed
1081 5476 1131 5519 te
1165 5467 1276 5519 hinc
1306 5465 1571 5518 dicentem
1608 5463 1659 5516 in
1709 5465 1991 5520 imbecillis
2035 5479 2087 5522 et
2118 5469 2280 5541 fragi-

709 5561 850 5614 libus
871 5558 1188 5614 commentis
1224 5557 1496 5619 insistere,
1538 5555 1823 5609 manifeste
1868 5561 2055 5625 paucis
2094 5572 2280 5616 osten-

715 5654 872 5704 detur
924 5665 1044 5705 eum
1099 5649 1162 5701 de
1224 5648 1324 5699 hoc
1375 5647 1639 5699 trat'taudi
1697 5649 1910 5703 occasio
1961 5666 2018 5704 se
2066 5652 2276 5710 offeret.

714 5743 807 5796 llis
835 5741 936 5794 alia
968 5740 1206 5806 quaedam
1243 5737 1434 5799 aSsnit,
1485 5752 1577 5804 per
1627 5753 1745 5804 qua:
1780 5753 1836 5792 se
1869 5752 2017 5808 putat
2051 5758 2277 5812 genera-

721 5833 880 5886 tionis
910 5833 1120 5884 modutn
1155 5840 1351 5881 nostrzc
1396 5828 1645 5895 similent,
1712 5831 1872 5885 veluti
1935 5835 2274 5896 indecentem

2377 3383 2437 3434 τὸ
2474 3382 2668 3450 βρέφος
2720 3383 2747 3432 ὁ
2779 3379 3161 3448 κεκρυμμένος
3209 3375 3354 3438 Υίος,
3402 3374 3495 3426 καὶ
3539 3371 3647 3424 τῶν
3680 3371 3821 3423 ὅλων
3865 3370 3971 3438 δη-

2383 3472 2658 3542 μιουργὸς,
2692 3469 3014 3538 γεγέννηται
3043 3469 3100 3521 δὲ
3143 3465 3300 3518 τοῦτο
3329 3467 3390 3518 ἐκ
3428 3460 3528 3533 τῆς
3558 3463 3718 3529 ἀγίας
3747 3457 3974 3530 Παρθέ-

2381 3582 2491 3630 νου,
2525 3565 2880 3634 ὡμολόγησας
2910 3563 3008 3630 ούχ
3037 3560 3176 3613 ἑκὼν
3219 3558 3480 3610 Θεοτόκον
3531 3558 3628 3608 σὺν
3660 3556 3793 3623 ἡμῖν
3840 3553 3972 3605 ἀδο-

2381 3659 2556 3726 κήτως
2594 3657 2796 3724 αὐτήν;
2841 3654 2993 3705 Ἐπεὶ
3032 3653 3146 3712 πῶς
3180 3650 3376 3718 βρέφος
3415 3647 3546 3708 Θεὸς
3575 3644 3970 3710 αὐτεξούσιοςς

2380 3749 2442 3800 Εί
2481 3747 2578 3816 μὲν
2620 3746 2727 3815 γάρ
2757 3743 2897 3795 οὕτω
2929 3743 3031 3810 φὴς
3063 3741 3428 3806 αὐτεξούσιον,
3458 3737 3532 3801 ὼς
3565 3739 3628 3791 ἂν
3657 3738 3834 3803 νοοῖτο
3865 3753 3970 3788 τυ-

2379 3840 2473 3908 χὸν
2523 3837 2615 3889 καὶ
2665 3835 2772 3888 τῶν
2819 3834 2940 3887 καθ’
2991 3835 3136 3904 ἡμᾶς
3187 3834 3433 3896 ἕκαστος,
3489 3831 3565 3893 ὡς
3611 3829 3709 3899 τῆς
3762 3825 3970 3882 ἑαυτοῦ

2379 3929 2751 3999 προαιρέσεως
2793 3926 3222 3995 πεπιστευμένος
3269 3923 3420 3993 παρά
3462 3921 3580 3991 Θεῷ
3623 3921 3731 3992 [ἵσ.
3795 3915 3969 3990 Θεοῦ]

2377 4020 2475 4081 τὰς
2521 4018 2700 4088 ἡνίας,
2746 4017 2798 4070 τί
2848 4017 2910 4070 τὸ
2960 4016 3238 4086 ἐξαίρετον
3280 4013 3430 4086 παρά
3477 4014 3604 4076 τοὺς
3651 4010 3848 4074 ἄλλους
3905 4012 3968 4063 ἐν

2379 4109 2557 4180 αὐτῷς
2607 4109 2638 4180 ἢ
2685 4110 2772 4162 διὰ
2807 4108 2967 4161 ποίαν
2997 4108 3195 4172 αἰτίαν,
3247 4106 3497 4178 καθάπερ
3543 4121 3596 4157 τι
3631 4103 3965 4173 θεοπρεπὲς,

2379 4202 2473 4254 καὶ
2522 4199 2798 4272 ἐξαίρετον
2836 4199 3050 4271 ἀληθῶς
3097 4199 3332 4268 ἀξίωμα,
3374 4198 3433 4250 τὸ
3481 4194 3831 4260 αὐτεξούσιον
3865 4196 3967 4248 ἀν-

2381 4293 2570 4354 άπτεις
2602 4292 2787 4362 αὐτῷ;
2825 4292 2999 4344 καίτοι
3036 4291 3195 4360 μετὸν
3227 4291 3395 4342 ἀπασι
3431 4289 3538 4340 τῶν
3573 4287 3664 4340 ἐπὶ
3700 4290 3800 4356 τῆς
3831 4287 3963 4355 γῆς,

2379 4383 2521 4452 ἔχειν
2560 4399 2616 4434 τε
2657 4382 2805 4450 αὐτῷ
2845 4380 2952 4451 [ἶσ.
3005 4379 3178 4450 αὐτὸ].
3218 4379 3310 4432 καὶ
3351 4377 3446 4448 ἤδη
3488 4375 3763 4446 λαχοῦσιν.
3807 4377 3874 4429 El.
3904 4375 3964 4428 δὲ

2378 4475 2442 4543 δη
2489 4473 2739 4543 σημαίνει
2789 4474 2848 4524 τὸ
2896 4470 3244 4536 αὐτεξούσιον
3297 4471 3354 4522 ὲν
3387 4469 3595 4531 τούτοις
3639 4468 3696 4520 τὸ
3728 4467 3806 4536 μὴ
3849 4467 3964 4519 δεῖν

2381 4564 2698 4617 ὑποκεῖσθαι
2729 4567 2836 4626 τοῖς
2868 4563 3052 4632 ἐτέρου
3085 4563 3293 4632 νόμοις,
3325 4557 3460 4613 εἶναι
3500 4561 3556 4612 δὲ
3599 4559 3770 4616 οῦτως
3807 4557 3965 4611 ἐλεύ-

2379 4657 2555 4727 θερον,
2593 4657 2667 4718 ὡς
2709 4656 2774 4708 ἂν
2815 4656 2906 4707 καὶ
2957 4655 3092 4724 αὐτὴ
3137 4653 3297 4722 τυχὸν
3343 4652 3525 4721 ἡθεία
3567 4654 3738 4704 νοοῖτο
3767 4651 3961 4720 φύσις,

2377 4749 2495 4801 τίνα
2525 4749 2588 4818 δὴ
2616 4749 2813 4818 τρόπον
2857 4750 2911 4800 ὲν
2941 4749 3052 4808 τοῖς
3083 4744 3224 4797 οῦτω
3271 4747 3488 4805 σεπτοῖς
3536 4744 3630 4795 καὶ
3685 4743 3962 4812 πρέπουσι

2383 4839 2518 4910 μόνῃ
2549 4843 2610 4908 τῇ
2658 4838 2914 4890 ἀνωτάτω
2963 4836 3118 4902 φύσει
3161 4851 3218 4889 τε
3255 4835 3350 4886 καὶ
3380 4834 3528 4906 δόξῃ,
3579 4833 3639 4885 τὸ
3669 4832 3963 4903 ἀρτίτοκον

2382 4931 2578 5001 βρέφος
2627 4927 2760 4981 εἶναι
2811 4929 2950 4998 φής;
3001 4927 3178 4979 καίτοι
3229 4925 3428 4988 παντὸς
3471 4925 3566 4978 τοῦ
3615 4924 3960 4995 κεκλημένου

2384 5019 2518 5088 πρὸς
2570 5017 2822 5087 ὓπαρξιν,
2872 5014 3304 5085 κατεζευγμένου
3363 5015 3516 5085 Θεῷ,
3572 5016 3665 5072 καὶ
3718 5015 3808 5068 τὸν
3856 5015 3961 5085 τῆς

2380 5109 2619 5171 δουλείας
2649 5108 3037 5178 ὑποτρέχοντος
3073 5107 3254 5174 ζυγόν.
3301 5107 3440 5158 Ἀλλ’
3472 5107 3634 5179 οἰήσῃ
3677 5105 3818 5175 τάχα
3851 5121 3960 5158 που

2383 5201 2514 5269 πρὸς
2547 5201 2760 5253 ἅπαντά
2786 5216 2865 5251 σοι
2909 5199 3068 5251 ταυτὶ
3108 5199 3197 5252 τὸν
3226 5200 3432 5250 εἰκαῖον
3481 5201 3686 5252 ἐκεῖνον
3721 5197 3961 5269 ἀρκέσαι

2381 5294 2554 5360 λόγον,
2581 5294 2670 5346 τὸν
2699 5293 2817 5345 ἐπεί
2844 5309 2907 5360 γε
2940 5293 3047 5363 [τον.
3084 5293 3173 5344 ὲπί
3204 5291 3290 5363 γε]
3322 5291 3397 5362 τῷ
3432 5291 3542 5344 δεῖν
3569 5291 3825 5362 ἀλλήλαις
3855 5292 3960 5352 τὰς

2383 5385 2570 5454 φύσεις
2603 5385 2984 5449 συνάπτεσθαι,
3019 5387 3110 5438 καὶ
3161 5384 3276 5438 οῦτι
3327 5403 3429 5437 που
3475 5385 3595 5438 καθ’
3633 5385 3959 5447 ὑπόστασιν,

2382 5478 2493 5531 ἀλλ’
2523 5477 2596 5540 ὡς
2619 5479 2673 5529 ἐν
2698 5481 2828 5548 τιμῇ
2859 5477 3056 5546 μᾶλλον
3091 5477 3513 5547 ἀπαραλλάκτῳ,
3543 5475 3635 5529 καὶ
3659 5478 3714 5528 ὲν
3746 5475 3957 5546 ίσότητι

2380 5571 2477 5641 τῆς
2511 5568 2666 5632 ἀξίας
2688 5586 2699 5599 ’
2729 5571 2886 5622 ταυτὶ
2917 5568 3024 5639 γὰρ
3059 5572 3190 5640 ἡμῖν
3225 5569 3310 5622 ἀεὶ
3346 5570 3492 5637 λέγει
3538 5567 3785 5638 ἀμαθῶς.
3830 5567 3958 5622 Ὀτι

2379 5663 2432 5714 δὲ
2470 5661 2710 5732 σαθραῖς,
2741 5662 2832 5714 καὶ
2861 5663 3263 5725 εὐδιακλάστοις
3293 5664 3520 5725 ἐννοίαις
3551 5664 3954 5732 ἐπερηρεισμέ-

2381 5771 2488 5815 νος,
2520 5753 2586 5806 τά
2615 5753 2788 5806 τοιάδε
2838 5753 3030 5823 λέγων,
3079 5754 3282 5825 ἀλώσῃ,
3329 5754 3670 5825 δειχθήσεται
3724 5756 3818 5809 καὶ
3855 5758 3956 5810 οὐκ

2383 5848 2458 5908 εἰς
2491 5846 2722 5916 μακρὰν,
2753 5851 3176 5918 παρενεγκόντος
3206 5850 3333 5918 ἡμῖν
3359 5847 3452 5902 τοῦ
3485 5846 3675 5918 καιροῦ
3700 5850 3793 5903 καὶ
3821 5851 3952 5920 πρός
