4104 6476
191 431 249 488 37
1305 425 1673 482 Αῡγιςῐιδυδ
1713 425 1742 479 1‘

1849 425 2114 484 TORIL‘M
2159 430 2283 486 LIB.
2332 431 2368 486 Ι.
3356 435 3425 490 38

195 569 244 619 γε
276 551 426 604 ταυτὶ
453 550 544 602 τὸν
581 550 766 618 λόγον.
802 539 1038 618 Συνείρει
1066 550 1118 602 δὲ
1159 551 1366 612 τούτοις
1412 550 1554 619 ἕτερ’
1597 548 1742 602 ἄττα.

1859 559 1910 602 et
1943 549 2351 619 itnpossihilem,
2401 553 2691 606 admodum
2725 563 2878 607 acute
2904 554 3278 607 demonstrare
3311 573 3323 618 ;
3361 571 3422 609 ac

193 643 248 694 δι’
296 635 368 694 ὧν
423 641 579 712 ᾠήθη
639 641 938 703 δύνασθαι,
981 642 1074 694 καὶ
1131 641 1276 710 μάλα
1326 641 1631 712 ἐμφρόνως,
1682 639 1756 702 ὡς

195 731 402 800 ἀκαλλῆ,
433 732 526 782 καὶ
552 730 850 798 ἀνέφικτον
879 731 966 784 τὸν
991 734 1086 801 τῆς
1116 732 1238 785 καθ’
1269 732 1415 802 ἡμᾶς
1455 731 1757 801 γεννήσεως

194 818 453 886 ἀποφῆναι
483 818 712 887 τρόπον.
758 820 871 872 Καὶ
913 820 1260 890 ἀντανίστησι
1293 821 1390 890 μὲν
1425 819 1603 890 ἑαυτῷ
1632 821 1755 881 τοὺς

197 909 313 978 πρὸς
341 910 493 977 ἡμῶν
525 910 723 978 λόγους
746 928 759 941 ·
794 911 964 964 οἴεται
1002 912 1059 964 δὲ
1109 911 1601 981 κατευμεγεθήσειν
1656 913 1754 982 ρᾳ-

191 1001 327 1063 δὶως,
370 1003 462 1054 καὶ
521 1003 682 1055 οὐδὲν
739 1003 898 1066 ὄντας
942 1005 1194 1072 ἐπιφανεῖ
1250 1003 1358 1075 [ῖσ.
1409 1003 1751 1074 ἀποφανεῖν],

195 1091 347 1143 καίτοι
377 1092 791 1159 πρεσϐεύοντας
824 1094 1071 1164 τάνληθές.
1108 1095 1248 1164 Ἔφη
1279 1095 1334 1146 δὲ
1363 1093 1567 1155 οὓτωςο

252 1179 502 1252 [ΕἰΘεὺς,
523 1182 717 1252 φησὶν,
747 1184 774 1234 ὀ
799 1183 1050 1254 Χριστὸς,
1075 1183 1265 1254 ἐτέχθη
1297 1184 1352 1236 δὲ
1380 1185 1408 1234 ὁ
1430 1183 1661 1252 Χριστὸς
1692 1183 1754 1234 ὲκ

193 1271 278 1340 τῆς
318 1275 594 1343 μακαρίας
628 1276 866 1345 Μαρίας,
918 1274 1033 1338 πῶς
1077 1276 1176 1328 οὐκ
1210 1274 1354 1328 ἔστιν
1403 1278 1434 1344 ἡ
1481 1275 1753 1346 Παρθένος

193 1360 468 1427 Θεοτόκος;
523 1363 696 1416 υύδὲν
749 1364 978 1434 κρύπτω
1007 1364 1116 1417 τῶν
1149 1366 1280 1436 παρ’
1314 1366 1492 1418 αὐτῶν
1539 1366 1746 1418 ἀντιθέ-

193 1468 342 1505 σεων·
382 1456 408 1505 ό
441 1455 552 1524 γὰρ
595 1455 698 1524 τῆς
728 1455 984 1526 ἀληθείας
1016 1456 1252 1526 ἐραστὴς
1288 1458 1463 1511 πάντα
1490 1456 1558 1509 τὰ
1601 1458 1752 1528 παρὰ

189 1541 268 1593 τοῦ
291 1542 512 1610 ψεύδους
542 1546 726 1616 ἑαυτῷ
762 1545 1083 1617 προσλαὸὼν
1122 1548 1472 1621 ἀντιτίθησι.]
1495 1545 1627 1602 Εἶτα
1651 1551 1750 1621 τὴν

189 1631 322 1682 λύσιν
367 1635 656 1703 ἐπιφέρειν
705 1637 978 1705 πειρᾶται,
1031 1637 1304 1700 τοιαύταις
1348 1641 1490 1694 τισὶν
1520 1642 1751 1703 ἐννοίαις

190 1722 468 1790 χρώμενος’
503 1724 834 1793 [Πλάττεται
869 1728 968 1798 μὲν
998 1729 1126 1799 γὰρ,
1169 1732 1354 1798 φησὶν.
1380 1732 1438 1782 ἐν
1475 1732 1656 1801 μήτρᾳ
1688 1731 1748 1782 τδ

190 1814 366 1879 βρέφος
387 1832 398 1843 ·
433 1814 552 1866 ἀλλ’
581 1817 687 1879 ἔως
721 1818 820 1887 μὲν
849 1818 1001 1871 οὔπω
1033 1820 1407 1890 μεμόρφωται,
1437 1819 1614 1888 ψυχὴν
1645 1821 1744 1872 ούκ

1858 643 1958 695 sibi
2022 645 2258 698 rationes
2307 656 2520 698 nostras
2549 644 2756 712 objicit,
2797 654 2964 709 ratus,
3004 647 3248 713 quamvis
3284 647 3424 698 veri-

1859 740 2020 785 tatem
2051 732 2308 798 colamus,
2345 735 2498 788 facile
2525 752 2619 786 sua
2670 735 2812 789 mole
2857 749 2955 788 nos
2982 737 3323 796 obruturmn,
3366 743 3421 785 et

1857 826 2053 879 nullius
2099 827 2256 896 pretii
2295 841 2412 882 esse
2464 826 2711 881 homines
2764 835 3132 880 ostensurum.
3178 822 3268 879 Sic
3294 839 3422 892 ergo

1855 917 2026 971 dixit:

1943 1179 2177 1234 Nssroa.
2205 1181 2284 1250 [Si
2328 1181 2466 1235 Deus
2487 1190 2567 1234 est
2587 1181 2855 1246 Christus,
2880 1181 3074 1250 inquit,
3102 1190 3155 1235 et
3176 1180 3421 1235 Christus

1855 1286 1919 1325 ex
1952 1272 2105 1324 beata
2141 1271 2306 1325 Maria
2367 1284 2450 1326 cst
2495 1284 2666 1336 ortus,
2722 1288 2820 1327 cur
2862 1273 3023 1342 Virgo
3067 1287 3168 1326 non
3217 1273 3286 1326 sit
3326 1271 3419 1326 Dei

1853 1363 2124 1431 genitrix?
2151 1362 2291 1416 Nihil
2326 1365 2539 1418 occulto
2567 1365 2708 1434 quod
2733 1364 2797 1419 ab
2821 1364 2926 1417 illis
2965 1364 3257 1432 objicitur:
3293 1379 3418 1416 naut

1853 1453 2093 1506 veritatis
2122 1465 2328 1508 amator
2357 1455 2534 1508 omnia
2567 1470 2684 1523 quan
2719 1471 2748 1508 a
2781 1454 3010 1509 falsitate
3036 1455 3138 1508 diei
3171 1465 3415 1523 possunt,

1854 1555 2074 1612 accepta
2117 1546 2214 1598 sibi
2241 1545 2446 1612 objicit.
2493 1545 2618 1600 lude
2667 1547 2985 1600 solutionem
3021 1543 3214 1600 afferre
3254 1561 3417 1598 corra-

1855 1633 2154 1687 turtalibus
2186 1637 2470 1690 sententiis
2503 1651 2663 1690 usus:
2708 1636 2993 1690 Formatur
3029 1637 3190 1702 enim,
3223 1635 3418 1704 inquit,

1855 1725 1907 1774 in
1936 1731 2086 1774 utero
2115 1724 2314 1787 infans,
2364 1726 2456 1779 sed
2493 1727 2664 1794 quoad
2696 1728 2921 1795 figuram
2957 1727 3247 1794 acceperit,
3278 1742 3418 1779 nou-

1851 1815 1975 1866 tlum
2031 1816 2190 1869 habet
2239 1818 2511 1870 animam:
2551 1827 2606 1870 at
2637 1819 2724 1871 ubi
2780 1821 3040 1887 liguratus
3095 1818 3275 1880 fuerit,
3306 1819 3416 1886 jam

188 1904 312 1970 ἔχει’
369 1881 733 1975 εἰδοποιηθὲνί
766 1907 820 1960 δὲ
885 1909 984 1978 ἤδη
1033 1881 1302 1977 ιζαυ-χοιὶται
1371 1881 1742 1978 παρά-’Θεοί

1852 1903 2030 1954 anima
2085 1903 2458 1958 informatura
2493 1907 2618 1960 Deo.
2673 1907 2742 1962 Ut
2775 1908 2937 1977 igitur
2983 1908 3172 1961 mulier
3224 1921 3419 1976 corpus

187 1993 374 2062 Ὠσπερ
423 1991 516 2047 οὖν
565 1999 598 2066 ἡ
639 1997 776 2066 γυνὴ
825 1999 995 2050 τίκτει
1034 1999 1132 2068 μὲν
1175 1999 1234 2050 τὸ
1277 1998 1454 2068 σῶμα,
1494 1998 1654 2068 ψυχοῖ
1691 1999 1744 2052 δὲ

186 2083 318 2147 Θεὸς,
364 2087 452 2136 καὶ
487 2087 591 2139 οὐκ
643 2087 706 2139 ἂν
741 2088 951 2156 λέγοιτο
999 2090 1134 2161 γυνὴ
1171 2090 1487 2160 ψυχοτόκος,
1525 2094 1605 2145 ὅτι
1650 2093 1749 2164 ἔμ-

184 2174 334 2241 ψυχον
377 2177 691 2247 ἐγέννησεν,
740 2179 1152 2250 ἀνθρωποτὸκος
1201 2181 1256 2233 δὲ
1311 2183 1538 2251 μᾶλλον,
1583 2185 1744 2250 οὕτω,

188 2266 322 2330 φησι,
371 2269 462 2318 καὶ
514 2270 547 2338 ἡ
588 2271 835 2339 μακαρία
866 2271 1162 2342 Παρθένος,
1198 2274 1291 2326 καὶ
1330 2276 1377 2326 εί
1405 2275 1621 2328 τέτοκεν
1654 2277 1746 2329 ἄν·

185 2355 400 2422 Θρωπον,
421 2359 904 2429 συμπαρε).θόντος
925 2363 1072 2434 αὐτῷ
1093 2363 1184 2416 τοῦ
1205 2363 1340 2417 Θεοῦ
1357 2366 1527 2433 Λόγου
1553 2368 1744 2438 (ταύτῃ

185 2450 278 2515 γὰρ
309 2449 584 2519 ἐχρήσατο
633 2455 696 2524 τῇ
728 2455 923 2526 φωνῇ),
969 2457 1029 2508 ού
1076 2456 1162 2510 διὰ
1200 2458 1356 2512 τοῦτο
1387 2460 1692 2530 Θεοτόκος.]

779 2589 1027 2643 ΚΕΦΑΛ.
1063 2595 1135 2645 Δ’.

243 2734 358 2810 'Ap‘
379 2737 492 2806 οὖν,
523 2742 650 2794 εἰπέ
683 2759 794 2811 μοι,
828 2743 1174 2814 διαϐέϐληται
1207 2747 1360 2815 παρά
1410 2749 1491 2800 σοὶ
1519 2749 1577 2801 τὸ
1609 2749 1743 2820 πρὸς

188 2832 324 2901 ἡμῶν
362 2835 695 2904 είρημένον;
753 2830 861 2902 ἆρά
913 2851 994 2888 σοι
1026 2835 1172 2889 δοκεῖ
1217 2841 1330 2901 τοῖς
1365 2839 1536 2902 οὕτως
1569 2841 1743 2910 ὀρθῶς

187 2924 266 2975 καὶ
293 2925 600 2994 ἀκιὸδήλως
631 2926 843 2995 ἔχουσιν
886 2927 1157 2991 ἀσυνέτως
1188 2931 1464 3001 ἐπιτιμᾷν,
1498 2933 1591 2984 καὶ
1624 2933 1743 3001 οὐχὶ

187 3014 264 3066 τοῦ
299 3016 368 3085 μὴ
415 3016 680 3069 δύνασθαι
727 3018 968 3083 δοξάζειν
999 3018 1036 3071 ἃ.
1074 3021 1199 3090 χρὴ,
1247 3022 1344 3090 τῆς
1379 3023 1577 3075 σαύτοῦ
1623 3023 1739 3076 δια·

186 3103 316 3166 volo;
355 3104 636 3175 καθοριεῖς
680 3106 748 3158 τὰ
794 3109 1149 3178 ἐγκλήματας
1186 3105 1279 3172 Οἷς
1308 3111 1415 3181 γὰρ
1451 3112 1514 3163 ἂν
1545 3111 1740 3182 ἀπᾴδοι

185 3195 235 3246 τὸ
269 3196 478 3266 ἀληθὲς,
512 3198 728 3262 τούτοις
758 3199 823 3251 ἂν
853 3200 1078 3266 γένοιτο,
1119 3203 1212 3253 καὶ
1253 3202 1372 3255 λίαν
1401 3202 1649 3272 ἑτοίμως,
1684 3207 1740 3257 ἐν
1769 3233 1810 3290 C

187 3287 440 3357 παραδοχῇ
468 3291 531 3340 τὸ
565 3290 640 3358 μὴ
667 3290 840 3352 οὓτως
879 3292 1021 3360 ἕχον,
1050 3293 1141 3344 καὶ
1169 3293 1228 3344 τὸ
1259 3297 1368 3356 τοῖς
1399 3295 1741 3362 ἀριστοεπεῖν

187 3379 408 3430 εἰωθόσιν
428 3382 714 3449 ἐπιτιμᾷν,
739 3381 821 3450 εἴη
845 3381 910 3433 ἂν
933 3381 1033 3433 οὑκ
1061 3382 1314 3451 ἀζήμιον·
1341 3385 1539 3451 μᾶλλον
1561 3385 1616 3436 δὲ
1639 3386 1740 3456 ἥδη

184 3469 265 3519 καὶ
289 3470 559 3534 ἀπόδειξις
594 3471 828 3540 ἐναργὴς
853 3470 946 3524 τοῦ
981 3474 1402 3542 προσκεκλίσθαι
1435 3476 1510 3545 τῷ
1535 3475 1738 3544 ψεύδει,

185 3563 262 3613 καὶ
297 3563 383 3614 τοῦ
413 3563 637 3615 ἑλέσθαι
665 3567 849 3634 τιμᾷν,
884 3565 918 3618 ἃ
948 3568 1039 3619 καὶ
1074 3570 1250 3635 μισεῖν
1284 3567 1527 3637 ἄμεινον,
1557 3570 1632 3631 ὼς
1661 3569 1741 3620 λο-

183 3653 360 3721 γισμοῦ
403 3655 500 3707 τοῦ
539 3657 749 3717 εἰκότος
793 3658 1174 3726 ἡμαρτηκότα.
1224 3658 1383 3711 ’Λλλά
1411 3659 1518 3711 τῶν
1569 3659 1742 3723 οὕτως

185 3745 399 3814 αἰσχρῶν
427 3747 695 3814 ἐννοήσας
732 3746 905 3808 οὐδεὶς
929 3745 1148 3818 [ούδέν],
1169 3749 1359 3800 ἑαυτὸν
1392 3751 1489 3818 μὲν
1510 3752 1612 3823 ἔφη
1641 3753 1739 3820 τῆς

184 3834 414 3902 ἀληθείας
442 3835 700 3904 γενέσθαι
725 3836 815 3888 τὸν
837 3836 1088 3906 ἐραστὴν,
1109 3840 1253 3908 ἡμᾶς
1283 3839 1336 3890 δὲ
1361 3843 1738 3896 τεκταίνεσθαι

183 3927 230 3975 τξ
256 3927 439 3993 ψεῦδος
477 3930 632 3996 αὐτῷ
652 3946 664 3958 ’
689 3929 867 3981 καίτοι
900 3929 959 3981 τὸ
991 3933 1175 3999 χρῆμα
1205 3932 1350 3984 ἐστιν
1380 3934 1438 3996 ἐξ
1467 3935 1738 4005 ἀντιστρό-

183 4032 267 4079 eos
305 4020 501 4088 μᾶλλον
540 4020 688 4084 ἰδεῖν,
731 4021 811 4072 ὅτι
852 4037 910 4072 τε
943 4021 1118 4088 ὀρθῶς
1149 4022 1281 4092 ἔχει,
1312 4025 1402 4075 καὶ
1431 4025 1574 4078 ἔστιν
1609 4027 1737 4096 ἁλη-

184 4105 291 4169 Θές.
337 4111 392 4161 ὐ
420 4112 531 4180 γάρ
565 4127 646 4162 τοι
681 4111 773 4162 τοῦ
808 4110 1054 4178 ψεύδους,
1089 4113 1180 4163 καὶ
1214 4111 1310 4181 τῆς
1344 4113 1560 4184 ἀπάτης
1611 4132 1736 4167 συν-

185 4198 356 4265 ήγοφς
401 4204 519 4262 τοῖς
574 4200 675 4268 τῆς
732 4201 987 4270 ἀληθείας
1043 4207 1430 4266 συνασπισταίς
1476 4207 1736 4260 ἀνάπτειν

183 4291 409 4357 πειρᾶται
468 4294 566 4359 τῆς
621 4291 988 4360 ψευδομυθίας
1035 4293 1126 4345 τὸν
1179 4296 1385 4364 μῶμον,
1442 4299 1582 4368 τάχα
1634 4317 1734 4352 που

182 4379 257 4430 καὶ
302 4383 377 4444 εἰς
427 4381 604 4449 λήθην
652 4383 929 4452 ἐληλακὼς
982 4385 1072 4436 τοῦ
1124 4389 1401 4457 προφήτου
1455 4389 1732 4457 λέγοντος

186 4487 198 4516 ι
238 4472 360 4524 Οὐαὶ
391 4474 442 4525 oi
484 4473 732 4540 λέγοντες
777 4474 839 4526 τὸ
884 4475 1117 4545 πονηρὸν
1165 4478 1347 4539 καλὸν,
1381 4481 1471 4532 καὶ
1494 4482 1553 4533 τὸ
1575 4484 1735 4536 καλὸν

1853 1993 2013 2059 parit,
2053 1993 2143 2044 sed
2175 1993 2314 2047 Deus
2364 1996 2598 2048 animum
2625 1997 2832 2060 tribuit,
2867 2011 3037 2064 neque
3069 1998 3184 2050 ideo
3209 1997 3418 2050 dicetur

1849 2081 2043 2134 anima:
2075 2084 2326 2150 genitrix,
2356 2086 2479 2152 quia
2510 2087 2716 2154 peperit
2745 2088 3062 2152 animatum,
3116 2088 3207 2140 sed
3242 2089 3417 2157 potius

1849 2173 2082 2227 hominis
2113 2176 2342 2242 genitrix
2381 2195 2394 2241 ;
2431 2178 2507 2231 sic
2540 2194 2751 2245 quoque
2792 2179 2946 2232 beata
2993 2177 3173 2247 Virgo,
3221 2180 3417 2246 inquit,

1849 2265 1949 2317 etsi
1986 2267 2195 2332 peperit
2221 2268 2488 2321 hominem
2527 2270 2683 2323 simul
2716 2285 2837 2324 cum
2888 2271 2979 2325 illo
3006 2283 3418 2340 pertranseunte

1849 2354 1940 2408 Dci
1985 2356 2158 2412 Verbo
2194 2359 2335 2427 (nam
2377 2361 2473 2413 hac
2527 2371 2606 2414 est
2649 2376 2780 2417 voce
2825 2363 2996 2431 usus),
3033 2379 3136 2418 non
3193 2363 3310 2418 ideo
3335 2371 3418 2418 est

1847 2446 1943 2502 Dei
1969 2450 2258 2519 genitriv.]

2501 2587 2647 2642 CAP.
2683 2585 2772 2642 μ’.

1919 2737 2052 2792 Num
2095 2740 2274 2807 igitur,
2305 2756 2508 2810 qumso,
2533 2745 2896 2799 accusandum
2961 2756 3116 2812 putas
3149 2749 3289 2817 quod
3325 2751 3411 2803 (ll-

1847 2831 1987 2884 citur
2017 2846 2044 2882 a
2089 2832 2240 2885 nobis
2271 2833 2294 2884 ?
2328 2850 2451 2886 uum
2515 2833 2629 2897 tibi,
2675 2849 2792 2904 qum
2833 2843 2937 2887 tam
2993 2847 3140 2892 recta
3190 2851 3315 2894 sunt
3352 2857 3415 2893 ac

1846 2922 2034 2988 proba,
2057 2922 2218 2976 stulte
2252 2925 2689 2991 reprehendenda
2717 2926 2994 2979 videnlur?
3020 2941 3080 2981 ac
3106 2946 3207 2983 non
3239 2934 3414 2998 potius

1846 3021 2078 3067 mentem
2124 3022 2266 3074 tuam
2315 3015 2597 3068 accusabis
2651 3017 2790 3082 quod
2853 3028 2997 3071 recte
3051 3021 3254 3074 sentire
3309 3039 3412 3076 non

1847 3103 2019 3156 valeat
2047 3103 2201 3172 ?18
2230 3103 2364 3157 Nam
2407 3104 2601 3172 quibus
2643 3105 2890 3175 displicet
2941 3109 3169 3174 veritas,
3211 3111 3275 3166 iis
3312 3129 3411 3167 usu

1845 3196 2013 3259 venit,
2039 3197 2324 3263 etquidem
2359 3195 2633 3264 facillime,
2675 3207 2733 3252 ut
2762 3199 2812 3252 id
2862 3201 3002 3267 quod
3042 3215 3198 3257 secus
3252 3207 3414 3260 habet

1844 3287 2292 3354 amplectantur:
2353 3300 2408 3342 et
2477 3300 2622 3344 recte
2678 3290 2959 3360 loquentes
3023 3294 3414 3364 reprehendere

1841 3378 1980 3431 haud
2032 3379 2226 3434 damno
2255 3389 2426 3443 vacat,
2463 3380 2573 3434 imo
2617 3394 2746 3434 vero
2781 3396 3156 3451 argumentum
3189 3397 3270 3442 est
3295 3391 3409 3442 evi-

1840 3469 1971 3524 dens
1999 3471 2162 3524 auimi
2202 3472 2266 3525 ad
2300 3471 2590 3527 falsitatem
2621 3479 2894 3543 propensi,
2917 3487 2970 3531 et
2997 3493 3058 3531 ea
3082 3480 3412 3548 amplecten-

1843 3561 1912 3614 tis
1946 3576 2066 3630 qua:
2087 3564 2362 3617 exsecrari
2424 3575 2646 3630 praestat
2680 3575 2734 3618 ut
2765 3583 2792 3618 a
2826 3579 2967 3621 recta
3008 3570 3214 3624 ratione
3255 3573 3412 3625 dissi-

1840 3651 2042 3706 dentia.
2075 3650 2180 3706 Sed
2213 3667 2371 3720 quam
2404 3654 2510 3708 sint
2548 3657 2659 3709 haec
2689 3659 2862 3725 turpia
2902 3660 3031 3711 nihil
3061 3663 3321 3729 cogitans,
3352 3679 3413 3715 se

1838 3757 1958 3796 esse
1991 3743 2127 3796 dixit
2160 3744 2402 3798 veritatis
2437 3754 2758 3811 amatorem,
2810 3764 2906 3803 nos
2963 3761 3150 3804 contra
3201 3761 3410 3805 struere

1838 3833 2175 3889 mendacium
2217 3852 2231 3889 :
2272 3851 2394 3891 cum
2446 3836 2497 3891 id
2554 3840 2863 3893 econtrario
2923 3851 2977 3894 et
3042 3843 3409 3897 rationalulius

1838 3939 1956 3979 esse
1983 3935 2039 3979 et
2084 3927 2266 3983 verius
2313 3931 2657 3998 perspicuum
2700 3931 2770 3985 sit
2803 3950 2815 3987 ε
2843 3947 2966 3985 nam
3024 3933 3271 3988 falsitatis
3320 3951 3409 3988 er-

1839 4013 2087 4081 rorisque
2113 4025 2389 4084 patronus,
2417 4020 2659 4072 veritatis
2700 4031 3121 4090 propugnatores
3160 4023 3408 4077 falsitatis

1839 4108 2046 4161 macula
2075 4117 2300 4162 conatur
2331 4126 2638 4180 aspergere.
2662 4113 2861 4166 oblitus
2892 4115 3118 4169 fortasse
3135 4119 3410 4184 propheta:

1839 4200 2066 4253 dicentis
2107 4220 2118 4254 :
2163 4222 2179 4253 ι
2219 4200 2308 4255 Va:
2338 4203 2427 4271 qui
2455 4205 2858 4258 dicuntbonum
2887 4206 3082 4260 tualuut
3127 4215 3180 4261 ct
3213 4210 3407 4261 tualutn

1840 4294 2060 4356 bonum,
2096 4295 2184 4362 qui
2220 4305 2424 4362 ponunt
2464 4298 2712 4350 tenebras
2752 4297 2925 4351 lucem
2975 4309 3025 4352 et
3056 4299 3224 4353 lucem
3259 4311 3408 4355 tene-

1839 4385 1966 4437 bras
2001 4384 2041 4414 “
2069 4387 2081 4438 ί
2111 4404 2128 4436 ι
2171 4383 2454 4438 Vcrumcx
2501 4384 2663 4439 allato
2719 4402 2747 4439 a
2803 4403 2862 4442 se
2902 4391 3144 4458 exetuplo
3199 4390 3409 4445 nescire

1841 4477 1987 4529 illum
2031 4486 2215 4546 aperte
2263 4476 2387 4543 quid
2419 4477 2581 4538 dicat,
2615 4492 2907 4546 coarguere
2940 4483 3194 4533 conabor.

180 4564 420 4630 πονηρόν·
462 4563 510 4613 οἱ
547 4563 786 4624 τιθέντες
833 4564 892 4614 τὸ
931 4565 1116 4626 σκότος
1153 4567 1231 4629 εἰς
1284 4567 1420 4635 φῶς,
1454 4570 1545 4622 καὶ
1585 4572 1643 4624 τὸ
1688 4575 1802 4642 φῶς
1857 4575 1934 4634 εἰς
1984 4569 2191 4628 σκότος.
2231 4587 2247 4616 ³
2291 4563 2434 4633 Πλὴν
2558 4565 2648 4617 τοῦ
2689 4568 3073 4638 παροεδοέντος
3112 4571 3259 4640 αὖτῷ
3300 4589 3408 4623 κατ

179 4653 518 4724 ραδεῐγματος
572 4657 705 4727 μηδὲ
760 4658 934 4710 εἰδότα
992 4660 1197 4728 σαφῶς,
1246 4663 1273 4714 ὃ
1325 4664 1493 4731 λέγει,
1545 4667 1808 4736 διελέγξαι
1840 4666 2190 4738 πειράσομαι.

234 4743 482 4796 ’[Ξκτεται
520 4746 618 4814 μὲν
650 4746 757 4816 γὰρ
799 4749 907 4800 ἀπὸ
950 4751 1148 4820 σαρκὸς
1193 4753 1226 4820 ἡ
1273 4752 1408 4824 σὰρξ
1453 4755 1734 4824 ὁμολογου-

1912 4757 2164 4823 Gignitur
2190 4753 2330 4807 cnim
2372 4769 2398 4805 a
2430 4769 2592 4808 carne
2650 4770 2776 4808 caro
2805 4758 2988 4824 procul
3021 4759 3200 4826 dubio,
3237 4772 3287 4816 ct
3322 4765 3408 4820 ille

179 4837 364 4898 μὲνως·
407 4841 436 4890 ὁ
477 4837 534 4888 δέ
581 4854 643 4902 γε
676 4839 783 4890 τῶν
817 4840 952 4892 ὅλων
984 4845 1325 4913 Δημιουργὸς
1371 4846 1493 4898 καθ’
1520 4848 1577 4900 ὃν
1617 4845 1722 4902 οἶδε

175 4927 348 4992 τῴκον
394 4945 454 4979 τε
514 4928 610 4980 καὶ
654 4927 829 4995 λόγον,
879 4933 1112 4984 ποιεῖται
1142 4933 1238 5003 τὴν
1284 4933 1563 5004 ψύχωσιν⁶
1618 4939 1732 4993 ἀλλ’

177 5015 449 5079 ἠτεκοῦσα
482 5017 641 5088 γυνὴ,
691 5020 868 5072 καίτοι
905 5021 1074 5091 μόνης
1105 5019 1238 5076 οὖσα
1268 5027 1420 5096 πηγὴ
1463 5031 1563 5100 τῆς
1611 5047 1733 5100 σαρ-

175 5106 268 5169 κὸς,
318 5109 609 5179 ἄνθρωπον
661 5109 780 5162 ὅλον
825 5111 1113 5166 ἀποτεκεῖν
1149 5119 1483 5185 πιστεύεται,
1533 5119 1623 5172 τὸν
1667 5123 1731 5173 ἐκ

173 5194 324 5264 φακῆς
356 5199 422 5269 δὴ
473 5198 616 5266 λέγω
664 5200 756 5252 καὶ
805 5199 1076 5269 σώματος,
1131 5206 1307 5257 καίτοι
1336 5206 1468 5276 πρὸς
1497 5208 1595 5278 τὴν
1631 5211 1731 5280 τῆς

174 5284 328 5358 ψυχῆς
382 5290 623 5361 ὓπαρξιν
667 5292 777 5344 τῶν
824 5295 956 5364 παρ’
1003 5296 1200 5367 ἑαυτῆς
1249 5299 1728 5369 συνεισενεγκοῦσα

177 5379 321 5445 μηδέν
348 5399 360 5412 ·
393 5383 422 5434 ό
463 5382 520 5434 δέ
559 5399 621 5450 γε
671 5383 956 5455 ἄνθρωπον
1003 5385 1194 5451 εἰπὼν,
1245 5391 1580 5460 συνεσήμηνέ
1628 5408 1729 5443 που

175 5471 364 5535 πάντως
396 5474 476 5542 τῷ
509 5472 720 5544 σώματι
749 5477 850 5545 τὴν
878 5477 1166 5531 ἑνωθεῖσαν
1197 5479 1347 5549 αύτῷ
1374 5480 1572 5552 ψυχήν.
1609 5482 1730 5534 Ὥσ-

172 5571 261 5627 περ
285 5556 371 5612 οὖν
398 5565 432 5632 ἡ
478 5565 634 5635 γυνὴ,
674 5566 850 5620 καίτοι
888 5565 1124 5620 τεκοῦσα
1151 5567 1211 5620 τὸ
1244 5568 1401 5637 σῶμα
1429 5570 1609 5640 μόνον,
1639 5571 1728 5621 τὸν

173 5645 225 5696 ἐκ
251 5649 416 5721 ψυχῆς
452 5655 546 5706 καὶ
590 5655 847 5728 σώματος
882 5656 1198 5715 ἀποτίκτειν
1243 5659 1494 5728 λέγεταιο
1547 5657 1726 5712 διαλυ-

232 5831 265 5857 “
305 5830 398 5887 lszl.
438 5849 485 5900 ν,
518 5836 598 5888 ‘2').

1839 4863 2019 4902 rerum
2051 4845 2291 4899 omnimn
2324 4843 2512 4912 Opil'ex
2563 4845 2720 4899 modo
2749 4856 2802 4900 et
2846 4849 3052 4902 ratione
3087 4867 3242 4919 quam
3291 4855 3406 4924 ipse

1836 4939 2004 5002 novit,
2040 4945 2099 4990 ut
2136 4936 2368 4989 animata
2437 4936 2506 4988 sit
2563 4933 2719 4988 efﬁcit
2768 4953 2780 4989 :
2824 4939 2917 4991 sed
2978 4951 3152 4992 tamen
3214 4945 3406 4999 mulier

1834 5044 1952 5097 qua:
2009 5027 2237 5096 peperit,
2290 5027 2397 5079 etsi
2450 5027 2628 5079 carnis
2687 5030 3055 5083 tantummodo
3102 5033 3171 5084 sit
3231 5035 3402 5104 origo,

1837 5129 2005 5172 totum
2039 5119 2311 5172 hominem
2343 5128 2518 5170 tamen
2563 5119 2718 5170 enixa
2777 5120 3042 5184 creditur,
3103 5139 3166 5176 ex
3223 5126 3403 5179 anima

1832 5209 2050 5278 inquam
2076 5222 2127 5263 et
2152 5224 2396 5277 corpore,
2423 5211 2668 5277 quamvis
2697 5213 2760 5264 ad
2809 5214 3178 5268 exsistentiam
3211 5219 3404 5272 anima:

1832 5302 1968 5355 nihil
1996 5317 2025 5354 a
2062 5316 2120 5356 se
2151 5301 2262 5370 ipsa
2291 5301 2617 5355 contulerit:
2658 5305 2751 5356 sed
2805 5314 2981 5358 tamen
3008 5307 3097 5376 qui
3131 5309 3400 5364 hominem

1829 5393 1988 5458 dixit,
2023 5395 2256 5447 animam
2289 5409 2503 5462 quoque
2534 5396 2747 5464 corpori
2801 5399 3005 5450 uuitam
3045 5400 3204 5453 simul
3236 5403 3400 5472 signi-

1832 5483 2029 5537 ficavit.
2071 5484 2137 5537 Ut
2168 5499 2298 5552 ergo
2323 5483 2515 5537 mulier
2536 5485 2782 5554 quamvis
2803 5487 2976 5540 solmn
3005 5504 3198 5557 corpus
3217 5494 3394 5554 enixa,

1829 5587 2150 5643 ca.corporc
2175 5585 2230 5629 et
2258 5577 2436 5628 anima
2485 5586 2822 5631 constantem
2860 5580 3131 5648 peperisse
3172 5582 3393 5642 dicitur,

1830 5677 2007 5734 neque
2031 5675 2206 5720 tamen
2239 5667 2291 5721 id
2319 5668 2511 5722 animae
2547 5669 2844 5725 rationibus
2889 5671 3180 5741 quidquam
3207 5672 3390 5735 ollicit,
