  <div class='ocr_page' id='page_1' title='image "/cluster/home/n/w/nwhite01/storage/ocr_20150623/76/uva.x030486937/029.png"; bbox 0 0 4104 6476; ppageno 0'>
   <div class='ocr_carea' id='block_1_1' title="bbox 642 417 3915 500">
    <p class='ocr_par' dir='ltr' id='par_1_1' title="bbox 642 417 3915 500">
     <span class='ocr_line' id='line_1_1' title="bbox 642 417 3915 500; baseline 0.006 -30"><span class='ocrx_word' id='word_1_1' title='bbox 642 422 712 478; x_wconf 74' lang='lat'><strong>39</strong></span> <span class='ocrx_word' id='word_1_2' title='bbox 1621 420 1677 475; x_wconf 83' lang='lat' dir='ltr'><strong>S.</strong></span> <span class='ocrx_word' id='word_1_3' title='bbox 1703 417 1978 475; x_wconf 71' lang='lat' dir='ltr'><strong>CYRILH</strong></span> <span class='ocrx_word' id='word_1_4' title='bbox 2021 419 2490 479; x_wconf 70' lang='lat' dir='ltr'><strong>ALFXANDRINI</strong></span> <span class='ocrx_word' id='word_1_5' title='bbox 2529 427 2848 486; x_wconf 71' lang='lat' dir='ltr'><strong>AliClllEP.</strong></span> <span class='ocrx_word' id='word_1_6' title='bbox 2876 431 2895 485; x_wconf 62' lang='grc'><strong>9</strong></span> <span class='ocrx_word' id='word_1_7' title='bbox 3846 443 3915 500; x_wconf 73' lang='grc' dir='ltr'>ιο</span> 
     </span>
    </p>
   </div>
   <div class='ocr_carea' id='block_1_2' title="bbox 644 533 2242 621">
    <p class='ocr_par' dir='ltr' id='par_1_2' title="bbox 644 533 2227 604">
     <span class='ocr_line' id='line_1_2' title="bbox 644 533 2227 604; baseline -0.001 -17"><span class='ocrx_word' id='word_1_8' title='bbox 644 536 795 604; x_wconf 87' lang='lat' dir='ltr'><strong>quasi</strong></span> <span class='ocrx_word' id='word_1_9' title='bbox 841 550 1056 588; x_wconf 86' lang='lat' dir='ltr'><strong>carnem</strong></span> <span class='ocrx_word' id='word_1_10' title='bbox 1098 550 1207 588; x_wconf 73' lang='lat' dir='ltr'><strong>sum</strong></span> <span class='ocrx_word' id='word_1_11' title='bbox 1242 534 1575 589; x_wconf 69' lang='lat' dir='ltr'><strong>exsistcntiaa</strong></span> <span class='ocrx_word' id='word_1_12' title='bbox 1607 535 1860 588; x_wconf 86' lang='lat' dir='ltr'><strong>habuerit</strong></span> <span class='ocrx_word' id='word_1_13' title='bbox 1893 533 2125 593; x_wconf 90' lang='lat' dir='ltr'><strong>initium.</strong></span> <span class='ocrx_word' id='word_1_14' title='bbox 2157 535 2227 587; x_wconf 89' lang='lat' dir='ltr'><strong>ita</strong></span> 
     </span>
    </p>
   </div>
   <div class='ocr_carea' id='block_1_3' title="bbox 2345 533 3913 621">
    <p class='ocr_par' dir='ltr' id='par_1_3' title="bbox 2345 544 3913 621">
     <span class='ocr_line' id='line_1_3' title="bbox 2345 544 3913 621; baseline 0.011 -30"><span class='ocrx_word' id='word_1_15' title='bbox 2345 544 2588 608; x_wconf 85' lang='grc' dir='ltr'>μανεῖται</span> <span class='ocrx_word' id='word_1_16' title='bbox 2631 545 2687 597; x_wconf 85' lang='grc' dir='ltr'>δὲ</span> <span class='ocrx_word' id='word_1_17' title='bbox 2731 547 2890 600; x_wconf 90' lang='grc' dir='ltr'>τοῦτο</span> <span class='ocrx_word' id='word_1_18' title='bbox 2917 549 3028 611; x_wconf 86' lang='grc' dir='ltr'>τοῖς</span> <span class='ocrx_word' id='word_1_19' title='bbox 3077 549 3171 618; x_wconf 78' lang='grc' dir='ltr'>τῆς</span> <span class='ocrx_word' id='word_1_20' title='bbox 3200 549 3376 620; x_wconf 66' lang='grc' dir='ltr'>ψυχῆς</span> <span class='ocrx_word' id='word_1_21' title='bbox 3421 550 3598 619; x_wconf 79' lang='grc' dir='ltr'><strong>λόγοις</strong></span> <span class='ocrx_word' id='word_1_22' title='bbox 3632 553 3803 618; x_wconf 69' lang='grc' dir='ltr'>οὐδὲν,</span> <span class='ocrx_word' id='word_1_23' title='bbox 3839 557 3913 621; x_wconf 83' lang='grc' dir='ltr'>ὡς</span> 
     </span>
    </p>
   </div>
   <div class='ocr_carea' id='block_1_4' title="bbox 643 623 2228 694">
    <p class='ocr_par' dir='ltr' id='par_1_4' title="bbox 643 623 2228 694">
     <span class='ocr_line' id='line_1_4' title="bbox 643 623 2228 694; baseline -0.002 -14"><span class='ocrx_word' id='word_1_24' title='bbox 643 628 808 680; x_wconf 87' lang='lat' dir='ltr'><strong>etiam</strong></span> <span class='ocrx_word' id='word_1_25' title='bbox 834 642 893 680; x_wconf 89' lang='lat' dir='ltr'><strong>se</strong></span> <span class='ocrx_word' id='word_1_26' title='bbox 915 642 1001 680; x_wconf 81' lang='lat' dir='ltr'><strong>res</strong></span> <span class='ocrx_word' id='word_1_27' title='bbox 1033 626 1193 680; x_wconf 86' lang='lat' dir='ltr'><strong>habet</strong></span> <span class='ocrx_word' id='word_1_28' title='bbox 1227 626 1278 679; x_wconf 93' lang='lat' dir='ltr'><strong>in</strong></span> <span class='ocrx_word' id='word_1_29' title='bbox 1333 628 1487 680; x_wconf 85' lang='lat' dir='ltr'><strong>beata</strong></span> <span class='ocrx_word' id='word_1_30' title='bbox 1539 623 1759 694; x_wconf 79' lang='lat' dir='ltr'><strong>Virgine</strong></span> <span class='ocrx_word' id='word_1_31' title='bbox 1788 641 1802 678; x_wconf 85' lang='lat'><strong>:</strong></span> <span class='ocrx_word' id='word_1_32' title='bbox 1831 641 1952 679; x_wconf 91' lang='lat' dir='ltr'><strong>nam</strong></span> <span class='ocrx_word' id='word_1_33' title='bbox 2015 626 2228 678; x_wconf 88' lang='lat' dir='ltr'><strong>etiamsi</strong></span> 
     </span>
    </p>
   </div>
   <div class='ocr_carea' id='block_1_5' title="bbox 643 713 2230 777">
    <p class='ocr_par' dir='ltr' id='par_1_5' title="bbox 643 713 2230 777">
     <span class='ocr_line' id='line_1_5' title="bbox 643 713 2230 777; baseline -0.001 -9"><span class='ocrx_word' id='word_1_34' title='bbox 643 723 846 768; x_wconf 67' lang='lat' dir='ltr'><strong>sanctae</strong></span> <span class='ocrx_word' id='word_1_35' title='bbox 899 713 1040 768; x_wconf 90' lang='lat' dir='ltr'><strong>illius</strong></span> <span class='ocrx_word' id='word_1_36' title='bbox 1104 715 1290 768; x_wconf 88' lang='lat' dir='ltr'><strong>carnis</strong></span> <span class='ocrx_word' id='word_1_37' title='bbox 1349 724 1433 768; x_wconf 88' lang='lat' dir='ltr'><strong>est</strong></span> <span class='ocrx_word' id='word_1_38' title='bbox 1485 723 1678 777; x_wconf 90' lang='lat' dir='ltr'><strong>mater,</strong></span> <span class='ocrx_word' id='word_1_39' title='bbox 1726 725 1968 768; x_wconf 81' lang='lat' dir='ltr'><strong>attamen</strong></span> <span class='ocrx_word' id='word_1_40' title='bbox 2021 716 2230 769; x_wconf 90' lang='lat' dir='ltr'><strong>unitum</strong></span> 
     </span>
    </p>
   </div>
   <div class='ocr_carea' id='block_1_6' title="bbox 644 805 2230 878">
    <p class='ocr_par' dir='ltr' id='par_1_6' title="bbox 644 805 2230 878">
     <span class='ocr_line' id='line_1_6' title="bbox 644 805 2230 878; baseline 0.002 -18"><span class='ocrx_word' id='word_1_41' title='bbox 644 805 747 860; x_wconf 85' lang='lat' dir='ltr'><strong>sibi</strong></span> <span class='ocrx_word' id='word_1_42' title='bbox 800 821 983 860; x_wconf 83' lang='lat' dir='ltr'><strong>revera</strong></span> <span class='ocrx_word' id='word_1_43' title='bbox 1018 805 1147 860; x_wconf 90' lang='lat' dir='ltr'><strong>illud</strong></span> <span class='ocrx_word' id='word_1_44' title='bbox 1183 820 1250 861; x_wconf 77' lang='lat' dir='ltr'><strong>ex</strong></span> <span class='ocrx_word' id='word_1_45' title='bbox 1314 807 1421 860; x_wconf 86' lang='lat' dir='ltr'><strong>Deo</strong></span> <span class='ocrx_word' id='word_1_46' title='bbox 1467 805 1636 860; x_wconf 91' lang='lat' dir='ltr'><strong>Deum</strong></span> <span class='ocrx_word' id='word_1_47' title='bbox 1695 805 1927 862; x_wconf 81' lang='lat' dir='ltr'><strong>Verbum</strong></span> <span class='ocrx_word' id='word_1_48' title='bbox 1979 810 2230 878; x_wconf 86' lang='lat' dir='ltr'><strong>peperit:</strong></span> 
     </span>
    </p>
   </div>
   <div class='ocr_carea' id='block_1_7' title="bbox 646 895 2235 965">
    <p class='ocr_par' dir='ltr' id='par_1_7' title="bbox 646 895 2235 965">
     <span class='ocr_line' id='line_1_7' title="bbox 646 895 2235 965; baseline 0.003 -17"><span class='ocrx_word' id='word_1_49' title='bbox 646 909 821 965; x_wconf 88' lang='lat' dir='ltr'><strong>neque</strong></span> <span class='ocrx_word' id='word_1_50' title='bbox 856 897 900 948; x_wconf 88' lang='lat' dir='ltr'><strong>si</strong></span> <span class='ocrx_word' id='word_1_51' title='bbox 954 896 1076 963; x_wconf 83' lang='lat' dir='ltr'><strong>quis</strong></span> <span class='ocrx_word' id='word_1_52' title='bbox 1110 896 1255 950; x_wconf 82' lang='lat' dir='ltr'><strong>illam</strong></span> <span class='ocrx_word' id='word_1_53' title='bbox 1291 895 1385 949; x_wconf 87' lang='lat' dir='ltr'><strong>Dei</strong></span> <span class='ocrx_word' id='word_1_54' title='bbox 1425 897 1744 964; x_wconf 80' lang='lat' dir='ltr'><strong>genitricem</strong></span> <span class='ocrx_word' id='word_1_55' title='bbox 1797 898 2019 961; x_wconf 81' lang='lat' dir='ltr'><strong>dixerit,</strong></span> <span class='ocrx_word' id='word_1_56' title='bbox 2061 900 2235 954; x_wconf 90' lang='lat' dir='ltr'><strong>conti-</strong></span> 
     </span>
    </p>
   </div>
   <div class='ocr_carea' id='block_1_8' title="bbox 647 983 2235 1057">
    <p class='ocr_par' dir='ltr' id='par_1_8' title="bbox 647 983 2235 1057">
     <span class='ocr_line' id='line_1_8' title="bbox 647 983 2235 1057; baseline 0.003 -21"><span class='ocrx_word' id='word_1_57' title='bbox 647 1000 754 1040; x_wconf 87' lang='lat' dir='ltr'><strong>nuo</strong></span> <span class='ocrx_word' id='word_1_58' title='bbox 804 1001 1027 1054; x_wconf 84' lang='lat' dir='ltr'><strong>prorsus</strong></span> <span class='ocrx_word' id='word_1_59' title='bbox 1076 985 1167 1039; x_wconf 90' lang='lat' dir='ltr'><strong>Dei</strong></span> <span class='ocrx_word' id='word_1_60' title='bbox 1219 983 1399 1038; x_wconf 88' lang='lat' dir='ltr'><strong>Verbo</strong></span> <span class='ocrx_word' id='word_1_61' title='bbox 1459 987 1751 1040; x_wconf 92' lang='lat' dir='ltr'><strong>novitatem</strong></span> <span class='ocrx_word' id='word_1_62' title='bbox 1817 987 2096 1057; x_wconf 77' lang='lat' dir='ltr'><strong>impinget,</strong></span> <span class='ocrx_word' id='word_1_63' title='bbox 2142 997 2235 1042; x_wconf 86' lang='lat' dir='ltr'><strong>aut</strong></span> 
     </span>
    </p>
   </div>
   <div class='ocr_carea' id='block_1_9' title="bbox 646 1075 2231 1140">
    <p class='ocr_par' dir='ltr' id='par_1_9' title="bbox 646 1075 2231 1140">
     <span class='ocr_line' id='line_1_9' title="bbox 646 1075 2231 1140; baseline -0.001 -11"><span class='ocrx_word' id='word_1_64' title='bbox 646 1092 757 1130; x_wconf 72' lang='lat' dir='ltr'><strong>sua:</strong></span> <span class='ocrx_word' id='word_1_65' title='bbox 815 1076 1148 1130; x_wconf 74' lang='lat' dir='ltr'><strong>exsistentirc</strong></span> <span class='ocrx_word' id='word_1_66' title='bbox 1197 1075 1412 1130; x_wconf 89' lang='lat' dir='ltr'><strong>initium</strong></span> <span class='ocrx_word' id='word_1_67' title='bbox 1450 1092 1477 1130; x_wconf 88' lang='lat' dir='ltr'><strong>a</strong></span> <span class='ocrx_word' id='word_1_68' title='bbox 1507 1092 1669 1130; x_wconf 87' lang='lat' dir='ltr'><strong>carne</strong></span> <span class='ocrx_word' id='word_1_69' title='bbox 1720 1077 1938 1131; x_wconf 80' lang='lat' dir='ltr'><strong>duxisse</strong></span> <span class='ocrx_word' id='word_1_70' title='bbox 1991 1079 2231 1140; x_wconf 86' lang='lat' dir='ltr'><strong>delinict,</strong></span> 
     </span>
    </p>
   </div>
   <div class='ocr_carea' id='block_1_10' title="bbox 647 1167 2235 1238">
    <p class='ocr_par' dir='ltr' id='par_1_10' title="bbox 647 1167 2235 1238">
     <span class='ocr_line' id='line_1_10' title="bbox 647 1167 2235 1238; baseline 0 -16"><span class='ocrx_word' id='word_1_71' title='bbox 647 1167 744 1223; x_wconf 87' lang='lat' dir='ltr'><strong>sed</strong></span> <span class='ocrx_word' id='word_1_72' title='bbox 796 1167 979 1234; x_wconf 81' lang='lat' dir='ltr'><strong>potius</strong></span> <span class='ocrx_word' id='word_1_73' title='bbox 1015 1167 1447 1237; x_wconf 79' lang='lat' dir='ltr'><strong>dispensationis</strong></span> <span class='ocrx_word' id='word_1_74' title='bbox 1505 1168 1721 1222; x_wconf 90' lang='lat' dir='ltr'><strong>modum</strong></span> <span class='ocrx_word' id='word_1_75' title='bbox 1755 1168 2040 1238; x_wconf 79' lang='lat' dir='ltr'><strong>intelliget,</strong></span> <span class='ocrx_word' id='word_1_76' title='bbox 2073 1179 2235 1238; x_wconf 87' lang='lat' dir='ltr'><strong>atque</strong></span> 
     </span>
    </p>
   </div>
   <div class='ocr_carea' id='block_1_11' title="bbox 646 1258 2233 1323">
    <p class='ocr_par' dir='ltr' id='par_1_11' title="bbox 646 1258 2233 1323">
     <span class='ocr_line' id='line_1_11' title="bbox 646 1258 2233 1323; baseline -0.001 -10"><span class='ocrx_word' id='word_1_77' title='bbox 646 1259 809 1313; x_wconf 88' lang='lat' dir='ltr'><strong>etiam</strong></span> <span class='ocrx_word' id='word_1_78' title='bbox 831 1259 906 1311; x_wconf 88' lang='lat' dir='ltr'><strong>rei</strong></span> <span class='ocrx_word' id='word_1_79' title='bbox 937 1268 1101 1311; x_wconf 78' lang='lat' dir='ltr'><strong>tanta:</strong></span> <span class='ocrx_word' id='word_1_80' title='bbox 1125 1259 1485 1313; x_wconf 85' lang='lat' dir='ltr'><strong>admiratione</strong></span> <span class='ocrx_word' id='word_1_81' title='bbox 1511 1258 1718 1314; x_wconf 77' lang='lat' dir='ltr'><strong>defixus</strong></span> <span class='ocrx_word' id='word_1_82' title='bbox 1741 1261 1880 1313; x_wconf 84' lang='lat' dir='ltr'><strong>dicet</strong></span> <span class='ocrx_word' id='word_1_83' title='bbox 1906 1279 1918 1313; x_wconf 94' lang='lat'><strong>:</strong></span> <span class='ocrx_word' id='word_1_84' title='bbox 1947 1279 1963 1311; x_wconf 79' lang='grc' dir='ltr'><strong>ι</strong></span> <span class='ocrx_word' id='word_1_85' title='bbox 1988 1259 2233 1323; x_wconf 91' lang='lat' dir='ltr'><strong>Domine,</strong></span> 
     </span>
    </p>
   </div>
   <div class='ocr_carea' id='block_1_12' title="bbox 649 1351 2233 1415">
    <p class='ocr_par' dir='ltr' id='par_1_12' title="bbox 649 1351 2233 1415">
     <span class='ocr_line' id='line_1_12' title="bbox 649 1351 2233 1415; baseline -0.001 -10"><span class='ocrx_word' id='word_1_86' title='bbox 649 1351 826 1405; x_wconf 82' lang='lat' dir='ltr'><strong>audivi</strong></span> <span class='ocrx_word' id='word_1_87' title='bbox 868 1351 1108 1404; x_wconf 90' lang='lat' dir='ltr'><strong>auditum</strong></span> <span class='ocrx_word' id='word_1_88' title='bbox 1145 1362 1316 1412; x_wconf 88' lang='lat' dir='ltr'><strong>tuum,</strong></span> <span class='ocrx_word' id='word_1_89' title='bbox 1371 1361 1426 1404; x_wconf 92' lang='lat' dir='ltr'><strong>et</strong></span> <span class='ocrx_word' id='word_1_90' title='bbox 1464 1352 1653 1415; x_wconf 87' lang='lat' dir='ltr'><strong>timui;</strong></span> <span class='ocrx_word' id='word_1_91' title='bbox 1709 1351 1951 1415; x_wconf 86' lang='lat' dir='ltr'><strong>Domine,</strong></span> <span class='ocrx_word' id='word_1_92' title='bbox 1983 1351 2233 1405; x_wconf 88' lang='lat' dir='ltr'><strong>conside-</strong></span> 
     </span>
    </p>
   </div>
   <div class='ocr_carea' id='block_1_13' title="bbox 650 1442 2232 1511">
    <p class='ocr_par' dir='ltr' id='par_1_13' title="bbox 650 1442 2232 1511">
     <span class='ocr_line' id='line_1_13' title="bbox 650 1442 2232 1511; baseline -0.001 -16"><span class='ocrx_word' id='word_1_93' title='bbox 650 1443 760 1496; x_wconf 88' lang='lat' dir='ltr'><strong>ravi</strong></span> <span class='ocrx_word' id='word_1_94' title='bbox 793 1457 954 1511; x_wconf 89' lang='lat' dir='ltr'><strong>opera</strong></span> <span class='ocrx_word' id='word_1_95' title='bbox 1000 1453 1108 1506; x_wconf 86' lang='lat' dir='ltr'><strong>tua,</strong></span> <span class='ocrx_word' id='word_1_96' title='bbox 1140 1453 1194 1496; x_wconf 88' lang='lat' dir='ltr'><strong>et</strong></span> <span class='ocrx_word' id='word_1_97' title='bbox 1225 1443 1422 1511; x_wconf 72' lang='lat' dir='ltr'><strong>expavi</strong></span> <span class='ocrx_word' id='word_1_98' title='bbox 1448 1443 1515 1494; x_wconf 84' lang='lat'><strong>&quot;.</strong></span> <span class='ocrx_word' id='word_1_99' title='bbox 1559 1460 1577 1492; x_wconf 75' lang='grc' dir='ltr'><strong>ι</strong></span> <span class='ocrx_word' id='word_1_100' title='bbox 1619 1442 1723 1496; x_wconf 89' lang='lat' dir='ltr'><strong>Sed</strong></span> <span class='ocrx_word' id='word_1_101' title='bbox 1771 1442 1874 1497; x_wconf 89' lang='lat' dir='ltr'><strong>iste</strong></span> <span class='ocrx_word' id='word_1_102' title='bbox 1906 1443 2124 1508; x_wconf 85' lang='lat' dir='ltr'><strong>sapiens</strong></span> <span class='ocrx_word' id='word_1_103' title='bbox 2181 1444 2232 1495; x_wconf 92' lang='lat' dir='ltr'><strong>in</strong></span> 
     </span>
    </p>
   </div>
   <div class='ocr_carea' id='block_1_14' title="bbox 651 1534 2227 1602">
    <p class='ocr_par' dir='ltr' id='par_1_14' title="bbox 651 1534 2227 1602">
     <span class='ocr_line' id='line_1_14' title="bbox 651 1534 2227 1602; baseline 0.003 -19"><span class='ocrx_word' id='word_1_104' title='bbox 651 1534 838 1602; x_wconf 83' lang='lat' dir='ltr'><strong>primis</strong></span> <span class='ocrx_word' id='word_1_105' title='bbox 867 1543 919 1586; x_wconf 91' lang='lat' dir='ltr'><strong>et</strong></span> <span class='ocrx_word' id='word_1_106' title='bbox 948 1542 1139 1585; x_wconf 80' lang='lat' dir='ltr'><strong>acutus</strong></span> <span class='ocrx_word' id='word_1_107' title='bbox 1177 1535 1480 1598; x_wconf 82' lang='lat' dir='ltr'><strong>expositur,</strong></span> <span class='ocrx_word' id='word_1_108' title='bbox 1526 1535 1616 1600; x_wconf 88' lang='lat' dir='ltr'><strong>qui</strong></span> <span class='ocrx_word' id='word_1_109' title='bbox 1651 1534 1757 1586; x_wconf 84' lang='lat' dir='ltr'><strong>vim</strong></span> <span class='ocrx_word' id='word_1_110' title='bbox 1818 1534 2049 1600; x_wconf 79' lang='lat' dir='ltr'><strong>exempli</strong></span> <span class='ocrx_word' id='word_1_111' title='bbox 2107 1546 2227 1601; x_wconf 88' lang='lat' dir='ltr'><strong>per-</strong></span> 
     </span>
    </p>
   </div>
   <div class='ocr_carea' id='block_1_15' title="bbox 650 1619 2232 1692">
    <p class='ocr_par' dir='ltr' id='par_1_15' title="bbox 650 1619 2232 1692">
     <span class='ocr_line' id='line_1_15' title="bbox 650 1619 2232 1692; baseline -0.001 -17"><span class='ocrx_word' id='word_1_112' title='bbox 650 1623 906 1690; x_wconf 68' lang='lat' dir='ltr'><strong>cepisset,</strong></span> <span class='ocrx_word' id='word_1_113' title='bbox 966 1619 1104 1692; x_wconf 83' lang='lat' dir='ltr'><strong>[Sir,</strong></span> <span class='ocrx_word' id='word_1_114' title='bbox 1177 1623 1372 1687; x_wconf 82' lang='lat' dir='ltr'><strong>inquit.</strong></span> <span class='ocrx_word' id='word_1_115' title='bbox 1439 1623 1602 1676; x_wconf 86' lang='lat' dir='ltr'><strong>etiam</strong></span> <span class='ocrx_word' id='word_1_116' title='bbox 1667 1626 1820 1676; x_wconf 87' lang='lat' dir='ltr'><strong>beata</strong></span> <span class='ocrx_word' id='word_1_117' title='bbox 1880 1620 2068 1691; x_wconf 81' lang='lat' dir='ltr'><strong>Virgo,</strong></span> <span class='ocrx_word' id='word_1_118' title='bbox 2134 1623 2232 1675; x_wconf 85' lang='lat' dir='ltr'><strong>etsi</strong></span> 
     </span>
    </p>
   </div>
   <div class='ocr_carea' id='block_1_16' title="bbox 652 1701 2230 1782">
    <p class='ocr_par' dir='ltr' id='par_1_16' title="bbox 652 1701 2230 1782">
     <span class='ocr_line' id='line_1_16' title="bbox 652 1701 2230 1782; baseline 0.002 -19"><span class='ocrx_word' id='word_1_119' title='bbox 652 1716 858 1782; x_wconf 76' lang='lat' dir='ltr'><strong>peperit</strong></span> <span class='ocrx_word' id='word_1_120' title='bbox 892 1712 1163 1767; x_wconf 86' lang='lat' dir='ltr'><strong>hominem</strong></span> <span class='ocrx_word' id='word_1_121' title='bbox 1213 1714 1370 1765; x_wconf 91' lang='lat' dir='ltr'><strong>simul</strong></span> <span class='ocrx_word' id='word_1_122' title='bbox 1414 1701 1832 1782; x_wconf 82' lang='lat' dir='ltr'><strong>pertranseunte</strong></span> <span class='ocrx_word' id='word_1_123' title='bbox 1867 1730 1990 1768; x_wconf 87' lang='lat' dir='ltr'><strong>cum</strong></span> <span class='ocrx_word' id='word_1_124' title='bbox 2018 1715 2106 1767; x_wconf 87' lang='lat' dir='ltr'><strong>illo</strong></span> <span class='ocrx_word' id='word_1_125' title='bbox 2137 1712 2230 1766; x_wconf 89' lang='lat' dir='ltr'><strong>Dei</strong></span> 
     </span>
    </p>
   </div>
   <div class='ocr_carea' id='block_1_17' title="bbox 655 1803 2231 1875">
    <p class='ocr_par' dir='ltr' id='par_1_17' title="bbox 655 1803 2231 1875">
     <span class='ocr_line' id='line_1_17' title="bbox 655 1803 2231 1875; baseline 0.003 -23"><span class='ocrx_word' id='word_1_126' title='bbox 655 1803 847 1867; x_wconf 80' lang='lat' dir='ltr'><strong>\‘erbo,</strong></span> <span class='ocrx_word' id='word_1_127' title='bbox 891 1821 996 1858; x_wconf 80' lang='lat' dir='ltr'><strong>non</strong></span> <span class='ocrx_word' id='word_1_128' title='bbox 1045 1805 1166 1858; x_wconf 89' lang='lat' dir='ltr'><strong>ideo</strong></span> <span class='ocrx_word' id='word_1_129' title='bbox 1210 1814 1294 1857; x_wconf 88' lang='lat' dir='ltr'><strong>est</strong></span> <span class='ocrx_word' id='word_1_130' title='bbox 1329 1805 1421 1857; x_wconf 84' lang='lat' dir='ltr'><strong>Dci</strong></span> <span class='ocrx_word' id='word_1_131' title='bbox 1470 1805 1704 1874; x_wconf 77' lang='lat' dir='ltr'><strong>genitrix</strong></span> <span class='ocrx_word' id='word_1_132' title='bbox 1739 1823 1752 1859; x_wconf 90' lang='lat'><strong>:</strong></span> <span class='ocrx_word' id='word_1_133' title='bbox 1793 1805 1899 1875; x_wconf 78' lang='lat'><strong>19</strong></span> <span class='ocrx_word' id='word_1_134' title='bbox 1941 1821 2045 1859; x_wconf 91' lang='lat' dir='ltr'><strong>non</strong></span> <span class='ocrx_word' id='word_1_135' title='bbox 2088 1806 2231 1859; x_wconf 90' lang='lat' dir='ltr'><strong>enim</strong></span> 
     </span>
    </p>
   </div>
   <div class='ocr_carea' id='block_1_18' title="bbox 651 1889 2311 1965">
    <p class='ocr_par' dir='ltr' id='par_1_18' title="bbox 651 1889 2311 1965">
     <span class='ocr_line' id='line_1_18' title="bbox 651 1889 2311 1965; baseline 0 -18"><span class='ocrx_word' id='word_1_136' title='bbox 651 1894 812 1949; x_wconf 82' lang='lat' dir='ltr'><strong>Verbi</strong></span> <span class='ocrx_word' id='word_1_137' title='bbox 850 1896 1089 1965; x_wconf 82' lang='lat' dir='ltr'><strong>dignitas</strong></span> <span class='ocrx_word' id='word_1_138' title='bbox 1120 1911 1147 1947; x_wconf 86' lang='lat' dir='ltr'><strong>a</strong></span> <span class='ocrx_word' id='word_1_139' title='bbox 1193 1897 1346 1949; x_wconf 82' lang='lat' dir='ltr'><strong>beata</strong></span> <span class='ocrx_word' id='word_1_140' title='bbox 1388 1896 1604 1965; x_wconf 82' lang='lat' dir='ltr'><strong>Virgine</strong></span> <span class='ocrx_word' id='word_1_141' title='bbox 1633 1899 1820 1965; x_wconf 52' lang='lat' dir='ltr'><strong>carpit,</strong></span> <span class='ocrx_word' id='word_1_142' title='bbox 1855 1901 1948 1951; x_wconf 90' lang='lat' dir='ltr'><strong>sed</strong></span> <span class='ocrx_word' id='word_1_143' title='bbox 1995 1907 2116 1950; x_wconf 87' lang='lat' dir='ltr'><strong>erat</strong></span> <span class='ocrx_word' id='word_1_144' title='bbox 2142 1912 2232 1949; x_wconf 79' lang='lat' dir='ltr'><strong>na-</strong></span> <span class='ocrx_word' id='word_1_145' title='bbox 2269 1889 2311 1946; x_wconf 77' lang='grc' dir='ltr'><strong><em>Β</em></strong></span> 
     </span>
    </p>
   </div>
   <div class='ocr_carea' id='block_1_19' title="bbox 654 1985 2234 2057">
    <p class='ocr_par' dir='ltr' id='par_1_19' title="bbox 654 1985 2234 2057">
     <span class='ocr_line' id='line_1_19' title="bbox 654 1985 2234 2057; baseline 0 -18"><span class='ocrx_word' id='word_1_146' title='bbox 654 1997 773 2040; x_wconf 89' lang='lat' dir='ltr'><strong>tura</strong></span> <span class='ocrx_word' id='word_1_147' title='bbox 831 1985 1187 2057; x_wconf 77' lang='lat' dir='ltr'><strong>Deus.]Qnid</strong></span> <span class='ocrx_word' id='word_1_148' title='bbox 1248 1997 1428 2040; x_wconf 88' lang='lat' dir='ltr'><strong>autem</strong></span> <span class='ocrx_word' id='word_1_149' title='bbox 1485 1987 1558 2041; x_wconf 89' lang='lat' dir='ltr'><strong>sit</strong></span> <span class='ocrx_word' id='word_1_150' title='bbox 1615 1988 1851 2042; x_wconf 86' lang='lat' dir='ltr'><strong>Verbum</strong></span> <span class='ocrx_word' id='word_1_151' title='bbox 1907 1988 2067 2042; x_wconf 89' lang='lat' dir='ltr'><strong>simul</strong></span> <span class='ocrx_word' id='word_1_152' title='bbox 2110 2003 2234 2043; x_wconf 90' lang='lat' dir='ltr'><strong>cum</strong></span> 
     </span>
    </p>
   </div>
   <div class='ocr_carea' id='block_1_20' title="bbox 651 2075 2237 2146">
    <p class='ocr_par' dir='ltr' id='par_1_20' title="bbox 651 2075 2237 2146">
     <span class='ocr_line' id='line_1_20' title="bbox 651 2075 2237 2146; baseline 0.001 -17"><span class='ocrx_word' id='word_1_153' title='bbox 651 2091 816 2129; x_wconf 89' lang='lat' dir='ltr'><strong>carne</strong></span> <span class='ocrx_word' id='word_1_154' title='bbox 867 2075 1223 2146; x_wconf 85' lang='lat' dir='ltr'><strong>pertransire,</strong></span> <span class='ocrx_word' id='word_1_155' title='bbox 1260 2076 1373 2143; x_wconf 88' lang='lat' dir='ltr'><strong>ipse</strong></span> <span class='ocrx_word' id='word_1_156' title='bbox 1400 2075 1627 2130; x_wconf 77' lang='lat' dir='ltr'><strong>fortasse</strong></span> <span class='ocrx_word' id='word_1_157' title='bbox 1652 2078 1820 2140; x_wconf 89' lang='lat' dir='ltr'><strong>norit,</strong></span> <span class='ocrx_word' id='word_1_158' title='bbox 1847 2091 1912 2130; x_wconf 90' lang='lat' dir='ltr'><strong>ac</strong></span> <span class='ocrx_word' id='word_1_159' title='bbox 1934 2076 2101 2130; x_wconf 88' lang='lat' dir='ltr'><strong>solus.</strong></span> <span class='ocrx_word' id='word_1_160' title='bbox 2131 2076 2237 2130; x_wconf 88' lang='lat' dir='ltr'><strong>Sed</strong></span> 
     </span>
    </p>
   </div>
   <div class='ocr_carea' id='block_1_21' title="bbox 651 2168 2237 2240">
    <p class='ocr_par' dir='ltr' id='par_1_21' title="bbox 651 2168 2237 2240">
     <span class='ocr_line' id='line_1_21' title="bbox 651 2168 2237 2240; baseline 0.002 -20"><span class='ocrx_word' id='word_1_161' title='bbox 651 2169 788 2221; x_wconf 86' lang='lat' dir='ltr'><strong>satis</strong></span> <span class='ocrx_word' id='word_1_162' title='bbox 816 2168 1001 2222; x_wconf 90' lang='lat' dir='ltr'><strong>mirari</strong></span> <span class='ocrx_word' id='word_1_163' title='bbox 1037 2182 1245 2237; x_wconf 88' lang='lat' dir='ltr'><strong>nequeo</strong></span> <span class='ocrx_word' id='word_1_164' title='bbox 1278 2178 1386 2220; x_wconf 91' lang='lat' dir='ltr'><strong>tam</strong></span> <span class='ocrx_word' id='word_1_165' title='bbox 1417 2168 1670 2223; x_wconf 86' lang='lat' dir='ltr'><strong>subtilem</strong></span> <span class='ocrx_word' id='word_1_166' title='bbox 1709 2169 1850 2225; x_wconf 90' lang='lat' dir='ltr'><strong>illius</strong></span> <span class='ocrx_word' id='word_1_167' title='bbox 1881 2170 2237 2240; x_wconf 81' lang='lat' dir='ltr'><strong>diligentiam.</strong></span> 
     </span>
    </p>
   </div>
   <div class='ocr_carea' id='block_1_22' title="bbox 655 2260 2234 2327">
    <p class='ocr_par' dir='ltr' id='par_1_22' title="bbox 655 2260 2234 2327">
     <span class='ocr_line' id='line_1_22' title="bbox 655 2260 2234 2327; baseline 0.001 -14"><span class='ocrx_word' id='word_1_168' title='bbox 655 2260 786 2313; x_wconf 81' lang='lat' dir='ltr'><strong>Nam</strong></span> <span class='ocrx_word' id='word_1_169' title='bbox 817 2260 1050 2314; x_wconf 82' lang='lat' dir='ltr'><strong>Verbum</strong></span> <span class='ocrx_word' id='word_1_170' title='bbox 1100 2262 1274 2327; x_wconf 89' lang='lat' dir='ltr'><strong>ipsum</strong></span> <span class='ocrx_word' id='word_1_171' title='bbox 1319 2260 1410 2312; x_wconf 88' lang='lat' dir='ltr'><strong>Dei</strong></span> <span class='ocrx_word' id='word_1_172' title='bbox 1443 2261 1654 2314; x_wconf 89' lang='lat' dir='ltr'><strong>unitum</strong></span> <span class='ocrx_word' id='word_1_173' title='bbox 1687 2275 1806 2315; x_wconf 88' lang='lat' dir='ltr'><strong>esse</strong></span> <span class='ocrx_word' id='word_1_174' title='bbox 1853 2264 2002 2315; x_wconf 89' lang='lat' dir='ltr'><strong>carni</strong></span> <span class='ocrx_word' id='word_1_175' title='bbox 2036 2277 2234 2316; x_wconf 87' lang='lat' dir='ltr'><strong>secun-</strong></span> 
     </span>
    </p>
   </div>
   <div class='ocr_carea' id='block_1_23' title="bbox 653 2352 2239 2422">
    <p class='ocr_par' dir='ltr' id='par_1_23' title="bbox 653 2352 2239 2422">
     <span class='ocr_line' id='line_1_23' title="bbox 653 2352 2239 2422; baseline 0.001 -16"><span class='ocrx_word' id='word_1_176' title='bbox 653 2354 778 2406; x_wconf 91' lang='lat' dir='ltr'><strong>dum</strong></span> <span class='ocrx_word' id='word_1_177' title='bbox 837 2353 1193 2422; x_wconf 84' lang='lat' dir='ltr'><strong>bypostasim,</strong></span> <span class='ocrx_word' id='word_1_178' title='bbox 1247 2365 1430 2405; x_wconf 89' lang='lat' dir='ltr'><strong>sermo</strong></span> <span class='ocrx_word' id='word_1_179' title='bbox 1489 2352 1737 2406; x_wconf 82' lang='lat' dir='ltr'><strong>veritatis</strong></span> <span class='ocrx_word' id='word_1_180' title='bbox 1788 2354 2044 2422; x_wconf 60' lang='lat' dir='ltr'><strong>praedicit</strong></span> <span class='ocrx_word' id='word_1_181' title='bbox 2090 2372 2102 2406; x_wconf 93' lang='lat'><strong>:</strong></span> <span class='ocrx_word' id='word_1_182' title='bbox 2155 2354 2239 2407; x_wconf 89' lang='lat' dir='ltr'><strong>hic</strong></span> 
     </span>
    </p>
   </div>
   <div class='ocr_carea' id='block_1_24' title="bbox 655 2445 2242 2514">
    <p class='ocr_par' dir='ltr' id='par_1_24' title="bbox 655 2445 2242 2514">
     <span class='ocr_line' id='line_1_24' title="bbox 655 2445 2242 2514; baseline 0.003 -19"><span class='ocrx_word' id='word_1_183' title='bbox 655 2461 782 2498; x_wconf 87' lang='lat' dir='ltr'><strong>vero</strong></span> <span class='ocrx_word' id='word_1_184' title='bbox 831 2445 993 2498; x_wconf 81' lang='lat' dir='ltr'><strong>simul</strong></span> <span class='ocrx_word' id='word_1_185' title='bbox 1057 2445 1416 2512; x_wconf 85' lang='lat' dir='ltr'><strong>pertransisse</strong></span> <span class='ocrx_word' id='word_1_186' title='bbox 1473 2445 1765 2514; x_wconf 79' lang='lat' dir='ltr'><strong>(quidnam</strong></span> <span class='ocrx_word' id='word_1_187' title='bbox 1821 2461 1886 2499; x_wconf 86' lang='lat' dir='ltr'><strong>eo</strong></span> <span class='ocrx_word' id='word_1_188' title='bbox 1920 2445 2082 2498; x_wconf 80' lang='lat' dir='ltr'><strong>verbo</strong></span> <span class='ocrx_word' id='word_1_189' title='bbox 2116 2446 2242 2499; x_wconf 85' lang='lat' dir='ltr'><strong>velit</strong></span> 
     </span>
    </p>
   </div>
   <div class='ocr_carea' id='block_1_25' title="bbox 657 2536 2241 2604">
    <p class='ocr_par' dir='ltr' id='par_1_25' title="bbox 657 2536 2241 2604">
     <span class='ocr_line' id='line_1_25' title="bbox 657 2536 2241 2604; baseline 0.003 -16"><span class='ocrx_word' id='word_1_190' title='bbox 657 2537 871 2604; x_wconf 80' lang='lat' dir='ltr'><strong>nescio)</strong></span> <span class='ocrx_word' id='word_1_191' title='bbox 909 2552 1051 2604; x_wconf 64' lang='lat' dir='ltr'><strong>smpe</strong></span> <span class='ocrx_word' id='word_1_192' title='bbox 1093 2536 1368 2589; x_wconf 78' lang='lat' dir='ltr'><strong>inculcatis</strong></span> <span class='ocrx_word' id='word_1_193' title='bbox 1416 2536 1668 2591; x_wconf 77' lang='lat' dir='ltr'><strong>allii-mat.</strong></span> <span class='ocrx_word' id='word_1_194' title='bbox 1730 2537 1934 2591; x_wconf 88' lang='lat' dir='ltr'><strong>Deinde</strong></span> <span class='ocrx_word' id='word_1_195' title='bbox 1983 2553 2106 2591; x_wconf 90' lang='lat' dir='ltr'><strong>cum</strong></span> <span class='ocrx_word' id='word_1_196' title='bbox 2175 2537 2241 2592; x_wconf 87' lang='lat' dir='ltr'><strong>de</strong></span> 
     </span>
    </p>
   </div>
   <div class='ocr_carea' id='block_1_26' title="bbox 658 2630 2242 2700">
    <p class='ocr_par' dir='ltr' id='par_1_26' title="bbox 658 2630 2242 2700">
     <span class='ocr_line' id='line_1_26' title="bbox 658 2630 2242 2700; baseline 0.003 -19"><span class='ocrx_word' id='word_1_197' title='bbox 658 2642 846 2682; x_wconf 87' lang='lat' dir='ltr'><strong>natura</strong></span> <span class='ocrx_word' id='word_1_198' title='bbox 883 2631 1038 2682; x_wconf 83' lang='lat' dir='ltr'><strong>nobis</strong></span> <span class='ocrx_word' id='word_1_199' title='bbox 1065 2639 1119 2683; x_wconf 91' lang='lat' dir='ltr'><strong>et</strong></span> <span class='ocrx_word' id='word_1_200' title='bbox 1149 2630 1354 2684; x_wconf 87' lang='lat' dir='ltr'><strong>unitate</strong></span> <span class='ocrx_word' id='word_1_201' title='bbox 1379 2631 1673 2684; x_wconf 88' lang='lat' dir='ltr'><strong>secundum</strong></span> <span class='ocrx_word' id='word_1_202' title='bbox 1703 2631 2037 2700; x_wconf 77' lang='lat' dir='ltr'><strong>liypostasim</strong></span> <span class='ocrx_word' id='word_1_203' title='bbox 2065 2634 2242 2686; x_wconf 90' lang='lat' dir='ltr'><strong>omnis</strong></span> 
     </span>
    </p>
   </div>
   <div class='ocr_carea' id='block_1_27' title="bbox 655 2721 2240 2792">
    <p class='ocr_par' dir='ltr' id='par_1_27' title="bbox 655 2721 2240 2792">
     <span class='ocr_line' id='line_1_27' title="bbox 655 2721 2240 2792; baseline 0.002 -17"><span class='ocrx_word' id='word_1_204' title='bbox 655 2721 728 2775; x_wconf 81' lang='lat' dir='ltr'><strong>sit</strong></span> <span class='ocrx_word' id='word_1_205' title='bbox 789 2723 926 2774; x_wconf 84' lang='lat' dir='ltr'><strong>ratio</strong></span> <span class='ocrx_word' id='word_1_206' title='bbox 984 2723 1282 2792; x_wconf 79' lang='lat' dir='ltr'><strong>proposita,</strong></span> <span class='ocrx_word' id='word_1_207' title='bbox 1332 2732 1386 2775; x_wconf 89' lang='lat' dir='ltr'><strong>et</strong></span> <span class='ocrx_word' id='word_1_208' title='bbox 1437 2723 1806 2792; x_wconf 82' lang='lat' dir='ltr'><strong>pervestigare</strong></span> <span class='ocrx_word' id='word_1_209' title='bbox 1861 2725 2078 2777; x_wconf 85' lang='lat' dir='ltr'><strong>studeat</strong></span> <span class='ocrx_word' id='word_1_210' title='bbox 2134 2741 2240 2778; x_wconf 90' lang='lat' dir='ltr'><strong>non</strong></span> 
     </span>
    </p>
   </div>
   <div class='ocr_carea' id='block_1_28' title="bbox 655 2813 2244 2885">
    <p class='ocr_par' dir='ltr' id='par_1_28' title="bbox 655 2813 2244 2885">
     <span class='ocr_line' id='line_1_28' title="bbox 655 2813 2244 2885; baseline 0.004 -21"><span class='ocrx_word' id='word_1_211' title='bbox 655 2813 915 2883; x_wconf 82' lang='lat' dir='ltr'><strong>quidnam</strong></span> <span class='ocrx_word' id='word_1_212' title='bbox 978 2814 1049 2865; x_wconf 86' lang='lat' dir='ltr'><strong>sit</strong></span> <span class='ocrx_word' id='word_1_213' title='bbox 1090 2815 1388 2885; x_wconf 88' lang='lat' dir='ltr'><strong>secundum</strong></span> <span class='ocrx_word' id='word_1_214' title='bbox 1455 2816 1774 2884; x_wconf 82' lang='lat' dir='ltr'><strong>dignitatem</strong></span> <span class='ocrx_word' id='word_1_215' title='bbox 1837 2817 1963 2870; x_wconf 89' lang='lat' dir='ltr'><strong>illud</strong></span> <span class='ocrx_word' id='word_1_216' title='bbox 2023 2832 2088 2870; x_wconf 77' lang='lat' dir='ltr'><strong>ex</strong></span> <span class='ocrx_word' id='word_1_217' title='bbox 2137 2817 2244 2871; x_wconf 90' lang='lat' dir='ltr'><strong>Deo</strong></span> 
     </span>
    </p>
   </div>
   <div class='ocr_carea' id='block_1_29' title="bbox 658 2903 2245 2975">
    <p class='ocr_par' dir='ltr' id='par_1_29' title="bbox 658 2903 2245 2975">
     <span class='ocr_line' id='line_1_29' title="bbox 658 2903 2245 2975; baseline 0.003 -19"><span class='ocrx_word' id='word_1_218' title='bbox 658 2903 920 2968; x_wconf 85' lang='lat' dir='ltr'><strong>Verbum,</strong></span> <span class='ocrx_word' id='word_1_219' title='bbox 957 2907 1051 2958; x_wconf 85' lang='lat' dir='ltr'><strong>sed</strong></span> <span class='ocrx_word' id='word_1_220' title='bbox 1090 2915 1268 2957; x_wconf 88' lang='lat' dir='ltr'><strong>utrum</strong></span> <span class='ocrx_word' id='word_1_221' title='bbox 1333 2923 1397 2958; x_wconf 71' lang='lat' dir='ltr'><strong>ex</strong></span> <span class='ocrx_word' id='word_1_222' title='bbox 1452 2907 1857 2975; x_wconf 75' lang='lat' dir='ltr'><strong>dispensatione</strong></span> <span class='ocrx_word' id='word_1_223' title='bbox 1913 2907 2114 2960; x_wconf 82' lang='lat' dir='ltr'><strong>factum</strong></span> <span class='ocrx_word' id='word_1_224' title='bbox 2175 2909 2245 2961; x_wconf 88' lang='lat' dir='ltr'><strong>sit</strong></span> 
     </span>
    </p>
   </div>
   <div class='ocr_carea' id='block_1_30' title="bbox 659 2995 2244 3068">
    <p class='ocr_par' dir='ltr' id='par_1_30' title="bbox 659 2995 2244 3068">
     <span class='ocr_line' id='line_1_30' title="bbox 659 2995 2244 3068; baseline 0.003 -20"><span class='ocrx_word' id='word_1_225' title='bbox 659 2995 868 3057; x_wconf 87' lang='lat' dir='ltr'><strong>homo,</strong></span> <span class='ocrx_word' id='word_1_226' title='bbox 927 3004 981 3048; x_wconf 90' lang='lat' dir='ltr'><strong>et</strong></span> <span class='ocrx_word' id='word_1_227' title='bbox 1038 3011 1256 3049; x_wconf 86' lang='lat' dir='ltr'><strong>carnem</strong></span> <span class='ocrx_word' id='word_1_228' title='bbox 1307 3012 1369 3050; x_wconf 76' lang='lat' dir='ltr'><strong>ex</strong></span> <span class='ocrx_word' id='word_1_229' title='bbox 1428 2996 1651 3050; x_wconf 86' lang='lat' dir='ltr'><strong>muliere</strong></span> <span class='ocrx_word' id='word_1_230' title='bbox 1708 3000 1977 3068; x_wconf 89' lang='lat' dir='ltr'><strong>propriam</strong></span> <span class='ocrx_word' id='word_1_231' title='bbox 2033 2999 2244 3062; x_wconf 75' lang='lat' dir='ltr'><strong>fecerit,</strong></span> 
     </span>
    </p>
   </div>
   <div class='ocr_carea' id='block_1_31' title="bbox 657 3084 2243 3159">
    <p class='ocr_par' dir='ltr' id='par_1_31' title="bbox 657 3084 2243 3159">
     <span class='ocr_line' id='line_1_31' title="bbox 657 3084 2243 3159; baseline 0.004 -25"><span class='ocrx_word' id='word_1_232' title='bbox 657 3085 1009 3155; x_wconf 64' lang='lat' dir='ltr'><strong>quaestionem</strong></span> <span class='ocrx_word' id='word_1_233' title='bbox 1064 3085 1116 3138; x_wconf 92' lang='lat' dir='ltr'><strong>in</strong></span> <span class='ocrx_word' id='word_1_234' title='bbox 1171 3084 1272 3138; x_wconf 87' lang='lat' dir='ltr'><strong>alia</strong></span> <span class='ocrx_word' id='word_1_235' title='bbox 1317 3086 1550 3140; x_wconf 84' lang='lat' dir='ltr'><strong>absurde</strong></span> <span class='ocrx_word' id='word_1_236' title='bbox 1594 3087 1878 3150; x_wconf 82' lang='lat' dir='ltr'><strong>transfert,</strong></span> <span class='ocrx_word' id='word_1_237' title='bbox 1913 3089 2092 3159; x_wconf 81' lang='lat' dir='ltr'><strong>aitque</strong></span> <span class='ocrx_word' id='word_1_238' title='bbox 2139 3105 2243 3143; x_wconf 92' lang='lat' dir='ltr'><strong>non</strong></span> 
     </span>
    </p>
   </div>
   <div class='ocr_carea' id='block_1_32' title="bbox 657 3176 2241 3248">
    <p class='ocr_par' dir='ltr' id='par_1_32' title="bbox 657 3176 2241 3248">
     <span class='ocr_line' id='line_1_32' title="bbox 657 3176 2241 3248; baseline 0.001 -18"><span class='ocrx_word' id='word_1_239' title='bbox 657 3192 724 3230; x_wconf 80' lang='lat' dir='ltr'><strong>ex</strong></span> <span class='ocrx_word' id='word_1_240' title='bbox 757 3177 912 3229; x_wconf 87' lang='lat' dir='ltr'><strong>beata</strong></span> <span class='ocrx_word' id='word_1_241' title='bbox 960 3176 1180 3246; x_wconf 83' lang='lat' dir='ltr'><strong>Virgine</strong></span> <span class='ocrx_word' id='word_1_242' title='bbox 1240 3177 1555 3244; x_wconf 73' lang='lat' dir='ltr'><strong>dignitatem</strong></span> <span class='ocrx_word' id='word_1_243' title='bbox 1610 3193 1735 3233; x_wconf 87' lang='lat' dir='ltr'><strong>csse</strong></span> <span class='ocrx_word' id='word_1_244' title='bbox 1782 3177 1957 3233; x_wconf 90' lang='lat' dir='ltr'><strong>Verbo</strong></span> <span class='ocrx_word' id='word_1_245' title='bbox 2010 3188 2241 3248; x_wconf 84' lang='lat' dir='ltr'><strong>partam,</strong></span> 
     </span>
    </p>
   </div>
   <div class='ocr_carea' id='block_1_33' title="bbox 661 3268 2241 3340">
    <p class='ocr_par' dir='ltr' id='par_1_33' title="bbox 661 3268 2241 3340">
     <span class='ocr_line' id='line_1_33' title="bbox 661 3268 2241 3340; baseline 0.001 -18"><span class='ocrx_word' id='word_1_246' title='bbox 661 3269 757 3322; x_wconf 88' lang='lat' dir='ltr'><strong>sed</strong></span> <span class='ocrx_word' id='word_1_247' title='bbox 810 3268 977 3322; x_wconf 78' lang='lat' dir='ltr'><strong>fuisse</strong></span> <span class='ocrx_word' id='word_1_248' title='bbox 1026 3279 1218 3322; x_wconf 89' lang='lat' dir='ltr'><strong>natura</strong></span> <span class='ocrx_word' id='word_1_249' title='bbox 1253 3268 1445 3324; x_wconf 86' lang='lat' dir='ltr'><strong>Deum.</strong></span> <span class='ocrx_word' id='word_1_250' title='bbox 1470 3271 1537 3322; x_wconf 84' lang='lat' dir='ltr'><strong>At</strong></span> <span class='ocrx_word' id='word_1_251' title='bbox 1571 3272 1842 3336; x_wconf 89' lang='lat' dir='ltr'><strong>quomodo</strong></span> <span class='ocrx_word' id='word_1_252' title='bbox 1880 3288 1983 3324; x_wconf 90' lang='lat' dir='ltr'><strong>non</strong></span> <span class='ocrx_word' id='word_1_253' title='bbox 2035 3271 2241 3340; x_wconf 87' lang='lat' dir='ltr'><strong>perspi-</strong></span> 
     </span>
    </p>
   </div>
   <div class='ocr_carea' id='block_1_34' title="bbox 659 3360 2240 3430">
    <p class='ocr_par' dir='ltr' id='par_1_34' title="bbox 659 3360 2240 3430">
     <span class='ocr_line' id='line_1_34' title="bbox 659 3360 2240 3430; baseline 0.001 -18"><span class='ocrx_word' id='word_1_254' title='bbox 659 3375 820 3412; x_wconf 86' lang='lat' dir='ltr'><strong>cuum</strong></span> <span class='ocrx_word' id='word_1_255' title='bbox 869 3360 939 3412; x_wconf 85' lang='lat' dir='ltr'><strong>sit</strong></span> <span class='ocrx_word' id='word_1_256' title='bbox 988 3360 1198 3413; x_wconf 84' lang='lat' dir='ltr'><strong>diversa</strong></span> <span class='ocrx_word' id='word_1_257' title='bbox 1249 3374 1472 3426; x_wconf 85' lang='lat' dir='ltr'><strong>prorsus</strong></span> <span class='ocrx_word' id='word_1_258' title='bbox 1503 3375 1624 3414; x_wconf 86' lang='lat' dir='ltr'><strong>esse</strong></span> <span class='ocrx_word' id='word_1_259' title='bbox 1673 3362 1992 3430; x_wconf 81' lang='lat' dir='ltr'><strong>dignitatem</strong></span> <span class='ocrx_word' id='word_1_260' title='bbox 2037 3372 2088 3414; x_wconf 88' lang='lat' dir='ltr'><strong>et</strong></span> <span class='ocrx_word' id='word_1_261' title='bbox 2140 3378 2240 3414; x_wconf 88' lang='lat' dir='ltr'><strong>na-</strong></span> 
     </span>
    </p>
   </div>
   <div class='ocr_carea' id='block_1_35' title="bbox 663 3448 2240 3506">
    <p class='ocr_par' dir='ltr' id='par_1_35' title="bbox 663 3448 2240 3506">
     <span class='ocr_line' id='line_1_35' title="bbox 663 3448 2240 3506; baseline 0.001 -3"><span class='ocrx_word' id='word_1_262' title='bbox 663 3461 843 3503; x_wconf 91' lang='lat' dir='ltr'><strong>turam</strong></span> <span class='ocrx_word' id='word_1_263' title='bbox 874 3451 895 3503; x_wconf 90' lang='lat'><strong>?</strong></span> <span class='ocrx_word' id='word_1_264' title='bbox 924 3448 1028 3504; x_wconf 86' lang='lat' dir='ltr'><strong>Sed</strong></span> <span class='ocrx_word' id='word_1_265' title='bbox 1089 3452 1141 3505; x_wconf 92' lang='lat' dir='ltr'><strong>in</strong></span> <span class='ocrx_word' id='word_1_266' title='bbox 1177 3451 1261 3504; x_wconf 84' lang='lat' dir='ltr'><strong>bis</strong></span> <span class='ocrx_word' id='word_1_267' title='bbox 1309 3453 1472 3505; x_wconf 82' lang='lat' dir='ltr'><strong>rebus</strong></span> <span class='ocrx_word' id='word_1_268' title='bbox 1504 3452 1855 3506; x_wconf 82' lang='lat' dir='ltr'><strong>subtilitatem</strong></span> <span class='ocrx_word' id='word_1_269' title='bbox 1891 3453 2097 3506; x_wconf 89' lang='lat' dir='ltr'><strong>dicendi</strong></span> <span class='ocrx_word' id='word_1_270' title='bbox 2135 3467 2240 3504; x_wconf 90' lang='lat' dir='ltr'><strong>non</strong></span> 
     </span>
    </p>
   </div>
   <div class='ocr_carea' id='block_1_36' title="bbox 663 3541 2243 3612">
    <p class='ocr_par' dir='ltr' id='par_1_36' title="bbox 663 3541 2243 3612">
     <span class='ocr_line' id='line_1_36' title="bbox 663 3541 2243 3612; baseline 0.003 -20"><span class='ocrx_word' id='word_1_271' title='bbox 663 3541 843 3609; x_wconf 84' lang='lat' dir='ltr'><strong>magni</strong></span> <span class='ocrx_word' id='word_1_272' title='bbox 875 3543 1180 3609; x_wconf 89' lang='lat' dir='ltr'><strong>pendimus.</strong></span> <span class='ocrx_word' id='word_1_273' title='bbox 1208 3542 1360 3606; x_wconf 85' lang='lat' dir='ltr'><strong>Quod</strong></span> <span class='ocrx_word' id='word_1_274' title='bbox 1393 3553 1573 3596; x_wconf 88' lang='lat' dir='ltr'><strong>autem</strong></span> <span class='ocrx_word' id='word_1_275' title='bbox 1625 3544 1889 3612; x_wconf 87' lang='lat' dir='ltr'><strong>sequitur,</strong></span> <span class='ocrx_word' id='word_1_276' title='bbox 1933 3543 2243 3610; x_wconf 84' lang='lat' dir='ltr'><strong>perspicere</strong></span> 
     </span>
    </p>
   </div>
   <div class='ocr_carea' id='block_1_37' title="bbox 662 3621 2244 3699">
    <p class='ocr_par' dir='ltr' id='par_1_37' title="bbox 662 3621 2244 3699">
     <span class='ocr_line' id='line_1_37' title="bbox 662 3621 2244 3699; baseline -0.003 -15"><span class='ocrx_word' id='word_1_277' title='bbox 662 3632 1032 3684; x_wconf 83' lang='lat' dir='ltr'><strong>necessarium</strong></span> <span class='ocrx_word' id='word_1_278' title='bbox 1084 3646 1206 3685; x_wconf 85' lang='lat' dir='ltr'><strong>esse</strong></span> <span class='ocrx_word' id='word_1_279' title='bbox 1261 3645 1645 3684; x_wconf 80' lang='lat' dir='ltr'><strong>censenznam</strong></span> <span class='ocrx_word' id='word_1_280' title='bbox 1700 3632 1764 3684; x_wconf 88' lang='lat' dir='ltr'><strong>iis</strong></span> <span class='ocrx_word' id='word_1_281' title='bbox 1821 3645 1941 3699; x_wconf 80' lang='lat' dir='ltr'><strong>qua:</strong></span> <span class='ocrx_word' id='word_1_282' title='bbox 1997 3621 2244 3683; x_wconf 35' lang='lat' dir='ltr'><strong>a‘nobis</strong></span> 
     </span>
    </p>
   </div>
   <div class='ocr_carea' id='block_1_38' title="bbox 661 3721 2246 3791">
    <p class='ocr_par' dir='ltr' id='par_1_38' title="bbox 661 3721 2246 3791">
     <span class='ocr_line' id='line_1_38' title="bbox 661 3721 2246 3791; baseline -0.002 -18"><span class='ocrx_word' id='word_1_283' title='bbox 661 3723 938 3781; x_wconf 87' lang='lat' dir='ltr'><strong>dicuntur.</strong></span> <span class='ocrx_word' id='word_1_284' title='bbox 985 3721 1130 3774; x_wconf 92' lang='lat' dir='ltr'><strong>aliud</strong></span> <span class='ocrx_word' id='word_1_285' title='bbox 1183 3722 1453 3790; x_wconf 90' lang='lat' dir='ltr'><strong>quoddam</strong></span> <span class='ocrx_word' id='word_1_286' title='bbox 1499 3721 1685 3791; x_wconf 86' lang='lat' dir='ltr'><strong>objicit</strong></span> <span class='ocrx_word' id='word_1_287' title='bbox 1734 3730 2138 3790; x_wconf 81' lang='lat' dir='ltr'><strong>argumentum,</strong></span> <span class='ocrx_word' id='word_1_288' title='bbox 2188 3726 2246 3771; x_wconf 90' lang='lat' dir='ltr'><strong>ut</strong></span> 
     </span>
    </p>
   </div>
   <div class='ocr_carea' id='block_1_39' title="bbox 661 3813 2242 3882">
    <p class='ocr_par' dir='ltr' id='par_1_39' title="bbox 661 3813 2242 3882">
     <span class='ocr_line' id='line_1_39' title="bbox 661 3813 2242 3882; baseline -0.004 -14"><span class='ocrx_word' id='word_1_289' title='bbox 661 3813 776 3882; x_wconf 86' lang='lat' dir='ltr'><strong>ipse</strong></span> <span class='ocrx_word' id='word_1_290' title='bbox 805 3825 953 3866; x_wconf 87' lang='lat' dir='ltr'><strong>certe</strong></span> <span class='ocrx_word' id='word_1_291' title='bbox 978 3822 1149 3881; x_wconf 88' lang='lat' dir='ltr'><strong>putat,</strong></span> <span class='ocrx_word' id='word_1_292' title='bbox 1211 3813 1524 3868; x_wconf 86' lang='lat' dir='ltr'><strong>inevitabile</strong></span> <span class='ocrx_word' id='word_1_293' title='bbox 1561 3828 1696 3867; x_wconf 89' lang='lat' dir='ltr'><strong>sane</strong></span> <span class='ocrx_word' id='word_1_294' title='bbox 1724 3822 1778 3867; x_wconf 87' lang='lat' dir='ltr'><strong>et</strong></span> <span class='ocrx_word' id='word_1_295' title='bbox 1809 3813 1941 3867; x_wconf 86' lang='lat' dir='ltr'><strong>satis</strong></span> <span class='ocrx_word' id='word_1_296' title='bbox 1987 3813 2242 3874; x_wconf 85' lang='lat' dir='ltr'><strong>validum,</strong></span> 
     </span>
    </p>
   </div>
   <div class='ocr_carea' id='block_1_40' title="bbox 663 3903 2246 3975">
    <p class='ocr_par' dir='ltr' id='par_1_40' title="bbox 663 3903 2246 3975">
     <span class='ocr_line' id='line_1_40' title="bbox 663 3903 2246 3975; baseline 0.001 -18"><span class='ocrx_word' id='word_1_297' title='bbox 663 3916 722 3958; x_wconf 87' lang='lat' dir='ltr'><strong>ut</strong></span> <span class='ocrx_word' id='word_1_298' title='bbox 757 3907 931 3973; x_wconf 83' lang='lat' dir='ltr'><strong>possit</strong></span> <span class='ocrx_word' id='word_1_299' title='bbox 976 3916 1027 3957; x_wconf 91' lang='lat' dir='ltr'><strong>ct</strong></span> <span class='ocrx_word' id='word_1_300' title='bbox 1066 3905 1282 3975; x_wconf 89' lang='lat' dir='ltr'><strong>quidem</strong></span> <span class='ocrx_word' id='word_1_301' title='bbox 1345 3907 1604 3958; x_wconf 86' lang='lat' dir='ltr'><strong>audacter</strong></span> <span class='ocrx_word' id='word_1_302' title='bbox 1660 3908 1828 3974; x_wconf 85' lang='lat' dir='ltr'><strong>ipsam</strong></span> <span class='ocrx_word' id='word_1_303' title='bbox 1879 3903 2246 3959; x_wconf 81' lang='lat' dir='ltr'><strong>Emmanuelis</strong></span> 
     </span>
    </p>
   </div>
   <div class='ocr_carea' id='block_1_41' title="bbox 671 3997 2244 4064">
    <p class='ocr_par' dir='ltr' id='par_1_41' title="bbox 671 3997 2244 4064">
     <span class='ocr_line' id='line_1_41' title="bbox 671 3997 2244 4064; baseline 0.001 -15"><span class='ocrx_word' id='word_1_304' title='bbox 671 4013 738 4049; x_wconf 73' lang='lat' dir='ltr'><strong>ex</strong></span> <span class='ocrx_word' id='word_1_305' title='bbox 781 3998 1006 4049; x_wconf 88' lang='lat' dir='ltr'><strong>muliere</strong></span> <span class='ocrx_word' id='word_1_306' title='bbox 1061 3997 1465 4064; x_wconf 86' lang='lat' dir='ltr'><strong>generationem</strong></span> <span class='ocrx_word' id='word_1_307' title='bbox 1505 3997 1685 4050; x_wconf 90' lang='lat' dir='ltr'><strong>ludum</strong></span> <span class='ocrx_word' id='word_1_308' title='bbox 1743 3999 1898 4052; x_wconf 89' lang='lat' dir='ltr'><strong>nobis</strong></span> <span class='ocrx_word' id='word_1_309' title='bbox 1937 4007 1992 4051; x_wconf 86' lang='lat' dir='ltr'><strong>et</strong></span> <span class='ocrx_word' id='word_1_310' title='bbox 2030 3998 2244 4051; x_wconf 89' lang='lat' dir='ltr'><strong>inanem</strong></span> 
     </span>
    </p>
   </div>
   <div class='ocr_carea' id='block_1_42' title="bbox 664 4085 1886 4156">
    <p class='ocr_par' dir='ltr' id='par_1_42' title="bbox 664 4085 1886 4156">
     <span class='ocr_line' id='line_1_42' title="bbox 664 4085 1886 4156; baseline 0.001 -17"><span class='ocrx_word' id='word_1_311' title='bbox 664 4085 902 4140; x_wconf 74' lang='lat' dir='ltr'><strong>tabulam</strong></span> <span class='ocrx_word' id='word_1_312' title='bbox 935 4086 1183 4140; x_wconf 87' lang='lat' dir='ltr'><strong>reddere.</strong></span> <span class='ocrx_word' id='word_1_313' title='bbox 1211 4089 1396 4156; x_wconf 86' lang='lat' dir='ltr'><strong>Itaque</strong></span> <span class='ocrx_word' id='word_1_314' title='bbox 1428 4088 1509 4140; x_wconf 89' lang='lat' dir='ltr'><strong>sic</strong></span> <span class='ocrx_word' id='word_1_315' title='bbox 1550 4102 1736 4140; x_wconf 88' lang='lat' dir='ltr'><strong>rursus</strong></span> <span class='ocrx_word' id='word_1_316' title='bbox 1766 4087 1840 4141; x_wconf 84' lang='lat' dir='ltr'><strong>ait</strong></span> <span class='ocrx_word' id='word_1_317' title='bbox 1872 4105 1886 4140; x_wconf 85' lang='lat'><strong>:</strong></span> 
     </span>
    </p>
   </div>
   <div class='ocr_carea' id='block_1_43' title="bbox 736 4324 2247 4397">
    <p class='ocr_par' dir='ltr' id='par_1_43' title="bbox 736 4324 2247 4397">
     <span class='ocr_line' id='line_1_43' title="bbox 736 4324 2247 4397; baseline 0.001 -19"><span class='ocrx_word' id='word_1_318' title='bbox 736 4324 970 4381; x_wconf 70' lang='lat' dir='ltr'><strong>Nesron.</strong></span> <span class='ocrx_word' id='word_1_319' title='bbox 1018 4324 1035 4397; x_wconf 86' lang='lat'>[</span> <span class='ocrx_word' id='word_1_320' title='bbox 1064 4325 1136 4379; x_wconf 90' lang='lat' dir='ltr'><strong>De</strong></span> <span class='ocrx_word' id='word_1_321' title='bbox 1167 4325 1322 4379; x_wconf 88' lang='lat' dir='ltr'><strong>beato</strong></span> <span class='ocrx_word' id='word_1_322' title='bbox 1353 4325 1558 4379; x_wconf 83' lang='lat' dir='ltr'><strong>Joanne</strong></span> <span class='ocrx_word' id='word_1_323' title='bbox 1597 4324 1835 4395; x_wconf 84' lang='lat' dir='ltr'><strong>Baptista</strong></span> <span class='ocrx_word' id='word_1_324' title='bbox 1871 4328 2195 4394; x_wconf 47' lang='lat' dir='ltr'><strong>praedicatur</strong></span> <span class='ocrx_word' id='word_1_325' title='bbox 2219 4346 2247 4380; x_wconf 90' lang='lat' dir='ltr'><strong>a</strong></span> 
     </span>
    </p>
   </div>
   <div class='ocr_carea' id='block_1_44' title="bbox 667 4417 2246 4486">
    <p class='ocr_par' dir='ltr' id='par_1_44' title="bbox 667 4417 2246 4486">
     <span class='ocr_line' id='line_1_44' title="bbox 667 4417 2246 4486; baseline -0.001 -14"><span class='ocrx_word' id='word_1_326' title='bbox 667 4418 870 4472; x_wconf 74' lang='lat' dir='ltr'><strong>Sanctis</strong></span> <span class='ocrx_word' id='word_1_327' title='bbox 914 4420 1116 4486; x_wconf 86' lang='lat' dir='ltr'><strong>angelis</strong></span> <span class='ocrx_word' id='word_1_328' title='bbox 1142 4456 1156 4478; x_wconf 87' lang='lat'><strong>,</strong></span> <span class='ocrx_word' id='word_1_329' title='bbox 1196 4418 1521 4486; x_wconf 89' lang='lat' dir='ltr'><strong>implendum</strong></span> <span class='ocrx_word' id='word_1_330' title='bbox 1569 4433 1688 4470; x_wconf 87' lang='lat' dir='ltr'><strong>esse</strong></span> <span class='ocrx_word' id='word_1_331' title='bbox 1752 4417 2007 4470; x_wconf 80' lang='lat' dir='ltr'><strong>infantem</strong></span> <span class='ocrx_word' id='word_1_332' title='bbox 2045 4419 2246 4486; x_wconf 84' lang='lat' dir='ltr'><strong>Spiritu</strong></span> 
     </span>
    </p>
   </div>
   <div class='ocr_carea' id='block_1_45' title="bbox 671 4509 2248 4574">
    <p class='ocr_par' dir='ltr' id='par_1_45' title="bbox 671 4509 2248 4574">
     <span class='ocr_line' id='line_1_45' title="bbox 671 4509 2248 4574; baseline 0.001 -13"><span class='ocrx_word' id='word_1_333' title='bbox 671 4519 858 4561; x_wconf 84' lang='lat' dir='ltr'><strong>sancto</strong></span> <span class='ocrx_word' id='word_1_334' title='bbox 890 4511 1065 4560; x_wconf 91' lang='lat' dir='ltr'><strong>adhuc</strong></span> <span class='ocrx_word' id='word_1_335' title='bbox 1110 4523 1175 4561; x_wconf 83' lang='lat' dir='ltr'><strong>ex</strong></span> <span class='ocrx_word' id='word_1_336' title='bbox 1209 4520 1362 4560; x_wconf 84' lang='lat' dir='ltr'><strong>utero</strong></span> <span class='ocrx_word' id='word_1_337' title='bbox 1401 4509 1587 4559; x_wconf 85' lang='lat' dir='ltr'><strong>matris</strong></span> <span class='ocrx_word' id='word_1_338' title='bbox 1630 4523 1740 4561; x_wconf 72' lang='lat' dir='ltr'><strong>sua:</strong></span> <span class='ocrx_word' id='word_1_339' title='bbox 1782 4525 1796 4574; x_wconf 91' lang='lat'><strong>;</strong></span> <span class='ocrx_word' id='word_1_340' title='bbox 1837 4518 1888 4562; x_wconf 88' lang='lat' dir='ltr'><strong>et</strong></span> <span class='ocrx_word' id='word_1_341' title='bbox 1916 4510 2003 4562; x_wconf 89' lang='lat' dir='ltr'><strong>hic</strong></span> <span class='ocrx_word' id='word_1_342' title='bbox 2060 4510 2248 4563; x_wconf 83' lang='lat' dir='ltr'><strong>beatus</strong></span> 
     </span>
    </p>
   </div>
   <div class='ocr_carea' id='block_1_46' title="bbox 2338 637 3914 718">
    <p class='ocr_par' dir='ltr' id='par_1_46' title="bbox 2338 637 3914 718">
     <span class='ocr_line' id='line_1_46' title="bbox 2338 637 3914 718; baseline 0.009 -31"><span class='ocrx_word' id='word_1_343' title='bbox 2338 637 2514 708; x_wconf 99' lang='grc' dir='ltr'>σάρκα</span> <span class='ocrx_word' id='word_1_344' title='bbox 2561 639 2659 705; x_wconf 77' lang='grc' dir='ltr'><strong>τὴν</strong></span> <span class='ocrx_word' id='word_1_345' title='bbox 2714 639 2821 692; x_wconf 76' lang='grc' dir='ltr'>ἀπὸ</span> <span class='ocrx_word' id='word_1_346' title='bbox 2865 642 2965 710; x_wconf 81' lang='grc' dir='ltr'>τῆς</span> <span class='ocrx_word' id='word_1_347' title='bbox 3013 641 3152 703; x_wconf 74' lang='grc' dir='ltr'>ἰδίας</span> <span class='ocrx_word' id='word_1_348' title='bbox 3199 642 3485 713; x_wconf 79' lang='grc' dir='ltr'><strong>ὑπάρξεως</strong></span> <span class='ocrx_word' id='word_1_349' title='bbox 3531 643 3914 718; x_wconf 84' lang='grc' dir='ltr'>λαμϐανούσης</span> 
     </span>
    </p>
   </div>
   <div class='ocr_carea' id='block_1_47' title="bbox 2335 729 3915 808">
    <p class='ocr_par' dir='ltr' id='par_1_47' title="bbox 2335 729 3915 808">
     <span class='ocr_line' id='line_1_47' title="bbox 2335 729 3915 808; baseline 0.008 -27"><span class='ocrx_word' id='word_1_350' title='bbox 2335 729 2530 799; x_wconf 78' lang='grc' dir='ltr'>ἀρχὴν,</span> <span class='ocrx_word' id='word_1_351' title='bbox 2577 731 2720 783; x_wconf 78' lang='grc' dir='ltr'>οὕτω</span> <span class='ocrx_word' id='word_1_352' title='bbox 2754 733 2847 784; x_wconf 79' lang='grc' dir='ltr'><strong>καὶ</strong></span> <span class='ocrx_word' id='word_1_353' title='bbox 2889 732 2982 785; x_wconf 74' lang='grc' dir='ltr'><strong>ἐπὶ</strong></span> <span class='ocrx_word' id='word_1_354' title='bbox 3033 734 3131 804; x_wconf 76' lang='grc' dir='ltr'>τῆς</span> <span class='ocrx_word' id='word_1_355' title='bbox 3179 735 3454 804; x_wconf 82' lang='grc' dir='ltr'>μακαρίας</span> <span class='ocrx_word' id='word_1_356' title='bbox 3506 735 3820 808; x_wconf 77' lang='grc' dir='ltr'>Παρθένουο</span> <span class='ocrx_word' id='word_1_357' title='bbox 3865 744 3915 794; x_wconf 83' lang='grc' dir='ltr'>εἰ</span> 
     </span>
    </p>
   </div>
   <div class='ocr_carea' id='block_1_48' title="bbox 2335 825 3918 901">
    <p class='ocr_par' dir='ltr' id='par_1_48' title="bbox 2335 825 3918 901">
     <span class='ocr_line' id='line_1_48' title="bbox 2335 825 3918 901; baseline 0.007 -24"><span class='ocrx_word' id='word_1_358' title='bbox 2335 827 2442 894; x_wconf 72' lang='grc' dir='ltr'><strong>γὰρ</strong></span> <span class='ocrx_word' id='word_1_359' title='bbox 2473 825 2566 878; x_wconf 73' lang='grc' dir='ltr'><strong>καὶ</strong></span> <span class='ocrx_word' id='word_1_360' title='bbox 2611 828 2794 898; x_wconf 82' lang='grc' dir='ltr'>μήτηρ</span> <span class='ocrx_word' id='word_1_361' title='bbox 2824 827 2939 880; x_wconf 75' lang='grc' dir='ltr'>ἐστὶ</span> <span class='ocrx_word' id='word_1_362' title='bbox 2973 828 3072 898; x_wconf 83' lang='grc' dir='ltr'>τῆς</span> <span class='ocrx_word' id='word_1_363' title='bbox 3115 829 3276 898; x_wconf 84' lang='grc' dir='ltr'>ἁγίας</span> <span class='ocrx_word' id='word_1_364' title='bbox 3310 831 3530 901; x_wconf 82' lang='grc' dir='ltr'>σαρκὸς,</span> <span class='ocrx_word' id='word_1_365' title='bbox 3566 833 3681 886; x_wconf 84' lang='grc' dir='ltr'>ἀλλ’</span> <span class='ocrx_word' id='word_1_366' title='bbox 3710 830 3802 887; x_wconf 76' lang='grc' dir='ltr'><strong>οὖν</strong></span> <span class='ocrx_word' id='word_1_367' title='bbox 3834 837 3918 887; x_wconf 74' lang='grc' dir='ltr'><strong>ὲκο</strong></span> 
     </span>
    </p>
   </div>
   <div class='ocr_carea' id='block_1_49' title="bbox 2335 918 3916 992">
    <p class='ocr_par' dir='ltr' id='par_1_49' title="bbox 2335 918 3916 992">
     <span class='ocr_line' id='line_1_49' title="bbox 2335 918 3916 992; baseline 0.006 -23"><span class='ocrx_word' id='word_1_368' title='bbox 2335 918 2557 970; x_wconf 80' lang='grc' dir='ltr'>τέτοκεν</span> <span class='ocrx_word' id='word_1_369' title='bbox 2605 919 2872 973; x_wconf 82' lang='grc' dir='ltr'>ὲνωθέντα</span> <span class='ocrx_word' id='word_1_370' title='bbox 2904 921 3040 991; x_wconf 80' lang='grc' dir='ltr'>αὐτῇ</span> <span class='ocrx_word' id='word_1_371' title='bbox 3073 923 3215 974; x_wconf 82' lang='grc' dir='ltr'>κατὰ</span> <span class='ocrx_word' id='word_1_372' title='bbox 3259 921 3516 992; x_wconf 77' lang='grc' dir='ltr'>ἀλήθειαν</span> <span class='ocrx_word' id='word_1_373' title='bbox 3549 923 3640 976; x_wconf 84' lang='grc' dir='ltr'><strong>τὸν</strong></span> <span class='ocrx_word' id='word_1_374' title='bbox 3684 925 3747 977; x_wconf 83' lang='grc' dir='ltr'>ὲκ</span> <span class='ocrx_word' id='word_1_375' title='bbox 3778 926 3916 978; x_wconf 86' lang='grc' dir='ltr'>Θεοῦ</span> 
     </span>
    </p>
   </div>
   <div class='ocr_carea' id='block_1_50' title="bbox 2335 1011 3919 1089">
    <p class='ocr_par' dir='ltr' id='par_1_50' title="bbox 2335 1011 3919 1089">
     <span class='ocr_line' id='line_1_50' title="bbox 2335 1011 3919 1089; baseline 0.006 -28"><span class='ocrx_word' id='word_1_376' title='bbox 2335 1011 2468 1063; x_wconf 77' lang='grc' dir='ltr'>Θεὸν</span> <span class='ocrx_word' id='word_1_377' title='bbox 2503 1011 2706 1078; x_wconf 82' lang='grc' dir='ltr'><strong>Λόγον·</strong></span> <span class='ocrx_word' id='word_1_378' title='bbox 2755 1013 2859 1065; x_wconf 76' lang='grc' dir='ltr'><strong>κᾶν</strong></span> <span class='ocrx_word' id='word_1_379' title='bbox 2900 1013 2952 1065; x_wconf 83' lang='grc' dir='ltr'><strong>εἴ</strong></span> <span class='ocrx_word' id='word_1_380' title='bbox 2995 1031 3078 1076; x_wconf 86' lang='grc' dir='ltr'><strong>τις</strong></span> <span class='ocrx_word' id='word_1_381' title='bbox 3106 1014 3240 1086; x_wconf 83' lang='grc' dir='ltr'><strong>λέγῃ</strong></span> <span class='ocrx_word' id='word_1_382' title='bbox 3279 1015 3540 1068; x_wconf 80' lang='grc' dir='ltr'>Θεοτόκον</span> <span class='ocrx_word' id='word_1_383' title='bbox 3568 1018 3760 1087; x_wconf 77' lang='grc' dir='ltr'>αὐτὴν,</span> <span class='ocrx_word' id='word_1_384' title='bbox 3795 1019 3919 1089; x_wconf 73' lang='grc' dir='ltr'>οὐχὶ</span> 
     </span>
    </p>
   </div>
   <div class='ocr_carea' id='block_1_51' title="bbox 2335 1103 3921 1176">
    <p class='ocr_par' dir='ltr' id='par_1_51' title="bbox 2335 1103 3921 1176">
     <span class='ocr_line' id='line_1_51' title="bbox 2335 1103 3921 1176; baseline 0.005 -21"><span class='ocrx_word' id='word_1_385' title='bbox 2335 1103 2397 1172; x_wconf 82' lang='grc' dir='ltr'>δή</span> <span class='ocrx_word' id='word_1_386' title='bbox 2445 1121 2548 1156; x_wconf 86' lang='grc' dir='ltr'><strong>που</strong></span> <span class='ocrx_word' id='word_1_387' title='bbox 2581 1104 2801 1167; x_wconf 84' lang='grc' dir='ltr'>πάντως</span> <span class='ocrx_word' id='word_1_388' title='bbox 2840 1104 3084 1175; x_wconf 83' lang='grc' dir='ltr'>καθοριεί</span> <span class='ocrx_word' id='word_1_389' title='bbox 3126 1105 3218 1159; x_wconf 88' lang='grc' dir='ltr'><strong>τοῦ</strong></span> <span class='ocrx_word' id='word_1_390' title='bbox 3247 1107 3381 1160; x_wconf 82' lang='grc' dir='ltr'><strong>Θεοῦ</strong></span> <span class='ocrx_word' id='word_1_391' title='bbox 3413 1107 3588 1176; x_wconf 85' lang='grc' dir='ltr'>Λόγου</span> <span class='ocrx_word' id='word_1_392' title='bbox 3627 1109 3686 1161; x_wconf 81' lang='grc' dir='ltr'>τὺ</span> <span class='ocrx_word' id='word_1_393' title='bbox 3724 1109 3921 1164; x_wconf 81' lang='grc' dir='ltr'><strong>νεὼτε⁴</strong></span> 
     </span>
    </p>
   </div>
   <div class='ocr_carea' id='block_1_52' title="bbox 2339 1196 3922 1274">
    <p class='ocr_par' dir='ltr' id='par_1_52' title="bbox 2339 1196 3922 1274">
     <span class='ocr_line' id='line_1_52' title="bbox 2339 1196 3922 1274; baseline 0.006 -27"><span class='ocrx_word' id='word_1_394' title='bbox 2339 1213 2452 1267; x_wconf 82' lang='grc' dir='ltr'>ρον,</span> <span class='ocrx_word' id='word_1_395' title='bbox 2480 1196 2602 1249; x_wconf 69' lang='grc' dir='ltr'>οὔτε</span> <span class='ocrx_word' id='word_1_396' title='bbox 2637 1197 2742 1266; x_wconf 74' lang='grc' dir='ltr'><strong>μὴν</strong></span> <span class='ocrx_word' id='word_1_397' title='bbox 2763 1198 2861 1267; x_wconf 75' lang='grc' dir='ltr'><strong>τῆς</strong></span> <span class='ocrx_word' id='word_1_398' title='bbox 2886 1198 3019 1262; x_wconf 88' lang='grc' dir='ltr'>ἰδίας</span> <span class='ocrx_word' id='word_1_399' title='bbox 3046 1199 3331 1268; x_wconf 76' lang='grc' dir='ltr'><strong>ὑπάρξεως</strong></span> <span class='ocrx_word' id='word_1_400' title='bbox 3359 1201 3459 1271; x_wconf 76' lang='grc' dir='ltr'><strong>τὴν</strong></span> <span class='ocrx_word' id='word_1_401' title='bbox 3484 1201 3660 1273; x_wconf 74' lang='grc' dir='ltr'>ἀρχὴν</span> <span class='ocrx_word' id='word_1_402' title='bbox 3687 1204 3922 1274; x_wconf 82' lang='grc' dir='ltr'>πεποιῆ-</span> 
     </span>
    </p>
   </div>
   <div class='ocr_carea' id='block_1_53' title="bbox 2339 1287 3918 1363">
    <p class='ocr_par' dir='ltr' id='par_1_53' title="bbox 2339 1287 3918 1363">
     <span class='ocr_line' id='line_1_53' title="bbox 2339 1287 3918 1363; baseline 0.006 -25"><span class='ocrx_word' id='word_1_403' title='bbox 2339 1288 2461 1339; x_wconf 80' lang='grc' dir='ltr'>σθαι</span> <span class='ocrx_word' id='word_1_404' title='bbox 2491 1287 2589 1358; x_wconf 71' lang='grc' dir='ltr'><strong>τὴν</strong></span> <span class='ocrx_word' id='word_1_405' title='bbox 2625 1289 2803 1360; x_wconf 80' lang='grc' dir='ltr'>σάρκα</span> <span class='ocrx_word' id='word_1_406' title='bbox 2825 1308 2836 1319; x_wconf 74' lang='grc' dir='ltr'><strong>ο</strong></span> <span class='ocrx_word' id='word_1_407' title='bbox 2872 1292 3088 1360; x_wconf 79' lang='grc' dir='ltr'>συνήσει</span> <span class='ocrx_word' id='word_1_408' title='bbox 3132 1291 3187 1342; x_wconf 80' lang='grc' dir='ltr'><strong>δὲ</strong></span> <span class='ocrx_word' id='word_1_409' title='bbox 3230 1291 3428 1360; x_wconf 80' lang='grc' dir='ltr'>μᾶλλον</span> <span class='ocrx_word' id='word_1_410' title='bbox 3474 1292 3575 1361; x_wconf 83' lang='grc' dir='ltr'>τῆς</span> <span class='ocrx_word' id='word_1_411' title='bbox 3605 1294 3918 1363; x_wconf 77' lang='grc' dir='ltr'>οἰκονομίας</span> 
     </span>
    </p>
   </div>
   <div class='ocr_carea' id='block_1_54' title="bbox 2335 1377 3916 1452">
    <p class='ocr_par' dir='ltr' id='par_1_54' title="bbox 2335 1377 3916 1452">
     <span class='ocr_line' id='line_1_54' title="bbox 2335 1377 3916 1452; baseline 0.004 -24"><span class='ocrx_word' id='word_1_412' title='bbox 2335 1377 2426 1429; x_wconf 79' lang='grc' dir='ltr'>τὸν</span> <span class='ocrx_word' id='word_1_413' title='bbox 2456 1378 2689 1447; x_wconf 82' lang='grc' dir='ltr'>τρόπον·</span> <span class='ocrx_word' id='word_1_414' title='bbox 2732 1379 2824 1432; x_wconf 64' lang='grc' dir='ltr'><strong>καὶ</strong></span> <span class='ocrx_word' id='word_1_415' title='bbox 2854 1380 2917 1446; x_wconf 86' lang='grc' dir='ltr'><strong>δὴ</strong></span> <span class='ocrx_word' id='word_1_416' title='bbox 2965 1382 3058 1432; x_wconf 74' lang='grc' dir='ltr'><strong>καὶ</strong></span> <span class='ocrx_word' id='word_1_417' title='bbox 3100 1380 3385 1447; x_wconf 78' lang='grc' dir='ltr'><strong>Θαυμάσας</strong></span> <span class='ocrx_word' id='word_1_418' title='bbox 3417 1381 3476 1432; x_wconf 86' lang='grc' dir='ltr'><strong>τὸ</strong></span> <span class='ocrx_word' id='word_1_419' title='bbox 3518 1381 3726 1451; x_wconf 76' lang='grc' dir='ltr'>χρῆμα,</span> <span class='ocrx_word' id='word_1_420' title='bbox 3767 1385 3916 1452; x_wconf 73' lang='grc' dir='ltr'>ἐρεῖο</span> 
     </span>
    </p>
   </div>
   <div class='ocr_carea' id='block_1_55' title="bbox 2344 1466 3916 1541">
    <p class='ocr_par' dir='ltr' id='par_1_55' title="bbox 2344 1466 3916 1541">
     <span class='ocr_line' id='line_1_55' title="bbox 2344 1466 3916 1541; baseline 0.003 -23"><span class='ocrx_word' id='word_1_421' title='bbox 2344 1485 2361 1517; x_wconf 81' lang='grc' dir='ltr'><strong>ι</strong></span> <span class='ocrx_word' id='word_1_422' title='bbox 2409 1466 2604 1538; x_wconf 76' lang='grc' dir='ltr'>Κύριε,</span> <span class='ocrx_word' id='word_1_423' title='bbox 2637 1469 2938 1538; x_wconf 78' lang='grc' dir='ltr'>εἱσακήκοα</span> <span class='ocrx_word' id='word_1_424' title='bbox 2977 1470 3074 1540; x_wconf 78' lang='grc' dir='ltr'><strong>τὴν</strong></span> <span class='ocrx_word' id='word_1_425' title='bbox 3110 1470 3280 1538; x_wconf 84' lang='grc' dir='ltr'>ἀκοήν</span> <span class='ocrx_word' id='word_1_426' title='bbox 3318 1487 3432 1532; x_wconf 89' lang='grc' dir='ltr'>σου,</span> <span class='ocrx_word' id='word_1_427' title='bbox 3463 1471 3558 1522; x_wconf 81' lang='grc' dir='ltr'><strong>καὶ</strong></span> <span class='ocrx_word' id='word_1_428' title='bbox 3605 1471 3916 1541; x_wconf 59' lang='grc' dir='ltr'>ἐφοϐήθην</span> 
     </span>
    </p>
   </div>
   <div class='ocr_carea' id='block_1_56' title="bbox 2339 1556 3919 1631">
    <p class='ocr_par' dir='ltr' id='par_1_56' title="bbox 2339 1556 3919 1631">
     <span class='ocr_line' id='line_1_56' title="bbox 2339 1556 3919 1631; baseline 0.003 -22"><span class='ocrx_word' id='word_1_429' title='bbox 2339 1556 2529 1626; x_wconf 79' lang='grc' dir='ltr'>Κύριε,</span> <span class='ocrx_word' id='word_1_430' title='bbox 2561 1558 2863 1628; x_wconf 77' lang='grc' dir='ltr'>κατενόησα</span> <span class='ocrx_word' id='word_1_431' title='bbox 2887 1559 2953 1610; x_wconf 77' lang='grc' dir='ltr'><strong>τα</strong></span> <span class='ocrx_word' id='word_1_432' title='bbox 2979 1560 3114 1628; x_wconf 84' lang='grc' dir='ltr'>ἔργα</span> <span class='ocrx_word' id='word_1_433' title='bbox 3143 1577 3258 1621; x_wconf 88' lang='grc' dir='ltr'>σου,</span> <span class='ocrx_word' id='word_1_434' title='bbox 3291 1559 3386 1612; x_wconf 70' lang='grc' dir='ltr'>καὶ</span> <span class='ocrx_word' id='word_1_435' title='bbox 3426 1559 3670 1631; x_wconf 80' lang='grc' dir='ltr'>ἐξέστην.</span> <span class='ocrx_word' id='word_1_436' title='bbox 3711 1581 3729 1612; x_wconf 69' lang='grc' dir='ltr'><strong>ι</strong></span> <span class='ocrx_word' id='word_1_437' title='bbox 3777 1562 3919 1614; x_wconf 80' lang='grc' dir='ltr'>Ἀλλ’</span> 
     </span>
    </p>
   </div>
   <div class='ocr_carea' id='block_1_57' title="bbox 2336 1648 3921 1723">
    <p class='ocr_par' dir='ltr' id='par_1_57' title="bbox 2336 1648 3921 1723">
     <span class='ocr_line' id='line_1_57' title="bbox 2336 1648 3921 1723; baseline 0.004 -23"><span class='ocrx_word' id='word_1_438' title='bbox 2336 1649 2364 1700; x_wconf 99' lang='lat'><strong>6</strong></span> <span class='ocrx_word' id='word_1_439' title='bbox 2404 1648 2676 1716; x_wconf 73' lang='grc' dir='ltr'>πάνσοφος</span> <span class='ocrx_word' id='word_1_440' title='bbox 2722 1651 2852 1719; x_wconf 79' lang='grc' dir='ltr'>ἡμῖν</span> <span class='ocrx_word' id='word_1_441' title='bbox 2899 1652 2993 1704; x_wconf 72' lang='grc' dir='ltr'><strong>καὶ</strong></span> <span class='ocrx_word' id='word_1_442' title='bbox 3045 1653 3297 1722; x_wconf 82' lang='grc' dir='ltr'>ἀγχίνους</span> <span class='ocrx_word' id='word_1_443' title='bbox 3349 1652 3620 1723; x_wconf 80' lang='grc' dir='ltr'>ἐξηγητὴς</span> <span class='ocrx_word' id='word_1_444' title='bbox 3672 1653 3770 1723; x_wconf 82' lang='grc' dir='ltr'>τὴν</span> <span class='ocrx_word' id='word_1_445' title='bbox 3823 1653 3921 1707; x_wconf 87' lang='grc' dir='ltr'><strong>τοῦ</strong></span> 
     </span>
    </p>
   </div>
   <div class='ocr_carea' id='block_1_58' title="bbox 2338 1742 3926 1815">
    <p class='ocr_par' dir='ltr' id='par_1_58' title="bbox 2338 1742 3926 1815">
     <span class='ocr_line' id='line_1_58' title="bbox 2338 1742 3926 1815; baseline 0.004 -24"><span class='ocrx_word' id='word_1_446' title='bbox 2338 1742 2779 1812; x_wconf 79' lang='grc' dir='ltr'>παραδείγματος</span> <span class='ocrx_word' id='word_1_447' title='bbox 2808 1742 3036 1812; x_wconf 82' lang='grc' dir='ltr'>δύναμιν</span> <span class='ocrx_word' id='word_1_448' title='bbox 3062 1746 3333 1814; x_wconf 80' lang='grc' dir='ltr'>νενοηκὼς</span> <span class='ocrx_word' id='word_1_449' title='bbox 3355 1761 3368 1774; x_wconf 89' lang='grc'><strong>·</strong></span> <span class='ocrx_word' id='word_1_450' title='bbox 3398 1743 3595 1815; x_wconf 68' lang='grc' dir='ltr'><strong>[Οὕτω⁹</strong></span> <span class='ocrx_word' id='word_1_451' title='bbox 3631 1747 3784 1814; x_wconf 75' lang='grc' dir='ltr'>φησὶ,</span> <span class='ocrx_word' id='word_1_452' title='bbox 3827 1747 3926 1798; x_wconf 70' lang='grc' dir='ltr'>καὶ</span> 
     </span>
    </p>
   </div>
   <div class='ocr_carea' id='block_1_59' title="bbox 2340 1833 3924 1909">
    <p class='ocr_par' dir='ltr' id='par_1_59' title="bbox 2340 1833 3924 1909">
     <span class='ocr_line' id='line_1_59' title="bbox 2340 1833 3924 1909; baseline 0.003 -23"><span class='ocrx_word' id='word_1_453' title='bbox 2340 1835 2372 1902; x_wconf 81' lang='grc' dir='ltr'>ὴ</span> <span class='ocrx_word' id='word_1_454' title='bbox 2402 1835 2528 1901; x_wconf 84' lang='grc' dir='ltr'>ἁγία</span> <span class='ocrx_word' id='word_1_455' title='bbox 2560 1833 2857 1905; x_wconf 87' lang='grc' dir='ltr'>Παρθένος,</span> <span class='ocrx_word' id='word_1_456' title='bbox 2890 1835 2984 1888; x_wconf 76' lang='grc' dir='ltr'><strong>καὶ</strong></span> <span class='ocrx_word' id='word_1_457' title='bbox 3011 1838 3056 1888; x_wconf 84' lang='grc' dir='ltr'><strong>εί</strong></span> <span class='ocrx_word' id='word_1_458' title='bbox 3083 1836 3302 1888; x_wconf 84' lang='grc' dir='ltr'>τέτοκεν</span> <span class='ocrx_word' id='word_1_459' title='bbox 3331 1837 3633 1907; x_wconf 84' lang='grc' dir='ltr'>ἄνθρωπον,</span> <span class='ocrx_word' id='word_1_460' title='bbox 3664 1854 3924 1909; x_wconf 81' lang='grc' dir='ltr'>συμπαρ-</span> 
     </span>
    </p>
   </div>
   <div class='ocr_carea' id='block_1_60' title="bbox 2341 1926 3928 1997">
    <p class='ocr_par' dir='ltr' id='par_1_60' title="bbox 2341 1926 3928 1997">
     <span class='ocr_line' id='line_1_60' title="bbox 2341 1926 3928 1997; baseline 0.004 -19"><span class='ocrx_word' id='word_1_461' title='bbox 2341 1926 2586 1987; x_wconf 82' lang='grc' dir='ltr'>ελθόντος</span> <span class='ocrx_word' id='word_1_462' title='bbox 2633 1926 2782 1997; x_wconf 78' lang='grc' dir='ltr'>αὑτῴ</span> <span class='ocrx_word' id='word_1_463' title='bbox 2825 1927 2918 1979; x_wconf 85' lang='grc' dir='ltr'><strong>τοῦ</strong></span> <span class='ocrx_word' id='word_1_464' title='bbox 2955 1927 3090 1981; x_wconf 84' lang='grc' dir='ltr'>Θεοῦ</span> <span class='ocrx_word' id='word_1_465' title='bbox 3137 1930 3334 1996; x_wconf 82' lang='grc' dir='ltr'>Λόγου,</span> <span class='ocrx_word' id='word_1_466' title='bbox 3381 1929 3496 1982; x_wconf 78' lang='grc' dir='ltr'>ἀλλ’</span> <span class='ocrx_word' id='word_1_467' title='bbox 3542 1931 3603 1982; x_wconf 85' lang='grc' dir='ltr'><strong>οὐ</strong></span> <span class='ocrx_word' id='word_1_468' title='bbox 3644 1929 3733 1982; x_wconf 70' lang='grc' dir='ltr'>διὰ</span> <span class='ocrx_word' id='word_1_469' title='bbox 3763 1931 3928 1984; x_wconf 89' lang='grc' dir='ltr'>τοῦτο</span> 
     </span>
    </p>
   </div>
   <div class='ocr_carea' id='block_1_61' title="bbox 2339 2019 3928 2092">
    <p class='ocr_par' dir='ltr' id='par_1_61' title="bbox 2339 2019 3928 2092">
     <span class='ocr_line' id='line_1_61' title="bbox 2339 2019 3928 2092; baseline 0.003 -21"><span class='ocrx_word' id='word_1_470' title='bbox 2339 2019 2630 2081; x_wconf 84' lang='grc' dir='ltr'>Θεοτόκος·</span> <span class='ocrx_word' id='word_1_471' title='bbox 2661 2023 2723 2072; x_wconf 77' lang='grc' dir='ltr'><strong>οὐ</strong></span> <span class='ocrx_word' id='word_1_472' title='bbox 2769 2021 2878 2090; x_wconf 72' lang='grc' dir='ltr'>γὰρ</span> <span class='ocrx_word' id='word_1_473' title='bbox 2909 2019 3058 2090; x_wconf 80' lang='grc' dir='ltr'><strong>παρά</strong></span> <span class='ocrx_word' id='word_1_474' title='bbox 3094 2020 3193 2089; x_wconf 79' lang='grc' dir='ltr'>τὴς</span> <span class='ocrx_word' id='word_1_475' title='bbox 3231 2020 3508 2090; x_wconf 81' lang='grc' dir='ltr'>μακαρίας</span> <span class='ocrx_word' id='word_1_476' title='bbox 3541 2022 3820 2092; x_wconf 76' lang='grc' dir='ltr'>Παρθένου</span> <span class='ocrx_word' id='word_1_477' title='bbox 3864 2023 3928 2075; x_wconf 80' lang='grc' dir='ltr'><strong>τὸ</strong></span> 
     </span>
    </p>
   </div>
   <div class='ocr_carea' id='block_1_62' title="bbox 2341 2108 3928 2184">
    <p class='ocr_par' dir='ltr' id='par_1_62' title="bbox 2341 2108 3928 2184">
     <span class='ocr_line' id='line_1_62' title="bbox 2341 2108 3928 2184; baseline 0.003 -21"><span class='ocrx_word' id='word_1_478' title='bbox 2341 2109 2559 2179; x_wconf 79' lang='grc' dir='ltr'>ἀξίωμα</span> <span class='ocrx_word' id='word_1_479' title='bbox 2609 2111 2805 2178; x_wconf 86' lang='grc' dir='ltr'>Λόγου,</span> <span class='ocrx_word' id='word_1_480' title='bbox 2846 2112 2960 2165; x_wconf 83' lang='grc' dir='ltr'>ἀλλ’</span> <span class='ocrx_word' id='word_1_481' title='bbox 3013 2108 3080 2183; x_wconf 78' lang='grc' dir='ltr'>ἦν</span> <span class='ocrx_word' id='word_1_482' title='bbox 3137 2112 3295 2181; x_wconf 72' lang='grc' dir='ltr'>φύσει</span> <span class='ocrx_word' id='word_1_483' title='bbox 3345 2112 3521 2182; x_wconf 84' lang='grc' dir='ltr'>Θεός.]</span> <span class='ocrx_word' id='word_1_484' title='bbox 3568 2113 3642 2166; x_wconf 86' lang='grc' dir='ltr'><strong>Τὸ</strong></span> <span class='ocrx_word' id='word_1_485' title='bbox 3690 2115 3788 2184; x_wconf 83' lang='grc' dir='ltr'><strong>μὲν</strong></span> <span class='ocrx_word' id='word_1_486' title='bbox 3832 2110 3928 2168; x_wconf 80' lang='grc' dir='ltr'><strong>οῦν</strong></span> 
     </span>
    </p>
   </div>
   <div class='ocr_carea' id='block_1_63' title="bbox 2341 2203 3924 2275">
    <p class='ocr_par' dir='ltr' id='par_1_63' title="bbox 2341 2203 3924 2275">
     <span class='ocr_line' id='line_1_63' title="bbox 2341 2203 3924 2275; baseline 0.003 -21"><span class='ocrx_word' id='word_1_487' title='bbox 2341 2203 2747 2273; x_wconf 85' lang='grc' dir='ltr'>συμπαρελθεῖν</span> <span class='ocrx_word' id='word_1_488' title='bbox 2780 2205 2845 2274; x_wconf 78' lang='grc' dir='ltr'>τῇ</span> <span class='ocrx_word' id='word_1_489' title='bbox 2881 2205 3040 2275; x_wconf 77' lang='grc' dir='ltr'>σαρκὶ</span> <span class='ocrx_word' id='word_1_490' title='bbox 3090 2203 3178 2257; x_wconf 76' lang='grc' dir='ltr'><strong>τον</strong></span> <span class='ocrx_word' id='word_1_491' title='bbox 3211 2205 3403 2271; x_wconf 80' lang='grc' dir='ltr'>Λόγον,</span> <span class='ocrx_word' id='word_1_492' title='bbox 3432 2206 3459 2258; x_wconf 84' lang='grc' dir='ltr'><em>ὃ</em></span> <span class='ocrx_word' id='word_1_493' title='bbox 3503 2205 3556 2256; x_wconf 88' lang='grc' dir='ltr'><strong>τί</strong></span> <span class='ocrx_word' id='word_1_494' title='bbox 3592 2207 3720 2257; x_wconf 87' lang='grc' dir='ltr'>ποτέ</span> <span class='ocrx_word' id='word_1_495' title='bbox 3750 2206 3924 2266; x_wconf 78' lang='grc' dir='ltr'>ἐστιν.</span> 
     </span>
    </p>
   </div>
   <div class='ocr_carea' id='block_1_64' title="bbox 2342 2295 3928 2370">
    <p class='ocr_par' dir='ltr' id='par_1_64' title="bbox 2342 2295 3928 2370">
     <span class='ocr_line' id='line_1_64' title="bbox 2342 2295 3928 2370; baseline 0.001 -20"><span class='ocrx_word' id='word_1_496' title='bbox 2342 2297 2502 2358; x_wconf 71' lang='grc' dir='ltr'>αὐτὸς</span> <span class='ocrx_word' id='word_1_497' title='bbox 2542 2296 2605 2350; x_wconf 78' lang='grc' dir='ltr'><strong>ἂν</strong></span> <span class='ocrx_word' id='word_1_498' title='bbox 2647 2297 2833 2365; x_wconf 82' lang='grc' dir='ltr'>εἰδείη,</span> <span class='ocrx_word' id='word_1_499' title='bbox 2870 2297 2964 2349; x_wconf 68' lang='grc' dir='ltr'><strong>καὶ</strong></span> <span class='ocrx_word' id='word_1_500' title='bbox 3000 2297 3191 2366; x_wconf 88' lang='grc' dir='ltr'>μόνος·</span> <span class='ocrx_word' id='word_1_501' title='bbox 3228 2298 3439 2366; x_wconf 82' lang='grc' dir='ltr'>ἄγαμαι</span> <span class='ocrx_word' id='word_1_502' title='bbox 3486 2295 3544 2348; x_wconf 82' lang='grc' dir='ltr'>δὲ</span> <span class='ocrx_word' id='word_1_503' title='bbox 3591 2298 3795 2367; x_wconf 74' lang='grc' dir='ltr'>σφόδρα</span> <span class='ocrx_word' id='word_1_504' title='bbox 3828 2302 3928 2370; x_wconf 86' lang='grc' dir='ltr'>τῆς</span> 
     </span>
    </p>
   </div>
   <div class='ocr_carea' id='block_1_65' title="bbox 2341 2386 3931 2460">
    <p class='ocr_par' dir='ltr' id='par_1_65' title="bbox 2341 2386 3931 2460">
     <span class='ocr_line' id='line_1_65' title="bbox 2341 2386 3931 2460; baseline 0.003 -22"><span class='ocrx_word' id='word_1_505' title='bbox 2341 2386 2484 2438; x_wconf 70' lang='grc' dir='ltr'>οὕτω</span> <span class='ocrx_word' id='word_1_506' title='bbox 2516 2386 2718 2455; x_wconf 77' lang='grc' dir='ltr'>λεπτῆς</span> <span class='ocrx_word' id='word_1_507' title='bbox 2764 2388 3046 2457; x_wconf 86' lang='grc' dir='ltr'>ἀκριϐείας</span> <span class='ocrx_word' id='word_1_508' title='bbox 3078 2388 3226 2458; x_wconf 85' lang='grc' dir='ltr'>αύτῴ</span> <span class='ocrx_word' id='word_1_509' title='bbox 3260 2387 3368 2460; x_wconf 82' lang='grc' dir='ltr'><strong>[ἴσ.</strong></span> <span class='ocrx_word' id='word_1_510' title='bbox 3403 2387 3607 2460; x_wconf 81' lang='grc' dir='ltr'>αὑτόν].</span> <span class='ocrx_word' id='word_1_511' title='bbox 3657 2389 3931 2443; x_wconf 78' lang='grc' dir='ltr'>Ἢνῶσθαι</span> 
     </span>
    </p>
   </div>
   <div class='ocr_carea' id='block_1_66' title="bbox 2346 2478 3930 2549">
    <p class='ocr_par' dir='ltr' id='par_1_66' title="bbox 2346 2478 3930 2549">
     <span class='ocr_line' id='line_1_66' title="bbox 2346 2478 3930 2549; baseline 0.004 -20"><span class='ocrx_word' id='word_1_512' title='bbox 2346 2478 2443 2548; x_wconf 84' lang='grc' dir='ltr'>μὲν</span> <span class='ocrx_word' id='word_1_513' title='bbox 2473 2479 2581 2548; x_wconf 86' lang='grc' dir='ltr'><strong>γάρ</strong></span> <span class='ocrx_word' id='word_1_514' title='bbox 2610 2482 2674 2549; x_wconf 80' lang='grc' dir='ltr'>τῇ</span> <span class='ocrx_word' id='word_1_515' title='bbox 2715 2483 2878 2548; x_wconf 75' lang='grc' dir='ltr'>σαρκὶ</span> <span class='ocrx_word' id='word_1_516' title='bbox 2912 2480 3032 2534; x_wconf 80' lang='grc' dir='ltr'>καθ’</span> <span class='ocrx_word' id='word_1_517' title='bbox 3071 2481 3367 2534; x_wconf 75' lang='grc' dir='ltr'>ὑπόστασιν</span> <span class='ocrx_word' id='word_1_518' title='bbox 3398 2483 3491 2535; x_wconf 72' lang='grc' dir='ltr'><strong>τὸν</strong></span> <span class='ocrx_word' id='word_1_519' title='bbox 3517 2481 3612 2534; x_wconf 87' lang='grc' dir='ltr'><strong>τοῦ</strong></span> <span class='ocrx_word' id='word_1_520' title='bbox 3648 2481 3781 2535; x_wconf 86' lang='grc' dir='ltr'>Θεοῦ</span> <span class='ocrx_word' id='word_1_521' title='bbox 3824 2485 3930 2536; x_wconf 81' lang='grc' dir='ltr'><strong>Λό-</strong></span> 
     </span>
    </p>
   </div>
   <div class='ocr_carea' id='block_1_67' title="bbox 2344 2570 3933 2645">
    <p class='ocr_par' dir='ltr' id='par_1_67' title="bbox 2344 2570 3933 2645">
     <span class='ocr_line' id='line_1_67' title="bbox 2344 2570 3933 2645; baseline 0.005 -25"><span class='ocrx_word' id='word_1_522' title='bbox 2344 2587 2460 2636; x_wconf 90' lang='grc' dir='ltr'>γον,</span> <span class='ocrx_word' id='word_1_523' title='bbox 2494 2572 2522 2621; x_wconf 91' lang='lat'><strong>6</strong></span> <span class='ocrx_word' id='word_1_524' title='bbox 2562 2570 2662 2639; x_wconf 82' lang='grc' dir='ltr'>τῆς</span> <span class='ocrx_word' id='word_1_525' title='bbox 2709 2572 2968 2641; x_wconf 81' lang='grc' dir='ltr'>ἀληθείας</span> <span class='ocrx_word' id='word_1_526' title='bbox 3011 2573 3300 2644; x_wconf 86' lang='grc' dir='ltr'>πρεσϐεύει</span> <span class='ocrx_word' id='word_1_527' title='bbox 3355 2573 3511 2640; x_wconf 83' lang='grc' dir='ltr'>λόγος</span> <span class='ocrx_word' id='word_1_528' title='bbox 3533 2591 3544 2601; x_wconf 92' lang='grc'>·</span> <span class='ocrx_word' id='word_1_529' title='bbox 3577 2574 3636 2626; x_wconf 84' lang='grc' dir='ltr'><strong>τὸ</strong></span> <span class='ocrx_word' id='word_1_530' title='bbox 3666 2573 3720 2626; x_wconf 85' lang='grc' dir='ltr'>δὲ</span> <span class='ocrx_word' id='word_1_531' title='bbox 3753 2573 3866 2645; x_wconf 78' lang='grc' dir='ltr'><strong>[ἷσ.</strong></span> <span class='ocrx_word' id='word_1_532' title='bbox 3904 2577 3933 2627; x_wconf 92' lang='lat'><strong>6</strong></span> 
     </span>
    </p>
   </div>
   <div class='ocr_carea' id='block_1_68' title="bbox 2344 2660 3933 2734">
    <p class='ocr_par' dir='ltr' id='par_1_68' title="bbox 2344 2660 3933 2734">
     <span class='ocr_line' id='line_1_68' title="bbox 2344 2660 3933 2734; baseline 0.001 -20"><span class='ocrx_word' id='word_1_533' title='bbox 2344 2661 2424 2734; x_wconf 80' lang='grc' dir='ltr'><strong>δὲ]</strong></span> <span class='ocrx_word' id='word_1_534' title='bbox 2455 2661 2879 2732; x_wconf 80' lang='grc' dir='ltr'>συμπαρελθεῖν,</span> <span class='ocrx_word' id='word_1_535' title='bbox 2913 2663 3011 2716; x_wconf 77' lang='grc' dir='ltr'><strong>οὐκ</strong></span> <span class='ocrx_word' id='word_1_536' title='bbox 3035 2660 3129 2715; x_wconf 81' lang='grc' dir='ltr'>οἷδ’</span> <span class='ocrx_word' id='word_1_537' title='bbox 3162 2665 3188 2716; x_wconf 81' lang='grc' dir='ltr'><strong>ὃ</strong></span> <span class='ocrx_word' id='word_1_538' title='bbox 3209 2682 3260 2716; x_wconf 86' lang='grc' dir='ltr'><strong>τι</strong></span> <span class='ocrx_word' id='word_1_539' title='bbox 3296 2663 3490 2731; x_wconf 86' lang='grc' dir='ltr'>λέγων,</span> <span class='ocrx_word' id='word_1_540' title='bbox 3522 2663 3933 2717; x_wconf 88' lang='grc' dir='ltr'>διαϐεϐαιοῦται</span> 
     </span>
    </p>
   </div>
   <div class='ocr_carea' id='block_1_69' title="bbox 2347 2750 3934 2825">
    <p class='ocr_par' dir='ltr' id='par_1_69' title="bbox 2347 2750 3934 2825">
     <span class='ocr_line' id='line_1_69' title="bbox 2347 2750 3934 2825; baseline 0.001 -19"><span class='ocrx_word' id='word_1_541' title='bbox 2347 2755 2572 2825; x_wconf 82' lang='grc' dir='ltr'>συχνῶς.</span> <span class='ocrx_word' id='word_1_542' title='bbox 2612 2750 2744 2808; x_wconf 78' lang='grc' dir='ltr'>Εἶτα</span> <span class='ocrx_word' id='word_1_543' title='bbox 2776 2757 2902 2825; x_wconf 71' lang='grc' dir='ltr'>περὶ</span> <span class='ocrx_word' id='word_1_544' title='bbox 2934 2754 3146 2823; x_wconf 66' lang='grc' dir='ltr'>φύσεως</span> <span class='ocrx_word' id='word_1_545' title='bbox 3187 2757 3339 2825; x_wconf 75' lang='grc' dir='ltr'>ἡμῖν,</span> <span class='ocrx_word' id='word_1_546' title='bbox 3381 2756 3472 2808; x_wconf 76' lang='grc' dir='ltr'>καὶ</span> <span class='ocrx_word' id='word_1_547' title='bbox 3504 2755 3602 2825; x_wconf 82' lang='grc' dir='ltr'>τῆς</span> <span class='ocrx_word' id='word_1_548' title='bbox 3646 2755 3764 2808; x_wconf 80' lang='grc' dir='ltr'>καθ’</span> <span class='ocrx_word' id='word_1_549' title='bbox 3799 2756 3934 2810; x_wconf 78' lang='grc' dir='ltr'>ὑπό-</span> 
     </span>
    </p>
   </div>
   <div class='ocr_carea' id='block_1_70' title="bbox 2347 2847 3935 2919">
    <p class='ocr_par' dir='ltr' id='par_1_70' title="bbox 2347 2847 3935 2919">
     <span class='ocr_line' id='line_1_70' title="bbox 2347 2847 3935 2919; baseline 0.002 -19"><span class='ocrx_word' id='word_1_550' title='bbox 2347 2863 2536 2900; x_wconf 88' lang='grc' dir='ltr'>στασιν</span> <span class='ocrx_word' id='word_1_551' title='bbox 2583 2847 2828 2911; x_wconf 74' lang='grc' dir='ltr'>ὲνὼαεως</span> <span class='ocrx_word' id='word_1_552' title='bbox 2856 2848 2950 2900; x_wconf 86' lang='grc' dir='ltr'><strong>τοῦ</strong></span> <span class='ocrx_word' id='word_1_553' title='bbox 2988 2850 3187 2912; x_wconf 76' lang='grc' dir='ltr'>παντὸς</span> <span class='ocrx_word' id='word_1_554' title='bbox 3224 2848 3584 2919; x_wconf 76' lang='grc' dir='ltr'>προκειμένου</span> <span class='ocrx_word' id='word_1_555' title='bbox 3620 2847 3802 2916; x_wconf 84' lang='grc' dir='ltr'>λόγου,</span> <span class='ocrx_word' id='word_1_556' title='bbox 3839 2853 3935 2903; x_wconf 70' lang='grc' dir='ltr'><strong>καὶ</strong></span> 
     </span>
    </p>
   </div>
   <div class='ocr_carea' id='block_1_71' title="bbox 2346 2939 3934 3013">
    <p class='ocr_par' dir='ltr' id='par_1_71' title="bbox 2346 2939 3934 3013">
     <span class='ocr_line' id='line_1_71' title="bbox 2346 2939 3934 3013; baseline 0.003 -21"><span class='ocrx_word' id='word_1_557' title='bbox 2346 2939 2625 3010; x_wconf 78' lang='grc' dir='ltr'>διερευνᾷν</span> <span class='ocrx_word' id='word_1_558' title='bbox 2660 2939 3068 3006; x_wconf 74' lang='grc' dir='ltr'>σπουδάζοντος,</span> <span class='ocrx_word' id='word_1_559' title='bbox 3105 2941 3201 3011; x_wconf 64' lang='grc' dir='ltr'><strong>οὐχ</strong></span> <span class='ocrx_word' id='word_1_560' title='bbox 3232 2943 3258 2994; x_wconf 85' lang='grc' dir='ltr'>ὅ</span> <span class='ocrx_word' id='word_1_561' title='bbox 3294 2942 3343 2993; x_wconf 87' lang='grc' dir='ltr'><strong>τί</strong></span> <span class='ocrx_word' id='word_1_562' title='bbox 3385 2941 3516 2993; x_wconf 84' lang='grc' dir='ltr'>ποτέ</span> <span class='ocrx_word' id='word_1_563' title='bbox 3559 2942 3676 2996; x_wconf 79' lang='grc' dir='ltr'>ἐστι</span> <span class='ocrx_word' id='word_1_564' title='bbox 3709 2942 3803 2994; x_wconf 75' lang='grc' dir='ltr'><strong>καὶ</strong></span> <span class='ocrx_word' id='word_1_565' title='bbox 3833 2943 3934 3013; x_wconf 76' lang='grc' dir='ltr'>τὴν</span> 
     </span>
    </p>
   </div>
   <div class='ocr_carea' id='block_1_72' title="bbox 2347 3029 3935 3102">
    <p class='ocr_par' dir='ltr' id='par_1_72' title="bbox 2347 3029 3935 3102">
     <span class='ocr_line' id='line_1_72' title="bbox 2347 3029 3935 3102; baseline -0.001 -18"><span class='ocrx_word' id='word_1_566' title='bbox 2347 3031 2506 3096; x_wconf 81' lang='grc' dir='ltr'>ἀξίαν</span> <span class='ocrx_word' id='word_1_567' title='bbox 2550 3033 2577 3082; x_wconf 91' lang='lat'><strong>6</strong></span> <span class='ocrx_word' id='word_1_568' title='bbox 2603 3032 2665 3083; x_wconf 87' lang='grc' dir='ltr'><strong>ἐκ</strong></span> <span class='ocrx_word' id='word_1_569' title='bbox 2692 3029 2825 3082; x_wconf 81' lang='grc' dir='ltr'>Θεοῦ</span> <span class='ocrx_word' id='word_1_570' title='bbox 2859 3032 3048 3099; x_wconf 87' lang='grc' dir='ltr'>Λόγος,</span> <span class='ocrx_word' id='word_1_571' title='bbox 3079 3032 3191 3084; x_wconf 75' lang='grc' dir='ltr'>ἀλλ’</span> <span class='ocrx_word' id='word_1_572' title='bbox 3231 3033 3277 3084; x_wconf 84' lang='grc' dir='ltr'><strong>εί</strong></span> <span class='ocrx_word' id='word_1_573' title='bbox 3319 3031 3542 3100; x_wconf 90' lang='grc' dir='ltr'>γέγονεν</span> <span class='ocrx_word' id='word_1_574' title='bbox 3572 3033 3935 3102; x_wconf 74' lang='grc' dir='ltr'>οἰκονομικῶς</span> 
     </span>
    </p>
   </div>
   <div class='ocr_carea' id='block_1_73' title="bbox 2349 3122 3935 3195">
    <p class='ocr_par' dir='ltr' id='par_1_73' title="bbox 2349 3122 3935 3195">
     <span class='ocr_line' id='line_1_73' title="bbox 2349 3122 3935 3195; baseline 0 -19"><span class='ocrx_word' id='word_1_575' title='bbox 2349 3122 2652 3194; x_wconf 75' lang='grc' dir='ltr'>ἄνθρωπος,</span> <span class='ocrx_word' id='word_1_576' title='bbox 2689 3124 2823 3176; x_wconf 78' lang='grc' dir='ltr'>ἰδίαν</span> <span class='ocrx_word' id='word_1_577' title='bbox 2854 3125 3218 3195; x_wconf 80' lang='grc' dir='ltr'>ποιησάμενος</span> <span class='ocrx_word' id='word_1_578' title='bbox 3244 3127 3420 3194; x_wconf 76' lang='grc' dir='ltr'>σάρκα</span> <span class='ocrx_word' id='word_1_579' title='bbox 3442 3124 3539 3194; x_wconf 76' lang='grc' dir='ltr'><strong>τὴν</strong></span> <span class='ocrx_word' id='word_1_580' title='bbox 3562 3125 3625 3176; x_wconf 82' lang='grc' dir='ltr'>ὲκ</span> <span class='ocrx_word' id='word_1_581' title='bbox 3654 3125 3935 3192; x_wconf 80' lang='grc' dir='ltr'>γυναικὸς,</span> 
     </span>
    </p>
   </div>
   <div class='ocr_carea' id='block_1_74' title="bbox 2270 3216 3934 3287">
    <p class='ocr_par' dir='ltr' id='par_1_74' title="bbox 2270 3216 3934 3287">
     <span class='ocr_line' id='line_1_74' title="bbox 2270 3216 3934 3287; baseline 0.003 -21"><span class='ocrx_word' id='word_1_582' title='bbox 2270 3229 2314 3286; x_wconf 82' lang='lat' dir='ltr'>c</span> <span class='ocrx_word' id='word_1_583' title='bbox 2349 3217 2428 3279; x_wconf 84' lang='grc' dir='ltr'>εἰς</span> <span class='ocrx_word' id='word_1_584' title='bbox 2483 3216 2646 3286; x_wconf 81' lang='grc' dir='ltr'>ἕτερα</span> <span class='ocrx_word' id='word_1_585' title='bbox 2700 3216 2958 3285; x_wconf 74' lang='grc' dir='ltr'>μεθιστὰς</span> <span class='ocrx_word' id='word_1_586' title='bbox 3008 3218 3312 3280; x_wconf 84' lang='grc' dir='ltr'>άλλοκότως</span> <span class='ocrx_word' id='word_1_587' title='bbox 3346 3219 3406 3270; x_wconf 60' lang='grc' dir='ltr'>τδ</span> <span class='ocrx_word' id='word_1_588' title='bbox 3465 3217 3820 3287; x_wconf 75' lang='grc' dir='ltr'>ζητούμενον,</span> <span class='ocrx_word' id='word_1_589' title='bbox 3856 3220 3934 3271; x_wconf 77' lang='grc' dir='ltr'>Οὐ</span> 
     </span>
    </p>
   </div>
   <div class='ocr_carea' id='block_1_75' title="bbox 2351 3309 3939 3381">
    <p class='ocr_par' dir='ltr' id='par_1_75' title="bbox 2351 3309 3939 3381">
     <span class='ocr_line' id='line_1_75' title="bbox 2351 3309 3939 3381; baseline 0 -19"><span class='ocrx_word' id='word_1_590' title='bbox 2351 3309 2506 3379; x_wconf 83' lang='grc' dir='ltr'>παρὰ</span> <span class='ocrx_word' id='word_1_591' title='bbox 2554 3309 2651 3377; x_wconf 75' lang='grc' dir='ltr'>τῆς</span> <span class='ocrx_word' id='word_1_592' title='bbox 2695 3309 2854 3377; x_wconf 82' lang='grc' dir='ltr'>ἁγίας</span> <span class='ocrx_word' id='word_1_593' title='bbox 2907 3311 3214 3381; x_wconf 83' lang='grc' dir='ltr'>Παρθένου,</span> <span class='ocrx_word' id='word_1_594' title='bbox 3269 3311 3419 3379; x_wconf 79' lang='grc' dir='ltr'>φησὶ,</span> <span class='ocrx_word' id='word_1_595' title='bbox 3479 3310 3538 3362; x_wconf 84' lang='grc' dir='ltr'><strong>τὸ</strong></span> <span class='ocrx_word' id='word_1_596' title='bbox 3587 3311 3800 3379; x_wconf 80' lang='grc' dir='ltr'>ἀξίωμα</span> <span class='ocrx_word' id='word_1_597' title='bbox 3854 3311 3939 3381; x_wconf 77' lang='grc' dir='ltr'>τῷ</span> 
     </span>
    </p>
   </div>
   <div class='ocr_carea' id='block_1_76' title="bbox 2351 3397 3938 3474">
    <p class='ocr_par' dir='ltr' id='par_1_76' title="bbox 2351 3397 3938 3474">
     <span class='ocr_line' id='line_1_76' title="bbox 2351 3397 3938 3474; baseline 0.016 -23"><span class='ocrx_word' id='word_1_598' title='bbox 2351 3399 2528 3465; x_wconf 69' lang='grc' dir='ltr'>Λόγῳ,</span> <span class='ocrx_word' id='word_1_599' title='bbox 2567 3401 2682 3451; x_wconf 76' lang='grc' dir='ltr'>ἀλλ’</span> <span class='ocrx_word' id='word_1_600' title='bbox 2729 3397 2796 3470; x_wconf 78' lang='grc' dir='ltr'>ἦν</span> <span class='ocrx_word' id='word_1_601' title='bbox 2829 3400 2987 3468; x_wconf 73' lang='grc' dir='ltr'>φύσει</span> <span class='ocrx_word' id='word_1_602' title='bbox 3036 3401 3203 3464; x_wconf 72' lang='grc' dir='ltr'>Θεόςο</span> <span class='ocrx_word' id='word_1_603' title='bbox 3252 3403 3428 3454; x_wconf 82' lang='grc' dir='ltr'>καίτοι</span> <span class='ocrx_word' id='word_1_604' title='bbox 3474 3401 3589 3464; x_wconf 79' lang='grc' dir='ltr'><strong>πῶς</strong></span> <span class='ocrx_word' id='word_1_605' title='bbox 3621 3403 3715 3471; x_wconf 68' lang='grc' dir='ltr'><strong>οὐχ</strong></span> <span class='ocrx_word' id='word_1_606' title='bbox 3747 3403 3938 3474; x_wconf 59' lang='grc' dir='ltr'><strong>ἒτεράν</strong></span> 
     </span>
    </p>
   </div>
   <div class='ocr_carea' id='block_1_77' title="bbox 2349 3489 3940 3562">
    <p class='ocr_par' dir='ltr' id='par_1_77' title="bbox 2349 3489 3940 3562">
     <span class='ocr_line' id='line_1_77' title="bbox 2349 3489 3940 3562; baseline 0.004 -24"><span class='ocrx_word' id='word_1_607' title='bbox 2349 3505 2403 3539; x_wconf 87' lang='grc' dir='ltr'><strong>τι</strong></span> <span class='ocrx_word' id='word_1_608' title='bbox 2453 3490 2543 3539; x_wconf 75' lang='grc' dir='ltr'><strong>καὶ</strong></span> <span class='ocrx_word' id='word_1_609' title='bbox 2569 3489 2755 3557; x_wconf 76' lang='grc' dir='ltr'>ἕτερον</span> <span class='ocrx_word' id='word_1_610' title='bbox 2803 3489 3044 3559; x_wconf 80' lang='grc' dir='ltr'>ἐναργῶς</span> <span class='ocrx_word' id='word_1_611' title='bbox 3076 3491 3294 3560; x_wconf 79' lang='grc' dir='ltr'>ἀξίωμά</span> <span class='ocrx_word' id='word_1_612' title='bbox 3333 3509 3390 3544; x_wconf 90' lang='grc' dir='ltr'><strong>τε</strong></span> <span class='ocrx_word' id='word_1_613' title='bbox 3422 3495 3515 3545; x_wconf 76' lang='grc' dir='ltr'><strong>καὶ</strong></span> <span class='ocrx_word' id='word_1_614' title='bbox 3545 3493 3732 3562; x_wconf 79' lang='grc' dir='ltr'>φύσις;</span> <span class='ocrx_word' id='word_1_615' title='bbox 3795 3494 3940 3547; x_wconf 81' lang='grc' dir='ltr'>Ἀλλ’</span> 
     </span>
    </p>
   </div>
   <div class='ocr_carea' id='block_1_78' title="bbox 2351 3579 3941 3653">
    <p class='ocr_par' dir='ltr' id='par_1_78' title="bbox 2351 3579 3941 3653">
     <span class='ocr_line' id='line_1_78' title="bbox 2351 3579 3941 3653; baseline 0.004 -23"><span class='ocrx_word' id='word_1_616' title='bbox 2351 3579 2411 3630; x_wconf 81' lang='grc' dir='ltr'><strong>οὐ</strong></span> <span class='ocrx_word' id='word_1_617' title='bbox 2441 3579 2606 3642; x_wconf 72' lang='grc' dir='ltr'>πολὺς</span> <span class='ocrx_word' id='word_1_618' title='bbox 2641 3583 2779 3646; x_wconf 84' lang='grc' dir='ltr'>ἄγαν</span> <span class='ocrx_word' id='word_1_619' title='bbox 2800 3583 2912 3644; x_wconf 89' lang='grc' dir='ltr'>τοῖς</span> <span class='ocrx_word' id='word_1_620' title='bbox 2944 3582 3000 3633; x_wconf 80' lang='grc' dir='ltr'><strong>ἒν</strong></span> <span class='ocrx_word' id='word_1_621' title='bbox 3041 3599 3099 3633; x_wconf 89' lang='grc' dir='ltr'><strong>τε</strong></span> <span class='ocrx_word' id='word_1_622' title='bbox 3128 3583 3337 3644; x_wconf 86' lang='grc' dir='ltr'>τούτοις</span> <span class='ocrx_word' id='word_1_623' title='bbox 3365 3582 3472 3653; x_wconf 86' lang='grc' dir='ltr'><strong>[ἶσ.</strong></span> <span class='ocrx_word' id='word_1_624' title='bbox 3502 3587 3598 3652; x_wconf 77' lang='grc' dir='ltr'>τῆς</span> <span class='ocrx_word' id='word_1_625' title='bbox 3629 3583 3683 3634; x_wconf 84' lang='grc' dir='ltr'>ἐν</span> <span class='ocrx_word' id='word_1_626' title='bbox 3715 3601 3774 3652; x_wconf 91' lang='grc' dir='ltr'><strong>γε</strong></span> <span class='ocrx_word' id='word_1_627' title='bbox 3815 3585 3941 3637; x_wconf 80' lang='grc' dir='ltr'>τού-</span> 
     </span>
    </p>
   </div>
   <div class='ocr_carea' id='block_1_79' title="bbox 2351 3669 3940 3746">
    <p class='ocr_par' dir='ltr' id='par_1_79' title="bbox 2351 3669 3940 3746">
     <span class='ocr_line' id='line_1_79' title="bbox 2351 3669 3940 3746; baseline 0.004 -24"><span class='ocrx_word' id='word_1_628' title='bbox 2351 3669 2488 3742; x_wconf 89' lang='grc' dir='ltr'>τοις]</span> <span class='ocrx_word' id='word_1_629' title='bbox 2537 3675 2669 3740; x_wconf 77' lang='grc' dir='ltr'><strong>ήμίν</strong></span> <span class='ocrx_word' id='word_1_630' title='bbox 2722 3673 3073 3742; x_wconf 79' lang='grc' dir='ltr'>ἰσχνομυθίας</span> <span class='ocrx_word' id='word_1_631' title='bbox 3118 3676 3146 3726; x_wconf 89' lang='lat'><strong>6</strong></span> <span class='ocrx_word' id='word_1_632' title='bbox 3185 3675 3358 3741; x_wconf 80' lang='grc' dir='ltr'>λόγος.</span> <span class='ocrx_word' id='word_1_633' title='bbox 3391 3675 3464 3727; x_wconf 83' lang='grc' dir='ltr'>Τὸ</span> <span class='ocrx_word' id='word_1_634' title='bbox 3507 3675 3550 3726; x_wconf 78' lang='grc' dir='ltr'>δ’</span> <span class='ocrx_word' id='word_1_635' title='bbox 3592 3672 3682 3728; x_wconf 80' lang='grc' dir='ltr'><strong>ούν</strong></span> <span class='ocrx_word' id='word_1_636' title='bbox 3736 3676 3940 3746; x_wconf 56' lang='grc' dir='ltr'>ἑξεξῆς</span> 
     </span>
    </p>
   </div>
   <div class='ocr_carea' id='block_1_80' title="bbox 2353 3764 3940 3838">
    <p class='ocr_par' dir='ltr' id='par_1_80' title="bbox 2353 3764 3940 3838">
     <span class='ocr_line' id='line_1_80' title="bbox 2353 3764 3940 3838; baseline 0.003 -24"><span class='ocrx_word' id='word_1_637' title='bbox 2353 3764 2648 3828; x_wconf 81' lang='grc' dir='ltr'>ἀναγκαῖον</span> <span class='ocrx_word' id='word_1_638' title='bbox 2675 3765 2819 3817; x_wconf 80' lang='grc' dir='ltr'>ἰδεῖν.</span> <span class='ocrx_word' id='word_1_639' title='bbox 2859 3767 3208 3836; x_wconf 77' lang='grc' dir='ltr'>Ἐπιτειχίζει</span> <span class='ocrx_word' id='word_1_640' title='bbox 3253 3768 3360 3837; x_wconf 75' lang='grc' dir='ltr'><strong>γάρ</strong></span> <span class='ocrx_word' id='word_1_641' title='bbox 3387 3785 3439 3820; x_wconf 82' lang='grc' dir='ltr'><strong>τι</strong></span> <span class='ocrx_word' id='word_1_642' title='bbox 3473 3770 3562 3820; x_wconf 74' lang='grc' dir='ltr'><strong>καὶ</strong></span> <span class='ocrx_word' id='word_1_643' title='bbox 3595 3769 3779 3838; x_wconf 78' lang='grc' dir='ltr'>ἕτερον</span> <span class='ocrx_word' id='word_1_644' title='bbox 3823 3773 3940 3832; x_wconf 77' lang='grc' dir='ltr'>τοῖς</span> 
     </span>
    </p>
   </div>
   <div class='ocr_carea' id='block_1_81' title="bbox 2355 3855 3938 3930">
    <p class='ocr_par' dir='ltr' id='par_1_81' title="bbox 2355 3855 3938 3930">
     <span class='ocr_line' id='line_1_81' title="bbox 2355 3855 3938 3930; baseline 0.004 -23"><span class='ocrx_word' id='word_1_645' title='bbox 2355 3856 2460 3925; x_wconf 84' lang='grc' dir='ltr'><strong>πρὸ</strong></span> <span class='ocrx_word' id='word_1_646' title='bbox 2507 3855 2615 3927; x_wconf 84' lang='grc' dir='ltr'><strong>[ἵσ.</strong></span> <span class='ocrx_word' id='word_1_647' title='bbox 2673 3857 2832 3929; x_wconf 77' lang='grc' dir='ltr'>πρὸςι</span> <span class='ocrx_word' id='word_1_648' title='bbox 2884 3858 3039 3928; x_wconf 76' lang='grc' dir='ltr'>ἡμῶν</span> <span class='ocrx_word' id='word_1_649' title='bbox 3085 3860 3420 3930; x_wconf 81' lang='grc' dir='ltr'>λεγομένοις,</span> <span class='ocrx_word' id='word_1_650' title='bbox 3468 3861 3542 3922; x_wconf 82' lang='grc' dir='ltr'>ὡς</span> <span class='ocrx_word' id='word_1_651' title='bbox 3586 3861 3716 3927; x_wconf 85' lang='grc' dir='ltr'>γοῦν</span> <span class='ocrx_word' id='word_1_652' title='bbox 3763 3862 3938 3914; x_wconf 76' lang='grc' dir='ltr'>οἴεταί</span> 
     </span>
    </p>
   </div>
   <div class='ocr_carea' id='block_1_82' title="bbox 2354 3949 3938 4025">
    <p class='ocr_par' dir='ltr' id='par_1_82' title="bbox 2354 3949 3938 4025">
     <span class='ocr_line' id='line_1_82' title="bbox 2354 3949 3938 4025; baseline 0.005 -24"><span class='ocrx_word' id='word_1_653' title='bbox 2354 3967 2480 4013; x_wconf 87' lang='grc' dir='ltr'>που,</span> <span class='ocrx_word' id='word_1_654' title='bbox 2505 3949 2597 4003; x_wconf 69' lang='grc' dir='ltr'><strong>καὶ</strong></span> <span class='ocrx_word' id='word_1_655' title='bbox 2625 3951 3019 4018; x_wconf 74' lang='grc' dir='ltr'>δυσδιάφυκτον</span> <span class='ocrx_word' id='word_1_656' title='bbox 3054 3954 3270 4022; x_wconf 78' lang='grc' dir='ltr'>κομιδῇ,</span> <span class='ocrx_word' id='word_1_657' title='bbox 3305 3955 3397 4005; x_wconf 80' lang='grc' dir='ltr'>καὶ</span> <span class='ocrx_word' id='word_1_658' title='bbox 3428 3955 3788 4022; x_wconf 80' lang='grc' dir='ltr'>ἀποχρώντως</span> <span class='ocrx_word' id='word_1_659' title='bbox 3814 3955 3938 4025; x_wconf 79' lang='grc' dir='ltr'>ἕχον</span> 
     </span>
    </p>
   </div>
   <div class='ocr_carea' id='block_1_83' title="bbox 2354 4042 3938 4113">
    <p class='ocr_par' dir='ltr' id='par_1_83' title="bbox 2354 4042 3938 4113">
     <span class='ocr_line' id='line_1_83' title="bbox 2354 4042 3938 4113; baseline 0.006 -20"><span class='ocrx_word' id='word_1_660' title='bbox 2354 4045 2433 4107; x_wconf 84' lang='grc' dir='ltr'><strong>εἵς</strong></span> <span class='ocrx_word' id='word_1_661' title='bbox 2458 4061 2517 4111; x_wconf 90' lang='grc' dir='ltr'><strong>γε</strong></span> <span class='ocrx_word' id='word_1_662' title='bbox 2541 4043 2600 4096; x_wconf 85' lang='grc' dir='ltr'><strong>τὸ</strong></span> <span class='ocrx_word' id='word_1_663' title='bbox 2627 4043 2910 4108; x_wconf 82' lang='grc' dir='ltr'>δύνασθαι,</span> <span class='ocrx_word' id='word_1_664' title='bbox 2933 4045 3027 4096; x_wconf 71' lang='grc' dir='ltr'>καὶ</span> <span class='ocrx_word' id='word_1_665' title='bbox 3058 4044 3202 4113; x_wconf 87' lang='grc' dir='ltr'>μάλα</span> <span class='ocrx_word' id='word_1_666' title='bbox 3236 4047 3518 4108; x_wconf 81' lang='grc' dir='ltr'>νεανικῶς,</span> <span class='ocrx_word' id='word_1_667' title='bbox 3545 4042 3703 4098; x_wconf 85' lang='grc' dir='ltr'>ἆθλον</span> <span class='ocrx_word' id='word_1_668' title='bbox 3729 4048 3938 4102; x_wconf 80' lang='grc' dir='ltr'>εἰκαῖον</span> 
     </span>
    </p>
   </div>
   <div class='ocr_carea' id='block_1_84' title="bbox 2355 4135 3938 4212">
    <p class='ocr_par' dir='ltr' id='par_1_84' title="bbox 2355 4135 3938 4212">
     <span class='ocr_line' id='line_1_84' title="bbox 2355 4135 3938 4212; baseline 0.003 -25"><span class='ocrx_word' id='word_1_669' title='bbox 2355 4136 2484 4205; x_wconf 78' lang='grc' dir='ltr'>ἡμῖν</span> <span class='ocrx_word' id='word_1_670' title='bbox 2527 4135 2624 4207; x_wconf 83' lang='grc' dir='ltr'><strong>τὴν</strong></span> <span class='ocrx_word' id='word_1_671' title='bbox 2668 4138 2732 4188; x_wconf 84' lang='grc' dir='ltr'>ὲκ</span> <span class='ocrx_word' id='word_1_672' title='bbox 2773 4136 3029 4204; x_wconf 73' lang='grc' dir='ltr'>γυναικὸς</span> <span class='ocrx_word' id='word_1_673' title='bbox 3063 4138 3338 4206; x_wconf 54' lang='grc' dir='ltr'>ἀπουῆναι</span> <span class='ocrx_word' id='word_1_674' title='bbox 3384 4138 3634 4205; x_wconf 80' lang='grc' dir='ltr'>γέννησιν</span> <span class='ocrx_word' id='word_1_675' title='bbox 3667 4139 3758 4191; x_wconf 88' lang='grc' dir='ltr'><strong>τοῦ</strong></span> <span class='ocrx_word' id='word_1_676' title='bbox 3803 4141 3938 4212; x_wconf 66' lang='grc' dir='ltr'><strong>Ἐμν</strong></span> 
     </span>
    </p>
   </div>
   <div class='ocr_carea' id='block_1_85' title="bbox 2359 4226 3277 4297">
    <p class='ocr_par' dir='ltr' id='par_1_85' title="bbox 2359 4226 3277 4297">
     <span class='ocr_line' id='line_1_85' title="bbox 2359 4226 3277 4297; baseline 0.001 -20"><span class='ocrx_word' id='word_1_677' title='bbox 2359 4227 2618 4296; x_wconf 80' lang='grc' dir='ltr'>μανουήλ.</span> <span class='ocrx_word' id='word_1_678' title='bbox 2651 4227 2786 4297; x_wconf 70' lang='grc' dir='ltr'>Φησὶ</span> <span class='ocrx_word' id='word_1_679' title='bbox 2817 4227 2871 4280; x_wconf 85' lang='grc' dir='ltr'>δὲ</span> <span class='ocrx_word' id='word_1_680' title='bbox 2902 4226 3042 4280; x_wconf 79' lang='grc' dir='ltr'>οὕτω</span> <span class='ocrx_word' id='word_1_681' title='bbox 3087 4229 3277 4280; x_wconf 86' lang='grc' dir='ltr'>πάλιν·</span> 
     </span>
    </p>
   </div>
   <div class='ocr_carea' id='block_1_86' title="bbox 2429 4318 3934 4392">
    <p class='ocr_par' dir='ltr' id='par_1_86' title="bbox 2429 4318 3934 4392">
     <span class='ocr_line' id='line_1_86' title="bbox 2429 4318 3934 4392; baseline 0 -19"><span class='ocrx_word' id='word_1_682' title='bbox 2429 4318 2519 4392; x_wconf 86' lang='grc' dir='ltr'><strong>[Ὀ</strong></span> <span class='ocrx_word' id='word_1_683' title='bbox 2543 4321 3080 4390; x_wconf 74' lang='grc' dir='ltr'>μακάριοςΊωάννης</span> <span class='ocrx_word' id='word_1_684' title='bbox 3107 4323 3134 4372; x_wconf 84' lang='grc' dir='ltr'>ὁ</span> <span class='ocrx_word' id='word_1_685' title='bbox 3155 4321 3461 4392; x_wconf 76' lang='grc' dir='ltr'>Βαπτιστὴς</span> <span class='ocrx_word' id='word_1_686' title='bbox 3495 4322 3934 4391; x_wconf 78' lang='grc' dir='ltr'>προκηρύττεται</span> 
     </span>
    </p>
   </div>
   <div class='ocr_carea' id='block_1_87' title="bbox 2358 4410 3937 4484">
    <p class='ocr_par' dir='ltr' id='par_1_87' title="bbox 2358 4410 3937 4484">
     <span class='ocr_line' id='line_1_87' title="bbox 2358 4410 3937 4484; baseline 0.003 -23"><span class='ocrx_word' id='word_1_687' title='bbox 2358 4411 2506 4479; x_wconf 70' lang='grc' dir='ltr'>παρὰ</span> <span class='ocrx_word' id='word_1_688' title='bbox 2542 4410 2649 4462; x_wconf 88' lang='grc' dir='ltr'>τῶν</span> <span class='ocrx_word' id='word_1_689' title='bbox 2698 4413 2868 4480; x_wconf 84' lang='grc' dir='ltr'>ἁγίων</span> <span class='ocrx_word' id='word_1_690' title='bbox 2904 4413 3172 4480; x_wconf 86' lang='grc' dir='ltr'>ἀγγέλων,</span> <span class='ocrx_word' id='word_1_691' title='bbox 3206 4414 3286 4466; x_wconf 81' lang='grc' dir='ltr'><strong>ὅτι</strong></span> <span class='ocrx_word' id='word_1_692' title='bbox 3320 4413 3690 4484; x_wconf 76' lang='grc' dir='ltr'>πλησθήσεται</span> <span class='ocrx_word' id='word_1_693' title='bbox 3717 4414 3776 4465; x_wconf 73' lang='grc' dir='ltr'><strong>τό</strong></span> <span class='ocrx_word' id='word_1_694' title='bbox 3811 4414 3937 4484; x_wconf 84' lang='grc' dir='ltr'>βρέ-</span> 
     </span>
    </p>
   </div>
   <div class='ocr_carea' id='block_1_88' title="bbox 2360 4503 3934 4576">
    <p class='ocr_par' dir='ltr' id='par_1_88' title="bbox 2360 4503 3934 4576">
     <span class='ocr_line' id='line_1_88' title="bbox 2360 4503 3934 4576; baseline 0.004 -23"><span class='ocrx_word' id='word_1_695' title='bbox 2360 4520 2456 4570; x_wconf 76' lang='grc' dir='ltr'>φος</span> <span class='ocrx_word' id='word_1_696' title='bbox 2486 4503 2803 4574; x_wconf 74' lang='grc' dir='ltr'>Πνεῦματος</span> <span class='ocrx_word' id='word_1_697' title='bbox 2829 4505 2986 4571; x_wconf 85' lang='grc' dir='ltr'>ἁγίου</span> <span class='ocrx_word' id='word_1_698' title='bbox 3028 4506 3106 4557; x_wconf 78' lang='grc' dir='ltr'>ἔτι</span> <span class='ocrx_word' id='word_1_699' title='bbox 3141 4508 3202 4558; x_wconf 86' lang='grc' dir='ltr'>ὲκ</span> <span class='ocrx_word' id='word_1_700' title='bbox 3243 4505 3449 4568; x_wconf 75' lang='grc' dir='ltr'>κοιλίας</span> <span class='ocrx_word' id='word_1_701' title='bbox 3493 4507 3698 4576; x_wconf 73' lang='grc' dir='ltr'>μητρὸς</span> <span class='ocrx_word' id='word_1_702' title='bbox 3729 4507 3898 4559; x_wconf 83' lang='grc' dir='ltr'>αὐτοῦ</span> <span class='ocrx_word' id='word_1_703' title='bbox 3921 4525 3934 4539; x_wconf 73' lang='grc' dir='ltr'><strong>ο</strong></span> 
     </span>
    </p>
   </div>
   <div class='ocr_carea' id='block_1_89' title="bbox 665 4587 2242 4669">
    <p class='ocr_par' dir='ltr' id='par_1_89' title="bbox 665 4597 2242 4668">
     <span class='ocr_line' id='line_1_89' title="bbox 665 4597 2242 4668; baseline 0.003 -16"><span class='ocrx_word' id='word_1_704' title='bbox 665 4597 904 4653; x_wconf 81' lang='lat' dir='ltr'><strong>Joannes</strong></span> <span class='ocrx_word' id='word_1_705' title='bbox 967 4597 1201 4668; x_wconf 79' lang='lat' dir='ltr'><strong>Baptista</strong></span> <span class='ocrx_word' id='word_1_706' title='bbox 1245 4598 1506 4668; x_wconf 87' lang='lat' dir='ltr'><strong>Spiritum</strong></span> <span class='ocrx_word' id='word_1_707' title='bbox 1554 4611 1798 4653; x_wconf 83' lang='lat' dir='ltr'><strong>sanctum</strong></span> <span class='ocrx_word' id='word_1_708' title='bbox 1834 4601 2038 4654; x_wconf 88' lang='lat' dir='ltr'><strong>habens</strong></span> <span class='ocrx_word' id='word_1_709' title='bbox 2077 4605 2242 4656; x_wconf 80' lang='lat' dir='ltr'><strong>editus</strong></span> 
     </span>
    </p>
   </div>
   <div class='ocr_carea' id='block_1_90' title="bbox 2345 4587 3937 4669">
    <p class='ocr_par' dir='ltr' id='par_1_90' title="bbox 2358 4594 3937 4669">
     <span class='ocr_line' id='line_1_90' title="bbox 2358 4594 3937 4669; baseline 0.004 -25"><span class='ocrx_word' id='word_1_710' title='bbox 2358 4596 2451 4645; x_wconf 76' lang='grc' dir='ltr'><strong>καὶ</strong></span> <span class='ocrx_word' id='word_1_711' title='bbox 2477 4594 2698 4664; x_wconf 83' lang='grc' dir='ltr'>Πνεῦμα</span> <span class='ocrx_word' id='word_1_712' title='bbox 2723 4595 2874 4662; x_wconf 82' lang='grc' dir='ltr'>ἆγιον</span> <span class='ocrx_word' id='word_1_713' title='bbox 2906 4596 3061 4664; x_wconf 76' lang='grc' dir='ltr'>ἔχων,</span> <span class='ocrx_word' id='word_1_714' title='bbox 3091 4597 3262 4660; x_wconf 68' lang='grc' dir='ltr'>οὕτως</span> <span class='ocrx_word' id='word_1_715' title='bbox 3285 4600 3311 4649; x_wconf 88' lang='lat'><strong>6</strong></span> <span class='ocrx_word' id='word_1_716' title='bbox 3338 4598 3603 4668; x_wconf 78' lang='grc' dir='ltr'>μακάριος</span> <span class='ocrx_word' id='word_1_717' title='bbox 3627 4599 3937 4669; x_wconf 80' lang='grc' dir='ltr'>Βαπτιστὴς</span> 
     </span>
    </p>
   </div>
   <div class='ocr_carea' id='block_1_91' title="bbox 667 4691 2252 4761">
    <p class='ocr_par' dir='ltr' id='par_1_91' title="bbox 667 4691 2252 4761">
     <span class='ocr_line' id='line_1_91' title="bbox 667 4691 2252 4761; baseline 0.002 -16"><span class='ocrx_word' id='word_1_718' title='bbox 667 4702 753 4745; x_wconf 92' lang='lat' dir='ltr'><strong>est</strong></span> <span class='ocrx_word' id='word_1_719' title='bbox 796 4693 863 4746; x_wconf 82' lang='lat'><strong>&quot;.</strong></span> <span class='ocrx_word' id='word_1_720' title='bbox 921 4691 1058 4756; x_wconf 82' lang='lat' dir='ltr'><strong>Quid</strong></span> <span class='ocrx_word' id='word_1_721' title='bbox 1116 4692 1324 4761; x_wconf 84' lang='lat' dir='ltr'><strong>igitur?</strong></span> <span class='ocrx_word' id='word_1_722' title='bbox 1354 4691 1722 4760; x_wconf 83' lang='lat' dir='ltr'><strong>appellabisnc</strong></span> <span class='ocrx_word' id='word_1_723' title='bbox 1775 4694 1942 4760; x_wconf 91' lang='lat' dir='ltr'><strong>ipsam</strong></span> <span class='ocrx_word' id='word_1_724' title='bbox 1982 4692 2252 4749; x_wconf 62' lang='lat' dir='ltr'><strong>lilisabeth</strong></span> 
     </span>
    </p>
   </div>
   <div class='ocr_carea' id='block_1_92' title="bbox 669 4781 2250 4855">
    <p class='ocr_par' dir='ltr' id='par_1_92' title="bbox 669 4781 2250 4855">
     <span class='ocr_line' id='line_1_92' title="bbox 669 4781 2250 4855; baseline -0.001 -16"><span class='ocrx_word' id='word_1_725' title='bbox 669 4785 901 4855; x_wconf 87' lang='lat' dir='ltr'><strong>Spiritus</strong></span> <span class='ocrx_word' id='word_1_726' title='bbox 930 4781 1288 4852; x_wconf 77' lang='lat' dir='ltr'><strong>genitricem?</strong></span> <span class='ocrx_word' id='word_1_727' title='bbox 1331 4781 1446 4834; x_wconf 86' lang='lat' dir='ltr'><strong>llue</strong></span> <span class='ocrx_word' id='word_1_728' title='bbox 1474 4782 1715 4835; x_wconf 88' lang='lat' dir='ltr'><strong>animum</strong></span> <span class='ocrx_word' id='word_1_729' title='bbox 1757 4782 1902 4836; x_wconf 82' lang='lat' dir='ltr'><strong>refer</strong></span> <span class='ocrx_word' id='word_1_730' title='bbox 1939 4802 1950 4836; x_wconf 93' lang='lat'><strong>:</strong></span> <span class='ocrx_word' id='word_1_731' title='bbox 1987 4800 2047 4838; x_wconf 89' lang='lat' dir='ltr'><strong>ac</strong></span> <span class='ocrx_word' id='word_1_732' title='bbox 2075 4787 2118 4840; x_wconf 91' lang='lat' dir='ltr'><strong>si</strong></span> <span class='ocrx_word' id='word_1_733' title='bbox 2160 4789 2250 4855; x_wconf 89' lang='lat' dir='ltr'><strong>qui</strong></span> 
     </span>
    </p>
   </div>
   <div class='ocr_carea' id='block_1_93' title="bbox 671 4873 2251 4945">
    <p class='ocr_par' dir='ltr' id='par_1_93' title="bbox 671 4873 2251 4945">
     <span class='ocr_line' id='line_1_93' title="bbox 671 4873 2251 4945; baseline 0 -15"><span class='ocrx_word' id='word_1_734' title='bbox 671 4876 723 4931; x_wconf 88' lang='lat' dir='ltr'><strong>in</strong></span> <span class='ocrx_word' id='word_1_735' title='bbox 759 4875 908 4928; x_wconf 86' lang='lat' dir='ltr'><strong>vobis</strong></span> <span class='ocrx_word' id='word_1_736' title='bbox 941 4875 1135 4927; x_wconf 90' lang='lat' dir='ltr'><strong>luerint</strong></span> <span class='ocrx_word' id='word_1_737' title='bbox 1186 4873 1274 4940; x_wconf 88' lang='lat' dir='ltr'><strong>qui</strong></span> <span class='ocrx_word' id='word_1_738' title='bbox 1307 4873 1371 4925; x_wconf 88' lang='lat' dir='ltr'><strong>ad</strong></span> <span class='ocrx_word' id='word_1_739' title='bbox 1417 4889 1477 4926; x_wconf 92' lang='lat' dir='ltr'><strong>ea</strong></span> <span class='ocrx_word' id='word_1_740' title='bbox 1513 4889 1632 4942; x_wconf 65' lang='lat' dir='ltr'><strong>quae</strong></span> <span class='ocrx_word' id='word_1_741' title='bbox 1681 4874 1968 4939; x_wconf 82' lang='lat' dir='ltr'><strong>dicuntur,</strong></span> <span class='ocrx_word' id='word_1_742' title='bbox 2000 4888 2251 4945; x_wconf 84' lang='lat' dir='ltr'><strong>tanquam</strong></span> 
     </span>
    </p>
   </div>
   <div class='ocr_carea' id='block_1_94' title="bbox 671 4965 2252 5027">
    <p class='ocr_par' dir='ltr' id='par_1_94' title="bbox 671 4965 2252 5027">
     <span class='ocr_line' id='line_1_94' title="bbox 671 4965 2252 5027; baseline -0.001 -5"><span class='ocrx_word' id='word_1_743' title='bbox 671 4970 738 5022; x_wconf 81' lang='lat' dir='ltr'><strong>ad</strong></span> <span class='ocrx_word' id='word_1_744' title='bbox 763 4966 996 5020; x_wconf 88' lang='lat' dir='ltr'><strong>inaudita</strong></span> <span class='ocrx_word' id='word_1_745' title='bbox 1039 4974 1090 5018; x_wconf 91' lang='lat' dir='ltr'><strong>et</strong></span> <span class='ocrx_word' id='word_1_746' title='bbox 1126 4965 1340 5017; x_wconf 88' lang='lat' dir='ltr'><strong>insolita</strong></span> <span class='ocrx_word' id='word_1_747' title='bbox 1368 4973 1709 5027; x_wconf 86' lang='lat' dir='ltr'><strong>moveantur,</strong></span> <span class='ocrx_word' id='word_1_748' title='bbox 1745 4967 1956 5020; x_wconf 87' lang='lat' dir='ltr'><strong>veniam</strong></span> <span class='ocrx_word' id='word_1_749' title='bbox 1989 4968 2112 5022; x_wconf 87' lang='lat' dir='ltr'><strong>date</strong></span> <span class='ocrx_word' id='word_1_750' title='bbox 2135 4970 2252 5021; x_wconf 82' lang='lat' dir='ltr'><strong>illo-</strong></span> 
     </span>
    </p>
   </div>
   <div class='ocr_carea' id='block_1_95' title="bbox 675 5053 1169 5126">
    <p class='ocr_par' dir='ltr' id='par_1_95' title="bbox 675 5053 1169 5126">
     <span class='ocr_line' id='line_1_95' title="bbox 675 5053 1169 5126; baseline -0.004 -14"><span class='ocrx_word' id='word_1_751' title='bbox 675 5075 789 5112; x_wconf 90' lang='lat' dir='ltr'><strong>rum</strong></span> <span class='ocrx_word' id='word_1_752' title='bbox 823 5056 1122 5126; x_wconf 73' lang='lat' dir='ltr'><strong>imperitize.</strong></span> <span class='ocrx_word' id='word_1_753' title='bbox 1149 5053 1169 5125; x_wconf 87' lang='lat'>]</span> 
     </span>
    </p>
   </div>
   <div class='ocr_carea' id='block_1_96' title="bbox 1341 5168 1585 5223">
    <p class='ocr_par' dir='ltr' id='par_1_96' title="bbox 1341 5168 1585 5223">
     <span class='ocr_line' id='line_1_96' title="bbox 1341 5168 1585 5223; baseline 0 -1"><span class='ocrx_word' id='word_1_754' title='bbox 1341 5169 1494 5223; x_wconf 83' lang='lat' dir='ltr'><strong>CAP.</strong></span> <span class='ocrx_word' id='word_1_755' title='bbox 1521 5168 1585 5222; x_wconf 83' lang='lat' dir='ltr'><strong>V.</strong></span> 
     </span>
    </p>
   </div>
   <div class='ocr_carea' id='block_1_97' title="bbox 742 5282 2256 5350">
    <p class='ocr_par' dir='ltr' id='par_1_97' title="bbox 742 5282 2256 5350">
     <span class='ocr_line' id='line_1_97' title="bbox 742 5282 2256 5350; baseline -0.001 -12"><span class='ocrx_word' id='word_1_756' title='bbox 742 5286 998 5350; x_wconf 85' lang='lat' dir='ltr'><strong>Quisnam</strong></span> <span class='ocrx_word' id='word_1_757' title='bbox 1054 5286 1137 5339; x_wconf 89' lang='lat' dir='ltr'><strong>his</strong></span> <span class='ocrx_word' id='word_1_758' title='bbox 1186 5283 1365 5337; x_wconf 85' lang='lat' dir='ltr'><strong>verbis</strong></span> <span class='ocrx_word' id='word_1_759' title='bbox 1414 5282 1614 5338; x_wconf 88' lang='lat' dir='ltr'><strong>auditis</strong></span> <span class='ocrx_word' id='word_1_760' title='bbox 1666 5297 1768 5335; x_wconf 88' lang='lat' dir='ltr'><strong>non</strong></span> <span class='ocrx_word' id='word_1_761' title='bbox 1815 5284 2073 5337; x_wconf 89' lang='lat' dir='ltr'><strong>continuo</strong></span> <span class='ocrx_word' id='word_1_762' title='bbox 2107 5285 2155 5337; x_wconf 91' lang='lat' dir='ltr'><strong>in</strong></span> <span class='ocrx_word' id='word_1_763' title='bbox 2191 5285 2256 5336; x_wconf 87' lang='lat' dir='ltr'><strong>il—</strong></span> 
     </span>
    </p>
   </div>
   <div class='ocr_carea' id='block_1_98' title="bbox 672 5377 2254 5446">
    <p class='ocr_par' dir='ltr' id='par_1_98' title="bbox 672 5377 2254 5446">
     <span class='ocr_line' id='line_1_98' title="bbox 672 5377 2254 5446; baseline -0.001 -16"><span class='ocrx_word' id='word_1_764' title='bbox 672 5377 781 5430; x_wconf 85' lang='lat' dir='ltr'><strong>lam</strong></span> <span class='ocrx_word' id='word_1_765' title='bbox 845 5377 1120 5446; x_wconf 84' lang='lat' dir='ltr'><strong>propheta:</strong></span> <span class='ocrx_word' id='word_1_766' title='bbox 1179 5391 1366 5429; x_wconf 83' lang='lat' dir='ltr'><strong>vocem</strong></span> <span class='ocrx_word' id='word_1_767' title='bbox 1423 5385 1672 5442; x_wconf 89' lang='lat' dir='ltr'><strong>erumpat</strong></span> <span class='ocrx_word' id='word_1_768' title='bbox 1720 5392 1733 5428; x_wconf 91' lang='lat'><strong>:</strong></span> <span class='ocrx_word' id='word_1_769' title='bbox 1779 5393 1797 5426; x_wconf 76' lang='grc' dir='ltr'><strong>ι</strong></span> <span class='ocrx_word' id='word_1_770' title='bbox 1853 5377 2058 5430; x_wconf 87' lang='lat' dir='ltr'><strong>Stultus</strong></span> <span class='ocrx_word' id='word_1_771' title='bbox 2112 5377 2254 5428; x_wconf 91' lang='lat' dir='ltr'><strong>enim</strong></span> 
     </span>
    </p>
   </div>
   <div class='ocr_carea' id='block_1_99' title="bbox 675 5467 2257 5537">
    <p class='ocr_par' dir='ltr' id='par_1_99' title="bbox 675 5467 2257 5537">
     <span class='ocr_line' id='line_1_99' title="bbox 675 5467 2257 5537; baseline -0.003 -15"><span class='ocrx_word' id='word_1_772' title='bbox 675 5471 836 5522; x_wconf 86' lang='lat' dir='ltr'><strong>stulta</strong></span> <span class='ocrx_word' id='word_1_773' title='bbox 873 5471 1138 5537; x_wconf 86' lang='lat' dir='ltr'><strong>loquetur,</strong></span> <span class='ocrx_word' id='word_1_774' title='bbox 1170 5479 1222 5522; x_wconf 92' lang='lat' dir='ltr'><strong>et</strong></span> <span class='ocrx_word' id='word_1_775' title='bbox 1257 5481 1352 5520; x_wconf 84' lang='lat' dir='ltr'><strong>Cor</strong></span> <span class='ocrx_word' id='word_1_776' title='bbox 1379 5467 1499 5535; x_wconf 87' lang='lat' dir='ltr'><strong>ejus</strong></span> <span class='ocrx_word' id='word_1_777' title='bbox 1532 5482 1668 5518; x_wconf 85' lang='lat' dir='ltr'><strong>vana</strong></span> <span class='ocrx_word' id='word_1_778' title='bbox 1699 5468 1978 5531; x_wconf 81' lang='lat' dir='ltr'><strong>cogitabit,</strong></span> <span class='ocrx_word' id='word_1_779' title='bbox 2006 5480 2062 5519; x_wconf 88' lang='lat' dir='ltr'><strong>ut</strong></span> <span class='ocrx_word' id='word_1_780' title='bbox 2098 5469 2257 5535; x_wconf 84' lang='lat' dir='ltr'><strong>perli-</strong></span> 
     </span>
    </p>
   </div>
   <div class='ocr_carea' id='block_1_100' title="bbox 673 5559 2257 5628">
    <p class='ocr_par' dir='ltr' id='par_1_100' title="bbox 673 5559 2257 5628">
     <span class='ocr_line' id='line_1_100' title="bbox 673 5559 2257 5628; baseline -0.001 -16"><span class='ocrx_word' id='word_1_781' title='bbox 673 5561 782 5612; x_wconf 88' lang='lat' dir='ltr'><strong>ciat</strong></span> <span class='ocrx_word' id='word_1_782' title='bbox 829 5562 1038 5628; x_wconf 91' lang='lat' dir='ltr'><strong>iniqua,</strong></span> <span class='ocrx_word' id='word_1_783' title='bbox 1083 5573 1136 5612; x_wconf 94' lang='lat' dir='ltr'><strong>et</strong></span> <span class='ocrx_word' id='word_1_784' title='bbox 1176 5560 1428 5626; x_wconf 80' lang='lat' dir='ltr'><strong>loquatur</strong></span> <span class='ocrx_word' id='word_1_785' title='bbox 1471 5560 1730 5612; x_wconf 86' lang='lat' dir='ltr'><strong>adversus</strong></span> <span class='ocrx_word' id='word_1_786' title='bbox 1763 5559 2046 5611; x_wconf 89' lang='lat' dir='ltr'><strong>Dominum</strong></span> <span class='ocrx_word' id='word_1_787' title='bbox 2099 5560 2257 5611; x_wconf 88' lang='lat' dir='ltr'><strong>sedu-</strong></span> 
     </span>
    </p>
   </div>
   <div class='ocr_carea' id='block_1_101' title="bbox 673 5651 2254 5718">
    <p class='ocr_par' dir='ltr' id='par_1_101' title="bbox 673 5651 2254 5718">
     <span class='ocr_line' id='line_1_101' title="bbox 673 5651 2254 5718; baseline -0.004 -12"><span class='ocrx_word' id='word_1_788' title='bbox 673 5653 907 5707; x_wconf 82' lang='lat' dir='ltr'><strong>ctioaem</strong></span> <span class='ocrx_word' id='word_1_789' title='bbox 938 5654 980 5683; x_wconf 79' lang='lat'><strong>&quot;</strong></span> <span class='ocrx_word' id='word_1_790' title='bbox 1011 5656 1030 5704; x_wconf 75' lang='grc' dir='ltr'><strong><em>ΐ</em></strong></span> <span class='ocrx_word' id='word_1_791' title='bbox 1070 5671 1087 5704; x_wconf 78' lang='lat' dir='ltr'><strong>i</strong></span> <span class='ocrx_word' id='word_1_792' title='bbox 1128 5651 1382 5705; x_wconf 87' lang='lat' dir='ltr'><strong>Scduetio</strong></span> <span class='ocrx_word' id='word_1_793' title='bbox 1424 5651 1568 5703; x_wconf 90' lang='lat' dir='ltr'><strong>enim</strong></span> <span class='ocrx_word' id='word_1_794' title='bbox 1597 5651 1881 5718; x_wconf 83' lang='lat' dir='ltr'><strong>perspicue</strong></span> <span class='ocrx_word' id='word_1_795' title='bbox 1915 5662 1998 5703; x_wconf 87' lang='lat' dir='ltr'><strong>est</strong></span> <span class='ocrx_word' id='word_1_796' title='bbox 2029 5663 2076 5703; x_wconf 88' lang='lat' dir='ltr'><strong>et</strong></span> <span class='ocrx_word' id='word_1_797' title='bbox 2114 5651 2254 5702; x_wconf 87' lang='lat' dir='ltr'><strong>aliud</strong></span> 
     </span>
    </p>
   </div>
   <div class='ocr_carea' id='block_1_102' title="bbox 749 5823 2264 5893">
    <p class='ocr_par' dir='ltr' id='par_1_102' title="bbox 749 5823 2264 5893">
     <span class='ocr_line' id='line_1_102' title="bbox 749 5823 2264 5893; baseline 0.004 -15"><span class='ocrx_word' id='word_1_798' title='bbox 749 5826 794 5856; x_wconf 84' lang='lat'>&quot;</span> <span class='ocrx_word' id='word_1_799' title='bbox 834 5823 1032 5879; x_wconf 82' lang='lat' dir='ltr'><strong>llabae.</strong></span> <span class='ocrx_word' id='word_1_800' title='bbox 1073 5839 1156 5893; x_wconf 81' lang='lat' dir='ltr'><strong>ut,</strong></span> <span class='ocrx_word' id='word_1_801' title='bbox 1189 5827 1235 5879; x_wconf 94' lang='lat' dir='ltr'><strong>l.</strong></span> <span class='ocrx_word' id='word_1_802' title='bbox 1307 5828 1353 5859; x_wconf 84' lang='grc'><strong>⁸³</strong></span> <span class='ocrx_word' id='word_1_803' title='bbox 1389 5828 1512 5882; x_wconf 89' lang='lat' dir='ltr'><strong>Luc.</strong></span> <span class='ocrx_word' id='word_1_804' title='bbox 1549 5845 1586 5893; x_wconf 82' lang='grc' dir='ltr'><strong>ι,</strong></span> <span class='ocrx_word' id='word_1_805' title='bbox 1629 5828 1712 5881; x_wconf 78' lang='grc'><strong>15.</strong></span> <span class='ocrx_word' id='word_1_806' title='bbox 1787 5831 1832 5861; x_wconf 67' lang='grc'><strong>⁸⁵</strong></span> <span class='ocrx_word' id='word_1_807' title='bbox 1859 5830 1962 5884; x_wconf 83' lang='lat' dir='ltr'><strong>lsa.</strong></span> <span class='ocrx_word' id='word_1_808' title='bbox 2002 5846 2170 5893; x_wconf 62' lang='lat' dir='ltr'><strong>xxxii,</strong></span> <span class='ocrx_word' id='word_1_809' title='bbox 2212 5833 2264 5884; x_wconf 77' lang='lat'><em>6.</em></span> 
     </span>
    </p>
   </div>
   <div class='ocr_carea' id='block_1_103' title="bbox 2360 4685 3937 4761">
    <p class='ocr_par' dir='ltr' id='par_1_103' title="bbox 2360 4685 3937 4761">
     <span class='ocr_line' id='line_1_103' title="bbox 2360 4685 3937 4761; baseline 0.004 -24"><span class='ocrx_word' id='word_1_810' title='bbox 2360 4687 2705 4741; x_wconf 85' lang='grc' dir='ltr'>ἁπετίκτετο.</span> <span class='ocrx_word' id='word_1_811' title='bbox 2745 4689 2809 4739; x_wconf 82' lang='grc' dir='ltr'>Τί</span> <span class='ocrx_word' id='word_1_812' title='bbox 2853 4685 2978 4753; x_wconf 80' lang='grc' dir='ltr'>οὗν;</span> <span class='ocrx_word' id='word_1_813' title='bbox 3014 4690 3197 4752; x_wconf 85' lang='grc' dir='ltr'>καλεῖς</span> <span class='ocrx_word' id='word_1_814' title='bbox 3232 4690 3328 4760; x_wconf 79' lang='grc' dir='ltr'><strong>τὴν</strong></span> <span class='ocrx_word' id='word_1_815' title='bbox 3367 4691 3643 4742; x_wconf 79' lang='grc' dir='ltr'>Ἐλισάϐετ</span> <span class='ocrx_word' id='word_1_816' title='bbox 3683 4692 3937 4761; x_wconf 80' lang='grc' dir='ltr'>ΙΙνευμαο</span> 
     </span>
    </p>
   </div>
   <div class='ocr_carea' id='block_1_104' title="bbox 2360 4778 3939 4850">
    <p class='ocr_par' dir='ltr' id='par_1_104' title="bbox 2360 4778 3939 4850">
     <span class='ocr_line' id='line_1_104' title="bbox 2360 4778 3939 4850; baseline 0.004 -20"><span class='ocrx_word' id='word_1_817' title='bbox 2360 4778 2616 4845; x_wconf 73' lang='grc' dir='ltr'>τοτόκονς</span> <span class='ocrx_word' id='word_1_818' title='bbox 2657 4780 2921 4834; x_wconf 79' lang='grc' dir='ltr'>Ἐνταῦθα</span> <span class='ocrx_word' id='word_1_819' title='bbox 2969 4782 3059 4832; x_wconf 71' lang='grc' dir='ltr'><strong>τὸν</strong></span> <span class='ocrx_word' id='word_1_820' title='bbox 3109 4782 3232 4834; x_wconf 83' lang='grc' dir='ltr'>νοῦν</span> <span class='ocrx_word' id='word_1_821' title='bbox 3285 4783 3586 4850; x_wconf 74' lang='grc' dir='ltr'>συνάγαγεο</span> <span class='ocrx_word' id='word_1_822' title='bbox 3639 4787 3738 4837; x_wconf 73' lang='grc' dir='ltr'>κᾶν</span> <span class='ocrx_word' id='word_1_823' title='bbox 3793 4802 3939 4848; x_wconf 87' lang='grc' dir='ltr'>τινες</span> 
     </span>
    </p>
   </div>
   <div class='ocr_carea' id='block_1_105' title="bbox 2363 4865 3942 4948">
    <p class='ocr_par' dir='ltr' id='par_1_105' title="bbox 2363 4865 3942 4948">
     <span class='ocr_line' id='line_1_105' title="bbox 2363 4865 3942 4948; baseline 0.004 -26"><span class='ocrx_word' id='word_1_824' title='bbox 2363 4865 2496 4922; x_wconf 78' lang='grc' dir='ltr'>ὦσιν</span> <span class='ocrx_word' id='word_1_825' title='bbox 2533 4874 2588 4923; x_wconf 82' lang='grc' dir='ltr'>ὲν</span> <span class='ocrx_word' id='word_1_826' title='bbox 2637 4874 2763 4942; x_wconf 76' lang='grc' dir='ltr'>ὑμῖν</span> <span class='ocrx_word' id='word_1_827' title='bbox 2814 4875 2946 4944; x_wconf 72' lang='grc' dir='ltr'>πρὸς</span> <span class='ocrx_word' id='word_1_828' title='bbox 2991 4876 3057 4927; x_wconf 71' lang='grc' dir='ltr'>τὰ</span> <span class='ocrx_word' id='word_1_829' title='bbox 3092 4875 3358 4945; x_wconf 83' lang='grc' dir='ltr'>λεγόμενα</span> <span class='ocrx_word' id='word_1_830' title='bbox 3409 4875 3753 4945; x_wconf 74' lang='grc' dir='ltr'>ξενιζόμενοι,</span> <span class='ocrx_word' id='word_1_831' title='bbox 3803 4876 3942 4948; x_wconf 81' lang='grc' dir='ltr'>σύγ-</span> 
     </span>
    </p>
   </div>
   <div class='ocr_carea' id='block_1_106' title="bbox 2364 4963 3226 5038">
    <p class='ocr_par' dir='ltr' id='par_1_106' title="bbox 2364 4963 3226 5038">
     <span class='ocr_line' id='line_1_106' title="bbox 2364 4963 3226 5038; baseline 0.005 -24"><span class='ocrx_word' id='word_1_832' title='bbox 2364 4981 2535 5030; x_wconf 86' lang='grc' dir='ltr'>γνωτε</span> <span class='ocrx_word' id='word_1_833' title='bbox 2567 4963 2665 5033; x_wconf 79' lang='grc' dir='ltr'>τῆς</span> <span class='ocrx_word' id='word_1_834' title='bbox 2699 4967 2955 5035; x_wconf 83' lang='grc' dir='ltr'>ἀπειρίας</span> <span class='ocrx_word' id='word_1_835' title='bbox 2996 4966 3226 5038; x_wconf 83' lang='grc' dir='ltr'>αύτοῐς.]</span> 
     </span>
    </p>
   </div>
   <div class='ocr_carea' id='block_1_107' title="bbox 3009 5164 3282 5217">
    <p class='ocr_par' dir='ltr' id='par_1_107' title="bbox 3009 5164 3282 5217">
     <span class='ocr_line' id='line_1_107' title="bbox 3009 5164 3282 5217; baseline 0.007 -3"><span class='ocrx_word' id='word_1_836' title='bbox 3009 5164 3164 5217; x_wconf 72' lang='grc' dir='ltr'><strong>ΚΕΦ.</strong></span> <span class='ocrx_word' id='word_1_837' title='bbox 3213 5166 3282 5217; x_wconf 81' lang='grc' dir='ltr'><strong>Ε¹.</strong></span> 
     </span>
    </p>
   </div>
   <div class='ocr_carea' id='block_1_108' title="bbox 2438 5276 3949 5346">
    <p class='ocr_par' dir='ltr' id='par_1_108' title="bbox 2438 5276 3949 5346">
     <span class='ocr_line' id='line_1_108' title="bbox 2438 5276 3949 5346; baseline 0.003 -20"><span class='ocrx_word' id='word_1_838' title='bbox 2438 5277 2543 5327; x_wconf 76' lang='grc' dir='ltr'><strong>Καὶ</strong></span> <span class='ocrx_word' id='word_1_839' title='bbox 2570 5277 2649 5340; x_wconf 82' lang='grc' dir='ltr'><strong>τίς</strong></span> <span class='ocrx_word' id='word_1_840' title='bbox 2678 5276 2785 5328; x_wconf 81' lang='grc' dir='ltr'>τῶν</span> <span class='ocrx_word' id='word_1_841' title='bbox 2817 5277 3067 5329; x_wconf 78' lang='grc' dir='ltr'>τοιούτων</span> <span class='ocrx_word' id='word_1_842' title='bbox 3091 5277 3402 5340; x_wconf 75' lang='grc' dir='ltr'>ἐπακούσας</span> <span class='ocrx_word' id='word_1_843' title='bbox 3427 5279 3621 5346; x_wconf 88' lang='grc' dir='ltr'>λόγων,</span> <span class='ocrx_word' id='word_1_844' title='bbox 3653 5278 3753 5331; x_wconf 83' lang='grc' dir='ltr'><strong>οὐκ</strong></span> <span class='ocrx_word' id='word_1_845' title='bbox 3783 5279 3949 5341; x_wconf 72' lang='grc' dir='ltr'>εὐθὺς</span> 
     </span>
    </p>
   </div>
   <div class='ocr_carea' id='block_1_109' title="bbox 2365 5370 3949 5441">
    <p class='ocr_par' dir='ltr' id='par_1_109' title="bbox 2365 5370 3949 5441">
     <span class='ocr_line' id='line_1_109' title="bbox 2365 5370 3949 5441; baseline 0 -19"><span class='ocrx_word' id='word_1_846' title='bbox 2365 5373 2480 5438; x_wconf 80' lang='grc' dir='ltr'>ἐρεῖ</span> <span class='ocrx_word' id='word_1_847' title='bbox 2507 5370 2564 5420; x_wconf 83' lang='grc' dir='ltr'>τὸ</span> <span class='ocrx_word' id='word_1_848' title='bbox 2594 5370 2680 5422; x_wconf 74' lang='grc' dir='ltr'>διὰ</span> <span class='ocrx_word' id='word_1_849' title='bbox 2715 5375 2811 5440; x_wconf 79' lang='grc' dir='ltr'><strong>τῆς</strong></span> <span class='ocrx_word' id='word_1_850' title='bbox 2846 5370 2940 5422; x_wconf 87' lang='grc' dir='ltr'><strong>τοῦ</strong></span> <span class='ocrx_word' id='word_1_851' title='bbox 2969 5373 3246 5440; x_wconf 74' lang='grc' dir='ltr'>προφήτου</span> <span class='ocrx_word' id='word_1_852' title='bbox 3289 5371 3470 5441; x_wconf 77' lang='grc' dir='ltr'>φωνῆς</span> <span class='ocrx_word' id='word_1_853' title='bbox 3492 5389 3504 5401; x_wconf 76' lang='grc' dir='ltr'><strong>ο</strong></span> <span class='ocrx_word' id='word_1_854' title='bbox 3538 5391 3555 5422; x_wconf 84' lang='grc'><strong>‹</strong></span> <span class='ocrx_word' id='word_1_855' title='bbox 3599 5372 3655 5422; x_wconf 87' lang='grc' dir='ltr'><strong>Ὀ</strong></span> <span class='ocrx_word' id='word_1_856' title='bbox 3683 5372 3790 5440; x_wconf 84' lang='grc' dir='ltr'><strong>γὰρ</strong></span> <span class='ocrx_word' id='word_1_857' title='bbox 3828 5389 3949 5440; x_wconf 81' lang='grc' dir='ltr'>μω-</span> 
     </span>
    </p>
   </div>
   <div class='ocr_carea' id='block_1_110' title="bbox 2369 5463 3950 5535">
    <p class='ocr_par' dir='ltr' id='par_1_110' title="bbox 2369 5463 3950 5535">
     <span class='ocr_line' id='line_1_110' title="bbox 2369 5463 3950 5535; baseline 0.003 -24"><span class='ocrx_word' id='word_1_858' title='bbox 2369 5464 2457 5531; x_wconf 78' lang='grc' dir='ltr'>ρὸς</span> <span class='ocrx_word' id='word_1_859' title='bbox 2489 5463 2645 5532; x_wconf 72' lang='grc' dir='ltr'>μωρὰ</span> <span class='ocrx_word' id='word_1_860' title='bbox 2678 5463 2918 5532; x_wconf 80' lang='grc' dir='ltr'>λαλήσει,</span> <span class='ocrx_word' id='word_1_861' title='bbox 2958 5464 3107 5533; x_wconf 77' lang='grc' dir='ltr'>καὶὴ</span> <span class='ocrx_word' id='word_1_862' title='bbox 3147 5464 3340 5533; x_wconf 79' lang='grc' dir='ltr'>καρδία</span> <span class='ocrx_word' id='word_1_863' title='bbox 3377 5464 3543 5516; x_wconf 76' lang='grc' dir='ltr'>αὑτοῦ</span> <span class='ocrx_word' id='word_1_864' title='bbox 3582 5464 3789 5532; x_wconf 86' lang='grc' dir='ltr'>μάταια</span> <span class='ocrx_word' id='word_1_865' title='bbox 3822 5468 3950 5535; x_wconf 80' lang='grc' dir='ltr'>νοή-</span> 
     </span>
    </p>
   </div>
   <div class='ocr_carea' id='block_1_111' title="bbox 2368 5552 3946 5624">
    <p class='ocr_par' dir='ltr' id='par_1_111' title="bbox 2368 5552 3946 5624">
     <span class='ocr_line' id='line_1_111' title="bbox 2368 5552 3946 5624; baseline 0.005 -22"><span class='ocrx_word' id='word_1_866' title='bbox 2368 5568 2469 5615; x_wconf 87' lang='grc' dir='ltr'>σει,</span> <span class='ocrx_word' id='word_1_867' title='bbox 2508 5552 2599 5604; x_wconf 80' lang='grc' dir='ltr'><strong>τοῦ</strong></span> <span class='ocrx_word' id='word_1_868' title='bbox 2646 5554 2915 5605; x_wconf 70' lang='grc' dir='ltr'>συντελεῖν</span> <span class='ocrx_word' id='word_1_869' title='bbox 2956 5555 3166 5622; x_wconf 81' lang='grc' dir='ltr'>ἄνομα,</span> <span class='ocrx_word' id='word_1_870' title='bbox 3202 5555 3292 5606; x_wconf 73' lang='grc' dir='ltr'>καὶ</span> <span class='ocrx_word' id='word_1_871' title='bbox 3323 5554 3504 5608; x_wconf 85' lang='grc' dir='ltr'>λαλεῖν</span> <span class='ocrx_word' id='word_1_872' title='bbox 3554 5554 3688 5622; x_wconf 75' lang='grc' dir='ltr'>πρὸς</span> <span class='ocrx_word' id='word_1_873' title='bbox 3736 5555 3946 5624; x_wconf 80' lang='grc' dir='ltr'>Κύριον</span> 
     </span>
    </p>
   </div>
   <div class='ocr_carea' id='block_1_112' title="bbox 2369 5645 3946 5717">
    <p class='ocr_par' dir='ltr' id='par_1_112' title="bbox 2369 5645 3946 5717">
     <span class='ocr_line' id='line_1_112' title="bbox 2369 5645 3946 5717; baseline 0.003 -21"><span class='ocrx_word' id='word_1_874' title='bbox 2369 5645 2662 5714; x_wconf 75' lang='grc' dir='ltr'>πλάνησινς</span> <span class='ocrx_word' id='word_1_875' title='bbox 2713 5667 2729 5696; x_wconf 75' lang='grc' dir='ltr'><strong>ι</strong></span> <span class='ocrx_word' id='word_1_876' title='bbox 2796 5647 3065 5717; x_wconf 72' lang='grc' dir='ltr'>ιιλάνησις</span> <span class='ocrx_word' id='word_1_877' title='bbox 3121 5647 3228 5716; x_wconf 75' lang='grc' dir='ltr'><strong>γαρ</strong></span> <span class='ocrx_word' id='word_1_878' title='bbox 3291 5646 3776 5716; x_wconf 83' lang='grc' dir='ltr'>ὁμολογουμένως,</span> <span class='ocrx_word' id='word_1_879' title='bbox 3849 5649 3946 5701; x_wconf 79' lang='grc' dir='ltr'>καὶ</span> 
     </span>
    </p>
   </div>
  </div>
