4112 6494
94 417 124 469 Η
642 485 646 488 ,
1276 427 1642 484 Αυνειιδυε
1685 426 1740 482 Nl

1847 423 2080 478 TOlill'M
2129 423 2254 476 LIB.
2299 421 2336 474 l.
3343 424 3414 476 ις

98 547 212 609 ὶτερον
245 541 440 610 ὠδὶν,
493 549 575 601 τδ
641 552 935 622 ψυχραῖς
972 550 1128 613 οὕτω,
1165 553 1256 604 καὶ
1309 553 1728 623 μειρακιώδεσιν

1847 547 2004 611 iihil,
2047 546 2332 600 sententiis
2391 543 2524 598 adeo
2578 542 2788 608 frigidis
2834 541 3240 610 puerilibusque
3291 551 3414 594 tan.

102 635 290 700 ὶιονοὶαις,
348 638 440 702 ὡς
505 641 887 714 ἀληθέσιν,
938 644 1268 715 ἐπιθαρσείν.
1321 645 1432 714 Τῆς
1489 646 1585 713 μὲν
1633 641 1728 697 οὖν

104 729 382 800 illi-pisum;
443 736 907 806 κατατεθήποι
951 755 1030 799 τις
1081 737 1145 790 ἂν
1197 739 1396 790 αὐτόν·
1450 739 1543 788 καὶ
1594 754 1724 803 συγ-

110 816 270 887 prope;
311 821 465 892 γὰρ,
526 823 648 876 καὶ
699 824 1133 894 φιλανθρωπίας
1178 826 1456 889 ἀξιοῦσθαι
1486 827 1593 878 δεῖν
1623 826 1726 895 ἔφη

117 912 198 972 τείας
221 911 317 962 τῶν
349 915 506 984 παρ’
540 915 748 968 αὖτοῦ
787 917 965 983 λόγων
996 916 1090 986 τὴν
1122 918 1416 987 ἐμπειρίαν
1440 919 1537 970 οὐκ
1577 919 1726 987 ἕχον-

119 1022 202 1068 τιις.
235 1005 371 1058 Ἀλλ’
424 1002 505 1076 ἦν
540 1007 737 1060 τοῦτο
771 1009 870 1060 καὶ
903 1011 1029 1078 ἡμῖν
1062 1009 1245 1070 αὐτοῖς
1292 1009 1635 1079 τριπόθητον,
1680 1010 1726 1060 εί

128 1098 304 1168 τδνέθη,
337 1101 565 1169 μᾶλλον
601 1101 695 1164 δὲ,
734 1103 836 1153 καὶ
865 1102 1031 1154 Ξιπασι
1071 1103 1180 1162 τοῖς
1223 1099 1469 1151 τελοῦσιν
1505 1102 1562 1150 ὲν
1593 1101 1726 1169 Χρι-

132 1196 362 1255 ττιεινοῖς·
417 1192 756 1262 μοχθηρῶν
805 1194 916 1262 γὰρ
945 1192 1107 1253 οὕτω,
1145 1193 1240 1244 καὶ
1279 1190 1728 1262 διεστραμμένων

127 1284 559 1337 ἀπαλλάττεσθαι
614 1284 828 1351 λόγων,
888 1284 1002 1346 πῶς
1051 1284 1148 1353 οὐχ
1199 1283 1370 1336 ἅπασι
1413 1283 1478 1335 δι’
1527 1283 1721 1353 εύχῆς;

131 1378 250 1444 Πλὴν
275 1375 464 1428 ἐκεῖνό
498 1392 701 1444 φαμεν
722 1392 735 1404 ·
766 1375 971 1426 Τέτοκε
1011 1373 1109 1440 μὲν
1136 1374 1244 1444 γὰρ
1281 1374 1727 1443 ὁμολογουμένως

134 1471 154 1534 ὴ
184 1466 464 1520 Ἐλισαὸετ
518 1466 607 1537 τῷ
644 1467 790 1535 ἁγίῳ
829 1465 1104 1536 Πνεύματι
1137 1466 1497 1536 κεχρισμένον
1532 1467 1589 1517 ὲν
1625 1467 1728 1534 μή-

131 1575 219 1626 τρα
255 1559 345 1610 τὸν
395 1557 691 1627 μακάριον
742 1557 1090 1626 Βαπτιστήνο
1138 1556 1251 1608 ἀλλ’
1293 1556 1342 1607 εί
1377 1557 1475 1626 μὲν
1515 1556 1726 1625 εἴρηταί

133 1668 219 1702 πολ
277 1650 433 1721 παρὰ
493 1653 602 1719 τῆς
673 1648 1032 1702 θεοπνεύστου
1083 1649 1326 1718 Γραφῆς.
1383 1649 1464 1699 ὃτι
1519 1649 1612 1700 καὶ
1666 1647 1726 1699 τὸ

132 1742 343 1811 Πνεῦμα
381 1743 590 1810 γέγονε
645 1741 820 1813 σὰρξ,
858 1741 1034 1811 ὀρθῶς
1082 1742 1147 1794 ἂν
1193 1741 1328 1811 ἔφης
1367 1741 1727 1810 ὀνομάζεσθαι

129 1838 230 1888 δεῖν
266 1839 406 1907 πρὸς
445 1837 615 1907 ὴμῶν
661 1835 1114 1906 Πνευματοτόκον
1152 1836 1352 1905 αὑτήνο
1387 1837 1434 1887 εί
1469 1835 1523 1887 δὲ
1560 1833 1724 1903 ψιλῇ,

1831 653 1990 708 quam
2062 638 2236 700 veris,
2291 636 2584 689 conlidere.
2654 637 2729 687 At:
2790 634 3173 702 benignitatem
3247 633 3415 700 ipsius

1831 729 2127 783 admiretur
2189 726 2420 782 fortasse
2484 740 2587 779 non
2648 740 2843 789 nemo,
2893 729 3034 794 quod
3093 723 3300 778 veniam
3354 737 3416 775 ac

1837 819 2264 874 benevolentiam
2316 818 2419 872 illis
2468 817 2807 870 tribuendam
2862 817 3100 879 Censuit,
3164 817 3312 884 quia
3358 829 3416 868 se

1831 915 2100 966 dictorum
2143 911 2388 980 peritiam
2423 925 2526 963 non
2578 910 2858 962 traherent.
2917 908 3111 960 Verum
3160 907 3211 959 id
3259 907 3416 959 nobis

1831 1018 2044 1072 quoque
2088 1001 2325 1068 optabile
2376 1002 2426 1054 in
2470 1000 2657 1069 primis
2687 1009 2803 1054 erat
2831 1000 2877 1053 si
2926 998 3279 1066 contigisset.
3308 998 3416 1051 imo

1830 1112 1958 1152 vero
1982 1096 2234 1149 omnibus
2257 1095 2344 1164 qui
2372 1093 2509 1146 inter
2531 1092 2870 1149 Christianos
2892 1103 3217 1153 censentur;
3242 1107 3362 1143 nam
3386 1107 3412 1142 tl

1832 1199 1941 1242 tam
1963 1187 2222 1258 improbis
2243 1185 2617 1256 perversisque
2640 1185 2797 1238 dictis
2815 1184 3131 1245 abscedere,
3150 1184 3258 1251 2ο
3277 1198 3412 1250 quo-

1831 1281 1989 1334 modo
2011 1295 2114 1332 non
2136 1277 2472 1332 sitomnibus
2495 1275 2828 1343 optandum?
2850 1275 2952 1326 Sed
2988 1284 3162 1326 tamen
3189 1274 3315 1326 illud
3335 1271 3415 1324 dl-

1833 1371 2037 1423 cimus:
2063 1370 2270 1437 l’t-perit
2293 1369 2408 1421 sine
2430 1367 2590 1420 dubio
2616 1365 2888 1420 Elisabeth
2917 1367 3128 1417 beatum
3152 1362 3415 1416 Joannem

1833 1463 2125 1530 Baptistam
2166 1471 2354 1515 sancto
2393 1458 2592 1526 Spiritu
2629 1460 2680 1510 in
2733 1467 2884 1510 utero
2926 1465 3267 1524 perunctum.
3313 1453 3413 1507 Vc-

1838 1569 1955 1607 rum
2005 1554 2047 1608 si
2094 1554 2144 1606 in
2193 1551 2364 1605 sacris
2403 1549 2620 1603 Litteris
2656 1549 2914 1615 scriptum
2971 1545 3189 1608 fuisset,
3251 1547 3414 1599 cti.uu

1837 1645 2096 1713 Spiritum
2131 1643 2327 1697 factum
2360 1656 2477 1696 esse
2517 1654 2764 1700 Carnem,
2802 1648 2943 1693 recte
2970 1639 3197 1691 dixisses
3246 1638 3416 1702 ipsam

1836 1752 1864 1789 a
1901 1737 2057 1792 nobis
2091 1736 2462 1804 appellandam
2510 1749 2629 1786 esse
2689 1733 2919 1800 Spiritus
2951 1732 3286 1800 genitricem.
3320 1728 3414 1782 Sin

1835 1840 2015 1885 autem
2047 1829 2157 1881 sola
2192 1843 2254 1881 ac
2281 1825 2510 1894 simplici
2542 1826 2798 1877 unctione
2831 1824 3123 1878 honoratus
3146 1832 3227 1875 est
3263 1833 3421 1873 natus

131 1933 219 1980 καὶ
242 1930 387 1999 μόνῃ
418 1929 656 1996 λέγεται
683 1929 744 1981 τὸ
775 1926 963 1997 τεχθὲν
1008 1927 1334 1996 τετιμῆσθαι
1359 1927 1558 1994 χρίσει,
1594 1926 1644 1976 τί
1674 1925 1734 1975 τὸ

1847 1935 1989 1986 puer,
2014 1933 2109 1972 cur
2143 1917 2528 1970 incarnationis
2557 1916 2885 1968 soliditatem
2911 1917 3097 1983 gratim
3118 1914 3418 1966 secundum

131 2022 222 2086 τῆς
252 2018 597 2090 σαρκώσεως
624 2019 812 2088 χρῆμα
833 2017 1098 2088 παρισοῦν
1132 2015 1301 2079 ἀξιοῖς
1327 2020 1390 2085 τῇ
1435 2015 1574 2068 κατὰ
1606 2014 1734 2082 μέθ-

131 2113 240 2175 εξιν
278 2112 510 2182 χάριτι;
567 2110 644 2162 Οὐ
701 2110 811 2180 γάρ
863 2111 978 2162 ἐστι
1007 2108 1224 2170 ταυτὸν,
1260 2109 1439 2176 σάρκα
1472 2124 1530 2158 τε
1563 2108 1734 2158 εἰπεῖν

131 2202 395 2267 γενέσθαι
423 2203 520 2254 τὸν
551 2202 744 2269 Λόγον,
794 2201 889 2253 καὶ
945 2201 1025 2253 ὅτι
1058 2201 1342 2270 κέχρισταί
1383 2217 1464 2261 τις
1512 2200 1598 2252 διὰ
1640 2199 1733 2251 τοῦ

135 2294 461 2362 Πνεύματος
489 2293 768 2362 πνεύματι
815 2292 1158 2364 προφητικῷ.
1192 2293 1326 2362 Περὶ
1361 2293 1458 2362 μὲν
1494 2292 1600 2362 γὰρ
1636 2292 1734 2362 τῆς

133 2384 297 2450 ἁγίας
329 2385 624 2454 Παρθένου
663 2385 1010 2455 γέγραπται·
1047 2403 1065 2435 ‹
1109 2383 1241 2436 Ἰδοὺ
1290 2386 1321 2452 ἡ
1370 2384 1640 2453 Παρθένος
1680 2385 1737 2436 ἐν

135 2479 339 2548 γαστρὶ
389 2475 530 2541 ἔξει,
583 2477 680 2529 καὶ
717 2477 932 2540 τέξεται
967 2476 1079 2528 υἱόν
1102 2492 1114 2504 ·
1153 2494 1170 2526 ι
1204 2477 1296 2528 καὶ
1331 2477 1487 2539 τόκος
1520 2475 1734 2544 ὠνόμα-

139 2585 284 2627 σται.
339 2569 441 2619 καὶ
501 2570 610 2637 μὴν
657 2568 752 2619 καὶ
795 2565 1144 2636 Ἐμμανουήλ
1193 2567 1220 2617 ό
1267 2566 1501 2634 τεχθεὶς,
1547 2567 1574 2617 ὅ
1622 2568 1737 2617 ἐστι

144 2660 726 2730 μεθερμηνευόμενον,
753 2659 890 2713 Μεθ’
927 2658 1087 2729 ἡμῶν
1126 2660 1153 2710 ὁ
1208 2657 1338 2720 Θεός
1363 2675 1374 2686 ·
1412 2659 1534 2728 περὶ
1581 2658 1634 2710 δέ
1676 2675 1736 2724 γε

144 2748 239 2818 τῆς
279 2750 567 2803 Ἐλισαὸετ
594 2792 608 2813 ,
638 2752 720 2804 ὅτι
767 2752 1021 2818 γεννήσει
1069 2747 1204 2811 υἱὸν,
1249 2748 1304 2810 ὃς
1353 2749 1740 2819 προελεύσεται

151 2840 245 2907 μὲν
269 2841 326 2891 ἐν
355 2841 663 2910 πνεύματι,
695 2842 789 2893 καὶ
816 2839 1044 2909 δυνάμει
1072 2838 1283 2891 Ἠλιοῦ·
1307 2839 1741 2911 προπορεύσεται

148 2938 200 2987 δὲ
247 2937 352 3005 πρὸ
385 2933 686 3004 προσώπου
729 2932 966 3001 Κυρίου,
1015 2932 1301 3004 ἑτοιμάσαι
1354 2932 1503 2994 ὁδους
1553 2930 1740 2984 αὑτοῦ.

157 3028 366 3080 υὺκοῦν
393 3030 596 3096 ἥκιστα
630 3026 730 3096 μὲν
758 3026 842 3095 εἴη
885 3025 948 3077 ἂν
979 3025 1424 3094 Πνευματοτᾶκος
1457 3025 1488 3092 ἡ
1532 3023 1742 3077 Ἑλισάσ

155 3120 264 3180 Βετ,
295 3120 555 3172 ἐκτέτοκε
597 3120 706 3189 γὰρ
736 3121 1021 3189 προφήτην
1058 3118 1344 3186 Ὑψίστου·
1375 3117 1636 3179 Θεοτόκος
1677 3134 1740 3184 γε

159 3211 261 3278 μὴν
306 3210 527 3281 άληθῶς
567 3212 601 3280 ὴ
638 3211 769 3276 ἁγία
811 3209 1118 3278 Παρθένος,
1166 3211 1246 3260 ὅτι
1291 3208 1425 3261 Θεὸν
1473 3209 1740 3261 ὲνωθέντα.

163 3302 318 3370 σαρκὶ
378 3302 570 3354 τέτοκε
641 3300 944 3369 σαρκικῶς,
1007 3299 1277 3362 τουτέστι,
1327 3300 1468 3353 κατὰ
1538 3301 1736 3370 σάρκα.

173 3391 384 3461 Ἐπειδὴ
423 3395 534 3460 γὰρ
582 3391 868 3461 ἄνθρωπος
901 3393 933 3461 ὴ
973 3389 1208 3444 τεκοῦσά
1251 3392 1398 3454 ἐστι,
1437 3391 1607 3460 ταύτῃ
1637 3408 1740 3454 τοι,

166 3486 250 3533 καὶ
283 3483 428 3550 μάλα
478 3483 796 3550 ἐμφρόνως,
829 3482 919 3534 τὸν
951 3482 1051 3550 τῆς
1079 3483 1390 3551 γεννήσεως
1421 3483 1621 3551 τρόπον
1651 3483 1744 3535 ἁν-

169 3573 444 3641 θρωττίνως
473 3574 792 3642 πεπρᾶχθαι
819 3573 1020 3642 φαμέν.
1048 3568 1156 3626 Ἦν
1183 3573 1292 3644 γὰρ
1321 3573 1483 3638 οὕτω,
1523 3574 1617 3626 καὶ
1647 3574 1744 3642 οὐχ

167 3667 378 3735 ἑτέρως,
410 3665 672 3719 δύνασθαι
706 3665 828 3719 καθ’
870 3667 1014 3735 ἡμᾶς
1048 3665 1303 3734 γενέσθαι
1341 3665 1431 3718 τὸν
1464 3666 1603 3736 ὑπὲρ
1638 3667 1744 3718 πᾶ-

173 3774 259 3809 σαν
301 3759 482 3825 φύσιν,
513 3758 573 3811 οὐ
618 3757 712 3810 τοῦ
745 3754 884 3810 εἶναι
936 3757 1083 3810 τοῦθ’
1125 3759 1262 3827 ὅπερ
1293 3759 1441 3810 ἐστὶν
1479 3757 1745 3827 ὀλιγωρή-

172 3865 362 3903 σανταο
413 3850 613 3912 πόθενς
649 3849 998 3920 μεμενηκότα
1032 3849 1089 3903 δὲ
1137 3850 1339 3920 μᾶλλον
1383 3850 1519 3918 ὅπερ
1565 3843 1633 3917 ὴν
1687 3863 1746 3898 τε

172 3944 258 3992 καὶ
287 3942 400 3994 ἐστι
449 3943 543 3994 καὶ
575 3942 762 3995 ἔσται’
797 3945 1007 4012 τροπῆς
1036 3942 1145 4014 γὰρ
1186 3943 1425 4012 ἀμείνων
1459 3942 1490 4010 ὴ
1533 3938 1651 3991 θεία
1689 3955 1745 3990 τε

173 4033 302 4095 ἐστὶ,
325 4035 420 4085 καὶ
445 4034 727 4103 ὑπερτάτη
755 4033 934 4102 φύσις.
982 4033 1145 4105 Ὀρθὰ
1181 4034 1281 4103 μὲν
1308 4029 1399 4086 οὖν
1422 4033 1504 4084 ὅτι
1531 4032 1747 4102 φρονεῖν

173 4120 470 4192 εἰθίσμεθα,
505 4123 638 4176 Θεὸν
668 4123 1027 4193 γεγεννῆσθαι
1062 4125 1202 4177 κατὰ
1238 4123 1413 4194 σάρκα
1450 4123 1540 4174 ἐπὶ
1575 4138 1749 4190 σωτη-

176 4215 264 4284 ρίᾳ
311 4216 414 4271 τῶν
462 4217 630 4281 ὅλων,
673 4215 1143 4285 διαϐεϐαιούμενοι
1172 4254 1185 4277 ,
1239 4215 1668 4285 μεμαρτύρηκεν
1716 4217 1746 4283 ὴ

177 4308 524 4372 θεόπνευστος
563 4310 774 4378 Γραφή.
796 4309 1013 4377 Ἐπειδὴ
1040 4307 1095 4360 δὲ
1129 4310 1240 4369 τοῖς
1270 4308 1562 4368 νεωτάτοις
1586 4306 1750 4360 αὑτοῦ

176 4398 398 4467 adnuat
423 4401 524 4468 τὴν
555 4399 833 4470 ἀλήθειαν,
868 4399 959 4450 καὶ
1001 4398 1132 4450 αὐτὸ
1162 4397 1260 4467 τῆς
1293 4397 1752 4468 ὲκκλησιαστικῆς

183 4491 406 4553 -τίστεως
441 4491 731 4558 ἀντεξάγει
768 4491 830 4541 τὸ
854 4488 1146 4557 σύμΰολον,
1178 4489 1204 4540 ὃ
1228 4489 1314 4540 διὰ
1341 4489 1435 4557 τῆς
1462 4489 1554 4540 τοῦ
1581 4487 1750 4541 Πνεύ-

1841 2006 2317 2075 participationem
2356 2005 2634 2071 acquisita:
2677 2004 2993 2070 aequandam
3050 2004 3275 2056 censes?
3305 2002 3419 2054 Non

1836 2098 1977 2152 enim
2000 2106 2081 2151 est
2114 2097 2275 2156 idem,
2311 2096 2488 2147 dicere
2527 2094 2754 2147 Verbum
2789 2108 3003 2147 carnem
3053 2094 3250 2144 factum
3276 2109 3418 2155 esse,

1836 2198 1890 2240 ct
1919 2188 2104 2256 spiritu
2141 2185 2456 2256 prophetico
2485 2195 2704 2236 unctum
2735 2199 2856 2237 esse
2889 2184 3120 2250 aliquem
3161 2199 3255 2252 per
3294 2184 3419 2252 Spi—

1839 2278 2021 2332 ritum.
2059 2277 2150 2330 Est
2168 2276 2310 2329 ettitn
2337 2275 2403 2326 de
2426 2283 2609 2325 sancta
2642 2271 2860 2342 Virgine
2887 2274 3145 2340 st'riplttm
3184 2289 3197 2325 :
3234 2291 3250 2320 ι
3286 2271 3423 2326 Ecce

1842 2372 1997 2438 virgo
2053 2371 2104 2423 in
2168 2377 2320 2420 utero
2372 2365 2625 2427 habebit,
2659 2374 2711 2416 ct
2758 2363 2927 2432 pariet
2985 2365 3153 2416 tilium
3184 2365 3228 2394 ⁵³
3269 2381 3282 2416 :
3325 2383 3342 2414 ι
3371 2375 3425 2417 et

1841 2472 2027 2530 partus
2080 2472 2162 2515 cst
2211 2457 2545 2529 appellatus,
2582 2466 2634 2508 et
2681 2456 2898 2522 insuper
2951 2455 3303 2518 Emmanuel,
3335 2457 3424 2509 ille

1841 2570 1973 2621 puer
2022 2555 2231 2617 editus,
2290 2553 2428 2620 quod
2482 2559 2564 2600 est
2636 2550 3066 2615 interpretatum,
3136 2547 3423 2601 Nobiscum

1844 2647 2022 2712 Deus;
2058 2645 2149 2701 sed
2187 2646 2252 2699 de
2280 2644 2576 2708 Elisabctli,
2609 2639 2724 2693 fore
2756 2647 2819 2691 ut
2867 2639 3040 2703 pariat
3092 2637 3256 2690 lilium
3281 2676 3295 2701 ,
3331 2638 3422 2706 qui

1842 2738 2242 2807 antegrediatur
2273 2738 2322 2790 in
2353 2735 2540 2804 spiritu
2564 2741 2617 2785 et
2645 2731 2841 2784 virtute
2873 2728 3001 2781 Elia:
3029 2729 3108 2792 ⁵⁵,
3139 2737 3191 2780 ct
3228 2737 3426 2794 prmeat

1843 2837 1967 2882 ante
1997 2828 2186 2882 faciem
2229 2827 2440 2881 Domini
2477 2837 2667 2894 parare
2700 2821 2814 2874 vias
2845 2817 2963 2886 eius
2996 2819 3059 2868 ⁸⁷.
3113 2817 3252 2887 Ergo
3283 2818 3429 2870 nullo

1844 2920 2002 2974 modo
2030 2930 2112 2974 est
2143 2919 2379 2988 Spiritus
2423 2917 2651 2988 genitrix
2683 2915 2796 2983 ipsa
2841 2910 3145 2971 Elisabetb,
3176 2909 3301 2977 quia
3331 2924 3424 2977 pe-

1843 3013 1983 3081 perit
2025 3011 2344 3081 prOpIietam
2396 3007 2692 3071 Altissiiui;
2729 3003 2822 3059 sed
2867 3017 2990 3056 vere
3043 3003 3133 3056 Dei
3194 3003 3425 3071 genitrix

1844 3114 1927 3159 cst
1954 3113 2140 3158 sancta
2174 3100 2364 3169 Virgo,
2398 3100 2523 3168 quia
2563 3098 2728 3150 Deum
2766 3098 2973 3149 unitum
3013 3094 3160 3148 carni
3225 3096 3430 3162 peperit

1847 3195 2172 3256 carnaliter,
2209 3194 2308 3247 hoc
2357 3190 2794 3255 est,secundum
2845 3202 3085 3240 carnem.
3139 3185 3268 3239 Nam
3307 3189 3429 3252 quia

1850 3291 2008 3343 homo
2035 3298 2117 3342 est
2161 3287 2273 3355 ipsa
2306 3301 2423 3355 qua:
2446 3283 2672 3352 peperit,
2711 3295 2774 3334 ea
2819 3279 2885 3333 de
2921 3293 3080 3332 causa
3133 3278 3433 3332 rectissime

1848 3379 2140 3434 asserimus
2193 3378 2407 3431 modum
2464 3372 2825 3442 generatioiiis
2875 3387 2937 3424 ex
2995 3371 3229 3423 humano
3286 3383 3435 3422 more

1846 3479 2140 3528 servatum,
2219 3467 2334 3522 Non
2377 3465 2519 3520 enim
2569 3462 2728 3515 aliter
2773 3461 2946 3529 pomit
3004 3458 3153 3511 nasci
3231 3471 3424 3510 secun-

1848 3561 1972 3614 dum
2015 3573 2110 3612 nos
2164 3558 2251 3610 ille
2307 3557 2398 3625 qui
2460 3568 2623 3623 supra
2655 3565 2871 3606 omnem
2910 3557 3160 3604 naturam
3195 3549 3430 3609 excellit.

1851 3665 1956 3703 non
1988 3648 2062 3703 ita
2093 3657 2150 3701 ut
2184 3647 2324 3716 quod
2383 3654 2501 3699 erat
2547 3642 3005 3714 parvipenderet;
3040 3641 3184 3694 nullo
3213 3642 3374 3693 modo
3412 3659 3424 3701 ;

1849 3743 1942 3797 sed
1990 3751 2048 3796 ut
2088 3750 2327 3794 maneret
2381 3739 2556 3808 potius
2591 3737 2731 3807 quod
2783 3744 2902 3790 erat
2951 3743 3004 3786 et
3045 3743 3125 3786 est
3172 3744 3225 3786 et
3275 3733 3426 3787 erit:

1854 3836 2152 3890 mutatione
2178 3849 2409 3901 namth
2441 3831 2614 3899 potior
2639 3839 2723 3884 est
2751 3827 2930 3882 divina
2959 3825 3043 3880 illa
3072 3840 3432 3892 supremaque

1854 3935 2066 3981 natura.
2101 3925 2240 3995 Ergo
2271 3937 2370 3978 nos
2408 3930 2553 3975 recte
2588 3920 2825 3982 sentire,
2858 3917 2948 3987 qui
2995 3915 3158 3969 Deum
3196 3918 3432 3984 genitum

1851 4035 1970 4075 esse
1999 4019 2292 4072 secundum
2327 4028 2544 4068 carnem
2578 4012 2641 4065 ad
2674 4009 2900 4064 salutem
2939 4009 3312 4061 universorum
3348 4021 3434 4057 as-

1852 4112 2103 4176 serimus,
2133 4108 2390 4162 divinitus
2420 4105 2694 4170 inspirata!
2739 4099 2954 4154 Litterae
2990 4106 3278 4150 testantur.
3329 4096 3434 4151 Sed

1854 4204 1980 4273 quia
2010 4203 2163 4255 novis
2195 4199 2305 4253 suis
2334 4195 2603 4264 dogmatis
2638 4192 2917 4246 veritatem
2954 4201 3005 4241 et
3038 4191 3209 4258 ipsum
3259 4190 3436 4243 eccle-

1855 4293 2088 4348 siastica:
2119 4290 2236 4344 fidei
2268 4288 2569 4358 symbolum
2595 4283 2836 4352 opponit,
2866 4283 3005 4350 quod
3036 4282 3162 4334 olim
3196 4281 3432 4346 Spiritus

1857 4384 2032 4438 sancti
2064 4382 2264 4436 lumine
2292 4378 2540 4433 illustrati
2570 4375 2755 4429 Patres
2787 4376 2922 4443 apud
2966 4374 3193 4426 Niczcam
3228 4373 3436 4425 collecli

1859 4476 2218 4537 definierunt,
2250 4481 2493 4526 metuens
2533 4469 2647 4537 ipse
2678 4483 2743 4521 ne
2767 4467 2933 4535 aliqui
2978 4465 3206 4518 fortasse
3252 4479 3436 4515 sanam

182 4600 339 4647 ματος
369 4586 734 4652 φωταγωγίας
780 4586 828 4636 οἱ
878 4583 1020 4637 κατὰ
1063 4585 1285 4652 καιροὺς
1321 4585 1376 4634 ἐν
1407 4585 1472 4651 τῇ
1504 4582 1740 4634 Νικαέωι

1862 4569 2020 4623 ﬁdem
2074 4573 2392 4625 servarent,
2437 4562 2648 4614 illorum
2687 4560 2905 4612 vocibus
2947 4558 3010 4610 ad
3049 4557 3326 4609 veritatem
3365 4556 3440 4606 iu-

185 4676 644 4747 τυναγηγερμένοι
695 4676 934 4746 Πατέρες
976 4674 1264 4746 ὡρίσαντο,
1313 4673 1495 4736 δεδιὼς
1539 4673 1611 4743 μὴ
1650 4674 1758 4743 ἄρα

187 4784 290 4828 ’.ως
316 4769 444 4834 ὑγιᾶ
473 4771 573 4838 τὴν
600 4769 783 4819 πίστιν
807 4765 1170 4820 διασώσαιντό
1195 4782 1358 4827 τινες,
1391 4767 1508 4828 ταῖς
1533 4765 1758 4816 ἐκείνων

184 4864 378 4924 «mai;
425 4860 940 4931 παιδαγωγούμενοι
983 4860 1118 4931 πρὸς
1169 4858 1450 4928 ἀλήθειαν,
1501 4861 1758 4927 πειρᾶται

191 4957 560 5022 συκοιραντείν,
602 4955 697 5006 καὶ
724 4954 831 5005 τῶν
881 4953 1080 5016 λέξεων
1130 4951 1442 5004 ἐναλλὰττει
1480 4952 1581 5021 τὴν
1621 4950 1756 5003 ἁπό-

184 5044 344 5110 ὂοσιν,
373 5051 466 5102 καὶ
500 5047 671 5117 αὐτὴν
698 5047 753 5099 δὲ
786 5045 893 5099 τῶν
935 5043 1154 5098 ἐννοιῶν
1184 5043 1283 5115 τὴν
1312 5042 1540 5112 δύναμιν
1579 5059 1758 5112 παρα·

192 5138 464 5204 σημαίνειν
509 5137 812 5207 ἀποτολμᾷ.
859 5135 1075 5204 Ἐπειδὴ
1109 5135 1219 5209 γὰρ
1253 5135 1415 5197 αὐτὸς
1446 5133 1537 5186 ἐπὶ
1583 5133 1754 5202 μέσης

189 5226 468 5299 ἐκκλησίας
516 5227 767 5298 βεϐήλοις
802 5229 1001 5296 ἐχρῆτο
1041 5225 1449 5292 καινοφωνίαις,
1495 5223 1636 5293 ἁνήρ
1671 5239 1753 5281 τις

189 5317 290 5370 τῶν
319 5321 453 5388 ἄγαν
481 5320 763 5383 ἐπιεικῶν,
808 5319 904 5371 καὶ
943 5315 1112 5369 τελῶν
1163 5317 1262 5386 μὲν
1307 5317 1364 5368 ἐν
1395 5308 1609 5377 λαῖκοῖς
1641 5313 1752 5372 ἔτι,

192 5409 320 5479 πλὴν
368 5415 466 5466 οὐκ
501 5413 863 5480 ἀθαύμαστον
895 5406 1323 5481 συναγηγερκὼς
1358 5409 1413 5459 ὲν
1445 5405 1624 5476 ἐαυτῷ
1663 5405 1758 5473 τὴν

195 5504 474 5570 παίδευσιν,
522 5505 714 5576 θερμῷ
760 5522 818 5556 τε
865 5505 959 5556 καὶ
995 5499 1227 5572 φιλοθέῳ
1269 5501 1551 5570 κεκίνηται
1590 5498 1756 5567 ζήλῳ,

195 5599 275 5649 καὶ
303 5600 454 5668 τορόν
497 5617 548 5652 τι
597 5594 926 5668 κεκραγὼς,
972 5594 1132 5646 αὑτὸν
1164 5592 1266 5662 ἔφη
1308 5593 1400 5644 τὸν
1435 5588 1757 5660 προαιώνιον

196 5687 344 5757 λόγον
384 5692 474 5745 καὶ
505 5689 777 5758 δευτέραν
822 5686 1111 5753 ὑπομεῖναι
1159 5684 1432 5752 γέννησιν,
1478 5680 1632 5749 δῆλον
1678 5679 1758 5737 δὲ,

267 5867 307 5895 ⁸³
331 5866 424 5925 lsa.
466 5885 560 5922 VII.
604 5866 693 5918 Μ.
779 5862 824 5891 ’δ
860 5859 985 5914 an.
1021 5877 1056 5920 l,
1088 5861 1170 5913 17.
1251 5859 1293 5888 ⁸⁷
1327 5857 1456 5912 Ibid.
1492 5855 1576 5908 76.

477 5963 761 6020 ΡΑτιιυι..
817 5951 933 6012 Gtt.
986 5955 1234 6012 LXXVI.

1861 4661 2068 4724 stituti',
2098 4657 2416 4712 calumniari
2452 4666 2696 4712 conatur,
2731 4663 2782 4704 et
2806 4651 3096 4704 dictionum
3130 4649 3441 4714 explicatio-

1861 4769 1981 4822 ucm
2011 4751 2261 4811 invertit,
2287 4757 2340 4800 et
2369 4746 2540 4816 ipsam
2569 4745 2672 4797 vim
2706 4742 3097 4798 sententiarum
3134 4739 3440 4792 adulterare

1860 4848 2040 4900 audet.
2082 4845 2213 4898 Cum
2257 4841 2399 4896 enim
2444 4841 2555 4908 ipse
2606 4838 2657 4889 in
2702 4835 2875 4889 media
2925 4833 3151 4885 ecclesia
3202 4829 3442 4900 profanis

1863 4947 2102 4992 uteretur
2158 4930 2505 5000 neologismis
2539 4969 2552 4991 ,
2606 4928 2689 4980 vir
2747 4925 2959 4994 quidam
3017 4935 3144 4978 sane
3218 4922 3438 4989 probus,

1862 5030 1950 5098 qui
1988 5027 2164 5081 adhuc
2195 5026 2335 5077 inter
2371 5022 2540 5075 laicos
2563 5029 2699 5080 erat,
2727 5018 2817 5070 Sed
2857 5025 3031 5068 tamen
3070 5013 3439 5065 admirabilem

1866 5119 1964 5173 sibi
1999 5117 2287 5186 collegerat
2316 5111 2694 5169 eruditionem,
2719 5107 2942 5160 ferventi
2966 5114 3018 5156 et
3047 5103 3294 5171 religioso
3327 5103 3441 5154 zelo

1863 5212 1964 5282 21
1996 5219 2288 5276 permotus,
2317 5200 2709 5258 etcontentiori
2738 5197 3245 5256 voceinclamitaus,
3273 5196 3443 5261 ipsum

1868 5304 2041 5373 inquit
2069 5311 2193 5354 ante
2223 5297 2416 5352 saecula
2452 5294 2682 5348 Verbum
2709 5296 2870 5347 etiam
2894 5288 3186 5344 secundam
3216 5288 3447 5342 subiisse

1872 5397 2303 5466 generationem,
2327 5396 2375 5446 id
2400 5399 2502 5454 est,
2545 5389 2687 5442 illam
2717 5385 3012 5441 secundum
3044 5397 3260 5437 carnem
3300 5391 3348 5434 et
3381 5394 3442 5432 ex

1872 5489 2099 5542 muliere
2129 5504 2139 5537 :
2170 5482 2620 5537 tumultuantibus
2668 5479 2730 5533 ad
2767 5478 2864 5530 ista
2901 5475 3141 5545 populis,
3173 5482 3227 5525 et
3258 5471 3445 5538 majori

1871 5597 1932 5634 ac
1977 5579 2174 5633 saniori
2229 5587 2379 5646 parte
2408 5571 2659 5628 maximis
2686 5570 2834 5624 illum
2892 5567 3140 5620 laudibus
3172 5562 3448 5617 attollente

1871 5685 1925 5728 ut
1965 5673 2108 5744 pium
2157 5681 2208 5725 et
2235 5669 2528 5736 sapientem
2564 5665 2613 5718 in
2656 5663 2879 5732 primis,
2938 5672 2990 5714 et
3017 5669 3284 5714 rectorum
3320 5657 3450 5723 dog-

3000 5906 3030 5939 ιν
