4112 6498
703 398 773 454 43

1695 392 1755 448 S.
1794 390 2065 449 ςιιιιιιι
2103 391 2573 448 ALEXANDRINI
2609 392 2932 450 ARCiiiEP.

3893 390 3986 445 μ

705 520 905 565 matum
947 509 1089 565 haud
1145 517 1444 579 expertem,
1478 508 1596 564 aliis
1630 509 1983 566 nihilominus
2021 510 2278 566 adversus

2386 513 2466 566 ὃτι
2495 530 2593 584 την
2637 514 2778 568 κατά
2805 514 3005 587 σάρκα,
3042 514 3136 568 καὶ
3166 512 3229 567 ἐκ
3262 511 3552 582 γυναικός’
3582 508 3984 583 θορυϐούντων

704 603 852 656 illum
896 601 1158 668 efferatis,
1201 602 1314 671 ipse
1378 615 1438 657 se
1491 601 1819 672 interponit,
1875 615 2113 671 moxque
2157 601 2278 657 illos

703 694 1000 764 approbat,
1042 707 1179 761 quos
1225 707 1323 749 sua
1357 693 1599 748 docendo
1656 692 1992 762 perdiderat,
2021 702 2274 749 caeterum

706 787 757 838 in
805 800 926 840 eum
964 784 1201 855 linguam
1236 784 1449 838 exacuit
1496 784 1585 854 qui
1612 783 1781 853 ipsius
1843 785 2095 853 dogmata
2160 800 2268 839 non

704 877 1054 943 sustinuerat,
1114 884 1171 930 et
1227 874 1280 929 in
1322 883 1540 930 sanctos
1591 874 1780 928 Patres
1824 874 1916 944 qui
1960 873 2100 944 piam
2152 874 2276 927 fidei

705 970 1069 1024 definitionem
1126 968 1281 1022 nobis
1329 967 1745 1028 constituerant,
1778 979 1940 1036 quam
1974 973 2033 1019 ut
2101 963 2274 1018 animi

705 1062 997 1115 anchorain
1053 1061 1314 1116 habemus
1347 1067 1515 1113 tutam
1550 1071 1612 1111 ac
1643 1055 1875 1123 firmam,
1906 1065 1968 1110 ut
2010 1055 2271 1126 scriptum

702 1163 785 1208 est
809 1153 874 1207 ⁸⁸.

2380 605 2437 658 δὲ
2471 607 2604 677 πρὸς
2630 607 2800 661 ταῦτα
2832 607 2942 660 τῶν
2982 607 3191 678 δήμων,
3233 605 3330 660 καὶ
3373 604 3484 658 τῶν
3519 603 3619 675 μὲν
3664 601 3980 666 πλείστων,

2383 698 2479 750 καὶ
2509 697 2766 762 συνετῶν,
2807 698 2868 751 ού
2900 698 3141 771 μετρίοις
3183 698 3346 752 αὐτὸν
3385 698 3627 759 ἐπαίνοις
3666 691 3986 764 τετιμηκόο

2382 804 2509 851 των,
2553 787 2629 851 ὡς
2668 789 2866 859 εὐσεϐῆ
2898 807 2982 853 τε,
3026 791 3121 844 καὶ
3159 789 3550 851 συνετώτατον,
3593 787 3690 841 καὶ
3718 785 3819 854 τῆς
3852 784 3984 837 τῶν

2381 875 2667 946 δογμάτων
2696 877 2987 949 ὀρθότητος
3025 879 3128 933 οὐκ
3152 879 3515 950 ἡμοιρηκότα,
3556 873 3982 944 λελυττηκότων

2381 982 2449 1035 γε
2515 967 2620 1038 μὴν
2668 971 2788 1023 κατ’
2837 969 3001 1024 αὑτοῦ
3053 970 3164 1024 τῶν
3216 970 3414 1036 ἄλλων,
3456 966 3724 1024 διαλαὸὼν
3772 964 3978 1025 αὐτὸς,

2380 1057 2702 1126 ἀποδέχεται
2735 1059 2836 1127 μὲν
2873 1059 3034 1123 εὐθὺς
3061 1059 3329 1124 ἐκείνους,
3360 1058 3455 1122 οὓς
3482 1057 3551 1111 τά
3575 1054 3770 1110 ἐαυτοῦ
3809 1051 3981 1106 διδά-

2379 1164 2526 1201 σκων
2555 1148 2933 1203 ἀπολώλεκεν
2969 1151 3224 1222 ἐπιθήγει
3274 1150 3329 1204 δέ
3372 1150 3472 1221 τὴν
3507 1148 3754 1219 γλῶτταν
3810 1142 3982 1212 αὐτῷ

700 1261 760 1298 τε
792 1243 870 1314 τῷ
898 1242 973 1313 μὴ
1037 1237 1388 1310 ἀνασχομένῳ
1435 1237 1504 1291 τὰ
1546 1235 1736 1302 αὑτοῦ,
1771 1236 1864 1288 καὶ
1937 1235 2044 1307 μὴν
2091 1237 2186 1289 καὶ
2237 1236 2350 1298 τοῖς
2389 1237 2566 1304 ἁγίοις
2611 1239 2915 1310 Πατράσιν,
2952 1240 3002 1293 οἳ
3050 1240 3142 1295 τὸν
3171 1241 3368 1313 εὐσεδῆ
3413 1240 3514 1310 τῆς
3558 1240 3794 1302 πίστεως
3836 1237 3980 1308 ὅρον

700 1341 833 1410 ἡμῖν
863 1336 1418 1407 τεθεσμοθετήκασιν,
1459 1335 1526 1406 ἢν
1555 1333 1632 1398 ὡς
1665 1333 1916 1404 ἄγκυραν
1987 1332 2185 1403 ἔχομεν
2221 1332 2319 1403 τῆς

705 1438 884 1507 μένον.

772 1524 1051 1598 [Νεςτοιι.
1092 1522 1312 1577 Gaudeo
1364 1521 1538 1584 enim,
1583 1520 1793 1588 inquit,
1842 1527 2082 1573 vestrum
2135 1516 2277 1586 aspi-

699 1620 852 1674 ciens
899 1616 1096 1669 zelum.
1145 1611 1386 1668 indidem
1439 1611 1723 1681 perspicue
1774 1609 1996 1679 coargui
2049 1615 2279 1679 possunt

699 1725 819 1781 quae
858 1710 925 1763 ab
950 1706 1153 1762 infelici
1204 1705 1421 1760 homine
1465 1713 1595 1759 sunt
1636 1703 1900 1772 flagitiose
1929 1700 2072 1756 dicta
2104 1719 2118 1756 :
2151 1715 2274 1755 nam

699 1815 929 1869 quorum
989 1799 1108 1853 dure
1157 1807 1287 1851 sunt
1332 1795 1732 1865 generationes,
1770 1808 1954 1847 eorum
2012 1794 2118 1848 duo
2167 1792 2277 1847 sint

700 1894 792 1947 ﬁlii
841 1905 1066 1946 necesse
1108 1897 1233 1943 est:
1265 1888 1359 1942 sed
1403 1885 1641 1943 Ecclesia
1698 1899 1860 1938 unum
1904 1883 2147 1955 agnoscit
2181 1880 2275 1938 Fi-

699 1982 852 2045 lium,
886 1981 1058 2049 ipsum
1091 1976 1371 2032 hominum
1401 1971 1729 2043 Christnm.]
2302 1970 2347 2024 Β

1343 2107 1494 2163 CAP.
1543 2106 1627 2159 Vi.

765 2247 1103 2305 Stultissime
1152 2243 1280 2314 quid
1337 2242 1421 2298 his
1479 2244 1546 2297 de
1599 2242 1761 2299 rebus
1815 2244 2158 2301 sentiendum
2203 2243 2277 2299 sit

701 2341 1064 2396 definitionem
1119 2333 1344 2405 protulit
1398 2332 1624 2386 dicens:
1659 2331 1922 2404 [Quorum
1973 2334 2093 2388 dum
2148 2342 2278 2390 sunt

699 2431 1102 2502 generationes,
1144 2439 1333 2481 eorum
1378 2425 1483 2476 duo
1508 2437 1728 2493 quoque
1775 2424 1887 2479 sint
1919 2426 2010 2480 ﬁlii
2053 2440 2276 2482 necesse

699 2520 828 2593 est]
857 2520 1126 2575 Caeterum
1165 2515 1366 2568 omissa
1411 2514 1496 2568 his
1529 2515 1594 2568 de
1629 2515 1791 2569 rebus
1835 2516 2050 2571 exiliori
2090 2518 2276 2585 dispu-

701 2614 932 2676 tatione,
965 2607 1185 2663 interim
1223 2619 1345 2674 qua:
1393 2604 1459 2657 ad
1493 2605 1758 2660 orationis
1799 2616 1998 2659 nostra:
2027 2606 2277 2676 proposi-

702 2714 818 2757 tnm
850 2715 917 2756 ex
950 2696 1196 2769 diligenti
1229 2693 1584 2765 inquisitione
1615 2695 1842 2748 inveniri
1876 2705 2127 2766 poterunt
2163 2696 2276 2752 coi-

703 2795 950 2865 ligamus.
1009 2788 1176 2860 igitur
1227 2787 1359 2841 duas
1425 2798 1548 2841 esse
1586 2786 1990 2856 generationes,
2053 2787 2276 2844 minime

694 2881 1094 2937 admittendum
1149 2875 1382 2932 censuit.
1435 2873 1602 2930 Unam
1643 2890 1805 2946 porro
1864 2877 2197 2933 nativitatem
2243 2893 2274 2932 ι

700 2974 856 3029 nobis
893 2984 1014 3026 esse
1040 2967 1403 3024 confitendam
1430 2967 1644 3031 asserit,
1679 2981 1746 3020 ne
1781 2967 1914 3020 duos
1943 2966 2083 3020 filios
2114 2965 2276 3023 intel-

699 3068 950 3136 ligamus,
981 3077 1045 3116 ac
1087 3061 1133 3115 si
1178 3073 1404 3114 necesse
1439 3058 1531 3122 sit,
1564 3058 1608 3113 si
1645 3058 1763 3110 duae
1796 3071 2021 3126 prorsus
2052 3073 2276 3128 genera-

702 3159 878 3209 tiones
902 3154 1032 3218 sint,
1058 3152 1191 3205 duos
1218 3151 1348 3202 item
1381 3147 1522 3201 filios
1552 3145 1760 3201 inferri.
1790 3144 2026 3201 Prodeat
2048 3163 2175 3217 ergo
2207 3163 2271 3204 ac

699 3251 894 3303 doceat
948 3253 1126 3300 utram
1181 3241 1588 3310 generatiOneni
1639 3237 1791 3293 malit
1839 3239 2148 3307 admittere,
2205 3240 2273 3292 il-

2389 1332 2570 1406 ψυχῆς
2616 1335 2835 1408 ἀσφαλῆ
2880 1355 2940 1391 τε
2991 1339 3086 1393 καὶ⁹
3128 1339 3375 1409 βεὸαίαν,
3422 1337 3565 1393 κατά
3607 1338 3670 1391 τὸ
3710 1352 3979 1407 γεγραμ-

2452 1514 2666 1588 [Χαίρω
2695 1516 2826 1589 γὰρ,
2854 1517 2981 1589 ἔφη,
2999 1518 3092 1573 τὸν
3121 1518 3386 1590 ὑμέτερον
3411 1517 3749 1588 θεασάμενος
3770 1515 3970 1587 ζῆλον.

2379 1605 2616 1659 Αὑτόθεν
2634 1608 2752 1662 ἐστὶ
2775 1609 2948 1679 σαφὴς
2965 1612 3064 1680 τῆς
3079 1609 3186 1662 τῶν
3202 1609 3499 1680 λεχθέντων
3526 1609 3634 1681 [ισ.
3658 1608 3836 1679 σαφὴς
3855 1607 3976 1661 τῶν

2377 1696 2700 1771 λεχθέντων]
2729 1701 2833 1754 ὑπὸ
2859 1701 2958 1770 τῆς
2983 1700 3076 1754 τοῦ
3119 1701 3351 1754 δειλαίου
3391 1701 3613 1772 μιαρίας
3646 1703 3674 1754 6
3701 1701 3930 1771 ἐλεγχος
3949 1713 3969 1730 ⁸

2379 1780 2457 1842 ὧν
2485 1789 2594 1861 γὰρ
2616 1789 2710 1843 δύο
2735 1792 3036 1863 γεννήσεις,
3067 1792 3271 1846 τούτων
3292 1791 3384 1845 δύο
3414 1793 3550 1846 υίοί·
3643 1792 3697 1845 δὲ
3727 1791 3976 1862 Ἐκκλη-

2379 1881 2472 1935 σία
2501 1880 2598 1934 ἕνα
2630 1875 2771 1936 οἶδεν
2805 1882 2955 1948 Υίὸν,
2986 1882 3077 1936 τὸν
3101 1883 3381 1954 Δεσπότην
3406 1881 3688 1954 Χριστόν.Ἰ

2957 2105 3216 2174 ηομ.
3259 2108 3350 2172 ς’.

2463 2237 2827 2308 Ἀνοητοτατα
2862 2251 2963 2307 μεν
2992 2231 3086 2290 οὖν
3115 2237 3207 2292 τὸν
3235 2237 3344 2292 τῶν
3376 2237 3471 2293 ἐπὶ
3499 2239 3708 2304 τούτοις
3739 2241 3974 2296 ἐννοιιῖιν

2381 2328 2507 2400 ὅρον
2558 2327 2916 2400 ἐξηνέγκατο,
2944 2328 3154 2398 λέγων’
3195 2325 3320 2401 [Ὧν
3359 2331 3469 2404 γὰρ
3519 2331 3610 2386 δύο
3643 2333 3970 2404 γεννήσεις,

2380 2420 2587 2475 τούτων
2619 2421 2714 2474 καὶ
2739 2419 2834 2474 δύο
2862 2420 3014 2493 υἱοί.]
3055 2421 3430 2494 Ἰσχνομυθίας
3450 2441 3514 2492 γε
3546 2424 3654 2496 μὴν
3679 2426 3777 2494 τῆς
3807 2425 3869 2478 έν
3899 2443 3970 2493 γε

2381 2511 2595 2576 τούτοις
2624 2513 2887 2582 ἀφέμενοι
2914 2555 2929 2580 ,
2959 2513 3096 2578 τέως
3129 2515 3266 2586 πρὸς
3296 2514 3388 2569 τὸν
3419 2515 3512 2570 τοῦ
3561 2515 3724 2585 λόγου
3753 2517 3972 2570 σκοπὸν

2382 2602 2449 2656 τά
2476 2601 2535 2666 ἐξ
2563 2601 2827 2671 ἀκριϐοῦς
2852 2602 3100 2675 ἐρεύνης,
3132 2605 3265 2676 φέρε
3285 2605 3370 2676 δὴ,
3395 2605 3552 2678 φέρε,
3588 2605 3968 2677 συλλέγωμεν.

2382 2690 2592 2746 Οὐκοῦν
2634 2692 3014 2762 ἀπαράδεκτον
3065 2695 3190 2766 [ιον.
3226 2695 3276 2749 εί
3311 2695 3408 2750 δύο
3453 2691 3595 2752 εῖναι
3639 2700 3969 2770 γεννήσεις,

2379 2783 2784 2856 ἀπαράδεκτον]
2815 2785 3139 2857 ἐποιήσατο,
3180 2788 3377 2857 χρῆναι
3400 2787 3458 2842 δέ
3489 2806 3623 2861 φησι
3665 2790 3798 2860 μίαν
3823 2792 3970 2858 ὀμο-

2381 2874 2655 2942 λογεῖσθαι
2680 2876 2815 2946 πρὸς
2846 2876 3002 2946 ἡμῶν
3023 2916 3036 2942 ,
3070 2878 3157 2932 ἵνα
3188 2878 3263 2951 μὴ
3295 2879 3389 2933 δύο
3421 2880 3630 2952 νοῶμεν
3669 2881 3820 2945 uicti;
3840 2898 3854 2911 °
3885 2882 3971 2946 ὡς

2381 2967 2440 3020 ὃν
2471 2967 2782 3035 ἐπάναγκες
2803 3008 2818 3033 ,
2846 2969 2894 3021 εί
2924 2969 3017 3022 δύο
3042 2971 3258 3034 πάντως
3288 2973 3345 3025 αἱ
3373 2972 3659 3040 ἀποτέξεις
3697 2970 3829 3036 εῐεν,
3867 2974 3972 3027 δύο

2383 3057 2478 3110 καὶ
2503 3059 2654 3121 υἱοὺς
2695 3059 3077 3130 εἰσφέρεσθαιο
3113 3061 3411 3117 διδασκέτω
3455 3064 3761 3134 παρελθὼν,
3795 3067 3970 3118 ποίαν

2384 3149 2493 3221 ἄρα
2518 3148 2627 3203 τῶν
2658 3151 2965 3221 γεννήσεων
2990 3152 3380 3226 παραδέξεται,
3410 3153 3509 3224 τὴν
3536 3154 3865 3225 προαιώνιόν
3899 3171 3970 3209 τι

2382 3243 2478 3294 καὶ
2525 3242 2590 3294 ὲκ
2641 3241 2878 3313 Πατρὸς,
2920 3243 3046 3298 καθ’
3073 3244 3141 3316 ἣν
3187 3243 3344 3297 οὔπω
3372 3245 3790 3316 σεσαρκωμένος
3827 3245 3973 3311 Θεὸς

702 3341 881 3395 iamne
924 3353 995 3398 ex.
1039 3335 1200 3390 Patre
1249 3342 1376 3387 ante
1415 3330 1635 3395 saecula,
1684 3345 1781 3399 per
1825 3345 1989 3398 quam
2034 3330 2274 3384 nondum

2381 3329 2446 3405 ἦν
2473 3335 2502 3387 6
2533 3333 2723 3401 Λόγος,
2757 3334 2926 3404 ἤγουν
2955 3337 3184 3405 ταυτηνὶ
3228 3335 3329 3406 τὴν
3384 3335 3721 3406 πρόσφατον,
3758 3336 3856 3391 καὶ
3896 3339 3972 3392 ὲκ

702 3434 1012 3488 incarnatus
1067 3428 1206 3481 Deus
1230 3431 1347 3478 erat
1389 3421 1642 3483 Verbum,
1671 3434 1738 3473 an
1767 3434 1894 3474 vero
1920 3421 2060 3474 hanc
2097 3435 2278 3476 recen-

692 3535 809 3580 tem
835 3529 890 3577 et
920 3535 987 3576 ex
1021 3515 1281 3574 muliere?
1309 3513 1442 3568 Nam
1482 3514 1526 3568 si
1561 3512 1706 3566 illam
1735 3512 1878 3566 dicet
1907 3511 2098 3576 solam,
2128 3511 2271 3564 illam

699 3617 826 3672 dico
868 3623 995 3669 ante
1040 3609 1238 3666 saecula
1281 3615 1337 3660 et
1374 3620 1438 3659 ex
1487 3602 1670 3670 Patre,
1722 3602 1813 3656 ille
1851 3601 1956 3655 erit
2005 3601 2188 3670 utique
2225 3608 2280 3654 et

704 3705 921 3777 quidem
957 3700 1103 3756 solus
1136 3697 1328 3760 Filius,
1367 3695 1457 3763 qui
1489 3708 1556 3747 ex
1591 3707 1658 3748 eo
1688 3695 1985 3748 secundum
2030 3700 2274 3746 naturam

703 3805 786 3851 est
819 3801 992 3854 ortus,
1025 3798 1316 3855 antequam
1358 3781 1504 3836 carni
1538 3789 1592 3834 et
1633 3778 1876 3849 sanguini
1907 3779 2276 3833 communica-

706 3893 791 3941 ret
813 3883 857 3914 "
889 3899 901 3935 :
935 3889 1139 3935 temere
1170 3885 1347 3929 autem
1369 3887 1432 3925 ac
1460 3869 1657 3924 frustra
1682 3868 1997 3938 mysterium
2029 3867 2276 3921 incarna-

706 3974 868 4030 tionis
889 3972 1180 4034 asseritur;
1203 3965 1346 4020 nullo
1364 3964 1504 4018 enim
1524 3962 1684 4016 modo
1706 3960 1941 4030 seipsum
1962 3958 2276 4024 exinanivil,

704 4080 882 4135 neque
914 4062 1080 4118 subiit
1108 4058 1248 4114 servi
1285 4055 1512 4109 formam
1541 4053 1607 4119 εο,
1641 4052 1734 4107 sed
1763 4051 1844 4106 sic
1871 4049 2190 4120 permansit,
2226 4061 2280 4104 et

703 4170 888 4212 veram
937 4151 1119 4208 carnis
1175 4144 1567 4217 injunctionem
1602 4144 1880 4211 hucusque
1919 4138 2137 4209 refugit.
2176 4139 2272 4194 Sin

707 4263 840 4304 vero
887 4245 981 4315 qui
1030 4240 1292 4297 extremis
1336 4235 1669 4304 temporibus
1711 4247 1778 4287 ex
1835 4231 2072 4299 muliere
2120 4240 2277 4284 natus

701 4348 805 4405 est,
848 4340 894 4394 is
920 4337 1105 4403 utique
1142 4333 1350 4386 dioetur
1387 4338 1442 4383 et
1477 4327 1692 4395 quidem
1723 4323 1871 4378 solus
1903 4321 2091 4388 Filius,
2118 4329 2279 4391 atque

701 4433 865 4487 etiam
903 4428 1073 4484 solam
1111 4429 1252 4479 hanc
1283 4437 1349 4476 ex
1387 4420 1612 4474 muliere
1647 4416 2050 4484 generationem
2084 4414 2278 4468 admit-

705 4534 919 4578 teinus:
952 4533 1082 4588 ergo
1119 4514 1427 4570 necessario
1457 4510 1691 4581 perdidit
1726 4508 1852 4563 illud
1876 4521 1941 4562 ex
1981 4505 2090 4561 Deo
2115 4506 2277 4560 Patre

703 4614 939 4671 Verbum
970 4626 1038 4666 ne
1069 4610 1142 4665 sit
1172 4607 1469 4662 secundum
1500 4613 1744 4656 naturam
1783 4598 1969 4654 Filius.
2005 4599 2111 4654 Sed
2135 4599 2278 4652 videt

705 4720 928 4777 prorsus
971 4705 1053 4755 vir
1095 4699 1189 4754 Dei
1240 4708 1453 4751 amator
1495 4708 1656 4763 quam
1713 4692 1823 4746 sint
1869 4691 1951 4745 lia:
1992 4691 2275 4745 sententia:

705 4798 972 4860 absurdae,
998 4803 1052 4848 et
1080 4801 1410 4862 quantopere
1437 4785 1543 4854 22
1569 4784 1635 4837 ad
1665 4783 1999 4852 impietatem
2028 4790 2273 4849 vergant.

711 4889 778 4945 Ut
810 4901 938 4957 ergo
978 4884 1064 4937 via
1109 4880 1254 4949 regia
1293 4877 1625 4948 gradiantur,
1674 4876 1808 4929 duas
1841 4875 2073 4928 dicimus
2109 4872 2277 4927 fuisse

708 4980 1038 5040 nativitates,
1091 4974 1186 5027 sed
1223 4984 1385 5025 unum
1425 4969 1479 5021 in
1511 4976 1740 5035 utraque
1789 4964 2004 5028 Filium,
2051 4979 2173 5016 cuni
2221 4965 2272 5015 in

707 5085 871 5127 carne
893 5067 1128 5122 nomium
1159 5072 1324 5127 esset,
1361 5059 1589 5115 Verbum
1616 5075 1682 5114 ex
1715 5057 1846 5121 Deo,
1877 5058 2123 5111 eumdem
2151 5069 2278 5107 vero

709 5172 895 5233 postea
933 5159 1097 5214 etiam
1138 5156 1499 5219 ineat-natum,
1537 5164 1590 5207 et
1614 5153 1702 5220 qui
1737 5161 1956 5220 pr0pter
1982 5163 2080 5202 nos
2114 5163 2280 5216 gene-

2310 4653 2332 4707 Ι

711 5255 972 5309 rationem
1012 5249 1306 5304 secundum
1364 5259 1586 5300 carnem
1638 5259 1704 5299 ex
1757 5241 1979 5296 muliere
2029 5238 2278 5294 subierit.

709 5345 840 5399 Nam
879 5344 925 5398 si
957 5341 1184 5396 dixisset
1214 5340 1267 5394 in
1312 5338 1620 5393 hominibus
1655 5345 1911 5405 oportere
1940 5347 2187 5403 prorsus,
2233 5330 2280 5385 si

710 5438 841 5489 duas
872 5431 1249 5503 generationes
1287 5427 1554 5494 dicamus,
1609 5429 1740 5480 duos
1773 5440 1892 5479 esse
1938 5424 2094 5488 filios,
2134 5431 2280 5476 recte

705 5543 769 5582 ac
818 5539 942 5580 vere
991 5523 1217 5578 dixisset
1247 5540 1259 5575 :
1289 5522 1379 5576 sed
1429 5521 1554 5590 quia
1602 5517 1803 5574 Christi
1852 5517 2169 5587 mysterium
2227 5525 2280 5567 et

707 5615 1095 5673 incarnationis
1146 5613 1281 5667 ratio
1312 5613 1471 5667 aliain
1513 5612 1652 5664 viam
1705 5619 1871 5676 tenet,
1907 5618 1960 5665 et
2013 5609 2065 5664 in
2117 5608 2278 5663 rebus

791 5795 1020 5850 “Hebr.
1061 5811 1132 5859 vt,
1165 5793 1246 5848 19.
1329 5797 1371 5825 ⁵³
1397 5793 1556 5847 Hebr.
1594 5807 1652 5856 ll,
1698 5792 1777 5847 Μ.
1854 5790 2150 5859 “Philipp.
2182 5804 2240 5853 tt,
2267 5788 2318 5840 ὓ.

2377 3423 2672 3490 γυναικός;
2703 3422 2765 3475 Ei
2797 3422 2894 3490 μὲν
2927 3417 3020 3475 οὖν
3050 3423 3267 3493 ἐκείνην
3311 3425 3461 3494 ἐρεῖ,
3497 3425 3592 3480 καὶ
3637 3428 3827 3500 μόνην,
3860 3430 3973 3502 τὴν

2379 3511 2714 3584 προαιὼνιον
2744 3512 2888 3580 λέγω
2910 3551 2924 3576 ,
2956 3513 3052 3566 καὶ
3097 3515 3162 3566 ἐκ
3202 3515 3417 3586 Πατρὸς
3444 3553 3459 3580 ,
3493 3517 3698 3581 ἐκεῖνος
3736 3520 3804 3573 ἂν
3849 3521 3970 3594 εἴη,

2379 3605 2476 3657 καὶ
2511 3604 2670 3676 μόνος
2712 3603 2864 3670 Υίὸς,
2897 3605 2925 3656 6
2958 3603 3016 3670 ἐξ
3045 3604 3209 3657 αὑτοῦ
3257 3605 3400 3659 κατὰ
3438 3606 3620 3676 φύσιν,
3649 3607 3801 3664 οὔπω
3830 3628 3974 3682 σαρ-

2378 3697 2495 3763 κὸς,
2559 3698 2654 3750 καὶ
2688 3697 2920 3766 αἵματος
2961 3697 3412 3768 κεκοινωνηκὼς*
3448 3699 3572 3769 είκῆ
3613 3700 3694 3767 δὲ,
3737 3702 3833 3754 καὶ
3883 3704 3972 3767 ὡς

2380 3788 2523 3841 ἔοικε
2558 3788 2578 3860 [
2603 3789 2689 3843 ισ.
2719 3788 2875 3861 ἔτυχε
2899 3788 2919 3861 ]
2940 3830 2956 3854 ,
3003 3789 3065 3843 τδ
3091 3789 3192 3859 τῆς
3225 3788 3694 3862 ἐνανθρωπήσεως
3718 3791 3971 3848 λαλεῖται

2383 3883 2715 3948 μυστήριονο
2753 3879 2847 3931 καὶ
2888 3877 3163 3931 κεκένωκε
3218 3878 3318 3948 μὲν
3366 3878 3560 3932 ἑαυτὸν
3603 3881 3720 3932 κατ’
3769 3879 3971 3933 οὐδένα

2379 3971 2612 4042 τρόπον’
2655 3969 2780 4023 οὔτε
2829 3970 2935 4040 μὴν
2964 3971 3021 4023 ἐν
3058 3973 3125 4040 τῇ
3153 3971 3248 4024 τοῦ
3281 3971 3467 4024 δούλου
3514 3973 3702 4040 γέγονε
3734 3975 3924 4044 μορφῇ
3948 3990 3967 4004 ⁶

2384 4062 2661 4133 μεμένηκε
2693 4062 2748 4114 δὲ
2777 4061 2939 4125 οὕτω,
2971 4061 3071 4132 τὴν
3113 4060 3249 4132 πρὸς
3292 4061 3470 4132 σάρκα
3512 4063 3726 4116 σύνοδον
3778 4064 3968 4136 ἀληθῆ

2380 4156 2473 4206 καὶ
2508 4155 2588 4217 εἰς
2612 4152 2774 4225 δεῦρο
2801 4153 3260 4224 παραιτούμενος.
3305 4152 3446 4205 Ἀλλ’
3476 4154 3504 4206 6
3535 4153 3646 4226 [Τσ.
3676 4155 3793 4208 ἀλλ’
3824 4157 3873 4210 εί
3905 4156 3965 4230 6]

2381 4247 2440 4298 ἐν
2471 4246 2720 4314 ἐσχάτοις
2752 4248 2965 4316 καιροῖς
2998 4246 3064 4298 ἐκ
3096 4243 3373 4312 γυναικὸς,
3408 4245 3572 4309 αὐτὸς
3612 4247 3680 4300 ἂν
3724 4246 3963 4316 λέγοιτο,

2381 4338 2475 4389 καὶ
2522 4338 2687 4408 μόνος
2731 4337 2890 4401 Υἱός·
2923 4335 3017 4391 καὶ
3067 4337 3132 4409 δὴ
3171 4337 3266 4391 καὶ
3318 4338 3449 4408 μίαν
3495 4338 3722 4409 ταυτηνὶ
3755 4340 3855 4411 τὴν
3896 4342 3966 4394 ἐκ

2380 4430 2641 4498 γυναικὸς
2671 4429 3093 4501 παραδεξόμεθα
3128 4431 3415 4500 γέννησιν,
3448 4429 3756 4484 ἀπώλισθεν
3790 4431 3967 4498 ἀναγ-

2380 4521 2551 4584 καίως
2580 4519 2674 4572 τοῦ
2711 4516 2850 4572 εἶναι
2882 4519 3024 4573 κατὰ
3069 4520 3232 4588 φύσιν
3277 4520 3404 4582 Υἱὸς
3429 4521 3456 4572 6
3485 4521 3548 4572 ἐκ
3581 4519 3715 4572 Θεοῦ
3744 4521 3969 4592 Πατρὸς

2383 4613 2575 4679 Λόγος.
2621 4609 2761 4663 Ἀλλ’
2787 4611 2887 4682 ὅρα
2917 4609 3044 4683 [ian
3093 4611 3232 4684 ὁρᾷ]
3276 4628 3377 4664 που
3409 4609 3628 4674 πάντως
3651 4613 3679 4664 6
3705 4609 3969 4682 θεοφιλὴς

2380 4690 2479 4773 τὴν
2509 4702 2616 4754 τῶν
2645 4701 2862 4756 ἐννοιῶν
2889 4701 3139 4769 ἀτοπίαν,
3187 4704 3282 4757 καὶ
3333 4703 3394 4756 τὸ
3444 4702 3562 4756 λίαν
3596 4704 3969 4766 ἀπονενευκὸς

2382 4795 2462 4856 είς
2504 4792 2783 4846 ἀσέϐειαν.
2814 4793 2932 4847 Ἵνα
2961 4795 3140 4847 τοίνυν
3165 4794 3281 4848 ὁδὸν
3307 4793 3600 4865 ἐρχώμεοα
3628 4794 3724 4864 τὴν
3757 4793 3970 4863 βασιλι-

2381 4883 2506 4954 κὴν,
2537 4883 2629 4936 δύο
2659 4884 2839 4954 φαμὲν
2875 4884 3127 4953 γενέσθαι
3160 4885 3254 4949 τὰς
3307 4885 3609 4951 ἀποτέξεις,
3653 4884 3750 4937 ἕνα
3780 4882 3838 4937 δὲ
3869 4883 3968 4938 τὸν

2379 4975 2445 5026 δι’
2475 4975 2675 5044 ἀμφοῖν
2704 4975 2866 5028 Υίόνέ
2903 4975 3058 5029 ούπω
3087 4977 3187 5048 μὲν
3220 4979 3277 5030 ἐν
3308 4977 3472 5048 σαρκὶ
3503 4977 3760 5046 γεγονότα
3781 4976 3874 5031 τὸν
3897 4979 3969 5032 ἐκ

2384 5066 2518 5119 Θεοῦ
2553 5067 2752 5135 Λόγον·
2788 5069 2879 5120 τὸν
2907 5069 3069 5121 αὑτὸν
3099 5069 3152 5122 δὲ
3196 5069 3336 5139 μετά
3369 5069 3528 5122 τοῦτο
3554 5069 3651 5122 καὶ
3689 5085 3969 5138 σεσαρκω-

2391 5158 2570 5227 μένον,
2606 5158 2697 5210 καὶ
2730 5159 2795 5211 δι’
2831 5160 2987 5229 ὴμῶν
3021 5158 3129 5231 [ῑσ.
3164 5160 3231 5212 δι’
3263 5159 3436 5231 ἡμᾶς]
3473 5160 3570 5230 τὴν
3614 5161 3677 5212 ἐκ
3705 5161 3966 5228 γυναικὸς

2386 5248 2692 5302 ἀνατλάντα
2739 5249 2991 5320 γέννησιν
3041 5250 3180 5303 κατά
3226 5251 3424 5322 σάρκα.
3471 5251 3533 5303 El
3570 5250 3669 5321 μὲν
3717 5249 3829 5323 γὰρ
3874 5252 3965 5302 ἐπ’

2386 5337 2689 5408 ἀνθρώπων
2720 5339 2925 5407 ἔφασκε
2951 5340 3012 5392 τὸ
3040 5341 3235 5411 χρῆναι
3264 5339 3327 5410 δὴ
3359 5339 3574 5403 πάντως
3600 5339 3692 5392 δύο
3727 5341 3966 5394 νοεῖσθαι

2385 5430 2510 5492 τοὺς
2556 5433 2723 5496 υἱοὺς,
2760 5432 2807 5483 εί
2851 5431 2906 5483 δὲ
2940 5430 3034 5484 δύο
3063 5430 3171 5503 [Ῑσ.
3208 5433 3257 5485 εί
3286 5431 3401 5505 δύο]
3443 5433 3723 5500 γεννήσεις
3766 5432 3969 5504 ὀνομά-

2387 5520 2572 5589 ζομεν,
2615 5520 2792 5592 ὀρθῶς
2827 5522 2893 5574 ἂν
2937 5520 3066 5592 ἔφη,
3105 5522 3199 5575 καὶ
3227 5518 3296 5594 ἦν
3330 5522 3558 5592 ἀληθές·
3593 5520 3781 5592 ἐπειδὴ
3810 5522 3865 5574 δέ
3903 5523 3966 5575 τὸ

2387 5608 2619 5680 Χριστοῦ
2645 5611 2940 5683 μυστήριον
2985 5612 3078 5664 κα)⁹
3105 5609 3133 5661 6
3163 5612 3260 5682 τῆς
3287 5611 3753 5683 ἐνανθρωπήσεως
3785 5611 3963 5681 λόγος,
