4112 6488
153 445 196 496 l5

1302 448 1681 505 ADVERSUS
1716 447 2122 505 NESTORIUM
2165 446 2294 505 LIB.
2338 450 2379 504 l.
3342 458 3408 511 ιδ

168 565 309 637 ὶτέραν
341 563 461 634 εχει
491 582 606 636 την
639 567 800 633 ὁδὸν,
834 568 930 622 καὶ
957 569 1054 623 οὐκ
1091 567 1149 622 ἐν
1188 585 1253 638 γε
1289 570 1402 632 τοῖς
1435 570 1556 622 καθ’
1595 570 1738 639 ἡμᾶς

1847 568 2046 622 nostris
2068 582 2172 622 non
2203 569 2390 622 eodem
2432 569 2590 625 modo
2617 571 2966 638 conspicitur,
3003 586 3100 626 cur
3121 584 3410 628 consuetu-

176 657 422 729 ῐςοτρόπως
447 659 692 729 ὁρᾶται,
716 660 775 713 τί
807 663 929 724 ταῖς
955 660 1074 715 καθ’
1099 662 1246 732 ἡμᾶς
1276 659 1583 730 συνηθείαις
1611 677 1736 712 συν·

64 730 66 750 Ι
170 749 292 818 ορών,
326 745 448 802 εἷτα
467 753 589 814 τοῖς
626 752 994 822 παραδόξοις,
1017 730 1481 821 καὶύπὲρ“λόγον,
1501 750 1592 803 τὸν
1614 748 1739 803 νοῦν

169 841 328 902 ἐνιεὶς,
380 841 468 902 είς
521 841 966 911 ἀδρανεστὰτην,
1011 841 1104 893 καὶ
1138 839 1326 910 ἀμαθῆ
1361 839 1459 906 τὴν
1505 839 1740 907 ὀλιγοπι-

168 931 291 982 στίαν
333 934 754 1002 καταφωρᾶται
796 931 1015 996 πεσών;
1073 932 1138 983 Ὃ
1195 930 1253 982 δέ
1302 947 1392 998 μοι
1441 928 1740 998 θαυμάζειν

167 1023 348 1074 ἔτεισιν
367 1065 383 1086 ,
415 1023 607 1075 ἐκεῖνό
645 1023 798 1075 ἐστιν
821 1039 836 1053 ο
891 1023 986 1075 ἕνα
1009 1022 1116 1092 γὰρ
1146 1023 1203 1074 ὲν
1228 1020 1436 1082 τούτοις
1465 1020 1739 1089 ὁμολογῶν

167 1113 271 1165 my
320 1115 535 1168 εἰδέναι
569 1115 674 1185 τὴν
716 1113 1078 1182 Ἐκκλησίαν,
1109 1111 1522 1184 προστεθεικὼς,
1539 1112 1617 1176 δὲ,
1656 1113 1738 1164 ὅτι

163 1207 238 1258 τὸν
253 1206 546 1277 Δεσπότην
571 1207 831 1277 Χριστὸν,
847 1207 1031 1260 οὐκέτι
1049 1207 1349 1276 τετήρηκεν
1367 1205 1481 1258 ἔναι’
1506 1203 1739 1274 διίστησι

160 1300 254 1370 γὰρ
283 1299 543 1370 ἀλλήλων
574 1299 645 1353 τὰ
677 1299 954 1370 ἡνωμένα,
999 1299 1094 1353 καὶ
1126 1299 1229 1352 ἀνὰ
1271 1297 1435 1369 μέρος
1479 1297 1738 1366 ἑκάτερον

159 1393 387 1462 τίθησιν,
419 1392 481 1443 ού
511 1391 564 1443 τί
602 1391 700 1462 μὲν
737 1391 854 1442 ἐστι
888 1389 1026 1443 κατὰ
1058 1387 1217 1457 φύσιν
1249 1388 1278 1440 ό
1307 1388 1500 1456 Λόγος,
1534 1387 1739 1458 διερευ-

157 1483 419 1551 νώμενος,
451 1482 509 1533 τί
541 1482 598 1533 δὲ
625 1482 772 1551 καὶὴ
807 1478 972 1547 σάρξ⁸
1005 1477 1290 1548 ἄνθρωπον
1319 1477 1374 1530 δὲ
1399 1475 1621 1545 μᾶλλον,
1643 1476 1738 1529 καὶ

157 1572 303 1635 Θεὸν,
344 1572 426 1634 ὡς
462 1573 522 1624 ἑν
553 1571 758 1640 ἰσότητι
808 1571 946 1640 μόνῃ
988 1570 1087 1639 τῆς
1117 1567 1291 1637 δόξης,
1324 1567 1570 1636 καθάπερ
1608 1565 1738 1633 γοῦν

156 1664 342 1724 οἴεται,
378 1661 659 1727 συλλέγων
694 1662 772 1722 εἰς
802 1658 879 1721 ἓν,
909 1659 1044 1728 ὅπερ
1078 1659 1194 1711 ἐστὶ
1219 1657 1496 1720 παντελῶς
1521 1657 1738 1727 ἀμήχα-

155 1771 241 1806 νον
292 1751 609 1825 [ἀπίθανον
635 1750 652 1821 ]
679 1792 692 1816 ,
727 1751 925 1818 μᾶλλον
957 1749 1014 1804 δὲ
1045 1750 1139 1803 καὶ
1171 1748 1481 1816 ἀνέφικτον,
1525 1749 1619 1799 καὶ
1647 1747 1738 1800 τὸν

157 1843 244 1897 τοῦ
292 1842 603 1914 μυστηρίου
647 1842 803 1910 λόγον
855 1839 1138 1894 κατασείει
1197 1839 1332 1909 πρὸς
1380 1837 1440 1891 τὸ
1483 1837 1734 1902 ἀκαλλές.

161 1937 302 2005 Ἔφη
336 1936 397 1988 δὲ
432 1935 610 1997 οὓτως
631 1950 646 1963 ο

188 2075 192 2079 ι
225 2029 342 2101 [Δεῖ
375 2028 433 2080 δὲ
479 2028 652 2097 ἡμᾶς,
702 2024 800 2080 νῦν
833 2023 939 2095 γὰρ
966 2018 1128 2094 ἦλθον
1157 2024 1237 2086 είς
1267 2023 1495 2088 ἔννοιαν,
1527 2023 1619 2075 καὶ
1644 2022 1742 2092 τὴν

160 2119 296 2171 κατὰ
350 2117 598 2171 Νίκαιαν
652 2114 868 2168 σύνοδον
921 2114 1135 2183 μαθεῖν,
1170 2112 1405 2181 οὐδαμοῦ
1457 2110 1743 2180 τολμῶσαν

157 2212 350 2275 εἰπεῖν,
384 2210 471 2262 ὅτι
516 2210 543 2260 ὁ
593 2206 728 2269 Θεὸς
767 2203 1029 2274 ἐγεννήθη
1077 2206 1142 2256 ὲκ
1181 2203 1428 2274 Μαρίας·
1474 2203 1575 2271 ἔφη
1610 2201 1742 2271 γὰρ,

155 2301 236 2352 ὅτι
290 2296 638 2366 Πιστεύομεν
662 2297 742 2360 είς
765 2297 862 2348 ἕνα
884 2293 1014 2347 Θεὸν
1044 2294 1263 2365 Πατέρα
1291 2293 1705 2362 παντοκράτορα
1724 2308 1739 2322 ’

155 2391 249 2444 καὶ
271 2392 355 2454 είς
385 2389 486 2443 ἕνα
517 2388 725 2458 Κύριον
768 2386 974 2456 Ἰησοῦν
1003 2385 1258 2455 Χριστόν.
1301 2385 1623 2455 Προσέχετε,
1663 2383 1743 2435 ’ότι

156 2486 427 2557 πρότερον
454 2483 767 2544 τεθεικότες
789 2481 873 2544 τὸ,
899 2479 1154 2550 Χριστὸς,
1174 2480 1202 2531 ὅ
1233 2480 1352 2531 ἐστι
1386 2479 1610 2549 μήνυμα
1633 2477 1742 2529 τῶν

159 2577 251 2630 δύο
286 2577 534 2645 φύσεων,
579 2575 680 2627 οὐκ
716 2569 900 2632 εἶπαν,
939 2572 1030 2634 Εἰς
1062 2572 1160 2624 ἕνα
1208 2570 1338 2624 Θεὸν
1379 2570 1580 2636 Λόγον·
1627 2567 1742 2620 ἀλλ’

159 2669 352 2721 ἔλαϐον
377 2668 440 2720 τὸ
471 2666 647 2735 ὄνομα
691 2664 750 2716 τὸ
791 2665 1054 2732 σημαῖνον
1100 2663 1383 2732 ἀμφότερα
1406 2700 1420 2724 ,
1478 2661 1743 2712 ἵνα-ὃταν

158 2756 619 2812 ὑποκαταϐαίνων
651 2753 892 2826 ἀκούσῃς
939 2753 1196 2816 θάνατον,
1242 2752 1316 2823 μὴ
1367 2751 1578 2820 ξενίζη·
1633 2751 1740 2813 ἵνα,

156 2851 247 2902 τὸν
301 2846 720 2917 σταυρωθέντα,
777 2847 872 2899 καὶ
917 2845 1188 2914 ταφέντα,
1252 2842 1328 2914 μὴ
1381 2842 1590 2914 πλήττῃ
1643 2841 1744 2911 τὴν

157 2941 348 3011 ἀκοὴν,
382 2940 462 3001 ὼς
489 2938 745 3007 θεότητος
773 2935 948 2990 ταῦτα
979 2931 1321 3005 παθούσης.]
1367 2928 1499 2986 Εἶτα
1535 2931 1744 2994 τούτοις

159 3032 444 3099 ἐπιφέρει⁸
487 3027 853 3100 [Πιστεύομεν
892 3028 970 3090 εἰς
1008 3027 1103 3078 ἕνα
1131 3026 1335 3096 Κύριον
1375 3022 1581 3094 Ἰησοῦν
1607 3024 1742 3092 Χρι-

161 3121 316 3185 στὸν,
371 3120 468 3172 τὸν
515 3120 645 3171 Υἰὸν
694 3119 784 3171 τὸν
829 3118 1110 3188 μονογενῆ,
1155 3117 1244 3169 τὸν
1297 3117 1360 3168 ἐκ
1399 3116 1492 3168 τοῦ
1534 3114 1744 3184 Πατρὸς

160 3211 533 3280 γεννηθέντα·
583 3207 677 3260 τὸν
727 3206 1012 3277 ὁμοούσιον
1061 3205 1139 3276 τῷ
1189 3204 1400 3275 Ila:ch
1465 3204 1556 3257 τὸν
1610 3220 1740 3256 κατ-

1847 660 1972 715 dine
2002 674 2122 730 qua:
2160 662 2299 730 apud
2339 675 2436 717 nos
2485 663 2628 733 viget
2661 662 3145 732 inspectagdeinde
3172 667 3410 719 animum

1847 753 1914 805 ad
1955 766 2042 805 res
2087 751 2436 807 admirabiles
2473 762 2528 807 et
2561 768 2680 822 qua:
2719 755 2982 809 rationem
3016 765 3272 825 superant
3320 758 3414 810 ad-

1842 838 2059 908 jiciens,
2089 841 2157 894 ad
2202 839 2522 896 imbecillam
2558 850 2613 896 et
2645 842 2860 897 stultam
2894 843 3263 899 inﬁdelitatem
3295 861 3410 899 Ina-

1846 928 2042 985 nifeste
2076 930 2306 984 labitur?
2330 931 2481 997 Quod
2516 942 2694 988 autem
2740 935 2868 987 mihi
2908 936 2959 987 in
2993 945 3230 990 mentem
3266 937 3412 990 venit

1847 1020 2126 1086 admirari,
2161 1021 2290 1076 illud
2323 1031 2427 1076 est.
2456 1022 2589 1076 Cum
2623 1024 2764 1077 enim
2797 1024 2850 1078 in
2887 1023 2972 1080 his
3003 1026 3181 1080 verbis
3206 1027 3412 1082 confes.

1846 1125 1941 1166 sus
1981 1120 2145 1176 esset,
2185 1112 2474 1167 Ecclesiam
2522 1129 2686 1167 unum
2738 1113 2935 1169 Filium
2989 1130 3301 1185 agnoscere,
3348 1133 3412 1170 ac

1845 1202 2232 1278 subjunxisset,
2273 1204 2526 1259 nimirum
2554 1205 2728 1274 ipsum
2762 1207 2910 1260 illum
2939 1207 3224 1264 Dominum
3253 1210 3414 1265 Chri-

1846 1303 2008 1358 stum,
2042 1309 2305 1363 nusquam
2338 1305 2522 1364 postea
2559 1298 2784 1352 retinuit
2813 1314 3002 1362 unum,
3033 1301 3127 1355 sed
3155 1302 3301 1370 ipsas
3325 1317 3413 1357 res

1846 1385 2023 1439 unitas
2075 1386 2352 1456 distinguit
2399 1388 2537 1441 inter
2592 1401 2681 1452 se,
2733 1403 2798 1443 ac
2845 1391 3071 1445 seorsim
3131 1400 3414 1462 utramque

1845 1479 2033 1545 ponit;
2073 1491 2179 1531 non
2223 1477 2351 1546 quid
2399 1476 2632 1532 Verbum
2670 1477 2742 1534 sit
2799 1484 3090 1535 secundum
3139 1491 3410 1544 naturam,

1845 1567 1972 1636 quid
2009 1567 2135 1621 item
2176 1582 2304 1622 caro
2337 1567 2659 1636 disquirens,
2695 1570 2787 1625 sed
2836 1571 3109 1626 hominem
3145 1583 3197 1626 et
3239 1571 3410 1627 Deum

1847 1666 2102 1726 tanquam
2147 1657 2280 1723 sola,
2324 1666 2384 1712 ut
2423 1659 2534 1729 ipse
2575 1668 2748 1727 putat,
2793 1661 3101 1730 aequalitate
3140 1662 3322 1730 gloriae
3356 1662 3409 1717 in

1844 1765 2010 1805 unum
2040 1750 2296 1820 colligens
2323 1768 2336 1804 :
2371 1751 2510 1819 quod
2539 1765 2711 1819 neque
2735 1748 2996 1828 credibile
3025 1761 3104 1806 est
3133 1753 3409 1820 cuiquam,

1845 1853 2020 1909 neque
2061 1839 2174 1895 ﬁeri
2205 1849 2381 1910 potest
2415 1860 2426 1895 :
2458 1844 2699 1910 tantique
2727 1841 2982 1911 mysterii
3029 1843 3294 1897 rationem
3338 1846 3406 1898 ad

1774 1937 1816 1992 Β
1844 1925 2230 1981 absurditatem
2257 1927 2527 1983 deturbat.
2560 1927 2650 1982 Sic
2680 1943 2914 1998 namque
2947 1930 3083 1984 dixit
3110 1945 3128 1988 :

1917 2014 2177 2087 [Νεδτοιι.
2221 2016 2331 2072 Nos
2382 2025 2563 2072 autem
2611 2028 2856 2088 oportet,
2897 2022 3040 2090 quod
3087 2037 3228 2077 nunc
3277 2023 3410 2078 mihi

1843 2106 1991 2159 venit
2025 2106 2078 2160 in
2116 2119 2348 2162 mentem
2373 2145 2390 2170 ,
2433 2108 2719 2164 advertere
2761 2111 2923 2165 etiam
2965 2112 3236 2169 Nicmnam
3284 2132 3411 2187 syn-

1842 2197 2004 2250 odum
2031 2212 2292 2267 nusquam
2318 2199 2500 2252 dicere
2522 2215 2732 2266 ausam,
2756 2201 2924 2257 Deum
2951 2219 3016 2259 ex
3050 2205 3220 2260 Maria
3260 2212 3412 2278 geni-

1846 2298 1955 2340 tum
1991 2305 2004 2341 :
2036 2288 2113 2341 ait
2150 2287 2294 2343 enim
2327 2289 2649 2345 :Credimus
2679 2292 2733 2346 in
2782 2308 2945 2346 unum
2984 2295 3148 2349 Deum
3193 2298 3408 2353 Patrem

1844 2376 2288 2446 omnipotentem,
2319 2387 2371 2433 et
2417 2378 2472 2432 in
2519 2395 2682 2433 unum
2713 2381 2994 2436 Dominum
3027 2383 3210 2440 Jesum
3243 2387 3407 2443 Chri-

1848 2478 2012 2522 stum.
2038 2469 2334 2534 Attendite,
2359 2469 2500 2539 quod
2525 2487 2646 2524 cum
2678 2472 2826 2540 prius
2857 2475 3161 2542 posuissent
3187 2493 3405 2544 nomen,

1843 2560 2107 2624 Christus,
2137 2563 2278 2629 quod
2305 2562 2438 2614 duas
2481 2570 2699 2615 naturas
2736 2565 2958 2630 indicat,
2993 2582 3097 2621 non
3123 2569 3358 2623 dixerint
3387 2587 3405 2625 :

1846 2654 1898 2705 lu
1930 2666 2091 2705 unum
2123 2652 2288 2706 Deum
2320 2650 2577 2718 Verbum,
2601 2654 2692 2707 sed
2715 2657 3022 2725 acceperint
3042 2672 3235 2714 nomen
3264 2663 3406 2730 quod

1845 2746 2132 2809 utrumque
2182 2739 2548 2809 signiﬁcaret;
2616 2751 2674 2795 ut
2734 2758 2855 2797 cum
2910 2744 3131 2803 inferius
3194 2750 3408 2806 audires

1849 2838 2098 2892 mortem,
2148 2830 2284 2884 nihil
2333 2833 2622 2896 movearis,
2652 2848 2718 2888 ne
2751 2834 2839 2887 illa
2874 2837 3058 2900 verba,
3090 2839 3407 2895 cruciﬁxum

1843 2931 1894 2972 et
1925 2921 2214 2990 sepultum,
2245 2936 2403 2977 aures
2429 2922 2719 2987 oﬁendant,
2738 2933 2990 2995 tanquam
3015 2927 3128 2983 haec
3157 2930 3225 2984 sit
3248 2946 3408 2999 passa

1843 3010 2146 3082 divinitas.]
2193 3011 2393 3066 Deinde
2433 3014 2495 3066 ad
2545 3014 2658 3068 hanc
2707 3015 2794 3068 illa
2845 3016 3160 3086 subjungit:
3199 3019 3409 3093 [Credi-

1845 3116 1964 3154 mus
2013 3102 2064 3154 in
2120 3117 2281 3156 unum
2326 3101 2609 3157 Dominum
2655 3104 2836 3160 Jesum
2884 3108 3159 3164 Christum
3211 3111 3405 3167 Filium

1845 3191 2218 3259 unigenitum,
2277 3207 2343 3245 ex
2396 3192 2555 3248 Patre
2607 3205 2828 3259 natum,
2894 3201 3405 3257 consubstantialem

161 3272 382 3355 eiEi/Jan
410 3303 478 3354 ὲκ
508 3299 622 3352 τῶν
653 3272 900 3369 οὐρανῶν
941 3298 1007 3350 δι’
1038 3272 1205 3367 ήμᾶς,
1257 3272 1350 3350 καὶ
1393 3313 1455 3348 σα
1468 3295 1738 3365 ρκωθέντα

1843 3280 1984 3335 Patri
2023 3300 2034 3335 :
2065 3284 2152 3352 qui
2197 3285 2472 3338 descendit
2510 3286 2575 3339 de
2610 3288 2762 3342 coalis
2797 3301 3016 3361 propter
3064 3309 3182 3358 nos,
3220 3305 3273 3350 et
3321 3297 3406 3350 in-

162 3395 223 3446 ὲκ
254 3393 580 3462 Πνεύματος
613 3390 790 3457 ἁγίου.
817 3391 932 3442 Οὐκ
964 3384 1135 3452 εἷπον,
1163 3390 1243 3441 ὄτι
1277 3387 1369 3440 καὶ
1408 3386 1741 3456 Γεννηθέντα

162 3487 220 3538 ὲκ
244 3485 572 3553 Πνεύματος
604 3481 782 3549 ἁγίου.
812 3479 1275 3548 Διερμηνεύοντας
1303 3478 1358 3530 δὲ
1387 3479 1511 3539 τοὺς
1554 3477 1743 3544 ἁγίους

165 3578 432 3646 Πατέρας,
466 3575 520 3626 τί
553 3574 618 3641 δὴ
648 3572 756 3642 ἄρα
786 3571 848 3622 τὸ
874 3568 1237 3637 Σαρκωθέντα
1266 3568 1383 3621 ἐστὶ
1404 3607 1417 3631 ,
1443 3567 1625 3636 φησὶν,
1667 3566 1742 3617 εί-

166 3671 280 3720 πεῖν
306 3669 367 3720 τὸ
383 3660 976 3733 Ἐνανθρωπήσαντα·]
996 3661 1046 3712 τί
1075 3660 1130 3712 δὲ
1147 3660 1205 3712 τὸ
1221 3659 1742 3729 Ἐνανθρωπήσαντα

166 3757 608 3826 κατασημήνειεν
665 3753 767 3818 ἂν,
817 3751 1116 3819 διατρανῶν
1173 3749 1336 3812 αὐτὸς
1387 3747 1491 3817 ἔφη
1544 3747 1738 3800 πάλιν

166 3848 258 3920 [Oti
287 3848 500 3920 τροπήν
531 3844 633 3914 τῆς
676 3844 812 3906 ἰδίας
870 3843 1084 3911 φύσεως
1131 3839 1499 3911 ύπομεινάσης
1527 3839 1606 3900 είς
1643 3835 1741 3907 τὴν

165 3940 359 4010 σάρκα,
395 3936 534 3992 ἀλλὰ
570 3936 670 4004 τὴν
704 3935 981 4005 ἐνοίκησιν
1008 3935 1106 4003 τὴν
1135 3933 1214 3997 εἰς
1243 3927 1577 4001 ἄνθρωπον]

770 4071 1020 4123 ΚΕΦΑΛ.
1066 4068 1143 4122 Z'.

225 4207 372 4282 'Apa.
402 4213 469 4264 ἂν
497 4206 786 4276 ἀνάσχοιτό
813 4222 896 4267 τις
928 4205 1037 4257 τῶν
1072 4201 1372 4255 τελούντων
1405 4201 1460 4252 έν
1481 4200 1740 4268 Χριστια-

162 4307 265 4367 vol;
292 4305 326 4373 ἢ
357 4304 457 4374 τῆς
484 4300 712 4370 ἐνούσης
738 4299 851 4359 τοῖς
878 4295 1056 4363 λόγοις
1083 4292 1429 4362 ἁϐελτηρίας,
1462 4289 1493 4359 ἦ
1518 4290 1615 4356 τῆς
1631 4288 1738 4340 τῶν

163 4394 376 4447 ἐννοιῶν
433 4390 783 4454 δυσσεϐείας;
831 4383 918 4459 ἆρ’
946 4387 1047 4438 οὐκ
1103 4383 1338 4454 ἐναργὴς
1387 4383 1470 4451 εῐη
1514 4381 1579 4433 ἂν
1625 4383 1737 4442 τοῖς

1843 3385 2100 3429 caruatus
2123 3385 2206 3430 est
2229 3379 2292 3430 de
2323 3377 2524 3446 Spiritu
2554 3390 2762 3435 sancto.
2799 3381 2910 3437 Non
2941 3385 3192 3439 dixerunt
3252 3387 3408 3454 item,

1844 3462 2039 3519 Natum
2076 3465 2143 3519 de
2192 3465 2396 3532 Spiritu
2443 3478 2650 3523 sancto.
2687 3470 2852 3525 Porro
2899 3486 3117 3530 sanctos
3152 3476 3268 3533 illos
3300 3478 3407 3532 Pa-

1847 3563 1976 3619 tres,
2013 3556 2211 3624 inquit,
2259 3567 2313 3609 ut
2347 3557 2830 3627 interpretarentur
2857 3565 3108 3631 quidnam
3153 3567 3279 3621 illud
3315 3577 3406 3634 sit,

1843 3643 2180 3710 lncarnatus,
2231 3645 2432 3699 dixisse
2478 3647 2627 3710 illud,
2676 3649 2846 3705 Homo
2881 3651 3057 3706 factus
3098 3654 3231 3727 est.)
3271 3658 3406 3724 Quid

1841 3750 1971 3791 vero
2009 3736 2100 3798 sit,
2127 3735 2297 3790 Ποιηο
2336 3738 2533 3803 factus,
2583 3755 2771 3796 rursus
2821 3743 2934 3812 ipse
2969 3746 3248 3802 declarans
3288 3752 3404 3805 ait:

1845 3825 1974 3898 [Sua
2010 3827 2114 3897 23
2169 3829 2336 3896 ipsius
2380 3840 2570 3884 natura
2616 3846 2717 3886 non
2769 3832 2819 3886 in
2870 3849 3032 3888 carne
3073 3850 3407 3908 remanente,

1841 3917 1937 3972 sed
1969 3917 2411 3974 iuhabitationem
2450 3919 2680 3974 hominis
2708 3922 3019 3995 subeunte.]

2465 4053 2616 4109 CAP.
2660 4053 2773 4108 VII.

1910 4185 1993 4239 An
2024 4199 2154 4240 vero
2181 4184 2462 4256 quisquam
2503 4185 2594 4255 qui
2648 4185 2789 4240 inter
2835 4186 3176 4245 Christianos
3217 4204 3408 4247 cense-

1843 4283 1949 4342 tur,
1982 4289 2136 4342 aequo
2164 4275 2343 4328 animo
2375 4274 2512 4328 ferat
2552 4274 2635 4328 vel
2678 4275 2933 4345 ineptiam
2973 4279 3284 4345 verborum,
3325 4281 3408 4335 vel

1840 4370 2227 4423 sententiarum
2264 4367 2630 4435 impietatem?
2661 4366 2850 4423 Nonne
2903 4370 3016 4425 lucc
3054 4373 3214 4425 verba
3263 4377 3406 4443 apud

164 4486 371 4556 ἀληθῶς
403 4484 696 4556 ἁρτίφροσι
728 4478 1034 4550 βωμολογία
1080 4476 1256 4541 ταυτὶ,
1295 4474 1388 4527 καὶ
1416 4472 1614 4543 τρόπος
1637 4471 1737 4523 οὐκ

1842 4460 2089 4515 cordatos
2137 4472 2268 4513 sane
2328 4459 2577 4514 homines
2629 4469 2881 4530 tanquam
2943 4463 3245 4518 scurrilitas
3311 4467 3407 4519 ha-

164 4551 392 4648 ἀγεννὴς
422 4551 521 4645 τῆς
545 4551 689 4628 κατὰ
709 4571 944 4644 Χριστοῦ
973 4568 1379 4638 γλωσσαλγίας;
1411 4565 1737 4632 συκοφαντεῖ

1842 4552 2010 4606 henda
2030 4562 2175 4618 sunt,
2193 4566 2258 4605 ac
2290 4551 2678 4605 maledicentia
2698 4552 2748 4605 in
2767 4552 3040 4606 Christum
3065 4570 3232 4623 genus
3263 4555 3404 4610 haud

164 4643 266 4738 γαρ
292 4643 391 4736 τήν
424 4643 712 4734 ἀλήθειαν·
747 4643 848 4713 ούκ
879 4655 1017 4712 εἷναί
1049 4674 1214 4727 φησιν
1243 4656 1369 4708 Υίὸν
1403 4652 1617 4723 ἀληθῶς
1637 4653 1736 4704 αύ·

1842 4644 2121 4699 iuﬁmum‘.’
2172 4643 2551 4696 Calumniatur
2599 4645 2741 4696 enim
2784 4643 3063 4698 veritatem
3095 4663 3107 4698 :
3142 4660 3246 4700 non
3281 4647 3404 4702 esse

165 4731 270 4816 τὸν,
299 4731 474 4825 ἑτέρῳ
496 4731 654 4805 τοῦτο
685 4747 1024 4819 προσνέμων.
1053 4744 1379 4818 [Προσέχετε
1407 4741 1734 4811 γὰρ,φησὶν,

1842 4737 2012 4805 ipsum
2053 4736 2228 4803 inquit
2271 4748 2398 4786 vere
2439 4731 2653 4796 Filium,
2704 4748 2825 4786 cum
2873 4733 2975 4786 hoe
3008 4749 3200 4788 nomen
3249 4733 3403 4790 alteri

168 4844 245 4894 ὅτι
277 4822 545 4914 πρότερον
584 4838 887 4899 τεθεικότες
915 4835 976 4888 τὸ
1005 4833 1260 4906 Χριστὸς,
1293 4834 1322 4886 ὃ
1354 4835 1468 4885 ἐστι
1513 4832 1738 4901 μήνυμα

1842 4827 2059 4879 tribuat.
2077 4825 2392 4895 [Attendite,
2420 4822 2765 4891 iuquit,quod
2783 4838 2904 4876 cum
2931 4825 3078 4893 prius
3099 4827 3406 4892 posuissent

171 4933 271 4984 τῶν
292 4933 383 4986 δύο
413 4931 652 5000 φύσεων,
672 4928 770 4981 οὐκ
799 4923 993 4980 εῐπανο
1019 4923 1355 4994 Πιστεύομεν
1385 4924 1462 4984 είς
1488 4922 1582 4974 ἕνα
1605 4919 1737 4972 Θεὸν

1842 4916 1938 4970 hoc
1979 4931 2193 4979 nomen,
2243 4915 2506 4978 Christus,
2557 4915 2697 4984 quod
2738 4917 2870 4968 duas
2913 4926 3136 4970 naturas
3180 4917 3402 4984 indicat,

174 5021 384 5094 Λόγοι]
419 5021 528 5074 Καὶ
560 5019 689 5090 περὶ
718 5018 816 5088 μὲν
846 5015 940 5069 τοῦ
967 5015 1248 5085 ὀνόματος,
1284 5014 1426 5081 φημὶ
1460 5011 1517 5064 δὲ
1550 5010 1614 5079 δή
1641 5009 1736 5061 τοῦ

175 5111 420 5181 Χριστὸς,
449 5111 586 5183 μετὰ
635 5109 807 5182 βραχὺ
856 5108 1294 5179 διερευνήσομαι,
1329 5103 1557 5173 πότερόν
1608 5119 1734 5153 ποτε

178 5205 274 5256 τῶν
305 5205 394 5258 δύο
439 5205 658 5273 φύσεων
695 5199 1024 5272 σημαντικόν
1071 5199 1242 5259 ἔστιν,
1283 5197 1316 5267 ἢ
1361 5197 1465 5266 μὴ’
1499 5194 1559 5247 τὸ
1591 5194 1646 5246 δὲ
1678 5196 1733 5245 έν

181 5299 372 5367 χερσὶν,
402 5298 476 5360 ὡς
505 5297 608 5360 ενι,
635 5291 1114 5362 διαγυμνὰζωμεν.
1148 5288 1318 5342 Οίστὰ
1363 5289 1460 5358 μὲν
1501 5282 1593 5339 οὖν
1626 5281 1735 5337 εἷεν

183 5388 238 5438 ἂν
265 5391 376 5441 κατ’
403 5388 593 5442 οὐδένα
623 5385 846 5456 τρόπον,
877 5382 944 5435 τὰ
973 5381 1146 5444 οὕτως
1168 5379 1433 5442 ἐκτόπως,
1462 5379 1556 5431 καὶ
1597 5378 1731 5446 ἀτη-

187 5476 346 5542 μελῶς
375 5476 520 5548 αὑτῷ
551 5472 985 5544 πεφλυαρημένα
1005 5487 1018 5502 ⁸
1055 5471 1188 5541 φαίη
1215 5470 1262 5522 δ’
1297 5469 1382 5532 ἂν,
1419 5464 1590 5538 οἶμαι,
1624 5465 1729 5528 τὶς,

182 5569 292 5630 τοὺς
319 5570 450 5639 ὑπέρ
470 5585 534 5637 γε
564 5566 674 5620 τῶν
702 5566 875 5634 ἁγίων
897 5563 1153 5634 Πατέρων
1178 5558 1497 5630 ποιούμενος
1520 5557 1728 5623 λόγους·

182 5657 235 5708 τί
264 5659 384 5731 δρᾷς
409 5661 570 5726 οὕτω,
605 5653 652 5713 ὦ
677 5659 922 5727 γενναῖε,
964 5654 1212 5722 γλῶσσαν
1241 5652 1339 5721 τὴν
1369 5651 1625 5720 ἄγροικον
1647 5648 1725 5699 ὲν-

183 5748 267 5813 ιεὶς
293 5753 540 5826 ἀνδράαν
570 5751 773 5819 ἁγίοις,
799 5741 884 5810 οἷς
913 5744 978 5798 ἂν
1008 5746 1204 5815 πρέποι
1227 5744 1287 5796 τὸ
1308 5741 1566 5810 λέγεσθαι
1593 5740 1735 5808 ἰιαρ⁹

1839 5021 1941 5061 nou
1968 5005 2222 5068 dixerint,
2254 5005 2607 5058 Credimusin
2638 5019 2799 5057 unum
2830 5005 2990 5059 Deum
3022 5005 3404 5078 Verbum.]Ac

1837 5099 1902 5152 de
1937 5097 2152 5151 nomine
2197 5098 2317 5158 hoc,
2377 5112 2567 5166 nempe
2620 5096 2841 5161 Christi,
2876 5096 3031 5166 paulo
3065 5107 3185 5167 post
3227 5100 3401 5153 disse-

1837 5206 1978 5256 ram,
2033 5199 2210 5242 utrum
2269 5190 2480 5242 tandem
2542 5189 2676 5243 duas
2721 5199 2946 5241 naturas
2985 5190 3286 5256 signiﬁcet,
3334 5205 3402 5245 an

1835 5294 1991 5335 secus
2033 5281 2217 5349 :quod
2281 5281 2390 5348 jam
2443 5287 2524 5333 est
2577 5294 2684 5347 pra:
2735 5280 3025 5343 manibus,
3076 5290 3134 5334 ut
3190 5281 3403 5334 licuerit

1834 5371 2209 5426 discutiamus.
2279 5371 2442 5440 Igitur
2493 5370 2640 5426 nullo
2692 5371 2852 5425 modo
2902 5371 3118 5439 quidem
3167 5369 3402 5426 ferendas

1834 5475 1962 5522 sunt
1991 5481 2166 5536 nugm,
2201 5480 2335 5533 quas
2368 5465 2467 5519 iste
2511 5464 2643 5519 adeo
2681 5464 2913 5519 absurde
2952 5475 3006 5519 et
3045 5465 3288 5534 imperite
3322 5466 3403 5518 εί-

1835 5555 1998 5610 futit:
2043 5556 2137 5610 sed
2189 5555 2331 5608 dicet
2370 5554 2566 5623 aliquis
2610 5564 2807 5617 tamen,
2848 5565 2904 5608 ut
2950 5565 3166 5608 sanctos
3209 5553 3400 5609 Patres

1836 5646 2084 5700 defendat
2127 5645 2308 5711 :Quid
2356 5646 2503 5714 agis,
2554 5659 2587 5698 o
2639 5645 2917 5710 boue-vir,
2966 5661 3110 5707 cum.
3139 5647 3399 5699 adversus

1838 5748 2053 5793 sanctos
2095 5737 2240 5790 viros
2289 5733 2568 5790 efferatam
2629 5735 2863 5805 linguam
2917 5736 3158 5798 emittis,
3203 5736 3402 5805 quibus

179 5842 319 5898 αὑτοῦ
360 5846 447 5900 τοῦ
500 5846 723 5900 πάντων
777 5837 939 5910 ἡμῶν
969 5836 1216 5907 Σωτῆρος
1245 5833 1516 5906 Χριστοῦο
1571 5850 1588 5883 ι
1620 5831 1732 5901 Οὐχ

1842 5829 1976 5899 iuste
2008 5829 2076 5884 ab
2114 5829 2231 5897 ipso
2273 5827 2510 5883 omnium
2571 5836 2815 5883 nostrum
2863 5826 3140 5883 Salvatore
3185 5825 3402 5883 Christo
