4104 6464
659 464 724 516 Π
1645 442 1701 494 S.
1743 434 2020 492 CYRiLlJ
2062 429 2244 488 ALEX

2353 427 2536 482 DlllNl
2575 423 2901 481 ABCHIEP.
3853 416 3920 469 48

660 581 766 633 dici
796 584 973 644 potest
1003 614 1016 628 .
1049 595 1066 623 ι
1102 572 1211 623 Non
1239 569 1368 621 estis
1399 581 1487 619 vos
1516 563 1606 631 qui
1644 558 1948 630 loquimini,
1980 557 2072 610 sed
2105 554 2228 621 Spi-

2348 553 2488 621 ipsi;
2521 552 2644 602 ἔστε
2679 549 2727 599 oi
2754 545 3068 608 λαλοῦντες,
3093 543 3225 596 ἀλλὰ
3255 543 3315 595 τὸ
3339 541 3562 610 Πνεῦμα
3587 539 3681 592 τοῦ
3707 535 3921 606 Πατρᾲ

661 672 796 724 ritus
832 667 1008 721 Patris
1039 663 1201 716 vestri
1237 659 1325 728 qui
1364 657 1600 726 loquitur
1638 657 1688 706 in
1732 650 1883 704 vobis
1903 649 1943 678 “
1971 649 1994 701 ἲ
2025 666 2042 699 ι
2085 646 2227 712 Quid

659 759 801 814 euitn
833 767 915 811 est
955 756 1022 808 ab
1049 754 1153 807 illis
1177 757 1510 820 perceptum,
1538 743 1676 812 quod
1723 755 1829 795 non
1866 738 1948 792 vel
1994 737 2232 790 maxime

658 845 972 904 admirabili
1018 843 1319 900 subtilitate
1348 836 1510 891 fuerit
1565 831 1894 901 expolitum?
1951 831 2228 899 quodnam

661 943 854 1008 dogma
873 934 1236 990 necessarium
1258 924 1718 1000 praetermissum?
1751 921 1941 990 quisve
1960 917 2232 974 cautionis

665 1007 855 1078 tnudus
901 1019 1211 1091 neglectus?
1263 1015 1403 1090 [Non
1453 1014 1567 1066 ausi
1617 1021 1782 1073 sunt,
1818 1008 2034 1076 inquit,
2091 1007 2232 1060 inter

665 1116 785 1170 lidei
824 1113 1120 1168 sententias
1155 1122 1376 1178 ponere,
1421 1107 1584 1159 Deum
1611 1101 1844 1155 Verbum
1879 1113 1997 1154 esse
2021 1113 2085 1152 ex
2124 1095 2233 1150 Ma-

665 1208 746 1258 ria
781 1201 1072 1276 genitum.]
1118 1203 1288 1268 Igitur
1327 1200 1374 1252 si
1426 1195 1526 1250 hac
1571 1196 1636 1249 de
1670 1207 1831 1246 causa
1877 1190 2109 1260 majores
2139 1203 2235 1242 no-

664 1309 810 1352 stros
865 1311 1106 1358 accusas,
1161 1303 1216 1345 et
1261 1301 1315 1346 te
1369 1303 1511 1358 aegre
1565 1285 1705 1340 ferre
1761 1284 1897 1338 dicis
1940 1283 2084 1351 quod
2125 1294 2233 1334 non

668 1388 856 1443 iisdem
881 1400 1127 1456 prorsus,
1164 1381 1361 1452 quibus
1392 1390 1468 1440 tu,
1500 1376 1718 1430 vocibus
1754 1374 1835 1427 usi
1867 1383 2010 1434 sunt,
2045 1380 2232 1434 restat,

669 1491 726 1531 ut
758 1477 916 1532 simul
947 1477 1093 1546 ipsos
1137 1486 1352 1543 quoque
1381 1479 1598 1526 sanctos
1625 1465 1895 1536 apostolos
1925 1473 1979 1518 et
2005 1475 2236 1526 evange-

668 1569 818 1622 listas
865 1565 1174 1619 crintineris
1226 1579 1240 1615 ι
1283 1561 1373 1629 qui
1424 1573 1546 1613 cum
1589 1555 1654 1611 de
1710 1554 1912 1610 Christi
1977 1550 2237 1622 mysterio

667 1659 832 1710 libros
865 1651 1307 1721 conscripseriut,
1356 1661 1450 1702 eos
1499 1646 1602 1700 tuis
1639 1645 1861 1698 vocibus
1903 1643 1968 1695 ad
2013 1640 2236 1695 verbum

669 1758 796 1798 usos
827 1743 1012 1811 utique
1045 1754 1205 1794 nemo
1233 1739 1399 1807 possit
1421 1735 1730 1791 ostendere.
1753 1732 1940 1801 igitur,
1963 1731 2007 1784 si
2037 1730 2236 1799 placet,

672 1837 824 1889 mitte
851 1834 984 1896 haec,
1017 1841 1074 1884 ut
1118 1869 1132 1883 .
1176 1869 1191 1882 .
1238 1872 1251 1885 .
1293 1867 1308 1882 .
1354 1865 1369 1882 .
1413 1866 1427 1879 .
1465 1835 1519 1880 et
1547 1823 1831 1880 considera
1861 1824 2040 1891 potius
2069 1821 2240 1888 ipsius

2337 642 2491 714 ὑμῶν
2534 643 2593 694 τὸ
2622 638 2816 692 λαλοῦν
2847 641 2905 691 ὲν
2941 638 3106 707 ὑμῐνς
3137 654 3155 686 ι
3198 636 3263 688 Τί
3288 635 3398 704 γάρ
3430 634 3492 686 οῦ
3528 633 3775 701 νενόηται
3809 628 3921 681 τῶν

2336 735 2457 787 λείαν
2480 731 2863 802 ὲπεξεσμένων
2890 730 2969 792 είς
3001 727 3292 798 ἰσχνότητα
3309 726 3406 796 τὴν
3427 721 3884 793 τεθαυμασμένην
3906 736 3922 783 ;

2338 826 2389 878 τί
2417 825 2525 878 τῶν
2563 821 2876 890 ἀναγκαίων
2909 819 3202 890 παρῶπται
3228 819 3533 888 δογμάτων,
3561 817 3593 887 ἢ
3629 819 3776 877 ποῖος
3824 814 3924 866 au-

2337 919 2452 978 τοῖς
2478 914 2779 983 ἀσφαλείας
2809 913 3082 982 ἠμέληται
3117 911 3346 982 τρόπος;
3401 908 3498 981 [οὺ
3533 907 3925 976 τετολμήκασι.

2340 1011 2493 1080 φησὶ,
2517 1012 2628 1072 τοῖς
2658 1008 2787 1078 περὶ
2815 1007 2913 1077 τῆς
2944 1007 3180 1068 πίστεως
3206 1004 3439 1056 ἐνθεῖναι
3464 1001 3663 1068 λόγοις,
3686 998 3768 1050 ὅτι
3791 996 3928 1056 Θεὸς

2339 1103 2511 1168 Λόγος
2536 1102 2601 1152 ὲκ
2631 1099 2852 1168 Μαρίας
2875 1093 3188 1166 ἐγεννήθη]
3221 1092 3429 1148 Οὐκοῦν
3457 1093 3503 1143 εἰ
3531 1089 3732 1155 ταύτης
3763 1086 3931 1137 ’ἑνεκα

2338 1189 2437 1259 τῆς
2472 1189 2652 1250 αἰτίας
2695 1188 2822 1250 τοὺς
2861 1185 2968 1256 πρὸ
3008 1183 3166 1255 ἡμῶν
3193 1183 3481 1251 γεγονότας
3519 1179 3684 1246 αἰτιᾷ,
3720 1175 3812 1228 καὶ
3844 1173 3933 1223 λεο

2339 1277 2614 1348 λυπῆσθαι
2662 1276 2791 1345 φὴς,
2827 1275 2908 1327 ὅτι
2959 1275 3032 1344 μὴ
3072 1270 3506 1342 ἀπαραλλάκτως
3533 1268 3652 1328 ταῖς
3687 1263 3806 1324 σαῖς
3839 1259 3932 1312 εὖ·

2343 1386 2534 1440 ρηνται
2568 1367 2895 1436 κεχρημένοι
2935 1366 3161 1432 φωναῖς.
3191 1362 3310 1432 ὦρα
3337 1361 3474 1430 τάχα
3515 1374 3616 1410 που
3651 1350 3930 1408 συναιτιᾶ-

2344 1459 2467 1511 σθαι
2510 1459 2606 1510 καὶ
2647 1458 2844 1519 αὐτοὺς
2873 1455 2999 1517 τοῦς
3029 1454 3218 1521 ἁγίους
3251 1450 3580 1510 ἀποστόλους
3628 1445 3722 1499 καὶ
3762 1445 3930 1510 εὐαγ-

2341 1549 2627 1616 γελιστάς·
2678 1546 3094 1618 συγγεγράφασι
3146 1545 3245 1614 μὲν
3294 1544 3400 1613 γάρ
3434 1543 3532 1611 τῆς
3564 1542 3656 1594 ἐπὶ
3705 1533 3930 1608 Χριστῷ

2346 1639 2736 1711 μυσταγωγίας
2785 1640 2882 1702 τὰς
2936 1637 3185 1707 βίϐλους·
3233 1633 3509 1698 αὖτολεξεί
3549 1632 3604 1685 δὲ
3639 1631 3755 1692 ταῖς
3806 1629 3931 1689 σαῖς

2343 1733 2442 1785 οὐκ
2475 1731 2540 1786 ἂν
2569 1730 2854 1795 ἐπιδείξειε
2905 1748 2988 1794 τις
3033 1729 3414 1800 χρησαμένους
3461 1720 3850 1794 φωναῖς.Ἀλλ⁹
3882 1720 3938 1773 εἴ

2348 1842 2430 1877 σοι
2457 1824 2624 1887 δοκεῖ,
2657 1823 2809 1875 τουτὶ
2850 1824 2949 1892 μὲν
2982 1824 3179 1892 πάρες,
3205 1822 3280 1884 ὡς
3310 1820 3528 1890 [λείπει
3564 1815 3664 1887 τι.]
3695 1815 3853 1885 ἄθρει
3875 1812 3932 1865 δὲ

673 1927 745 1976 rei
792 1925 1054 1975 rationem
1101 1920 1169 1974 ab
1204 1918 1309 1972 illis
1340 1916 1681 1985 explicatam.
1741 1911 1989 1982 Exigitur
2022 1911 2168 1963 enim
2206 1923 2234 1961 a

2348 1916 2546 1986 μᾶλλον
2579 1916 2678 1983 τὴν
2707 1914 2800 1967 τοῦ
2834 1914 3162 1984 πράγματος
3191 1912 3421 1982 δήλωσιν
3452 1909 3597 1978 μάλα
3627 1903 3934 1973 πεποιημέ-

673 2017 828 2070 nobis
859 2015 992 2067 lides
1025 2013 1077 2065 in
1123 2019 1367 2065 sanctam
1399 2016 1453 2061 et
1497 2002 2024 2060 consubstantialem
2061 1999 2241 2054 Trini-

671 2117 859 2166 tatem.
912 2106 1052 2175 Ergo
1100 2119 1221 2158 cum
1276 2100 1546 2154 fateantur
1589 2094 1816 2150 credere
1860 2107 1919 2146 se
1970 2092 2023 2145 in
2076 2107 2239 2145 unum

674 2200 838 2250 Deum
869 2197 1081 2248 Patrem
1118 2191 1564 2259 omnipotentem,
1591 2185 1832 2238 omnium
1865 2179 2160 2234 visibilium
2191 2188 2246 2232 et

673 2285 1021 2339 invisibilium
1047 2277 1332 2339 lectorem,
1363 2285 1418 2329 et
1453 2275 1506 2327 in
1541 2288 1704 2326 unum
1740 2270 2026 2323 Dominum
2059 2266 2243 2322 Jesum

668 2375 942 2428 Christum
973 2369 1170 2422 Filium
1195 2365 1344 2433 ejus;
1391 2377 1566 2430 neque
1600 2360 1738 2414 alter
1766 2361 1862 2421 sit,
1896 2368 1953 2411 ut
1995 2373 2092 2412 nos
2119 2373 2242 2411 cre-

674 2468 868 2527 dimus,
899 2461 1057 2515 Jesus
1087 2458 1334 2514 Christus
1367 2455 1624 2508 Dowinus
1654 2460 1850 2518 prieter
1885 2448 2031 2502 illum
2077 2461 2241 2500 unum

672 2569 724 2610 et
754 2552 1050 2610 secundum
1080 2559 1328 2604 naturam
1369 2561 1428 2599 ac
1459 2559 1586 2600 vere
1618 2542 1816 2596 Filium
1845 2556 1910 2595 ex
1956 2540 2064 2595 Deo
2091 2540 2243 2610 geni-

675 2660 805 2710 tum,
858 2656 1088 2711 cumque
1135 2639 1264 2694 illud
1320 2637 1462 2704 quod
1511 2643 1627 2690 erat
1677 2633 1818 2688 Deus
1870 2632 2127 2695 Verbum,
2175 2633 2247 2684 sit

675 2744 833 2790 homo
875 2733 1071 2787 factum
1121 2745 1217 2800 per
1265 2728 1407 2781 illam
1459 2723 1645 2794 procul
1688 2724 1856 2777 dubio
1903 2736 1972 2775 ex
2023 2721 2246 2776 muliere

674 2827 1109 2895 generationem:
1137 2819 1244 2892 24
1272 2819 1362 2889 qui
1394 2818 1507 2870 ﬁeri
1540 2824 1735 2886 potest,
1760 2824 1815 2866 ut
1841 2814 1929 2882 qui
1960 2813 2244 2881 dispensa-

676 2921 873 2976 tionem
915 2917 1232 2987 praedicaut,
1281 2912 1448 2980 ipsius
1481 2910 1646 2963 etiam
1677 2923 1742 2961 ex
1799 2907 2024 2960 muliere
2052 2903 2249 2957 nativi-

676 3020 837 3065 tatem
867 3006 1159 3061 secundum
1197 3015 1412 3057 carnem
1447 2999 1625 3067 eloqui
1660 3013 1766 3050 non
1799 2995 2087 3049 manifeste
2117 3009 2247 3048 con-

677 3095 1001 3150 vincantur?
1049 3091 1199 3146 Tunc
1245 3093 1390 3144 enim
1453 3090 1580 3141 illud
1632 3087 1864 3140 Verbum
1913 3085 2056 3154 quod
2107 3084 2247 3139 Deus

675 3199 812 3248 erat,
834 3199 889 3240 et
921 3186 1008 3239 ille
1040 3183 1205 3237 Filius
1231 3182 1322 3251 qui
1347 3190 1462 3235 erat
1488 3179 1776 3248 sapientia,
1808 3187 1862 3231 et
1890 3180 2021 3240 vita,
2052 3187 2105 3230 et
2133 3176 2245 3238 lux,

2344 2023 2486 2069 νους.
2515 2007 2826 2075 Πρὰττεται
2861 2005 2959 2074 μὲν
2984 2006 3094 2074 γὰρ
3119 2005 3252 2072 πρὸς
3280 2001 3435 2072 ἡμῶν
3463 2003 3495 2070 ἡ
3521 2002 3702 2060 πίστις
3729 1999 3806 2058 είς
3835 1995 3934 2062 τὴν

2345 2098 2504 2163 ἁγίαν
2533 2097 2624 2148 καὶ
2639 2095 2923 2164 όμοούσιον
2945 2097 3166 2164 Τριάδα.
3187 2095 3404 2162 Ἐπειδὴ
3422 2093 3478 2144 δέ
3498 2108 3630 2159 φασι
3651 2088 3935 2142 πιστεύειν

2345 2189 2424 2250 εἰς
2449 2187 2544 2240 ἕνα
2571 2186 2725 2246 Θεὸν,
2754 2186 2971 2254 Πατέρα
3003 2186 3436 2255 παντοκράτορα,
3471 2183 3688 2234 πάντων
3713 2179 3934 2248 ὁρατῶν

2345 2294 2401 2330 τε
2441 2278 2532 2329 καὶ
2565 2276 2813 2345 ἀοράτων
2844 2277 3072 2345 ποιητήν
3094 2291 3105 2302 ο
3142 2277 3235 2328 καὶ
3265 2276 3342 2334 είς
3364 2273 3458 2326 ἕνα
3484 2271 3686 2342 Κύριον
3721 2268 3934 2337 Ἰησοῦν

2346 2367 2583 2437 Χριστὸν
2617 2367 2708 2419 τὸν
2744 2366 2871 2417 Υίὺν
2905 2365 3101 2417 αὐτοῦ·
3152 2365 3250 2434 οὐχ
3301 2365 3486 2433 ἔτερος
3529 2363 3585 2415 δὲ
3637 2361 3758 2413 καθ’
3783 2363 3935 2431 ἡμᾶς

2359 2457 2562 2526 Ἰησοῦς
2600 2457 2834 2526 Χριστὸς
2868 2456 3069 2526 Κύριος
3105 2456 3255 2525 παρά
3279 2454 3370 2507 τὸν
3398 2455 3492 2506 ἕνα
3513 2453 3608 2506 καὶ
3631 2452 3816 2520 φύσει,
3840 2453 3933 2504 καὶ

2346 2549 2558 2616 ἀληθῶς
2595 2549 2719 2601 Υίόν
2742 2565 2753 2577 ·
2804 2548 2863 2610 ὃς
2913 2549 2978 2601 ἐκ
3011 2547 3144 2600 Θεοῦ
3183 2545 3461 2616 πεφηνὼς,
3493 2545 3586 2599 καὶ
3626 2545 3759 2608 Θεὸς
3792 2543 3873 2596 ὢν
3905 2545 3934 2596 ὁ

2347 2641 2536 2708 Λόγος.
2563 2640 2788 2707 γέγονεν
2823 2639 3128 2712 ἄνθρωπος,
3153 2638 3240 2692 διὰ
3272 2640 3574 2708 γεννήσεως
3601 2639 3658 2690 δὲ
3687 2637 3934 2706 δηλονότι

2344 2729 2442 2798 τῆς
2491 2731 2553 2781 ὲκ
2586 2728 2862 2796 γυναικὸς,
2902 2730 3022 2782 τίνα
3052 2728 3250 2798 τρόπον
3291 2730 3338 2780 oi
3373 2729 3462 2780 τὸν
3491 2728 3588 2796 τῆς
3618 2729 3934 2796 οἰκονομίας

2347 2823 2705 2889 κηρύττοντες
2736 2822 2912 2888 λόγον,
2940 2824 3038 2876 οὐκ
3088 2824 3154 2876 ἂν
3188 2823 3366 2874 ἁλοῖεν
3407 2819 3570 2875 αὑτοῦ
3616 2825 3714 2891 τὴν
3742 2823 3807 2874 ἐκ
3835 2840 3936 2890 γυο

2347 2913 2536 2971 ναικὸς
2559 2909 2698 2962 κατά
2731 2911 2912 2980 σάρκα
2943 2910 3230 2974 λαλοῦντες
3259 2912 3543 2979 γέννησινς
3567 2911 3700 2963 Τότε
3731 2912 3841 2983 γὰρ
3871 2912 3938 2978 δὴ

2349 3001 2582 3070 Χριστος
2618 2999 2819 3069 Ἰησοῦς
2857 3000 3194 3069 ὠνόμασται,
3237 3001 3367 3063 Θεὸς
3410 2999 3485 3053 ὢν
3527 3001 3556 3053 ό
3604 3001 3796 3069 Λόγος,
3843 3004 3938 3054 καὶ

2353 3090 2534 3158 σοφία,
2563 3092 2657 3142 καὶ
2686 3091 2820 3158 ζωὴ,
2867 3092 2958 3142 καὶ
2989 3090 3123 3158 φῶς,
3155 3090 3183 3140 ό
3212 3089 3358 3153 Υίός.
3396 3090 3665 3160 Πρόδηλον
3699 3085 3817 3155 οὖν,
3853 3090 3938 3141 ὃτι

2350 3181 2449 3248 τῆς
2496 3180 2710 3232 τοιᾶσδε
2747 3179 2989 3249 κλήσεως
3018 3183 3045 3232 ό
3076 3180 3268 3251 καιρὸς
3301 3181 3787 3252 συνειστρέχουσαν
3823 3181 3940 3250 ἔχει

679 3278 976 3348 appellatus
1004 3284 1086 3330 est
1123 3272 1281 3328 Jesus
1319 3272 1590 3326 Christus.
1629 3268 1978 3338 Perspicuum
2029 3278 2111 3322 cst
2146 3268 2244 3336 igio

2349 3271 2448 3338 τὴν
2481 3269 2758 3338 γέννησιν,
2794 3268 2891 3338 τὴν
2923 3269 3010 3322 διά
3038 3269 3101 3336 γέ
3135 3287 3274 3339 φημι
3301 3273 3400 3340 τῆς
3429 3271 3590 3338 ἁγίας
3629 3269 3934 3340 Παρθένου.

680 3384 783 3433 tur,
812 3369 958 3423 illam
988 3381 1055 3421 ex
1077 3375 1261 3420 sancta
1290 3363 1505 3430 \‘irgine
1537 3362 1873 3415 nativitatem
1897 3362 2084 3413 eodem
2119 3370 2248 3412 ιυιιιο

679 3475 808 3531 pore
851 3474 972 3514 cum
1018 3456 1281 3527 ejusmodi
1318 3453 1680 3523 appellatione
1713 3452 2078 3506 concurrisse.
2117 3449 2249 3506 Creo

680 3549 854 3607 dendo
886 3559 1066 3602 autem
1098 3547 1152 3599 in
1181 3546 1459 3600 Christum
1485 3544 1691 3605 Jesutu,
1730 3542 1782 3595 in
1815 3541 1965 3594 illum
1998 3556 2164 3593 unum
2196 3547 2250 3594 et

679 3654 867 3695 natura
905 3647 958 3693 et
990 3653 1115 3692 vere
1151 3636 1343 3690 Filium
1389 3649 1484 3687 nos
1515 3634 1756 3693 credere,
1792 3633 1916 3684 dum
1963 3632 2075 3684 haec
2121 3629 2252 3683 ﬁdes

681 3750 774 3801 per
803 3735 975 3801 ipsum
1007 3730 1238 3783 recurrit
1267 3728 1318 3778 in
1344 3725 1579 3788 Patrem,
1609 3723 1812 3776 clarum
1839 3723 1896 3775 lit
1926 3737 1990 3776 ex
2018 3738 2083 3777 eo
2107 3723 2251 3792 quod

682 3831 792 3892 ipse
825 3825 1076 3876 universo
1113 3829 1379 3873 terrarum
1410 3817 1524 3869 orbi
1565 3815 1864 3884 proclamat
1895 3833 1908 3868 :
1941 3834 1958 3866 ι
1991 3819 2091 3881 Qui
2132 3829 2254 3870 cre-

680 3920 756 3968 uit
787 3916 837 3968 in
886 3931 990 3976 me,
1021 3928 1124 3967 non
1155 3913 1205 3964 in
1239 3924 1322 3962 me
1351 3908 1548 3972 credit,
1586 3908 1679 3962 sed
1725 3909 1776 3960 in
1823 3922 1947 3961 eum
1981 3908 2072 3976 qui
2108 3906 2254 3961 misit

683 4023 766 4060 me
789 4006 867 4070 "';
899 4023 919 4056 ο
957 4013 1010 4058 et
1045 4022 1058 4058 :
1093 4023 1110 4053 ι
1145 4003 1242 4068 Qui
1285 4001 1429 4052 videt
1465 4014 1571 4062 me,
1617 4000 1760 4052 videt
1793 4014 1914 4052 cum
1960 3999 2051 4067 qui
2107 3997 2255 4051 misit

685 4114 767 4152 me
785 4097 863 4157 ⁶⁸;
899 4117 916 4146 ι
955 4107 1006 4150 et
1057 4110 1287 4149 rursus:
1326 4113 1343 4146 ι
1374 4093 1610 4148 Creditis
1646 4092 1697 4144 in
1737 4089 1928 4154 Deum,
1968 4101 2021 4144 et
2069 4091 2119 4143 in
2169 4103 2254 4143 me

681 4191 885 4245 credite
911 4187 986 4256 (4)
1013 4187 1078 4240 ⁵⁵.
1109 4203 1128 4238 ι
1161 4185 1343 4255 Neque
1377 4186 1519 4240 enim
1572 4184 1757 4251 utique
1804 4183 2117 4243 asserimus,
2151 4180 2254 4232 du-

685 4282 871 4348 plicem
921 4280 1068 4332 illum
1130 4291 1159 4330 a
1220 4277 1372 4332 nobis
1429 4275 1585 4329 ﬁdem
1635 4275 1890 4342 exigere;
1945 4273 2037 4326 sed
2074 4271 2254 4340 potius

684 4377 896 4431 docere,
935 4369 1179 4438 quisquis
1215 4369 1370 4421 iidem
1413 4367 1465 4419 in
1493 4381 1614 4419 eum
1657 4365 1980 4431 susceperit,
2017 4362 2162 4413 illum
2201 4361 2253 4413 in

686 4465 853 4531 ipsum
888 4460 1101 4513 Patrem
1156 4459 1400 4514 credere.
1449 4457 1552 4510 Sed
1592 4457 1740 4525 quia,
1789 4465 1847 4507 ut
1892 4454 2041 4506 illum
2079 4452 2254 4506 facere

686 4551 1230 4622 parerat,nominum
1255 4549 1680 4617 aequirucatiune
1710 4546 1868 4614 paulo
1900 4556 2018 4614 post
2051 4556 2251 4611 utetur,

2351 3363 2470 3416 Ὅτι
2505 3362 2852 3423 πιστεύοντες
2886 3360 2994 3431 [Ion
3024 3363 3179 3414 ὃτιδὲ
3203 3361 3573 3431 πιστεύοντες]
3595 3365 3671 3426 εἰς
3704 3363 3940 3432 Χριστὸν

2361 3451 2592 3522 Ἰησοῦν,
2628 3452 2708 3512 είς
2749 3453 2838 3502 τὸν
2883 3452 2977 3504 ἕνα
3033 3453 3127 3504 καὶ
3173 3452 3334 3518 φύσει
3396 3454 3491 3505 καὶ
3543 3453 3758 3523 ἀληθῶς
3810 3454 3941 3507 Υἰδν

2351 3541 2702 3610 πιστεύομεν,
2734 3541 3112 3610 ἁναφοιτώσης
3137 3543 3238 3611 τῆς
3261 3543 3497 3606 πίστεως
3516 3546 3594 3606 είς
3609 3545 3700 3597 τὸν
3718 3545 3942 3616 Πατέρα

2350 3634 2418 3686 δι’
2453 3633 2641 3695 αὑτοῦ,
2674 3634 2860 3702 σαφῶς
2893 3632 3020 3704 [ισ.
3059 3635 3247 3705 σαφὲς]
3283 3636 3350 3689 ἂν
3382 3638 3613 3704 γένοιτο,
3646 3639 3934 3712 διακεκρα.

2351 3724 2506 3792 γότος
2538 3721 2704 3775 αὑτοῦ
2733 3722 2809 3793 τῷ
2832 3723 3023 3793 κόσμῳ
3053 3725 3246 3775 παντί·
3285 3745 3302 3776 ι
3326 3725 3382 3778 Ὀ
3411 3727 3679 3778 πιστεύων
3706 3729 3784 3790 είς
3808 3730 3936 3797 ἐμὲ,

2352 3816 2412 3868 οὐ
2449 3816 2697 3868 πιστεύει
2746 3817 2826 3878 είς
2875 3815 2998 3885 ἐμὲ,
3028 3815 3139 3867 ἀλλ’
3171 3817 3251 3878 είς
3302 3816 3390 3868 τὸν
3442 3818 3735 3887 πέμψαντὰ
3781 3837 3872 3890 με·
3918 3841 3934 3870 ι

2357 3908 2472 3970 καί,
2517 3924 2534 3957 ι
2561 3908 2617 3958 '0
2664 3905 2884 3976 θεωρῶν
2933 3905 3055 3975 ἐμὲ,
3086 3905 3286 3975 θεωρεῖ
3328 3907 3423 3959 τὸν
3462 3910 3756 3979 πέμψαντά
3791 3929 3881 3980 με·
3918 3933 3935 3964 ο

2357 3999 2449 4051 καὶ
2499 3998 2678 4062 πάλιν,
2726 4017 2742 4047 ι
2777 3998 3066 4051 Πιστεύετε
3116 4000 3194 4060 εἰς
3238 3999 3328 4052 τὸν
3371 4000 3526 4061 Θεὸν.
3566 4002 3659 4055 καὶ
3708 4005 3787 4067 είς
3838 4006 3942 4074 εμὲ

2355 4090 2653 4142 πιστεύετε.
2689 4109 2706 4140 ι
2749 4090 2855 4142 Καὶ
2898 4091 2956 4143 ού
3004 4091 3064 4160 δή
3111 4091 3211 4143 πού
3257 4109 3460 4161 φαμεν,
3495 4094 3571 4157 ὼς
3601 4095 3693 4146 δύο
3726 4096 3940 4158 πίστεις

2356 4181 2491 4251 πρὸς
2524 4181 2680 4250 ἡμῶν
2713 4183 2884 4233 αἱτεί’
2920 4182 3162 4235 διδάσκει
3189 4184 3245 4236 δὲ
3274 4185 3495 4252 μᾶλλον,
3527 4185 3602 4248 ὡς
3636 4188 3688 4239 εί
3711 4204 3795 4249 τις
3829 4191 3941 4241 elo-

2355 4271 2567 4336 δέξαιτο
2605 4273 2703 4341 τὴν
2749 4275 2827 4334 είς
2857 4275 3018 4325 αὐτὸν
3051 4275 3254 4338 πίστιν,
3285 4276 3436 4346 αὐτῷ
3484 4279 3814 4333 πεπίστευκε
3862 4282 3942 4351 τῷ

2359 4364 2555 4432 Πατρί.
2577 4363 2791 4433 Ἐπειδὴ
2842 4363 2898 4415 δὲ
2947 4366 3089 4418 κατά
3135 4366 3196 4419 τὸ
3238 4368 3386 4430 εἰκὸς
3425 4371 3490 4439 τῇ
3523 4369 3630 4422 τῶν
3657 4371 3942 4441 ὀνομάτων

2355 4454 2644 4524 ὁμωνυμία
2673 4455 3019 4524 κεχρήσεται,
3061 4457 3215 4510 κοινὰ
3240 4459 3413 4527 λέγων
3440 4456 3578 4514 εἶναι
3608 4464 3669 4514 τό
3704 4480 3760 4515 τε
3803 4465 3939 4534 Χρι-

2359 4549 2501 4607 στος,
2529 4547 2622 4598 καὶ
2662 4547 2720 4598 τὸ
2770 4548 2995 4616 Κύριος,
3033 4549 3124 4600 καὶ
3157 4551 3264 4618 μὴν
3305 4555 3397 4603 καὶ
3435 4552 3580 4615 Υἱὸς,
3620 4555 3849 4624 πρέπειν
3882 4574 3940 4608 τε

686 4646 986 4700 communia
1014 4657 1134 4697 esse
1167 4642 1352 4696 dicens
1380 4649 1434 4695 et
1464 4639 1659 4694 Christi
1691 4653 1905 4707 nomen,
1932 4650 1983 4692 et
2019 4637 2244 4703 Domini,

2359 4637 2496 4689 αὑτὰ
2531 4611 2983 4690 διαϐεϐαιώσεται
3011 4639 3087 4706 τῷ
3114 4611 3176 4691 ἐκ
3207 4611 3416 4710 Πατρός
3449 4611 3604 4708 φύντι
3639 4611 3815 4712 λόγῳ,
3837 4647 3944 4696 κᾶν

682 4746 843 4805 atque
907 4735 1069 4790 etiam
1121 4731 1279 4800 Filii,
1337 4746 1510 4801 eaque
1566 4732 1858 4785 convenire
1915 4731 2256 4786 conlirmabit

687 4827 859 4882 Verbo
895 4827 967 4880 illi
1000 4841 1065 4880 ex
1103 4822 1264 4879 Patre
1307 4825 1508 4894 genito,
1538 4825 1701 4878 etiant
1737 4823 1782 4876 si
1815 4823 1963 4877 solus
2005 4823 2252 4877 conside-

683 4931 832 4974 retur
869 4921 1103 4973 nondum
1155 4926 1432 4982 assumpta
1474 4927 1662 4977 carne,
1705 4926 1916 4968 necnon
1962 4915 2124 4966 etiam
2177 4913 2251 4966 illi

685 5010 882 5078 templo
925 5024 990 5062 ex
1027 5005 1246 5075 Virgine
1291 5014 1447 5070 nato;
1483 5014 1537 5058 et
1576 5003 1732 5071 quia,
1780 5013 1836 5056 ut
1876 5013 2035 5072 puto,
2077 5004 2157 5056 his
2187 5005 2253 5057 de

688 5102 843 5155 rebus
873 5099 1161 5166 disputatio
1202 5097 1552 5166 inquisitione
1590 5110 1781 5165 magna
1818 5096 2042 5165 indiget,
2073 5110 2136 5150 ea
2182 5097 2248 5150 ad

684 5208 917 5262 praasens
963 5201 1262 5261 ooportune
1303 5191 1355 5244 in
1406 5199 1614 5258 tempus
1650 5191 1989 5244 commodius
2025 5191 2251 5259 rejecta,

2356 4729 2404 4780 si
2455 4732 2626 4781 νοοῖτο
2683 4730 2860 4794 μόνος,
2901 4731 2993 4781 καὶ
3044 4731 3243 4802 σαρκὸς
3296 4732 3437 4786 οῦτω
3477 4737 3552 4804 (5)
3601 4736 3940 4806 μεταλαχών,

2356 4825 2449 4875 καὶ
2483 4825 2588 4893 μὴν
2619 4827 2694 4894 τῷ
2720 4829 2782 4876 ὲκ
2807 4825 3082 4892 Παρθένου
3111 4827 3268 4893 φύντι
3299 4826 3439 4895 ναῷ*
3465 4828 3633 4879 δεῖται
3663 4829 3738 4891 δὲ,
3763 4825 3940 4896 οἶμαι,

2357 4914 2590 4983 βασάνου
2624 4915 2822 4984 πολλῆς
2852 4918 2877 4968 ὁ
2907 4917 2999 4972 ἐπὶ
3036 4919 3247 4979 τούτοις
3283 4918 3472 4985 λόγος’
3514 4921 3591 4980 εἰς
3623 4921 3832 4988 καιρὸν,
3866 4925 3943 4983 ὡς

2356 5007 2511 5075 ἔφην,
2545 5007 2692 5077 αὐτῷ
2723 5010 3002 5075 πρέποντα
3036 5013 3318 5078 χρησίμως
3366 5011 3526 5064 αὑτὸν
3569 5014 3648 5073 εἰς
3677 5015 3736 5063 τὸ
3767 5018 3944 5082 παρὸν

2357 5098 2700 5168 ἀναθέμενοι,
2735 5103 2817 5167 ἐφ’
2843 5102 3036 5170 ἑτέραν
3069 5103 3231 5169 ἴωμεν
3265 5103 3361 5169 τῆς
3390 5105 3550 5169 ἁγίας
3583 5105 3801 5158 συνόδου
3828 5125 3942 5173 φωι

2360 5190 2475 5260 νην,
2509 5193 2572 5259 ἢν
2598 5193 2778 5244 οὑτοσὶ
2808 5192 3178 5262 παρατρέπων
3207 5195 3298 5244 ἐπὶ
3331 5195 3388 5242 τὸ
3418 5195 3564 5264 αὐτῷ
3597 5195 3810 5259 δοκοῦν,
3845 5199 3945 5269 τὴν

755 5377 794 5406 ⁴¹¹
829 5375 1012 5431 Matth.
1051 5393 1104 5441 ι,
1138 5376 1226 5430 20.
1303 5374 1523 5429 "Joan.
1558 5390 1657 5439 xu,
1692 5375 1778 5428 44.
1861 5376 2084 5433 "Joan.
2114 5395 2227 5446 xxv,
2260 5379 2314 5434 9.
2393 5381 2439 5413 “
2467 5382 2600 5437 Ibid.
2646 5383 2696 5438 l.

1961 5536 2120 5590 ΑΝΤ.
2163 5537 2432 5592 ACELLII
2469 5539 2700 5595 NOTAE.

756 5700 831 5767 μ)
865 5695 972 5747 Hoc
1008 5694 1367 5767 teslitnoniunt
1406 5693 1614 5767 videtur
1642 5691 1877 5767 Cyﬁllus
1920 5695 2026 5746 alio
2053 5698 2239 5747 nrtlitte

686 5763 970 5838 protulisse
1000 5782 1009 5813 :
1044 5764 1245 5838 Credite
1286 5765 1338 5838 in
1376 5779 1474 5838 nte,
1513 5774 1568 5838 et
1600 5765 1650 5813 in
1689 5763 1857 5838 perun
1885 5766 2096 5826 cret/ile,
2138 5766 2236 5828 \cl,

684 5831 928 5899 Creditis,
961 5848 1069 5903 quo
1102 5835 1256 5888 modo
1283 5833 1465 5887 citavit
1500 5834 1660 5885 etiam
1689 5831 1778 5885 lib.
1807 5848 1863 5884 ιι.

2739 5699 2938 5788 legere,
2969 5700 3123 5790 οὔπω
3173 5703 3518 5790 μεταλαχών,
3567 5717 3630 5760 ut
3673 5708 3803 5761 dixit
3851 5725 3944 5764 su-

2351 5783 2442 5847 pr'a
2479 5785 2609 5848 pag.
2632 5768 2723 5848 Eni,
2762 5770 2913 5848 οῦπω
2944 5771 3144 5848 σαρκὸς
3177 5768 3283 5824 ’καὶ
3333 5768 3562 5844 αἵματος
3609 5793 3939 5848 κεκοινωνηο

2516 5824 2574 5892 εἰ
2600 5840 2736 5894 iur”
2766 5839 2854 5907 489
2900 5841 2992 5894 καὶ
3017 5824 3185 5893 ὀὔτίω
3217 5824 3760 5905 σεσαοὲωαένοξῒὴη
3779 5824 3868 5832 ’Μ
3887 5824 3914 5850 ’⁸
