4104 6480
161 413 219 466 ω
1297 429 1669 486 Αυνειιδυδ
1705 430 1726 486 1

1830 431 2108 493 iTOltthl
2151 441 2276 496 LIB.
2327 445 2362 499 i.
3361 464 3430 523 50

162 534 243 592 τῆς
289 531 548 600 ἀληθείας
606 542 1010 607 καταόιάζεται
1059 549 1303 618 δύναμιν.
1340 553 1478 620 Φησὶ
1512 555 1640 624 γὰρ,
1668 555 1726 608 ὅτ

162 625 480 651 ,Νηλώ-,Μ
512 631 556 651 _,
589 631 740 651 πω,
906 638 975 651 ...
1115 642 1125 651 .
1335 647 1344 651 -
1409 648 1427 651 μ
1610 649 1616 651 -

1854 559 1920 610 ad
1951 558 2172 616 alteram
2201 576 2404 622 sanctae
2434 569 2576 625 illius
2610 577 2797 643 synodi
2833 593 3014 632 vocem
3052 588 3389 641 transeamus
3409 627 3426 651 .

161 625 480 692 γεγράφασιν
507 631 558 682 οἱ
589 631 866 703 Πατέρις·
906 638 1268 712 [Πιστεύομεν
1298 647 1379 709 είς
1407 648 1504 700 ἕνα
1538 649 1726 717 Κύριογ

174 717 360 743 ιι-..ε..
388 720 590 743 v-___t
728 731 746 743 .
824 730 908 743 ι...
1009 731 1022 743 .
1335 739 1360 743 _
1466 740 1475 743 _

2638 625 2656 643 γ
2870 625 3013 632 ...-...
3054 625 3424 651 ..................,

1846 668 2007 722 quam
2048 656 2147 711 iste
2193 669 2250 712 ut
2301 661 2366 716 ad
2417 677 2571 717 suam
2618 669 2943 722 sententiam
2990 687 3281 742 pervertat.
3324 679 3424 743 ipsi

174 717 360 786 Ἰησοῦν
388 720 655 790 Χριστὸν,
693 731 791 781 τὸν
824 730 950 784 Υίὺν
972 731 1066 785 τὸν
1102 739 1386 808 μονογενῆ,
1429 740 1521 793 τὸν
1553 745 1616 794 ὲκ
1646 744 1741 797 τοῦ

1847 744 2237 812 potentissimae
2268 753 2487 806 veritati
2532 759 2826 813 succurrit.
2854 760 2944 814 Ait
2966 763 3108 815 cnim
3137 767 3424 832 scripsisse

165 810 354 879 Ιιιτρὸς
401 817 772 885 γεννηθέντα,
809 821 903 876 τὸν
947 825 1232 895 όμοούσιον
1278 830 1358 899 τῷ
1409 833 1602 904 Πατρὶ,
1650 835 1726 889 tbi

1848 810 1860 812 _
2617 810 2623 811 ,
2814 810 2824 813 -
3137 810 3423 832 --..,-....,.,

1845 835 2034 892 Patres
2061 858 2074 892 :
2101 840 2408 913 [Credimus
2439 846 2490 900 in
2527 863 2690 902 unum
2721 851 3003 906 Dominum
3050 854 3231 909 Jesutn
3264 858 3426 913 Chri-

164 903 467 995 κατελθόντα
498 907 567 960 δι’
597 912 774 981 ἡμᾶς,
814 916 909 967 καὶ
941 919 1292 984 σαρκωθέντα
1323 926 1384 977 ὲκ
1423 903 1739 995 Ιινεύματος

165 995 341 1066 ariam]
360 994 650 1071 Ἐπιςρέρει
669 1003 972 1072 δὲτούτοις,
1000 1011 1091 1062 καί
1115 1029 1248 1082 φησι
1277 1017 1407 1083 περὶ
1433 1018 1542 1070 τῶν
1566 994 1740 1089 ἀγίων

167 1087 432 1155 Πατέρων·
469 1091 932 1164 [Ὕποχατιόντες
946 1101 1023 1164 δὲ,
1058 1105 1419 1176 ἑρμηνεύουσι
1464 1111 1555 1164 τὸν
1584 1087 1739 1164 ἐναν-

161 1182 528 1254 ορωπήσαντα,
567 1190 766 1245 τοῦτον
805 1193 1095 1264 λεγόμενον
1125 1202 1497 1269 σαρκωθὲντα,
1531 1205 1590 1256 ού
1616 1222 1738 1275 ιι-ρο⁴

164 1276 254 1343 τὴν
280 1278 371 1347 τῆς
412 1279 570 1346 Θείας
609 1285 834 1352 φύσεως
865 1289 1240 1362 ὐπμεινάσης
1273 1296 1351 1358 είς
1384 1298 1484 1366 τὴν
1533 1298 1734 1368 σάρκα,

161 1369 274 1423 ἀλλά
315 1371 410 1442 τὴν
455 1376 744 1447 ἐνοίκησιν
772 1381 871 1451 τὴν
899 1383 980 1446 είς
1011 1383 1345 1459 ἀνθρωπον.]
1366 1390 1452 1442 Ἑν
1477 1390 1735 1463 ἐξηγήσει

159 1462 206 1512 δὲ
237 1463 387 1518 πάλιν
413 1467 515 1538 τῆς
549 1471 731 1542 αὐτῆς
760 1473 944 1543 ἔχεται
975 1477 1232 1543 διανοίας,
1257 1482 1349 1534 καὶ
1384 1481 1447 1554 δὴ
1475 1485 1569 1538 καὶ
1593 1462 1736 1541 οῦτω

160 1554 326 1623 φησίν.

219 1735 655 1814 [Ἤκολούθησαν
696 1746 774 1817 τῷ
807 1749 1163 1824 εὐαγγελιστῇ
1197 1771 1210 1786 ·
1246 1757 1337 1809 καὶ
1367 1757 1475 1828 γὰρ
1505 1761 1545 1813 ὁ·
1572 1761 1735 1829 εὐαγ-

172 1831 414 1902 ίελιστὴς,
445 1835 626 1890 ἐλθὼν
654 1839 737 1902 είς
767 1840 865 1911 τὴν
893 1843 1324 1914 ἐνανθρώπησιν,
1342 1850 1512 1919 ἔφυγε
1542 1851 1733 1923 γέννη-

165 1939 234 1976 τιν
263 1926 430 1979 εἰπεῖν
474 1930 572 1981 ἐπὶ
607 1930 704 1983 τοῦ
732 1931 866 1987 Θεοῦ
900 1935 1096 2004 Λόγου,
1129 1939 1221 1991 καὶ
1258 1941 1474 1996 τέθεικε
1513 1943 1732 2015 σαρκω-

163 2033 257 2066 σιν·
305 2017 432 2082 ποῦς
481 2021 766 2076 ἀκουσονο
816 2043 834 2076 ι
867 2027 976 2080 Καὶ
999 2030 1027 2080 6
1048 2031 1219 2095 Λόγος
1249 2032 1386 2103 σὰρξ
1417 2035 1637 2102 ἐγένετο
1658 2056 1670 2070 ο
1706 2057 1725 2091 ι

157 2107 242 2158 οὐκ
278 2105 392 2160 εἷπε
416 2129 430 2141 ·
469 2113 572 2165 Διά
628 2114 827 2184 σαρκὸς
860 2119 1325 2192 ὶγεννήθη.”οπου
1371 2127 1479 2196 γὰρ
1517 2145 1730 2198 μνημο-

157 2199 382 2253 νεύουσιν
423 2204 473 2254 οί
515 2206 832 2272 ἀπόστολοι,
865 2209 897 2278 ἢ
947 2211 995 2263 οί
1030 2213 1414 2282 εύαγγελισταὶ
1444 2218 1538 2271 τοῦ
1573 2220 1726 2286 Υίοῦ,

156 2288 391 2354 τιθέασιν,
429 2296 513 2345 ὅτι
553 2297 826 2368 ἐγεννήθη
858 2301 921 2353 ἐκ
950 2307 1229 2368 γυναικός.
1260 2306 1501 2377 Πρόσεχε
1529 2309 1605 2381 τῷ
1642 2311 1730 2364 λε-

402 2385 751 2454 παρακαλῶ’
795 2387 929 2442 ὅπου
958 2391 1066 2461 γὰρ
1096 2392 1311 2462 λέγουσι
1343 2397 1401 2450 τὸ
1433 2379 1603 2468 ὄνομα
1633 2401 1728 2454 τοῦ

159 2466 293 2533 Ποῦ,
324 2475 415 2525 καὶ
448 2475 534 2528 ὅτι
573 2478 770 2549 ἐτέχθη
805 2480 872 2534 ὲκ
909 2483 1189 2548 γυναικὸς,
1211 2485 1424 2541 τιθέασι
1453 2466 1730 2559 16,15er-

157 2559 276 2630 νήθη
301 2576 314 2588 ·
352 2563 487 2617 ὅπου
523 2566 587 2620 δὲ
638 2571 1034 2640 μνημονεύουσι
1067 2575 1160 2628 τοῦ
1191 2578 1386 2645 Λόγου,
1422 2580 1595 2646 οὐδεὶς
1626 2584 1726 2636 αύο

161 2647 250 2702 τῶν
268 2651 584 2744 ⁸ετόλμηεισεν
618 2661 812 2722 εἰπεῖν.
841 2663 1092 2736 γέννησιν
1124 2667 1213 2722 διὰ
1238 2672 1338 2740 τῆς
1371 2671 1728 2744 ἀνθρωπότη-

157 2754 248 2801 τος.
267 2740 322 2794 '0
342 2743 449 2813 γὰρ
484 2749 765 2818 μακάριος
790 2751 1040 2825 Ἰωάννης
1065 2758 1092 2810 6
1112 2740 1524 2832 εὐαγγελιστης,
1556 2740 1727 2818 ὲλθων

159 2832 224 2892 εἰς
272 2835 355 2887 τὸν
409 2838 611 2905 Λόγον,
667 2843 760 2894 καὶ
806 2845 885 2907 είς
939 2845 1037 2918 τὴν
1085 2850 1498 2922 ἐνανθρώπησιν
1536 2857 1725 2922 αὑτοῦ,

157 2923 368 2978 ἀκουσον
406 2924 498 2983 οίά
540 2949 728 3001 φησιν.
778 2953 795 2986 ι
835 2936 892 2989 '0
916 2938 1085 3007 Λόγος
1130 2941 1263 3012 σὰρξ
1303 2945 1539 3011 ἐγένετο.
1574 2949 1620 3021 ι]

749 3093 996 3151 ΚΕΦΑΛ.
1039 3099 1118 3152 H'.

1843 941 2006 993 Stum,
2060 931 2256 988 Filium
2305 938 2663 1006 unigenitum,
2712 958 2778 996 ex
2828 945 2990 1000 Patre
3035 959 3243 1016 natum,
3284 966 3419 1006 con-

1842 1025 2251 1080 substantialem
2297 1029 2483 1084 Patri:
2513 1035 2601 1101 qui
2639 1037 2915 1092 descendit
2950 1050 3167 1107 propter
3206 1059 3325 1107 nos,
3365 1057 3418 1100 ct

1841 1117 2157 1175 incarnatus
2183 1131 2266 1176 est
2292 1123 2357 1177 de
2388 1122 2590 1193 Spiritu
2631 1129 2866 1200 sancto]
2906 1133 2983 1184 Ad
3023 1134 3134 1188 haec
3162 1136 3324 1192 infert
3355 1153 3416 1192 ac

1840 1207 1972 1262 dicit
2015 1212 2083 1264 de
2115 1214 2322 1269 sanctis
2357 1215 2462 1270 illis
2493 1216 2786 1275 Patribus:
2824 1221 3078 1293 [Inferius
3107 1241 3234 1281 vero
3274 1228 3416 1283 hunc

1841 1297 2016 1367 ipsum
2063 1302 2156 1372 qui
2210 1303 2410 1359 dicitur
2445 1306 2784 1373 incarnatus,
2828 1311 3257 1380 interpretantur
3295 1329 3415 1369 esse

1841 1391 2112 1446 hominem
2151 1393 2350 1450 factum
2381 1415 2394 1451 :
2423 1413 2530 1452 non
2562 1401 2702 1468 quod
2745 1411 2936 1455 natura
2979 1403 3161 1457 divina
3193 1405 3242 1458 in
3291 1421 3411 1459 car-

1839 1495 1962 1535 nem
1996 1483 2068 1537 sit
2107 1495 2335 1554 mutata,
2372 1489 2466 1544 sed
2504 1491 2645 1558 quod
2681 1492 2731 1545 in
2767 1492 2985 1548 homine
3016 1495 3319 1567 habitarit.)
3359 1495 3411 1550 In

1835 1573 2175 1639 expositione
2206 1593 2394 1634 rursus
2430 1579 2602 1635 eidem
2637 1581 2868 1638 inhaeret
2905 1588 3210 1647 sententiae,
3248 1603 3311 1640 ac
3341 1589 3413 1641 ita

1837 1663 1963 1716 dicit
1999 1683 2012 1719 :

1911 1753 2190 1826 [Nesrom
2236 1758 2417 1814 Secuti
2460 1772 2585 1816 sunt
2614 1766 2998 1834 evangelistam
3035 1812 3046 1822 .
3083 1785 3206 1824 nam
3247 1785 3410 1824 evan-

1837 1847 2026 1912 gelista
2075 1851 2163 1904 ubi
2195 1851 2262 1905 ad
2302 1855 2628 1908 narrandam
2675 1857 3116 1915 humanationem
3143 1867 3409 1932 pervenit.

1835 1938 2018 1993 dicere
2043 1945 2441 2007 generationem
2476 1945 2528 1999 in
2561 1945 2668 2001 Deo
2697 1947 2872 2004 Verbo
2900 1952 3109 2016 vitavit,
3143 1969 3205 2009 ac
3239 1963 3416 2023 posuit

1835 2029 2290 2088 incarnationem.
2340 2033 2608 2091 Ubinam?
2642 2040 2765 2094 audi
2801 2059 2814 2094 :
2855 2059 2874 2093 ι
2907 2043 2972 2096 Et
3002 2042 3237 2100 Verbum
3283 2063 3413 2101 caro

1835 2120 2033 2178 factum
2062 2135 2144 2180 est
2170 2126 2251 2192 °';
2286 2145 2305 2179 θ
2346 2143 2452 2182 non
2491 2130 2662 2186 dixit:
2689 2129 2794 2186 Per
2827 2148 3048 2190 carnem
3095 2150 3255 2191 natus
3282 2149 3364 2193 est
3396 2158 3407 2192 :

1835 2231 1957 2271 nam
2002 2218 2090 2273 ubi
2142 2222 2370 2289 apostoli
2405 2222 2490 2276 vel
2531 2225 2875 2296 evangelista:
2915 2230 3241 2285 mentionem
3287 2231 3408 2286 Filii

1834 2308 2080 2376 faciunt,
2122 2323 2330 2381 ponunt
2377 2322 2561 2369 natum
2607 2331 2728 2372 esse
2770 2333 2834 2373 ex
2873 2320 3120 2376 muliere.
3152 2323 3406 2386 Attende,

1833 2416 2036 2470 quaeso,
2069 2405 2210 2473 quod
2243 2403 2443 2460 dicitur
2467 2420 2481 2459 :
2505 2406 2612 2477 25
2640 2407 2728 2463 ubi
2752 2420 3183 2465 commemorant
3213 2427 3406 2467 nomen

1833 2487 1977 2558 Fﬂii,
2017 2503 2072 2549 et
2119 2496 2323 2551 editum
2359 2512 2480 2553 esse
2523 2515 2587 2553 ex
2640 2500 2886 2565 muliere,
2924 2513 3128 2570 ponunt
3163 2503 3407 2569 verbum,

1832 2584 2002 2643 Natus
2034 2598 2152 2657 est;
2187 2590 2286 2645 sed
2317 2590 2406 2645 ubi
2443 2591 2602 2646 Verbi
2633 2592 2798 2646 divini
2824 2595 3148 2648 mentionem
3180 2593 3406 2661 faciunt,

1831 2695 1991 2735 nemo
2039 2681 2252 2736 illorum
2301 2698 2468 2739 ausus
2507 2695 2590 2740 est
2640 2685 2842 2753 dicere,
2877 2687 3117 2756 genitum
3161 2703 3281 2742 esse
3315 2705 3409 2757 per

1829 2769 2240 2828 humanitatem.
2276 2772 2410 2828 Nam
2457 2774 2647 2830 beatus
2673 2774 2910 2832 Joannes
2950 2779 3280 2847 evangelista
3316 2779 3403 2832 ubi

1828 2861 2076 2928 pervenit
2116 2861 2182 2916 ad
2229 2862 2485 2925 Verbum.
2519 2871 2572 2918 et
2623 2862 2740 2932 ejus
2772 2864 3238 2928 humanationein,
3281 2866 3404 2918 audi

1827 2951 1956 3020 quid
1989 2953 2131 3008 dicat
2163 2975 2176 3010 :
2215 2972 2235 3005 ι
2269 2955 2504 3010 Verbum
2542 2971 2670 3010 caro
2707 2956 2909 3010 factum
2940 2967 3042 3011 est.
3074 2954 3123 3026 ι]

2459 3109 2607 3165 CAP.
2646 3109 2778 3166 VIII.

215 3215 338 3318 θεῖρέ
373 3219 438 3289 δὴ
470 3217 941 3318 οὗνιπαραθέντες
961 3223 1040 3292 οἷς
1066 3231 1168 3302 ἔφη
1200 3235 1407 3291 καὶτοῦ
1431 3243 1553 3295 καθ’
1575 3245 1720 3315 ἡμᾶς

1899 3249 2010 3315 Age
2035 3245 2166 3315 jam,
2199 3262 2323 3302 cum
2371 3247 2454 3303 his
2487 3264 2603 3318 qua:
2642 3248 2778 3302 dixit
2815 3250 3186 3317 componendo
3237 3250 3408 3303 nostri

158 3301 410 3373 Συμδόὶου
440 3310 544 3379 τὴν
573 3311 850 3376 ἀπόδοσιν,
881 3316 1078 3386 ἴδωμεν
1118 3322 1164 3372 εί
1207 3325 1279 3394 μή
1314 3344 1365 3379 τι
1406 3301 1718 3387 κεκαινότό-

160 3414 305 3464 ,ιηται
364 3404 511 3472 παρὰ
549 3403 738 3457 τούτου
791 3408 884 3459 καὶ
935 3411 1064 3481 περὶ
1107 3415 1299 3486 αὐτήν
1339 3439 1356 3470 ι
1389 3420 1728 3496 Πιστεύομεν

158 3493 223 3552 εἰς
249 3489 339 3545 ἕνα
367 3493 504 3548 Θεὸν
545 3497 766 3566 Πατέρα
803 3505 1238 3577 παντοκράτορα,
1267 3511 1485 3568 πάντων
1513 3518 1726 3586 ὁρατῶν

157 3581 234 3632 καὶ
277 3582 528 3652 ἀοράτων
590 3589 850 3659 ποιητήν·
894 3593 986 3646 καὶ
1022 3596 1102 3659 είς
1152 3596 1247 3652 ἕνα
1281 3601 1483 3674 Κύριον
1519 3581 1726 3677 ’ίησοῦν

159 3671 384 3740 Χριστὸν,
422 3676 517 3730 τὸν
559 3678 680 3730 Υἰὸν
711 3680 800 3733 τοῦ
830 3681 983 3750 Θεοῦ,
1009 3689 1336 3760 γεννηθέντα
1368 3671 1440 3749 ’ἐκ
1479 3671 1591 3752 τοῦ.
1615 3701 1726 3754 Πα-

156 3763 266 3832 τρδς
297 3768 567 3838 μονογενῆ
599 3772 694 3838 (6),
731 3774 1027 3842 τουτέστιν,
1068 3781 1131 3833 ἐκ
1162 3782 1259 3854 τῆς
1287 3786 1476 3852 οὐσίας
1503 3790 1598 3844 τοῦ
1626 3793 1726 3847 αὑ-

156 3860 268 3956 τοῦζ
297 3863 427 3956 Θεὸν
461 3867 527 3919 ὲκ
566 3867 722 3929 Θεοῦ,
759 3871 872 3936 φῶς
903 3873 966 3926 ὲκ
995 3878 1192 3944 φωτὸς,
1225 3879 1356 3937 Θεὸν
1382 3884 1636 3956 ἀληθινὸν
1659 3891 1725 3944 ὲκ

155 3951 272 4006 Θεοῦ
297 3954 582 4027 ἀληθινοῦ,
615 3963 964 4031 γεννηθέντα,
989 3970 1050 4020 ού
1084 3971 1400 4041 ποιηθέντα,
1437 3951 1723 4048 ὀὲιοούσιον

156 4044 221 4112 τῷ
249 4045 437 4119 Πατρὶ,
468 4051 539 4105 δι’
573 4049 633 4107 οὗ
670 4055 736 4107 τὰ
773 4057 947 4111 πάντα
977 4062 1213 4128 ἐγένετο,
1245 4067 1312 4120 τά
1343 4084 1402 4120 τε
1438 4044 1495 4124 ἐν
1521 4072 1598 4142 τῷ
1628 4073 1721 4126 ού·-

159 4139 306 4209 ρσνῷ.
339 4144 431 4196 καὶ
465 4144 536 4236 τὰ
565 4145 654 4198 ιπι
686 4147 784 4216 τῆς
820 4154 945 4221 γῆς·
987 4153 1076 4205 τὸν
1104 4154 1334 4227 δι’,ἡμᾶς
1356 4162 1482 4225 τοὺς
1510 4139 1722 4236 ἀνθρώ.

159 4243 290 4324 κους.
327 4237 418 4288 καὶ
459 4235 547 4290 διὰ
579 4239 678 4309 τὴν
715 4243 988 4314 ἡμετέραν
1033 4250 1328 4319 σωτηρίαν,
1364 4255 1718 4324 κατελθόντα,

157 4322 234 4374 rat
265 4328 633 4394 σαρκωθέντα,
673 4332 766 4384 καὶ
789 4334 1304 4409 ὲνανθρωπήσαντα,
1331 4344 1594 4414 παθόντα,
1624 4322 1721 4404 καί

158 4415 447 4472 ἀναστάντα
473 4421 538 4489 τῇ
569 4422 727 4495 τρίτῃ
759 4425 941 4497 ἡμέρᾳ
965 4444 978 4456 ·
1008 4430 1300 4488 ἀνελθόντα
1347 4438 1428 4500 είς
1467 4441 1594 4505 τοὺς
1635 4444 1721 4496 ού·

1836 3337 2075 3410 Syutholi
2122 3340 2443 3408 editionem,
2495 3343 2855 3411 inquiramus,
2915 3357 2980 3396 an
3030 3347 3194 3398 etiam
3242 3345 3292 3397 in
3343 3361 3406 3398 ea

1828 3432 2106 3502 quidpiam
2134 3433 2202 3487 ab
2247 3434 2348 3488 hoc
2387 3436 2604 3490 homine
2639 3436 2898 3490 audacter
2920 3438 2992 3490 sit
3042 3437 3354 3492 innovatum
3390 3457 3402 3490 ε

1835 3543 1852 3576 ι
1893 3523 2182 3579 Credimus
2217 3525 2268 3579 in
2299 3540 2462 3579 unum
2509 3525 2675 3579 Deum
2711 3526 2925 3582 Patrem
2959 3529 3405 3596 omnipotentem,

1826 3615 2068 3670 omnium
2103 3615 2390 3670 visibilium
2424 3625 2478 3672 et
2521 3617 2867 3672 invisibilium
2915 3620 3171 3674 factorem
3204 3639 3217 3676 :
3251 3631 3306 3677 et
3349 3622 3406 3676 iu

1828 3720 1990 3758 unum
2017 3705 2299 3760 Dominum
2329 3705 2511 3760 Jesum
2541 3708 2814 3760 Christum
2844 3706 3037 3761 Filium
3085 3711 3198 3777 Dei,
3223 3722 3407 3765 natum

1826 3812 1890 3850 ex
1913 3796 2075 3853 Patre
2100 3798 2462 3868 unigenitum,
2486 3799 2587 3855 hoc
2608 3809 2788 3863 est,ex
2807 3799 3047 3870 ejusdem
3069 3802 3404 3866 substantia;

1826 3886 1993 3942 Deum
2027 3888 2094 3942 de
2128 3887 2258 3956 Deo,
2297 3889 2479 3944 lumen
2517 3890 2582 3945 de
2625 3891 2850 3956 lumine,
2900 3891 3066 3946 Deum
3103 3906 3289 3946 verum
3337 3894 3406 3948 de

1827 3977 1939 4033 Deo
1983 3994 2131 4047 vero,
2171 3981 2438 4050 genitum,
2471 3997 2576 4036 non
2625 3981 2847 4046 factum,
2883 3981 3404 4038 consubstantialem

1825 4070 1993 4137 Patri,
2026 4087 2119 4141 per
2142 4087 2303 4142 quem
2332 4073 2511 4128 omnia
2563 4073 2699 4127 facta
2743 4081 2889 4139 sunt,
2922 4089 3039 4142 qua:
3081 4073 3132 4128 in
3178 4075 3319 4129 ctelo
3351 4085 3405 4126 et

1823 4179 1945 4233 quae
1985 4164 2037 4218 iu
2069 4174 2208 4219 terra
2245 4183 2256 4217 :
2292 4165 2380 4234 qui
2418 4174 2639 4234 propter
2680 4180 2780 4218 nos
2821 4163 3067 4220 homines
3095 4174 3146 4219 et
3184 4175 3406 4236 propter

1824 4265 2065 4311 nostram
2120 4257 2348 4311 salutem
2386 4256 2685 4320 descendit,
2737 4267 2792 4310 et
2839 4257 3157 4312 incarnatus
3198 4263 3301 4320 est,
3347 4263 3404 4310 et

1823 4350 1983 4405 homo
2008 4347 2184 4405 factus
2205 4358 2287 4404 est
2310 4366 2323 4409 ;
2353 4363 2542 4417 passus
2565 4358 2671 4414 est,
2696 4358 2749 4403 et
2782 4348 3077 4402 resurrexit
3098 4349 3257 4402 tertia
3288 4348 3399 4412 die,

1821 4440 2065 4494 ascendit
2110 4439 2161 4493 in
2209 4440 2397 4504 cmlos,
2448 4447 2707 4494 venturus
2752 4447 2837 4494 est
2875 4437 3120 4506 judicare
3157 4439 3305 4494 vivos
3347 4449 3402 4492 et

159 4508 329 4572 ρσνούς
349 4527 364 4541 ·
401 4513 702 4583 ἐρχόμενον
733 4521 913 4588 κρῖναι
941 4519 1150 4587 ζῶντας
1203 4528 1296 4581 καὶ
1322 4532 1573 4602 νεκρούς.
1609 4535 1720 4590 Καὶ

159 4599 221 4626 οι.
244 4601 297 4626 ’λ
329 4602 555 4626 fl_,-.'.-_.‘
592 4607 641 4626 _|
683 4605 709 4626 ει
745 4625 750 4626 ,
916 4613 992 4626 -.Α
1047 4615 1089 4626 --
1162 4613 1187 4626 .ν
1277 4613 1304 4626 α

1830 4545 2086 4589 mortuos.
2132 4532 2196 4588 Et
2232 4534 2285 4588 in
2323 4531 2585 4601 Spiritum
2618 4543 2882 4586 sanctum.
2920 4550 2937 4582 ι
2965 4530 3077 4600 Age
3105 4531 3287 4600 igitur,
3320 4531 3400 4584 vir

156 4599 221 4659 είς
244 4601 300 4652 τὸ
329 4602 560 4673 Πνεῦμα
591 4607 651 4659 τὸ
679 4605 856 4676 ἅγιον.
883 4613 1018 4668 »Ἴθι
1042 4615 1105 4686 δή
1129 4613 1243 4682 οὖν,
1271 4613 1316 4674 ὦ
1348 4599 1585 4691 γενναῖε,
1614 4629 1718 4682 ποῦ

155 4691 466 4762 τεθείκασιν,
524 4699 666 4762 εἰπὲ.
717 4703 845 4774 περὶ
889 4706 982 4759 τοῦ
1033 4708 1190 4776 Υἱοῦ,
1243 4716 1596 4783 σαρκωθέντα
1655 4723 1721 4776 ἐκ

159 4784 455 4877 Πνεῦματος
501 4792 659 4859 ἁγίου
711 4796 803 4849 καὶ
847 4797 1067 4870 Μαρίας
1111 4803 1208 4874 τῆς
1249 4806 1552 4877 Παρθένου;
1584 4812 1721 4868 ἀλλά

158 4876 292 4975 ἷσῦτο
327 4883 432 4950 μὲν
450 4883 742 4951 ἑκδείξειεν
765 4887 832 4943 ἂν
849 4890 1052 4960 ἥκιστά
1070 4910 1155 4961 γε,
1179 4895 1317 4967 πλὴν
1337 4876 1515 4955 έκεῖνο
1537 4903 1714 4975 ἄθρει.

155 4968 270 5022 Φασὶ
300 4974 429 5044 γὰρ,
462 4977 627 5030 αὐτὸν
656 4978 748 5032 τὸν
789 4981 853 5035 ὲκ
899 4981 1032 5037 Θεοῦ
1063 4987 1256 5055 Λόγον,
1290 4991 1382 5043 τὸν
1413 4968 1714 5069 Μονογενῆ,

157 5061 232 5111 τὸν
261 5063 322 5116 ἐκ
358 5067 458 5130 τῆς
503 5069 690 5134 οὐσίας
717 5071 812 5125 τοῦ
847 5075 1079 5145 Πατρὸς,
1107 5078 1199 5132 τὸν
1227 5081 1294 5135 δι’
1325 5079 1385 5138 οὗ
1413 5085 1481 5140 τὰ
1515 5091 1713 5154 πάντα,

156 5153 204 5202 τὺ
229 5154 342 5222 φῶς
376 5157 438 5209 τὸ
471 5158 747 5228 ἀληθινὸν,
773 5166 1124 5238 σαρκωθῆναί
1150 5187 1207 5223 τε
1241 5174 1336 5226 καὶ
1361 5174 1717 5251 ὲνανθρωπῆ-

158 5259 266 5306 παι,
297 5250 490 5304 παθεῖν
533 5269 593 5305 τε
647 5254 742 5307 καὶ
769 5256 1102 5330 ἀναστῆναιο
1147 5265 1237 5316 καὶ
1285 5266 1411 5336 μην,
1449 5270 1529 5322 ὅτι
1577 5250 1715 5328 κατά

158 5341 359 5404 καιροὺς
411 5343 671 5412 ἐπανήξει
725 5350 934 5419 κριτής.
955 5351 1091 5404 Ἀλλ’
1126 5353 1209 5406 ἵνα
1263 5356 1354 5408 καὶ
1405 5362 1524 5425 ταῖς
1573 5366 1716 5433 παρ’

215 5517 257 5551 ’⁸
279 5519 427 5578 Joan.
459 5539 500 5590 ι,
537 5525 621 5580 Η.

1823 4625 2059 4695 egregie,
2091 4625 2176 4680 dic
2203 4625 2419 4678 ubinam
2452 4623 2728 4691 posuerint
2755 4623 2820 4677 de
2869 4621 3028 4686 Filio,
3061 4622 3400 4676 incarnatum

1822 4733 1943 4774 esse
1981 4720 2046 4773 de
2095 4717 2300 4787 Spiritu
2341 4725 2531 4772 sancto
2553 4723 2608 4769 et
2653 4713 2819 4768 Maria
2852 4713 3118 4783 Virgine?
3153 4714 3314 4780 Atqui
3348 4713 3402 4767 id

1821 4810 2108 4865 ostendere
2135 4810 2357 4864 minime
2379 4809 2575 4877 poterit
2596 4825 2609 4860 :
2630 4807 2722 4861 sed
2743 4817 2918 4860 tamen
2945 4806 3071 4858 illud
3091 4805 3396 4859 considera.

1823 4901 2083 4957 Fatentur
2112 4900 2256 4954 enim
2303 4898 2474 4967 ipsum
2525 4895 2617 4951 Dei
2649 4895 2909 4958 Verbum,
2957 4893 3104 4947 illum
3139 4892 3399 4963 Unigeni-

1824 5005 1958 5057 tum,
2004 4993 2151 5047 illum
2184 5006 2251 5046 ex
2297 4990 2597 5044 substantia
2652 4987 2854 5052 Patris,
2896 4985 3045 5038 illum
3101 4999 3197 5053 per
3236 4999 3394 5052 quem

1822 5086 2025 5149 omnia,
2059 5083 2186 5138 illud
2218 5083 2392 5137 lumen
2424 5096 2633 5146 verum,
2669 5078 3010 5134 incarnatum
3046 5089 3189 5140 esse,
3229 5084 3287 5129 et
3321 5075 3390 5126 ia-

1824 5189 1970 5233 ctum
2023 5177 2325 5241 hominem,
2359 5183 2412 5229 et
2457 5187 2698 5242 passum,
2732 5181 2788 5226 et
2818 5167 3202 5230 resurresisse,
3239 5167 3394 5234 quiu-

1821 5273 1984 5326 etiam
2015 5285 2113 5323 suo
2145 5277 2388 5337 tempore
2415 5265 2712 5321 rediturum
2738 5261 2998 5334 judicem.
3028 5256 3147 5311 Jatn
3190 5271 3315 5312 vero
3341 5268 3398 5310 ut

1822 5363 1938 5432 ejus
1969 5361 2151 5415 verbis
2191 5356 2549 5414 certissimam
2584 5367 2827 5410 normam
2867 5347 3184 5421 apponendo
3218 5347 3396 5401 videa-

1410 5681 1570 5739 ANT.
1615 5683 1888 5741 AGELLII
1927 5685 2157 5743 ΝΟΤΕ.

222 5819 578 5912 (θὶλῐῖηηισῇεε
623 5828 757 5912 o'rdo
809 5833 1057 5911 inversus
1109 5845 1187 5882 ost
1240 5845 1300 5912 ει
1361 5838 1701 5894 scribendum

1839 5857 1939 5912 rat,
1999 5845 2122 5898 Υιὸν
2164 5842 2257 5898 τοῦ
2293 5840 2426 5897 Θεοῦ
2477 5835 2742 5911 μονογενῆ
2770 5875 2782 5898 ,
2847 5831 3177 5902 γεννηθέντα
3209 5834 3271 5883 ἐκ
3301 5828 3393 5882 τοῦ

163 5887 368 5959 Πατρός,
411 5893 609 5950 Filium
639 5897 730 5952 Dei
763 5903 1104 5969 unigenitum,
1137 5921 1197 5958 er
1229 5887 1392 5960 l'atre
