4104 6464
715 423 776 478 51
1740 419 1798 476 S.
1840 419 2114 477 CYRILLI
2151 415 2616 473 ALEXANDRINI
2653 416 2971 472 ARCHIEP.
3889 413 3958 468 52

713 552 834 593 mus
875 544 1072 606 quanta
1119 536 1189 590 sit
1237 535 1291 590 in
1341 533 1446 590 illis
1494 533 1786 606 imperitia,
1841 535 2038 590 asserit
2077 543 2278 603 aperte,

2387 532 2553 587 αὑτοῦ
2596 536 2798 603 φωναῖς
2829 531 3034 604 ἀκριϐῆ
3067 530 3165 602 τὴν
3201 531 3432 601 βάσανον
3470 529 3722 592 ἐνιέντες,
3759 527 3956 599 ἴδωμεν

716 628 890 696 ipsum
941 626 1032 681 Dei
1069 626 1302 681 Verbum
1351 626 1692 682 incarnatum
1737 641 1858 682 esse
1901 635 1956 681 et
2006 627 2278 680 hominem

716 719 918 774 factum
971 719 1088 774 illos
1136 720 1337 783 dicere,
1387 727 1443 774 et
1484 733 1672 773 eorum
1706 718 1918 773 veritati
1968 717 2279 785 sun'ragium

718 811 915 876 ferens,
948 820 1202 880 tanquam
1244 811 1615 866 convenientia
1659 811 1898 866 dicentes
1928 818 2106 864 ornat.
2142 808 2280 862 Num

718 901 903 970 igitur,
953 901 1302 970 dic,qu:£so,
1339 917 1462 957 cum
1512 902 1851 956 incarnatum
1902 910 1958 956 et
2008 901 2279 955 hominem

717 989 917 1045 factum
946 991 1116 1057 aiunt,
1143 992 1286 1046 aliud
1317 993 1588 1062 quidpiam
1615 993 1935 1062 signiﬁcant,
1971 1007 2130 1061 quam
2163 1007 2283 1047 esse

713 1080 1009 1134 secundum
1047 1097 1263 1134 carnem
1289 1083 1520 1136 natum?
1561 1083 1948 1137 incarnationis
1998 1083 2141 1138 enim
2195 1084 2282 1138 hic

716 1170 931 1234 modus,
964 1179 1018 1225 et
1050 1172 1265 1240 quidem
1299 1171 1446 1226 solus
1471 1173 1519 1226 ei
1549 1173 1857 1242 contingere
1882 1183 2076 1242 potest,
2108 1175 2197 1242 qui
2228 1184 2279 1229 et

712 1268 866 1313 extra
895 1275 1110 1315 carnem
1142 1271 1195 1315 ct
1219 1263 1510 1317 secundum
1559 1277 1709 1316 suam
1742 1275 1984 1318 naturam
2015 1265 2276 1320 subsistit.

718 1347 902 1419 Neque
934 1352 1078 1406 enim
1124 1368 1342 1407 carnem
1390 1354 1653 1421 quispiam
1691 1354 1886 1408 dixerit
1922 1356 2277 1419 incarnatam,

717 1452 815 1494 nec
847 1441 1133 1509 quisquam
1168 1442 1219 1495 id
1253 1443 1368 1496 lieri
1406 1453 1580 1513 potest
1609 1445 1748 1512 quod
1794 1455 1906 1498 erat
1944 1462 1956 1498 :
1986 1443 2078 1497 sed
2105 1445 2149 1496 si
2175 1459 2276 1510 qua

717 1530 860 1585 circa
894 1530 1066 1600 ipsum
1099 1532 1426 1601 intelligatur
1454 1533 1592 1586 facta
1629 1535 2020 1602 dispensatoria
2055 1535 2280 1588 mutatio

717 1622 771 1676 in
805 1621 949 1675 aliud
979 1623 1251 1692 quidpiam
1279 1634 1472 1692 praeter
1499 1626 1549 1679 id
1581 1626 1723 1693 quod
1757 1633 1892 1688 erat,
1928 1633 2037 1677 tum
2066 1626 2278 1679 demunt

718 1712 791 1765 ita
817 1712 922 1768 dici
965 1715 1470 1772 convenientissinte
1505 1725 1708 1786 posset.
1738 1718 1846 1787 26
1869 1716 1922 1770 Si
1961 1717 2122 1786 igitur
2148 1717 2280 1772 Uni-

713 1803 953 1872 genitum
987 1818 1108 1860 esse
1152 1806 1488 1862 incarnatum
1543 1808 1726 1862 dicunt
1768 1809 1903 1877 (hoc
1951 1817 2132 1862 autem
2186 1820 2279 1874 per

2385 627 2439 680 τί
2485 625 2546 679 τὸ
2584 626 2772 696 χρῆμα
2821 623 2917 695 τῆς
2967 623 3195 692 ἐνούσης
3240 623 3431 685 αὑταῖς
3480 621 3742 693 ἀμαθίας,
3772 620 3956 673 διαϐε-

2386 714 2634 767 ϐαιοῦται
2679 714 2882 782 σαφῶς,
2921 713 3270 783 σαρκωθῆναί
3313 728 3374 764 τε
3412 710 3508 764 καὶ
3537 708 3958 780 ἐνανθρωπῆσαι

2386 805 2477 857 τδν
2519 806 2582 856 ἐκ
2627 802 2762 856 Θεοῦ
2796 802 2968 870 Λόγον
2996 803 3186 863 αὑταῖς
3231 800 3340 873 [ῑσ.
3375 798 3593 871 αὐτοὺς]
3634 801 3832 863 εἰπεῖν,
3863 799 3958 852 καὶ

2385 896 2505 957 ταῖς
2551 895 2632 958 είς
2683 893 2942 962 ἀλήθειαν
2993 891 3214 962 ψήφοις,
3250 891 3325 954 ὡς
3365 890 3434 944 τά
3471 891 3653 944 εἰκότα
3697 890 3955 957 λέγοντας

2389 980 2792 1053 στεφανοῖ.⁷Αρ⁹
2822 980 2938 1046 οὖν,
2968 982 3090 1036 είπέ
3122 999 3234 1052 μοι,
3272 980 3616 1052 σαρκωθῆναί
3657 997 3717 1033 τε
3748 980 3843 1033 καὶ
3867 980 3956 1031 ἐν-

2387 1075 2746 1146 ανθρωπῆσαι
2777 1075 3048 1143 λέγοντες,
3086 1075 3269 1144 ἔτερόν
3296 1090 3349 1125 τι
3379 1073 3701 1142 σημαίνουσι
3726 1071 3879 1141 παρὰ
3895 1069 3958 1122 τὸ

2386 1168 2744 1238 γεγεννῆσθαι
2771 1166 2916 1220 κατά
2943 1165 3157 1236 σάρκα;
3191 1163 3525 1234 Σαρκώσεως
3555 1161 3662 1231 γάρ
3691 1155 3846 1224 οὗτος
3888 1161 3956 1214 ἂν

2386 1259 2612 1326 γένοιτο,
2645 1259 2737 1312 καὶ
2773 1259 2951 1328 μόνος,
2979 1259 3007 1310 ό
3032 1258 3230 1328 τρόπος
3263 1256 3340 1325 τῷ
3360 1257 3453 1310 καὶ
3475 1255 3583 1321 ἔξω·
3611 1254 3834 1324 σαρκὸς,
3859 1256 3954 1307 καὶ

2385 1350 2528 1404 κατά
2551 1351 2710 1418 φύσιν
2735 1349 2868 1402 ίδίαν
2901 1349 3248 1419 ύφεστηκότι.
3279 1347 3353 1400 Ού
3377 1348 3483 1417 γάρ
3503 1364 3627 1411 που,
3650 1347 3750 1416 τὴν
3775 1345 3955 1416 σάρκα

2387 1440 2785 1509 σεσαρκῶσθαι,
2812 1440 2944 1512 φαίη
2970 1457 3054 1503 τις
3089 1439 3176 1503 ἂν,
3217 1439 3327 1492 οὐδ’
3351 1438 3418 1491 ἂν
3451 1437 3659 1506 γένοιτό
3686 1454 3771 1501 τις
3793 1435 3822 1489 ὃ
3849 1432 3917 1506 ἦν
3938 1451 3952 1465 ·

2384 1530 2496 1582 ἀλλ’
2519 1531 2674 1599 εῐπερ
2702 1547 2783 1593 τις
2812 1533 2981 1583 νοοῖτο
3002 1530 3128 1600 περὶ
3153 1529 3313 1584 αὑτὸν
3331 1528 3594 1599 γενομένη
3623 1527 3956 1598 μετάστασις

2384 1621 2696 1691 οίκονομικὴ
2729 1622 2812 1689 ἐφ’
2847 1620 3030 1692 ἐτερόν
3059 1638 3132 1682 τι,
3167 1621 3297 1690 παρ’
3322 1622 3458 1691 ὅπερ
3491 1620 3590 1673 οὐκ
3615 1614 3682 1689 ἦν
3719 1619 3818 1688 (7),
3842 1617 3955 1687 έχοι

2384 1711 2450 1765 ἂν
2478 1713 2506 1764 ό
2535 1712 2691 1779 λόγος
2736 1713 2818 1780 ἐφ’
2842 1712 3019 1783 ἐαυτῷ
3051 1713 3115 1780 δὴ
3142 1712 3262 1765 τότε
3295 1711 3426 1765 πολὺ
3456 1711 3518 1764 τδ
3544 1711 3710 1774 εἰκός.
3744 1709 3955 1762 Οὐκοῦν

2384 1805 2433 1856 εί
2470 1801 2850 1872 σεσαρκῶσθαί
2890 1820 3020 1872 φασι
3068 1803 3157 1856 τὸν
3199 1802 3500 1871 Μονογενῆ,
3531 1801 3619 1854 διά
3647 1801 3955 1871 γεννήσεως

713 1893 983 1949 carnalem
1021 1897 1452 1964 generationem,
1485 1898 1587 1953 nisi
1629 1876 1806 1960 fallor,
1842 1914 1939 1952 nec
1975 1898 2083 1952 alio
2121 1898 2278 1950 modo

2383 1895 2653 1962 σαρκικῆς
2681 1894 2856 1963 δρῷτο
2888 1894 2952 1948 ἂν
2983 1894 3092 1966 [τον.
3126 1895 3171 1948 δ’
3197 1892 3307 1965 av],
3341 1892 3516 1963 οἶμαι,
3553 1876 3721 1955 τόυτὶ,
3756 1893 3854 1945 καὶ
3893 1893 3954 1944 ού

713 1992 889 2051 potest
931 1986 1114 2056 ﬁeri),
1155 1987 1424 2054 quomodo
1465 1988 1751 2057 quisquam
1799 1987 2012 2041 inﬁtiari
2061 1997 2274 2056 potest,

717 2073 837 2129 illos
866 2085 1051 2144 aperte
1078 2075 1358 2131 confessos
1385 2091 1528 2140 esse,
1560 2075 1728 2129 Deum
1767 2076 1892 2129 illud
1929 2074 2158 2130 Verbum
2193 2091 2278 2130 se-

715 2163 947 2218 cundum
977 2178 1196 2218 carnem
1227 2179 1346 2220 esse
1388 2167 1613 2219 natum?
1658 2166 1726 2218 At
1767 2166 1912 2219 enim
1957 2179 2063 2219 non
2095 2173 2280 2233 aperte

714 2254 993 2326 generatio
1020 2264 1102 2310 est
1128 2265 1428 2326 nuncupata
1469 2275 1481 2309 :
1513 2258 1602 2311 sed
1646 2265 1826 2309 tamen
1873 2257 2039 2323 ipsius
2074 2257 2148 2311 rei
2182 2273 2280 2309 na-

717 2355 834 2399 tura
873 2360 977 2400 non
1019 2346 1202 2411 aliam,
1244 2354 1303 2400 ut
1337 2347 1495 2400 modo
1540 2346 1670 2411 dixi,
1711 2346 1851 2398 viam
1897 2347 2279 2402 incarnatiOnis

715 2437 996 2506 agnoscit;
1038 2436 1388 2506 quamobrem
1441 2437 1652 2494 etiamsi
1713 2439 1834 2508 quid
1880 2440 2055 2493 minus
2095 2451 2280 2508 aperte

715 2528 926 2583 dicatur
957 2529 1008 2583 itt
1043 2529 1130 2584 bis
1171 2537 1320 2584 certe
1363 2530 1543 2593 rebus,
1579 2545 1686 2583 non
1729 2543 2010 2600 propterea
2054 2532 2142 2584 ilia
2196 2532 2278 2582 via

716 2615 901 2671 relicta
934 2631 1053 2684 quae
1083 2617 1193 2671 sola
1244 2627 1452 2673 natura:
1502 2621 1713 2686 cognita
1759 2630 1861 2683 est,
1901 2620 1966 2672 ad
2003 2619 2162 2672 aliam
2199 2630 2281 2674 est

717 2709 872 2762 nobis
894 2712 1307 2763 transeundum.
1343 2710 1616 2779 Scriptum
1638 2720 1720 2765 est
1746 2711 1887 2764 enim
1922 2711 1973 2765 in
2004 2711 2140 2767 libro
2172 2712 2279 2767 Ge-

720 2814 914 2855 neseos
967 2817 981 2853 :
1037 2819 1056 2851 ι
1088 2799 1150 2854 Et
1199 2799 1363 2855 Setho
1391 2810 1543 2855 natus
1582 2809 1664 2857 est
1715 2802 1875 2868 ﬁlius,
1910 2814 1964 2858 et
1995 2803 2282 2872 appellavit

715 2902 909 2942 nomen
944 2887 1060 2958 ejus
1105 2888 1248 2945 Enos
1289 2890 1354 2944 “.
1389 2909 1406 2942 ι
1445 2890 1579 2944 Num
1627 2892 1787 2960 igitur
1830 2895 1953 2961 quia
2001 2893 2279 2962 Scriptura

715 2979 895 3045 posuit
939 2978 1040 3034 hoc
1100 2979 1346 3043 verbum,
1391 2980 1558 3035 Natus
1601 2991 1704 3043 cst.
1754 2981 1872 3035 ideo
1922 2983 2282 3048 generationis

717 3069 932 3124 modum
968 3085 1071 3124 non
1115 3071 1495 3125 admittemus?
1529 3080 1584 3124 at
1620 3073 1711 3140 qui
1750 3074 1862 3126 lieri
1909 3083 2080 3140 potest
2125 3082 2182 3127 ut
2229 3074 2280 3128 id

718 3175 821 3214 non
854 3160 923 3214 sit
958 3159 1376 3215 stultissimum?
1406 3160 1522 3230 Ipsa
1551 3178 1780 3233 namque
1813 3165 1886 3218 rei
1933 3175 2118 3219 natura
2151 3179 2275 3233 pro-

716 3251 998 3317 pemodum
1031 3253 1193 3306 etiam
1225 3253 1419 3309 invitos
1443 3255 1585 3323 cogit
1624 3264 1680 3307 ut
1706 3255 1853 3307 illum
1900 3265 2050 3322 partu
2077 3256 2276 3308 editum

716 3341 1013 3412 intelligere
1047 3344 1328 3398 fateamur.
1370 3345 1480 3398 Cur
1523 3347 1684 3415 igitur
1721 3347 2144 3401 incarnationem
2179 3361 2276 3398 au-

714 3433 887 3496 diens,
923 3449 1025 3488 non
1054 3435 1235 3487 statim
1261 3435 1586 3490 intellectum
1614 3439 1977 3508 generationis
2001 3438 2278 3492 admittit?

713 3523 946 3578 Omnino
990 3534 1169 3580 autem
1203 3526 1607 3582 humanationls
1638 3529 1855 3582 nomine
1891 3543 2280 3583 commemora-

715 3625 789 3678 to,
820 3629 918 3669 cur
945 3630 1052 3668 non
1077 3615 1500 3671 iiiicointellexit
1535 3632 1647 3672 rem
1678 3618 1847 3687 ipsam
1877 3619 2278 3673 humanationis

713 3719 821 3758 non
853 3703 1056 3758 homini
1093 3706 1246 3774 plane
1281 3706 1589 3767 convenire,
1620 3720 1686 3760 ne
1710 3708 1761 3762 id
1791 3707 1964 3776 ipsum
2000 3707 2138 3776 quod
2163 3716 2278 3761 erat

712 3794 828 3848 fieri
877 3808 942 3848 ac
985 3795 1132 3849 nasci
1176 3795 1441 3859 videatur,
1481 3797 1574 3850 sed
1611 3795 1786 3852 Verbo
1817 3813 1880 3852 ex
1917 3797 2024 3852 Deo
2057 3798 2280 3866 genito?

714 3881 816 3938 Ubi
851 3894 1029 3939 autem
1063 3887 1375 3940 humanatio
1397 3901 1522 3942 vere
1555 3886 1719 3944 fuisse
1740 3889 1997 3954 creditur,
2025 3889 2095 3943 ibi
2127 3905 2281 3958 pror-

712 3991 807 4030 sua
836 3985 922 4032 est
953 3979 1250 4047 generatio,
1285 3995 1382 4050 per
1405 3995 1566 4049 quam
1601 3982 1764 4036 homo
1804 3981 1977 4038 factus
2011 3983 2279 4051 intelliga-

715 4078 820 4120 tur.
866 4067 971 4122 Sed
1017 4083 1136 4122 nnn‘
1160 4070 1261 4125 isto
1298 4071 1455 4126 modo
1491 4073 1585 4128 tibi
1616 4073 1826 4129 videtur
1861 4075 2277 4145 intelligendum,

712 4173 832 4211 cmn
856 4157 1026 4228 ipsum
1052 4159 1144 4214 Dei
1168 4159 1403 4216 Verbum
1433 4163 1766 4218 incarnatum
1788 4181 1906 4221 esse
1929 4177 1983 4221 et
2008 4168 2277 4222 hominem

717 4247 912 4302 iactum
941 4250 1134 4304 dicitur
1160 4270 1174 4305 :
1205 4267 1329 4305 nam
1357 4263 1544 4307 contra
1570 4255 1773 4318 dixisti,
1807 4267 1864 4310 ut
1894 4273 2012 4310 cum
2040 4257 2278 4311 omnium

719 4338 994 4392 hominum
1037 4340 1385 4412 intelligentia
1439 4359 1675 4414 pugnare
1708 4347 1981 4411 nitereris,
2017 4349 2278 4402 humana-

719 4426 915 4481 tionetn
952 4444 1053 4483 non
1084 4429 1186 4484 hoc
1218 4431 1544 4501 signiﬁcare,
1581 4435 1719 4502 quod
1762 4435 1940 4489 divina
1981 4448 2170 4490 natura
2224 4439 2279 4492 in

711 4531 927 4571 carnem
967 4519 1037 4572 sit
1068 4529 1294 4586 mutata,
1321 4523 1413 4576 sed
1447 4526 1587 4591 quod
1622 4525 1934 4580 inltabitarit
1959 4528 2010 4580 in
2041 4528 2276 4585 homine.

711 4608 786 4660 Ac
813 4605 955 4674 quod
985 4607 1057 4659 ait
1087 4607 1278 4663 divinae
1301 4618 1502 4664 natura:
1535 4611 1586 4664 in
1612 4628 1831 4666 carnem
1859 4614 2276 4669 demutatimtem

711 4707 764 4748 nt
791 4697 1172 4765 impossibiiem
1205 4713 1344 4762 esse,
1380 4709 1434 4753 et
1480 4701 1625 4754 nullo
1661 4703 1817 4756 modo
1861 4703 1934 4756 illi
1970 4706 2277 4771 convenire,

712 4788 764 4840 id
801 4786 1101 4841 rectissime
1141 4787 1341 4843 dictum
1389 4789 1639 4846 fatemur.
1669 4791 1988 4847 Laudandus
2020 4806 2103 4849 est
2133 4796 2276 4850 enim

710 4893 740 4931 a
772 4879 924 4932 nobis
951 4877 1092 4947 quod
1125 4878 1178 4934 in
1211 4881 1311 4934 hac
1336 4892 1487 4948 parte
1517 4893 1660 4936 recte
1703 4885 1845 4952 loqui
1889 4887 2140 4940 voluerit.
2179 4886 2279 4939 Fa-

714 4975 829 5017 teor
870 4967 1013 5021 enim
1059 4982 1277 5026 manere
1322 4970 1463 5026 illam
1509 4973 1905 5039 inconcussam,
1951 4993 2122 5046 neque
2173 4979 2280 5033 ullo

713 5056 872 5111 modo
906 5057 960 5111 in
1001 5057 1144 5113 aliud
1177 5061 1450 5130 quidpiam
1485 5065 1747 5119 demutari
1788 5068 2056 5121 diversum
2099 5069 2168 5124 ab
2211 5085 2275 5123 eo

710 5148 852 5215 quod
879 5163 998 5203 esse
1027 5151 1286 5204 creditur.
1317 5151 1420 5206 Sed
1447 5152 1564 5222 ejus
1587 5157 1747 5211 verba
1776 5157 1930 5227 longe
1961 5160 2026 5213 ab
2054 5175 2119 5214 eo
2141 5161 2281 5229 quod

781 5327 827 5357 “
845 5327 977 5381 Cen.
1018 5343 1090 5392 tv,
1119 5325 1212 5382 26.

2380 1983 2502 2036 καθ’
2538 1984 2721 2053 ἕτερον
2754 1985 2975 2055 τρόπον,
3017 1985 3133 2049 πῶς
3175 1987 3273 2039 ούκ
3323 1985 3528 2054 ἔφασαν
3571 1969 3840 2055 ἐναργῶς.
3868 1983 3954 2036 ὅτι

2379 2074 2700 2143 γεγέννηται
2733 2077 2874 2128 κατά
2903 2078 3080 2146 σάρκα
3106 2077 3235 2140 Θεὸς
3267 2077 3340 2130 ῶν
3380 2079 3408 2129 ὁ
3435 2077 3632 2144 Λόγοςς
3683 2077 3821 2129 Ἀλλ’
3853 2077 3954 2128 οὐκ

2380 2169 2716 2239 ὠνόμασται,
2748 2171 2931 2240 φησὶν,
2967 2170 3212 2240 ἐναργῶς
3259 2173 3291 2240 ή
3333 2169 3619 2239 γέννησις’
3663 2168 3778 2221 ἀλλ’
3809 2168 3845 2236 ἦ
3891 2185 3954 2235 γε

2379 2261 2473 2314 τοῦ
2505 2261 2826 2332 πράγματος
2859 2261 3018 2330 φύσις
3050 2259 3148 2332 ούχ
3177 2263 3368 2333 ἑτέραν
3394 2255 3526 2322 οἶδε,
3554 2259 3807 2327 καθάπερ
3849 2257 3951 2327 ήδη

2382 2355 2660 2422 προεῖπον,
2687 2353 2779 2406 τοῦ
2813 2351 3190 2422 σεσαρκῶσθαι
3233 2353 3336 2423 τὴν
3379 2351 3712 2412 όδόν.Ὦστε,
3749 2348 3855 2402 κᾶν
3905 2349 3953 2399 εἰ

2385 2445 2458 2512 μή
2493 2459 2546 2493 τι
2568 2442 2777 2510 λέγοιτο
2809 2443 2992 2509 σαφῶς
3016 2443 3070 2494 ἐν
3092 2459 3154 2508 γε
3177 2445 3288 2505 τοῖς
3317 2440 3575 2501 τοιούτοις
3611 2437 3953 2508 πράγμασιν.

2381 2535 2441 2586 ού
2469 2544 2619 2601 παρα
2649 2533 2803 2585 τοῦτο
2825 2535 2921 2602 τὴν
2950 2534 3116 2602 μόνην
3142 2535 3207 2602 τῇ
3231 2533 3388 2600 φύσει
3408 2529 3812 2598 διεγνωσμένην
3837 2526 3957 2580 ὁδὸν

2383 2620 2818 2683 ἀπολελοιπότες.
2848 2621 2929 2688 ἐφ’
2955 2620 3146 2688 ἑτέραν
3171 2619 3390 2689 ἥξομεν.
3415 2619 3728 2687 Γέγραπται
3757 2615 3869 2686 γάρ
3897 2614 3955 2666 ἐν

2380 2711 2457 2782 τῷ
2488 2712 2584 2781 τῆς
2617 2712 2886 2774 Γενέσεως
2923 2710 3110 2780 βιϐλίῳ
3131 2728 3142 2740 ·
3180 2730 3196 2761 ι
3226 2711 3334 2762 Καὶ
3355 2709 3431 2779 τῷ
3454 2709 3557 2777 Σὴθ
3580 2707 3798 2775 ἐγένετο
3818 2705 3955 2769 υίὸς,

2383 2803 2474 2854 καὶ
2526 2802 2845 2870 ἐπωνόμασε
2896 2802 2956 2854 τὸ
3003 2802 3172 2870 δνομα
3224 2800 3388 2854 αὑτοῦ
3433 2798 3617 2862 Ἐνώς.
3649 2794 3802 2867 t'Ap'
3836 2792 3956 2860 οὖν,

2381 2892 2678 2962 ἐπειδήπερ
2720 2895 2753 2962 ἡ
2795 2893 2982 2961 Γραφὴ
3028 2893 3238 2944 τέθεικε
3284 2891 3363 2953 τὸ,
3406 2891 3670 2957 Ἐγένετο.
3715 2888 3805 2941 τὸν
3856 2887 3956 2956 τῆς

2381 2983 2687 3051 γεννήσεως
2714 2982 2910 3052 τρόπον
2941 2981 3001 3033 ού
3033 2980 3480 3051 παραδεξόμεθας
3514 2975 3631 3031 εἶτα
3655 2979 3771 3041 πῶς
3795 2977 3957 3030 τοῦτο

2381 3073 2481 3124 οὐκ
2509 3071 2752 3141 ἀμαθές;
2781 3071 2925 3141 Αὐτὴ
2950 3071 3057 3142 γὰρ
3081 3073 3228 3141 ήμᾶς
3263 3072 3296 3141 ή
3322 3070 3414 3123 τοῦ
3450 3071 3766 3140 πράγματος
3792 3068 3956 3135 φύσις

2385 3160 2668 3232 μονονουχὶ
2710 3162 2803 3214 καὶ
2849 3161 2946 3231 οὐχ
2981 3161 3205 3223 ἑκόντας
3233 3159 3546 3212 ἐκϐιάσεται
3583 3157 3716 3228 πρὸς
3756 3157 3958 3224 ὁμολο-

2384 3253 2508 3319 γίαν
2537 3253 2635 3323 τὴν
2670 3253 2762 3304 τοῦ
2792 3252 3043 3321 τετέχθαι
3081 3255 3219 3305 νοεῖν
3247 3251 3428 3306 αὐτόν.
3459 3249 3584 3312 Πῶς
3614 3243 3706 3302 οὖν
3742 3247 3957 3302 ἀκούων

2383 3344 2478 3411 τὴν
2515 3343 2807 3412 σάρκωσιν,
2833 3343 2893 3394 οὺ
2939 3343 3037 3404 τὰς
3079 3342 3228 3411 παρά
3275 3344 3373 3412 τῆς
3410 3341 3714 3410 γεννήσεως
3747 3338 3957 3400 ἐννοίας

2385 3434 2679 3503 εἰσδέχεται
2710 3433 3087 3502 παραχρῆμα;
3133 3433 3536 3501 Ὠνομασμένης
3564 3432 3619 3484 δέ
3639 3431 3774 3493 ὅλως
3801 3433 3958 3484 ἐναν⁹

2385 3523 2742 3594 θρωπήσεως,
2775 3523 2894 3586 πῶς
2924 3523 2985 3576 ού
3018 3520 3251 3590 συνῆκεν
3276 3521 3452 3584 εὐθὺς,
3483 3521 3558 3584 ὼς
3589 3519 3650 3572 τὺ
3677 3519 3776 3590 τῆς
3803 3521 3959 3572 ἐναν-

2385 3614 2717 3685 θρωπήσεως
2751 3618 2938 3686 χρῆμα
2973 3615 3170 3686 πρέποι
3200 3615 3265 3669 ἂν
3295 3613 3394 3668 οὐκ
3429 3610 3700 3682 ἀνθρώπῳ
3730 3612 3955 3682 μᾶλλον,

2386 3705 2472 3759 ἵνα
2497 3705 2570 3775 μὴ
2599 3705 2727 3758 αὐτό
2742 3723 2794 3758 τι
2813 3705 3056 3774 φαίνοιτο
3078 3705 3298 3775 γεγονὸς
3323 3705 3350 3757 ὃ
3373 3699 3462 3775 ἦν,
3481 3703 3614 3756 ἀλλά
3635 3702 3713 3772 τῷ
3733 3704 3797 3756 ἐκ
3817 3703 3958 3756 Θεοῦ

2385 3797 2542 3862 φύντι
2575 3797 2766 3866 Λόγῳ;
2801 3789 2875 3848 Ob
2903 3795 2948 3848 δ’
2969 3796 3090 3866 ἀνή
3119 3795 3529 3867 ἐνανθρὼπησις
3560 3791 3772 3865 ἀληθῶς
3801 3795 3958 3862 γενέ-

2387 3887 2512 3942 σθαι
2545 3887 2888 3956 πιστεύηται,
2913 3887 3031 3940 ἐκεῖ
3060 3904 3161 3940 που
3185 3887 3400 3950 πάντως
3431 3887 3464 3956 ή
3493 3885 3764 3956 γέννησις,
3798 3886 3866 3939 δι’
3887 3883 3959 3958 ἧς

2387 3975 2452 4028 ἃν
2505 3974 2679 4044 ὁρῷτο
2722 3975 3014 4046 γενόμενος
3048 3973 3509 4045 ἀνθρωπος.⁹Αλλ“
3539 3975 3639 4027 ούκ
3686 3973 3818 4025 αύτό
3872 3992 3960 4027 σοι

2384 4065 2530 4119 δοκεῖ
2574 4068 2715 4120 κατά
2759 4066 2946 4121 τοῦτον
2990 4067 3184 4138 χρῆναι
3227 4065 3461 4119 νοεῖσθαι
3505 4066 3596 4119 τὸν
3644 4064 3844 4137 τρόπον
3896 4069 3961 4120 τὸ

2388 4158 2735 4228 σαρκωθῆναί
2765 4175 2824 4211 τε
2854 4159 2948 4211 καὶ
2975 4157 3392 4229 ἐνανθρωπῆσαι
3438 4156 3695 4224 λέγεσθαι
3734 4157 3826 4208 τὸν
3859 4157 3958 4210 τοῦ

2385 4248 2523 4302 Θεοῦ
2553 4249 2725 4316 Λύγον
2745 4265 2760 4281 ο
2789 4247 2925 4318 ἔφης
2954 4252 3061 4319 γάρ
3093 4249 3272 4312 πάλιν,
3297 4250 3413 4313 ταῖς
3441 4247 3694 4302 ἁπάντων
3722 4247 3960 4312 ἐννοίαις

2385 4339 2660 4409 ἀνταίρειν
2705 4338 3018 4410 ἐπιχειρῶν,
3062 4340 3348 4408 σημαίνειν
3382 4339 3480 4410 τὴν
3521 4336 3958 4408 ἐνανθρώπησιν,

2385 4433 2446 4485 ού
2477 4430 2575 4503 τὴν
2610 4433 2688 4494 είς
2721 4432 2900 4502 σάρκα
2935 4431 3236 4500 μεταϐολὴν
3259 4434 3356 4501 τῆς
3383 4431 3532 4494 θείας
3559 4430 3790 4500 φύσεως,
3815 4429 3961 4482 ἀλλὰ

2386 4524 2484 4593 τὴν
2535 4522 2808 4592 ἐνοίκησιν
2845 4521 2946 4592 τὴν
2988 4522 3068 4584 είς
3111 4519 3414 4592 ἄνθρωπον.
3445 4520 3554 4590 Τὴν
3603 4520 3698 4588 μὲν
3730 4515 3824 4571 οὖν
3855 4518 3958 4585 τῆς

2381 4614 2534 4676 θείας
2562 4611 2777 4682 φύσεως
2824 4613 2903 4675 είς
2949 4611 3128 4682 σάρκα
3162 4611 3519 4681 παρατροπὴν
3559 4609 3850 4678 άνέφικτόν
3896 4627 3958 4661 τε

2380 4700 2520 4758 εἶναι
2570 4703 2722 4773 φησὶ,
2753 4703 2847 4756 καὶ
2876 4705 2992 4756 κατ’
3020 4702 3206 4755 οὐδένα
3234 4703 3432 4773 τρόπον
3457 4702 3592 4772 αὐτῇ
3624 4701 3959 4770 συμϐαίνου-

2383 4813 2482 4848 σαν
2506 4811 2519 4825 °
2548 4796 2641 4848 καὶ
2677 4794 2821 4864 μάλα
2867 4793 3041 4863 ὀρθῶς
3065 4809 3076 4824 ’
3113 4793 3470 4863 ἐπαινέσομεν
3500 4795 3607 4862 γάρ
3654 4794 3711 4844 ἐν
3739 4793 3960 4856 τούτοις

2382 4891 2724 4958 ἁριστοεπεῖν
2766 4887 3062 4958 ᾑρημένον.
3097 4887 3242 4956 Φημὶ
3268 4885 3376 4953 γὰρ
3403 4883 3733 4954 ἀκράδαντον
3773 4885 3960 4954 ὑπάρ·

2383 4999 2499 5050 χειν
2526 4981 2715 5050 αὐτὴν,
2746 4979 2839 5032 καὶ
2871 4979 2946 5043 ὡς
2978 4981 3077 5032 οὐκ
3107 4979 3173 5033 ἂν
3216 4978 3496 5050 μεταθείτο
3522 4976 3657 5048 πρὸς
3683 4975 3870 5046 ἕτερόν
3903 4995 3959 5028 τι

2383 5073 2511 5142 παρ’
2544 5073 2678 5142 ὅπερ
2708 5068 2846 5123 εῐναι
2878 5071 3262 5123 πεπίστευται⁹
3292 5067 3632 5147 διημάρτηκε
3661 5065 3715 5118 δὲ
3740 5065 3822 5116 ὅτι
3854 5064 3958 5118 τοῦ

2391 5161 2688 5233 πρέποντὸς
2715 5178 2775 5214 τε
2810 5162 2901 5215 καὶ
2941 5159 3170 5231 ἀληθοῦς
3199 5161 3227 5212 ό
3261 5159 3413 5228 λόγος
3442 5155 3610 5227 αὐτῷ,
3643 5155 3740 5227 τήν
3788 5157 3956 5209 ἐναν-

1995 5490 2150 5546 ANT.
2195 5492 2464 5548 AGELLII
2503 5492 2731 5552 ΝΟΤᾸΞ.

785 5639 860 5705 (7)
921 5637 1226 5713 Legendttm
1266 5640 1474 5693 videtur
1523 5652 1612 5694 ant
1661 5644 1776 5696 sine
1833 5647 1983 5713 παρ’,
2017 5655 2106 5698 aut
2159 5649 2273 5700 sine

709 5708 830 5768 οὐκ,
872 5717 928 5760 nt
962 5710 1227 5762 sententia
1273 5720 1499 5763 constet.
1554 5713 1642 5766 Sic
1695 5727 1874 5765 autem
1918 5708 2075 5779 'loqni
2138 5718 2272 5771 solet

713 5787 922 5844 auctor,
957 5787 1012 5832 ut
1037 5780 1193 5849 paulo
1226 5789 1365 5848 post,
1391 5781 1488 5833 οὐκ
1515 5781 1577 5834 ἂν
1611 5783 1890 5852 μεταθεῖτο
1926 5784 2058 5855 πρὸς
2086 5786 2270 5854 ἕτερόν

2379 5665 2428 5724 τι
2467 5649 2594 5724 παρ’
2621 5650 2752 5724 ὅπερ
2804 5645 2950 5724 εἶναι
2985 5650 3362 5724 πεπίστερται.
3416 5651 3479 5708 Et
3525 5650 3688 5720 infra,
3738 5652 3954 5724 τροπὴν

2379 5717 2674 5789 ὑπομείνας
2699 5717 2796 5790 τὴν
2819 5722 2894 5785 είς
2926 5721 3063 5791 ὅπερ
3089 5721 3185 5773 οὐκ
3214 5717 3287 5791 ἦν
