4112 6484
172 434 219 489 53
1273 438 1643 496 ADVERSUS
1682 437 2079 496 NESTORIUM
2116 440 2245 500 LIB.
2288 442 2327 500 1.
3308 448 3375 503 54

169 548 403 620 Θρὼπησιν
445 550 589 607 εἶναι
625 553 1107 629 διαδεδαιουμὲνῳ
1151 559 1251 631 τὴν
1303 561 1381 624 εις
1430 560 1714 632 ἄνθρωπον

1817 562 2024 627 deceat,
2072 573 2125 618 et
2165 565 2232 619 ab
2266 564 2380 634 ipsa
2425 565 2651 622 veritate
2688 567 2990 631 aberrasse,
3037 568 3087 621 in
3130 581 3193 620 eo
3236 571 3378 636 quod

168 641 407 711 ἐνοίκησιν,
424 646 753 713 καταδεῖξαι
778 651 1130 721 πειράσομαι.
1153 653 1215 707 El
1238 654 1338 725 μὲν
1357 654 1467 727 γὰρ
1488 654 1573 723 ἐφ’
1595 654 1712 717 ἑνός

163 748 203 783 τε
226 734 303 786 καὶ
334 734 492 804 μόνου
516 737 614 791 τοῦ
655 741 716 792 Ἐ
726 742 1017 814 μμανουὴλ
1048 744 1244 815 ἀληθὲς
1272 739 1409 799 εἶναι
1433 745 1495 799 τὸ
1526 744 1715 816 χρῆμά

165 840 281 891 ςησι,
316 826 610 883 διδασκέτω
654 835 767 906 τὴν
824 836 1030 890 αἰτίανο
1066 838 1258 908 μαθεῖν
1298 838 1407 909 γὰρ
1443 839 1543 894 οὐκ
1570 838 1708 909 ἔχω·

162 918 290 984 ἤγουν
317 920 533 992 ὁριστὴν
565 924 769 989 αὑτὸν,
807 928 899 980 καὶ
932 928 1245 1001 νομοθέτην,
1270 924 1345 983 ὧν
1373 930 1439 983 ἂν
1472 929 1713 1000 βούλοιτο

160 1002 300 1069 λέγειν
325 1006 799 1079 ἀκατασκέπτως,
820 1016 1103 1087 ἀνάσχοιτο
1127 1018 1192 1073 ἂν
1224 1019 1419 1081 οὐδείς.
1440 1019 1580 1071 Ἀλλ’
1614 1019 1713 1072 οὐκ

160 1092 350 1161 ἐφ’ένὸς
384 1098 483 1167 μὲν
521 1100 660 1165 ἴσως
685 1105 723 1174 ἡ
746 1106 857 1159 τῶν
890 1108 1212 1178 ὁρισθέντων
1247 1110 1425 1181 διήκει
1447 1109 1708 1179 δύναμις*

160 1184 203 1234 οὐ
217 1184 616 1259 διαϐεϐλήσεται
648 1194 781 1263 μὲν,
814 1196 917 1249 κᾶν
941 1200 986 1250 εί
1009 1200 1150 1253 κατά
1172 1200 1392 1253 πάντων
1414 1200 1501 1270 εἴη
1527 1200 1708 1269 τυχόν.

158 1272 329 1327 Οὐκοῦν
352 1278 448 1348 οὐχ
481 1281 661 1346 ἀπαξ.
702 1285 843 1339 ἀ).λά
877 1288 1216 1353 πλειστάκις,
1250 1290 1711 1360 ἐνηνθρωπηκὸτα

156 1365 258 1417 Θεὸν
294 1369 598 1441 εὑρήσομεν
622 1390 635 1402 ·
684 1378 787 1430 καὶ
819 1377 881 1430 οὕ
912 1380 966 1432 τί
1006 1396 1109 1433 που
1148 1380 1305 1450 μόνον
1345 1381 1437 1433 τὸν
1482 1382 1545 1434 ἐκ
1575 1380 1709 1434 Θεοῦ

156 1454 328 1527 Πατρός
352 1461 545 1528 Λόγον,
580 1467 897 1539 προσθείην
922 1468 967 1521 δ’
1002 1469 1067 1524 ἂν
1098 1470 1271 1539 ἔγωγε
1307 1472 1403 1524 καὶ
1436 1472 1598 1524 αὑτὸν
1619 1472 1711 1525 τὸν

154 1548 355 1620 Πατέρα,
381 1554 477 1606 καὶ
512 1558 758 1626 προσέτι
786 1561 848 1613 τὸ
877 1561 1099 1631 Πνεῦμα
1124 1562 1186 1615 τὸ
1223 1563 1397 1631 ἅγιον.
1431 1564 1574 1631 Ἔφη
1612 1564 1709 1633 μὲν

152 1640 253 1709 γὰρ,
270 1641 331 1693 δι’
352 1646 467 1707 ἐνὸς
489 1647 607 1699 τῶν
630 1649 813 1717 ἁγίων
840 1652 1152 1722 προφητῶν,
1179 1656 1308 1723 περὶ
1322 1654 1432 1707 τῶν
1453 1656 1509 1707 ἐν
1531 1655 1709 1709 πίστει

149 1730 574 1805 δεδικαιωμένων,
604 1741 697 1793 ὅτι
732 1762 750 1793 ι
785 1741 1084 1815 Ἐνοικήσω
1138 1747 1195 1797 ἐν
1228 1746 1431 1812 αὐτοῖς,
1473 1748 1567 1801 καὶ
1612 1750 1710 1818 ἐμ-

150 1832 494 1901 περιπατήσω,
528 1838 632 1888 καὶ
660 1836 860 1907 ἔσομαι
883 1838 1059 1892 αὐτῶν
1084 1839 1235 1903 Θεὸς,
1267 1841 1359 1893 καὶ
1389 1842 1540 1894 αὐτοὶ
1562 1842 1707 1895 ἔσον-

146 1919 216 1971 ταί
243 1938 336 1988 μου
370 1921 518 1986 λαός.
565 1946 584 1977 ι
614 1927 772 1995 Ἔφη
804 1927 861 1979 δὲ
885 1929 977 1981 καὶ
1006 1928 1169 1991 αὐτὸς
1196 1932 1222 1983 6
1261 1931 1524 2000 Χριστόςο
1551 1949 1569 1981 ι
1596 1931 1705 1984 Καὶ
1736 1915 1779 1974 Β

147 2008 221 2061 ἐάν
249 2010 325 2073 τίς
368 2030 471 2080 μου
513 2016 766 2086 ἀκούσῃ,
801 2017 1133 2088 ἐλευσόμεθα
1172 2018 1283 2088 ἐγὼ
1327 2020 1423 2073 καὶ
1449 2022 1477 2075 6
1519 2020 1709 2093 Πατήρ

150 2116 249 2167 μον,
277 2103 367 2155 καὶ
398 2105 571 2177 μονὴν
606 2108 747 2180 παρ’
770 2108 920 2179 αὐτῷ
952 2110 1307 2181 ποιησόμεθα,
1343 2114 1438 2166 καὶ
1464 2114 1522 2166 ἐν
1561 2108 1710 2183 αὑτῷ

148 2192 517 2266 καταλύσομεν.
532 2217 551 2249 ι
573 2199 843 2271 Γέγραφε
865 2201 924 2255 δέ
941 2220 1042 2255 που
1069 2204 1164 2257 καὶ⁸
1184 2206 1213 2257 6
1242 2204 1551 2274 σοφώτατος
1571 2206 1711 2260 Παῦε

147 2280 235 2344 λος⁸
258 2304 271 2333 ι
295 2285 401 2339 Καὶ
430 2290 653 2362 Μωσῆς
688 2292 788 2361 μὲν
823 2295 1011 2357 πιστὸς
1042 2294 1100 2347 ἐν
1130 2295 1235 2365 ὅλῳ
1264 2297 1342 2367 τῷ
1364 2298 1497 2367 οἴκῳ
1522 2297 1707 2363 αὑτοῦ,

148 2370 209 2434 ὡς
244 2374 514 2445 θεράπων,
572 2386 665 2446 εἰς
707 2386 1009 2456 μαρτύριον
1054 2388 1161 2441 τῶν
1212 2387 1706 2459 λαληθησομένων

150 2462 348 2535 Χριστὸς
374 2469 429 2522 δὲ
466 2472 547 2536 ὡς
584 2474 742 2538 Υἱὸς,
784 2477 878 2530 ἐπὶ
924 2479 1013 2531 τὸν
1054 2474 1203 2533 οἷκον
1244 2480 1442 2545 αὑτοῦ,
1474 2474 1535 2533 οῦ
1563 2476 1709 2544 οἶκός

151 2552 291 2624 ἐσμεν
322 2560 499 2629 ἡμεῖς.
532 2584 551 2617 ι
586 2566 705 2618 Καὶ
741 2567 849 2638 μὴν
874 2570 970 2621 καὶ
1004 2569 1245 2640 περὶτοῦ
1274 2570 1428 2639 ἁγίου
1454 2570 1709 2642 Πνεῦμα-

150 2660 247 2710 τος·
274 2668 290 2700 ι
314 2652 423 2706 Οὐκ
457 2656 651 2710 οἴδατε
693 2660 776 2711 ὅτι
821 2660 948 2723 ναὸς
970 2659 1105 2714 Θεοῦ
1141 2662 1288 2727 ἐστε,
1319 2662 1414 2715 καὶ
1451 2663 1511 2717 τὸ
1536 2663 1709 2716 Πνεῦ-

154 2754 218 2804 μα
240 2739 327 2794 τοῦ
358 2743 495 2799 Θεοῦ
523 2749 677 2801 οἰκεῖ
710 2752 769 2802 ὲν
803 2751 960 2820 ὁμῖν;
994 2771 1010 2803 ι
1034 2752 1245 2808 Οὐκοῦν
1279 2756 1409 2809 εἰτὸ
1432 2756 1711 2826 ἐνοικῆσαί

152 2840 243 2880 τισι
282 2829 538 2901 λέγεσθαι
588 2839 686 2891 καὶ
715 2839 809 2904 τὸν
839 2842 948 2895 τῶν
976 2843 1112 2897 ὅλων
1154 2845 1307 2909 Θεὸν,
1346 2846 1503 2899 τοῦτό
1537 2849 1707 2909 ἐστιν,

154 2916 179 2981 ἡ
215 2918 649 2998 ἐνανθρὼπησις,
700 2931 870 3001 ἧγουν
916 2934 948 3005 ἡ
985 2934 1296 3005 σάρκωσις,
1340 2936 1582 3005 λεγέσθω
1618 2938 1712 2990 καὶ

155 3005 223 3074 ἐφ’
245 3012 468 3069 ἑκάστου
499 3019 621 3074 τῶν
664 3022 763 3092 τῆς
796 3022 943 3088 θείας
978 3026 1192 3095 φύσεως
1235 3030 1536 3097 γεγονότων
1590 3047 1709 3083 xor.-

157 3099 331 3168 νωνῶν,
362 3109 456 3162 καὶ
490 3110 609 3181 μὴν
634 3114 730 3165 καὶ
759 3114 965 3169 ἔνοικον
989 3119 1301 3189 ἐσχηκότων
1330 3119 1515 3186 αὐτὸν,
1546 3120 1630 3173 ὅτι
1654 3137 1711 3173 τε

160 3193 231 3301 1:!
246 3197 668 3301 l‘queptbrrrjcs,
702 3207 798 3301 και
819 3208 956 3278 πρός
978 3227 1037 3262 τε
1078 3211 1253 3283 τούτῳ
1278 3213 1360 3277 τὸ,
1391 3214 1702 3285 ἐσαρκὼθη.
1734 3244 1777 3301 c

160 3278 217 3337 03
241 3287 298 3359 δὴ
346 3298 665 3363 γεγονότος,
715 3299 811 3351 καὶ
860 3278 1295 3373 παραδεχθέντος
1341 3307 1417 3367 ὡς
1450 3278 1707 3377 ἀληθοῦς,

161 3376 445 3469 πλειστάκις
478 3387 594 3441 κᾶν
628 3389 841 3458 λέγοιτο
866 3396 1195 3467 γεγενῆσθαι
1241 3398 1379 3469 σὰρξ
1412 3402 1440 3453 6
1475 3376 1549 3453 sx,
1572 3402 1707 3456 Θεοῦ

162 3466 341 3560 Παξρὺς
374 3477 556 3546 Λόγος
575 3494 590 3509 ⁸
623 3481 822 3537 ἐνοικεί
843 3484 898 3538 δὲ
926 3487 1023 3539 καὶ
1049 3487 1129 3551 είς
1158 3466 1325 3560 δεῦρο.
1357 3490 1573 3552 πολλοῖς
1599 3493 1709 3546 τῶν

162 3557 437 3657 δεξομένων
475 3570 665 3625 αὐτόν.
712 3574 871 3627 Ἀλλά
902 3577 1012 3640 ναὶ,
1042 3579 1196 3648 φησὶ,
1229 3557 1541 3650 γέγραπται
1581 3584 1712 3654 περὶ

162 3650 237 3746 Est?
269 3650 396 3708 Θεοῦ
435 3658 619 3728 Λόγου
641 3702 653 3725 ,
686 3661 769 3714 ὅτι
806 3681 825 3713 ι
862 3664 1203 3735 Ἐσκήνωσεν
1238 3668 1295 3721 ἐν
1330 3672 1479 3740 ἡμῖν.
1511 3691 1529 3722 ι
1562 3650 1708 3746 Ἔςέη

163 3736 207 3833 Et
244 3745 326 3798 καὶ
349 3749 376 3801 6
402 3748 700 3816 Θεσπέσιος
748 3753 958 3819 Παῦλος
996 3758 1240 3828 περὶτοῦ
1290 3736 1509 3815 πάντων
1550 3736 1710 3833 ἡμων

164 3827 380 3922 Σφτῆρος
410 3840 658 3911 Χριστοῦ
682 3882 696 3906 ,
726 3846 809 3899 ὅτι
843 3864 861 3899 ι
892 3848 982 3901 Ἐν
1003 3827 1155 3919 αὐτῷ
1184 3849 1471 3922 κατῴκησε
1650 3854 1712 3909 τὸ

167 3919 408 3999 πλήρωμα
432 3930 535 3999 τῆς
562 3931 817 4005 θεότητος
848 3939 1198 4007 σωματικῶς.
1224 3960 1243 3993 ι
1273 3919 1583 4015 Ἑσκήνωσε
1604 3942 1712 4015 μὲν

167 4014 214 4108 ἐκ
242 4020 361 4090 ἡμῖν
406 4024 895 4098 ὁμολογουμένωςο
942 4030 1255 4103 γέγραπται
1305 4034 1410 4108 γὰρ
1444 4036 1575 4090 ὡδί·
1618 4014 1712 4092 κα)⁵

170 4105 255 4197 MV
275 4114 359 4167 καὶ
385 4116 473 4170 ὅτι
492 4118 835 4191 κατῴκηκεν,
859 4123 960 4177 οὐκ
980 4124 1333 4195 ἀντιτάξομαι
1357 4105 1568 4197 λέγοντί
1596 4147 1711 4183 σοι·

169 4195 398 4277 βούλομαι
424 4209 483 4263 δὲ
516 4212 718 4280 μᾶλλον
738 4215 838 4278 τάς
858 4214 966 4269 τῶν
992 4215 1273 4291 θεηγόρων
1297 4220 1374 4288 (9)
1400 4195 1713 4290 βασανίζειν

169 4298 338 4363 φωνάς.
376 4300 440 4354 '0
476 4304 577 4372 μὲν
624 4305 732 4375 γὰρ
776 4308 1044 4380 μακάριος
1084 4310 1478 4383 εὐαγγελιστὴς
1525 4330 1712 4384 προει-

172 4390 342 4457 ρηκὼς,
374 4395 459 4447 ὅτι
491 4394 589 4448 καὶ
626 4414 644 4447 ι
669 4397 728 4450 Ὀ
755 4398 927 4467 Λόγος
968 4401 1103 4471 σὰρξ
1132 4402 1372 4469 ἐγένετο,
1416 4422 1436 4456 ι
1469 4419 1714 4474 προσεπα-

170 4478 334 4551 ἠνιγκε
362 4486 658 4557 ’χρειωδῶς
702 4490 796 4543 καὶ
836 4491 929 4556 τὸ,
966 4508 985 4543 ι
1022 4491 1363 4561 Ἐσκήνωσεν
1404 4494 1463 4545 ἐν
1496 4494 1649 4564 ἡμῖν,
1687 4510 1705 4544 ι

1816 652 2253 709 buntanationem
2290 656 2429 711 idem
2461 665 2583 712 esse“
2613 668 2775 729 atque
2820 658 2872 712 in
2920 658 3137 714 homine
3167 659 3377 713 inhabi-

1815 745 2074 799 tationem
2099 745 2348 816 amrmat,
2372 750 2612 805 conabor
2635 750 2942 806 ostendere.
2964 748 3097 804 Nam
3123 750 3164 805 si
3189 750 3240 804 in
3268 764 3377 805 uno

1812 846 1865 891 et
1890 838 2005 893 solo
2036 839 2385 895 Emmanuele
2414 840 2467 895 id
2505 854 2692 896 verum
2729 855 2848 897 esse
2890 840 3111 905 asserit,
3138 839 3254 909 ejus
3296 841 3375 896 rei

1811 943 2029 983 causam
2056 936 2280 998 doceat;
2313 922 2485 1001 neque
2512 932 2657 987 enim
2684 931 2829 986 illam
2864 930 3161 1003 intelligere
3189 944 3328 1002 queo
3358 948 3373 987 :

1811 1021 2010 1091 alioqui
2070 1032 2217 1078 certe
2266 1024 2409 1079 hunc
2460 1022 2795 1080 deﬁnitorem
2854 1037 2917 1078 ac
2970 1021 3373 1093 legumlatorem

1811 1127 1996 1169 eorum
2026 1129 2145 1183 quae
2180 1123 2384 1170 temere
2408 1114 2587 1171 dicere
2616 1114 2856 1179 libuerit,
2887 1128 3045 1169 nemo
3076 1113 3233 1167 ferat.
3270 1112 3375 1167 Sed

1813 1221 1917 1261 non
1952 1206 2022 1260 ad
2052 1222 2213 1260 unum
2268 1206 2594 1261 deﬁnitionis
2632 1206 2793 1275 hujus
2829 1205 2912 1259 vis
2957 1202 3231 1272 pertingit,
3269 1201 3376 1271 2⁵1

1812 1312 1991 1367 neque
2024 1296 2126 1350 ulla
2160 1298 2263 1351 erit
2284 1297 2505 1363 invidia,
2541 1297 2751 1351 etiamsi
2784 1295 3033 1350 omnibus
3055 1294 3220 1358 insit;
3250 1306 3377 1363 ergo

1811 1403 1916 1443 non
1955 1389 2142 1453 semel,
2161 1390 2255 1444 sed
2279 1390 2477 1458 saepius
2502 1390 2665 1442 Deum
2695 1387 2895 1442 factum
2928 1384 3197 1440 hominem
3230 1383 3378 1439 inve-

1811 1479 2040 1544 niemus,
2097 1496 2269 1550 neque
2300 1481 2473 1536 solum
2524 1479 2653 1533 illud
2687 1493 2753 1535 ex
2789 1478 2895 1532 Deo
2926 1476 3082 1531 Patre
3124 1474 3374 1539 Verbum,

1809 1572 1903 1625 sed
1947 1569 2196 1637 adjiciam
2243 1586 2344 1643 ego
2395 1579 2541 1626 certe
2586 1570 2747 1624 etiam
2805 1570 2975 1638 ipsum
3031 1566 3266 1631 Patrem,
3316 1581 3379 1618 ac

1810 1672 2069 1733 praeterea
2106 1661 2367 1731 Spiritum
2410 1671 2676 1717 sanctum.
2715 1660 2859 1714 Dixit
2891 1658 3033 1714 enim
3076 1673 3171 1729 per
3192 1671 3379 1728 quem-

1811 1754 1933 1809 dam
1961 1768 1990 1809 e
2019 1754 2219 1810 sanctis
2249 1753 2543 1824 prophetis,
2574 1752 2639 1806 de
2666 1752 2973 1806 hominibus
2998 1764 3092 1819 per
3116 1745 3377 1815 (idamin-

1812 1844 2058 1900 stilicatis
2097 1863 2109 1899 :
2146 1863 2164 1897 ι
2195 1846 2511 1901 lnhabitabo
2555 1844 2609 1899 in
2648 1843 2801 1913 ipsis,
2831 1851 2885 1897 et
2927 1839 3291 1901 inambulabo,
3327 1846 3383 1890 et

1808 1948 1902 1987 ero
1933 1934 2169 2002 ipsorum
2221 1938 2383 1997 Dens,
2416 1944 2471 1989 et
2496 1934 2594 2003 ipsi
2646 1942 2804 1988 erunt
2837 1932 2965 1987 mihi
3001 1931 3227 2000 populus
3257 1931 3323 1983 ".
3358 1951 3375 1983 ι

1809 2022 1954 2078 Dixit
1985 2023 2145 2078 etiam
2180 2023 2295 2092 ipse
2320 2023 2605 2080 Christus:
2636 2042 2653 2075 ι
2680 2024 2747 2077 Ει
2783 2025 2828 2079 si
2857 2024 2978 2093 quis
3013 2039 3096 2078 me
3127 2023 3379 2086 audierit,

1809 2114 2088 2169 veniemus
2122 2128 2222 2184 ego
2256 2123 2310 2170 et
2355 2114 2516 2169 Pater
2558 2129 2732 2178 meus,
2774 2123 2828 2168 et
2866 2115 3198 2169 mansionem
3240 2114 3379 2182 apud

1808 2207 1932 2259 eum
1981 2205 2257 2270 faciemus,
2305 2214 2360 2259 et
2406 2207 2459 2260 iu
2509 2206 2627 2273 ipso
2678 2205 3076 2261 diversabimur
3128 2204 3203 2275 (8)
3244 2204 3312 2259 “.
3357 2223 3375 2255 ι

1811 2295 2044 2362 Scripsit
2079 2296 2240 2350 etiam
2284 2296 2476 2351 beatus
2512 2295 2708 2350 Paulus
2742 2314 2755 2350 :
2796 2315 2815 2348 ι
2852 2296 2917 2350 Ει
2952 2295 3128 2349 Moses
3166 2296 3380 2363 quidem

1812 2384 1983 2437 ﬁdelis
2014 2384 2067 2437 in
2096 2394 2206 2439 tota
2237 2385 2397 2442 domo
2420 2386 2535 2455 ejus
2563 2386 2622 2440 ιιι
2651 2386 2903 2449 famulus,
2932 2386 2986 2439 in
3016 2384 3378 2440 testimonium

1808 2486 1995 2527 eorum
2028 2488 2148 2543 qua;
2175 2475 2402 2529 dicenda
2442 2485 2597 2530 erant
2628 2494 2641 2529 :
2684 2475 2929 2530 Christus
2963 2488 3090 2529 vero
3121 2483 3177 2527 ut
3214 2473 3381 2528 Filius

1810 2578 1972 2634 super
2014 2565 2230 2619 domum
2278 2565 2414 2633 ejus,
2461 2564 2616 2634 cujus
2658 2566 2850 2620 domus
2880 2580 3065 2619 sumus
3110 2579 3208 2618 nos
3255 2563 3320 2617 ".
3356 2582 3377 2615 ι

1811 2654 2118 2721 Quinetiam
2149 2654 2216 2710 de
2258 2662 2449 2711 sancto
2482 2654 2688 2725 Spiritu
2720 2673 2733 2709 :
2772 2674 2791 2709 ι
2821 2654 3052 2712 Nescitis
3083 2656 3207 2725 quia
3241 2665 3373 2708 tem-‘

1811 2746 1955 2813 plum
1990 2746 2084 2802 Del
2115 2747 2265 2828 estis,
2291 2755 2343 2803 et
2372 2748 2605 2817 Spiritus
2638 2747 2731 2803 Dei
2762 2748 2967 2803 habitat
2995 2750 3045 2803 in
3076 2748 3227 2803 vobis
3248 2748 3333 2801 "‘l
3356 2766 3376 2799 ι

1811 2835 1952 2907 Ergo
1997 2838 2041 2893 si
2092 2838 2320 2907 idipsum
2366 2839 2507 2909 quod
2555 2838 2857 2895 inhabitare
2896 2840 2948 2894 in
2986 2839 3251 2909 aliquibus
3292 2839 3381 2892 ille

1812 2926 2053 2981 omnium
2083 2928 2342 2983 Dominus
2368 2928 2583 2995 dicitur,
2612 2930 2715 2985 huc
2744 2930 2833 2985 illa
2855 2938 2937 2985 est
2966 2930 3273 2984 bumanatio
3297 2929 3381 2983 vel

1814 3020 2134 3086 incarnatio,
2166 3022 2272 3077 dici
2322 3021 2482 3077 liceat
2526 3022 2687 3076 etiam
2720 3022 2773 3077 in
2819 3036 3143 3090 unoquoque
3186 3022 3381 3075 divinae

1815 3124 2020 3168 natura:
2070 3114 2350 3184 participe,
2399 3124 2562 3184 atque
2600 3114 2763 3169 etiam
2810 3113 3202 3168 iubabitantem
3238 3113 3290 3167 in
3324 3128 3381 3166 se

1814 3206 1961 3258 illum
1994 3206 2244 3269 habente,
2288 3216 2341 3261 et
2370 3206 2640 3261 hominem
2681 3204 2879 3259 factum
2911 3218 3049 3268 esse,
3082 3213 3136 3260 et
3167 3205 3382 3272 insuper

1814 3298 2173 3351 incarnatum.
2223 3296 2375 3364 Quod
2424 3298 2467 3351 si
2515 3297 2711 3351 factum
2758 3306 2858 3361 est,
2895 3306 2948 3351 et
2997 3297 3041 3351 si
3089 3304 3148 3353 ut
3192 3310 3378 3349 verum

1812 3388 2139 3454 admittitur,
2167 3388 2278 3457 jam
2308 3388 2433 3442 illud
2465 3404 2531 3443 ex
2571 3386 2677 3443 Deo
2710 3388 2943 3442 Verbum
2988 3402 3132 3457 saepe
3160 3402 3381 3442 carnem

1813 3476 2012 3532 factum
2046 3479 2150 3534 dici
2183 3478 2313 3532 nihil
2353 3478 2601 3548 prohibet
2633 3499 2647 3535 :
2694 3480 2959 3535 inhabitat
2996 3488 3175 3533 autem
3219 3479 3385 3533 etiam

1813 3570 1987 3626 adhuc
2018 3568 2072 3624 in
2120 3568 2304 3624 multis
2348 3583 2469 3623 eum
2518 3570 2837 3625 colentibus.
2888 3572 2957 3623 At
2987 3571 3150 3635 enim,
3187 3571 3379 3639 inquit,

1812 3660 2071 3728 scriptum
2099 3668 2181 3714 est
2203 3660 2271 3714 de
2296 3660 2403 3714 Deo
2424 3656 2603 3714 Verbo
2628 3676 2643 3714 :
2676 3678 2693 3711 ι
2718 3658 2991 3715 Habitavit
3018 3661 3069 3715 in
3100 3660 3253 3715 nobis
3274 3661 3389 3715 τι.)

1816 3751 1959 3805 Dixit
2003 3753 2165 3806 etiam
2210 3750 2399 3806 beatus
2446 3750 2643 3805 Paulus
2689 3750 2755 3807 de
2801 3752 3041 3806 omnium
3102 3749 3383 3807 Salvatore

1813 3841 2027 3897 Christo
2076 3858 2091 3897 :
2144 3859 2166 3894 ι
2202 3841 2257 3896 In
2294 3856 2359 3895 eo
2406 3840 2665 3895 habitavit
2715 3843 2891 3896 omnis
2934 3844 3207 3912 plenitudo
3249 3845 3383 3897 divi-

1814 3936 2000 3991 nitatis
2034 3935 2389 4005 corporaliter
2424 3937 2493 3993 ".
2524 3953 2542 3987 ›
2580 3935 2777 3990 Fateor
2822 3935 2967 3990 illum
3006 3936 3279 3991 habitasse
3326 3936 3380 3989 in

1816 4028 1969 4083 nobis
2002 4028 2103 4099 (sic
2136 4042 2365 4097 namque
2390 4026 2650 4096 scriptum
2683 4026 2811 4098 est),
2876 4041 2987 4080 nec-
3040 4026 3092 4080 in
3156 4025 3248 4080 illo
3303 4026 3383 4079 in-

1816 4119 2136 4182 habitasse,
2209 4118 2303 4172 tibi
2360 4117 2559 4173 dicenti
2623 4116 2993 4186 repugnabo:
3061 4116 3151 4172 sed
3217 4116 3377 4170 velim

1813 4212 1992 4281 potius
2050 4212 2146 4265 has
2197 4209 2567 4279 theologorum
2636 4222 2795 4265 voces
2859 4210 3193 4264 examinare.
3248 4207 3383 4262 Nam

1814 4304 2005 4358 beatus
2046 4300 2372 4373 evangelista
2424 4316 2545 4357 cum
2601 4303 2748 4369 prius
2798 4302 3055 4365 dixisset,
3090 4321 3108 4354 ι
3147 4300 3378 4357 Verbum

1813 4410 1941 4450 caro
1978 4393 2179 4449 factum
2222 4401 2340 4457 est,
2372 4411 2391 4446 ι
2422 4393 2699 4463 subjunxit
2728 4402 3048 4463 opportune,
3082 4410 3099 4444 ι
3136 4392 3198 4445 Ει
3231 4394 3384 4446 habi-

1817 4486 1950 4541 tavit
1980 4486 2033 4538 iu
2061 4484 2251 4549 nobis;
2284 4502 2302 4537 ι
2340 4493 2397 4538 ιιι
2424 4497 2521 4553 per
2563 4492 2853 4554 utrumque
2890 4485 3149 4551 integram
3182 4482 3380 4537 Chrisu

171 4567 238 4623 ἵνα
257 4574 319 4627 δι’
352 4576 559 4647 ἀμφοῖν
586 4578 956 4651 ἀδιώώὸητον
982 4582 1039 4635 ἐν
1071 4583 1204 4653 ἡμῖν
1232 4582 1596 4655 ἐνεργάσηται
1614 4582 1710 4635 τοῦ

1819 4576 2060 4647 mysterii
2095 4576 2456 4646 cognitionem
2504 4576 2664 4629 nobis
2710 4576 2971 4630 traderet.
3002 4573 3133 4627 Nam
3176 4574 3382 4627 unitum

170 4662 279 4717 κατὰ
306 4664 545 4735 Χριστὸν
579 4668 882 4739 μυστηρίου
916 4670 1015 4739 τὴν
1058 4670 1279 4739 γνῶσιν.
1312 4672 1437 4724 Ὀτι
1472 4672 1572 4743 μὲν
1601 4673 1711 4743 γὰρ

170 4749 322 4829 ἡκῦθη
356 4758 524 4828 σαρκὶ
558 4759 681 4812 καθ’
710 4760 1008 4815 ὑπόστασιν
1038 4765 1067 4815 6
1099 4763 1163 4815 ἐκ
1190 4762 1325 4817 Θεοῦ
1366 4764 1577 4835 Πατρὸς
1608 4766 1710 4817 Λό-

168 4855 260 4913 γος,
282 4847 688 4919 διαμεμένηκεν
715 4848 737 4923 [
760 4852 845 4904 τσ.
871 4853 1317 4926 διαμεμήνυκεν]
1342 4856 1589 4925 ἐναργῶς
1622 4855 1712 4909 διά

170 4948 217 4997 γε
255 4938 347 4993 τοῦ
405 4941 586 5011 σάρκα
619 4940 799 5010 λέγειν
840 4944 1094 5011 γενέσθαι
1124 4946 1317 4999 αὐτόν’
1348 4947 1431 4998 ὅτι
1474 4946 1531 4999 δὲ
1575 4945 1713 5017 σὰρξ

169 5028 396 5096 γεγονὼς,
422 5032 524 5084 οὐκ
552 5032 632 5096 είς
656 5033 752 5103 τὴν
780 5034 879 5104 τῆς
911 5035 1112 5105 σαρκὸς
1145 5036 1573 5107 μετακεχώρηκε
1608 5037 1712 5105 φύ-

224 5209 261 5242 ⁶⁷
285 5210 451 5267 Levit.
488 5226 640 5276 xm,
670 5211 768 5275 12;
805 5212 847 5267 ll
875 5212 1000 5269 Cor.
1030 5228 1102 5278 vt,
1148 5216 1233 5270 16.
1312 5215 1357 5247 ⁸⁸
1384 5214 1539 5271 Joun.
1581 5231 1691 5280 xw,
1727 5216 1815 5269 '25.

191 5279 265 5336 ιι.
334 5280 607 5336 "Coloss.
647 5298 709 5345 ιι,
744 5285 799 5336 ‘J.

1816 4684 1937 4723 esse
1962 4668 2111 4722 carni
2143 4668 2437 4722 secundum
2467 4667 2794 4737 bypostasim
2828 4667 2956 4721 illud
2992 4681 3054 4720 ex
3094 4665 3200 4719 Deo
3227 4663 3385 4718 Patre

1818 4759 2053 4814 Verbum
2081 4756 2339 4813 indicavit
2368 4766 2551 4825 aperte
2579 4771 2700 4810 cum
2731 4757 2885 4820 dixit,
2921 4758 3092 4827 ipsum
3127 4771 3245 4812 esse
3268 4772 3384 4811 car-

1816 4866 1935 4905 nem
1960 4850 2159 4905 factum
2187 4867 2200 4903 :
2222 4850 2331 4918 jam
2362 4862 2489 4902 vero
2511 4862 2728 4903 carnem
2760 4846 2957 4902 factum
2987 4862 3090 4901 non
3122 4848 3171 4901 in
3206 4849 3386 4901 carnis

1817 4943 2075 4997 transisse
2095 4950 2366 5004 naturam,
2391 4955 2563 5010 neque
2589 4940 2934 4994 mutationem
2970 4941 3021 4992 in
3041 4939 3093 4993 id
3114 4938 3252 5007 quod
3280 4954 3384 4991 non

1814 5044 1932 5089 erat
1958 5033 2209 5101 subiisse,
2236 5034 2332 5088 sed
2354 5047 2476 5087 cum
2498 5044 2563 5086 eo
2585 5031 2726 5101 quod
2748 5030 3042 5085 secundum
3067 5045 3163 5085 nos
3187 5028 3382 5084 factum

2544 5210 2590 5242 "°
2614 5208 2784 5265 l.Cor.
2818 5224 2904 5276 ιιι,
2940 5210 3025 5265 16.
3102 5211 3143 5241 τι
3166 5210 3320 5265 Juatt.
3346 5226 3389 5276 ι,

1897 5214 1940 5245 ⁶⁹
1969 5212 2131 5269 Hebr.
2168 5229 2253 5277 tn,
2292 5213 2347 5277 5,
2378 5209 2431 5265 6.

1427 5438 1581 5493 ΑΝΤ.
1626 5435 1892 5492 AGELLII
1934 5436 2163 5491 NOTAE;

233 5620 612 5690 (8)Posteriora
637 5620 802 5675 verba
828 5632 874 5675 et
898 5622 950 5674 in
979 5622 1089 5689 ipso
1110 5622 1163 5674 di
1185 5620 1521 5690 versabimur,
1541 5634 1713 5685 neque

180 5692 321 5748 Latini
351 5694 502 5748 codd.
560 5692 691 5748 Novi
743 5692 1098 5753 Testamenti,
1158 5707 1327 5759 neque
1384 5689 1555 5746 Graeci
1614 5691 1709 5741 Ita-

181 5760 316 5827 lmu;
380 5774 430 5817 et
495 5764 636 5819 idem
707 5763 1015 5831 signiﬁcant
1081 5778 1203 5831 cum
1282 5761 1711 5831 praecedentibus

183 5834 369 5890 verbis:
410 5835 552 5893 idem
585 5842 667 5892 est
712 5829 860 5890 enim
895 5830 1159 5889 diversari
1202 5831 1257 5888 in
1301 5829 1501 5899 aliquo,
1548 5838 1602 5884 et
1656 5830 1709 5885 in

1820 5634 1885 5670 eo
1951 5620 2282 5673 mansionem
2349 5618 2548 5675 facere.
2607 5618 2887 5673 llabebant
2955 5618 3134 5675 tamen
3200 5635 3389 5673 omnes

1820 5692 1981 5744 codd.
2021 5690 2229 5757 Cyrilli.

1890 5760 1963 5829 (9)
1997 5759 2087 5812 Sic
2122 5760 2391 5827 appellare
2431 5760 2566 5813 solet
2604 5772 2879 5833 sacrorum
2920 5761 3242 5833 scripturum
3294 5777 3387 5812 an-

1817 5839 2016 5897 ctorcs,
2045 5842 2099 5883 ut
2133 5834 2398 5898 apostolus
2429 5841 2481 5885 et
2516 5831 2890 5898 evangelistas.
