4112 6492
719 418 788 474 55
1739 409 1796 464 S.
1837 407 2111 464 CYRILLI
2151 408 2619 466 ALEXANDRIN!
2659 410 2974 466 ARCHIEP.
3907 406 3994 462 56

723 534 806 579 est
842 522 1107 579 mansisse
1132 523 1271 593 quod
1302 531 1442 591 erat,
1464 524 1517 579 id
1543 538 1735 582 rursus
1765 525 2112 595 perspicuum
2146 523 2294 591 facit,

2403 545 2512 594 σιν,
2555 529 2762 600 τροπὴν
2809 527 3110 598 ὑπομείνας
3142 527 3237 596 τὴν
3281 526 3360 588 είς
3400 525 3534 594 ὅπερ
3568 523 3668 575 οὐκ
3710 515 3798 591 ἦν,
3826 520 3995 574 ἀλλὰ

722 613 806 668 illa
857 615 1017 668 verba
1071 632 1084 668 :
1137 632 1153 663 ι
1185 611 1461 670 Habitavit
1509 613 1563 671 in
1601 613 1775 679 nobis,
1807 632 1826 666 ι
1868 613 2140 683 prioribus
2191 614 2294 669 illis

719 704 1002 774 adjiciens.
1045 705 1324 763 Habitasse
1349 715 1527 765 autem
1560 706 1686 764 dicit
1725 706 1913 763 beatus
1945 703 2146 760 Paulus
2186 705 2296 778 28

722 811 774 853 in
803 796 1017 853 Christo
1053 813 1269 854 omnem
1301 799 1686 868 plenitudinem
1718 797 2020 854 divinitatis
2044 812 2296 867 corpora-

721 887 863 952 liter.
915 901 983 944 ne
1030 890 1298 960 quispiam
1351 890 1648 961 simplicem
1696 891 1780 947 vel
1839 890 2294 946 habitudinariam

715 979 1110 1046 habitationem
1154 982 1476 1048 suspicetur,
1508 982 1600 1038 sed
1636 997 1842 1046 veram,
1877 990 1933 1038 ut
1967 983 2123 1036 modo
2159 981 2291 1046 dixi,

719 1075 772 1122 et
794 1070 1085 1126 secundum
1109 1071 1461 1142 bypostasim.
1490 1072 1675 1142 Neque
1700 1074 1843 1128 enim
1875 1074 1955 1128 vir
1979 1073 2065 1129 ille
2090 1072 2294 1142 Spiritu

723 1155 818 1212 Dei
848 1159 1036 1226 plenus
1064 1160 1349 1229 ignorabat
1376 1161 1750 1232 incorporeum
1779 1175 1898 1216 esse
1927 1161 2019 1216 Dei
2064 1160 2292 1217 Verbum

719 1255 769 1303 et
810 1245 1171 1318 impalpabilc.
1197 1247 1396 1305 Verum
1420 1251 1546 1322 quia
1579 1265 1800 1306 necesse
1823 1261 1941 1305 erat
1964 1262 2024 1306 ut
2051 1251 2294 1321 mysterii

719 1339 1006 1408 explicatio
1031 1341 1178 1396 nulla
1212 1343 1420 1398 ratione
1467 1357 1657 1398 manca
1693 1343 1984 1408 videretur,
2029 1343 2121 1396 sed
2157 1342 2294 1398 adeo

720 1440 975 1486 accurate
1001 1445 1064 1486 ac
1096 1432 1349 1488 distincte
1371 1431 1437 1486 ad
1476 1443 1674 1488 rectam
1706 1434 1944 1506 regulam
1983 1434 2292 1486 veritatem-

720 1534 824 1586 que
857 1521 1182 1585 traderetur,
1213 1530 1273 1576 ut
1303 1536 1464 1578 omne
1493 1522 1811 1578 miraculum
1848 1533 2149 1592 superaret,
2185 1523 2292 1577 vim

722 1608 883 1663 infert
909 1612 1306 1680 consequentia:
1341 1626 1543 1680 rerum,
1577 1621 1632 1667 et
1675 1627 1838 1682 pr0pe
1877 1613 2126 1677 dixerim,
2153 1612 2294 1680 quod

722 1701 1090 1771 incorpoream
1119 1702 1264 1757 illam
1289 1718 1662 1772 summamque
1692 1714 1937 1758 naturam
1966 1706 2140 1771 decet,
2164 1717 2293 1757 con-

719 1793 911 1848 temnit
972 1811 986 1851 :
1033 1793 1234 1866 adjecit
1286 1795 1431 1850 enim
1473 1795 1717 1858 verbum,
1756 1796 2117 1862 corporaliter,
2168 1810 2290 1849 cum

2403 615 2540 686 μετὰ
2588 615 2680 670 τοῦ
2721 616 2973 684 γενέσθαι
3009 613 3133 668 καθ’
3160 615 3324 684 ἡμᾶς,
3365 612 3673 682 μεμένηκεν
3705 610 3838 680 ὅπερ
3879 605 3988 678 ἦν,

2401 705 2676 778 διατρανοῖ
2722 707 2886 760 πάλιν
2936 706 2997 759 τὸ
3025 747 3039 770 ,
3091 726 3106 756 ι
3148 705 3486 773 Ἐσκήνωσεν
3533 703 3590 754 ἐν
3633 703 3784 770 ἡμῖν,
3832 718 3854 750 s
3902 697 3997 767 τῷ

2400 797 2602 869 πρώτῳ
2629 798 3046 869 προπεθεικὼς.
3085 796 3422 865 Κατοικῆσαι
3445 794 3500 846 δέ
3522 811 3686 864 φησιν
3712 795 3740 845 6
3771 792 3994 845 θεσπέο

2402 907 2517 952 σιος
2563 889 2774 952 Παῦλος
2807 889 2868 942 ἐν
2913 888 2992 958 τῷ
3045 886 3265 958 Χριστῷ
3300 887 3406 940 πᾶν
3454 885 3516 937 τὸ
3547 884 3818 953 πλήρωμα
3876 883 3993 944 sic;

2401 980 2652 1052 θεότητος
2693 979 3020 1050 σωματικῶς
3039 996 3053 1010 ·
3082 979 3168 1032 ἵνα
3210 980 3283 1048 μὴ
3308 977 3504 1047 ἁπλῆν,
3524 977 3690 1045 ἢγουν
3714 974 3955 1042 σχετικὴ
3973 992 3995 1024 ι

2397 1072 2496 1141 τὴν
2537 1071 2855 1141 κατοίκησιν
2906 1068 3268 1138 ύποτοπήσειέ
3313 1085 3417 1132 τις,
3458 1066 3570 1121 ἀλλ’
3611 1065 3801 1133 ὥσπερ
3830 1064 3993 1132 ἔφην

2398 1163 2621 1234 ἀρτίως,
2663 1163 2926 1234 ἀληθινήν
2959 1179 3018 1216 τε
3061 1162 3157 1216 καὶ
3202 1160 3324 1214 καθ’
3359 1159 3675 1212 ὑπόστασιν.
3707 1157 3825 1208 Ὀτι
3879 1155 3993 1223 μὲν

2396 1257 2503 1326 γὰρ
2536 1255 2826 1327 άσώματός
2858 1255 2920 1308 τέ
2955 1256 3090 1322 ἐστι,
3129 1257 3223 1307 καὶ
3251 1252 3460 1322 ἀναφὴς
3491 1252 3519 1303 6
3561 1249 3654 1302 τοῦ
3697 1247 3834 1302 Θεοῦ
3871 1248 3991 1299 A6-

2394 1367 2510 1419 γος,
2540 1350 2640 1403 οὐκ
2667 1348 2935 1418 ἠγνόηκεν
2975 1349 3004 1400 ό
3047 1345 3515 1416 πνευματοφόρος.
3556 1341 3773 1411 Ἐπειδὴ
3801 1339 3866 1393 δὲ
3915 1334 3990 1407 ἦν

2396 1442 2714 1508 ἀναγκαῖον,
2748 1440 2844 1509 τὴν
2877 1438 2971 1493 τοῦ
3015 1438 3316 1508 μυστηρίου
3347 1436 3579 1506 δήλωσιν
3623 1433 3740 1486 κατ’
3774 1431 3991 1484 οὐδένα

2395 1533 2596 1604 τρόπον
2635 1531 2864 1602 ὁρᾶσθαι
2907 1529 3341 1600 μεμωμημίνην,
3374 1525 3576 1597 ἀκριϐῆ
3612 1525 3669 1576 δέ
3697 1522 3844 1576 οὓτω
3891 1539 3994 1588 γε-

2395 1623 2603 1688 νέσθαι,
2629 1623 2724 1676 καὶ⁵
2757 1621 3168 1694 διηρθρωμένην
3199 1620 3274 1682 είς
3296 1619 3357 1670 τὸ
3383 1615 3508 1669 εὐθύ
3535 1632 3592 1668 τε
3628 1614 3719 1666 καὶ
3744 1611 3988 1681 ἀληθὲς,

2396 1715 2470 1776 ὼς
2503 1714 2760 1767 ἐπέκεινα
2797 1713 2997 1776 παντὸς
3047 1712 3185 1765 ίέναι
3233 1709 3541 1779 θαύματος,
3576 1702 3990 1768 καταϐιάζεται

2394 1803 2456 1855 τὸ
2483 1803 2651 1866 εἰκὸς,
2675 1803 2768 1855 καὶ
2807 1802 3090 1872 μονονουχὶ
3118 1799 3178 1852 τὸ
3217 1799 3427 1871 πρέπον
3456 1796 3702 1865 ὑπερορᾷ
3724 1795 3792 1862 τῇ
3831 1794 3988 1845 ἁσωο

718 1883 877 1938 alitcr
905 1885 1085 1943 dicere
1115 1900 1221 1943 non
1255 1884 1503 1951 haberet,
1531 1901 1693 1958 quam
1729 1894 1910 1943 nostra
1940 1886 2292 1957 intelligentia

2401 1895 2555 1965 μάτῳ
2593 1909 2652 1946 τε
2681 1893 2775 1946 καὶ
2807 1867 3099 1963 ύπερτάτω
3131 1867 3290 1959 φύσεί
3313 1906 3326 1918 ·
3361 1885 3713 1958 προστέθεικε
3740 1883 3856 1953 γὰρ
3899 1882 3987 1944 τὸ,

718 1985 772 2029 et
811 1975 990 2045 lingua
1027 1975 1285 2047 consequi
1321 1986 1525 2047 posset.
1567 1975 1645 2032 Ne
1685 1977 1848 2047 igitur
1877 1992 1999 2034 cum
2033 1979 2132 2032 iste
2160 1977 2294 2032 sim.

719 2069 908 2140 plicem
959 2071 1115 2127 nobis
1167 2070 1618 2126 inhabitationem
1671 2079 2082 2138 commemorat,
2141 2083 2296 2140 putes

718 2159 920 2229 aliquid
949 2175 1070 2218 eum
1102 2161 1280 2216 dicere
1301 2162 1441 2231 quod
1477 2176 1582 2215 nou
1608 2161 1897 2216 admodum
1934 2162 2005 2216 sit
2032 2162 2295 2218 damnan-

717 2253 865 2306 dum.
902 2251 1039 2306 Nam
1065 2263 1122 2304 ut
1146 2259 1381 2316 evertat,
1415 2261 1474 2307 ut
1505 2253 1619 2320 ipse
1644 2263 1816 2321 putat,
1849 2252 2008 2324 idque
2041 2254 2294 2308 nimirqu

719 2343 998 2409 audacter,
1031 2341 1433 2412 generationem
1468 2341 1588 2397 Filii
1616 2343 1908 2399 secundum
1935 2359 2178 2408 carnem,
2210 2359 2296 2398 ra-

719 2435 1122 2490 tiocinationem
1146 2432 1421 2502 componit
1443 2433 1640 2488 anilem
1662 2447 1723 2488 ac
1747 2433 1987 2500 stultam,
2016 2443 2068 2490 et
2093 2433 2292 2489 nullum

717 2543 781 2582 ex
815 2528 1040 2581 veritate
1079 2525 1308 2582 fulcrum
1340 2525 1648 2582 habentem.
1691 2525 1922 2583 Rursum
1959 2541 2187 2594 namque
2217 2527 2294 2584 sic

717 2620 925 2683 scribit,
966 2633 1088 2676 cum
1122 2617 1388 2675 adversus
1430 2618 1664 2675 Arianos
1693 2617 2114 2691 disputationem
2145 2618 2296 2672 iusti-

719 2712 928 2766 luisset.

793 2803 1072 2877 [Νεδτοιι.
1109 2801 1312 2860 Tamen
1341 2802 1623 2858 divinitate
1647 2812 1793 2856 certe
1831 2815 1947 2869 qua:
1974 2799 2147 2872 major
2191 2810 2293 2864 est,

720 2898 892 2964 ipsum
922 2896 1014 2949 Dei
1044 2893 1280 2948 Verbum
1309 2893 1578 2948 recentius
1605 2907 1725 2948 esse
1750 2901 2056 2962 uugantur;
2084 2899 2140 2946 at
2167 2906 2295 2948 vero

720 2985 770 3042 hi
805 2989 956 3043 beata
983 2985 1150 3043 Maria
1184 2986 1355 3056 ipsum
1401 2987 1753 3053 posteriorem
1803 2981 2059 3048 elﬁciunt,
2090 2992 2145 3038 et
2180 2998 2295 3036 ma-

720 3077 856 3135 trem
883 3077 1228 3148 temporalem
1262 3077 1362 3147 ipsi
1398 3076 1588 3131 Deitati
1620 3075 1798 3143 opitici
1828 3085 2127 3143 temporum
2159 3090 2297 3144 prte-

721 3179 928 3240 pouunt
966 3187 980 3222 :
1016 3170 1123 3224 imo
1167 3184 1294 3225 vero
1342 3171 1509 3238 ipsam
1542 3168 1741 3224 Christi
1778 3177 2055 3234 parentem
2083 3181 2150 3222 ne
2176 3181 2297 3224 esse

721 3263 932 3330 quidem
968 3259 1172 3317 Christi
1207 3271 1434 3314 matrem
1471 3261 1654 3314 sinunt
1688 3279 1698 3312 :
1731 3271 1854 3312 nam
1887 3259 1930 3312 si
1969 3273 2072 3312 non
2121 3259 2294 3314 homi-

723 3355 806 3407 nis
838 3363 1048 3419 uatura,
1098 3353 1193 3409 sed
1235 3353 1376 3407 Deus
1428 3351 1656 3406 Verbum
1697 3350 1816 3414 fuit,
1863 3360 1924 3404 ut
1967 3351 2040 3404 illi
2093 3353 2296 3418 dicunt,

721 3461 879 3516 quem
923 3444 1010 3500 illa
1038 3445 1265 3515 peperit,
1312 3445 1526 3516 pariens
1563 3443 1690 3498 editi
1741 3451 1925 3511 partus
1961 3442 2104 3496 nullo
2141 3444 2299 3498 modo

724 3548 898 3592 mater
933 3546 1016 3592 est
1049 3549 1065 3590 :
1097 3536 1186 3605 qui
1223 3537 1366 3590 enim
1420 3535 1491 3587 sit
1549 3543 1719 3589 mater
1760 3533 1903 3587 illius
1935 3533 2025 3602 qui
2071 3533 2138 3586 ab
2184 3532 2300 3600 ejus

722 3639 912 3683 natura
952 3627 1024 3684 sit
1061 3627 1388 3683 extraneus‘l
1421 3625 1574 3690 Quod
1609 3624 1654 3679 si
1684 3634 1854 3680 mater
1891 3622 2028 3694 apud
2069 3639 2161 3677 eos
2202 3637 2297 3690 ap-

722 3721 976 3790 pellatur,
1005 3717 1314 3774 humanitas
1343 3726 1426 3772 est
1457 3724 1609 3786 partu
1643 3716 1810 3780 edita,
1844 3728 1949 3770 nou
2001 3715 2256 3769 divinitas
2285 3735 2295 3769 :

725 3829 848 3868 nam
869 3812 1064 3880 cuique
1083 3809 1238 3863 matri
1262 3807 1537 3879 proprium
1555 3815 1637 3862 est
1654 3805 2116 3864 consubstantiale
2141 3821 2300 3874 pare-

725 3919 804 3960 re.
837 3906 941 3959 Aut
967 3901 1125 3972 igitur
1149 3895 1252 3954 non
1285 3900 1389 3954 erit
1422 3910 1595 3953 mater
1626 3914 1744 3968 qua:
1775 3897 2297 3954 consubstantialem

723 3996 823 4049 sibi
855 3993 1074 4049 minime
1097 3991 1305 4060 peperit
1335 4009 1348 4045 :
1387 3999 1476 4045 aut
1507 3990 1551 4044 si
1585 3999 1755 4044 mater
1783 3988 1850 4044 ah
1889 3990 2022 4061 ipsis
2053 3997 2297 4054 vocatur,

725 4085 826 4142 sibi
860 4085 912 4140 in
945 4082 1248 4140 substantia
1281 4081 1513 4138 similem
1540 4078 1784 4152 genuit.]

1372 4193 1523 4252 CAP.
1565 4193 1654 4250 ιχ.

798 4295 1058 4360 Perquam
1093 4291 1334 4344 abditum
1372 4305 1504 4346 sane
1549 4290 1940 4343 sententiarum
1989 4291 2214 4359 pondus,
2238 4305 2301 4346 sc

727 4390 1019 4442 vehemens
1052 4394 1106 4438 et
1141 4384 1731 4438 inevitabilis-hominis
1757 4384 1847 4452 qui
1882 4385 2035 4438 nobis
2071 4386 2142 4439 ita
2172 4399 2300 4440 con-

728 4477 969 4546 scripsit,
1031 4475 1465 4546 syllogismorum
1536 4475 1620 4529 vis
1678 4475 1938 4531 cernitur.
1997 4475 2299 4540 Uudenam,

2396 1981 2764 2052 σωματικῶς,
2787 1982 2883 2052 οὐχ
2905 1983 3105 2052 ἑτέρως
3128 1981 3266 2050 ἔχων
3294 1980 3490 2040 εἰπεῖν,
3513 1976 3546 2047 ἢ
3569 1975 3644 2038 ὼς
3665 1974 3730 2028 ἂν
3759 1974 3989 2042 γένοιτο

2397 2075 2493 2128 και
2517 2074 2612 2143 νῷ,
2643 2073 2737 2126 καὶ
2766 2073 2981 2142 γλώττῃ
3018 2075 3084 2142 τῇ
3123 2071 3244 2124 καθ’
3283 2071 3431 2140 ἡμᾶς
3459 2068 3694 2135 ἐφικτόν.
3732 2067 3832 2135 Μὴ
3869 2066 3987 2118 τοί-

2397 2184 2490 2222 νυν
2517 2166 2700 2237 ἁπλῆν
2731 2167 2864 2237 ἡμῖν
2889 2163 3224 2234 ὀνομάζοντα
3256 2162 3548 2231 ἐνοίκησιν,
3573 2161 3682 2213 οῐου
3711 2176 3762 2212 τι
3791 2158 3988 2227 λέγειν

2397 2259 2559 2313 αὐτὸν
2603 2258 2710 2312 τῶν
2757 2258 2818 2311 οὐ
2875 2257 3083 2328 σφόδρα
3119 2252 3588 2322 διαῦεὸλημένωνυ
3651 2249 3989 2318 ἀνατρέπων

2396 2353 2524 2423 γάρ,
2558 2351 2812 2420 καθάπερ
2859 2344 2953 2402 οὖν
2997 2349 3201 2409 οἴεται,
3238 2349 3334 2399 καὶ
3380 2343 3527 2414 μάλα
3560 2339 3852 2406 νεανικῶς,
3883 2340 3990 2408 τὴν

2397 2444 2538 2496 κατὰ
2569 2443 2748 2513 σάρκα
2777 2441 3028 2511 γέννησιν
3062 2437 3158 2492 τοῦ
3189 2434 3343 2498 Tisia.
3385 2434 3667 2504 συντίθησι
3706 2431 3988 2500 λογισμὸν

2395 2534 2746 2606 γραοπρεπῆ,
2781 2533 2878 2586 καὶ
2917 2531 3144 2602 ἠλίθιον,
3175 2530 3270 2583 καὶ
3296 2526 3611 2596 ύποόάθραν
3641 2525 3742 2579 οὑκ
3777 2523 3990 2595 ἔχοντα

2395 2628 2494 2696 τὴν
2532 2626 2590 2691 ἐξ
2632 2624 2908 2696 ἀληθείας.
2937 2623 3145 2694 Γράφει
3205 2620 3313 2690 γὰρ
3352 2619 3445 2672 καί⁵
3490 2612 3594 2671 ὦδε
3638 2616 3829 2682 πάλιν,
3882 2632 3986 2668 πε-

2396 2719 2618 2788 ποίηται
2651 2717 2709 2771 δὲ
2747 2715 2883 2787 πρὸς
2921 2712 3234 2784 ’Δρειανοὺς
3260 2711 3292 2762 ό
3323 2711 3476 2778 λόγος
3499 2707 3667 2779 αὐτῷ.

2469 2811 2700 2883 [Ὅμως
2738 2809 2794 2864 δὲ
2839 2809 2942 2863 κᾶν
2981 2807 3231 2875 θεότητος
3271 2804 3514 2874 μείζονος
3561 2803 3651 2854 τὸν
3696 2800 3838 2853 Θεον
3873 2808 3984 2853 Ao-

2396 2921 2492 2972 γον
2515 2901 2742 2974 ληροῦσι
2766 2899 3026 2972 νεώτερον
3047 2916 3060 2928 ·
3091 2894 3235 2951 οὗτοι
3267 2897 3323 2950 δὲ
3363 2895 3524 2948 αὑτὸν
3561 2892 3662 2961 τῆς
3693 2890 3987 2962 μακαρίας

2397 2992 2617 3065 Μαρίας
2655 2989 2981 3062 ἐργάζονται
3013 2986 3263 3058 δεύτερον
3286 3003 3297 3014 ο
3343 2985 3434 3038 καὶ
3472 2983 3682 3055 μητέρα
3714 2981 3985 3051 χρονικὴν

2395 3090 2462 3157 τῇ
2493 3080 2808 3156 δημιουργῷ
2829 3082 2935 3136 τῶν
2968 3081 3172 3151 χρόνων
3205 3078 3466 3148 ἐφιστῶσι
3486 3076 3711 3143 Θεότητι
3733 3090 3745 3103 ·
3773 3073 3987 3142 μᾶλλον

2399 3178 2455 3231 δέ
2486 3176 2603 3231 ούδέ
2637 3173 2850 3246 μητέρα
2879 3172 2971 3226 τοῦ
2996 3169 3230 3242 Χριστοῦ
3264 3170 3360 3238 τὴν
3387 3165 3748 3238 Χριστοτόκον
3777 3163 3980 3216 ἐῶσιν·

2401 3271 2449 3324 εἰ
2473 3269 2582 3339 γὰρ
2616 3269 2716 3322 ούκ
2737 3264 3028 3337 ἀνθρώπου
3073 3263 3256 3330 φύσις,
3288 3260 3422 3314 ἀλλὰ
3455 3257 3584 3320 Θεὸς
3617 3259 3644 3310 6
3677 3255 3856 3324 Λόγος
3879 3249 3948 3324 ἦν
3969 3295 3980 3312 ,

2400 3360 2590 3430 ὥσπερ
2633 3358 2827 3412 ἐκεῖνοί
2867 3372 3052 3426 φασιν,
3092 3355 3119 3409 ὃ
3147 3346 3258 3426 [ἵσ.
3291 3351 3342 3424 6]
3385 3351 3513 3421 παρ’
3548 3349 3794 3419 ἐκείνης,
3824 3349 3860 3418 η
3891 3363 3982 3398 τεο

2401 3450 2570 3505 κοῦσα
2598 3451 2694 3502 τοῦ
2715 3448 2998 3518 τεχθέντος
3030 3447 3090 3500 ού
3123 3445 3327 3514 μήτηρ.
3354 3441 3477 3501 Πῶς
3506 3440 3614 3511 γὰρ
3635 3441 3720 3505 εἴη
3749 3455 3836 3503 τις
3873 3439 3982 3508 μή-

2399 3559 2502 3612 τηρ
2526 3539 2619 3594 τοῦ
2641 3540 2741 3608 τῆς
2763 3539 2978 3608 φύσεως
2995 3538 3091 3606 τῆς
3116 3535 3280 3604 αὐτῆς
3304 3530 3614 3602 άλλοτρίου;
3639 3531 3698 3582 Ei
3714 3530 3769 3582 δέ
3796 3531 3983 3599 μήτηρ

2403 3631 2532 3702 παρ’
2576 3630 2756 3685 αὐτῶν
2795 3628 3134 3700 ὀνομάζοιτο,
3185 3625 3539 3697 ἀνθρωπότης
3568 3622 3630 3674 si.
3661 3621 3882 3690 τεχθὲν,
3921 3619 3983 3671 οὐ

2402 3723 2591 3793 θεότης
2614 3740 2626 3753 ·
2664 3721 2846 3792 πάσης
2883 3721 2993 3792 γὰρ
3042 3716 3175 3774 ίδιον
3213 3718 3417 3788 μητρὸς
3454 3713 3717 3787 όμοούσια
3745 3713 3979 3764 τίκτειν.

2404 3819 2474 3873 Ἦ
2496 3813 2589 3871 οὖν
2618 3817 2719 3869 οὐκ
2751 3814 2903 3868 ἐσται
2940 3814 3145 3883 μήτηρ,
3175 3810 3462 3881 όμοούσιον
3482 3808 3648 3877 ἑαυτῇ
3675 3806 3752 3876 μὴ
3785 3803 3982 3858 τεκοῦ-

2403 3926 2502 3963 σα·
2557 3908 2591 3980 ἧ
2631 3908 2816 3978 μήτηρ
2858 3905 2988 3976 παρ’
3033 3902 3214 3956 αὐτῶν
3267 3899 3608 3970 καλουμένη,
3651 3897 3746 3951 τὸν
3803 3897 3973 3963 ἑαυτῇ

2403 4001 2521 4055 κατ’
2557 3999 2744 4054 οὐσίαν
2777 3997 3068 4068 ἐγέννησεν
3100 3994 3351 4065 ὃμοιον.]

3006 4195 3257 4251 ΚΕΦΛΛ.
3291 4192 3366 4246 6'.

2485 4295 2571 4356 Ὠς
2616 4292 2753 4361 βαθὺ
2802 4290 2859 4345 τὸ
2905 4289 3094 4360 χρῆμα
3145 4286 3252 4339 τῶν
3287 4284 3539 4348 ἐννοιῶν,
3582 4283 3728 4351 δεινὴ
3782 4282 3835 4334 δὲ
3892 4278 3982 4331 καὶ

2402 4385 2798 4451 δυσδιάφυκτος
2826 4381 2919 4434 τοῦ
2966 4380 3034 4433 τὰ
3073 4378 3251 4431 τοιάδε
3284 4375 3728 4447 συγγεγραφότος
3782 4374 3918 4440 ἡμῖν
3949 4371 3982 4437 ἡ

2403 4479 2467 4531 ἐκ
2489 4477 2598 4530 τῶν
2629 4471 2999 4543 συλλογισμῶν
3029 4471 3241 4538 ἀνάγκη
3266 4469 3533 4535 φαίνεται.
3565 4464 3732 4517 Πόθεν
3756 4465 3894 4532 ἡμῖν
3919 4459 3982 4509 τά

727 4582 933 4637 quaeso,
972 4566 1234 4637 ejusmodi
1278 4564 1501 4618 fabellas
1549 4564 1802 4619 collectas
1846 4565 2050 4619 habens
2091 4565 2142 4618 in
2184 4581 2296 4620 me-

2406 4568 2584 4622 τοιάδε
2616 4564 3041 4636 συναγηγερκὼς
3067 4565 3145 4624 είς
3175 4562 3334 4630 μέσον
3365 4557 3499 4628 ἔρχῃ
3531 4555 3807 4625 μυθάρια;
3840 4552 3872 4619 1‘,
3901 4549 3982 4607 τίς

727 4659 873 4714 dium
905 4655 1127 4726 prodis?
1181 4663 1274 4709 aut
1303 4655 1552 4724 quisnam
1587 4669 1808 4723 prorsus
1843 4658 1895 4708 in
1928 4671 2046 4708 eam
2079 4667 2297 4710 senten-

728 4755 924 4805 tiarum
959 4748 1242 4802 stultitiam
1267 4758 1349 4800 est
1386 4746 1583 4813 lapsus,
1619 4755 1676 4799 ut
1703 4755 1851 4814 putet
1889 4761 1949 4800 ac
1991 4749 2134 4800 dicat
2165 4747 2298 4803 Uni.

727 4839 894 4910 geniti
925 4838 1176 4893 deitatem
1206 4853 1309 4892 non
1345 4852 1411 4891 ex
1442 4835 1600 4890 Patre
1627 4847 1751 4890 ante
1776 4837 1968 4892 saecula
1998 4838 2299 4893 subsisten-

729 4934 860 4987 tiam
889 4931 1112 4994 habere,
1144 4929 1236 4985 sed
1273 4939 1329 4982 ut
1373 4945 1495 4982 esse
1539 4928 1820 4997 inciperet,
1854 4943 1882 4982 a
1913 4943 2077 4985 carne
2100 4940 2153 4984 et
2176 4945 2300 4985 san-

728 5025 889 5095 guine
919 5023 1130 5076 initium
1156 5020 1428 5090 accepisse
1448 5019 1470 5072 τ
1492 5019 1623 5085 Quis
1657 5019 1794 5074 adeo
1842 5021 2090 5088 stupidus
2119 5030 2202 5076 est
2247 5031 2301 5076 et

732 5119 1042 5186 imperitus,
1092 5125 1144 5169 et
1198 5127 1473 5168 sacrarum
1524 5111 1849 5165 Litterarum
1909 5113 2065 5181 plane
2112 5115 2300 5169 rudis?

729 5211 860 5278 Quis
910 5225 1013 5263 non
1069 5207 1313 5262 meminit
1365 5205 1473 5275 29
1513 5203 1660 5258 Isaiae
1691 5204 1760 5259 de
1805 5206 1924 5274 ipso
1959 5207 2245 5262 clamantis
2283 5226 2296 5261 :

735 5321 754 5352 ο
794 5297 1372 5362 Cenerationem-ejus
1418 5296 1540 5366 quis
1591 5296 1866 5351 enarrabit
1911 5297 1999 5349 "1'
2029 5317 2046 5348 ι
2082 5297 2301 5353 Joannis

730 5394 891 5447 etiam
927 5401 1114 5461 aperte
1161 5391 1449 5446 scribentis
1484 5408 1496 5444 ε
1551 5407 1568 5442 ι
1601 5388 1654 5442 lu
1693 5388 1960 5459 principio
2007 5399 2127 5444 erat
2179 5388 2301 5444 Ver-

733 5487 880 5547 bum,
935 5494 990 5537 et
1047 5482 1276 5536 Verbum
1320 5492 1437 5536 erat
1479 5483 1617 5551 apud
1669 5482 1856 5545 Deum,
1906 5493 1957 5537 et
1995 5482 2132 5538 Deus
2183 5493 2300 5536 erat

731 5571 966 5630 Verbum
1001 5590 1014 5628 :
1053 5572 1233 5627 omnia
1261 5586 1355 5641 per
1389 5572 1562 5641 ipsum
1589 5570 1734 5627 facta
1769 5582 1914 5637 sunt,
1943 5582 1997 5627 et
2032 5573 2148 5630 sine
2183 5573 2299 5642 ipso

730 5665 928 5720 factum
955 5672 1042 5717 est
1070 5661 1198 5715 nihil
1227 5662 1310 5714 ’δῖ’
1340 5680 1358 5714 ι
1398 5660 1551 5730 Quod
1576 5663 1618 5718 si
1645 5663 1824 5720 omnia
1861 5678 1958 5736 per
1989 5664 2183 5735 ipsum,
2209 5667 2297 5734 qui

799 5801 842 5832 "
869 5798 969 5854 lsa.
1003 5812 1117 5862 LIII,
1156 5794 1208 5851 8.
1284 5797 1327 5829 "
1351 5796 1504 5853 Joan.
1539 5813 1577 5862 ι,
1610 5797 1724 5853 1-5.

2405 4661 2542 4722 ὅλως
2568 4656 2807 4728 ἀμαθίας
2840 4657 2918 4718 είς
2949 4652 3106 4708 τοῦτο
3138 4647 3474 4704 κατώλισθεν
3501 4644 3740 4706 ἐννοιῶν,
3767 4643 3844 4704 ὡς
3873 4640 3980 4690 ofs-

2408 4749 2535 4804 σθαί
2565 4766 2625 4802 τε
2668 4749 2761 4801 καὶ
2793 4747 2974 4815 λέγειν
3020 4744 3120 4814 τὴν
3148 4742 3377 4810 θεότητα
3411 4739 3506 4792 τοῦ
3543 4734 3890 4804 Μονογενοῦς
3921 4731 3978 4782 ού

2409 4840 2737 4913 προαιώνιον
2771 4840 2916 4909 ἔχειν
2945 4838 3047 4908 τὴν
3075 4835 3310 4906 ὓπαρξιν
3344 4835 3407 4885 ἐκ
3437 4830 3671 4903 Πατρός,
3717 4827 3898 4913 ἀρχὴν
3927 4823 3982 4876 δὲ

2413 4911 2614 5004 μάλλον
2641 4931 2739 5000 τῆς
2769 4932 2851 4993 είς
2893 4927 2952 4981 τδ
2980 4925 3120 4981 εἶναι
3141 4921 3374 4995 παρόδου
3402 4923 3581 4992 σάρκα
3609 4938 3667 4974 τε
3708 4921 3805 4973 καὶ
3844 4911 3980 4984 αἷμα

2410 5023 2624 5087 λαὸεἷν;
2669 5023 2764 5086 Τίς
2804 5021 2976 5082 οὕτως
3023 5017 3410 5089 ἐμὸρόντητος,
3465 5016 3556 5067 καὶ
3597 5009 3980 5080 όλιγογνὼμων

2409 5117 2544 5179 ἐστὶ,
2581 5117 2674 5170 καὶ
2701 5115 2811 5168 τῶν
2843 5113 3001 5184 ίερῶν
3029 5111 3379 5181 Γραμμάτων
3408 5109 3636 5177 ἀνήκοος
3667 5099 3979 5160 παντελῶςὶ

2407 5208 2502 5270 Τίς
2535 5209 2595 5260 οὐ
2618 5206 2982 5278 διαμέμνηται
3020 5200 3438 5270 διακεκραγότος
3471 5199 3569 5266 μὲν
3602 5197 3826 5249 Ἠσαίου
3859 5190 3981 5260 περὶ

2409 5297 2604 5350 αὐτοῦ’
2636 5316 2653 5347 ι
2686 5295 2796 5366 Τὴν
2823 5294 3016 5362 γενεάν
3047 5290 3209 5346 αὐτοῦ
3238 5291 3320 5353 τίς
3349 5290 3695 5358 διηγήσεται;
3729 5307 3746 5336 ι
3777 5285 3978 5351 Γεγριο

2411 5390 2568 5456 φότος
2591 5386 2645 5439 δὲ
2685 5386 2779 5439 καὶ
2825 5385 3074 5438 Ἰωάννου
3109 5379 3294 5449 σαφῶς
3315 5396 3328 5409 ⁸
3370 5400 3386 5430 ι
3431 5379 3520 5431 Ἑν
3557 5378 3698 5447 ἀρχῇ
3728 5369 3796 5446 ἦν
3823 5375 3851 5427 ό
3885 5373 3980 5425 Λό-

2407 5494 2522 5546 γος,
2559 5477 2652 5531 καὶ
2690 5479 2718 5529 6
2765 5477 2935 5544 Λόγος
2959 5470 3027 5545 ἦν
3077 5472 3210 5544 πρὸς
3243 5470 3333 5522 τὸν
3361 5471 3514 5532 Θεὸν,
3562 5468 3655 5520 καὶ
3690 5466 3822 5529 Θεὸς
3855 5459 3920 5530 ἦν
3951 5461 3977 5510 ὀ

2409 5570 2613 5636 Λόγος·
2655 5567 2832 5621 πάντα
2874 5566 2940 5619 δι’
2981 5564 3142 5618 αὐτοῦ
3185 5561 3418 5629 ἐγένετο,
3463 5559 3555 5610 xui.
3606 5557 3774 5628 χωρὶς
3818 5549 3974 5608 αὑτοῦ

2408 5661 2627 5730 ἐγένετο
2653 5661 2771 5715 ούδέ
2800 5659 2892 5726 ἒν;
2917 5677 2934 5710 i
2973 5658 3081 5716 Καὶ
3129 5657 3174 5708 εἰ
3206 5653 3380 5707 πάντα
3409 5650 3473 5704 δι’
3514 5649 3698 5719 αὑτοῦ,
3730 5647 3846 5711 πῶς
3875 5642 3974 5696 τῶν
