4112 6482
187 411 231 463 57

1290 411 1664 471 ADVERSUS
1703 412 2106 473 NESTOIUUM
2148 418 2274 475 [ΑΒ.
2320 419 2384 474 ll.

3356 415 3425 469 58

184 531 229 583 δι’
266 527 415 584 αὐτοῦ
464 531 791 598 γεγονότων
842 534 1248 605 ὀψιγενέστερος
1295 538 1383 607 εῐη
1429 540 1495 590 ἂν
1549 538 1578 589 ὁ
1624 537 1732 606 πρὸ

1839 538 1949 592 fieri
1988 547 2163 608 potest
2195 549 2253 595 ut
2301 541 2463 596 rebus
2495 554 2591 609 per
2622 539 2797 609 ipsum
2846 534 3005 590 factis
3039 533 3108 588 sit
3156 542 3281 586 natu
3330 548 3426 603 po-

184 621 342 683 παντὸς
368 622 581 685 αίῶνος,
610 624 710 676 καὶ⁵
736 626 956 695 χρόνων
981 643 993 691 ;
1025 626 1084 679 Τί
1108 626 1288 679 τοίνυν
1311 628 1370 679 τὸ
1401 630 1567 681 πᾶσιν
1598 630 1731 682 ἀπό-

180 713 356 780 όλητον,
391 712 464 775 ὼς
494 714 835 783 εἰρημένον,
865 717 1159 787 είσφέρεις;
1201 716 1414 771 Παῦσαι
1460 736 1731 788 συκοφανο

180 804 258 854 τῶν
276 805 391 866 τοὺς
422 804 489 855 τὰ
517 803 635 875 [Ion
671 807 745 858 τὰ
781 807 874 879 σὰ]
904 809 1122 872 δικαίως
1151 810 1605 879 ἐπαιτιωμένους,
1639 813 1733 864 καὶ

178 895 250 964 τῆς
270 896 318 947 ἐν
341 895 519 958 αὐτοῖς
540 897 805 966 ἀμαθίας
830 900 1187 966 διαγελῶντας
1224 901 1284 953 τὸ
1322 902 1568 971 μέγεθος.
1604 904 1733 955 Ὀτε

177 987 317 1038 τοίνυν
358 987 530 1051 οὐδεὶς
569 991 599 1042 ό
634 989 830 1058 λέγων
872 992 1037 1055 ἐστὶν,
1070 992 1145 1055 ὠς
1184 993 1498 1046 ὲπιτέτοκεν
1525 997 1557 1062 ἡ
1580 995 1731 1064 Παρ-

177 1078 296 1140 Θένος
319 1081 378 1131 ὲκ
424 1079 525 1149 τῆς
565 1081 713 1145 ίδίας
755 1084 958 1153 σαρκὸς
986 1083 1083 1153 τὴν
1124 1084 1223 1151 τῆς
1262 1085 1515 1154 θεότητος
1552 1084 1731 1154 φύσιν,

176 1170 232 1236 μὴ
254 1170 506 1223 διατείνου
541 1172 764 1241 μάτην,
793 1172 1084 1241 λογισμοὺς
1106 1176 1236 1243 ἡμῖν
1261 1176 1604 1235 ἀναπλέκων,
1637 1176 1736 1229 οὐκ

174 1259 217 1322 ἐξ
243 1260 459 1328 ἀληθῶν,
516 1262 615 1314 καὶ
673 1262 888 1318 ἅπασιν
939 1265 1387 1336 ὁμολογουμένων
1443 1268 1736 1335 γεγονότας

170 1351 459 1419 λημμάτων.
487 1352 556 1405 Τί
588 1352 651 1406 δέ
690 1372 757 1408 σε
787 1355 849 1407 τὸ
880 1358 1161 1420 πεπεικὸς,
1193 1358 1425 1428 ἀκρατῆ,
1460 1360 1552 1411 καὶ
1589 1359 1735 1411 ἀπύ⁴

172 1442 309 1494 λωτόν
350 1442 491 1497 οὕτω
546 1446 797 1515 χαλάσαι
842 1446 940 1516 τὴν
993 1447 1239 1514 γλῶτταν
1270 1449 1412 1501 κατὰ
1459 1449 1568 1501 τῶν
1600 1449 1736 1518 ὀρθά

172 1539 356 1604 φρονεῖν
390 1536 899 1603 διεσπουδακότων,
938 1540 1032 1592 καὶ
1063 1540 1264 1603 παντὸς
1299 1540 1393 1593 τοῦ
1439 1541 1734 1611 σεδομένου

170 1626 279 1679 Θεοῦ
316 1627 422 1699 [fon
452 1629 617 1701 Θεὸν]
658 1630 916 1701 ἔγκλημα
950 1631 1213 1700 καταχέαι
1263 1631 1433 1685 δεινὸν
1467 1632 1562 1685 καὶ
1592 1648 1734 1701 παγ-

168 1720 411 1786 χάλεπονς
458 1722 648 1793 Ἐφης
686 1722 798 1792 γὰρ
833 1722 995 1777 πάλιν
1027 1725 1112 1777 ἐπ’
1141 1723 1473 1794 Ἐκκλησίας
1504 1742 1516 1755 ’

223 1806 412 1881 [Εἶπον
439 1812 495 1865 δὲ
551 1814 1044 1884 ήδηπλειστάκις,
1092 1819 1172 1870 ὅτι
1215 1819 1268 1870 el
1298 1834 1381 1879 τις
1428 1818 1459 1887 ἢ
1509 1820 1568 1870 ἐν
1610 1817 1738 1886 ὑμῖν

168 1901 519 1973 ἀτελέστερος,
542 1881 602 1958 εί
628 1881 698 1957 τε
729 1908 787 1958 ὲν
825 1906 1005 1970 ἀλλοις
1032 1910 1164 1971 τισὶ,
1196 1909 1375 1977 χαίρει
1393 1881 1459 1977 τῇ
1486 1904 1579 1959 τοῦ
1610 1881 1740 1960 Θίεοο
1772 1881 1813 1934 Β

165 1993 299 2055 τόκος
324 1998 498 2064 φωνῇ,
532 1996 675 2065 ὲμοὶ
716 1997 853 2066 πρὸς
896 1997 993 2067 τὴν
1022 1999 1205 2069 φωνὴν
1238 1999 1431 2067 φθόνος
1453 1999 1553 2051 οὐκ
1588 2000 1736 2052 ἐστι’

168 2085 301 2152 μόνον
332 2086 405 2157 μὴ
438 2089 684 2142 ποιείτω
718 2090 817 2159 τὴν
850 2092 1125 2162 Παρθένον
1159 2092 1333 2161 θεάν.]

764 2203 1017 2257 ΚΕΦΑΛ.
1060 2206 1117 2257 l'.

220 2311 375 2365 Πάλιν
402 2315 539 2384 ἡμῖν
565 2315 905 2387 διαλοιδορῇ,
939 2318 1033 2370 καὶ
1065 2318 1260 2388 πικρὸν
1296 2318 1467 2382 οὕτως
1501 2317 1738 2388 ἐπιθὴσῃ

168 2400 257 2472 [im
290 2405 598 2478 ὲπιθήγεις]
644 2407 841 2478 στόμα,
876 2409 1154 2474 ὀνειδίζεις
1191 2409 1247 2462 δὲ
1286 2410 1383 2481 τὴν
1411 2398 1739 2480 Συναγωγὴν

169 2496 368 2566 Κυρίου,
417 2500 567 2553 κατὰ
614 2500 682 2553 τὸ
731 2503 1156 2573 γεγραμμένον;
1204 2502 1344 2554 Ἀλλ’
1376 2503 1534 2572 ἡμεῖς
1580 2518 1665 2570 γε,
1694 2496 1739 2556 ὧ

168 2585 283 2651 ’τᾶν,
308 2591 354 2641 oi
379 2590 657 2645 Θεοτόκον
692 2592 942 2661 λέγοντες
965 2594 1137 2662 αὑτήν
1158 2609 1170 2622 ·
1194 2591 1661 2663 τεθεοποιηκαμεν
1682 2593 1737 2646 δὲ

170 2679 330 2734 οὐδένα
368 2683 595 2737 πώποτε
641 2684 750 2736 τῶν
784 2684 1080 2737 τελούντων
1125 2685 1183 2737 ὲν
1232 2686 1525 2755 κτίσμασιο
1559 2702 1739 2754 κατει-

170 2772 375 2840 θίσμεθα
416 2776 473 2829 δὲ
509 2778 654 2831 Θεὸν
708 2776 907 2830 εἰδέναι
964 2777 1055 2830 τὸν
1116 2776 1237 2841 ἕνα,
1284 2778 1380 2831 καὶ
1423 2778 1607 2846 φύσει,
1644 2780 1739 2833 καὶ

170 2862 389 2934 ἁληθῶςο
448 2868 622 2937 ἴσμεν
671 2868 725 2921 δὲ
755 2868 1040 2938 ἄνθρωπον
1090 2865 1255 2924 οὖσαν
1306 2870 1427 2923 καθ’
1465 2872 1609 2941 ἡμᾶς
1639 2870 1737 2938 τὴν

174 2958 420 3027 μακαρίαν
454 2959 767 3030 Παρθένον.
811 2960 1024 3034 Ἀλώσῃ
1050 2963 1106 3014 δὲ
1130 2962 1224 3016 καὶ
1252 2963 1354 3015 οὐκ
1382 2963 1459 3025 εἰς
1496 2964 1736 3033 μακρὰν,

172 3047 424 3118 ἄνθρωπον
456 3054 599 3123 ἡμῖν
632 3053 902 3125 Θεοφόρον
936 3054 1254 3123 ἀποφαίνων
1294 3054 1457 3117 αὐτὸς
1480 3054 1569 3106 τὸν
1608 3055 1738 3124 Ἐμ-

178 3142 412 3211 μανουὴλ,
442 3144 547 3196 καὶ
574 3143 684 3195 τῶν
720 3143 830 3197 σῶν
852 3145 1300 3216 ἐπιχειρημάτων
1328 3144 1428 3215 τὴν
1466 3146 1739 3216 κατάρρη-

178 3245 244 3281 σιν
267 3234 527 3299 ἐπιτιθεὶς
561 3234 760 3305 ἑτέρῳ.

399 3463 795 3551 ΤΟΜΟΣ
877 3462 1470 3551 ΔΕΥΤΕΡΟΣ.

244 3625 301 3681 Ἠ
330 3629 562 3698 γλῶσσα
599 3630 697 3700 μὲν
725 3627 858 3700 πῦρ,
878 3630 971 3683 καὶ
997 3628 1373 3698 ἀκατάσχετόν
1402 3630 1518 3680 ἐστι
1548 3629 1738 3693 κακὸν,

182 3719 299 3773 καθά
344 3723 667 3793 γέγραπται
688 3739 701 3753 ·
734 3722 860 3775 τάδε
893 3721 1145 3775 ἐντεῦθεν
1171 3720 1343 3791 βλάϐη
1382 3721 1741 3791 διωθούμενος

181 3810 202 3860 6
226 3808 500 3876 θεσπέσιος
524 3812 717 3881 ψάλλει
746 3811 911 3867 Δαϐίδ
931 3829 943 3842 ·
971 3832 989 3865 ι
1013 3812 1144 3879 Θού,
1164 3811 1359 3883 Κύριε,
1390 3811 1635 3884 φυλακὴν
1664 3810 1741 3883 τῷ

185 3903 382 3972 στόματί
418 3920 548 3973 μου,
569 3905 664 3958 καὶ
696 3904 865 3976 θύραν
890 3906 1153 3977 περιοχῆς
1174 3906 1303 3975 περὶ
1326 3904 1394 3957 τὰ
1419 3904 1569 3975 χείλη
1604 3920 1707 3974 μου
1725 3920 1739 3934 ⁸

186 3991 245 4061 μὴ
271 3994 525 4063 ίκκλίνῃς
560 3996 659 4063 τὴν
690 3994 922 4066 καρδίαν
953 4012 1055 4065 μου
1093 3995 1173 4057 είς
1214 3994 1407 4061 λόγους
1452 3993 1739 4064 πονηρίας,

185 4080 258 4133 τοῦ
282 4083 715 4154 προφασίζεσθαι
742 4084 1047 4155 προφάσεις
1070 4086 1129 4137 ὲν
1157 4085 1475 4155 ἁμαρτίαις.
1496 4102 1514 4135 ι
1540 4082 1613 4136 Τὸ
1644 4083 1743 4153 μὲν

184 4173 271 4243 γὰρ
292 4176 583 4246 εὐστομεῖν
612 4174 891 4239 δύνασθαι,
927 4174 1019 4227 καὶ
1048 4175 1251 4247 ἀκρισῆ
1285 4174 1383 4245 τὴν
1418 4174 1742 4245 ὲπιτήρησιν

184 4267 256 4317 ἐπὶ
284 4267 533 4335 γλώττης
564 4268 727 4337 ἔχειν,
766 4260 841 4318 ὧν
889 4265 954 4319 ἂν
990 4266 1158 4338 δεήσῃ
1188 4266 1389 4334 λέγειν,
1423 4266 1455 4336 ἢ
1490 4266 1586 4335 μὴ.
1620 4266 1741 4318 θεό-

184 4353 305 4407 δοτον
333 4355 556 4427 ἀληθῶς
575 4358 659 4426 εῐη
691 4356 785 4410 ἀν’
823 4356 917 4408 καὶ
942 4354 1003 4407 τὸ
1025 4354 1217 4425 χρῆμά
1245 4356 1392 4407 ἐστιν
1425 4355 1525 4407 οὐκ
1555 4356 1615 4407 ἑν
1651 4370 1742 4424 μι-

186 4445 280 4517 κρῷ
309 4450 477 4521 λόγῳ,
531 4449 681 4519 παρά
713 4465 777 4516 γε
830 4450 946 4509 τοῖς
1000 4446 1100 4499 οὐκ
1143 4444 1499 4514 ἀθαύμαστον
1548 4446 1741 4517 επιτηο

1836 630 2052 691 sterior.
2086 632 2177 699 qui
2214 641 2340 685 ante
2368 632 2551 686 omnia
2587 630 2782 685 secula
2830 639 2886 681 et
2920 638 3161 696 tempora
3196 638 3425 693 praees-

1837 721 1942 774 sit?
1970 720 2107 786 Quid
2136 723 2303 792 igitur
2323 722 2465 791 quod
2496 723 2563 775 ab
2586 720 2838 774 omnibus
2859 715 3128 784 rejicitur,
3164 725 3422 780 tanquam

1835 811 1905 864 sit
1938 813 2137 866 dictum
2170 814 2393 869 defers?
2428 812 2624 867 Desine
2675 825 2770 864 eos
2800 805 3122 863 calumniari
3167 804 3259 873 qui
3298 802 3423 872 jure

1837 909 1925 953 tua
1950 911 2225 967 accusant,
2250 913 2306 957 et
2334 918 2583 971 magnam
2617 902 2669 953 in
2710 899 2814 953 illis
2843 896 3129 952 stultitiam
3163 894 3412 948 irrident.

1835 992 1968 1047 Cum
2017 995 2195 1063 itaque
2240 1010 2399 1049 nemo
2434 998 2504 1049 sit
2542 994 2632 1061 qui
2666 992 2832 1055 dicat,
2877 991 3087 1045 beatam
3136 984 3413 1054 Virginem

1836 1099 1900 1139 ex
1953 1101 2049 1140 sua
2098 1102 2261 1141 carne
2308 1086 2606 1142 divinitatis
2652 1094 2900 1137 naturam
2953 1078 3265 1149 peperisse,
3313 1075 3421 1131 noli

1838 1176 2037 1233 frustra
2072 1178 2320 1232 laborare
2348 1188 2406 1231 ut
2439 1176 2886 1232 ratiocinationes
2925 1172 3082 1227 nobis
3114 1171 3329 1224 intexas
3357 1182 3422 1221 ex

1838 1271 2296 1339 suppositionibus
2312 1285 2484 1339 neque
2506 1269 2849 1337 veris,ueque
2872 1264 3011 1333 apud
3025 1277 3215 1318 omnes
3232 1260 3417 1316 certis.

1839 1365 1969 1429 Quae
2002 1378 2130 1417 vero
2159 1378 2320 1418 causa
2352 1372 2404 1417 te
2440 1361 2677 1429 impulit,
2707 1369 2767 1414 ut
2795 1359 3029 1427 linguam
3068 1355 3202 1409 adeo
3244 1354 3417 1422 impo-

1840 1464 2038 1511 tentem
2064 1465 2119 1509 et
2143 1455 2459 1509 eﬂ'renatam
2493 1454 2709 1508 laxares
2740 1451 3000 1507 adversus
3026 1461 3117 1502 eos
3145 1446 3235 1516 qui
3269 1455 3416 1499 recta

1838 1561 2031 1616 sapere
2077 1547 2433 1612 studuissent,
2462 1556 2517 1602 et
2547 1545 2803 1599 omnibus
2841 1542 2934 1597 Dei
2974 1539 3273 1596 cultoribus
3310 1537 3421 1591 cri-

1839 1655 1961 1693 men
1986 1638 2220 1694 inferres
2241 1653 2429 1709 grave,
2457 1648 2511 1692 et
2538 1636 2780 1690 omnium
2808 1629 3258 1689 atrocissimth
3288 1628 3423 1683 Nam

1840 1747 2029 1787 rursus
2061 1732 2113 1785 in
2148 1729 2391 1787 Ecclesia
2425 1730 2607 1787 dixisti
2642 1746 2656 1783 :

1912 1822 2189 1896 [Νεετοιι.
2226 1823 2340 1877 Dixi
2373 1822 2485 1891 jam
2509 1822 2728 1889 sapius,
2772 1820 2816 1875 si
2852 1819 2973 1889 quis
2999 1816 3143 1871 inter
3168 1828 3263 1869 vos
3296 1812 3427 1867 sim-

1843 1913 2059 1981 plicior,
2129 1913 2245 1966 sive
2305 1913 2450 1966 inter
2488 1925 2843 1979 quoscunque
2903 1910 3041 1964 alios
3119 1921 3251 1960 voce
3301 1903 3426 1967 hac,

1844 2004 1933 2059 Dei
1968 2003 2224 2073 genitrix,
2276 2003 2493 2071 gaudet,
2552 2000 2693 2069 apud
2742 2015 2831 2054 me
2864 1999 3009 2053 nulla
3058 1996 3241 2052 estde
3296 2008 3429 2050 voce

1841 2096 2149 2151 dissensio:
2180 2105 2399 2150 tantum
2435 2108 2503 2149 ne
2528 2090 2804 2161 Virginem
2840 2090 2998 2145 deam
3064 2083 3286 2150 faciat.]

2517 2203 2673 2260 CAP.
2700 2203 2770 2258 Χ.

1915 2320 2124 2375 Rursus
2182 2319 2342 2374 nobis
2398 2317 2744 2382 conviciaris,
2792 2328 2850 2373 et
2909 2316 3304 2371 amarulentum
3362 2330 3427 2371 os

1840 2411 2041 2480 infigis,
2085 2410 2386 2476 exprobras
2416 2412 2581 2464 etiam
2624 2409 2882 2465 Ecclesiae
2916 2408 3152 2473 Domini,
3200 2418 3256 2463 ut
3288 2409 3427 2463 scri-

1841 2513 1987 2573 ptum
2018 2510 2102 2557 est
2134 2502 2221 2555 "‘3
2254 2501 2452 2557 Verum
2516 2516 2636 2565 nos,
2673 2516 2706 2555 ο
2737 2502 2821 2555 vir
2844 2502 3083 2570 egregie,
3135 2502 3226 2570 qui
3278 2501 3426 2554 illam

1842 2596 1935 2651 Dei
1971 2595 2290 2666 genitricem
2316 2596 2569 2657 dicimus,
2602 2596 2871 2649 neminem
2900 2608 3138 2660 unquam
3170 2593 3260 2661 qui
3287 2594 3429 2647 inter

1839 2698 2122 2743 creaturas
2155 2698 2491 2752 censeretur,
2537 2687 2703 2741 Deum
2743 2683 3012 2745 fecimus;
3067 2692 3229 2751 atque
3284 2682 3427 2737 hunc

1840 2796 2046 2835 morem
2099 2790 2364 2845 tenemus,
2416 2788 2475 2833 ut
2531 2779 2699 2832 Deum
2760 2776 3000 2831 sciamus
3074 2777 3222 2829 illum
3260 2792 3425 2829 unum

1840 2884 1893 2929 et
1957 2882 2152 2927 natura
2197 2880 2254 2927 et
2306 2886 2435 2927 vere
2472 2870 2640 2925 Deum
2678 2888 2690 2923 :
2722 2871 2929 2924 scimus
2991 2870 3157 2923 etiam
3214 2868 3423 2923 beatam

1842 2966 1985 3020 illam
2042 2964 2318 3035 Virginem
2375 2964 2649 3018 hominem
2698 2961 2863 3017 fuisse
2931 2961 3101 3015 nostri
3165 2961 3421 3014 similem.

1843 3056 1948 3111 Sed
1988 3056 2099 3125 ipse
2126 3071 2224 3111 nec
2254 3056 2424 3110 multo
2452 3065 2577 3125 post
2619 3053 3045 3123 deprehenderis
3092 3052 3268 3120 ipsum
3304 3050 3428 3104 Ent-

1843 3144 2143 3199 manuelem
2199 3146 2477 3201 hominem
2548 3144 2703 3198 nobis
2760 3142 3034 3197 Deifernm
3112 3141 3430 3210 praedicare,

1768 3228 1810 3284 C
1848 3246 2170 3305 tuorumque
2221 3246 2669 3305 argumentorum
2714 3233 3218 3289 cumlemnatiunete
3274 3228 3433 3285 alteri

1846 3326 2103 3381 tribuere.

2055 3474 2305 3568 TOM
2329 3477 2463 3566 US
2534 3474 3206 3565 SECUNDUS.

1916 3628 2009 3683 Est
2030 3628 2230 3697 lingua,
2264 3625 2407 3680 sicut
2442 3623 2703 3693 scriptum
2741 3634 2822 3679 est
2850 3625 2915 3687 ",
2957 3623 3114 3691 ignis,
3165 3631 3219 3677 et
3269 3623 3433 3678 effre-

1844 3727 2028 3772 natum
2077 3716 2297 3781 malum,
2347 3713 2503 3780 cujus
2534 3726 2593 3768 ut
2643 3714 2985 3768 incommoda
3016 3716 3213 3770 vitaret
3247 3715 3433 3783 psallit

1843 3811 2033 3864 beatus
2062 3807 2226 3862 David
2260 3824 2273 3861 :
2311 3824 2330 3858 ι
2363 3806 2529 3873 Pone,
2560 3807 2805 3872 Domine,
2824 3809 3125 3860 custodiam
3163 3807 3244 3861 ori
3288 3822 3431 3874 meo,

1843 3910 1897 3956 et
1927 3901 2124 3956 ostium
2156 3898 2587 3954 circumstantia:
2631 3898 2787 3953 labiis
2820 3899 2959 3952 meis
2999 3917 3011 3952 :
3047 3914 3151 3952 non
3193 3900 3431 3955 declines

1844 4008 1940 4048 cor
1984 4006 2161 4045 meum
2194 3992 2247 4043 in
2290 3991 2455 4045 verba
2490 3992 2735 4057 malitize,
2789 3992 2856 4045 ad
2892 3992 3235 4046 excusandas
3265 4006 3433 4046 excu-

1844 4084 2085 4140 sationes
2115 4082 2166 4136 in
2193 4083 2431 4152 peccatis
2463 4082 2531 4137 ".
2568 4100 2589 4135 a
2627 4080 2762 4136 Nam
2798 4095 2948 4137 recte
2973 4084 3085 4137 oris
3117 4083 3294 4137 ollicio
3329 4084 3430 4149 uti,

1842 4186 1896 4231 et
1924 4174 2165 4244 diligenti
2208 4177 2461 4228 cautione
2500 4174 2773 4228 moderari
2800 4174 3041 4245 linguam
3089 4177 3431 4230 observando

1842 4266 1971 4335 quid
2002 4263 2289 4318 dicendum
2336 4262 2429 4327 sit,
2477 4263 2588 4333 30
2625 4264 2754 4332 quid
2788 4265 3147 4327 reticendum,
3184 4265 3429 4319 divinum

1843 4355 2000 4426 plane
2054 4368 2248 4407 munus
2272 4364 2378 4415 est.
2430 4364 2485 4408 et
2538 4369 2626 4409 res
2688 4355 2828 4408 haud
2872 4355 3307 4424 parvipemlenda
3365 4355 3429 4409 iis

1842 4457 1991 4501 certe
2036 4446 2126 4514 qui
2178 4461 2302 4499 cum
2353 4444 2513 4499 laude
2582 4446 2750 4498 vitam
2801 4446 3000 4501 ducere
3066 4447 3287 4502 student
3327 4468 3338 4501 :
3373 4456 3429 4501 ut

184 4537 372 4594 δεύουσι
407 4541 706 4594 πολιτείαν.
724 4539 797 4593 Τό
825 4557 887 4608 γε
914 4537 1020 4609 μὴν
1046 4536 1281 4608 προαλὲς
1300 4536 1377 4601 είς
1399 4535 1620 4605 λόγους,
1645 4537 1739 4591 καὶ

1842 4549 2051 4601 contra,
2079 4536 2165 4590 illa
2199 4550 2441 4607 prmceps
2471 4537 2522 4589 in
2554 4536 2825 4605 loquendo
2850 4539 3154 4597 temeritas.
3192 4548 3247 4591 et
3269 4536 3429 4593 etfre-

186 4630 231 4683 τὸ
253 4634 501 4703 ἀχάλινον
527 4632 605 4695 είς
631 4631 938 4702 τερθρείας,
976 4628 1219 4682 κινδύνου
1258 4627 1479 4699 μεστὸν,
1513 4627 1608 4680 καὶ
1655 4628 1737 4689 εις

187 4723 436 4797 πέταυρον
474 4725 600 4795 ᾅδου
634 4723 744 4791 (l0)
778 4720 1139 4790 κατακομίζει
1170 4719 1300 4781 τοὺς
1334 4717 1733 4788 κεχρημένους.

187 4814 476 4887 Γέγραπται
502 4816 580 4875 δὲ,
608 4815 689 4868 ὅτι
717 4814 965 4877 θάνατος,
1000 4814 1094 4866 καὶ
1139 4812 1251 4882 ζωὴ
1283 4812 1341 4864 ὲν
1375 4813 1519 4882 χειρὶ
1558 4811 1735 4878 γλώσο

186 4918 296 4974 σης·
322 4908 371 4959 oi
405 4906 458 4959 δὴ
496 4904 822 4977 κρατοῦντες
853 4902 1040 4971 αὐτῆς,
1078 4900 1284 4956 ἔδονται
1324 4902 1451 4965 τοὺς
1493 4903 1737 4973 καρποὺς

185 4996 354 5067 αὐτῆς.
384 4995 826 5069 Προσπεφώνηκε
876 4995 932 5049 δὲ
964 4996 1059 5047 καὶ
1092 4994 1278 5067 ἕτερός
1323 5010 1407 5054 τις
1448 4996 1579 5065 ἡμῖν
1624 4993 1734 5048 τῶν

185 5087 378 5155 σοφῶν·
422 5109 441 5141 s
478 5089 542 5142 El
576 5086 673 5158 μὲν
707 5086 820 5140 ἔστι
871 5104 953 5139 σοι
995 5085 1153 5154 λόγος
1182 5085 1471 5150 συνέσεως,
1506 5088 1737 5159 ἀποκρί-

183 5175 315 5244 θητι·
352 5182 398 5233 εί
443 5181 499 5233 δὲ
537 5179 634 5249 μὴ,
682 5180 803 5249 χεὶρ
852 5178 993 5231 ἔστω
1022 5178 1114 5231 ἐπὶ
1146 5161 1233 5249 τῷ
1282 5178 1508 5246 στόματί
1559 5195 1673 5233 σου.
1711 5198 1728 5231 ι

192 5266 441 5335 Ἀμαθοῦς
488 5269 597 5339 γὰρ
652 5269 810 5335 λόγου
850 5267 963 5332 πῶς
1000 5268 1100 5320 οὐκ
1143 5267 1385 5339 ἀμείνων
1432 5269 1465 5337 ἡ
1516 5271 1733 5340 σιωπή;
1794 5308 1795 5311 η

248 5444 284 5475 ⁷⁵
310 5445 321 5496 l
352 5446 479 5516 Reg.
514 5462 646 5509 xvn,
678 5446 768 5501 45.

1844 4642 2001 4684 natus
2026 4630 2091 4681 ad
2134 4643 2306 4697 nugas
2364 4626 2717 4683 effundendas
2772 4629 3007 4696 impetus
3050 4627 3293 4697 periculo
3324 4642 3427 4683 non

1843 4730 2016 4783 caret,
2042 4730 2098 4774 et
2137 4720 2189 4772 in
2248 4720 2609 4788 praecipitium
2664 4718 2861 4774 inferni
2908 4720 3149 4773 hosnines
3186 4735 3250 4773 eo
3277 4736 3428 4776 more

1842 4812 2096 4882 praeditos
2143 4812 2341 4867 defert.
2397 4811 2671 4880 Scriptum
2714 4822 2795 4866 est
2844 4812 3031 4873 etiam,
3085 4822 3315 4865 mortem
3364 4827 3428 4867 ac

1840 4907 2008 4958 vitam
2040 4918 2160 4959 esse
2196 4904 2247 4958 in
2282 4920 2444 4958 manu
2490 4904 2706 4972 linguae,
2746 4916 2802 4958 et
2844 4905 2935 4973 qui
2967 4904 3108 4957 illam
3144 4906 3425 4970 cohibent,

1842 4997 2005 5051 edere
2035 4995 2243 5051 fructus
2272 4999 2393 5066 ejus
2419 4997 2487 5051 ⁷³.
2519 4996 2669 5050 Alius
2693 4997 2859 5049 etiam
2892 4997 3117 5063 sapiens
3144 5011 3244 5049 nos
3293 4997 3428 5050 allo-

1842 5095 1998 5139 cutus
2035 5095 2157 5139 est:
2214 5105 2231 5138 ι
2275 5086 2330 5141 Si
2368 5102 2553 5141 revera
2592 5094 2675 5141 est
2717 5087 2812 5141 tibi
2861 5102 3042 5141 sermo
3102 5088 3423 5156 prudentiae,

1845 5183 2152 5247 responde:
2185 5181 2267 5233 sin
2320 5182 2516 5241 minus,
2563 5191 2756 5231 manus
2789 5179 2860 5233 sit
2889 5180 2952 5232 ad
3005 5194 3068 5233 os
3119 5180 3355 5233 tuum".
3400 5199 3417 5232 ι

1844 5270 1977 5325 Nam
2030 5273 2194 5325 stulto
2236 5270 2473 5325 sermoni
2530 5269 2922 5339 praeferendum
2979 5283 3103 5324 esse
3148 5270 3423 5325 silentium

846 5442 1027 5499 "Jac.
1063 5458 1142 5511 tu,
1175 5444 1297 5500 5-8.
1378 5442 1423 5477 ’⁷
1448 5445 1591 5501 Psal.
1621 5463 1739 5513 (ιη,

1859 5449 1910 5503 tl.
1989 5449 2035 5481 "
2062 5447 2220 5504 Prov.
2262 5462 2417 5515 xvm,
2452 5450 2544 5505 2|.
2622 5451 2669 5481 "
2697 5448 2863 5504 Eecli.
2898 5463 2947 5512 ν,
2980 5449 3067 5501 N.

1425 5603 1584 5661 ΔΝΤ.
1626 5605 1900 5662 AGELLll
1940 5606 2174 5664 ΝΟΤιΕ.

208 5830 213 5834 θ
250 5764 344 5830 (10)
368 5763 419 5818 lu
446 5762 753 5819 Promrbiis
784 5760 990 5836 estltoc
1014 5774 1206 5817 nomen
1236 5761 1467 5832 positum
1494 5775 1613 5831 cap.
1675 5776 1749 5829 rx,
1792 5778 1930 5820 vers.
1980 5764 2063 5829 l8,
2092 5764 2179 5821 ubi
2205 5763 2393 5821 Latina
2426 5765 2804 5836 interpretatio
2837 5765 2997 5825 habet
3031 5784 3043 5823 :
3088 5764 3148 5821 Et
3193 5767 3248 5821 in
3285 5783 3409 5836 pru-

198 5831 338 5889 t’undu
362 5837 546 5900 infant
577 5836 813 5889 conviva:
848 5831 978 5899 ejus-
