4112 6480
707 422 776 479 59
1684 421 1743 477 S.
1781 420 2051 475 CYRILLI
2095 422 2567 479 ALEXANDRINI
2609 424 2926 480 ARCIIIEP.
3896 422 3967 476 60

706 534 792 589 cui
834 532 906 590 sit
955 532 1230 589 dubium?
1278 532 1384 591 Res
1435 539 1763 591 exsecranda
1825 540 2092 609 praecipue
2127 556 2273 595 acer-

2390 544 2696 615 Ἐπάρατον
2725 545 2782 597 δὲ
2810 546 2903 598 καὶ
2927 544 3128 616 ἑτέρως
3155 544 3217 597 τὺ
3250 544 3477 614 πικροὺς
3506 543 3838 614 ὲρεύγεσθαι
3881 544 3967 596 λό-

708 627 927 680 bitatetn
955 625 1240 679 verborum
1296 636 1567 692 eructare,
1611 636 1667 682 et
1706 628 1928 696 impium
1975 646 2277 686 sermonem

706 715 969 768 adversus
997 713 1319 769 ineffabilem
1356 715 1497 768 illam
1543 716 1765 787 gloriam
1797 718 2091 783 ell'undere,
2116 737 2277 791 quam

707 802 982 873 perpetuis
1010 817 1038 856 a
1100 804 1253 859 nobis
1290 804 1547 860 celebrari
1596 806 1849 863 laudibus
1896 826 2105 879 aequum
2139 822 2275 867 erat.

708 890 1005 948 Peccautes
1066 904 1244 948 autem
1272 896 1323 949 in
1378 894 1594 963 fratres,
1638 908 1693 951 et
1722 901 2083 967 percutientes
2130 903 2280 957 iniir-

712 998 851 1037 mam
883 999 1067 1038 eorum
1119 988 1523 1053 conscientiam,
1568 990 1621 1043 in
1652 990 1921 1044 Christum
1970 1009 2275 1062 peccamus.

709 1074 803 1129 Sic
833 1090 1065 1144 namque
1093 1074 1281 1131 beatus
1307 1077 1505 1134 Paulus
1547 1080 1764 1149 scripsit
1793 1082 1858 1134 ”.
1892 1084 2041 1149 Quod
2074 1086 2276 1141 idcirco

708 1167 853 1229 dico,
881 1168 1006 1235 quia
1024 1167 1074 1219 in
1100 1168 1357 1235 quosdam
1393 1170 1556 1224 incidi
1584 1171 1813 1227 Nestorii
1837 1189 2114 1231 sermones
2136 1216 2150 1239 ,
2181 1192 2277 1231 nec

707 1258 1079 1311 tantummodo
1109 1257 1255 1311 illum
1287 1274 1484 1329 negare
1536 1261 1693 1316 video
1751 1264 2028 1319 dicendam
2059 1282 2087 1319 a
2123 1268 2277 1322 nobis

707 1358 952 1401 sanctam
973 1346 1118 1402 illam
1151 1349 1425 1418 Virginem
1456 1366 1575 1407 esse
1600 1352 1691 1407 Dei
1726 1363 2042 1419 matrem,et
2068 1358 2279 1412 Emma-

709 1435 919 1490 nuelem
980 1438 1253 1506 peperisse
1308 1441 1399 1509 qui
1436 1440 1574 1496 Deus
1608 1454 1748 1509 erat,
1778 1447 1871 1499 sed
1905 1447 2025 1502 aliis
2062 1464 2279 1519 quoque

707 1527 883 1581 modis
932 1527 1131 1583 Christi
1198 1529 1382 1599 gloriae
1451 1534 1728 1589 adversari
1800 1540 2105 1595 statuisse:
2153 1556 2275 1595 nam

707 1617 980 1673 Deiferum
1011 1619 1159 1674 illum
1185 1622 1337 1677 nobis
1369 1632 1602 1679 conatur
1648 1628 1957 1695 ostendere.
2009 1645 2113 1684 non
2150 1647 2277 1686 vere

708 1704 898 1771 Deum,
957 1708 1051 1762 sed
1109 1709 1381 1766 hominem
1439 1714 1617 1782 potius
1678 1730 1798 1770 cum
1856 1718 1965 1773 Deo
2022 1729 2274 1789 tanquam

706 1797 1016 1866 mqualitate
1046 1800 1324 1869 dignitatis
1380 1802 1746 1870 conjunctum.
1792 1807 1885 1862 Sic
1939 1824 2171 1879 namque
2201 1812 2272 1866 illi

706 1895 762 1941 et
788 1889 1004 1957 quidem
1032 1890 1131 1945 soli
1158 1892 1319 1947 aliter
1345 1902 1507 1962 atque
1536 1898 1789 1952 omnibus
1818 1899 1939 1954 aliis
1965 1900 2273 1957 hominibus
2307 1889 2349 1944 Β

705 1978 908 2033 sentire
930 1993 995 2033 ac
1015 1980 1193 2036 dicere
1211 1982 1404 2052 placet,
1433 1987 1683 2052 quamvis
1716 1991 1983 2044 catholica
2012 1992 2275 2059 Ecclesia,

707 2082 869 2137 quam
915 2068 1019 2125 sibi
1066 2072 1181 2138 ipse
1208 2071 1460 2129 Christus
1496 2076 1833 2146 exhibuit“,
1868 2095 2025 2152 rugas
2045 2083 2277 2140 hominis

706 2160 797 2228 qui
833 2160 960 2215 talia
995 2164 1343 2233 conscripsit,
1384 2180 1489 2220 non
1533 2167 1751 2234 habeat,
1784 2185 1905 2225 cum
1956 2174 2028 2227 sit
2084 2175 2275 2229 imma-

708 2249 906 2315 culata,
924 2260 977 2306 et
1000 2253 1141 2308 illius
1155 2256 1709 2325 cognitionemomnis
1736 2276 1957 2329 prorsus
1988 2267 2276 2333 reprehen-

705 2338 875 2394 sionis
896 2349 1172 2407 expertem
1196 2352 1394 2407 teneat,
1425 2359 1487 2400 ac
1517 2345 1642 2401 ildei
1687 2350 2032 2408 traditionem
2084 2356 2275 2410 rectis-

706 2429 841 2484 sime
855 2433 1243 2500 composuerit.
1262 2434 1545 2493 Credimus
1569 2454 1798 2510 namque
1826 2443 1877 2496 in
1899 2460 2060 2498 unum
2084 2446 2273 2510 Deum,

706 2518 920 2576 Patrem
954 2524 1398 2593 omnipotentem,
1439 2531 1679 2585 omnium
1725 2534 2011 2588 visibilium
2052 2547 2103 2591 et
2139 2538 2275 2591 invi-

705 2610 940 2665 sibilium
983 2614 1245 2669 factorem
1276 2633 1293 2671 :
1326 2626 1380 2672 et
1431 2620 1484 2673 in
1537 2636 1701 2675 unum
1760 2622 2046 2678 Dominum
2095 2626 2275 2682 Jesum

706 2700 1004 2767 Christum,
1032 2715 1086 2758 et
1133 2704 1189 2759 in
1235 2706 1493 2776 Spiritum
1536 2721 1781 2766 sanctum
1822 2732 1835 2776 ;
1878 2729 1939 2769 ac
1989 2730 2277 2784 sequentes

705 2802 1013 2848 sanctorum
1049 2794 1271 2852 Patrum
1317 2799 1711 2858 confessionem
1774 2805 1857 2859 his
1911 2806 2274 2875 subjuuctam,

706 2883 879 2952 ipsum
904 2884 1139 2942 Verbum
1170 2903 1237 2944 ex
1266 2890 1377 2947 Deo
1399 2892 1561 2948 Patre
1589 2896 2022 2952 substantialiter
2066 2912 2274 2965 natum,

706 2975 877 3029 nostri
898 2976 1130 3033 similem
1168 2979 1365 3036 factum
1390 2997 1512 3038 esse
1538 2984 1791 3051 dicimus,
1827 2996 1883 3041 et
1914 2988 2275 3055 incarnatum,

704 3076 762 3121 et
794 3066 1065 3124 hominem
1094 3069 1321 3137 iactum,
1357 3074 1459 3128 hoc
1486 3085 1589 3142 est,
1626 3077 1728 3131 sibi
1755 3093 1952 3148 corpus
1978 3084 2275 3151 sumpsisse

2380 652 2531 703 γους,
2568 637 2660 688 καὶ
2687 637 2786 706 τῆς
2819 637 3129 709 ἀπορρήτου
3165 636 3322 707 δόξης
3349 634 3610 704 καταχέαι
3632 634 3826 702 φωνὰς
3858 635 3965 695 τάς

2380 726 2721 797 ἀλιτηρίους·
2773 726 2949 780 καίτοι
2989 726 3107 780 δέον
3148 726 3546 797 ἀκαταλήκτοις
3574 725 3742 795 αὐτὴν
3783 726 3966 794 εὐφηο

2383 818 2535 887 μίαις
2580 818 3076 888 καταγεραίρεσθαι
3125 818 3261 889 πρὸς
3299 808 3476 887 ήμῶν.
3513 816 3964 887 Ἀμαρτάνοντες

2377 910 2434 963 δὲ
2462 911 2539 973 είς
2578 912 2704 974 τοὺς
2735 910 3017 979 ἀδελφοὺς,
3054 910 3148 963 καὶ
3172 909 3462 973 τύπτοντες
3492 908 3832 962 ἀσθενοῦσαν
3858 906 3962 975 τὴν

2380 1000 2700 1069 συνείδησιν,
2742 1002 2822 1063 είς
2863 999 3094 1069 Χριστὸν
3126 1000 3531 1070 ἁμαρτάνομεν.
3557 998 3813 1068 Γέγραφε
3845 997 3959 1067 γάρ

2376 1092 2547 1154 οῦτως
2574 1093 2602 1143 ό
2629 1093 2917 1154 Θεσπέσιος
2941 1091 3171 1154 Παῦλος.
3195 1092 3303 1144 Καὶ
3324 1091 3493 1145 ταῦτά
3513 1107 3675 1160 φημι,
3699 1092 3823 1151 τοῖς
3852 1090 3962 1141 Na-

2379 1184 2592 1254 στορίου
2637 1183 2815 1251 λόγοις
2871 1181 3277 1253 ἑντετυχηκώςο
3315 1182 3410 1235 καὶ
3460 1182 3521 1233 ού
3571 1183 3728 1250 μόνον
3787 1180 3960 1232 αὐτόν

2376 1274 2763 1343 ἀποφάσκοντα
2789 1274 2998 1343 βλέπων
3025 1274 3085 1326 τὸ
3112 1275 3307 1343 χρῆναι
3334 1272 3513 1341 λέγειν
3542 1274 3708 1343 ἡμᾶς,
3730 1272 3813 1334 ὼς
3838 1271 3959 1323 ἔστι

2381 1365 2479 1435 μὲν
2519 1366 2781 1427 Θεοτόκος
2808 1367 2840 1433 ἡ
2889 1364 3021 1435 ἀγία
3067 1365 3363 1434 Παρθένος,
3414 1363 3669 1416 ὲκτέτοκε
3707 1363 3768 1415 δὲ
3816 1361 3959 1414 Θεὸν

2376 1454 2503 1508 ὅντα
2546 1456 2637 1508 τὸν
2692 1453 3037 1524 Ἐμμανουήλ
3061 1492 3078 1519 ,
3130 1454 3266 1507 ἀλλά
3317 1453 3424 1524 γὰρ
3464 1452 3544 1505 ἔτι
3596 1452 3733 1523 πρὸς
3772 1452 3958 1519 τούτῳ

2377 1545 2471 1597 καὶ
2499 1544 2619 1597 καθ’
2650 1545 2873 1615 ἐτέρους
2902 1543 3137 1615 τρόπους
3160 1546 3227 1613 τῇ
3265 1542 3501 1613 Χριστοῦ
3534 1541 3660 1612 δόξῃ
3683 1543 3958 1610 πολεμεῖν

2377 1636 2684 1703 ἐγνωκότα·
2722 1636 2990 1705 Θεοφόρον
3018 1634 3127 1705 γάρ
3161 1635 3292 1705 ἡμῖν
3340 1633 3504 1687 αὑτὸν
3541 1634 3806 1703 πειρᾶται
3837 1633 3953 1685 δει-

2376 1726 2577 1790 κνύειν,
2603 1728 2696 1780 καὶ
2722 1727 2843 1795 οὑχῖ¹
2871 1727 3002 1779 Θεὸν
3030 1724 3267 1795 ἀληθῶς,
3288 1723 3572 1795 ἄνθρωπον
3599 1723 3653 1776 δὲ
3675 1724 3802 1793 Θεῷ
3828 1740 3957 1775 συν-

2377 1820 2644 1889 ημμένον,
2667 1818 2743 1881 ὡς
2770 1821 2827 1871 ὲν
2866 1817 3068 1887 ίσότητι
3093 1817 3193 1887 τῆς
3236 1816 3412 1881 ἀξίας.
3442 1814 3597 1869 Οὕτω
3623 1816 3730 1885 γάρ
3773 1815 3952 1883 αὐτῷ,

2379 1909 2471 1961 καὶ
2500 1908 2663 1979 μόνῳ,
2691 1907 2844 1979 παρά
2877 1909 3084 1969 πάντας
3104 1907 3231 1968 τοὺς
3257 1904 3448 1967 ἀλλους
3474 1905 3621 1957 δοκεῖ
3644 1906 3871 1974 φρονεῖν
3894 1920 3954 1955 τε

2378 1998 2473 2051 καὶ
2499 1998 2705 2065 λέγειν·
2736 1998 2913 2051 καίτοι
2931 1998 3031 2066 τῆς
3059 1995 3353 2066 καθολικῆς
3381 1993 3724 2064 Ἐκκλησίας,
3748 1996 3820 2065 ἦν
3851 1994 3953 2046 αὺ-

2375 2088 2465 2151 τδς
2493 2088 2670 2158 ἑαυτῷ
2704 2087 3051 2159 παρέστησεν
3074 2088 3103 2139 ὁ
3134 2086 3389 2155 Χριστὸς,
3423 2084 3523 2147 τὰς
3549 2084 3643 2137 τοῦ
3671 2083 3741 2137 τά
3770 2083 3955 2137 τοιάδ(

2379 2179 2818 2247 συγγεγραφότος
2842 2178 2942 2230 οὐκ
2963 2175 3193 2248 ἐχούσης
3217 2175 3633 2245 ρυτίδας,οῦσης
3658 2175 3713 2227 δὲ
3747 2176 3955 2245 μᾶλλον

2376 2270 2631 2339 ἀμώμου,
2662 2270 2757 2322 καὶ
2795 2267 3198 2337 ἀνεπίπληκτον
3227 2267 3506 2329 παντελῶς
3538 2266 3639 2337 τὴν
3670 2268 3758 2319 ἐπ’
3801 2266 3955 2335 αῦτῷ

2375 2358 2578 2427 γνῶσιν
2609 2356 2859 2428 ἐχούσης,
2897 2357 2991 2409 καὶ⁹
3032 2359 3132 2422 τῆς
3168 2356 3400 2419 πίστεως
3430 2354 3529 2424 τὴν
3556 2352 3859 2423 παράδοσιν
3894 2349 3952 2405 εὖ

2379 2449 2523 2518 μάλα
2568 2448 2961 2517 πεποιημένης.
3005 2445 3342 2516 Πιστεύομεν
3384 2446 3493 2516 γάρ
3537 2446 3615 2508 είς
3656 2444 3754 2498 ἕνα
3793 2443 3950 2507 Θεὸν,

2376 2538 2594 2611 Πατέρα
2622 2539 3054 2608 παντοκράτορα,
3090 2538 3305 2591 πάντων
3331 2536 3539 2607 ὁρατῶν
3572 2551 3629 2586 τε
3653 2535 3747 2587 καὶ
3779 2535 3951 2604 ἀορά-

2375 2624 2484 2681 των
2511 2629 2775 2697 ποιητήν·
2813 2628 2906 2680 καὶ
2937 2628 3017 2689 είς
3058 2626 3155 2679 ἕνα
3190 2624 3394 2695 Κύριον
3438 2622 3643 2694 Ἰησοῦν
3680 2622 3776 2675 τὸν
3810 2623 3951 2691 Χρι-

2378 2720 2532 2772 στόν·
2583 2718 2677 2771 καὶ
2729 2720 2809 2781 είς
2855 2716 2917 2770 τὸ
2959 2716 3187 2787 Πνεῦμα
3224 2716 3288 2769 τὸ
3333 2717 3506 2784 ἅγιον.
3569 2715 3860 2785 Ἐπόμενοι
3894 2714 3951 2766 δὲ

2375 2819 2494 2879 ταῖς
2532 2816 2741 2878 τούτοις
2792 2812 3255 2885 ὲπενηνεγμέναις
3314 2813 3422 2865 τῶν
3461 2812 3631 2880 ἁγίων
3683 2811 3951 2879 Πατέρων

2374 2904 2701 2975 ὁμολογίαις,
2747 2904 2911 2957 αὐτὸν
2940 2904 3030 2956 τὸν
3061 2904 3125 2956 ὲκ
3154 2902 3248 2954 τοῦ
3290 2900 3423 2953 Θεοῦ
3452 2902 3546 2955 καὶ
3586 2900 3802 2969 Πατρὸς
3831 2901 3928 2951 οῦ-

2377 2995 2582 3058 σιωδῶς
2614 2994 2787 3062 φύντα
2840 2994 3039 3062 Λόγον,
3072 2993 3192 3046 καθ’
3239 2993 3385 3062 ἡμᾶς
3436 2992 3689 3059 γενέσθαι
3740 2989 3947 3058 φαμὲν,

2378 3084 2725 3153 σαρκωθῆναί
2794 3100 2853 3135 τε
2923 3084 3021 3135 καὶ
3090 3082 3549 3152 ὲνανθρωπῆσαι,
3622 3080 3948 3139 τουτέστιν,

704 3171 769 3211 ex
798 3168 984 3213 sancta
1013 3158 1256 3230 Virgine,
1289 3172 1344 3217 et
1371 3180 1527 3219 suum
1584 3167 1711 3222 illud
1746 3168 1941 3225 fecisse
1974 3186 1989 3223 :
2016 3187 2137 3226 nam
2171 3174 2273 3229 hoc

2378 3176 2553 3246 ἑαυτῷ
2614 3176 2771 3246 σῶμα
2816 3175 2999 3229 λαϐεῖν
3053 3177 3117 3229 ὲκ
3167 3177 3265 3245 τῆς
3315 3174 3476 3241 ἁγίας
3527 3172 3811 3241 Παρθένου
3859 3170 3950 3222 καὶ

705 3249 864 3304 modo
905 3249 965 3305 lit
1010 3260 1069 3306 ut
1108 3268 1237 3309 vere
1269 3270 1408 3311 unus
1439 3258 1509 3312 sit
1542 3256 1799 3314 Dominus
1822 3260 1981 3317 Jesus
2002 3263 2271 3333 Christus,

2380 3235 2708 3319 {atov'aﬁ‘tb'
2736 3266 3095 3335 ποιήσασθαι·
3145 3235 3287 3317 οὕτω
3325 3235 3435 3334 γάρ
3481 3235 3631 3314 ἐσται
3684 3263 3779 3314 καὶ
3818 3260 3946 3329 ἀλη-

706 3338 809 3394 huc
831 3340 988 3396 modo
1013 3342 1161 3397 illum
1186 3353 1243 3398 ut
1275 3362 1436 3401 unum
1479 3347 1844 3415 adorabimus,
1881 3353 1926 3406 si
1963 3368 2069 3407 nou
2105 3355 2277 3409 homi-

705 3444 831 3483 nem
864 3445 927 3486 ac
956 3431 1123 3487 Deum
1158 3438 1384 3491 seorsim
1416 3453 1699 3507 ponamus,
1734 3444 1827 3495 sed
1857 3458 2019 3497 unum
2040 3453 2095 3498 et
2133 3459 2280 3499 eum-

704 3523 826 3576 dem
859 3538 983 3577 esse
1044 3527 1330 3582 credamus
1374 3527 1428 3581 itt
1490 3529 1772 3585 divinitate
1812 3540 1866 3584 et
1923 3534 2275 3599 humanitate,

706 3614 807 3669 hoc
838 3624 942 3678 est,
987 3614 1089 3683 31
1140 3616 1306 3669 Deum
1361 3618 1520 3672 simul
1569 3629 1625 3673 et
1682 3620 1979 3676 hominem.
2031 3626 2104 3678 At
2151 3641 2277 3681 vero

705 3713 890 3757 noster
919 3704 1007 3759 hic
1032 3706 1419 3761 recentissima:
1458 3708 1752 3777 impietatis
1784 3712 2052 3779 inventor,
2086 3731 2278 3785 quam-

704 3794 787 3847 vis
819 3793 1095 3849 Christum
1130 3812 1296 3851 unum
1325 3813 1385 3853 se
1405 3799 1583 3855 dicere
1603 3800 1839 3868 simulet,
1872 3813 2050 3859 tamen
2078 3807 2278 3877 ubique

706 3892 932 3939 naturas
965 3886 1177 3952 dividit,
1202 3897 1256 3941 et
1292 3891 1515 3943 seorsim
1545 3901 1829 3962 utramque
1856 3896 2027 3961 ponit,
2063 3900 2279 3953 asserit-

707 3990 815 4042 que
868 3990 973 4031 non
1014 3976 1133 4033 illas
1171 3980 1313 4035 inter
1344 3996 1403 4035 se
1446 3996 1571 4039 vere
1608 3986 1961 4051 convenisse,
2006 3990 2099 4043 sed
2147 4004 2278 4058 pra:-

709 4063 1237 4123 texitexcusationes
1272 4085 1334 4124 ac
1353 4082 1646 4141 praetextus
1683 4074 1739 4128 in
1776 4077 2032 4144 peccatis,
2070 4088 2129 4133 ut
2151 4082 2280 4133 scri-

709 4164 857 4225 ptum
901 4167 984 4211 est
1025 4158 1092 4222 ",
1145 4172 1199 4214 et
1256 4163 1470 4216 modum
1528 4167 1815 4232 quemdam
1882 4167 2279 4236 conjunctiouis

710 4250 1160 4321 comminiscitur,
1213 4252 1359 4308 illum
1404 4271 1595 4326 nempe
1633 4258 1927 4312 secundum
1987 4259 2177 4328 solam,
2224 4270 2281 4315 nt

715 4339 845 4401 dixi,
881 4341 1159 4408 dignitatis
1212 4346 1593 4412 mqualitatem,
1658 4357 1716 4401 nt
1752 4363 1817 4401 ex
1868 4350 2036 4416 ipsius
2095 4352 2279 4406 verbis

712 4428 869 4498 plane
898 4432 1233 4498 docebimus,
1261 4442 1316 4488 et
1353 4443 1605 4503 tanquam
1647 4438 1696 4491 in
1749 4438 1968 4492 homine
2014 4442 2104 4507 qui
2149 4443 2279 4495 nihil

2378 3355 2486 3419 θῶς
2539 3350 2617 3417 εἷς
2650 3354 2851 3425 Κύριος
2897 3353 3103 3423 Ἰησοῦς
3147 3353 3415 3425 Χριστός’
3454 3350 3631 3414 οὕτως
3669 3350 3836 3408 αὐτὸν
3874 3348 3949 3409 ὼς

2376 3448 2472 3499 ἕνα
2514 3448 3003 3514 προσκυνήσομεν,
3054 3445 3155 3497 οὐκ
3207 3445 3311 3497 ἀνά
3364 3443 3529 3515 μέρος
3569 3442 3813 3504 τιθέντες
3861 3441 3949 3495 άν-

2378 3536 2615 3605 θρωπον,
2647 3534 2741 3586 καὶ⁸
2772 3532 2925 3596 Θεὸν,
2964 3532 3077 3586 ἀλλ’
3108 3532 3226 3596 ἕνα,
3258 3533 3351 3585 καὶ
3376 3532 3467 3584 τὸν
3497 3532 3659 3585 αὐτὸν
3685 3528 3830 3585 εἶναι
3860 3548 3948 3583 πι·

2380 3623 2682 3686 στεύοντες,
2704 3622 2779 3685 ὡς
2802 3622 2858 3674 ὲν
2883 3622 3097 3691 θεότητι
3127 3622 3220 3674 καὶ
3246 3620 3621 3691 ἀνθρωπό.ητι
3640 3637 3655 3652 ·
3676 3620 3947 3683 τουτέστι,

2376 3713 2508 3767 Θεόν
2537 3730 2592 3765 τε
2623 3713 2755 3783 ὁμοῦ
2789 3714 2883 3766 καί
2918 3710 3221 3782 ἄνθρωπον.
3270 3711 3327 3763 '0
3361 3711 3417 3763 δέ
3449 3728 3510 3778 γε
3542 3711 3643 3778 τῆς
3670 3711 3947 3782 νεωτάτης

2376 3806 2509 3877 ⁴ἡμῖν
2540 3803 2793 3865 ἀσεὸείας
2840 3802 3086 3873 εὑρετὴς,
3138 3804 3312 3854 καίτοι
3360 3802 3589 3872 Χριστὸν
3621 3801 3716 3855 ἕνα
3767 3802 3947 3871 λέγειν

2378 3896 2861 3965 προσποιούμενος,
2899 3894 3097 3963 διαιρεί
3136 3892 3237 3961 μὲν
3286 3891 3559 3961 πανταχοῦ
3595 3892 3695 3956 τάς
3727 3894 3943 3963 φύσεις.

2377 3982 2471 4035 καὶ
2516 3982 2621 4035 ἀνά
2675 3980 2841 4053 μέρος
2893 3982 3103 4051 ἵστησιν
3136 3980 3419 4051 ἑκατέραν,
3452 3982 3553 4035 ούκ
3597 3981 3795 4053 ἀληθὲς
3833 3982 3943 4054 [ισ.

2376 4072 2611 4142 ἀληθῶς]
2646 4072 2904 4143 ἀλλήλαις
2939 4072 3209 4142 ωμὸἧναι
3231 4071 3401 4139 λέγων
3434 4072 3601 4136 αὑτάς
3623 4087 3639 4103 ⁶
3672 4089 3944 4143 προφασι-

2378 4162 2602 4234 ζόμενος
2644 4163 2699 4216 δὲ
2750 4164 3047 4233 προφάσεις
3100 4164 3159 4215 ἑν
3202 4164 3518 4235 ἁμαρτίαις,
3574 4163 3711 4217 κατά
3752 4165 3815 4217 τὸ
3852 4180 3943 4232 γε·

2377 4255 2712 4325 γραμμένον,
2737 4256 2942 4307 ἐπινοεῖ
2968 4272 3087 4307 τινα
3119 4253 3410 4323 συναφείας
3440 4254 3659 4323 τρόπον,
3680 4255 3773 4307 τὸν
3805 4254 3944 4307 κατά

2382 4343 2560 4411 μόνον,
2606 4342 2681 4404 ὼς
2730 4340 2887 4411 ἔφην,
2920 4341 3019 4412 τὴν
3056 4342 3275 4411 ίσότητα
3321 4342 3419 4410 τῆς
3458 4340 3643 4405 ἀξίας’
3692 4342 3945 4411 καθάπερ

2378 4433 2568 4502 ἀμέλει
2602 4433 2696 4485 καὶ
2725 4434 2787 4484 ἐκ
2835 4432 2943 4485 τῶν
2995 4432 3158 4486 αὑτοῦ
3215 4431 3557 4502 δειχθήσεται
3609 4432 3817 4501 λόγων⁶
3855 4432 3945 4486 καὶ⁵

710 4537 873 4592 supra
917 4532 1141 4578 caeteros
1176 4525 1390 4587 habeat,
1449 4528 1622 4595 ipsum
1661 4545 1727 4583 ex
1774 4528 1883 4583 Deo
1928 4528 2159 4586 Verbum
2211 4547 2273 4586 ex

2381 4524 2632 4588 ὲνοικίζει
2670 4524 2767 4593 μὲν
2807 4523 3101 4592 μεθεκτῶς,
3136 4524 3210 4585 ὡς
3244 4522 3513 4593 ἀνθρώπῳ
3544 4524 3726 4595 κοινῷ,
3762 4526 3853 4578 τὸν
3882 4526 3943 4576 ἐκ

714 4614 1129 4683 participatione
1156 4616 1465 4672 inhabitans
1494 4618 1642 4681 facit,
1694 4634 1759 4674 ac
1806 4634 1962 4675 voces
1999 4637 2116 4690 quas
2152 4634 2275 4677 sunt

2381 4615 2514 4669 Θεοῦ
2542 4615 2712 4683 Λόγον
2733 4632 2744 4645 ⁸
2784 4616 2991 4685 μερίζει
3020 4614 3075 4667 δὲ
3103 4615 3199 4678 τάς
3232 4616 3287 4667 ἐν
3316 4618 3428 4677 τοῖς
3460 4615 3807 4683 Εὐαγγελίοις
3839 4633 3943 4683 φω-

713 4704 768 4759 in
817 4704 1119 4775 Evangeliis
1166 4707 1238 4759 ita
1270 4708 1481 4771 dividit,
1512 4719 1568 4763 ut
1596 4710 1881 4779 aliquando
1909 4724 2085 4767 certas
2112 4729 2274 4783 quas-

714 4795 836 4848 dam
863 4795 961 4848 soli
1018 4812 1081 4849 ac
1108 4800 1322 4865 pr0prie
1353 4798 1526 4853 Verbo
1554 4800 1777 4865 tribuat,
1806 4802 2099 4872 aliquando
2125 4820 2275 4859 seor-

714 4884 814 4938 siin
840 4883 913 4937 illi
939 4885 1027 4952 qui
1059 4897 1142 4940 est
1190 4902 1255 4940 ex
1294 4888 1517 4943 muliere
1560 4888 1754 4943 editus.
1805 4889 1964 4957 Atqui
2012 4892 2278 4961 quomodo

715 4990 821 5029 non
846 4976 917 5029 sit
957 4976 1207 5030 omnibus
1259 4978 1649 5044 certissimum,
1700 4980 1846 5035 illum
1899 4983 2274 5050 Unigenitum,

714 5083 836 5120 cum
868 5066 1009 5122 Deus
1032 5078 1173 5121 esset
1211 5079 1427 5135 natura,
1476 5084 1594 5125 esse
1625 5070 1894 5126 hominem
1923 5072 2145 5135 factum,
2173 5089 2275 5127 non

2380 4708 2498 4770 νὰς,
2547 4705 2620 4768 ὼς
2653 4705 2780 4757 ποτὲ
2820 4707 2917 4776 μὲν
2950 4706 3111 4759 τάσδε
3147 4704 3298 4769 τινάς
3347 4706 3491 4775 μόνῳ
3539 4722 3595 4757 τε
3629 4707 3721 4758 καὶ
3767 4704 3942 4766 ίδικῶς

2382 4798 2689 4851 ἀνατιθέναι
2723 4798 2799 4865 τῷ
2832 4798 2987 4867 Λόγῳ
3010 4812 3025 4828 ο
3061 4797 3189 4849 ποτὲ
3232 4796 3287 4849 δὲ
3322 4797 3424 4867 ἰδίᾳ
3460 4795 3535 4866 τῷ
3569 4798 3632 4849 ὲκ
3664 4796 3941 4865 γυναικός.

2383 4887 2574 4941 Καίτοι
2624 4887 2740 4949 πῶς
2785 4888 2881 4956 ούχ
2929 4887 3131 4941 ἀπασιν
3169 4888 3253 4957 εἴη
3305 4886 3369 4939 ἂν
3409 4887 3507 4939 ούκ
3560 4888 3940 4957 ἀναμφιλόγως

2383 4976 2522 5044 ἕχον,
2551 4976 2631 5027 ὅτι
2660 4975 2787 5037 Θεὸς
2817 4975 2891 5027 ὢν
2921 4976 3099 5043 φύσει,
3140 4974 3358 5043 γέγονεν
3390 4976 3671 5044 ἄνθρωπος
3709 4976 3737 5026 ὁ
3776 4976 3941 5029 Μονο-

2383 5066 2564 5137 γενὴς,
2602 5067 2661 5118 ού
2707 5066 2847 5119 κατά
2895 5068 3185 5135 συνάφειαν
3230 5066 3433 5130 ἀπλῶς,
3473 5069 3547 5129 ὼς
3578 5065 3705 5133 γοῦν
3742 5063 3938 5121 ἐκεῖνός

714 5156 944 5225 simplici
1004 5158 1401 5225 conjunctione,
1430 5168 1487 5214 ut
1537 5160 1625 5215 ille
1681 5162 1898 5228 asserit,
1950 5163 2280 5217 extrinsecus

2383 5157 2643 5227 φησι,τὴν
2674 5156 2905 5227 θύραθεν
2927 5158 3332 5227 ὲττινοουμένην,
3357 5156 3473 5227 ἦτοι
3501 5152 3789 5226 σχετικὴν·
3812 5152 3940 5208 ἀλλά

717 5247 1039 5317 excogitata,
1073 5258 1164 5301 aut
1192 5248 1459 5317 aﬂeetiva,
1488 5252 1581 5305 sed
1607 5267 1733 5307 vera
1758 5255 1973 5319 unione,
2029 5253 2281 5308 ineil‘abili

2383 5250 2501 5303 καθ’
2538 5250 2727 5302 ἕνωσιν
2770 5248 2965 5319 ἀληθῆ,
3000 5251 3321 5319 ἀπορῤήτως
3370 5264 3429 5302 τε
3468 5250 3561 5301 καὶ
3595 5248 3735 5319 ύπὲρ
3784 5245 3937 5305 νοῦνὲ

720 5339 880 5391 modo
903 5339 1061 5393 simul
1095 5349 1147 5393 et
1178 5340 1568 5411 inexcogitabili
1606 5342 1627 5394 i
1665 5342 1736 5396 Ita
1780 5353 1831 5398 et
1880 5360 2017 5399 unus
2045 5344 2199 5397 simul
2232 5356 2280 5397 et

2382 5340 2535 5393 Οῦτω
2581 5358 2673 5401 τε,
2732 5336 2811 5403 εἷς
2856 5343 3051 5392 νοεῖται
3099 5340 3193 5393 καὶ
3249 5340 3437 5409 μόνος·
3494 5340 3639 5401 ἅπας
3686 5355 3746 5391 τε
3801 5332 3939 5400 αὐτῷ

722 5429 868 5482 solus
899 5428 1247 5499 intelligetur,
1284 5440 1339 5484 et
1386 5432 1561 5485 omnia
1593 5432 1642 5486 ei
1677 5433 1818 5488 dicta
1855 5434 2201 5497 convenient,
2230 5442 2282 5486 et

720 5522 902 5574 munia
932 5532 1181 5589 tanquam
1213 5523 1280 5577 ab
1315 5539 1416 5577 una
1464 5539 1689 5593 persona
1732 5526 1873 5580 dicta
1900 5528 2279 5582 ceusebuntur.

726 5612 858 5665 Nam
891 5622 1008 5680 post
1035 5613 1282 5669 unionem
1336 5630 1438 5669 una
1480 5613 1593 5683 jam
1635 5616 1951 5684 intelligitur
1975 5626 2163 5671 natura
2192 5615 2279 5670 illa

2383 5431 2577 5499 πρέπει
2615 5429 2791 5497 λόγος,
2826 5432 2917 5483 καὶ
2951 5430 3025 5493 ὡς
3068 5430 3127 5495 ἐξ
3168 5431 3282 5493 ἑνὸς
3312 5428 3603 5499 προσώπου
3652 5428 3723 5481 τά
3769 5428 3938 5481 πάντα

2382 5522 2671 5589 λελέξεται·
2699 5522 2795 5593 μία
2814 5524 2922 5593 γὰρ
2945 5524 3044 5593 ήδη
3069 5525 3265 5575 νοεῖται
3292 5521 3451 5590 φύσις
3483 5519 3620 5590 μετὰ
3639 5518 3737 5589 τὴν
3756 5519 3938 5570 ἕνωσιν

2382 5615 2415 5683 ἠ
2449 5613 2611 5667 αὑτοῦ
2658 5614 2751 5668 τοῦ
2806 5615 2978 5683 Λόγου
3020 5612 3430 5687 σεσαρκωμένη,
3474 5610 3724 5682 καθάπερ
3756 5606 3939 5679 ἀμέλει

798 5786 841 5819 ⁸ο
872 5786 887 5839 Ι
919 5787 1041 5841 Cor.
1071 5802 1183 5844 \‘lll,
1228 5788 1307 5841 I2.
1382 5788 1421 5817 "
1457 5790 1648 5843 finitus.
1681 5805 1730 5846 ν.
1766 5790 1852 5845 Q7.
1932 5793 1976 5823 "
2000 5789 2137 5845 i‘sal.
2170 5804 2284 5843 cu.
2330 5792 2378 5840 i.
