4112 6522
135 439 176 494 οι
1308 458 1702 516 ADVERSUS.
1720 460 2125 521 NESTORIUM
2170 465 2298 520 LIB.
2343 465 2406 522 ll.
3400 471 3475 526 σε

141 557 209 608 γιιί
247 556 326 650 ις’
352 556 547 650 ἡμῶν
595 562 822 618 αὐτῶν
879 570 1051 624 νοοῖτ⁴
1087 569 1154 623 ἂν
1203 570 1430 636 είκότως
1449 588 1464 602 ο
1500 572 1763 643 ἄνθρωποι

1895 577 2064 646 ipsius
2091 576 2249 633 Verbi
2293 580 2597 646 incantata,
2654 588 2712 634 ut
2765 581 2954 650 procul
3009 581 3175 637 dubio
3205 583 3258 637 in
3314 586 3472 639 nobis

148 652 227 720 γὰρ
239 643 596 744 εἲςᾲάληθῶς
627 659 1037 730 συγκείμενος
1056 661 1113 726 ἐξ
1129 663 1395 733 ἀνομοίων
1417 665 1761 735 πραγμάτιον

1889 667 2018 735 ipsis
2038 669 2201 722 etiam
2220 671 2604 725 convenienter
2637 670 2975 742 intelligitur.
3033 671 3188 728 Unus
3224 689 3466 744 namque

149 741 298 810 ψυχῆς
325 742 398 813 δὴ
428 743 603 813 λέγω
627 748 744 801 καὶ
777 747 1066 820 σώματος.
1099 752 1578 822 Ἐπισημήνασθαι
1599 753 1655 806 δὲ
1690 758 1763 809 κα

1886 752 2047 807 homo
2071 755 2229 824 plane
2248 767 2329 811 est
2348 772 2412 812 ex
2435 758 2792 815 dissimilibus
2823 741 3006 828 rebus,
3048 777 3115 816 ex
3137 763 3341 832 anima,
3370 741 3457 818 in-

157 832 231 884 νῦν
248 833 591 902 ἀναγκαῖον,
631 836 728 890 ὅτι
762 837 828 890 τὸ
859 839 1062 892 ἐνωθὲν
1079 840 1153 909 τῷ
1169 840 1287 911 Θεῷ
1301 833 1460 912 Λόγῳ
1477 841 1657 912 σῶμα,
1677 860 1763 911 φα⁴

1886 861 2079 914 quam,
2110 858 2166 902 et
2193 864 2420 919 corpore
2455 852 2805 922 compositus.
2835 851 3005 908 Porro
3051 853 3181 907 illud
3211 863 3295 908 est
3327 872 3471 910 nunc

168 926 252 995 μὶν
265 923 607 996 ἒψυχῶσθαι
630 927 798 1000 ψυχῇ
825 928 1043 1000 λογικῇ.
1067 929 1454 1002 Προσθήσομαι
1477 932 1534 986 δὲ
1563 935 1763 986 κάκεῖν‹

1883 938 2048 991 etiam
2088 941 2409 1006 notandum,
2463 941 2622 997 fateri
2672 957 2772 998 nos
2836 957 3034 1013 corpus
3074 944 3207 999 illud
3257 947 3468 1001 unitum

171 1019 468 1090 χρησίμωςο
505 1020 694 1092 ἑτέρα
735 1022 839 1091 μὲν
882 1024 991 1092 γὰρ
1017 1022 1168 1093 παρὰ
1211 1023 1306 1076 τὸν
1349 1025 1412 1078 ἐκ
1441 1023 1575 1077 Θεοῦ
1609 1025 1763 1094 Λόγοι

1885 1027 1998 1085 Deo
2027 1030 2227 1094 Verbo.
2269 1033 2437 1088 fuisse
2486 1035 2668 1089 anima
2695 1035 2946 1090 rationali
2973 1037 3294 1092 animatum.
3335 1037 3468 1092 lllud

173 1113 202 1179 ἡ
230 1109 388 1180 σὰρξ,
417 1111 581 1165 κατὰ
621 1129 695 1180 γε
726 1113 822 1166 τὸν
846 1114 947 1183 τῆς
980 1113 1112 1176 ιδίας
1147 1113 1365 1183 φύσεως
1410 1113 1586 1184 λόγον,
1621 1117 1763 1185 ἑτέρα

1883 1136 2099 1193 quoque
2131 1124 2273 1178 haud
2304 1126 2645 1182 incommode
2664 1125 2987 1193 addiderim,
3012 1128 3174 1182 aliam
3192 1143 3314 1184 esse
3341 1144 3463 1182 car-

173 1205 223 1256 δὲ
249 1203 415 1257 πάλιν
451 1204 754 1268 οὖσιωδῶς
794 1207 828 1276 ἡ
861 1204 1027 1258 αὑτοῦ
1056 1205 1150 1260 τοῦ
1200 1206 1372 1275 Λόγου
1403 1207 1586 1277 φύσις.
1635 1206 1763 1275 Πλὴι

1883 1228 2006 1266 nem
2054 1229 2083 1268 a
2115 1214 2227 1270 Deo
2284 1215 2467 1271 Verbo
2522 1216 2684 1289 (quod
2717 1219 2782 1273 ad
2824 1234 2933 1273 suae
2969 1229 3175 1273 natura:
3204 1220 3467 1273 rationem

166 1296 213 1347 εί
259 1296 354 1349 καὶ
402 1299 624 1350 νοεῖται
676 1295 933 1368 διάφορα,
977 1301 1070 1351 καὶ
1100 1299 1180 1362 είς
1219 1299 1512 1370 ἑτερότητα
1545 1299 1763 1371 φυσικὴι

1882 1300 2120 1369 attinet),
2153 1301 2428 1372 aliamque
2464 1319 2653 1361 rursus
2690 1306 3055 1361 essentialiter
3103 1309 3271 1373 ipsam
3304 1306 3468 1363 Verbi

162 1387 627 1458 διισχοινισμένα
675 1387 745 1440 τά
767 1387 1160 1458 ὠνομασμένοι,
1193 1387 1310 1441 ἀλλ’
1354 1384 1434 1452 εἷς
1461 1388 1519 1456 ἐξ
1574 1391 1763 1459 ἀμφοῖι

1883 1402 2154 1447 naturam.
2195 1393 2301 1449 Sed
2333 1395 2582 1464 quamvis
2631 1396 2745 1451 base
2795 1397 3016 1452 differre
3070 1397 3466 1467 intelllgantnr,

159 1483 375 1535 νοεῖται
415 1480 666 1550 Χριστός
693 1497 705 1510 ’
741 1480 862 1533 καθ’
897 1480 1088 1534 ἕνωσιν
1137 1480 1314 1553 άληθῆ
1357 1481 1606 1552 ἀλλήλοις
1640 1498 1763 1551 συμ·

1881 1494 1936 1540 et
1968 1484 2196 1538 naturali
2227 1485 2544 1541 diversitate
2588 1503 2708 1543 esse
2767 1488 3071 1559 disjuncta,
3110 1506 3250 1544 unus
3281 1499 3465 1545 tamen

156 1571 526 1641 δεδηκότων,
561 1571 821 1643 θεότητός
848 1589 908 1624 τε
947 1572 1039 1626 καὶ
1080 1573 1520 1645 ἀνθρωπότητος.
1573 1572 1763 1643 Ἑμπε·

1880 1592 1946 1631 ex
1984 1587 2215 1647 utroque
2252 1576 2504 1633 Christus
2558 1579 2898 1650 intelligitur,
2951 1581 3075 1634 dum
3135 1597 3230 1650 per
3280 1596 3466 1635 veram

151 1666 241 1718 δοῖ
275 1664 337 1718 δὲ
393 1665 547 1735 πρὸς
590 1664 750 1718 τοῦτο
786 1667 936 1735 ἡμᾶς
971 1666 1003 1734 ἡ
1055 1665 1410 1728 θεόπνευστος
1443 1665 1654 1734 Γραφὴ,
1692 1665 1763 1718 διὲ

1881 1670 2151 1725 unitatem
2205 1671 2385 1726 deitas
2426 1671 2588 1725 simul
2622 1679 2677 1725 et
2707 1671 3018 1726 humanitas
3049 1673 3283 1728 invicem
3335 1689 3469 1728 con-

153 1756 394 1826 μυρίων
431 1756 537 1826 μὲν
563 1757 707 1809 ὅσων
737 1756 1079 1826 πραγμάτων
1112 1774 1172 1810 τε
1223 1757 1317 1811 καὶ
1358 1757 1532 1825 λόγων
1555 1774 1567 1786 ·
1601 1773 1763 1827 παρα-

1880 1763 2126 1817 veniunt.
2149 1761 2207 1816 ln
2240 1762 2344 1816 bac
2375 1777 2505 1817 vero
2536 1763 2804 1818 sententia
2855 1777 2957 1818 nos
2992 1764 3294 1818 innumeris
3348 1775 3461 1818 tum

152 1849 441 1919 δείγμασι
484 1849 546 1902 δὲ
579 1849 860 1919 χρωμένη,
908 1848 976 1902 δι’
1014 1843 1090 1905 ὧν
1119 1849 1184 1902 ἄν
1227 1866 1316 1912 τις
1346 1850 1442 1903 καὶ
1476 1848 1596 1901 λίαν
1645 1849 1763 1903 άκο-

1883 1852 2070 1918 factis,
2135 1863 2245 1907 tum
2311 1853 2471 1907 dictis
2532 1852 2816 1924 Scriptura
2886 1854 3147 1910 divinitus
3207 1855 3465 1926 inspirata

155 1942 274 1993 νιτὶ
312 1943 468 2011 πρός
517 1957 584 2007 γε
632 1940 694 1993 τὸ
741 1939 1000 1994 δύνασθαι
1044 1940 1280 1993 κατιδεῖν
1305 1941 1368 1992 τὸ
1398 1938 1634 2010 Χριστοῦ
1671 1957 1763 2010 μυ-

1877 1946 2188 2009 confirmat,
2240 1945 2333 1998 sed
2363 1946 2633 2014 praecipue
2658 1945 2781 1999 dum
2832 1947 3099 2016 exemplis
3149 1950 3341 2010 utitur,
3371 1963 3468 2018 per

157 2036 406 2105 στήριον
467 2033 707 2086 διελάσει
758 2033 964 2102 σαφῶς.
1019 2034 1164 2104 Ἔφη
1221 2033 1401 2088 τοίνυν
1437 2036 1466 2088 6
1507 2035 1763 2105 μακάριος

1883 2051 2002 2105 quae
2032 2035 2292 2090 facillime
2316 2035 2547 2104 quisque
2582 2037 2646 2088 ad
2678 2035 2878 2089 Christi
2906 2037 3226 2106 mysterium
3251 2038 3463 2107 perspi-

159 2128 472 2195 προιρήτη,
519 2125 745 2188 Ἡσαΐας
765 2142 778 2155 ·
814 2145 834 2176 ι
864 2125 974 2179 Καὶ
1003 2125 1281 2196 ἀπεστάλη
1311 2126 1444 2195 πρός
1475 2142 1545 2194 με
1576 2125 1634 2177 ἓν
1667 2125 1775 2180 τῶν

160 2218 471 2288 Σεραιρίμο
508 2219 603 2271 καὶ
635 2220 697 2288 τῇ
747 2219 892 2288 χειρὶ
925 2215 1070 2287 εἶχεν
1103 2216 1371 2286 ἄνθρακα,
1407 2216 1465 2269 ὃν
1496 2219 1561 2287 τῇ
1598 2216 1774 2270 λαϐίδι

160 2305 369 2356 ἔλαϐεν
395 2304 510 2357 άπὸ
535 2303 628 2357 τοῦ
654 2304 1056 2375 θυσιαστηρίου,
1082 2304 1175 2358 καὶ
1194 2304 1370 2374 ἥψατο
1390 2303 1483 2358 τοῦ
1508 2305 1775 2376 στόματός

167 2415 302 2464 μου.
336 2397 440 2450 καὶ
469 2392 629 2456 εἶπεν
649 2413 663 2427 ο
709 2396 841 2450 Ἰδοὺ
866 2396 1046 2466 ἥψατο
1072 2395 1232 2450 τοῦτο
1263 2397 1370 2450 τῶν
1400 2398 1624 2467 χειλέων
1655 2415 1770 2463 σου,

165 2487 265 2540 καὶ
295 2487 503 2557 ἀφελεῖ
539 2487 641 2550 τὰς
670 2485 901 2561 ἀνομίας
933 2503 1048 2551 σου,
1089 2487 1182 2539 καὶ
1221 2485 1320 2548 τὰς
1353 2487 1629 2557 ἁμαρτίας
1678 2503 1771 2540 σου

166 2580 596 2649 περικαθαριεῖ.
643 2597 662 2629 ο
706 2576 1298 2648 Πολυπραγμονοῦντες
1337 2576 1417 2642 δὲ,
1454 2577 1530 2641 ὡς
1562 2577 1661 2640 ἔνι,
1712 2576 1773 2630 τὸ

167 2672 270 2741 τῆς
316 2670 576 2740 ὁράσεως
607 2668 790 2739 βάθος,
842 2669 941 2738 οὐχ
992 2669 1177 2738 ἓτερον
1210 2664 1348 2723 εἷναί
1396 2686 1596 2740 φαμεν,
1632 2669 1771 2740 πλὴν

169 2763 254 2816 δτι
289 2763 390 2815 τὸν
439 2760 652 2832 Κύριον
698 2760 859 2831 ἡμῶν
906 2759 1113 2830 Ἰησοῦν
1159 2760 1415 2833 Χριστὸν,
1459 2761 1551 2814 τὸν
1601 2763 1659 2815 ὲν
1694 2760 1772 2832 τῷ

173 2852 555 2922 θυσιαστηρίῳ
593 2850 842 2922 κείμενον
890 2850 1140 2922 ἄνθρακα
1169 2851 1358 2923 νοητόν
1383 2869 1397 2884 ο
1434 2853 1519 2921 ἐφ’
1561 2845 1605 2920 ᾦ
1638 2854 1770 2924 παρ’

174 2945 334 3013 ἡμῶν
371 2943 659 3007 εὐωδιίπει
705 2943 958 3014 θυμίαμα
1016 2943 1094 3014 τῷ
1139 2943 1257 3014 Θεῷ
1305 2943 1399 2998 καὶ
1442 2944 1652 3016 Πατρί·
1702 2946 1770 2999 δι’

175 3034 342 3089 αὑτοῦ
397 3035 510 3105 γὰρ
558 3033 659 3105 τὴν
711 3033 1076 3106 προσαγωγὴν
1110 3034 1445 3104 ἐσχήκαμεν,
1491 3022 1684 3087 δεκτοί
1711 3033 1770 3088 τέ

177 3129 370 3195 ἔσμεν,
403 3126 507 3189 τὰς
538 3125 917 3196 πνευματικὰς
963 3123 1246 3188 τελοῦντες
1276 3124 1552 3196 λατρείας.
1602 3119 1771 3190 Οὗτος

178 3216 357 3268 τοίνυν
387 3218 416 3269 6
456 3213 667 3284 ἄνθραξ
712 3215 740 3264 6
783 3213 944 3274 θεῖος,
992 3213 1121 3264 ὅταν
1152 3210 1357 3282 ἅψηται
1390 3212 1500 3265 τῶν
1543 3210 1770 3282 χειλέων

1884 2122 1989 2180 cue
2029 2125 2436 2193 intelligendum
2492 2125 2714 2179 tendere
2777 2127 2968 2194 possit.
3044 2125 3244 2182 Beatus
3304 2129 3467 2195 igitur

1881 2215 2141 2284 propheta
2186 2213 2354 2270 lsaias
2407 2215 2522 2270 ait:
2574 2233 2594 2267 ι
2637 2212 2935 2270 Ειίηἰςευς
2965 2224 3048 2271 est
3100 2217 3164 2271 ad
3201 2232 3288 2272 me
3321 2233 3465 2273 unus

1882 2306 1948 2360 de
1973 2307 2280 2376 Serapbim,
2315 2319 2371 2362 et
2398 2309 2448 2361 in
2483 2323 2643 2362 manu
2687 2308 2923 2363 habebat
2960 2309 3272 2374 carbonem,
3302 2326 3463 2380 quem

1880 2397 2087 2465 forcipe
2112 2409 2397 2466 acceperat
2454 2413 2518 2454 ex
2551 2399 2734 2463 altari,
2765 2407 2820 2454 et
2863 2399 3042 2468 tetigit
3072 2415 3134 2454 os
3179 2417 3377 2469 meum,
3410 2413 3465 2458 et

1880 2486 2019 2542 dixit
2057 2488 2237 2542 :Ecce
2272 2489 2448 2560 tetigit
2488 2490 2590 2544 hoc
2631 2490 2772 2544 labia
2796 2499 2908 2553 tua,
2933 2498 2987 2545 et
3017 2491 3227 2546 auferet
3262 2493 3462 2561 iniqui-

1882 2583 2022 2628 tates
2080 2583 2218 2637 tuas,
2281 2585 2335 2628 et
2365 2578 2604 2647 expiabit
2659 2588 2878 2647 peccata
2935 2587 3025 2632 tua
3053 2578 3119 2632 ⁸³.
3158 2598 3177 2632 ι
3225 2581 3465 2636 Visionis

1880 2665 2042 2734 hujus
2093 2666 2515 2736 profunditatem
2561 2677 2619 2722 ut
2668 2669 2814 2724 vires
2871 2668 3052 2724 ferunt
3089 2672 3462 2741 exquirentes,

1880 2754 1987 2825 32
2016 2771 2121 2809 non
2159 2756 2304 2811 aliud
2341 2759 2441 2813 nisi
2480 2760 2765 2814 Dominum
2806 2770 3049 2815 nostrum
3081 2762 3264 2816 Jesum
3300 2761 3465 2817 Chri-

1880 2857 2026 2900 stum
2075 2862 2200 2902 esse
2251 2849 2484 2904 dicimus
2537 2849 2842 2919 spiritalem
2898 2850 3048 2905 illutn
3084 2853 3372 2906 carbonem
3410 2854 3461 2908 in

1878 2937 2035 2993 altari
2061 2941 2320 3008 positum,
2369 2955 2532 3010 super
2587 2956 2694 3011 quo
2744 2943 3041 3015 thymiama
3069 2942 3181 2998 Deo
3221 2959 3284 2998 ac
3314 2943 3461 3000 Patri

1877 3042 1907 3082 a
1942 3027 2096 3084 nobis
2125 3028 2377 3084 adoletur
2401 3047 2415 3086 :
2441 3045 2538 3099 per
2561 3016 2745 3101 ipsum
2774 3034 2918 3088 enim
2952 3048 3232 3088 accessum
3261 3034 3458 3087 habui-

1878 3135 2019 3183 mus,
2076 3130 2132 3176 et
2191 3122 2492 3192 spiritalem
2558 3124 2762 3178 cultum
2825 3135 3192 3196 exsequentes
3247 3129 3459 3196 accepti

1877 3225 2085 3266 sumus.
2113 3211 2210 3267 Hic
2241 3213 2424 3282 itaque
2449 3216 2616 3269 carbo
2645 3214 2863 3270 divinus
2911 3215 3000 3272 ubi
3055 3215 3366 3272 accedetttis
3391 3217 3460 3270 ad

181 3324 270 3358 σου
311 3306 428 3379 [ισ.
463 3305 584 3376 τοῦ]
622 3305 936 3373 προσιόντος
973 3303 1142 3373 αὐτῷ,
1169 3303 1572 3375 διεσμηγμένον
1602 3303 1763 3370 εὐθὺς

1875 3317 1934 3359 se
1955 3302 2098 3357 labia
2123 3303 2382 3374 tetigerit,
2401 3305 2543 3360 illico
2564 3307 2820 3360 mundum
2842 3307 3050 3370 reddet,
3071 3317 3233 3376 atque
3251 3309 3460 3377 peccati

180 3401 452 3468 ἀποφανεῖ
507 3399 603 3450 καὶ
645 3397 864 3466 ἀπάσης
896 3397 1168 3467 ἁμαρτίας
1198 3396 1543 3468 ήμοιρηκότα
1574 3413 1769 3449 παντε-

181 3491 303 3554 λῶς.
338 3492 614 3544 ’Δπτεται
639 3489 696 3543 δὲ
739 3489 862 3542 τίνα
903 3488 1100 3558 τρόπον
1126 3487 1233 3541 τῶν
1268 3490 1325 3542 ἐν
1356 3490 1487 3558 ἡμῖν
1514 3487 1763 3558 χειλέων,

180 3582 376 3649 διδάξει
409 3579 586 3649 λέγων
625 3583 654 3634 6
689 3581 958 3651 μακάριος
988 3579 1230 3644 Παῦλοςο
1267 3598 1286 3631 ι
1344 3578 1540 3648 Ἐγγύς
1574 3597 1666 3633 σου
1706 3581 1767 3632 τὸ

185 3671 333 3740 ῥῆμά
379 3671 530 3722 ἐστιν
580 3669 638 3720 ὲν
685 3667 762 3737 τῷ
810 3665 1038 3735 στόματί
1080 3682 1173 3717 σου
1212 3667 1306 3719 καὶ
1357 3667 1415 3719 ἐν
1457 3668 1523 3737 τῇ
1569 3666 1766 3737 καρδία

183 3778 305 3817 σοον
336 3764 422 3816 ὅτι
455 3760 553 3814 ἐὰν
598 3761 760 3832 εἴπῃς
807 3761 865 3813 ὲν
897 3757 975 3830 τῷ
1021 3758 1249 3829 στόματί
1298 3775 1411 3824 σου,
1448 3759 1529 3812 δτι
1561 3757 1765 3828 Κύριος

191 3853 445 3924 Ἰησοῦς·
481 3854 579 3907 καὶ
628 3851 926 3925 πιστεύσῃς
973 3853 1031 3904 ὲν
1075 3854 1141 3922 τῇ
1194 3850 1390 3922 καρδίᾳ
1447 3867 1562 3915 σου,
1611 3852 1691 3904 ὅτι
1736 3851 1765 3903 6

180 3945 306 4010 8:6;
343 3946 507 4000 αὐτὴν
531 3946 754 4016 ἤγειρεν
780 3945 844 3996 ὲκ
877 3941 1107 4014 νεκρῶν,
1138 3941 1362 4012 σωθήσῃ
1381 3957 1396 3971 ο
1431 3942 1630 4012 καρδίᾳ
1657 3942 1764 4011 γάρ

183 4039 497 4092 πιστεύεται
545 4039 626 4101 είς
654 4033 1024 4105 δικαιοσύνηνσ
1069 4035 1301 4103 στόματι
1334 4033 1391 4086 δὲ
1422 4033 1763 4104 ὁμολογεῖται

179 4129 253 4191 είς
289 4128 591 4198 σωτηρίαν.
633 4144 652 4177 ι
698 4123 964 4196 ’Λνθρακι
1001 4125 1059 4177 δὲ
1100 4124 1510 4194 παρεικάζεται,
1560 4124 1648 4176 διά
1679 4140 1760 4175 τοι

178 4219 236 4272 τὸ
285 4221 353 4273 ὲκ
404 4219 554 4272 δυοῖν
613 4216 854 4271 νοεῖσθαι
912 4215 1006 4269 καὶ
1064 4213 1333 4284 ἀνομοίων
1383 4211 1759 4284 πραγμάτων·

181 4312 380 4381 συνόδῳ
411 4327 477 4379 γε
515 4310 623 4379 μὴν
653 4311 718 4378 τῇ
767 4307 908 4360 κατὰ
951 4305 1206 4374 ἀλήθειαν
1242 4303 1523 4372 μονονουχὶ
1558 4301 1763 4354 συνδεῖ-

181 4401 302 4455 σθαι
337 4401 474 4472 πρὸς
501 4399 697 4451 ἕνωσιν
720 4414 736 4427 ⁸
777 4397 1079 4458 είσδεδυκὸς
1109 4393 1217 4464 γὰρ
1245 4392 1323 4462 τῷ
1359 4391 1499 4463 ξύλῳ
1532 4391 1592 4444 τὸ
1629 4391 1759 4461 πῦρ,

180 4494 257 4556 εἰς
289 4493 498 4547 οἰκείαν
532 4490 662 4544 αὐτὸ
699 4489 1097 4560 μεταστοιχειοί
1130 4485 1330 4558 τρόπον
1367 4484 1487 4537 τινὰ
1516 4485 1671 4551 δόξαν
1700 4503 1759 4537 τε

1874 3395 2053 3451 omnis
2105 3410 2328 3465 prorsus
2367 3406 2668 3466 expertem.
2725 3397 2830 3453 Sed
2890 3399 3035 3454 labia
3090 3408 3276 3453 nostra
3319 3413 3457 3468 quo-

1874 3502 1998 3540 nam
2053 3487 2214 3541 modo
2259 3488 2564 3557 contingat,
2614 3489 2770 3544 docet
2832 3489 3022 3545 beatus
3084 3489 3286 3545 Paulus
3335 3505 3458 3544 cum

1873 3575 2049 3630 dicit:
2087 3593 2106 3626 ι
2159 3574 2334 3643 Prope
2410 3584 2459 3630 te
2489 3585 2574 3630 est
2613 3578 2838 3632 verbum
2897 3577 2951 3633 in
3001 3592 3096 3632 ore
3147 3587 3260 3639 tuo,
3310 3586 3365 3631 et
3405 3578 3458 3632 in

1871 3665 2034 3720 corde
2073 3675 2163 3719 tuo
2197 3666 2363 3734 :quia
2385 3665 2428 3719 si
2455 3665 2660 3721 dixeris
2693 3667 2747 3719 in
2783 3682 2879 3721 ore
2911 3675 3001 3721 tuo
3023 3668 3148 3736 quia
3194 3667 3459 3723 Dominus

1869 3757 2051 3820 Jesus,
2079 3764 2132 3810 et
2165 3757 2464 3812 credideris
2501 3757 2552 3810 in
2593 3759 2760 3813 corde
2791 3768 2884 3814 tuo
2934 3759 3060 3827 quia
3117 3759 3263 3814 Deus
3309 3760 3457 3814 illum

1871 3849 2153 3906 suscitavit
2180 3866 2210 3904 a
2247 3848 2499 3910 mortuis,
2544 3849 2729 3906 salvus
2761 3853 2894 3906 eris.
2950 3852 3128 3907 Corde
3161 3852 3306 3906 enim
3338 3867 3459 3907 cre—

1871 3943 2015 3996 ditur
2049 3943 2113 3996 ad
2135 3941 2427 4010 justitiam,
2459 3958 2553 3997 ore
2584 3951 2764 3997 autem
2812 3941 3084 3998 confessio
3119 3943 3180 3997 fit
3219 3943 3286 3997 ad
3308 3946 3458 3998 salu-

1871 4045 1976 4090 tem
1995 4035 2063 4089 ".
2094 4053 2112 4085 ι
2137 4034 2344 4089 Dicitur
2369 4042 2548 4088 autem
2575 4033 2800 4089 carboni
2826 4034 3142 4104 persimilis,
3163 4045 3452 4104 propterea

1870 4128 2012 4199 quod
2048 4142 2114 4182 ex
2133 4123 2343 4181 duabus
2376 4140 2442 4180 ac
2478 4124 2836 4181 dissimilibus
2887 4126 3053 4181 rebus
3105 4126 3450 4196 intelligitur,

1869 4218 1962 4274 sed
1995 4218 2069 4273 ita
2097 4218 2393 4273 secundum
2442 4220 2724 4273 veritatem
2769 4218 3244 4284 convenientibus,
3303 4228 3356 4271 ut
3400 4219 3452 4273 in

1871 4310 2131 4363 unitatem
2197 4309 2583 4376 propemodum
2639 4307 3056 4378 coniungantur.
3109 4307 3253 4377 Ignis
3306 4311 3452 4363 enim

1869 4404 1956 4455 ubi
1998 4401 2199 4470 lignum
2247 4401 2567 4471 penetrarit,
2611 4400 2736 4454 illud
2769 4400 2818 4454 in
2854 4416 3008 4455 suam
3061 4401 3234 4470 ipsius
3286 4400 3454 4456 clari-

1871 4502 2031 4548 tatem
2080 4507 2144 4547 ac
2195 4492 2338 4544 vires
2390 4492 2675 4555 transfert,
2716 4507 2782 4545 eo
2841 4500 3021 4544 tamen
3057 4501 3274 4545 servato
3308 4493 3451 4559 quod

182 4586 274 4637 nl.
299 4584 551 4654 δύναμιν,
587 4580 764 4634 καίτοι
795 4579 1096 4651 τετηρηκὸς
1135 4579 1270 4647 ὅπερ
1301 4572 1390 4646 ἦν.
1429 4575 1758 4649 Μαργαρίτῃ

1872 4595 2003 4636 erat.
2032 4583 2335 4653 Margaritae
2359 4598 2416 4637 se
2444 4598 2630 4637 rursus
2660 4590 2937 4651 comparat
2965 4581 3226 4638 Dominus
3265 4593 3453 4638 noster

180 4675 234 4727 δὲ
260 4643 648 4730 πάλιν-ἑαύτὸν
678 4643 1128 4740 ἁφομοιοῖνλεγων
1161 4670 1189 4721 6
1214 4643 1417 4738 Κύριος
1458 4643 1612 4746 ἡμῶν
1640 4643 1757 4736 ⁷’1ηζ

1872 4673 2021 4728 lesus
2064 4643 2311 4728 Christus
2356 4689 2478 4728 cum
2537 4674 2712 4728 dicit:
2753 4691 2772 4724 ι
2833 4672 3022 4729 Simile
3079 4679 3165 4727 est
3215 4687 3442 4742 regnum

185 4765 307 4829 σοῦς
336 4767 606 4838 Χριστός·
647 4783 664 4815 ι
717 4761 909 4832 Ὁμοία
947 4761 1094 4812 ἐστὶν
1127 4762 1160 4830 ἡ
1193 4759 1440 4831 βασιλεία
1459 4753 1569 4811 τῶν
1596 4758 1760 4828 ούρα-

182 4859 284 4910 νῶν
315 4857 586 4929 ἀνθρώπῳ
611 4854 837 4925 ἐμπόρῳ
861 4851 1108 4923 ζητοῦντι
1143 4851 1341 4914 καλοὺς
1386 4851 1754 4922 μαργαρίτας·

186 4949 356 5017 εὑρὼν
388 4951 444 5002 δὲ
481 4950 580 5002 ἕνα
612 4945 905 5015 πολύτιμον
958 4943 1324 5015 μαργαρίτην,
1360 4942 1611 4996 ἀπελθὼν
1659 4944 1756 4996 πέ-

189 5057 389 5111 πραχεν
416 5042 518 5094 ὅσα
554 5033 688 5109 εἶχε,
737 5037 831 5090 καὶ
860 5036 1126 5107 ἠγόρασεν
1157 5034 1338 5088 αὐτόν.
1383 5052 1402 5086 ι
1451 5034 1660 5087 Ἀκούω
1701 5034 1758 5087 δὲ

194 5134 283 5184 καὶ
311 5132 505 5202 ἑτέρως
543 5129 731 5182 ἑαυτὸν
770 5129 900 5198 ἡμῖν
946 5125 1392 5187 καταδεικνύντος
1441 5124 1536 5177 καὶ
1567 5123 1752 5191 λέγον-

195 5238 276 5285 τος
298 5241 310 5252 ·
344 5241 361 5273 ι
401 5223 540 5291 Ἐγὼ
560 5219 716 5282 άνθος
736 5217 829 5271 τοῦ
856 5217 1059 5281 πεδίου,
1084 5216 1266 5287 κρίνον
1288 5214 1396 5269 τῶν
1420 5215 1698 5269 κοιλάδων.
1731 5233 1748 5264 ι

202 5315 341 5384 ἐχει
394 5315 491 5386 μὲν
533 5313 641 5383 γάρ
673 5313 732 5364 ὲν
791 5308 898 5380 ίδίᾳ⁵
931 5305 1088 5376 φύσει
1136 5307 1236 5379 τὴν
1289 5306 1565 5377 θεοπρεπῆ
1620 5305 1757 5375 λαμ-

202 5407 418 5477 πράτητα
457 5405 551 5460 τοῦ
583 5402 719 5456 Θεοῦ
766 5402 860 5455 καὶ⁸
889 5399 1102 5472 Πατρός
1123 5416 1138 5432 ο
1187 5399 1475 5464 εύωδιάζει
1507 5399 1564 5452 δὲ
1596 5399 1757 5451 πάλιν

203 5499 341 5550 αὑτὸν
378 5499 485 5572 ίῖσ.
519 5495 733 5568 αΰτὺς],
763 5494 909 5549 κατά
937 5510 1021 5563 γε,
1075 5495 1238 5566 φημὶ,
1284 5495 1383 5564 τὴν
1425 5493 1621 5564 νοητὴν
1648 5491 1706 5545 εὑ
1736 5521 1758 5532 -

204 5590 387 5653 οσμίαν.
446 5591 656 5661 Ὠσπερ
714 5588 917 5647 τοίνυν,
974 5586 1063 5639 ἐπί
1109 5603 1169 5638 τε
1239 5586 1330 5639 τοῦ
1394 5582 1754 5656 μαργαρίτου,

206 5680 280 5734 καὶ
309 5682 407 5754 μὴν
455 5680 549 5736 καὶ
594 5681 693 5736 τοῦ
749 5679 959 5735 κοίνου.
1017 5680 1212 5729 νοεῖται
1263 5678 1443 5747 μέντοι
1495 5678 1654 5747 σῶμα
1697 5675 1759 5729 τὸ

256 5862 400 5920 "lsa.
434 5881 505 5933 vt,
543 5860 599 5932 6,
632 5860 688 5913 7.
774 5857 821 5884 "‘
850 5853 1004 5906 Rom.
1044 5869 1096 5918 χ,
1132 5855 1291 5908 εειυ.
1378 5855 1423 5885 ⁸⁸
1448 5853 1636 5912 Matth.
1669 5871 1791 5918 xm.
1827 5854 1916 5919 45³,
1953 5855 2038 5911 16.

1865 4765 2122 4817 cmlorum
2148 4762 2349 4818 homini
2380 4763 2702 4832 negotiatori
2743 4762 3006 4830 quaerenti
3039 4761 3208 4817 bonas
3236 4778 3452 4829 marga-

1867 4857 2000 4908 ritas
2034 4873 2047 4908 :
2087 4855 2299 4909 inventa
2334 4864 2512 4907 autem
2545 4869 2646 4906 una
2691 4853 2924 4922 pretiosa
2954 4852 3269 4922 margarita,
3303 4853 3451 4906 vadit

1863 4955 1916 4999 et
1951 4945 2136 4998 vendit
2183 4947 2431 4999 universa
2475 4961 2594 5014 qum
2644 4944 2826 5007 habet,
2868 4951 2923 4997 et
2964 4944 3094 4998 emit
3125 4942 3269 4996 illam
3305 4943 3374 4997 ".
3421 4961 3442 4995 ο

1861 5035 1981 5090 Alio
2032 5050 2246 5105 quoque
2285 5036 2444 5089 modo
2471 5035 2617 5089 illum
2647 5050 2769 5088 sese
2811 5033 2964 5088 nobis
3009 5034 3247 5088 indicare
3284 5033 3448 5089 audio

1862 5126 2132 5180 dicentem
2158 5143 2174 5180 :
2210 5144 2228 5177 ι
2266 5126 2374 5196 Ego
2402 5125 2497 5179 llos
2520 5125 2718 5194 campi,
2746 5125 2917 5179 lilium
2955 5125 3279 5181 convallium
3304 5127 3370 5180 “.
3420 5147 3439 5179 ι

1862 5217 1993 5271 Cum
2019 5218 2160 5271 enim
2181 5218 2232 5270 in
2273 5233 2367 5270 sua
2395 5227 2584 5270 natura
2633 5216 2870 5270 divinam
2920 5216 3224 5274 claritatem
3252 5217 3345 5272 Dei
3377 5233 3445 5274 ac

1863 5308 2040 5363 Patris
2090 5308 2308 5374 habeat,
2360 5309 2500 5361 idem
2560 5318 2816 5375 praeterea
2848 5309 3020 5378 spirat
3060 5309 3280 5364 odorem
3313 5325 3441 5364 sua-

1865 5401 2147 5454 veolentize
2205 5399 2603 5469 spiritalis-Ut
2653 5415 2784 5470 ergo
2829 5401 2880 5456 in
2930 5401 3245 5470 margarita,
3278 5411 3443 5470 atque

1865 5491 2030 5544 etiam
2076 5490 2210 5555 lilio,
2261 5490 2516 5559 quamvis,
2538 5490 2839 5560 subjectum
2874 5489 2979 5544 illis
3035 5504 3230 5559 corpus
3263 5491 3442 5556 perci-

1867 5582 2067 5649 piatur,
2105 5581 2323 5635 claritas
2353 5593 2531 5636 tamen
2583 5597 2678 5635 seu
2712 5583 2845 5636 odor
2870 5597 2934 5636 ex
2966 5582 3182 5651 propria
3232 5583 3440 5636 ratione

1866 5673 1933 5727 ab
1959 5674 2064 5730 illis
2115 5674 2310 5743 quibus
2342 5674 2547 5738 insunt,
2577 5684 2831 5745 tanquam
2866 5673 3081 5730 diversa
3116 5682 3438 5742 noscuntur,

2134 5855 2179 5886 ⁸⁸
2208 5855 2360 5911 Cant.
2399 5870 2456 5920 ll,
2495 5854 2541 5910 l.
