4112 6542
637 437 705 486 65
1668 431 1727 485 S.
1768 429 2042 486 CYRILLI
2084 427 2556 486 ALEXANDRINI
2591 427 2915 485 ARCHIEP.

3849 420 3948 476 δι

639 555 732 608 sed
786 550 1026 606 vicissim
1085 552 1300 618 propria
1355 559 1480 604 sunt
1512 550 1850 616 habentium,
1883 565 1988 605 non
2024 551 2092 606 ab
2140 551 2250 610 eis.

2359 547 2701 618 ποκείμιινον,
2739 551 2772 618 ἡ
2829 546 2887 600 δέ
2935 561 3000 614 γε
3050 547 3109 598 ἐν
3161 539 3312 610 αὑτῷ
3358 536 3703 608 λαμπρότης,
3754 537 3950 605 ἧγουν

641 645 836 706 aliena,
859 660 978 698 cum
1007 643 1058 697 in
1091 642 1193 696 illis
1211 641 1649 711 inseparabiliter
1674 644 1918 696 haereant
1945 662 1956 697 :
1982 645 2048 696 ad
2071 660 2224 697 enm-

643 741 763 791 dcm
789 750 1005 805 quoque
1056 735 1272 788 modum
1309 736 1373 787 de
1421 734 1772 789 Emmanuele
1809 737 1925 805 ipso
1961 738 2118 789 nobis
2145 745 2227 789 est

640 829 1062 883 existimandum
1099 844 1160 882 ac
1203 828 1566 882 sentiendum.
1603 827 1822 881 Naturae
1867 843 2103 897 namque
2137 843 2226 880 ra-

646 922 793 975 tione
843 923 1057 974 diversa
1111 931 1234 974 sunt
1290 922 1543 974 divinitas
1585 930 1637 972 et
1677 937 1804 975 caro
1842 936 1857 974 :
1897 920 1989 973 sed
2034 936 2229 988 corpus

650 1013 813 1069 Verbi
863 1021 1137 1084 proprium
1194 1029 1330 1076 erat.
1377 1032 1548 1082 neque
1592 1016 1891 1084 sejunctutn
1931 1033 1960 1069 ιι
2004 1030 2230 1081 corpore

648 1103 775 1154 illttd
801 1105 1006 1156 unitutn
1041 1105 1250 1171 corpori
1291 1104 1520 1157 Veritum
1555 1123 1569 1157 ;
1604 1105 1744 1156 haud
1764 1108 1908 1158 enim
1952 1107 2114 1159 aliter
2142 1109 2226 1160 iu-

652 1194 895 1262 telligere
942 1195 1020 1247 ius
1063 1206 1144 1248 est
1191 1193 1624 1257 Euttuztutteletn,
1680 1197 1732 1249 id
1780 1208 1882 1258 est,
1941 1197 2229 1252 Nobiscum

654 1284 815 1338 Deus.
873 1283 1061 1351 Itaque
1121 1301 1508 1354 nonnunquam
1537 1297 1591 1338 ut
1646 1289 1827 1348 homo,
1872 1297 1926 1340 et
1972 1304 2034 1341 ex
2079 1304 2231 1344 Ineu-

653 1391 781 1429 sura
838 1391 948 1430 sua:
1005 1379 1394 1432 exiuanitionis
1462 1379 1700 1444 seipsmn
1745 1381 1900 1434 nobis
1964 1382 2232 1449 indicans,

655 1468 913 1521 dicebat:
965 1489 982 1520 ‹
1023 1469 1192 1521 Nemo
1227 1471 1366 1521 tollit
1414 1471 1650 1522 animam
1709 1487 1882 1524 meam
1915 1487 1944 1525 a
1983 1475 2165 1536 me";
2211 1493 2229 1524 ι

655 1557 946 1625 aliquando
988 1576 1175 1612 rursus
1212 1571 1464 1628 tauquam
1501 1560 1639 1615 Deus
1679 1563 1935 1625 Veritum,
1979 1575 2032 1617 et
2064 1575 2120 1616 ιιι
2144 1565 2234 1634 qui

656 1649 723 1702 de
752 1647 910 1711 caelo,
937 1648 1041 1719 33
1076 1659 1129 1703 et
1157 1666 1292 1704 unus
1327 1667 1448 1704 cum
1475 1669 1570 1705 sua
1607 1668 1769 1708 carne
1794 1656 2190 1725 intelligeretur
2219 1675 2232 1710 :

664 1761 680 1790 ι
713 1739 878 1794 Nemo
904 1742 1165 1802 ascendit,
1200 1744 1395 1810 inquit,
1425 1745 1474 1796 itt
1510 1745 1726 1808 caelum,
1755 1747 1858 1800 nisi
1893 1750 1980 1815 qui
2007 1750 2234 1803 descen-

657 1831 734 1884 dit
770 1833 835 1887 de
860 1833 1019 1898 cudo,
1052 1833 1223 1887 Filius
1254 1835 1486 1889 hominis
1519 1837 1584 1890 “.
1629 1857 1645 1887 ι
1695 1837 1827 1891 Cum
1871 1840 2032 1909 igitur
2064 1842 2234 1909 ipsum

2327 639 2523 693 εὐωδία
2561 638 2678 692 κατ’
2710 639 2840 691 ἴδιον
2889 636 3070 704 λόγον,
3116 634 3191 696 ὡς
3223 633 3386 701 ’ἐτερα
3422 630 3520 700 μὲν
3571 627 3726 696 παρὰ
3759 627 3827 678 τὰ.
3866 629 3954 679 ἐν

2327 728 2407 797 οἷς
2436 734 2604 785 είσινο
2641 730 2747 785 ἴδια
2782 731 2838 783 δὲ
2872 729 3032 784 πάλιν
3061 727 3240 781 αὐτῶν
3270 727 3362 779 xal.
3388 724 3489 776 οὐκ
3513 721 3770 788 ἀλλότρια
3813 720 3950 770 τῶν

2329 827 2559 895 ἑχόντων
2609 825 2725 876 ἐστὶ
2754 824 2823 876 τὰ
2857 823 3177 892 ἁχωρίστως
3222 815 3597 888 ὲμπεφυκότα,
3647 812 3788 864 κατὰ
3833 812 3949 862 τὸν

2330 918 2512 979 αὑτὸν,
2545 913 2725 986 οἶμαι,
2757 915 2956 984 τρόπον
2990 909 3320 980 λογιούμεθά
3340 925 3395 960 τε
3430 906 3523 960 καὶ
3554 906 3946 972 φρονήσομεν,

2330 1010 2424 1060 καὶ¹
2460 1007 2550 1060 ἐπί
2582 1024 2644 1074 γε
2675 1005 2768 1058 τοῦ
2821 1004 3170 1075 Ἐμμανουήλ
3193 1019 3205 1032 ο
3240 1002 3453 1070 ἑτεροῖα
3503 999 3600 1066 μὲν
3642 998 3749 1064 γάρ
3784 992 3950 1044 κατὰ

2333 1103 2428 1169 τὴν
2474 1100 2659 1168 φύσιν.
2707 1099 2894 1167 Θεὸτης
2930 1115 2990 1150 τε
3034 1096 3128 1149 καὶ
3161 1094 3330 1166 σάρξ·
3372 1092 3487 1144 ἀλλ’
3540 1089 3667 1142 ἴδιον
3715 1083 3783 1156 ἦν
3833 1083 3948 1136 τοῦ

2335 1195 2510 1261 Λόγου
2541 1195 2602 1246 τὸ
2637 1193 2829 1261 σῶμα·
2862 1189 2956 1242 τοῦ
2988 1189 3044 1242 δὲ
3094 1186 3346 1256 σώματος
3372 1185 3433 1236 οὐ
3467 1181 3874 1252 κεχωρισμένος
3906 1179 3954 1228 ὁ

2335 1284 2556 1348 ένωθεις
2611 1282 2762 1353 αὐτῷ
2799 1283 3006 1349 Λόγος·
3054 1283 3229 1332 νοοῖτο
3276 1277 3385 1347 γὰρ
3434 1270 3534 1328 ὧδέ
3591 1291 3641 1324 τε
3687 1273 3782 1323 καὶ
3829 1270 3949 1336 οὐχ

2337 1381 2539 1450 ἑτέρως
2572 1381 2599 1433 ὁ
2645 1375 3017 1449 Ἐμμανουὴλ,
3052 1373 3320 1433 τουτέστι,
3355 1371 3490 1426 Μεθ’
3525 1371 3682 1437 ἡμῶν
3712 1372 3741 1419 ὀ
3771 1367 3943 1426 Θεός.

2337 1473 2646 1543 Τοιγάρτοι,
2693 1471 2823 1524 ποτὲ
2859 1470 2958 1540 μὲν
3000 1470 3076 1530 ὡς
3118 1467 3423 1534 ἄνθρωπος,
3461 1465 3554 1516 καὶ
3585 1464 3649 1514 ὲκ
3683 1461 3793 1513 τῶν
3835 1460 3945 1527 τῆς

2337 1567 2620 1628 κενώσεως
2670 1565 2883 1634 μέτρων
2931 1561 3121 1615 ἑαυτὸν
3175 1561 3308 1629 ἡμῖν
3366 1555 3587 1627 ὲμφανῆ
3638 1552 3948 1614 καθιστάς,

2339 1661 2608 1725 ἔφασκεν·
2651 1675 2668 1707 ι
2709 1655 2896 1717 οὐδεὶς
2922 1656 3068 1724 αῐρει
3099 1654 3198 1722 τὴν
3229 1651 3409 1720 ψυχήν
3442 1665 3543 1719 μου
3583 1648 3676 1698 ἀπ’
3705 1645 3844 1712 ἐμοῦ
3871 1663 3883 1672 ·
3915 1662 3940 1693 ι

2347 1752 2468 1804 ποτὲ
2496 1750 2561 1819 δὴ
2597 1749 2705 1821 [ια’.
2739 1746 2819 1818 δὲ]
2861 1747 3043 1810 πάλιν,
3074 1745 3148 1808 ὡς
3175 1743 3306 1806 Θεὸς
3338 1742 3414 1794 ὣν
3442 1742 3470 1792 ὀ
3502 1740 3690 1806 Λόγος,
3735 1739 3832 1788 καὶ
3878 1734 3954 1798 ἐξ

2343 1839 2570 1912 οὐρανοῦ
2616 1839 2924 1908 νοούμενος,
2959 1839 3052 1890 καὶ
3083 1832 3163 1898 εἷς
3197 1834 3333 1905 μετὰ
3378 1833 3478 1901 τῆς
3529 1831 3664 1892 ἰδίας
3702 1827 3947 1898 σαρκὸς,

659 1922 854 1977 Filium
887 1939 1055 1979 sacra:
1084 1926 1551 1995 Littemundique
1578 1928 1629 1980 in
1663 1902 1925 1983 unitatem
1962 1902 2238 2001 insepara-

2355 1955 2368 1982 ι
2401 1902 2591 1993 ίὶῦδεὶς
2619 1902 2947 1999 ἀναδέὀηκε,
2981 1928 3165 1996 φησὶν,
3199 1902 3281 1988 είς
3311 1924 3404 1976 τὸν
3432 1923 3682 1992 οὐρανὸν,
3716 1923 3766 1972 εί
3801 1922 3882 1989 μὴ
3913 1923 3952 1972 ὁ

661 2014 822 2068 bilem
851 2031 1143 2086 veramque
1176 2018 1524 2087 conjungaut,
1575 2030 1627 2071 et
1658 2020 1707 2072 in
1739 2036 1899 2073 unum
1952 2037 2240 2090 personam

663 2106 905 2175 redigant
935 2105 986 2158 itt
1011 2106 1151 2170 fide;
1178 2108 1266 2161 hic
1286 2118 1461 2160 tamen
1495 2125 1660 2163 vanus
1679 2111 1838 2164 homo
1863 2113 2043 2166 multis
2071 2117 2244 2168 modis

663 2197 942 2265 disjungit,
1001 2206 1054 2250 et
1117 2197 1378 2253 adversus
1446 2201 1619 2268 ipsum
1671 2217 1885 2270 quoque
1960 2204 2238 2258 Christum

667 2302 869 2344 temere
889 2301 1140 2359 nugatur,
1169 2290 1332 2346 Deum
1369 2293 1646 2362 appellans
1691 2295 1816 2349 illud
1847 2312 1910 2350 ex
1945 2296 2104 2353 Patre
2140 2301 2246 2354 Deo

667 2379 924 2445 Verbum,
960 2391 1016 2434 ut
1060 2383 1275 2450 quidem
1321 2400 1421 2437 suo
1456 2386 1575 2439 loco
1618 2401 1681 2440 ac
1733 2398 1974 2457 tempore
2029 2407 2247 2459 progre-

668 2477 821 2528 diens
842 2477 1017 2528 oratlo
1061 2474 1223 2543 plane
1272 2477 1504 2532 docebit.
1549 2479 1782 2532 Simulat
1829 2482 1976 2536 enim
2021 2497 2079 2537 se
2137 2501 2250 2540 me-

669 2577 839 2630 tuere,
876 2583 939 2620 ne
960 2568 1226 2636 quispiam
1260 2570 1384 2621 dum
1419 2581 1620 2625 sancta:
1656 2571 1898 2640 Virginis
1944 2578 2246 2631 reverentia

670 2663 845 2715 victus
870 2661 1013 2714 illam
1046 2661 1136 2714 Dei
1163 2663 1479 2732 genitricem
1505 2666 2070 2727 vocat,coul‘usinnem
2091 2678 2250 2737 atque

672 2753 981 2807 tnistionent
1037 2754 1465 2807 suhstantiarmn
1510 2756 1650 2810 inter
1697 2772 1755 2810 se
1793 2757 1990 2812 factam
2030 2773 2247 2827 putans,

671 2845 926 2899 Ecclesia:
956 2847 1202 2914 dogmata
1244 2847 1516 2916 detnrpet,
1564 2851 1810 2916 quamvis
1843 2851 1913 2905 ita
1950 2867 2106 2906 nemo
2129 2869 2252 2906 sen-

675 2937 773 2988 tiat
800 2953 812 2987 :
843 2938 934 2989 sed
991 2945 1048 2992 ut
1086 2937 1326 3004 corrigat
1358 2938 1586 3003 scilicet,
1634 2948 1691 2992 ut
1729 2940 1846 3008 ipse.
1888 2952 2058 3008 putat,
2088 2958 2252 3010 grave

674 3028 773 3082 hoc
807 3028 1028 3092 malum,
1069 3043 1281 3082 sursum
1317 3029 1567 3083 deorsum
1603 3033 1783 3084 omnia
1831 3034 2042 3096 miscet,
2105 3046 2249 3088 recta

672 3132 908 3186 veraque
940 3120 1206 3173 sententia
1246 3119 1488 3188 neglecm
1528 3138 1540 3173 :
1585 3122 1665 3173 sic
1695 3136 1928 3189 namque
1968 3124 2140 3176 dixit:

2346 2029 2410 2078 ὲκ
2445 2024 2540 2078 τοῦ
2570 2021 2800 2094 οὐρανοῦ
2850 2019 3114 2083 καταϐάς,
3147 2019 3175 2070 ὁ
3226 2018 3352 2079 Υἱὸς
3402 2015 3496 2068 τοῦ
3546 2013 3863 2082 ἀνθρώπου.
3923 2032 3945 2060 ο

2349 2114 2688 2183 Πανταχόθεν
2743 2112 2920 2165 τοίνυν
2971 2113 3051 2172 εἰς
3104 2109 3298 2161 ἕνωσιν
3351 2106 3681 2175 άδιάτμητόν
3735 2120 3794 2155 τε
3845 2109 3954 2154 και

2345 2207 2520 2276 ἀληθῆ
2568 2205 2878 2266 συνδέοντος
2929 2205 3062 2272 ἡμῖν
3111 2199 3202 2253 τοῦ
3258 2198 3404 2269 ἱεροῦ
3457 2198 3792 2266 Γράμματος
3847 2195 3956 2245 τὸν

2350 2299 2498 2362 Υίόν,
2533 2298 2624 2351 καὶ
2671 2300 2752 2360 εἰς
2801 2297 3088 2366 πρόσωπον
3120 2293 3179 2345 ἒν
3221 2291 3587 2362 ἀποφέροντος
3637 2291 3695 2340 ὲν
3729 2288 3954 2348 πίστει,

2350 2392 2586 2460 διίστησι
2619 2389 2897 2458 πολλαχῶς
2941 2390 2969 2441 ὁ
3003 2385 3255 2458 περιττὸς
3298 2385 3500 2444 οὑτοσὶ,
3553 2381 3647 2435 καὶ
3691 2381 3956 2447 πεφλυα-

2355 2499 2520 2553 ρηκεν
2559 2483 2680 2550 είκῆ
2718 2482 2809 2533 καὶ
2842 2479 3006 2533 αὑτοῦ
3037 2477 3131 2531 τοῦ
3181 2476 3442 2547 Χριστοῦ,
3474 2475 3606 2527 Θεὸν
3653 2471 3896 2541 ὀνομάζω
3919 2487 3960 2523 ν

2350 2576 2443 2628 τὸν
2473 2577 2536 2628 ὲκ
2575 2573 2709 2626 Θεοῦ
2746 2573 2958 2643 Πατρδς
2989 2572 3158 2639 Λόγον
3177 2586 3191 2600 ·
3222 2568 3470 2636 καθάπερ
3499 2565 3690 2631 ἀμέλει
3731 2563 3959 2634 προῖὼν

2354 2669 2382 2721 ὁ
2428 2668 2583 2736 λόγος
2630 2666 2893 2730 ὲκδιδάξει
2944 2665 3154 2734 σαφῶς,
3185 2663 3261 2726 ὼς
3310 2664 3366 2714 ὲν
3398 2661 3584 2729 οἰκείῳ
3628 2656 3801 2726 καιρῷ
3842 2657 3951 2710 καὶ

2353 2762 2524 2829 τόπῳ.
2567 2758 2997 2812 ’Υποπλάττεται
3033 2757 3128 2826 μὲν
3173 2755 3280 2825 γὰρ
3323 2753 3552 2806 δεδιέναι
3585 2750 3658 2820 μὴ
3703 2750 3813 2819 ἄρα
3857 2765 3957 2810 τις

2354 2851 2493 2904 αἰδοῖ
2533 2854 2598 2921 τῇ
2647 2851 2775 2921 περὶ
2807 2848 2906 2918 τὴν
2945 2847 3105 2915 ἁγίαν
3154 2843 3427 2915 Παρθένον
3459 2842 3789 2912 ἡττώμενος,
3826 2834 3959 2892 εἶτα

2355 2942 2616 2995 Θεοτόκον
2640 2943 2810 3012 αὐτὴν
2831 2942 3123 3010 ὀνομάσας,
3149 2937 3362 3008 φυρμὸν
3383 2937 3477 2989 καὶ
3497 2937 3821 3000 ἀνάκρασιν,
3846 2933 3958 3003 τὴν

2355 3037 2434 3096 εἰς
2459 3033 2695 3104 ἀλλήλας
2720 3034 2884 3102 φημὶ,
2910 3031 3018 3083 τῶν
3047 3029 3403 3084 ὑποστάσεων
3425 3024 3676 3095 γενέσθαι
3693 3024 3954 3093 νομίσας,

2355 3125 2463 3177 τῶν
2488 3125 2588 3195 τῆς
2627 3124 2951 3192 Ἐκκλησίας
2981 3123 3267 3193 δογμάτων
3306 3120 3550 3188 καταχέῃ
3584 3119 3645 3169 τὸ
3673 3115 3917 3174 ἀκαλλὲς
3941 3133 3954 3144 ·

673 3209 848 3261 καίτοι
893 3208 1052 3260 τοῦτο
1098 3209 1417 3279 φρονοῦντος
1450 3211 1697 3274 οὐδενός·
1737 3213 2054 3282 ἐπανορθῶν
2091 3213 2169 3275 δὲ,
2205 3214 2279 3278 ὼς
2317 3217 2510 3280 οἴεται,
2550 3217 2610 3268 τὸ
2645 3216 2837 3279 δεινὸν,
2872 3217 2982 3270 ἄνω
3013 3231 3071 3266 τε
3106 3216 3201 3267 καὶ
3227 3214 3377 3266 κάτω
3413 3213 3479 3263 τα
3518 3212 3694 3262 πάντα
3730 3209 3958 3274 συγχεῖ,

673 3299 781 3352 τῶν
819 3302 899 3364 εἰς
941 3299 1208 3370 ὀρθότητα
1240 3302 1333 3354 καὶ
1367 3302 1623 3372 ἀλήθειαν
1655 3304 1955 3374 ἀφειδήσας
1991 3306 2208 3358 ἐννοιῶν
2231 3322 2245 3336 ⁸
2283 3305 2386 3376 ἔφη
2417 3308 2523 3377 γὰρ
2557 3307 2730 3369 οὕτως
2753 3322 2766 3336 ⁶

753 3391 1032 3463 [Ms-ron.
1090 3393 1147 3448 Si
1197 3393 1301 3448 fide
1346 3394 1574 3463 simplici
1627 3395 1908 3464 Deiparam
1956 3399 2251 3466 proferres,
2282 3409 2325 3466 ο

677 3485 819 3539 nulla
853 3494 994 3539 esset
1024 3485 1164 3553 apud
1194 3500 1279 3539 tne
1300 3487 1551 3541 dictionis
1587 3488 1811 3552 invidia,
1848 3488 2000 3543 verbi
2029 3505 2252 3544 sensum

675 3579 1053 3648 exquirentem
1081 3597 1094 3632 :
1124 3579 1216 3635 sed
1241 3579 1366 3647 quia
1397 3582 1553 3634 video
1590 3590 1640 3633 te
1675 3591 1938 3649 praetextu
1961 3597 2088 3651 erga
2127 3583 2255 3637 bea-

681 3681 785 3722 tam
809 3668 1032 3723 Mariam
1059 3670 1305 3734 honoris,
1336 3671 1717 3724 haereticorum
1752 3672 2079 3726 confirmare
2112 3673 2256 3726 blas-

681 3760 977 3826 pltetniatn,
1039 3759 1160 3813 ideo
1201 3760 1452 3813 dictionis
1490 3759 1846 3828 prolationem
1898 3769 2054 3816 caute
2121 3778 2260 3832 pra:-

683 3851 888 3912 tuunio,
927 3865 1048 3904 cum
1101 3852 1400 3919 periculum
1455 3853 1505 3904 in
1542 3865 1605 3904 ea
1654 3850 1893 3905 dictione
1947 3852 2121 3907 latens
2169 3869 2260 3908 su-

682 3951 925 4010 spectum
965 3941 1213 3995 habeam.
1251 3940 1304 3994 Id
1351 3952 1407 3994 ut
1437 3941 1640 3995 clarius
1673 3943 1867 4004 dicam,
1898 3951 1951 3994 et
1981 3943 2047 3995 ab
2079 3943 2258 3997 omni-

685 4034 784 4087 bus
828 4031 1029 4101 percipi
1073 4031 1282 4086 facilius
1313 4033 1503 4099 possit,
1543 4035 1636 4102 qtti
1670 4032 1858 4086 Arium
1894 4035 2080 4087 sectati
2112 4043 2258 4099 sunt,

684 4135 736 4179 et
772 4123 1097 4178 Eunomium
1129 4134 1181 4176 et
1211 4124 1631 4191 Apollinarium,
1654 4134 1707 4179 et
1730 4125 1972 4179 omnium
1994 4126 2260 4193 ejusmodi

686 4215 901 4271 familia:
940 4216 1217 4269 hominum
1250 4217 1427 4278 chori,
1491 4215 1813 4271 studuerunt
1857 4214 1950 4269 Dei
1984 4217 2262 4286 genitricis

688 4308 1100 4375 appellationem
1129 4309 1406 4370 invehere,
1443 4317 1501 4361 ιιι
1542 4307 1684 4361 facta
1717 4307 1992 4374 tnistione,
2026 4309 2262 4366 duabus-

689 4414 792 4468 que
819 4399 1030 4452 naturis
1069 4399 1292 4452 minime
1321 4399 1611 4463 distinctis,
1643 4401 1774 4454 nihil
1803 4417 1868 4456 ex
1903 4402 1986 4457 his
2021 4417 2138 4470 qnze
2167 4403 2268 4457 uti-

689 4491 822 4544 liora
860 4499 1005 4555 sunt,
1048 4491 1114 4544 de
1165 4490 1506 4544 humanitate
1550 4492 1754 4545 dictum
1797 4493 2157 4561 acciperetur,
2203 4509 2266 4550 ac

687 4583 841 4637 locus
873 4582 977 4636 illis
1015 4583 1132 4653 'jam
1171 4583 1433 4637 adversus
1462 4583 1631 4652 ipsam
1667 4584 2006 4639 divinitatem
2033 4595 2262 4656 pateret,

693 4685 948 4742 tanquam
999 4673 1180 4726 omnia
1235 4673 1302 4728 ab
1358 4688 1466 4728 uno
1521 4675 1853 4740 dicerentur,
1896 4691 1999 4731 non
2058 4679 2266 4734 ratione

2430 3398 2518 3471 [Ei
2551 3399 2687 3470 μετὰ
2722 3399 2957 3460 πίστεως
2991 3397 3187 3464 ἁπλῆς,
3218 3395 3299 3457 τὸ,
3329 3394 3588 3454 Θεοτόκος
3617 3391 3959 3461 προέφερες,

2361 3493 2461 3543 οὐκ
2492 3493 2554 3544 ἄν
2591 3508 2674 3542 σοι
2709 3491 2806 3558 τῆς
2841 3489 3038 3554 λέξεως
3065 3487 3361 3556 ἐφθόνησα,
3396 3486 3489 3537 τὸν
3525 3484 3648 3536 νοῦν
3679 3481 3964 3547 ἐξετάζων

2362 3581 2454 3632 τοῦ
2487 3581 2747 3650 ῥήματος.
2796 3578 2934 3631 Ἀλλ’
2970 3576 3266 3646 ἐπειδήπερ
3299 3574 3411 3645 ὁρῶ
3445 3591 3504 3626 σε
3539 3573 3813 3643 προφάσει
3853 3573 3962 3642 τῆς

2365 3673 2492 3741 περὶ
2521 3674 2619 3740 τὴν
2669 3671 2944 3740 μακαρίαν
2998 3669 3217 3738 Μαρίαν
3262 3667 3450 3736 τιμῆς,
3500 3665 3606 3717 τῶν
3652 3663 3962 3733 αἱρετικῶν

2368 3762 2686 3832 βεϐαιοῦντα
2734 3761 2830 3832 τὴν
2862 3760 3230 3830 βλασφημίαν,
3263 3758 3352 3811 δια
3383 3755 3540 3809 τοῦτο
3584 3755 3682 3826 τὴν
3725 3753 3824 3824 τῆς
3871 3753 3965 3805 λέ-

2369 3851 2502 3916 ξεως
2552 3851 2830 3921 προφορὰν
2866 3848 3231 3918 ἀσφαλίζομαι
3254 3866 3266 3878 ο
3299 3847 3390 3900 τὸν
3420 3848 3478 3899 ὲν
3516 3848 3579 3915 τῇ
3629 3845 3769 3910 λέξει
3816 3861 3962 3916 κρυ-

2368 3945 2633 4013 πτόμενον
2669 3943 2908 3996 κίνδυνον
2941 3941 3310 4010 ὑφορώμενος.
3357 3939 3474 3991 Ἵνα
3510 3938 3568 3991 δὲ
3612 3937 3742 3990 αὐτὸ
3785 3939 3963 4003 σαφέ-

2371 4055 2578 4108 στερον,
2615 4036 2710 4089 καὶ
2743 4038 2906 4088 πᾶσιν
2947 4033 3341 4102 εῦληπτότερον
3389 4033 3548 4096 εἴπω,
3582 4033 3692 4091 τοῖς
3739 4030 3964 4100 ’Λρείσυ

2371 4129 2462 4181 καὶ
2510 4128 2796 4197 Εὑνομίου,
2849 4129 2942 4180 καὶ
2987 4125 3418 4194 Ἀπολλιναρίου,
3457 4123 3549 4176 καὶ
3579 4124 3794 4176 πάντων
3843 4125 3965 4186 τοῖς

2370 4223 2549 4291 χοροῖς
2579 4219 2688 4272 τῶν
2713 4223 2810 4290 τῆς
2830 4220 3080 4288 τοιαύτης
3108 4218 3341 4287 φατρίας
3363 4216 3565 4284 σπουδῇ
3591 4216 3697 4286 [τον.
3723 4214 3966 4289 σπουδὴ]

2370 4313 2632 4366 Θεοτόκον
2666 4314 2923 4381 εἰσάγειν,
2954 4313 3026 4374 ῶς
3076 4313 3324 4381 κράσεως
3357 4309 3666 4378 γινομένης,
3703 4310 3796 4361 καὶ
3848 4307 3967 4360 τῶν

2370 4404 2463 4458 δύο
2494 4407 2707 4474 φύσεων
2740 4404 2814 4475 μὴ
2843 4403 3254 4474 διαιρουμένων,
3285 4400 3451 4470 μηδὲν
3469 4399 3579 4451 τῶν
3615 4398 3846 4451 εὐτελῶν
3880 4402 3968 4460 εἰς

2373 4495 2470 4568 τὴν
2510 4498 2902 4568 ἁνθρωπότητα
2937 4495 3345 4563 λαμϐάνεσθαιο
3388 4493 3481 4545 καὶ
3526 4490 3708 4561 χώραν
3759 4491 3966 4552 αὐτοὺς

2374 4591 2559 4645 λοιπὸν
2608 4590 2746 4644 κατὰ
2783 4589 2883 4659 τῆς
2922 4588 3174 4658 θεότητος
3224 4587 3387 4656 ἔχειν,
3439 4585 3514 4647 ὼς
3549 4585 3765 4637 πάντων
3798 4582 3966 4650 λεγο-

2380 4689 2554 4758 μένων
2587 4685 2717 4755 παρ’
2749 4685 2890 4746 ένὺς,
2923 4683 2982 4736 οὐ
3016 4681 3158 4735 κατὰ
3208 4680 3307 4751 τὴν
3354 4678 3463 4731 ἀπὸ
3507 4676 3604 4745 τῆς
3662 4673 3969 4740 συναφείας

692 4767 970 4836 dignitatis
1017 4779 1083 4820 ex
1136 4767 1249 4837 ipsa
1294 4765 1678 4832 conjunctione
1730 4771 2136 4838 consequentis,
2176 4785 2250 4824 set

2375 4778 2555 4842 ἀξίαν,
2591 4776 2727 4830 ἀλλὰ
2750 4773 2890 4828 κατὰ
2916 4774 3015 4843 τὴν
3050 4771 3229 4840 φύσιν.
3257 4762 3349 4833 Εἷς
3382 4768 3479 4837 μὲν
3510 4765 3616 4837 γὰρ
3641 4767 3668 4818 ὁ
3698 4762 3964 4831 Χριστὸς,

696 4858 865 4928 ipsius
894 4859 1102 4911 ratione
1139 4868 1364 4912 naturae.
1406 4857 1557 4914 Unus
1602 4869 1684 4913 est
1728 4875 1961 4929 namque
1997 4861 2268 4928 Christus,

693 4961 750 5003 et
783 4964 922 5003 unus
958 4949 1236 5013 Dominus,
1286 4950 1378 5004 sed
1421 4951 1471 5004 in
1498 4950 1736 5013 Christo,
1770 4950 1819 5002 in
1862 4952 2158 5019 unigenito,
2190 4953 2271 5006 in-

695 5058 878 5112 quam,
913 5041 1070 5108 Filio,
1096 5052 1150 5097 et
1173 5042 1372 5097 Christi
1399 5058 1590 5096 nomen
1619 5053 1671 5095 et
1703 5042 1819 5096 Filii
1859 5059 1999 5096 nunc
2034 5044 2098 5096 de
2130 5045 2268 5098 divi-

698 5139 886 5201 nitate,
917 5153 1059 5192 nunc
1107 5138 1173 5192 de
1221 5137 1575 5204 humanitate,
1608 5153 1749 5193 nunc
1801 5140 1867 5192 de
1933 5139 2272 5196 humanitate

698 5229 1082 5300 divinitateque
1116 5227 1354 5300 dicitur.]

1361 5367 1509 5423 CAP.
1567 5368 1604 5422 Ι.

780 5501 959 5562 \‘ides,
990 5509 1047 5555 ut
1090 5502 1475 5572 multiplicibus
1519 5508 1912 5561 sententiarum
1955 5509 2277 5562 commentis

704 5595 867 5662 impie
899 5594 1163 5658 variatur,
1214 5604 1268 5649 et
1304 5595 1446 5649 illam
1496 5597 1794 5651 secundum
1841 5614 2061 5653 carnem
2115 5613 2277 5668 gene-

705 5691 968 5741 rationem
1008 5686 1276 5753 Unigeniti
1313 5705 1415 5738 non
1450 5689 1604 5741 aliter
1641 5689 1870 5740 futuram
1914 5690 2078 5744 fuisse
2113 5705 2274 5744 cona-

781 5867 821 5895 "
849 5864 1001 5921 Joan.
1040 5883 1088 5932 κ,
1123 5869 1199 5920 ιδ.
1281 5864 1500 5919 "Joan.
1539 5866 1605 5922 5;
1633 5864 1710 5919 l5.

2379 4871 2473 4924 καὶ
2503 4864 2580 4932 εἷς
2620 4868 2849 4939 Κύριοςο
2886 4865 2998 4920 ἀλλ’
3028 4863 3119 4917 ἐπὶ
3156 4860 3249 4915 τοῦ
3289 4858 3551 4930 Χριστοῦ,
3595 4857 3688 4909 ἐπὶ
3727 4853 3820 4908 τοῦ
3861 4871 3964 4923 μο-

2379 4961 2629 5030 νογενοῦς
2667 4959 2810 5026 λέγω
2842 4957 2995 5020 Υίοῦ,
3029 4957 3122 5010 καλ⁵
3166 4955 3247 5020 τὸ,
3282 4953 3534 5026 Χριστὸς,
3572 4951 3662 5005 καὶ
3693 4951 3773 5012 τὸ,
3810 4949 3966 5012 Υἱὸς,

2382 5054 2510 5108 ποτὲ
2572 5051 2670 5121 μὲν
2716 5050 2808 5102 ἐπὶ
2861 5047 2960 5117 τῆς
3012 5047 3285 5115 θεότητος,
3318 5044 3447 5098 ποτὲ
3485 5043 3538 5095 δὲ
3584 5040 3677 5093 ἐπὶ
3720 5039 3815 5108 τῆς
3864 5040 3966 5092 άν-

2380 5144 2744 5217 Ορωπότητος,
2779 5143 2870 5193 καὶ
2911 5140 3160 5209 θεότητος
3192 5137 3302 5210 [ιον.
3339 5136 3468 5190 ποτὲ
3503 5133 3557 5188 δὶ
3593 5134 3684 5186 ἐπὶ
3716 5131 3815 5201 τῆς
3867 5131 3966 5183 dw-

2387 5239 2414 5290 θ
2424 5233 2780 5307 ρωπότητος.]

2983 5365 3232 5418 ΚΕΦΑΛ.
3273 5365 3352 5416 A'.

2466 5505 2624 5574 Ὀρᾷς
2661 5503 2806 5565 ὅπως
2858 5500 3217 5570 πολυτρόποις
3268 5495 3491 5550 ἐννοιῶν
3521 5494 3830 5564 εὑρήμασιν
3865 5495 3954 5547 αν.

2383 5596 2544 5659 οσίως
2567 5594 3070 5655 καταποικίλλεται,
3096 5592 3190 5645 καὶ
3209 5589 3305 5658 τὴν
3333 5588 3476 5641 κατὰ
3505 5585 3684 5655 σάρκα
3709 5584 3965 5656 γέννησιν

2387 5690 2479 5744 τοῦ
2511 5685 2864 5756 Μονογενοῦς,
2903 5686 2977 5748 ὡς
3008 5685 3105 5737 οὐκ
3135 5685 3198 5736 ἂν
3239 5682 3440 5752 ἑτέρως
3470 5677 3734 5748 ἐσομένην
3776 5679 3956 5747 πειρῶ
