4104 6462
159 445 213 498 65
1261 440 1630 496 Αονειιευδ
1673 441 1702 495 δ

1807 442 2083 499 μἸῸΒΙΙΙΜ
2129 443 2258 501 LIB.
2300 443 2362 500 ll.
3326 449 3393 504 66

160 581 226 615 ut
248 562 515 624 δεικνύειν,
553 563 600 612 εἱ
637 561 714 632 μή
748 578 835 623 τις
867 563 1072 628 γένοιτο
1102 560 1206 614 τῶν
1241 562 1588 615 ὑποστάσεων
1628 562 1702 624 είς

1814 571 1900 616 tur
1952 569 2256 629 ostendere,
2297 567 2401 620 nisi
2448 565 2626 635 aliqua
2671 565 3098 620 substantiarom
3149 565 3290 619 inter
3334 582 3392 620 se

160 656 354 723 ἀλλήλας
405 656 690 722 ἀνάχυσις,
749 654 918 724 ῆγουν
969 653 1287 725 σύγκρασις.
1354 655 1548 707 Καίτοι
1599 654 1706 707 τῶν

159 747 234 817 τῆς
273 746 584 815 Ἐκκλησίας
617 746 963 800 διδασκάλων
1004 748 1065 800 οὐ
1108 747 1296 800 τοῦτον
1353 749 1500 817 ἡμᾶς
1539 765 1708 818 μυστ-

162 838 481 904 αγωγούντων
501 837 595 889 τὸν
624 837 850 905 τρόπον·
883 837 1099 890 σύνοδον
1116 838 1226 909 γὰρ
1245 838 1420 908 ἀληθῆ
1450 839 1706 905 γενέσθαι

159 930 324 999 φαμὲν,
357 929 659 992 ὲνὼσαντος
710 932 812 999 μὲν
861 931 1038 1000 ἑαυτῷ
1079 930 1172 983 τοῦ
1207 932 1377 1000 Λόγου
1412 933 1472 984 τὸ
1522 932 1704 1002 σῶμα,

160 1023 489 1091 μεμενηκότος
527 1021 585 1074 δὲ
633 1023 776 1092 ὅπερ
811 1017 896 1092 ἦν.
947 1021 1004 1074 ’0
1056 1022 1112 1076 δὲ
1165 1023 1274 1076 τῶν
1319 1025 1577 1077 τοιούτων
1629 1025 1706 1088 είς

157 1114 258 1168 γοῦν
290 1115 416 1184 ἔχων
444 1115 620 1178 οὐδὲν,
653 1115 1048 1185 δεδυσσέὸηκεν
1094 1116 1155 1169 οὑ
1209 1117 1466 1188 μετρίως,
1499 1118 1706 1181 διῖστάς

156 1210 218 1270 είς
241 1207 323 1260 δύο
351 1207 618 1277 πρόσωπά
650 1223 732 1272 τε,
767 1207 860 1260 καὶ
895 1207 1241 1272 ὑποστάσεις,
1267 1209 1575 1282 όλοτρόπως
1612 1209 1708 1263 ἀλ-

155 1296 301 1365 λήλων
345 1297 705 1368 διηρημένας,
761 1297 999 1368 ἑκατέρᾳ
1046 1313 1105 1350 τε
1156 1297 1346 1364 λόγους
1389 1300 1515 1361 τοὺς
1567 1299 1704 1372 αὑτῇ

156 1389 425 1456 πρέποντας
471 1388 752 1452 ἀνατιθεὶς
812 1388 1012 1451 ίδικῶς.
1069 1389 1180 1441 Καὶ
1236 1389 1398 1443 πάλιν
1432 1391 1528 1443 ἕνα
1573 1391 1708 1460 φησὶ

156 1478 352 1547 Χριστὸν
397 1477 603 1549 Ἰησοῦν
636 1479 862 1548 Κύριον,
895 1477 970 1541 ὡς
1005 1477 1295 1548 ἀνθρώπου
1345 1477 1464 1548 Θεῷ
1505 1494 1708 1548 συνημ-

156 1573 289 1638 μένου
318 1570 450 1624 κατά
483 1571 656 1641 μόνην
691 1571 789 1641 τὴν
822 1571 1000 1636 ἀξίαν,
1031 1570 1092 1622 ού
1129 1571 1250 1622 καθ’
1281 1569 1474 1621 ⁴ἕνωσιν
1507 1570 1703 1641 ἀληθῆ,

153 1663 381 1726 τουτέστι,
429 1664 527 1734 τὴν
581 1664 725 1717 κατὰ
778 1663 960 1732 φύσιν.
1012 1663 1133 1726 Πῶς
1167 1659 1260 1715 οὖν
1292 1665 1407 1714 ἐστι
1445 1661 1552 1734 [Ion
1588 1662 1706 1726 πῶς

154 1749 228 1808 οὑν
255 1747 328 1818 εἷς
364 1752 499 1826 ἐστι]
554 1753 795 1825 Χριστὸς
843 1753 935 1805 καὶ
987 1752 1112 1816 Υἱὸς
1161 1752 1222 1804 16
1272 1751 1493 1821 Κύριος,
1548 1751 1706 1822 εῖπερ

153 1849 323 1915 ἀμφοῖν
363 1847 462 1901 ἀνά
513 1848 681 1920 μέρος
713 1846 1007 1916 ἀρμόσειεν
1039 1845 1124 1908 ἂν,
1159 1844 1235 1908 ὡς
1275 1843 1431 1913 ἔφης,
1483 1844 1562 1906 16,
1599 1839 1703 1896 ὦδέ

151 1955 198 1992 τι
224 1940 696 2010 κατονομάζεσθαι,
732 1941 826 1992 καὶ
859 1935 998 1993 είναι
1027 1937 1170 1990 κατά
1198 1937 1474 2006 ἀλήθειαν,
1505 1935 1592 1988 διά
1621 1952 1701 1987 τοι

151 2033 199 2083 16
243 2032 498 2102 συμὸἧναι
549 2033 675 2086 καθ’
709 2031 904 2084 ἕνωσιν
946 2031 1146 2100 ἥκιστα
1177 2030 1275 2099 μὲν
1311 2027 1556 2096 ἀλλήλων
1603 2025 1703 2089 τὰς

155 2125 458 2186 ὑποστάσεις,
492 2123 750 2176 ἐνοῦσθαι
784 2123 840 2175 δὲ
871 2122 1013 2175 κατά
1045 2121 1214 2192 μόνην
1241 2121 1339 2192 τὴν
1372 2120 1552 2186 ἀξίαν,
1583 2121 1702 2190 ἦτοι

155 2217 230 2284 τὴν
269 2214 564 2279 αὑῢεντίαν,
619 2217 792 2284 ἢγουν
830 2215 1109 2280 ἐξουσίαν’
1165 2214 1265 2267 κᾶν
1309 2230 1393 2265 τοι
1442 2213 1542 2276 τὰς
1592 2212 1702 2266 τῶν

159 2309 456 2377 πραγμάτων
496 2306 1088 2378 πολυπραγμονοῦντες
1133 2306 1348 2376 φύσεις,
1377 2309 1448 2358 τά
1494 2307 1552 2356 ἐν
1590 2305 1700 2356 ίσό-

159 2416 251 2465 τητι
282 2399 374 2468 τῆς
405 2400 585 2466 ἀξίας,
627 2400 688 2452 οὑ
722 2399 923 2470 ταύτης
956 2399 1118 2453 ἕνεκα
1156 2399 1253 2469 τῆς
1288 2398 1468 2461 αἰτίας
1497 2397 1701 2450 ἀποϐεο

155 2491 355 2559 ὀληκότα
387 2491 842 2562 καταθρήσαιμεν
889 2491 956 2545 ἂν
989 2492 1052 2544 τὸ
1091 2490 1358 2562 ὑπάρχειν
1401 2490 1700 2544 ῖδιοσυστά-

153 2600 252 2642 τως.
306 2583 435 2636 Οὑτε
486 2585 595 2655 μὴν
652 2584 714 2636 16
768 2585 1064 2654 ἰσομοιρεῖν
1113 2585 1193 2647 εις
1243 2582 1421 2647 δόξαν,
1475 2582 1699 2651 ἀρκέσει

155 2677 261 2743 πρὸς
291 2676 472 2729 ἱνωσιν
494 2693 508 2708 ο
544 2674 657 2730 οἷόν
689 2677 743 2729 τί
777 2694 918 2746 φημι
937 2694 949 2708 ο
975 2676 1180 2747 Πέτρος
1207 2693 1263 2729 τε
1295 2675 1385 2728 καὶ
1426 2675 1700 2744 Ἰωάννης,

155 2769 288 2835 ἀμςω
319 2769 412 2839 μὲν
439 2771 613 2840 ἤστην
662 2769 950 2821 ἀπόστολοί
993 2786 1050 2821 τε
1103 2771 1195 2821 καὶ
1239 2769 1405 2836 ἅγιοι,
1443 2768 1538 2820 καὶ
1582 2770 1703 2830 ταῖς

157 2863 422 2931 ἰσομέτροις
458 2865 671 2932 τιμαῖς,
705 2863 799 2915 καὶ
837 2861 1098 2931 δυνάμεσι
1130 2864 1250 2923 ταῖς
1283 2862 1371 2914 διὰ
1400 2861 1492 2914 τοῦ
1533 2861 1702 2913 Ilvati-

157 2971 292 3018 ματος
325 2955 786 3024 κατηγλαῖσμένοι
823 2954 974 3023 παρά
1007 2951 1102 3006 τοῦ
1137 2955 1355 3006 πάντων
1399 2952 1556 3024 ἡμῶν
1587 2953 1699 3006 Σω-

153 3042 284 3110 τῆρος
305 3044 532 3112 Χριστοῦ
549 3062 562 3074 ·
581 3047 781 3113 ἢκουον
803 3043 912 3115 γάρ
930 3043 1065 3114 ὁμοῦ
1093 3047 1204 3105 τοῖς
1229 3043 1410 3106 ἄλλοις
1430 3061 1442 3072 ο
1465 3061 1482 3093 ι
1513 3044 1702 3113 Ὑμεῖς

157 3150 251 3185 ;σ;ε
308 3134 364 3185 16
413 3137 528 3203 φῶς
567 3135 663 3187 τοῦ
722 3136 929 3204 κόσμου
999 3153 1018 3186 ι
1083 3135 1290 3187 τούτου.
1351 3133 1456 3186 Καὶ
1499 3134 1698 3188 πάλιν·

158 3243 171 3272 ι
221 3226 582 3291 ’Δσθενοῦντας
615 3227 942 3298 θεραπεύετε
966 3244 980 3258 ο
1032 3228 1257 3297 νεκροὺς
1302 3227 1543 3296 ἐγείρετε
1565 3243 1578 3256 ⁸
1613 3226 1701 3278 λεη-
1731 3267 1773 3323 c

154 3321 295 3386 προὺς
335 3318 696 3390 καθαρίζετε·
745 3319 997 3388 δαιμόνια
1031 3318 1337 3370 ὲκὸάλλετε.
1379 3335 1396 3368 ι
1435 3313 1581 3389 Ἀρα
1609 3313 1701 3370 οὖν

155 3409 198 3470 ἐξ
223 3409 579 3480 ίσομοιρούσης
611 3409 791 3472 ἀξίας,
819 3410 983 3477 ἤγουν
1013 3407 1298 3467 αὑὺεντίας
1323 3407 1505 3467 αὑτοῖς
1527 3405 1702 3475 ὑπάρ-

156 3498 222 3560 ξαι
268 3503 455 3568 φαμὲν,
513 3500 577 3552 16
631 3501 711 3560 είς
774 3497 1060 3567 ἄνθρωπον
1115 3495 1208 3547 ἕνα
1248 3491 1699 3559 καταλογίζεσθαι

155 3592 252 3653 τοὺς
280 3592 382 3654 δύο,
414 3596 508 3646 καὶ
537 3593 700 3663 ἀρκεῖ
725 3591 883 3643 τοῦτο
912 3589 1049 3659 πρὸς
1078 3588 1290 3648 ἕνωσιν,
1320 3587 1418 3655 τὴν
1443 3585 1518 3648 ὡς
1548 3586 1603 3637 εν
1634 3601 1698 3651 γε

158 3685 245 3745 11?;
272 3683 594 3738 ὑποστάσεσι
625 3682 800 3749 λέγω;
829 3676 963 3732 Εῐτα
994 3679 1110 3741 πῶς
1133 3679 1233 3731 οὑκ
1265 3677 1695 3752 ὴλίθιονικομιδῇ

153 3774 200 3824 16
244 3767 330 3828 ὦδε
382 3778 623 3846 φρονεῖν.
675 3775 832 3826 νοοῖτ*
871 3771 938 3826 ἂν
984 3771 1244 3836 είκότως;
1296 3771 1362 3823 Τί
1409 3770 1698 3840 τοιγαροῦν

154 3865 430 3938 ὑποπλάττῃ
480 3867 582 3936 μὲν
617 3861 756 3918 εῖναι
796 3864 893 3934 τὴν
939 3864 1121 3916 πίστιν
1153 3861 1334 3933 ὀρθὸς,
1381 3861 1478 3914 ἕνα
1524 3860 1699 3930 λέγων

157 3959 350 4026 Χριστὸν
409 3958 619 4030 Ἰησοῦν
669 3957 904 4028 Κύριονο
965 3952 1083 4008 εἶτα
1133 3955 1434 4024 διατέμνων
1487 3957 1566 4017 είς
1607 3953 1699 4006 δύο

155 4052 382 4116 πρόσωπά
415 4069 472 4104 τε
525 4050 622 4104 καί⁸
669 4049 994 4110 ὑποστάσεις
1041 4047 1131 4100 16v
1175 4047 1290 4108 ἕνα,
1330 4044 1425 4098 καὶ
1467 4045 1558 4097 τὸν
1600 4045 1698 4114 μὲν

154 4142 229 4210 τῆς
255 4143 472 4212 ἀληθοῦς
507 4142 754 4204 ἑνώσεως
787 4140 1073 4209 ἀτιμάζεις
1107 4140 1328 4205 τρόπον,
1358 4137 1424 4189 δι’
1465 4132 1533 4207 ἧς
1567 4138 1699 4207 ἀλη-

156 4233 239 4294 θῶς
280 4231 352 4296 εἷς
386 4253 444 4288 τε
479 4234 576 4288 καὶ
621 4235 781 4303 μόνος
816 4233 880 4285 ἂν
909 4233 994 4302 εἴη
1033 4233 1061 4284 6
1096 4229 1330 4299 Χριστός
1356 4247 1369 4260 ο
1408 4230 1698 4296 συνάφειαν

153 4326 196 4378 δί
223 4328 417 4398 άληθῶς
455 4328 746 4397 ὀνομάζεις
788 4328 887 4396 τὴν
924 4325 1231 4395 ίσοτιμίανς
1284 4325 1440 4384 [ιοῖος
1472 4323 1580 4391 γὰρ
1612 4316 1694 4374 οὗ·

154 4421 222 4480 τός
245 4423 346 4474 ἐστι
377 4421 674 4490 συναφείας
708 4420 940 4490 τρόπος;
984 4419 1051 4469 Ἥ
1097 4417 1198 4469 οὑκ
1242 4410 1397 4467 οῖσϐα
1437 4414 1516 4465 ὃτι
1547 4413 1699 4482 φίλον

155 4527 248 4574 πως
286 4513 366 4565 ἀεὶ
414 4517 530 4573 τοῖς
567 4512 704 4564 κατά
752 4511 898 4563 τόνδε
933 4509 1023 4562 16v
1054 4507 1185 4579 βίον,
1232 4507 1290 4558 τὸ
1333 4508 1390 4558 ὲν
1431 4504 1700 4565 εὑκλείαις

1816 653 2138 710 confusione
2191 667 2286 711 aut
2339 659 2719 712 commistione
2766 657 2925 721 facta,
2966 673 3086 711 cum
3143 657 3391 712 doctores

1810 744 2066 801 Ecclesia:
2095 763 2201 802 non
2229 749 2374 804 hunc
2400 753 2614 803 modum
2649 751 2804 804 nobis
2830 751 3171 804 tradiderint.
3197 749 3391 803 Veram

1811 853 2050 907 namque
2073 840 2514 909 coniunctionem
2544 841 2740 895 factam
2779 841 3034 907 dicimus,
3064 841 3134 894 ita
3167 852 3224 893 ut
3260 839 3389 893 Ver-

1809 931 1936 984 bnm
1975 929 2080 985 sibi
2122 931 2342 1000 quidem
2381 946 2576 999 corpus
2609 931 2812 995 uniret,
2859 931 2952 986 sed
3003 933 3052 985 id
3087 933 3228 999 quod
3274 941 3390 984 erat

1813 1033 2202 1091 permaneret:
2255 1023 2341 1077 hic
2393 1037 2520 1077 vero
2567 1022 2676 1094 34
2720 1023 2854 1077 nihil
2903 1024 3169 1093 ejusmodi
3210 1023 3386 1076 conci-

1808 1113 1963 1182 piens
1997 1114 2198 1177 animo,
2229 1129 2335 1168 non
2377 1116 2634 1168 mediocri
2662 1115 2951 1184 impietatis
2986 1116 3212 1169 crimine
3246 1115 3389 1167 labo-

1809 1215 1915 1265 rat,
1961 1220 2082 1258 cum
2147 1204 2200 1257 itt
2259 1205 2394 1259 duas
2459 1220 2719 1274 personas
2776 1215 2830 1260 et
2875 1205 3010 1260 duas
3071 1206 3392 1275 hypostases

1807 1296 2028 1348 omnino
2056 1296 2196 1350 inter
2217 1310 2276 1350 se
2303 1297 2546 1352 diversas
2576 1298 2904 1366 abjunxerit,
2927 1299 2996 1351 ita
3028 1309 3086 1350 ut
3107 1312 3389 1352 sermones

1807 1389 2004 1457 cuique
2051 1389 2445 1443 convenientes
2496 1392 2715 1459 utrique
2749 1407 2990 1459 persona:
3035 1393 3252 1461 proprie
3295 1393 3390 1444 tri-

1808 1480 2042 1534 bueret:
2079 1491 2135 1534 et
2181 1497 2370 1535 rursus
2399 1497 2563 1535 unum
2587 1483 2721 1537 dicit
2758 1483 3035 1537 Christum
3062 1481 3248 1538 Jesunt
3288 1482 3390 1534 Do-

1809 1572 2042 1638 minum,
2074 1584 2331 1643 tanquam
2366 1575 2480 1627 sola
2515 1575 2794 1645 dignitatis
2829 1578 3061 1640 ratione,
3103 1592 3208 1630 non
3261 1591 3388 1628 vera

1808 1665 2028 1725 unione,
2062 1665 2165 1718 hoc
2187 1675 2290 1728 est,
2319 1679 2423 1717 non
2458 1666 2754 1719 secundum
2784 1677 3053 1729 naturam,
3083 1667 3245 1721 hamo
3267 1682 3388 1719 cum

1809 1751 1920 1807 Deo
1967 1755 2290 1823 conjunctus
2327 1759 2418 1813 sit.
2452 1759 2696 1824 Quonam
2737 1760 2901 1830 igitur
2953 1761 3112 1815 modo
3139 1776 3278 1814 unus
3307 1772 3388 1813 est

1810 1845 2091 1913 Christus,
2140 1859 2194 1901 et
2229 1849 2396 1905 Filius
2436 1850 2718 1915 Dominus,
2754 1851 3024 1920 siquidem
3069 1862 3127 1905 ut
3163 1853 3388 1912 asseris.

1808 1938 2026 2007 utrique
2045 1941 2274 1994 seorsim
2311 1943 2568 1997 convenit
2591 1959 2695 1997 non
2720 1946 2879 1997 modo
2899 1945 3052 1997 utsic
3069 1943 3388 2013 appelletur,

1808 2045 1997 2084 verum
2026 2032 2277 2088 etiant.ut
2303 2036 2372 2087 sit
2403 2049 2550 2100 vere,
2579 2050 2703 2088 cum
2737 2035 2840 2088 isto
2875 2037 3034 2088 modo
3061 2035 3152 2087 ﬂat
3182 2043 3239 2086 ut
3264 2036 3392 2087 sub-

1809 2126 2025 2180 stantia:
2069 2127 2291 2181 minime
2338 2127 2482 2182 inter
2534 2143 2592 2182 se
2635 2129 2929 2183 secundum
2969 2129 3222 2183 unionem
3260 2143 3393 2181 con.

1808 2212 2085 2276 venerint,
2119 2215 2211 2268 sed
2263 2215 2438 2269 solum
2486 2217 2782 2270 secundum
2825 2217 3138 2285 dignitatem
3172 2217 3254 2270 vel
3301 2234 3393 2270 au-

1807 2304 2138 2371 ctoritatem,
2177 2305 2258 2360 vel
2295 2316 2620 2375 potestatem
2661 2308 2824 2361 unita:
2849 2308 3182 2376 sint?Atqui
3213 2309 3258 2362 si
3297 2325 3390 2361 na-

1809 2404 1959 2449 turns
1978 2411 2158 2450 rerum
2191 2399 2636 2469 pervestigentus,
2661 2402 2962 2454 videbimus
2977 2417 3097 2470 qua:
3122 2404 3235 2469 pari
3266 2412 3390 2456 sunt

1807 2487 2089 2556 dignitate,
2125 2504 2228 2542 non
2267 2504 2330 2543 ea
2374 2491 2443 2544 de
2495 2506 2656 2545 causa
2707 2492 2757 2545 id
2794 2493 3047 2546 amittere
3093 2507 3160 2546 ne
3207 2496 3387 2547 minus

1815 2579 1928 2647 ipsa
1971 2582 2193 2650 proprie
2247 2584 2612 2653 privatimque
2659 2586 2980 2649 consistant,
3028 2600 3201 2656 neque
3246 2587 3389 2653 quod

1809 2671 1930 2738 pari
1961 2671 2071 2724 sint
2102 2672 2272 2741 gloria
2305 2674 2355 2728 id
2389 2675 2454 2729 ad
2478 2676 2729 2730 unionem
2755 2675 3091 2732 elﬁcicndam
3120 2676 3386 2732 suilli-ere.

1810 2759 1968 2815 Verbi
2017 2765 2210 2830 gratia,
2263 2763 2464 2819 Petrus
2497 2777 2550 2820 et
2596 2766 2836 2822 Joannes
2870 2769 3029 2822 ambo
3062 2777 3115 2822 et
3155 2769 3386 2837 apostoli

1805 2865 1858 2906 et
1902 2857 2074 2908 sam-ti
2113 2857 2210 2910 viri
2265 2866 2446 2924 erant,
2482 2868 2536 2913 et
2566 2859 2681 2928 pari
2715 2860 2919 2914 honore
2962 2875 3023 2915 ac
3063 2863 3263 2915 virtute
3296 2876 3390 2929 per

1807 2942 2070 3012 Spiritum
2117 2958 2362 3002 sanctum
2430 2950 2498 3004 ab
2544 2952 2787 3005 omnium
2836 2953 3118 3006 Salvatore
3167 2952 3389 3006 Christo

1806 3037 2046 3093 decorati
2087 3057 2100 3092 :
2140 3041 2300 3094 simul
2331 3043 2476 3096 enim
2513 3058 2634 3096 cum
2682 3045 2898 3098 caeteris
2931 3045 3034 3097 sibi
3066 3044 3267 3098 dictum
3294 3061 3389 3097 au-

1807 3128 2062 3183 dierant:
2103 3149 2120 3181 t
2157 3131 2260 3186 Vos
2293 3135 2425 3186 estis
2458 3133 2545 3187 lux
2582 3137 2767 3188 mundi
2801 3154 2820 3188 ι
2859 3135 3020 3206 hujus
3048 3135 3134 3189 "z
3173 3145 3226 3188 et
3276 3153 3388 3188 rur-

1806 3235 1922 3273 sum
1946 3237 1960 3276 :
1991 3239 2010 3272 ι
2048 3220 2295 3277 lnlirmos
2319 3235 2530 3292 curate,
2559 3237 2802 3280 mortuos
2831 3228 3112 3294 suscitate,
3145 3229 3390 3298 leprosos

1812 3312 2088 3375 mundate,
2143 3313 2407 3368 daemonia
2454 3316 2636 3383 ejicite
2681 3319 2748 3376 ”.
2796 3337 2816 3371 ι
2868 3319 3003 3376 Num
3039 3338 3169 3393 ergo
3211 3339 3276 3378 ex
3324 3339 3390 3376 eo

1810 3401 1953 3468 quod
2014 3403 2128 3473 pari
2178 3415 2334 3458 erant
2389 3407 2655 3477 dignitate
2713 3410 2796 3466 vel
2852 3415 3204 3477 auctoritate,
3255 3415 3387 3468 illud

1807 3491 1969 3544 etiam
1998 3508 2094 3547 eos
2129 3497 2382 3551 habuisse
2416 3513 2750 3565 asseremus,
2775 3513 2832 3555 ut
2865 3520 2986 3558 cum
3043 3506 3147 3558 duo
3179 3513 3387 3567 essent,

1808 3597 1948 3635 unus
1996 3583 2158 3639 Immo
2205 3591 2566 3643 censeretur?
2610 3593 2772 3660 idque
2823 3593 2889 3648 ad
2937 3595 3192 3650 unionem
3239 3607 3388 3651 certe

1805 3673 2166 3743 liypostaseon
2204 3692 2327 3733 esse
2369 3681 2548 3735 satis?
2585 3682 2749 3752 Atqui
2791 3699 2968 3738 nonne
3005 3686 3386 3740 stultissimum

1806 3769 2138 3824 censendum
2180 3772 2251 3826 sit
2292 3773 2361 3826 ita
2389 3775 2640 3828 sentire?
2662 3777 2772 3830 Cur
2802 3793 2929 3845 ergo
2969 3787 3018 3831 te
3049 3777 3275 3832 simulas
3303 3794 3386 3833 re-

1808 3869 1951 3913 Ctatn
1985 3859 2142 3913 [idem
2185 3871 2393 3926 tenere,
2421 3881 2541 3918 cum
2569 3866 2843 3919 Christum
2875 3867 3055 3920 Jesutn
3099 3868 3384 3921 Dominum

1805 3953 1942 4006 dicis
1966 3954 2184 4021 quidem
2219 3971 2406 4020 unum,
2438 3957 2532 4010 sed
2565 3957 2707 4011 hunc
2740 3974 2905 4011 unum
2951 3959 3001 4011 in
3031 3960 3164 4014 duas
3208 3976 3388 4029 perso-

1807 4059 1903 4097 nas
1952 4055 2007 4098 et
2062 4047 2382 4115 hypostases
2425 4048 2660 4102 dividis?
2699 4060 2752 4103 et
2797 4065 2936 4103 vera:
2987 4050 3130 4105 illius
3172 4051 3386 4105 ortionis

1808 4137 2048 4200 modum,
2098 4152 2193 4205 per
2239 4153 2398 4205 quem
2428 4154 2555 4192 vere
2587 4156 2724 4193 unus
2771 4156 2833 4192 ac
2865 4143 3010 4195 solus
3052 4158 3172 4196 esse
3203 4154 3384 4209 potest

1806 4227 2078 4288 Christus,
2106 4230 2399 4296 improbas,
2423 4231 2565 4283 illam
2603 4248 2730 4285 vero
2769 4233 2989 4287 honoris
3017 4235 3379 4303 teqmditntent

1806 4333 1933 4372 vere
1984 4321 2419 4386 coniunctionem
2473 4324 2748 4391 appellas?
2789 4327 2974 4390 Qualis
3009 4331 3152 4379 enim
3197 4330 3241 4381 is
3301 4339 3381 4382 est

1809 4411 2216 4480 conjunctionis
2265 4413 2499 4467 modus?
2525 4415 2605 4467 An
2644 4416 2860 4484 ignoras
2894 4434 3090 4485 cupere
3136 4420 3382 4473 homines

1804 4501 1895 4569 qui
1923 4501 1975 4554 in
2010 4502 2113 4557 hoc
2143 4503 2342 4556 smcnlo
2373 4517 2678 4567 versantur,
2709 4509 2978 4560 tnundana
3005 4512 3160 4573 potiri
3187 4513 3380 4579 gloria,

156 4597 266 4654 εἶναι
297 4607 604 4674 κοσμικαῖς,
642 4603 692 4654 οῖ
721 4603 816 4663 τάς
849 4600 999 4670 παρά
1033 4599 1140 4650 τῶν
1170 4597 1513 4668 κρατούντων
1548 4596 1696 4647 πλου·

1808 4607 2013 4660 eosque
2048 4610 2074 4646 a
2103 4595 2438 4664 principibus
2465 4599 2698 4652 honores
2735 4605 2989 4666 consequi
3014 4601 3038 4648 ‘P
3059 4602 3162 4654 Sed
3192 4619 3380 4668 quaint-

157 4694 277 4747 1053:
315 4699 506 4765 τιμάς;
557 4694 698 4748 Ἀλλ’
748 4697 804 4745 ὲν
846 4695 979 4754 ίσοις
1014 4692 1163 4752 ὄντες
1208 4689 1533 4758 ἀξιώμασιν,
1586 4687 1699 4738 ἐσθ’

159 4803 245 4852 οτι,
279 4790 618 4861 διεστήκασιν
653 4786 901 4858 ἀλλήλων
941 4784 1170 4854 ὑπάρξει
1216 4801 1274 4836 τε
1315 4785 1378 4852 τῇ
1410 4782 1531 4834 καθ’
1577 4781 1696 4846 ἕνα,

159 4880 300 4945 φημὶ,
347 4883 434 4932 καὶ
483 4879 668 4948 μέντοι
711 4877 770 4930 16
820 4875 929 4948 [τον.
981 4873 1081 4946 τῷ]
1115 4874 1396 4944 βούλεσθαι
1444 4875 1510 4926 τὰ
1561 4874 1697 4924 αὐτὰ

157 4973 334 5034 ξμονιῖν
360 4988 416 5023 τε
446 4973 542 5024 καὶ
570 4970 702 5039 δρᾷν
725 4987 736 4998 ’
772 4967 886 5021 ἀλλ⁹
908 4967 1064 5037 εἴπερ
1094 4962 1159 5037 ἦν
1191 4982 1272 5027 τις
1305 4965 1497 5034 δεσμὸς
1531 4967 1697 5032 ἀναγο

158 5064 277 5124 uio;
320 5064 394 5125 εἰς
446 5063 678 5130 ἑνότητα
738 5059 1010 5127 συλλέγων
1049 5059 1248 5120 αὑτοὺς
1300 5058 1396 5128 τῆς
1454 5055 1610 5121 ἀξίας
1662 5059 1689 5108 ό

154 5157 333 5219 τρέπος,
366 5155 620 5224 καθάπερ
665 5151 853 5220 ἀμέλει
893 5153 986 5204 καὶ
1019 5149 1289 5219 σύμϐασις
1339 5149 1563 5219 φυσικὴ,
1596 5149 1694 5201 οὑκ

153 5245 202 5292 ἂν
240 5261 290 5295 εν
337 5248 536 5318 ἰσότητι
571 5261 777 5316 γερων,
825 5245 942 5315 ἦτοι
988 5246 1088 5312 τῆς
1135 5242 1290 5308 ἀξίας
1334 5243 1692 5312 ὑπάρχοντες.

152 5334 440 5390 ὑποστάσεσι
460 5355 519 5390 τε
543 5337 638 5390 καὶ
658 5335 873 5406 γνώμῃ,
899 5337 976 5397 είς
1005 5333 1065 5387 16
1089 5335 1272 5405 ἕτερος
1297 5330 1432 5386 εῖναι
1460 5334 1554 5388 καὶ
1579 5335 1695 5386 ἐτε-

155 5442 226 5492 ρος
264 5427 432 5492 ίδικῶς
475 5428 721 5498 ἀλλήλων
767 5425 1212 5496 ἀπενοσφίζοντο.
1261 5423 1369 5479 Ποῦ
1400 5424 1690 5494 τοιγαροῦν

149 5521 226 5588 τὴν
266 5523 352 5593 σὴν
392 5522 688 5592 συνάφειαν
731 5519 998 5590 θήσομενς
1033 5516 1097 5568 Τί
1144 5515 1200 5568 δὲ
1234 5517 1327 5568 καὶ
1358 5515 1552 5585 δρᾶσαι
1603 5515 1689 5566 λο-

152 5614 409 5681 γισόμεθα;
457 5613 894 5684 Ὁμογνωμονεῖν
943 5611 1052 5682 ἄρα
1092 5611 1352 5662 πέπεικεν
1394 5609 1620 5670 αὑτοὺς,
1657 5607 1689 5676 ἦ

153 5705 386 5775 συμϐῆναι
420 5707 836 5778 παρεσκεύασεν
870 5705 950 5766 είς
984 5703 1211 5772 ἑνότητα
1263 5702 1530 5772 μυστικήν
1569 5698 1682 5769 [ἴθ’.

211 5888 439 5949 "Matth.
470 5907 523 5957 v,
560 5893 643 5946 Η.
719 5893 763 5923 ’⁸
795 5888 981 5943 Matth.
1023 5904 1071 5953 ι,
1103 5887 1156 5940 8.

1807 4685 1886 4738 vis
1924 4700 2312 4753 nonnunquam
2354 4689 2614 4755 aequalem
2669 4690 2900 4744 habeant
2948 4694 3230 4760 dignitatis
3257 4708 3382 4762 gra-

1801 4778 1953 4841 dttnt,
1999 4790 2179 4834 tamen
2233 4782 2464 4836 invicem
2506 4785 2709 4836 distant
2754 4794 2864 4836 tttnt
2905 4787 3164 4854 singulari
3206 4790 3384 4841 subsi-

1802 4873 2019 4934 stentia,
2065 4883 2175 4926 tum
2211 4889 2340 4928 vero
2367 4875 2418 4927 in
2457 4889 2521 4928 eo
2550 4877 2691 4943 quod
2723 4893 2826 4929 non
2859 4879 3044 4931 cadent
3080 4895 3268 4946 sapere
3294 4891 3380 4933 at-

1801 4977 1908 5030 que
1951 4963 2211 5031 perlicere
2242 4965 2390 5018 libet.
2427 4967 2587 5032 Atqui
2624 4965 2667 5018 si
2711 4966 2990 5036 dignitatis
3024 4970 3160 5020 ratio
3191 4971 3376 5021 vincu-

1803 5055 1910 5109 lum
1952 5068 2096 5111 esset
2130 5057 2494 5111 neceSsariutn
2530 5074 2635 5126 quo
2663 5061 2714 5112 in
2759 5060 3017 5112 unitatem
3051 5061 3376 5129 colligeren-

1805 5164 1912 5213 tur,
1955 5160 2012 5201 ttt
2047 5161 2130 5204 est
2170 5148 2354 5218 procul
2388 5150 2550 5203 dubio
2593 5150 2678 5203 illa
2726 5150 3037 5218 coniunctio
3086 5152 3371 5214 naturalis,

1805 5259 2079 5312 nunquam
2118 5241 2170 5294 in
2205 5242 2469 5295 honorum
2504 5242 2587 5294 vel
2617 5241 2896 5311 dignitatis
2935 5242 3242 5311 aequalitate
3282 5259 3376 5312 po-

1801 5334 1909 5397 siti,
1962 5334 2239 5403 hypostasi
2272 5343 2432 5401 atque
2465 5335 2627 5386 etiam
2656 5333 2918 5387 sententia
2950 5335 3199 5400 privatim
3237 5333 3378 5386 inter

1801 5444 1859 5480 se
1884 5429 2310 5495 sejungerentur,
2341 5424 2446 5494 35
2481 5436 2538 5478 ut
2586 5425 2723 5479 alter
2764 5425 2850 5478 hic
2897 5435 3061 5484 esset.
3095 5425 3182 5477 ille
3217 5424 3370 5478 alter.

1801 5516 1916 5584 Quo
1974 5517 2136 5585 igitur
2191 5516 2307 5569 luco
2367 5525 2510 5568 tuam
2570 5516 3010 5584 conjunctionem
3073 5515 3376 5582 ponemus?

1800 5607 1999 5676 quidve
2047 5605 2262 5660 eﬂicerc
2308 5607 2645 5675 putabitnnr?
2687 5605 3071 5659 Consentirene
3116 5605 3276 5672 igitur
3323 5602 3375 5656 il-

1803 5698 1865 5753 lis
1920 5698 2210 5767 persuasit.
2247 5707 2340 5751 aut
2398 5696 2523 5752 fecit
2575 5705 2633 5750 ut
2664 5698 2733 5765 ⁸ἰιι
2787 5696 3065 5765 mysticam
3115 5695 3374 5748 unitatem
