4104 6468
663 430 734 483 67
1689 430 1746 484 S.
1788 428 2066 487 CYRILLI
2107 426 2574 485 ALEXANDRINI
2616 427 2936 484 ARCHIEP.
3862 433 3931 488 68

667 543 1067 600 convenirent?
1124 544 1230 600 Sed
1261 543 1442 600 dicere
1469 545 1522 598 id
1559 560 1662 599 non
1708 549 1929 616 poteris.
1964 545 2096 600 Nam
2132 548 2232 600 hac

2356 543 2636 616 ρυσικήν];
2673 543 2814 602 Ἀλλ’
2840 544 2941 596 οὑκ
2972 542 3038 596 ἂν
3074 541 3216 614 ἔχοις
3257 542 3448 595 εἰπεῖν·
3483 540 3779 609 Ἐκδέδειχε
3820 545 3930 612 γὰρ

672 635 882 690 ratione
934 636 1362 690 demonstratum
1395 645 1500 701 est,
1533 636 1676 690 illam
1702 651 1822 691 esse
1856 639 1908 692 in
1958 649 2244 707 utramque

667 734 876 790 partem
910 728 1204 783 admodum
1239 727 1536 782 inﬁrmam.
1580 728 1711 782 Illud
1743 743 1959 800 quoque
1993 730 2124 784 mihi
2157 745 2246 784 ex-

673 815 841 882 plices
887 818 1075 883 velim,
1123 834 1247 872 nam
1293 833 1484 887 rogare
1523 823 1832 874 necessario
1877 835 2062 889 cogor,
2115 820 2242 888 quid

673 907 786 973 ipsa
819 907 1057 978 dignitas
1082 910 1281 977 juverit
1311 910 1606 974 hominem,
1635 919 1691 964 ut
1724 911 1838 980 ipse
1883 911 2087 974 dixisti,
2121 925 2241 964 cum

670 998 775 1052 Deo
815 999 993 1054 Verbo
1020 1000 1388 1065 coniunctum,
1416 1010 1470 1053 et
1500 1015 1564 1053 ex
1598 1000 1822 1054 muliere
1859 1002 2079 1054 natum?
2108 1000 2240 1053 Num

669 1104 796 1143 vero
827 1105 1008 1158 parem
1044 1091 1212 1160 gloria
1242 1101 1295 1144 et
1326 1091 1647 1145 excellentia
1680 1092 1937 1155 reddidit,
1972 1102 2026 1144 et
2064 1102 2245 1145 tantus

668 1189 726 1233 ut
759 1192 903 1236 esset
948 1181 1159 1246 elIecit,
1202 1192 1465 1250 quantum
1513 1191 1569 1236 et
1628 1183 1800 1251 ipsum
1837 1198 1957 1237 esse
2010 1184 2242 1237 Verbum

665 1271 924 1326 credibile
948 1272 1077 1326 est?
1108 1273 1210 1326 Sed
1233 1273 1503 1341 quomodo
1533 1289 1639 1328 non
1666 1274 1754 1328 ille
1782 1278 2094 1338 mentietur,
2121 1291 2242 1327 cum

665 1363 840 1419 dicit:
896 1381 915 1414 ι
953 1363 1195 1419 Gloriam
1234 1381 1406 1419 meam
1462 1366 1619 1419 alteri
1651 1381 1754 1420 non
1798 1368 1938 1420 dabo
1965 1368 2052 1420 "?
2086 1386 2103 1418 ι
2138 1366 2245 1419 fru-

665 1465 778 1508 stra
820 1455 984 1510 etiam
1036 1465 1268 1524 nugatus
1295 1457 1400 1508 erit
1438 1456 1525 1509 ille
1561 1457 1776 1510 divinus
1807 1457 2110 1510 carminum
2146 1473 2242 1510 au—

665 1556 804 1613 ctor,
863 1547 939 1601 sic
995 1544 1164 1600 ferme
1194 1548 1412 1600 dicens:
1452 1565 1468 1597 ι
1502 1546 1638 1611 Quis
1673 1549 1886 1601 tandem
1922 1549 1974 1600 in
2012 1549 2246 1603 nubibus

663 1637 973 1705 aequabitur
1002 1636 1270 1690 Domino?
1298 1646 1389 1689 aut
1432 1637 1554 1706 quis
1587 1637 1780 1691 similis
1818 1638 1920 1690 erit
1961 1639 2069 1692 Deo
2107 1640 2158 1692 in
2193 1638 2248 1691 fl-

667 1727 754 1782 liis
779 1728 870 1782 Dei
899 1727 985 1782 "7
1023 1745 1040 1778 ι
1078 1728 1159 1782 An
1192 1742 1320 1781 vero
1368 1728 1411 1780 is
1451 1742 1558 1782 non
1602 1728 1708 1782 erit
1731 1728 1873 1782 alius
1903 1730 1971 1782 ab
2007 1729 2097 1784 illo
2135 1745 2243 1783 uno

665 1829 722 1872 et
760 1819 1059 1873 secundum
1096 1826 1344 1871 naturam
1380 1818 1475 1874 Dei
1525 1818 1705 1872 Patris
1739 1818 1939 1882 Verbo,
1987 1820 2077 1888 qui
2131 1835 2250 1888 pro-

2343 635 2371 687 ὁ
2401 634 2556 702 λόγος
2607 633 2741 704 πρὸς
2777 633 2944 703 ἄμφω
2976 633 3158 699 ταυτὶ,
3189 631 3325 684 πολὺ
3355 630 3616 685 νοσοῦσαν
3655 630 3715 681 τὸ
3759 627 3931 696 ἀδραο

2344 726 2451 788 νές.
2478 725 2654 797 Φρὰζε
2683 724 2740 776 δέ
2773 741 2865 794 μοι
2896 725 3136 777 κάκεῖνο·
3168 723 3583 794 προσερήσομαι
3615 720 3725 791 γὰρ
3755 722 3929 787 ἀναγ-

2344 817 2544 882 καίως,
2599 815 2652 868 τί
2681 815 2743 869 τὸ
2774 815 2872 884 τῆς
2913 815 3071 880 ἀξίας
3117 814 3293 884 ὢνησε
3338 814 3524 885 χρῆμα
3577 813 3688 876 τὸν,
3741 811 3932 879 ὥσπερ

2345 909 2479 978 ἔφης
2504 908 2688 974 αὐτὸς,
2718 905 2796 976 τῷ
2824 906 2942 976 Θεῷ
2967 906 3124 976 Λόγῳ
3153 906 3492 976 συνημμένον
3520 904 3806 974 ἄνθρωπον
3836 903 3930 954 καὶ

2345 1002 2409 1053 ὲκ
2458 999 2752 1068 γυναικός;
2787 994 2936 1069 Ἀρα
2972 999 3080 1067 γὰρ
3115 999 3228 1050 [σον
3261 997 3543 1067 ἀπέφηνεν
3577 997 3634 1048 tv
3665 994 3790 1064 δόξῃ
3834 994 3930 1046 καὶ

2345 1091 2610 1161 ὑπεροχῇ,
2653 1089 2748 1142 καὶ
2779 1088 3031 1140 τοσοῦτον
3063 1084 3200 1141 εἶναι
3233 1086 3665 1157 παρεσκεύασεν,
3702 1086 3826 1146 ὅσος
3863 1085 3930 1137 ἂν

2345 1180 2486 1237 εἶναι
2515 1181 2822 1235 πιστεύοιτο
2850 1181 2942 1234 καὶ
2972 1180 3166 1243 αὑτόςς
3196 1174 3328 1231 Εἶτα
3357 1179 3472 1241 πῶς
3497 1177 3557 1230 οὑ
3583 1175 3931 1245 διαψεύσεται

2345 1275 2537 1342 λέγων,
2575 1293 2592 1324 ι
2621 1273 2730 1343 Τὴν
2757 1273 2915 1338 δόξαν
2953 1289 3052 1342 μου
3099 1272 3270 1340 ἑτέρῳ
3308 1271 3369 1322 οὑ
3405 1268 3596 1333 δώσω;
3627 1286 3646 1318 ι
3685 1266 3932 1334 πεφλυά-

2350 1382 2482 1435 ρηκε
2515 1365 2569 1417 δὲ
2606 1365 2780 1433 μάτην
2808 1363 2903 1415 καὶ
2935 1362 3097 1425 αὐτὸς
3128 1363 3258 1431 ἡμῖν
3282 1361 3309 1412 ὁ
3345 1360 3631 1421 Θεσπέσιος
3667 1357 3929 1428 μελῳδὸς,

2346 1455 2442 1507 ὡδί
2477 1473 2578 1507 που
2617 1454 2813 1522 λέγων,
2853 1456 2934 1507 ὅτι
2979 1472 2996 1503 ι
3029 1453 3125 1514 Τίς
3170 1456 3226 1505 tv
3275 1450 3528 1521 νεφέλαις
3601 1450 3932 1518 ίσωθήσεται

2346 1546 2422 1617 τῷ
2465 1547 2690 1616 Κυρίῳ;
2733 1547 2764 1616 ἦ
2803 1546 2885 1607 τίς
2927 1545 3328 1614 ὁμοιωθήσεται
3370 1541 3448 1612 τῷ
3484 1541 3675 1612 Κυρίῳ
3706 1543 3764 1593 ἐν
3797 1542 3932 1601 υίοίς

2346 1637 2511 1701 Θεοῦ;
2539 1658 2556 1688 ι
2599 1639 2670 1690 Ἢ
2705 1638 2802 1706 οὑχ
2837 1637 3022 1706 ἕτερος
3065 1637 3216 1706 παρὰ
3248 1637 3340 1688 τὸν
3369 1636 3465 1687 ἕνα
3496 1635 3589 1687 καὶ
3621 1632 3804 1700 φύσει,
3839 1633 3932 1684 καὶ

2347 1732 2412 1784 ὲκ
2443 1729 2580 1782 Θεοῦ
2623 1729 2836 1800 Πατρὸς
2874 1729 3067 1798 Λόγον,
3095 1729 3122 1779 ό
3153 1729 3274 1780 κατ’
3315 1726 3450 1780 ἰδίαν
3503 1725 3802 1778 ὑπόστασιν
3835 1724 3933 1792 τῆς

2347 1823 2483 1892 πρὸς
2529 1821 2691 1874 αὑτὸν
2731 1821 2982 1890 ἑνότητός
3028 1819 3246 1890 ἀληθῶς
3279 1819 3773 1889 διεσχοινισμένος;
3813 1812 3933 1868 εἶτα

667 1910 797 1978 prie
851 1910 1158 1979 liypostasis
1203 1909 1416 1964 ratione
1468 1925 1598 1964 vere
1647 1909 1719 1963 sit
1759 1909 1827 1963 ab
1861 1907 1984 1978 ejus
2039 1911 2248 1964 unitate

2356 1914 2467 1975 πῶς
2493 1914 2589 1981 οὑχ
2619 1912 2824 1965 ἅπασιν
2854 1913 3114 1984 ὲναργές;
3149 1911 3262 1964 ἀλλ’
3288 1913 3388 1963 οὑκ
3420 1911 3534 1963 ῐσον
3568 1909 3665 1978 μὲν
3704 1908 3784 1974 τῷ
3813 1906 3934 1977 Θεῷ

665 2001 1008 2070 disjuuctns?
1031 2001 1248 2055 cuinam
1271 2015 1397 2056 vero
1427 2000 1480 2056 id
1511 2015 1618 2055 non
1646 2001 1719 2056 sit
1741 2000 2246 2055 evidentissimum?

668 2092 772 2148 Sed
795 2091 1145 2160 coniunctum
1179 2105 1313 2148 sane
1345 2093 1516 2160 ipsum
1555 2092 1697 2145 haud
1728 2092 1936 2161 a-qnale
1969 2092 2079 2146 Deo
2118 2091 2247 2144 Ver-

669 2181 1006 2251 boldignitas
1041 2181 1188 2245 fecit,
1211 2182 1354 2249 quod
1383 2181 1607 2236 inferius
1637 2181 1728 2235 illo
1754 2197 1875 2236 esse
1905 2183 2244 2252 perspicuum

665 2283 786 2339 est;
811 2271 1076 2340 quomodo
1097 2270 1260 2340 igitur
1292 2275 1456 2324 unum
1495 2272 1695 2325 asseris
1726 2273 2028 2338 Christum,
2063 2285 2116 2327 et
2157 2273 2247 2326 Fi-

671 2363 823 2429 lium,
859 2371 915 2417 et
957 2361 1265 2427 Dominum,
1300 2364 1552 2431 quamvis
1587 2378 1745 2427 unus,
1778 2367 1919 2433 quod
1956 2365 2249 2418 sententia-

669 2469 786 2508 rum
823 2453 928 2506 vim
966 2453 1180 2518 attinet,
1215 2455 1286 2507 sit
1318 2456 1690 2523 praestantior,
1729 2455 1868 2508 alter
1905 2455 2152 2517 inl'erior,
2196 2465 2250 2509 et

667 2545 787 2613 ejus
817 2544 1096 2614 majestate
1129 2556 1183 2598 et
1225 2546 1395 2614 gloria
1432 2545 1655 2599 minor?
1695 2545 1984 2609 Praeterea,
2021 2557 2075 2600 ut
2121 2547 2248 2600 illud

668 2649 886 2704 quoque
934 2635 1018 2688 his
1071 2650 1190 2703 quae
1226 2635 1465 2689 diximus
1519 2635 1833 2704 adjungani,
1890 2637 2135 2701 donavit,
2193 2648 2250 2690 ut

673 2725 785 2792 ipse
814 2724 1113 2786 existimat,
1150 2723 1277 2777 illud
1308 2739 1372 2777 ex
1416 2723 1525 2778 Deo
1555 2723 1718 2778 Patre
1760 2725 1996 2778 Verbum
2031 2727 2101 2778 illi
2137 2743 2250 2779 tnu-

671 2813 821 2867 lieris
854 2813 966 2866 lilio
1007 2829 1163 2868 suam
1204 2814 1374 2883 ipsius
1406 2815 1748 2884 dignitatem.
1785 2816 1889 2869 Sed
1936 2818 2035 2868 hoc
2073 2819 2246 2886 ipsum

670 2919 903 2973 quonam
942 2906 1185 2959 sitmodo
1217 2917 1448 2973 gestum,
1483 2907 1780 2974 exquirere
1807 2918 1890 2961 est
1914 2923 2093 2976 opera:
2123 2926 2246 2980 pre-

674 2995 805 3047 tium
839 3010 852 3047 :
888 2993 1023 3046 Num
1059 2996 1170 3062 ipse
1203 3009 1414 3065 quoque
1471 2995 1644 3050 factus
1676 3010 1757 3051 est
1803 2998 1890 3051 lux
1925 3002 2089 3054 tera?
2120 3019 2247 3055 num

671 3100 738 3139 ex
771 3094 962 3139 natura
995 3086 1156 3152 Deus,
1187 3095 1240 3141 et
1269 3087 1396 3146 vita,
1423 3096 1475 3139 et
1514 3102 1690 3140 rerum
1730 3091 1931 3157 opifex,
1957 3103 2012 3144 ct
2038 3096 2252 3160 sapien-

675 3179 769 3242 tia,
807 3187 862 3233 et
889 3179 1079 3244 virtus,
1113 3179 1290 3248 imago
1321 3178 1484 3230 etiam
1522 3189 1575 3232 et
1624 3180 1882 3247 Splendor
1933 3184 2248 3236 substantia:

2351 2004 2508 2072 Λόγῳ
2539 2001 2837 2071 πεποίηκεν
2880 2002 2912 2070 ἡ
2959 2001 3085 2063 ἀξία
3116 2000 3177 2050 τὸ
3223 1997 3599 2067 συνημμένον·
3629 1994 3827 2064 όρᾶταί
3867 2009 3933 2061 γε

2355 2096 2462 2163 μὴν
2489 2096 2581 2145 καὶ
2618 2094 2763 2146 ἔστιν
2790 2094 2846 2143 ἐν
2879 2092 3055 2161 μείοσι
3076 2107 3088 2120 ·
3126 2089 3242 2152 πῶς
3275 2085 3368 2142 οὖν
3409 2089 3504 2141 ’ἐνα
3535 2089 3640 2158 φὴς
3671 2086 3929 2154 Χριστὸν,

2353 2188 2447 2239 καὶ
2487 2186 2636 2250 Υἰὸν,
2667 2186 2760 2238 καὶ
2789 2184 3014 2253 Κύριον,
3047 2184 3223 2235 καίτοι
3254 2181 3582 2253 προῦχοντος
3627 2179 3742 2242 ἐνὸς
3790 2177 3936 2230 κατὰ

2353 2296 2416 2347 γε
2449 2278 2557 2332 τῶν
2600 2277 2816 2330 ἐννοιῶν
2847 2277 2942 2344 τὴν
2978 2276 3226 2344 δύναμιν,
3256 2275 3350 2326 καὶ
3385 2271 3707 2342 ὑφιζηκότος
3743 2271 3933 2339 ἑτέρου

2353 2371 2450 2441 τῆς
2482 2369 2619 2441 πρὸς
2662 2368 2824 2421 αὑτὸν
2875 2366 3118 2436 ἱσότητός
3146 2381 3206 2418 τε
3241 2365 3337 2416 καὶ
3365 2363 3556 2432 δόξηςς
3593 2361 3802 2422 Ἀλλως
3849 2376 3933 2423 τε,

2356 2462 2704 2533 προσεποίσω
2742 2460 2849 2530 γὰρ
2880 2453 2959 2521 οἷς
3003 2459 3139 2527 ἔφην
3175 2457 3270 2509 καὶ
3307 2455 3448 2513 τόδε,
3479 2452 3774 2524 δεδώρηται
3808 2452 3933 2504 κατ’

2353 2553 2514 2606 αὑτὸν
2539 2555 2567 2604 ὁ
2593 2554 2654 2602 ὲκ
2689 2550 2824 2602 Θεοῦ
2861 2548 3072 2617 Πατρδς
3099 2547 3269 2615 Λόγος
3293 2546 3392 2616 τὴν
3422 2545 3556 2599 ίδίαν
3586 2545 3742 2608 ἀξίαν
3767 2541 3846 2611 τῷ
3868 2542 3935 2593 ὲκ

2355 2644 2645 2712 γυναικόςο
2684 2642 2824 2694 κατά
2855 2640 2978 2692 τίνα
3023 2639 3080 2691 δὲ
3127 2638 3327 2710 τρόπον
3370 2637 3502 2690 αὐτὸ
3547 2637 3612 2706 δὴ
3643 2635 3791 2686 τουτὶ
3832 2650 3935 2686 πε-

2356 2735 2597 2806 πράχθαι
2646 2732 2812 2802 φησὶ,
2863 2730 3168 2802 βασανίζειν
3217 2725 3563 2798 ἀξιον.⁷Αρα
3609 2741 3800 2795 γειονε
3840 2727 3938 2778 καὶ

2357 2823 2520 2885 αὐτὸς
2547 2822 2662 2890 φῶς
2703 2819 2990 2890 ἀληθινόν;
3015 2816 3163 2889 Ἀρα
3201 2818 3362 2886 φύσει
3396 2818 3548 2878 Θεὸς.
3575 2817 3667 2869 καὶ
3697 2816 3812 2885 ζωὴ
3840 2819 3938 2868 καὶ

2355 2917 2704 2987 δημιουργὸς,
2734 2917 2828 2968 καὶ
2858 2914 3016 2982 σοφία
3052 2916 3146 2966 καὶ
3174 2913 3423 2982 δύναμις,
3445 2911 3608 2963 εἰκὼν
3639 2912 3731 2964 καὶ
3757 2910 3938 2964 amo-

2355 3025 2546 3075 γασμα
2573 3008 2672 3074 τῆς
2709 3007 3055 3066 ὑποστάσεως
3085 3003 3178 3055 τοῦ
3208 3003 3448 3073 Πατρός;
3481 3003 3573 3055 καὶ
3603 3003 3670 3056 τά
3697 3003 3796 3071 τῆς
3825 3003 3941 3056 ἄνω

2355 3099 2512 3166 δόξης
2570 3098 3021 3165 πλεονεκτήματα
3076 3092 3361 3163 κεχώρηκε
3425 3095 3667 3161 φυσικῶς
3717 3094 3798 3156 είς
3839 3095 3940 3146 tva

2355 3191 2480 3242 τινά
2518 3188 2623 3240 τῶν
2656 3187 3038 3255 πεποιημένων
3059 3203 3074 3250 ;
3099 3185 3165 3237 Τί
3195 3182 3288 3237 οὖν
3328 3185 3443 3236 ἐστι
3482 3185 3541 3238 τὸ
3576 3184 3852 3252 ἐξαίρετον
3882 3185 3942 3237 tv

676 3269 873 3336 Patris,
901 3281 954 3325 et
984 3270 1071 3322 illa
1103 3270 1320 3322 eximite
1346 3285 1408 3321 ac
1441 3285 1711 3336 supremae
1757 3271 1903 3324 illius
1938 3271 2124 3338 gloriae
2158 3290 2250 3326 or-

2356 3279 2431 3350 τῷ
2466 3279 2602 3330 κατά
2635 3278 2794 3346 φύσιν
2825 3276 2943 3346 Θεῷ
2968 3294 2981 3337 ;
3011 3277 3060 3328 τί
3091 3276 3152 3327 τὸ
3191 3277 3334 3345 μέγα
3390 3277 3484 3328 καὶ
3517 3276 3658 3346 ὑπὲρ
3689 3278 3858 3345 ἡμᾶς,
3891 3279 3942 3329 εἰ

677 3373 924 3414 namenta
959 3362 1009 3414 in
1045 3375 1206 3412 unum
1237 3360 1470 3424 aliquem
1504 3375 1533 3412 e
1563 3361 1767 3414 creatis
1805 3363 2118 3415 hominibus
2155 3380 2250 3415 ua-

683 3453 931 3505 turaliter
959 3451 1328 3504 inlluxerunt?
1355 3452 1488 3516 Quid
1515 3451 1680 3519 igitur
1705 3452 1964 3503 eximium
2002 3466 2083 3505 est
2110 3455 2161 3505 in
2189 3469 2252 3506 eo

675 3545 967 3596 secundum
997 3554 1241 3594 naturam
1293 3542 1440 3594 Deo?
1497 3543 1630 3608 quid
1682 3558 1932 3610 magnum
1983 3553 2036 3594 et
2087 3557 2248 3610 supra

677 3647 796 3696 nos,
828 3633 872 3686 si
909 3631 992 3686 fas
1013 3642 1094 3686 est
1123 3640 1430 3685 creaturam
1460 3633 1543 3686 his
1582 3633 1740 3687 bonis
1768 3649 1890 3702 qua:
1921 3634 2037 3700 ipse
2067 3635 2249 3698 habet,

675 3735 734 3779 et
787 3726 1003 3794 quidem
1055 3724 1505 3789 substantialiter,
1561 3739 1722 3791 posse
1781 3725 2129 3793 locupletari?
2182 3725 2257 3777 At

679 3818 823 3872 enim
861 3816 1175 3884 dignitatem
1225 3824 1481 3881 tanquam
1535 3816 1858 3885 participata
1912 3821 2145 3871 fortasse
2183 3818 2257 3870 di-

682 3909 803 3963 vina
847 3907 1163 3960 excellentia
1219 3908 1386 3973 gessit
1436 3924 1450 3960 :
1501 3907 1665 3975 igitur
1705 3909 1808 3962 duo
1859 3924 2048 3962 rursus
2097 3919 2258 3963 erunt

685 4001 870 4072 procul
918 3999 1080 4053 dubio
1153 4001 1242 4052 lilii
1281 4039 1297 4065 ,
1343 3999 1614 4068 siquidem
1684 4015 1872 4053 verum
1944 4010 2027 4054 est
2070 4004 2136 4052 ab
2191 4013 2257 4052 eo

686 4093 827 4161 quod
873 4091 1334 4159 participationem
1373 4091 1703 4159 impertitur,
1749 4092 2020 4144 diversum
2057 4107 2176 4145 esse
2205 4100 2258 4144 et

686 4184 908 4238 inferius
945 4183 1237 4237 secundum
1274 4193 1546 4244 naturam,
1595 4183 1646 4235 id
1681 4183 1824 4251 quod
1861 4183 1978 4236 ideo
2022 4183 2258 4235 honora-

686 4285 794 4342 tur,
829 4275 952 4344 quia
1007 4279 1070 4326 ad
1115 4275 1286 4341 ipsum
1339 4273 1651 4327 relationem
1688 4274 1869 4326 habet.
1911 4273 2260 4327 Convinceris

685 4383 814 4438 ergo
842 4383 907 4421 ne
941 4382 1001 4420 ea
1035 4367 1249 4434 quidem
1283 4366 1422 4419 scire
1453 4380 1572 4432 quae
1606 4366 1762 4418 dicis.
1798 4365 1907 4416 Cur
1950 4373 2126 4415 autem
2169 4378 2261 4416 eos

687 4472 914 4512 accusas
939 4457 1028 4525 qui
1055 4472 1212 4517 voces
1243 4456 1294 4508 iu
1330 4454 1637 4522 Evangeliis
1669 4455 1871 4520 positas
1897 4455 1982 4505 uni
2023 4467 2262 4520 persona

691 4549 932 4602 tribuunt
953 4546 975 4599 ?
995 4549 1188 4599 Annon
1217 4545 1354 4607 ideo,
1406 4545 1528 4612 quia
1557 4559 1691 4595 novo
1715 4558 1863 4596 more
1893 4545 2025 4596 duos
2053 4543 2261 4595 inducis

2356 3372 2630 3440 ἐνδέχεται
2688 3371 2786 3438 τὴν
2839 3369 3015 3420 κτίσιν
3065 3369 3461 3419 καταπλουτεῖν
3509 3367 3794 3429 δύνασθαι,
3843 3368 3944 3420 καὶ

2354 3462 2510 3513 τοῦτο
2543 3461 2838 3523 οὑσιωδῶς,
2882 3460 2950 3511 τά
2984 3461 3039 3512 tv
3079 3453 3160 3522 οἷς
3204 3461 3350 3512 ἐστιν
3382 3459 3593 3528 anes;
3637 3461 3751 3513 ἀλλ’
3775 3462 3850 3525 ὼς
3884 3464 3944 3513 tv

2359 3552 2572 3621 μεθέξει
2623 3550 2719 3619 τῆς
2767 3550 2917 3612 Θείας
2968 3550 3128 3619 τυχὸν
3178 3550 3454 3620 ὑπεροχῆς
3506 3551 3787 3621 πεφόρηκε
3843 3552 3945 3623 τὴν

2357 3640 2548 3702 ἀξίανς
2583 3639 2686 3691 Δύο
2720 3639 2783 3708 δὴ
2817 3639 2978 3691 πάλιν
3019 3639 3404 3707 ἀναμφιλόγως
3434 3639 3561 3701 υἱοὶ,
3593 3640 3752 3711 εἴπερ
3791 3642 3945 3695 ἐστὶν

2357 3734 2574 3801 ἀληθὲς,
2615 3733 2689 3792 ὡς
2717 3733 2901 3800 ἕτερόν
2943 3749 3013 3792 τι,
3044 3733 3136 3782 καὶ
3165 3732 3385 3783 ἔλαττον
3422 3732 3562 3784 κατά
3607 3732 3769 3800 φύσιν
3800 3736 3944 3801 ἐστὶ,

2357 3825 2451 3879 τοῦ
2500 3829 2596 3895 τὴν
2648 3825 2862 3894 μέθεξιν
2915 3824 3274 3893 ἐμποιοῦντος
3326 3824 3506 3894 αὑτῷ,
3549 3827 3608 3878 τὸ
3648 3829 3831 3898 σχέσει
3876 3835 3946 3902 τῇ

2361 3914 2493 3983 πρὸς
2528 3913 2688 3964 αὑτὸν
2731 3912 3043 3981 τιμώμενον
3068 3929 3079 3941 ·
3113 3913 3296 3983 ἀλώσῃ
3331 3915 3394 3983 δὴ
3427 3911 3518 3968 οὖν
3546 3917 3668 3970 οὐδὲ
3711 3921 3871 3984 εἰδὼς
3909 3923 3948 3976 ἃ

2358 4005 2558 4069 λέγεις.
2600 4003 2762 4072 Λίτιᾷ
2800 4004 2854 4056 δὲ
2889 4003 3004 4056 ἀνθ’
3030 4004 3151 4055 ὅτου
3190 4007 3316 4067 τοὺς
3347 4007 3427 4058 ἑνὶ
3466 4009 3742 4080 προσώπῳ
3775 4029 3946 4082 προσ.

2359 4093 2622 4169 νέμοντας
2657 4093 2756 4155 τὰς
2797 4095 2854 4145 tv
2896 4097 3006 4156 τοῖς
3033 4095 3384 4162 Εὑαγγελίοις
3419 4100 3634 4166 φωνάς;
3664 4097 3790 4172 Ἆρ’
3822 4105 3948 4174 οὐχὶ

2359 4182 2451 4234 δύο
2491 4184 2828 4252 καινοτομῶν
2860 4184 3037 4248 υίούς;
3067 4186 3188 4248 Πῶς
3218 4187 3326 4257 γὰρ
3359 4188 3440 4240 ἔτι
3469 4191 3672 4261 Κύριος
3710 4188 3812 4257 εἷς,
3847 4197 3948 4248 καὶ

2361 4273 2612 4343 Χριστὸς,
2641 4275 2733 4324 καὶ
2769 4274 2916 4337 Υἱὸς,
2944 4277 2991 4326 εί
3035 4277 3328 4344 πρόσωπον
3358 4279 3521 4333 ίδικὸν
3551 4283 3817 4354 ἑκατέρῳ,
3849 4291 3950 4340 καὶ

2363 4363 2537 4430 λόγος,
2587 4364 2678 4415 καὶ
2716 4364 2820 4433 μὴν
2867 4366 2961 4416 καὶ
3011 4357 3344 4434 ὑπόστασις,
3392 4371 3750 4441 ἀναχωροῦσα
3802 4378 3948 4447 πρὸς

2363 4456 2677 4525 ἑτερότητα,
2707 4457 2798 4507 καὶ
2830 4455 2887 4507 τὸ
2916 4456 3012 4525 τῆς
3042 4457 3276 4526 ἀληθοῦς
3305 4459 3552 4524 ἑνώσεως
3583 4464 3773 4534 χρῆμα
3804 4485 3948 4539 παρ-

2364 4547 2692 4615 αιτουμένη,
2749 4546 2839 4598 καὶ
2893 4546 2953 4598 τὸ
3010 4547 3326 4617 ἀσύμὸατον
3379 4551 3685 4622 ὀλοτρόπως
3747 4556 3950 4626 ἔχουσα

692 4636 870 4692 lilios?
911 4634 1044 4688 Nam
1080 4635 1347 4703 quomodo
1379 4609 1517 4686 unus
1546 4634 1655 4702 jam
1702 4634 1976 4698 Dominus,
2019 4642 2071 4687 et
2101 4633 2251 4687 Chri-

2371 4637 2505 4705 πρὸς
2523 4609 2627 4706 τὴν
2648 4609 2884 4708 ⁷ἑτέραν,
2910 4638 3019 4690 Καὶ
3048 4638 3107 4690 τό
3121 4609 3200 4706 ’γε
3240 4609 3540 4710 παράδοξον
3579 4609 3676 4696 καὶ.

688 4741 806 4786 stus
833 4736 887 4781 et
915 4727 1081 4780 Filius
1102 4725 1226 4787 erit,
1247 4725 1290 4779 si
1314 4725 1526 4790 utrique
1551 4739 1644 4777 sua
1675 4740 1900 4792 persona
1920 4736 2001 4779 est
2029 4737 2081 4779 et
2106 4728 2265 4790 ratio,

690 4820 974 4891 36alque
994 4817 1153 4871 etiam
1173 4816 1494 4886 hypostasis,
1516 4817 1580 4868 ad
1604 4817 1967 4871 diversitatem
1987 4819 2265 4883 secedens,

690 4924 746 4968 et
776 4927 888 4967 rem
916 4925 1056 4964 vera:
1090 4909 1304 4963 unionis
1348 4923 1623 4970 recusans,
1653 4917 1707 4961 et
1738 4925 1855 4977 quae
1893 4911 2112 4962 omnino
2139 4925 2261 4964 cum

692 5005 861 5060 altera
896 5003 1188 5058 convenire
1225 4984 1328 5054 non
1363 5000 1574 5069 possit?
1606 5001 1865 5069 Quodque
1894 5001 1980 5055 vix
2005 5001 2264 5056 credibile

691 5105 799 5162 est,
846 5103 901 5149 et
952 5094 1068 5164 ejus
1121 5093 1570 5161 blasphemiarum
1625 5093 2008 5162 turpitudinem
2058 5093 2257 5162 prodit,

691 5185 997 5242 communia
1029 5183 1160 5237 dicit
1201 5197 1322 5236 esse
1372 5184 1483 5237 haec
1528 5184 1762 5246 nomina,
1812 5183 1976 5237 Filius
2019 5185 2258 5252 inquam,

690 5290 745 5334 et
769 5277 1041 5339 Christus,
1074 5285 1126 5328 et
1160 5274 1415 5328 Dominus
1444 5293 1457 5329 :
1493 5289 1611 5342 qua:
1652 5275 1696 5328 si
1738 5275 1808 5326 ita
1841 5276 2143 5329 communia
2175 5275 2260 5329 di-

693 5369 788 5431 cit,
819 5375 877 5421 ut
911 5367 999 5419 uni
1033 5365 1273 5429 Christo,
1300 5374 1351 5418 et
1377 5365 1696 5433 quibusdam
1722 5376 1916 5432 praeter
1943 5366 2111 5434 ipsum
2144 5367 2260 5421 aliis

692 5455 1038 5520 conveniant,
1068 5469 1177 5507 non
1202 5453 1433 5508 absurda
1466 5454 1578 5522 ejus
1605 5454 1709 5507 erit
1731 5454 1925 5508 oratio.
1961 5454 2051 5508 Sin
2090 5457 2260 5523 impe-

693 5547 794 5600 rite
833 5544 1110 5612 disjungit,
1145 5550 1401 5611 putatque
1431 5557 1490 5596 ea
1531 5543 1824 5608 convenire
1858 5551 1910 5597 et
1953 5544 2053 5612 ipsi
2089 5543 2262 5600 Verbo

693 5636 967 5705 privatim,
991 5643 1042 5686 et
1070 5633 1141 5688 illi
1173 5649 1235 5688 ex
1271 5634 1494 5690 muliere
1536 5633 1681 5699 lilio;
1719 5635 1825 5689 duo
1857 5635 2011 5706 plane
2049 5651 2259 5694 rursum

761 5813 801 5842 θ’
831 5810 930 5864 lsa.
958 5825 1085 5876 xui,
1119 5809 1172 5862 8.
1263 5810 1308 5840 "
1335 5807 1475 5864 Psal.
1508 5824 1771 5877 Lxxxviu,
1811 5810 1862 5866 7.

2370 4727 2464 4780 τοῦ
2494 4727 2814 4798 δυσφημιῶν
2852 4730 3151 4799 ἀποφαῖνον
3178 4731 3274 4801 τὴν
3301 4732 3582 4804 βδελυρίαν
3603 4752 3614 4763 ’
3647 4739 3799 4790 κοινά
3841 4758 3947 4813 φη-

2373 4834 2456 4870 σιν
2495 4813 2634 4871 εἶναι
2667 4818 2733 4871 τά
2779 4819 3038 4889 ὀνόματα,
3087 4822 3146 4872 τό
3183 4839 3241 4873 τε
3286 4823 3439 4887 Υἱὸς,
3465 4824 3627 4894 φημὶ,
3671 4829 3764 4880 καὶ
3810 4830 3950 4900 Χρι-

2372 4909 2492 4972 στὸς
2532 4911 2626 4962 καὶ
2667 4911 2904 4981 Κύριος·
2938 4913 3029 4964 καὶ
3059 4915 3108 4964 εἰ
3149 4914 3247 4982 μὲν
3275 4909 3412 4967 εἶναι
3457 4916 3611 4970 κοινά
3661 4934 3824 4989 φησιν
3870 4921 3949 4986 ὡς

2370 4999 2450 5051 ἑνὶ
2479 4999 2555 5069 τῷ
2587 5001 2826 5071 Χριστῷ,
2856 5001 2948 5054 καί
2977 5019 3087 5053 τισι
3120 5005 3247 5073 παρ’
3277 5004 3440 5058 αὑτὸν
3464 5005 3691 5076 ἑτέροις,
3733 5008 3848 5078 ἔχοι
3880 5010 3950 5064 ἂν

2367 5090 2509 5152 εἰκὸς
2545 5090 2574 5142 ό
2605 5090 2761 5158 λόγος
2793 5091 2957 5163 αὐτῷ.
3001 5093 3064 5146 Εί
3093 5093 3150 5146 δὲ
3185 5094 3450 5166 διῖστησιν
3493 5097 3740 5168 ἀμαθῶς,
3772 5099 3950 5154 οἴεταί

2367 5197 2424 5232 τε
2459 5180 2688 5251 πρέπειν
2727 5182 2865 5236 αὐτὰ
2900 5184 2993 5236 καὶ
3034 5186 3214 5248 ίδικῶς
3252 5186 3330 5255 τῷ
3356 5187 3534 5257 Λόγῳ,
3577 5189 3670 5241 καὶ
3714 5191 3821 5259 μὴν
3873 5193 3950 5262 τῷ

2369 5271 2433 5322 ὲκ
2473 5271 2749 5338 γυναικὸς,
2776 5271 2870 5325 δύο
2913 5291 3016 5326 που
3046 5277 3264 5339 πάντως
3308 5276 3469 5331 πάλιν
3509 5279 3603 5332 καὶ
3641 5281 3950 5352 ἀναμφιλόο

2366 5380 2475 5431 γως
2507 5364 2752 5434 Χριστοὶ,
2787 5366 2879 5418 καὶ
2914 5366 3055 5432 Υίοὶ,
3087 5369 3180 5421 καὶ
3217 5369 3429 5440 Κύριοι·
3456 5370 3558 5442 ἔφη
3599 5373 3727 5444 γὰρ,
3763 5375 3848 5428 ὅτι
3889 5377 3950 5428 τὸ

2367 5456 2596 5526 Χριστὸς
2626 5457 2816 5526 ὄνομα,
2853 5458 2983 5510 ποτὲ
3024 5460 3123 5528 μὲν
3176 5461 3358 5516 θετέον
3405 5464 3498 5516 ἐπὶ
3544 5465 3642 5534 τῆς
3690 5464 3950 5534 θεότητος

2367 5548 2556 5617 αὐτῆς,
2591 5549 2719 5601 ποτὲ
2749 5550 2806 5601 δὲ
2838 5551 2932 5604 καὶ
2957 5552 3050 5604 ἐπὶ
3079 5553 3173 5622 τῆς
3201 5554 3634 5625 άνθρωπότητος,
3668 5555 3700 5625 ἤ
3737 5556 3831 5608 καὶ⁵
3859 5557 3949 5609 ἐπ’

2365 5639 2599 5710 ἀμφοῖνο
2639 5642 2882 5712 ὀνήσειεν
2913 5643 2958 5697 δ’
2985 5644 3049 5699 ἂν
3080 5645 3112 5714 ἡ
3142 5645 3432 5716 ὁμωνυμία
3467 5647 3526 5700 τὸ
3569 5646 3812 5717 σύμπαν,
3855 5648 3948 5701 ού-
