4112 6524
137 455 178 510 ω
1305 471 1683 528 Αιηειιδυε
1725 471 2128 530 NESTORIUM
2169 473 2297 530 uo.
2340 469 2408 528 ιι.
3382 473 3457 532 πο

141 581 293 648 επις
330 599 402 652 γε
444 582 522 638 τὸ
568 585 712 642 δεῖν
757 589 874 646 ’ἐνα
913 591 1148 647 νοεῖσθαι
1193 594 1452 665 Χριστὸν,
1493 595 1588 647 καὶ
1619 595 1761 661 Υἱὸν¹

1873 605 1926 651 ει
1959 596 2098 651 citra
2128 596 2519 651 dubitationem
2547 602 2705 650 erunt
2736 590 2962 658 Christi,
3006 599 3061 647 et
3090 588 3237 654 Filii,
3272 598 3319 646 et
3349 591 3453 645 Do-

146 677 208 729 ul
230 673 454 745 Κύριον,
493 679 824 749 τέμνοντα
858 683 991 754 δίχα
1030 682 1123 737 τοῦ
1167 687 1263 738 καὶ
1300 686 1470 749 αὑτᾶς
1513 686 1758 756 ἀλλήλων

1870 687 2024 743 mini.
2077 688 2222 742 Dixit
2267 693 2409 742 enim
2460 685 2662 741 Christi
2711 699 2906 741 nomen
2950 699 3334 751 nonnunquam
3389 684 3455 736 de

147 770 214 830 τὰς
242 766 599 833 ὑποστάσεις
633 772 973 843 ἀποφοιτᾷν
997 789 1008 802 °
1037 774 1130 827 καὶ
1157 777 1238 837 εἰς
1270 775 1442 847 ἱδικὴν
1473 778 1761 847 ἑτερότητα

1870 777 1983 847 ipsa
2029 778 2329 840 divinitate,
2380 791 2766 844 nonnunquam
2822 777 2890 830 de
2944 773 3306 837 humanitate,
3363 781 3452 824 aut

155 860 231 912 τῶν
265 861 602 931 προσώπων
658 863 1105 934 διεσταλμένων.
1149 867 1402 936 Ἐμφανῆ
1439 868 1547 936 γὰρ
1575 869 1764 940 ὥσπερ

162 957 263 1023 ipsi:
307 955 605 1019 καθιστάς
656 959 768 1037 τῆς
823 959 1053 1028 ἐνούσης
1103 959 1251 1030 αὺτῷ
1301 960 1608 1031 δυσμαθὶας
1666 963 1766 1031 τὴν

169 1048 383 1117 δύναμιν,
423 1049 810 1118 προσεπάγει
841 1051 937 1104 καί
969 1059 1152 1121 φησιν’

1869 870 2034 922 etiam
2069 869 2134 922 de
2170 879 2399 936 utroque
2447 868 2874 936 intelligendum.
2921 864 2978 920 ιιι
3015 865 3326 920 universum
3357 879 3426 916 an

1869 970 1976 1014 tem
2008 960 2138 1013 nihil
2169 960 2495 1014 dividentem
2527 960 2727 1028 juverit
2749 959 2987 1026 ejusdem
3021 958 3254 1011 nominis
3282 958 3453 1025 aequi-

1866 1053 2080 1106 vocatio
2106 1053 2158 1105 in
2184 1053 2308 1114 hoc,
2340 1061 2396 1104 ut
2428 1067 2566 1105 unus
2601 1051 2850 1104 Christus
2883 1050 3238 1118 intelligatur,
3263 1060 3318 1103 et
3365 1048 3452 1101 Fi-

169 1147 269 1203 lius.
302 1154 357 1198 et
380 1143 697 1208 Dominus,
731 1147 948 1201 etiamsi
996 1147 1123 1216 ipsae
1185 1148 1508 1219 hypostases
1565 1148 1797 1202 invicem
1832 1149 2096 1217 sejunctte
2161 1167 2268 1203 non
2307 1148 2436 1210 sint,
2480 1162 2542 1202 ac
2589 1161 2832 1216 personae
2879 1148 3094 1215 propria
3141 1145 3454 1200 diversitate

171 1236 446 1290 distinctae.
483 1233 564 1288 Ut
595 1237 750 1290 enim
784 1251 896 1291 sua:
926 1239 1080 1293 nobis
1119 1240 1404 1308 imperitiae
1434 1242 1542 1293 vim
1575 1245 1850 1308 ostendat,
1880 1242 2124 1310 adjnngit
2152 1251 2206 1296 et
2232 1244 2306 1295 ait
2345 1260 2358 1296 :

227 1328 420 1400 [Ὅταν
459 1325 562 1383 οῦν
591 1331 628 1401 ἡ
663 1329 784 1384 θεία
808 1332 999 1403 Γραφὴ
1035 1331 1201 1404 μέλλῃ
1223 1333 1423 1401 λέγειν,
1450 1335 1483 1405 ἢ
1518 1335 1770 1405 γέννησιν

159 1421 244 1474 τοῦ
279 1420 533 1492 Χριστοῦ
579 1421 681 1492 τὴν
713 1423 778 1474 ἐκ
812 1423 911 1492 τῆς
943 1424 1213 1496 μακαρίας
1249 1425 1552 1497 Παρθένου,
1601 1427 1632 1496 ἢ
1667 1427 1766 1480 θά-

155 1531 332 1578 νατον,
365 1511 622 1581 οὐδαμοῦ
667 1513 916 1580 φαίνεται
946 1515 1160 1570 τιθεῖσα
1182 1555 1197 1580 ,
1237 1516 1392 1582 Θεὸς,
1424 1518 1597 1589 ἀλλ’ἢ
1634 1520 1769 1590 Χρι-

155 1609 299 1670 στὸς,
337 1606 377 1674 ἢ
411 1605 568 1670 Υἱὸς,
598 1606 632 1676 ἢ
671 1605 896 1676 Κύριος.
935 1607 1158 1675 Ἐπειδὴ
1187 1608 1362 1662 ταῦτα
1396 1609 1464 1662 τά
1493 1611 1622 1681 τρία
1651 1612 1763 1665 τῶν

150 1701 243 1752 δύο
283 1697 521 1768 φύσεων
558 1700 670 1751 είσι
701 1700 1020 1770 σημαντικά
1043 1715 1057 1730 ⁸
1083 1702 1212 1754 ποτέ
1244 1703 1344 1772 μὲν
1373 1703 1601 1774 ταύτης,
1627 1705 1758 1758 ποτέ

148 1795 192 1846 δ’
235 1795 498 1863 ἐκείνης,
551 1794 686 1846 ποτὲ
715 1794 772 1847 δὲ
805 1780 1009 1866 ταύτης
1048 1798 1340 1869 κάκείνης⁶
1371 1796 1484 1854 οἷόν
1519 1818 1572 1854 τι
1605 1801 1766 1870 λέγω,

149 1888 282 1939 ὅταν
315 1887 426 1956 τὴν
459 1886 524 1951 ἐξ
563 1887 797 1956 ούρανοῦ
827 1888 1083 1959 γέννησιν
1118 1890 1251 1960 ἡμῖν
1279 1891 1312 1961 ἡ
1344 1891 1537 1963 Γραφὴ
1579 1892 1771 1964 διηγῆ-

1946 1336 2209 1409 [Νεετοιι.
2256 1335 2356 1392 Ubi
2381 1338 2543 1406 igitur
2575 1351 2742 1391 sacra
2765 1334 2982 1390 Litterae
3007 1335 3089 1390 vel
3117 1336 3452 1390 nativitatem

1873 1429 2076 1484 Christi
2113 1431 2177 1484 de
2208 1429 2362 1484 beata
2390 1428 2613 1499 Virgine
2643 1437 2736 1483 aut
2765 1428 2881 1498 ejus
2905 1437 3132 1482 mortem
3155 1434 3452 1495 exponunt,

1871 1539 2133 1592 nusquam
2153 1532 2357 1592 ponunt
2375 1523 2564 1586 Deum,
2589 1523 2681 1577 sed
2704 1522 2786 1577 vel
2807 1523 3102 1586 Christum,
3130 1523 3210 1575 vel
3235 1521 3451 1585 Filium,

1872 1614 1952 1669 vel
1975 1615 2291 1680 Dominum;
2322 1630 2443 1668 nam
2468 1617 2580 1667 haec
2601 1615 2702 1668 tria
2725 1614 2860 1668 duas
2882 1623 3103 1666 naturas
3124 1612 3451 1682 signiﬁcant,

1869 1722 2009 1761 nunc
2052 1707 2214 1771 hanc,
2267 1721 2410 1760 nunc
2467 1705 2642 1770 illam;
2691 1719 2834 1758 nunc
2872 1712 2927 1757 et
2973 1706 3110 1758 hanc
3153 1713 3208 1754 et
3259 1702 3402 1755 illam
3434 1718 3448 1731 ο

1873 1797 2022 1851 verbi
2049 1798 2243 1866 gratia,
2269 1813 2389 1851 cum
2414 1797 2561 1851 illam
2588 1812 2618 1850 e
2641 1795 2778 1851 coelo
2802 1796 3140 1849 nativitatem
3173 1793 3452 1863 Scriptura

1873 1889 2029 1944 nobis
2043 1888 2284 1958 exponit,
2305 1887 2434 1956 quid
2454 1887 2569 1941 ait?
2587 1887 2731 1941 Misit
2762 1886 2901 1942 Deus
2917 1884 3110 1939 Filium
3129 1901 3283 1940 suum
3309 1903 3324 1951 ;
3346 1900 3451 1939 non

149 1996 266 2043 ται,
305 1979 362 2032 τί
402 1978 592 2047 λέγεις
636 1979 1050 2046 Ἑξαπέστειλεν
1077 1983 1106 2034 ό
1137 1981 1269 2046 Θεὸς
1297 1982 1389 2036 τὸν
1422 1983 1551 2038 Υἱὸν
1578 1984 1761 2038 αὑτοῦ.

1871 1989 2049 2035 autem
2082 1997 2097 2034 :
2136 1978 2285 2034 Misit
2313 1979 2450 2034 Dens
2467 1980 2630 2033 Deum
2668 1976 2925 2042 Verbum,
2956 1978 3050 2032 sed
3078 1992 3273 2032 nomen
3290 1977 3456 2029 sumit

151 2070 272 2124 Οὐκ
294 2067 485 2137 εἶπεν⁹
508 2070 925 2136 Ἐξαπέστειλεν
946 2074 973 2124 ὸ
990 2072 1122 2137 Θεὸς
1145 2073 1238 2126 τὸν
1264 2074 1395 2128 Θεὸν
1418 2076 1610 2144 Λόγονο
1635 2074 1772 2129 ἀλλὰ

153 2160 437 2231 λαμϐάνει
478 2163 544 2214 τὸ
588 2163 760 2230 ὄνομα
791 2163 852 2214 τὸ
891 2163 1096 2231 μηνύον
1135 2164 1236 2226 τὰς
1288 2164 1481 2232 φύσεις
1515 2166 1616 2230 τὰς
1653 2167 1766 2222 δύο.

167 2254 401 2323 Ἐπειδὴ
433 2253 548 2322 γὰρ
576 2255 604 2305 ὁ
635 2253 768 2316 Υἱὸς
801 2252 1086 2322 ἄνθρωπός
1116 2254 1232 2306 ἐστι
1265 2257 1358 2308 καὶ
1392 2256 1546 2321 Θεὸς,
1581 2257 1729 2325 λέγει
1754 2275 1768 2288 ο

161 2360 178 2390 ι
218 2342 653 2408 Ἑξαπέστειλεν
676 2342 769 2395 τὸν
821 2342 948 2395 Υἱὸν
992 2341 1157 2397 αὐτοῦ
1205 2344 1548 2416 γεννώμενον
1574 2347 1638 2399 ἐκ
1668 2364 1769 2416 γυ-

156 2434 391 2496 ναικός·
423 2453 443 2486 ι
483 2433 576 2486 ἵνα
624 2433 752 2486 ὅταν
798 2432 1040 2504 ἀκούσης
1079 2433 1141 2486 τὸ
1189 2433 1530 2504 γεννώμενον
1562 2435 1625 2488 ἐκ
1665 2453 1768 2503 γυ-ο

161 2521 379 2584 ναικὸς,
405 2516 529 2574 εἶτα
554 2521 668 2593 ἴδῃς
695 2521 757 2574 τὸ
782 2522 950 2592 ὄνομα
976 2522 1333 2593 προκείμενον
1354 2523 1415 2575 τὸ
1441 2509 1645 2593 μηνύον
1671 2526 1769 2588 τὰς

160 2614 355 2680 φύσεις
395 2613 500 2676 τὰς
526 2612 640 2678 δύο,
675 2613 762 2666 ἵνα
797 2614 895 2685 τὴν
927 2612 1181 2685 γέννησιν
1220 2616 1320 2684 τὴν
1354 2615 1418 2668 ἐκ
1449 2616 1546 2685 τῆς
1591 2632 1770 2686 μακα-

167 2705 284 2773 ρίας
318 2703 636 2775 Παρθένου,
666 2703 800 2756 Υἱοῦ
835 2703 1146 2774 μὲν,καλῇς
1168 2720 1180 2734 ·
1213 2704 1341 2757 Υἱὸν
1371 2704 1480 2775 γάρ
1505 2705 1766 2776 ἐγέννησε

163 2793 298 2848 Θεοῦ
363 2798 462 2849 καὶ
494 2798 528 2865 ἡ
563 2795 607 2848 Χ
617 2795 928 2866 ριστοτόκος
958 2794 1250 2866 Παρθένος.
1291 2795 1430 2848 Ἀλλ’
1460 2796 1757 2866 ἐπειδήπερ

1875 2071 2017 2141 quod
2044 2072 2179 2125 duas
2208 2080 2427 2124 naturas
2458 2071 2822 2123 indicalznam
2845 2070 2967 2138 quia
2998 2068 3164 2122 Filius
3192 2068 3350 2121 homo
3369 2075 3453 2119 est

1873 2177 1937 2218 ac
1971 2162 2136 2228 Deus,
2169 2163 2382 2231 inquit:
2409 2181 2426 2212 ι
2464 2161 2819 2216 MisitFilinm
2851 2176 3006 2215 suum
3043 2169 3226 2214 natum
3255 2175 3319 2213 ex
3338 2174 3449 2211 mu-

1872 2254 2004 2308 liere
2031 2255 2112 2319 ⁶³;
2139 2272 2157 2304 ι
2184 2264 2378 2308 utcum
2407 2253 2669 2319 audieris,
2703 2264 2886 2322 notum
2911 2267 2978 2305 ex
3007 2251 3250 2313 muliere,
3276 2250 3450 2303 conti-

1873 2358 1980 2400 nuo
2001 2343 2184 2396 videas
2202 2343 2545 2410 praepositum
2572 2356 2765 2396 nomen
2786 2341 2930 2410 quod
2962 2341 3098 2394 duas
3128 2349 3352 2392 naturas
3373 2340 3453 2392 in-

1873 2433 2040 2497 dicat,
2076 2443 2132 2486 ut
2167 2432 2504 2485 nativitatem
2539 2446 2605 2486 ex
2636 2432 2789 2486 beata
2826 2430 3044 2501 Virgine
3069 2431 3187 2484 Filii
3222 2446 3342 2483 esse
3373 2431 3453 2484 di-

1872 2538 1988 2588 cas;
2010 2538 2133 2577 nam
2164 2523 2255 2576 Dei
2281 2522 2474 2577 Filium
2499 2522 2863 2589 genuitetiam
2887 2522 2974 2576 illa
3000 2521 3200 2577 Christi
3219 2521 3451 2588 genitrix

1873 2615 2055 2684 Virgo.
2091 2615 2196 2670 Sed
2221 2615 2345 2684 quia
2374 2613 2469 2669 Dei
2494 2615 2665 2670 Filius
2680 2615 2874 2685 duplex
2910 2624 2993 2670 est
3037 2615 3330 2669 secundum
3359 2630 3453 2667 na-

1872 2713 2048 2768 turas,
2076 2706 2262 2773 genuit
2303 2705 2718 2769 humanitatem,
2750 2720 2870 2775 quae
2921 2715 3007 2760 est
3050 2704 3192 2760 [ilius
3233 2713 3452 2775 propter

1867 2797 2211 2867 conjunctum
2247 2796 2347 2850 sibi
2384 2795 2629 2868 Filium]

164 2887 188 2935 ὁ
226 2887 355 2950 Υἱὸς
386 2889 483 2940 τοῦ
515 2887 652 2940 Θεοῦ
676 2887 898 2950 διπλοῦς
925 2888 1042 2940 ἐστι
1076 2887 1176 2950 τὰς
1198 2886 1411 2955 φύσεις,
1438 2887 1696 2957 ἐγέννησε
1726 2887 1846 2956 Ιούκ
1881 2888 2163 2959 ἐγέννησε]
2199 2888 2298 2960 μὲν
2328 2888 2418 2942 τὸν
2449 2887 2577 2944 Υίὸν
2617 2885 2713 2941 τοῦ
2743 2886 2902 2952 Θεοῦ,
2924 2887 3039 2941 ἀλλ’
3069 2887 3323 2958 ἐγέννησε
3353 2887 3450 2960 τὴν

167 2979 592 3051 ἁνθρωπὸτητα,
612 2983 734 3052 ητις
763 2984 914 3035 ἐστὶν
936 2982 1072 3049 υίὸς,
1098 2982 1186 3038 διά
1213 2982 1304 3036 τὸν
1334 2983 1678 3055 συνημμένον
1699 2981 1874 3054 Tum]

790 3122 1040 3176 ΚΕΦΑΛ.
1077 3123 1151 3178 B'.

248 3253 392 3306 ’,ω’
429 3253 593 3322 ἡμεῖς
622 3268 708 3319 γε,
749 3245 794 3305 ὦ
823 3253 960 3316 ’τᾶν,
984 3253 1032 3307 οἱ
1066 3254 1174 3307 τῶν
1209 3253 1316 3307 σῶν
1354 3257 1762 3328 τερετισμάτων

171 3344 234 3395 τά
272 3342 487 3412 ἀμείνω
521 3343 742 3412 φρονεῖν
774 3343 1103 3410 ἐγνωκότες·
1137 3345 1233 3397 καὶ
1266 3344 1365 3413 τῆς
1399 3345 1762 3399 θεοπνεύστου

173 3435 395 3503 Γραφῆς
444 3433 862 3503 ἰχνηλατοῦντες
902 3435 994 3488 τὸν
1026 3435 1228 3514 κόσμον
1259 3434 1370 3506 [ἵσ.
1399 3435 1643 3508 σκοπὸν],
1671 3437 1766 3490 ἕνα

172 3525 440 3594 λεγούσης
483 3525 576 3576 τὸν
613 3523 833 3593 Πατέρα
869 3524 962 3576 κα)⁸
988 3524 1118 3578 Θεὸν
1159 3525 1218 3588 ἐξ
1249 3519 1309 3578 οῦ
1337 3525 1404 3578 τά
1440 3528 1638 3591 πάντα,
1672 3529 1766 3580 καὶ

173 3618 260 3668 ἕνα
306 3616 513 3687 Κύριον
549 3613 759 3684 Ἰησοῦν
805 3613 1061 3682 Χριστὸν,
1095 3614 1160 3666 δι’
1191 3610 1252 3668 οῦ
1284 3615 1352 3668 τά
1393 3617 1570 3669 πάντα
1617 3634 1762 3687 παρ-

175 3709 308 3779 ήχθη
362 3707 502 3778 πρὸς
550 3705 789 3773 γένεσιν,
835 3705 964 3757 ὅταν
1006 3703 1330 3774 ἀκούσωμεν
1360 3707 1425 3758 ἐκ
1469 3707 1567 3776 τῆς
1599 3707 1765 3774 ἁγίας

176 3799 448 3869 Παρθένον
502 3794 865 3866 γεγεννῆσθαι
917 3794 1180 3864 Χριστὸν,
1224 3796 1346 3848 τότε
1378 3796 1464 3867 δὴ,
1499 3797 1620 3849 τότε
1669 3801 1764 3851 καὶ

178 3891 316 3957 μάλα
367 3890 690 3960 ἐμφρόνως,
723 3887 819 3940 καί⁵
854 3887 977 3939 κατ’
1004 3885 1133 3938 εύθὺ
1173 3886 1272 3958 τῆς
1320 3886 1579 3957 ἀληθείας
1624 3889 1762 3942 ἱέναι

179 3982 593 4046 σπουδάζοντες,
631 3979 722 4033 τὸν
751 3981 816 4030 ἐκ
848 3977 981 4031 Θεοῦ
1015 3977 1228 4048 Πατρὸς
1264 3977 1438 4046 φύντα
1467 3977 1639 4047 Λόγον
1679 3981 1763 4032 ἐν-

176 4072 530 4144 ανθρωπῆσαί
579 4072 644 4141 γέ
692 4087 895 4140 φαμεν,
953 4070 1046 4122 καὶ
1077 4069 1363 4139 ιένωθῆναι
1427 4071 1592 4141 σαρκὶ
1638 4072 1760 4125 καθ’

177 4167 492 4229 ὑπόστασιν,
523 4163 852 4233 γεννηθῆναί
881 4179 938 4216 τε
970 4162 1108 4215 κατὰ
1151 4163 1329 4232 σάρκα
1349 4178 1362 4194 ·
1393 4165 1489 4217 καὶ
1528 4165 1626 4235 τῆς
1662 4166 1761 4236 σῆς

175 4260 247 4320 εἰς
279 4257 442 4310 τοῦτο
467 4255 757 4325 asp-0966.1;
787 4254 886 4306 οὐκ
920 4250 1220 4322 ἀνεξόμεθα
1243 4269 1256 4284 ο
1289 4254 1369 4307 ἐνί
1400 4254 1455 4306 δὲ
1487 4255 1582 4306 καὶ
1616 4257 1760 4325 μόνῳ

175 4350 247 4414 τῷ
295 4349 440 4402 κατά
485 4346 648 4414 φύσιν
684 4343 797 4414 Υἱῷ
841 4344 904 4396 τὸ
944 4343 1178 4414 Χριστὸς
1212 4342 1383 4412 ὄνομα
1428 4347 1762 4415 προσνεμοῦ-

180 4457 294 4507 μιν,
325 4440 550 4500 είκότως
574 4454 598 4487 ’.
619 4437 931 4506 γεννήσεως
959 4436 1386 4507 ὀνομαζομένης,
1413 4436 1514 4507 τῆς
1545 4437 1632 4490 διὰ
1662 4440 1761 4509 τῆς

178 4531 333 4597 άγίας
365 4529 668 4600 Παρθένου,
703 4527 872 4579 Κοινὰ
904 4527 1002 4596 μὲν
1036 4528 1165 4599 γάρ,
1195 4527 1270 4590 ὡς
1299 4527 1458 4597 ἔφην,
1491 4529 1637 4599 αὐτῷ
1668 4531 1760 4583 καὶ

2540 3118 2691 3175 CAP.
2735 3117 2796 3173 ll.

1941 3255 2010 3310 At
2041 3271 2140 3310 nos
2183 3265 2350 3319 certe,
2383 3269 2415 3308 ο
2456 3254 2536 3307 vir
2583 3254 2809 3324 optime,
2858 3253 2948 3322 qui
2983 3252 3087 3307 tuis
3136 3253 3293 3321 nugis
3337 3267 3451 3307 me-

1870 3346 2002 3400 liora
2039 3346 2242 3399 sentire
2275 3346 2634 3411 decrevimus,
2678 3352 2732 3397 et
2776 3343 3078 3396 divinarum
3121 3340 3454 3396 Litterarum

1869 3437 2204 3506 propositum
2249 3438 2695 3506 pervestigamus,
2748 3450 2868 3504 qua:
2919 3433 3107 3488 dicunt
3142 3449 3306 3488 unum
3352 3433 3451 3486 Pa-

1869 3536 2093 3582 tremet
2141 3529 2308 3582 Deum
2351 3543 2415 3582 ex
2469 3541 2576 3596 quo
2621 3526 2826 3589 omnia,
2857 3535 2910 3579 et
2954 3541 3118 3579 unum
3165 3528 3452 3581 Dominum

1866 3615 2049 3670 Jesum
2101 3617 2395 3678 Christum,
2442 3632 2538 3684 per
2585 3630 2744 3682 quem
2781 3613 2962 3667 omnia
3007 3623 3066 3668 ιιι
3108 3624 3288 3669 essent
3327 3631 3452 3684 pro-

1867 3708 2025 3762 ducta
2066 3707 2280 3773 sunt",
2311 3721 2433 3761 cum
2477 3707 2728 3762 audimus
2775 3721 2838 3761 ex
2867 3707 2974 3775 37
3004 3716 3192 3761 sancta
3230 3707 3450 3777 Virgine

1866 3811 2052 3855 natum
2088 3812 2209 3853 esse
2233 3797 2533 3861 Christum,
2564 3796 2706 3851 illico
2733 3796 3027 3866 prudenter
3060 3797 3348 3852 admodum
3394 3806 3451 3852 ct

1866 3903 2018 3946 recto
2069 3892 2134 3945 ad
2179 3893 2464 3946 veritatem
2513 3890 2708 3945 itinere
2753 3897 3130 3958 properantes,
3196 3888 3326 3942 illud
3379 3902 3445 3942 ex

1866 3982 1977 4039 Deo
1999 3981 2166 4037 Patre
2194 3992 2378 4036 natum
2406 3980 2636 4036 Verbum
2663 3981 2933 4034 hominem
2959 3982 3160 4035 factum
3188 3982 3445 4048 dicimus,

1863 4083 1916 4127 et
1964 4075 2174 4127 unitum
2224 4072 2375 4126 carni
2426 4070 2723 4126 secundum
2771 4070 3128 4142 bypostasim,
3159 4079 3214 4126 et
3260 4080 3445 4125 natum

1864 4163 2161 4218 secundum
2203 4176 2446 4226 carnem,
2501 4172 2556 4215 et
2605 4170 2722 4216 tuas
2771 4163 2825 4215 in
2879 4161 2980 4217 hac
3037 4177 3096 4218 re
3144 4164 3444 4234 praestigias

1871 4253 2019 4308 nullo
2075 4253 2237 4307 modo
2285 4253 2554 4321 patiemur
2585 4269 2599 4306 :
2629 4251 2723 4306 sed
2768 4252 2861 4306 uni
2908 4261 2963 4306 et
3010 4253 3108 4306 soli
3147 4257 3442 4309 securnlum

1865 4355 2112 4399 naturam
2149 4343 2289 4398 Filio
2317 4344 2518 4399 Christi
2557 4360 2752 4399 nomen
2781 4345 3078 4399 tribuemus
3108 4363 3123 4406 ;
3148 4354 3201 4400 et
3229 4345 3444 4413 quidem

1860 4438 2006 4508 jure,
2037 4452 2157 4492 cum
2187 4437 2272 4491 illa
2302 4451 2398 4506 per
2429 4447 2671 4490 sanctam
2704 4435 2980 4506 Virginem
3009 4437 3194 4502 editio,
3222 4452 3446 4504 genera-

1863 4532 1938 4584 tio
1974 4539 2336 4598 nuncupetur.
2383 4528 2705 4582 Communia
2759 4543 2991 4596 namque
3037 4539 3162 4583 sunt
3210 4529 3284 4582 illi
3319 4544 3442 4584 cum

179 4620 381 4690 ἑτέροις
425 4613 536 4671 εἷεν
567 4618 634 4670 ἂν
669 4616 738 4669 τά
783 4616 959 4668 τοιάδε
1000 4617 1107 4670 τῶν
1143 4617 1426 4686 ὀνομάτων
1463 4617 1758 4688 ὁμολογου-

1867 4623 1988 4676 aliis
2017 4636 2254 4691 quoque,
2284 4631 2342 4674 ut
2365 4620 2499 4686 dixi,
2531 4619 2796 4689 ejusmodi
2837 4620 3079 4675 nomina.
3109 4619 3260 4672 Multi
3297 4635 3444 4673 nam-

183 4712 375 4777 μένως.
416 4710 612 4763 Πολλοὶ
651 4709 761 4780 γάρ
801 4709 908 4760 υἱοὶ
941 4709 1082 4761 κατὰ
1127 4708 1309 4779 χάριν,
1347 4710 1439 4762 καὶ
1482 4710 1612 4774 θεοὶ,
1663 4712 1757 4762 καὶ

180 4803 376 4870 κύριοι,
407 4803 464 4855 ἐν
491 4819 551 4854 τε
598 4800 812 4871 οὐρανῷ
861 4803 955 4853 καὶ
989 4801 1080 4853 ἐπὶ
1114 4801 1214 4871 τῆς
1251 4802 1374 4871 γῆς,
1409 4802 1552 4854 καθά
1597 4805 1688 4856 καὶ
1730 4805 1757 4856 6

183 4893 461 4958 Θεσπέσιος
486 4882 620 4964 ἡμῖν
647 4893 849 4962 γράφει
888 4891 1120 4956 Παῦλος,
1165 4893 1303 4962 πλὴν
1335 4892 1411 4956 ὡς
1450 4896 1508 4947 ἐν
1542 4894 1757 4964 μεθέξει

185 4985 272 5036 τοῦ
298 4988 438 5039 κατά
463 4985 645 5054 φύσιν,
675 4985 766 5036 καὶ
796 4983 937 5036 κατά
969 4986 1218 5056 μίμησιν.
1247 4984 1319 5036 Τὸ
1349 4983 1406 5036 δέ
1436 5001 1499 5052 γε
1525 4985 1755 5056 Χριστὸς

187 5074 350 5146 ὄνομα
376 5095 432 5130 τε
466 5079 558 5130 καὶ
587 5075 798 5146 χρῆμα,
831 5073 1031 5144 πρέποι
1075 5074 1141 5127 ἂν
1186 5073 1305 5128 κατ’
1332 5073 1523 5127 οὐδένα
1555 5075 1754 5144 τρόπον

191 5164 261 5233 τῷ
298 5170 362 5220 ἐκ
400 5168 610 5238 Πατρὸς
650 5167 765 5219 ὄντι
797 5165 955 5235 Λόγῳ
1003 5164 1214 5235 γυμνῷ,
1258 5166 1352 5220 καὶ
1392 5165 1513 5219 καθ’
1541 5166 1750 5232 ἐαυτὸν,

195 5260 279 5310 καὶ
301 5259 400 5323 ἔξω
424 5259 622 5330 σαρκὸς
642 5258 778 5328 πρὸς
800 5256 955 5326 ἡμῶν
976 5257 1268 5327 νοουμένῳ.
1296 5258 1356 5310 El
1378 5257 1434 5310 δὲ
1455 5258 1520 5328 δὴ
1543 5257 1751 5324 λέγοιτο

196 5351 414 5404 κενῶσαί
447 5369 504 5403 τε
538 5350 751 5414 ἐαυτὸν,
780 5348 876 5402 καὶ
911 5350 969 5400 ἐν
997 5349 1062 5419 τῇ
1092 5348 1184 5400 τοῦ
1218 5348 1401 5401 δούλου
1429 5349 1749 5402 καθικέσθαι

204 5446 390 5514 μορφῇ,
419 5445 508 5496 καὶ
546 5441 668 5494 καθ’
705 5442 857 5510 ημᾶς
896 5439 1146 5507 γενέσθαι
1175 5438 1264 5491 διά
1293 5439 1391 5506 την
1433 5438 1633 5509 σάρκα,
1663 5455 1751 5491 κε-

202 5536 434 5606 κλήσεται
463 5538 554 5590 καὶ
585 5535 773 5599 αὐτὸς,
793 5533 883 5587 διά
924 5549 1002 5585 τοι
1043 5533 1105 5585 τὸ
1138 5531 1444 5604 κεκρίσθαι,
1485 5532 1748 5603 Χριστός’

201 5626 252 5678 οὐ
282 5631 381 5701 γὰρ
408 5633 691 5702 κέκρισται
725 5625 850 5680 κατ’
881 5623 1015 5677 ἰδίαν
1049 5624 1210 5693 φύσιν
1239 5623 1369 5685 Θεὸς
1395 5622 1470 5676 ὢν
1497 5625 1524 5676 ὁ
1549 5622 1716 5690 Λόγος
1738 5639 1751 5653 ο

200 5714 363 5784 γέγονε
388 5721 440 5775 δὲ
465 5719 670 5792 μᾶλλον
698 5719 734 5789 η
765 5715 947 5787 χρίσις
973 5712 1120 5783 αύτῷ
1151 5715 1277 5784 περὶ
1299 5713 1360 5766 τὸ
1392 5712 1752 5785 ἀνθρώπινον.

1868 4728 1971 4782 que
2017 4714 2112 4766 lilii
2159 4713 2460 4767 secundum
2520 4712 2771 4778 gratiam,
2810 4719 2864 4764 et
2905 4711 2998 4775 dii,
3030 4720 3085 4765 et
3133 4711 3338 4764 domini
3387 4711 3440 4764 in

1866 4805 2009 4859 coelo
2043 4813 2097 4859 et
2142 4805 2192 4858 in
2243 4815 2412 4866 terra,
2449 4813 2508 4857 ut
2537 4803 2729 4857 beatus
2775 4802 2974 4858 Paulus
3012 4803 3289 4868 scribit",
3342 4805 3438 4858 sed

1863 4895 1983 4964 ejus
2018 4896 2432 4966 participatione
2462 4905 2624 4964 atque
2662 4897 2982 4960 imitatione,
3020 4895 3110 4965 qui
3141 4897 3437 4951 secundum

1864 4995 2116 5040 naturam
2163 4987 2423 5057 ejusmodi
2470 4996 2572 5041 est.
2609 4987 2679 5040 At
2725 5001 2852 5040 vero
2891 4986 3091 5042 Christi
3135 5001 3329 5040 nomen
3372 5003 3439 5042 ac

1865 5093 1969 5141 res,
2007 5076 2183 5133 Verbo
2215 5078 2288 5131 illi
2324 5093 2388 5132 ex
2417 5077 2576 5131 Patre
2607 5077 2911 5138 exsistenti,
2945 5092 3008 5131 ac
3045 5076 3188 5130 nudo
3211 5087 3264 5129 et
3285 5091 3436 5131 seor-

1861 5168 1962 5222 sim
1990 5175 2045 5220 et
2093 5173 2244 5220 extra
2275 5181 2493 5220 carnem
2543 5166 2906 5232 considerato,
2941 5166 3086 5220 nullo
3118 5166 3276 5220 modo
3305 5180 3437 5219 con-

1864 5260 2034 5312 venit.
2088 5259 2238 5324 Quod
2281 5258 2325 5311 si
2378 5257 2576 5311 dicitur
2614 5257 2846 5326 seipsum
2896 5257 3224 5322 exinanisse,
3278 5266 3331 5312 et
3379 5258 3433 5310 in

1857 5349 2000 5404 servi
2046 5347 2220 5403 I‘orma
2276 5348 2641 5414 descendisse,
2685 5358 2740 5403 et
2782 5349 2984 5403 factum
3037 5347 3206 5402 fuisse
3253 5349 3431 5402 nostri

1857 5440 2089 5496 similem
2137 5449 2358 5510 pr0pter
2407 5455 2627 5494 carnem
2652 5443 2720 5504 ",
2751 5441 2866 5510 ipse
2911 5454 3126 5508 quoque
3163 5449 3431 5507 quatenus

1858 5544 2056 5589 unctus
2109 5541 2216 5598 est,
2241 5533 2490 5588 Christus
2514 5533 2797 5588 vocabitur
2827 5552 2840 5587 :
2870 5547 2979 5587 non
3025 5533 3168 5586 enim
3196 5531 3430 5586 Verbum

1859 5625 2004 5692 quod
2055 5621 2196 5678 Deus
2238 5631 2358 5678 erat
2383 5622 2679 5678 secundum
2721 5637 2872 5678 suam
2917 5631 3168 5678 naturam
3213 5631 3296 5675 est
3332 5638 3433 5674 un-

1863 5723 2030 5778 ctum,
2063 5713 2160 5768 sed
2191 5712 2359 5783 ipsius
2405 5713 2592 5769 unctio
2625 5712 2804 5785 potius
2856 5713 2908 5769 in
2953 5713 3187 5769 hominis
3242 5720 3436 5766 natura

256 5897 472 5957 "Galat.
508 5917 582 5966 iv,
615 5901 671 5954 4.
758 5897 806 5929 ³⁸
833 5895 850 5949 l
881 5894 1006 5950 Cor.
1043 5910 1160 5961 vnn,
1189 5893 1243 5949 6.
1319 5892 1365 5926 "
1399 5892 1530 5948 lbid.
1562 5891 1614 5945 5.
1691 5889 1736 5920 "
1762 5889 1990 5960 Philipp.
2027 5905 2085 5955 ιι,
2117 5890 2167 5956 7,
2204 5891 2254 5944 8.
