4112 6484
676 449 737 503 Ἠ
1683 439 1740 494 S.
1779 439 2059 494 CYRiLLl
2106 437 2581 493 ALEX.\NDRINI
2631 435 2949 492 ARCHIEI’.
3921 434 3989 487 7'2

682 570 805 624 fuit.
844 566 936 622 Sic
983 564 1149 636 igitur
1187 562 1279 619 illo
1309 573 1629 633 antegresso
1659 562 1711 615 in
1755 577 1861 630 quo
1905 562 2089 615 unctio
2133 560 2271 615 facta

2389 559 2537 613 Οῦτω
2571 557 2862 631 τοιγαροῦν
2893 554 3334 628 προσϐεϐηκότος
3363 554 3593 616 ἐκείνου,
3629 553 3765 623 περὶ
3797 569 3862 604 ου
3898 552 3990 618 γέ-

679 667 762 714 est
804 661 952 726 (nam
1000 655 1117 723 eius
1167 655 1384 724 pmpria
1427 654 1743 707 humanitas
1797 654 1962 706 estin
2013 668 2117 721 qua
2168 651 2270 705 fuit

682 750 910 817 unctio),
948 764 1070 801 cum
1099 747 1375 801 Christum
1405 745 1556 799 illum
1583 745 1939 812 appellamus,
1973 758 2077 797 non
2121 753 2179 796 ut
2214 752 2267 796 tu

680 841 941 896 effrenate
982 840 1261 910 loqueris,
1321 852 1668 894 communem
1715 837 1987 891 hominem
2036 853 2064 890 a
2093 837 2270 891 Verbo

684 931 943 993 divisum,
979 940 1032 984 et
1064 929 1297 983 seorsim
1330 930 1565 997 positum
1592 943 1655 980 ex
1691 938 1876 980 sancta
1913 926 2130 996 Virgine
2165 926 2272 978 edi-

685 1032 797 1075 tum
853 1036 1127 1092 putamus,
1172 1022 1265 1075 sed
1317 1022 1513 1089 ipsum,
1568 1030 1625 1072 ut
1655 1020 1784 1083 dixi,
1847 1035 1910 1073 ex
1961 1019 2068 1072 Deo
2111 1017 2273 1072 l’atre

683 1111 947 1178 Verbum,
975 1113 1184 1166 unitum
1229 1110 1403 1175 carni,
1440 1117 1496 1162 et
1529 1108 1650 1163 oleo
1679 1107 2061 1161 exsultationis
2102 1121 2131 1159 a
2165 1108 2273 1160 Dco

684 1213 742 1258 et
780 1201 944 1258 Patre
992 1212 1214 1256 unctum
1253 1199 1591 1254 humanitus.
1629 1197 1802 1252 Porro
1847 1197 1941 1251 Dei
1977 1196 2138 1251 Verbi
2174 1213 2273 1249 uu-

685 1296 920 1350 ctionem
963 1294 1016 1348 in
1054 1291 1391 1348 humanitate
1425 1288 1624 1344 factam
1658 1289 1851 1351 fuisse,
1893 1303 2002 1358 quo
2034 1297 2276 1355 tempore

687 1385 882 1440 similis
916 1385 1076 1438 nobis
1117 1382 1394 1452 apparuit,
1445 1396 1615 1435 sacrae
1654 1379 1877 1435 Littera:
1907 1379 2063 1434 nobis
2088 1387 2278 1434 osten-

685 1476 835 1528 dent.
869 1473 1002 1528 Cum
1038 1474 1182 1527 enim
1216 1473 1409 1526 beatus
1433 1470 1605 1526 Jacob
1639 1479 1861 1539 paterna
1890 1469 2052 1524 domo
2072 1469 2277 1523 cedens

687 1566 740 1621 in
779 1565 1221 1634 Mesopotamiam
1257 1574 1528 1634 pergeret,
1572 1574 1625 1616 et
1661 1562 1727 1616 ad
1761 1562 1944 1615 Lahan
1989 1560 2279 1614 contende-

687 1670 772 1715 ret
806 1659 1086 1713 Bathnelis
1115 1659 1306 1722 lilium,
1333 1658 1385 1711 in
1415 1658 1590 1710 locum
1617 1657 1906 1724 quemdam
1935 1655 2275 1723 iuterjectum

688 1752 960 1820 pervenit,
996 1751 1179 1817 ibique
1210 1748 1540 1813 diversatus,
1577 1749 1630 1801 in
1670 1747 2009 1816 suppositum
2043 1744 2278 1813 lapidem

689 1841 973 1896 inclinavit
1001 1849 1180 1910 caput,
1214 1847 1269 1893 et
1308 1853 1560 1893 somnum
1597 1838 1772 1907 cepit;
1808 1852 1872 1892 ac
1917 1852 2010 1906 per
2039 1837 2277 1904 quietem

2380 669 2538 721 7ovsv
2569 653 2602 721 ή
2635 652 2815 721 χρίσις
2860 648 3047 720 (αὐτοῦ
3080 650 3186 719 γὰρ
3213 648 3246 717 ή
3285 643 3722 716 ὲνανθρώπησις,
3761 645 3900 714 περὶ
3928 636 3991 694 οῦ

2381 745 2606 812 γέγονεν
2632 745 2665 814 ἡ
2697 741 2921 813 χρίσις),
2950 741 3079 794 ὅταν
3098 741 3230 810 ἡμῖν
3261 736 3596 808 ὀνομάζηται
3628 734 3899 805 Χριστὸς,
3928 734 3990 785 ού

2382 837 2524 890 κατά
2560 853 2622 903 γε
2678 834 2776 905 τὴν
2817 835 2915 904 σὴν
2957 832 3378 903 ἀθυροστομίαν,
3433 830 3719 900 ἄνθρωπον
3789 826 3988 889 ἁπλῶς

2382 927 2825 996 ύποτοπήσομεν,
2847 925 3177 996 διῃρημένον
3206 921 3301 975 τοῦ
3326 921 3519 989 Λόγου,
3553 921 3647 974 καὶ
3672 919 3786 973 ἀνά
3819 920 3990 989 μέρος

2382 1017 2655 1087 κείμενον,
2695 1019 2760 1068 ὲκ
2792 1018 2892 1087 τῆς
2929 1015 3091 1083 ἁγίας
3123 1013 3373 1083 τετέχθαι
3407 1013 3704 1082 Παρθένου,
3739 1011 3864 1065 ἀλλ’
3896 1012 3992 1063 αύ-

2381 1109 2494 1172 τὸν,
2523 1109 2600 1172 ὼς
2635 1107 2760 1179 ἔφη,
2795 1108 2884 1161 τὸν
2935 1109 3000 1161 ὲκ
3038 1106 3174 1162 Θεοῦ
3228 1105 3440 1176 Πατρδς
3486 1105 3659 1173 Λόγον
3701 1103 3992 1157 ὲνωθέντα

2385 1201 2554 1272 σαρκὶ⁵
2582 1239 2596 1262 ,
2640 1200 2732 1252 καὶ
2762 1199 2841 1270 τῷ
2874 1198 3037 1269 ἐλαίῳ
3067 1199 3167 1268 τῆς
3207 1196 3581 1264 ἀγαλλιάσεως
3618 1192 3992 1265 κεχρισμένον

2382 1290 2739 1362 ἀνθρωπίνως
2779 1291 2933 1361 παρὰ
2966 1289 3060 1343 τοῦ
3090 1288 3225 1344 Θεοῦ
3255 1289 3350 1342 καὶ
3380 1287 3612 1359 Πατρός.
3641 1287 3768 1340 Ὅτι
3803 1285 3864 1338 δὲ
3899 1283 3992 1352 7i-

2384 1400 2508 1452 γονε
2535 1382 2614 1453 τῷ
2635 1381 2756 1453 Θεῷ
2780 1383 2940 1454 Λόγῳ
2973 1383 3101 1454 περὶ
3137 1381 3200 1436 τὸ
3230 1379 3569 1452 ἀνθρώπινον
3597 1380 3629 1450 ἡ
3657 1378 3871 1449 χρίσις,
3902 1377 3990 1430 ὅτε

2386 1475 2594 1546 πέφηνε
2631 1475 2752 1529 καθ’
2780 1477 2949 1546 ἡμᾶς,
2986 1475 3129 1547 ἱερὸν
3161 1476 3311 1545 ἡμᾶς
3347 1472 3678 1527 πιστώσεται
3715 1472 3990 1543 Γράμμα.

2397 1565 2456 1619 Ὀ
2489 1565 2587 1636 μὲν
2614 1567 2722 1637 γὰρ
2749 1567 3034 1630 θεσπέσιος
3071 1565 3283 1629 Ἰακὼϐ,
3311 1567 3410 1635 τῆς
3441 1563 3537 1617 τοῦ
3570 1565 3790 1634 Πατρδς
3823 1561 3992 1616 ἀπαίο

2391 1672 2498 1727 ρων
2537 1656 2754 1722 ἑστίας,
2797 1657 2878 1719 είς
2911 1656 3014 1727 τὴν
3040 1654 3153 1708 τῶν
3198 1653 3470 1724 ποταμῶν
3504 1655 3748 1723 ὑπήγετο
3789 1653 3988 1723 μέσην,

2387 1751 2482 1802 καὶ
2520 1750 2657 1819 πρὸς
2687 1749 2873 1803 Λὰὁαν
2903 1748 2988 1818 ᾔει
3015 1747 3108 1802 τὸν
3141 1747 3234 1801 τοῦ
3273 1746 3541 1818 Βαθουὴλ,
3569 1746 3649 1798 ἑνὶ
3671 1745 3728 1798 δὲ
3761 1745 3876 1798 τῶν
3907 1745 3992 1796 διὰ

2392 1840 2557 1910 μέσου
2597 1841 2811 1911 χωρίων
2841 1839 3199 1910 ὲμόεδληκὼς
3237 1838 3610 1908 κατηυλίζετο.
3641 1839 3755 1891 Καὶ
3801 1837 3869 1907 δὴ
3901 1837 3992 1890 καὶ

688 1951 810 1989 cum
839 1935 941 1988 sibi
971 1933 1176 1988 scalam
1212 1931 1397 1986 videre
1418 1932 1566 1984 visus
1595 1941 1743 1985 esset
1774 1932 1841 1984 de
1869 1930 2029 1984 terris
2061 1930 2126 1982 ad
2161 1941 2275 1981 (τωο

2389 1932 2513 2001 λίθῳ
2549 1931 2650 2002 τὴν
2685 1932 2928 2001 κεφαλὴν
2959 1931 3258 1994 ύποκλίνας
3277 1973 3290 1996 ,
3316 1933 3407 1984 τὸν
3432 1929 3599 1983 ὕπνον
3634 1928 3950 1999 εἰσδέχεται
3977 1943 3988 1955 ·

689 2026 797 2080 lum
828 2026 1249 2094 pertingentem,
1280 2021 1505 2092 angelos
1535 2032 1795 2091 praeterea
1829 2038 1924 2090 per
1949 2036 2068 2076 eam
2096 2035 2281 2074 ascen-

689 2119 878 2170 dentes
908 2133 972 2172 ac
1019 2115 1433 2179 descendentes,
1491 2114 1849 2182 innixumque
1883 2129 2046 2182 super
2070 2128 2133 2167 ea
2175 2112 2281 2166 Do-

693 2212 940 2275 minum,
1005 2210 1296 2264 admodum
1351 2207 1616 2262 visionem
1672 2217 1757 2262 est
1826 2206 2168 2270 admiratus,
2227 2213 2284 2260 et

691 2314 976 2371 acceptum
1023 2301 1257 2369 lapidem
1310 2315 1408 2367 pro
1460 2299 1622 2354 titulo
1670 2299 1886 2363 statuit,
1944 2309 2000 2352 et
2054 2297 2111 2353 in
2164 2298 2283 2368 eius

691 2405 998 2447 extremum
1042 2392 1238 2447 infudit
1279 2391 1458 2446 oleum
1482 2390 1550 2446 ".
1585 2389 1702 2446 Jam
1754 2391 1807 2444 in
1857 2391 1942 2446 his
1990 2391 2279 2444 considera

692 2483 978 2539 Dominum
1020 2494 1263 2538 nostrum
1294 2481 1479 2538 .lesum
1510 2482 1790 2538 Christum
1836 2481 1985 2536 illum
2032 2497 2198 2536 unum
2229 2490 2283 2537 et

693 2577 866 2631 solum
911 2586 968 2631 et
1009 2591 1140 2631 vere
1174 2575 1392 2639 Filium,
1440 2574 1595 2644 quasi
1621 2574 1732 2645 38
1761 2573 1990 2642 lapidem
2040 2585 2280 2628 erectum

694 2669 748 2723 in
799 2668 1058 2722 titulum:
1103 2667 1148 2722 is
1194 2667 1338 2721 enim
1390 2676 1473 2720 est
1524 2667 1660 2737 lapis
1697 2667 1928 2730 electus,
1985 2666 2282 2734 angularis,

695 2762 982 2830 pretiosus,
1039 2759 1091 2812 in
1144 2767 1306 2828 caput
1345 2757 1550 2827 anguli,
1598 2767 1655 2812 et
1703 2773 1732 2810 a
1770 2758 1878 2812 Deo
1922 2769 1975 2811 ct
2019 2756 2181 2812 Patre
2230 2757 2282 2811 in

696 2851 1052 2906 fundamenta
1079 2848 1211 2903 Sion
1249 2850 1455 2917 positus
1478 2849 1546 2902 ⁸⁸.
1580 2849 1662 2903 Ad
1695 2849 1832 2915 have,
1870 2849 2088 2904 modum
2117 2848 2284 2903 etiam

695 2945 856 2997 velim
891 2939 1172 3010 inspicias,
1204 2955 1310 3010 quo
1338 2940 1410 2993 sit
1449 2948 1650 2994 unctus
1679 2957 1692 2992 :
1727 2955 1832 2994 non
1874 2939 2018 2993 enim
2049 2939 2168 2994 oleo
2204 2948 2286 2993 to-

700 3041 810 3082 tum
839 3031 1074 3098 undique
1111 3028 1343 3097 lapidem
1377 3029 1571 3083 beatus
1607 3027 1774 3083 Jacob
1805 3029 2071 3098 irrigavit,
2097 3029 2189 3082 sed
2232 3029 2284 3082 in

697 3121 843 3176 illius
871 3130 1178 3174 extremum
1211 3118 1429 3174 infudit.
1459 3116 1651 3189 Igitur,
1685 3129 1743 3172 ut
1774 3119 1845 3172 ita
1881 3119 2147 3181 dicamus,
2179 3134 2284 3172 non

700 3223 844 3268 totus
873 3213 960 3268 ille
990 3209 1335 3280 Unigenitus,
1366 3224 1543 3279 neque
1570 3209 1624 3264 iu
1660 3224 1756 3265 sua
1791 3211 1905 3280 ipse
1934 3220 2147 3278 natura,
2181 3225 2285 3279 qua

699 3304 936 3362 Verbum
980 3315 1086 3373 est,
1137 3313 1335 3359 unctus
1379 3313 1501 3368 est;
1542 3319 1667 3358 nam
1719 3303 1990 3372 quomodo
2039 3319 2167 3358 suus
2212 3281 2358 3358 illic

699 3401 924 3471 spiritus
967 3398 1277 3470 impertitus
1334 3397 1559 3466 intelligi
1611 3397 1818 3468 possit?
1856 3397 1948 3450 sed
1995 3397 2196 3465 potius,
2231 3405 2292 3450 ut

699 3493 833 3558 dixi,
865 3493 917 3546 in
953 3501 1203 3546 extremo
1229 3491 1470 3560 ungitur,
1504 3489 1608 3542 hoc
1639 3499 1744 3552 est,
1781 3488 2042 3551 exterius,
2080 3497 2136 3539 et
2172 3495 2292 3540 tan-

700 3599 862 3654 quam
899 3584 952 3638 in
991 3595 1145 3650 parte
1176 3594 1341 3651 atque
1376 3591 1646 3644 extremo,
1685 3578 1941 3633 nimirum
1975 3577 2026 3631 in
2063 3593 2165 3632 suo
2194 3592 2291 3647 per

701 3689 886 3730 veram
912 3676 1166 3730 unionem
1189 3688 1418 3742 corpore
1451 3689 1468 3728 :
1499 3681 1555 3726 et
1585 3672 1728 3727 sicut
1763 3685 1955 3740 passus
1981 3685 2104 3725 esse
2126 3685 2292 3726 carne

703 3768 904 3823 dicitur
925 3766 1242 3822 humanitus
1262 3767 1334 3832 “,
1364 3764 1616 3834 quamvis
1649 3778 1745 3832 per
1775 3773 2024 3815 naturam
2058 3771 2116 3815 ut
2151 3758 2291 3816 Deus

703 3868 850 3913 esset
876 3857 1228 3928 impassibilis
1249 3897 1264 3922 ,
1307 3857 1379 3912 ita
1425 3853 1749 3924 intelligitur
1775 3862 1970 3907 unctus
1996 3851 2290 3906 secundum

705 3951 1132 4013 humanitatem,
1185 3949 1312 4004 licet
1366 3958 1538 4017 ungat
1592 3947 1712 4016 ipse
1768 3960 1864 3999 suo
1909 3943 2101 4014 spiritu
2156 3958 2292 4014 quos

708 4043 880 4113 ipsius
910 4042 1253 4096 sanctitatem
1287 4040 1614 4110 participare
1641 4038 1820 4093 decet.
1850 4037 1925 4091 ita
1963 4050 2058 4091 nos
2083 4045 2135 4090 ct
2163 4051 2290 4090 sen-

709 4134 812 4188 tire
855 4133 1168 4195 statuimus,
1225 4141 1280 4184 et
1330 4141 1479 4185 recte
1521 4129 1734 4199 ingredi
1777 4129 2178 4190 consuevimus,
2235 4135 2294 4180 ut

708 4227 855 4296 regia
903 4236 1159 4292 rectaque
1185 4225 1269 4276 via
1315 4221 1620 4276 tendamus.
1667 4220 1787 4290 Ipse
1831 4234 1958 4273 vero
1991 4234 2114 4272 cum
2149 4217 2293 4286 ejus-

709 4319 853 4373 modi
895 4319 1114 4374 nomina
1147 4320 1281 4371 duas
1331 4326 1556 4369 naturas
1585 4313 1894 4382 signiﬁcare
1928 4312 2094 4374 dicat,
2129 4310 2294 4365 altero

710 4411 816 4464 utri
848 4411 992 4481 quod
1025 4410 1125 4462 sibi
1156 4407 1358 4477 placuit
1395 4422 1492 4475 pro
1522 4421 1622 4460 suo
1644 4404 1873 4458 arbitrio
1911 4403 2120 4467 tribuit,
2151 4413 2208 4458 et
2229 4404 2296 4458 de

711 4501 1010 4556 humilibus
1045 4502 1228 4554 verbis
1274 4502 1340 4553 ad
1385 4498 1573 4552 carnis
1619 4496 2081 4565 dispensationem
2124 4495 2295 4565 perti-

2381 2024 2632 2095 κλίμακά
2659 2041 2718 2077 τε
2761 2024 3124 2094 τεθεαμένος,
3162 2023 3260 2094 τήν
3290 2026 3352 2076 ὲκ
3387 2023 3492 2093 γῆς
3532 2024 3644 2076 ἀνω
3685 2023 3993 2094 διήκουσαν

2381 2117 2461 2178 είς
2485 2115 2578 2168 τὸν
2615 2116 2866 2186 οὐρανὸν,
2917 2115 3309 2179 ἀναϐαίνοντας
3338 2133 3396 2168 τε
3432 2115 3527 2169 καὶ
3555 2114 3993 2177 καταῦαίνοντας

2382 2205 2448 2258 δι’
2482 2205 2653 2275 αὐτῆς
2721 2206 2851 2268 τοὺς
2911 2205 3198 2274 ἀγγέλους,
3265 2206 3740 2278 ὲπεστηριγμένον
3791 2207 3852 2261 δὲ
3903 2205 3993 2259 τὸν

2383 2297 2591 2368 Κύριον
2625 2295 2713 2348 ἐπ’
2739 2297 2930 2367 αὐτῆς,
2963 2296 3150 2368 θαῦμα
3185 2299 3282 2368 μὲν
3316 2298 3426 2352 τῶν
3469 2301 3713 2370 ὀράσεων
3751 2301 3994 2352 ἐποιεῖτο

2385 2387 2520 2442 πολύ
2546 2401 2561 2416 ⁸
2604 2385 2787 2441 λαϐὼν
2825 2388 2881 2442 δὲ
2929 2388 3021 2442 τὸν
3055 2389 3224 2454 λίθον,
3275 2391 3505 2462 ἔστησεν
3550 2391 3715 2444 αὑτὸν
3762 2391 3990 2463 στήλην,

2385 2482 2480 2536 καὶ
2529 2484 2755 2554 ἐπέχεεν
2791 2483 2968 2536 ἔλαιον
3006 2483 3098 2536 ἐπὶ
3141 2483 3202 2535 τὸ
3257 2483 3424 2552 ἀκρον
3459 2483 3648 2555 αὐτῆς.
3685 2485 3888 2558 Ἀθρει
3929 2484 3992 2556 δή

2390 2576 2452 2628 ἐν
2495 2575 2706 2640 τούτοις
2756 2575 2847 2628 τὸν
2903 2575 3107 2645 Κύριον
3155 2574 3312 2646 ἡμῶν
3349 2576 3556 2647 Ἰησοῦν
3601 2578 3862 2648 Χριστὸν,
3905 2577 3991 2630 τὸν

2385 2667 2483 2721 ἕνα
2515 2669 2612 2723 καὶ
2663 2669 2824 2739 μόνον
2874 2670 2970 2721 καὶ
3017 2667 3241 2739 ἀληθῶς
3271 2669 3421 2733 Υίὸν,
3449 2668 3524 2732 ὡς
3563 2670 3708 2722 λίθον
3749 2672 3992 2739 ἀναστη-

2386 2759 2647 2830 λούμενον
2674 2777 2688 2791 ο
2733 2761 2828 2814 καὶ
2881 2759 2989 2830 γάρ
3037 2763 3152 2814 ἐστι
3196 2760 3342 2823 λίθος
3389 2760 3680 2826 ἐκλεκτὸς,
3728 2763 3986 2834 ἀκρογω-

2387 2855 2579 2920 νιαῖος,
2607 2853 2843 2923 ἔντιμος,
2891 2855 2971 2915 είς
3005 2851 3247 2922 κεφαλὴν
3285 2851 3509 2921 γωνίας,
3557 2853 3650 2906 καὶ
3685 2856 3766 2918 είς
3801 2853 3873 2906 τὰ
3907 2852 3989 2905 θεο

2392 2944 2552 3014 μέλια
2587 2943 2725 2998 Σιὼν
2770 2945 3080 3015 τεθειμένος
3131 2947 3283 3016 παρά
3323 2945 3420 3001 τοῦ
3448 2947 3585 3001 Θεοῦ
3619 2949 3713 3001 καὶ
3750 2947 3985 3016 Πατρός.

2392 3035 2587 3106 Ἀθρει
2629 3035 2684 3088 δέ
2719 3052 2810 3106 μοι
2845 3036 2982 3107 πρὸς
3020 3037 3195 3108 τούτῳ
3231 3038 3326 3091 καὶ
3363 3039 3485 3092 τίνα
3525 3039 3816 3111 κέχρισται
3865 3038 3988 3110 τρό-

2391 3141 2490 3177 πον
2511 3141 2522 3152 ·
2554 3126 2615 3178 ού
2643 3124 2751 3196 γὰρ
2787 3124 2908 3178 ὅλον
2954 3125 3018 3178 δι’
3055 3125 3178 3179 ὅλου
3219 3125 3298 3196 τῷ
3330 3126 3494 3198 ἐλαίῳ
3548 3128 3845 3180 κατέδευσε
3878 3126 3984 3196 lla.

2391 3215 2713 3288 κατέχευσε]
2757 3217 2849 3270 τὸν
2878 3216 3025 3270 λίθον
3050 3219 3078 3270 ό
3108 3217 3397 3282 θεσπέσιος
3435 3219 3630 3274 Ἰακώϐ
3654 3236 3668 3252 ο
3702 3219 3900 3289 ὲπέχεε
3935 3217 3986 3270 δὲ

2395 3309 2597 3379 μᾶλλον
2637 3311 2729 3363 ἐπὶ
2766 3309 2828 3362 τὸ
2858 3311 3027 3380 ἄκρον
3053 3310 3241 3365 αὑτοῦ.
3275 3311 3508 3378 Οὐκοῦν,
3533 3312 3600 3365 ἵν’
3620 3311 3798 3374 οὕτως
3828 3311 3988 3364 εῖπωο

2395 3419 2516 3472 μεν,
2545 3402 2644 3471 οὐχ
2675 3401 2842 3464 ἀπας,
2869 3401 2991 3454 οὗτε
3021 3402 3126 3471 μὴν
3221 3402 3394 3470 Λόγος
3425 3403 3572 3455 ἐστὶν
3600 3404 3629 3456 ὁ
3653 3402 3985 3472 Μονογενὴς.

2393 3494 2472 3556 είς
2510 3492 2645 3546 ίδίαν
2668 3491 2830 3556 αὐτὸς
2865 3493 3162 3564 κέκρισται
3191 3491 3374 3561 φύσινο
3409 3495 3552 3564 (πῶς
3581 3496 3689 3568 7&9
3722 3496 3791 3550 ἀν
3822 3498 3988 3551 νοοῖτο

2396 3583 2748 3654 μετεσχηκὼς
2777 3584 2874 3638 τοῦ
2911 3584 3040 3639 ίδίου
3071 3585 3386 3657 πνεύματος
3410 3588 3450 3657 ;)
3500 3590 3713 3660 χρίεται
3745 3591 3802 3644 δὲ
3854 3588 3986 3659 μᾶλ-

2392 3675 2503 3739 λον,
2534 3677 2609 3738 ὡς
2653 3675 2810 3746 ἔφην,
2840 3677 2933 3730 ἐπὶ
2977 3679 3041 3731 τὸ
3075 3677 3264 3749 ἄκρον,
3316 3681 3619 3743 τουτέστιν,
3668 3680 3982 3750 ἑξωφανῶς.

2393 3767 2490 3819 καὶ
2517 3760 2627 3819 οἷον
2669 3767 2726 3818 ὲν
2763 3766 2919 3837 μέρει
2950 3768 3046 3820 καὶ
3071 3767 3226 3839 ἄκρῳ
3253 3769 3329 3839 τῷ
3375 3769 3497 3822 καθ’
3523 3770 3716 3823 ἕνωσιν
3741 3770 3843 3842 τὴν
3866 3770 3985 3835 ἀληο

2395 3856 2548 3927 θινὴν
2580 3857 2694 3927 ίδίῳ
2727 3857 2972 3928 σώματι·
3006 3859 3100 3911 καὶ
3130 3859 3319 3930 ὥσπερ
3348 3859 3566 3928 λέγεται
3599 3860 3795 3914 παθεῖν
3827 3877 3986 3930 σαρκι

2393 3947 2772 4018 ἀνθρωπίνως,
2803 3948 2983 4001 καίτοι
3023 3948 3120 4018 τὴν
3162 3950 3323 4017 φύσιν
3355 3950 3617 4021 ὑπάρχων
3655 3952 3872 4021 ἀπαθὴς
3913 3949 3983 4008 ὡς

2394 4038 2559 4101 Θεός·
2597 4036 2742 4091 οὕτω
2775 4040 2980 4091 νοεῖται
3009 4038 3366 4109 κεχρισμένος
3402 4041 3544 4093 κατά
3577 4057 3638 4107 γε
3679 4040 3740 4092 τὸ
3777 4035 3981 4108 ἀνθρώ·

2396 4147 2574 4196 πινον,
2621 4129 2798 4183 καίτοι
2833 4129 3002 4203 χρίων
3045 4131 3207 4193 αὐτὸς
3255 4131 3334 4201 τῷ
3382 4131 3498 4200 ἰδίῳ
3543 4131 3818 4201 πνεύματι
3863 4130 3981 4188 τοὺς

2395 4217 2476 4284 οἷς
2526 4221 2592 4275 ἂν
2630 4223 2832 4293 πρέποι
2890 4223 3218 4292 μεταλαχεῖν
3282 4223 3383 4293 τῆς
3444 4225 3737 4295 ἁγιότητος
3795 4219 3976 4278 αὐτοῦ.

2411 4315 2547 4368 Ἀλλ’
2595 4316 2755 4385 ἡμεῖς
2805 4316 2904 4386 μὲν
2950 4309 3052 4369 ὧδέ
3104 4333 3161 4368 τε
3219 4319 3437 4387 φρονεῖν
3493 4317 3848 4386 ἐγνώκαμεν,
3895 4313 3980 4366 καὶ

2396 4408 2707 4478 ὀρθοποδεῖν
2761 4407 3083 4478 εἰθίσμεθα,
3134 4410 3233 4478 τὴν
3277 4410 3564 4480 βασιλικήν
3601 4427 3660 4462 τε
3695 4410 3789 4463 καὶ
3834 4407 3979 4463 ἀδιά-

2400 4516 2633 4571 στροφον
2665 4501 2954 4570 ἐρχόμενοι
2984 4501 3192 4573 τρίϐον.
3236 4503 3554 4573 Σημαντικά
3585 4503 3640 4556 δὲ
3673 4502 3849 4570 λέγων
3891 4499 3979 4551 a6-

711 4594 967 4647 nentibus
1016 4591 1291 4645 erubescit
1341 4599 1446 4644 :et
1502 4589 1751 4657 quamvis
1806 4587 2022 4640 beatum
2068 4586 2284 4639 Paulum

2401 4593 2491 4654 τὸς
2525 4591 2637 4644 τῶν
2683 4591 2776 4645 δύο
2807 4591 3022 4661 φύσεων
3059 4594 3127 4647 τά
3158 4593 3335 4648 τοιάδε
3367 4595 3474 4646 τῶν
3517 4593 3818 4664 ὀνομάτων,
3861 4593 3977 4644 ἑκα-

711 4686 894 4738 audiat
925 4685 1192 4738 dicentem
1231 4700 1245 4737 :
1277 4701 1294 4732 ι
1328 4680 1472 4734 Misit
1507 4678 1650 4732 Deus
1676 4677 1872 4731 Filium
1908 4692 2066 4732 suum
2095 4676 2284 4733 factum

2403 4687 2536 4757 τέρα
2572 4685 2633 4738 τὸ
2671 4685 2862 4739 δοκοῦν
2907 4687 3172 4756 ἀπονέμει
3205 4686 3322 4757 μετ’
3350 4685 3628 4750 ἐξουσίας·
3663 4687 3757 4739 καί
3788 4685 3848 4739 τὸ
3890 4680 3978 4752 μέ·

710 4793 775 4833 ex
823 4777 1071 4839 muliere,
1114 4774 1316 4828 factum
1347 4775 1449 4826 sub
1478 4772 1594 4842 lege
1617 4772 1673 4835 ¹;
1707 4789 1725 4822 ι
1758 4774 1962 4838 Apage,
2001 4771 2195 4839 inquit,
2229 4785 2284 4823 ne

2403 4793 2552 4846 τριον
2580 4777 2656 4840 είς
2694 4776 2888 4845 λόγους
2916 4777 3016 4846 τῆς
3051 4776 3189 4846 μετά
3215 4775 3419 4847 σαρκὸς
3449 4777 3761 4846 οἰκονομίας
3797 4769 3976 4842 αίσχύο

712 4868 950 4922 Verbum
997 4881 1063 4920 ex
1121 4865 1230 4919 Deo
1279 4875 1467 4918 uatum
1519 4874 1639 4918 esse
1679 4861 1900 4914 missum
1950 4871 2146 4929 putes:
2187 4874 2284 4914 non

2402 4883 2580 4918 νεται·
2615 4867 2721 4920 κᾶν
2760 4866 2970 4938 ἀκούσῃ
3016 4866 3266 4933 λέγοντος
3300 4866 3396 4918 τοῦ
3431 4866 3700 4936 μακαρίου
3739 4863 3972 4921 Παύλου’

709 4961 854 5014 enim
885 4974 956 5012 ex
999 4957 1226 5011 muliere
1260 4957 1464 5010 factum
1502 4963 1606 5020 est,
1651 4967 1759 5006 non
1792 4951 1992 5005 factum
2025 4951 2122 5005 sub
2154 4950 2284 5019 iege.

2405 4977 2424 5010 ι
2462 4959 2874 5023 Ἐξαπέστειλεν
2904 4961 2931 5011 ό
2955 4957 3086 5021 Θεὸς
3111 4959 3206 5011 τὸν
3229 4957 3357 5012 Υἰδν
3389 4957 3577 5021 αὑτοῦ,
3605 4957 3895 5028 γενόμενον
3916 4952 3974 5003 ἑκ

708 5053 884 5122 Atque
933 5060 990 5103 ut
1032 5048 1388 5103 ostendamus
1445 5047 1592 5114 quod
1651 5043 1882 5098 dicimus
1937 5057 2042 5096 non
2095 5057 2284 5095 vanum

2401 5052 2678 5117 γυναικὸς,
2719 5051 3010 5121 γενόμενον
3041 5051 3145 5104 ὑπὸ
3181 5050 3376 5121 νόμονο
3408 5071 3426 5101 ι
3455 5053 3688 5118 Ἀπαγε,
3726 5050 3877 5122 φησι,
3905 5044 3970 5115 μὴ

709 5159 831 5198 esse
859 5143 1196 5211 ﬁgmentum,
1227 5138 1323 5194 sed
1347 5138 1515 5207 ipsius
1544 5150 1641 5190 nos
1669 5136 1741 5188 uti
1768 5136 2007 5196 vocibus,
2036 5135 2148 5204 ips:t
2175 5136 2284 5202 jant

2397 5142 2487 5196 τὸν
2526 5145 2589 5196 ὲκ
2627 5143 2761 5197 Θεοῦ
2803 5145 2977 5214 φύντα
3021 5144 3190 5211 Λόγον
3235 5142 3574 5196 ἀπεστάλθαι
3621 5142 3874 5213 νομίσῃς’
3915 5133 3968 5186 οὗ

711 5247 901 5288 rursus
927 5232 1041 5298 ejus
1073 5232 1233 5285 verba
1265 5231 1318 5284 in
1347 5229 1581 5283 medium
1620 5227 1864 5281 aﬂ'eram.

2398 5236 2506 5308 7&9
2530 5237 2752 5307 γέγονεν
2776 5240 2840 5290 ὲκ
2873 5238 3133 5305 γυναικός
3153 5253 3166 5267 ο
3193 5236 3253 5289 ού
3291 5236 3513 5304 γέγονεν
3535 5235 3638 5288 ὑπὸ
3674 5238 3840 5306 νόμον
3858 5247 3871 5262 ο
3897 5227 3970 5280 δτι

707 5330 842 5383 δὲού
884 5325 1450 5397 φενακισμδςείκαῖος
1487 5323 1557 5376 τὰ
1590 5321 1936 5393 παρ’ὴμῶν·
1971 5319 2294 5391 κεχρήμεθα
2331 5327 2388 5379 δὲ
2445 5332 2644 5401 μᾶλλον
2705 5335 2822 5395 ταῖς
2883 5331 3048 5385 αὑτοῦ
3101 5333 3338 5401 φωναῖς,
3392 5331 3531 5384 αύτά
3581 5331 3644 5401 δὴ
3690 5330 3851 5384 πάλιν
3901 5324 3968 5381 εἰς

709 5419 872 5488 μέσον
904 5417 1035 5469 οῖσω
1065 5415 1133 5469 τά
1163 5416 1445 5486 εἰρημένα.

779 5515 1039 5586 ιΝεετοιι.
1086 5513 1232 5566 illisit
1253 5514 1420 5573 cnitn,
1453 5511 1641 5579 inquit,
1689 5511 1826 5566 Deus
1871 5509 2066 5564 Filium
2111 5523 2284 5572 suum,

2461 5509 2876 5584 [Ἐξαπέστειλε
2908 5513 3036 5583 7&9,
3066 5513 3252 5585 φησὶν,
3283 5514 3312 5566 ό
3340 5516 3470 5579 Θεὸς
3498 5514 3590 5568 τδν
3631 5515 3761 5568 Υίὸν
3788 5507 3962 5569 αὑτοῦ,

2389 5605 2682 5674 γενόμενον
2733 5605 2796 5657 ὲκ
2837 5605 3128 5672 γυναικὸς,
3170 5605 3464 5675 γενόμενον
3504 5605 3609 5658 ύπδ
3640 5606 3823 5676 νόμον.
3859 5601 3966 5654 Ἐν-

2389 5696 2562 5750 ταῦθα
2621 5699 2814 5768 μηνύει
2872 5698 2971 5769 μὲν
3009 5700 3107 5762 τὰς
3149 5698 3242 5752 δύο
3294 5698 3523 5768 φύσειςι
3565 5698 3626 5752 τὸ
3681 5697 3962 5770 συμϐαῖνον

710 5619 890 5661 natum
928 5622 993 5660 ex
1034 5607 1280 5670 muliere,
1354 5606 1551 5659 factum
1601 5605 1700 5659 sub
1739 5604 1872 5675 lege.
1909 5603 2019 5657 lloc
2052 5604 2170 5658 loco
2219 5605 2292 5658 in.

711 5701 849 5755 dicat
886 5699 1104 5768 quidem
1151 5699 1285 5752 duas
1319 5707 1561 5763 naturas,
1595 5697 1691 5751 sed
1742 5696 1794 5750 id
1843 5696 1978 5751 dicit
2004 5697 2146 5766 quod
2185 5697 2287 5751 hu-

785 5878 826 5907 ’τ
853 5878 985 5931 Gen.
1021 5891 1207 5938 xxvut,
1247 5875 1434 5932 l2-i8.
1511 5875 1558 5907 "
1585 5873 1683 5930 lsa.
1710 5889 1899 5937 xxvm,
1943 5874 2028 5929 16.
2103 5875 2145 5906 ’³
2173 5874 2188 5926 l
2221 5873 2361 5927 Pctr.
2395 5891 2466 5935 l\',
2509 5874 2551 5925 l.
2635 5874 2848 5926 ‘(2aiat.
2889 5893 2956 5936 iv,
2994 5881 3044 5932 4,
