4112 6512
137 404 176 456 73
1281 420 1649 473 anveusus
1687 418 2087 472 NESTURIUM
2133 422 2257 474 LIB.
2302 423 2367 476 ιι.
3374 421 3435 474 τι

134 522 362 595 [συμϐάν]
412 526 482 577 δὲ
535 534 704 600 περὶ
763 535 880 605 τὴν
939 536 1360 608 ἀνθρωπότητα,
1409 539 1590 606 λέγει·
1645 539 1767 589 ἐπεὶ

1876 541 2118 594 manitati
2160 544 2412 597 convenit
2440 565 2452 599 ;
2480 543 2678 612 alioqui
2737 555 2862 611 roga
2909 542 3304 596 contentiosum
3343 543 3438 596 bo-

134 613 392 685 ἁπσίτησον
436 618 546 671 τὸν
585 621 964 691 φιλόνεικον,
1012 627 1092 689 τίς
1134 627 1350 694 ἐγένετο
1383 627 1488 680 ὐπὸ
1516 629 1708 697 νόμον;
1738 629 1766 680 6

1876 628 2090 695 minem,
2129 633 2375 698 quisnam
2425 632 2600 688 factus
2641 643 2725 689 est
2764 633 2864 688 sub
2903 631 3056 702 lege?
3095 631 3255 688 illene
3300 632 3442 688 Deus

133 707 230 769 θεδς
247 708 427 778 Λόγος
449 708 500 782 :l

1876 719 2142 776 Verbum"

772 853 1035 908 ΚΕΦᾹΛ.
1079 853 1151 907 I".

201 978 324 1033 Εἶτα
368 981 506 1045 πῶς
562 983 682 1037 οὐκ
735 987 1113 1059 ἐμϐρόντητος
1164 988 1380 1060 ἀληθῶς
1425 989 1510 1058 εἴη
1563 987 1650 1053 ἂν,
1701 988 1767 1042 τά

149 1067 270 1122 οὕτω
319 1072 484 1142 σα.φῆ
544 1076 655 1128 καὶ
710 1077 921 1132 ᾶπασιν
955 1079 1328 1149 .ὲγνωσμένα,
1380 1081 1476 1132 καὶ
1523 1079 1764 1148 ἀναμφι⁶

150 1160 305 1226 λόγως
339 1161 594 1232 ἔχοντα,
651 1169 718 1220 τό
775 1185 841 1237 γε
898 1166 1032 1242 ἧκον
1082 1171 1161 1234 εἰς
1221 1172 1386 1226 αὐτὸν
1442 1173 1766 1242 ἀνατρέπειν

154 1252 535 1323 πειρώμενοςς
597 1258 746 1311 Τίνα
800 1261 1096 1332 πέπομφεν
1148 1264 1282 1331 ἡμῖν
1335 1262 1393 1328 ἐξ
1447 1263 1690 1328 οὐρανῶν
1739 1265 1768 1317 6

153 1344 357 1415 Πατὴρ,
391 1347 654 1420 Σωτῆρα
686 1351 784 1402 καὶ
826 1353 1160 1424 Λυτρωτήν;
1189 1353 1250 1406 οὐ
1297 1353 1389 1405 τὸν
1427 1355 1492 1406 ὲκ
1533 1353 1634 1422 τῆς
1674 1355 1764 1407 οὐ·

156 1438 270 1500 σίας
315 1439 496 1494 αὐτοῦ
537 1442 728 1511 φύντα
758 1444 970 1513 Λόγον;
1010 1445 1106 1509 Τίς
1135 1447 1285 1499 ἐστιν
1319 1448 1347 1498 6
1391 1445 1635 1509 καταϐὰς
1673 1447 1769 1500 καὶ

153 1530 361 1594 ἀναϐάς
415 1533 696 1604 ὑπεράνω
761 1535 871 1587 τῶν
916 1535 1184 1606 οὐρανῶν,
1233 1537 1322 1591 ἵνα
1381 1537 1646 1609 πληρώσῃ
1699 1539 1768 1592 τὰ

154 1624 370 1686 mina;
408 1618 531 1694 ἆρα
578 1625 646 1678 τὸ
676 1625 859 1679 πάντα
904 1625 1166 1680 δύνασθαι
1211 1627 1476 1698 πληροῦν,
1505 1628 1601 1697 τῆς
1645 1627 1766 1681 καθ’

151 1717 301 1782 ἡμᾶς
358 1716 594 1783 φύσεως
642 1717 806 1787 ἔργον
853 1713 994 1771 εῖναι
1041 1720 1180 1790 φής’,
1229 1721 1327 1772 καὶ
1368 1721 1482 1783 τοῖς
1534 1720 1633 1789 τῆς
1667 1720 1765 1773 άν-

151 1806 528 1878 6ρωπότητος
580 1809 810 1877 ἀνάψεις
867 1809 1121 1880 μέτροις;
1177 1811 1308 1881 περὶ
1354 1809 1499 1874 τινος
1556 1811 1764 1880 γέγρα-

149 1917 252 1965 φεν
284 1901 314 1953 6
353 1901 648 1970 μακάριος
687 1900 980 1970 Ἰωάννης,
1024 1920 1042 1952 ι
1087 1899 1143 1955 ’0
1184 1880 1392 1956 ἄνωθεν
1436 1902 1765 1974 ἐρχόμενος,
1800 1880 1840 1934 Β

148 1992 350 2044 ἐπάνω
407 1992 640 2044 πάντων
695 1993 872 2058 ἐστίνς
921 2012 940 2044 ι
994 1995 1063 2046 Ἢ
1117 1994 1258 2064 τάχα
1305 2011 1409 2046 που
1462 1996 1557 2046 καὶ
1607 1995 1769 2058 αὐτὸς

147 2084 646 2152 ψευδομυθήσειεν
691 2084 760 2137 ἂν
793 2087 908 2147 τοῖς
948 2084 1216 2137 Ἰουδαίων
1254 2083 1449 2155 δήμοις
1497 2085 1769 2154 ἐπιτιμῶν

148 2192 210 2226 τε
261 2177 368 2227 καὶ
403 2175 587 2241 λέγων
610 2192 624 2206 ·
665 2194 684 2226 ι
727 2175 913 2244 Ὑμεῖς
942 2176 1006 2228 ἐκ
1039 2175 1148 2228 τῶν
1191 2175 1343 2228 κάτω
1381 2177 1524 2239 ἐστὲ,
1561 2176 1671 2243 ὲγὼ
1705 2176 1769 2228 ὲκ

147 2262 266 2313 τῶν
298 2264 426 2316 ἄνω
464 2262 621 2331 είμί;
653 2281 670 2312 ι
697 2263 792 2316 καὶ
828 2263 1021 2316 πάλιν
1061 2284 1079 2316 ι
1120 2263 1263 2332 Ἐγὼ
1292 2265 1391 2319 οὐκ
1429 2267 1545 2336 εἱμί
1576 2267 1640 2318 ἐκ
1673 2264 1767 2318 τοῦ

149 2357 379 2423 κόσμου
411 2355 632 2408 τούτου.
672 2373 689 2405 ι
733 2356 794 2407 Εἰ
843 2357 954 2426 γὰρ
991 2352 1059 2426 ἦν
1087 2357 1371 2428 ἄνθρωπος
1398 2359 1462 2410 ἐκ
1508 2358 1769 2426 γυναικὸς

150 2448 284 2500 καθ’
317 2449 425 2501 Eva
458 2447 569 2499 τῶν
598 2448 797 2510 ἄλλων,
823 2449 918 2502 καὶ
947 2449 1067 2518 οὐχί
1093 2448 1157 2517 δὴ
1185 2449 1388 2518 μᾶλλον
1416 2449 1770 2520 σεσαρκωμὲ-

153 2555 272 2599 νος.
299 2539 407 2588 καὶ
437 2538 499 2588 ὲν
526 2536 844 2606 ἀνθρωπεία
874 2541 1057 2607 μορφῇ
1099 2538 1378 2608 πεφηνὼς,
1411 2541 1438 2591 6
1470 2539 1677 2593 ἄνωθέν
1710 2557 1769 2592 τε

154 2631 255 2680 καὶ
295 2630 367 2680 ὲκ
403 2625 546 2680 Θεοῦ
586 2627 800 2697 Πατρός
833 2627 1028 2694 Λόγος,
1055 2628 1172 2690 πῶς
1200 2628 1265 2680 ἂν
1292 2631 1464 2681 νοοῖτο
1508 2629 1601 2681 καὶ
1628 2628 1768 2681 ἅνω-

156 2718 253 2769 Οεν
305 2720 411 2771 καὶ
461 2718 525 2782 ἐξ
569 2716 841 2786 οὐρανοῦς
880 2717 999 2779 πῶς
1047 2717 1229 2770 ἐπάνω
1275 2718 1494 2771 πάντων
1544 2717 1639 2771 καὶ
1673 2717 1772 2770 οὐκ

158 2811 272 2863 ἀπό
308 2828 380 2878 γε
407 2809 508 2863 τοῦ
547 2811 756 2880 κόσμου
781 2849 796 2873 ,
833 2810 927 2864 καί
955 2825 1036 2862 τοι
1066 2810 1269 2880 κόσμου
1317 2810 1486 2879 μέρος
1511 2809 1772 2879 ὑπάρχων

159 2901 253 2956 διὰ
283 2903 394 2972 τὴν
447 2902 674 2971 σάρκα,
711 2902 806 2955 καὶ
852 2903 976 2955 ὅσον
1017 2900 1150 2972 ἧκεν
1196 2904 1374 2956 εἰπεῖν
1406 2902 1547 2956 κατά
1597 2919 1661 2970 γε
1711 2902 1772 2954 τὸ

163 2993 391 3061 πρέπον
421 2996 492 3062 τῇ
523 2993 904 3063 ἀνθρωπότητι
940 2994 1160 3064 μέτρον,
1188 2993 1431 3062 γεγονὼς
1461 2995 1600 3064 μετά
1635 2995 1771 3048 πάν-

167 3101 278 3136 των
310 3084 422 3137 ὐπὸ
455 3083 595 3137 Θεοῦ
624 3084 849 3156 ;Ταυτῃ
874 3101 978 3147 τοι,
1009 3087 1102 3136 καὶ
1139 3085 1270 3137 Θεὸν
1301 3085 1493 3138 ἑαυτοῦ
1529 3086 1770 3138 κατωνό-

172 3174 319 3239 μαζε
352 3174 446 3226 τὸν
479 3173 737 3243 Πατέρα.⁸
771 3173 950 3226 καίτοι
985 3173 1145 3242 φύσει
1182 3176 1279 3227 καὶ
1312 3175 1473 3237 αὐτὲις
1508 3175 1769 3246 ὑπάρχων

170 3263 304 3327 Θεὸς
327 3304 344 3328 ,
372 3266 468 3317 καὶ
502 3266 567 3317 ἐκ
596 3265 696 3333 τῆς
726 3264 912 3329 οὐσίας
951 3265 1118 3318 αὐτοῦ
1154 3267 1413 3335 πεφηνὼς
1453 3267 1579 3329 Υἱὸς
1613 3284 1769 3337 μονο-

173 3357 360 3425 γενής.
415 3357 553 3426 Περὶ
608 3357 754 3418 τίνος
801 3356 909 3426 ἀρα
960 3359 1123 3427 φησὶν
1185 3360 1214 3411 6
1263 3359 1532 3428 μακάριος
1589 3358 1772 3422 Δαὸὶδ,

2512 863 2661 918 CAP.
2707 863 2792 918 Ill.

1940 988 2056 1043 Jam
2091 1006 2216 1045 vero
2256 995 2521 1061 quomodo
2566 1010 2670 1047 nun
2718 995 2788 1048 sit
2837 994 2994 1062 plane
3040 995 3307 1065 stupidus,
3349 996 3437 1062 qui

1870 1094 1957 1134 res
1991 1081 2125 1135 adeo
2161 1083 2358 1145 claras,
2398 1093 2452 1137 et
2485 1083 2736 1137 omnibus
2785 1093 2961 1146 notas,
2987 1093 3041 1138 et
3067 1082 3135 1136 ab
3165 1083 3310 1137 omni
3344 1085 3440 1135 du-

1869 1169 2129 1224 bitatione
2173 1171 2400 1235 alienas,
2441 1172 2582 1241 quod
2631 1175 2695 1227 ad
2746 1174 2923 1242 ipsum
2957 1175 3173 1238 attinet,
3212 1183 3443 1226 conatur

1869 1262 2151 1316 evertere?
2182 1261 2350 1327 Quem
2377 1265 2529 1318 nobis
2557 1263 2720 1318 Pater
2754 1265 2822 1318 de
2852 1265 2992 1318 C(BIO
3026 1265 3171 1317 misit
3197 1262 3443 1317 Salvato-

1870 1366 1982 1406 rem
2031 1368 2094 1406 ac
2141 1351 2598 1423 Redemptorem?
2649 1370 2828 1410 nonne
2879 1354 3054 1422 ipsum
3099 1353 3330 1406 Verlmm
3376 1355 3442 1405 de

1869 1458 1964 1496 sua
2000 1445 2237 1500 essentia
2294 1447 2518 1499 natum?
2545 1446 2803 1511 Quisnam
2851 1446 2938 1500 ille
2973 1454 3055 1500 est
3085 1447 3173 1514 qui
3216 1445 3444 1498 descen-

1870 1535 1948 1588 dit
1979 1543 2033 1588 et
2075 1535 2322 1589 ascendit
2369 1550 2531 1605 super
2573 1536 2763 1601 ctelos,
2810 1547 2868 1590 ut
2899 1535 3148 1604 impleret
3184 1533 3446 1590 omuia'?

1870 1640 1996 1678 num
2034 1625 2140 1681 boc
2174 1626 2345 1695 ipsum
2381 1643 2538 1696 posse
2568 1630 2748 1683 omnia
2797 1627 3039 1699 implere,
3086 1638 3285 1683 nostrae
3323 1641 3444 1681 esse

1868 1730 2001 1784 npus
2044 1727 2250 1772 natura:
2308 1730 2484 1787 putas,
2537 1729 2592 1773 et
2639 1720 2992 1773 humanitatis
3033 1733 3300 1772 mensura:
3348 1718 3444 1771 tri-

1871 1808 2022 1860 buis?
2061 1809 2127 1862 de
2176 1823 2409 1876 quonam
2465 1811 2683 1879 scripsit
2738 1809 2849 1880 39
2895 1811 3083 1864 beatus
3139 1809 3373 1863 Joannes
3427 1826 3440 1862 :

1880 1913 1897 1945 σ
1933 1896 2035 1962 Qui
2093 1899 2378 1952 desursum
2429 1898 2614 1960 venit,
2661 1913 2822 1966 supra
2863 1900 3045 1952 omnia
3097 1898 3260 1952 est'?
3289 1915 3309 1949 ι
3362 1899 3444 1950 An

1871 1987 2042 2054 ipsum
2071 2003 2286 2055 quoque
2321 1989 2540 2042 mentiri
2587 1988 2818 2043 fortasse
2850 1989 3144 2058 putandum
3176 2000 3278 2054 est,
3317 2003 3442 2041 cum

1869 2074 2174 2130 Judzeorutn
2208 2077 2432 2145 populos
2454 2077 2746 2146 obiurgans
2783 2079 2912 2132 dicit
2943 2097 2954 2131 :
2991 2097 3009 2130 ι
3047 2078 3150 2134 Vos
3176 2080 3242 2134 de
3283 2080 3443 2132 deor-

1871 2180 1988 2219 sum
2029 2167 2182 2230 estis,
2227 2182 2329 2237 ego
2373 2169 2439 2222 de
2487 2171 2736 2236 supernis
2785 2171 2979 2223 sum‘?
3009 2189 3026 2221 ι
3079 2179 3132 2224 et
3184 2185 3445 2225 rursum:

1877 2277 1895 2310 α
1929 2260 2037 2329 Ego
2086 2275 2190 2313 non
2235 2276 2354 2313 sum
2397 2263 2464 2316 de
2515 2262 2616 2316 boc
2657 2262 2859 2316 mundo
2882 2263 2923 2314 '.
2964 2282 2982 2316 ι
3019 2263 3150 2318 Nam
3196 2266 3242 2318 si
3286 2267 3446 2320 homo

1870 2360 2013 2407 esset
2037 2366 2102 2406 ex
2128 2350 2354 2406 muliere
2385 2352 2474 2404 uni
2508 2353 2725 2406 cuilibet
2756 2355 2981 2409 aliorum
3005 2357 3203 2420 simile,
3238 2372 3301 2412 ac
3334 2375 3440 2412 non

1870 2443 2409 2510 potiusiucarnatum
2453 2453 2506 2496 et
2540 2445 2591 2497 in
2631 2444 2867 2498 bumaua
2893 2445 3062 2498 forma
3095 2456 3442 2516 conspectum

1873 2534 1999 2587 illud
2032 2535 2315 2588 desursum
2345 2547 2398 2589 et
2437 2548 2500 2588 ex
2540 2536 2647 2589 Deo
2686 2535 2850 2590 Patre
2885 2536 3140 2600 Verbum,
3175 2540 3448 2607 quomodo

1872 2625 2157 2679 desursum
2195 2626 2334 2679 idem
2367 2636 2420 2680 et
2453 2627 2518 2681 de
2547 2627 2688 2682 caalo
2720 2627 3150 2696 intelligeretur?
3179 2631 3449 2699 quomodo

1873 2729 2036 2782 supra
2073 2716 2255 2769 omnia
2307 2725 2362 2770 et
2408 2730 2514 2770 non
2569 2717 2636 2769 de
2684 2718 2904 2780 nmndo,
2945 2720 3192 2786 quamvis
3230 2733 3452 2788 propter

1874 2822 2090 2861 carnem
2140 2823 2264 2876 pars
2295 2817 2444 2863 esset
2489 2809 2697 2871 mundi,
2734 2818 2789 2862 et
2835 2820 3093 2879 quantum
3143 2812 3325 2866 dicere
3367 2811 3451 2864 fas

1874 2909 1974 2962 est,
2007 2914 2071 2952 ex
2116 2913 2366 2952 mensura
2395 2915 2515 2968 quae
2546 2901 2866 2956 ltumauitati
2893 2903 3164 2965 convenit,
3210 2904 3312 2958 sub
3343 2904 3452 2956 Deo

1877 2992 2074 3045 factum
2139 3009 2260 3046 cum
2317 2994 2606 3049 omnibus?
2654 2995 2765 3048 Hae
2821 2994 3023 3047 ratione
3073 2995 3234 3048 etiam
3283 2993 3452 3049 Deum

1876 3099 2029 3136 Suum
2062 3086 2366 3152 appellabat
2410 3087 2584 3154 ipsum
2627 3085 2862 3150 Patrem,
2899 3087 3145 3156 quamvis
3176 3087 3289 3154 ipse
3321 3102 3454 3153 quo-

1801 3205 1845 3265 ο
1879 3191 1982 3243 que
2027 3191 2090 3230 ex
2142 3189 2332 3231 natura
2384 3179 2527 3233 Deus
2571 3189 2736 3243 esset,
2769 3189 2825 3233 et
2880 3195 2946 3232 ex
2996 3179 3112 3248 ejus
3149 3179 3450 3232 substantia

1876 3267 2044 3322 Filius
2078 3272 2386 3337 uuigeuitus
2427 3272 2749 3326 exstitisset.
2783 3270 2858 3325 De
2887 3285 3119 3340 quonam
3151 3285 3280 3339 ergo
3325 3271 3454 3324 dicit

1878 3357 2068 3411 beatus
2122 3358 2332 3414 David:
2371 3380 2389 3412 ι
2419 3363 2562 3416 Misit
2619 3361 2853 3416 Verbum
2907 3377 3084 3427 suum,
3130 3370 3184 3414 et
3244 3363 3455 3415 sanavit

181 3467 195 3494 ι
220 3447 614 3512 Ἐξαπέστειλε
647 3447 739 3500 τὸν
761 3449 935 3515 Λόγον
965 3449 1157 3516 αὐτοῦ,
1177 3452 1272 3503 καὶ
1303 3451 1489 3504 ἰάσατο
1509 3450 1703 3514 αὐτούς
1724 3467 1769 3512 ςι

177 3537 397 3590 Σέσωκε
438 3538 552 3607 γὰρ
586 3538 766 3606 ἡμᾶς,
814 3540 873 3590 οὐ
923 3539 1200 3608 πρέσϐυς,
1232 3541 1332 3593 οὐκ
1359 3541 1621 3608 ἄγγελος,
1659 3541 1772 3593 ἀλλ’

177 3632 339 3694 αὐτὸς
372 3633 401 3684 6
428 3630 660 3700 Κύριος,
693 3630 836 3682 κατά
860 3630 960 3693 τὰς
991 3631 1234 3700 Γραφάς.
1273 3631 1434 3683 Ἀλλὰ
1470 3632 1556 3684 ναί
1588 3650 1753 3702 φησιν

176 3723 204 3772 6
232 3724 416 3774 πάντα
448 3719 695 3791 πληροῦν
738 3719 1035 3790 δυνάμενος
1063 3721 1195 3784 Θεὸς
1223 3720 1393 3789 Λόγος
1421 3722 1771 3775 ἀπέσταλται.

178 3812 313 3863 Τίνα
349 3812 592 3880 τρόπον;
620 3809 722 3862 ποῦ
751 3810 858 3882 γάρ
894 3811 994 3864 οὐκ
1024 3806 1166 3864 εἶναί
1191 3829 1371 3880 φαμεν
1398 3812 1593 3877 αὐτόνς
1625 3813 1656 3882 ἢ
1685 3812 1776 3864 καὶ

177 3903 303 3955 ὅποι
358 3902 782 3973 πεμφθήσεται;
815 3901 1243 3974 καταγορεύσεις
1273 3899 1367 3955 οὖν
1401 3902 1510 3973 ἄρα
1553 3904 1644 3955 καὶ
1682 3903 1776 3955 τοῦ

181 3997 470 4061 πανσόφου
491 3993 844 4056 Μωσέως,ὼς
877 3993 975 4063 τὴν
1005 3994 1317 4064 ἀπόρρητον
1343 3993 1438 4046 τοῦ
1455 3992 1588 4045 Θεοῦ
1620 3993 1777 4058 δόξαν

181 4085 243 4136 οῦ
282 4083 526 4153 μετρίως
553 4082 888 4152 ἡδικηκότα;
920 4083 1022 4153 ἔψη
1055 4085 1284 4154 γὰρ,ότι
1320 4102 1338 4134 ι
1376 4082 1770 4153 Καταϐέϐηκεν

183 4175 213 4224 6
244 4173 378 4237 Θεδς
409 4175 542 4227 εἴδει
577 4171 748 4242 πυρὸς
787 4173 882 4223 ἐπὶ
912 4172 972 4224 τὸ
996 4172 1120 4242 ὅρος
1154 4173 1302 4224 Σινᾶ.
1347 4192 1365 4223 ο
1401 4171 1516 4223 Κάν
1542 4172 1778 4242 ἀκούσῃς

187 4265 441 4331 ὶὲγοντος
478 4262 574 4315 τοῦ
611 4263 884 4332 μακαρίου
936 4263 1101 4315 Δαϐὶδ
1157 4263 1292 4332 πρὸς
1323 4262 1432 4314 τῶν
1473 4263 1609 4314 ὅλων
1645 4280 1779 4332 κρα-

195 4355 602 4418 νοῦνταΘεόν·
640 4374 657 4405 ι
703 4353 1110 4420 Ἐξαποστελεῖς
1159 4354 1220 4406 τὸ
1249 4353 1474 4424 Πνεῦμά
1520 4370 1638 4419 σου,
1686 4355 1780 4406 καὶ

199 4446 619 4514 κτισθήσονταιζ
681 4445 776 4496 καὶ
829 4445 1165 4507 ἀνακαινιείς
1221 4445 1284 4496 τὸ
1339 4444 1632 4514 πρόσωπον
1684 4445 1782 4513 τῆς

1876 3465 1970 3503 eos
1993 3450 2074 3502 "?
2105 3469 2124 3501 ι
2164 3450 2400 3505 Salvavit
2427 3454 2570 3508 enim
2612 3467 2710 3507 nos
2745 3468 2847 3506 non
2884 3453 3113 3519 legatus,
3155 3468 3256 3506 non
3291 3468 3454 3520 auge-

1877 3542 1994 3607 lus,
2055 3546 2148 3598 sed
2193 3545 2306 3612 ipse
2369 3545 2660 3610 Dominus,
2714 3546 3010 3600 secundum
3072 3545 3384 3613 Scripturas
3408 3543 3451 3597 ⁸.

1883 3635 2033 3697 Esto,
2079 3635 2274 3702 inquit,
2311 3635 2550 3689 Verbum
2595 3637 2734 3704 quod
2772 3637 2950 3688 omnia
2989 3646 3163 3704 potest
3206 3637 3451 3704 implere,

1880 3727 2104 3779 missum
2129 3735 2215 3779 est
2246 3744 2258 3779 :
2287 3727 2380 3781 sed
2413 3727 2717 3795 quomodo?
2741 3728 2827 3780 ubi
2861 3727 3004 3781 enim
3047 3742 3151 3780 non
3184 3728 3310 3782 illud
3336 3744 3456 3782 esse

1880 3818 2160 3871 dicemus?
2199 3827 2290 3872 aut
2315 3833 2424 3887 quo
2455 3819 2738 3872 mittetur?
2766 3818 3106 3874 lnsimulabis
3149 3821 3310 3890 igitur
3343 3821 3458 3874 Μο-

1880 3924 1974 3964 sen
2016 3910 2166 3964 illum
2201 3912 2690 3978 sapientissimum,
2740 3913 2890 3979 quasi
2931 3927 3034 3965 non
3067 3914 3325 3966 mediocri
3374 3915 3457 3965 iu-

1873 4001 2017 4068 jurla
2060 4000 2153 4054 Dei
2205 4000 2430 4069 gloriam
2469 3999 2748 4066 aﬂ'ecerit;
2781 4001 2914 4053 dixit
2942 4001 3129 4054 enim:
3168 4021 3184 4052 σ
3223 4000 3456 4056 Descen-

1882 4092 1961 4145 dit
2021 4089 2164 4145 Deus
2222 4091 2360 4159 iguis
2429 4091 2609 4159 specie
2669 4093 2720 4144 iu
2784 4100 3018 4144 montem
3078 4092 3279 4158 Sina';
3314 4109 3332 4142 ι
3403 4103 3458 4146 et

1880 4183 2127 4251 quamvis
2163 4182 2378 4236 beatum
2410 4181 2578 4237 David
2620 4181 2808 4236 audias
2833 4182 3016 4237 dicere
3047 4185 3286 4236 omnium
3320 4200 3457 4252 pra:-

1882 4272 2085 4341 poteuti
2122 4271 2230 4325 Deo
2264 4287 2278 4324 :
2314 4290 2330 4321 ι
2362 4272 2590 4324 Emittes
2618 4269 2880 4339 Spiritum
2920 4283 3092 4334 tuum,
3116 4281 3168 4324 et
3194 4273 3458 4325 creabuu-

1886 4372 1991 4426 tur,
2041 4369 2094 4414 et
2133 4360 2418 4414 renovabis
2466 4359 2663 4414 faciem
2709 4361 2938 4414 terra“:
2988 4379 3006 4411 ο
3063 4360 3292 4413 fortasse
3352 4377 3456 4412 non

1885 4452 2096 4514 credes,
2147 4461 2202 4504 et
2251 4451 2527 4504 hominem
2590 4451 2682 4506 Dei
2735 4452 2926 4519 spiritu
2977 4452 3190 4520 plenum
3244 4454 3457 4504 mentiri

200 4539 297 4608 γῆς
320 4555 333 4566 ο
373 4557 391 4588 ι
423 4537 754 4606 ἀποστήσεις
786 4534 912 4606 [Ισ.
945 4535 1306 4606 ἀπιστήσεις]
1334 4536 1474 4606 τάχα
1508 4553 1645 4597 που,
1686 4535 1773 4588 καὶ

1887 4543 2100 4610 putabis
2131 4562 2144 4596 :
2177 4558 2352 4612 neque
2388 4543 2534 4597 enim
2569 4541 2711 4597 Deus
2746 4543 3025 4609 migrando
3058 4551 3321 4603 movetur,
3367 4557 3462 4593 ne-

195 4631 555 4700 ψευδηγορεῖν
595 4630 757 4699 οἰήσῃ
798 4628 888 4680 τὸν
934 4629 1415 4698 πνευματοςόροη
1462 4629 1522 4680 οὐ
1559 4629 1666 4698 γάρ
1700 4645 1781 4680 τοι

198 4725 409 4792 κίνησιν
464 4721 840 4792 μεταϐατικὴν
872 4723 1108 4774 ποιεῖται
1148 4721 1208 4773 τὸ
1235 4720 1390 4772 Θείον
1419 4736 1431 4747 '
1462 4721 1570 4773 οὐδ’
1610 4721 1674 4772 ἂν
1713 4721 1776 4772 ἐκ

198 4816 360 4867 τόπου
397 4817 534 4884 πρὸς
581 4813 742 4866 τόπον
792 4814 1231 4884 μεταχωρήσειεν
1275 4811 1364 4873 ἂν,
1415 4811 1487 4868 ὡς
1514 4811 1613 4864 οὐκ
1666 4810 1780 4863 ἐνὸν

200 4906 345 4976 αὐτῷ
395 4907 458 4958 τὸ
487 4908 544 4958 ὲν
606 4906 773 4959 πᾶσιν
828 4899 968 4956 εἶναι
1023 4905 1119 4957 καὶ
1167 4906 1236 4956 τὰ
1287 4905 1466 4958 πάντα
1517 4902 1779 4974 πληροῦν.

201 4998 388 5052 Ταῦτά
422 5013 527 5049 που
559 4997 654 5048 καὶ
687 4994 814 5067 [τα.
844 4994 1025 5067 κατὰ]
1061 4996 1284 5047 σαυτόν·
1324 4994 1479 5065 λογιῇ
1508 4995 1562 5048 δὲ
1597 4994 1780 5057 πάλιν,

203 5093 291 5144 καὶ
331 5090 443 5142 τῶν
488 5088 709 5159 ἀληθῶν
742 5091 1106 5158 ἀπαναστήσῃ
1137 5088 1442 5158 δογμάτων,
1492 5086 1673 5156 σαυτῴ
1722 5103 1780 5138 τε

205 5186 292 5238 καὶ
337 5182 488 5252 μόνῳ
536 5179 956 5236 κατακολουθεῖν
989 5181 1294 5251 ᾑρημένοςο
1343 5178 1457 5232 ἀλλ’
1491 5174 1636 5248 ἦσθά
1676 5195 1778 5231 που

206 5279 416 5338 πάντως
448 5277 506 5326 ὲν
531 5274 812 5342 ἀμείνοσιν
833 5271 1063 5334 ἐννοίαις
1085 5272 1262 5324 ὲκεῖνο
1287 5269 1464 5324 διενθυ
1474 5269 1573 5339 μού
1583 5285 1744 5339 μενος
1763 5286 1777 5300 ·

204 5368 273 5429 ὡς
301 5367 448 5427 ἄπας
475 5367 607 5434 ἡμῖν
634 5364 662 5415 6
693 5363 823 5434 περὶ
848 5361 985 5415 Θεοῦ
1016 5361 1189 5430 Λόγος
1225 5361 1518 5430 πεποίηται
1549 5361 1647 5430 μὲν
1689 5361 1782 5413 ἀν-

204 5455 518 5525 θρωπίνως·
552 5452 750 5506 νοεῖται
781 5469 845 5520 γε
879 5450 1020 5521 μὴν,
1067 5450 1142 5512 ὡς
1192 5449 1258 5502 ἀν
1305 5449 1452 5520 αὐτῷ
1491 5451 1583 5501 καὶ
1634 5449 1782 5519 μόνῳ

205 5548 434 5617 πρέποι*
481 5546 816 5618 τεθορύϐηκε
863 5544 921 5596 δὲ
963 5544 1026 5596 οὐ
1081 5543 1316 5612 μετρίως
1367 5542 1497 5594 αὐτὸ
1545 5543 1620 5606 τὸ,
1678 5543 1783 5595 ὐπὸ

284 5747 502 5815 'Epltes.
538 5764 607 5810 tv,
638 5748 725 5803 10.
811 5746 831 5776 ³
855 5744 1014 5815 Joan.
1048 5761 1130 5807 ιιι,
1155 5746 1246 5799 5|.
1321 5744 1341 5775 ⁸
1365 5743 1522 5798 Joan.
1563 5761 1671 5815 ctu,
1706 5747 1796 5802 ‘25.

210 5833 316 5883 ιιι,
353 5814 435 5874 l8.
529 5822 549 5852 ‘
575 5821 721 5876 l’sal.
767 5833 893 5878 cm,
929 5814 1018 5868 50.
1120 5819 1139 5846 ο
1164 5815 1344 5875 Galat.
1375 5830 1446 5882 ιν,
1477 5816 1528 5868 4.

470 5919 746 5979 Pnnoc.
795 5913 920 5972 Gn.
955 5910 1192 5974 LXXVI

1885 4649 1991 4703 que
2027 4634 2095 4688 de
2135 4634 2250 4687 loco
2286 4633 2351 4687 ad
2381 4634 2558 4686 locum
2592 4634 2803 4694 transit,
2835 4633 3055 4701 perinde
3089 4647 3152 4686 ac
3189 4633 3232 4685 si
3272 4647 3376 4684 non
3410 4633 3458 4685 ci

1887 4723 2164 4792 proprium
2194 4724 2264 4777 sit
2311 4723 2362 4776 iu
2399 4724 2653 4778 omnibus
2698 4738 2821 4778 esse
2858 4731 2913 4775 et
2945 4726 3122 4776 omnia
3169 4724 3458 4792 complere.

1886 4813 2010 4868 [late
2043 4823 2218 4868 tecum
2251 4816 2363 4884 ipse
2396 4815 2636 4868 vicissim
2689 4813 2975 4882 cogitabis,
3003 4823 3059 4867 et
3105 4829 3133 4865 a
3170 4828 3296 4866 vera
3344 4829 3464 4866 sen-

1887 4906 2051 4960 tentia
2104 4905 2387 4970 discedes,
2437 4905 2530 4959 tibi
2581 4905 2682 4972 ipsi
2733 4915 2787 4958 et
2825 4905 3042 4973 quidem
3088 4904 3189 4958 soli
3238 4906 3461 4974 obsequi

1893 5007 2100 5051 certus.
2149 4996 2256 5050 Sed
2303 4997 2356 5050 in
2411 4995 2624 5049 meliori
2676 5009 2826 5050 esses
2865 4995 3051 5064 utique
3100 4997 3367 5050 sententia
3418 5001 3462 5051 si

1891 5089 2016 5142 illud
2060 5089 2351 5158 cogitares,
2399 5102 2615 5140 omnem
2658 5103 2685 5139 a
2714 5088 2868 5142 nobis
2907 5088 2975 5140 de
3016 5088 3127 5140 Deo
3159 5101 3464 5141 sermonem

1892 5180 2074 5233 haberi
2111 5179 2330 5247 quidem
2381 5179 2618 5231 humano
2665 5194 2835 5242 more,
2883 5180 2964 5233 sic
2998 5189 3173 5232 tamen
3215 5179 3462 5249 intelligi,

1891 5280 1946 5323 ut
1983 5271 2056 5324 illi
2095 5269 2194 5323 soli
2235 5271 2508 5323 convenit.
2551 5268 2654 5323 Sed
2685 5269 2830 5321 illum
2871 5285 2978 5322 non
3027 5269 3216 5324 leviter
3247 5280 3468 5323 contur-

1891 5367 2060 5427 bavit,
2107 5363 2247 5431 quod
2297 5362 2389 5415 Dei
2440 5360 2617 5414 Patris
2672 5360 2902 5414 Verbum
2953 5361 3054 5415 sub
3100 5361 3218 5432 lege
3264 5360 3466 5414 factum

1889 5469 2009 5509 esse
2057 5454 2346 5507 dieitur’:
2387 5453 2565 5506 nullus
2619 5461 2800 5505 tamen
2858 5460 2944 5505 est.
2989 5453 3039 5504 in
3097 5453 3197 5505 bac
3245 5464 3304 5504 re
3353 5464 3468 5502 me-

1895 5546 2077 5601 tuendi
2118 5546 2268 5601 locus
2298 5563 2312 5611 ;
2346 5559 2468 5598 nam
2513 5543 2810 5612 permansit
2844 5543 2988 5611 quod
3023 5552 3161 5607 erat,
3193 5539 3471 5608 legislator

1879 5747 1899 5777 ⁸
1927 5747 2058 5800 ibid.
2169 5746 2210 5775 '°
2238 5742 2375 5798 Psal.
2403 5758 2510 5807 cn,
2540 5743 2631 5798 9.0.
2711 5745 2730 5773 ⁶
2756 5743 2858 5797 lsa.
2894 5757 3050 5807 um,
3086 5741 3139 5794 9.
3253 5740 3267 5764 ’
3299 5738 3467 5792 Exod.

3069 5901 3102 5958 3
