  <div class='ocr_page' id='page_1' title='image "/cluster/home/n/w/nwhite01/storage/ocr_20150623/76/uva.x030486937/047.png"; bbox 0 0 4112 6482; ppageno 0'>
   <div class='ocr_carea' id='block_1_1' title="bbox 687 380 3941 447">
    <p class='ocr_par' dir='ltr' id='par_1_1' title="bbox 687 380 3941 447">
     <span class='ocr_line' id='line_1_1' title="bbox 687 380 3941 447; baseline -0.002 -3"><span class='ocrx_word' id='word_1_1' title='bbox 687 389 758 447; x_wconf 77' lang='lat'><strong>75</strong></span> <span class='ocrx_word' id='word_1_2' title='bbox 1672 386 1732 438; x_wconf 87' lang='lat' dir='ltr'><strong>S.</strong></span> <span class='ocrx_word' id='word_1_3' title='bbox 1772 382 2044 438; x_wconf 76' lang='lat' dir='ltr'><strong>CYRILLI</strong></span> <span class='ocrx_word' id='word_1_4' title='bbox 2086 380 2553 436; x_wconf 72' lang='lat' dir='ltr'><strong>ALEXANDRINI</strong></span> <span class='ocrx_word' id='word_1_5' title='bbox 2597 382 2908 439; x_wconf 77' lang='lat' dir='ltr'><strong>ARCHIEP.</strong></span> <span class='ocrx_word' id='word_1_6' title='bbox 3873 385 3941 437; x_wconf 76' lang='lat'><strong>76</strong></span> 
     </span>
    </p>
   </div>
   <div class='ocr_carea' id='block_1_2' title="bbox 690 499 2261 576">
    <p class='ocr_par' dir='ltr' id='par_1_2' title="bbox 690 499 2256 576">
     <span class='ocr_line' id='line_1_2' title="bbox 690 499 2256 576; baseline -0.003 -18"><span class='ocrx_word' id='word_1_7' title='bbox 690 511 905 576; x_wconf 84' lang='lat' dir='ltr'><strong>inquam</strong></span> <span class='ocrx_word' id='word_1_8' title='bbox 941 514 994 559; x_wconf 91' lang='lat' dir='ltr'><strong>et</strong></span> <span class='ocrx_word' id='word_1_9' title='bbox 1034 502 1198 558; x_wconf 87' lang='lat' dir='ltr'><strong>Deus.</strong></span> <span class='ocrx_word' id='word_1_10' title='bbox 1238 502 1316 556; x_wconf 80' lang='lat' dir='ltr'><strong>Ac</strong></span> <span class='ocrx_word' id='word_1_11' title='bbox 1354 500 1397 555; x_wconf 92' lang='lat' dir='ltr'><strong>si</strong></span> <span class='ocrx_word' id='word_1_12' title='bbox 1444 516 1547 555; x_wconf 90' lang='lat' dir='ltr'><strong>non</strong></span> <span class='ocrx_word' id='word_1_13' title='bbox 1575 499 1747 555; x_wconf 81' lang='lat' dir='ltr'><strong>factus</strong></span> <span class='ocrx_word' id='word_1_14' title='bbox 1773 512 1919 558; x_wconf 82' lang='lat' dir='ltr'><strong>esset</strong></span> <span class='ocrx_word' id='word_1_15' title='bbox 1946 504 2131 565; x_wconf 87' lang='lat' dir='ltr'><strong>homo,</strong></span> <span class='ocrx_word' id='word_1_16' title='bbox 2162 515 2256 554; x_wconf 55' lang='lat' dir='ltr'><strong>ne.</strong></span> 
     </span>
    </p>
   </div>
   <div class='ocr_carea' id='block_1_3' title="bbox 2365 499 3947 576">
    <p class='ocr_par' dir='ltr' id='par_1_3' title="bbox 2365 501 3947 571">
     <span class='ocr_line' id='line_1_3' title="bbox 2365 501 3947 571; baseline 0.001 -19"><span class='ocrx_word' id='word_1_17' title='bbox 2365 501 2526 570; x_wconf 88' lang='grc' dir='ltr'>νόμον</span> <span class='ocrx_word' id='word_1_18' title='bbox 2552 502 2805 570; x_wconf 87' lang='grc' dir='ltr'>λέγεσθαι</span> <span class='ocrx_word' id='word_1_19' title='bbox 2836 504 2927 557; x_wconf 84' lang='grc' dir='ltr'>τὸν</span> <span class='ocrx_word' id='word_1_20' title='bbox 2952 506 3016 557; x_wconf 78' lang='grc' dir='ltr'>ὲκ</span> <span class='ocrx_word' id='word_1_21' title='bbox 3053 502 3189 556; x_wconf 91' lang='grc' dir='ltr'>Θεοῦ</span> <span class='ocrx_word' id='word_1_22' title='bbox 3224 501 3435 571; x_wconf 74' lang='grc' dir='ltr'>Πατρὸς</span> <span class='ocrx_word' id='word_1_23' title='bbox 3464 501 3799 570; x_wconf 82' lang='grc' dir='ltr'>γεγενῆσθαι</span> <span class='ocrx_word' id='word_1_24' title='bbox 3842 502 3947 553; x_wconf 86' lang='grc' dir='ltr'><strong>Λό-</strong></span> 
     </span>
    </p>
   </div>
   <div class='ocr_carea' id='block_1_4' title="bbox 685 591 2257 667">
    <p class='ocr_par' dir='ltr' id='par_1_4' title="bbox 685 591 2257 667">
     <span class='ocr_line' id='line_1_4' title="bbox 685 591 2257 667; baseline -0.005 -17"><span class='ocrx_word' id='word_1_25' title='bbox 685 613 789 667; x_wconf 87' lang='lat' dir='ltr'><strong>que</strong></span> <span class='ocrx_word' id='word_1_26' title='bbox 816 597 983 652; x_wconf 88' lang='lat' dir='ltr'><strong>etiam</strong></span> <span class='ocrx_word' id='word_1_27' title='bbox 1030 596 1131 649; x_wconf 86' lang='lat' dir='ltr'><strong>sub</strong></span> <span class='ocrx_word' id='word_1_28' title='bbox 1165 594 1277 663; x_wconf 92' lang='lat' dir='ltr'><strong>lege</strong></span> <span class='ocrx_word' id='word_1_29' title='bbox 1321 593 1495 648; x_wconf 81' lang='lat' dir='ltr'><strong>factus</strong></span> <span class='ocrx_word' id='word_1_30' title='bbox 1530 591 1736 649; x_wconf 74' lang='lat' dir='ltr'><strong>fuisset.</strong></span> <span class='ocrx_word' id='word_1_31' title='bbox 1768 593 1870 648; x_wconf 91' lang='lat' dir='ltr'><strong>Sed</strong></span> <span class='ocrx_word' id='word_1_32' title='bbox 1906 595 2028 663; x_wconf 89' lang='lat' dir='ltr'><strong>quia</strong></span> <span class='ocrx_word' id='word_1_33' title='bbox 2074 608 2257 646; x_wconf 83' lang='lat' dir='ltr'><strong>verum</strong></span> 
     </span>
    </p>
   </div>
   <div class='ocr_carea' id='block_1_5' title="bbox 685 685 2258 757">
    <p class='ocr_par' dir='ltr' id='par_1_5' title="bbox 685 685 2258 757">
     <span class='ocr_line' id='line_1_5' title="bbox 685 685 2258 757; baseline -0.004 -15"><span class='ocrx_word' id='word_1_34' title='bbox 685 700 768 742; x_wconf 83' lang='lat' dir='ltr'><strong>est</strong></span> <span class='ocrx_word' id='word_1_35' title='bbox 804 688 1040 757; x_wconf 88' lang='lat' dir='ltr'><strong>seipsum</strong></span> <span class='ocrx_word' id='word_1_36' title='bbox 1071 685 1407 749; x_wconf 85' lang='lat' dir='ltr'><strong>humiliasse,</strong></span> <span class='ocrx_word' id='word_1_37' title='bbox 1453 686 1543 751; x_wconf 91' lang='lat' dir='ltr'><strong>qui</strong></span> <span class='ocrx_word' id='word_1_38' title='bbox 1575 700 1640 739; x_wconf 84' lang='lat' dir='ltr'><strong>ex</strong></span> <span class='ocrx_word' id='word_1_39' title='bbox 1686 698 1875 739; x_wconf 90' lang='lat' dir='ltr'><strong>natura</strong></span> <span class='ocrx_word' id='word_1_40' title='bbox 1909 700 2001 739; x_wconf 89' lang='lat' dir='ltr'><strong>sua</strong></span> <span class='ocrx_word' id='word_1_41' title='bbox 2046 698 2258 737; x_wconf 88' lang='lat' dir='ltr'><strong>sursum</strong></span> 
     </span>
    </p>
   </div>
   <div class='ocr_carea' id='block_1_6' title="bbox 686 774 2258 846">
    <p class='ocr_par' dir='ltr' id='par_1_6' title="bbox 686 774 2258 846">
     <span class='ocr_line' id='line_1_6' title="bbox 686 774 2258 846; baseline -0.003 -13"><span class='ocrx_word' id='word_1_42' title='bbox 686 788 801 833; x_wconf 82' lang='lat' dir='ltr'><strong>erat</strong></span> <span class='ocrx_word' id='word_1_43' title='bbox 828 794 891 833; x_wconf 89' lang='lat' dir='ltr'><strong>ac</strong></span> <span class='ocrx_word' id='word_1_44' title='bbox 932 777 1202 838; x_wconf 85' lang='lat' dir='ltr'><strong>sublimis.</strong></span> <span class='ocrx_word' id='word_1_45' title='bbox 1255 786 1309 830; x_wconf 89' lang='lat' dir='ltr'><strong>et</strong></span> <span class='ocrx_word' id='word_1_46' title='bbox 1342 788 1602 845; x_wconf 64' lang='lat' dir='ltr'><strong>praeterea</strong></span> <span class='ocrx_word' id='word_1_47' title='bbox 1642 778 1838 831; x_wconf 79' lang='lat' dir='ltr'><strong>factum</strong></span> <span class='ocrx_word' id='word_1_48' title='bbox 1882 774 2258 846; x_wconf 64' lang='lat' dir='ltr'><strong>esseMno-</strong></span> 
     </span>
    </p>
   </div>
   <div class='ocr_carea' id='block_1_7' title="bbox 688 872 2260 938">
    <p class='ocr_par' dir='ltr' id='par_1_7' title="bbox 688 872 2260 938">
     <span class='ocr_line' id='line_1_7' title="bbox 688 872 2260 938; baseline -0.007 -11"><span class='ocrx_word' id='word_1_49' title='bbox 688 875 785 927; x_wconf 90' lang='lat' dir='ltr'><strong>stri</strong></span> <span class='ocrx_word' id='word_1_50' title='bbox 819 873 1075 936; x_wconf 91' lang='lat' dir='ltr'><strong>similem,</strong></span> <span class='ocrx_word' id='word_1_51' title='bbox 1105 872 1196 938; x_wconf 86' lang='lat' dir='ltr'><strong>qui</strong></span> <span class='ocrx_word' id='word_1_52' title='bbox 1229 886 1391 938; x_wconf 88' lang='lat' dir='ltr'><strong>supra</strong></span> <span class='ocrx_word' id='word_1_53' title='bbox 1431 884 1648 924; x_wconf 77' lang='lat' dir='ltr'><strong>omnem</strong></span> <span class='ocrx_word' id='word_1_54' title='bbox 1682 877 1985 921; x_wconf 75' lang='lat' dir='ltr'><strong>creaturam</strong></span> <span class='ocrx_word' id='word_1_55' title='bbox 2019 875 2156 927; x_wconf 79' lang='lat' dir='ltr'><strong>erat,</strong></span> <span class='ocrx_word' id='word_1_56' title='bbox 2206 874 2260 917; x_wconf 91' lang='lat' dir='ltr'><strong>et</strong></span> 
     </span>
    </p>
   </div>
   <div class='ocr_carea' id='block_1_8' title="bbox 686 956 2259 1030">
    <p class='ocr_par' dir='ltr' id='par_1_8' title="bbox 686 956 2259 1030">
     <span class='ocr_line' id='line_1_8' title="bbox 686 956 2259 1030; baseline -0.006 -12"><span class='ocrx_word' id='word_1_57' title='bbox 686 979 809 1018; x_wconf 90' lang='lat' dir='ltr'><strong>cum</strong></span> <span class='ocrx_word' id='word_1_58' title='bbox 848 964 998 1019; x_wconf 80' lang='lat' dir='ltr'><strong>dives</strong></span> <span class='ocrx_word' id='word_1_59' title='bbox 1019 971 1193 1024; x_wconf 82' lang='lat' dir='ltr'><strong>esset,</strong></span> <span class='ocrx_word' id='word_1_60' title='bbox 1226 974 1520 1030; x_wconf 84' lang='lat' dir='ltr'><strong>pauperem</strong></span> <span class='ocrx_word' id='word_1_61' title='bbox 1566 959 1766 1013; x_wconf 81' lang='lat' dir='ltr'><strong>factum</strong></span> <span class='ocrx_word' id='word_1_62' title='bbox 1788 971 1910 1011; x_wconf 87' lang='lat' dir='ltr'><strong>esse</strong></span> <span class='ocrx_word' id='word_1_63' title='bbox 1942 958 1996 1009; x_wconf 87' lang='lat' dir='ltr'><strong>in</strong></span> <span class='ocrx_word' id='word_1_64' title='bbox 2026 971 2089 1009; x_wconf 92' lang='lat' dir='ltr'><strong>eo</strong></span> <span class='ocrx_word' id='word_1_65' title='bbox 2115 956 2259 1024; x_wconf 88' lang='lat' dir='ltr'><strong>quod</strong></span> 
     </span>
    </p>
   </div>
   <div class='ocr_carea' id='block_1_9' title="bbox 686 1047 2259 1118">
    <p class='ocr_par' dir='ltr' id='par_1_9' title="bbox 686 1047 2259 1118">
     <span class='ocr_line' id='line_1_9' title="bbox 686 1047 2259 1118; baseline -0.006 -10"><span class='ocrx_word' id='word_1_66' title='bbox 686 1067 769 1109; x_wconf 86' lang='lat' dir='ltr'><strong>est</strong></span> <span class='ocrx_word' id='word_1_67' title='bbox 808 1056 983 1109; x_wconf 89' lang='lat' dir='ltr'><strong>l&#39;actus</strong></span> <span class='ocrx_word' id='word_1_68' title='bbox 1014 1053 1208 1107; x_wconf 79' lang='lat' dir='ltr'><strong>similis</strong></span> <span class='ocrx_word' id='word_1_69' title='bbox 1246 1052 1422 1106; x_wconf 83' lang='lat' dir='ltr'><strong>nostri</strong></span> <span class='ocrx_word' id='word_1_70' title='bbox 1450 1051 1516 1114; x_wconf 78' lang='lat'><strong>‘°,</strong></span> <span class='ocrx_word' id='word_1_71' title='bbox 1550 1049 1819 1118; x_wconf 91' lang='lat' dir='ltr'><strong>quomodo</strong></span> <span class='ocrx_word' id='word_1_72' title='bbox 1848 1050 1996 1102; x_wconf 80' lang='lat' dir='ltr'><strong>nefas</strong></span> <span class='ocrx_word' id='word_1_73' title='bbox 2034 1047 2107 1100; x_wconf 91' lang='lat' dir='ltr'><strong>sit</strong></span> <span class='ocrx_word' id='word_1_74' title='bbox 2136 1061 2259 1099; x_wconf 88' lang='lat' dir='ltr'><strong>eum</strong></span> 
     </span>
    </p>
   </div>
   <div class='ocr_carea' id='block_1_10' title="bbox 687 1138 2261 1208">
    <p class='ocr_par' dir='ltr' id='par_1_10' title="bbox 687 1138 2261 1208">
     <span class='ocr_line' id='line_1_10' title="bbox 687 1138 2261 1208; baseline -0.006 -9"><span class='ocrx_word' id='word_1_75' title='bbox 687 1147 869 1201; x_wconf 83' lang='lat' dir='ltr'><strong>dicere</strong></span> <span class='ocrx_word' id='word_1_76' title='bbox 916 1146 1114 1200; x_wconf 81' lang='lat' dir='ltr'><strong>factum</strong></span> <span class='ocrx_word' id='word_1_77' title='bbox 1167 1158 1286 1198; x_wconf 85' lang='lat' dir='ltr'><strong>esse</strong></span> <span class='ocrx_word' id='word_1_78' title='bbox 1346 1142 1626 1197; x_wconf 90' lang='lat' dir='ltr'><strong>nobiscum</strong></span> <span class='ocrx_word' id='word_1_79' title='bbox 1677 1156 1739 1195; x_wconf 85' lang='lat' dir='ltr'><strong>ac</strong></span> <span class='ocrx_word' id='word_1_80' title='bbox 1781 1140 1882 1194; x_wconf 86' lang='lat' dir='ltr'><strong>sub</strong></span> <span class='ocrx_word' id='word_1_81' title='bbox 1933 1138 2089 1208; x_wconf 83' lang='lat' dir='ltr'><strong>lege?</strong></span> <span class='ocrx_word' id='word_1_82' title='bbox 2123 1138 2261 1203; x_wconf 83' lang='lat' dir='ltr'><strong>Quid</strong></span> 
     </span>
    </p>
   </div>
   <div class='ocr_carea' id='block_1_11' title="bbox 688 1235 2262 1292">
    <p class='ocr_par' dir='ltr' id='par_1_11' title="bbox 688 1235 2262 1292">
     <span class='ocr_line' id='line_1_11' title="bbox 688 1235 2262 1292; baseline -0.006 -1"><span class='ocrx_word' id='word_1_83' title='bbox 688 1238 872 1292; x_wconf 76' lang='lat' dir='ltr'><strong>enim?</strong></span> <span class='ocrx_word' id='word_1_84' title='bbox 909 1254 974 1291; x_wconf 87' lang='lat' dir='ltr'><strong>an</strong></span> <span class='ocrx_word' id='word_1_85' title='bbox 1004 1251 1110 1291; x_wconf 92' lang='lat' dir='ltr'><strong>non</strong></span> <span class='ocrx_word' id='word_1_86' title='bbox 1150 1247 1296 1290; x_wconf 83' lang='lat' dir='ltr'><strong>recte</strong></span> <span class='ocrx_word' id='word_1_87' title='bbox 1328 1236 1592 1289; x_wconf 73' lang='lat' dir='ltr'><strong>sentimus</strong></span> <span class='ocrx_word' id='word_1_88' title='bbox 1623 1248 1745 1287; x_wconf 91' lang='lat' dir='ltr'><strong>cum</strong></span> <span class='ocrx_word' id='word_1_89' title='bbox 1779 1235 2023 1285; x_wconf 75' lang='lat' dir='ltr'><strong>humanae</strong></span> <span class='ocrx_word' id='word_1_90' title='bbox 2054 1238 2262 1282; x_wconf 66' lang='lat' dir='ltr'><strong>natura:</strong></span> 
     </span>
    </p>
   </div>
   <div class='ocr_carea' id='block_1_12' title="bbox 692 1322 2261 1399">
    <p class='ocr_par' dir='ltr' id='par_1_12' title="bbox 692 1322 2261 1399">
     <span class='ocr_line' id='line_1_12' title="bbox 692 1322 2261 1399; baseline -0.006 -15"><span class='ocrx_word' id='word_1_91' title='bbox 692 1346 997 1385; x_wconf 91' lang='lat' dir='ltr'><strong>mensuram</strong></span> <span class='ocrx_word' id='word_1_92' title='bbox 1029 1341 1278 1399; x_wconf 82' lang='lat' dir='ltr'><strong>putamus</strong></span> <span class='ocrx_word' id='word_1_93' title='bbox 1309 1344 1375 1383; x_wconf 92' lang='lat' dir='ltr'><strong>eo</strong></span> <span class='ocrx_word' id='word_1_94' title='bbox 1402 1327 1634 1391; x_wconf 85' lang='lat' dir='ltr'><strong>deliniri,</strong></span> <span class='ocrx_word' id='word_1_95' title='bbox 1665 1328 1805 1395; x_wconf 89' lang='lat' dir='ltr'><strong>quod</strong></span> <span class='ocrx_word' id='word_1_96' title='bbox 1839 1326 1909 1379; x_wconf 88' lang='lat' dir='ltr'><strong>sit</strong></span> <span class='ocrx_word' id='word_1_97' title='bbox 1937 1324 2036 1393; x_wconf 90' lang='lat' dir='ltr'><strong>legi</strong></span> <span class='ocrx_word' id='word_1_98' title='bbox 2078 1322 2261 1392; x_wconf 64' lang='lat' dir='ltr'><strong>subje«</strong></span> 
     </span>
    </p>
   </div>
   <div class='ocr_carea' id='block_1_13' title="bbox 688 1414 2259 1486">
    <p class='ocr_par' dir='ltr' id='par_1_13' title="bbox 688 1414 2259 1486">
     <span class='ocr_line' id='line_1_13' title="bbox 688 1414 2259 1486; baseline -0.006 -11"><span class='ocrx_word' id='word_1_99' title='bbox 688 1421 815 1475; x_wconf 87' lang='lat' dir='ltr'><strong>cta?</strong></span> <span class='ocrx_word' id='word_1_100' title='bbox 853 1435 973 1474; x_wconf 90' lang='lat' dir='ltr'><strong>nam</strong></span> <span class='ocrx_word' id='word_1_101' title='bbox 1004 1420 1096 1474; x_wconf 90' lang='lat' dir='ltr'><strong>illa</strong></span> <span class='ocrx_word' id='word_1_102' title='bbox 1127 1419 1303 1472; x_wconf 89' lang='lat' dir='ltr'><strong>soluta</strong></span> <span class='ocrx_word' id='word_1_103' title='bbox 1332 1427 1385 1471; x_wconf 94' lang='lat' dir='ltr'><strong>et</strong></span> <span class='ocrx_word' id='word_1_104' title='bbox 1417 1432 1579 1484; x_wconf 85' lang='lat' dir='ltr'><strong>supra</strong></span> <span class='ocrx_word' id='word_1_105' title='bbox 1613 1416 1781 1486; x_wconf 87' lang='lat' dir='ltr'><strong>legem</strong></span> <span class='ocrx_word' id='word_1_106' title='bbox 1814 1414 2080 1478; x_wconf 86' lang='lat' dir='ltr'><strong>essentia,</strong></span> <span class='ocrx_word' id='word_1_107' title='bbox 2110 1420 2165 1466; x_wconf 89' lang='lat' dir='ltr'><strong>et</strong></span> <span class='ocrx_word' id='word_1_108' title='bbox 2194 1427 2259 1467; x_wconf 88' lang='lat' dir='ltr'><strong>ex</strong></span> 
     </span>
    </p>
   </div>
   <div class='ocr_carea' id='block_1_14' title="bbox 689 1505 2260 1576">
    <p class='ocr_par' dir='ltr' id='par_1_14' title="bbox 689 1505 2260 1576">
     <span class='ocr_line' id='line_1_14' title="bbox 689 1505 2260 1576; baseline -0.004 -11"><span class='ocrx_word' id='word_1_109' title='bbox 689 1523 882 1565; x_wconf 81' lang='lat' dir='ltr'><strong>natura</strong></span> <span class='ocrx_word' id='word_1_110' title='bbox 920 1526 980 1565; x_wconf 88' lang='lat' dir='ltr'><strong>ac</strong></span> <span class='ocrx_word' id='word_1_111' title='bbox 1017 1526 1144 1567; x_wconf 86' lang='lat' dir='ltr'><strong>vere</strong></span> <span class='ocrx_word' id='word_1_112' title='bbox 1194 1511 1386 1573; x_wconf 88' lang='lat' dir='ltr'><strong>libera,</strong></span> <span class='ocrx_word' id='word_1_113' title='bbox 1433 1509 1567 1562; x_wconf 89' lang='lat' dir='ltr'><strong>nihil</strong></span> <span class='ocrx_word' id='word_1_114' title='bbox 1601 1508 1746 1561; x_wconf 87' lang='lat' dir='ltr'><strong>aliud</strong></span> <span class='ocrx_word' id='word_1_115' title='bbox 1790 1520 1910 1561; x_wconf 89' lang='lat' dir='ltr'><strong>esse</strong></span> <span class='ocrx_word' id='word_1_116' title='bbox 1940 1512 2117 1576; x_wconf 77' lang='lat' dir='ltr'><strong>potest</strong></span> <span class='ocrx_word' id='word_1_117' title='bbox 2156 1505 2260 1559; x_wconf 89' lang='lat' dir='ltr'><strong>nisi</strong></span> 
     </span>
    </p>
   </div>
   <div class='ocr_carea' id='block_1_15' title="bbox 691 1600 2264 1672">
    <p class='ocr_par' dir='ltr' id='par_1_15' title="bbox 691 1600 2264 1672">
     <span class='ocr_line' id='line_1_15' title="bbox 691 1600 2264 1672; baseline -0.003 -16"><span class='ocrx_word' id='word_1_118' title='bbox 691 1604 831 1658; x_wconf 89' lang='lat' dir='ltr'><strong>Deus</strong></span> <span class='ocrx_word' id='word_1_119' title='bbox 858 1622 869 1655; x_wconf 89' lang='lat'><strong>:</strong></span> <span class='ocrx_word' id='word_1_120' title='bbox 897 1616 1024 1672; x_wconf 85' lang='lat' dir='ltr'><strong>ergo</strong></span> <span class='ocrx_word' id='word_1_121' title='bbox 1054 1618 1176 1655; x_wconf 85' lang='lat' dir='ltr'><strong>cum</strong></span> <span class='ocrx_word' id='word_1_122' title='bbox 1212 1600 1448 1655; x_wconf 75' lang='lat' dir='ltr'><strong>Verbum</strong></span> <span class='ocrx_word' id='word_1_123' title='bbox 1480 1600 1679 1653; x_wconf 82' lang='lat' dir='ltr'><strong>factum</strong></span> <span class='ocrx_word' id='word_1_124' title='bbox 1707 1608 1787 1653; x_wconf 89' lang='lat' dir='ltr'><strong>est</strong></span> <span class='ocrx_word' id='word_1_125' title='bbox 1810 1612 1959 1661; x_wconf 85' lang='lat' dir='ltr'><strong>caro,</strong></span> <span class='ocrx_word' id='word_1_126' title='bbox 1993 1606 2101 1651; x_wconf 91' lang='lat' dir='ltr'><strong>tum</strong></span> <span class='ocrx_word' id='word_1_127' title='bbox 2127 1611 2264 1666; x_wconf 90' lang='lat' dir='ltr'><strong>quo-</strong></span> 
     </span>
    </p>
   </div>
   <div class='ocr_carea' id='block_1_16' title="bbox 688 1689 2259 1763">
    <p class='ocr_par' dir='ltr' id='par_1_16' title="bbox 688 1689 2259 1763">
     <span class='ocr_line' id='line_1_16' title="bbox 688 1689 2259 1763; baseline -0.003 -17"><span class='ocrx_word' id='word_1_128' title='bbox 688 1710 790 1763; x_wconf 92' lang='lat' dir='ltr'><strong>que</strong></span> <span class='ocrx_word' id='word_1_129' title='bbox 832 1693 933 1748; x_wconf 88' lang='lat' dir='ltr'><strong>sub</strong></span> <span class='ocrx_word' id='word_1_130' title='bbox 973 1694 1087 1763; x_wconf 86' lang='lat' dir='ltr'><strong>lege</strong></span> <span class='ocrx_word' id='word_1_131' title='bbox 1141 1693 1343 1746; x_wconf 79' lang='lat' dir='ltr'><strong>factum</strong></span> <span class='ocrx_word' id='word_1_132' title='bbox 1387 1701 1469 1745; x_wconf 90' lang='lat' dir='ltr'><strong>est</strong></span> <span class='ocrx_word' id='word_1_133' title='bbox 1504 1710 1515 1744; x_wconf 87' lang='lat'><strong>:</strong></span> <span class='ocrx_word' id='word_1_134' title='bbox 1552 1705 1673 1744; x_wconf 91' lang='lat' dir='ltr'><strong>nam</strong></span> <span class='ocrx_word' id='word_1_135' title='bbox 1720 1704 1824 1744; x_wconf 91' lang='lat' dir='ltr'><strong>una</strong></span> <span class='ocrx_word' id='word_1_136' title='bbox 1866 1703 1986 1743; x_wconf 93' lang='lat' dir='ltr'><strong>cum</strong></span> <span class='ocrx_word' id='word_1_137' title='bbox 2048 1689 2132 1743; x_wconf 91' lang='lat' dir='ltr'><strong>his</strong></span> <span class='ocrx_word' id='word_1_138' title='bbox 2172 1689 2259 1757; x_wconf 92' lang='lat' dir='ltr'><strong>qui</strong></span> 
     </span>
    </p>
   </div>
   <div class='ocr_carea' id='block_1_17' title="bbox 690 1779 2263 1853">
    <p class='ocr_par' dir='ltr' id='par_1_17' title="bbox 690 1779 2263 1853">
     <span class='ocr_line' id='line_1_17' title="bbox 690 1779 2263 1853; baseline -0.003 -16"><span class='ocrx_word' id='word_1_139' title='bbox 690 1786 948 1839; x_wconf 89' lang='lat' dir='ltr'><strong>tributum</strong></span> <span class='ocrx_word' id='word_1_140' title='bbox 994 1783 1322 1853; x_wconf 88' lang='lat' dir='ltr'><strong>pendebant,</strong></span> <span class='ocrx_word' id='word_1_141' title='bbox 1369 1781 1685 1836; x_wconf 88' lang='lat' dir='ltr'><strong>didrachma</strong></span> <span class='ocrx_word' id='word_1_142' title='bbox 1718 1781 1897 1850; x_wconf 90' lang='lat' dir='ltr'><strong>posuit</strong></span> <span class='ocrx_word' id='word_1_143' title='bbox 1922 1780 1986 1844; x_wconf 87' lang='lat'><strong>”,</strong></span> <span class='ocrx_word' id='word_1_144' title='bbox 2018 1779 2263 1849; x_wconf 82' lang='lat' dir='ltr'><strong>quamvis</strong></span> 
     </span>
    </p>
   </div>
   <div class='ocr_carea' id='block_1_18' title="bbox 686 1870 2258 1940">
    <p class='ocr_par' dir='ltr' id='par_1_18' title="bbox 686 1870 2258 1940">
     <span class='ocr_line' id='line_1_18' title="bbox 686 1870 2258 1940; baseline -0.003 -12"><span class='ocrx_word' id='word_1_145' title='bbox 686 1891 748 1928; x_wconf 73' lang='lat' dir='ltr'><strong>ex</strong></span> <span class='ocrx_word' id='word_1_146' title='bbox 799 1891 895 1928; x_wconf 90' lang='lat' dir='ltr'><strong>sua</strong></span> <span class='ocrx_word' id='word_1_147' title='bbox 947 1884 1139 1927; x_wconf 84' lang='lat' dir='ltr'><strong>natura</strong></span> <span class='ocrx_word' id='word_1_148' title='bbox 1192 1874 1331 1927; x_wconf 90' lang='lat' dir='ltr'><strong>liber</strong></span> <span class='ocrx_word' id='word_1_149' title='bbox 1372 1884 1536 1935; x_wconf 87' lang='lat' dir='ltr'><strong>esset,</strong></span> <span class='ocrx_word' id='word_1_150' title='bbox 1573 1882 1756 1940; x_wconf 87' lang='lat' dir='ltr'><strong>utpote</strong></span> <span class='ocrx_word' id='word_1_151' title='bbox 1788 1871 1929 1926; x_wconf 90' lang='lat' dir='ltr'><strong>Dens</strong></span> <span class='ocrx_word' id='word_1_152' title='bbox 1956 1886 2019 1925; x_wconf 90' lang='lat' dir='ltr'><strong>ac</strong></span> <span class='ocrx_word' id='word_1_153' title='bbox 2070 1870 2258 1932; x_wconf 87' lang='lat' dir='ltr'><strong>Filius,</strong></span> 
     </span>
    </p>
   </div>
   <div class='ocr_carea' id='block_1_19' title="bbox 687 1960 2260 2033">
    <p class='ocr_par' dir='ltr' id='par_1_19' title="bbox 687 1960 2260 2033">
     <span class='ocr_line' id='line_1_19' title="bbox 687 1960 2260 2033; baseline -0.004 -13"><span class='ocrx_word' id='word_1_154' title='bbox 687 1981 750 2021; x_wconf 85' lang='lat' dir='ltr'><strong>ac</strong></span> <span class='ocrx_word' id='word_1_155' title='bbox 778 1966 941 2019; x_wconf 88' lang='lat' dir='ltr'><strong>etiam</strong></span> <span class='ocrx_word' id='word_1_156' title='bbox 975 1979 1039 2019; x_wconf 90' lang='lat' dir='ltr'><strong>eo</strong></span> <span class='ocrx_word' id='word_1_157' title='bbox 1085 1976 1326 2032; x_wconf 90' lang='lat' dir='ltr'><strong>tempore</strong></span> <span class='ocrx_word' id='word_1_158' title='bbox 1363 1978 1468 2033; x_wconf 91' lang='lat' dir='ltr'><strong>quo</strong></span> <span class='ocrx_word' id='word_1_159' title='bbox 1505 1963 1705 2017; x_wconf 82' lang='lat' dir='ltr'><strong>factum</strong></span> <span class='ocrx_word' id='word_1_160' title='bbox 1738 1970 1820 2016; x_wconf 86' lang='lat' dir='ltr'><strong>est</strong></span> <span class='ocrx_word' id='word_1_161' title='bbox 1853 1976 2002 2015; x_wconf 90' lang='lat' dir='ltr'><strong>caro.</strong></span> <span class='ocrx_word' id='word_1_162' title='bbox 2039 1960 2133 2015; x_wconf 89' lang='lat' dir='ltr'><strong>Sin</strong></span> <span class='ocrx_word' id='word_1_163' title='bbox 2167 1962 2260 2015; x_wconf 91' lang='lat' dir='ltr'><strong>tibi</strong></span> 
     </span>
    </p>
   </div>
   <div class='ocr_carea' id='block_1_20' title="bbox 691 2054 2258 2124">
    <p class='ocr_par' dir='ltr' id='par_1_20' title="bbox 691 2054 2258 2124">
     <span class='ocr_line' id='line_1_20' title="bbox 691 2054 2258 2124; baseline -0.003 -16"><span class='ocrx_word' id='word_1_164' title='bbox 691 2059 867 2124; x_wconf 74' lang='lat' dir='ltr'><strong>placet</strong></span> <span class='ocrx_word' id='word_1_165' title='bbox 907 2072 1071 2110; x_wconf 87' lang='lat' dir='ltr'><strong>unum</strong></span> <span class='ocrx_word' id='word_1_166' title='bbox 1117 2058 1169 2109; x_wconf 91' lang='lat' dir='ltr'><strong>in</strong></span> <span class='ocrx_word' id='word_1_167' title='bbox 1226 2057 1332 2109; x_wconf 89' lang='lat' dir='ltr'><strong>duo</strong></span> <span class='ocrx_word' id='word_1_168' title='bbox 1368 2054 1631 2120; x_wconf 81' lang='lat' dir='ltr'><strong>dividere,</strong></span> <span class='ocrx_word' id='word_1_169' title='bbox 1674 2063 1732 2108; x_wconf 89' lang='lat' dir='ltr'><strong>et</strong></span> <span class='ocrx_word' id='word_1_170' title='bbox 1774 2069 1897 2107; x_wconf 90' lang='lat' dir='ltr'><strong>eum</strong></span> <span class='ocrx_word' id='word_1_171' title='bbox 1946 2054 2035 2121; x_wconf 92' lang='lat' dir='ltr'><strong>qui</strong></span> <span class='ocrx_word' id='word_1_172' title='bbox 2070 2061 2154 2106; x_wconf 88' lang='lat' dir='ltr'><strong>est</strong></span> <span class='ocrx_word' id='word_1_173' title='bbox 2195 2067 2258 2105; x_wconf 87' lang='lat' dir='ltr'><strong>ex</strong></span> 
     </span>
    </p>
   </div>
   <div class='ocr_carea' id='block_1_21' title="bbox 691 2146 2264 2214">
    <p class='ocr_par' dir='ltr' id='par_1_21' title="bbox 691 2146 2264 2214">
     <span class='ocr_line' id='line_1_21' title="bbox 691 2146 2264 2214; baseline -0.002 -14"><span class='ocrx_word' id='word_1_174' title='bbox 691 2149 935 2212; x_wconf 84' lang='lat' dir='ltr'><strong>muliere,</strong></span> <span class='ocrx_word' id='word_1_175' title='bbox 965 2147 1190 2200; x_wconf 88' lang='lat' dir='ltr'><strong>seorsim</strong></span> <span class='ocrx_word' id='word_1_176' title='bbox 1222 2147 1498 2200; x_wconf 82' lang='lat' dir='ltr'><strong>hominem</strong></span> <span class='ocrx_word' id='word_1_177' title='bbox 1540 2146 1913 2213; x_wconf 86' lang='lat' dir='ltr'><strong>pronuntiare,</strong></span> <span class='ocrx_word' id='word_1_178' title='bbox 1953 2160 2185 2214; x_wconf 89' lang='lat' dir='ltr'><strong>quonam</strong></span> <span class='ocrx_word' id='word_1_179' title='bbox 2222 2146 2264 2198; x_wconf 89' lang='lat' dir='ltr'><strong>is</strong></span> 
     </span>
    </p>
   </div>
   <div class='ocr_carea' id='block_1_22' title="bbox 695 2237 2263 2306">
    <p class='ocr_par' dir='ltr' id='par_1_22' title="bbox 695 2237 2263 2306">
     <span class='ocr_line' id='line_1_22' title="bbox 695 2237 2263 2306; baseline 0.001 -16"><span class='ocrx_word' id='word_1_180' title='bbox 695 2240 850 2294; x_wconf 90' lang='lat' dir='ltr'><strong>modo</strong></span> <span class='ocrx_word' id='word_1_181' title='bbox 897 2240 998 2292; x_wconf 87' lang='lat' dir='ltr'><strong>sub</strong></span> <span class='ocrx_word' id='word_1_182' title='bbox 1042 2239 1156 2306; x_wconf 80' lang='lat' dir='ltr'><strong>lege</strong></span> <span class='ocrx_word' id='word_1_183' title='bbox 1206 2237 1378 2289; x_wconf 80' lang='lat' dir='ltr'><strong>factus</strong></span> <span class='ocrx_word' id='word_1_184' title='bbox 1409 2237 1621 2289; x_wconf 82' lang='lat' dir='ltr'><strong>dicetur</strong></span> <span class='ocrx_word' id='word_1_185' title='bbox 1667 2238 1758 2305; x_wconf 94' lang='lat' dir='ltr'><strong>qui</strong></span> <span class='ocrx_word' id='word_1_186' title='bbox 1811 2246 2015 2291; x_wconf 67' lang='lat' dir='ltr'><strong>natura:</strong></span> <span class='ocrx_word' id='word_1_187' title='bbox 2060 2238 2131 2291; x_wconf 88' lang='lat' dir='ltr'><strong>sit</strong></span> <span class='ocrx_word' id='word_1_188' title='bbox 2164 2238 2263 2292; x_wconf 91' lang='lat' dir='ltr'><strong>sub</strong></span> 
     </span>
    </p>
   </div>
   <div class='ocr_carea' id='block_1_23' title="bbox 691 2327 2262 2401">
    <p class='ocr_par' dir='ltr' id='par_1_23' title="bbox 691 2327 2262 2401">
     <span class='ocr_line' id='line_1_23' title="bbox 691 2327 2262 2401; baseline -0.003 -17"><span class='ocrx_word' id='word_1_189' title='bbox 691 2334 807 2401; x_wconf 90' lang='lat' dir='ltr'><strong>lege</strong></span> <span class='ocrx_word' id='word_1_190' title='bbox 832 2329 1057 2397; x_wconf 75' lang='grc' dir='ltr'><strong>ι)οείιωῖ</strong></span> <span class='ocrx_word' id='word_1_191' title='bbox 1094 2328 1205 2381; x_wconf 76' lang='lat' dir='ltr'><strong>Non</strong></span> <span class='ocrx_word' id='word_1_192' title='bbox 1234 2328 1378 2381; x_wconf 92' lang='lat' dir='ltr'><strong>enim</strong></span> <span class='ocrx_word' id='word_1_193' title='bbox 1414 2329 1556 2395; x_wconf 90' lang='lat' dir='ltr'><strong>quod</strong></span> <span class='ocrx_word' id='word_1_194' title='bbox 1586 2327 1697 2395; x_wconf 83' lang='lat' dir='ltr'><strong>jam</strong></span> <span class='ocrx_word' id='word_1_195' title='bbox 1725 2336 1809 2381; x_wconf 91' lang='lat' dir='ltr'><strong>est</strong></span> <span class='ocrx_word' id='word_1_196' title='bbox 1838 2327 1937 2396; x_wconf 88' lang='lat' dir='ltr'><strong>legi</strong></span> <span class='ocrx_word' id='word_1_197' title='bbox 1967 2327 2262 2389; x_wconf 86' lang='lat' dir='ltr'><strong>subditum,</strong></span> 
     </span>
    </p>
   </div>
   <div class='ocr_carea' id='block_1_24' title="bbox 692 2417 2265 2485">
    <p class='ocr_par' dir='ltr' id='par_1_24' title="bbox 692 2417 2265 2485">
     <span class='ocr_line' id='line_1_24' title="bbox 692 2417 2265 2485; baseline 0 -13"><span class='ocrx_word' id='word_1_198' title='bbox 692 2420 744 2473; x_wconf 90' lang='lat' dir='ltr'><strong>id</strong></span> <span class='ocrx_word' id='word_1_199' title='bbox 787 2418 900 2471; x_wconf 83' lang='lat' dir='ltr'><strong>ﬁeri</strong></span> <span class='ocrx_word' id='word_1_200' title='bbox 934 2418 1034 2471; x_wconf 87' lang='lat' dir='ltr'><strong>sub</strong></span> <span class='ocrx_word' id='word_1_201' title='bbox 1061 2418 1174 2485; x_wconf 86' lang='lat' dir='ltr'><strong>lege</strong></span> <span class='ocrx_word' id='word_1_202' title='bbox 1207 2426 1408 2484; x_wconf 85' lang='lat' dir='ltr'><strong>potest,</strong></span> <span class='ocrx_word' id='word_1_203' title='bbox 1438 2418 1531 2469; x_wconf 90' lang='lat' dir='ltr'><strong>sed</strong></span> <span class='ocrx_word' id='word_1_204' title='bbox 1570 2418 1619 2468; x_wconf 93' lang='lat' dir='ltr'><strong>id</strong></span> <span class='ocrx_word' id='word_1_205' title='bbox 1644 2417 1784 2484; x_wconf 88' lang='lat' dir='ltr'><strong>quod</strong></span> <span class='ocrx_word' id='word_1_206' title='bbox 1826 2428 2075 2471; x_wconf 86' lang='lat' dir='ltr'><strong>naturam</strong></span> <span class='ocrx_word' id='word_1_207' title='bbox 2103 2418 2265 2472; x_wconf 86' lang='lat' dir='ltr'><strong>habet</strong></span> 
     </span>
    </p>
   </div>
   <div class='ocr_carea' id='block_1_25' title="bbox 692 2507 2264 2577">
    <p class='ocr_par' dir='ltr' id='par_1_25' title="bbox 692 2507 2264 2577">
     <span class='ocr_line' id='line_1_25' title="bbox 692 2507 2264 2577; baseline 0.002 -17"><span class='ocrx_word' id='word_1_208' title='bbox 692 2509 807 2577; x_wconf 85' lang='lat' dir='ltr'><strong>lege</strong></span> <span class='ocrx_word' id='word_1_209' title='bbox 844 2510 1200 2577; x_wconf 88' lang='lat' dir='ltr'><strong>superiorem,</strong></span> <span class='ocrx_word' id='word_1_210' title='bbox 1245 2520 1300 2560; x_wconf 89' lang='lat' dir='ltr'><strong>et</strong></span> <span class='ocrx_word' id='word_1_211' title='bbox 1335 2518 1484 2561; x_wconf 81' lang='lat' dir='ltr'><strong>extra</strong></span> <span class='ocrx_word' id='word_1_212' title='bbox 1521 2507 1714 2575; x_wconf 88' lang='lat' dir='ltr'><strong>legem.</strong></span> <span class='ocrx_word' id='word_1_213' title='bbox 1748 2507 1873 2561; x_wconf 90' lang='lat' dir='ltr'><strong>Sola</strong></span> <span class='ocrx_word' id='word_1_214' title='bbox 1908 2518 1990 2563; x_wconf 88' lang='lat' dir='ltr'><strong>est</strong></span> <span class='ocrx_word' id='word_1_215' title='bbox 2010 2509 2175 2574; x_wconf 91' lang='lat' dir='ltr'><strong>enim,</strong></span> <span class='ocrx_word' id='word_1_216' title='bbox 2210 2519 2264 2563; x_wconf 90' lang='lat' dir='ltr'><strong>ut</strong></span> 
     </span>
    </p>
   </div>
   <div class='ocr_carea' id='block_1_26' title="bbox 692 2600 2262 2669">
    <p class='ocr_par' dir='ltr' id='par_1_26' title="bbox 692 2600 2262 2669">
     <span class='ocr_line' id='line_1_26' title="bbox 692 2600 2262 2669; baseline -0.003 -13"><span class='ocrx_word' id='word_1_217' title='bbox 692 2600 824 2667; x_wconf 85' lang='lat' dir='ltr'><strong>dixi,</strong></span> <span class='ocrx_word' id='word_1_218' title='bbox 868 2600 953 2653; x_wconf 93' lang='lat' dir='ltr'><strong>illa</strong></span> <span class='ocrx_word' id='word_1_219' title='bbox 983 2600 1162 2653; x_wconf 87' lang='lat' dir='ltr'><strong>divina</strong></span> <span class='ocrx_word' id='word_1_220' title='bbox 1202 2613 1562 2667; x_wconf 89' lang='lat' dir='ltr'><strong>supremaque</strong></span> <span class='ocrx_word' id='word_1_221' title='bbox 1594 2608 1783 2652; x_wconf 87' lang='lat' dir='ltr'><strong>natura</strong></span> <span class='ocrx_word' id='word_1_222' title='bbox 1812 2608 1864 2653; x_wconf 92' lang='lat' dir='ltr'><strong>et</strong></span> <span class='ocrx_word' id='word_1_223' title='bbox 1900 2600 2039 2653; x_wconf 88' lang='lat' dir='ltr'><strong>ultra</strong></span> <span class='ocrx_word' id='word_1_224' title='bbox 2070 2600 2262 2669; x_wconf 82' lang='lat' dir='ltr'><strong>legem,</strong></span> 
     </span>
    </p>
   </div>
   <div class='ocr_carea' id='block_1_27' title="bbox 686 2688 2266 2759">
    <p class='ocr_par' dir='ltr' id='par_1_27' title="bbox 686 2688 2266 2759">
     <span class='ocr_line' id='line_1_27' title="bbox 686 2688 2266 2759; baseline -0.002 -13"><span class='ocrx_word' id='word_1_225' title='bbox 686 2700 745 2746; x_wconf 86' lang='lat' dir='ltr'><strong>et</strong></span> <span class='ocrx_word' id='word_1_226' title='bbox 782 2697 1039 2759; x_wconf 68' lang='lat' dir='ltr'><strong>praeterea</strong></span> <span class='ocrx_word' id='word_1_227' title='bbox 1082 2688 1272 2752; x_wconf 89' lang='lat' dir='ltr'><strong>libera,</strong></span> <span class='ocrx_word' id='word_1_228' title='bbox 1306 2696 1362 2742; x_wconf 92' lang='lat' dir='ltr'><strong>et</strong></span> <span class='ocrx_word' id='word_1_229' title='bbox 1403 2702 1522 2755; x_wconf 65' lang='lat' dir='ltr'><strong>qua:</strong></span> <span class='ocrx_word' id='word_1_230' title='bbox 1571 2688 1674 2742; x_wconf 90' lang='lat' dir='ltr'><strong>sibi</strong></span> <span class='ocrx_word' id='word_1_231' title='bbox 1714 2689 2027 2759; x_wconf 79' lang='lat' dir='ltr'><strong>przefectum</strong></span> <span class='ocrx_word' id='word_1_232' title='bbox 2074 2690 2266 2744; x_wconf 87' lang='lat' dir='ltr'><strong>habeat</strong></span> 
     </span>
    </p>
   </div>
   <div class='ocr_carea' id='block_1_28' title="bbox 692 2778 2264 2850">
    <p class='ocr_par' dir='ltr' id='par_1_28' title="bbox 692 2778 2264 2850">
     <span class='ocr_line' id='line_1_28' title="bbox 692 2778 2264 2850; baseline -0.001 -17"><span class='ocrx_word' id='word_1_233' title='bbox 692 2795 916 2850; x_wconf 77' lang='lat' dir='ltr'><strong>prorsus</strong></span> <span class='ocrx_word' id='word_1_234' title='bbox 950 2780 1246 2844; x_wconf 82' lang='lat' dir='ltr'><strong>neminem,</strong></span> <span class='ocrx_word' id='word_1_235' title='bbox 1281 2779 1373 2831; x_wconf 90' lang='lat' dir='ltr'><strong>sed</strong></span> <span class='ocrx_word' id='word_1_236' title='bbox 1422 2778 1536 2847; x_wconf 88' lang='lat' dir='ltr'><strong>ipsa</strong></span> <span class='ocrx_word' id='word_1_237' title='bbox 1572 2778 1643 2832; x_wconf 89' lang='lat' dir='ltr'><strong>sit</strong></span> <span class='ocrx_word' id='word_1_238' title='bbox 1681 2780 1862 2848; x_wconf 91' lang='lat' dir='ltr'><strong>potius</strong></span> <span class='ocrx_word' id='word_1_239' title='bbox 1894 2780 2264 2834; x_wconf 87' lang='lat' dir='ltr'><strong>universorum</strong></span> 
     </span>
    </p>
   </div>
   <div class='ocr_carea' id='block_1_29' title="bbox 692 2868 2265 2937">
    <p class='ocr_par' dir='ltr' id='par_1_29' title="bbox 692 2868 2265 2937">
     <span class='ocr_line' id='line_1_29' title="bbox 692 2868 2265 2937; baseline -0.001 -14"><span class='ocrx_word' id='word_1_240' title='bbox 692 2871 931 2934; x_wconf 85' lang='lat' dir='ltr'><strong>domina,</strong></span> <span class='ocrx_word' id='word_1_241' title='bbox 981 2880 1035 2924; x_wconf 90' lang='lat' dir='ltr'><strong>et</strong></span> <span class='ocrx_word' id='word_1_242' title='bbox 1080 2869 1330 2922; x_wconf 89' lang='lat' dir='ltr'><strong>oumibus</strong></span> <span class='ocrx_word' id='word_1_243' title='bbox 1388 2870 1549 2922; x_wconf 84' lang='lat' dir='ltr'><strong>rebus</strong></span> <span class='ocrx_word' id='word_1_244' title='bbox 1597 2884 1707 2923; x_wconf 69' lang='lat' dir='ltr'><strong>sua:</strong></span> <span class='ocrx_word' id='word_1_245' title='bbox 1758 2870 2144 2924; x_wconf 89' lang='lat' dir='ltr'><strong>dominationis</strong></span> <span class='ocrx_word' id='word_1_246' title='bbox 2180 2868 2265 2937; x_wconf 88' lang='lat' dir='ltr'><strong>ju-</strong></span> 
     </span>
    </p>
   </div>
   <div class='ocr_carea' id='block_1_30' title="bbox 693 2960 2263 3034">
    <p class='ocr_par' dir='ltr' id='par_1_30' title="bbox 693 2960 2263 3034">
     <span class='ocr_line' id='line_1_30' title="bbox 693 2960 2263 3034; baseline -0.006 -13"><span class='ocrx_word' id='word_1_247' title='bbox 693 2983 817 3034; x_wconf 81' lang='lat' dir='ltr'><strong>gum</strong></span> <span class='ocrx_word' id='word_1_248' title='bbox 852 2968 1111 3034; x_wconf 84' lang='lat' dir='ltr'><strong>imponat.</strong></span> <span class='ocrx_word' id='word_1_249' title='bbox 1146 2964 1248 3019; x_wconf 89' lang='lat' dir='ltr'><strong>Sed</strong></span> <span class='ocrx_word' id='word_1_250' title='bbox 1283 2965 1385 3019; x_wconf 87' lang='lat' dir='ltr'><strong>iste</strong></span> <span class='ocrx_word' id='word_1_251' title='bbox 1416 2965 1496 3017; x_wconf 91' lang='lat' dir='ltr'><strong>vir</strong></span> <span class='ocrx_word' id='word_1_252' title='bbox 1524 2979 1551 3016; x_wconf 93' lang='lat' dir='ltr'><strong>a</strong></span> <span class='ocrx_word' id='word_1_253' title='bbox 1592 2972 1740 3017; x_wconf 84' lang='lat' dir='ltr'><strong>recta</strong></span> <span class='ocrx_word' id='word_1_254' title='bbox 1792 2962 2146 3015; x_wconf 69' lang='lat' dir='ltr'><strong>ratiocinandi</strong></span> <span class='ocrx_word' id='word_1_255' title='bbox 2178 2960 2263 3013; x_wconf 90' lang='lat' dir='ltr'><strong>via</strong></span> 
     </span>
    </p>
   </div>
   <div class='ocr_carea' id='block_1_31' title="bbox 693 3053 2263 3125">
    <p class='ocr_par' dir='ltr' id='par_1_31' title="bbox 693 3053 2263 3125">
     <span class='ocr_line' id='line_1_31' title="bbox 693 3053 2263 3125; baseline -0.006 -11"><span class='ocrx_word' id='word_1_256' title='bbox 693 3075 817 3114; x_wconf 91' lang='lat' dir='ltr'><strong>cum</strong></span> <span class='ocrx_word' id='word_1_257' title='bbox 864 3058 1152 3121; x_wconf 89' lang='lat' dir='ltr'><strong>aberrarit,</strong></span> <span class='ocrx_word' id='word_1_258' title='bbox 1186 3058 1238 3111; x_wconf 92' lang='lat' dir='ltr'><strong>in</strong></span> <span class='ocrx_word' id='word_1_259' title='bbox 1285 3073 1405 3112; x_wconf 88' lang='lat' dir='ltr'><strong>eam</strong></span> <span class='ocrx_word' id='word_1_260' title='bbox 1452 3068 1535 3111; x_wconf 90' lang='lat' dir='ltr'><strong>est</strong></span> <span class='ocrx_word' id='word_1_261' title='bbox 1583 3057 1831 3125; x_wconf 87' lang='lat' dir='ltr'><strong>delapsus</strong></span> <span class='ocrx_word' id='word_1_262' title='bbox 1878 3053 2263 3123; x_wconf 82' lang='lat' dir='ltr'><strong>cogitationum</strong></span> 
     </span>
    </p>
   </div>
   <div class='ocr_carea' id='block_1_32' title="bbox 2361 591 3948 665">
    <p class='ocr_par' dir='ltr' id='par_1_32' title="bbox 2361 591 3948 665">
     <span class='ocr_line' id='line_1_32' title="bbox 2361 591 3948 665; baseline -0.003 -18"><span class='ocrx_word' id='word_1_263' title='bbox 2361 611 2476 661; x_wconf 90' lang='grc' dir='ltr'>γον.</span> <span class='ocrx_word' id='word_1_264' title='bbox 2522 595 2660 647; x_wconf 81' lang='grc' dir='ltr'><strong>Ἀλλ’</strong></span> <span class='ocrx_word' id='word_1_265' title='bbox 2700 595 2853 649; x_wconf 77' lang='grc' dir='ltr'>οὐδὲν</span> <span class='ocrx_word' id='word_1_266' title='bbox 2899 598 2955 649; x_wconf 82' lang='grc' dir='ltr'>ὲν</span> <span class='ocrx_word' id='word_1_267' title='bbox 2988 596 3160 665; x_wconf 74' lang='grc' dir='ltr'>τούτῳ</span> <span class='ocrx_word' id='word_1_268' title='bbox 3191 594 3252 646; x_wconf 84' lang='grc' dir='ltr'>τὸ</span> <span class='ocrx_word' id='word_1_269' title='bbox 3298 593 3488 663; x_wconf 84' lang='grc' dir='ltr'>δεῖμα·</span> <span class='ocrx_word' id='word_1_270' title='bbox 3525 592 3803 661; x_wconf 83' lang='grc' dir='ltr'>μεμένηκε</span> <span class='ocrx_word' id='word_1_271' title='bbox 3832 591 3948 661; x_wconf 75' lang='grc' dir='ltr'><strong>γὰρ</strong></span> 
     </span>
    </p>
   </div>
   <div class='ocr_carea' id='block_1_33' title="bbox 2360 682 3949 758">
    <p class='ocr_par' dir='ltr' id='par_1_33' title="bbox 2360 682 3949 758">
     <span class='ocr_line' id='line_1_33' title="bbox 2360 682 3949 758; baseline -0.002 -21"><span class='ocrx_word' id='word_1_272' title='bbox 2360 686 2388 737; x_wconf 85' lang='grc' dir='ltr'><strong>ὃ</strong></span> <span class='ocrx_word' id='word_1_273' title='bbox 2434 682 2501 757; x_wconf 77' lang='grc' dir='ltr'>ἦν</span> <span class='ocrx_word' id='word_1_274' title='bbox 2523 704 2535 716; x_wconf 77' lang='grc' dir='ltr'><strong>ο</strong></span> <span class='ocrx_word' id='word_1_275' title='bbox 2586 687 2880 758; x_wconf 83' lang='grc' dir='ltr'><strong>νομοθέτης</strong></span> <span class='ocrx_word' id='word_1_276' title='bbox 2908 687 3147 758; x_wconf 78' lang='grc' dir='ltr'>δηλονότι</span> <span class='ocrx_word' id='word_1_277' title='bbox 3182 685 3278 739; x_wconf 83' lang='grc' dir='ltr'>καὶ</span> <span class='ocrx_word' id='word_1_278' title='bbox 3322 684 3473 748; x_wconf 80' lang='grc' dir='ltr'>Θεός.</span> <span class='ocrx_word' id='word_1_279' title='bbox 3507 684 3619 737; x_wconf 83' lang='grc' dir='ltr'><strong>Καὶ</strong></span> <span class='ocrx_word' id='word_1_280' title='bbox 3653 685 3701 735; x_wconf 86' lang='grc' dir='ltr'><strong>εί</strong></span> <span class='ocrx_word' id='word_1_281' title='bbox 3742 684 3842 752; x_wconf 76' lang='grc' dir='ltr'>μὲν</span> <span class='ocrx_word' id='word_1_282' title='bbox 3880 682 3949 735; x_wconf 84' lang='grc' dir='ltr'>οὐ</span> 
     </span>
    </p>
   </div>
   <div class='ocr_carea' id='block_1_34' title="bbox 2360 773 3951 849">
    <p class='ocr_par' dir='ltr' id='par_1_34' title="bbox 2360 773 3951 849">
     <span class='ocr_line' id='line_1_34' title="bbox 2360 773 3951 849; baseline -0.001 -21"><span class='ocrx_word' id='word_1_283' title='bbox 2360 778 2587 845; x_wconf 85' lang='grc' dir='ltr'>γέγονεν</span> <span class='ocrx_word' id='word_1_284' title='bbox 2615 778 2920 849; x_wconf 78' lang='grc' dir='ltr'>ἄνθρωπος.</span> <span class='ocrx_word' id='word_1_285' title='bbox 2954 780 3013 831; x_wconf 84' lang='grc' dir='ltr'>οὑ</span> <span class='ocrx_word' id='word_1_286' title='bbox 3042 778 3265 848; x_wconf 77' lang='grc' dir='ltr'>γέγονεν</span> <span class='ocrx_word' id='word_1_287' title='bbox 3293 777 3398 831; x_wconf 76' lang='grc' dir='ltr'><strong>ὑπὸ</strong></span> <span class='ocrx_word' id='word_1_288' title='bbox 3430 777 3614 845; x_wconf 83' lang='grc' dir='ltr'>νόμον.</span> <span class='ocrx_word' id='word_1_289' title='bbox 3634 775 3859 845; x_wconf 81' lang='grc' dir='ltr'>Ἐπειδὴ</span> <span class='ocrx_word' id='word_1_290' title='bbox 3888 773 3951 826; x_wconf 67' lang='grc' dir='ltr'>δέ</span> 
     </span>
    </p>
   </div>
   <div class='ocr_carea' id='block_1_35' title="bbox 2362 866 3954 942">
    <p class='ocr_par' dir='ltr' id='par_1_35' title="bbox 2362 866 3954 942">
     <span class='ocr_line' id='line_1_35' title="bbox 2362 866 3954 942; baseline -0.004 -19"><span class='ocrx_word' id='word_1_291' title='bbox 2362 873 2509 923; x_wconf 74' lang='grc' dir='ltr'>ἐστιν</span> <span class='ocrx_word' id='word_1_292' title='bbox 2544 869 2762 942; x_wconf 80' lang='grc' dir='ltr'>ἀληθὲς,</span> <span class='ocrx_word' id='word_1_293' title='bbox 2786 870 2868 923; x_wconf 85' lang='grc' dir='ltr'>ὃτι</span> <span class='ocrx_word' id='word_1_294' title='bbox 2897 870 3293 923; x_wconf 73' lang='grc' dir='ltr'>τεταπείνωκεν</span> <span class='ocrx_word' id='word_1_295' title='bbox 3324 868 3515 922; x_wconf 74' lang='grc' dir='ltr'>ἑαυτὸν</span> <span class='ocrx_word' id='word_1_296' title='bbox 3541 869 3569 920; x_wconf 81' lang='grc' dir='ltr'><strong>ὁ</strong></span> <span class='ocrx_word' id='word_1_297' title='bbox 3613 866 3757 919; x_wconf 80' lang='grc' dir='ltr'>κατὰ</span> <span class='ocrx_word' id='word_1_298' title='bbox 3780 866 3954 934; x_wconf 78' lang='grc' dir='ltr'>φύσιν</span> 
     </span>
    </p>
   </div>
   <div class='ocr_carea' id='block_1_36' title="bbox 2366 957 3950 1033">
    <p class='ocr_par' dir='ltr' id='par_1_36' title="bbox 2366 957 3950 1033">
     <span class='ocr_line' id='line_1_36' title="bbox 2366 957 3950 1033; baseline -0.002 -19"><span class='ocrx_word' id='word_1_299' title='bbox 2366 962 2506 1015; x_wconf 83' lang='grc' dir='ltr'>ίδίαν</span> <span class='ocrx_word' id='word_1_300' title='bbox 2541 962 2653 1015; x_wconf 76' lang='grc' dir='ltr'><strong>ἄνω</strong></span> <span class='ocrx_word' id='word_1_301' title='bbox 2688 980 2792 1015; x_wconf 91' lang='grc' dir='ltr'><strong>που</strong></span> <span class='ocrx_word' id='word_1_302' title='bbox 2823 962 2918 1015; x_wconf 82' lang='grc' dir='ltr'>καὶ</span> <span class='ocrx_word' id='word_1_303' title='bbox 2944 962 3145 1033; x_wconf 75' lang='grc' dir='ltr'>ὑψηλός</span> <span class='ocrx_word' id='word_1_304' title='bbox 3166 979 3179 992; x_wconf 88' lang='grc'><strong>·</strong></span> <span class='ocrx_word' id='word_1_305' title='bbox 3228 957 3348 1014; x_wconf 75' lang='grc' dir='ltr'>εἷτα</span> <span class='ocrx_word' id='word_1_306' title='bbox 3376 961 3568 1030; x_wconf 85' lang='grc' dir='ltr'>γέγονε</span> <span class='ocrx_word' id='word_1_307' title='bbox 3601 958 3722 1013; x_wconf 83' lang='grc' dir='ltr'>καθ’</span> <span class='ocrx_word' id='word_1_308' title='bbox 3756 960 3911 1028; x_wconf 75' lang='grc' dir='ltr'>ἡμᾶς</span> <span class='ocrx_word' id='word_1_309' title='bbox 3933 995 3950 1020; x_wconf 83' lang='grc'><strong>,</strong></span> 
     </span>
    </p>
   </div>
   <div class='ocr_carea' id='block_1_37' title="bbox 2360 1053 3957 1128">
    <p class='ocr_par' dir='ltr' id='par_1_37' title="bbox 2360 1053 3957 1128">
     <span class='ocr_line' id='line_1_37' title="bbox 2360 1053 3957 1128; baseline -0.003 -19"><span class='ocrx_word' id='word_1_310' title='bbox 2360 1058 2390 1108; x_wconf 89' lang='grc' dir='ltr'><strong>ὁ</strong></span> <span class='ocrx_word' id='word_1_311' title='bbox 2421 1056 2561 1128; x_wconf 81' lang='grc' dir='ltr'>ὑπὲρ</span> <span class='ocrx_word' id='word_1_312' title='bbox 2595 1058 2778 1111; x_wconf 81' lang='grc' dir='ltr'>πᾶσαν</span> <span class='ocrx_word' id='word_1_313' title='bbox 2821 1056 2921 1127; x_wconf 81' lang='grc' dir='ltr'>τὴν</span> <span class='ocrx_word' id='word_1_314' title='bbox 2963 1057 3170 1111; x_wconf 81' lang='grc' dir='ltr'><strong>κτίσιν·</strong></span> <span class='ocrx_word' id='word_1_315' title='bbox 3206 1058 3302 1110; x_wconf 75' lang='grc' dir='ltr'>καὶ</span> <span class='ocrx_word' id='word_1_316' title='bbox 3332 1055 3589 1117; x_wconf 81' lang='grc' dir='ltr'>πλούσιος</span> <span class='ocrx_word' id='word_1_317' title='bbox 3619 1053 3715 1119; x_wconf 84' lang='grc' dir='ltr'>ὣν,</span> <span class='ocrx_word' id='word_1_318' title='bbox 3766 1053 3957 1106; x_wconf 70' lang='grc' dir='ltr'>ἐπτώ-</span> 
     </span>
    </p>
   </div>
   <div class='ocr_carea' id='block_1_38' title="bbox 2362 1145 3957 1219">
    <p class='ocr_par' dir='ltr' id='par_1_38' title="bbox 2362 1145 3957 1219">
     <span class='ocr_line' id='line_1_38' title="bbox 2362 1145 3957 1219; baseline -0.002 -18"><span class='ocrx_word' id='word_1_319' title='bbox 2362 1166 2523 1219; x_wconf 86' lang='grc' dir='ltr'>χευσε</span> <span class='ocrx_word' id='word_1_320' title='bbox 2569 1149 2659 1203; x_wconf 78' lang='grc' dir='ltr'>διὰ</span> <span class='ocrx_word' id='word_1_321' title='bbox 2700 1148 2796 1201; x_wconf 90' lang='grc' dir='ltr'><strong>τοῦ</strong></span> <span class='ocrx_word' id='word_1_322' title='bbox 2824 1148 3077 1217; x_wconf 78' lang='grc' dir='ltr'>γενέσθαι</span> <span class='ocrx_word' id='word_1_323' title='bbox 3103 1148 3224 1203; x_wconf 79' lang='grc' dir='ltr'>καθ’</span> <span class='ocrx_word' id='word_1_324' title='bbox 3256 1149 3421 1218; x_wconf 72' lang='grc' dir='ltr'>ἡμᾶς,</span> <span class='ocrx_word' id='word_1_325' title='bbox 3462 1146 3581 1209; x_wconf 91' lang='grc' dir='ltr'><strong>πῶς</strong></span> <span class='ocrx_word' id='word_1_326' title='bbox 3613 1146 3711 1199; x_wconf 82' lang='grc' dir='ltr'>οὐκ</span> <span class='ocrx_word' id='word_1_327' title='bbox 3750 1146 3820 1198; x_wconf 77' lang='grc' dir='ltr'>ἂν</span> <span class='ocrx_word' id='word_1_328' title='bbox 3856 1145 3957 1198; x_wconf 77' lang='grc' dir='ltr'><strong>λέο</strong></span> 
     </span>
    </p>
   </div>
   <div class='ocr_carea' id='block_1_39' title="bbox 2363 1231 3953 1311">
    <p class='ocr_par' dir='ltr' id='par_1_39' title="bbox 2363 1231 3953 1311">
     <span class='ocr_line' id='line_1_39' title="bbox 2363 1231 3953 1311; baseline -0.001 -19"><span class='ocrx_word' id='word_1_329' title='bbox 2363 1257 2514 1308; x_wconf 89' lang='grc' dir='ltr'>γοιτο</span> <span class='ocrx_word' id='word_1_330' title='bbox 2544 1240 2663 1310; x_wconf 80' lang='grc' dir='ltr'>μεθ’</span> <span class='ocrx_word' id='word_1_331' title='bbox 2688 1241 2843 1311; x_wconf 78' lang='grc' dir='ltr'>ἡμῶν</span> <span class='ocrx_word' id='word_1_332' title='bbox 2875 1240 3127 1309; x_wconf 80' lang='grc' dir='ltr'>γενέσθαι</span> <span class='ocrx_word' id='word_1_333' title='bbox 3157 1241 3250 1293; x_wconf 70' lang='grc' dir='ltr'>καὶ</span> <span class='ocrx_word' id='word_1_334' title='bbox 3277 1239 3383 1291; x_wconf 83' lang='grc' dir='ltr'><strong>ὑπὸ</strong></span> <span class='ocrx_word' id='word_1_335' title='bbox 3419 1238 3617 1309; x_wconf 87' lang='grc' dir='ltr'>νόμον;</span> <span class='ocrx_word' id='word_1_336' title='bbox 3649 1237 3682 1308; x_wconf 74' lang='grc' dir='ltr'>ἢ</span> <span class='ocrx_word' id='word_1_337' title='bbox 3719 1235 3842 1307; x_wconf 80' lang='grc' dir='ltr'>[τσ.</span> 
     </span>
    </p>
   </div>
   <div class='ocr_carea' id='block_1_40' title="bbox 2363 1328 3959 1403">
    <p class='ocr_par' dir='ltr' id='par_1_40' title="bbox 2363 1328 3959 1403">
     <span class='ocr_line' id='line_1_40' title="bbox 2363 1328 3959 1403; baseline -0.003 -19"><span class='ocrx_word' id='word_1_338' title='bbox 2363 1332 2471 1403; x_wconf 80' lang='grc' dir='ltr'><strong>γὰρ</strong></span> <span class='ocrx_word' id='word_1_339' title='bbox 2512 1334 2573 1385; x_wconf 81' lang='grc' dir='ltr'>οὐ</span> <span class='ocrx_word' id='word_1_340' title='bbox 2623 1331 2950 1403; x_wconf 85' lang='grc' dir='ltr'>λογιούμεθα</span> <span class='ocrx_word' id='word_1_341' title='bbox 2999 1332 3323 1403; x_wconf 73' lang='grc' dir='ltr'><strong>φρονοῦντες</strong></span> <span class='ocrx_word' id='word_1_342' title='bbox 3355 1329 3569 1402; x_wconf 80' lang='grc' dir='ltr'>ὀρθῶς,</span> <span class='ocrx_word' id='word_1_343' title='bbox 3616 1328 3676 1382; x_wconf 78' lang='grc' dir='ltr'>τὸ</span> <span class='ocrx_word' id='word_1_344' title='bbox 3706 1329 3805 1400; x_wconf 84' lang='grc' dir='ltr'>τῆς</span> <span class='ocrx_word' id='word_1_345' title='bbox 3852 1330 3959 1381; x_wconf 63' lang='grc' dir='ltr'><strong>ἀν’</strong></span> 
     </span>
    </p>
   </div>
   <div class='ocr_carea' id='block_1_41' title="bbox 2364 1418 3959 1493">
    <p class='ocr_par' dir='ltr' id='par_1_41' title="bbox 2364 1418 3959 1493">
     <span class='ocr_line' id='line_1_41' title="bbox 2364 1418 3959 1493; baseline -0.004 -18"><span class='ocrx_word' id='word_1_346' title='bbox 2364 1423 2584 1493; x_wconf 78' lang='grc' dir='ltr'>θρώπου</span> <span class='ocrx_word' id='word_1_347' title='bbox 2615 1424 2829 1491; x_wconf 78' lang='grc' dir='ltr'>φύσεως</span> <span class='ocrx_word' id='word_1_348' title='bbox 2855 1422 3134 1493; x_wconf 72' lang='grc' dir='ltr'><strong>ὁρίζεσθαι</strong></span> <span class='ocrx_word' id='word_1_349' title='bbox 3183 1423 3398 1493; x_wconf 81' lang='grc' dir='ltr'><strong>μέτρον,</strong></span> <span class='ocrx_word' id='word_1_350' title='bbox 3443 1421 3518 1485; x_wconf 82' lang='grc' dir='ltr'>ὡς</span> <span class='ocrx_word' id='word_1_351' title='bbox 3544 1420 3600 1473; x_wconf 76' lang='grc' dir='ltr'>ἐν</span> <span class='ocrx_word' id='word_1_352' title='bbox 3630 1436 3692 1487; x_wconf 85' lang='grc' dir='ltr'><strong>γε</strong></span> <span class='ocrx_word' id='word_1_353' title='bbox 3721 1418 3799 1487; x_wconf 82' lang='grc' dir='ltr'><strong>τῷ</strong></span> <span class='ocrx_word' id='word_1_354' title='bbox 3835 1418 3959 1471; x_wconf 77' lang='grc' dir='ltr'>δεῖν</span> 
     </span>
    </p>
   </div>
   <div class='ocr_carea' id='block_1_42' title="bbox 2364 1512 3956 1585">
    <p class='ocr_par' dir='ltr' id='par_1_42' title="bbox 2364 1512 3956 1585">
     <span class='ocr_line' id='line_1_42' title="bbox 2364 1512 3956 1585; baseline -0.002 -17"><span class='ocrx_word' id='word_1_355' title='bbox 2364 1516 2458 1568; x_wconf 76' lang='grc' dir='ltr'>καὶ</span> <span class='ocrx_word' id='word_1_356' title='bbox 2504 1515 2825 1569; x_wconf 78' lang='grc' dir='ltr'><strong>ὑποκεῖσθαι</strong></span> <span class='ocrx_word' id='word_1_357' title='bbox 2874 1516 3056 1585; x_wconf 83' lang='grc' dir='ltr'>νόμῳ;</span> <span class='ocrx_word' id='word_1_358' title='bbox 3103 1516 3164 1567; x_wconf 85' lang='grc' dir='ltr'>τὸ</span> <span class='ocrx_word' id='word_1_359' title='bbox 3208 1515 3315 1583; x_wconf 82' lang='grc' dir='ltr'><strong>γὰρ</strong></span> <span class='ocrx_word' id='word_1_360' title='bbox 3360 1514 3557 1581; x_wconf 79' lang='grc' dir='ltr'>ἄφετόν</span> <span class='ocrx_word' id='word_1_361' title='bbox 3584 1530 3642 1565; x_wconf 76' lang='grc' dir='ltr'><strong>τι</strong></span> <span class='ocrx_word' id='word_1_362' title='bbox 3683 1513 3774 1565; x_wconf 72' lang='grc' dir='ltr'><strong>καὶ</strong></span> <span class='ocrx_word' id='word_1_363' title='bbox 3804 1512 3956 1582; x_wconf 78' lang='grc' dir='ltr'>ὑπὲρ</span> 
     </span>
    </p>
   </div>
   <div class='ocr_carea' id='block_1_43' title="bbox 2364 1598 3952 1674">
    <p class='ocr_par' dir='ltr' id='par_1_43' title="bbox 2364 1598 3952 1674">
     <span class='ocr_line' id='line_1_43' title="bbox 2364 1598 3952 1674; baseline -0.004 -19"><span class='ocrx_word' id='word_1_364' title='bbox 2364 1604 2546 1674; x_wconf 82' lang='grc' dir='ltr'>νόμον,</span> <span class='ocrx_word' id='word_1_365' title='bbox 2579 1603 2736 1673; x_wconf 75' lang='grc' dir='ltr'>φύσει</span> <span class='ocrx_word' id='word_1_366' title='bbox 2763 1621 2821 1655; x_wconf 90' lang='grc' dir='ltr'>τε</span> <span class='ocrx_word' id='word_1_367' title='bbox 2854 1604 2948 1655; x_wconf 72' lang='grc' dir='ltr'>καὶ</span> <span class='ocrx_word' id='word_1_368' title='bbox 2981 1602 3193 1672; x_wconf 77' lang='grc' dir='ltr'>άληθῶς</span> <span class='ocrx_word' id='word_1_369' title='bbox 3225 1600 3507 1670; x_wconf 76' lang='grc' dir='ltr'>ἐλεύθερον</span> <span class='ocrx_word' id='word_1_370' title='bbox 3544 1600 3629 1667; x_wconf 75' lang='grc' dir='ltr'>εἴη</span> <span class='ocrx_word' id='word_1_371' title='bbox 3658 1598 3723 1650; x_wconf 82' lang='grc' dir='ltr'>ἂν</span> <span class='ocrx_word' id='word_1_372' title='bbox 3747 1598 3952 1667; x_wconf 72' lang='grc' dir='ltr'>ἕτερον</span> 
     </span>
    </p>
   </div>
   <div class='ocr_carea' id='block_1_44' title="bbox 2364 1687 3957 1765">
    <p class='ocr_par' dir='ltr' id='par_1_44' title="bbox 2364 1687 3957 1765">
     <span class='ocr_line' id='line_1_44' title="bbox 2364 1687 3957 1765; baseline -0.007 -16"><span class='ocrx_word' id='word_1_373' title='bbox 2364 1697 2535 1761; x_wconf 82' lang='grc' dir='ltr'>οὐδὲν,</span> <span class='ocrx_word' id='word_1_374' title='bbox 2572 1696 2711 1765; x_wconf 78' lang='grc' dir='ltr'>πλὴν</span> <span class='ocrx_word' id='word_1_375' title='bbox 2758 1696 2841 1748; x_wconf 85' lang='grc' dir='ltr'>ὃτι</span> <span class='ocrx_word' id='word_1_376' title='bbox 2873 1694 2933 1746; x_wconf 82' lang='grc' dir='ltr'>τὸ</span> <span class='ocrx_word' id='word_1_377' title='bbox 2964 1694 3134 1747; x_wconf 88' lang='grc' dir='ltr'>Θεῖον·</span> <span class='ocrx_word' id='word_1_378' title='bbox 3182 1691 3378 1745; x_wconf 79' lang='grc' dir='ltr'>οὐκοῦν</span> <span class='ocrx_word' id='word_1_379' title='bbox 3407 1692 3495 1743; x_wconf 83' lang='grc' dir='ltr'><strong>ὅτε</strong></span> <span class='ocrx_word' id='word_1_380' title='bbox 3527 1690 3717 1758; x_wconf 81' lang='grc' dir='ltr'>γέγονε</span> <span class='ocrx_word' id='word_1_381' title='bbox 3767 1687 3915 1757; x_wconf 76' lang='grc' dir='ltr'>σὰρξ</span> <span class='ocrx_word' id='word_1_382' title='bbox 3939 1726 3957 1749; x_wconf 85' lang='grc'><strong>,</strong></span> 
     </span>
    </p>
   </div>
   <div class='ocr_carea' id='block_1_45' title="bbox 2364 1782 3959 1858">
    <p class='ocr_par' dir='ltr' id='par_1_45' title="bbox 2364 1782 3959 1858">
     <span class='ocr_line' id='line_1_45' title="bbox 2364 1782 3959 1858; baseline -0.007 -16"><span class='ocrx_word' id='word_1_383' title='bbox 2364 1791 2486 1843; x_wconf 85' lang='grc' dir='ltr'>τότε</span> <span class='ocrx_word' id='word_1_384' title='bbox 2534 1789 2724 1857; x_wconf 81' lang='grc' dir='ltr'>γέγονε</span> <span class='ocrx_word' id='word_1_385' title='bbox 2770 1792 2864 1841; x_wconf 77' lang='grc' dir='ltr'>καὶ</span> <span class='ocrx_word' id='word_1_386' title='bbox 2939 1788 3043 1841; x_wconf 73' lang='grc' dir='ltr'><strong>ὑπὸ</strong></span> <span class='ocrx_word' id='word_1_387' title='bbox 3088 1789 3284 1858; x_wconf 88' lang='grc' dir='ltr'>νόμον·</span> <span class='ocrx_word' id='word_1_388' title='bbox 3332 1782 3645 1836; x_wconf 69' lang='grc' dir='ltr'><strong>συνετέλεσε</strong></span> <span class='ocrx_word' id='word_1_389' title='bbox 3684 1783 3794 1851; x_wconf 86' lang='grc' dir='ltr'>γὰρ</span> <span class='ocrx_word' id='word_1_390' title='bbox 3833 1782 3959 1842; x_wconf 78' lang='grc' dir='ltr'>τοῖς</span> 
     </span>
    </p>
   </div>
   <div class='ocr_carea' id='block_1_46' title="bbox 2364 1872 3959 1950">
    <p class='ocr_par' dir='ltr' id='par_1_46' title="bbox 2364 1872 3959 1950">
     <span class='ocr_line' id='line_1_46' title="bbox 2364 1872 3959 1950; baseline -0.006 -18"><span class='ocrx_word' id='word_1_391' title='bbox 2364 1880 2755 1950; x_wconf 79' lang='grc' dir='ltr'><strong>δασμολογοῦσι</strong></span> <span class='ocrx_word' id='word_1_392' title='bbox 2783 1880 2842 1931; x_wconf 85' lang='grc' dir='ltr'>τὸ</span> <span class='ocrx_word' id='word_1_393' title='bbox 2869 1880 3194 1949; x_wconf 80' lang='grc' dir='ltr'>δίδραχμον·</span> <span class='ocrx_word' id='word_1_394' title='bbox 3228 1876 3402 1929; x_wconf 86' lang='grc' dir='ltr'>καίτοι</span> <span class='ocrx_word' id='word_1_395' title='bbox 3442 1875 3583 1927; x_wconf 83' lang='grc' dir='ltr'>κατὰ</span> <span class='ocrx_word' id='word_1_396' title='bbox 3613 1873 3774 1941; x_wconf 79' lang='grc' dir='ltr'>φύσιν</span> <span class='ocrx_word' id='word_1_397' title='bbox 3810 1872 3959 1924; x_wconf 81' lang='grc' dir='ltr'>ἰδίαν</span> 
     </span>
    </p>
   </div>
   <div class='ocr_carea' id='block_1_47' title="bbox 2365 1964 3954 2041">
    <p class='ocr_par' dir='ltr' id='par_1_47' title="bbox 2365 1964 3954 2041">
     <span class='ocr_line' id='line_1_47' title="bbox 2365 1964 3954 2041; baseline -0.003 -17"><span class='ocrx_word' id='word_1_398' title='bbox 2365 1971 2647 2041; x_wconf 74' lang='grc' dir='ltr'>ἐλεύθερος</span> <span class='ocrx_word' id='word_1_399' title='bbox 2670 1971 2767 2033; x_wconf 86' lang='grc' dir='ltr'><strong>ῶν,</strong></span> <span class='ocrx_word' id='word_1_400' title='bbox 2795 1970 2869 2033; x_wconf 79' lang='grc' dir='ltr'>ὡς</span> <span class='ocrx_word' id='word_1_401' title='bbox 2892 1970 3022 2033; x_wconf 85' lang='grc' dir='ltr'>Θεὸς</span> <span class='ocrx_word' id='word_1_402' title='bbox 3045 1968 3139 2021; x_wconf 75' lang='grc' dir='ltr'>καὶ</span> <span class='ocrx_word' id='word_1_403' title='bbox 3164 1968 3308 2031; x_wconf 84' lang='grc' dir='ltr'>Υἱὸς,</span> <span class='ocrx_word' id='word_1_404' title='bbox 3339 1967 3432 2019; x_wconf 78' lang='grc' dir='ltr'>καὶ</span> <span class='ocrx_word' id='word_1_405' title='bbox 3456 1968 3543 2019; x_wconf 89' lang='grc' dir='ltr'>ὅτε</span> <span class='ocrx_word' id='word_1_406' title='bbox 3568 1968 3757 2033; x_wconf 82' lang='grc' dir='ltr'>γέγονε</span> <span class='ocrx_word' id='word_1_407' title='bbox 3782 1964 3954 2033; x_wconf 77' lang='grc' dir='ltr'>σάρξ.</span> 
     </span>
    </p>
   </div>
   <div class='ocr_carea' id='block_1_48' title="bbox 2365 2056 3959 2129">
    <p class='ocr_par' dir='ltr' id='par_1_48' title="bbox 2365 2056 3959 2129">
     <span class='ocr_line' id='line_1_48' title="bbox 2365 2056 3959 2129; baseline -0.004 -14"><span class='ocrx_word' id='word_1_408' title='bbox 2365 2064 2427 2115; x_wconf 89' lang='grc' dir='ltr'><strong>Εί</strong></span> <span class='ocrx_word' id='word_1_409' title='bbox 2458 2062 2514 2115; x_wconf 80' lang='grc' dir='ltr'>δέ</span> <span class='ocrx_word' id='word_1_410' title='bbox 2544 2078 2625 2114; x_wconf 92' lang='grc' dir='ltr'><strong>σοι</strong></span> <span class='ocrx_word' id='word_1_411' title='bbox 2654 2062 2801 2115; x_wconf 76' lang='grc' dir='ltr'>δοκεῖ</span> <span class='ocrx_word' id='word_1_412' title='bbox 2830 2062 2917 2114; x_wconf 91' lang='grc' dir='ltr'>τὸν</span> <span class='ocrx_word' id='word_1_413' title='bbox 2964 2062 3058 2114; x_wconf 74' lang='grc' dir='ltr'>ἕνα</span> <span class='ocrx_word' id='word_1_414' title='bbox 3090 2062 3309 2129; x_wconf 81' lang='grc' dir='ltr'>τέμνειν</span> <span class='ocrx_word' id='word_1_415' title='bbox 3338 2062 3417 2122; x_wconf 83' lang='grc' dir='ltr'><strong>είς</strong></span> <span class='ocrx_word' id='word_1_416' title='bbox 3447 2058 3574 2124; x_wconf 77' lang='grc' dir='ltr'>δύο,</span> <span class='ocrx_word' id='word_1_417' title='bbox 3621 2057 3714 2110; x_wconf 76' lang='grc' dir='ltr'>καὶ</span> <span class='ocrx_word' id='word_1_418' title='bbox 3760 2056 3959 2119; x_wconf 76' lang='grc' dir='ltr'>ἰδικῶς</span> 
     </span>
    </p>
   </div>
   <div class='ocr_carea' id='block_1_49' title="bbox 2366 2148 3959 2223">
    <p class='ocr_par' dir='ltr' id='par_1_49' title="bbox 2366 2148 3959 2223">
     <span class='ocr_line' id='line_1_49' title="bbox 2366 2148 3959 2223; baseline -0.003 -18"><span class='ocrx_word' id='word_1_419' title='bbox 2366 2154 2496 2223; x_wconf 79' lang='grc' dir='ltr'>ἡμῖν</span> <span class='ocrx_word' id='word_1_420' title='bbox 2528 2153 2814 2223; x_wconf 81' lang='grc' dir='ltr'>ἄνθρωπον</span> <span class='ocrx_word' id='word_1_421' title='bbox 2845 2153 3167 2221; x_wconf 72' lang='grc' dir='ltr'>ἀποφαίνειν</span> <span class='ocrx_word' id='word_1_422' title='bbox 3197 2151 3288 2203; x_wconf 84' lang='grc' dir='ltr'>τὸν</span> <span class='ocrx_word' id='word_1_423' title='bbox 3317 2152 3379 2203; x_wconf 82' lang='grc' dir='ltr'>ὲκ</span> <span class='ocrx_word' id='word_1_424' title='bbox 3409 2149 3664 2217; x_wconf 72' lang='grc' dir='ltr'>γυναικὸς</span> <span class='ocrx_word' id='word_1_425' title='bbox 3686 2190 3698 2213; x_wconf 90' lang='grc'><strong>,</strong></span> <span class='ocrx_word' id='word_1_426' title='bbox 3728 2148 3846 2211; x_wconf 87' lang='grc' dir='ltr'><strong>πῶς</strong></span> <span class='ocrx_word' id='word_1_427' title='bbox 3882 2148 3959 2201; x_wconf 82' lang='grc' dir='ltr'>ἂν</span> 
     </span>
    </p>
   </div>
   <div class='ocr_carea' id='block_1_50' title="bbox 2365 2239 3950 2311">
    <p class='ocr_par' dir='ltr' id='par_1_50' title="bbox 2365 2239 3950 2311">
     <span class='ocr_line' id='line_1_50' title="bbox 2365 2239 3950 2311; baseline -0.004 -16"><span class='ocrx_word' id='word_1_428' title='bbox 2365 2244 2574 2311; x_wconf 83' lang='grc' dir='ltr'>λέγοιτο</span> <span class='ocrx_word' id='word_1_429' title='bbox 2620 2243 2868 2311; x_wconf 81' lang='grc' dir='ltr'>γενέσθαι</span> <span class='ocrx_word' id='word_1_430' title='bbox 2899 2244 2993 2295; x_wconf 71' lang='grc' dir='ltr'>καὶ</span> <span class='ocrx_word' id='word_1_431' title='bbox 3022 2242 3125 2293; x_wconf 66' lang='grc' dir='ltr'>ὑπὸ</span> <span class='ocrx_word' id='word_1_432' title='bbox 3153 2243 3335 2309; x_wconf 86' lang='grc' dir='ltr'>νόμον,</span> <span class='ocrx_word' id='word_1_433' title='bbox 3387 2242 3415 2292; x_wconf 81' lang='grc' dir='ltr'>ὁ</span> <span class='ocrx_word' id='word_1_434' title='bbox 3466 2240 3565 2307; x_wconf 82' lang='grc' dir='ltr'>τῆς</span> <span class='ocrx_word' id='word_1_435' title='bbox 3612 2240 3717 2291; x_wconf 81' lang='grc' dir='ltr'><strong>ὑπὸ</strong></span> <span class='ocrx_word' id='word_1_436' title='bbox 3770 2239 3950 2305; x_wconf 81' lang='grc' dir='ltr'>νόμον</span> 
     </span>
    </p>
   </div>
   <div class='ocr_carea' id='block_1_51' title="bbox 2366 2328 3957 2403">
    <p class='ocr_par' dir='ltr' id='par_1_51' title="bbox 2366 2328 3957 2403">
     <span class='ocr_line' id='line_1_51' title="bbox 2366 2328 3957 2403; baseline -0.004 -15"><span class='ocrx_word' id='word_1_437' title='bbox 2366 2335 2579 2403; x_wconf 78' lang='grc' dir='ltr'>φύσεως</span> <span class='ocrx_word' id='word_1_438' title='bbox 2611 2335 2715 2399; x_wconf 68' lang='lat' dir='ltr'><strong>(liv;</strong></span> <span class='ocrx_word' id='word_1_439' title='bbox 2755 2334 2828 2386; x_wconf 80' lang='grc' dir='ltr'><strong>Οὐ</strong></span> <span class='ocrx_word' id='word_1_440' title='bbox 2862 2335 2969 2403; x_wconf 85' lang='grc' dir='ltr'>γάρ</span> <span class='ocrx_word' id='word_1_441' title='bbox 2998 2350 3077 2385; x_wconf 84' lang='grc' dir='ltr'><strong>τοι</strong></span> <span class='ocrx_word' id='word_1_442' title='bbox 3107 2333 3167 2386; x_wconf 80' lang='grc' dir='ltr'>τὸ</span> <span class='ocrx_word' id='word_1_443' title='bbox 3194 2332 3334 2401; x_wconf 62' lang='grc' dir='ltr'>ἕχον,</span> <span class='ocrx_word' id='word_1_444' title='bbox 3368 2330 3427 2383; x_wconf 82' lang='grc' dir='ltr'>τὸ</span> <span class='ocrx_word' id='word_1_445' title='bbox 3469 2331 3576 2382; x_wconf 82' lang='grc' dir='ltr'>δεῖν</span> <span class='ocrx_word' id='word_1_446' title='bbox 3620 2328 3957 2381; x_wconf 77' lang='grc' dir='ltr'>ὑποκεῖσθαι</span> 
     </span>
    </p>
   </div>
   <div class='ocr_carea' id='block_1_52' title="bbox 2366 2421 3959 2497">
    <p class='ocr_par' dir='ltr' id='par_1_52' title="bbox 2366 2421 3959 2497">
     <span class='ocr_line' id='line_1_52' title="bbox 2366 2421 3959 2497; baseline -0.004 -18"><span class='ocrx_word' id='word_1_447' title='bbox 2366 2428 2539 2497; x_wconf 86' lang='grc' dir='ltr'>νόμῳ,</span> <span class='ocrx_word' id='word_1_448' title='bbox 2573 2427 2765 2495; x_wconf 80' lang='grc' dir='ltr'>γένοιτ’</span> <span class='ocrx_word' id='word_1_449' title='bbox 2792 2428 2857 2480; x_wconf 82' lang='grc' dir='ltr'>ἂν</span> <span class='ocrx_word' id='word_1_450' title='bbox 2886 2426 2990 2478; x_wconf 82' lang='grc' dir='ltr'><strong>ὑπὸ</strong></span> <span class='ocrx_word' id='word_1_451' title='bbox 3032 2425 3223 2494; x_wconf 87' lang='grc' dir='ltr'>νόμου,</span> <span class='ocrx_word' id='word_1_452' title='bbox 3252 2423 3389 2475; x_wconf 83' lang='grc' dir='ltr'>ἀλλὰ</span> <span class='ocrx_word' id='word_1_453' title='bbox 3414 2423 3471 2474; x_wconf 84' lang='grc' dir='ltr'>τὸ</span> <span class='ocrx_word' id='word_1_454' title='bbox 3503 2421 3665 2489; x_wconf 79' lang='grc' dir='ltr'>φύσιν</span> <span class='ocrx_word' id='word_1_455' title='bbox 3698 2422 3821 2490; x_wconf 81' lang='grc' dir='ltr'>ἔχον</span> <span class='ocrx_word' id='word_1_456' title='bbox 3847 2422 3959 2491; x_wconf 70' lang='grc' dir='ltr'>τὴν</span> 
     </span>
    </p>
   </div>
   <div class='ocr_carea' id='block_1_53' title="bbox 2367 2513 3958 2588">
    <p class='ocr_par' dir='ltr' id='par_1_53' title="bbox 2367 2513 3958 2588">
     <span class='ocr_line' id='line_1_53' title="bbox 2367 2513 3958 2588; baseline -0.004 -17"><span class='ocrx_word' id='word_1_457' title='bbox 2367 2520 2506 2588; x_wconf 83' lang='grc' dir='ltr'>ὑπὲρ</span> <span class='ocrx_word' id='word_1_458' title='bbox 2545 2519 2725 2587; x_wconf 81' lang='grc' dir='ltr'>νόμον,</span> <span class='ocrx_word' id='word_1_459' title='bbox 2774 2519 2869 2571; x_wconf 67' lang='grc' dir='ltr'>καὶ</span> <span class='ocrx_word' id='word_1_460' title='bbox 2913 2516 3016 2582; x_wconf 78' lang='grc' dir='ltr'><strong>ἔξω</strong></span> <span class='ocrx_word' id='word_1_461' title='bbox 3066 2516 3251 2584; x_wconf 82' lang='grc' dir='ltr'>νόμου.</span> <span class='ocrx_word' id='word_1_462' title='bbox 3291 2515 3441 2583; x_wconf 85' lang='grc' dir='ltr'><strong>Μόνη</strong></span> <span class='ocrx_word' id='word_1_463' title='bbox 3489 2514 3619 2585; x_wconf 85' lang='grc' dir='ltr'>γὰρ,</span> <span class='ocrx_word' id='word_1_464' title='bbox 3670 2513 3743 2574; x_wconf 84' lang='grc' dir='ltr'>ὡς</span> <span class='ocrx_word' id='word_1_465' title='bbox 3780 2514 3958 2581; x_wconf 47' lang='grc' dir='ltr'>ἔτην,</span> 
     </span>
    </p>
   </div>
   <div class='ocr_carea' id='block_1_54' title="bbox 2366 2604 3957 2677">
    <p class='ocr_par' dir='ltr' id='par_1_54' title="bbox 2366 2604 3957 2677">
     <span class='ocr_line' id='line_1_54' title="bbox 2366 2604 3957 2677; baseline -0.003 -16"><span class='ocrx_word' id='word_1_466' title='bbox 2366 2611 2534 2670; x_wconf 71' lang='grc' dir='ltr'>ἐστὶν,</span> <span class='ocrx_word' id='word_1_467' title='bbox 2585 2611 2618 2677; x_wconf 85' lang='grc' dir='ltr'>ἡ</span> <span class='ocrx_word' id='word_1_468' title='bbox 2669 2608 2787 2660; x_wconf 89' lang='grc' dir='ltr'>θεία</span> <span class='ocrx_word' id='word_1_469' title='bbox 2847 2624 2904 2659; x_wconf 85' lang='grc' dir='ltr'>τε</span> <span class='ocrx_word' id='word_1_470' title='bbox 2940 2608 3034 2660; x_wconf 70' lang='grc' dir='ltr'><strong>καὶ</strong></span> <span class='ocrx_word' id='word_1_471' title='bbox 3072 2606 3349 2676; x_wconf 77' lang='grc' dir='ltr'>ὑπερτάτη</span> <span class='ocrx_word' id='word_1_472' title='bbox 3382 2605 3573 2672; x_wconf 81' lang='grc' dir='ltr'><strong>φύσις,</strong></span> <span class='ocrx_word' id='word_1_473' title='bbox 3622 2604 3716 2656; x_wconf 73' lang='grc' dir='ltr'><strong>καὶ</strong></span> <span class='ocrx_word' id='word_1_474' title='bbox 3764 2604 3957 2673; x_wconf 60' lang='grc' dir='ltr'>νόμων</span> 
     </span>
    </p>
   </div>
   <div class='ocr_carea' id='block_1_55' title="bbox 2367 2690 3957 2765">
    <p class='ocr_par' dir='ltr' id='par_1_55' title="bbox 2367 2690 3957 2765">
     <span class='ocr_line' id='line_1_55' title="bbox 2367 2690 3957 2765; baseline -0.005 -16"><span class='ocrx_word' id='word_1_475' title='bbox 2367 2698 2642 2760; x_wconf 76' lang='grc' dir='ltr'>ἐπέκεινα,</span> <span class='ocrx_word' id='word_1_476' title='bbox 2679 2696 2771 2748; x_wconf 70' lang='grc' dir='ltr'><strong>καὶ</strong></span> <span class='ocrx_word' id='word_1_477' title='bbox 2816 2696 2913 2765; x_wconf 85' lang='grc' dir='ltr'>μέν</span> <span class='ocrx_word' id='word_1_478' title='bbox 2951 2712 3031 2746; x_wconf 92' lang='grc' dir='ltr'><strong>τοι</strong></span> <span class='ocrx_word' id='word_1_479' title='bbox 3079 2694 3173 2747; x_wconf 70' lang='grc' dir='ltr'>καὶ</span> <span class='ocrx_word' id='word_1_480' title='bbox 3216 2692 3513 2763; x_wconf 78' lang='grc' dir='ltr'>ἐλευθέρα·</span> <span class='ocrx_word' id='word_1_481' title='bbox 3562 2693 3654 2744; x_wconf 76' lang='grc' dir='ltr'>καὶ</span> <span class='ocrx_word' id='word_1_482' title='bbox 3691 2690 3781 2743; x_wconf 74' lang='grc' dir='ltr'>τὸν</span> <span class='ocrx_word' id='word_1_483' title='bbox 3823 2693 3957 2742; x_wconf 71' lang='grc' dir='ltr'>ἐπι-</span> 
     </span>
    </p>
   </div>
   <div class='ocr_carea' id='block_1_56' title="bbox 2370 2782 3960 2857">
    <p class='ocr_par' dir='ltr' id='par_1_56' title="bbox 2370 2782 3960 2857">
     <span class='ocr_line' id='line_1_56' title="bbox 2370 2782 3960 2857; baseline -0.004 -16"><span class='ocrx_word' id='word_1_484' title='bbox 2370 2789 2569 2857; x_wconf 80' lang='grc' dir='ltr'>στάτην</span> <span class='ocrx_word' id='word_1_485' title='bbox 2628 2788 2829 2856; x_wconf 74' lang='grc' dir='ltr'>ἔχουσα</span> <span class='ocrx_word' id='word_1_486' title='bbox 2877 2784 3154 2848; x_wconf 83' lang='grc' dir='ltr'>παντελῶς</span> <span class='ocrx_word' id='word_1_487' title='bbox 3206 2783 3418 2850; x_wconf 74' lang='grc' dir='ltr'>οὐδένα,</span> <span class='ocrx_word' id='word_1_488' title='bbox 3471 2783 3821 2851; x_wconf 82' lang='grc' dir='ltr'>κατάρχουσα</span> <span class='ocrx_word' id='word_1_489' title='bbox 3891 2782 3960 2834; x_wconf 71' lang='grc' dir='ltr'>δὲ</span> 
     </span>
    </p>
   </div>
   <div class='ocr_carea' id='block_1_57' title="bbox 2373 2873 3958 2950">
    <p class='ocr_par' dir='ltr' id='par_1_57' title="bbox 2373 2873 3958 2950">
     <span class='ocr_line' id='line_1_57' title="bbox 2373 2873 3958 2950; baseline -0.004 -17"><span class='ocrx_word' id='word_1_490' title='bbox 2373 2881 2572 2950; x_wconf 83' lang='grc' dir='ltr'>μᾶλλον</span> <span class='ocrx_word' id='word_1_491' title='bbox 2618 2880 2756 2947; x_wconf 78' lang='grc' dir='ltr'>αὐτὴ</span> <span class='ocrx_word' id='word_1_492' title='bbox 2806 2878 2913 2930; x_wconf 90' lang='grc' dir='ltr'><strong>τῶν</strong></span> <span class='ocrx_word' id='word_1_493' title='bbox 2941 2878 3099 2942; x_wconf 84' lang='grc' dir='ltr'>ὅλων,</span> <span class='ocrx_word' id='word_1_494' title='bbox 3150 2877 3245 2929; x_wconf 77' lang='grc' dir='ltr'>καὶ</span> <span class='ocrx_word' id='word_1_495' title='bbox 3278 2876 3411 2929; x_wconf 81' lang='grc' dir='ltr'>πᾶσι</span> <span class='ocrx_word' id='word_1_496' title='bbox 3453 2874 3545 2927; x_wconf 85' lang='grc' dir='ltr'>τὸν</span> <span class='ocrx_word' id='word_1_497' title='bbox 3576 2874 3773 2943; x_wconf 79' lang='grc' dir='ltr'>ἑαυτῆς</span> <span class='ocrx_word' id='word_1_498' title='bbox 3814 2873 3958 2926; x_wconf 84' lang='grc' dir='ltr'>ὑπο·</span> 
     </span>
    </p>
   </div>
   <div class='ocr_carea' id='block_1_58' title="bbox 2368 2964 3960 3037">
    <p class='ocr_par' dir='ltr' id='par_1_58' title="bbox 2368 2964 3960 3037">
     <span class='ocr_line' id='line_1_58' title="bbox 2368 2964 3960 3037; baseline -0.005 -13"><span class='ocrx_word' id='word_1_499' title='bbox 2368 2972 2577 3025; x_wconf 81' lang='grc' dir='ltr'>τιθεῖσα</span> <span class='ocrx_word' id='word_1_500' title='bbox 2620 2970 2803 3037; x_wconf 79' lang='grc' dir='ltr'>ζυγόν.</span> <span class='ocrx_word' id='word_1_501' title='bbox 2854 2969 2912 3022; x_wconf 80' lang='grc' dir='ltr'>Ὀ</span> <span class='ocrx_word' id='word_1_502' title='bbox 2963 2970 3019 3021; x_wconf 83' lang='grc' dir='ltr'>δὲ</span> <span class='ocrx_word' id='word_1_503' title='bbox 3065 2968 3325 3037; x_wconf 91' lang='grc' dir='ltr'>λογισμοῦ</span> <span class='ocrx_word' id='word_1_504' title='bbox 3379 2965 3474 3019; x_wconf 88' lang='grc' dir='ltr'><strong>τοῦ</strong></span> <span class='ocrx_word' id='word_1_505' title='bbox 3519 2964 3823 3036; x_wconf 76' lang='grc' dir='ltr'>πρέποντος</span> <span class='ocrx_word' id='word_1_506' title='bbox 3869 2964 3960 3017; x_wconf 81' lang='grc' dir='ltr'>δι-</span> 
     </span>
    </p>
   </div>
   <div class='ocr_carea' id='block_1_59' title="bbox 2370 3057 3956 3135">
    <p class='ocr_par' dir='ltr' id='par_1_59' title="bbox 2370 3057 3956 3135">
     <span class='ocr_line' id='line_1_59' title="bbox 2370 3057 3956 3135; baseline -0.006 -17"><span class='ocrx_word' id='word_1_507' title='bbox 2370 3063 2725 3135; x_wconf 85' lang='grc' dir='ltr'>ημαρτηκὼς,</span> <span class='ocrx_word' id='word_1_508' title='bbox 2746 3060 3062 3124; x_wconf 88' lang='grc' dir='ltr'>δυσσεϐείας</span> <span class='ocrx_word' id='word_1_509' title='bbox 3082 3063 3159 3123; x_wconf 84' lang='grc' dir='ltr'><strong>είς</strong></span> <span class='ocrx_word' id='word_1_510' title='bbox 3175 3060 3330 3113; x_wconf 90' lang='grc' dir='ltr'>τοῦτο</span> <span class='ocrx_word' id='word_1_511' title='bbox 3352 3058 3683 3113; x_wconf 84' lang='grc' dir='ltr'>κατὼλισθεν</span> <span class='ocrx_word' id='word_1_512' title='bbox 3703 3057 3956 3122; x_wconf 75' lang='grc' dir='ltr'>ἐννοιῶν,</span> 
     </span>
    </p>
   </div>
   <div class='ocr_carea' id='block_1_60' title="bbox 694 3141 2261 3224">
    <p class='ocr_par' dir='ltr' id='par_1_60' title="bbox 694 3141 2261 3221">
     <span class='ocr_line' id='line_1_60' title="bbox 694 3141 2261 3221; baseline -0.006 -16"><span class='ocrx_word' id='word_1_513' title='bbox 694 3152 1049 3221; x_wconf 84' lang='lat' dir='ltr'><strong>impietatem,</strong></span> <span class='ocrx_word' id='word_1_514' title='bbox 1101 3157 1154 3201; x_wconf 87' lang='lat' dir='ltr'><strong>et</strong></span> <span class='ocrx_word' id='word_1_515' title='bbox 1203 3162 1371 3217; x_wconf 91' lang='lat' dir='ltr'><strong>usque</strong></span> <span class='ocrx_word' id='word_1_516' title='bbox 1425 3148 1560 3201; x_wconf 91' lang='lat' dir='ltr'><strong>adeo</strong></span> <span class='ocrx_word' id='word_1_517' title='bbox 1610 3146 1676 3199; x_wconf 88' lang='lat' dir='ltr'><strong>ad</strong></span> <span class='ocrx_word' id='word_1_518' title='bbox 1729 3158 1970 3200; x_wconf 84' lang='lat' dir='ltr'><strong>summas</strong></span> <span class='ocrx_word' id='word_1_519' title='bbox 2019 3141 2261 3213; x_wconf 89' lang='lat' dir='ltr'><strong>pervenit</strong></span> 
     </span>
    </p>
   </div>
   <div class='ocr_carea' id='block_1_61' title="bbox 2365 3141 3956 3224">
    <p class='ocr_par' dir='ltr' id='par_1_61' title="bbox 2368 3151 3956 3224">
     <span class='ocr_line' id='line_1_61' title="bbox 2368 3151 3956 3224; baseline -0.004 -15"><span class='ocrx_word' id='word_1_520' title='bbox 2368 3158 2461 3209; x_wconf 69' lang='grc' dir='ltr'>καὶ</span> <span class='ocrx_word' id='word_1_521' title='bbox 2496 3158 2575 3216; x_wconf 83' lang='grc' dir='ltr'><strong>είς</strong></span> <span class='ocrx_word' id='word_1_522' title='bbox 2604 3157 2771 3224; x_wconf 79' lang='grc' dir='ltr'>ἄκρον</span> <span class='ocrx_word' id='word_1_523' title='bbox 2806 3155 2931 3224; x_wconf 75' lang='grc' dir='ltr'>ἥκει</span> <span class='ocrx_word' id='word_1_524' title='bbox 2962 3154 3281 3223; x_wconf 82' lang='grc' dir='ltr'>σκαιότητος</span> <span class='ocrx_word' id='word_1_525' title='bbox 3306 3193 3320 3217; x_wconf 85' lang='grc'><strong>,</strong></span> <span class='ocrx_word' id='word_1_526' title='bbox 3354 3151 3459 3204; x_wconf 80' lang='grc' dir='ltr'><strong>ἀπό</strong></span> <span class='ocrx_word' id='word_1_527' title='bbox 3487 3168 3548 3219; x_wconf 89' lang='grc' dir='ltr'>γε</span> <span class='ocrx_word' id='word_1_528' title='bbox 3584 3151 3678 3204; x_wconf 90' lang='grc' dir='ltr'><strong>τοῦ</strong></span> <span class='ocrx_word' id='word_1_529' title='bbox 3717 3151 3956 3221; x_wconf 70' lang='grc' dir='ltr'>διαιρεῖν</span> 
     </span>
    </p>
   </div>
   <div class='ocr_carea' id='block_1_62' title="bbox 696 3234 2265 3312">
    <p class='ocr_par' dir='ltr' id='par_1_62' title="bbox 696 3234 2265 3312">
     <span class='ocr_line' id='line_1_62' title="bbox 696 3234 2265 3312; baseline -0.005 -16"><span class='ocrx_word' id='word_1_530' title='bbox 696 3243 926 3312; x_wconf 86' lang='lat' dir='ltr'><strong>ineptias</strong></span> <span class='ocrx_word' id='word_1_531' title='bbox 968 3258 1033 3296; x_wconf 88' lang='lat' dir='ltr'><strong>ex</strong></span> <span class='ocrx_word' id='word_1_532' title='bbox 1069 3256 1132 3295; x_wconf 88' lang='lat' dir='ltr'><strong>eo</strong></span> <span class='ocrx_word' id='word_1_533' title='bbox 1160 3242 1300 3309; x_wconf 89' lang='lat' dir='ltr'><strong>quod</strong></span> <span class='ocrx_word' id='word_1_534' title='bbox 1346 3256 1508 3294; x_wconf 91' lang='lat' dir='ltr'><strong>unum</strong></span> <span class='ocrx_word' id='word_1_535' title='bbox 1553 3238 1840 3293; x_wconf 86' lang='lat' dir='ltr'><strong>Dominum</strong></span> <span class='ocrx_word' id='word_1_536' title='bbox 1886 3235 2073 3291; x_wconf 83' lang='lat' dir='ltr'><strong>Jesum</strong></span> <span class='ocrx_word' id='word_1_537' title='bbox 2106 3234 2265 3289; x_wconf 86' lang='lat' dir='ltr'><strong>Chri-</strong></span> 
     </span>
    </p>
   </div>
   <div class='ocr_carea' id='block_1_63' title="bbox 695 3325 2263 3396">
    <p class='ocr_par' dir='ltr' id='par_1_63' title="bbox 695 3325 2263 3396">
     <span class='ocr_line' id='line_1_63' title="bbox 695 3325 2263 3396; baseline -0.008 -7"><span class='ocrx_word' id='word_1_538' title='bbox 695 3347 835 3389; x_wconf 83' lang='lat' dir='ltr'><strong>stum</strong></span> <span class='ocrx_word' id='word_1_539' title='bbox 869 3334 921 3387; x_wconf 92' lang='lat' dir='ltr'><strong>in</strong></span> <span class='ocrx_word' id='word_1_540' title='bbox 958 3335 1064 3386; x_wconf 85' lang='lat' dir='ltr'><strong>duo</strong></span> <span class='ocrx_word' id='word_1_541' title='bbox 1092 3333 1304 3395; x_wconf 82' lang='lat' dir='ltr'><strong>dividit,</strong></span> <span class='ocrx_word' id='word_1_542' title='bbox 1337 3342 1395 3386; x_wconf 92' lang='lat' dir='ltr'><strong>ut</strong></span> <span class='ocrx_word' id='word_1_543' title='bbox 1425 3333 1684 3385; x_wconf 86' lang='lat' dir='ltr'><strong>audacter</strong></span> <span class='ocrx_word' id='word_1_544' title='bbox 1705 3330 1903 3383; x_wconf 76' lang='lat' dir='ltr'><strong>dixerit</strong></span> <span class='ocrx_word' id='word_1_545' title='bbox 1928 3329 2100 3396; x_wconf 89' lang='lat' dir='ltr'><strong>ipsum</strong></span> <span class='ocrx_word' id='word_1_546' title='bbox 2136 3325 2263 3378; x_wconf 88' lang='lat' dir='ltr'><strong>Em-</strong></span> 
     </span>
    </p>
   </div>
   <div class='ocr_carea' id='block_1_64' title="bbox 694 3424 2262 3493">
    <p class='ocr_par' dir='ltr' id='par_1_64' title="bbox 694 3424 2262 3493">
     <span class='ocr_line' id='line_1_64' title="bbox 694 3424 2262 3493; baseline -0.008 -11"><span class='ocrx_word' id='word_1_547' title='bbox 694 3426 994 3482; x_wconf 90' lang='lat' dir='ltr'><strong>manuelem</strong></span> <span class='ocrx_word' id='word_1_548' title='bbox 1036 3442 1210 3493; x_wconf 88' lang='lat' dir='ltr'><strong>neque</strong></span> <span class='ocrx_word' id='word_1_549' title='bbox 1244 3440 1369 3479; x_wconf 90' lang='lat' dir='ltr'><strong>vere</strong></span> <span class='ocrx_word' id='word_1_550' title='bbox 1406 3424 1574 3477; x_wconf 91' lang='lat' dir='ltr'><strong>Deum</strong></span> <span class='ocrx_word' id='word_1_551' title='bbox 1604 3438 1749 3487; x_wconf 87' lang='lat' dir='ltr'><strong>esse,</strong></span> <span class='ocrx_word' id='word_1_552' title='bbox 1799 3434 1973 3491; x_wconf 89' lang='lat' dir='ltr'><strong>neque</strong></span> <span class='ocrx_word' id='word_1_553' title='bbox 2000 3429 2262 3489; x_wconf 56' lang='lat' dir='ltr'><strong>praterea</strong></span> 
     </span>
    </p>
   </div>
   <div class='ocr_carea' id='block_1_65' title="bbox 695 3510 2263 3580">
    <p class='ocr_par' dir='ltr' id='par_1_65' title="bbox 695 3510 2263 3580">
     <span class='ocr_line' id='line_1_65' title="bbox 695 3510 2263 3580; baseline -0.006 -9"><span class='ocrx_word' id='word_1_554' title='bbox 695 3519 991 3573; x_wconf 84' lang='lat' dir='ltr'><strong>secundum</strong></span> <span class='ocrx_word' id='word_1_555' title='bbox 1041 3530 1286 3570; x_wconf 86' lang='lat' dir='ltr'><strong>naturam</strong></span> <span class='ocrx_word' id='word_1_556' title='bbox 1339 3514 1531 3569; x_wconf 86' lang='lat' dir='ltr'><strong>Filium</strong></span> <span class='ocrx_word' id='word_1_557' title='bbox 1574 3532 1584 3567; x_wconf 91' lang='lat'>:</span> <span class='ocrx_word' id='word_1_558' title='bbox 1629 3514 1708 3568; x_wconf 87' lang='lat' dir='ltr'><strong>sic</strong></span> <span class='ocrx_word' id='word_1_559' title='bbox 1752 3528 1881 3567; x_wconf 88' lang='lat' dir='ltr'><strong>vero</strong></span> <span class='ocrx_word' id='word_1_560' title='bbox 1940 3510 2263 3580; x_wconf 89' lang='lat' dir='ltr'><strong>appellatum</strong></span> 
     </span>
    </p>
   </div>
   <div class='ocr_carea' id='block_1_66' title="bbox 692 3601 2262 3671">
    <p class='ocr_par' dir='ltr' id='par_1_66' title="bbox 692 3601 2262 3671">
     <span class='ocr_line' id='line_1_66' title="bbox 692 3601 2262 3671; baseline -0.008 -8"><span class='ocrx_word' id='word_1_561' title='bbox 692 3608 966 3663; x_wconf 83' lang='lat' dir='ltr'><strong>Christum</strong></span> <span class='ocrx_word' id='word_1_562' title='bbox 989 3617 1044 3662; x_wconf 88' lang='lat' dir='ltr'><strong>et</strong></span> <span class='ocrx_word' id='word_1_563' title='bbox 1064 3616 1335 3671; x_wconf 90' lang='lat' dir='ltr'><strong>sanctum,</strong></span> <span class='ocrx_word' id='word_1_564' title='bbox 1366 3616 1423 3659; x_wconf 91' lang='lat' dir='ltr'><strong>ut</strong></span> <span class='ocrx_word' id='word_1_565' title='bbox 1451 3604 1539 3658; x_wconf 88' lang='lat' dir='ltr'><strong>alii</strong></span> <span class='ocrx_word' id='word_1_566' title='bbox 1567 3618 1783 3671; x_wconf 86' lang='lat' dir='ltr'><strong>quoque</strong></span> <span class='ocrx_word' id='word_1_567' title='bbox 1824 3601 2065 3656; x_wconf 85' lang='lat' dir='ltr'><strong>nonnulli</strong></span> <span class='ocrx_word' id='word_1_568' title='bbox 2095 3602 2262 3654; x_wconf 86' lang='lat' dir='ltr'><strong>nostri</strong></span> 
     </span>
    </p>
   </div>
   <div class='ocr_carea' id='block_1_67' title="bbox 693 3690 2261 3765">
    <p class='ocr_par' dir='ltr' id='par_1_67' title="bbox 693 3690 2261 3765">
     <span class='ocr_line' id='line_1_67' title="bbox 693 3690 2261 3765; baseline -0.006 -10"><span class='ocrx_word' id='word_1_569' title='bbox 693 3700 919 3763; x_wconf 86' lang='lat' dir='ltr'><strong>similes,</strong></span> <span class='ocrx_word' id='word_1_570' title='bbox 969 3708 1062 3752; x_wconf 84' lang='lat' dir='ltr'><strong>aut</strong></span> <span class='ocrx_word' id='word_1_571' title='bbox 1112 3699 1448 3765; x_wconf 90' lang='lat' dir='ltr'><strong>impurorum</strong></span> <span class='ocrx_word' id='word_1_572' title='bbox 1502 3695 1805 3749; x_wconf 60' lang='lat' dir='ltr'><strong>daemonum</strong></span> <span class='ocrx_word' id='word_1_573' title='bbox 1854 3695 2112 3747; x_wconf 90' lang='lat' dir='ltr'><strong>cultores.</strong></span> <span class='ocrx_word' id='word_1_574' title='bbox 2172 3690 2261 3745; x_wconf 89' lang='lat' dir='ltr'><strong>Sic</strong></span> 
     </span>
    </p>
   </div>
   <div class='ocr_carea' id='block_1_68' title="bbox 694 3790 1354 3861">
    <p class='ocr_par' dir='ltr' id='par_1_68' title="bbox 694 3790 1354 3861">
     <span class='ocr_line' id='line_1_68' title="bbox 694 3790 1354 3861; baseline -0.012 -14"><span class='ocrx_word' id='word_1_575' title='bbox 694 3807 927 3861; x_wconf 87' lang='lat' dir='ltr'><strong>namque</strong></span> <span class='ocrx_word' id='word_1_576' title='bbox 962 3805 1149 3844; x_wconf 89' lang='lat' dir='ltr'><strong>rursus</strong></span> <span class='ocrx_word' id='word_1_577' title='bbox 1176 3790 1311 3841; x_wconf 90' lang='lat' dir='ltr'><strong>dixit</strong></span> <span class='ocrx_word' id='word_1_578' title='bbox 1342 3807 1354 3839; x_wconf 89' lang='lat'><strong>:</strong></span> 
     </span>
    </p>
   </div>
   <div class='ocr_carea' id='block_1_69' title="bbox 766 3875 2269 3957">
    <p class='ocr_par' dir='ltr' id='par_1_69' title="bbox 766 3875 2269 3957">
     <span class='ocr_line' id='line_1_69' title="bbox 766 3875 2269 3957; baseline -0.009 -20"><span class='ocrx_word' id='word_1_579' title='bbox 766 3883 1030 3957; x_wconf 72' lang='lat' dir='ltr'><strong>lNESTOﬂ.</strong></span> <span class='ocrx_word' id='word_1_580' title='bbox 1075 3883 1181 3937; x_wconf 84' lang='lat' dir='ltr'><strong>Sed</strong></span> <span class='ocrx_word' id='word_1_581' title='bbox 1208 3882 1347 3935; x_wconf 85' lang='lat' dir='ltr'><strong>sicut</strong></span> <span class='ocrx_word' id='word_1_582' title='bbox 1379 3879 1611 3934; x_wconf 83' lang='lat' dir='ltr'><strong>dicimus</strong></span> <span class='ocrx_word' id='word_1_583' title='bbox 1642 3879 1805 3932; x_wconf 89' lang='lat' dir='ltr'><strong>Deum</strong></span> <span class='ocrx_word' id='word_1_584' title='bbox 1846 3877 1988 3930; x_wconf 86' lang='lat' dir='ltr'><strong>illum</strong></span> <span class='ocrx_word' id='word_1_585' title='bbox 2022 3875 2269 3928; x_wconf 82' lang='lat' dir='ltr'><strong>omnium</strong></span> 
     </span>
    </p>
   </div>
   <div class='ocr_carea' id='block_1_70' title="bbox 694 3965 2263 4039">
    <p class='ocr_par' dir='ltr' id='par_1_70' title="bbox 694 3965 2263 4039">
     <span class='ocr_line' id='line_1_70' title="bbox 694 3965 2263 4039; baseline -0.011 -7"><span class='ocrx_word' id='word_1_586' title='bbox 694 3979 1068 4039; x_wconf 90' lang='lat' dir='ltr'><strong>Conditorem,</strong></span> <span class='ocrx_word' id='word_1_587' title='bbox 1109 3984 1162 4028; x_wconf 91' lang='lat' dir='ltr'><strong>et</strong></span> <span class='ocrx_word' id='word_1_588' title='bbox 1197 3972 1356 4027; x_wconf 90' lang='lat' dir='ltr'><strong>deum</strong></span> <span class='ocrx_word' id='word_1_589' title='bbox 1386 3972 1558 4039; x_wconf 85' lang='lat' dir='ltr'><strong>ipsum</strong></span> <span class='ocrx_word' id='word_1_590' title='bbox 1586 3969 1765 4022; x_wconf 78' lang='lat' dir='ltr'><strong>Mosen</strong></span> <span class='ocrx_word' id='word_1_591' title='bbox 1795 3986 1807 4021; x_wconf 89' lang='lat'><strong>:</strong></span> <span class='ocrx_word' id='word_1_592' title='bbox 1839 3986 1857 4017; x_wconf 78' lang='grc' dir='ltr'><strong>ι</strong></span> <span class='ocrx_word' id='word_1_593' title='bbox 1890 3967 2055 4020; x_wconf 91' lang='lat' dir='ltr'><strong>Deum</strong></span> <span class='ocrx_word' id='word_1_594' title='bbox 2095 3965 2263 4024; x_wconf 90' lang='lat' dir='ltr'><strong>enim,</strong></span> 
     </span>
    </p>
   </div>
   <div class='ocr_carea' id='block_1_71' title="bbox 694 4055 2264 4137">
    <p class='ocr_par' dir='ltr' id='par_1_71' title="bbox 694 4055 2264 4137">
     <span class='ocr_line' id='line_1_71' title="bbox 694 4055 2264 4137; baseline -0.01 -15"><span class='ocrx_word' id='word_1_595' title='bbox 694 4070 889 4137; x_wconf 87' lang='lat' dir='ltr'><strong>inquit,</strong></span> <span class='ocrx_word' id='word_1_596' title='bbox 924 4066 1075 4136; x_wconf 86' lang='lat' dir='ltr'><strong>posui</strong></span> <span class='ocrx_word' id='word_1_597' title='bbox 1114 4075 1165 4118; x_wconf 91' lang='lat' dir='ltr'><strong>te</strong></span> <span class='ocrx_word' id='word_1_598' title='bbox 1198 4064 1465 4117; x_wconf 84' lang='lat' dir='ltr'><strong>Pharaoni</strong></span> <span class='ocrx_word' id='word_1_599' title='bbox 1492 4062 1577 4127; x_wconf 78' lang='lat'><strong>“;</strong></span> <span class='ocrx_word' id='word_1_600' title='bbox 1612 4079 1629 4113; x_wconf 73' lang='grc' dir='ltr'><strong>ι</strong></span> <span class='ocrx_word' id='word_1_601' title='bbox 1680 4070 1735 4114; x_wconf 92' lang='lat' dir='ltr'><strong>et</strong></span> <span class='ocrx_word' id='word_1_602' title='bbox 1770 4061 1942 4129; x_wconf 86' lang='lat' dir='ltr'><strong>ipsum</strong></span> <span class='ocrx_word' id='word_1_603' title='bbox 1992 4057 2153 4111; x_wconf 86' lang='lat' dir='ltr'><strong>Israel</strong></span> <span class='ocrx_word' id='word_1_604' title='bbox 2201 4055 2264 4108; x_wconf 80' lang='lat' dir='ltr'><strong>ll-</strong></span> 
     </span>
    </p>
   </div>
   <div class='ocr_carea' id='block_1_72' title="bbox 696 4151 2266 4223">
    <p class='ocr_par' dir='ltr' id='par_1_72' title="bbox 696 4151 2266 4223">
     <span class='ocr_line' id='line_1_72' title="bbox 696 4151 2266 4223; baseline -0.007 -10"><span class='ocrx_word' id='word_1_605' title='bbox 696 4164 822 4213; x_wconf 88' lang='lat' dir='ltr'><strong>lium</strong></span> <span class='ocrx_word' id='word_1_606' title='bbox 886 4160 979 4213; x_wconf 89' lang='lat' dir='ltr'><strong>Dei</strong></span> <span class='ocrx_word' id='word_1_607' title='bbox 1022 4177 1034 4211; x_wconf 94' lang='lat'>:</span> <span class='ocrx_word' id='word_1_608' title='bbox 1070 4175 1089 4207; x_wconf 75' lang='grc' dir='ltr'><strong>ι</strong></span> <span class='ocrx_word' id='word_1_609' title='bbox 1122 4155 1331 4219; x_wconf 78' lang='lat' dir='ltr'><strong>Filius,</strong></span> <span class='ocrx_word' id='word_1_610' title='bbox 1395 4154 1606 4223; x_wconf 88' lang='lat' dir='ltr'><strong>inquit,</strong></span> <span class='ocrx_word' id='word_1_611' title='bbox 1662 4151 2049 4221; x_wconf 90' lang='lat' dir='ltr'><strong>primogenitus</strong></span> <span class='ocrx_word' id='word_1_612' title='bbox 2114 4163 2266 4203; x_wconf 88' lang='lat' dir='ltr'><strong>meus</strong></span> 
     </span>
    </p>
   </div>
   <div class='ocr_carea' id='block_1_73' title="bbox 695 4240 2261 4315">
    <p class='ocr_par' dir='ltr' id='par_1_73' title="bbox 695 4240 2261 4315">
     <span class='ocr_line' id='line_1_73' title="bbox 695 4240 2261 4315; baseline -0.008 -10"><span class='ocrx_word' id='word_1_613' title='bbox 695 4250 956 4313; x_wconf 79' lang='lat' dir='ltr'><strong>lsrael&quot;;</strong></span> <span class='ocrx_word' id='word_1_614' title='bbox 987 4268 1003 4299; x_wconf 78' lang='grc' dir='ltr'><strong>ι</strong></span> <span class='ocrx_word' id='word_1_615' title='bbox 1038 4260 1097 4303; x_wconf 85' lang='grc' dir='ltr'><strong>ιιι</strong></span> <span class='ocrx_word' id='word_1_616' title='bbox 1119 4248 1283 4302; x_wconf 90' lang='lat' dir='ltr'><strong>etiam</strong></span> <span class='ocrx_word' id='word_1_617' title='bbox 1312 4244 1442 4298; x_wconf 88' lang='lat' dir='ltr'><strong>Saul</strong></span> <span class='ocrx_word' id='word_1_618' title='bbox 1474 4246 1646 4315; x_wconf 88' lang='lat' dir='ltr'><strong>ipsum</strong></span> <span class='ocrx_word' id='word_1_619' title='bbox 1676 4243 1905 4297; x_wconf 89' lang='lat' dir='ltr'><strong>dicimus</strong></span> <span class='ocrx_word' id='word_1_620' title='bbox 1947 4240 2211 4294; x_wconf 83' lang='lat' dir='ltr'><strong>christum</strong></span> <span class='ocrx_word' id='word_1_621' title='bbox 2246 4255 2261 4293; x_wconf 90' lang='lat'><strong>:</strong></span> 
     </span>
    </p>
   </div>
   <div class='ocr_carea' id='block_1_74' title="bbox 699 4331 2263 4409">
    <p class='ocr_par' dir='ltr' id='par_1_74' title="bbox 699 4331 2263 4409">
     <span class='ocr_line' id='line_1_74' title="bbox 699 4331 2263 4409; baseline -0.005 -17"><span class='ocrx_word' id='word_1_622' title='bbox 699 4361 717 4392; x_wconf 74' lang='grc' dir='ltr'><strong>ι</strong></span> <span class='ocrx_word' id='word_1_623' title='bbox 753 4341 991 4404; x_wconf 80' lang='lat' dir='ltr'><strong>Minime,</strong></span> <span class='ocrx_word' id='word_1_624' title='bbox 1020 4340 1211 4409; x_wconf 88' lang='lat' dir='ltr'><strong>inquit,</strong></span> <span class='ocrx_word' id='word_1_625' title='bbox 1240 4339 1527 4392; x_wconf 82' lang='lat' dir='ltr'><strong>extendam</strong></span> <span class='ocrx_word' id='word_1_626' title='bbox 1564 4350 1781 4389; x_wconf 90' lang='lat' dir='ltr'><strong>manum</strong></span> <span class='ocrx_word' id='word_1_627' title='bbox 1814 4348 1985 4388; x_wconf 90' lang='lat' dir='ltr'><strong>meam</strong></span> <span class='ocrx_word' id='word_1_628' title='bbox 2018 4331 2071 4385; x_wconf 90' lang='lat' dir='ltr'><strong>in</strong></span> <span class='ocrx_word' id='word_1_629' title='bbox 2115 4346 2263 4394; x_wconf 91' lang='lat' dir='ltr'><strong>eum,</strong></span> 
     </span>
    </p>
   </div>
   <div class='ocr_carea' id='block_1_75' title="bbox 694 4424 2259 4502">
    <p class='ocr_par' dir='ltr' id='par_1_75' title="bbox 694 4424 2259 4502">
     <span class='ocr_line' id='line_1_75' title="bbox 694 4424 2259 4502; baseline -0.004 -18"><span class='ocrx_word' id='word_1_630' title='bbox 694 4435 819 4502; x_wconf 83' lang='lat' dir='ltr'><strong>quia</strong></span> <span class='ocrx_word' id='word_1_631' title='bbox 864 4432 1102 4487; x_wconf 85' lang='lat' dir='ltr'><strong>christus</strong></span> <span class='ocrx_word' id='word_1_632' title='bbox 1131 4430 1339 4485; x_wconf 83' lang='lat' dir='ltr'><strong>Domini</strong></span> <span class='ocrx_word' id='word_1_633' title='bbox 1372 4428 1557 4491; x_wconf 75' lang='lat' dir='ltr'><strong>est“;</strong></span> <span class='ocrx_word' id='word_1_634' title='bbox 1596 4446 1613 4477; x_wconf 78' lang='grc' dir='ltr'><strong>ι</strong></span> <span class='ocrx_word' id='word_1_635' title='bbox 1650 4438 1704 4480; x_wconf 90' lang='lat' dir='ltr'><strong>et</strong></span> <span class='ocrx_word' id='word_1_636' title='bbox 1734 4426 1931 4496; x_wconf 86' lang='lat' dir='ltr'><strong>Cyrum</strong></span> <span class='ocrx_word' id='word_1_637' title='bbox 1966 4424 2259 4478; x_wconf 87' lang='lat' dir='ltr'><strong>similiter:</strong></span> 
     </span>
    </p>
   </div>
   <div class='ocr_carea' id='block_1_76' title="bbox 2368 3238 3956 3316">
    <p class='ocr_par' dir='ltr' id='par_1_76' title="bbox 2368 3238 3956 3316">
     <span class='ocr_line' id='line_1_76' title="bbox 2368 3238 3956 3316; baseline -0.003 -16"><span class='ocrx_word' id='word_1_638' title='bbox 2368 3238 2458 3310; x_wconf 77' lang='grc' dir='ltr'>εἰς’</span> <span class='ocrx_word' id='word_1_639' title='bbox 2480 3246 2574 3300; x_wconf 81' lang='grc' dir='ltr'>δύο</span> <span class='ocrx_word' id='word_1_640' title='bbox 2603 3246 2694 3299; x_wconf 83' lang='grc' dir='ltr'>τὸν</span> <span class='ocrx_word' id='word_1_641' title='bbox 2722 3246 2819 3299; x_wconf 78' lang='grc' dir='ltr'>ἕνα</span> <span class='ocrx_word' id='word_1_642' title='bbox 2864 3245 3069 3316; x_wconf 80' lang='grc' dir='ltr'>Κύριον</span> <span class='ocrx_word' id='word_1_643' title='bbox 3108 3242 3317 3313; x_wconf 80' lang='grc' dir='ltr'>Ἰησοῦν</span> <span class='ocrx_word' id='word_1_644' title='bbox 3351 3243 3606 3313; x_wconf 86' lang='grc' dir='ltr'>Χριστὸν,</span> <span class='ocrx_word' id='word_1_645' title='bbox 3638 3244 3713 3303; x_wconf 77' lang='grc' dir='ltr'>ὡς</span> <span class='ocrx_word' id='word_1_646' title='bbox 3738 3244 3956 3296; x_wconf 82' lang='grc' dir='ltr'>ἀνυπο-</span> 
     </span>
    </p>
   </div>
   <div class='ocr_carea' id='block_1_77' title="bbox 2368 3334 3949 3409">
    <p class='ocr_par' dir='ltr' id='par_1_77' title="bbox 2368 3334 3949 3409">
     <span class='ocr_line' id='line_1_77' title="bbox 2368 3334 3949 3409; baseline -0.004 -17"><span class='ocrx_word' id='word_1_647' title='bbox 2368 3339 2569 3402; x_wconf 75' lang='grc' dir='ltr'>στόλως</span> <span class='ocrx_word' id='word_1_648' title='bbox 2600 3340 2803 3401; x_wconf 76' lang='grc' dir='ltr'>εἰπεῖν,</span> <span class='ocrx_word' id='word_1_649' title='bbox 2849 3340 2984 3409; x_wconf 86' lang='grc' dir='ltr'>μήτε</span> <span class='ocrx_word' id='word_1_650' title='bbox 3026 3337 3159 3390; x_wconf 80' lang='grc' dir='ltr'>Θεὸν</span> <span class='ocrx_word' id='word_1_651' title='bbox 3190 3334 3428 3406; x_wconf 84' lang='grc' dir='ltr'>ἀληθῶς,</span> <span class='ocrx_word' id='word_1_652' title='bbox 3490 3336 3628 3405; x_wconf 87' lang='grc' dir='ltr'>μήτε</span> <span class='ocrx_word' id='word_1_653' title='bbox 3669 3335 3773 3404; x_wconf 78' lang='grc' dir='ltr'>μὴν</span> <span class='ocrx_word' id='word_1_654' title='bbox 3810 3334 3949 3387; x_wconf 80' lang='grc' dir='ltr'>Υῐδν</span> 
     </span>
    </p>
   </div>
   <div class='ocr_carea' id='block_1_78' title="bbox 2366 3426 3957 3499">
    <p class='ocr_par' dir='ltr' id='par_1_78' title="bbox 2366 3426 3957 3499">
     <span class='ocr_line' id='line_1_78' title="bbox 2366 3426 3957 3499; baseline -0.001 -16"><span class='ocrx_word' id='word_1_655' title='bbox 2366 3427 2503 3485; x_wconf 81' lang='grc' dir='ltr'>εἶναι</span> <span class='ocrx_word' id='word_1_656' title='bbox 2556 3432 2697 3483; x_wconf 76' lang='grc' dir='ltr'>κατὰ</span> <span class='ocrx_word' id='word_1_657' title='bbox 2740 3429 2900 3498; x_wconf 83' lang='grc' dir='ltr'>φύσιν</span> <span class='ocrx_word' id='word_1_658' title='bbox 2951 3430 3040 3482; x_wconf 82' lang='grc' dir='ltr'><strong>τὸν</strong></span> <span class='ocrx_word' id='word_1_659' title='bbox 3094 3429 3478 3499; x_wconf 80' lang='grc' dir='ltr'>Ἐμμανουήλ·</span> <span class='ocrx_word' id='word_1_660' title='bbox 3519 3426 3834 3496; x_wconf 82' lang='grc' dir='ltr'>ὠνομάσθαι</span> <span class='ocrx_word' id='word_1_661' title='bbox 3889 3428 3957 3481; x_wconf 76' lang='grc' dir='ltr'>δὲ</span> 
     </span>
    </p>
   </div>
   <div class='ocr_carea' id='block_1_79' title="bbox 2366 3520 3957 3593">
    <p class='ocr_par' dir='ltr' id='par_1_79' title="bbox 2366 3520 3957 3593">
     <span class='ocr_line' id='line_1_79' title="bbox 2366 3520 3957 3593; baseline -0.003 -17"><span class='ocrx_word' id='word_1_662' title='bbox 2366 3524 2507 3576; x_wconf 85' lang='grc' dir='ltr'>οῦτω</span> <span class='ocrx_word' id='word_1_663' title='bbox 2542 3522 2775 3593; x_wconf 82' lang='grc' dir='ltr'>Χριστὸν</span> <span class='ocrx_word' id='word_1_664' title='bbox 2810 3522 2903 3574; x_wconf 69' lang='grc' dir='ltr'>καὶ</span> <span class='ocrx_word' id='word_1_665' title='bbox 2935 3522 3108 3589; x_wconf 72' lang='grc' dir='ltr'>ἅγιον,</span> <span class='ocrx_word' id='word_1_666' title='bbox 3136 3521 3387 3591; x_wconf 82' lang='grc' dir='ltr'>καθάπερ</span> <span class='ocrx_word' id='word_1_667' title='bbox 3420 3520 3610 3589; x_wconf 82' lang='grc' dir='ltr'>ἀμέλει</span> <span class='ocrx_word' id='word_1_668' title='bbox 3640 3521 3731 3572; x_wconf 76' lang='grc' dir='ltr'>καὶ</span> <span class='ocrx_word' id='word_1_669' title='bbox 3764 3520 3957 3587; x_wconf 77' lang='grc' dir='ltr'>ἕτεροί</span> 
     </span>
    </p>
   </div>
   <div class='ocr_carea' id='block_1_80' title="bbox 2366 3612 3959 3684">
    <p class='ocr_par' dir='ltr' id='par_1_80' title="bbox 2366 3612 3959 3684">
     <span class='ocr_line' id='line_1_80' title="bbox 2366 3612 3959 3684; baseline -0.003 -16"><span class='ocrx_word' id='word_1_670' title='bbox 2366 3634 2508 3677; x_wconf 81' lang='grc' dir='ltr'>τινες</span> <span class='ocrx_word' id='word_1_671' title='bbox 2552 3615 2661 3666; x_wconf 87' lang='grc' dir='ltr'><strong>τῶν</strong></span> <span class='ocrx_word' id='word_1_672' title='bbox 2708 3613 2827 3666; x_wconf 88' lang='grc' dir='ltr'>καθ’</span> <span class='ocrx_word' id='word_1_673' title='bbox 2882 3616 3062 3684; x_wconf 76' lang='grc' dir='ltr'>ἡμᾶς,</span> <span class='ocrx_word' id='word_1_674' title='bbox 3125 3615 3293 3683; x_wconf 67' lang='grc' dir='ltr'>ἤγουν</span> <span class='ocrx_word' id='word_1_675' title='bbox 3349 3613 3456 3664; x_wconf 89' lang='grc' dir='ltr'><strong>τῶν</strong></span> <span class='ocrx_word' id='word_1_676' title='bbox 3503 3612 3959 3682; x_wconf 81' lang='grc' dir='ltr'>λελατρευκότων</span> 
     </span>
    </p>
   </div>
   <div class='ocr_carea' id='block_1_81' title="bbox 2368 3701 3821 3773">
    <p class='ocr_par' dir='ltr' id='par_1_81' title="bbox 2368 3701 3821 3773">
     <span class='ocr_line' id='line_1_81' title="bbox 2368 3701 3821 3773; baseline -0.006 -15"><span class='ocrx_word' id='word_1_677' title='bbox 2368 3709 2477 3767; x_wconf 80' lang='grc' dir='ltr'>τοῖς</span> <span class='ocrx_word' id='word_1_678' title='bbox 2503 3704 2833 3773; x_wconf 75' lang='grc' dir='ltr'>ἀκαθάρτοις</span> <span class='ocrx_word' id='word_1_679' title='bbox 2860 3705 3111 3773; x_wconf 77' lang='grc' dir='ltr'>δαίμοσιν</span> <span class='ocrx_word' id='word_1_680' title='bbox 3132 3720 3143 3731; x_wconf 91' lang='grc'><strong>·</strong></span> <span class='ocrx_word' id='word_1_681' title='bbox 3183 3702 3285 3772; x_wconf 80' lang='grc' dir='ltr'>ἔφη</span> <span class='ocrx_word' id='word_1_682' title='bbox 3313 3702 3418 3772; x_wconf 77' lang='grc' dir='ltr'><strong>γὰρ</strong></span> <span class='ocrx_word' id='word_1_683' title='bbox 3449 3701 3592 3756; x_wconf 72' lang='grc' dir='ltr'>οὕτω</span> <span class='ocrx_word' id='word_1_684' title='bbox 3628 3701 3821 3755; x_wconf 66' lang='grc' dir='ltr'>πάλιν·</span> 
     </span>
    </p>
   </div>
   <div class='ocr_carea' id='block_1_82' title="bbox 2437 3878 3951 3951">
    <p class='ocr_par' dir='ltr' id='par_1_82' title="bbox 2437 3878 3951 3951">
     <span class='ocr_line' id='line_1_82' title="bbox 2437 3878 3951 3951; baseline -0.001 -18"><span class='ocrx_word' id='word_1_685' title='bbox 2437 3880 2612 3951; x_wconf 82' lang='grc' dir='ltr'>[Ἀλλ’</span> <span class='ocrx_word' id='word_1_686' title='bbox 2656 3880 2843 3951; x_wconf 78' lang='grc' dir='ltr'>ὥσπερ</span> <span class='ocrx_word' id='word_1_687' title='bbox 2871 3879 3098 3949; x_wconf 79' lang='grc' dir='ltr'>λέγομεν</span> <span class='ocrx_word' id='word_1_688' title='bbox 3130 3878 3260 3932; x_wconf 77' lang='grc' dir='ltr'>Θεὸν</span> <span class='ocrx_word' id='word_1_689' title='bbox 3293 3878 3381 3930; x_wconf 82' lang='grc' dir='ltr'>τὸν</span> <span class='ocrx_word' id='word_1_690' title='bbox 3428 3878 3645 3931; x_wconf 85' lang='grc' dir='ltr'>πάντων</span> <span class='ocrx_word' id='word_1_691' title='bbox 3676 3882 3951 3948; x_wconf 77' lang='grc' dir='ltr'>Δημιουρ-</span> 
     </span>
    </p>
   </div>
   <div class='ocr_carea' id='block_1_83' title="bbox 2366 3965 3957 4038">
    <p class='ocr_par' dir='ltr' id='par_1_83' title="bbox 2366 3965 3957 4038">
     <span class='ocr_line' id='line_1_83' title="bbox 2366 3965 3957 4038; baseline 0 -17"><span class='ocrx_word' id='word_1_692' title='bbox 2366 3969 2483 4036; x_wconf 84' lang='grc' dir='ltr'>γὸν,</span> <span class='ocrx_word' id='word_1_693' title='bbox 2516 3968 2610 4021; x_wconf 80' lang='grc' dir='ltr'>καὶ</span> <span class='ocrx_word' id='word_1_694' title='bbox 2627 3968 2747 4020; x_wconf 86' lang='grc' dir='ltr'>θεὸν</span> <span class='ocrx_word' id='word_1_695' title='bbox 2764 3969 2854 4020; x_wconf 91' lang='grc' dir='ltr'>τὸν</span> <span class='ocrx_word' id='word_1_696' title='bbox 2876 3969 3082 4021; x_wconf 86' lang='grc' dir='ltr'>Μωσέα</span> <span class='ocrx_word' id='word_1_697' title='bbox 3104 3984 3117 3997; x_wconf 89' lang='grc'><strong>·</strong></span> <span class='ocrx_word' id='word_1_698' title='bbox 3158 3988 3175 4018; x_wconf 78' lang='grc' dir='ltr'><strong>ι</strong></span> <span class='ocrx_word' id='word_1_699' title='bbox 3208 3968 3339 4020; x_wconf 67' lang='grc' dir='ltr'>Θεὸν</span> <span class='ocrx_word' id='word_1_700' title='bbox 3357 3965 3485 4037; x_wconf 84' lang='grc' dir='ltr'>γὰρ,</span> <span class='ocrx_word' id='word_1_701' title='bbox 3518 3968 3651 4038; x_wconf 66' lang='grc' dir='ltr'>φησι</span> <span class='ocrx_word' id='word_1_702' title='bbox 3672 4007 3685 4028; x_wconf 83' lang='grc'><strong>,</strong></span> <span class='ocrx_word' id='word_1_703' title='bbox 3720 3966 3957 4021; x_wconf 74' lang='grc' dir='ltr'>τέθεικὰ</span> 
     </span>
    </p>
   </div>
   <div class='ocr_carea' id='block_1_84' title="bbox 2368 4057 3954 4129">
    <p class='ocr_par' dir='ltr' id='par_1_84' title="bbox 2368 4057 3954 4129">
     <span class='ocr_line' id='line_1_84' title="bbox 2368 4057 3954 4129; baseline -0.001 -17"><span class='ocrx_word' id='word_1_704' title='bbox 2368 4077 2426 4113; x_wconf 91' lang='grc' dir='ltr'>σε</span> <span class='ocrx_word' id='word_1_705' title='bbox 2467 4059 2561 4112; x_wconf 88' lang='grc' dir='ltr'><strong>τοῦ</strong></span> <span class='ocrx_word' id='word_1_706' title='bbox 2595 4059 2813 4129; x_wconf 82' lang='grc' dir='ltr'>Φαραώ·</span> <span class='ocrx_word' id='word_1_707' title='bbox 2871 4078 2887 4109; x_wconf 73' lang='grc' dir='ltr'><strong>ι</strong></span> <span class='ocrx_word' id='word_1_708' title='bbox 2938 4058 3032 4111; x_wconf 76' lang='grc' dir='ltr'>καὶ</span> <span class='ocrx_word' id='word_1_709' title='bbox 3082 4058 3193 4110; x_wconf 73' lang='grc' dir='ltr'>υίδν</span> <span class='ocrx_word' id='word_1_710' title='bbox 3236 4057 3329 4111; x_wconf 79' lang='grc' dir='ltr'>τὸν</span> <span class='ocrx_word' id='word_1_711' title='bbox 3374 4058 3589 4129; x_wconf 77' lang='grc' dir='ltr'>Ἰσραὴλ</span> <span class='ocrx_word' id='word_1_712' title='bbox 3640 4058 3732 4110; x_wconf 87' lang='grc' dir='ltr'><strong>τοῦ</strong></span> <span class='ocrx_word' id='word_1_713' title='bbox 3782 4058 3954 4111; x_wconf 82' lang='grc' dir='ltr'>Θεοῦ·</span> 
     </span>
    </p>
   </div>
   <div class='ocr_carea' id='block_1_85' title="bbox 2373 4147 3956 4220">
    <p class='ocr_par' dir='ltr' id='par_1_85' title="bbox 2373 4147 3956 4220">
     <span class='ocr_line' id='line_1_85' title="bbox 2373 4147 3956 4220; baseline -0.003 -17"><span class='ocrx_word' id='word_1_714' title='bbox 2373 4172 2390 4203; x_wconf 77' lang='grc' dir='ltr'><strong>ι</strong></span> <span class='ocrx_word' id='word_1_715' title='bbox 2430 4152 2553 4213; x_wconf 85' lang='grc' dir='ltr'>Υίὸς</span> <span class='ocrx_word' id='word_1_716' title='bbox 2599 4150 2728 4220; x_wconf 79' lang='grc' dir='ltr'>γὰρ,</span> <span class='ocrx_word' id='word_1_717' title='bbox 2766 4151 2930 4219; x_wconf 75' lang='grc' dir='ltr'>φησὶ,</span> <span class='ocrx_word' id='word_1_718' title='bbox 2972 4149 3317 4219; x_wconf 84' lang='grc' dir='ltr'>πρωτότοκός</span> <span class='ocrx_word' id='word_1_719' title='bbox 3352 4165 3451 4217; x_wconf 89' lang='grc' dir='ltr'><strong>μου</strong></span> <span class='ocrx_word' id='word_1_720' title='bbox 3504 4147 3749 4217; x_wconf 86' lang='grc' dir='ltr'>Ἰσραήλ·</span> <span class='ocrx_word' id='word_1_721' title='bbox 3798 4166 3816 4196; x_wconf 76' lang='grc' dir='ltr'><strong>ι</strong></span> <span class='ocrx_word' id='word_1_722' title='bbox 3849 4150 3956 4199; x_wconf 74' lang='grc' dir='ltr'>καὶ</span> 
     </span>
    </p>
   </div>
   <div class='ocr_carea' id='block_1_86' title="bbox 2365 4236 3954 4313">
    <p class='ocr_par' dir='ltr' id='par_1_86' title="bbox 2365 4236 3954 4313">
     <span class='ocr_line' id='line_1_86' title="bbox 2365 4236 3954 4313; baseline -0.006 -15"><span class='ocrx_word' id='word_1_723' title='bbox 2365 4246 2554 4313; x_wconf 89' lang='grc' dir='ltr'>ῶσπερ</span> <span class='ocrx_word' id='word_1_724' title='bbox 2606 4242 2837 4312; x_wconf 88' lang='grc' dir='ltr'>λέγομεν</span> <span class='ocrx_word' id='word_1_725' title='bbox 2898 4240 3117 4311; x_wconf 80' lang='grc' dir='ltr'>χριστὸν</span> <span class='ocrx_word' id='word_1_726' title='bbox 3161 4240 3251 4292; x_wconf 82' lang='grc' dir='ltr'>τὸν</span> <span class='ocrx_word' id='word_1_727' title='bbox 3296 4238 3501 4292; x_wconf 85' lang='grc' dir='ltr'>Σαούλ·</span> <span class='ocrx_word' id='word_1_728' title='bbox 3542 4257 3559 4289; x_wconf 78' lang='grc' dir='ltr'><strong>ι</strong></span> <span class='ocrx_word' id='word_1_729' title='bbox 3590 4239 3661 4289; x_wconf 71' lang='grc' dir='ltr'><strong>Οὔ</strong></span> <span class='ocrx_word' id='word_1_730' title='bbox 3702 4236 3774 4306; x_wconf 86' lang='grc' dir='ltr'>μὴ</span> <span class='ocrx_word' id='word_1_731' title='bbox 3810 4237 3954 4307; x_wconf 82' lang='grc' dir='ltr'>γὰρ,</span> 
     </span>
    </p>
   </div>
   <div class='ocr_carea' id='block_1_87' title="bbox 2367 4330 3954 4406">
    <p class='ocr_par' dir='ltr' id='par_1_87' title="bbox 2367 4330 3954 4406">
     <span class='ocr_line' id='line_1_87' title="bbox 2367 4330 3954 4406; baseline -0.005 -17"><span class='ocrx_word' id='word_1_732' title='bbox 2367 4337 2549 4406; x_wconf 76' lang='grc' dir='ltr'>φησὶν.</span> <span class='ocrx_word' id='word_1_733' title='bbox 2581 4334 2824 4388; x_wconf 78' lang='grc' dir='ltr'>ἐπιϐαλῶ</span> <span class='ocrx_word' id='word_1_734' title='bbox 2850 4336 2948 4402; x_wconf 83' lang='grc' dir='ltr'>τὴν</span> <span class='ocrx_word' id='word_1_735' title='bbox 2979 4333 3136 4403; x_wconf 82' lang='grc' dir='ltr'>χεῖρά</span> <span class='ocrx_word' id='word_1_736' title='bbox 3165 4348 3264 4402; x_wconf 89' lang='grc' dir='ltr'><strong>μου</strong></span> <span class='ocrx_word' id='word_1_737' title='bbox 3291 4330 3376 4383; x_wconf 73' lang='grc' dir='ltr'><strong>ἐπ’</strong></span> <span class='ocrx_word' id='word_1_738' title='bbox 3406 4330 3687 4392; x_wconf 81' lang='grc' dir='ltr'>αὑτὸν,ὃτι</span> <span class='ocrx_word' id='word_1_739' title='bbox 3720 4331 3954 4399; x_wconf 83' lang='grc' dir='ltr'>χριστὸς</span> 
     </span>
    </p>
   </div>
   <div class='ocr_carea' id='block_1_88' title="bbox 2368 4418 3956 4495">
    <p class='ocr_par' dir='ltr' id='par_1_88' title="bbox 2368 4418 3956 4495">
     <span class='ocr_line' id='line_1_88' title="bbox 2368 4418 3956 4495; baseline -0.006 -14"><span class='ocrx_word' id='word_1_740' title='bbox 2368 4428 2572 4495; x_wconf 78' lang='grc' dir='ltr'>Κυρίου</span> <span class='ocrx_word' id='word_1_741' title='bbox 2620 4428 2765 4479; x_wconf 82' lang='grc' dir='ltr'>ὲστί·</span> <span class='ocrx_word' id='word_1_742' title='bbox 2807 4443 2825 4477; x_wconf 79' lang='grc' dir='ltr'><strong>ι</strong></span> <span class='ocrx_word' id='word_1_743' title='bbox 2864 4425 2959 4479; x_wconf 79' lang='grc' dir='ltr'>καὶ</span> <span class='ocrx_word' id='word_1_744' title='bbox 3012 4424 3192 4495; x_wconf 82' lang='grc' dir='ltr'>Κῦρον</span> <span class='ocrx_word' id='word_1_745' title='bbox 3234 4420 3519 4483; x_wconf 82' lang='grc' dir='ltr'>ὡσαύτως·</span> <span class='ocrx_word' id='word_1_746' title='bbox 3560 4440 3575 4471; x_wconf 85' lang='grc' dir='ltr'><strong>ι</strong></span> <span class='ocrx_word' id='word_1_747' title='bbox 3611 4420 3748 4473; x_wconf 80' lang='grc' dir='ltr'>Τάδε</span> <span class='ocrx_word' id='word_1_748' title='bbox 3793 4418 3956 4486; x_wconf 81' lang='grc' dir='ltr'>λέγει</span> 
     </span>
    </p>
   </div>
   <div class='ocr_carea' id='block_1_89' title="bbox 700 4497 2261 4592">
    <p class='ocr_par' dir='ltr' id='par_1_89' title="bbox 700 4497 2261 4587">
     <span class='ocr_line' id='line_1_89' title="bbox 700 4497 2261 4587; baseline -0.004 -10"><span class='ocrx_word' id='word_1_749' title='bbox 700 4497 874 4580; x_wconf 52' lang='lat' dir='ltr'><strong>illaec</strong></span> <span class='ocrx_word' id='word_1_750' title='bbox 924 4525 1053 4578; x_wconf 91' lang='lat' dir='ltr'><strong>dicit</strong></span> <span class='ocrx_word' id='word_1_751' title='bbox 1108 4522 1366 4576; x_wconf 88' lang='lat' dir='ltr'><strong>Dominus</strong></span> <span class='ocrx_word' id='word_1_752' title='bbox 1421 4521 1625 4575; x_wconf 90' lang='lat' dir='ltr'><strong>christo</strong></span> <span class='ocrx_word' id='word_1_753' title='bbox 1678 4535 1799 4573; x_wconf 92' lang='lat' dir='ltr'><strong>meo</strong></span> <span class='ocrx_word' id='word_1_754' title='bbox 1850 4518 1991 4587; x_wconf 85' lang='lat' dir='ltr'><strong>Cyro</strong></span> <span class='ocrx_word' id='word_1_755' title='bbox 2030 4518 2110 4583; x_wconf 86' lang='grc'><strong>¹⁸;</strong></span> <span class='ocrx_word' id='word_1_756' title='bbox 2144 4536 2160 4567; x_wconf 75' lang='grc' dir='ltr'><strong>ι</strong></span> <span class='ocrx_word' id='word_1_757' title='bbox 2210 4526 2261 4570; x_wconf 91' lang='lat' dir='ltr'><strong>et</strong></span> 
     </span>
    </p>
   </div>
   <div class='ocr_carea' id='block_1_90' title="bbox 2365 4497 3957 4592">
    <p class='ocr_par' dir='ltr' id='par_1_90' title="bbox 2368 4502 3957 4592">
     <span class='ocr_line' id='line_1_90' title="bbox 2368 4502 3957 4592; baseline -0.008 -16"><span class='ocrx_word' id='word_1_758' title='bbox 2368 4521 2574 4592; x_wconf 80' lang='grc' dir='ltr'>Κύριος</span> <span class='ocrx_word' id='word_1_759' title='bbox 2595 4520 2673 4591; x_wconf 80' lang='grc' dir='ltr'>τῷ</span> <span class='ocrx_word' id='word_1_760' title='bbox 2701 4518 2907 4591; x_wconf 79' lang='grc' dir='ltr'>χριστῷ</span> <span class='ocrx_word' id='word_1_761' title='bbox 2939 4535 3039 4588; x_wconf 89' lang='grc' dir='ltr'><strong>μου</strong></span> <span class='ocrx_word' id='word_1_762' title='bbox 3068 4502 3266 4587; x_wconf 77' lang='grc' dir='ltr'>Κύρῳ·</span> <span class='ocrx_word' id='word_1_763' title='bbox 3292 4533 3310 4565; x_wconf 75' lang='grc' dir='ltr'><strong><em>ο</em></strong></span> <span class='ocrx_word' id='word_1_764' title='bbox 3353 4514 3448 4567; x_wconf 62' lang='grc' dir='ltr'><strong>κα)⁸</strong></span> <span class='ocrx_word' id='word_1_765' title='bbox 3480 4514 3571 4566; x_wconf 81' lang='grc' dir='ltr'>τὸν</span> <span class='ocrx_word' id='word_1_766' title='bbox 3605 4511 3957 4565; x_wconf 82' lang='grc' dir='ltr'>Βαϐυλώνιον</span> 
     </span>
    </p>
   </div>
   <div class='ocr_carea' id='block_1_91' title="bbox 697 4609 2261 4686">
    <p class='ocr_par' dir='ltr' id='par_1_91' title="bbox 697 4609 2261 4686">
     <span class='ocr_line' id='line_1_91' title="bbox 697 4609 2261 4686; baseline -0.006 -16"><span class='ocrx_word' id='word_1_767' title='bbox 697 4621 868 4686; x_wconf 81' lang='lat' dir='ltr'><strong>ipsum</strong></span> <span class='ocrx_word' id='word_1_768' title='bbox 906 4614 1255 4684; x_wconf 78' lang='lat' dir='ltr'><strong>Babylonium</strong></span> <span class='ocrx_word' id='word_1_769' title='bbox 1285 4621 1531 4665; x_wconf 89' lang='lat' dir='ltr'><strong>sanctum</strong></span> <span class='ocrx_word' id='word_1_770' title='bbox 1568 4629 1579 4664; x_wconf 95' lang='lat'>:</span> <span class='ocrx_word' id='word_1_771' title='bbox 1613 4630 1631 4661; x_wconf 78' lang='grc' dir='ltr'><strong>ι</strong></span> <span class='ocrx_word' id='word_1_772' title='bbox 1669 4609 1802 4679; x_wconf 85' lang='lat' dir='ltr'><strong>Ego,</strong></span> <span class='ocrx_word' id='word_1_773' title='bbox 1840 4610 2033 4678; x_wconf 90' lang='lat' dir='ltr'><strong>inquit,</strong></span> <span class='ocrx_word' id='word_1_774' title='bbox 2070 4610 2261 4676; x_wconf 62' lang='lat' dir='ltr'><strong>pracci-</strong></span> 
     </span>
    </p>
   </div>
   <div class='ocr_carea' id='block_1_92' title="bbox 696 4701 2264 4776">
    <p class='ocr_par' dir='ltr' id='par_1_92' title="bbox 696 4701 2264 4776">
     <span class='ocr_line' id='line_1_92' title="bbox 696 4701 2264 4776; baseline -0.003 -18"><span class='ocrx_word' id='word_1_775' title='bbox 696 4710 783 4776; x_wconf 80' lang='lat' dir='ltr'><strong>pio</strong></span> <span class='ocrx_word' id='word_1_776' title='bbox 832 4706 1017 4761; x_wconf 81' lang='lat' dir='ltr'><strong>eis&quot;:</strong></span> <span class='ocrx_word' id='word_1_777' title='bbox 1056 4725 1073 4757; x_wconf 71' lang='grc' dir='ltr'><strong>ι</strong></span> <span class='ocrx_word' id='word_1_778' title='bbox 1113 4706 1190 4758; x_wconf 86' lang='lat' dir='ltr'><strong>sic</strong></span> <span class='ocrx_word' id='word_1_779' title='bbox 1229 4704 1463 4759; x_wconf 88' lang='lat' dir='ltr'><strong>dicimus</strong></span> <span class='ocrx_word' id='word_1_780' title='bbox 1506 4704 1679 4771; x_wconf 91' lang='lat' dir='ltr'><strong>ipsum</strong></span> <span class='ocrx_word' id='word_1_781' title='bbox 1724 4716 1941 4770; x_wconf 88' lang='lat' dir='ltr'><strong>quoque</strong></span> <span class='ocrx_word' id='word_1_782' title='bbox 1979 4701 2264 4754; x_wconf 91' lang='lat' dir='ltr'><strong>Dominum</strong></span> 
     </span>
    </p>
   </div>
   <div class='ocr_carea' id='block_1_93' title="bbox 695 4789 2263 4860">
    <p class='ocr_par' dir='ltr' id='par_1_93' title="bbox 695 4789 2263 4860">
     <span class='ocr_line' id='line_1_93' title="bbox 695 4789 2263 4860; baseline -0.006 -8"><span class='ocrx_word' id='word_1_783' title='bbox 695 4802 991 4860; x_wconf 76' lang='lat' dir='ltr'><strong>Christum,</strong></span> <span class='ocrx_word' id='word_1_784' title='bbox 1028 4808 1080 4851; x_wconf 91' lang='lat' dir='ltr'><strong>et</strong></span> <span class='ocrx_word' id='word_1_785' title='bbox 1128 4794 1317 4857; x_wconf 87' lang='lat' dir='ltr'><strong>Deum.</strong></span> <span class='ocrx_word' id='word_1_786' title='bbox 1375 4804 1429 4848; x_wconf 90' lang='lat' dir='ltr'><strong>et</strong></span> <span class='ocrx_word' id='word_1_787' title='bbox 1478 4792 1699 4855; x_wconf 84' lang='lat' dir='ltr'><strong>Filium,</strong></span> <span class='ocrx_word' id='word_1_788' title='bbox 1753 4802 1807 4844; x_wconf 92' lang='lat' dir='ltr'><strong>et</strong></span> <span class='ocrx_word' id='word_1_789' title='bbox 1839 4800 2107 4843; x_wconf 87' lang='lat' dir='ltr'><strong>sanctum.</strong></span> <span class='ocrx_word' id='word_1_790' title='bbox 2158 4789 2263 4843; x_wconf 86' lang='lat' dir='ltr'><strong>Sed</strong></span> 
     </span>
    </p>
   </div>
   <div class='ocr_carea' id='block_1_94' title="bbox 694 4880 2264 4956">
    <p class='ocr_par' dir='ltr' id='par_1_94' title="bbox 694 4880 2264 4956">
     <span class='ocr_line' id='line_1_94' title="bbox 694 4880 2264 4956; baseline -0.004 -18"><span class='ocrx_word' id='word_1_791' title='bbox 694 4889 939 4956; x_wconf 82' lang='lat' dir='ltr'><strong>quamvis</strong></span> <span class='ocrx_word' id='word_1_792' title='bbox 984 4888 1171 4939; x_wconf 83' lang='lat' dir='ltr'><strong>eadem</strong></span> <span class='ocrx_word' id='word_1_793' title='bbox 1224 4887 1293 4938; x_wconf 91' lang='lat' dir='ltr'><strong>sit</strong></span> <span class='ocrx_word' id='word_1_794' title='bbox 1331 4883 1641 4937; x_wconf 89' lang='lat' dir='ltr'><strong>communio</strong></span> <span class='ocrx_word' id='word_1_795' title='bbox 1689 4880 1989 4944; x_wconf 89' lang='lat' dir='ltr'><strong>nominum,</strong></span> <span class='ocrx_word' id='word_1_796' title='bbox 2039 4895 2146 4933; x_wconf 90' lang='lat' dir='ltr'><strong>non</strong></span> <span class='ocrx_word' id='word_1_797' title='bbox 2186 4889 2264 4933; x_wconf 87' lang='lat' dir='ltr'><strong>ta-</strong></span> 
     </span>
    </p>
   </div>
   <div class='ocr_carea' id='block_1_95' title="bbox 696 4975 1459 5048">
    <p class='ocr_par' dir='ltr' id='par_1_95' title="bbox 696 4975 1459 5048">
     <span class='ocr_line' id='line_1_95' title="bbox 696 4975 1459 5048; baseline -0.008 -14"><span class='ocrx_word' id='word_1_798' title='bbox 696 4997 816 5035; x_wconf 88' lang='lat' dir='ltr'><strong>men</strong></span> <span class='ocrx_word' id='word_1_799' title='bbox 853 4988 933 5033; x_wconf 86' lang='lat' dir='ltr'><strong>est</strong></span> <span class='ocrx_word' id='word_1_800' title='bbox 962 4980 1148 5033; x_wconf 81' lang='lat' dir='ltr'><strong>eadem</strong></span> <span class='ocrx_word' id='word_1_801' title='bbox 1178 4975 1459 5048; x_wconf 63' lang='lat' dir='ltr'><strong>dignitas]</strong></span> 
     </span>
    </p>
   </div>
   <div class='ocr_carea' id='block_1_96' title="bbox 1339 5091 1619 5145">
    <p class='ocr_par' dir='ltr' id='par_1_96' title="bbox 1339 5091 1619 5145">
     <span class='ocr_line' id='line_1_96' title="bbox 1339 5091 1619 5145; baseline -0.004 0"><span class='ocrx_word' id='word_1_802' title='bbox 1339 5091 1489 5145; x_wconf 75' lang='lat' dir='ltr'><strong>CAP.</strong></span> <span class='ocrx_word' id='word_1_803' title='bbox 1531 5092 1619 5144; x_wconf 84' lang='lat' dir='ltr'><strong>IV.</strong></span> 
     </span>
    </p>
   </div>
   <div class='ocr_carea' id='block_1_97' title="bbox 762 5208 2271 5278">
    <p class='ocr_par' dir='ltr' id='par_1_97' title="bbox 762 5208 2271 5278">
     <span class='ocr_line' id='line_1_97' title="bbox 762 5208 2271 5278; baseline 0.004 -15"><span class='ocrx_word' id='word_1_804' title='bbox 762 5212 898 5277; x_wconf 84' lang='lat' dir='ltr'><strong>Quid</strong></span> <span class='ocrx_word' id='word_1_805' title='bbox 927 5209 1099 5263; x_wconf 91' lang='lat' dir='ltr'><strong>dicis?</strong></span> <span class='ocrx_word' id='word_1_806' title='bbox 1126 5208 1342 5278; x_wconf 84' lang='lat' dir='ltr'><strong>qualem</strong></span> <span class='ocrx_word' id='word_1_807' title='bbox 1388 5221 1691 5261; x_wconf 90' lang='lat' dir='ltr'><strong>sermonem</strong></span> <span class='ocrx_word' id='word_1_808' title='bbox 1732 5218 1947 5264; x_wconf 86' lang='lat' dir='ltr'><strong>eructas</strong></span> <span class='ocrx_word' id='word_1_809' title='bbox 1990 5214 2057 5265; x_wconf 92' lang='lat' dir='ltr'><strong>de</strong></span> <span class='ocrx_word' id='word_1_810' title='bbox 2106 5213 2271 5270; x_wconf 83' lang='lat' dir='ltr'><strong>corde</strong></span> 
     </span>
    </p>
   </div>
   <div class='ocr_carea' id='block_1_98' title="bbox 765 5362 2083 5440">
    <p class='ocr_par' dir='ltr' id='par_1_98' title="bbox 765 5362 2083 5440">
     <span class='ocr_line' id='line_1_98' title="bbox 765 5362 2083 5440; baseline 0.018 -34"><span class='ocrx_word' id='word_1_811' title='bbox 765 5368 806 5440; x_wconf 54' lang='lat' dir='ltr'><strong>to</strong></span> <span class='ocrx_word' id='word_1_812' title='bbox 834 5366 873 5419; x_wconf 83' lang='grc' dir='ltr'><strong>ιι</strong></span> <span class='ocrx_word' id='word_1_813' title='bbox 899 5366 1023 5422; x_wconf 84' lang='lat' dir='ltr'><strong>Cor.</strong></span> <span class='ocrx_word' id='word_1_814' title='bbox 1058 5363 1271 5440; x_wconf 63' lang='lat' dir='ltr'><strong>vin,_9._</strong></span> <span class='ocrx_word' id='word_1_815' title='bbox 1368 5364 1406 5393; x_wconf 87' lang='grc'>¹¹</span> <span class='ocrx_word' id='word_1_816' title='bbox 1437 5362 1623 5440; x_wconf 65' lang='lat' dir='ltr'><strong>Matth.</strong></span> <span class='ocrx_word' id='word_1_817' title='bbox 1662 5380 1793 5433; x_wconf 79' lang='lat' dir='ltr'><strong>xvii,</strong></span> <span class='ocrx_word' id='word_1_818' title='bbox 1824 5369 1897 5423; x_wconf 64' lang='lat'><strong>33</strong></span> <span class='ocrx_word' id='word_1_819' title='bbox 1930 5385 2083 5440; x_wconf 76' lang='lat' dir='ltr'><strong>seqq.</strong></span> 
     </span>
    </p>
   </div>
   <div class='ocr_carea' id='block_1_99' title="bbox 696 5432 1596 5500">
    <p class='ocr_par' dir='ltr' id='par_1_99' title="bbox 696 5432 1596 5500">
     <span class='ocr_line' id='line_1_99' title="bbox 696 5432 1596 5500; baseline -0.001 -12"><span class='ocrx_word' id='word_1_820' title='bbox 696 5435 863 5489; x_wconf 83' lang='lat' dir='ltr'><strong>&quot;lsa.</strong></span> <span class='ocrx_word' id='word_1_821' title='bbox 894 5451 1017 5500; x_wconf 76' lang='lat' dir='ltr'><strong>va,</strong></span> <span class='ocrx_word' id='word_1_822' title='bbox 1060 5435 1111 5487; x_wconf 76' lang='grc' dir='ltr'>ί.</span> <span class='ocrx_word' id='word_1_823' title='bbox 1191 5434 1232 5464; x_wconf 85' lang='grc'><strong>¹⁶</strong></span> <span class='ocrx_word' id='word_1_824' title='bbox 1258 5434 1358 5487; x_wconf 87' lang='lat' dir='ltr'><strong>lsa.</strong></span> <span class='ocrx_word' id='word_1_825' title='bbox 1398 5449 1518 5499; x_wconf 82' lang='lat' dir='ltr'><strong>xiii.</strong></span> <span class='ocrx_word' id='word_1_826' title='bbox 1544 5432 1596 5490; x_wconf 72' lang='grc' dir='ltr'><strong>ὅ.</strong></span> 
     </span>
    </p>
   </div>
   <div class='ocr_carea' id='block_1_100' title="bbox 2191 5367 2680 5435">
    <p class='ocr_par' dir='ltr' id='par_1_100' title="bbox 2191 5367 2680 5435">
     <span class='ocr_line' id='line_1_100' title="bbox 2191 5367 2680 5435; baseline -0.008 -12"><span class='ocrx_word' id='word_1_827' title='bbox 2191 5372 2233 5401; x_wconf 74' lang='grc'><strong>⁸⁸</strong></span> <span class='ocrx_word' id='word_1_828' title='bbox 2272 5368 2441 5425; x_wconf 86' lang='lat' dir='ltr'><strong>Exod.</strong></span> <span class='ocrx_word' id='word_1_829' title='bbox 2481 5384 2581 5435; x_wconf 84' lang='lat' dir='ltr'><strong>vii,</strong></span> <span class='ocrx_word' id='word_1_830' title='bbox 2628 5367 2680 5420; x_wconf 73' lang='lat' dir='ltr'><strong>‘l.</strong></span> 
     </span>
    </p>
   </div>
   <div class='ocr_carea' id='block_1_101' title="bbox 2368 4603 3951 4683">
    <p class='ocr_par' dir='ltr' id='par_1_101' title="bbox 2368 4603 3951 4683">
     <span class='ocr_line' id='line_1_101' title="bbox 2368 4603 3951 4683; baseline -0.009 -15"><span class='ocrx_word' id='word_1_831' title='bbox 2368 4618 2557 4683; x_wconf 73' lang='grc' dir='ltr'>ἅγιον·</span> <span class='ocrx_word' id='word_1_832' title='bbox 2597 4634 2614 4664; x_wconf 81' lang='grc' dir='ltr'><strong>ι</strong></span> <span class='ocrx_word' id='word_1_833' title='bbox 2654 4612 2797 4680; x_wconf 83' lang='grc' dir='ltr'><strong>Ἐγὼ</strong></span> <span class='ocrx_word' id='word_1_834' title='bbox 2834 4611 2963 4682; x_wconf 83' lang='grc' dir='ltr'>γὰρ,</span> <span class='ocrx_word' id='word_1_835' title='bbox 2997 4609 3152 4678; x_wconf 68' lang='grc' dir='ltr'>φησι,</span> <span class='ocrx_word' id='word_1_836' title='bbox 3191 4607 3472 4661; x_wconf 81' lang='grc' dir='ltr'>συντάσσω</span> <span class='ocrx_word' id='word_1_837' title='bbox 3516 4608 3696 4666; x_wconf 77' lang='grc' dir='ltr'>αὐτοῖς</span> <span class='ocrx_word' id='word_1_838' title='bbox 3726 4603 3837 4670; x_wconf 80' lang='grc' dir='ltr'><strong>(Η)</strong></span> <span class='ocrx_word' id='word_1_839' title='bbox 3864 4620 3877 4631; x_wconf 92' lang='grc'><strong>·</strong></span> <span class='ocrx_word' id='word_1_840' title='bbox 3932 4624 3951 4653; x_wconf 77' lang='grc' dir='ltr'><strong>ι</strong></span> 
     </span>
    </p>
   </div>
   <div class='ocr_carea' id='block_1_102' title="bbox 2368 4689 3959 4772">
    <p class='ocr_par' dir='ltr' id='par_1_102' title="bbox 2368 4689 3959 4772">
     <span class='ocr_line' id='line_1_102' title="bbox 2368 4689 3959 4772; baseline -0.009 -15"><span class='ocrx_word' id='word_1_841' title='bbox 2368 4704 2510 4757; x_wconf 75' lang='grc' dir='ltr'>οὕτω</span> <span class='ocrx_word' id='word_1_842' title='bbox 2542 4702 2775 4772; x_wconf 86' lang='grc' dir='ltr'>λέγομεν</span> <span class='ocrx_word' id='word_1_843' title='bbox 2821 4703 2907 4753; x_wconf 69' lang='grc' dir='ltr'>καὶ</span> <span class='ocrx_word' id='word_1_844' title='bbox 2940 4700 3028 4750; x_wconf 84' lang='grc' dir='ltr'>τὸν</span> <span class='ocrx_word' id='word_1_845' title='bbox 3055 4696 3330 4765; x_wconf 85' lang='grc' dir='ltr'>Δεσπότην</span> <span class='ocrx_word' id='word_1_846' title='bbox 3361 4695 3620 4764; x_wconf 84' lang='grc' dir='ltr'>Χριστὸν,</span> <span class='ocrx_word' id='word_1_847' title='bbox 3670 4693 3764 4744; x_wconf 80' lang='grc' dir='ltr'>καὶ</span> <span class='ocrx_word' id='word_1_848' title='bbox 3814 4689 3959 4743; x_wconf 80' lang='grc' dir='ltr'>Θεὸν</span> 
     </span>
    </p>
   </div>
   <div class='ocr_carea' id='block_1_103' title="bbox 2376 4778 3955 4859">
    <p class='ocr_par' dir='ltr' id='par_1_103' title="bbox 2376 4778 3955 4859">
     <span class='ocr_line' id='line_1_103' title="bbox 2376 4778 3955 4859; baseline -0.01 -8"><span class='ocrx_word' id='word_1_849' title='bbox 2376 4797 2468 4851; x_wconf 74' lang='grc' dir='ltr'>καὶ</span> <span class='ocrx_word' id='word_1_850' title='bbox 2501 4795 2625 4849; x_wconf 82' lang='grc' dir='ltr'>Υίδν</span> <span class='ocrx_word' id='word_1_851' title='bbox 2661 4795 2753 4847; x_wconf 69' lang='grc' dir='ltr'>καὶ</span> <span class='ocrx_word' id='word_1_852' title='bbox 2796 4794 2972 4859; x_wconf 71' lang='grc' dir='ltr'>ἅγιον.</span> <span class='ocrx_word' id='word_1_853' title='bbox 3011 4790 3148 4842; x_wconf 64' lang='lat' dir='ltr'><strong>‘AD.’</strong></span> <span class='ocrx_word' id='word_1_854' title='bbox 3181 4790 3214 4857; x_wconf 89' lang='grc' dir='ltr'>ἠ</span> <span class='ocrx_word' id='word_1_855' title='bbox 3265 4788 3361 4856; x_wconf 81' lang='grc' dir='ltr'>μὲν</span> <span class='ocrx_word' id='word_1_856' title='bbox 3410 4784 3661 4838; x_wconf 89' lang='grc' dir='ltr'>κοινωνία</span> <span class='ocrx_word' id='word_1_857' title='bbox 3692 4778 3800 4835; x_wconf 88' lang='grc' dir='ltr'><strong>τῶν</strong></span> <span class='ocrx_word' id='word_1_858' title='bbox 3828 4783 3955 4836; x_wconf 80' lang='grc' dir='ltr'>ὀνο-</span> 
     </span>
    </p>
   </div>
   <div class='ocr_carea' id='block_1_104' title="bbox 2375 4877 3395 4961">
    <p class='ocr_par' dir='ltr' id='par_1_104' title="bbox 2375 4877 3395 4961">
     <span class='ocr_line' id='line_1_104' title="bbox 2375 4877 3395 4961; baseline -0.014 -17"><span class='ocrx_word' id='word_1_859' title='bbox 2375 4891 2559 4961; x_wconf 83' lang='grc' dir='ltr'>μάτων</span> <span class='ocrx_word' id='word_1_860' title='bbox 2588 4888 2769 4957; x_wconf 83' lang='grc' dir='ltr'>ὁμοία,</span> <span class='ocrx_word' id='word_1_861' title='bbox 2802 4885 2899 4953; x_wconf 74' lang='grc' dir='ltr'>οὐχ</span> <span class='ocrx_word' id='word_1_862' title='bbox 2931 4886 2962 4953; x_wconf 83' lang='grc' dir='ltr'>ἠ</span> <span class='ocrx_word' id='word_1_863' title='bbox 2991 4884 3127 4952; x_wconf 83' lang='grc' dir='ltr'>αὐτὴ</span> <span class='ocrx_word' id='word_1_864' title='bbox 3157 4881 3199 4933; x_wconf 76' lang='grc' dir='ltr'>δ’</span> <span class='ocrx_word' id='word_1_865' title='bbox 3234 4877 3395 4948; x_wconf 58' lang='grc' dir='ltr'>ἀξία]</span> 
     </span>
    </p>
   </div>
   <div class='ocr_carea' id='block_1_105' title="bbox 2971 5093 3347 5149">
    <p class='ocr_par' dir='ltr' id='par_1_105' title="bbox 2971 5093 3347 5149">
     <span class='ocr_line' id='line_1_105' title="bbox 2971 5093 3347 5149; baseline -0.019 0"><span class='ocrx_word' id='word_1_866' title='bbox 2971 5094 3219 5149; x_wconf 80' lang='grc' dir='ltr'><strong>ΚΕΦΑΛ.</strong></span> <span class='ocrx_word' id='word_1_867' title='bbox 3275 5093 3347 5143; x_wconf 85' lang='grc' dir='ltr'><strong>Δ’.</strong></span> 
     </span>
    </p>
   </div>
   <div class='ocr_carea' id='block_1_106' title="bbox 2442 5197 3954 5283">
    <p class='ocr_par' dir='ltr' id='par_1_106' title="bbox 2442 5197 3954 5283">
     <span class='ocr_line' id='line_1_106' title="bbox 2442 5197 3954 5283; baseline -0.021 0"><span class='ocrx_word' id='word_1_868' title='bbox 2442 5212 2506 5269; x_wconf 82' lang='grc' dir='ltr'>Τί</span> <span class='ocrx_word' id='word_1_869' title='bbox 2542 5213 2677 5283; x_wconf 76' lang='grc' dir='ltr'>φήςς</span> <span class='ocrx_word' id='word_1_870' title='bbox 2712 5210 2864 5263; x_wconf 80' lang='grc' dir='ltr'>ποῖον</span> <span class='ocrx_word' id='word_1_871' title='bbox 2888 5206 3088 5277; x_wconf 77' lang='grc' dir='ltr'>ἐρεύγῃ</span> <span class='ocrx_word' id='word_1_872' title='bbox 3117 5202 3273 5269; x_wconf 86' lang='grc' dir='ltr'>λόγον</span> <span class='ocrx_word' id='word_1_873' title='bbox 3299 5198 3408 5252; x_wconf 80' lang='grc' dir='ltr'><strong>ἀπὸ</strong></span> <span class='ocrx_word' id='word_1_874' title='bbox 3441 5197 3665 5267; x_wconf 84' lang='grc' dir='ltr'>καρδίας</span> <span class='ocrx_word' id='word_1_875' title='bbox 3692 5200 3790 5269; x_wconf 80' lang='grc' dir='ltr'>τῆς</span> <span class='ocrx_word' id='word_1_876' title='bbox 3825 5201 3954 5272; x_wconf 78' lang='grc' dir='ltr'>σῆς,</span> 
     </span>
    </p>
   </div>
   <div class='ocr_carea' id='block_1_107' title="bbox 2789 5355 3951 5429">
    <p class='ocr_par' dir='ltr' id='par_1_107' title="bbox 2789 5355 3951 5429">
     <span class='ocr_line' id='line_1_107' title="bbox 2789 5355 3951 5429; baseline -0.007 -11"><span class='ocrx_word' id='word_1_877' title='bbox 2789 5362 3025 5417; x_wconf 78' lang='lat' dir='ltr'><strong>&quot;Exod.</strong></span> <span class='ocrx_word' id='word_1_878' title='bbox 3061 5376 3134 5429; x_wconf 84' lang='lat' dir='ltr'><strong>iv,</strong></span> <span class='ocrx_word' id='word_1_879' title='bbox 3164 5359 3259 5413; x_wconf 62' lang='grc' dir='ltr'><strong>Ἡ.</strong></span> <span class='ocrx_word' id='word_1_880' title='bbox 3381 5360 3424 5390; x_wconf 77' lang='grc'><strong>⁸⁸</strong></span> <span class='ocrx_word' id='word_1_881' title='bbox 3466 5358 3481 5414; x_wconf 93' lang='lat' dir='ltr'><strong>l</strong></span> <span class='ocrx_word' id='word_1_882' title='bbox 3525 5356 3655 5427; x_wconf 84' lang='lat' dir='ltr'><strong>Reg.</strong></span> <span class='ocrx_word' id='word_1_883' title='bbox 3696 5372 3847 5421; x_wconf 72' lang='lat' dir='ltr'><strong>XXIV,</strong></span> <span class='ocrx_word' id='word_1_884' title='bbox 3891 5355 3951 5410; x_wconf 88' lang='lat'><strong>7.</strong></span> 
     </span>
    </p>
   </div>
   <div class='ocr_carea' id='block_1_108' title="bbox 1955 5566 2705 5624">
    <p class='ocr_par' dir='ltr' id='par_1_108' title="bbox 1955 5566 2705 5624">
     <span class='ocr_line' id='line_1_108' title="bbox 1955 5566 2705 5624; baseline 0.001 -2"><span class='ocrx_word' id='word_1_885' title='bbox 1955 5568 2114 5624; x_wconf 83' lang='grc' dir='ltr'><strong>ΑΝΤ.</strong></span> <span class='ocrx_word' id='word_1_886' title='bbox 2155 5566 2431 5624; x_wconf 81' lang='lat' dir='ltr'><strong>AGELLII</strong></span> <span class='ocrx_word' id='word_1_887' title='bbox 2472 5566 2705 5623; x_wconf 68' lang='lat' dir='ltr'><strong>NOTAE.</strong></span> 
     </span>
    </p>
   </div>
   <div class='ocr_carea' id='block_1_109' title="bbox 771 5723 2255 5799">
    <p class='ocr_par' dir='ltr' id='par_1_109' title="bbox 771 5723 2255 5799">
     <span class='ocr_line' id='line_1_109' title="bbox 771 5723 2255 5799; baseline -0.003 -17"><span class='ocrx_word' id='word_1_888' title='bbox 771 5728 877 5799; x_wconf 82' lang='lat' dir='ltr'><strong>(ll)</strong></span> <span class='ocrx_word' id='word_1_889' title='bbox 904 5730 1131 5785; x_wconf 85' lang='lat' dir='ltr'><strong>Omnino</strong></span> <span class='ocrx_word' id='word_1_890' title='bbox 1162 5726 1441 5798; x_wconf 87' lang='lat' dir='ltr'><strong>legendum</strong></span> <span class='ocrx_word' id='word_1_891' title='bbox 1471 5732 1576 5790; x_wconf 88' lang='lat' dir='ltr'><strong>est,</strong></span> <span class='ocrx_word' id='word_1_892' title='bbox 1606 5725 1802 5799; x_wconf 76' lang='grc' dir='ltr'>ᾴγίοις,</span> <span class='ocrx_word' id='word_1_893' title='bbox 1830 5724 2076 5799; x_wconf 82' lang='lat' dir='ltr'><strong>quamvis</strong></span> <span class='ocrx_word' id='word_1_894' title='bbox 2098 5723 2255 5799; x_wconf 85' lang='lat' dir='ltr'><strong>codd.</strong></span> 
     </span>
    </p>
   </div>
   <div class='ocr_carea' id='block_1_110' title="bbox 696 5796 2257 5871">
    <p class='ocr_par' dir='ltr' id='par_1_110' title="bbox 696 5796 2257 5871">
     <span class='ocr_line' id='line_1_110' title="bbox 696 5796 2257 5871; baseline -0.003 -18"><span class='ocrx_word' id='word_1_895' title='bbox 696 5796 1026 5871; x_wconf 75' lang='lat' dir='ltr'><strong>repugnent.</strong></span> <span class='ocrx_word' id='word_1_896' title='bbox 1064 5802 1145 5860; x_wconf 84' lang='lat' dir='ltr'><strong>sic</strong></span> <span class='ocrx_word' id='word_1_897' title='bbox 1192 5796 1421 5866; x_wconf 72' lang='lat' dir='ltr'><strong>namque</strong></span> <span class='ocrx_word' id='word_1_898' title='bbox 1468 5796 1753 5866; x_wconf 86' lang='lat' dir='ltr'><strong>requirunt</strong></span> <span class='ocrx_word' id='word_1_899' title='bbox 1798 5796 2123 5864; x_wconf 80' lang='lat' dir='ltr'><strong>sequentia:</strong></span> <span class='ocrx_word' id='word_1_900' title='bbox 2179 5797 2257 5849; x_wconf 90' lang='lat' dir='ltr'><strong>sic</strong></span> 
     </span>
    </p>
   </div>
   <div class='ocr_carea' id='block_1_111' title="bbox 2369 5718 3953 5785">
    <p class='ocr_par' dir='ltr' id='par_1_111' title="bbox 2369 5718 3953 5785">
     <span class='ocr_line' id='line_1_111' title="bbox 2369 5718 3953 5785; baseline -0.001 -10"><span class='ocrx_word' id='word_1_901' title='bbox 2369 5724 2532 5775; x_wconf 84' lang='lat' dir='ltr'><strong>etiam</strong></span> <span class='ocrx_word' id='word_1_902' title='bbox 2572 5721 2771 5774; x_wconf 90' lang='lat' dir='ltr'><strong>habent</strong></span> <span class='ocrx_word' id='word_1_903' title='bbox 2805 5719 3013 5773; x_wconf 62' lang='lat' dir='ltr'><strong>Hebraei</strong></span> <span class='ocrx_word' id='word_1_904' title='bbox 3048 5720 3205 5776; x_wconf 89' lang='lat' dir='ltr'><strong>codd.</strong></span> <span class='ocrx_word' id='word_1_905' title='bbox 3245 5720 3393 5775; x_wconf 71' lang='lat' dir='ltr'><strong>Isaize</strong></span> <span class='ocrx_word' id='word_1_906' title='bbox 3446 5735 3563 5785; x_wconf 80' lang='lat' dir='ltr'><strong>xui,</strong></span> <span class='ocrx_word' id='word_1_907' title='bbox 3604 5730 3655 5773; x_wconf 89' lang='lat' dir='ltr'><strong>et</strong></span> <span class='ocrx_word' id='word_1_908' title='bbox 3703 5718 3953 5774; x_wconf 91' lang='lat' dir='ltr'><strong>nonnulli</strong></span> 
     </span>
    </p>
   </div>
   <div class='ocr_carea' id='block_1_112' title="bbox 2368 5790 3070 5861">
    <p class='ocr_par' dir='ltr' id='par_1_112' title="bbox 2368 5790 3070 5861">
     <span class='ocr_line' id='line_1_112' title="bbox 2368 5790 3070 5861; baseline -0.001 -16"><span class='ocrx_word' id='word_1_909' title='bbox 2368 5792 2564 5857; x_wconf 64' lang='lat' dir='ltr'><strong>Graeci,</strong></span> <span class='ocrx_word' id='word_1_910' title='bbox 2597 5790 2917 5861; x_wconf 75' lang='grc' dir='ltr'>ἡγιασμένοι</span> <span class='ocrx_word' id='word_1_911' title='bbox 2944 5790 3070 5844; x_wconf 77' lang='lat' dir='ltr'><strong>eisi.</strong></span> 
     </span>
    </p>
   </div>
  </div>
