4112 6522
139 421 175 473 ῖῖ
1310 437 1680 493 Αυγειιδυδ
1717 437 1758 490 ις

1866 436 2116 492 TORIUM
2158 435 2283 490 LIB.
2313 438 2377 492 ll.
3362 443 3432 494 τε

138 535 190 584 tu".
209 535 282 587 οὑκ
305 537 412 590 ἀπὸ
445 544 803 616 στόματος
829 553 1072 622 Κυρίου.
1093 551 1231 604 κατά
1261 552 1316 604 τ’)
1351 553 1756 622 γεγραμμένονς

1866 561 1977 616 ιιιο,
2011 569 2115 606 non
2142 552 2208 606 ab
2237 567 2332 606 ore
2360 551 2590 614 Domini,
2621 563 2676 605 ιιι
2716 553 2973 621 scriptum
2998 561 3080 608 est
3109 553 3147 585 "
3175 553 3236 607 ?c
3267 553 3437 609 Nemo

141 626 302 690 ιυὺδεὶς
319 629 489 699 λέγει.
529 638 749 695 esse:
765 662 864 713 μα
881 645 1110 714 Ἰησοῦν,
1131 647 1177 697 εί
1203 645 1278 715 μὴ
1301 647 1357 698 ὲν
1379 644 1724 708 Βεελζεὸούλ.
1740 663 1757 693 ι

1866 646 1991 698 dicit
2038 645 2319 698 anathema
2361 642 2564 707 Jesum,
2612 645 2714 700 nisi
2762 646 2812 699 in
2855 645 3154 702 Beelzebub
3193 647 3256 700 ".
3302 666 3320 699 ι
3365 645 3436 702 Ut

149 719 203 781 ἀς
234 720 284 773 ειν
328 729 527 781 νοοῖτο
565 733 813 803 τυχὸν,
857 737 896 806 ἢ
935 737 1139 806 λέγοιτο
1188 738 1322 806 πρὸς
1368 737 1524 807 ἡμῶν
1569 736 1703 797 Θεὸς
1736 739 1764 788 ὁ

146 815 313 886 Μωσῆς,
349 821 514 875 οὕτω
551 828 674 880 καὶ
713 832 748 882 6
782 831 1065 899 Χριστός;
1097 831 1216 884 καθ’
1250 833 1545 902 ὁμοιότητα
1578 832 1634 883 δὲ
1667 831 1764 902 τὴν

152 911 317 978 πρὸςγε
345 913 444 965 τον
479 915 756 990 Ἰσραὴλ
781 922 879 990 εἴη
915 921 982 974 ἂν
1010 924 1101 975 καὶ
1121 923 1269 987 uide;
1298 922 1416 974 είπέ
1441 938 1552 990 μοι·
1575 923 1637 974 Ὦ
1666 923 1764 989 τῆς

159 1005 430 1068 δυσσεϐείας
451 1024 465 1036 ·
517 1009 571 1062 ὣ
597 1010 815 1080 λόγων
851 1014 1226 1084 ὴφειδηκότων
1261 1015 1360 1085 τῆς
1393 1014 1486 1066 τοῦ
1512 1013 1762 1084 Σωτῆρος

160 1094 277 1163 ἡμῶν
308 1098 799 1170 κατεπαίρεσθαι
847 1102 1034 1170 δόξης·
1069 1102 1112 1155 ὣ
1140 1103 1442 1172 δυσμαθίας
1481 1105 1718 1173 ἀκράτου
1744 1141 1760 1166 ,

166 1188 237 1238 καὶ
271 1188 446 1240 παντα
482 1190 762 1262 νικώσης
801 1193 992 1258 ὄκνον,
1026 1195 1118 1246 τὸν
1145 1195 1240 1246 ἐπὶ
1282 1196 1342 1246 τὸ
1383 1194 1580 1264 χρῆναί
1621 1211 1761 1263 φημι

163 1278 250 1328 τῶν
290 1277 390 1346 τῆς
455 1279 829 1352 Ἐκκλησίας
877 1284 1162 1353 δογμάτων
1209 1285 1439 1346 ἀνοσίως
1486 1286 1762 1354 καταθρα-

165 1366 437 1420 σύνεσθαιῑ
467 1368 761 1424 Ψαλλέτω
791 1373 887 1424 καὶ
923 1372 1018 1424 νῦν
1044 1375 1071 1425 6
1104 1374 1373 1443 μακάριος
1406 1372 1602 1425 Δαϐίδ·
1643 1392 1661 1424 ι
1701 1375 1764 1426 Ol.

165 1459 331 1529 ἐχθροὶ
365 1460 594 1531 Κυρίου
627 1462 936 1530 ἐψεύσαντο
985 1464 1151 1534 αὐτῷ.
1190 1483 1207 1515 ι
1243 1464 1440 1536 Μωσῆς
1475 1466 1573 1534 μὲν
1601 1466 1707 1536 γὰρ
1735 1469 1763 1518 6

163 1551 468 1614 θεσπέσιος,
500 1551 809 1623 ἄνθρωπος
855 1550 924 1624 ἦν
955 1557 1076 1609 καθ’
1117 1558 1263 1627 ἡμᾶς
1300 1557 1396 1627 τὴν
1442 1556 1632 1625 φύσιν,
1667 1558 1762 1610 καὶ

165 1642 342 1709 ἕτερον
410 1642 599 1696 οὐδὲν.
671 1642 892 1714 Ἐπειδὴ
932 1644 988 1698 δὲ
1025 1644 1158 1699 Θεοῦ
1192 1646 1473 1714 λέγοντος·
1513 1665 1531 1696 ι
1568 1646 1758 1716 Δεῦρο,

162 1733 472 1785 ἀποστείλω
520 1750 583 1785 σε
633 1735 771 1805 πρὸς
811 1737 1010 1806 Φαραὼ
1043 1737 1269 1806 βασιλέα
1317 1737 1624 1807 Αἰγύπτου,
1666 1741 1762 1794 καὶ

161 1825 378 1890 ἐξάξεις
440 1829 575 1890 τοὺς
635 1830 787 1891 υἱοὺς
856 1829 1068 1899 Ἰσραὴλ
1123 1831 1188 1882 ὲκ
1241 1830 1344 1900 γῆς
1397 1831 1695 1898 Αἰγύπτου·
1735 1848 1752 1880 ι

159 1919 563 1989 παραιτήσεως
623 1920 880 1988 ἀφορμὰς
941 1923 1173 1973 ἐποιεῖτο
1228 1922 1328 1992 τὴν
1399 1922 1756 1992 ίχνομυθίαν,

161 2010 257 2062 καὶ
290 2009 356 2060 τὸ
399 2008 476 2078 μὴ
508 2007 737 2072 εὔλαλος
765 2003 906 2062 εἶναι
926 2050 941 2071 ,
974 2010 1076 2080 πρὸ
1105 2011 1202 2080 τῆς
1230 2009 1377 2079 χθὲς,
1411 2013 1503 2062 καὶ
1526 2011 1634 2079 πρὸ
1659 2013 1759 2080 τῆς

156 2100 404 2167 τοετης,
452 2102 657 2167 ἤκουσε
708 2101 844 2152 Θεοῦ
892 2101 1166 2168 λέγοντος·
1206 2120 1223 2151 ι
1272 2101 1400 2154 ’ἰδοῦ
1451 2100 1658 2155 δέδωκά
1700 2118 1758 2153 σε

159 2190 286 2240 θεὸν
326 2190 568 2258 Φαραώ·
607 2192 698 2242 καὶ
741 2190 952 2262 Ἀαρὼν
988 2193 1016 2243 6
1058 2191 1285 2259 ἀδελφός
1338 2207 1431 2244 σου
1481 2191 1633 2244 ἔσται
1676 2209 1758 2244 σοι

159 2280 486 2349 ὑποφήτης.
522 2298 540 2328 ι
589 2281 851 2349 ’Δδρανὴς
892 2281 991 2349 μὲν
1034 2285 1140 2352 γὰρ
1186 2283 1213 2333 6
1247 2283 1407 2352 νόμος
1436 2285 1515 2344 εἰς
1545 2283 1604 2334 τὸ
1651 2284 1757 2335 ἀπ-

158 2374 463 2426 αλλάττειν
494 2371 752 2426 δύνασθαί
796 2390 920 2427 τινα
964 2373 1064 2442 τῆς
1108 2375 1210 2427 ύπὸ
1250 2375 1327 2444 τῷ
1368 2374 1596 2445 διαϐόλῳ
1640 2374 1761 2428 δου-

161 2464 339 2525 λείας.
405 2462 802 2528 Μεσιτεύοντος
863 2463 920 2516 δὲ
968 2463 1059 2517 τοῦ
1126 2465 1387 2536 Χριστοῦ,
1450 2467 1544 2518 καὶ
1599 2465 1761 2518 τοῦτο

162 2553 564 2624 κατώρθωται.
600 2555 868 2626 Καθάπερ
910 2555 1099 2625 ἀμέλει
1135 2557 1384 2617 συνόντος
1409 2557 1469 2609 τὸ
1502 2557 1756 2618 τηνικάδε

161 2645 260 2698 τοῦ
304 2644 530 2714 Ἀαρὼν
562 2643 640 2714 τῷ
676 2646 950 2716 θεσπεσίῳ
979 2649 1148 2718 Μωσῇ
1174 2689 1189 2712 ,
1252 2648 1350 2716 τῆς
1397 2648 1454 2700 ἐν
1500 2648 1762 2715 Αἰγύπτῳ

162 2738 426 2799 δουλείας
469 2739 499 2788 6
561 2738 778 2807 Ἰσραὴλ
823 2738 1226 2807 ἀπηλλάττετο·
1275 2738 1461 2808 ἐπειδὴ
1514 2739 1586 2796 δὲ,
1619 2737 1760 2790 κατὰ

165 2830 407 2896 καιροὺς
455 2828 680 2898 ἔμελλεν
710 2830 738 2880 6
765 2828 1000 2898 Χριστὸς
1038 2828 1289 2896 γενέσθαι
1322 2830 1416 2881 καὶ
1449 2828 1553 2880 ὑπὸ
1577 2828 1759 2897 νόμον,

167 2920 242 2981 ὡς
287 2920 418 2971 καθ’
462 2921 610 2988 ἡμᾶς
659 2937 718 2972 τε
766 2920 860 2972 καὶ
908 2919 1230 2989 ἄνθρωπος,
1264 2919 1502 2973 τέθειταί
1553 2936 1670 2982 πως
1702 2920 1760 2970 ἐν

165 3011 454 3080 δευτέροις
504 3010 601 3063 τοῦ
641 3011 887 3074 Μωσέως
946 3015 974 3065 6
1028 3011 1270 3082 Ἀαρών·
1308 3013 1405 3065 καὶ
1445 3013 1474 3065 6
1527 3011 1628 3078 μὲν
1666 3009 1760 3062 τοῦ

171 3102 488 3172 μυστηρίου
520 3101 699 3168 λόγος,
723 3102 926 3153 ούτοσί.
969 3103 1114 3173 Πλὴν
1145 3105 1192 3155 εί
1231 3102 1403 3154 ἓλοιτό
1431 3118 1515 3163 τις
1539 3102 1762 3153 κάκεῖνο

1867 734 2200 804 intelligitur,
2250 736 2394 790 verbi
2429 737 2596 806 gratia
2621 779 2635 802 ,
2669 745 2762 791 aut
2798 737 2997 790 dicitur
3032 753 3060 791 a
3107 737 3264 793 nobis
3305 740 3436 793 deus

1867 826 1978 894 ipse
2011 825 2206 890 Moses,
2232 826 2309 881 sic
2336 827 2496 881 etiam
2519 827 2807 882 Christus?
2831 827 2934 899 41
2959 829 3124 892 itane,
3170 830 3256 884 dic
3279 830 3434 895 mihi,

1865 915 1932 969 atl
1956 916 2363 970 similitudinem
2383 915 2595 971 lsraelis
2616 925 2698 971 est
2721 918 2884 971 etiam
2911 917 3086 972 tilius?
3103 915 3148 972 Ο
3164 933 3432 972 summam

1867 1006 2218 1077 impietatem,
2249 1022 2284 1062 ο
2318 1009 2479 1063 verba
2507 1023 2626 1076 qua:
2661 1023 2761 1062 nec
2796 1009 2967 1077 ipsius
3001 1007 3299 1065 Salvatoris
3335 1027 3436 1066 no-

1865 1097 1962 1150 stri
1999 1097 2220 1166 gloriam
2249 1098 2553 1168 deprimere
2584 1110 2872 1165 verentur;
2915 1116 2947 1155 ο
2976 1100 3292 1156 effrenatam
3335 1101 3436 1156 im-

1865 1188 2112 1256 peritiam
2147 1198 2201 1244 et
2232 1197 2454 1254 tantam,
2491 1201 2548 1244 ιιι
2579 1191 2797 1245 minime
2829 1191 3140 1248 reformidet
3176 1193 3436 1248 adversus

1864 1277 2121 1332 Ecclesia:
2170 1280 2419 1350 dogmata
2477 1280 2641 1349 impie
2701 1291 2754 1336 et
2818 1282 3078 1336 audacter
3130 1282 3432 1354 insurgere.

1865 1367 2065 1423 Psallat
2100 1386 2243 1426 nunc
2277 1387 2493 1442 quoque
2527 1375 2720 1429 beatus
2774 1372 2938 1427 David
2976 1391 2990 1428 :
3029 1393 3045 1425 ι
3079 1373 3287 1429 Inimici
3328 1376 3436 1430 Do-

1865 1461 1996 1514 mini
2027 1461 2235 1516 mentiti
2279 1474 2404 1518 sunt
2435 1464 2482 1516 ei
2509 1464 2572 1516 “.
2605 1482 2624 1515 ι
2671 1463 2804 1518 Nam
2841 1464 3028 1520 beatus
3070 1463 3243 1520 Moses
3276 1466 3438 1520 homo

1862 1562 1999 1616 erat,
2037 1569 2103 1608 ex
2151 1565 2336 1609 natura
2369 1557 2562 1611 similis
2611 1558 2786 1620 nobis,
2822 1558 2956 1611 nihil
2983 1569 3272 1626 praeterea.
3301 1558 3438 1625 Quia

1867 1657 1993 1697 vero
2016 1645 2227 1700 dicente
2261 1647 2369 1701 Deo
2398 1665 2410 1701 :
2447 1667 2464 1698 ι
2497 1645 2654 1713 Veni,
2683 1647 2891 1701 mittam
2926 1659 2977 1702 te
3001 1649 3068 1702 ad
3101 1647 3436 1703 Pharaonem

1867 1749 2044 1804 regem
2073 1734 2311 1807 IEgypti,
2342 1748 2396 1793 ct
2421 1738 2617 1793 educes
2649 1739 2787 1795 ﬁlios
2810 1737 2974 1794 Israel
3009 1740 3075 1793 de
3105 1749 3246 1794 terra
3272 1739 3438 1810 Egy-

1866 1829 1938 1894 pti
1969 1828 2015 1858 ὀ
2041 1843 2053 1878 :
2089 1846 2107 1878 ι
2143 1843 2240 1896 pro
2269 1831 2553 1884 recusandi
2583 1832 2871 1884 occasione
2899 1831 3254 1899 exiguitatem
3290 1832 3442 1884 vocis

1789 1898 1834 1956 Β
1863 1917 2124 1982 obtendit,
2163 1930 2416 1974 causatus
2445 1922 2585 1988 quod
2627 1922 2850 1977 minime
2891 1898 3039 1977 esset
3082 1921 3340 1992 eloquens
3371 1922 3442 1975 ab

1865 2008 1978 2060 heri
2011 2019 2065 2061 et
2094 2011 2287 2064 nudius
2313 2013 2525 2075 tertius,
2552 2012 2670 2066 ideo
2696 2011 2861 2066 Deum
2890 2014 3155 2068 dicentem
3181 2013 3389 2067 audivit
3420 2030 3438 2066 :

1868 2116 1884 2146 ι
1915 2096 2051 2152 Ecce
2093 2100 2213 2154 dedi
2265 2110 2314 2154 te
2358 2102 2517 2156 deum
2564 2101 2881 2169 Pharaonis,
2931 2113 2985 2158 et
3040 2104 3219 2158 Aaron
3273 2105 3441 2158 frater

1864 2199 1985 2242 tuus
2011 2192 2114 2242 erit
2152 2190 2247 2244 tibi
2278 2191 2546 2260 interpres
2575 2193 2640 2246 ".
2675 2211 2693 2245 ι
2734 2193 2952 2248 lnlirma
2988 2209 3220 2264 namque
3252 2203 3334 2250 est
3357 2195 3438 2250 lex

1863 2281 1928 2333 ad
1971 2281 2277 2349 quempiam
2315 2297 2344 2335 a
2391 2281 2590 2337 diaboli
2629 2288 2892 2340 servitute
2924 2284 3282 2340 liberandum.
3330 2287 3438 2342 Sed

1863 2370 1915 2424 id
1951 2372 2498 2440 quoque'mediatore
2523 2374 2744 2430 Christo
2787 2375 3082 2446 perlectum
3113 2385 3218 2442 est,
3245 2393 3439 2447 quem-

1863 2459 2151 2513 admodum
2181 2461 2386 2514 scilicet
2410 2477 2474 2515 eo
2500 2471 2740 2530 tempore
2764 2464 2816 2517 in
2843 2462 3080 2533 Egypto
3111 2479 3232 2518 cum
3287 2468 3442 2518 beato

1865 2549 1995 2603 Mosi
2031 2550 2143 2620 ipse
2170 2552 2349 2605 Aaron
2387 2552 2578 2607 fuisset
2613 2555 2919 2622 adjunctus,
2958 2555 3116 2610 Israel
3148 2567 3232 2610 est
3263 2571 3290 2609 a
3324 2571 3440 2610 ser-

1864 2643 2033 2695 vitute
2067 2643 2344 2699 liberatus.
2377 2644 2479 2698 Sed
2513 2646 2636 2713 quia
2667 2659 2922 2700 successu
2951 2655 3255 2714 temporum
3291 2646 3439 2701 futu-

1866 2748 1981 2785 rum
2012 2745 2129 2787 erat
2164 2745 2220 2786 ut
2251 2737 2500 2790 Christus
2540 2741 2706 2792 etiam
2742 2738 2843 2793 sub
2885 2737 3004 2809 lege
3046 2739 3219 2799 ﬁeret.
3253 2749 3442 2806 utpote

1866 2826 2034 2879 nostri
2071 2826 2268 2881 similis
2314 2839 2368 2881 et
2401 2832 2582 2894 homo,
2641 2831 2760 2885 ideo
2806 2841 2929 2900 post
2978 2831 3160 2886 Mosen
3204 2833 3441 2886 secundo

1865 2913 1981 2970 Iuro
2014 2918 2218 2984 positus
2247 2929 2328 2974 est
2351 2921 2552 2974 Aaron.
2583 2920 2757 2990 Atque
2789 2923 2903 2977 hzec
2937 2932 3019 2977 est
3053 2922 3268 2991 quidem
3307 2925 3441 2978 ratio

1866 3009 2130 3078 mysterii.
2173 3010 2276 3064 Sed
2321 3023 2497 3066 tamen
2531 3016 2572 3066 si
2616 3016 2736 3082 quis
2766 3015 2899 3069 velit
2941 3015 3071 3068 illud
3113 3031 3330 3086 quoque
3360 3019 3442 3071 di-

1864 3111 2007 3161 cere,
2047 3096 2230 3152 Mosen
2265 3098 2410 3153 illum
2442 3117 2689 3172 magnum
2723 3105 2892 3158 virum
2939 3106 3039 3159 bac
3083 3108 3166 3160 dei
3205 3108 3439 3178 appella-

171 3195 373 3258 εἰπεῖν,
401 3193 480 3256 ὠς
510 3195 578 3262 τῇ
609 3193 704 3244 τοῦ
735 3193 871 3246 Θεοῦ
911 3194 1098 3261 κλήσει
1141 3195 1235 3246 καὶ
1269 3197 1297 3246 ὀ
1350 3194 1524 3263 μέγας
1556 3194 1761 3254 ἐκεῖνος

1869 3187 2014 3241 tione
2047 3188 2208 3244 fuisse
2245 3191 2588 3258 honoratum,
2611 3193 2764 3263 juxta
2796 3210 3083 3252 commune
3115 3198 3267 3263 illud,
3299 3210 3350 3253 et
3375 3215 3437 3254 ex

171 3288 471 3356 τετίμηται
499 3285 704 3354 Μωσῆς
726 3326 740 3349 ,
782 3286 925 3338 κατὰ
961 3287 1020 3337 τὸ
1055 3287 1228 3338 κοινὸν
1260 3286 1324 3355 δὴ
1350 3285 1526 3346 τοῦτο,
1561 3284 1657 3336 καὶ
1685 3283 1760 3346 ὼς

171 3380 228 3429 ὲν
259 3379 450 3448 χάριτι
482 3379 574 3430 καί
611 3377 892 3446 φιλοτιμία
923 3379 988 3447 τῇ
1013 3378 1164 3447 παρὰ
1191 3376 1326 3429 Θεοῦ
1354 3377 1413 3428 τὸ
1441 3377 1576 3447 πρὸς
1613 3377 1760 3444 ἡμᾶς

171 3472 493 3538 εἰρημένον·
527 3489 546 3519 ι
570 3468 712 3536 Ἐγὼ
742 3464 896 3520 εἶπα·
927 3469 1048 3521 Θεοί
1079 3470 1221 3531 ἐστε,
1243 3469 1339 3521 καὶ
1367 3469 1472 3521 υίοὶ
1506 3467 1761 3535 Ὑψίστου

173 3563 398 3622 πάντες·
441 3580 460 3611 ι
495 3556 606 3630 ἆρα
633 3562 726 3612 καὶ
752 3560 893 3612 οῦτω
917 3561 1046 3621 Θεὸς
1075 3562 1102 3612 6
1123 3561 1392 3629 Χριστός;
1428 3560 1621 3612 Καίτοι
1647 3559 1760 3621 πῶς

172 3651 231 3701 ού
271 3651 446 3719 μανία
485 3648 643 3701 τοῦτό
670 3665 755 3716 γε,
793 3652 885 3702 καὶ
909 3650 1103 3717 φρενδς
1138 3649 1384 3716 ἀμαθοῦς
1427 3649 1763 3717 ἀπόϐρασμα

175 3743 364 3806 κενόν;
413 3741 474 3792 '0
509 3739 610 3810 μὲν
639 3740 769 3808 γὰρ,
805 3739 879 3801 ὡς
919 3738 1076 3808 ἔφην,
1126 3737 1254 3808 ψιλῇ
1309 3738 1402 3790 καὶ
1450 3737 1588 3808 μόνῃ
1619 3737 1764 3788 τετί-

175 3850 342 3901 μηται
397 3832 746 3901 κλήσει,τὴν
783 3831 943 3899 φύσιν
987 3831 1271 3902 ἄνθρωπος
1301 3830 1409 3882 ὧν·
1461 3833 1489 3882 6
1538 3830 1594 3882 δὲ
1644 3832 1764 3882 ἐστὶ

171 3920 303 3984 Θεὸς
350 3922 610 3989 ἀληθῶς·
648 3921 780 3982 Θεὸς
812 3921 918 3990 γὰρ
947 3916 1013 3989 ἦν
1062 3923 1089 3974 6
1136 3923 1302 3988 Λόγος
1354 3923 1412 3973 ἐν
1445 3920 1762 3991 ἀνθρωπεία

174 4017 361 4083 μορφῇ
390 4054 404 4076 ς
455 4015 557 4082 τῆς
609 4013 743 4074 ἰδίας
781 4013 991 4079 φύσεως
1036 4015 1134 4080 τὴν
1168 4015 1307 4065 κατὰ
1340 4014 1561 4065 πάντων
1592 4014 1763 4083 ύπερ-

170 4107 301 4174 οχὴν
345 4105 722 4172 ἁδιαλώὸητον
755 4105 892 4174 ἔχων
913 4121 924 4132 ·
956 4107 1022 4182 ob.
1047 4107 1156 4175 γαρ
1188 4106 1253 4158 ἂν
1286 4108 1342 4157 ὲν
1377 4108 1761 4176 παρατροπαῖς

169 4201 291 4258 ταῖς
329 4199 424 4248 ἐπὶ
457 4196 520 4247 τὸ
553 4199 734 4264 χεῖρον
761 4197 792 4265 ἡ
821 4196 938 4246 θεία
985 4196 1194 4263 γένοιτο
1223 4197 1382 4264 φύσις
1408 4236 1423 4260 ,
1456 4196 1545 4249 διά
1573 4212 1635 4262 γε
1665 4196 1760 4248 τοῦ

172 4288 504 4342 καθικέσθαι
539 4287 675 4356 πρὸς
706 4289 986 4340 κοινωνίαν
1020 4289 1246 4356 αἵματος
1279 4289 1372 4339 καὶ
1407 4288 1638 4356 σαρκός·
1671 4289 1767 4339 καὶ

168 4381 301 4446 γοῦν
330 4382 407 4442 ὡς
441 4380 575 4441 Θεὸς
601 4379 1017 4446 ἐπιγινώσκεται
1050 4379 1141 4432 καὶ
1168 4379 1451 4450 ἄνθρωπος
1473 4379 1724 4448 πεφηνώς
1751 4396 1760 4406 ·

169 4471 265 4520 καὶ
297 4469 709 4542 τούτουβαφὴς
747 4467 1017 4532 ἀπόδειξις
1055 4469 1122 4521 τὰ
1165 4471 1221 4521 ὲν
1260 4473 1367 4531 τοῖς
1415 4469 1764 4536 Εύαγγελίοις

1865 3278 2037 3346 gratia
2075 3289 2236 3350 atque
2265 3283 2662 3351 magnilicentia
2690 3285 2782 3340 Dei
2803 3288 2853 3341 in
2887 3303 2985 3341 nos
3014 3289 3213 3342 dictum
3247 3309 3260 3344 :
3289 3307 3305 3343 ι
3331 3292 3442 3360 Ego

1867 3371 2005 3423 dixi:
2032 3372 2109 3424 Dii
2137 3373 2294 3435 estis,
2321 3385 2374 3426 et
2405 3374 2496 3427 lilii
2520 3375 2730 3430 Excelsi
2756 3393 2946 3432 omnes
2967 3381 3046 3432 ":
3075 3398 3093 3430 ι
3123 3396 3248 3432 nutn
3279 3383 3441 3436 etiam

1868 3461 1968 3514 hoc
1994 3463 2151 3516 modo
2175 3462 2424 3518 Christus
2452 3476 2534 3518 est
2571 3466 2748 3521 Deus?
2775 3468 2892 3523 Jam
2926 3485 3052 3524 vero
3080 3472 3350 3540 quomodo
3389 3473 3442 3526 id

1868 3567 1971 3606 non
2002 3555 2072 3606 sit
2114 3553 2344 3617 insania,
2381 3567 2433 3610 et
2470 3557 2628 3612 inane
2673 3558 2851 3614 stultae
2893 3561 3089 3615 mentis
3119 3575 3440 3616 excremen-

1869 3645 2019 3696 tutn?
2059 3644 2149 3698 Ille
2190 3647 2358 3706 enim,
2393 3657 2446 3698 ut
2487 3649 2596 3715 jam
2631 3649 2762 3712 dixi,
2801 3653 2938 3703 nuda
2974 3661 3028 3704 et
3077 3652 3309 3720 simplici
3360 3663 3444 3707 est

1868 3733 2182 3787 honestatus
2209 3736 2587 3804 appellatione,
2608 3753 2729 3791 cum
2756 3739 2917 3794 homo
2940 3754 3004 3792 ex
3039 3750 3229 3792 natura
3259 3752 3440 3808 esset;

1867 3825 1960 3878 sed
1995 3825 2082 3879 hic
2117 3837 2200 3880 est
2229 3842 2354 3882 vere
2383 3827 2525 3883 Deus
2558 3831 2716 3898 (nam
2757 3830 2898 3885 Deus
2933 3842 3050 3886 erat
3080 3831 3352 3904 Verbum)
3389 3836 3441 3888 in

1869 3918 2098 3970 humana
2128 3917 2301 3972 forma
2332 3923 2696 3988 prastantiatn
2727 3937 2838 3976 sua:
2875 3935 3078 3978 natura:
3100 3940 3201 3993 qua
3231 3925 3444 3979 cunctis

1866 4009 2102 4073 excellit,
2139 4010 2399 4079 integram
2430 4026 2657 4066 servans
2686 4031 2699 4068 :
2739 4028 2911 4083 neque
2946 4015 3090 4068 enim
3129 4027 3320 4068 natura
3354 4017 3432 4068 di-

1870 4097 1991 4149 vina
2027 4114 2091 4150 ex
2125 4113 2189 4152 eo
2218 4101 2360 4168 quod
2388 4100 2668 4156 descendit
2693 4104 2758 4156 ad
2789 4105 3222 4158 communionem
3255 4107 3438 4161 carnis

1867 4198 1920 4242 ct
1967 4190 2262 4258 sanguinis,
2324 4192 2372 4245 in
2427 4194 2579 4260 pejus
2637 4208 2872 4261 unquam
2919 4197 3149 4263 perverti
3203 4207 3377 4266 potest
3425 4217 3438 4252 :

1869 4281 2050 4348 itaque
2099 4283 2258 4335 etiam
2305 4299 2426 4336 cum
2480 4286 2638 4337 homo
2669 4284 2936 4352 apparuit,
2978 4296 3034 4339 ut
3077 4285 3215 4341 Deus
3261 4297 3438 4341 tamen

1870 4364 2201 4437 agnoscitur,
2225 4373 2445 4442 ejusque
2479 4377 2551 4429 rei
2583 4376 2861 4444 perspicua
2892 4387 3018 4431 sunt
3049 4392 3360 4447 argumenta
3389 4381 3440 4433 in

1871 4462 2174 4534 Evangeliis
2194 4466 2258 4519 de
2281 4480 2344 4519 eo
2371 4466 2592 4533 scripta.
2627 4464 2771 4520 Dixit
2794 4468 2935 4520 enim
2962 4467 3147 4522 beatus
3167 4467 3399 4524 Joannes
3425 4486 3440 4522 ς

169 4566 304 4633 περὶ
359 4563 530 4617 αὑτοῦ
587 4564 968 4632 γεγραμμένα.
1036 4563 1181 4632 Ἔφη
1238 4562 1344 4632 γὰρ
1399 4563 1426 4613 6
1479 4562 1761 4624 θεσπέσιος

1877 4573 1893 4604 ι
1921 4553 2052 4609 Cum
2091 4571 2220 4610 vero
2255 4567 2399 4611 esset
2447 4556 2834 4628 Hierosolymis
2872 4560 2922 4612 in
2961 4560 3046 4614 die
3086 4559 3245 4624 festo,
3290 4562 3441 4615 multi

181 4656 481 4724 Ἰωάννης·
525 4673 543 4703 ι
595 4655 682 4715 Ὠς
723 4655 781 4706 δὲ
823 4651 888 4724 ἦν
920 4655 976 4706 ὲν
1005 4657 1118 4716 τοῖς
1179 4653 1565 4723 Ἰεροσολύμοις
1596 4656 1653 4705 ὲν
1695 4656 1760 4723 τῇ

167 4749 360 4816 ἑορτῇ,
399 4745 590 4798 πολλοὶ
628 4745 952 4798 ἐπίστευσαν
998 4747 1078 4808 είς
1105 4746 1166 4798 τὸ
1199 4745 1366 4814 ὄνομα
1402 4743 1587 4809 αὑτοῦ,
1631 4743 1764 4795 θεωο

169 4839 402 4904 ροῦντες
436 4836 604 4890 αὐτοῦ
636 4836 702 4889 τὰ
741 4837 938 4904 σημεῖα
969 4835 1003 4888 ἃ.
1047 4835 1238 4888 ἐποίει.
1273 4835 1442 4897 Λύτὺς
1481 4833 1536 4886 δὲ
1581 4835 1610 4885 6
1663 4833 1766 4902 Ἰη-

169 4931 327 4994 σοῦς,
378 4935 481 4983 οικ
532 4931 815 4982 ἐπίστευεν
854 4928 1044 4982 ἑαυτὸν
1096 4929 1316 4991 αὐτοῖς,
1369 4927 1456 4980 διὰ
1497 4927 1554 4978 τὸ
1606 4927 1766 4979 αὑτὸν

167 5027 473 5090 γινώσκειν
517 5025 724 5076 πάντα·
783 5024 872 5076 καὶ
907 5025 986 5076 ὅτι
1024 5023 1084 5074 οὐ
1135 5021 1320 5092 χρείαν
1352 5017 1514 5090 εἶχεν,
1568 5021 1653 5072 ἵνα
1685 5038 1764 5083 τις

174 5119 513 5188 μαρτυρήσῃ
550 5118 676 5187 περὶ
701 5116 794 5169 τοῦ
823 5117 1108 5187 ἀνθρώπου
1134 5133 1146 5144 ·
1176 5116 1336 5178 αὐτὸς
1364 5116 1471 5185 γὰρ
1503 5115 1764 5182 ἐγίνωσκε

170 5207 222 5256 τί
250 5202 323 5275 ἦν
357 5210 413 5259 ὲν
444 5206 522 5276 τῷ
561 5205 852 5276 ἀνθρώπῳ.
889 5225 905 5256 ι
932 5205 1118 5258 Καίτοι
1146 5205 1206 5256 τὸ
1243 5203 1478 5272 καθορᾷν
1507 5201 1763 5254 δύνασθαι

175 5299 404 5366 καρδίαν
454 5299 668 5370 ἀνδρὸς,
701 5298 900 5351 εἰδέναι
935 5315 989 5349 τε
1041 5297 1110 5348 τὰ
1155 5297 1530 5366 κεκρυμμένα,
1571 5295 1764 5365 πρέποι

177 5388 242 5440 ἂν
275 5392 377 5444 οὐκ
407 5391 676 5462 ἀνθρώπῳ
712 5391 876 5442 ποθὲν
911 5389 1018 5442 τῶν
1038 5389 1158 5441 καθ’
1193 5389 1334 5457 ἡμᾶς
1358 5387 1436 5439 ἑνί
1460 5403 1472 5415 ·
1509 5387 1622 5438 ἀλλ’
1655 5385 1762 5438 οὐδ’

180 5481 242 5530 5w
309 5483 476 5554 ἑτέρῳ
513 5500 594 5553 τῳ
631 5481 739 5535 τῶν
803 5480 1220 5548 πεποιημένων·
1279 5479 1422 5548 μόνῳ
1471 5477 1522 5529 δὲ
1565 5477 1764 5545 μᾶλλον

184 5574 388 5644 ἐκείνῳ,
423 5575 478 5640 ὃς
525 5575 619 5628 καὶ
664 5573 868 5627 πλάσαι
892 5572 1105 5638 λέγεται
1137 5569 1443 5631 καταμόνας
1486 5570 1578 5631 τὰς
1626 5584 1761 5634 καρ-

250 5771 504 5834 "Jerem.
540 5788 696 5833 um,
738 5769 824 5823 l6.
904 5766 982 5818 "l
1016 5765 1141 5820 Cor.
1180 5780 1274 5821 xu.
1330 5765 1382 5817 3.

187 5861 357 5910 txxxt,
393 5845 443 5900 6.
524 5843 753 5897 "Joan.
798 5857 861 5903 ιι,
897 5836 1086 5890 25—25.
1165 5839 1208 5866 ’δ
1240 5834 1380 5888 Psal.
1427 5851 1593 5900 xxxii,
1638 5834 1720 5885 l5.

1461 5766 1502 5794 ιθ
1541 5763 1676 5816 Psal.
1715 5779 1873 5824 ιχλι,
1906 5760 1986 5814 lli.

1869 4649 2216 4701 crediderunt
2265 4649 2316 4701 in
2367 4648 2582 4702 nomine
2630 4651 2766 4719 ejus,
2826 4652 3071 4707 videntes
3115 4655 3268 4720 signa
3318 4668 3439 4722 qua:

1871 4739 2101 4794 faciebat
2128 4757 2141 4805 ;
2173 4740 2286 4808 ipse
2310 4755 2434 4794 vero
2464 4739 2619 4794 Jesus
2646 4757 2748 4794 non
2773 4744 3026 4796 credebat
3047 4745 3284 4811 seipsum
3310 4745 3438 4810 illis,

1871 4833 1993 4900 quia
2031 4831 2142 4900 ipse
2173 4830 2377 4885 sciebat
2407 4833 2610 4894 omnia,
2645 4842 2695 4883 et
2740 4833 2862 4897 quia
2899 4847 3002 4886 non
3047 4847 3180 4900 opus
3212 4833 3444 4890 habebat

1873 4935 1927 4976 ut
1958 4924 2080 4992 quis
2127 4925 2494 4977 testimoiiium
2543 4923 2852 4992 perhiberet
2893 4925 2958 4979 de
3007 4926 3222 4980 homine
3269 4945 3280 4980 :
3329 4929 3444 4995 ipse

1871 5017 2015 5068 enim
2044 5015 2248 5068 sciebat
2295 5015 2420 5082 quid
2455 5025 2597 5068 esset
2627 5016 2678 5069 in
2711 5015 2924 5069 homine
2965 5017 3028 5070 ³³.
3069 5037 3087 5067 ι
3124 5017 3232 5087 42
3277 5019 3442 5088 Atqui

1874 5109 2143 5176 inspicere
2184 5121 2341 5175 posse
2377 5122 2471 5159 cor
2512 5108 2767 5173 hominis,
2804 5119 2858 5162 et
2883 5109 3096 5162 occulta
3127 5112 3290 5177 scire,
3335 5127 3443 5169 non

1875 5203 1965 5253 ulli
2008 5199 2209 5254 homini
2244 5200 2332 5267 qui
2373 5201 2440 5252 sit
2490 5203 2658 5253 nostri
2715 5201 2904 5254 similis
2950 5204 3219 5265 convenit,
3273 5220 3446 5271 neque

1874 5306 2002 5344 vero
2037 5291 2124 5343 ulli
2153 5290 2305 5342 alteri
2337 5304 2622 5355 creaturae,
2654 5293 2746 5342 sed
2781 5292 2852 5343 illi
2887 5293 2983 5346 soli
3022 5293 3110 5359 qui
3140 5295 3300 5346 etiam
3337 5295 3440 5348 ﬁn-

1873 5398 1998 5452 gere
2029 5382 2224 5434 dicitur
2258 5382 2567 5449 singillatim
2618 5383 2778 5434 corda
2813 5394 2996 5437 nostra
3021 5385 3084 5436 ³³.
3127 5384 3235 5438 Hoc
3285 5386 3327 5440 si
3372 5388 3442 5442 ita

1871 5481 1973 5534 est,
2007 5485 2241 5538 quonam
2275 5471 2432 5522 modo
2461 5471 2571 5523 sola
2605 5486 2668 5524 ac
2699 5471 2927 5541 simplici
2958 5473 3313 5544 appellatione
3342 5476 3442 5530 lio-

1874 5572 2093 5614 noralus
2118 5573 2195 5613 est
2229 5560 2562 5623 Enunanuirl,
2603 5572 2657 5614 ut
2694 5564 2914 5632 perinde
2951 5579 3014 5618 ac
3047 5565 3218 5620 Moses
3261 5567 3416 5636 appel

2068 5758 2111 5790 ³⁸
2146 5759 2309 5812 Exod.
2349 5775 2429 5819 ιιι,
2472 5760 2551 5812 l0.
2647 5762 2687 5791 ²¹
2725 5761 2888 5816 Exod.
2940 5781 3038 5828 vtt,
3081 5767 3127 5819 l.
3216 5768 3259 5798 ”
3294 5766 3440 5828 Psal.
