4112 6480
690 387 751 441 79
1686 382 1741 435 S.
1786 381 2058 438 CYRILLI
2096 381 2568 438 ALEXANDRINI
2607 381 2927 440 ARCHIEP.
3898 392 3991 443 ευ

692 503 829 558 letur
864 502 1026 566 Deus,
1054 509 1107 556 et
1142 515 1246 557 non
1281 502 1460 571 potius
1507 501 1557 557 id
1588 516 1715 557 vcrc
1758 502 1830 557 sit
1866 504 2010 572 quod
2040 517 2161 558 esse
2188 502 2269 557 di-

2372 503 2486 566 δίας
2515 503 2692 574 ἡμῶν.
2733 499 2863 556 Εἶτα
2893 503 3009 566 πῶς
3033 503 3163 574 ψιλῇ
3198 504 3292 557 καὶ
3323 504 3459 577 μόνῃ
3496 505 3791 577 τετίμηται
3831 507 3985 575 κλή-

690 595 865 650 citur?
898 593 1127 648 Rursum
1158 594 1222 649 de
1245 608 1310 648 eo
1340 593 1530 648 scribit
1559 592 1611 646 in
1651 594 1793 647 hunc
1830 595 2044 647 modum
2092 593 2260 649 Joan-

691 701 787 741 nes
814 703 829 740 :
859 704 877 737 ι
909 684 1079 751 Quem
1108 685 1255 740 enim
1303 686 1452 740 misit
1486 686 1646 751 Deus,
1676 685 1840 740 verba
1871 684 1961 739 Dei
2008 685 2267 755 loquitur,

688 787 744 832 et
767 792 871 831 non
896 778 962 830 ad
996 790 1299 831 mensuram
1327 777 1419 831 dat
1448 775 1707 845 Spiritum
1737 776 1805 831 ’⁸.
1837 795 1855 828 ι
1883 775 2142 847 lntelligis
2172 778 2274 847 igi-

691 878 780 923 tur
824 868 1275 938 quemadmodum
1328 869 1491 923 verba
1548 869 1640 923 Dei
1690 868 1968 938 loquatur,
2022 870 2272 938 quamvis

691 962 851 1015 homo
881 961 1105 1030 perinde
1140 976 1204 1016 ac
1246 976 1343 1015 nos
1380 960 1663 1015 videatur?
1700 975 1821 1014 nam
1854 961 1954 1015 soli
1982 971 2038 1016 et
2078 977 2271 1017 secun-

691 1054 817 1107 dum
845 1062 1094 1107 naturam
1129 1068 1193 1107 ac
1228 1066 1354 1106 vere
1387 1052 1495 1106 Deo
1526 1060 1782 1121 tanquam
1820 1052 2076 1107 eximium
2110 1068 2267 1122 supra

688 1141 871 1197 omnia
908 1154 1087 1197 creata
1120 1142 1378 1195 convenit
1408 1142 1569 1195 etiam
1605 1141 1764 1194 verba
1810 1155 1966 1209 posse
2007 1142 2271 1211 perlicere

690 1235 832 1306 quod
854 1235 901 1290 ei
935 1234 1215 1303 placuerit,
1248 1243 1303 1288 et
1335 1234 1506 1287 sancti
1542 1231 1775 1303 Spiritus
1820 1234 2113 1303 participes
2152 1232 2269 1289 elli-

688 1341 816 1381 ccre
864 1326 1113 1380 homines
1168 1326 1269 1377 litle
1316 1324 1662 1393 justillcatos.
1701 1321 1870 1377 Porro
1925 1323 2039 1378 haec
2088 1323 2267 1378 omnia

691 1422 871 1477 inesse
895 1420 1119 1476 Christo
1146 1420 1374 1489 quisque
1401 1418 1585 1472 videre
1624 1427 1801 1488 potest
1831 1435 1844 1472 :
1880 1417 2095 1487 leproso
2120 1432 2271 1470 nam-

689 1526 794 1580 que
827 1512 978 1575 dixit,
1007 1530 1027 1561 ‹
1057 1510 1215 1572 Volo,
1244 1509 1506 1563 mundare
1527 1509 1606 1572 “;
1638 1525 1659 1561 ι
1686 1507 1861 1563 viduae
1893 1521 2106 1579 quoque
2137 1507 2269 1572 lilio,

695 1622 712 1653 ι
747 1601 1096 1664 Adolescens,
1130 1600 1223 1653 tibi
1256 1600 1398 1663 dico,
1427 1613 1587 1669 surge
1607 1598 1675 1652 ⁸⁷.
1708 1617 1727 1649 ι
1776 1598 2075 1669 Participes
2105 1598 2271 1652 etiam

690 1694 863 1747 sancti
912 1691 1144 1761 Spiritus
1199 1690 1491 1761 discipulos
1548 1705 1676 1745 suos
1720 1688 1934 1757 ell‘ecit;
1984 1687 2275 1745 lnsuﬂlavit

687 1785 831 1840 enim
857 1785 908 1837 in
933 1768 1026 1837 eos
1051 1784 1239 1838 dicens
1265 1800 1278 1835 :
1310 1799 1328 1853 ι
1356 1782 1596 1852 Accipite
1617 1781 1877 1850 Spiritum
1896 1790 2141 1835 sanctum
2165 1780 2265 1834 ³³.»

2378 611 2459 646 σει
2503 594 2644 647 κατὰ
2688 595 2890 649 Μωσέα
2936 594 3289 667 χρηματίζων
3322 595 3452 659 Θεὸς
3488 597 3518 649 6
3577 597 3934 668 Ἐμμανουήλ
3964 612 3983 625 ·

2375 686 2467 737 καὶ
2495 685 2616 755 οὐχὶ
2649 685 2713 756 δὴ
2766 686 2962 755 μᾶλλον
2998 687 3260 760 ὑπάρχων
3290 687 3448 741 τοῦτο
3490 688 3633 741 κατὰ
3681 687 3985 760 ἀλήθειαν,

2372 775 2509 844 ὅπερ
2537 772 2675 829 εἶναι
2708 776 2802 829 κα)⁵
2831 776 3077 845 λέγεται;
3108 778 3313 849 Γράφει
3343 778 3490 831 οὓτω
3524 778 3688 831 πάλιν
3716 780 3744 831 6
3780 778 3985 831 Ἰωάν-

2372 884 2471 937 νης
2514 867 2643 938 περὶ
2677 867 2872 920 αὑτοῦ·
2910 887 2929 919 ι
2974 870 3070 922 ’ον
3115 870 3223 939 γάρ
3266 870 3586 923 ἀπέστειλεν
3615 871 3645 922 6
3706 870 3863 931 Θεὸς,
3899 870 3987 919 τὰ

2376 959 2596 1029 ῥήματα
2624 956 2720 1011 τοῦ
2751 957 2885 1011 Θεοῦ
2932 959 3115 1013 λαλεῖ*
3153 961 3250 1013 καὶ
3291 960 3391 1014 οὐκ
3434 962 3499 1014 ὲκ
3535 960 3734 1031 μέτρου
3780 960 3986 1013 δίδωσι

2373 1051 2432 1103 τὸ
2474 1049 2718 1120 Πνεῦμα.
2759 1070 2778 1102 ι
2817 1052 3027 1115 Συνιεὶς
3074 1051 3183 1123 [ιον.
3233 1053 3453 1118 συνίεις,
3500 1053 3559 1122 ἣ,
3613 1052 3826 1126 συνίης]
3874 1048 3987 1106 οὖν

2373 1142 2540 1208 ὅπως,
2573 1142 2749 1196 καίτοι
2788 1143 2909 1196 καθ’
2936 1144 3085 1214 ἡμᾶς
3118 1141 3392 1214 ὁρώμενος
3419 1144 3724 1215 ἄνθρωπος,
3772 1144 3843 1197 τὰ
3871 1145 3989 1214 ρή⁶

2378 1249 2523 1301 ματα
2549 1232 2643 1285 τοῦ
2666 1232 2801 1286 Θεοῦ
2829 1233 3013 1299 λαλεῖ;
3044 1233 3166 1305 Θεῷ
3194 1234 3303 1304 γὰρ
3338 1234 3486 1305 μόνῳ
3525 1234 3603 1305 τῷ
3632 1234 3770 1287 κατὰ
3803 1234 3988 1299 φύσιν

2377 1323 2473 1374 καὶ
2509 1321 2745 1391 άληθῶς,
2777 1324 2978 1394 πρέποι
3020 1324 3087 1377 ἂν
3128 1324 3204 1389 ὡς
3254 1324 3528 1395 ἐξαίρετον
3563 1325 3657 1378 καὶ
3691 1325 3834 1397 ὑπὲρ
3866 1325 3987 1396 τὴν

2377 1411 2575 1475 κτίσιν,
2615 1414 2676 1465 τὸ
2721 1414 2816 1466 καὶ
2862 1415 3065 1484 ῥήματι
3094 1415 3353 1470 δύνασθαι
3386 1416 3683 1487 κατορθοῦν
3712 1416 3777 1470 τὸ
3822 1417 3986 1470 κατὰ

2376 1504 2601 1573 γνώμην
2651 1504 2820 1574 αὐτῷ,
2871 1506 2965 1557 καὶ
3017 1506 3274 1576 μετόχους
3324 1506 3606 1560 ἀποτελεῖν
3655 1507 3748 1559 τοῦ
3806 1509 3983 1575 ἁγίου

2376 1592 2716 1661 Πνεύματος,
2770 1593 2897 1656 τοὺς
2932 1594 2989 1647 ὲν
3024 1594 3208 1647 πίστει
3253 1594 3710 1664 δεδικαιομένους.
3757 1598 3895 1649 Ἱδοι
3930 1596 3987 1648 δ’

2376 1682 2441 1737 ἄν
2466 1702 2551 1749 τις
2592 1686 2650 1739 ὲν
2677 1685 2887 1748 τούτοις
2931 1686 3060 1739 ὄντα
3107 1687 3363 1757 Χριστόν.
3410 1687 3553 1756 Ἔφη
3605 1686 3704 1753 μὲν
3732 1686 3843 1757 γάρ
3894 1687 3989 1758 τῷ

2375 1774 2591 1845 λεπρῷο
2612 1794 2631 1827 ι
2657 1775 2829 1838 Θέλω,
2844 1776 3204 1847 καθαρίσθητι
3225 1794 3239 1807 ’
3275 1796 3293 1828 ›
3314 1776 3393 1849 τῷ
3416 1777 3473 1830 δὲ
3500 1777 3597 1849 τῆς
3615 1780 3801 1851 χήρας
3828 1780 3943 1851 υίῷ
3964 1796 3983 1812 ο

692 1876 814 1930 Haec
841 1889 962 1931 cum
1002 1875 1071 1930 ita
1103 1876 1236 1941 sint,
1272 1874 1541 1943 quomodo
1585 1872 1675 1927 ille
1714 1873 1807 1943 qui
1855 1880 1965 1926 tam
2021 1872 2269 1928 sublimis

2380 1885 2398 1917 ι
2444 1868 2737 1934 Νεανίσκε,
2770 1868 2853 1921 σοὶ
2883 1867 3046 1937 λέγω,
3083 1869 3359 1941 ἐγέρθητι.
3410 1887 3430 1921 ›
3460 1870 3737 1941 Μετόχους
3775 1872 3833 1924 δὲ
3869 1873 3986 1927 τοῦ

688 1976 793 2033 est,
820 1966 909 2036 qui
937 1966 1135 2020 divinis
1163 1965 1456 2020 honoribus
1477 1974 1720 2028 ornatus,
1746 1964 1972 2033 perinde
2002 1978 2066 2018 ac
2090 1963 2268 2018 Moses

689 2059 831 2113 Deus
862 2058 1004 2113 erit?
1030 2056 1193 2125 Cujus
1219 2056 1367 2111 enim
1396 2054 1499 2109 iste
1537 2069 1631 2109 cor
1667 2054 1859 2107 novit?
1888 2053 2009 2122 quis
2040 2052 2268 2108 credidit

688 2152 742 2205 in
774 2150 992 2204 nomine
1019 2148 1177 2218 eius?
1205 2161 1364 2217 quem
1405 2160 1501 2215 per
1536 2145 1694 2200 [idem
1723 2146 1776 2199 in
1822 2160 1882 2200 se
1905 2146 2267 2215 justilicavit?

687 2236 906 2291 ubinam
944 2236 1158 2290 locutus
1194 2244 1299 2300 est,
1330 2243 1387 2287 ut
1420 2232 1612 2299 Filius,
1647 2234 1812 2288 verba
1846 2232 1984 2289 Dei?
2018 2235 2266 2304 quamvis

688 2328 1030 2395 perspicuum
1060 2326 1129 2380 sit
1159 2326 1333 2395 ipsum
1367 2324 1433 2378 ad
1463 2322 1602 2379 lilios
1629 2322 1795 2379 Israel
1824 2325 2115 2391 clamasse,
2142 2325 2266 2382 Haec

688 2416 819 2472 dicit
857 2416 1152 2481 Dominus;
1180 2423 1237 2471 et
1274 2415 1557 2470 domestici
1598 2415 1832 2471 hominis
1870 2430 2177 2470 mensuram
2214 2425 2267 2471 et

687 2507 911 2576 gradum
952 2504 1239 2570 habuisse;
1274 2504 1375 2558 luit
1408 2504 1554 2559 enim
1592 2505 1709 2574 ipse
1741 2514 1998 2574 tanquam
2033 2505 2266 2560 famulus

688 2601 741 2652 in
763 2601 921 2654 domo
943 2599 1034 2651 Dei
1057 2594 1256 2650 ".Jam
1287 2596 1331 2652 si
1362 2610 1428 2652 eo
1449 2598 1607 2651 modo
1631 2595 1797 2651 Filius
1812 2607 1898 2651 est
1928 2596 2265 2666 Emmanuel,

687 2704 794 2759 quo
830 2698 886 2745 et
927 2688 1015 2743 ille
1044 2688 1339 2744 secundum
1371 2703 1590 2743 carnem
1642 2688 1831 2752 lsraei,
1880 2687 1936 2742 in
1984 2702 2263 2743 servorum

687 2781 933 2837 ordinem
966 2778 1220 2850 redegisti
1254 2779 1402 2834 illunt
1427 2794 1491 2834 ex
1521 2788 1713 2833 natura
1741 2779 1992 2848 liberum,
2018 2782 2267 2851 quamvis

686 2878 907 2939 propter
934 2882 1155 2924 carnem
1199 2878 1255 2923 et
1297 2869 1658 2939 proprietates
1698 2871 1882 2925 carnis
1910 2871 2054 2926 servi
2092 2870 2264 2926 forma

686 2960 759 3016 sit
813 2960 989 3015 lactus
1028 2976 1043 3012 :
1079 2959 1133 3014 in
1179 2960 1366 3014 eadem
1419 2974 1671 3016 mensura
1726 2962 2033 3031 eodemque
2078 2964 2267 3019 ordine

686 3051 960 3109 collocasti
999 3066 1122 3106 cum
1167 3051 1253 3106 his
1299 3052 1390 3120 qui
1426 3062 1553 3107 sunt
1585 3066 1679 3121 per
1717 3054 1951 3123 gratiam
1987 3055 2101 3120 lilii,
2142 3071 2263 3110 eum

684 3159 783 3215 per
824 3157 985 3213 quem
1026 3142 1104 3197 illi
1144 3142 1451 3211 adoptionis
1478 3144 1649 3213 gratia
1682 3153 1811 3199 sunt
1859 3146 2036 3199 ditati.
2070 3144 2265 3202 Factus

2375 1955 2531 2022 άγίου
2570 1956 2886 2027 Πνεύματος
2922 1958 3048 2020 τοὺς
3095 1956 3259 2021 ἰδίους
3305 1959 3530 2030 ἐνέφηνε
3560 1959 3670 2032 [ῑσ.
3700 1961 3983 2035 ἀνέφηνε]

2378 2048 2626 2119 μαθητάς
2651 2065 2665 2080 ο
2713 2048 3012 2119 ἐνεφύσησε
3054 2049 3164 2121 γὰρ
3187 2050 3404 2116 αὐτοῖς,
3450 2051 3652 2119 λέγων·
3690 2070 3711 2104 ι
3752 2054 3981 2107 Λάϐετε

2375 2141 2597 2211 Πνεῦμα
2642 2141 2817 2209 ᾶγιον.
2854 2159 2873 2193 ι
2908 2137 3041 2196 Εἶτα
3079 2142 3201 2197 τίνα
3231 2143 3435 2214 τρόπον
3474 2145 3505 2197 6
3548 2146 3628 2209 είς
3655 2142 3817 2200 τοῦτο
3852 2147 3980 2202 διε-

2373 2232 2643 2302 ληλακὼς,
2684 2234 2778 2285 καὶ
2809 2232 3174 2304 θεοπρεπέσιν
3204 2234 3476 2300 εὐκλείαις
3498 2240 3979 2309 κατεστεμμένος,

2372 2324 2514 2379 οῦτω
2541 2325 2673 2389 Θεὸς
2698 2325 2765 2379 ἂν
2791 2325 2899 2398 εἴη,
2924 2326 3176 2398 καθάπερ
3201 2327 3394 2397 ἀμέλει
3424 2331 3519 2382 καὶ
3538 2332 3566 2382 6
3596 2332 3836 2401 Μωσῆςς
3864 2333 3982 2403 τὴν

2376 2414 2484 2486 [τον.
2505 2415 2563 2479 ὃς
2579 2415 2701 2488 τὴν]
2720 2417 2864 2479 τίνος
2879 2415 3021 2484 ἔγνω
3043 2416 3269 2488 καρδίαν
3289 2436 3302 2483 ;
3319 2417 3403 2481 τίς
3421 2420 3783 2473 πεπίστευκεν
3804 2424 3889 2484 είς
3911 2423 3984 2474 τὸ

2372 2506 2541 2577 ὄνομα
2568 2508 2764 2573 αὐτοῦς
2784 2508 2906 2561 τίνα
2926 2508 3239 2562 δεδικαίωκε
3271 2509 3356 2562 διὰ
3379 2511 3477 2580 τῆς
3499 2511 3733 2575 πίστεως
3754 2513 3856 2583 τῆς
3885 2516 3981 2578 είς

2372 2599 2599 2665 ὲαυτόν;
2650 2597 2753 2652 ποῦ
2805 2597 3125 2669 λελάληκεν,
3154 2599 3227 2663 ὡς
3270 2600 3418 2664 Υἱὸς,
3449 2599 3543 2653 τοῦ
3587 2601 3721 2653 Θεοῦ
3752 2602 3823 2654 τά
3861 2606 3979 2673 ῥή-

2377 2709 2552 2761 ματα;
2589 2692 2766 2745 καίτοι
2808 2708 2872 2757 γε
2916 2690 3201 2760 κεκραγὼς
3229 2693 3420 2761 ὁρᾶται.
3475 2694 3585 2756 τοῖς
3618 2694 3676 2759 te
3718 2695 3977 2763 Ἰσραὴλ,

2372 2785 2511 2838 Τάδε
2540 2784 2689 2852 λέγει
2736 2783 2959 2853 Κύριος⁸
2992 2783 3086 2835 καὶ
3140 2783 3337 2854 μέτρον
3370 2783 3507 2854 ἔχων
3534 2786 3834 2839 οίκετικόψ
3878 2789 3979 2855 γέ-

2372 2890 2496 2943 γονε
2534 2875 2644 2944 γάρ
2674 2873 2863 2937 πιστὸς
2889 2874 2966 2937 ὡς
3005 2873 3260 2944 Θεράπων
3292 2874 3349 2927 ὲν
3385 2875 3463 2945 τῷ
3498 2875 3631 2945 οίκῳ
3667 2876 3761 2928 τοῦ
3796 2877 3973 2935 Θεοῦ.

2371 2963 2435 3017 El
2462 2962 2517 3015 δὲ
2548 2962 2611 3033 δὴ
2646 2964 2739 3016 καὶ
2771 2963 2941 3027 οὕτως
2974 2963 3102 3025 Υίὸς
3140 2964 3170 3015 6
3209 2963 3575 3034 Ἐμμανουήλ,
3614 2964 3758 3017 καθὰ
3803 2967 3907 3020 καὶ
3942 2968 3977 3020 6

2372 3054 2513 3107 κατὰ
2558 3055 2737 3125 σάρκα
2778 3053 3015 3122 γεγονὼς
3062 3052 3301 3126 Ἰσραὴλ,
3335 3054 3703 3124 κατεκόμισας
3742 3056 3804 3108 έν
3836 3056 3975 3110 δού-

2371 3143 2482 3206 λοις
2534 3144 2622 3197 τὸν
2667 3144 2809 3196 κατὰ
2841 3144 3002 3211 φύσιν
3035 3144 3170 3197 ίδίαν
3205 3142 3505 3213 ἐλεύθερον,
3544 3145 3646 3198 κάν
3674 3146 3723 3198 εί
3765 3147 3975 3214 γέγονε

689 3243 775 3289 est
822 3234 967 3288 enim
1000 3231 1399 3304 Primogenitus
1427 3243 1667 3288 nostrum
1696 3245 1916 3305 propter
1962 3236 2268 3291 humanita—

2372 3234 2555 3287 δούλου
2587 3234 2786 3306 μορφὴ,
2830 3234 2919 3289 διά
2956 3252 3037 3287 τοι
3062 3233 3161 3306 τὴν
3207 3234 3384 3305 σάρκα
3432 3235 3528 3288 καὶ
3561 3234 3632 3288 τά
3660 3237 3866 3307 αὐτῆς·
3905 3240 3975 3290 ὲν

691 3334 831 3389 tem;
851 3323 943 3379 sed
963 3323 1124 3379 etiam
1148 3324 1230 3378 sic
1253 3337 1357 3392 qua
1392 3324 1604 3378 ratione
1640 3323 1781 3379 Deus
1806 3335 1941 3389 erat,
1968 3326 2268 3395 permansit

687 3420 1016 3488 unigenitus.
1056 3417 1165 3473 Hac
1206 3419 1437 3481 ratione,
1484 3428 1541 3471 ut
1575 3418 1652 3471 ait
1697 3417 1885 3471 beatus
1916 3415 2135 3481 Paulus,
2186 3414 2267 3469 in-

692 3512 996 3566 troductum
1031 3524 1059 3562 a
1102 3508 1265 3562 Patre
1312 3507 1737 3577 Primogenitum
1773 3508 1823 3561 in
1858 3505 2043 3561 orbem
2097 3516 2268 3560 terra-

692 3618 831 3665 rutn,
866 3616 1111 3671 supernae
1142 3599 1245 3654 illae
1279 3603 1504 3654 virtutes
1545 3600 1775 3653 adorare
1801 3597 2061 3665 iubentur
2097 3598 2141 3630 ³ο
2170 3614 2185 3651 :
2214 3606 2269 3651 et

688 3692 863 3747 latens
907 3692 959 3745 in
1004 3692 1119 3759 ipso
1152 3690 1471 3761 mysterium
1515 3688 1741 3754 εὐθεῖαι,
1783 3687 2269 3758 glorilicationibus

689 3796 961 3850 nunquam
996 3780 1335 3835 cessantibus
1369 3778 1649 3833 celebrant
1687 3778 1834 3833 illum
1870 3794 2035 3833 unum
2078 3788 2133 3833 et
2173 3792 2268 3832 na-

691 3881 808 3925 tura
837 3880 891 3925 et
916 3884 1043 3925 vere
1079 3868 1293 3925 Filium.
1334 3868 1464 3923 Nam
1500 3869 1545 3923 si
1581 3868 1647 3924 iis
1679 3869 1771 3938 qui
1825 3883 1884 3924 se
1925 3878 2265 3938 receperunt,

690 3962 783 4015 dat
811 3970 1131 4031 potestatem
1159 3972 1215 4015 ut
1248 3960 1338 4015 lilii
1372 3960 1461 4015 Dei
1496 3959 1647 4025 liant,
1676 3968 1733 4013 ut
1757 3958 1993 4014 Joannes
2019 3961 2096 4013 ait
2117 3960 2183 4023 “,
2214 3970 2268 4015 et

689 4052 736 4107 si
784 4066 967 4106 verum
1023 4060 1107 4106 est
1149 4052 1268 4119 ejus
1335 4052 1528 4119 spiritu
1577 4049 1825 4120 nosipsos
1873 4064 2087 4120 quoque
2130 4049 2269 4106 lilios

691 4140 846 4196 ﬁeri:
878 4140 985 4212 43
1022 4159 1040 4194 ι
1077 4142 1227 4196 Misit
1264 4142 1408 4196 enim
1447 4140 1589 4195 Deus
1629 4140 1877 4209 spiritum
1920 4138 2039 4193 Filii
2083 4142 2162 4194 sui
2213 4140 2265 4194 in

692 4234 854 4289 corda
876 4241 1058 4288 nostra
1077 4234 1423 4299 clamantem,
1444 4232 1595 4286 Abba
1617 4230 1774 4287 Pater
1793 4232 1837 4262 "
1860 4247 1907 4283 τι
1950 4246 2105 4285 nemo
2127 4245 2269 4287 recte

690 4326 930 4380 sentiens
958 4325 1101 4379 hunc
1154 4324 1292 4379 ferat
1327 4324 1620 4388 dicentem,
1655 4323 1804 4378 illum
1837 4323 2021 4377 eodem
2058 4338 2269 4392 quoque

692 4418 851 4470 modo
900 4430 1021 4471 esse
1048 4415 1265 4480 Filium,
1303 4431 1409 4484 quo
1440 4414 1713 4469 lsraelem.
1767 4412 1866 4480 Qui
1920 4423 2099 4467 autem
2152 4412 2267 4468 lieri

692 4515 867 4575 potest
892 4518 949 4561 ut
974 4508 1162 4562 eodem
1202 4507 1410 4562 dicatur
1442 4507 1602 4561 modo
1633 4505 1903 4569 Christus,
1934 4521 2038 4574 quo
2071 4506 2269 4561 dicitur

2372 3327 2472 3397 ίσῳ
2498 3327 2746 3389 τέθεικας
2774 3329 2957 3398 μέτρῳ
2980 3329 3094 3390 τοῖς
3118 3328 3258 3380 κατὰ
3296 3327 3458 3401 χάριν
3489 3329 3625 3390 υίοῖς
3673 3328 3764 3381 τὸν
3802 3330 3873 3382 δι’
3902 3331 3975 3385 ὃν

2370 3418 2567 3472 ἐκεῖνοι
2604 3419 2702 3488 τὴν
2740 3422 2839 3489 τῆς
2869 3418 3135 3482 υἱοθεσίας
3180 3419 3585 3491 πεπλουτήκασι
3624 3419 3814 3491 χάρινο
3868 3440 3974 3475 κε-

2370 3509 2676 3579 χρημάτικε
2708 3510 2805 3577 μὲν
2832 3508 2940 3579 γὰρ
2964 3508 3315 3580 Πρωτότοκος
3343 3511 3374 3580 ἡ
3386 3510 3501 3580 μῶν
3533 3510 3622 3565 διὰ
3651 3511 3711 3563 τὸ
3738 3511 3972 3581 ἀνθρὼ-

2370 3615 2522 3651 πινον
2542 3616 2554 3629 ο
2597 3599 2734 3669 πλὴν
2776 3600 2870 3653 καὶ
2896 3600 3037 3653 οῦτω
3076 3602 3354 3671 μεμένηκε
3391 3602 3688 3671 μονογενὴς
3718 3602 3795 3665 ὡς
3821 3602 3976 3667 Θεὸς

2368 3689 2642 3761 ταύτῃτοι,
2694 3689 2837 3743 καθά
2898 3693 3065 3760 φησὶν
3111 3695 3139 3746 6
3190 3692 3501 3761 σοφώτατος
3546 3692 3776 3756 Παῦλος,
3822 3696 3973 3748 slac-

2368 3778 2625 3849 νεχθέντα
2652 3780 2802 3849 παρὰ
2839 3778 2933 3832 τοῦ
2970 3779 3182 3848 Πατρὸς
3227 3779 3318 3831 τὸν
3367 3779 3711 3850 πρωτότοκον
3733 3780 3813 3843 είς
3856 3781 3971 3853 τὴν

2369 3873 2693 3943 οίκουμένην
2737 3874 3161 3944 προστάττοντας,
3196 3876 3529 3945 προσκυνεῖν
3560 3873 3615 3925 αἱ
3647 3874 3760 3926 ἄνω
3789 3873 3969 3927 δυνά-

2360 3983 2527 4035 ,μειςν
2562 3965 2657 4019 καὶ
2692 3966 2753 4018 τὸ
2784 3967 2870 4019 ἐπ’
2902 3966 3047 4037 αὐτῷ
3084 3965 3353 4036 μαθοῦσαι
3387 3965 3703 4035 μυστήριον,
3748 3964 3967 4018 ἀκατα-

2369 4056 2589 4125 λήκτοις
2639 4056 2967 4124 δοξολογίαις
3015 4054 3333 4127 γεραίρουσι
3375 4054 3468 4107 τὸν
3510 4054 3605 4106 ’ἕνα
3649 4053 3743 4105 καὶ
3792 4053 3967 4121 φύσει

2370 4145 2462 4198 καὶ
2500 4145 2714 4215 άληθῶς
2743 4146 2889 4200 Υἱόν.
2925 4147 2986 4199 Εἰ
3015 4147 3125 4217 γὰρ
3173 4145 3389 4198 δίδωσιν
3433 4143 3683 4208 ἐξουσίαν
3717 4146 3831 4207 τοίς
3863 4143 3969 4198 λα-

2370 4235 2556 4290 ϐοῦσιν
2611 4238 2773 4291 αὑτὸν
2825 4237 2987 4291 τέκνα
3033 4236 3165 4289 Θεοῦ
3218 4234 3504 4303 γενέσθαι,
3551 4234 3692 4288 κατά
3740 4250 3805 4301 γε
3858 4235 3967 4305 τὴν

2384 4328 2628 4382 Ἰωάννου
2662 4330 2867 4400 φωνὴν,
2900 4331 2990 4383 καὶ
3019 4328 3180 4398 εἴπερ
3211 4328 3358 4379 ἐστὶν
3388 4325 3581 4394 ἀληθὲς
3612 4326 3687 4388 ὠς
3723 4326 3970 4379 υίοποιεῖ

2370 4418 2431 4470 τὸ
2463 4416 2690 4486 Πνεῦμα
2718 4417 2883 4469 αὑτοῦ
2912 4418 3005 4469 καὶ
3051 4419 3195 4487 ἡμᾶς
3227 4416 3425 4479 αὐτούς
3446 4433 3461 4447 ’
3502 4434 3520 4467 ι
3575 4415 3964 4479 Ἐξαπέστειλε

2372 4506 2479 4578 γὰρ
2510 4510 2538 4561 6
2568 4507 2700 4571 Θεὸς
2731 4508 2791 4561 τὸ
2824 4508 3045 4579 Πνεῦμα
3076 4507 3168 4561 τοῦ
3204 4508 3335 4561 Υίοῦ
3381 4507 3546 4560 αὐτοῦ
3574 4508 3653 4570 είς
3684 4507 3780 4569 τὰς
3818 4524 3964 4576 καρ-

688 4612 809 4653 esse
860 4599 1023 4652 etiam
1075 4597 1248 4667 Cyrus
1305 4597 1396 4653 ille
1449 4613 1541 4653 rex
1588 4598 1898 4660 Persarum,
1942 4607 1998 4651 ct
2047 4608 2265 4652 sanctus

2372 4598 2485 4659 δίας
2516 4598 2674 4667 ἡμῶν
2723 4599 2943 4667 κράζον,
2982 4599 3149 4652 ’Λὸὅᾶ
3192 4600 3220 4650 ὁ
3259 4600 3446 4669 Πατήρ
3469 4614 3481 4627 ·
3520 4617 3537 4647 ι
3567 4598 3854 4666 ἀνάσχοιτο
3887 4596 3966 4651 ἂν

690 4690 961 4757 quomodo
1008 4688 1143 4743 Medi
1189 4703 1406 4758 quoque
1460 4688 1560 4757 ipsi
1597 4704 1661 4743 ac
1708 4688 1927 4744 Persae?
1978 4688 2093 4744 Jam
2138 4704 2265 4745 vero

692 4782 872 4833 dicere
913 4779 1115 4845 licebit,
1160 4795 1227 4834 ne
1264 4781 1657 4835 sanctiﬁcatum
1698 4781 1916 4849 quidem
1956 4797 2075 4836 esse
2105 4780 2263 4835 Chri-

691 4880 832 4923 stum
870 4871 1203 4937 humanitus,
1235 4872 1483 4941 quamvis
1525 4870 1577 4923 in
1623 4886 1746 4924 eum
1791 4873 2054 4928 columba:
2088 4874 2266 4941 specie

691 4967 909 5014 sanctus
955 4958 1189 5029 S'pirilus
1235 4959 1491 5014 insederit
1534 4958 1598 5011 ³³.
1650 4957 1784 5012 Nam
1831 4958 2004 5029 Cyrus
2051 4960 2264 5028 quidem

689 5050 974 5121 Caxubysae
1006 5051 1149 5106 ﬁlius
1170 5050 1297 5106 olim
1327 5049 1626 5105 exercitum
1658 5049 1810 5104 duxit
1836 5051 1888 5103 in
1919 5049 2262 5120 Babylonios,

690 5140 783 5193 sed
814 5140 1069 5195 tamenin
1102 5154 1290 5196 errore
1324 5140 1659 5206 versabatur,
1701 5151 1755 5195 et
1801 5139 2029 5209 impuris
2068 5142 2264 5196 damo-

763 5320 807 5348 ¹⁸
831 5317 983 5373 Joau.
1015 5336 1094 5381 ιιι.
1123 5320 1211 5378 '66.
1287 5321 1332 5352 "
1367 5318 1551 5374 Matth.
1579 5335 1693 5383 vm,
1720 5321 1771 5374 5.

1850 5322 1895 5350 ’⁷
1937 5320 2067 5374 Luc.
2102 5336 2196 5387 vlt,
2240 5322 2324 5375 Η.

2366 4690 2539 4753 οὐδεὶς
2580 4689 2688 4743 τῶν
2737 4688 2796 4744 εὖ
2850 4694 3064 4765 φρονεῖν
3110 4692 3401 4752 εἰωθότων,
3438 4690 3627 4743 τούτου
3673 4688 3964 4757 λέγοντος,

2367 4782 2537 4845 οὕτως
2563 4780 2702 4836 εἶναι
2733 4785 2824 4836 καὶ
2848 4786 3006 4837 αὑτὸν
3037 4784 3185 4845 Υίὸν,
3218 4784 3293 4846 ὡς
3318 4783 3407 4836 τὸν
3451 4780 3690 4852 Ἰσραήλ.
3732 4780 3858 4843 Πῶς
3898 4782 3966 4835 δὲ

2370 4874 2462 4925 καὶ
2503 4873 2643 4927 οῦτω
2691 4874 2919 4945 Χριστὸς
2966 4874 3059 4927 καὶ
3109 4873 3283 4942 ἅγιος,
3332 4874 3406 4936 ὡς
3443 4875 3510 4926 ἂν
3559 4867 3699 4925 εἶναι
3744 4870 3967 4940 λέγοιτο

2370 4964 2587 5033 χριστὸς
2629 4966 2809 5035 Κῦρός
2849 4983 2908 5017 τε
2946 4967 2974 5018 6
2999 4966 3107 5019 τῶν
3137 4966 3364 5035 Περσῶν
3407 4960 3828 5033 βεϐασιλευκὼς,
3860 4964 3966 5016 καὶ

2373 5055 2477 5125 μὴν
2519 5055 2614 5109 καὶ
2638 5057 2789 5110 αὐτοὶ
2822 5056 2933 5126 (19)
2961 5057 3169 5127 Πέρσαι
3198 5074 3257 5109 τε
3306 5058 3401 5110 καὶ
3435 5056 3646 5124 Μῆδοι;
3677 5054 3819 5124 Ὥρα
3846 5054 3967 5124 γὰρ

2370 5146 2542 5198 εἰπεῖν
2589 5144 2722 5214 μηδὲ
2758 5144 3015 5214 ὴγιάσθαι
3064 5146 3298 5217 Χριστὸν
3346 5144 3721 5213 ἀνθρωπίνως,
3776 5142 3965 5195 καίτοι

2426 5322 2472 5355 ³⁵
2500 5323 2659 5380 Joan.
2682 5341 2771 5391 xx,
2794 5326 2883 5380 22.
2982 5327 3027 5358 "
3061 5326 3229 5381 Hebr.
3268 5341 3351 5391 ιιι,
3374 5325 3429 5379 4.
3509 5325 3554 5357 ³ο
3590 5323 3754 5380 Hebr.
3786 5340 3826 5389 t,
3861 5324 3920 5382 6.

693 5388 731 5417 “
767 5386 961 5443 lJoan.
998 5406 1080 5455 ιιι,
1114 5389 1163 5443 1.
1241 5391 1283 5422 ⁸¹
1314 5388 1488 5443 Galut.
1532 5405 1602 5453 tv,
1634 5391 1687 5444 ὃ.
1766 5390 1810 5420 ³³
1847 5389 2036 5443 Matth.
2074 5407 2154 5450 ιιι.
2183 5386 2369 5456 16,17.

1932 5564 2092 5621 ANT.
2130 5565 2399 5621 AGELLII
2442 5566 2676 5622 ΝΟΤίΕ.

771 5718 884 5801 (l2)
911 5717 1227 5791 Legendum
1254 5718 1484 5787 videtur,
1550 5718 1641 5773 xc).
1676 5719 1783 5790 μὴν
1824 5721 1916 5773 καὶ
1995 5720 2139 5791 ἆγιοι
2183 5722 2269 5793 Πέι

2376 5742 2411 5779 ι.
2463 5725 2553 5782 Sic
2623 5743 2856 5801 namque
2902 5730 3259 5800 praecedentia
3329 5743 3392 5786 ac
3439 5727 3722 5799 sequentia
3765 5729 3956 5800 requi-

692 5799 839 5845 runt.
