4104 6468
745 457 812 511 83
1732 444 1789 498 S.
1832 437 2107 498 CYRILIJ
2147 433 2611 493 ALEXANDRINI
2650 438 2969 494 ABCHIEP.
3920 444 3989 500 ει

746 580 930 624 mutua
975 566 1375 632 communione,
1427 574 1589 634 atque
1642 561 1805 615 etiam
1847 558 2159 628 aequalitate
2206 563 2304 607 tam

2418 554 2556 619 νίας,
2588 557 2681 609 καὶ
2716 557 2823 628 μὴν
2868 558 2961 610 καὶ
3011 557 3252 627 ἰσότητος
3281 558 3553 623 οὐσιωδῶς
3585 560 3834 613 τοσοῦτον
3882 564 3991 632 ἀφ-

748 676 941 731 magno
965 659 1215 716 essentia:
1236 656 1550 712 discrimine
1575 653 1839 721 disjuncta
1867 660 2017 714 sunt,
2042 650 2094 703 in
2128 661 2311 708 unam,

746 765 803 807 ut
834 755 948 822 ipse
987 752 1142 816 dicis,
1188 749 1567 806 auctoritatem
1601 744 1923 815 colligenda.
1973 751 2027 795 et
2066 740 2178 809 pari
2220 737 2315 791 ho-

744 859 875 899 nore
902 857 1093 899 censes
1134 841 1417 898 ornanda?
1462 839 1561 895 Ubi
1608 850 1840 906 namque
1880 848 2101 904 prorsus
2140 830 2315 883 minor

743 944 824 989 est
854 945 1071 999 natura,
1100 934 1188 989 cui
1215 932 1383 986 altera
1427 928 1830 999 superponitur,
1860 925 1949 993 qui
1994 921 2106 975 ﬁeri
2140 926 2315 988 potest

745 1036 803 1077 ut
826 1023 898 1077 illi
940 1023 1219 1089 contingat
1243 1028 1297 1075 et
1328 1019 1529 1087 paritas
1560 1012 1804 1075 honoris,
1837 1020 1895 1063 et
1922 1007 2201 1077 aequalitas
2233 1003 2310 1056 di-

737 1113 983 1183 gnitatis,
1008 1121 1063 1167 et
1088 1112 1226 1167 idem
1254 1109 1579 1175 minimeque
1602 1105 1846 1158 diversus
1868 1098 2051 1167 gloria:
2083 1092 2312 1149 modus?

745 1201 897 1268 Quod
935 1211 1115 1255 autem
1156 1198 1587 1268 coniunctionem
1626 1191 1919 1262 appellans.
1953 1204 2069 1242 eam
2106 1184 2313 1240 scilicet

743 1306 860 1360 qua:
886 1307 952 1347 ex
980 1292 1175 1348 vicinia
1206 1291 1322 1345 sola
1359 1288 1440 1343 vel
1470 1286 1761 1343 secundum
1790 1280 2200 1352 appositionetn,
2228 1274 2311 1329 vel

743 1384 1037 1438 secundum
1066 1380 1438 1437 habitudinem
1474 1376 1812 1446 intelligitur,
1853 1372 1967 1441 ipse
1996 1370 2109 1423 suis
2150 1365 2313 1419 ratio-

744 1474 899 1527 nibus
928 1472 1268 1538 adversatur,
1293 1481 1349 1526 et
1379 1486 1497 1539 qua:
1528 1468 1796 1524 destruxit
1825 1461 2076 1525 aedificat,
2108 1468 2161 1513 et
2191 1471 2311 1527 quae

742 1556 1026 1613 demolitus
1056 1568 1138 1613 est
1161 1559 1341 1627 erigit,
1373 1560 1588 1629 planum
1627 1554 1715 1610 liet
1743 1568 1807 1609 ex
1832 1553 1933 1607 hoc
1964 1562 2152 1604 rursus
2184 1565 2198 1599 :
2233 1546 2311 1600 sic

742 1662 973 1718 namque
1002 1649 1179 1704 dixit:

810 1736 1090 1809 [Νεετοιι.
1122 1740 1245 1794 Ideo
1279 1739 1400 1793 volo
1430 1752 1521 1792 vos
1550 1743 1707 1793 caute
1742 1736 2072 1801 iirmiterque
2103 1741 2301 1784 tenere.

744 1826 942 1881 Divisio
968 1826 1111 1881 nulla
1146 1836 1228 1881 est
1246 1826 1639 1896 coniunctionis
1656 1824 1965 1894 dignitatis,
1995 1820 2267 1874 tiliationis
2295 1839 2304 1871 :

741 1917 841 1971 hoc
881 1917 1055 1986 ipsum
1089 1921 1229 1987 quod
1274 1918 1521 1972 Christus
1557 1925 1659 1980 est,
1696 1915 1893 1969 nullam
1937 1913 2141 1981 patitur
2173 1910 2309 1965 divi-

738 2009 942 2065 sionem
967 2028 979 2063 :
1005 2012 1099 2065 sed
1126 2009 1337 2064 deitatis
1364 2020 1415 2063 et
1436 2008 1786 2063 humanitatis
1809 2014 1891 2059 est
1916 2004 2127 2058 divisio.
2148 2000 2309 2055 Chri-

738 2107 876 2165 stus,
903 2116 1003 2169 qua
1029 2101 1296 2165 Christus,
1326 2100 1630 2155 individuus
1655 2105 1738 2151 est
1765 2115 1777 2150 :
1806 2110 1978 2165 neque
2004 2093 2146 2148 enim
2171 2092 2307 2145 duos

737 2193 974 2247 christos
1024 2193 1307 2257 habemus,
1341 2207 1512 2261 neque
1538 2192 1671 2245 duos
1712 2189 1848 2243 ﬁlios
1875 2208 1887 2242 :
1917 2203 2019 2241 non
2060 2186 2202 2239 enim
2227 2192 2309 2239 est

739 2284 875 2352 apud
906 2297 1002 2337 nos
1023 2285 1224 2354 primus
1248 2295 1301 2338 et
1323 2284 1615 2346 secundus,
1646 2296 1815 2350 neque
1842 2281 1980 2333 alius
2032 2290 2085 2333 et
2124 2279 2262 2333 alius
2288 2292 2303 2330 :

738 2388 910 2442 neque
936 2389 1124 2430 rursus
1157 2375 1296 2429 alius
1340 2374 1595 2437 Filius,et
1622 2373 1758 2427 alius
1782 2387 2037 2436 rursum;
2065 2372 2157 2427 sed
2192 2371 2305 2439 ipse

738 2464 825 2519 ille
858 2480 995 2521 unus
1034 2475 1117 2522 est
1148 2467 1340 2524 duplex
1372 2484 1383 2520 :
1433 2482 1539 2521 nun
1583 2466 1866 2529 dignitate,
1906 2465 1999 2519 sed
2045 2475 2259 2518 natura.
2292 2462 2302 2534 |

1364 2602 1517 2659 CAP.
1564 2602 1669 2657 VL.

806 2746 1025 2815 Explica
1062 2744 1197 2800 mihi
1245 2758 1435 2797 rursus
1483 2742 1739 2812 quidnam
1794 2755 1915 2796 esse
1974 2740 2302 2794 individuam

734 2834 1179 2904 conjunctionem
1216 2834 1400 2888 dicis?
1440 2830 1802 2894 Uuitatemne,
1858 2832 2155 2887 secundum
2208 2832 2304 2900 hy-

737 2926 994 2995 postasim
1023 2924 1297 2987 nimirum,
1335 2938 1497 2995 quam
1529 2923 1630 2991 ipsi
1666 2924 2019 2991 praadicamus
2056 2938 2177 2978 cum
2208 2938 2304 2993 pro

734 3017 1044 3088 dogmatum
1096 3016 1327 3071 veritate
1380 3025 1676 3079 certamus,
1712 3030 1778 3070 an
1826 3029 1953 3070 vero
2010 3015 2148 3069 hanc
2181 3031 2301 3081 quae

734 3108 1029 3165 secundum
1058 3111 1469 3179 appositionem,
1495 3118 1548 3163 et
1575 3108 1799 3179 alicujus
1828 3109 1892 3162 ad
1921 3108 2124 3177 aliquid
2163 3110 2291 3162 vici-

2416 650 2685 721 εστηκότα
2728 650 3009 719 συλλέγειν
3054 654 3134 716 είς
3183 653 3333 724 μίαν,
3364 654 3505 708 καθά
3550 656 3658 724 φὴς
3684 655 3865 718 αὐτὸς,
3896 658 3989 709 αὑ-

2416 746 2665 809 θεντίαν,
2711 747 2805 799 καὶ
2846 748 3031 816 τιμαῖς
3082 749 3200 809 ταῖς
3249 748 3390 810 ῐσαις
3435 748 3730 816 στεφανοῦν
3778 747 3985 811 ἀξιοῖςς

2417 838 2590 890 Ὅπου
2623 837 2732 908 γάρ
2762 837 2898 899 ὅλως
2927 841 3314 907 μειονεκτεῖται
3365 838 3546 906 φύσις,
3583 840 3772 909 ἑτέρας
3821 840 3989 909 ὑπερ-

2414 928 2693 998 κειμένης,
2735 928 2850 991 πῶς
2882 928 2949 981 ἀν
2976 928 3113 998 αὐτῇ
3154 930 3506 999 προσγένοιτο
3533 932 3627 983 καὶ
3654 931 3835 1001 γερῶν
3875 931 3985 983 ίσόο

2413 1039 2531 1092 της,
2566 1023 2658 1075 καὶ
2690 1020 2999 1091 ίσομοιροῦν
3039 1020 3276 1091 ἀξίωμα,
3314 1024 3406 1075 καὶ
3431 1026 3459 1076 ό
3484 1024 3584 1092 τῆς
3608 1023 3857 1086 εὐκλείας
3889 1025 4009 1093 οὐχ.

2414 1112 2598 1184 ἔτερος
2637 1112 2872 1186 τρόπος;
2904 1113 3022 1165 Ὀτι
3066 1112 3125 1165 δὲ
3174 1112 3468 1182 συνάφειαν
3514 1114 3813 1184 ὀνομάζων,
3843 1116 3985 1183 τάχα

2414 1223 2513 1259 που
2569 1205 2668 1276 τὴν
2724 1207 2841 1258 κατ’
2870 1206 3144 1274 ἐγγύτητα
3190 1205 3359 1275 μόνην
3404 1206 3499 1257 καὶ
3558 1205 3689 1276 Ila.
3720 1206 3795 1277 ἢ]
3842 1208 3987 1260 κατά

2413 1294 2734 1367 παράθεσιν,
2766 1297 2931 1365 ήγουν
2976 1294 3231 1365 σχετικὴν
3283 1296 3600 1366 νοουμένην,
3648 1296 3812 1359 αὐτὸς
3871 1298 3987 1359 τοῖς

2414 1390 2563 1454 ίδίοις
2588 1390 2970 1443 ἀντανίσταται
3018 1386 3216 1454 λόγοις,
3251 1387 3287 1440 ἀ
3324 1386 3618 1440 κατέλυσεν
3660 1388 3981 1458 οἰκοδομῶν,

2414 1482 2506 1533 καὶ
2548 1480 2768 1543 ἀνιστὰς
2812 1480 2870 1531 τὸ
2902 1478 3303 1549 καθῃρημένον,
3342 1478 3513 1548 σαφὲς
3542 1479 3608 1533 ἂν
3646 1480 3857 1549 γένοιτο
3889 1482 3984 1533 καὶ

2410 1572 2498 1625 διά
2535 1570 2685 1625 τοῦδε
2716 1571 2779 1639 δὴ
2809 1569 2998 1624 πάλινο
3036 1570 3137 1640 ἔφη
3163 1569 3272 1639 γὰρ
3298 1570 3488 1632 οὕτως’

2483 1745 2601 1814 ῘΔιά
2634 1744 2789 1798 τοῦτο
2840 1744 3103 1814 βούλομαι
3138 1746 3283 1813 ὑμᾶς
3322 1747 3458 1815 μετά
3506 1746 3807 1814 ἀσφαλείας
3851 1764 3983 1816 κρα·

2411 1841 2551 1889 τείν·
2583 1837 2841 1906 διαίρεσις
2872 1837 2969 1889 οὐκ
3000 1837 3115 1889 ἔστι
3148 1839 3247 1907 τῆς
3280 1837 3570 1907 συναφείας
3615 1837 3709 1890 τοῦ
3742 1837 3987 1907 ἀξιώμα-

2410 1946 2520 1991 τος,
2551 1929 2650 1999 τῆς
2682 1929 2954 1998 υίότητος·
2988 1927 3157 1980 αὑτοῦ
3186 1928 3279 1981 τοῦ
3308 1924 3445 1981 εἶναι
3475 1929 3711 1999 Χριστὸς
3738 1930 3839 1981 οὐκ
3867 1928 3988 1979 ἐστι

2409 2020 2671 2090 διαίρεσις
2696 2036 2708 2049 ·
2759 2020 2857 2089 τῆς
2902 2020 2957 2072 δὲ
3006 2019 3254 2087 θεότητος
3287 2021 3378 2074 καὶ
3413 2020 3827 2090 ἀνθρωπότητός
3868 2021 3987 2071 ἐστι

2408 2113 2669 2182 διαίρεσις
2688 2129 2702 2143 ·
2730 2114 2759 2165 ὁ
2783 2113 3033 2182 Χριστὸς,
3060 2112 3199 2164 κατά
3244 2112 3305 2164 τὸ
3351 2113 3604 2181 Χριστὸς,
3636 2112 3941 2182 ἀδιαίρετος
3971 2128 3981 2139 ·

2407 2206 2468 2259 οὐ
2513 2206 2621 2275 γάρ
2650 2206 2843 2275 ἔχομεν
2877 2205 2970 2257 δύο
2997 2206 3272 2275 χριστοῦς,
3304 2204 3423 2257 οὐδὲ
3456 2203 3549 2257 δύο
3575 2203 3750 2265 υίούς’
3782 2204 3843 2255 οὐ
3874 2202 3989 2271 γάρ

2407 2299 2523 2351 ἐστι
2558 2298 2687 2365 παρ’
2711 2298 2841 2365 ἡμῖν
2868 2295 3081 2365 πρῶτος
3110 2297 3203 2348 καὶ
3232 2295 3499 2365 δεύτερος,
3538 2294 3658 2347 οὐδὲ
3688 2293 3844 2355 ἀλλος
3890 2294 3985 2345 καὶ

2406 2387 2564 2449 ἄλλος
2584 2402 2596 2416 ⁶
2622 2384 2743 2439 οὐδὲ
2772 2385 2935 2438 πάλιν
2960 2385 3116 2449 ἄλλος
3141 2385 3287 2449 Υίδς,
3326 2386 3417 2438 καὶ
3449 2385 3604 2445 ἄλλος
3634 2384 3795 2437 πάλιν
3816 2399 3828 2411 '
3856 2381 3957 2435 ἀλλ
3973 2384 3989 2401 ⁸

2408 2476 2569 2540 αὐτὸς
2606 2479 2634 2529 ό
2669 2470 2750 2540 εἷς
2791 2478 2904 2530 ἐστι
2924 2474 3142 2538 διπλοῦς
3163 2492 3173 2504 ·
3198 2476 3258 2528 οὐ
3276 2478 3338 2547 τῇ
3363 2475 3507 2546 ἀξίᾳ.
3535 2476 3669 2528 ἀλλά
3684 2476 3748 2544 τῇ
3774 2471 3989 2545 φῦσαι

3006 2614 3251 2667 ΚΕΦΑΛ.
3296 2616 3383 2679 ς’.

2476 2747 2653 2819 Φράζε
2677 2746 2739 2816 δή
2775 2763 2863 2816 μοι
2891 2746 3074 2805 πάλιν,
3099 2744 3150 2799 τί
3178 2746 3240 2811 δὴ
3268 2746 3374 2815 ἄρα
3406 2746 3503 2816 τὴν
3530 2746 3831 2815 ἀδιαίρετον
3858 2761 3986 2797 συν-

2405 2844 2599 2910 άφειαν
2629 2835 2767 2893 εἷναι
2806 2840 2911 2909 φής
2935 2856 2949 2903 ;
2971 2835 3117 2908 Ἀρά
3143 2838 3241 2906 τὴν
3264 2836 3477 2898 ἕνωσιν,
3510 2837 3665 2907 δῆλον
3685 2837 3741 2890 δὲ
3770 2838 3851 2889 ὅτι
3886 2837 3986 2900 τὴν

2407 2934 2530 2987 καθ’
2562 2933 2887 2996 ὑπόστασιν,
2937 2930 3004 2999 ἦν
3053 2930 3212 2998 ἡμεῖς
3264 2928 3672 2999 πρεσϐεύομεν,
3720 2929 3834 2989 τοῖς
3886 2928 3986 2997 τῆς

2406 3026 2663 3097 ἀληθείας
2689 3021 3076 3085 συναθλοῦντες
3098 3021 3359 3091 δόγμασιν
3380 3037 3393 3050 σ
3418 3020 3450 3090 ἦ
3476 3019 3702 3088 ταυτηνὶ
3722 3019 3822 3087 τὴν
3845 3019 3986 3071 κατά

2408 3118 2727 3189 παράθεσιν,
2758 3117 2851 3167 καὶ
2882 3115 2979 3185 τὴν
3011 3113 3145 3184 πρὸς
3169 3112 3291 3164 τόδε
3316 3129 3369 3164 τι
3395 3110 3490 3164 τοῦ
3515 3112 3683 3172 δεῖνος
3707 3109 3987 3179 ἐγγύτητα

733 3200 957 3255 nitatem
1025 3200 1395 3271 intelligitur?
1429 3200 1563 3255 Nam
1618 3202 1697 3257 sic
1741 3202 1905 3255 etiam
1970 3200 2078 3274 45
2134 3215 2301 3256 sacrm

2408 3211 2735 3282 νοουμένην;
2769 3207 2993 3277 Δέχεται
3020 3205 3130 3276 γάρ
3162 3204 3306 3257 οὕτω
3331 3202 3430 3273 τὴν
3467 3202 3610 3268 λέξιν
3644 3203 3676 3271 ἡ
3720 3200 3985 3253 θεόπνευ-

731 3294 948 3349 Littera:
1010 3294 1148 3350 hanc
1209 3295 1502 3350 dictionem
1558 3294 2093 3362 accipiuntzitaque
2160 3292 2296 3346 dixit

732 3389 874 3443 Deus
902 3387 967 3441 ad
1002 3387 1216 3441 beatum
1253 3385 1457 3449 Mosen,
1516 3384 1580 3440 de
1608 3384 1773 3437 veteri
1813 3384 1901 3436 illo
1951 3382 2299 3436 tabernaculo

735 3480 958 3547 loquens
990 3496 1002 3532 :
1040 3495 1059 3529 ι
1091 3476 1156 3530 Et
1192 3475 1357 3531 facies
1385 3474 1572 3529 fibulas
1595 3474 1983 3545 quinquaginta
2014 3488 2226 3535 aureas,
2247 3482 2299 3525 et

734 3568 1026 3639 conjuugcs
1071 3569 1307 3622 cortinas
1353 3566 1577 3620 alteram
1636 3564 1789 3619 alteri
1819 3564 1889 3615 “.
1931 3583 1951 3615 ι
1978 3564 2109 3618 Cum
2156 3563 2298 3617 enim

730 3659 965 3730 quinque
994 3665 1195 3719 essent,
1229 3667 1284 3710 et
1310 3669 1643 3725 unaquaeque
1668 3654 1890 3709 seorsim
1912 3653 2123 3707 diversa
2155 3660 2301 3706 esset

730 3753 797 3805 ab
829 3750 971 3815 aliis,
994 3748 1416 3818 conjungebatur
1446 3746 1731 3800 ﬁbulis.At
1754 3760 1879 3799 vero
1905 3760 2002 3799 nos
2035 3744 2172 3798 haud
2199 3744 2299 3795 isto

732 3841 889 3895 modo
918 3839 1110 3895 factam
1135 3839 1185 3893 in
1205 3836 1422 3893 Christo
1448 3837 1701 3891 unionem
1727 3836 1958 3890 dicimus
1987 3854 1999 3889 :
2027 3851 2131 3890 non
2155 3835 2298 3888 enim

728 3941 787 3987 ut
835 3929 1128 4000 quispiam,
1182 3926 1329 3981 vcrbi
1375 3928 1569 3996 gratia,
1630 3925 1979 3994 conjungitur
2027 3923 2183 3978 alteri
2218 3924 2302 3976 vel

728 4036 825 4090 per
863 4018 1233 4075 unanimitatis
1274 4018 1512 4082 modum,
1541 4018 1622 4070 vel
1641 4030 1736 4083 per
1764 4016 2005 4084 corporis
2022 4014 2298 4076 viciniam,

731 4114 810 4167 sic
844 4110 931 4164 ille
970 4123 1185 4178 quoque
1213 4108 1533 4177 conjunctus
1567 4116 1681 4170 est;
1714 4105 1830 4168 sed,
1868 4112 1925 4157 ut
1962 4104 2159 4173 saepius
2189 4102 2299 4172 jam

731 4201 863 4266 dixi,
914 4214 1069 4256 suum
1106 4197 1285 4253 eﬂccit
1332 4212 1526 4265 corpus
1563 4209 1628 4250 ex
1665 4204 1847 4249 sancta
1890 4192 2113 4264 Virgine
2154 4209 2302 4249 sum-

731 4305 904 4364 ptum,
929 4304 982 4347 et
1016 4292 1142 4345 illud
1202 4303 1269 4345 ex
1324 4288 1433 4343 Deo
1469 4288 1701 4342 Verbum
1757 4286 1906 4340 carni
1965 4301 2068 4340 non
2129 4285 2301 4339 inani-

731 4394 889 4440 mutae
922 4398 1047 4439 vere
1089 4382 1297 4438 unitum
1326 4380 1573 4436 dicimus.
1603 4378 1771 4450 igitur
1801 4380 1845 4433 si
1874 4376 2295 4448 coniunctionis,

733 4488 789 4530 ut
833 4476 949 4545 ipse
990 4483 1169 4537 vocat,
1205 4474 1287 4527 vis
1336 4486 1457 4526 eam
1506 4472 1769 4525 unitatem
1820 4470 2094 4539 signiﬁcat
2139 4485 2299 4540 quam

734 4568 831 4635 ipsi
883 4567 1252 4633 intelligimus,
1285 4564 1452 4627 illam,
1510 4563 1751 4632 inquam,
1803 4562 2098 4615 secundum
2133 4564 2301 4633 hypo-
2334 4560 2378 4615 D

730 4659 942 4722 stasim,
986 4666 1128 4712 recte
1159 4670 1291 4712 sane
1319 4656 1475 4719 dixit,
1522 4654 1720 4708 nullam
1776 4670 1899 4709 esse
1936 4654 2161 4717 Christi,
2197 4668 2301 4721 qua

730 4750 982 4807 Christus
1030 4757 1134 4814 est,
1186 4747 1557 4802 divisionem:
1596 4759 1771 4813 neque
1816 4745 1961 4798 enim
2009 4756 2094 4799 est
2142 4745 2299 4809 alter,

731 4856 906 4917 neque
951 4840 1091 4894 (ilius
1125 4848 1177 4893 et
1215 4837 1379 4901 illius,
1440 4836 1577 4891 alius
1627 4846 1789 4906 atque
1842 4837 2000 4899 alius,
2052 4837 2201 4905 prior
2250 4846 2303 4891 et

730 4932 1017 4993 secundus,
1048 4930 1139 4986 sed
1166 4944 1304 4983 unus
1331 4928 1605 4987 nimirum.
1630 4937 1683 4982 et
1704 4938 1827 4982 ante
1858 4944 2075 4983 carnem
2104 4939 2155 4981 et
2184 4937 2304 4997 post

730 5037 947 5079 carnem
982 5042 994 5077 :
1032 5022 1110 5076 sic
1162 5034 1395 5088 namqne
1428 5020 1552 5086 erit,
1590 5028 1647 5073 ut
1702 5030 1753 5073 tu
1806 5020 1964 5085 dicis,
2002 5020 2296 5075 secundum

728 5116 1045 5186 dignitatem
1072 5124 1233 5183 atque
1260 5115 1421 5166 etiam
1451 5112 1747 5167 secundum
1776 5112 2069 5181 potentiam
2103 5111 2294 5165 indivi-

730 5211 890 5271 duus,
940 5208 1051 5260 imo
1075 5220 1202 5259 vero
1246 5206 1409 5259 idem.
1438 5203 1491 5258 ιιι
1526 5204 1569 5257 si
1598 5203 1669 5257 ita
1695 5213 1800 5267 est,
1852 5203 2121 5271 quomodo
2151 5205 2295 5257 illum

730 5317 892 5356 unum
918 5312 972 5355 et
1005 5298 1333 5352 individuum
1362 5296 1626 5365 duplicem
1657 5311 1778 5350 esse
1801 5297 1901 5358 ais,
1925 5305 1976 5351 et
2002 5311 2107 5351 non
2125 5296 2305 5364 digni-

731 5403 861 5457 tate,
915 5392 1006 5445 sed
1053 5398 1243 5443 natura
1262 5387 1415 5443 ?Non
1465 5388 1609 5442 enim
1643 5389 1771 5456 quia
1818 5388 1907 5442 Dei
1955 5387 2133 5443 Patris
2166 5387 2300 5441 Ver-

730 5486 853 5537 bum
913 5490 1187 5551 assumpta
1251 5497 1415 5536 carne
1446 5483 1645 5552 prodiit
1696 5484 1857 5537 homo
1886 5485 2081 5540 similis
2122 5485 2297 5547 nobis,

720 5576 850 5652 “ideo
873 5574 1066 5639 duplex
1096 5582 1178 5627 est
1201 5572 1554 5641 appellandus
1586 5592 1599 5627 :
1638 5588 1775 5629 unus
1823 5585 1904 5629 est
1940 5576 2083 5628 enim
2112 5585 2167 5629 et
2196 5590 2299 5627 non

724 5670 843 5724 sine
869 5680 1055 5731 carne,
1100 5667 1190 5737 qui
1225 5666 1517 5721 secundum
1548 5666 1821 5737 propriam
1864 5676 2110 5723 naturam
2146 5678 2299 5723 extra

796 5849 839 5883 "
870 5848 1035 5903 Exod.
1074 5864 1218 5911 nt't,
1250 5849 1299 5910 1,
1336 5849 1389 5901 2.

2406 3321 2529 3366 στος
2556 3302 2775 3371 Γραφή·
2808 3298 2906 3352 καὶ
2934 3296 3065 3365 γοῦν
3094 3295 3195 3364 ἔφη
3235 3295 3369 3366 πρὸς
3404 3293 3605 3347 Μωσέα
3631 3292 3723 3343 τὸν
3750 3290 3972 3361 ἱερώτα-

2401 3412 2511 3454 τον,
2547 3392 2675 3457 περὶ
2704 3392 2803 3460 τῆς
2832 3388 3066 3461 ἀρχαίας
3098 3387 3312 3456 ἐκείνης
3336 3384 3540 3453 σκηνῆς
3562 3382 3832 3445 συντιθεὶς
3858 3384 3984 3445 τοὺς

2401 3486 2587 3551 λόγους
2606 3500 2619 3513 ·
2662 3502 2679 3533 ι
2711 3481 2821 3535 Καὶ
2849 3480 3093 3549 ποιήσεις
3118 3478 3338 3546 κρίκους
3361 3476 3699 3543 πεντήκοντα
3722 3472 3983 3543 χρυσοῦς.

2404 3577 2494 3630 καὶ
2526 3574 2780 3643 συνάψεις
2809 3571 2906 3634 τὰς
2934 3569 3160 3632 αὐλαίας
3205 3569 3397 3637 ἑτέραν
3435 3570 3501 3636 τῇ
3530 3566 3692 3635 ἑτέρᾳ
3719 3567 3830 3626 τοῖς
3862 3566 3982 3633 κρί-

2405 3684 2535 3729 κοις.
2568 3684 2587 3717 ι
2623 3663 2791 3717 Πέντε
2818 3661 2927 3731 γὰρ
2953 3654 3130 3718 οὖσαι,
3172 3657 3267 3710 καὶ
3300 3656 3481 3718 ίδικῶς
3511 3654 3714 3722 ἑκάστη
3756 3653 3894 3721 πρὸς
3924 3653 3986 3705 τὸ

2404 3758 2564 3827 ἑτέρα
2584 3756 2665 3818 τίς
2688 3750 2827 3806 εἶναι
2859 3749 3010 3820 παρὰ
3036 3749 3132 3811 τὰς
3158 3748 3322 3810 ἄλλας
3345 3745 3558 3816 ἔχουσα,
3600 3742 3835 3811 τυνῆπτο
3872 3745 3984 3802 τοῖς

2406 3847 2840 3919 κρίκοις.Ἡμείς
2887 3844 2940 3897 δὲ
2989 3841 3087 3910 οὐχ
3121 3839 3262 3894 οὕτω
3303 3839 3482 3906 φαμὲν
3526 3835 3840 3904 πεπρᾶχθαι
3891 3836 3983 3887 ἐπὶ

2405 3939 2639 4007 Χριστοῦ
2672 3939 2770 4009 τὴν
2800 3937 2994 3989 ἕνωσιν
3015 3952 3026 3964 ·
3062 3933 3183 3985 οὐδὲ
3221 3931 3329 4001 γάρ
3364 3930 3550 3998 ὥσπερ
3583 3932 3610 3982 ό
3642 3929 3787 3981 δεῖνα
3820 3928 3981 3995 τυχὸν

2404 4029 2480 4097 τῷ
2525 4029 2656 4081 δεῖνι
2707 4026 3029 4079 συνάπτοιτο
3072 4024 3158 4084 ἂν,
3186 4023 3217 4091 ἢ
3254 4021 3393 4074 κατά
3426 4020 3516 4071 τὸν
3546 4022 3645 4090 τῆς
3675 4018 3981 4089 ὀμοψυχίας

2364 4132 2367 4133 ⁷
2402 4120 2621 4190 τρόπον,
2656 4118 2821 4187 ἦγουν
2866 4114 3005 4169 κατά
3048 4112 3108 4165 τὸ
3155 4112 3322 4179 ἐγγὺς
3360 4111 3417 4162 ὲν
3448 4109 3679 4178 σώματι,
3715 4107 3859 4161 οῦτιυ
3888 4110 3982 4161 κα)⁸

2404 4211 2595 4274 αὐτός’
2649 4207 2784 4263 ἀλλά
2834 4204 3066 4277 γάρ.ὠς
3116 4205 3213 4273 ἤδη
3265 4202 3578 4263 πλειστάκις
3630 4202 3796 4270 ἔφην,
3852 4200 3981 4253 ἴδιον

2404 4302 2696 4373 ἐποιήσατο
2731 4300 2889 4368 σῶμα
2920 4297 2981 4349 τὸ
3011 4295 3212 4364 ληφθὲν
3242 4296 3304 4346 ὲκ
3332 4293 3433 4363 τῆς
3478 4294 3634 4361 ἀγίας
3660 4292 3940 4363 Παρθένου
3967 4309 3979 4321 ·

2406 4395 2497 4447 καὶ
2531 4392 2745 4461 ἀληθῶς
2777 4386 3015 4460 ἡνῶσθαί
3050 4403 3247 4455 φαμεν,
3276 4386 3377 4439 οὐκ
3400 4383 3592 4455 ἀψύχῳ
3615 4385 3777 4454 σαρκὶ
3802 4385 3893 4437 τὸν
3921 4386 3982 4436 ἐκ

2405 4484 2539 4537 Θεοῦ
2568 4484 2752 4551 Λόγον.
2793 4478 2999 4533 Οὐκοῦν
3025 4477 3124 4546 τῆς
3164 4478 3292 4544 παρ’
3320 4473 3484 4528 αὑτοῦ
3519 4474 3818 4543 λεγομένης
3854 4491 3979 4526 συν·

2407 4576 2600 4644 αφείας
2621 4575 2651 4642 η
2675 4572 2920 4639 δύναμις,
2940 4570 2985 4621 εί
3011 4569 3109 4637 τὴν
3132 4567 3253 4620 καθ’
3271 4567 3417 4636 ἡμᾶς
3440 4566 3731 4635 νοουμένην
3753 4566 3981 4635 ἑνότητα

2406 4668 2572 4738 δηλοῖ.
2610 4664 2751 4733 φημὶ
2780 4662 2844 4732 δὴ
2875 4660 2972 4731 τὴν
3002 4658 3122 4712 καθ’
3147 4658 3463 4719 ὑπόστασιν,
3498 4656 3598 4728 εφη
3634 4656 3700 4711 ἂν
3731 4656 3976 4721 εἰκότως,

2411 4760 2545 4829 μηδὲ
2572 4757 2698 4827 μίαν
2718 4750 2857 4808 εἶναι
2878 4752 3115 4824 Χριστοῦ
3146 4751 3241 4821 τὴν
3275 4750 3558 4820 διαίρεσιν,
3588 4749 3726 4802 κατά
3750 4749 3812 4801 τὸ
3839 4743 3977 4801 εἶναι

2406 4852 2671 4923 Χριστόν
2704 4850 2765 4902 οὐ
2799 4849 2907 4917 γάρ
2939 4849 3086 4900 ἔστιν
3116 4846 3299 4916 ἕτερος
3344 4844 3436 4897 καὶ
3466 4844 3677 4913 ἕτερος*
3712 4840 3835 4895 οὔτε
3875 4842 3978 4912 μὴν

2407 4950 2517 5011 υίὸς
2547 4946 2640 5000 καὶ
2663 4945 2795 5006 υίὸς,
2832 4942 2984 5003 ἀλλος
3008 4941 3099 4993 καὶ
3132 4938 3307 5001 ἄλλος,
3345 4936 3558 5007 πρῶτος
3588 4936 3679 4989 καὶ
3705 4935 3975 5005 δεύτερος.

2409 5040 2520 5092 ἀλλ’
2560 5030 2639 5099 εἷς
2666 5033 2906 5102 δηλονότι
2937 5030 3029 5083 καὶ
3058 5028 3164 5099 πρὸ
3195 5025 3395 5097 σαρκὸς
3428 5025 3520 5079 καὶ
3573 5024 3707 5094 μετά
3754 5026 3934 5094 σάρκα
3960 5041 3971 5052 ·

2408 5131 2559 5185 ισται
2594 5126 2701 5196 γάρ
2748 5125 2887 5178 οὕτω
2918 5123 3058 5176 κατά
3084 5138 3145 5189 γε
3175 5119 3271 5189 τὴν
3298 5118 3474 5182 ἀξίαν,
3505 5117 3579 5179 ὡς
3626 5116 3688 5167 σὺ
3733 5116 3858 5184 φὴς,
3888 5117 3977 5167 καὶ

2413 5219 2595 5289 μέντοι
2639 5216 2731 5268 καὶ
2780 5214 2877 5282 τὴν
2916 5209 3233 5263 δυναστείαν
3278 5205 3597 5275 ἀδιαίρετος,
3642 5203 3839 5274 μᾶλλον
3870 5202 3976 5256 διὸ

2406 5310 2588 5371 αὑτός.
2616 5303 2745 5360 Εἶτα
2770 5305 2882 5365 πῶς
2905 5302 2992 5355 τὸν
3025 5301 3119 5353 ἕνα
3150 5299 3242 5351 καὶ
3278 5296 3579 5365 ἀδιαίρετον
3604 5293 3823 5349 διπλοῦν
3842 5290 3974 5347 εἶναι

2410 5401 2533 5471 φὴς,
2570 5402 2662 5453 καὶ
2702 5398 2823 5466 οὐχί
2855 5399 2919 5465 τῇ
2950 5393 3076 5463 ἀξίᾳ
3124 5390 3341 5457 μᾶλλον,
3386 5388 3520 5441 ἀλλά
3568 5391 3631 5457 τῇ
3680 5388 3871 5455 φύσεις
3905 5388 3973 5439 Οὐ

2408 5495 2517 5565 γὰρ
2550 5492 2753 5545 ὲπείτοι
2791 5489 2967 5558 σάρκα
2998 5484 3175 5537 λαϐὼν
3204 5484 3232 5535 ό
3264 5486 3325 5536 ὲκ
3372 5480 3505 5533 Θεοῦ
3544 5480 3755 5549 Πατρδς
3782 5480 3968 5546 Λόγος,

2408 5583 2676 5655 προῆλθεν
2716 5580 2995 5649 ἄνθρωπος
3047 5575 3165 5629 καθ’
3202 5575 3379 5645 ἡμᾶς,
3426 5571 3628 5642 ταύτης
3672 5572 3834 5625 ἕνεκα
3879 5571 3966 5637 τῆς

2406 5676 2607 5742 αίτίας,
2644 5673 2960 5744 ὀνομάζοιτο
2988 5670 3050 5723 ἂν
3080 5668 3171 5722 καὶ
3201 5666 3417 5730 διπλοῦς
3442 5684 3454 5697 ’
3487 5662 3564 5729 εἷς
3598 5666 3703 5735 γάρ
3733 5667 3848 5717 ἔστι
3884 5664 3963 5715 καὶ
