  <div class='ocr_page' id='page_1' title='image "/cluster/home/n/w/nwhite01/storage/ocr_20150623/76/uva.x030486937/052.png"; bbox 0 0 4104 6462; ppageno 0'>
   <div class='ocr_carea' id='block_1_1' title="bbox 154 430 204 483">
    <p class='ocr_par' dir='ltr' id='par_1_1' title="bbox 154 430 204 483">
     <span class='ocr_line' id='line_1_1' title="bbox 154 430 204 483; baseline 0 0"><span class='ocrx_word' id='word_1_1' title='bbox 154 430 204 483; x_wconf 79' lang='lat'><strong>85</strong></span> 
     </span>
    </p>
   </div>
   <div class='ocr_carea' id='block_1_2' title="bbox 1244 428 2310 488">
    <p class='ocr_par' dir='ltr' id='par_1_2' title="bbox 1244 428 2310 488">
     <span class='ocr_line' id='line_1_2' title="bbox 1244 428 2310 488; baseline 0.001 -3"><span class='ocrx_word' id='word_1_2' title='bbox 1244 429 1612 487; x_wconf 75' lang='lat' dir='ltr'><strong>ADVERSUS</strong></span> <span class='ocrx_word' id='word_1_3' title='bbox 1640 428 2040 488; x_wconf 74' lang='lat' dir='ltr'><strong>NESTORIUM</strong></span> <span class='ocrx_word' id='word_1_4' title='bbox 2086 430 2211 487; x_wconf 77' lang='lat' dir='ltr'><strong>LIB.</strong></span> <span class='ocrx_word' id='word_1_5' title='bbox 2246 429 2310 487; x_wconf 88' lang='lat' dir='ltr'><strong>ll.</strong></span> 
     </span>
    </p>
   </div>
   <div class='ocr_carea' id='block_1_3' title="bbox 3304 429 3372 485">
    <p class='ocr_par' dir='ltr' id='par_1_3' title="bbox 3304 429 3372 485">
     <span class='ocr_line' id='line_1_3' title="bbox 3304 429 3372 485; baseline -0.015 0"><span class='ocrx_word' id='word_1_6' title='bbox 3304 429 3372 485; x_wconf 82' lang='grc'><strong>86</strong></span> 
     </span>
    </p>
   </div>
   <div class='ocr_carea' id='block_1_4' title="bbox 156 548 1702 627">
    <p class='ocr_par' dir='ltr' id='par_1_4' title="bbox 156 548 1699 625">
     <span class='ocr_line' id='line_1_4' title="bbox 156 548 1699 625; baseline 0.003 -25"><span class='ocrx_word' id='word_1_7' title='bbox 156 550 200 600; x_wconf 65' lang='grc' dir='ltr'><strong>οὐ</strong></span> <span class='ocrx_word' id='word_1_8' title='bbox 226 548 333 619; x_wconf 81' lang='grc' dir='ltr'><strong>δίχα</strong></span> <span class='ocrx_word' id='word_1_9' title='bbox 363 551 560 620; x_wconf 79' lang='grc' dir='ltr'><strong>σαρκὸς</strong></span> <span class='ocrx_word' id='word_1_10' title='bbox 605 551 637 605; x_wconf 99' lang='lat'><strong>6</strong></span> <span class='ocrx_word' id='word_1_11' title='bbox 685 551 831 606; x_wconf 79' lang='grc' dir='ltr'><strong>κατὰ</strong></span> <span class='ocrx_word' id='word_1_12' title='bbox 880 552 1044 622; x_wconf 80' lang='grc' dir='ltr'><strong>φύσιν</strong></span> <span class='ocrx_word' id='word_1_13' title='bbox 1077 552 1211 607; x_wconf 85' lang='grc' dir='ltr'><strong>ίδίαν</strong></span> <span class='ocrx_word' id='word_1_14' title='bbox 1237 553 1341 618; x_wconf 82' lang='grc' dir='ltr'><strong>ἔξω</strong></span> <span class='ocrx_word' id='word_1_15' title='bbox 1369 553 1571 625; x_wconf 76' lang='grc' dir='ltr'><strong>σαρκὸς</strong></span> <span class='ocrx_word' id='word_1_16' title='bbox 1606 554 1699 607; x_wconf 79' lang='grc' dir='ltr'><strong>καὶ</strong></span> 
     </span>
    </p>
   </div>
   <div class='ocr_carea' id='block_1_5' title="bbox 1805 548 3370 627">
    <p class='ocr_par' dir='ltr' id='par_1_5' title="bbox 1805 549 3370 627">
     <span class='ocr_line' id='line_1_5' title="bbox 1805 549 3370 627; baseline -0.004 -16"><span class='ocrx_word' id='word_1_17' title='bbox 1805 571 2020 613; x_wconf 89' lang='lat' dir='ltr'><strong>carnem</strong></span> <span class='ocrx_word' id='word_1_18' title='bbox 2049 567 2101 612; x_wconf 91' lang='lat' dir='ltr'><strong>et</strong></span> <span class='ocrx_word' id='word_1_19' title='bbox 2133 555 2473 627; x_wconf 85' lang='lat' dir='ltr'><strong>sanguinem.</strong></span> <span class='ocrx_word' id='word_1_20' title='bbox 2510 552 2584 609; x_wconf 85' lang='lat' dir='ltr'><strong>Ut</strong></span> <span class='ocrx_word' id='word_1_21' title='bbox 2623 553 2765 609; x_wconf 93' lang='lat' dir='ltr'><strong>enim</strong></span> <span class='ocrx_word' id='word_1_22' title='bbox 2822 553 2912 624; x_wconf 91' lang='lat' dir='ltr'><strong>qui</strong></span> <span class='ocrx_word' id='word_1_23' title='bbox 2946 549 3114 607; x_wconf 98' lang='lat' dir='ltr'><strong>nostri</strong></span> <span class='ocrx_word' id='word_1_24' title='bbox 3142 549 3370 606; x_wconf 75' lang='lat' dir='ltr'><strong>similem</strong></span> 
     </span>
    </p>
   </div>
   <div class='ocr_carea' id='block_1_6' title="bbox 157 642 1697 717">
    <p class='ocr_par' dir='ltr' id='par_1_6' title="bbox 157 642 1697 717">
     <span class='ocr_line' id='line_1_6' title="bbox 157 642 1697 717; baseline 0.006 -26"><span class='ocrx_word' id='word_1_25' title='bbox 157 642 579 713; x_wconf 76' lang='grc' dir='ltr'><strong>αἰματος.Ὠσπερ</strong></span> <span class='ocrx_word' id='word_1_26' title='bbox 605 643 720 715; x_wconf 79' lang='grc' dir='ltr'><strong>γὰρ</strong></span> <span class='ocrx_word' id='word_1_27' title='bbox 752 645 806 697; x_wconf 80' lang='grc' dir='ltr'><strong>εί</strong></span> <span class='ocrx_word' id='word_1_28' title='bbox 817 661 901 707; x_wconf 90' lang='grc' dir='ltr'><strong>τις</strong></span> <span class='ocrx_word' id='word_1_29' title='bbox 936 643 1044 698; x_wconf 84' lang='grc' dir='ltr'><strong>τῶν</strong></span> <span class='ocrx_word' id='word_1_30' title='bbox 1075 644 1195 698; x_wconf 75' lang='grc' dir='ltr'><strong>καθ’</strong></span> <span class='ocrx_word' id='word_1_31' title='bbox 1230 648 1373 717; x_wconf 79' lang='grc' dir='ltr'><strong>ἡμᾶς</strong></span> <span class='ocrx_word' id='word_1_32' title='bbox 1414 646 1697 717; x_wconf 81' lang='grc' dir='ltr'><strong>ἄνθρωπον</strong></span> 
     </span>
    </p>
   </div>
   <div class='ocr_carea' id='block_1_7' title="bbox 152 732 1698 809">
    <p class='ocr_par' dir='ltr' id='par_1_7' title="bbox 152 732 1698 809">
     <span class='ocr_line' id='line_1_7' title="bbox 152 732 1698 809; baseline 0.006 -27"><span class='ocrx_word' id='word_1_33' title='bbox 152 732 448 795; x_wconf 72' lang='grc' dir='ltr'><strong>ἀποκτενῶν,</strong></span> <span class='ocrx_word' id='word_1_34' title='bbox 477 734 575 803; x_wconf 77' lang='grc' dir='ltr'><strong>οὐχ</strong></span> <span class='ocrx_word' id='word_1_35' title='bbox 598 734 677 797; x_wconf 81' lang='grc' dir='ltr'><strong>ὥς</strong></span> <span class='ocrx_word' id='word_1_36' title='bbox 706 734 802 789; x_wconf 82' lang='grc' dir='ltr'><strong>δύο</strong></span> <span class='ocrx_word' id='word_1_37' title='bbox 829 752 930 789; x_wconf 86' lang='grc' dir='ltr'><strong>που</strong></span> <span class='ocrx_word' id='word_1_38' title='bbox 960 737 1158 806; x_wconf 79' lang='grc' dir='ltr'><strong>μᾶλλον</strong></span> <span class='ocrx_word' id='word_1_39' title='bbox 1187 736 1463 809; x_wconf 81' lang='grc' dir='ltr'><strong>ἠδικηκὼς</strong></span> <span class='ocrx_word' id='word_1_40' title='bbox 1491 736 1698 808; x_wconf 79' lang='grc' dir='ltr'><strong>ἀνθρώ-</strong></span> 
     </span>
    </p>
   </div>
   <div class='ocr_carea' id='block_1_8' title="bbox 153 827 1695 898">
    <p class='ocr_par' dir='ltr' id='par_1_8' title="bbox 153 827 1695 898">
     <span class='ocr_line' id='line_1_8' title="bbox 153 827 1695 898; baseline 0.003 -22"><span class='ocrx_word' id='word_1_41' title='bbox 153 842 278 889; x_wconf 73' lang='grc' dir='ltr'><strong>πους,</strong></span> <span class='ocrx_word' id='word_1_42' title='bbox 310 828 650 896; x_wconf 71' lang='grc' dir='ltr'><strong>κατηγοροῖτ’</strong></span> <span class='ocrx_word' id='word_1_43' title='bbox 685 827 754 881; x_wconf 75' lang='grc' dir='ltr'><strong>ἂν</strong></span> <span class='ocrx_word' id='word_1_44' title='bbox 788 828 1031 892; x_wconf 73' lang='grc' dir='ltr'><strong>εἰκότως,</strong></span> <span class='ocrx_word' id='word_1_45' title='bbox 1074 829 1187 882; x_wconf 81' lang='grc' dir='ltr'><strong>ἀλλ’</strong></span> <span class='ocrx_word' id='word_1_46' title='bbox 1215 830 1309 883; x_wconf 72' lang='grc' dir='ltr'><strong>ἕνα</strong></span> <span class='ocrx_word' id='word_1_47' title='bbox 1363 830 1454 883; x_wconf 80' lang='grc' dir='ltr'><strong>καὶ</strong></span> <span class='ocrx_word' id='word_1_48' title='bbox 1511 828 1695 898; x_wconf 85' lang='grc' dir='ltr'><strong>μόνον,</strong></span> 
     </span>
    </p>
   </div>
   <div class='ocr_carea' id='block_1_9' title="bbox 151 918 1697 992">
    <p class='ocr_par' dir='ltr' id='par_1_9' title="bbox 151 918 1697 992">
     <span class='ocr_line' id='line_1_9' title="bbox 151 918 1697 992; baseline 0.005 -24"><span class='ocrx_word' id='word_1_49' title='bbox 151 918 237 969; x_wconf 60' lang='grc' dir='ltr'><strong>κᾶν</strong></span> <span class='ocrx_word' id='word_1_50' title='bbox 273 919 495 971; x_wconf 67' lang='grc' dir='ltr'><strong>ἑννοοίτο</strong></span> <span class='ocrx_word' id='word_1_51' title='bbox 522 920 687 990; x_wconf 74' lang='grc' dir='ltr'><strong>τυχὸν</strong></span> <span class='ocrx_word' id='word_1_52' title='bbox 741 924 804 974; x_wconf 77' lang='grc' dir='ltr'><strong>ἐκ</strong></span> <span class='ocrx_word' id='word_1_53' title='bbox 829 921 1004 991; x_wconf 77' lang='grc' dir='ltr'><strong>ψυχῆς</strong></span> <span class='ocrx_word' id='word_1_54' title='bbox 1034 921 1127 975; x_wconf 76' lang='grc' dir='ltr'><strong>καὶ</strong></span> <span class='ocrx_word' id='word_1_55' title='bbox 1163 922 1435 992; x_wconf 84' lang='grc' dir='ltr'><strong>σώματος,</strong></span> <span class='ocrx_word' id='word_1_56' title='bbox 1470 925 1560 976; x_wconf 76' lang='grc' dir='ltr'><strong>καὶ</strong></span> <span class='ocrx_word' id='word_1_57' title='bbox 1588 923 1697 976; x_wconf 84' lang='grc' dir='ltr'><strong>τῶν</strong></span> 
     </span>
    </p>
   </div>
   <div class='ocr_carea' id='block_1_10' title="bbox 153 1010 1697 1084">
    <p class='ocr_par' dir='ltr' id='par_1_10' title="bbox 153 1010 1697 1084">
     <span class='ocr_line' id='line_1_10' title="bbox 153 1010 1697 1084; baseline 0.005 -24"><span class='ocrx_word' id='word_1_58' title='bbox 153 1010 365 1079; x_wconf 74' lang='grc' dir='ltr'><strong>ἀλλήλοις</strong></span> <span class='ocrx_word' id='word_1_59' title='bbox 410 1010 840 1082; x_wconf 76' lang='grc' dir='ltr'><strong>συμϐεϐηκότων</strong></span> <span class='ocrx_word' id='word_1_60' title='bbox 869 1013 901 1081; x_wconf 76' lang='grc' dir='ltr'><strong>ἡ</strong></span> <span class='ocrx_word' id='word_1_61' title='bbox 932 1012 1094 1081; x_wconf 81' lang='grc' dir='ltr'><strong>φύσις</strong></span> <span class='ocrx_word' id='word_1_62' title='bbox 1122 1012 1189 1067; x_wconf 74' lang='grc' dir='ltr'><strong>ἂν</strong></span> <span class='ocrx_word' id='word_1_63' title='bbox 1227 1013 1311 1083; x_wconf 81' lang='grc' dir='ltr'><strong>εῐη</strong></span> <span class='ocrx_word' id='word_1_64' title='bbox 1340 1015 1437 1084; x_wconf 81' lang='grc' dir='ltr'><strong>οὺχ</strong></span> <span class='ocrx_word' id='word_1_65' title='bbox 1481 1016 1514 1084; x_wconf 89' lang='grc' dir='ltr'>ή</span> <span class='ocrx_word' id='word_1_66' title='bbox 1559 1014 1697 1084; x_wconf 80' lang='grc' dir='ltr'><strong>αὐτὴ</strong></span> 
     </span>
    </p>
   </div>
   <div class='ocr_carea' id='block_1_11' title="bbox 156 1101 1696 1176">
    <p class='ocr_par' dir='ltr' id='par_1_11' title="bbox 156 1101 1696 1176">
     <span class='ocr_line' id='line_1_11' title="bbox 156 1101 1696 1176; baseline 0.004 -23"><span class='ocrx_word' id='word_1_67' title='bbox 156 1101 339 1169; x_wconf 73' lang='grc' dir='ltr'><strong>μᾶλλον,</strong></span> <span class='ocrx_word' id='word_1_68' title='bbox 375 1102 513 1155; x_wconf 77' lang='grc' dir='ltr'><strong>ἀλλὰ</strong></span> <span class='ocrx_word' id='word_1_69' title='bbox 561 1103 858 1174; x_wconf 73' lang='grc' dir='ltr'><strong>διάφορος·</strong></span> <span class='ocrx_word' id='word_1_70' title='bbox 910 1104 1055 1157; x_wconf 81' lang='grc' dir='ltr'><strong>οῦτω</strong></span> <span class='ocrx_word' id='word_1_71' title='bbox 1108 1104 1269 1159; x_wconf 79' lang='grc' dir='ltr'><strong>πάλιν</strong></span> <span class='ocrx_word' id='word_1_72' title='bbox 1316 1106 1410 1159; x_wconf 77' lang='grc' dir='ltr'><strong>ἐπὶ</strong></span> <span class='ocrx_word' id='word_1_73' title='bbox 1456 1106 1696 1176; x_wconf 75' lang='grc' dir='ltr'><strong>Χριστοῦ</strong></span> 
     </span>
    </p>
   </div>
   <div class='ocr_carea' id='block_1_12' title="bbox 153 1190 1698 1263">
    <p class='ocr_par' dir='ltr' id='par_1_12' title="bbox 153 1190 1698 1263">
     <span class='ocr_line' id='line_1_12' title="bbox 153 1190 1698 1263; baseline 0.003 -19"><span class='ocrx_word' id='word_1_74' title='bbox 153 1194 359 1260; x_wconf 77' lang='grc' dir='ltr'><strong>νοητέον·</strong></span> <span class='ocrx_word' id='word_1_75' title='bbox 392 1194 452 1246; x_wconf 78' lang='grc' dir='ltr'><strong>οὐ</strong></span> <span class='ocrx_word' id='word_1_76' title='bbox 488 1195 598 1263; x_wconf 85' lang='grc' dir='ltr'><strong>γάρ</strong></span> <span class='ocrx_word' id='word_1_77' title='bbox 644 1212 723 1247; x_wconf 89' lang='grc' dir='ltr'><strong>τοι</strong></span> <span class='ocrx_word' id='word_1_78' title='bbox 774 1194 992 1257; x_wconf 78' lang='grc' dir='ltr'><strong>διπλοῦς</strong></span> <span class='ocrx_word' id='word_1_79' title='bbox 1024 1196 1200 1248; x_wconf 73' lang='grc' dir='ltr'><strong>ἐστιν’</strong></span> <span class='ocrx_word' id='word_1_80' title='bbox 1227 1194 1345 1249; x_wconf 73' lang='grc' dir='ltr'><strong>ἀλλ’</strong></span> <span class='ocrx_word' id='word_1_81' title='bbox 1370 1190 1449 1259; x_wconf 77' lang='grc' dir='ltr'><strong>εἷς</strong></span> <span class='ocrx_word' id='word_1_82' title='bbox 1496 1214 1553 1250; x_wconf 89' lang='grc' dir='ltr'><strong>τε</strong></span> <span class='ocrx_word' id='word_1_83' title='bbox 1602 1197 1698 1251; x_wconf 81' lang='grc' dir='ltr'><strong>καὶ</strong></span> 
     </span>
    </p>
   </div>
   <div class='ocr_carea' id='block_1_13' title="bbox 155 1283 1696 1357">
    <p class='ocr_par' dir='ltr' id='par_1_13' title="bbox 155 1283 1696 1357">
     <span class='ocr_line' id='line_1_13' title="bbox 155 1283 1696 1357; baseline 0.005 -24"><span class='ocrx_word' id='word_1_84' title='bbox 155 1284 285 1348; x_wconf 78' lang='grc' dir='ltr'><strong>μόνος</strong></span> <span class='ocrx_word' id='word_1_85' title='bbox 311 1283 502 1352; x_wconf 76' lang='grc' dir='ltr'><strong>Κύριος</strong></span> <span class='ocrx_word' id='word_1_86' title='bbox 545 1286 640 1337; x_wconf 79' lang='grc' dir='ltr'><strong>καὶ</strong></span> <span class='ocrx_word' id='word_1_87' title='bbox 667 1285 811 1349; x_wconf 72' lang='grc' dir='ltr'><strong>Υίδς,</strong></span> <span class='ocrx_word' id='word_1_88' title='bbox 840 1288 868 1338; x_wconf 87' lang='grc' dir='ltr'>ὁ</span> <span class='ocrx_word' id='word_1_89' title='bbox 908 1287 971 1338; x_wconf 80' lang='grc' dir='ltr'><strong>ὲκ</strong></span> <span class='ocrx_word' id='word_1_90' title='bbox 999 1286 1133 1339; x_wconf 87' lang='grc' dir='ltr'><strong>Θεοῦ</strong></span> <span class='ocrx_word' id='word_1_91' title='bbox 1163 1286 1373 1357; x_wconf 81' lang='grc' dir='ltr'><strong>Πατρδς</strong></span> <span class='ocrx_word' id='word_1_92' title='bbox 1408 1288 1600 1355; x_wconf 86' lang='grc' dir='ltr'><strong>Λόγος,</strong></span> <span class='ocrx_word' id='word_1_93' title='bbox 1634 1288 1696 1341; x_wconf 86' lang='grc' dir='ltr'><strong>οὐ</strong></span> 
     </span>
    </p>
   </div>
   <div class='ocr_carea' id='block_1_14' title="bbox 151 1374 1697 1449">
    <p class='ocr_par' dir='ltr' id='par_1_14' title="bbox 151 1374 1697 1449">
     <span class='ocr_line' id='line_1_14' title="bbox 151 1374 1697 1449; baseline 0.004 -24"><span class='ocrx_word' id='word_1_94' title='bbox 151 1374 247 1441; x_wconf 78' lang='grc' dir='ltr'><strong>δίχα</strong></span> <span class='ocrx_word' id='word_1_95' title='bbox 292 1374 513 1445; x_wconf 68' lang='grc' dir='ltr'><strong>σαρκόςο</strong></span> <span class='ocrx_word' id='word_1_96' title='bbox 565 1376 985 1446; x_wconf 81' lang='grc' dir='ltr'><strong>ἀνθρωπότητος</strong></span> <span class='ocrx_word' id='word_1_97' title='bbox 1020 1378 1118 1445; x_wconf 87' lang='grc' dir='ltr'><strong>μὲν</strong></span> <span class='ocrx_word' id='word_1_98' title='bbox 1171 1378 1279 1449; x_wconf 81' lang='grc' dir='ltr'><strong>γὰρ</strong></span> <span class='ocrx_word' id='word_1_99' title='bbox 1314 1380 1408 1431; x_wconf 80' lang='grc' dir='ltr'><strong>καὶ</strong></span> <span class='ocrx_word' id='word_1_100' title='bbox 1446 1379 1697 1449; x_wconf 84' lang='grc' dir='ltr'><strong>θεότητος</strong></span> 
     </span>
    </p>
   </div>
   <div class='ocr_carea' id='block_1_15' title="bbox 153 1464 1698 1539">
    <p class='ocr_par' dir='ltr' id='par_1_15' title="bbox 153 1464 1698 1539">
     <span class='ocr_line' id='line_1_15' title="bbox 153 1464 1698 1539; baseline 0.005 -25"><span class='ocrx_word' id='word_1_101' title='bbox 153 1465 275 1532; x_wconf 63' lang='grc' dir='ltr'><strong>δοίην</strong></span> <span class='ocrx_word' id='word_1_102' title='bbox 305 1466 366 1517; x_wconf 81' lang='grc' dir='ltr'><strong>ἂν</strong></span> <span class='ocrx_word' id='word_1_103' title='bbox 392 1468 482 1518; x_wconf 73' lang='grc' dir='ltr'><strong>καὶ</strong></span> <span class='ocrx_word' id='word_1_104' title='bbox 532 1467 699 1530; x_wconf 79' lang='grc' dir='ltr'><strong>αὐτὸς</strong></span> <span class='ocrx_word' id='word_1_105' title='bbox 737 1466 849 1535; x_wconf 77' lang='grc' dir='ltr'><strong>ἐγὼ</strong></span> <span class='ocrx_word' id='word_1_106' title='bbox 875 1468 1139 1538; x_wconf 80' lang='grc' dir='ltr'><strong>πλείστην</strong></span> <span class='ocrx_word' id='word_1_107' title='bbox 1184 1464 1322 1521; x_wconf 82' lang='grc' dir='ltr'><strong>εἷναι</strong></span> <span class='ocrx_word' id='word_1_108' title='bbox 1370 1469 1468 1539; x_wconf 83' lang='grc' dir='ltr'><strong>τὴν</strong></span> <span class='ocrx_word' id='word_1_109' title='bbox 1512 1469 1698 1537; x_wconf 67' lang='grc' dir='ltr'><strong>διαφο-</strong></span> 
     </span>
    </p>
   </div>
   <div class='ocr_carea' id='block_1_16' title="bbox 155 1557 1699 1629">
    <p class='ocr_par' dir='ltr' id='par_1_16' title="bbox 155 1557 1699 1629">
     <span class='ocr_line' id='line_1_16' title="bbox 155 1557 1699 1629; baseline 0.006 -24"><span class='ocrx_word' id='word_1_110' title='bbox 155 1557 251 1624; x_wconf 73' lang='grc' dir='ltr'><strong>ρὰν,</strong></span> <span class='ocrx_word' id='word_1_111' title='bbox 276 1558 383 1627; x_wconf 65' lang='grc' dir='ltr'><strong>ἦτοι</strong></span> <span class='ocrx_word' id='word_1_112' title='bbox 409 1558 725 1611; x_wconf 71' lang='grc' dir='ltr'><strong>διάστασινο</strong></span> <span class='ocrx_word' id='word_1_113' title='bbox 750 1560 913 1628; x_wconf 77' lang='grc' dir='ltr'><strong>ἔτερα</strong></span> <span class='ocrx_word' id='word_1_114' title='bbox 946 1558 1053 1629; x_wconf 77' lang='grc' dir='ltr'><strong>γὰρ</strong></span> <span class='ocrx_word' id='word_1_115' title='bbox 1092 1560 1234 1613; x_wconf 81' lang='grc' dir='ltr'><strong>κατά</strong></span> <span class='ocrx_word' id='word_1_116' title='bbox 1256 1577 1317 1626; x_wconf 85' lang='grc' dir='ltr'><strong>γε</strong></span> <span class='ocrx_word' id='word_1_117' title='bbox 1343 1561 1434 1613; x_wconf 81' lang='grc' dir='ltr'><strong>τὸν</strong></span> <span class='ocrx_word' id='word_1_118' title='bbox 1459 1560 1553 1613; x_wconf 76' lang='grc' dir='ltr'><strong>τοῦ</strong></span> <span class='ocrx_word' id='word_1_119' title='bbox 1583 1562 1699 1626; x_wconf 81' lang='grc' dir='ltr'><strong>πῶς</strong></span> 
     </span>
    </p>
   </div>
   <div class='ocr_carea' id='block_1_17' title="bbox 152 1643 1699 1722">
    <p class='ocr_par' dir='ltr' id='par_1_17' title="bbox 152 1643 1699 1722">
     <span class='ocr_line' id='line_1_17' title="bbox 152 1643 1699 1722; baseline 0.006 -25"><span class='ocrx_word' id='word_1_120' title='bbox 152 1643 263 1699; x_wconf 79' lang='grc' dir='ltr'><strong>εἶναι</strong></span> <span class='ocrx_word' id='word_1_121' title='bbox 306 1646 473 1715; x_wconf 84' lang='grc' dir='ltr'><strong>λόγον,</strong></span> <span class='ocrx_word' id='word_1_122' title='bbox 506 1649 604 1701; x_wconf 75' lang='grc' dir='ltr'><strong>καὶ</strong></span> <span class='ocrx_word' id='word_1_123' title='bbox 639 1650 790 1702; x_wconf 76' lang='grc' dir='ltr'><strong>οὖδὲν</strong></span> <span class='ocrx_word' id='word_1_124' title='bbox 829 1650 1083 1722; x_wconf 79' lang='grc' dir='ltr'><strong>ἀλλήλοις</strong></span> <span class='ocrx_word' id='word_1_125' title='bbox 1113 1652 1329 1704; x_wconf 74' lang='grc' dir='ltr'><strong>ἐοικότα</strong></span> <span class='ocrx_word' id='word_1_126' title='bbox 1354 1653 1699 1718; x_wconf 83' lang='grc' dir='ltr'><strong>φαίνεταιτὰ</strong></span> 
     </span>
    </p>
   </div>
   <div class='ocr_carea' id='block_1_18' title="bbox 151 1736 1699 1814">
    <p class='ocr_par' dir='ltr' id='par_1_18' title="bbox 151 1736 1699 1814">
     <span class='ocr_line' id='line_1_18' title="bbox 151 1736 1699 1814; baseline 0.006 -26"><span class='ocrx_word' id='word_1_127' title='bbox 151 1736 495 1806; x_wconf 82' lang='grc' dir='ltr'><strong>ὠνομασμένα.</strong></span> <span class='ocrx_word' id='word_1_128' title='bbox 529 1740 1013 1809; x_wconf 83' lang='grc' dir='ltr'><strong>Παρενηνεγμένου</strong></span> <span class='ocrx_word' id='word_1_129' title='bbox 1040 1758 1103 1810; x_wconf 89' lang='grc' dir='ltr'><strong>γε</strong></span> <span class='ocrx_word' id='word_1_130' title='bbox 1134 1742 1241 1811; x_wconf 78' lang='grc' dir='ltr'><strong>μὴν</strong></span> <span class='ocrx_word' id='word_1_131' title='bbox 1264 1744 1345 1806; x_wconf 75' lang='grc' dir='ltr'><strong>εἰς</strong></span> <span class='ocrx_word' id='word_1_132' title='bbox 1372 1744 1536 1813; x_wconf 80' lang='grc' dir='ltr'><strong>μέσον</strong></span> <span class='ocrx_word' id='word_1_133' title='bbox 1568 1746 1699 1814; x_wconf 78' lang='grc' dir='ltr'><strong>ἡμῖν</strong></span> 
     </span>
    </p>
   </div>
   <div class='ocr_carea' id='block_1_19' title="bbox 156 1827 1699 1901">
    <p class='ocr_par' dir='ltr' id='par_1_19' title="bbox 156 1827 1699 1901">
     <span class='ocr_line' id='line_1_19' title="bbox 156 1827 1699 1901; baseline 0.006 -25"><span class='ocrx_word' id='word_1_134' title='bbox 156 1827 415 1896; x_wconf 78' lang='grc' dir='ltr'><strong>μυστηρίου</strong></span> <span class='ocrx_word' id='word_1_135' title='bbox 448 1828 546 1880; x_wconf 89' lang='grc' dir='ltr'><strong>τοῦ</strong></span> <span class='ocrx_word' id='word_1_136' title='bbox 586 1830 731 1883; x_wconf 79' lang='grc' dir='ltr'><strong>κατὰ</strong></span> <span class='ocrx_word' id='word_1_137' title='bbox 761 1831 1014 1899; x_wconf 80' lang='grc' dir='ltr'><strong>Χριστὸν,</strong></span> <span class='ocrx_word' id='word_1_138' title='bbox 1045 1835 1073 1884; x_wconf 85' lang='grc' dir='ltr'>ὁ</span> <span class='ocrx_word' id='word_1_139' title='bbox 1101 1836 1200 1901; x_wconf 85' lang='grc' dir='ltr'><strong>τῆς</strong></span> <span class='ocrx_word' id='word_1_140' title='bbox 1252 1832 1499 1895; x_wconf 84' lang='grc' dir='ltr'><strong>ἑνώσεως</strong></span> <span class='ocrx_word' id='word_1_141' title='bbox 1541 1834 1699 1901; x_wconf 79' lang='grc' dir='ltr'><strong>λόγος</strong></span> 
     </span>
    </p>
   </div>
   <div class='ocr_carea' id='block_1_20' title="bbox 1808 643 3372 717">
    <p class='ocr_par' dir='ltr' id='par_1_20' title="bbox 1808 643 3372 717">
     <span class='ocr_line' id='line_1_20' title="bbox 1808 643 3372 717; baseline -0.005 -13"><span class='ocrx_word' id='word_1_142' title='bbox 1808 650 2082 704; x_wconf 82' lang='lat' dir='ltr'><strong>hominem</strong></span> <span class='ocrx_word' id='word_1_143' title='bbox 2115 649 2431 713; x_wconf 86' lang='lat' dir='ltr'><strong>occidisset,</strong></span> <span class='ocrx_word' id='word_1_144' title='bbox 2451 661 2557 702; x_wconf 86' lang='lat' dir='ltr'><strong>non</strong></span> <span class='ocrx_word' id='word_1_145' title='bbox 2591 646 2779 717; x_wconf 81' lang='lat' dir='ltr'><strong>utique</strong></span> <span class='ocrx_word' id='word_1_146' title='bbox 2812 655 3066 715; x_wconf 85' lang='lat' dir='ltr'><strong>tanquam</strong></span> <span class='ocrx_word' id='word_1_147' title='bbox 3093 643 3230 698; x_wconf 80' lang='lat' dir='ltr'><strong>duos</strong></span> <span class='ocrx_word' id='word_1_148' title='bbox 3254 644 3372 697; x_wconf 72' lang='lat' dir='ltr'><strong>vio-</strong></span> 
     </span>
    </p>
   </div>
   <div class='ocr_carea' id='block_1_21' title="bbox 1804 734 3371 809">
    <p class='ocr_par' dir='ltr' id='par_1_21' title="bbox 1804 734 3371 809">
     <span class='ocr_line' id='line_1_21' title="bbox 1804 734 3371 809; baseline -0.005 -13"><span class='ocrx_word' id='word_1_149' title='bbox 1804 742 1968 797; x_wconf 87' lang='lat' dir='ltr'><strong>lasset</strong></span> <span class='ocrx_word' id='word_1_150' title='bbox 2002 742 2247 796; x_wconf 83' lang='lat' dir='ltr'><strong>homines</strong></span> <span class='ocrx_word' id='word_1_151' title='bbox 2274 740 2399 809; x_wconf 86' lang='lat' dir='ltr'><strong>jure</strong></span> <span class='ocrx_word' id='word_1_152' title='bbox 2444 746 2810 801; x_wconf 80' lang='lat' dir='ltr'><strong>accnsaretur,</strong></span> <span class='ocrx_word' id='word_1_153' title='bbox 2838 737 2932 792; x_wconf 87' lang='lat' dir='ltr'><strong>sed</strong></span> <span class='ocrx_word' id='word_1_154' title='bbox 2962 750 3129 790; x_wconf 90' lang='lat' dir='ltr'><strong>unum</strong></span> <span class='ocrx_word' id='word_1_155' title='bbox 3176 734 3371 797; x_wconf 87' lang='lat' dir='ltr'><strong>solum,</strong></span> 
     </span>
    </p>
   </div>
   <div class='ocr_carea' id='block_1_22' title="bbox 1804 826 3373 903">
    <p class='ocr_par' dir='ltr' id='par_1_22' title="bbox 1804 826 3373 903">
     <span class='ocr_line' id='line_1_22' title="bbox 1804 826 3373 903; baseline -0.004 -19"><span class='ocrx_word' id='word_1_156' title='bbox 1804 834 2051 903; x_wconf 76' lang='lat' dir='ltr'><strong>quamvis</strong></span> <span class='ocrx_word' id='word_1_157' title='bbox 2076 832 2309 887; x_wconf 73' lang='lat' dir='ltr'><strong>fortasse</strong></span> <span class='ocrx_word' id='word_1_158' title='bbox 2334 846 2396 885; x_wconf 79' lang='lat' dir='ltr'><strong>ex</strong></span> <span class='ocrx_word' id='word_1_159' title='bbox 2430 832 2606 884; x_wconf 90' lang='lat' dir='ltr'><strong>anima</strong></span> <span class='ocrx_word' id='word_1_160' title='bbox 2640 841 2697 885; x_wconf 84' lang='lat' dir='ltr'><strong>et</strong></span> <span class='ocrx_word' id='word_1_161' title='bbox 2718 843 2947 898; x_wconf 88' lang='lat' dir='ltr'><strong>corpore</strong></span> <span class='ocrx_word' id='word_1_162' title='bbox 2977 826 3373 888; x_wconf 83' lang='lat' dir='ltr'><strong>consideretur,</strong></span> 
     </span>
    </p>
   </div>
   <div class='ocr_carea' id='block_1_23' title="bbox 1803 915 3373 993">
    <p class='ocr_par' dir='ltr' id='par_1_23' title="bbox 1803 915 3373 993">
     <span class='ocr_line' id='line_1_23' title="bbox 1803 915 3373 993; baseline -0.006 -16"><span class='ocrx_word' id='word_1_163' title='bbox 1803 933 1861 977; x_wconf 81' lang='lat' dir='ltr'><strong>et</strong></span> <span class='ocrx_word' id='word_1_164' title='bbox 1905 924 1971 979; x_wconf 91' lang='lat' dir='ltr'><strong>iis</strong></span> <span class='ocrx_word' id='word_1_165' title='bbox 2000 938 2119 993; x_wconf 73' lang='lat' dir='ltr'><strong>qua:</strong></span> <span class='ocrx_word' id='word_1_166' title='bbox 2149 921 2389 975; x_wconf 84' lang='lat' dir='ltr'><strong>alterutri</strong></span> <span class='ocrx_word' id='word_1_167' title='bbox 2424 921 2696 984; x_wconf 88' lang='lat' dir='ltr'><strong>accidunt,</strong></span> <span class='ocrx_word' id='word_1_168' title='bbox 2723 927 2915 971; x_wconf 87' lang='lat' dir='ltr'><strong>natura</strong></span> <span class='ocrx_word' id='word_1_169' title='bbox 2938 918 3007 971; x_wconf 89' lang='lat' dir='ltr'><strong>sit</strong></span> <span class='ocrx_word' id='word_1_170' title='bbox 3036 931 3141 970; x_wconf 92' lang='lat' dir='ltr'><strong>non</strong></span> <span class='ocrx_word' id='word_1_171' title='bbox 3162 915 3373 977; x_wconf 82' lang='lat' dir='ltr'><strong>eadem,</strong></span> 
     </span>
    </p>
   </div>
   <div class='ocr_carea' id='block_1_24' title="bbox 1804 1006 3376 1078">
    <p class='ocr_par' dir='ltr' id='par_1_24' title="bbox 1804 1006 3376 1078">
     <span class='ocr_line' id='line_1_24' title="bbox 1804 1006 3376 1078; baseline -0.01 -5"><span class='ocrx_word' id='word_1_172' title='bbox 1804 1018 1898 1073; x_wconf 88' lang='lat' dir='ltr'><strong>sed</strong></span> <span class='ocrx_word' id='word_1_173' title='bbox 1930 1017 2142 1071; x_wconf 79' lang='lat' dir='ltr'><strong>diversa</strong></span> <span class='ocrx_word' id='word_1_174' title='bbox 2174 1032 2187 1078; x_wconf 90' lang='lat'><strong>;</strong></span> <span class='ocrx_word' id='word_1_175' title='bbox 2224 1016 2295 1068; x_wconf 87' lang='lat' dir='ltr'><strong>ita</strong></span> <span class='ocrx_word' id='word_1_176' title='bbox 2329 1013 2566 1069; x_wconf 75' lang='lat' dir='ltr'><strong>vicissim</strong></span> <span class='ocrx_word' id='word_1_177' title='bbox 2598 1014 2649 1067; x_wconf 91' lang='lat' dir='ltr'><strong>in</strong></span> <span class='ocrx_word' id='word_1_178' title='bbox 2678 1010 2900 1067; x_wconf 88' lang='lat' dir='ltr'><strong>Christo</strong></span> <span class='ocrx_word' id='word_1_179' title='bbox 2930 1017 3015 1063; x_wconf 93' lang='lat' dir='ltr'><strong>est</strong></span> <span class='ocrx_word' id='word_1_180' title='bbox 3067 1006 3376 1075; x_wconf 84' lang='lat' dir='ltr'><strong>intelligen-</strong></span> 
     </span>
    </p>
   </div>
   <div class='ocr_carea' id='block_1_25' title="bbox 1806 1096 3373 1173">
    <p class='ocr_par' dir='ltr' id='par_1_25' title="bbox 1806 1096 3373 1173">
     <span class='ocr_line' id='line_1_25' title="bbox 1806 1096 3373 1173; baseline -0.008 -11"><span class='ocrx_word' id='word_1_181' title='bbox 1806 1109 1931 1163; x_wconf 90' lang='lat' dir='ltr'><strong>dum</strong></span> <span class='ocrx_word' id='word_1_182' title='bbox 1964 1125 1977 1160; x_wconf 90' lang='lat'><strong>:</strong></span> <span class='ocrx_word' id='word_1_183' title='bbox 2014 1122 2117 1161; x_wconf 91' lang='lat' dir='ltr'><strong>non</strong></span> <span class='ocrx_word' id='word_1_184' title='bbox 2157 1106 2299 1160; x_wconf 90' lang='lat' dir='ltr'><strong>enim</strong></span> <span class='ocrx_word' id='word_1_185' title='bbox 2328 1114 2409 1159; x_wconf 90' lang='lat' dir='ltr'><strong>est</strong></span> <span class='ocrx_word' id='word_1_186' title='bbox 2449 1104 2666 1173; x_wconf 80' lang='lat' dir='ltr'><strong>duplex,</strong></span> <span class='ocrx_word' id='word_1_187' title='bbox 2696 1104 2788 1157; x_wconf 89' lang='lat' dir='ltr'><strong>sed</strong></span> <span class='ocrx_word' id='word_1_188' title='bbox 2822 1116 2961 1156; x_wconf 87' lang='lat' dir='ltr'><strong>unus</strong></span> <span class='ocrx_word' id='word_1_189' title='bbox 2984 1109 3039 1155; x_wconf 90' lang='lat' dir='ltr'><strong>et</strong></span> <span class='ocrx_word' id='word_1_190' title='bbox 3070 1098 3217 1154; x_wconf 88' lang='lat' dir='ltr'><strong>solus</strong></span> <span class='ocrx_word' id='word_1_191' title='bbox 3264 1096 3373 1151; x_wconf 85' lang='lat' dir='ltr'><strong>Do-</strong></span> 
     </span>
    </p>
   </div>
   <div class='ocr_carea' id='block_1_26' title="bbox 1807 1192 3375 1256">
    <p class='ocr_par' dir='ltr' id='par_1_26' title="bbox 1807 1192 3375 1256">
     <span class='ocr_line' id='line_1_26' title="bbox 1807 1192 3375 1256; baseline -0.01 0"><span class='ocrx_word' id='word_1_192' title='bbox 1807 1200 1983 1256; x_wconf 87' lang='lat' dir='ltr'><strong>minus</strong></span> <span class='ocrx_word' id='word_1_193' title='bbox 2007 1214 2069 1253; x_wconf 87' lang='lat' dir='ltr'><strong>ac</strong></span> <span class='ocrx_word' id='word_1_194' title='bbox 2108 1198 2274 1251; x_wconf 82' lang='lat' dir='ltr'><strong>Filius</strong></span> <span class='ocrx_word' id='word_1_195' title='bbox 2328 1197 2453 1250; x_wconf 89' lang='lat' dir='ltr'><strong>illud</strong></span> <span class='ocrx_word' id='word_1_196' title='bbox 2501 1212 2565 1249; x_wconf 80' lang='lat' dir='ltr'><strong>ex</strong></span> <span class='ocrx_word' id='word_1_197' title='bbox 2620 1196 2730 1249; x_wconf 89' lang='lat' dir='ltr'><strong>Deo</strong></span> <span class='ocrx_word' id='word_1_198' title='bbox 2774 1194 2933 1248; x_wconf 83' lang='lat' dir='ltr'><strong>Patre</strong></span> <span class='ocrx_word' id='word_1_199' title='bbox 2985 1192 3375 1252; x_wconf 73' lang='lat' dir='ltr'><strong>Verbum,non</strong></span> 
     </span>
    </p>
   </div>
   <div class='ocr_carea' id='block_1_27' title="bbox 1805 1281 3373 1351">
    <p class='ocr_par' dir='ltr' id='par_1_27' title="bbox 1805 1281 3373 1351">
     <span class='ocr_line' id='line_1_27' title="bbox 1805 1281 3373 1351; baseline -0.01 -6"><span class='ocrx_word' id='word_1_200' title='bbox 1805 1291 1922 1345; x_wconf 82' lang='lat' dir='ltr'><strong>sine</strong></span> <span class='ocrx_word' id='word_1_201' title='bbox 1950 1303 2150 1351; x_wconf 84' lang='lat' dir='ltr'><strong>carne;</strong></span> <span class='ocrx_word' id='word_1_202' title='bbox 2182 1302 2303 1340; x_wconf 85' lang='lat' dir='ltr'><strong>nam</strong></span> <span class='ocrx_word' id='word_1_203' title='bbox 2337 1287 2479 1340; x_wconf 93' lang='lat' dir='ltr'><strong>inter</strong></span> <span class='ocrx_word' id='word_1_204' title='bbox 2513 1284 2904 1340; x_wconf 77' lang='lat' dir='ltr'><strong>humanitatem</strong></span> <span class='ocrx_word' id='word_1_205' title='bbox 2934 1292 2987 1336; x_wconf 83' lang='lat' dir='ltr'><strong>et</strong></span> <span class='ocrx_word' id='word_1_206' title='bbox 3034 1281 3373 1335; x_wconf 82' lang='lat' dir='ltr'><strong>divinitatem</strong></span> 
     </span>
    </p>
   </div>
   <div class='ocr_carea' id='block_1_28' title="bbox 1807 1374 3376 1437">
    <p class='ocr_par' dir='ltr' id='par_1_28' title="bbox 1807 1374 3376 1437">
     <span class='ocr_line' id='line_1_28' title="bbox 1807 1374 3376 1437; baseline -0.008 -1"><span class='ocrx_word' id='word_1_207' title='bbox 1807 1383 2097 1436; x_wconf 81' lang='lat' dir='ltr'><strong>maximam</strong></span> <span class='ocrx_word' id='word_1_208' title='bbox 2159 1394 2279 1434; x_wconf 86' lang='lat' dir='ltr'><strong>esse</strong></span> <span class='ocrx_word' id='word_1_209' title='bbox 2334 1378 2691 1432; x_wconf 78' lang='lat' dir='ltr'><strong>dili‘erentiam</strong></span> <span class='ocrx_word' id='word_1_210' title='bbox 2748 1376 2867 1430; x_wconf 75' lang='lat' dir='ltr'><strong>sive</strong></span> <span class='ocrx_word' id='word_1_211' title='bbox 2917 1374 3232 1428; x_wconf 87' lang='lat' dir='ltr'><strong>distantiam</strong></span> <span class='ocrx_word' id='word_1_212' title='bbox 3276 1385 3376 1437; x_wconf 91' lang='lat' dir='ltr'><strong>ego</strong></span> 
     </span>
    </p>
   </div>
   <div class='ocr_carea' id='block_1_29' title="bbox 1804 1460 3375 1542">
    <p class='ocr_par' dir='ltr' id='par_1_29' title="bbox 1804 1460 3375 1542">
     <span class='ocr_line' id='line_1_29' title="bbox 1804 1460 3375 1542; baseline -0.007 -19"><span class='ocrx_word' id='word_1_213' title='bbox 1804 1487 2019 1542; x_wconf 85' lang='lat' dir='ltr'><strong>quoque</strong></span> <span class='ocrx_word' id='word_1_214' title='bbox 2078 1472 2248 1525; x_wconf 78' lang='lat' dir='ltr'><strong>fateor</strong></span> <span class='ocrx_word' id='word_1_215' title='bbox 2282 1489 2301 1522; x_wconf 71' lang='grc' dir='ltr'><strong>τ</strong></span> <span class='ocrx_word' id='word_1_216' title='bbox 2324 1470 2535 1523; x_wconf 76' lang='lat' dir='ltr'><strong>diversa</strong></span> <span class='ocrx_word' id='word_1_217' title='bbox 2568 1480 2691 1525; x_wconf 87' lang='lat' dir='ltr'><strong>sunt</strong></span> <span class='ocrx_word' id='word_1_218' title='bbox 2742 1471 2887 1524; x_wconf 86' lang='lat' dir='ltr'><strong>enim</strong></span> <span class='ocrx_word' id='word_1_219' title='bbox 2922 1481 3041 1536; x_wconf 66' lang='lat' dir='ltr'><strong>qua!</strong></span> <span class='ocrx_word' id='word_1_220' title='bbox 3070 1465 3153 1519; x_wconf 85' lang='lat' dir='ltr'><strong>his</strong></span> <span class='ocrx_word' id='word_1_221' title='bbox 3198 1460 3375 1515; x_wconf 87' lang='lat' dir='ltr'><strong>nomi-</strong></span> 
     </span>
    </p>
   </div>
   <div class='ocr_carea' id='block_1_30' title="bbox 1806 1557 3375 1631">
    <p class='ocr_par' dir='ltr' id='par_1_30' title="bbox 1806 1557 3375 1631">
     <span class='ocr_line' id='line_1_30' title="bbox 1806 1557 3375 1631; baseline -0.009 -12"><span class='ocrx_word' id='word_1_222' title='bbox 1806 1566 1963 1620; x_wconf 85' lang='lat' dir='ltr'><strong>nibus</strong></span> <span class='ocrx_word' id='word_1_223' title='bbox 2000 1565 2327 1628; x_wconf 85' lang='lat' dir='ltr'><strong>indicantur,</strong></span> <span class='ocrx_word' id='word_1_224' title='bbox 2362 1562 2502 1631; x_wconf 92' lang='lat' dir='ltr'><strong>quod</strong></span> <span class='ocrx_word' id='word_1_225' title='bbox 2534 1564 2598 1616; x_wconf 87' lang='lat' dir='ltr'><strong>ad</strong></span> <span class='ocrx_word' id='word_1_226' title='bbox 2632 1564 2894 1616; x_wconf 91' lang='lat' dir='ltr'><strong>rationem</strong></span> <span class='ocrx_word' id='word_1_227' title='bbox 2951 1557 3205 1613; x_wconf 61' lang='lat' dir='ltr'><strong>essentia:</strong></span> <span class='ocrx_word' id='word_1_228' title='bbox 3250 1568 3375 1621; x_wconf 88' lang='lat' dir='ltr'><strong>per-</strong></span> 
     </span>
    </p>
   </div>
   <div class='ocr_carea' id='block_1_31' title="bbox 1808 1646 3377 1717">
    <p class='ocr_par' dir='ltr' id='par_1_31' title="bbox 1808 1646 3377 1717">
     <span class='ocr_line' id='line_1_31' title="bbox 1808 1646 3377 1717; baseline -0.008 -8"><span class='ocrx_word' id='word_1_229' title='bbox 1808 1659 1963 1717; x_wconf 87' lang='lat' dir='ltr'><strong>tinet,</strong></span> <span class='ocrx_word' id='word_1_230' title='bbox 1992 1662 2046 1709; x_wconf 91' lang='lat' dir='ltr'><strong>et</strong></span> <span class='ocrx_word' id='word_1_231' title='bbox 2070 1653 2199 1707; x_wconf 80' lang='lat' dir='ltr'><strong>nihil</strong></span> <span class='ocrx_word' id='word_1_232' title='bbox 2237 1653 2375 1706; x_wconf 88' lang='lat' dir='ltr'><strong>inter</strong></span> <span class='ocrx_word' id='word_1_233' title='bbox 2399 1668 2455 1707; x_wconf 90' lang='lat' dir='ltr'><strong>se</strong></span> <span class='ocrx_word' id='word_1_234' title='bbox 2484 1653 2679 1707; x_wconf 86' lang='lat' dir='ltr'><strong>similia</strong></span> <span class='ocrx_word' id='word_1_235' title='bbox 2700 1652 2970 1706; x_wconf 79' lang='lat' dir='ltr'><strong>videntur.</strong></span> <span class='ocrx_word' id='word_1_236' title='bbox 3001 1651 3067 1701; x_wconf 81' lang='lat' dir='ltr'><strong>At</strong></span> <span class='ocrx_word' id='word_1_237' title='bbox 3105 1648 3192 1702; x_wconf 91' lang='lat' dir='ltr'><strong>ubi</strong></span> <span class='ocrx_word' id='word_1_238' title='bbox 3224 1646 3377 1699; x_wconf 84' lang='lat' dir='ltr'><strong>nobis</strong></span> 
     </span>
    </p>
   </div>
   <div class='ocr_carea' id='block_1_32' title="bbox 1806 1740 3378 1816">
    <p class='ocr_par' dir='ltr' id='par_1_32' title="bbox 1806 1740 3378 1816">
     <span class='ocr_line' id='line_1_32' title="bbox 1806 1740 3378 1816; baseline -0.007 -17"><span class='ocrx_word' id='word_1_239' title='bbox 1806 1745 2076 1816; x_wconf 78' lang='lat' dir='ltr'><strong>profertur</strong></span> <span class='ocrx_word' id='word_1_240' title='bbox 2106 1747 2157 1799; x_wconf 92' lang='lat' dir='ltr'><strong>in</strong></span> <span class='ocrx_word' id='word_1_241' title='bbox 2186 1746 2419 1799; x_wconf 90' lang='lat' dir='ltr'><strong>medium</strong></span> <span class='ocrx_word' id='word_1_242' title='bbox 2445 1743 2646 1799; x_wconf 86' lang='lat' dir='ltr'><strong>Christi</strong></span> <span class='ocrx_word' id='word_1_243' title='bbox 2678 1743 3017 1814; x_wconf 87' lang='lat' dir='ltr'><strong>mysterium,</strong></span> <span class='ocrx_word' id='word_1_244' title='bbox 3045 1740 3190 1794; x_wconf 91' lang='lat' dir='ltr'><strong>illius</strong></span> <span class='ocrx_word' id='word_1_245' title='bbox 3226 1741 3378 1790; x_wconf 82' lang='lat' dir='ltr'><strong>unio-</strong></span> 
     </span>
    </p>
   </div>
   <div class='ocr_carea' id='block_1_33' title="bbox 1808 1831 3379 1905">
    <p class='ocr_par' dir='ltr' id='par_1_33' title="bbox 1808 1831 3379 1905">
     <span class='ocr_line' id='line_1_33' title="bbox 1808 1831 3379 1905; baseline -0.004 -17"><span class='ocrx_word' id='word_1_246' title='bbox 1808 1836 1891 1889; x_wconf 89' lang='lat' dir='ltr'><strong>nis</strong></span> <span class='ocrx_word' id='word_1_247' title='bbox 1934 1837 2073 1889; x_wconf 88' lang='lat' dir='ltr'><strong>ratio</strong></span> <span class='ocrx_word' id='word_1_248' title='bbox 2143 1852 2248 1889; x_wconf 90' lang='lat' dir='ltr'><strong>non</strong></span> <span class='ocrx_word' id='word_1_249' title='bbox 2308 1838 2517 1905; x_wconf 79' lang='lat' dir='ltr'><strong>ignorat</strong></span> <span class='ocrx_word' id='word_1_250' title='bbox 2574 1834 2790 1905; x_wconf 86' lang='lat' dir='ltr'><strong>quidem</strong></span> <span class='ocrx_word' id='word_1_251' title='bbox 2856 1831 3234 1895; x_wconf 75' lang='lat' dir='ltr'><strong>differentiam,</strong></span> <span class='ocrx_word' id='word_1_252' title='bbox 3287 1831 3379 1882; x_wconf 84' lang='lat' dir='ltr'><strong>sed</strong></span> 
     </span>
    </p>
   </div>
   <div class='ocr_carea' id='block_1_34' title="bbox 153 1903 1702 1995">
    <p class='ocr_par' dir='ltr' id='par_1_34' title="bbox 153 1917 1702 1993">
     <span class='ocr_line' id='line_1_34' title="bbox 153 1917 1702 1993; baseline 0.005 -25"><span class='ocrx_word' id='word_1_253' title='bbox 153 1917 233 1969; x_wconf 75' lang='grc' dir='ltr'><strong>οὐκ</strong></span> <span class='ocrx_word' id='word_1_254' title='bbox 266 1919 437 1985; x_wconf 79' lang='grc' dir='ltr'><strong>ἀγνοεῖ</strong></span> <span class='ocrx_word' id='word_1_255' title='bbox 463 1920 562 1989; x_wconf 81' lang='grc' dir='ltr'><strong>μὲν</strong></span> <span class='ocrx_word' id='word_1_256' title='bbox 594 1922 693 1989; x_wconf 80' lang='grc' dir='ltr'><strong>τὴν</strong></span> <span class='ocrx_word' id='word_1_257' title='bbox 718 1920 995 1991; x_wconf 80' lang='grc' dir='ltr'><strong>διαφορὰν,</strong></span> <span class='ocrx_word' id='word_1_258' title='bbox 1032 1922 1271 1990; x_wconf 79' lang='grc' dir='ltr'><strong>ἐξίστησι</strong></span> <span class='ocrx_word' id='word_1_259' title='bbox 1294 1924 1350 1976; x_wconf 88' lang='grc' dir='ltr'><strong>δὲ</strong></span> <span class='ocrx_word' id='word_1_260' title='bbox 1379 1923 1476 1992; x_wconf 82' lang='grc' dir='ltr'><strong>τὴν</strong></span> <span class='ocrx_word' id='word_1_261' title='bbox 1499 1924 1702 1993; x_wconf 81' lang='grc' dir='ltr'><strong>διαίρε-</strong></span> 
     </span>
    </p>
   </div>
   <div class='ocr_carea' id='block_1_35' title="bbox 1805 1903 3381 1995">
    <p class='ocr_par' dir='ltr' id='par_1_35' title="bbox 1805 1903 3381 1995">
     <span class='ocr_line' id='line_1_35' title="bbox 1805 1903 3381 1995; baseline -0.006 -14"><span class='ocrx_word' id='word_1_262' title='bbox 1805 1927 2124 1981; x_wconf 82' lang='lat' dir='ltr'><strong>divisionem</strong></span> <span class='ocrx_word' id='word_1_263' title='bbox 2199 1903 2607 1991; x_wconf 83' lang='lat' dir='ltr'><strong>excludit;non</strong></span> <span class='ocrx_word' id='word_1_264' title='bbox 2696 1927 2839 1995; x_wconf 89' lang='lat' dir='ltr'><strong>quod</strong></span> <span class='ocrx_word' id='word_1_265' title='bbox 2921 1924 3215 1979; x_wconf 79' lang='lat' dir='ltr'><strong>confundat</strong></span> <span class='ocrx_word' id='word_1_266' title='bbox 3289 1930 3381 1973; x_wconf 78' lang='lat' dir='ltr'><strong>aut</strong></span> 
     </span>
    </p>
   </div>
   <div class='ocr_carea' id='block_1_36' title="bbox 156 2010 1703 2085">
    <p class='ocr_par' dir='ltr' id='par_1_36' title="bbox 156 2010 1703 2085">
     <span class='ocr_line' id='line_1_36' title="bbox 156 2010 1703 2085; baseline 0.005 -25"><span class='ocrx_word' id='word_1_267' title='bbox 156 2023 254 2060; x_wconf 83' lang='grc' dir='ltr'><strong>σιν⁸</strong></span> <span class='ocrx_word' id='word_1_268' title='bbox 286 2012 341 2062; x_wconf 77' lang='grc' dir='ltr'><strong>οὐ</strong></span> <span class='ocrx_word' id='word_1_269' title='bbox 372 2013 615 2080; x_wconf 73' lang='grc' dir='ltr'><strong>συγχέων</strong></span> <span class='ocrx_word' id='word_1_270' title='bbox 650 2010 769 2082; x_wconf 79' lang='grc' dir='ltr'><strong>[τὰς</strong></span> <span class='ocrx_word' id='word_1_271' title='bbox 803 2010 1015 2082; x_wconf 78' lang='grc' dir='ltr'><strong>φύσεις]</strong></span> <span class='ocrx_word' id='word_1_272' title='bbox 1050 2012 1082 2083; x_wconf 80' lang='grc' dir='ltr'>ἦ</span> <span class='ocrx_word' id='word_1_273' title='bbox 1129 2014 1439 2085; x_wconf 81' lang='grc' dir='ltr'><strong>ἀνακιρνῶν</strong></span> <span class='ocrx_word' id='word_1_274' title='bbox 1464 2015 1563 2076; x_wconf 78' lang='grc' dir='ltr'><strong>τὰς</strong></span> <span class='ocrx_word' id='word_1_275' title='bbox 1601 2014 1703 2085; x_wconf 78' lang='grc' dir='ltr'><strong>φύ·</strong></span> 
     </span>
    </p>
   </div>
   <div class='ocr_carea' id='block_1_37' title="bbox 157 2100 1703 2174">
    <p class='ocr_par' dir='ltr' id='par_1_37' title="bbox 157 2100 1703 2174">
     <span class='ocr_line' id='line_1_37' title="bbox 157 2100 1703 2174; baseline 0.004 -23"><span class='ocrx_word' id='word_1_276' title='bbox 157 2115 249 2162; x_wconf 85' lang='grc' dir='ltr'><strong>σιις</strong></span> <span class='ocrx_word' id='word_1_277' title='bbox 266 2116 278 2130; x_wconf 89' lang='grc'><strong>·</strong></span> <span class='ocrx_word' id='word_1_278' title='bbox 308 2100 417 2153; x_wconf 80' lang='grc' dir='ltr'><strong>ἀλλ’</strong></span> <span class='ocrx_word' id='word_1_279' title='bbox 444 2102 527 2154; x_wconf 83' lang='grc' dir='ltr'><strong>ὅτι</strong></span> <span class='ocrx_word' id='word_1_280' title='bbox 570 2101 775 2173; x_wconf 76' lang='grc' dir='ltr'><strong>σαρκὸς</strong></span> <span class='ocrx_word' id='word_1_281' title='bbox 797 2103 889 2155; x_wconf 76' lang='grc' dir='ltr'><strong>καὶ</strong></span> <span class='ocrx_word' id='word_1_282' title='bbox 916 2102 1147 2172; x_wconf 72' lang='grc' dir='ltr'><strong>αἷματος</strong></span> <span class='ocrx_word' id='word_1_283' title='bbox 1181 2103 1533 2174; x_wconf 83' lang='grc' dir='ltr'><strong>μετεσχηκὼς</strong></span> <span class='ocrx_word' id='word_1_284' title='bbox 1557 2106 1585 2156; x_wconf 87' lang='lat'><strong>6</strong></span> <span class='ocrx_word' id='word_1_285' title='bbox 1607 2104 1703 2158; x_wconf 85' lang='grc' dir='ltr'><strong>τοῦ</strong></span> 
     </span>
    </p>
   </div>
   <div class='ocr_carea' id='block_1_38' title="bbox 154 2185 1705 2265">
    <p class='ocr_par' dir='ltr' id='par_1_38' title="bbox 154 2185 1705 2265">
     <span class='ocr_line' id='line_1_38' title="bbox 154 2185 1705 2265; baseline 0.005 -22"><span class='ocrx_word' id='word_1_286' title='bbox 154 2190 264 2244; x_wconf 76' lang='grc' dir='ltr'><strong>Θεοῦ</strong></span> <span class='ocrx_word' id='word_1_287' title='bbox 289 2192 469 2260; x_wconf 79' lang='grc' dir='ltr'><strong>Λόγος,</strong></span> <span class='ocrx_word' id='word_1_288' title='bbox 489 2185 571 2256; x_wconf 79' lang='grc' dir='ltr'><strong>εἷς</strong></span> <span class='ocrx_word' id='word_1_289' title='bbox 596 2193 661 2262; x_wconf 84' lang='grc' dir='ltr'><strong>δὴ</strong></span> <span class='ocrx_word' id='word_1_290' title='bbox 693 2192 855 2245; x_wconf 84' lang='grc' dir='ltr'><strong>πάλιν</strong></span> <span class='ocrx_word' id='word_1_291' title='bbox 882 2194 977 2245; x_wconf 78' lang='grc' dir='ltr'><strong>καὶ</strong></span> <span class='ocrx_word' id='word_1_292' title='bbox 1011 2192 1187 2255; x_wconf 77' lang='grc' dir='ltr'><strong>οὕτως</strong></span> <span class='ocrx_word' id='word_1_293' title='bbox 1212 2196 1240 2246; x_wconf 86' lang='lat'><strong>6</strong></span> <span class='ocrx_word' id='word_1_294' title='bbox 1266 2195 1393 2256; x_wconf 77' lang='grc' dir='ltr'><strong>Υἱὸς</strong></span> <span class='ocrx_word' id='word_1_295' title='bbox 1410 2193 1519 2265; x_wconf 84' lang='grc' dir='ltr'><strong>[ῑσ.</strong></span> <span class='ocrx_word' id='word_1_296' title='bbox 1548 2191 1705 2260; x_wconf 71' lang='grc' dir='ltr'><strong>οὗτος</strong></span> 
     </span>
    </p>
   </div>
   <div class='ocr_carea' id='block_1_39' title="bbox 157 2281 1702 2359">
    <p class='ocr_par' dir='ltr' id='par_1_39' title="bbox 157 2281 1702 2359">
     <span class='ocr_line' id='line_1_39' title="bbox 157 2281 1702 2359; baseline 0.004 -26"><span class='ocrx_word' id='word_1_297' title='bbox 157 2281 283 2353; x_wconf 73' lang='grc' dir='ltr'><strong>Υἱὸς]</strong></span> <span class='ocrx_word' id='word_1_298' title='bbox 318 2286 511 2336; x_wconf 78' lang='grc' dir='ltr'><strong>νοεῖται</strong></span> <span class='ocrx_word' id='word_1_299' title='bbox 558 2284 657 2335; x_wconf 73' lang='grc' dir='ltr'><strong>καὶ</strong></span> <span class='ocrx_word' id='word_1_300' title='bbox 700 2284 1045 2353; x_wconf 75' lang='grc' dir='ltr'><strong>ὀνομάζεται.</strong></span> <span class='ocrx_word' id='word_1_301' title='bbox 1080 2284 1213 2338; x_wconf 82' lang='grc' dir='ltr'><strong>Οὐδὲ</strong></span> <span class='ocrx_word' id='word_1_302' title='bbox 1245 2284 1373 2357; x_wconf 83' lang='grc' dir='ltr'><strong>[τσ.</strong></span> <span class='ocrx_word' id='word_1_303' title='bbox 1404 2288 1468 2340; x_wconf 80' lang='grc' dir='ltr'><strong>σὺ</strong></span> <span class='ocrx_word' id='word_1_304' title='bbox 1494 2287 1548 2339; x_wconf 78' lang='grc' dir='ltr'><strong>δὲ</strong></span> <span class='ocrx_word' id='word_1_305' title='bbox 1583 2287 1597 2352; x_wconf 82' lang='grc' dir='ltr'>Ῐ</span> <span class='ocrx_word' id='word_1_306' title='bbox 1628 2289 1702 2359; x_wconf 77' lang='grc' dir='ltr'><strong>μὴ</strong></span> 
     </span>
    </p>
   </div>
   <div class='ocr_carea' id='block_1_40' title="bbox 154 2371 1703 2445">
    <p class='ocr_par' dir='ltr' id='par_1_40' title="bbox 154 2371 1703 2445">
     <span class='ocr_line' id='line_1_40' title="bbox 154 2371 1703 2445; baseline 0.001 -20"><span class='ocrx_word' id='word_1_307' title='bbox 154 2371 321 2439; x_wconf 81' lang='grc' dir='ltr'><strong>χρῆναι</strong></span> <span class='ocrx_word' id='word_1_308' title='bbox 354 2371 525 2439; x_wconf 83' lang='grc' dir='ltr'><strong>λέγων</strong></span> <span class='ocrx_word' id='word_1_309' title='bbox 566 2372 824 2441; x_wconf 78' lang='grc' dir='ltr'><strong>χριστοὺς</strong></span> <span class='ocrx_word' id='word_1_310' title='bbox 851 2371 1210 2443; x_wconf 78' lang='grc' dir='ltr'><strong>ὀνομάζεσθαι</strong></span> <span class='ocrx_word' id='word_1_311' title='bbox 1256 2374 1370 2437; x_wconf 82' lang='grc' dir='ltr'><strong>δύο,</strong></span> <span class='ocrx_word' id='word_1_312' title='bbox 1408 2377 1548 2445; x_wconf 84' lang='grc' dir='ltr'><strong>μήτε</strong></span> <span class='ocrx_word' id='word_1_313' title='bbox 1596 2378 1703 2445; x_wconf 80' lang='grc' dir='ltr'><strong>μὴν</strong></span> 
     </span>
    </p>
   </div>
   <div class='ocr_carea' id='block_1_41' title="bbox 156 2459 1707 2537">
    <p class='ocr_par' dir='ltr' id='par_1_41' title="bbox 156 2459 1707 2537">
     <span class='ocr_line' id='line_1_41' title="bbox 156 2459 1707 2537; baseline 0.005 -25"><span class='ocrx_word' id='word_1_314' title='bbox 156 2463 280 2524; x_wconf 74' lang='grc' dir='ltr'><strong>υἱοὺς</strong></span> <span class='ocrx_word' id='word_1_315' title='bbox 302 2462 579 2533; x_wconf 80' lang='grc' dir='ltr'><strong>ὁμολογεῖν</strong></span> <span class='ocrx_word' id='word_1_316' title='bbox 610 2459 752 2517; x_wconf 70' lang='grc' dir='ltr'><strong>εἶναι</strong></span> <span class='ocrx_word' id='word_1_317' title='bbox 778 2464 890 2529; x_wconf 83' lang='grc' dir='ltr'><strong>δύο,</strong></span> <span class='ocrx_word' id='word_1_318' title='bbox 916 2466 1011 2517; x_wconf 75' lang='grc' dir='ltr'><strong>καὶ</strong></span> <span class='ocrx_word' id='word_1_319' title='bbox 1040 2465 1137 2533; x_wconf 81' lang='grc' dir='ltr'><strong>τῆς</strong></span> <span class='ocrx_word' id='word_1_320' title='bbox 1162 2468 1242 2528; x_wconf 80' lang='grc' dir='ltr'><strong>είς</strong></span> <span class='ocrx_word' id='word_1_321' title='bbox 1266 2465 1426 2519; x_wconf 90' lang='grc' dir='ltr'><strong>τοῦτο</strong></span> <span class='ocrx_word' id='word_1_322' title='bbox 1448 2466 1707 2537; x_wconf 83' lang='grc' dir='ltr'><strong>δογματι-</strong></span> 
     </span>
    </p>
   </div>
   <div class='ocr_carea' id='block_1_42' title="bbox 156 2553 1700 2627">
    <p class='ocr_par' dir='ltr' id='par_1_42' title="bbox 156 2553 1700 2627">
     <span class='ocr_line' id='line_1_42' title="bbox 156 2553 1700 2627; baseline 0.004 -22"><span class='ocrx_word' id='word_1_323' title='bbox 156 2553 236 2622; x_wconf 74' lang='grc' dir='ltr'><strong>κῆς</strong></span> <span class='ocrx_word' id='word_1_324' title='bbox 256 2553 532 2627; x_wconf 79' lang='grc' dir='ltr'><strong>ὀρθότητος</strong></span> <span class='ocrx_word' id='word_1_325' title='bbox 557 2554 905 2627; x_wconf 78' lang='grc' dir='ltr'><strong>[ἁπλότητος]</strong></span> <span class='ocrx_word' id='word_1_326' title='bbox 938 2556 1295 2609; x_wconf 79' lang='grc' dir='ltr'><strong>ὑποκλέπτων</strong></span> <span class='ocrx_word' id='word_1_327' title='bbox 1326 2556 1427 2627; x_wconf 81' lang='grc' dir='ltr'><strong>τὴν</strong></span> <span class='ocrx_word' id='word_1_328' title='bbox 1450 2556 1700 2627; x_wconf 85' lang='grc' dir='ltr'><strong>δόκησιν,</strong></span> 
     </span>
    </p>
   </div>
   <div class='ocr_carea' id='block_1_43' title="bbox 155 2644 1706 2723">
    <p class='ocr_par' dir='ltr' id='par_1_43' title="bbox 155 2644 1706 2723">
     <span class='ocr_line' id='line_1_43' title="bbox 155 2644 1706 2723; baseline 0.005 -27"><span class='ocrx_word' id='word_1_329' title='bbox 155 2644 231 2697; x_wconf 72' lang='grc' dir='ltr'><strong>δύο</strong></span> <span class='ocrx_word' id='word_1_330' title='bbox 253 2646 313 2717; x_wconf 76' lang='grc' dir='ltr'><strong>δὴ</strong></span> <span class='ocrx_word' id='word_1_331' title='bbox 336 2647 503 2715; x_wconf 76' lang='grc' dir='ltr'><strong>λέγων</strong></span> <span class='ocrx_word' id='word_1_332' title='bbox 536 2648 736 2717; x_wconf 78' lang='grc' dir='ltr'><strong>ἁλίσκῃ</strong></span> <span class='ocrx_word' id='word_1_333' title='bbox 762 2648 1037 2717; x_wconf 84' lang='grc' dir='ltr'><strong>χριστοὺς,</strong></span> <span class='ocrx_word' id='word_1_334' title='bbox 1084 2648 1178 2699; x_wconf 73' lang='grc' dir='ltr'><strong>καὶ</strong></span> <span class='ocrx_word' id='word_1_335' title='bbox 1209 2649 1289 2713; x_wconf 86' lang='grc' dir='ltr'><strong>είς</strong></span> <span class='ocrx_word' id='word_1_336' title='bbox 1321 2648 1493 2720; x_wconf 82' lang='grc' dir='ltr'><strong>ίδικὴν</strong></span> <span class='ocrx_word' id='word_1_337' title='bbox 1520 2651 1706 2723; x_wconf 76' lang='grc' dir='ltr'><strong>ἑτερό-</strong></span> 
     </span>
    </p>
   </div>
   <div class='ocr_carea' id='block_1_44' title="bbox 156 2738 1706 2810">
    <p class='ocr_par' dir='ltr' id='par_1_44' title="bbox 156 2738 1706 2810">
     <span class='ocr_line' id='line_1_44' title="bbox 156 2738 1706 2810; baseline 0.003 -20"><span class='ocrx_word' id='word_1_338' title='bbox 156 2755 269 2808; x_wconf 82' lang='grc' dir='ltr'><strong>τητα</strong></span> <span class='ocrx_word' id='word_1_339' title='bbox 297 2738 495 2803; x_wconf 80' lang='grc' dir='ltr'><strong>διῖστὰς</strong></span> <span class='ocrx_word' id='word_1_340' title='bbox 522 2738 813 2810; x_wconf 75' lang='grc' dir='ltr'><strong>ἄνθρωπον</strong></span> <span class='ocrx_word' id='word_1_341' title='bbox 842 2739 933 2791; x_wconf 85' lang='grc' dir='ltr'><strong>καί</strong></span> <span class='ocrx_word' id='word_1_342' title='bbox 970 2739 1103 2793; x_wconf 86' lang='grc' dir='ltr'><strong>Θεόν</strong></span> <span class='ocrx_word' id='word_1_343' title='bbox 1124 2754 1139 2769; x_wconf 76' lang='grc'><strong>⁸</strong></span> <span class='ocrx_word' id='word_1_344' title='bbox 1186 2742 1281 2793; x_wconf 78' lang='grc' dir='ltr'><strong>καὶ</strong></span> <span class='ocrx_word' id='word_1_345' title='bbox 1326 2741 1418 2795; x_wconf 81' lang='grc' dir='ltr'><strong>τὸν</strong></span> <span class='ocrx_word' id='word_1_346' title='bbox 1471 2742 1592 2810; x_wconf 72' lang='grc' dir='ltr'><strong>μὲν,</strong></span> <span class='ocrx_word' id='word_1_347' title='bbox 1620 2744 1706 2796; x_wconf 80' lang='grc' dir='ltr'><strong>ὲν-</strong></span> 
     </span>
    </p>
   </div>
   <div class='ocr_carea' id='block_1_45' title="bbox 156 2828 1707 2900">
    <p class='ocr_par' dir='ltr' id='par_1_45' title="bbox 156 2828 1707 2900">
     <span class='ocr_line' id='line_1_45' title="bbox 156 2828 1707 2900; baseline 0.003 -20"><span class='ocrx_word' id='word_1_348' title='bbox 156 2829 447 2898; x_wconf 81' lang='grc' dir='ltr'><strong>ιργούμενον</strong></span> <span class='ocrx_word' id='word_1_349' title='bbox 467 2846 484 2860; x_wconf 71' lang='grc'><strong>⁸</strong></span> <span class='ocrx_word' id='word_1_350' title='bbox 520 2830 615 2882; x_wconf 83' lang='grc' dir='ltr'><strong>τὸν</strong></span> <span class='ocrx_word' id='word_1_351' title='bbox 637 2828 717 2891; x_wconf 84' lang='grc' dir='ltr'><strong>δὲ,</strong></span> <span class='ocrx_word' id='word_1_352' title='bbox 748 2828 840 2882; x_wconf 75' lang='grc' dir='ltr'><strong>καὶ</strong></span> <span class='ocrx_word' id='word_1_353' title='bbox 868 2829 1213 2900; x_wconf 80' lang='grc' dir='ltr'><strong>ὲνηργηκότα</strong></span> <span class='ocrx_word' id='word_1_354' title='bbox 1242 2829 1561 2897; x_wconf 78' lang='grc' dir='ltr'><strong>καταδεῖξαι</strong></span> <span class='ocrx_word' id='word_1_355' title='bbox 1586 2849 1707 2885; x_wconf 87' lang='grc' dir='ltr'><strong>πει-</strong></span> 
     </span>
    </p>
   </div>
   <div class='ocr_carea' id='block_1_46' title="bbox 158 2922 1209 2993">
    <p class='ocr_par' dir='ltr' id='par_1_46' title="bbox 158 2922 1209 2993">
     <span class='ocr_line' id='line_1_46' title="bbox 158 2922 1209 2993; baseline 0.002 -21"><span class='ocrx_word' id='word_1_356' title='bbox 158 2922 467 2991; x_wconf 74' lang='grc' dir='ltr'><strong>ρᾶσαι.Ἐχει</strong></span> <span class='ocrx_word' id='word_1_357' title='bbox 506 2922 566 2975; x_wconf 72' lang='grc' dir='ltr'><strong>δὲ</strong></span> <span class='ocrx_word' id='word_1_358' title='bbox 605 2922 749 2976; x_wconf 72' lang='grc' dir='ltr'><strong>οὕτω</strong></span> <span class='ocrx_word' id='word_1_359' title='bbox 786 2924 853 2975; x_wconf 80' lang='grc' dir='ltr'><strong>τὰ</strong></span> <span class='ocrx_word' id='word_1_360' title='bbox 894 2923 1047 2993; x_wconf 76' lang='grc' dir='ltr'><strong>παρὰ</strong></span> <span class='ocrx_word' id='word_1_361' title='bbox 1088 2922 1209 2975; x_wconf 69' lang='grc' dir='ltr'><strong>σοῦ’</strong></span> 
     </span>
    </p>
   </div>
   <div class='ocr_carea' id='block_1_47' title="bbox 212 3010 1709 3088">
    <p class='ocr_par' dir='ltr' id='par_1_47' title="bbox 212 3010 1709 3088">
     <span class='ocr_line' id='line_1_47' title="bbox 212 3010 1709 3088; baseline 0.005 -24"><span class='ocrx_word' id='word_1_362' title='bbox 212 3010 426 3081; x_wconf 82' lang='grc' dir='ltr'><strong>[Ἥγουν</strong></span> <span class='ocrx_word' id='word_1_363' title='bbox 454 3012 550 3066; x_wconf 86' lang='grc' dir='ltr'><strong>τοῦ</strong></span> <span class='ocrx_word' id='word_1_364' title='bbox 582 3014 924 3082; x_wconf 83' lang='grc' dir='ltr'><strong>Μονογενοῦς</strong></span> <span class='ocrx_word' id='word_1_365' title='bbox 950 3014 1159 3078; x_wconf 81' lang='grc' dir='ltr'><strong>εὐδοξία</strong></span> <span class='ocrx_word' id='word_1_366' title='bbox 1208 3017 1337 3068; x_wconf 76' lang='grc' dir='ltr'><strong>ποτὲ</strong></span> <span class='ocrx_word' id='word_1_367' title='bbox 1368 3018 1468 3086; x_wconf 81' lang='grc' dir='ltr'><strong>μὲν</strong></span> <span class='ocrx_word' id='word_1_368' title='bbox 1492 3018 1569 3088; x_wconf 83' lang='grc' dir='ltr'><strong>τῷ</strong></span> <span class='ocrx_word' id='word_1_369' title='bbox 1596 3022 1709 3072; x_wconf 79' lang='grc' dir='ltr'><strong>Πα-</strong></span> 
     </span>
    </p>
   </div>
   <div class='ocr_carea' id='block_1_48' title="bbox 157 3102 1708 3181">
    <p class='ocr_par' dir='ltr' id='par_1_48' title="bbox 157 3102 1708 3181">
     <span class='ocr_line' id='line_1_48' title="bbox 157 3102 1708 3181; baseline 0.005 -26"><span class='ocrx_word' id='word_1_370' title='bbox 157 3102 228 3168; x_wconf 79' lang='grc' dir='ltr'><strong>τρὶ</strong></span> <span class='ocrx_word' id='word_1_371' title='bbox 261 3106 579 3172; x_wconf 80' lang='grc' dir='ltr'><strong>περιῆπται·</strong></span> <span class='ocrx_word' id='word_1_372' title='bbox 619 3105 811 3158; x_wconf 78' lang='grc' dir='ltr'><strong>«Ἔστι</strong></span> <span class='ocrx_word' id='word_1_373' title='bbox 846 3104 969 3175; x_wconf 84' lang='grc' dir='ltr'><strong>γὰρ,</strong></span> <span class='ocrx_word' id='word_1_374' title='bbox 1004 3106 1192 3174; x_wconf 65' lang='grc' dir='ltr'><strong>φησιν,</strong></span> <span class='ocrx_word' id='word_1_375' title='bbox 1230 3108 1259 3158; x_wconf 87' lang='lat'><strong>6</strong></span> <span class='ocrx_word' id='word_1_376' title='bbox 1305 3108 1490 3181; x_wconf 82' lang='grc' dir='ltr'><strong>Πατήρ</strong></span> <span class='ocrx_word' id='word_1_377' title='bbox 1534 3126 1635 3179; x_wconf 84' lang='grc' dir='ltr'><strong>μου</strong></span> <span class='ocrx_word' id='word_1_378' title='bbox 1678 3114 1708 3163; x_wconf 84' lang='grc' dir='ltr'><strong>ό</strong></span> 
     </span>
    </p>
   </div>
   <div class='ocr_carea' id='block_1_49' title="bbox 260 3194 1705 3271">
    <p class='ocr_par' dir='ltr' id='par_1_49' title="bbox 260 3194 1705 3271">
     <span class='ocr_line' id='line_1_49' title="bbox 260 3194 1705 3271; baseline 0.002 -22"><span class='ocrx_word' id='word_1_379' title='bbox 260 3194 358 3259; x_wconf 78' lang='grc' dir='ltr'><strong>ξων</strong></span> <span class='ocrx_word' id='word_1_380' title='bbox 404 3214 504 3266; x_wconf 77' lang='grc' dir='ltr'><strong>με’</strong></span> <span class='ocrx_word' id='word_1_381' title='bbox 543 3218 559 3248; x_wconf 80' lang='grc' dir='ltr'><strong>ι</strong></span> <span class='ocrx_word' id='word_1_382' title='bbox 612 3196 746 3250; x_wconf 75' lang='grc' dir='ltr'><strong>ποτὲ</strong></span> <span class='ocrx_word' id='word_1_383' title='bbox 799 3195 877 3259; x_wconf 77' lang='grc' dir='ltr'><strong>δὲ,</strong></span> <span class='ocrx_word' id='word_1_384' title='bbox 930 3196 1009 3267; x_wconf 83' lang='grc' dir='ltr'><strong>τῷ</strong></span> <span class='ocrx_word' id='word_1_385' title='bbox 1061 3198 1372 3267; x_wconf 73' lang='grc' dir='ltr'><strong>Πνεῦματιο</strong></span> <span class='ocrx_word' id='word_1_386' title='bbox 1430 3218 1447 3249; x_wconf 86' lang='grc' dir='ltr'><strong>ι</strong></span> <span class='ocrx_word' id='word_1_387' title='bbox 1480 3200 1553 3252; x_wconf 85' lang='grc' dir='ltr'><strong>Τὸ</strong></span> <span class='ocrx_word' id='word_1_388' title='bbox 1596 3199 1705 3271; x_wconf 79' lang='grc' dir='ltr'><strong>γὰρ</strong></span> 
     </span>
    </p>
   </div>
   <div class='ocr_carea' id='block_1_50' title="bbox 158 3286 1703 3360">
    <p class='ocr_par' dir='ltr' id='par_1_50' title="bbox 158 3286 1703 3360">
     <span class='ocr_line' id='line_1_50' title="bbox 158 3286 1703 3360; baseline 0.005 -23"><span class='ocrx_word' id='word_1_389' title='bbox 158 3286 349 3355; x_wconf 78' lang='grc' dir='ltr'><strong>Πνεῦμα</strong></span> <span class='ocrx_word' id='word_1_390' title='bbox 371 3290 469 3359; x_wconf 82' lang='grc' dir='ltr'><strong>τῆς</strong></span> <span class='ocrx_word' id='word_1_391' title='bbox 496 3290 779 3360; x_wconf 81' lang='grc' dir='ltr'><strong>ἀληθείας,</strong></span> <span class='ocrx_word' id='word_1_392' title='bbox 809 3286 1125 3359; x_wconf 72' lang='grc' dir='ltr'><strong>φησὶν,’ἑμὲ</strong></span> <span class='ocrx_word' id='word_1_393' title='bbox 1157 3288 1370 3354; x_wconf 77' lang='grc' dir='ltr'><strong>δοξάσει</strong></span> <span class='ocrx_word' id='word_1_394' title='bbox 1391 3308 1403 3321; x_wconf 70' lang='grc'><strong><em>⁸</em></strong></span> <span class='ocrx_word' id='word_1_395' title='bbox 1441 3310 1457 3341; x_wconf 88' lang='grc' dir='ltr'><strong>ι</strong></span> <span class='ocrx_word' id='word_1_396' title='bbox 1495 3292 1623 3344; x_wconf 81' lang='grc' dir='ltr'><strong>ποτὲ</strong></span> <span class='ocrx_word' id='word_1_397' title='bbox 1646 3292 1703 3344; x_wconf 83' lang='grc' dir='ltr'><strong>δὲ</strong></span> 
     </span>
    </p>
   </div>
   <div class='ocr_carea' id='block_1_51' title="bbox 157 3381 1703 3452">
    <p class='ocr_par' dir='ltr' id='par_1_51' title="bbox 157 3381 1703 3452">
     <span class='ocr_line' id='line_1_51' title="bbox 157 3381 1703 3452; baseline 0 -18"><span class='ocrx_word' id='word_1_398' title='bbox 157 3382 208 3447; x_wconf 70' lang='grc' dir='ltr'><strong>τῇ</strong></span> <span class='ocrx_word' id='word_1_399' title='bbox 235 3382 449 3450; x_wconf 82' lang='grc' dir='ltr'><strong>Χριστοῦ</strong></span> <span class='ocrx_word' id='word_1_400' title='bbox 481 3381 801 3451; x_wconf 79' lang='grc' dir='ltr'><strong>δυναστείᾳο</strong></span> <span class='ocrx_word' id='word_1_401' title='bbox 843 3402 860 3433; x_wconf 84' lang='grc' dir='ltr'><strong>ι</strong></span> <span class='ocrx_word' id='word_1_402' title='bbox 885 3381 1223 3447; x_wconf 81' lang='grc' dir='ltr'><strong>Ἐξελθόντες</strong></span> <span class='ocrx_word' id='word_1_403' title='bbox 1269 3382 1397 3452; x_wconf 77' lang='grc' dir='ltr'><strong>γὰρ,</strong></span> <span class='ocrx_word' id='word_1_404' title='bbox 1433 3383 1591 3452; x_wconf 83' lang='grc' dir='ltr'><strong>φησὶ,</strong></span> <span class='ocrx_word' id='word_1_405' title='bbox 1624 3383 1703 3436; x_wconf 88' lang='grc' dir='ltr'><strong>δι-</strong></span> 
     </span>
    </p>
   </div>
   <div class='ocr_carea' id='block_1_52' title="bbox 158 3472 1705 3545">
    <p class='ocr_par' dir='ltr' id='par_1_52' title="bbox 158 3472 1705 3545">
     <span class='ocr_line' id='line_1_52' title="bbox 158 3472 1705 3545; baseline 0.006 -26"><span class='ocrx_word' id='word_1_406' title='bbox 158 3474 420 3539; x_wconf 69' lang='grc' dir='ltr'><strong>εκήρυσσον</strong></span> <span class='ocrx_word' id='word_1_407' title='bbox 468 3473 561 3525; x_wconf 84' lang='grc' dir='ltr'><strong>τὸν</strong></span> <span class='ocrx_word' id='word_1_408' title='bbox 609 3472 768 3540; x_wconf 88' lang='grc' dir='ltr'><strong>λόγον</strong></span> <span class='ocrx_word' id='word_1_409' title='bbox 799 3473 1097 3542; x_wconf 85' lang='grc' dir='ltr'><strong>πανταχοῦ,</strong></span> <span class='ocrx_word' id='word_1_410' title='bbox 1128 3472 1223 3526; x_wconf 90' lang='grc' dir='ltr'><strong>τοῦ</strong></span> <span class='ocrx_word' id='word_1_411' title='bbox 1253 3474 1459 3545; x_wconf 77' lang='grc' dir='ltr'><strong>Κυρίου</strong></span> <span class='ocrx_word' id='word_1_412' title='bbox 1508 3490 1705 3543; x_wconf 71' lang='grc' dir='ltr'><strong>συνερο</strong></span> 
     </span>
    </p>
   </div>
   <div class='ocr_carea' id='block_1_53' title="bbox 158 3556 1706 3634">
    <p class='ocr_par' dir='ltr' id='par_1_53' title="bbox 158 3556 1706 3634">
     <span class='ocr_line' id='line_1_53' title="bbox 158 3556 1706 3634; baseline 0.006 -22"><span class='ocrx_word' id='word_1_413' title='bbox 158 3562 360 3627; x_wconf 79' lang='grc' dir='ltr'><strong>γοῦντος,</strong></span> <span class='ocrx_word' id='word_1_414' title='bbox 393 3556 485 3617; x_wconf 64' lang='grc' dir='ltr'><strong>καὶ</strong></span> <span class='ocrx_word' id='word_1_415' title='bbox 532 3566 626 3617; x_wconf 87' lang='grc' dir='ltr'><strong>τὸν</strong></span> <span class='ocrx_word' id='word_1_416' title='bbox 674 3566 830 3631; x_wconf 82' lang='grc' dir='ltr'><strong>λόγον</strong></span> <span class='ocrx_word' id='word_1_417' title='bbox 866 3563 1231 3634; x_wconf 72' lang='grc' dir='ltr'><strong>βεϐαιοῦντος,</strong></span> <span class='ocrx_word' id='word_1_418' title='bbox 1257 3565 1343 3619; x_wconf 75' lang='grc' dir='ltr'><strong>διὰ</strong></span> <span class='ocrx_word' id='word_1_419' title='bbox 1371 3565 1480 3620; x_wconf 85' lang='grc' dir='ltr'><strong>τῶν</strong></span> <span class='ocrx_word' id='word_1_420' title='bbox 1506 3567 1706 3621; x_wconf 77' lang='grc' dir='ltr'><strong>ἐπακο-</strong></span> 
     </span>
    </p>
   </div>
   <div class='ocr_carea' id='block_1_54' title="bbox 159 3651 860 3727">
    <p class='ocr_par' dir='ltr' id='par_1_54' title="bbox 159 3651 860 3727">
     <span class='ocr_line' id='line_1_54' title="bbox 159 3651 860 3727; baseline 0.009 -27"><span class='ocrx_word' id='word_1_421' title='bbox 159 3651 493 3721; x_wconf 74' lang='grc' dir='ltr'><strong>λουθησάντων</strong></span> <span class='ocrx_word' id='word_1_422' title='bbox 529 3656 794 3725; x_wconf 81' lang='grc' dir='ltr'><strong>σημείων.</strong></span> <span class='ocrx_word' id='word_1_423' title='bbox 810 3653 860 3727; x_wconf 70' lang='grc' dir='ltr'><strong>ι]</strong></span> 
     </span>
    </p>
   </div>
   <div class='ocr_carea' id='block_1_55' title="bbox 727 3789 1099 3844">
    <p class='ocr_par' dir='ltr' id='par_1_55' title="bbox 727 3789 1099 3844">
     <span class='ocr_line' id='line_1_55' title="bbox 727 3789 1099 3844; baseline 0 0"><span class='ocrx_word' id='word_1_424' title='bbox 727 3789 955 3844; x_wconf 78' lang='grc' dir='ltr'><strong>ΚΕΦΛΛ</strong></span> <span class='ocrx_word' id='word_1_425' title='bbox 966 3831 978 3844; x_wconf 91' lang='grc'><strong>.</strong></span> <span class='ocrx_word' id='word_1_426' title='bbox 1026 3794 1099 3844; x_wconf 90' lang='lat' dir='ltr'><strong>Z&#39;.</strong></span> 
     </span>
    </p>
   </div>
   <div class='ocr_carea' id='block_1_56' title="bbox 215 3920 1702 3997">
    <p class='ocr_par' dir='ltr' id='par_1_56' title="bbox 215 3920 1702 3997">
     <span class='ocr_line' id='line_1_56' title="bbox 215 3920 1702 3997; baseline 0.005 -23"><span class='ocrx_word' id='word_1_427' title='bbox 215 3920 266 3974; x_wconf 78' lang='grc' dir='ltr'><strong>Εί</strong></span> <span class='ocrx_word' id='word_1_428' title='bbox 302 3924 396 3992; x_wconf 77' lang='grc' dir='ltr'><strong>μὲν</strong></span> <span class='ocrx_word' id='word_1_429' title='bbox 424 3923 501 3985; x_wconf 85' lang='grc' dir='ltr'><strong>ὡς</strong></span> <span class='ocrx_word' id='word_1_430' title='bbox 540 3921 698 3995; x_wconf 82' lang='grc' dir='ltr'><strong>δόξης</strong></span> <span class='ocrx_word' id='word_1_431' title='bbox 746 3923 935 3976; x_wconf 64' lang='grc' dir='ltr'><strong>ἐπιδεᾶ</strong></span> <span class='ocrx_word' id='word_1_432' title='bbox 975 3924 1067 3976; x_wconf 86' lang='grc' dir='ltr'><strong>τὸν</strong></span> <span class='ocrx_word' id='word_1_433' title='bbox 1118 3927 1384 3997; x_wconf 80' lang='grc' dir='ltr'><strong>μονογενῆ</strong></span> <span class='ocrx_word' id='word_1_434' title='bbox 1425 3929 1519 3981; x_wconf 89' lang='grc' dir='ltr'><strong>τοῦ</strong></span> <span class='ocrx_word' id='word_1_435' title='bbox 1565 3929 1702 3982; x_wconf 64' lang='grc' dir='ltr'><strong>θεοῦ</strong></span> 
     </span>
    </p>
   </div>
   <div class='ocr_carea' id='block_1_57' title="bbox 159 4012 1701 4092">
    <p class='ocr_par' dir='ltr' id='par_1_57' title="bbox 159 4012 1701 4092">
     <span class='ocr_line' id='line_1_57' title="bbox 159 4012 1701 4092; baseline 0.006 -28"><span class='ocrx_word' id='word_1_436' title='bbox 159 4012 318 4080; x_wconf 74' lang='grc' dir='ltr'><strong>Λόγον.</strong></span> <span class='ocrx_word' id='word_1_437' title='bbox 342 4016 473 4068; x_wconf 62' lang='lat' dir='ltr'><strong>nos</strong></span> <span class='ocrx_word' id='word_1_438' title='bbox 494 4017 614 4069; x_wconf 71' lang='grc' dir='ltr'><strong>ἐστι</strong></span> <span class='ocrx_word' id='word_1_439' title='bbox 637 4017 730 4069; x_wconf 75' lang='grc' dir='ltr'><strong>καὶ</strong></span> <span class='ocrx_word' id='word_1_440' title='bbox 760 4018 958 4070; x_wconf 80' lang='grc' dir='ltr'><strong>νοεῖται</strong></span> <span class='ocrx_word' id='word_1_441' title='bbox 980 4017 1171 4086; x_wconf 85' lang='grc' dir='ltr'><strong>Λόγος,</strong></span> <span class='ocrx_word' id='word_1_442' title='bbox 1198 4021 1292 4071; x_wconf 72' lang='grc' dir='ltr'><strong>καὶ</strong></span> <span class='ocrx_word' id='word_1_443' title='bbox 1322 4020 1475 4073; x_wconf 75' lang='grc' dir='ltr'><strong>οῦπω</strong></span> <span class='ocrx_word' id='word_1_444' title='bbox 1505 4037 1701 4092; x_wconf 76' lang='grc' dir='ltr'><strong>σεσαρο</strong></span> 
     </span>
    </p>
   </div>
   <div class='ocr_carea' id='block_1_58' title="bbox 159 4107 1699 4183">
    <p class='ocr_par' dir='ltr' id='par_1_58' title="bbox 159 4107 1699 4183">
     <span class='ocr_line' id='line_1_58' title="bbox 159 4107 1699 4183; baseline 0.006 -27"><span class='ocrx_word' id='word_1_445' title='bbox 159 4107 385 4174; x_wconf 75' lang='grc' dir='ltr'><strong>κωμένος,</strong></span> <span class='ocrx_word' id='word_1_446' title='bbox 414 4107 733 4175; x_wconf 81' lang='grc' dir='ltr'><strong>δεδοξάσθαι</strong></span> <span class='ocrx_word' id='word_1_447' title='bbox 766 4110 901 4178; x_wconf 77' lang='grc' dir='ltr'><strong>φησὶ</strong></span> <span class='ocrx_word' id='word_1_448' title='bbox 929 4110 1083 4181; x_wconf 79' lang='grc' dir='ltr'><strong>παρὰ</strong></span> <span class='ocrx_word' id='word_1_449' title='bbox 1116 4110 1211 4163; x_wconf 89' lang='grc' dir='ltr'><strong>τοῦ</strong></span> <span class='ocrx_word' id='word_1_450' title='bbox 1240 4112 1452 4183; x_wconf 84' lang='grc' dir='ltr'><strong>Πατρὸς</strong></span> <span class='ocrx_word' id='word_1_451' title='bbox 1481 4114 1572 4167; x_wconf 80' lang='grc' dir='ltr'><strong>καὶ</strong></span> <span class='ocrx_word' id='word_1_452' title='bbox 1603 4112 1699 4166; x_wconf 91' lang='grc' dir='ltr'><strong>τοῦ</strong></span> 
     </span>
    </p>
   </div>
   <div class='ocr_carea' id='block_1_59' title="bbox 159 4196 1702 4275">
    <p class='ocr_par' dir='ltr' id='par_1_59' title="bbox 159 4196 1702 4275">
     <span class='ocr_line' id='line_1_59' title="bbox 159 4196 1702 4275; baseline 0.008 -29"><span class='ocrx_word' id='word_1_453' title='bbox 159 4196 285 4262; x_wconf 72' lang='grc' dir='ltr'><strong>ἁγίου</strong></span> <span class='ocrx_word' id='word_1_454' title='bbox 316 4198 646 4270; x_wconf 82' lang='grc' dir='ltr'><strong>Πνεύματος,</strong></span> <span class='ocrx_word' id='word_1_455' title='bbox 679 4200 761 4252; x_wconf 83' lang='grc' dir='ltr'><strong>ὅτι</strong></span> <span class='ocrx_word' id='word_1_456' title='bbox 787 4201 879 4252; x_wconf 80' lang='grc' dir='ltr'><strong>καὶ</strong></span> <span class='ocrx_word' id='word_1_457' title='bbox 912 4202 1246 4272; x_wconf 87' lang='grc' dir='ltr'><strong>παραπταίει</strong></span> <span class='ocrx_word' id='word_1_458' title='bbox 1271 4204 1363 4255; x_wconf 72' lang='grc' dir='ltr'><strong>καὶ</strong></span> <span class='ocrx_word' id='word_1_459' title='bbox 1396 4204 1702 4275; x_wconf 86' lang='grc' dir='ltr'><strong>διημάρτη-</strong></span> 
     </span>
    </p>
   </div>
   <div class='ocr_carea' id='block_1_60' title="bbox 160 4288 1701 4367">
    <p class='ocr_par' dir='ltr' id='par_1_60' title="bbox 160 4288 1701 4367">
     <span class='ocr_line' id='line_1_60' title="bbox 160 4288 1701 4367; baseline 0.007 -28"><span class='ocrx_word' id='word_1_460' title='bbox 160 4303 205 4339; x_wconf 82' lang='grc' dir='ltr'><strong>κε</strong></span> <span class='ocrx_word' id='word_1_461' title='bbox 228 4288 268 4340; x_wconf 81' lang='grc' dir='ltr'><strong>τ’</strong></span> <span class='ocrx_word' id='word_1_462' title='bbox 283 4289 531 4361; x_wconf 81' lang='grc' dir='ltr'><strong>ἀληθοῦς,</strong></span> <span class='ocrx_word' id='word_1_463' title='bbox 560 4293 791 4361; x_wconf 83' lang='grc' dir='ltr'><strong>παρήσω</strong></span> <span class='ocrx_word' id='word_1_464' title='bbox 822 4292 1001 4361; x_wconf 83' lang='grc' dir='ltr'><strong>λέγειν</strong></span> <span class='ocrx_word' id='word_1_465' title='bbox 1023 4295 1103 4357; x_wconf 82' lang='grc' dir='ltr'><strong>εις</strong></span> <span class='ocrx_word' id='word_1_466' title='bbox 1136 4296 1195 4347; x_wconf 86' lang='grc' dir='ltr'><strong>τὸ</strong></span> <span class='ocrx_word' id='word_1_467' title='bbox 1222 4296 1421 4365; x_wconf 87' lang='grc' dir='ltr'><strong>παρόν·</strong></span> <span class='ocrx_word' id='word_1_468' title='bbox 1448 4296 1570 4363; x_wconf 78' lang='grc' dir='ltr'><strong>ἄγει</strong></span> <span class='ocrx_word' id='word_1_469' title='bbox 1592 4296 1701 4367; x_wconf 80' lang='grc' dir='ltr'><strong>γὰρ</strong></span> 
     </span>
    </p>
   </div>
   <div class='ocr_carea' id='block_1_61' title="bbox 158 4381 1704 4458">
    <p class='ocr_par' dir='ltr' id='par_1_61' title="bbox 158 4381 1704 4458">
     <span class='ocr_line' id='line_1_61' title="bbox 158 4381 1704 4458; baseline 0.005 -24"><span class='ocrx_word' id='word_1_470' title='bbox 158 4381 277 4445; x_wconf 73' lang='grc' dir='ltr'><strong>ἡμᾶς</strong></span> <span class='ocrx_word' id='word_1_471' title='bbox 302 4385 381 4453; x_wconf 67' lang='grc' dir='ltr'><strong>ἐφ’</strong></span> <span class='ocrx_word' id='word_1_472' title='bbox 408 4384 595 4456; x_wconf 63' lang='grc' dir='ltr'><strong>ἕτερον</strong></span> <span class='ocrx_word' id='word_1_473' title='bbox 627 4386 655 4438; x_wconf 88' lang='lat'><strong>6</strong></span> <span class='ocrx_word' id='word_1_474' title='bbox 693 4386 902 4455; x_wconf 79' lang='grc' dir='ltr'><strong>καιρός.</strong></span> <span class='ocrx_word' id='word_1_475' title='bbox 923 4385 1303 4455; x_wconf 80' lang='grc' dir='ltr'><strong>Ἐπιλελῆσθαι</strong></span> <span class='ocrx_word' id='word_1_476' title='bbox 1341 4387 1396 4439; x_wconf 83' lang='grc' dir='ltr'><strong>δέ</strong></span> <span class='ocrx_word' id='word_1_477' title='bbox 1425 4406 1515 4458; x_wconf 85' lang='grc' dir='ltr'><strong>μοι</strong></span> <span class='ocrx_word' id='word_1_478' title='bbox 1555 4389 1704 4441; x_wconf 87' lang='grc' dir='ltr'><strong>δοκεί</strong></span> 
     </span>
    </p>
   </div>
   <div class='ocr_carea' id='block_1_62' title="bbox 157 4468 1695 4548">
    <p class='ocr_par' dir='ltr' id='par_1_62' title="bbox 157 4468 1695 4548">
     <span class='ocr_line' id='line_1_62' title="bbox 157 4468 1695 4548; baseline 0.008 -29"><span class='ocrx_word' id='word_1_479' title='bbox 157 4468 245 4523; x_wconf 81' lang='grc' dir='ltr'><strong>τῶν</strong></span> <span class='ocrx_word' id='word_1_480' title='bbox 268 4475 459 4544; x_wconf 67' lang='grc' dir='ltr'><strong>ἀρτίως</strong></span> <span class='ocrx_word' id='word_1_481' title='bbox 496 4474 647 4545; x_wconf 82' lang='grc' dir='ltr'><strong>αὐτῷ</strong></span> <span class='ocrx_word' id='word_1_482' title='bbox 679 4475 1107 4546; x_wconf 83' lang='grc' dir='ltr'><strong>τεθεωρημένων</strong></span> <span class='ocrx_word' id='word_1_483' title='bbox 1148 4494 1207 4528; x_wconf 83' lang='grc' dir='ltr'><strong>τε</strong></span> <span class='ocrx_word' id='word_1_484' title='bbox 1248 4477 1339 4529; x_wconf 70' lang='grc' dir='ltr'><strong>καὶ</strong></span> <span class='ocrx_word' id='word_1_485' title='bbox 1368 4478 1695 4548; x_wconf 71' lang='grc' dir='ltr'><strong>εἰρημένων.</strong></span> 
     </span>
    </p>
   </div>
   <div class='ocr_carea' id='block_1_63' title="bbox 1808 2012 3384 2086">
    <p class='ocr_par' dir='ltr' id='par_1_63' title="bbox 1808 2012 3384 2086">
     <span class='ocr_line' id='line_1_63' title="bbox 1808 2012 3384 2086; baseline -0.004 -15"><span class='ocrx_word' id='word_1_486' title='bbox 1808 2018 2031 2072; x_wconf 82' lang='lat' dir='ltr'><strong>misceat</strong></span> <span class='ocrx_word' id='word_1_487' title='bbox 2089 2027 2331 2082; x_wconf 86' lang='lat' dir='ltr'><strong>naturas,</strong></span> <span class='ocrx_word' id='word_1_488' title='bbox 2397 2018 2489 2072; x_wconf 84' lang='lat' dir='ltr'><strong>sed</strong></span> <span class='ocrx_word' id='word_1_489' title='bbox 2548 2019 2691 2086; x_wconf 85' lang='lat' dir='ltr'><strong>quod</strong></span> <span class='ocrx_word' id='word_1_490' title='bbox 2749 2017 2928 2072; x_wconf 82' lang='lat' dir='ltr'><strong>carnis</strong></span> <span class='ocrx_word' id='word_1_491' title='bbox 2976 2023 3032 2069; x_wconf 86' lang='lat' dir='ltr'><strong>et</strong></span> <span class='ocrx_word' id='word_1_492' title='bbox 3101 2012 3384 2080; x_wconf 78' lang='lat' dir='ltr'><strong>sanguinis</strong></span> 
     </span>
    </p>
   </div>
   <div class='ocr_carea' id='block_1_64' title="bbox 1807 2103 3383 2180">
    <p class='ocr_par' dir='ltr' id='par_1_64' title="bbox 1807 2103 3383 2180">
     <span class='ocr_line' id='line_1_64' title="bbox 1807 2103 3383 2180; baseline -0.006 -16"><span class='ocrx_word' id='word_1_493' title='bbox 1807 2110 2077 2180; x_wconf 85' lang='lat' dir='ltr'><strong>particeps</strong></span> <span class='ocrx_word' id='word_1_494' title='bbox 2110 2109 2308 2164; x_wconf 83' lang='lat' dir='ltr'><strong>factum</strong></span> <span class='ocrx_word' id='word_1_495' title='bbox 2338 2110 2510 2177; x_wconf 89' lang='lat' dir='ltr'><strong>ipsum</strong></span> <span class='ocrx_word' id='word_1_496' title='bbox 2547 2108 2638 2163; x_wconf 87' lang='lat' dir='ltr'><strong>Dei</strong></span> <span class='ocrx_word' id='word_1_497' title='bbox 2672 2107 2935 2173; x_wconf 75' lang='lat' dir='ltr'><strong>Verbum,</strong></span> <span class='ocrx_word' id='word_1_498' title='bbox 2962 2120 3101 2161; x_wconf 90' lang='lat' dir='ltr'><strong>unus</strong></span> <span class='ocrx_word' id='word_1_499' title='bbox 3128 2103 3238 2176; x_wconf 64' lang='grc' dir='ltr'><strong>ω</strong></span> <span class='ocrx_word' id='word_1_500' title='bbox 3264 2118 3383 2157; x_wconf 86' lang='lat' dir='ltr'><strong>rur-</strong></span> 
     </span>
    </p>
   </div>
   <div class='ocr_carea' id='block_1_65' title="bbox 1807 2197 3377 2268">
    <p class='ocr_par' dir='ltr' id='par_1_65' title="bbox 1807 2197 3377 2268">
     <span class='ocr_line' id='line_1_65' title="bbox 1807 2197 3377 2268; baseline -0.006 -12"><span class='ocrx_word' id='word_1_501' title='bbox 1807 2218 1923 2257; x_wconf 85' lang='lat' dir='ltr'><strong>sum</strong></span> <span class='ocrx_word' id='word_1_502' title='bbox 1939 2204 2101 2258; x_wconf 88' lang='lat' dir='ltr'><strong>etiam</strong></span> <span class='ocrx_word' id='word_1_503' title='bbox 2127 2203 2227 2257; x_wconf 89' lang='lat' dir='ltr'><strong>hoc</strong></span> <span class='ocrx_word' id='word_1_504' title='bbox 2260 2202 2418 2256; x_wconf 93' lang='lat' dir='ltr'><strong>modo</strong></span> <span class='ocrx_word' id='word_1_505' title='bbox 2450 2200 2617 2257; x_wconf 83' lang='lat' dir='ltr'><strong>Filius</strong></span> <span class='ocrx_word' id='word_1_506' title='bbox 2642 2201 2961 2268; x_wconf 73' lang='lat' dir='ltr'><strong>intelligitur</strong></span> <span class='ocrx_word' id='word_1_507' title='bbox 2987 2209 3039 2253; x_wconf 91' lang='lat' dir='ltr'><strong>et</strong></span> <span class='ocrx_word' id='word_1_508' title='bbox 3058 2197 3377 2266; x_wconf 85' lang='lat' dir='ltr'><strong>appellatur.</strong></span> 
     </span>
    </p>
   </div>
   <div class='ocr_carea' id='block_1_66' title="bbox 1809 2289 3380 2361">
    <p class='ocr_par' dir='ltr' id='par_1_66' title="bbox 1809 2289 3380 2361">
     <span class='ocr_line' id='line_1_66' title="bbox 1809 2289 3380 2361; baseline -0.005 -14"><span class='ocrx_word' id='word_1_509' title='bbox 1809 2295 1887 2349; x_wconf 78' lang='lat' dir='ltr'><strong>Tu</strong></span> <span class='ocrx_word' id='word_1_510' title='bbox 1917 2309 2045 2349; x_wconf 87' lang='lat' dir='ltr'><strong>vero</strong></span> <span class='ocrx_word' id='word_1_511' title='bbox 2092 2308 2213 2348; x_wconf 88' lang='lat' dir='ltr'><strong>cum</strong></span> <span class='ocrx_word' id='word_1_512' title='bbox 2250 2293 2384 2347; x_wconf 86' lang='lat' dir='ltr'><strong>duos</strong></span> <span class='ocrx_word' id='word_1_513' title='bbox 2430 2294 2669 2347; x_wconf 89' lang='lat' dir='ltr'><strong>christos</strong></span> <span class='ocrx_word' id='word_1_514' title='bbox 2722 2291 2977 2361; x_wconf 85' lang='lat' dir='ltr'><strong>appellari</strong></span> <span class='ocrx_word' id='word_1_515' title='bbox 3026 2306 3134 2343; x_wconf 92' lang='lat' dir='ltr'><strong>non</strong></span> <span class='ocrx_word' id='word_1_516' title='bbox 3184 2289 3380 2341; x_wconf 82' lang='lat' dir='ltr'><strong>debere</strong></span> 
     </span>
    </p>
   </div>
   <div class='ocr_carea' id='block_1_67' title="bbox 1808 2378 3377 2450">
    <p class='ocr_par' dir='ltr' id='par_1_67' title="bbox 1808 2378 3377 2450">
     <span class='ocr_line' id='line_1_67' title="bbox 1808 2378 3377 2450; baseline -0.005 -13"><span class='ocrx_word' id='word_1_517' title='bbox 1808 2385 1977 2445; x_wconf 86' lang='lat' dir='ltr'><strong>dicas,</strong></span> <span class='ocrx_word' id='word_1_518' title='bbox 2011 2398 2185 2450; x_wconf 83' lang='lat' dir='ltr'><strong>neque</strong></span> <span class='ocrx_word' id='word_1_519' title='bbox 2219 2398 2408 2436; x_wconf 85' lang='lat' dir='ltr'><strong>rursus</strong></span> <span class='ocrx_word' id='word_1_520' title='bbox 2429 2382 2565 2437; x_wconf 83' lang='lat' dir='ltr'><strong>lilios</strong></span> <span class='ocrx_word' id='word_1_521' title='bbox 2595 2381 2752 2437; x_wconf 79' lang='lat' dir='ltr'><strong>fateri</strong></span> <span class='ocrx_word' id='word_1_522' title='bbox 2786 2383 2940 2445; x_wconf 88' lang='lat' dir='ltr'><strong>duos,</strong></span> <span class='ocrx_word' id='word_1_523' title='bbox 2983 2388 3036 2434; x_wconf 84' lang='lat' dir='ltr'><strong>et</strong></span> <span class='ocrx_word' id='word_1_524' title='bbox 3069 2378 3377 2448; x_wconf 84' lang='lat' dir='ltr'><strong>opinionem</strong></span> 
     </span>
    </p>
   </div>
   <div class='ocr_carea' id='block_1_68' title="bbox 1808 2469 3379 2540">
    <p class='ocr_par' dir='ltr' id='par_1_68' title="bbox 1808 2469 3379 2540">
     <span class='ocr_line' id='line_1_68' title="bbox 1808 2469 3379 2540; baseline -0.004 -15"><span class='ocrx_word' id='word_1_525' title='bbox 1808 2472 1939 2526; x_wconf 91' lang='lat' dir='ltr'><strong>recti</strong></span> <span class='ocrx_word' id='word_1_526' title='bbox 1966 2471 2233 2540; x_wconf 78' lang='lat' dir='ltr'><strong>dogmatis</strong></span> <span class='ocrx_word' id='word_1_527' title='bbox 2260 2471 2503 2531; x_wconf 86' lang='lat' dir='ltr'><strong>simules.</strong></span> <span class='ocrx_word' id='word_1_528' title='bbox 2560 2473 2695 2526; x_wconf 91' lang='lat' dir='ltr'><strong>duos</strong></span> <span class='ocrx_word' id='word_1_529' title='bbox 2724 2480 2901 2524; x_wconf 88' lang='lat' dir='ltr'><strong>tamen</strong></span> <span class='ocrx_word' id='word_1_530' title='bbox 2930 2471 3165 2524; x_wconf 89' lang='lat' dir='ltr'><strong>christos</strong></span> <span class='ocrx_word' id='word_1_531' title='bbox 3197 2469 3379 2521; x_wconf 90' lang='lat' dir='ltr'><strong>dicere</strong></span> 
     </span>
    </p>
   </div>
   <div class='ocr_carea' id='block_1_69' title="bbox 1806 2555 3377 2629">
    <p class='ocr_par' dir='ltr' id='par_1_69' title="bbox 1806 2555 3377 2629">
     <span class='ocr_line' id='line_1_69' title="bbox 1806 2555 3377 2629; baseline -0.006 -14"><span class='ocrx_word' id='word_1_532' title='bbox 1806 2560 2170 2623; x_wconf 87' lang='lat' dir='ltr'><strong>convinceris,</strong></span> <span class='ocrx_word' id='word_1_533' title='bbox 2198 2569 2250 2613; x_wconf 90' lang='lat' dir='ltr'><strong>et</strong></span> <span class='ocrx_word' id='word_1_534' title='bbox 2277 2560 2328 2613; x_wconf 94' lang='lat' dir='ltr'><strong>in</strong></span> <span class='ocrx_word' id='word_1_535' title='bbox 2370 2559 2646 2629; x_wconf 89' lang='lat' dir='ltr'><strong>propriam</strong></span> <span class='ocrx_word' id='word_1_536' title='bbox 2687 2558 3059 2613; x_wconf 81' lang='lat' dir='ltr'><strong>diversitatem</strong></span> <span class='ocrx_word' id='word_1_537' title='bbox 3102 2555 3377 2609; x_wconf 88' lang='lat' dir='ltr'><strong>hominem</strong></span> 
     </span>
    </p>
   </div>
   <div class='ocr_carea' id='block_1_70' title="bbox 1810 2648 3378 2720">
    <p class='ocr_par' dir='ltr' id='par_1_70' title="bbox 1810 2648 3378 2720">
     <span class='ocr_line' id='line_1_70' title="bbox 1810 2648 3378 2720; baseline -0.007 -13"><span class='ocrx_word' id='word_1_538' title='bbox 1810 2652 2087 2720; x_wconf 85' lang='lat' dir='ltr'><strong>Deumque</strong></span> <span class='ocrx_word' id='word_1_539' title='bbox 2129 2649 2483 2720; x_wconf 78' lang='lat' dir='ltr'><strong>distinguere,</strong></span> <span class='ocrx_word' id='word_1_540' title='bbox 2516 2657 2569 2704; x_wconf 88' lang='lat' dir='ltr'><strong>et</strong></span> <span class='ocrx_word' id='word_1_541' title='bbox 2610 2648 2757 2703; x_wconf 91' lang='lat' dir='ltr'><strong>illum</strong></span> <span class='ocrx_word' id='word_1_542' title='bbox 2784 2649 2999 2718; x_wconf 88' lang='lat' dir='ltr'><strong>quidem</strong></span> <span class='ocrx_word' id='word_1_543' title='bbox 3032 2649 3103 2701; x_wconf 84' lang='lat' dir='ltr'><strong>ad</strong></span> <span class='ocrx_word' id='word_1_544' title='bbox 3143 2660 3378 2715; x_wconf 81' lang='lat' dir='ltr'><strong>operan-</strong></span> 
     </span>
    </p>
   </div>
   <div class='ocr_carea' id='block_1_71' title="bbox 1808 2740 3378 2811">
    <p class='ocr_par' dir='ltr' id='par_1_71' title="bbox 1808 2740 3378 2811">
     <span class='ocr_line' id='line_1_71' title="bbox 1808 2740 3378 2811; baseline -0.006 -12"><span class='ocrx_word' id='word_1_545' title='bbox 1808 2746 1933 2800; x_wconf 90' lang='lat' dir='ltr'><strong>dum</strong></span> <span class='ocrx_word' id='word_1_546' title='bbox 1964 2744 2115 2806; x_wconf 86' lang='lat' dir='ltr'><strong>cieri,</strong></span> <span class='ocrx_word' id='word_1_547' title='bbox 2137 2744 2280 2798; x_wconf 90' lang='lat' dir='ltr'><strong>hunc</strong></span> <span class='ocrx_word' id='word_1_548' title='bbox 2316 2742 2479 2797; x_wconf 90' lang='lat' dir='ltr'><strong>etiam</strong></span> <span class='ocrx_word' id='word_1_549' title='bbox 2508 2742 2574 2795; x_wconf 89' lang='lat' dir='ltr'><strong>ad</strong></span> <span class='ocrx_word' id='word_1_550' title='bbox 2598 2756 2734 2811; x_wconf 91' lang='lat' dir='ltr'><strong>opus</strong></span> <span class='ocrx_word' id='word_1_551' title='bbox 2760 2743 2924 2807; x_wconf 88' lang='lat' dir='ltr'><strong>ciere,</strong></span> <span class='ocrx_word' id='word_1_552' title='bbox 2949 2740 3165 2796; x_wconf 84' lang='lat' dir='ltr'><strong>conaris</strong></span> <span class='ocrx_word' id='word_1_553' title='bbox 3192 2749 3378 2793; x_wconf 84' lang='lat' dir='ltr'><strong>osten-</strong></span> 
     </span>
    </p>
   </div>
   <div class='ocr_carea' id='block_1_72' title="bbox 1808 2834 2824 2905">
    <p class='ocr_par' dir='ltr' id='par_1_72' title="bbox 1808 2834 2824 2905">
     <span class='ocr_line' id='line_1_72' title="bbox 1808 2834 2824 2905; baseline -0.003 -15"><span class='ocrx_word' id='word_1_554' title='bbox 1808 2838 1955 2892; x_wconf 82' lang='lat' dir='ltr'><strong>dere.</strong></span> <span class='ocrx_word' id='word_1_555' title='bbox 1993 2834 2107 2889; x_wconf 83' lang='lat' dir='ltr'><strong>Tua</strong></span> <span class='ocrx_word' id='word_1_556' title='bbox 2142 2849 2376 2905; x_wconf 88' lang='lat' dir='ltr'><strong>namque</strong></span> <span class='ocrx_word' id='word_1_557' title='bbox 2404 2834 2489 2889; x_wconf 92' lang='lat' dir='ltr'><strong>illa</strong></span> <span class='ocrx_word' id='word_1_558' title='bbox 2524 2835 2601 2888; x_wconf 77' lang='lat' dir='ltr'><strong>sic.</strong></span> <span class='ocrx_word' id='word_1_559' title='bbox 2626 2834 2824 2887; x_wconf 85' lang='lat' dir='ltr'><strong>habent</strong></span> 
     </span>
    </p>
   </div>
   <div class='ocr_carea' id='block_1_73' title="bbox 1881 3008 3378 3086">
    <p class='ocr_par' dir='ltr' id='par_1_73' title="bbox 1881 3008 3378 3086">
     <span class='ocr_line' id='line_1_73' title="bbox 1881 3008 3378 3086; baseline -0.005 -21"><span class='ocrx_word' id='word_1_560' title='bbox 1881 3013 2155 3086; x_wconf 78' lang='grc' dir='ltr'><strong>[Νεετοιι.</strong></span> <span class='ocrx_word' id='word_1_561' title='bbox 2208 3010 2300 3066; x_wconf 86' lang='lat' dir='ltr'><strong>illa</strong></span> <span class='ocrx_word' id='word_1_562' title='bbox 2351 3021 2499 3067; x_wconf 88' lang='lat' dir='ltr'><strong>certe</strong></span> <span class='ocrx_word' id='word_1_563' title='bbox 2546 3010 2818 3082; x_wconf 84' lang='lat' dir='ltr'><strong>Uuigeniti</strong></span> <span class='ocrx_word' id='word_1_564' title='bbox 2874 3008 3194 3081; x_wconf 75' lang='lat' dir='ltr'><strong>gloriﬁcatio</strong></span> <span class='ocrx_word' id='word_1_565' title='bbox 3244 3022 3378 3059; x_wconf 89' lang='lat' dir='ltr'><strong>non-</strong></span> 
     </span>
    </p>
   </div>
   <div class='ocr_carea' id='block_1_74' title="bbox 1811 3098 3383 3174">
    <p class='ocr_par' dir='ltr' id='par_1_74' title="bbox 1811 3098 3383 3174">
     <span class='ocr_line' id='line_1_74' title="bbox 1811 3098 3383 3174; baseline -0.006 -15"><span class='ocrx_word' id='word_1_566' title='bbox 1811 3120 2081 3174; x_wconf 90' lang='lat' dir='ltr'><strong>nunquam</strong></span> <span class='ocrx_word' id='word_1_567' title='bbox 2136 3103 2283 3159; x_wconf 79' lang='lat' dir='ltr'><strong>Patri</strong></span> <span class='ocrx_word' id='word_1_568' title='bbox 2342 3104 2673 3159; x_wconf 85' lang='lat' dir='ltr'><strong>ascribitnr:</strong></span> <span class='ocrx_word' id='word_1_569' title='bbox 2715 3122 2733 3154; x_wconf 86' lang='grc'><strong><em>‹</em></strong></span> <span class='ocrx_word' id='word_1_570' title='bbox 2790 3102 2905 3167; x_wconf 85' lang='lat' dir='ltr'><strong>Est,</strong></span> <span class='ocrx_word' id='word_1_571' title='bbox 2968 3102 3166 3171; x_wconf 90' lang='lat' dir='ltr'><strong>inquit,</strong></span> <span class='ocrx_word' id='word_1_572' title='bbox 3224 3098 3383 3153; x_wconf 84' lang='lat' dir='ltr'><strong>Pater</strong></span> 
     </span>
    </p>
   </div>
   <div class='ocr_carea' id='block_1_75' title="bbox 1812 3190 3380 3265">
    <p class='ocr_par' dir='ltr' id='par_1_75' title="bbox 1812 3190 3380 3265">
     <span class='ocr_line' id='line_1_75' title="bbox 1812 3190 3380 3265; baseline -0.006 -14"><span class='ocrx_word' id='word_1_573' title='bbox 1812 3211 1965 3251; x_wconf 88' lang='lat' dir='ltr'><strong>meus</strong></span> <span class='ocrx_word' id='word_1_574' title='bbox 2010 3196 2101 3264; x_wconf 90' lang='lat' dir='ltr'><strong>qui</strong></span> <span class='ocrx_word' id='word_1_575' title='bbox 2149 3194 2418 3265; x_wconf 81' lang='lat' dir='ltr'><strong>gloriﬁcat</strong></span> <span class='ocrx_word' id='word_1_576' title='bbox 2463 3210 2548 3248; x_wconf 89' lang='lat' dir='ltr'><strong>me</strong></span> <span class='ocrx_word' id='word_1_577' title='bbox 2570 3194 2613 3225; x_wconf 87' lang='grc'>³⁷</span> <span class='ocrx_word' id='word_1_578' title='bbox 2642 3211 2663 3259; x_wconf 67' lang='grc' dir='ltr'><strong>ς</strong></span> <span class='ocrx_word' id='word_1_579' title='bbox 2697 3213 2717 3248; x_wconf 74' lang='grc' dir='ltr'><strong>ι</strong></span> <span class='ocrx_word' id='word_1_580' title='bbox 2773 3208 3156 3262; x_wconf 88' lang='lat' dir='ltr'><strong>nonnunquam</strong></span> <span class='ocrx_word' id='word_1_581' title='bbox 3207 3190 3380 3261; x_wconf 29' lang='lat' dir='ltr'><strong>Spiris</strong></span> 
     </span>
    </p>
   </div>
   <div class='ocr_carea' id='block_1_76' title="bbox 1812 3283 3373 3355">
    <p class='ocr_par' dir='ltr' id='par_1_76' title="bbox 1812 3283 3373 3355">
     <span class='ocr_line' id='line_1_76' title="bbox 1812 3283 3373 3355; baseline -0.007 -12"><span class='ocrx_word' id='word_1_582' title='bbox 1812 3289 1884 3343; x_wconf 91' lang='lat' dir='ltr'><strong>tui</strong></span> <span class='ocrx_word' id='word_1_583' title='bbox 1924 3307 1937 3343; x_wconf 88' lang='lat'><strong>:</strong></span> <span class='ocrx_word' id='word_1_584' title='bbox 1979 3307 1995 3339; x_wconf 83' lang='grc' dir='ltr'><strong>ι</strong></span> <span class='ocrx_word' id='word_1_585' title='bbox 2024 3286 2279 3355; x_wconf 89' lang='lat' dir='ltr'><strong>Spiritus,</strong></span> <span class='ocrx_word' id='word_1_586' title='bbox 2301 3287 2495 3355; x_wconf 89' lang='lat' dir='ltr'><strong>inquit,</strong></span> <span class='ocrx_word' id='word_1_587' title='bbox 2520 3287 2764 3340; x_wconf 73' lang='lat' dir='ltr'><strong>veritatis</strong></span> <span class='ocrx_word' id='word_1_588' title='bbox 2783 3300 2867 3339; x_wconf 90' lang='lat' dir='ltr'><strong>mc</strong></span> <span class='ocrx_word' id='word_1_589' title='bbox 2894 3283 3214 3355; x_wconf 81' lang='lat' dir='ltr'><strong>glorilirabit</strong></span> <span class='ocrx_word' id='word_1_590' title='bbox 3252 3284 3295 3314; x_wconf 77' lang='lat'><strong>&quot;</strong></span> <span class='ocrx_word' id='word_1_591' title='bbox 3319 3300 3332 3347; x_wconf 86' lang='lat'><strong>;</strong></span> <span class='ocrx_word' id='word_1_592' title='bbox 3356 3302 3373 3332; x_wconf 75' lang='grc' dir='ltr'><strong><em>ο</em></strong></span> 
     </span>
    </p>
   </div>
   <div class='ocr_carea' id='block_1_77' title="bbox 1807 3374 3381 3447">
    <p class='ocr_par' dir='ltr' id='par_1_77' title="bbox 1807 3374 3381 3447">
     <span class='ocr_line' id='line_1_77' title="bbox 1807 3374 3381 3447; baseline -0.004 -14"><span class='ocrx_word' id='word_1_593' title='bbox 1807 3380 2099 3447; x_wconf 87' lang='lat' dir='ltr'><strong>aliquando</strong></span> <span class='ocrx_word' id='word_1_594' title='bbox 2152 3388 2335 3432; x_wconf 85' lang='lat' dir='ltr'><strong>autem</strong></span> <span class='ocrx_word' id='word_1_595' title='bbox 2398 3378 2597 3431; x_wconf 85' lang='lat' dir='ltr'><strong>Christi</strong></span> <span class='ocrx_word' id='word_1_596' title='bbox 2657 3378 2955 3445; x_wconf 68' lang='lat' dir='ltr'><strong>potentiae:</strong></span> <span class='ocrx_word' id='word_1_597' title='bbox 3013 3395 3031 3425; x_wconf 81' lang='grc' dir='ltr'><strong>ι</strong></span> <span class='ocrx_word' id='word_1_598' title='bbox 3109 3374 3381 3429; x_wconf 74' lang='lat' dir='ltr'><strong>Exeuntes</strong></span> 
     </span>
    </p>
   </div>
   <div class='ocr_carea' id='block_1_78' title="bbox 1805 3464 3379 3538">
    <p class='ocr_par' dir='ltr' id='par_1_78' title="bbox 1805 3464 3379 3538">
     <span class='ocr_line' id='line_1_78' title="bbox 1805 3464 3379 3538; baseline -0.005 -15"><span class='ocrx_word' id='word_1_599' title='bbox 1805 3470 1976 3533; x_wconf 88' lang='lat' dir='ltr'><strong>enim,</strong></span> <span class='ocrx_word' id='word_1_600' title='bbox 2022 3469 2215 3538; x_wconf 87' lang='lat' dir='ltr'><strong>inquit,</strong></span> <span class='ocrx_word' id='word_1_601' title='bbox 2244 3466 2852 3537; x_wconf 62' lang='lat' dir='ltr'><strong>praedicabantverbum</strong></span> <span class='ocrx_word' id='word_1_602' title='bbox 2899 3467 3117 3536; x_wconf 81' lang='lat' dir='ltr'><strong>ubique,</strong></span> <span class='ocrx_word' id='word_1_603' title='bbox 3152 3464 3379 3519; x_wconf 84' lang='lat' dir='ltr'><strong>Domino</strong></span> 
     </span>
    </p>
   </div>
   <div class='ocr_carea' id='block_1_79' title="bbox 1807 3557 3380 3630">
    <p class='ocr_par' dir='ltr' id='par_1_79' title="bbox 1807 3557 3380 3630">
     <span class='ocr_line' id='line_1_79' title="bbox 1807 3557 3380 3630; baseline -0.003 -14"><span class='ocrx_word' id='word_1_604' title='bbox 1807 3572 2150 3630; x_wconf 86' lang='lat' dir='ltr'><strong>cooperante,</strong></span> <span class='ocrx_word' id='word_1_605' title='bbox 2180 3571 2231 3615; x_wconf 92' lang='lat' dir='ltr'><strong>et</strong></span> <span class='ocrx_word' id='word_1_606' title='bbox 2287 3574 2592 3615; x_wconf 88' lang='lat' dir='ltr'><strong>sermonem</strong></span> <span class='ocrx_word' id='word_1_607' title='bbox 2629 3558 2989 3613; x_wconf 84' lang='lat' dir='ltr'><strong>conlirmante</strong></span> <span class='ocrx_word' id='word_1_608' title='bbox 3030 3557 3380 3626; x_wconf 83' lang='lat' dir='ltr'><strong>sequentibus</strong></span> 
     </span>
    </p>
   </div>
   <div class='ocr_carea' id='block_1_80' title="bbox 1806 3651 2148 3725">
    <p class='ocr_par' dir='ltr' id='par_1_80' title="bbox 1806 3651 2148 3725">
     <span class='ocr_line' id='line_1_80' title="bbox 1806 3651 2148 3725; baseline -0.003 -17"><span class='ocrx_word' id='word_1_609' title='bbox 1806 3654 1975 3725; x_wconf 87' lang='lat' dir='ltr'><strong>signis</strong></span> <span class='ocrx_word' id='word_1_610' title='bbox 2007 3651 2148 3723; x_wconf 86' lang='grc'><strong>³⁹.›]</strong></span> 
     </span>
    </p>
   </div>
   <div class='ocr_carea' id='block_1_81' title="bbox 2436 3787 2744 3843">
    <p class='ocr_par' dir='ltr' id='par_1_81' title="bbox 2436 3787 2744 3843">
     <span class='ocr_line' id='line_1_81' title="bbox 2436 3787 2744 3843; baseline -0.01 0"><span class='ocrx_word' id='word_1_611' title='bbox 2436 3788 2587 3843; x_wconf 81' lang='lat' dir='ltr'><strong>CAP.</strong></span> <span class='ocrx_word' id='word_1_612' title='bbox 2636 3787 2744 3840; x_wconf 83' lang='lat' dir='ltr'><strong>VII.</strong></span> 
     </span>
    </p>
   </div>
   <div class='ocr_carea' id='block_1_82' title="bbox 1888 3920 3376 3993">
    <p class='ocr_par' dir='ltr' id='par_1_82' title="bbox 1888 3920 3376 3993">
     <span class='ocr_line' id='line_1_82' title="bbox 1888 3920 3376 3993; baseline -0.003 -15"><span class='ocrx_word' id='word_1_613' title='bbox 1888 3925 1943 3978; x_wconf 90' lang='lat' dir='ltr'><strong>Si</strong></span> <span class='ocrx_word' id='word_1_614' title='bbox 1989 3934 2244 3992; x_wconf 88' lang='lat' dir='ltr'><strong>tanquam</strong></span> <span class='ocrx_word' id='word_1_615' title='bbox 2277 3938 2470 3992; x_wconf 79' lang='lat' dir='ltr'><strong>expers</strong></span> <span class='ocrx_word' id='word_1_616' title='bbox 2517 3924 2703 3993; x_wconf 70' lang='lat' dir='ltr'><strong>gloriae</strong></span> <span class='ocrx_word' id='word_1_617' title='bbox 2743 3921 3074 3992; x_wconf 90' lang='lat' dir='ltr'><strong>unigenitum</strong></span> <span class='ocrx_word' id='word_1_618' title='bbox 3116 3921 3207 3975; x_wconf 87' lang='lat' dir='ltr'><strong>Dei</strong></span> <span class='ocrx_word' id='word_1_619' title='bbox 3242 3920 3376 3975; x_wconf 77' lang='lat' dir='ltr'><strong>Ver-</strong></span> 
     </span>
    </p>
   </div>
   <div class='ocr_carea' id='block_1_83' title="bbox 1806 4014 3375 4085">
    <p class='ocr_par' dir='ltr' id='par_1_83' title="bbox 1806 4014 3375 4085">
     <span class='ocr_line' id='line_1_83' title="bbox 1806 4014 3375 4085; baseline -0.005 -14"><span class='ocrx_word' id='word_1_620' title='bbox 1806 4018 1953 4079; x_wconf 89' lang='lat' dir='ltr'><strong>bum,</strong></span> <span class='ocrx_word' id='word_1_621' title='bbox 1992 4033 2094 4085; x_wconf 84' lang='lat' dir='ltr'><strong>qua</strong></span> <span class='ocrx_word' id='word_1_622' title='bbox 2142 4027 2227 4070; x_wconf 90' lang='lat' dir='ltr'><strong>est</strong></span> <span class='ocrx_word' id='word_1_623' title='bbox 2271 4026 2323 4069; x_wconf 90' lang='lat' dir='ltr'><strong>et</strong></span> <span class='ocrx_word' id='word_1_624' title='bbox 2389 4016 2702 4085; x_wconf 87' lang='lat' dir='ltr'><strong>intelligitur</strong></span> <span class='ocrx_word' id='word_1_625' title='bbox 2746 4014 3001 4076; x_wconf 86' lang='lat' dir='ltr'><strong>Verbum,</strong></span> <span class='ocrx_word' id='word_1_626' title='bbox 3052 4023 3105 4066; x_wconf 92' lang='lat' dir='ltr'><strong>et</strong></span> <span class='ocrx_word' id='word_1_627' title='bbox 3142 4014 3375 4066; x_wconf 87' lang='lat' dir='ltr'><strong>nondum</strong></span> 
     </span>
    </p>
   </div>
   <div class='ocr_carea' id='block_1_84' title="bbox 1806 4101 3378 4174">
    <p class='ocr_par' dir='ltr' id='par_1_84' title="bbox 1806 4101 3378 4174">
     <span class='ocr_line' id='line_1_84' title="bbox 1806 4101 3378 4174; baseline -0.005 -13"><span class='ocrx_word' id='word_1_628' title='bbox 1806 4111 2165 4173; x_wconf 86' lang='lat' dir='ltr'><strong>incarnatutn,</strong></span> <span class='ocrx_word' id='word_1_629' title='bbox 2191 4107 2323 4162; x_wconf 88' lang='lat' dir='ltr'><strong>dicit</strong></span> <span class='ocrx_word' id='word_1_630' title='bbox 2348 4119 2467 4160; x_wconf 89' lang='lat' dir='ltr'><strong>esse</strong></span> <span class='ocrx_word' id='word_1_631' title='bbox 2502 4104 2856 4174; x_wconf 79' lang='lat' dir='ltr'><strong>gloriﬁcatutn</strong></span> <span class='ocrx_word' id='word_1_632' title='bbox 2888 4118 2917 4155; x_wconf 87' lang='lat' dir='ltr'><strong>a</strong></span> <span class='ocrx_word' id='word_1_633' title='bbox 2950 4101 3128 4164; x_wconf 77' lang='lat' dir='ltr'><strong>Patre,</strong></span> <span class='ocrx_word' id='word_1_634' title='bbox 3162 4110 3378 4154; x_wconf 86' lang='lat' dir='ltr'><strong>sancto-</strong></span> 
     </span>
    </p>
   </div>
   <div class='ocr_carea' id='block_1_85' title="bbox 1803 4194 3374 4268">
    <p class='ocr_par' dir='ltr' id='par_1_85' title="bbox 1803 4194 3374 4268">
     <span class='ocr_line' id='line_1_85' title="bbox 1803 4194 3374 4268; baseline -0.005 -17"><span class='ocrx_word' id='word_1_635' title='bbox 1803 4214 1909 4268; x_wconf 84' lang='lat' dir='ltr'><strong>que</strong></span> <span class='ocrx_word' id='word_1_636' title='bbox 1950 4197 2193 4268; x_wconf 85' lang='lat' dir='ltr'><strong>Spiritu;</strong></span> <span class='ocrx_word' id='word_1_637' title='bbox 2247 4198 2350 4252; x_wconf 89' lang='lat' dir='ltr'><strong>lahi</strong></span> <span class='ocrx_word' id='word_1_638' title='bbox 2404 4198 2550 4250; x_wconf 90' lang='lat' dir='ltr'><strong>illum</strong></span> <span class='ocrx_word' id='word_1_639' title='bbox 2584 4206 2638 4251; x_wconf 92' lang='lat' dir='ltr'><strong>et</strong></span> <span class='ocrx_word' id='word_1_640' title='bbox 2669 4213 2697 4250; x_wconf 88' lang='lat' dir='ltr'><strong>a</strong></span> <span class='ocrx_word' id='word_1_641' title='bbox 2736 4197 2961 4250; x_wconf 81' lang='lat' dir='ltr'><strong>veritate</strong></span> <span class='ocrx_word' id='word_1_642' title='bbox 2994 4195 3269 4254; x_wconf 81' lang='lat' dir='ltr'><strong>aherrare,</strong></span> <span class='ocrx_word' id='word_1_643' title='bbox 3310 4194 3374 4243; x_wconf 78' lang='lat' dir='ltr'><strong>ml</strong></span> 
     </span>
    </p>
   </div>
   <div class='ocr_carea' id='block_1_86' title="bbox 1804 4288 3377 4361">
    <p class='ocr_par' dir='ltr' id='par_1_86' title="bbox 1804 4288 3377 4361">
     <span class='ocr_line' id='line_1_86' title="bbox 1804 4288 3377 4361; baseline -0.003 -18"><span class='ocrx_word' id='word_1_644' title='bbox 1804 4306 2043 4361; x_wconf 65' lang='lat' dir='ltr'><strong>praesens</strong></span> <span class='ocrx_word' id='word_1_645' title='bbox 2076 4292 2229 4344; x_wconf 89' lang='lat' dir='ltr'><strong>mitto</strong></span> <span class='ocrx_word' id='word_1_646' title='bbox 2274 4290 2476 4352; x_wconf 89' lang='lat' dir='ltr'><strong>dicere,</strong></span> <span class='ocrx_word' id='word_1_647' title='bbox 2538 4291 2602 4341; x_wconf 90' lang='lat' dir='ltr'><strong>ad</strong></span> <span class='ocrx_word' id='word_1_648' title='bbox 2633 4288 2776 4343; x_wconf 85' lang='lat' dir='ltr'><strong>aliud</strong></span> <span class='ocrx_word' id='word_1_649' title='bbox 2825 4302 3057 4357; x_wconf 88' lang='lat' dir='ltr'><strong>namque</strong></span> <span class='ocrx_word' id='word_1_650' title='bbox 3106 4300 3204 4341; x_wconf 84' lang='lat' dir='ltr'><strong>nos</strong></span> <span class='ocrx_word' id='word_1_651' title='bbox 3243 4300 3377 4354; x_wconf 65' lang='lat' dir='ltr'><strong>pras-</strong></span> 
     </span>
    </p>
   </div>
   <div class='ocr_carea' id='block_1_87' title="bbox 1804 4376 3377 4437">
    <p class='ocr_par' dir='ltr' id='par_1_87' title="bbox 1804 4376 3377 4437">
     <span class='ocr_line' id='line_1_87' title="bbox 1804 4376 3377 4437; baseline -0.004 0"><span class='ocrx_word' id='word_1_652' title='bbox 1804 4397 1927 4437; x_wconf 89' lang='lat' dir='ltr'><strong>sens</strong></span> <span class='ocrx_word' id='word_1_653' title='bbox 1954 4382 2101 4436; x_wconf 82' lang='lat' dir='ltr'><strong>ducit</strong></span> <span class='ocrx_word' id='word_1_654' title='bbox 2122 4380 2355 4434; x_wconf 79' lang='lat' dir='ltr'><strong>occasio.</strong></span> <span class='ocrx_word' id='word_1_655' title='bbox 2392 4378 2497 4433; x_wconf 89' lang='lat' dir='ltr'><strong>Sed</strong></span> <span class='ocrx_word' id='word_1_656' title='bbox 2526 4380 2655 4432; x_wconf 88' lang='lat' dir='ltr'><strong>mihi</strong></span> <span class='ocrx_word' id='word_1_657' title='bbox 2694 4376 2908 4433; x_wconf 80' lang='lat' dir='ltr'><strong>videtur</strong></span> <span class='ocrx_word' id='word_1_658' title='bbox 2935 4378 3135 4433; x_wconf 91' lang='lat' dir='ltr'><strong>oblitus</strong></span> <span class='ocrx_word' id='word_1_659' title='bbox 3188 4391 3377 4432; x_wconf 81' lang='lat' dir='ltr'><strong>eorum</strong></span> 
     </span>
    </p>
   </div>
   <div class='ocr_carea' id='block_1_88' title="bbox 1803 4468 3375 4542">
    <p class='ocr_par' dir='ltr' id='par_1_88' title="bbox 1803 4468 3375 4542">
     <span class='ocr_line' id='line_1_88' title="bbox 1803 4468 3375 4542; baseline -0.003 -16"><span class='ocrx_word' id='word_1_660' title='bbox 1803 4490 1923 4542; x_wconf 73' lang='lat' dir='ltr'><strong>quae</strong></span> <span class='ocrx_word' id='word_1_661' title='bbox 2004 4487 2177 4540; x_wconf 90' lang='lat' dir='ltr'><strong>nuper</strong></span> <span class='ocrx_word' id='word_1_662' title='bbox 2228 4471 2295 4524; x_wconf 91' lang='lat' dir='ltr'><strong>ab</strong></span> <span class='ocrx_word' id='word_1_663' title='bbox 2344 4470 2457 4538; x_wconf 90' lang='lat' dir='ltr'><strong>ipso</strong></span> <span class='ocrx_word' id='word_1_664' title='bbox 2508 4468 2845 4523; x_wconf 88' lang='lat' dir='ltr'><strong>considerata</strong></span> <span class='ocrx_word' id='word_1_665' title='bbox 2904 4468 3155 4538; x_wconf 85' lang='lat' dir='ltr'><strong>dictaque</strong></span> <span class='ocrx_word' id='word_1_666' title='bbox 3204 4478 3375 4522; x_wconf 81' lang='lat' dir='ltr'><strong>sunt:</strong></span> 
     </span>
    </p>
   </div>
   <div class='ocr_carea' id='block_1_89' title="bbox 162 4559 1702 4639">
    <p class='ocr_par' dir='ltr' id='par_1_89' title="bbox 162 4561 1699 4639">
     <span class='ocr_line' id='line_1_89' title="bbox 162 4561 1699 4639; baseline 0.007 -26"><span class='ocrx_word' id='word_1_667' title='bbox 162 4561 279 4633; x_wconf 68' lang='grc' dir='ltr'><strong>Ἔφη</strong></span> <span class='ocrx_word' id='word_1_668' title='bbox 308 4566 428 4635; x_wconf 78' lang='grc' dir='ltr'><strong>γὰρ,</strong></span> <span class='ocrx_word' id='word_1_669' title='bbox 453 4567 567 4636; x_wconf 86' lang='grc' dir='ltr'><strong>Οὐχ</strong></span> <span class='ocrx_word' id='word_1_670' title='bbox 592 4568 779 4637; x_wconf 67' lang='grc' dir='ltr'><strong>ἕτερος</strong></span> <span class='ocrx_word' id='word_1_671' title='bbox 811 4568 905 4620; x_wconf 78' lang='grc' dir='ltr'><strong>καὶ</strong></span> <span class='ocrx_word' id='word_1_672' title='bbox 935 4568 1121 4638; x_wconf 73' lang='grc' dir='ltr'><strong>ἔτερος</strong></span> <span class='ocrx_word' id='word_1_673' title='bbox 1149 4570 1178 4620; x_wconf 87' lang='grc' dir='ltr'><strong>ό</strong></span> <span class='ocrx_word' id='word_1_674' title='bbox 1204 4569 1456 4639; x_wconf 79' lang='grc' dir='ltr'><strong>Χριστὸς,</strong></span> <span class='ocrx_word' id='word_1_675' title='bbox 1486 4571 1585 4623; x_wconf 82' lang='grc' dir='ltr'><strong>οὐκ</strong></span> <span class='ocrx_word' id='word_1_676' title='bbox 1612 4570 1699 4623; x_wconf 71' lang='grc' dir='ltr'><strong>ἄλο</strong></span> 
     </span>
    </p>
   </div>
   <div class='ocr_carea' id='block_1_90' title="bbox 1805 4559 3377 4639">
    <p class='ocr_par' dir='ltr' id='par_1_90' title="bbox 1807 4559 3377 4626">
     <span class='ocr_line' id='line_1_90' title="bbox 1807 4559 3377 4626; baseline -0.005 -4"><span class='ocrx_word' id='word_1_677' title='bbox 1807 4568 1943 4622; x_wconf 82' lang='lat' dir='ltr'><strong>dixit</strong></span> <span class='ocrx_word' id='word_1_678' title='bbox 1973 4567 2119 4620; x_wconf 92' lang='lat' dir='ltr'><strong>enim</strong></span> <span class='ocrx_word' id='word_1_679' title='bbox 2160 4582 2171 4617; x_wconf 93' lang='lat'>:</span> <span class='ocrx_word' id='word_1_680' title='bbox 2213 4562 2324 4616; x_wconf 75' lang='lat' dir='ltr'><strong>Non</strong></span> <span class='ocrx_word' id='word_1_681' title='bbox 2380 4571 2465 4615; x_wconf 89' lang='lat' dir='ltr'><strong>est</strong></span> <span class='ocrx_word' id='word_1_682' title='bbox 2520 4560 2659 4615; x_wconf 82' lang='lat' dir='ltr'><strong>alius</strong></span> <span class='ocrx_word' id='word_1_683' title='bbox 2699 4570 2750 4614; x_wconf 90' lang='lat' dir='ltr'><strong>et</strong></span> <span class='ocrx_word' id='word_1_684' title='bbox 2798 4560 2939 4614; x_wconf 85' lang='lat' dir='ltr'><strong>alius</strong></span> <span class='ocrx_word' id='word_1_685' title='bbox 2971 4559 3242 4626; x_wconf 89' lang='lat' dir='ltr'><strong>Christus,</strong></span> <span class='ocrx_word' id='word_1_686' title='bbox 3270 4575 3377 4614; x_wconf 85' lang='lat' dir='ltr'><strong>non</strong></span> 
     </span>
    </p>
   </div>
   <div class='ocr_carea' id='block_1_91' title="bbox 158 4649 1694 4732">
    <p class='ocr_par' dir='ltr' id='par_1_91' title="bbox 158 4649 1694 4732">
     <span class='ocr_line' id='line_1_91' title="bbox 158 4649 1694 4732; baseline 0.008 -29"><span class='ocrx_word' id='word_1_687' title='bbox 158 4649 227 4715; x_wconf 83' lang='grc' dir='ltr'><strong>λος</strong></span> <span class='ocrx_word' id='word_1_688' title='bbox 252 4656 335 4708; x_wconf 78' lang='grc' dir='ltr'><strong>καὶ</strong></span> <span class='ocrx_word' id='word_1_689' title='bbox 370 4657 528 4719; x_wconf 72' lang='grc' dir='ltr'><strong>ἄλλος</strong></span> <span class='ocrx_word' id='word_1_690' title='bbox 570 4658 727 4721; x_wconf 67' lang='grc' dir='ltr'><strong>Υἱός·</strong></span> <span class='ocrx_word' id='word_1_691' title='bbox 757 4656 875 4711; x_wconf 80' lang='grc' dir='ltr'><strong>οὐδὲ</strong></span> <span class='ocrx_word' id='word_1_692' title='bbox 903 4660 1011 4730; x_wconf 80' lang='grc' dir='ltr'><strong>γὰρ</strong></span> <span class='ocrx_word' id='word_1_693' title='bbox 1058 4660 1253 4732; x_wconf 72' lang='grc' dir='ltr'><strong>ἔχομεν</strong></span> <span class='ocrx_word' id='word_1_694' title='bbox 1294 4664 1547 4731; x_wconf 77' lang='grc' dir='ltr'><strong>χριστοὺς</strong></span> <span class='ocrx_word' id='word_1_695' title='bbox 1581 4663 1694 4726; x_wconf 80' lang='grc' dir='ltr'><strong>δύο,</strong></span> 
     </span>
    </p>
   </div>
   <div class='ocr_carea' id='block_1_92' title="bbox 158 4741 1692 4823">
    <p class='ocr_par' dir='ltr' id='par_1_92' title="bbox 158 4741 1692 4823">
     <span class='ocr_line' id='line_1_92' title="bbox 158 4741 1692 4823; baseline 0.008 -30"><span class='ocrx_word' id='word_1_696' title='bbox 158 4743 233 4793; x_wconf 75' lang='grc' dir='ltr'><strong>καὶ</strong></span> <span class='ocrx_word' id='word_1_697' title='bbox 260 4745 396 4809; x_wconf 74' lang='grc' dir='ltr'><strong>υίοὺς</strong></span> <span class='ocrx_word' id='word_1_698' title='bbox 422 4746 538 4799; x_wconf 86' lang='grc' dir='ltr'><strong>δύο.</strong></span> <span class='ocrx_word' id='word_1_699' title='bbox 557 4746 720 4812; x_wconf 79' lang='grc' dir='ltr'><strong>’Δλλ’,</strong></span> <span class='ocrx_word' id='word_1_700' title='bbox 751 4741 796 4799; x_wconf 78' lang='grc' dir='ltr'><strong>ὧ</strong></span> <span class='ocrx_word' id='word_1_701' title='bbox 828 4748 1183 4815; x_wconf 79' lang='grc' dir='ltr'><strong>συνετώτατε,</strong></span> <span class='ocrx_word' id='word_1_702' title='bbox 1222 4751 1389 4820; x_wconf 78' lang='grc' dir='ltr'><strong>φαίην</strong></span> <span class='ocrx_word' id='word_1_703' title='bbox 1435 4752 1521 4817; x_wconf 75' lang='grc' dir='ltr'><strong>ἂν,</strong></span> <span class='ocrx_word' id='word_1_704' title='bbox 1553 4755 1597 4805; x_wconf 80' lang='grc' dir='ltr'><strong>εἰ</strong></span> <span class='ocrx_word' id='word_1_705' title='bbox 1626 4756 1692 4823; x_wconf 77' lang='grc' dir='ltr'><strong>τῇ</strong></span> 
     </span>
    </p>
   </div>
   <div class='ocr_carea' id='block_1_93' title="bbox 159 4832 1695 4914">
    <p class='ocr_par' dir='ltr' id='par_1_93' title="bbox 159 4832 1695 4914">
     <span class='ocr_line' id='line_1_93' title="bbox 159 4832 1695 4914; baseline 0.003 -24"><span class='ocrx_word' id='word_1_706' title='bbox 159 4832 358 4901; x_wconf 74' lang='grc' dir='ltr'><strong>Χριστοῦ</strong></span> <span class='ocrx_word' id='word_1_707' title='bbox 417 4838 711 4909; x_wconf 75' lang='grc' dir='ltr'><strong>δυναστείᾳ</strong></span> <span class='ocrx_word' id='word_1_708' title='bbox 758 4840 1061 4910; x_wconf 80' lang='grc' dir='ltr'><strong>περιῆφθαι</strong></span> <span class='ocrx_word' id='word_1_709' title='bbox 1112 4840 1416 4894; x_wconf 78' lang='grc' dir='ltr'><strong>διαδεὸαιοῖ</strong></span> <span class='ocrx_word' id='word_1_710' title='bbox 1457 4843 1556 4914; x_wconf 82' lang='grc' dir='ltr'><strong>τὴν</strong></span> <span class='ocrx_word' id='word_1_711' title='bbox 1602 4842 1695 4895; x_wconf 89' lang='grc' dir='ltr'><strong>τοῦ</strong></span> 
     </span>
    </p>
   </div>
   <div class='ocr_carea' id='block_1_94' title="bbox 158 4923 1697 5005">
    <p class='ocr_par' dir='ltr' id='par_1_94' title="bbox 158 4923 1697 5005">
     <span class='ocr_line' id='line_1_94' title="bbox 158 4923 1697 5005; baseline 0.003 -23"><span class='ocrx_word' id='word_1_712' title='bbox 158 4923 450 4996; x_wconf 70' lang='grc' dir='ltr'><strong>Μονοτινοῦς</strong></span> <span class='ocrx_word' id='word_1_713' title='bbox 483 4929 748 4995; x_wconf 72' lang='grc' dir='ltr'><strong>εὐδοξίαν,</strong></span> <span class='ocrx_word' id='word_1_714' title='bbox 774 4930 891 4994; x_wconf 84' lang='grc' dir='ltr'><strong>πῶς</strong></span> <span class='ocrx_word' id='word_1_715' title='bbox 920 4932 1017 5002; x_wconf 79' lang='grc' dir='ltr'><strong>οὐχ</strong></span> <span class='ocrx_word' id='word_1_716' title='bbox 1038 4933 1224 5005; x_wconf 70' lang='grc' dir='ltr'><strong>ἕτερος</strong></span> <span class='ocrx_word' id='word_1_717' title='bbox 1260 4934 1355 4985; x_wconf 80' lang='grc' dir='ltr'><strong>καὶ</strong></span> <span class='ocrx_word' id='word_1_718' title='bbox 1380 4933 1564 5004; x_wconf 70' lang='grc' dir='ltr'><strong>ἕτερος</strong></span> <span class='ocrx_word' id='word_1_719' title='bbox 1585 4929 1697 4987; x_wconf 78' lang='grc' dir='ltr'><strong>εἶεν</strong></span> 
     </span>
    </p>
   </div>
   <div class='ocr_carea' id='block_1_95' title="bbox 159 5013 1697 5095">
    <p class='ocr_par' dir='ltr' id='par_1_95' title="bbox 159 5013 1697 5095">
     <span class='ocr_line' id='line_1_95' title="bbox 159 5013 1697 5095; baseline 0.007 -28"><span class='ocrx_word' id='word_1_720' title='bbox 159 5013 227 5082; x_wconf 72' lang='grc' dir='ltr'><strong>ἂν,</strong></span> <span class='ocrx_word' id='word_1_721' title='bbox 258 5020 417 5091; x_wconf 70' lang='grc' dir='ltr'><strong>ηπῶς</strong></span> <span class='ocrx_word' id='word_1_722' title='bbox 441 5023 505 5075; x_wconf 81' lang='grc' dir='ltr'><strong>οὐ</strong></span> <span class='ocrx_word' id='word_1_723' title='bbox 529 5022 622 5075; x_wconf 84' lang='grc' dir='ltr'><strong>δύο</strong></span> <span class='ocrx_word' id='word_1_724' title='bbox 650 5022 829 5093; x_wconf 83' lang='grc' dir='ltr'><strong>πάντη</strong></span> <span class='ocrx_word' id='word_1_725' title='bbox 859 5039 919 5075; x_wconf 86' lang='grc' dir='ltr'><strong>τε</strong></span> <span class='ocrx_word' id='word_1_726' title='bbox 954 5023 1047 5076; x_wconf 79' lang='grc' dir='ltr'><strong>καὶ</strong></span> <span class='ocrx_word' id='word_1_727' title='bbox 1069 5022 1283 5085; x_wconf 79' lang='grc' dir='ltr'><strong>πάντως</strong></span> <span class='ocrx_word' id='word_1_728' title='bbox 1307 5062 1323 5087; x_wconf 91' lang='grc'><strong>,</strong></span> <span class='ocrx_word' id='word_1_729' title='bbox 1356 5024 1515 5095; x_wconf 82' lang='grc' dir='ltr'><strong>εῐπερ</strong></span> <span class='ocrx_word' id='word_1_730' title='bbox 1548 5026 1697 5078; x_wconf 73' lang='grc' dir='ltr'><strong>ἐστὶν</strong></span> 
     </span>
    </p>
   </div>
   <div class='ocr_carea' id='block_1_96' title="bbox 156 5110 1697 5188">
    <p class='ocr_par' dir='ltr' id='par_1_96' title="bbox 156 5110 1697 5188">
     <span class='ocr_line' id='line_1_96' title="bbox 156 5110 1697 5188; baseline 0.002 -21"><span class='ocrx_word' id='word_1_731' title='bbox 156 5110 233 5181; x_wconf 74' lang='grc' dir='ltr'><strong>οὔχ</strong></span> <span class='ocrx_word' id='word_1_732' title='bbox 249 5116 274 5166; x_wconf 86' lang='lat'><strong>6</strong></span> <span class='ocrx_word' id='word_1_733' title='bbox 292 5114 445 5179; x_wconf 77' lang='grc' dir='ltr'><strong>αὐτὸς</strong></span> <span class='ocrx_word' id='word_1_734' title='bbox 469 5116 498 5167; x_wconf 90' lang='lat'><strong>6</strong></span> <span class='ocrx_word' id='word_1_735' title='bbox 526 5114 703 5178; x_wconf 78' lang='grc' dir='ltr'><strong>διδοὺς</strong></span> <span class='ocrx_word' id='word_1_736' title='bbox 724 5115 818 5169; x_wconf 79' lang='grc' dir='ltr'><strong>καὶ</strong></span> <span class='ocrx_word' id='word_1_737' title='bbox 842 5114 1151 5185; x_wconf 86' lang='grc' dir='ltr'><strong>δεχόμενος,</strong></span> <span class='ocrx_word' id='word_1_738' title='bbox 1180 5116 1349 5185; x_wconf 71' lang='grc' dir='ltr'><strong>ἠγουν</strong></span> <span class='ocrx_word' id='word_1_739' title='bbox 1374 5118 1697 5188; x_wconf 71' lang='grc' dir='ltr'><strong>περιόπτων</strong></span> 
     </span>
    </p>
   </div>
   <div class='ocr_carea' id='block_1_97' title="bbox 155 5200 1693 5280">
    <p class='ocr_par' dir='ltr' id='par_1_97' title="bbox 155 5200 1693 5280">
     <span class='ocr_line' id='line_1_97' title="bbox 155 5200 1693 5280; baseline 0.005 -24"><span class='ocrx_word' id='word_1_740' title='bbox 155 5200 213 5264; x_wconf 72' lang='grc' dir='ltr'><strong>ὡς</strong></span> <span class='ocrx_word' id='word_1_741' title='bbox 236 5205 388 5277; x_wconf 66' lang='grc' dir='ltr'><strong>ἑτέρῳ</strong></span> <span class='ocrx_word' id='word_1_742' title='bbox 412 5208 546 5279; x_wconf 78' lang='grc' dir='ltr'><strong>παρ’</strong></span> <span class='ocrx_word' id='word_1_743' title='bbox 565 5208 756 5262; x_wconf 66' lang='grc' dir='ltr'><strong>ἑαυτὸν</strong></span> <span class='ocrx_word' id='word_1_744' title='bbox 794 5207 863 5262; x_wconf 82' lang='grc' dir='ltr'><strong>τὰ</strong></span> <span class='ocrx_word' id='word_1_745' title='bbox 897 5208 1055 5277; x_wconf 78' lang='grc' dir='ltr'><strong>φύσει</strong></span> <span class='ocrx_word' id='word_1_746' title='bbox 1088 5209 1356 5280; x_wconf 87' lang='grc' dir='ltr'><strong>προσόντα</strong></span> <span class='ocrx_word' id='word_1_747' title='bbox 1384 5210 1553 5279; x_wconf 74' lang='grc' dir='ltr'><strong>αὐτῷ.</strong></span> <span class='ocrx_word' id='word_1_748' title='bbox 1573 5210 1693 5262; x_wconf 82' lang='grc' dir='ltr'><strong>Ἐν-</strong></span> 
     </span>
    </p>
   </div>
   <div class='ocr_carea' id='block_1_98' title="bbox 157 5294 1694 5373">
    <p class='ocr_par' dir='ltr' id='par_1_98' title="bbox 157 5294 1694 5373">
     <span class='ocr_line' id='line_1_98' title="bbox 157 5294 1694 5373; baseline -0.005 -14"><span class='ocrx_word' id='word_1_749' title='bbox 157 5294 329 5369; x_wconf 51' lang='lat' dir='ltr'><strong>ﬁmus</strong></span> <span class='ocrx_word' id='word_1_750' title='bbox 367 5298 497 5369; x_wconf 81' lang='grc' dir='ltr'><strong>γοῦν</strong></span> <span class='ocrx_word' id='word_1_751' title='bbox 547 5300 959 5372; x_wconf 69' lang='grc' dir='ltr'><strong>ἑνεργούμενος,</strong></span> <span class='ocrx_word' id='word_1_752' title='bbox 987 5300 1062 5365; x_wconf 82' lang='grc' dir='ltr'><strong>ὡς</strong></span> <span class='ocrx_word' id='word_1_753' title='bbox 1107 5301 1293 5373; x_wconf 65' lang='grc' dir='ltr'><strong>ἕτερός</strong></span> <span class='ocrx_word' id='word_1_754' title='bbox 1317 5319 1400 5363; x_wconf 85' lang='grc' dir='ltr'><strong>τις</strong></span> <span class='ocrx_word' id='word_1_755' title='bbox 1434 5302 1694 5371; x_wconf 81' lang='grc' dir='ltr'><strong>ὑπάρχων</strong></span> 
     </span>
    </p>
   </div>
   <div class='ocr_carea' id='block_1_99' title="bbox 158 5382 1693 5463">
    <p class='ocr_par' dir='ltr' id='par_1_99' title="bbox 158 5382 1693 5463">
     <span class='ocr_line' id='line_1_99' title="bbox 158 5382 1693 5463; baseline -0.008 -9"><span class='ocrx_word' id='word_1_756' title='bbox 158 5382 352 5453; x_wconf 62' lang='grc' dir='ltr'><strong>Χριστὸς</strong></span> <span class='ocrx_word' id='word_1_757' title='bbox 380 5390 532 5462; x_wconf 79' lang='grc' dir='ltr'><strong>παρὰ</strong></span> <span class='ocrx_word' id='word_1_758' title='bbox 567 5390 659 5445; x_wconf 81' lang='grc' dir='ltr'><strong>τὸν</strong></span> <span class='ocrx_word' id='word_1_759' title='bbox 705 5392 987 5463; x_wconf 77' lang='grc' dir='ltr'><strong>Μονογενῆ</strong></span> <span class='ocrx_word' id='word_1_760' title='bbox 1054 5392 1105 5444; x_wconf 81' lang='grc' dir='ltr'><strong>εί</strong></span> <span class='ocrx_word' id='word_1_761' title='bbox 1133 5390 1240 5461; x_wconf 76' lang='grc' dir='ltr'><strong>γὰρ</strong></span> <span class='ocrx_word' id='word_1_762' title='bbox 1272 5391 1568 5461; x_wconf 83' lang='grc' dir='ltr'><strong>περιῆπται</strong></span> <span class='ocrx_word' id='word_1_763' title='bbox 1595 5390 1693 5460; x_wconf 76' lang='grc' dir='ltr'><strong>μὲν</strong></span> 
     </span>
    </p>
   </div>
   <div class='ocr_carea' id='block_1_100' title="bbox 157 5476 1693 5552">
    <p class='ocr_par' dir='ltr' id='par_1_100' title="bbox 157 5476 1693 5552">
     <span class='ocr_line' id='line_1_100' title="bbox 157 5476 1693 5552; baseline 0.005 -25"><span class='ocrx_word' id='word_1_764' title='bbox 157 5476 294 5548; x_wconf 74' lang='grc' dir='ltr'><strong>αὐτῷ,</strong></span> <span class='ocrx_word' id='word_1_765' title='bbox 323 5482 460 5535; x_wconf 81' lang='grc' dir='ltr'><strong>καθά</strong></span> <span class='ocrx_word' id='word_1_766' title='bbox 504 5480 631 5552; x_wconf 78' lang='grc' dir='ltr'><strong>φὴς,</strong></span> <span class='ocrx_word' id='word_1_767' title='bbox 674 5482 706 5552; x_wconf 75' lang='grc' dir='ltr'>ἡ</span> <span class='ocrx_word' id='word_1_768' title='bbox 735 5480 831 5535; x_wconf 88' lang='grc' dir='ltr'><strong>τοῦ</strong></span> <span class='ocrx_word' id='word_1_769' title='bbox 869 5480 1209 5549; x_wconf 77' lang='grc' dir='ltr'><strong>Μονογενοῦς</strong></span> <span class='ocrx_word' id='word_1_770' title='bbox 1241 5481 1489 5546; x_wconf 84' lang='grc' dir='ltr'><strong>εὐδοξία,</strong></span> <span class='ocrx_word' id='word_1_771' title='bbox 1536 5482 1602 5550; x_wconf 77' lang='grc' dir='ltr'><strong>τῇ</strong></span> <span class='ocrx_word' id='word_1_772' title='bbox 1636 5480 1693 5534; x_wconf 80' lang='grc' dir='ltr'><strong>δὲ</strong></span> 
     </span>
    </p>
   </div>
   <div class='ocr_carea' id='block_1_101' title="bbox 158 5571 1692 5644">
    <p class='ocr_par' dir='ltr' id='par_1_101' title="bbox 158 5571 1692 5644">
     <span class='ocr_line' id='line_1_101' title="bbox 158 5571 1692 5644; baseline 0 -20"><span class='ocrx_word' id='word_1_773' title='bbox 158 5571 264 5637; x_wconf 68' lang='grc' dir='ltr'><strong>παρ’</strong></span> <span class='ocrx_word' id='word_1_774' title='bbox 291 5572 447 5626; x_wconf 78' lang='grc' dir='ltr'><strong>αὑτοῦ</strong></span> <span class='ocrx_word' id='word_1_775' title='bbox 499 5572 786 5644; x_wconf 65' lang='grc' dir='ltr'><strong>δυναστείᾳ</strong></span> <span class='ocrx_word' id='word_1_776' title='bbox 822 5572 1119 5644; x_wconf 81' lang='grc' dir='ltr'><strong>χρώμενοι,</strong></span> <span class='ocrx_word' id='word_1_777' title='bbox 1150 5571 1567 5643; x_wconf 82' lang='grc' dir='ltr'><strong>διεκηρύττοντο</strong></span> <span class='ocrx_word' id='word_1_778' title='bbox 1598 5572 1692 5624; x_wconf 77' lang='grc' dir='ltr'><strong>καὶ</strong></span> 
     </span>
    </p>
   </div>
   <div class='ocr_carea' id='block_1_102' title="bbox 160 5664 1687 5737">
    <p class='ocr_par' dir='ltr' id='par_1_102' title="bbox 160 5664 1687 5737">
     <span class='ocr_line' id='line_1_102' title="bbox 160 5664 1687 5737; baseline -0.005 -14"><span class='ocrx_word' id='word_1_779' title='bbox 160 5664 436 5731; x_wconf 62' lang='grc' dir='ltr'><strong>εἰργάζοντο</strong></span> <span class='ocrx_word' id='word_1_780' title='bbox 491 5668 591 5731; x_wconf 77' lang='grc' dir='ltr'><strong>τὰς</strong></span> <span class='ocrx_word' id='word_1_781' title='bbox 637 5667 959 5737; x_wconf 82' lang='grc' dir='ltr'><strong>θεοσημείας</strong></span> <span class='ocrx_word' id='word_1_782' title='bbox 1002 5667 1053 5721; x_wconf 73' lang='lat' dir='ltr'><strong>oi</strong></span> <span class='ocrx_word' id='word_1_783' title='bbox 1098 5666 1377 5720; x_wconf 77' lang='grc' dir='ltr'><strong>θεσπέσιοι</strong></span> <span class='ocrx_word' id='word_1_784' title='bbox 1425 5665 1687 5736; x_wconf 77' lang='grc' dir='ltr'><strong>μαθηταὶ,</strong></span> 
     </span>
    </p>
   </div>
   <div class='ocr_carea' id='block_1_103' title="bbox 162 5836 1764 5913">
    <p class='ocr_par' dir='ltr' id='par_1_103' title="bbox 162 5836 1764 5913">
     <span class='ocr_line' id='line_1_103' title="bbox 162 5836 1764 5913; baseline 0 -15"><span class='ocrx_word' id='word_1_785' title='bbox 162 5836 191 5865; x_wconf 68' lang='grc'><strong><em>⁸</em></strong></span> <span class='ocrx_word' id='word_1_786' title='bbox 224 5841 359 5901; x_wconf 74' lang='lat' dir='ltr'><strong>Joan.</strong></span> <span class='ocrx_word' id='word_1_787' title='bbox 388 5862 501 5913; x_wconf 80' lang='lat' dir='ltr'><strong>\‘In,</strong></span> <span class='ocrx_word' id='word_1_788' title='bbox 542 5847 625 5902; x_wconf 74' lang='grc'><strong>56.</strong></span> <span class='ocrx_word' id='word_1_789' title='bbox 703 5848 743 5879; x_wconf 77' lang='grc'>⁸⁸</span> <span class='ocrx_word' id='word_1_790' title='bbox 767 5846 921 5903; x_wconf 74' lang='lat' dir='ltr'><strong>Joan.</strong></span> <span class='ocrx_word' id='word_1_791' title='bbox 958 5862 1063 5909; x_wconf 68' lang='lat' dir='ltr'><strong>XVI,</strong></span> <span class='ocrx_word' id='word_1_792' title='bbox 1099 5846 1179 5901; x_wconf 80' lang='grc' dir='ltr'><strong>Η.</strong></span> <span class='ocrx_word' id='word_1_793' title='bbox 1263 5846 1304 5876; x_wconf 83' lang='grc'><strong>³³</strong></span> <span class='ocrx_word' id='word_1_794' title='bbox 1339 5843 1503 5899; x_wconf 71' lang='lat' dir='ltr'><strong>Marc.</strong></span> <span class='ocrx_word' id='word_1_795' title='bbox 1539 5857 1647 5904; x_wconf 68' lang='lat' dir='ltr'><strong>XVI.</strong></span> <span class='ocrx_word' id='word_1_796' title='bbox 1678 5842 1764 5895; x_wconf 74' lang='grc'><strong>20.</strong></span> 
     </span>
    </p>
   </div>
   <div class='ocr_carea' id='block_1_104' title="bbox 1804 4650 3379 4721">
    <p class='ocr_par' dir='ltr' id='par_1_104' title="bbox 1804 4650 3379 4721">
     <span class='ocr_line' id='line_1_104' title="bbox 1804 4650 3379 4721; baseline -0.004 -8"><span class='ocrx_word' id='word_1_797' title='bbox 1804 4658 1943 4713; x_wconf 86' lang='lat' dir='ltr'><strong>alius</strong></span> <span class='ocrx_word' id='word_1_798' title='bbox 1990 4666 2043 4712; x_wconf 88' lang='lat' dir='ltr'><strong>et</strong></span> <span class='ocrx_word' id='word_1_799' title='bbox 2097 4656 2232 4709; x_wconf 86' lang='lat' dir='ltr'><strong>alius</strong></span> <span class='ocrx_word' id='word_1_800' title='bbox 2271 4652 2482 4707; x_wconf 80' lang='lat' dir='ltr'><strong>Filius:</strong></span> <span class='ocrx_word' id='word_1_801' title='bbox 2531 4666 2705 4721; x_wconf 90' lang='lat' dir='ltr'><strong>neque</strong></span> <span class='ocrx_word' id='word_1_802' title='bbox 2736 4652 2876 4707; x_wconf 84' lang='lat' dir='ltr'><strong>enim</strong></span> <span class='ocrx_word' id='word_1_803' title='bbox 2934 4650 3192 4706; x_wconf 87' lang='lat' dir='ltr'><strong>habemus</strong></span> <span class='ocrx_word' id='word_1_804' title='bbox 3244 4651 3379 4706; x_wconf 74' lang='lat' dir='ltr'><strong>duos</strong></span> 
     </span>
    </p>
   </div>
   <div class='ocr_carea' id='block_1_105' title="bbox 1804 4740 3374 4814">
    <p class='ocr_par' dir='ltr' id='par_1_105' title="bbox 1804 4740 3374 4814">
     <span class='ocr_line' id='line_1_105' title="bbox 1804 4740 3374 4814; baseline -0.005 -11"><span class='ocrx_word' id='word_1_805' title='bbox 1804 4750 2039 4803; x_wconf 87' lang='lat' dir='ltr'><strong>christos</strong></span> <span class='ocrx_word' id='word_1_806' title='bbox 2082 4748 2323 4814; x_wconf 83' lang='lat' dir='ltr'><strong>duosque</strong></span> <span class='ocrx_word' id='word_1_807' title='bbox 2355 4743 2513 4797; x_wconf 85' lang='lat' dir='ltr'><strong>lilios.</strong></span> <span class='ocrx_word' id='word_1_808' title='bbox 2543 4740 2671 4808; x_wconf 88' lang='lat' dir='ltr'><strong>Sed,</strong></span> <span class='ocrx_word' id='word_1_809' title='bbox 2702 4757 2735 4795; x_wconf 92' lang='grc' dir='ltr'><strong>ο</strong></span> <span class='ocrx_word' id='word_1_810' title='bbox 2790 4742 2873 4795; x_wconf 75' lang='lat' dir='ltr'><strong>vir</strong></span> <span class='ocrx_word' id='word_1_811' title='bbox 2932 4740 3374 4809; x_wconf 84' lang='lat' dir='ltr'><strong>prudentissime,</strong></span> 
     </span>
    </p>
   </div>
   <div class='ocr_carea' id='block_1_106' title="bbox 1806 4831 3376 4908">
    <p class='ocr_par' dir='ltr' id='par_1_106' title="bbox 1806 4831 3376 4908">
     <span class='ocr_line' id='line_1_106' title="bbox 1806 4831 3376 4908; baseline -0.006 -15"><span class='ocrx_word' id='word_1_812' title='bbox 1806 4840 2047 4908; x_wconf 89' lang='lat' dir='ltr'><strong>inquam,</strong></span> <span class='ocrx_word' id='word_1_813' title='bbox 2090 4837 2131 4891; x_wconf 86' lang='lat' dir='ltr'><strong>si</strong></span> <span class='ocrx_word' id='word_1_814' title='bbox 2158 4835 2359 4890; x_wconf 89' lang='lat' dir='ltr'><strong>Christi</strong></span> <span class='ocrx_word' id='word_1_815' title='bbox 2414 4832 2667 4903; x_wconf 62' lang='lat' dir='ltr'><strong>potentia</strong></span> <span class='ocrx_word' id='word_1_816' title='bbox 2725 4832 2923 4887; x_wconf 81' lang='lat' dir='ltr'><strong>ascribi</strong></span> <span class='ocrx_word' id='word_1_817' title='bbox 2971 4832 3207 4886; x_wconf 80' lang='lat' dir='ltr'><strong>aﬂirmas</strong></span> <span class='ocrx_word' id='word_1_818' title='bbox 3242 4831 3376 4887; x_wconf 82' lang='lat' dir='ltr'><strong>Uni-</strong></span> 
     </span>
    </p>
   </div>
   <div class='ocr_carea' id='block_1_107' title="bbox 1807 4924 3378 5003">
    <p class='ocr_par' dir='ltr' id='par_1_107' title="bbox 1807 4924 3378 5003">
     <span class='ocr_line' id='line_1_107' title="bbox 1807 4924 3378 5003; baseline -0.005 -17"><span class='ocrx_word' id='word_1_819' title='bbox 1807 4931 1972 5003; x_wconf 87' lang='lat' dir='ltr'><strong>geniti</strong></span> <span class='ocrx_word' id='word_1_820' title='bbox 2031 4930 2501 5000; x_wconf 83' lang='lat' dir='ltr'><strong>gloriﬂcationem,</strong></span> <span class='ocrx_word' id='word_1_821' title='bbox 2550 4926 2821 4995; x_wconf 89' lang='lat' dir='ltr'><strong>quomodo</strong></span> <span class='ocrx_word' id='word_1_822' title='bbox 2868 4940 2973 4979; x_wconf 84' lang='lat' dir='ltr'><strong>non</strong></span> <span class='ocrx_word' id='word_1_823' title='bbox 3019 4924 3158 4979; x_wconf 79' lang='lat' dir='ltr'><strong>alter</strong></span> <span class='ocrx_word' id='word_1_824' title='bbox 3209 4926 3282 4979; x_wconf 90' lang='lat' dir='ltr'><strong>sit</strong></span> <span class='ocrx_word' id='word_1_825' title='bbox 3323 4932 3378 4978; x_wconf 83' lang='lat' dir='ltr'><strong>et</strong></span> 
     </span>
    </p>
   </div>
   <div class='ocr_carea' id='block_1_108' title="bbox 1802 5016 3375 5090">
    <p class='ocr_par' dir='ltr' id='par_1_108' title="bbox 1802 5016 3375 5090">
     <span class='ocr_line' id='line_1_108' title="bbox 1802 5016 3375 5090; baseline -0.004 -13"><span class='ocrx_word' id='word_1_826' title='bbox 1802 5025 1963 5088; x_wconf 88' lang='lat' dir='ltr'><strong>alter,</strong></span> <span class='ocrx_word' id='word_1_827' title='bbox 1989 5032 2081 5075; x_wconf 80' lang='lat' dir='ltr'><strong>aut</strong></span> <span class='ocrx_word' id='word_1_828' title='bbox 2117 5022 2387 5090; x_wconf 83' lang='lat' dir='ltr'><strong>quomodo</strong></span> <span class='ocrx_word' id='word_1_829' title='bbox 2420 5035 2524 5074; x_wconf 93' lang='lat' dir='ltr'><strong>non</strong></span> <span class='ocrx_word' id='word_1_830' title='bbox 2562 5032 2787 5090; x_wconf 88' lang='lat' dir='ltr'><strong>prorsus</strong></span> <span class='ocrx_word' id='word_1_831' title='bbox 2812 5018 2938 5081; x_wconf 92' lang='lat' dir='ltr'><strong>duo,</strong></span> <span class='ocrx_word' id='word_1_832' title='bbox 2968 5016 3237 5087; x_wconf 81' lang='lat' dir='ltr'><strong>siquidem</strong></span> <span class='ocrx_word' id='word_1_833' title='bbox 3268 5032 3375 5071; x_wconf 91' lang='lat' dir='ltr'><strong>non</strong></span> 
     </span>
    </p>
   </div>
   <div class='ocr_carea' id='block_1_109' title="bbox 1800 5108 3380 5182">
    <p class='ocr_par' dir='ltr' id='par_1_109' title="bbox 1800 5108 3380 5182">
     <span class='ocr_line' id='line_1_109' title="bbox 1800 5108 3380 5182; baseline -0.006 -12"><span class='ocrx_word' id='word_1_834' title='bbox 1800 5118 1944 5171; x_wconf 89' lang='lat' dir='ltr'><strong>idem</strong></span> <span class='ocrx_word' id='word_1_835' title='bbox 2005 5113 2211 5182; x_wconf 88' lang='lat' dir='ltr'><strong>estqui</strong></span> <span class='ocrx_word' id='word_1_836' title='bbox 2271 5114 2363 5165; x_wconf 86' lang='lat' dir='ltr'><strong>dat</strong></span> <span class='ocrx_word' id='word_1_837' title='bbox 2393 5122 2446 5166; x_wconf 88' lang='lat' dir='ltr'><strong>et</strong></span> <span class='ocrx_word' id='word_1_838' title='bbox 2474 5112 2564 5181; x_wconf 83' lang='lat' dir='ltr'><strong>qui</strong></span> <span class='ocrx_word' id='word_1_839' title='bbox 2616 5111 2834 5179; x_wconf 80' lang='lat' dir='ltr'><strong>accipit,</strong></span> <span class='ocrx_word' id='word_1_840' title='bbox 2890 5120 2982 5163; x_wconf 84' lang='lat' dir='ltr'><strong>aut</strong></span> <span class='ocrx_word' id='word_1_841' title='bbox 3012 5110 3102 5178; x_wconf 91' lang='lat' dir='ltr'><strong>qui</strong></span> <span class='ocrx_word' id='word_1_842' title='bbox 3152 5108 3380 5163; x_wconf 80' lang='lat' dir='ltr'><strong>ascribit</strong></span> 
     </span>
    </p>
   </div>
   <div class='ocr_carea' id='block_1_110' title="bbox 1804 5203 3372 5275">
    <p class='ocr_par' dir='ltr' id='par_1_110' title="bbox 1804 5203 3372 5275">
     <span class='ocr_line' id='line_1_110' title="bbox 1804 5203 3372 5275; baseline -0.006 -13"><span class='ocrx_word' id='word_1_843' title='bbox 1804 5206 1956 5262; x_wconf 85' lang='lat' dir='ltr'><strong>alteri</strong></span> <span class='ocrx_word' id='word_1_844' title='bbox 1985 5216 2238 5275; x_wconf 85' lang='lat' dir='ltr'><strong>tanquam</strong></span> <span class='ocrx_word' id='word_1_845' title='bbox 2267 5220 2295 5257; x_wconf 87' lang='grc' dir='ltr'><strong>ιι</strong></span> <span class='ocrx_word' id='word_1_846' title='bbox 2326 5219 2385 5259; x_wconf 85' lang='lat' dir='ltr'><strong>se</strong></span> <span class='ocrx_word' id='word_1_847' title='bbox 2439 5204 2671 5269; x_wconf 82' lang='lat' dir='ltr'><strong>diverso,</strong></span> <span class='ocrx_word' id='word_1_848' title='bbox 2720 5219 2839 5274; x_wconf 66' lang='lat' dir='ltr'><strong>qua:</strong></span> <span class='ocrx_word' id='word_1_849' title='bbox 2864 5203 3091 5271; x_wconf 73' lang='lat' dir='ltr'><strong>sibi‘per</strong></span> <span class='ocrx_word' id='word_1_850' title='bbox 3126 5214 3372 5254; x_wconf 87' lang='lat' dir='ltr'><strong>naturam</strong></span> 
     </span>
    </p>
   </div>
   <div class='ocr_carea' id='block_1_111' title="bbox 1804 5293 3371 5367">
    <p class='ocr_par' dir='ltr' id='par_1_111' title="bbox 1804 5293 3371 5367">
     <span class='ocr_line' id='line_1_111' title="bbox 1804 5293 3371 5367; baseline -0.007 -12"><span class='ocrx_word' id='word_1_851' title='bbox 1804 5297 2322 5367; x_wconf 67' lang='lat' dir='ltr'><strong>insunt20peratns</strong></span> <span class='ocrx_word' id='word_1_852' title='bbox 2382 5308 2465 5352; x_wconf 89' lang='lat' dir='ltr'><strong>est</strong></span> <span class='ocrx_word' id='word_1_853' title='bbox 2506 5312 2634 5367; x_wconf 86' lang='lat' dir='ltr'><strong>ergo</strong></span> <span class='ocrx_word' id='word_1_854' title='bbox 2682 5297 2948 5358; x_wconf 88' lang='lat' dir='ltr'><strong>Christus,</strong></span> <span class='ocrx_word' id='word_1_855' title='bbox 2999 5294 3251 5362; x_wconf 84' lang='lat' dir='ltr'><strong>idemque</strong></span> <span class='ocrx_word' id='word_1_856' title='bbox 3306 5293 3371 5346; x_wconf 87' lang='lat' dir='ltr'><strong>ad</strong></span> 
     </span>
    </p>
   </div>
   <div class='ocr_carea' id='block_1_112' title="bbox 1801 5383 3373 5460">
    <p class='ocr_par' dir='ltr' id='par_1_112' title="bbox 1801 5383 3373 5460">
     <span class='ocr_line' id='line_1_112' title="bbox 1801 5383 3373 5460; baseline -0.004 -14"><span class='ocrx_word' id='word_1_857' title='bbox 1801 5389 2134 5460; x_wconf 85' lang='lat' dir='ltr'><strong>Operandum</strong></span> <span class='ocrx_word' id='word_1_858' title='bbox 2164 5388 2372 5443; x_wconf 78' lang='lat' dir='ltr'><strong>excitus</strong></span> <span class='ocrx_word' id='word_1_859' title='bbox 2406 5400 2662 5457; x_wconf 88' lang='lat' dir='ltr'><strong>tanquam</strong></span> <span class='ocrx_word' id='word_1_860' title='bbox 2684 5388 2930 5441; x_wconf 85' lang='lat' dir='ltr'><strong>diversus</strong></span> <span class='ocrx_word' id='word_1_861' title='bbox 2950 5385 3015 5440; x_wconf 84' lang='lat' dir='ltr'><strong>ab</strong></span> <span class='ocrx_word' id='word_1_862' title='bbox 3044 5383 3332 5454; x_wconf 80' lang='lat' dir='ltr'><strong>Unigenito</strong></span> <span class='ocrx_word' id='word_1_863' title='bbox 3357 5403 3373 5439; x_wconf 76' lang='grc' dir='ltr'><strong>ι</strong></span> 
     </span>
    </p>
   </div>
   <div class='ocr_carea' id='block_1_113' title="bbox 1804 5476 3373 5549">
    <p class='ocr_par' dir='ltr' id='par_1_113' title="bbox 1804 5476 3373 5549">
     <span class='ocr_line' id='line_1_113' title="bbox 1804 5476 3373 5549; baseline -0.005 -12"><span class='ocrx_word' id='word_1_864' title='bbox 1804 5498 1925 5537; x_wconf 90' lang='lat' dir='ltr'><strong>nam</strong></span> <span class='ocrx_word' id='word_1_865' title='bbox 1952 5482 1998 5538; x_wconf 88' lang='lat' dir='ltr'><strong>si</strong></span> <span class='ocrx_word' id='word_1_866' title='bbox 2039 5482 2329 5536; x_wconf 84' lang='lat' dir='ltr'><strong>ascribitur</strong></span> <span class='ocrx_word' id='word_1_867' title='bbox 2380 5481 2503 5549; x_wconf 79' lang='lat' dir='ltr'><strong>ipsi,</strong></span> <span class='ocrx_word' id='word_1_868' title='bbox 2544 5490 2599 5533; x_wconf 90' lang='lat' dir='ltr'><strong>ut</strong></span> <span class='ocrx_word' id='word_1_869' title='bbox 2630 5478 2855 5540; x_wconf 80' lang='lat' dir='ltr'><strong>asseris,</strong></span> <span class='ocrx_word' id='word_1_870' title='bbox 2908 5476 3174 5547; x_wconf 76' lang='lat' dir='ltr'><strong>Unigeniti</strong></span> <span class='ocrx_word' id='word_1_871' title='bbox 3212 5479 3373 5549; x_wconf 81' lang='lat' dir='ltr'><strong>glori-</strong></span> 
     </span>
    </p>
   </div>
   <div class='ocr_carea' id='block_1_114' title="bbox 1804 5568 3369 5641">
    <p class='ocr_par' dir='ltr' id='par_1_114' title="bbox 1804 5568 3369 5641">
     <span class='ocr_line' id='line_1_114' title="bbox 1804 5568 3369 5641; baseline -0.004 -13"><span class='ocrx_word' id='word_1_872' title='bbox 1804 5573 2005 5635; x_wconf 85' lang='lat' dir='ltr'><strong>licatio,</strong></span> <span class='ocrx_word' id='word_1_873' title='bbox 2044 5582 2097 5627; x_wconf 90' lang='lat' dir='ltr'><strong>et</strong></span> <span class='ocrx_word' id='word_1_874' title='bbox 2154 5572 2386 5641; x_wconf 89' lang='lat' dir='ltr'><strong>potentia</strong></span> <span class='ocrx_word' id='word_1_875' title='bbox 2435 5572 2503 5624; x_wconf 82' lang='lat' dir='ltr'><strong>ab</strong></span> <span class='ocrx_word' id='word_1_876' title='bbox 2529 5571 2647 5640; x_wconf 90' lang='lat' dir='ltr'><strong>ipso</strong></span> <span class='ocrx_word' id='word_1_877' title='bbox 2674 5571 2796 5624; x_wconf 88' lang='lat' dir='ltr'><strong>data</strong></span> <span class='ocrx_word' id='word_1_878' title='bbox 2850 5579 3061 5622; x_wconf 90' lang='lat' dir='ltr'><strong>utentes</strong></span> <span class='ocrx_word' id='word_1_879' title='bbox 3101 5569 3240 5622; x_wconf 86' lang='lat' dir='ltr'><strong>beati</strong></span> <span class='ocrx_word' id='word_1_880' title='bbox 3297 5568 3369 5621; x_wconf 89' lang='lat' dir='ltr'><strong>illi</strong></span> 
     </span>
    </p>
   </div>
   <div class='ocr_carea' id='block_1_115' title="bbox 1803 5659 3367 5734">
    <p class='ocr_par' dir='ltr' id='par_1_115' title="bbox 1803 5659 3367 5734">
     <span class='ocr_line' id='line_1_115' title="bbox 1803 5659 3367 5734; baseline -0.008 -12"><span class='ocrx_word' id='word_1_881' title='bbox 1803 5663 2047 5734; x_wconf 71' lang='lat' dir='ltr'><strong>discipuli</strong></span> <span class='ocrx_word' id='word_1_882' title='bbox 2071 5664 2457 5734; x_wconf 73' lang='lat' dir='ltr'><strong>praedicabant,</strong></span> <span class='ocrx_word' id='word_1_883' title='bbox 2492 5673 2544 5717; x_wconf 88' lang='lat' dir='ltr'><strong>et</strong></span> <span class='ocrx_word' id='word_1_884' title='bbox 2570 5663 2747 5718; x_wconf 72' lang='lat' dir='ltr'><strong>divina</strong></span> <span class='ocrx_word' id='word_1_885' title='bbox 2778 5661 2864 5717; x_wconf 91' lang='lat' dir='ltr'><strong>illa</strong></span> <span class='ocrx_word' id='word_1_886' title='bbox 2900 5661 3051 5731; x_wconf 88' lang='lat' dir='ltr'><strong>signa</strong></span> <span class='ocrx_word' id='word_1_887' title='bbox 3078 5659 3367 5719; x_wconf 81' lang='lat' dir='ltr'><strong>faciebant,</strong></span> 
     </span>
    </p>
   </div>
  </div>
