4104 6478
687 440 756 492 g7
1673 430 1729 482 S.
1771 428 2045 484 CYRiLLl
2082 428 2549 486 ALEXANDRINI
2592 433 2907 490 ABCIIIEP.
3863 441 3928 494 88

690 555 954 628 quomodo
1005 551 1146 623 quod
1206 549 1316 605 dixi
1374 549 1558 620 negari
1603 547 1826 618 p0test?
1857 546 2122 614 Operatus
2151 546 2258 600 erit

2381 550 2476 613 τῶς
2501 553 2600 604 οὐκ
2632 552 2825 622 ἀληθὲς
2860 554 2996 622 ὅπερ
3023 552 3188 623 έφην;
3225 554 3524 624 Ἐνήργηκε
3545 555 3653 627 γὰρ
3676 557 3928 627 ἀλλοτρίᾳ

690 650 832 703 enim
873 646 1045 705 aliena
1076 645 1275 698 virtute
1311 653 1488 705 utens,
1527 649 1585 694 ut
1616 654 1722 696 non
1760 639 1892 706 ipse,
1926 638 2019 693 sed
2050 637 2142 708 qui
2190 637 2257 691 ad

689 753 824 808 opus
850 739 1049 798 ciebat,
1081 736 1147 792 ab
1183 735 1268 793 his
1295 734 1386 804 qui
1435 733 1490 788 in
1521 731 1719 786 mundo
1772 741 1952 793 erant,
1993 728 2259 799 glorifica—

692 840 859 892 retur.
889 827 1027 896 Quid
1064 827 1246 896 igitur,
1288 839 1492 893 quzeso,
1545 823 1600 876 in
1629 837 1694 877 eo
1731 820 1964 890 amplius
2013 819 2259 874 cernitur

693 934 852 987 quam
887 919 938 971 in
966 918 1172 971 sanctis
1201 914 1465 981 apostolis
1490 913 1512 966 2
1541 927 1664 966 nam
1694 911 1749 966 bi
1798 924 1901 964 non
1934 924 2028 964 sua
2056 909 2261 964 virtute

693 1008 954 1066 miracula
1002 1007 1390 1076 perfecerunt:
1437 1005 1598 1075 idque
1627 1002 1730 1072 ipsi
1783 1011 1970 1071 aperte
2026 1000 2258 1056 confessi

692 1106 818 1154 sunt
841 1116 855 1154 :
876 1098 1018 1168 digni
1048 1109 1283 1167 namque
1351 1103 1476 1152 sunt
1537 1092 1696 1148 laude
1720 1101 1778 1148 et
1806 1093 1931 1163 quia
1980 1093 2030 1146 id
2059 1105 2261 1161 c0gno-

692 1198 909 1252 verunt,
948 1198 1004 1242 et
1036 1188 1160 1257 quia
1206 1187 1259 1242 in
1305 1186 1436 1258 ipsis
1488 1193 1802 1256 operantem
1863 1182 2257 1253 glorifieabant.

693 1278 807 1334 Hoc
835 1277 882 1334 si
909 1279 980 1332 ita
1003 1288 1108 1343 est,
1145 1292 1327 1333 annon
1393 1291 1605 1347 equum
1627 1283 1744 1330 erat
1793 1283 1852 1329 ut
1897 1273 2149 1329 Christus
2171 1272 2260 1341 qui

693 1371 761 1424 ab
807 1368 934 1434 alio,
991 1377 1048 1423 ut
1085 1377 1138 1423 tu
1173 1367 1395 1430 asseris,
1423 1365 1491 1420 ad
1542 1363 1872 1434 operandum
1903 1363 2168 1424 ciebatur,
2209 1370 2264 1414 et

693 1461 1036 1516 extrinsecus
1097 1460 1330 1515 habebat
1358 1456 1629 1528 Unigeniti
1662 1456 1912 1526 gloriam,
1940 1453 2004 1507 ad
2045 1468 2103 1508 se
2129 1461 2261 1506 tan-

693 1567 855 1621 quam
881 1553 948 1608 ad
975 1551 1082 1624 57
1117 1551 1280 1607 Deum
1321 1548 1728 1611 accedentibus,
1774 1556 1828 1602 et
1862 1545 1982 1616 ejus
2037 1558 2141 1613 ope
2177 1544 2262 1597 in-

694 1643 997 1712 digentibus
1063 1641 1403 1706 inclamaret,
1465 1640 1521 1694 In
1577 1638 1813 1699 nomine,
1839 1650 1931 1690 seu
1980 1635 2031 1688 in
2066 1635 2265 1688 virtute

696 1731 968 1800 Unigeniti
1002 1733 1124 1795 hoc,
1149 1730 1296 1785 verbi
1317 1730 1512 1801 gratia,
1539 1728 1633 1783 tibi
1657 1727 1996 1782 commodum
2020 1723 2268 1778 eveniat?

696 1837 816 1876 nam
853 1823 903 1876 id
937 1821 1206 1877 faciebant
1241 1821 1313 1876 illi
1337 1818 1723 1890 sapientissimi
1764 1815 2033 1885 discipuli,
2071 1813 2266 1880 ubique

693 1909 880 1965 Jesum
912 1927 976 1967 ex
1009 1911 1278 1966 Nazareth
1301 1906 1780 1981 appellantes.Sed
1807 1905 2077 1959 neminem
2113 1919 2265 1972 pror-

695 2017 790 2058 sus
813 2003 885 2056 ita
915 2014 998 2056 est
1027 2002 1316 2066 allocutus,
1356 2014 1573 2069 sumque
1616 1999 1794 2066 potius
1833 1995 2021 2049 virtuti
2071 2008 2268 2064 perpe-

703 2103 844 2146 trata
872 2093 1026 2163 signa
1062 2093 1351 2155 tribuebat,
1381 2105 1524 2145 nunc
1571 2089 1787 2158 quidem
1818 2085 1978 2140 crecis
2031 2085 2216 2140 dicens
2251 2101 2266 2136 :

704 2206 722 2238 ι
759 2185 992 2242 Creditis
1023 2183 1165 2254 quod
1190 2183 1394 2253 possim
1426 2180 1479 2235 id
1503 2181 1681 2236 facere
1704 2177 1787 2231 ‘°?
1809 2195 1828 2228 ι
1865 2186 1917 2231 et
1948 2189 2269 2231 consensum

699 2290 996 2345 exposcens
1029 2291 1045 2341 ;
1077 2288 1221 2328 nunc
1242 2287 1364 2326 cum
1407 2270 1629 2339 imperio
1663 2269 1909 2336 exigens,
1941 2281 2005 2322 ac
2031 2265 2221 2321 dicens
2254 2284 2267 2320 :

708 2387 727 2421 ι
762 2367 919 2431 Volo,
947 2367 1206 2420 mundare
1239 2365 1281 2395 δι
1311 2381 1327 2430 ;
1361 2382 1380 2416 ι
1421 2377 1516 2417 cur
1547 2376 1654 2416 non
1687 2358 2065 2430 praetermissis
2107 2357 2271 2413 anili-

701 2459 801 2513 bus
821 2457 1053 2520 fabellis,
1077 2470 1212 2526 quas
1233 2455 1327 2508 tibi
1369 2464 1421 2509 el
1439 2454 1540 2509 soli
1565 2462 1903 2506 commentus
1923 2466 2002 2515 es,
2029 2449 2272 2522 mysterii

701 2548 1122 2619 profunditatem
1156 2544 1382 2614 sapienti
1407 2541 1638 2599 consilio
1667 2542 1936 2610 perquiris
1967 2541 1990 2594 ?
2025 2541 2130 2595 Sed
2160 2555 2275 2608 per-

703 2641 946 2710 spicuum
975 2648 1256 2694 estrerum
1285 2637 1338 2692 in
1365 2636 1556 2705 primis
1605 2634 1812 2689 utilium
1839 2634 2088 2704 exiguam
2120 2649 2275 2703 pror-

705 2746 796 2785 sns
835 2731 908 2784 illi
945 2745 1132 2784 curam
1183 2743 1328 2792 esse,
1387 2742 1451 2780 ac
1491 2724 1888 2796 quodammodo
1920 2732 2165 2777 metuere
2209 2737 2275 2775 ne

708 2823 836 2890 quid
868 2822 979 2876 veri
1037 2835 1225 2888 parum
1265 2820 1558 2874 advertens
1613 2817 1775 2880 dicat,
1805 2824 1856 2869 et
1907 2815 2038 2869 recti
2071 2813 2274 2884 aliquid

707 2911 909 2964 sentire
970 2909 1404 2976 deprehendatur
1452 2924 1464 2960 :
1519 2916 1573 2960 et
1621 2904 2003 2958 absurdissima
2049 2917 2277 2971 quaeque

706 3002 924 3072 cogitat,
957 3001 1428 3056 etinconsiderate
1449 2997 1738 3053 admodum
1773 3003 1993 3049 accusat
2027 2994 2277 3048 Ecclesiae

711 3096 982 3163 dogmata.
1025 3092 1184 3162 Atqui
1227 3091 1537 3146 meminisse
1571 3103 1693 3142 eum
1743 3086 1980 3157 oportuit
2022 3085 2112 3140 Dei
2161 3100 2277 3140 ver-

2359 640 2583 711 δυνάμει
2631 641 2945 713 χρώμενος,
2979 643 3045 695 ἵν’
3079 645 3108 696 6
3150 644 3473 715 ἐνεργήσας,
3520 645 3616 698 καὶ
3659 645 3760 698 οὑκ
3801 646 3932 700 αὐτό

2357 728 2472 799 Ιίσ.
2508 729 2692 802 αὑτός]
2724 748 2824 784 που
2855 731 3054 800 μᾶλλον
3081 733 3232 802 παρὰ
3255 733 3364 785 τῶν
3394 733 3454 786 ἐν
3485 734 3676 804 κόσμῳ
3709 733 3932 804 δοξάζη-

2359 844 2473 881 ται.
2501 827 2566 880 Τί
2603 823 2716 890 οῦν,
2753 827 2872 880 είπέ
2901 845 3011 897 μοι,
3037 827 3099 880 τὸ
3129 828 3290 881 πλέον
3319 829 3376 881 ἐν
3405 845 3464 882 τε
3485 829 3634 900 αῦτῷ
3659 829 3932 899 φαίνεται,

2362 917 2457 970 καὶ
2476 917 2588 978 τοῖς
2611 915 2786 982 ἁγίοις
2807 915 3160 980 ἀποστόλοις;
3204 916 3648 970 Ἀποτετελέκασι
3686 918 3795 987 γάρ
3839 918 3935 970 οὐκ

2365 1007 2472 1078 ίδίᾳ
2520 1006 2748 1078 δυνάμει
2785 1007 2882 1072 τάς
2923 1007 3396 1078 θαυματουργίαςο
3444 1009 3540 1061 καὶ
3581 1007 3741 1060 τοῦτο
3784 1008 3934 1061 αὑτοὶ

2361 1097 2717 1168 ὡμολόγησαν
2741 1098 2984 1170 ἐναργῶς
3004 1115 3017 1128 ο
3045 1098 3368 1166 ἀξιάγαστοι
3398 1098 3506 1167 γὰρ
3536 1097 3638 1169 [δὲ]
3668 1097 3938 1155 καὶτοῦτο

2363 1183 2585 1249 εἰδότες,
2635 1185 2726 1238 καὶ
2763 1185 2854 1238 τὸν
2895 1188 2956 1239 ἐν
2999 1187 3180 1250 αὐτοῖς
3212 1185 3540 1256 ἐνεργοῦντα
3585 1186 3934 1252 δοξάζοντεςο

2364 1272 2482 1329 εἶτα
2508 1276 2622 1339 πῶς
2644 1276 2744 1330 οὐκ
2771 1276 2878 1331 ἔδει
2901 1277 2990 1331 τὸν
3010 1277 3402 1349 ἐνεργούμενον
3426 1277 3554 1349 παρ’
3585 1277 3775 1347 ἐτέρου
3802 1277 3941 1330 κατά

2366 1366 2426 1418 σὲ
2460 1367 2711 1437 Χριστὸν,
2745 1368 2838 1421 καὶ
2875 1367 3107 1440 θύραθεν
3140 1369 3331 1439 ἔχοντα
3356 1368 3454 1439 τὴν
3478 1368 3572 1422 τοῦ
3605 1367 3941 1436 Μονογενοῦς

2365 1456 2628 1523 εὐδοξίαν,
2656 1460 2768 1521 τοῖς
2797 1457 3112 1530 προσιοῦσιν
3135 1459 3212 1523 ὡς
3243 1457 3384 1528 Θεῷ,
3409 1459 3504 1512 καλ⁵
3547 1457 3648 1527 τῆς
3691 1457 3822 1526 παρ’
3843 1455 3939 1508 αὺ-

2364 1548 2458 1602 τοῦ
2498 1549 2838 1620 δεδεημένοις
2881 1550 3202 1621 ἐπικουρίας
3255 1552 3570 1619 ἐπιφωνεῖν,
3604 1550 3663 1601 ἐν
3713 1547 3942 1617 ὀνόματι

2365 1639 2458 1693 τοῦ
2483 1641 2843 1709 Μονογενοῦς,
2869 1643 3034 1713 ῆγουν
3057 1644 3114 1696 ἐν
3135 1642 3532 1713 δυνάμει,Τόδε
3556 1641 3606 1696 τί
3631 1657 3711 1694 σοι
3735 1640 3946 1708 γένοιτο

2366 1730 2476 1786 τῶν
2503 1731 2725 1799 ἀγαθῶν
2745 1751 2760 1799 ;
2784 1732 2941 1786 τοῦτο
2966 1733 3073 1803 γάρ
3105 1733 3275 1805 ἔδρων
3299 1736 3351 1788 οἱ
3381 1737 3644 1801 πάνσοφοι
3679 1731 3942 1803 μαθηταὶ.

2381 1817 2587 1892 Ἰησοῦν
2611 1823 2702 1877 τδν
2723 1826 2788 1878 ἐκ
2816 1825 3071 1895 Ναζαρὲτ
3098 1825 3455 1896 ὀνομάζοντες
3478 1824 3775 1894 πανταχοῦ.
3791 1822 3917 1875 Ἀλλ
3932 1821 3946 1840 ‘

2369 1911 2545 1964 οὐδενὶ
2585 1913 2684 1982 μὲν
2713 1912 2870 1966 τοῦτο
2896 1913 3336 1984 προσπεφώνηκε
3368 1912 3675 1975 παντελῶς·
3710 1909 3945 1964 ἀνετίθει

2370 1999 2428 2052 δὲ
2458 2000 2660 2070 μᾶλλον
2695 2001 2801 2074 ἰδίᾳ
2836 2001 3062 2071 δυνάμει
3093 2002 3166 2056 τά
3199 2002 3636 2074 κατορθούμενα⁹
3667 1999 3798 2056 ποτὲ
3847 1999 3947 2068 μὲν

2371 2091 2548 2158 λέγων
2591 2095 2703 2157 τοῖς
2746 2093 2985 2163 τυφλοῖς,
3023 2113 3042 2146 ι
3073 2096 3364 2148 Πιστεύετε
3403 2096 3485 2147 ὅτι
3525 2091 3759 2162 δύναμαι
3787 2090 3950 2145 τοῦτο

2374 2185 2631 2254 ποιῆσαι;
2664 2205 2683 2238 ι
2711 2186 2805 2239 καὶ
2829 2187 2932 2255 τὴν
2957 2187 3263 2241 συναίνεσιν
3289 2187 3560 2242 ἀπαιτῶνο
3585 2186 3714 2239 ποτὲ
3734 2185 3791 2240 δὲ
3818 2201 3920 2254 μετ
3937 2184 3949 2204 '

2373 2274 2620 2338 ἐξουσίας
2671 2276 2919 2329 ἀπαιτῶν
2969 2275 3093 2348 [ιον.
3125 2275 3427 2348 παρέλκειῙ
3477 2276 3673 2344 λέγων,
3727 2294 3744 2326 ι
3776 2274 3948 2336 Θέλω,

2375 2364 2767 2436 καθαρίσθητιο
2798 2384 2816 2416 ι
2847 2366 2899 2419 τί
2940 2366 3015 2436 μῆ
3038 2366 3233 2436 παρεὶς
3257 2367 3326 2418 τά
3351 2365 3534 2435 σαυτῴ
3567 2382 3626 2418 τε
3663 2364 3758 2418 καὶ
3801 2362 3952 2433 μόνῳ

2375 2455 2714 2526 ἐξευρημένα
2739 2457 3067 2528 γραοπρεπῆ
3104 2456 3340 2528 μυθάρια
3370 2459 3506 2526 σοφῇ
3529 2454 3734 2524 διανοίᾳ
3760 2454 3823 2507 τὸ
3855 2452 3950 2507 τοῦ

2379 2545 2682 2615 μυστηρίου
2712 2547 3051 2619 περιεργάςῃ
3091 2546 3287 2617 βάθος;
3327 2546 3444 2601 ἀλλ’
3482 2546 3629 2601 ἔστιν
3674 2546 3823 2609 ίδεῖν,
3869 2546 3954 2598 ὅτι

2375 2637 2482 2692 τῶν
2513 2636 2613 2705 μὲν
2641 2636 2952 2704 ἀναγκαίων
2974 2638 3053 2697 είς
3073 2636 3279 2706 ὄνησιν,
3303 2635 3479 2704 ὀλίγος
3501 2635 3648 2705 αὐτῷ
3674 2634 3954 2698 παντελῶς

2375 2731 2403 2783 6
2435 2727 2590 2796 λόγος
2609 2745 2622 2756 ο
2653 2727 2789 2781 δέδιε
2833 2727 3102 2799 δὲῶσπερ
3144 2728 3218 2799 μὴ
3247 2727 3353 2800 ἀρα
3385 2745 3439 2780 τι
3469 2728 3564 2781 καὶ
3591 2727 3700 2780 τῶν
3730 2726 3952 2794 ἀληθῶν

2378 2819 2847 2890 παραφθέγξαιτοο
2888 2820 3064 2874 καίτοι
3104 2819 3211 2891 [ισ.
3250 2821 3344 2873 καί
3366 2819 3449 2892 τε]
3485 2820 3596 2873 τῶν
3623 2819 3955 2891 ἐπαινουμέ-

2377 2927 2484 2962 νων
2534 2908 2686 2978 ἁλοίη
2733 2909 3120 2980 πεφρονηκώςο
3169 2909 3340 2964 οίεται
3379 2910 3436 2963 δέ
3485 2912 3592 2964 πᾶν
3633 2908 3809 2963 ὁτιοῦν
3844 2908 3961 2962 τῶν

2378 2998 2792 3069 ἀπηχεστάτων,
2825 3001 2920 3054 xal.
2944 3000 3329 3054 ἀκατάσκοπον
3359 3001 3554 3071 κομιδῆ
3579 3000 3688 3054 τῶν
3710 2999 3810 3070 τῆς
3838 2999 3961 3053 Ἐκο

2381 3091 2608 3161 κλησίας
2636 3092 2918 3162 δογμάτων
2948 3092 3183 3146 ποιεῖται
3232 3092 3331 3164 τὴν
3374 3094 3743 3164 κατάρῤησινο
3778 3093 3958 3147 καίτοι

711 3186 925 3250 borum,
955 3182 1256 3253 praepositis
1295 3179 1638 3235 rationalium
1689 3192 1911 3248 gregum
1966 3190 2061 3243 per
2089 3189 2275 3229 vocem

2381 3181 2692 3253 μεμνῆσθαι
2729 3181 2844 3237 δέον
2865 3182 3028 3236 αὐτὸν
3047 3182 3182 3237 Θεοῦ
3202 3182 3450 3252 λέγοντος
3470 3183 3556 3236 διά
3585 3182 3770 3252 φωνῆς
3799 3183 3962 3246 Ἰεζε-

711 3277 960 3332 Ezechiel
994 3275 1260 3331 dicentis:
1299 3291 1318 3324 ι
1389 3271 1650 3327 Ρηεειιιη
1702 3283 1898 3340 pascua
1947 3269 2276 3338 depasceha-

712 3369 865 3433 mini,
917 3377 972 3422 et
1018 3382 1213 3437 aquam
1273 3366 1658 3421 consistentem
1715 3360 1981 3416 bibebatis
2010 3377 2025 3426 ;
2057 3372 2113 3415 et
2157 3362 2280 3415 reli-

711 3477 872 3530 quam
902 3459 1201 3513 tnrbabatis
1225 3458 1448 3528 pedibus
1476 3455 1692 3520 vestris,
1732 3464 1786 3507 et
1831 3466 1962 3506 oves
1993 3467 2124 3506 meae
2151 3466 2282 3506 eon-

713 3553 932 3606 culcata:
956 3550 1180 3620 pedibus
1220 3549 1416 3602 vestris
1446 3545 1893 3615 depascebantur,
1923 3553 1976 3596 et
2011 3543 2280 3596 turbatam

713 3657 907 3711 aquam
971 3641 1194 3710 pedibus
1243 3639 1444 3694 vestris
1487 3637 1743 3691 bibebant
1771 3635 1837 3689 ".
1881 3655 1898 3686 ι
1941 3633 2048 3689 Nos
2111 3635 2279 3698 enim,

715 3733 970 3788 divinitus
1025 3733 1303 3802 inspiratis
1360 3729 1579 3783 Litteris
1648 3727 1885 3781 animum
1935 3725 2280 3797 adjicientes,

715 3827 969 3894 praeclara
991 3840 1188 3894 pascua
1212 3820 1574 3890 depascimur,
1593 3828 1651 3872 ut
1670 3819 1931 3888 scripturn
1955 3826 2060 3882 est,
2089 3831 2284 3887 aquam

715 3921 878 3975 etiam
934 3920 1318 3972 consistentem
1357 3915 1614 3975 bibimus,
1668 3913 1770 3967 hoc
1821 3921 1930 3976 est,
1979 3926 2286 3966 sermonem

717 4015 952 4084 Spiritus
986 4014 1206 4069 minime
1255 4010 1535 4065 mendacio
1572 4009 1810 4074 mistum,
1864 4019 1916 4064 et
1944 4009 2286 4078 perspicuum

719 4122 780 4160 ac
807 4105 1154 4173 purissimum
1187 4121 1201 4157 :
1234 4102 1324 4157 ubi
1354 4116 1482 4156 vero
1512 4101 1678 4156 veluti
1740 4103 1978 4170 ingratas
2030 4099 2287 4170 quasdam

721 4207 1026 4250 nostrarum
1065 4195 1455 4266 cogitationum
1485 4194 1632 4250 faces
1665 4194 1800 4248 ineo
1824 4207 2076 4248 sermone
2102 4192 2292 4247 misee-

721 4307 861 4352 mus,
893 4305 1124 4358 euinque
1151 4289 1554 4354 confundimus,
1584 4288 1882 4342 Salvatoris
1915 4287 2084 4342 nostri
2112 4285 2292 4356 gregi.

719 4385 820 4436 bus
855 4382 1200 4436 insidiamur.
1233 4378 1344 4434 lloc
1380 4381 1555 4450 ipsum
1587 4394 1772 4434 verum
1802 4393 1946 4440 esse.
1978 4377 2133 4432 nobis
2164 4392 2289 4446 per-

721 4475 965 4544 spicuum
1019 4473 1219 4527 facient
1266 4487 1328 4528 ea
1383 4487 1503 4542 qua:
1555 4472 1621 4526 de
1657 4471 1876 4526 Christo
1912 4485 2101 4525 rursus
2134 4469 2202 4524 ab
2227 4483 2292 4523 eo

721 4575 776 4620 et
815 4565 1144 4633 excogitata,
1199 4573 1250 4618 et
1305 4573 1508 4618 temere
1553 4562 1696 4617 dicta
1728 4570 1876 4628 sunt,
1926 4575 2045 4630 qua:
2078 4561 2158 4618 sic
2188 4560 2288 4616 ha-
2326 4546 2366 4600 ἶ)

723 4660 886 4712 bent:

793 4748 1076 4821 [Νεςτοιι.
1111 4744 1239 4798 Erat
1271 4743 1600 4812 quidemille
1647 4743 1791 4797 Dens
1830 4742 2086 4804 Verbum,
2129 4745 2289 4798 etiam

723 4852 1011 4910 antequam
1042 4838 1205 4892 homo
1240 4833 1412 4900 fieret,
1454 4833 1622 4888 Filius
1651 4844 1705 4889 et
1749 4835 1905 4900 Dens,
1962 4844 2017 4889 et
2068 4851 2296 4889 consen-

726 4935 863 4984 tiens
886 4929 1030 4983 Patri
1063 4945 1075 4980 :
1103 4927 1346 4994 suscepit
1371 4940 1497 4980 vero
1537 4927 1924 4995 posterioribus
1963 4927 2297 4994 temporibus

725 5022 868 5077 servi
897 5021 1159 5073 formam:
1189 5018 1282 5072 sed
1322 5030 1446 5070 cum
1486 5023 1626 5070 esset
1662 5027 1819 5069 antea
1856 5014 2025 5070 Filius
2050 5026 2106 5071 et
2134 5032 2294 5071 voca-

727 5123 896 5176 retur,
926 5121 1044 5178 post
1067 5107 1491 5175 assumptionem
1521 5121 1625 5160 non
1655 5114 1830 5175 potest
1856 5108 2035 5162 vocari
2066 5107 2291 5162 seorsim

729 5202 919 5265 Filius,
953 5215 1022 5256 ne
1057 5199 1188 5254 duos
1222 5196 1364 5252 filios
1421 5196 1867 5267 dogmatizemus.
1917 5196 2022 5250 Sed
2070 5199 2192 5266 quia
2220 5197 2294 5252 illi

728 5293 1048 5360 conjunctus
1077 5300 1159 5344 est
1212 5287 1352 5342 Filio
1379 5285 1471 5356 qui
1512 5295 1630 5340 erat
1663 5287 1716 5340 in
1755 5286 2038 5354 principio,
2097 5289 2296 5357 quique

728 5383 827 5436 sibi
863 5381 1140 5449 c0pulatus
1173 5389 1276 5443 est,
1315 5392 1420 5432 non
1477 5386 1654 5446 potest
1702 5377 1842 5446 quod
1875 5377 1942 5430 ad
1981 5377 2295 5447 dignitatem

732 5473 1008 5528 filiationis
1063 5471 1274 5536 attinet,
1324 5469 1645 5523 divisionem
1699 5469 1975 5538 suscipere
2017 5470 2203 5538 :quod
2230 5470 2297 5524 ad

731 5565 1046 5632 dignitatern
1069 5561 1362 5624 filiationis,
1385 5561 1624 5631 inquam,
1647 5575 1751 5612 non
1776 5561 1918 5627 quod
1944 5561 2007 5612 ad
2040 5570 2294 5614 naturas:

733 5659 849 5711 ideo
883 5655 1042 5709 etiam
1069 5654 1318 5708 Christus
1354 5653 1650 5723 appellatur
1686 5653 1772 5706 ille
1815 5650 1927 5723 48
1981 5651 2119 5706 Deus
2163 5651 2293 5709 Ver-

806 5833 849 5862 ⁸⁰
881 5831 1070 5884 Matth.
1108 5847 1179 5896 ix,
1216 5831 1303 5884 9.8.
1384 5832 1421 5861 δ’
1463 5829 1650 5883 Matth.
1692 5846 1803 5893 vm,
1841 5832 1892 5884 ὅ.

2383 3272 2506 3343 χιῆλ
2537 3275 2650 3336 τοῖς
2680 3273 2787 3326 τῶν
2825 3272 3058 3342 λογικῶν
3116 3274 3382 3342 ποιμνίων
3421 3272 3834 3342 προεστηκόσιν,
3877 3271 3961 3324 ὅτι

2381 3369 2480 3437 τὴν
2541 3384 2559 3418 ι
2595 3364 2781 3436 Καλὴν
2833 3365 3004 3436 νομὴν
3042 3364 3331 3436 ἐνέμεσθε,
3379 3365 3472 3418 καὶ
3513 3363 3574 3418 τδ
3621 3363 3964 3434 καθεστηκὸς

2385 3457 2527 3528 ῦδωρ
2571 3458 2806 3522 ἐπίνετε,
2838 3457 2933 3510 καὶ
2979 3456 3043 3510 τὸ
3093 3457 3421 3511 κατάλοιπον
3469 3457 3792 3527 ἐταράττετε
3849 3457 3965 3519 τοῖς

2387 3555 2545 3610 ποσὶν
2579 3555 2755 3625 ὑμῶν,
2788 3555 2884 3609 καὶ
2915 3554 2986 3611 τὰ
3010 3553 3259 3626 πρόϐατά
3289 3573 3389 3625 μου
3427 3554 3495 3606 τὰ
3515 3555 3814 3624 πατήματα
3852 3554 3968 3606 τῶν

2387 3648 2562 3702 ποδῶν
2601 3647 2754 3718 ὑμῶν
2797 3647 3085 3718 ἐνέμοντο-“
3137 3647 3233 3700 καὶ
3280 3645 3339 3700 τὸ
3376 3646 3775 3716 τεταρξγμένον
3817 3645 3967 3715 ὕδωρ

2389 3740 2492 3794 ὑπὸ
2522 3739 2630 3792 τῶν
2667 3739 2843 3793 ποδῶν
2889 3737 3042 3809 ὑμῶν
3071 3738 3335 3792 ἐνέπινον.
3368 3757 3388 3789 ι
3425 3737 3557 3801 Ταῖς
3583 3737 3682 3808 μέν
3706 3736 3814 3806 γὰρ
3841 3736 3964 3790 θεο·

2390 3829 2672 3889 πνεύστοις
2693 3829 2938 3898 Γραφαῖς
2961 3828 3050 3882 τὸν
3069 3827 3194 3882 νοῦν
3216 3829 3447 3891 ἐνιέντες
3467 3829 3646 3898 ἡμεῖς,
3669 3827 3766 3898 τὴν
3791 3827 3966 3897 καλὴν

2389 3922 2558 3992 νομὴν
2589 3920 2886 3992 νεμόμεθα,
2921 3919 3063 3974 κατά
3087 3920 3147 3973 τὸ
3173 3919 3586 3992 γεγραμμένονο
3621 3919 3848 3990 καὶμὴν
3870 3919 3966 3972 καὶ

2389 4015 2448 4066 τὺ
2471 4011 2614 4084 ὕδωρ
2644 4012 2872 4083 πίνομεν
2897 4011 2958 4065 τὸ
2989 4010 3348 4082 καθεστηκὸς,
3372 4011 3638 4077 τουτέστι,
3661 4010 3752 4064 τὸν
3787 4011 3965 4080 ἀμιγῆ

2390 4104 2466 4174 τῷ
2484 4104 2690 4174 ψεύδει,
2713 4104 2880 4176 διειδῆ
2905 4121 2965 4158 τε
2993 4105 3088 4160 καὶ
3117 4104 3506 4177 καθαρώτατον
3527 4103 3618 4158 τοῦ
3650 4102 3788 4157 11νεύ
3797 4120 3971 4173 ματος

2391 4195 2567 4262 λόγον*
2609 4195 2944 4267 ἐμφύροντες
2967 4196 3025 4250 δέ
3054 4197 3148 4250 καὶ
3175 4196 3568 4267 ἀναμίσγοντες
3595 4195 3748 4248 θολὸν
3773 4193 3970 4264 ῶσπερ

2393 4288 2513 4341 τινὰ
2550 4288 2658 4340 τῶν
2695 4287 2838 4341 ίδίων
2865 4287 3266 4359 ἐνθυμημάτων
3292 4287 3353 4341 τὸ
3376 4287 3612 4358 ἀτερπὲς
3649 4286 3817 4356 αὐτῷ,
3846 4289 3971 4344 ταῖς

2393 4378 2486 4432 τοῦ
2514 4379 2763 4450 Σωτῆρος
2801 4380 3023 4448 ἀγέλαις
3050 4379 3490 4450 ἐπιϐουλεύομεν.
3521 4378 3840 4446 Ἐκδείξειεν
3903 4379 3975 4432 ἀν

2396 4470 2489 4522 καὶ
2543 4470 2701 4524 τοῦτο
2752 4473 2888 4542 ἡμῖν
2943 4471 3019 4535 ὡς
3071 4471 3217 4526 ἐστιν
3246 4471 3448 4537 ἀληθὲς
3475 4471 3544 4525 τά
3571 4471 3697 4541 περὶ
3728 4469 3970 4540 Χριστοῦ

2397 4562 2558 4616 πάλιν
2587 4562 2736 4632 αὐτῷ
2758 4562 3144 4634 τεθεωρημένα
3165 4579 3222 4616 τε
3247 4563 3342 4616 καὶ
3369 4560 3656 4632 ἀτημελῶς
3677 4560 3967 4631 είρημένα·

2397 4651 2511 4721 ἔχει
2550 4651 2607 4705 δὲ
2646 4650 2837 4713 οὕτως·

2469 4741 2598 4816 [Ἶίν
2633 4744 2732 4814 μὲν
2763 4742 2872 4813 γάρ
2902 4744 2930 4796 6
2958 4743 3088 4807 Θεὸς
3121 4744 3292 4810 Λόγος
3318 4741 3413 4795 καὶ
3442 4739 3550 4812 πρὸ
3578 4739 3678 4810 τῆς
3701 4739 3974 4810 ἐνανθρω-

2400 4840 2640 4908 πήσεως,
2678 4835 2804 4897 Υἱὸς
2834 4835 2925 4888 καὶ
2947 4834 3098 4898 Θεὸς,
3129 4833 3224 4887 καὶ
3243 4832 3506 4886 συναινῶν
3529 4831 3608 4902 τῷ
3638 4831 3810 4902 Πατρί
3833 4848 3849 4863 ο
3879 4832 3976 4886 ἀν-

2400 4930 2559 4982 έλαῦε
2597 4928 2654 4980 δὲ
2684 4929 2742 4980 ἐν
2771 4927 3015 4996 ὑστέροις
3045 4926 3256 4994 καιροῖς
3285 4924 3384 4991 τὴν
3406 4923 3499 4977 τοῦ
3520 4923 3705 4976 δούλου
3733 4925 3974 4994 μορφήν.

2416 5020 2551 5073 Ἀλλ’
2585 5019 2660 5072 ὢν
2688 5017 2795 5089 πρὸ
2820 5017 3006 5071 τούτου
3031 5016 3179 5080 Υἱὸς,
3202 5015 3296 5069 καὶ
3330 5015 3680 5084 καλούμενος,
3712 5016 3854 5084 μετὰ
3877 5015 3978 5087 τὴν

2401 5109 2666 5179 ἀνάληψιν
2698 5109 2758 5161 οὐ
2792 5107 3013 5161 δύναται
3058 5104 3340 5160 καλεῖσθαι
3370 5105 3788 5175 κεχωρισμένως
3820 5103 3974 5168 Υιδς,

2403 5205 2486 5256 ἵνα
2512 5203 2586 5272 μὴ
2607 5202 2700 5255 δύο
2721 5202 2867 5263 υἱοὺς
2899 5199 3332 5270 δογματίσωμεν.
3352 5197 3492 5250 Ἀλλ’
3515 5197 3810 5266 ἐπειδήπερ
3832 5197 3950 5249 ἐκεί
3963 5227 3978 5238 -

2403 5311 2477 5363 νῳ
2508 5293 2776 5362 συνῆπται
2830 5292 2908 5363 τῷ
2957 5294 3015 5345 ἐν
3057 5293 3199 5363 ἀρχῇ
3251 5293 3362 5345 ὄντι
3393 5290 3506 5361 Υίῷ
3548 5288 3625 5360 τῷ
3653 5288 3788 5359 πρὸς
3813 5289 3980 5343 αὐτὸν

2405 5385 2746 5454 συναφθέντι,
2771 5386 2832 5438 οὐ
2865 5384 3082 5438 δύναται
3109 5385 3248 5437 κατά
3276 5383 3337 5436 τὸ
3358 5381 3571 5453 ἀξίωμα
3599 5382 3698 5452 τῆς
3727 5382 3977 5453 υίότητος

2403 5475 2666 5546 διαίρεσιν
2695 5475 2945 5543 δέξασθαι
2971 5493 2985 5506 ⁸
3018 5474 3158 5529 κατά
3180 5475 3240 5527 τὸ
3265 5472 3480 5544 ἀξίωμά
3503 5492 3645 5545 φημι
3667 5473 3765 5544 τῆς
3795 5477 3980 5547 υίότη-

2404 5583 2515 5628 τος,
2555 5566 2614 5618 οὐ
2650 5566 2788 5619 κατά
2815 5565 2915 5628 τὰς
2944 5565 3151 5635 φύσεις.
3187 5565 3285 5618 Διά
3333 5565 3490 5618 τοῦτο
3539 5566 3631 5618 καὶ
3657 5567 3918 5636 Χριστὸς,
3953 5572 3978 5623 ό

2405 5659 2534 5720 θεὸς
2567 5659 2735 5726 Λόγος
2773 5659 3116 5727 ὀνομάζεται,
3146 5659 3373 5730 ἐπείπερ
3411 5659 3521 5729 ἔχει
3549 5659 3648 5730 τὴν
3681 5662 3971 5730 συνάφειακ

1973 5833 2011 5860 δ’
2046 5829 2242 5885 Ezech.
2272 5845 2460 5896 xxnv,
2489 5834 2570 5888 l8.
