4104 6468
167 438 220 492 89
1271 430 1646 488 ADVERSUS
1688 430 1723 485 Ν

1827 430 2094 487 τοκιυιι
2135 427 2264 484 LIB.
2306 427 2370 483 Il.
3338 425 3409 480 90

167 554 242 623 τὴν
266 553 391 624 πρὸς
411 552 499 605 τὸν
523 553 772 624 Χριστὸν
801 555 1023 623 διηνεκῆ
1044 571 1056 584 ·
1091 553 1180 606 καὶ
1213 553 1312 605 οὐκ
1343 552 1458 605 ἔστι
1483 551 1574 606 τὸν
1597 550 1723 604 Θεὸν

1835 551 1984 618 bum,
2050 550 2175 620 quia
2210 549 2368 603 habet
2417 556 2733 616 perpetuam
2766 561 2888 600 ctun
2915 543 3133 599 Christo
3174 543 3407 614 conjun-

166 646 307 712 Λόγον
332 644 457 698 ἄνευ
481 645 579 714 τῆς
609 645 713 698 ἀνθ
723 645 1036 715 ρωπότητος
1065 643 1267 715 πρᾶξαί
1289 660 1372 697 τιο
1394 643 1720 714 ἀπηκρίϐω-

166 751 236 786 ται
275 733 375 803 γάρ
407 734 487 797 εἰς
525 733 712 802 ἄκραν
763 734 1076 802 συνάφειαν,
1119 735 1219 786 οὐκ
1266 735 1345 795 εἰς
1389 733 1719 799 ἀποθέωσιν,

166 823 281 876 κατὰ
326 824 450 889 τοὺς
509 825 725 893 σαφοῦς
775 823 886 878 τῶν
935 825 1312 895 δογματιστῶν
1366 824 1476 878 τῶν
1525 825 1723 878 νεωτέ-

167 915 298 987 emi

739 1049 994 1104 ΚΕΦΔΛ.
1036 1051 1118 1106 H'.

231 1184 283 1238 '0
311 1185 476 1254 φάναι
501 1186 793 1259 τολμήσας
822 1189 923 1258 τὴν
964 1188 1060 1242 τοῦ
1106 1187 1445 1258 Μονογενοῦς
1480 1187 1720 1253 εὐδοξίαν

165 1292 217 1344 τῃ
246 1276 466 1346 Χριστοῦ
501 1279 813 1348 περιῆφθαι
837 1279 1143 1352 δυναστείᾳ,
1174 1282 1268 1335 καὶ
1288 1281 1381 1334 τὸν
1408 1279 1509 1350 τῆς
1532 1282 1722 1352 ἑνότη-

163 1385 238 1430 τος
265 1367 553 1440 σύνδεσμον
586 1372 922 1437 διασπάσας,
956 1372 1176 1441 συνάγει
1210 1372 1372 1428 πάλιν
1399 1373 1481 1437 εις
1507 1373 1720 1436 ἕνωσιν,

163 1459 340 1513 διαλύει
368 1477 426 1514 τε
464 1458 559 1526 αὖ,
608 1463 711 1516 καὶ
746 1463 1019 1534 ἐξίστησιν
1067 1464 1313 1534 ἀλλήλων
1353 1463 1453 1527 τάς
1505 1463 1718 1533 φύσεις,

168 1551 374 1608 πλεῖστά
404 1570 465 1607 τε
500 1556 609 1609 ὃσα
645 1556 778 1626 περὶ
818 1555 1023 1609 τούτων
1049 1557 1183 1625 ἡμῖν
1212 1555 1487 1623 κενολογεῖ
1512 1555 1604 1607 καὶ
1636 1569 1720 1606 τεο

165 1645 438 1712 ρατεύεται,
459 1647 550 1701 ἵνα
581 1647 694 1702 κᾶν
717 1647 832 1700 εῖτι
863 1648 1103 1718 φαίνοιτο
1132 1647 1306 1716 λέγων
1329 1647 1439 1701 τῶν
1466 1648 1545 1712 εἰς
1569 1647 1722 1718 ὀρθός

162 1755 278 1809 τητι
306 1739 663 1804 νενευκότων,
694 1741 1048 1812 ἐξελέγχηται
1085 1739 1270 1810 σαφῶς
1300 1742 1374 1813 μὴ
1403 1740 1558 1804 εἰδὼς
1583 1741 1611 1794 ὀ
1637 1741 1725 1794 λέ-

162 1847 247 1896 γει,
275 1827 422 1884 Εἶναι
463 1831 566 1902 μὲν
603 1833 719 1903 γὰρ
741 1832 928 1886 ἐνθάδε
964 1833 1096 1902 φησὶ
1124 1833 1213 1885 τὸν
1238 1832 1332 1886 τοῦ
1360 1831 1496 1886 Θεοῦ
1524 1833 1718 1900 Λόγον,

163 1895 242 1973 παὶ
271 1921 392 1975 Υῐὺν
413 1895 510 1978 καὶ
533 1895 702 1990 Θεδν,
727 1926 820 1977 καὶ
852 1925 957 1995 πρὸ
976 1895 1082 1993 ⁷τέτις
1101 1925 1569 1997 ὲνανθρωπήσεως
1587 1895 1722 1980 ’-καλ
1755 1895 1797 1949 Β

165 2011 255 2079 μὴν
283 2013 359 2065 ὅτι
392 2016 484 2068 καὶ
530 2015 593 2067 ἐν
644 2015 898 2085 ὑστέροις
935 2019 1147 2087 καιροῖς
1196 2016 1424 2070 ἀνέλαϐε
1473 2017 1574 2088 τὴν
1627 2016 1722 2071 τοῦ

161 2101 325 2156 δούλου
351 2107 590 2178 μορφήν.
623 2105 808 2179 Φράζε
843 2108 906 2180 δὴ
939 2104 1051 2172 οὖν,
1083 2111 1131 2162 ει
1164 2111 1236 2180 μή
1275 2127 1358 2163 σοι
1382 2111 1525 2164 δοκῶ
1552 2111 1620 2164 τὰ
1650 2114 1725 2165 εἱ-

162 2195 275 2249 χότα
297 2196 491 2266 λέγειν,
518 2199 604 2262 τίς
631 2199 703 2270 δὴ
741 2201 852 2271 ἄρα
881 2202 1028 2254 ἐστὶν
1059 2203 1087 2254 ὀ
1116 2202 1534 2272 ένανθρωπῆσαι
1561 2203 1721 2272 λεγόο

165 2303 337 2354 μενος;
365 2291 457 2342 καὶ
482 2290 536 2343 τί
565 2291 652 2358 τὸ,
685 2292 1122 2363 ὲνανθρωπῆσαι,
1156 2293 1295 2363 φής;
1333 2293 1417 2355 τίς
1443 2295 1471 2346 ὀ
1500 2293 1600 2364 τὴν
1627 2293 1723 2346 τοῦ

161 2378 323 2434 δούλου
365 2383 584 2454 μορφὴν
629 2384 952 2450 ἀναλαϐὡν;
997 2385 1271 2456 ἀνελήφθη
1304 2385 1359 2438 δὲ
1391 2386 1524 2456 παρ’
1555 2386 1722 2439 αὑτοῦ

162 2467 261 2523 τινα
286 2473 513 2540 τρόπους
547 2475 679 2529 Ὀτι
711 2477 810 2547 μὲν
854 2471 946 2530 οὖν
977 2477 1265 2546 ἄνθρωπον
1305 2477 1721 2548 ἐνανθρωπῆσαι

161 2559 329 2629 λέγων,
359 2564 599 2632 γέλωτος
647 2566 807 2632 ἀξίαν
857 2569 1126 2638 ἀποφανεῖ
1167 2569 1266 2638 τὴν
1297 2568 1491 2622 ἑαυτοῦ
1528 2569 1720 2640 φρένα,

164 2653 261 2716 πῶς
289 2656 350 2708 ἂν
377 2659 681 2714 ένδοιάσειέ
707 2679 792 2724 τις
815 2679 829 2725 ;
857 2664 885 2713 ὀ
915 2661 1020 2732 γάρ
1053 2659 1127 2715 ὢν
1151 2660 1435 2733 ἄνθρωπος
1461 2662 1603 2716 κατὰ
1625 2662 1724 2732 φύ-

165 2762 250 2808 σιν,
278 2747 390 2812 πῶς
422 2750 492 2805 ἂν
533 2751 562 2804 δ
604 2747 678 2822 ἦν
729 2752 939 2820 γένοιτο
979 2753 1161 2821 πάλιν,
1195 2756 1288 2808 κα)⁵
1317 2755 1392 2820 ὡς
1425 2757 1507 2824 ἐφ’
1532 2755 1724 2827 ἔτερόν

163 2852 204 2888 τι
225 2841 696 2912 μετακεχωρηκὼς
721 2842 805 2914 εἴη
833 2844 918 2907 ἂν,
947 2847 1088 2901 κατά
1117 2847 1179 2916 γέ
1209 2864 1351 2918 φημι
1380 2848 1472 2901 τὸν
1501 2849 1598 2918 τῆς
1625 2849 1724 2918 φύ-

164 2943 279 2990 σεως
303 2928 489 2997 λόγον;
529 2931 605 2984 Τὸ
652 2932 709 2985 δὲ
747 2935 888 2989 κατὰ
922 2936 1082 3006 φύσιν
1116 2938 1253 2992 ἰδίαν
1283 2939 1382 2992 οὐκ
1417 2939 1720 3011 ἐλεύθερον,

163 3017 262 3071 τινα
292 3021 484 3092 τρόπον
510 3025 580 3079 ἂν
611 3024 827 3094 λέγοιτο
868 3030 1199 3100 γεγενῆσθαι
1231 3031 1434 3095 δοῦλον,
1464 3034 1539 3096 ὼς
1568 3033 1725 3087 τοῦτο

163 3109 246 3163 οὐκ
274 3111 328 3166 ὃν
359 3113 418 3168 ὲν
449 3117 687 3188 ἀρχαῖςς
721 3119 932 3173 Οὐκοῦν
975 3122 1076 3175 οὐκ
1119 3121 1394 3195 ἀνθρώπῳ
1425 3124 1624 3196 πρέποι
1657 3126 1724 3179 ἂν

1826 644 2062 698 ctionem
2102 655 2324 710 :neque
2379 638 2644 710 contingit
2693 647 2751 692 ut
2795 638 2935 692 Deus
3001 635 3237 690 Verbum
3285 636 3406 690 sine

1829 733 2168 788 humanitate
2218 729 2386 784 faciat
2438 727 2641 799 aliquid
2673 745 2688 783 :
2717 728 3008 796 perductus
3047 733 3132 779 est.
3161 726 3304 778 enim
3337 722 3405 776 ad

1826 837 2095 879 summam
2151 820 2612 889 coniunctionem,
2650 833 2755 873 non
2786 817 2852 870 ad
2892 815 3316 877 deilicationem,
3344 821 3406 866 ut

1826 914 2100 985 sapientes
2136 928 2168 968 e
2196 909 2596 968 recentioribus
2642 908 2989 980 dogmatistis
3023 901 3334 976 asscrunt.]

2452 1043 2605 1100 CAP.
2643 1040 2780 1098 VIII.

1898 1183 2004 1251 Qui
2054 1181 2240 1237 dicere
2293 1194 2456 1235 ausus
2501 1187 2586 1236 est
2624 1177 2901 1248 Unigeniti
2956 1175 3402 1247 gloriﬁcationem

1827 1273 2032 1332 Christi
2064 1272 2319 1344 potentia:
2360 1271 2552 1334 tribui,
2609 1277 2666 1324 et
2714 1269 2805 1340 qui
2855 1269 3130 1323 vinculum
3182 1267 3404 1322 unitatis

1825 1365 2099 1433 distraxit,
2118 1379 2308 1419 rursus
2334 1363 2399 1416 ad
2423 1361 2675 1416 unionem
2693 1359 2997 1430 coniungit,
3040 1358 3405 1428 disjungitque

1831 1473 2043 1522 rursus,
2074 1466 2131 1512 et
2163 1464 2386 1510 naturas
2415 1454 2647 1509 invicem
2672 1462 2914 1522 separat,
2947 1462 3004 1506 et
3035 1452 3121 1506 his
3152 1451 3220 1508 de
3241 1451 3405 1506 rebus

1828 1547 2227 1618 quamplurima
2273 1545 2429 1602 nobis
2448 1558 2585 1599 vane
2608 1553 3032 1613 portentoseque
3061 1541 3320 1611 loquitur,
3347 1549 3407 1594 ut

1826 1642 1988 1695 etiam
2015 1639 2060 1693 si
2090 1638 2221 1708 quid
2257 1636 2391 1692 recti
2429 1635 2610 1690 dicere
2661 1633 2931 1699 videatur,
2989 1641 3164 1686 tamen
3217 1641 3405 1701 aperte

1828 1740 2155 1800 coarguatur
2180 1730 2432 1799 ignorare
2457 1728 2586 1798 quid
2608 1727 2771 1782 dicat.
2791 1725 2925 1780 Nam
2954 1725 3056 1780 hoc
3084 1725 3203 1780 loco
3231 1724 3402 1794 ipsum

1832 1822 1924 1875 Dci
1957 1819 2193 1875 Verbum
2224 1829 2278 1873 et
2326 1817 2522 1872 Filium
2551 1825 2605 1872 et
2646 1817 2814 1870 Deum
2845 1829 2966 1870 esse
3010 1813 3208 1869 asserit
3240 1812 3403 1868 etiam

1827 1920 2120 1979 antequam
2157 1909 2321 1962 homo
2349 1908 2503 1961 ﬁeret
2528 1923 2542 1972 ;
2569 1914 2828 1975 praeterea
2849 1904 3244 1972 posterioribus
3270 1912 3408 1958 tem-

1826 2001 2046 2072 poribus
2086 1997 2316 2053 formam
2367 1996 2509 2051 servi
2571 1994 2873 2063 accepisse.
2939 1993 3160 2064 Explica
3216 1992 3405 2060 igitur,

1826 2095 1928 2148 nisi
1966 2092 2059 2146 tibi
2109 2089 2497 2158 consequentia
2559 2087 2748 2142 videor
2783 2087 2986 2152 dicere,
3028 2086 3277 2156 quisnam
3317 2084 3411 2140 ille

1826 2193 1909 2240 est
1932 2183 2023 2253 qui
2077 2183 2238 2237 homo
2272 2180 2447 2235 factus
2494 2194 2614 2234 esse
2657 2178 2857 2233 dicitur
2883 2178 2906 2232 ‘i
2937 2177 3068 2248 quid
3105 2177 3270 2232 etiam
3306 2177 3409 2231 hoe

1827 2277 1998 2345 ipsum
2030 2274 2305 2329 hominem
2366 2271 2485 2325 ﬁeri
2515 2270 2652 2326 dicis
2682 2271 2706 2323 ?
2733 2271 2982 2338 quisnam
3020 2268 3109 2323 ille
3152 2268 3243 2336 qui
3291 2267 3408 2321 Ior-

1826 2382 1966 2420 mam
1993 2367 2135 2421 servi
2168 2364 2455 2433 suscepit?
2491 2373 2546 2418 et
2576 2378 2811 2432 quonam
2849 2362 3009 2416 modo
3044 2360 3112 2415 ab
3135 2375 3200 2415 eo
3220 2374 3409 2414 susce-

1825 2464 1914 2525 pta
1939 2464 2024 2510 est
2051 2454 2169 2508 ?Ac
2200 2455 2244 2508 si
2286 2453 2559 2508 hominem
2611 2451 2814 2505 dixerit
2867 2463 2988 2505 esse
3030 2451 3408 2513 humanatum,

1826 2547 2111 2617 quisquam
2143 2560 2211 2600 ne
2247 2544 2455 2599 dubitet
2500 2543 2632 2613 quin
2693 2542 3024 2596 sententiam
3073 2557 3236 2597 suam
3294 2542 3406 2596 risu

1826 2639 2042 2708 dignam
2072 2637 2142 2692 sit
2173 2636 2494 2707 proditurus
2525 2635 2548 2689 7
2574 2648 2700 2690 nam
2745 2633 2836 2703 qui
2883 2633 3045 2688 homo
3084 2633 3157 2688 sit
3208 2647 3407 2688 secun-

1826 2731 1954 2786 dum
1985 2738 2258 2793 naturam,
2302 2728 2573 2799 quomodo
2628 2727 2773 2798 quod
2811 2738 2932 2781 erat
2978 2741 3169 2781 rursus
3215 2725 3328 2793 (iet,
3354 2733 3410 2780 ct

1829 2834 2086 2892 tanquam
2110 2820 2164 2875 in
2194 2820 2339 2875 aliud
2370 2819 2651 2890 quidpiam
2701 2818 2980 2884 transibit,
3016 2817 3160 2887 quod
3191 2817 3258 2871 ad
3315 2833 3409 2870 na-

1828 2929 1982 2985 turai,
2012 2918 2256 2987 inquam,
2282 2918 2481 2970 attinet
2509 2915 2772 2970 rationem
2803 2915 2952 2981 ?Qui
2983 2916 3147 2970 etiam
3179 2930 3245 2969 ex
3291 2914 3406 2984 ipsa

1825 3024 1922 3063 sua
1975 3017 2168 3061 natura
2220 3021 2325 3061 non
2367 3005 2636 3070 estliber,
2689 3004 2959 3073 quomodo
2998 3019 3192 3060 servus
3233 3005 3408 3059 factus

1826 3114 1946 3155 esse
1974 3099 2206 3162 dicetur,
2258 3107 2512 3167 tanquam
2554 3095 2818 3165 ejusmodi
2877 3104 3003 3150 ante
3048 3111 3154 3151 non
3189 3095 3406 3151 fuerit?

162 3200 229 3263 τὸ,
250 3187 689 3278 ένανθρωπῆσαι,
722 3208 916 3261 πολλοῦ
941 3226 1004 3278 γε
1029 3211 1138 3263 δεῖο
1165 3187 1258 3264 καὶ
1285 3187 1385 3281 τὴν
1410 3187 1503 3267 rei?
1533 3215 1721 3268 δούλου

1828 3192 1968 3262 Ergo
1999 3191 2206 3245 homini
2240 3204 2344 3243 non
2369 3189 2657 3243 conveniet
2689 3187 2964 3242 hominem
3006 3187 3146 3252 Iieri,
3183 3203 3408 3258 prorsus

166 3294 353 3364 μορφήν
377 3296 585 3362 λαϐεῖν,
609 3298 731 3368 οὐχὶ
758 3298 834 3369 τῷ
863 3303 955 3354 καὶ
978 3302 1036 3353 ὲν
1059 3301 1254 3373 ἀρχαῖς
1282 3305 1342 3357 τὸ
1363 3304 1458 3374 τῆς
1481 3305 1723 3370 δουλείας

163 3383 314 3452 ἔχοντι
343 3387 570 3458 μέτρον,
595 3389 714 3441 ἀλλ’
737 3391 930 3462 ἐκεινῳ
959 3392 1178 3462 μᾶλλον,
1201 3393 1260 3457 ὃς
1292 3395 1389 3446 οὐκ
1414 3396 1488 3448 ὢν
1509 3396 1720 3465 ἀνθρω-

165 3492 246 3539 to;
271 3477 404 3530 κατά
432 3480 625 3548 φῦσιν,
653 3481 812 3536 τοῦτο
840 3484 1093 3552 γενέσθαι
1123 3485 1457 3540 πιστεύεται*
1490 3487 1584 3540 καὶ
1617 3488 1723 3542 τῶν

163 3568 277 3621 ὅλων
303 3571 571 3642 ὑπάρχων
594 3575 890 3645 Δεσπότης,
915 3575 989 3640 ὠς
1020 3575 1175 3641 Θεὸς,
1191 3576 1432 3647 καθῆκεν
1450 3579 1642 3632 ἑαυτὸν
1665 3581 1724 3633 ὲν

164 3663 256 3720 τοῖς
281 3661 396 3715 καθ’
418 3666 596 3735 ἡμᾶς,
629 3665 835 3728 ένώσας
861 3665 1038 3736 ἑαυτῷ
1072 3667 1192 3720 καθ’
1215 3668 1518 3722 ὑπόστασιν
1543 3669 1604 3723 τὸ
1631 3672 1724 3724 άν-

163 3749 428 3820 θρώττινον,
465 3756 568 3810 καὶ
614 3755 714 3826 τὴν
765 3755 859 3810 τοῦ
907 3757 1094 3811 δούλου
1153 3758 1366 3830 μορφήν
1413 3759 1720 3815 ἀναλαϐών.

164 3840 298 3896 Οὕτω
325 3847 432 3918 γὰρ
465 3848 622 3900 ἔσται
652 3848 747 3900 καὶ
778 3849 976 3920 ἀληθὲς
1004 3851 1141 3921 ὅπερ
1174 3850 1330 3922 ἔφης,
1357 3851 1440 3905 ὅτι
1464 3852 1601 3924 μετά
1625 3853 1724 3925 τὴν

164 3931 403 4004 ἀνάληψιν
431 3937 495 3989 οὐ
527 3935 752 3990 δύναται
778 3938 1057 3992 καλεῖσθαι
1103 3940 1527 4012 κεχωρισμένως
1571 3942 1720 4008 Υἱὸς,

165 4019 236 4071 ἵνα
276 4023 347 4094 μή
374 4025 468 4078 δύο
496 4026 651 4088 olei»;
681 4026 1121 4099 δογματξσωμεν.
1154 4031 1263 4084 Καὶ
1289 4033 1322 4102 ή
1359 4030 1460 4102 μὲν
1495 4031 1603 4085 τῶν
1635 4031 1721 4086 δο-

163 4114 364 4180 γμάτων
404 4117 546 4189 ὀρθή
579 4135 637 4171 τε
692 4120 784 4172 καὶ
812 4119 1190 4191 ἀδιάστροφος,
1237 4123 1331 4175 καὶ
1359 4125 1440 4187 εις
1469 4124 1598 4178 εὐθὺ
1642 4123 1723 4178 δια

166 4206 377 4284 ᾴττουσα
410 4210 626 4282 τρίϐος,
657 4211 751 4282 ἥδε
776 4211 836 4263 τέ
862 4211 980 4266 ἐστι
1010 4213 1104 4266 καλ⁸
1131 4214 1228 4284 οὐχ
1258 4214 1441 4286 ἑτέρα.
1472 4214 1644 4279 Αὐτὸς
1667 4215 1724 4269 δὲ

162 4293 215 4362 δὴ
245 4300 418 4368 πάλιν,
455 4303 485 4353 ὁ
511 4300 616 4367 τήν
639 4299 1052 4374 ένανθρὼπησιν
1082 4305 1215 4374 ἡμῖν
1247 4305 1521 4375 ὀνομάσας
1541 4303 1637 4359 τοῦ
1660 4305 1725 4359 ὲκ

165 4383 354 4457 Πατρὸς
381 4390 542 4452 ὄντος
575 4389 771 4459 Λόγου,
815 4392 1099 4463 μονονουχὶ
1129 4391 1223 4446 καὶ
1256 4393 1334 4458 εἱς
1365 4393 1534 4465 λήθην
1562 4394 1725 4458 εὐθὺς

163 4465 226 4525 ὧν
254 4478 350 4551 ἔφη
390 4479 770 4553 παρενεχθεὶς,
807 4483 1043 4552 διϊστησι
1072 4484 1233 4538 πάλιν
1263 4485 1342 4549 εἰς
1369 4485 1463 4538 δύο
1488 4484 1580 4539 τὸν
1604 4484 1721 4551 ἕνα,

1827 3281 1973 3336 nullo
2021 3281 2200 3345 modo,
2236 3289 2292 3333 et
2323 3278 2466 3334 scrvi
2502 3278 2732 3334 formam
2776 3279 3048 3349 accipere,
3103 3293 3210 3334 non
3240 3280 3288 3334 ei
3313 3281 3408 3348 qui

1825 3378 1991 3432 etiam
2034 3393 2064 3430 a
2117 3375 2384 3445 principio
2438 3386 2750 3429 mensuram
2817 3381 2980 3441 atque
3037 3371 3409 3427 conditionem

1824 3469 2098 3524 servitutis
2126 3468 2356 3532 habeat;
2414 3466 2509 3522 sed
2536 3466 2613 3520 illi
2648 3464 2929 3531 nimirum,
2957 3463 3048 3534 qui
3081 3477 3204 3518 cum
3239 3463 3408 3517 homo

1826 3577 1932 3616 non
1984 3569 2131 3616 esset
2169 3558 2469 3614 secundum
2500 3566 2774 3621 naturam,
2807 3555 2859 3609 id
2893 3556 3070 3610 factus
3115 3568 3238 3610 esse
3282 3567 3407 3609 cre-

1826 3653 1971 3707 ditur
2001 3661 2094 3717 ;et
2122 3666 2245 3706 cum
2275 3649 2654 3703 universorum
2707 3655 2855 3702 esset
2892 3644 3177 3708 Dominus,
3223 3653 3414 3714 utpote

1826 3745 1991 3809 Deus,
2048 3745 2292 3814 scipsum
2353 3740 2422 3795 ad
2476 3750 2667 3794 nostra
2731 3737 2952 3807 deiecit,
3047 3738 3246 3793 uniens
3305 3739 3412 3793 sibi

1825 3839 2118 3892 secundum
2175 3833 2514 3905 hypostasim
2605 3831 2778 3901 ipsam
2849 3830 3275 3896 humanitatem,
3352 3838 3409 3885 et

1825 3929 1967 3983 servi
2033 3926 2262 3982 formam
2316 3937 2620 3980 assumens.
2670 3921 2765 3978 Sic
2801 3936 3036 3992 namque
3058 3937 3244 3976 verum
3301 3920 3410 3976 erit

1826 4021 1968 4091 quod
1993 4019 2201 4084 dixisti,
2234 4026 2357 4087 post
2389 4013 2824 4084 assumptionem
2862 4029 2969 4068 non
3005 4029 3166 4083 posse
3211 4013 3411 4069 Filium

1826 4111 2013 4166 vocari
2092 4108 2349 4174 seorsim,
2424 4122 2491 4162 ne
2552 4107 2690 4162 duos
2766 4106 2907 4162 filios
2954 4107 3406 4174 dogmatizemus.

1825 4203 1904 4257 Ac
1935 4209 2082 4257 recta
2110 4199 2327 4270 quidem
2345 4206 2400 4252 et
2428 4197 2650 4253 mim‘me
2683 4211 2961 4267 perversa,
2982 4205 3038 4251 et
3060 4196 3112 4250 in
3135 4196 3404 4252 directum

1829 4293 2053 4350 tendens
2112 4290 2423 4360 dogmatum
2464 4287 2658 4344 semita
2700 4296 2897 4358 praeter
2947 4287 3089 4343 hanc
3141 4287 3285 4342 nulla
3326 4299 3411 4342 est

1827 4384 1967 4440 alia:
1999 4383 2122 4451 ipse
2170 4389 2349 4434 autem
2391 4379 2482 4448 qui
2532 4377 2973 4432 humanationem
3017 4373 3179 4433 Verbi
3209 4391 3274 4432 ex
3297 4376 3415 4432 Deo

1827 4473 2140 4531 exsistentis
2216 4469 2379 4537 dixit,
2457 4468 2852 4538 propemodum
2943 4467 2996 4521 in
3080 4465 3411 4522 oblivionem

164 4567 244 4618 καὶ
267 4574 380 4634 ταῖς
397 4572 510 4625 τῶν
526 4573 804 4641 ὀνομάτων
831 4573 1161 4648 [νοημάτων]
1189 4575 1486 4649 ὲξιτηλίαις
1510 4577 1720 4649 ἀσυφή·

1829 4567 1973 4623 illico
2015 4578 2202 4620 eorum
2243 4577 2362 4632 qua:
2438 4560 2599 4626 dixit,
2663 4561 2942 4628 abreptus,
3003 4574 3195 4615 rursus
3241 4574 3410 4614 unum

163 4655 252 4724 λως
275 4665 697 4736 ὲπινηχὸμενοςθ
733 4667 823 4720 καὶ
863 4670 1067 4736 φωναῖς
1102 4668 1485 4734 ἀϐασανίστοις
1515 4670 1603 4725 ἀεὶ
1633 4687 1726 4724 κε-

161 4755 434 4822 κρημένος.
480 4755 629 4826 Ἔφη
662 4759 791 4829 γάρ·
821 4759 998 4830 [⁹Δλλ’
1025 4760 1324 4833 ἐπειδήπερ
1369 4761 1568 4832 ἐκείνῳ
1602 4779 1727 4816 συν-

162 4843 313 4911 ῆπται
342 4849 419 4920 τῷ
471 4850 534 4902 ὲν
588 4850 731 4922 ἀρχῇ
765 4851 878 4905 ὄντι
909 4852 1047 4924 Υῑῷ,
1087 4852 1167 4924 τῷ
1218 4853 1354 4925 πρὸς
1396 4854 1559 4909 αὑτὸν
1599 4872 1724 4908 συν-

163 4938 393 5005 α’,;θέντι,
423 4943 487 4995 οὐ
544 4941 766 4998 δύναται
801 4945 941 4998 κατὰ
979 4945 1039 4998 τὸ
1086 4943 1304 5016 ἀξίωμα
1334 4946 1434 5016 τῆς
1479 4946 1726 5016 υἰότητος

163 5029 408 5105 διαίρεσιν
440 5034 701 5101 δέξασθαι
726 5053 740 5068 ·
776 5036 916 5090 κατά
941 5037 1002 5090 τὸ
1033 5037 1250 5106 ἀξίωμά
1291 5055 1455 5109 φησιν
1484 5037 1585 5107 τῆς
1610 5038 1722 5090 υἱό-

163 5142 323 5197 τητος,
353 5131 416 5183 οὐ
453 5129 597 5183 κατὰ
638 5130 739 5195 τάς
767 5129 977 5200 φύσεις.
1005 5130 1026 5204 ]
1060 5129 1268 5203 Ὀρθῶς
1309 5148 1393 5200 γε,
1427 5123 1471 5183 ὦ
1494 5131 1591 5184 τάν
1616 5148 1629 5161 ·
1665 5130 1726 5184 τὸ

165 5217 454 5289 ἀνασφαλὲς
503 5216 644 5276 εἶναι
688 5223 885 5292 δοκεῖν,
909 5263 923 5278 .
955 5263 970 5278 .
999 5263 1012 5278 .
1045 5223 1263 5295 ἀχρεῖον
1306 5224 1570 5294 παραιτῇ.
1612 5223 1725 5276 Ἀεὶ

163 5311 564 5385 διεγηγερμένῳ
600 5315 903 5386 κεχρῆσθαι
928 5314 1007 5386 τῷ
1034 5315 1198 5384 λόγῳ,
1231 5313 1318 5368 διὰ
1362 5315 1597 5384 σπουδῆς
1633 5314 1724 5369 τέ-

165 5399 322 5456 θειται
357 5422 462 5476 σοι.
495 5405 629 5457 Ἰδοὺ
655 5405 784 5476 γὰρ,
818 5405 926 5460 ἰδοὺ
957 5405 1182 5476 διαιρῶν
1212 5404 1311 5469 τὰς
1356 5404 1568 5473 φύσεις,
1598 5404 1724 5458 συλ-

162 5494 324 5564 λέγεις
371 5500 452 5561 εἰς
511 5499 706 5552 ’ἐνωσιν
754 5499 895 5552 κατά
934 5497 996 5552 τὸ
1030 5497 1251 5568 ἀξίωμα
1310 5498 1408 5570 τῆς
1451 5497 1720 5568 υἱότητος.

162 5584 274 5660 'Ap‘
300 5588 393 5645 οὖν
427 5592 644 5661 ἀπόχρη
674 5591 813 5661 πρὸς
839 5591 1032 5646 ἕνωσιν
1059 5590 1230 5661 ἀληθῆ
1257 5593 1370 5653 τοῖς
1392 5590 1532 5644 κατά
1560 5590 1722 5659 φύσιν

161 5678 387 5751 ἀλλήλων
427 5680 803 5750 διεστηκόσιν,
861 5682 895 5750 ή
937 5681 1042 5735 τῶν
1097 5683 1375 5751 ὀνομάτων
1432 5680 1718 5751 ταυτότης,

163 5770 313 5837 ἤγουν
341 5773 651 5844 ὁμωνυμία,
675 5775 770 5826 καὶ
793 5774 852 5827 τὸ
877 5775 996 5826 κατ’
1021 5774 1186 5848 αὐτὴν
1211 5775 1466 5846 ἀξίωμα;
1505 5774 1586 5828 σοὶ
1613 5775 1720 5845 γάρ

171 5864 248 5918 καὶ
276 5865 415 5920 οὕτω
440 5865 605 5936 φάναι
636 5865 804 5921 δοκεῖ.
836 5866 1065 5936 Οὐκοῦν,
1091 5868 1385 5935 ἐπειδήπερ
1411 5867 1470 5921 τό
1504 5883 1560 5921 τε
1591 5867 1719 5930 Χριο

1834 4660 1886 4714 itt
1977 4658 2084 4710 duo
2160 4654 2372 4717 dividit,
2470 4651 2717 4705 inauilati
2807 4651 3084 4705 nominum
3175 4651 3414 4706 absurde

1829 4751 2104 4813 innatans,
2160 4757 2214 4802 et
2261 4746 2483 4800 vocibus
2532 4759 2722 4813 parum
2796 4743 3125 4799 examinatis
3194 4757 3411 4812 semper

1827 4842 1938 4915 49
1965 4855 2124 4896 utens
2156 4864 2168 4898 :
2204 4841 2278 4893 ait
2300 4840 2440 4893 enim
2471 4857 2484 4892 :
2527 4836 2657 4909 [Sed
2689 4837 2816 4906 quia
2865 4837 2941 4891 illi
2977 4836 3296 4905 coniunctus
3320 4846 3406 4892 est

1826 4933 1964 4989 Filio
1995 4933 2084 5002 qui
2117 4941 2236 4986 erat
2265 4931 2317 4984 in
2351 4929 2635 4997 principio,
2669 4927 2769 4981 sibi
2829 4926 3080 4997 capulato
3103 4966 3118 4991 ,
3156 4941 3260 4982 non
3305 4941 3406 4996 po-

1829 5035 1955 5090 test,
1993 5024 2140 5094 quod
2171 5025 2236 5077 ad
2278 5023 2595 5093 dignitatem
2638 5019 2914 5075 tiliatiouis
2946 5021 3181 5082 attinet,
3228 5018 3407 5074 susci-

1825 5132 1953 5188 pere
2006 5115 2376 5170 divisionem:
2428 5114 2572 5183 quod
2612 5115 2680 5167 ad
2732 5113 3054 5184 dignitatem
3090 5111 3397 5180 ﬁliationis,

1825 5209 2068 5279 inquam,
2106 5222 2209 5263 non
2239 5208 2380 5277 quod
2411 5207 2480 5262 ad
2513 5204 2784 5277 naturas.]
2819 5204 3009 5269 Recte,
3051 5204 3136 5258 vir
3169 5205 3401 5274 optime,

1824 5301 1965 5367 quod
2001 5300 2220 5354 minime
2247 5307 2422 5354 tutum
2455 5313 2580 5354 esse
2637 5297 2951 5353 videtur....
3009 5305 3266 5365 tanquam
3314 5298 3399 5351 in-

1825 5391 1956 5446 utile
2011 5389 2236 5457 refugis.
2291 5389 2520 5459 Semper
2568 5388 2665 5443 tibi
2726 5387 2969 5458 vigilanti
3029 5401 3282 5441 sermone
3321 5386 3398 5440 uti

1823 5479 2060 5534 studium
2124 5478 2243 5532 fuit.
2297 5478 2435 5533 Ecce
2474 5478 2586 5547 jam
2633 5486 2783 5532 certe
2833 5476 3122 5532 dividendo
3173 5486 3400 5532 naturas

1822 5569 2030 5640 colligis
2050 5571 2115 5622 ad
2145 5569 2405 5624 unitatem
2423 5569 2716 5624 secundum
2736 5568 3011 5623 tiliationis
3038 5567 3357 5638 dignitatem
3381 5587 3395 5623 :

1824 5678 1950 5718 num
1981 5663 2147 5732 igitur
2171 5664 2236 5716 ad
2253 5662 2505 5718 unionem
2523 5677 2706 5717 verum
2739 5676 2916 5715 rerum
2946 5663 3087 5714 inter
3113 5677 3170 5716 se
3197 5671 3395 5715 natura

1821 5754 2354 5811 distantinmsullicit
2393 5754 2830 5825 cognominatio,
2882 5767 2974 5806 seu
3022 5753 3394 5824 homonymia,

1821 5857 1875 5906 ct
1907 5847 2142 5922 dignitas
2190 5863 2310 5919 qua:
2356 5848 2477 5904 inde
2507 5846 2765 5902 exsistit?
2817 5845 2892 5900 sic
2925 5859 3155 5915 uanique
3207 5846 3390 5900 dicere
