4104 6528
666 471 728 522 9|
1690 466 1751 522 Β.
1787 465 2060 520 αιἰιιιιι
2102 463 2572 521 ΑιΕχΑΝυιιιΝι
2611 462 2932 520 ARCUIEP.
3860 467 3927 523 9'2

667 582 763 635 tibi
795 582 985 650 placet.
1017 582 1155 653 Ergo
1182 582 1435 652 quoniam
1457 581 1660 638 Christi
1693 598 1912 646 nomen,
1948 591 2002 637 et
2031 598 2226 636 nomen

2342 582 2464 644 στος
2488 580 2680 651 ὄνομα,
2713 582 2806 634 καὶ
2846 579 2952 651 μὴν
2987 580 3074 646 τὸ,
3111 580 3239 643 Υἱὸς
3270 580 3364 634 καὶ
3394 580 3618 652 Κύριος,
3657 582 3814 636 κοινά
3838 585 3926 636 τέ-

666 681 954 741 propterea
990 670 1107 725 Filii
1141 683 1195 726 et
1253 672 1460 724 Domini
1508 672 1672 725 etiam
1709 671 1831 726 aliis
1878 675 2242 726 communiter

665 766 912 832 imposita
943 773 1090 826 sunt,
1128 781 1249 818 nam
1285 765 1500 833 plurimi
1535 779 1668 818 sane
1709 761 1862 817 fuere
1912 763 2142 826 Christi,
2187 771 2242 816 et

665 855 840 908 vocati
871 864 998 908 sunt
1025 853 1120 908 lilii
1163 864 1218 909 et
1267 854 1494 920 domini,
1541 863 1702 908 erunt
1747 854 1848 923 ipsi
1895 868 2111 922 quoque
2155 868 2239 907 se-

665 945 903 999 cundum
961 944 1244 999 liliationis
1275 945 1594 1014 dignitatem
1649 945 1790 998 inter
1845 960 1905 998 se
1948 944 2236 1009 individui,

658 1041 715 1087 ‘et
741 1050 903 1088 unum
960 1050 1147 1088 onmes
1203 1052 1264 1090 ea
1325 1037 1530 1092 unitate
1576 1052 1737 1106 quam
1799 1037 1919 1104 ipse
1972 1038 2136 1091 etiam
2186 1037 2238 1089 in

664 1122 881 1178 Christo
914 1141 1033 1179 esse
1057 1125 1348 1194 perfectam
1384 1138 1540 1196 putas
1573 1145 1584 1179 :
1619 1128 1845 1181 distabit
1873 1138 2053 1183 autem
2081 1142 2237 1196 pror-

667 1230 757 1266 sus
798 1216 956 1268 homo
992 1218 1162 1270 nostri
1207 1218 1399 1272 similis
1429 1234 1456 1271 a
1493 1219 1599 1273 Deo
1656 1217 1850 1273 Verbo.
1900 1218 2018 1274 Hoc
2058 1219 2236 1289 posito

663 1311 935 1373 quomodo
983 1323 1086 1361 non
1147 1324 1336 1363 rursus
1374 1309 1532 1362 divisi
1583 1319 1776 1373 erunt,
1829 1319 1920 1364 aut
1965 1308 2237 1379 quomodo

663 1398 828 1450 etiam
882 1413 1020 1452 unus
1053 1398 1261 1464 Filius,
1311 1400 1612 1469 intelligere
1665 1415 1770 1453 non
1818 1415 2076 1468 possum,
2132 1399 2232 1454 nisi

662 1488 955 1542 secundum
993 1490 1246 1555 unionem
1285 1503 1466 1543 veram
1499 1491 1820 1544 convenisse
1844 1490 2232 1542 humanitatem

663 1592 786 1630 cum
837 1575 1016 1632 Verbo
1078 1578 1398 1636 dixerimus.
1470 1576 1576 1633 Sed
1635 1579 1762 1648 quia
1815 1588 2032 1647 prapter
2072 1579 2232 1647 hujus

662 1668 899 1722 hominis
930 1683 1091 1723 voces
1125 1683 1346 1724 necesse
1372 1678 1456 1725 est
1480 1671 1648 1724 etiam
1674 1685 1772 1740 per
1802 1669 2066 1724 absurdas
2099 1685 2226 1724 sen-

663 1760 856 1813 tentias
891 1761 1191 1814 orationem
1223 1760 1614 1826 circumferre,
1672 1770 1732 1814 ut
1786 1762 2025 1831 undique
2068 1776 2228 1816 σου-ο

660 1859 853 1919 guatur
893 1852 1034 1905 haud
1086 1863 1230 1906 recte
1258 1853 1537 1916 sensisse,
1603 1853 1828 1920 agedum
1880 1852 2008 1908 illud
2065 1854 2226 1908 etiam

657 1943 928 1997 dicamus:
951 1941 1082 1996 Nam
1115 1944 1161 1998 si
1191 1945 1325 1998 satis
1355 1955 1439 1999 est
1464 1946 1528 1999 ad
1556 1947 1805 2000 unionem
1828 1947 2060 2014 dignitas
2093 1946 2228 2000 lilia-
2261 1922 2300 1976 Β

660 2035 840 2100 tionis,
899 2037 1152 2103 quoniam
1212 2037 1517 2104 appellatur
1575 2045 1759 2090 etest
1819 2035 1987 2090 Filius
2031 2036 2121 2090 Dei
2166 2052 2229 2091 ac

657 2125 835 2180 Patris
870 2127 998 2180 illud
1038 2143 1099 2180 es
1143 2129 1255 2196 ipso
1287 2126 1539 2188 Verbum.
1567 2138 1621 2182 ut
1653 2143 1942 2183 commune
1977 2139 2058 2182 est
2086 2129 2225 2182 mul-

655 2219 724 2271 tis
757 2217 877 2271 aliis
909 2218 1010 2272 hoc
1043 2233 1262 2281 nomen,
1296 2219 1450 2287 quid,
1486 2235 1616 2288 rogo
1644 2229 1716 2284 te,
1752 2222 2003 2288 prohibet
2041 2223 2226 2276 dicere

652 2318 707 2362 et
739 2310 883 2378 ipsos
908 2319 962 2363 et
994 2309 1128 2364 alios
1151 2324 1339 2364 omnes
1367 2309 1438 2362 illi
1479 2311 1660 2364 unitos
1691 2326 1811 2366 esse
1832 2352 1846 2376 ,
1902 2320 1960 2365 ut
2001 2311 2226 2365 Eunna-

654 2399 776 2453 nuel
807 2400 938 2454 nihil
964 2401 1291 2468 prwciputnn
1322 2417 1483 2468 supra
1520 2402 1665 2468 ipsos
1713 2403 1949 2456 habeat?
1993 2413 2220 2458 conten-

651 2491 742 2544 det
768 2492 909 2544 enim
939 2507 1057 2546 cum
1089 2507 1174 2556 eo,
1211 2502 1266 2547 ut
1298 2503 1724 2548 consentaneum
1756 2505 1860 2562 est,
1915 2496 1982 2550 de
2024 2497 2220 2566 aequali

649 2581 854 2636 honore
914 2583 1213 2636 decertabit
1269 2584 1318 2636 id
1351 2587 1712 2654 quodcunque
1757 2587 2069 2640 eorumdem
2126 2603 2221 2642 no-

650 2672 856 2726 minum
905 2675 1217 2744 dignitatem
1268 2687 1351 2729 est
1400 2677 1693 2745 adeptum;
1747 2688 1802 2732 et
1865 2679 1952 2734 ille
1998 2682 2222 2750 conjun—

649 2764 848 2819 ctionis
867 2766 1057 2820 modus
1086 2767 1134 2819 in
1160 2769 1297 2818 nuda
1324 2767 1544 2836 solaque
1565 2771 2216 2839 residebitappellatione,

650 2855 731 2910 vel
760 2857 1124 2926 homOnymia.
1162 2857 1278 2911 Jam
1307 2874 1432 2913 vero
1455 2861 1714 2929 quidnam
1749 2877 1869 2917 esse
1893 2865 2220 2935 intelligetur

649 2945 765 3015 ipsa
797 2949 1150 3002 humanatio?
1177 2950 1307 3017 quid
1362 2961 1622 3018 praeterea
1658 2954 1764 3007 erit
1801 2955 1945 3022 quod
1972 2956 2038 3008 ad
2073 2955 2215 3010 servi

649 3037 876 3092 formam
911 3039 1232 3094 descendit?
1268 3039 1400 3094 Nam
1437 3043 1505 3103 si.
1541 3055 1595 3096 ut
1627 3044 1739 3112 ipse
1768 3046 1984 3108 asserit,
2021 3046 2211 3101 huma-

647 3130 883 3183 nationis
917 3135 1102 3185 modus
1125 3133 1438 3201 coniunctio
1470 3134 1716 3204 qntedam
1765 3146 1848 3189 est
1896 3138 2120 3206 simplex
2163 3151 2216 3193 ct

645 3221 942 3274 secundum
1001 3221 1167 3274 solum
1214 3222 1488 3277 liliatiunis
1543 3226 1882 3294 dignitatem,
1911 3231 2037 3296 quid
2087 3247 2202 3300 pro-
2241 3247 2283 3304 (ι

647 3309 795 3364 bibet
849 3325 967 3364 eam
1053 3312 1488 3380 conjunctionem
1523 3315 1572 3367 in
1627 3315 1746 3370 aliis
1803 3318 1968 3372 etiam
2042 3323 2219 3374 omni-

645 3403 746 3456 bus
791 3401 984 3456 factam
1014 3403 1236 3459 dicere?
1284 3405 1392 3461 Sed
1455 3408 1640 3474 procul
1684 3408 1851 3464 dubio
1908 3411 1999 3480 qui
2043 3413 2217 3468 solers

645 3502 730 3548 est
763 3504 816 3548 et
847 3503 1057 3560 acutus,
1079 3497 1340 3566 prospicit
1365 3497 1483 3567 ejus
1512 3499 1781 3555 orationis
1799 3499 2210 3558 absurditatem.

644 3585 886 3651 Quonam
920 3586 1081 3656 igitur
1115 3586 1301 3652 fertur,
1332 3592 1400 3644 ad
1427 3605 1488 3645 ea
1527 3605 1646 3660 quae
1690 3593 1874 3646 dicere
1926 3594 2080 3650 nefas
2109 3606 2214 3661 est,

645 3677 950 3746 impulsus?
999 3676 1224 3734 Dicetur
1245 3690 1425 3737 autem
1454 3681 1531 3736 illi
1565 3697 1596 3734 a
1628 3683 1784 3738 nobis
1816 3684 1944 3739 illud
1967 3685 2216 3742 Jeremize

642 3769 846 3823 dictum
883 3785 898 3822 :
944 3787 962 3819 ι
988 3768 1043 3822 In
1074 3770 1416 3826 multitudine
1441 3772 1543 3827 viae
1566 3782 1669 3827 tua:
1696 3774 1952 3830 laborasti
1979 3778 2022 3808 "
2042 3795 2088 3844 ς»
2118 3777 2216 3832 ﬂu-

641 3870 789 3914 ctuat
826 3860 992 3925 enim,
1027 3871 1081 3918 et
1101 3862 1250 3916 omni
1283 3873 1444 3919 vento
1467 3865 1876 3934 circumfertur,
1934 3878 1992 3924 ut
2020 3871 2215 3926 beatus

642 3949 842 4006 Paulus
872 3953 945 4006 ait
1000 3952 1069 4008 “.
1104 3954 1307 4024 Accipe
1339 3956 1504 4025 igitur
1534 3959 1834 4014 anchoram
1889 3959 1997 4030 50
2020 3963 2215 4018 auium:

639 4050 812 4096 tutam
843 4059 908 4097 ac
951 4044 1180 4108 lirmam,
1212 4055 1391 4100 statue
1415 4061 1576 4115 supra
1619 4058 1832 4117 petram
1867 4053 2032 4120 pedes
2063 4063 2208 4108 tuos.

643 4136 698 4189 Si
737 4137 1009 4191 hominem
1039 4135 1240 4189 factum
1281 4137 1452 4206 ipsum
1489 4138 1579 4193 Dei
1615 4139 1849 4196 Verbum
1878 4143 2051 4212 dicis,
2109 4147 2212 4200 huc

641 4227 814 4293 ipsum
839 4227 971 4280 satis
1000 4237 1083 4281 est
1111 4226 1176 4280 ad
1207 4228 1583 4296 explicandum
1616 4233 1785 4286 nostri
1812 4233 2046 4290 similem
2129 4237 2212 4290 l'a-

644 4327 793 4372 ctum
823 4333 943 4373 esse
965 4319 1145 4382 illum,
1178 4319 1269 4389 qui
1301 4330 1382 4374 est
1414 4337 1578 4390 supra
1607 4338 1819 4379 omnem
1851 4339 2160 4384 creaturam
2195 4349 2208 4385 :

639 4409 846 4478 accepit
877 4410 1016 4464 servi
1056 4398 1313 4476 formam,
1360 4414 1606 4477 quamvis
1633 4414 1934 4472 libertatem
1963 4430 2022 4474 ut
2071 4421 2210 4480 Deus

2343 670 2547 725 θεινται
2587 673 2678 724 καὶ
2702 671 2930 743 ἑτέροις,
2960 671 3204 724 πλεῖστοι
3232 670 3340 744 γάρ
3369 674 3483 726 ὅσοι
3517 673 3773 742 γεγόνασι
3813 690 3926 744 χρι-

2343 764 2481 826 στοὶ,
2519 763 2812 833 κέκληνται
2841 761 2899 816 δὲ
2944 763 3039 815 καὶ
3088 762 3193 816 υἱοὶ
3223 763 3318 815 καὶ
3353 761 3554 833 κύριοι,
3588 760 3698 815 εἷεν
3730 762 3796 815 ἂν
3832 766 3925 816 καὶ

2341 853 2498 906 αὐτοὶ
2537 851 2676 905 κατά
2707 851 2768 904 τὸ
2810 849 3025 921 ἀξίωμα
3068 851 3166 921 τῆς
3210 851 3492 919 υῐότητος,
3534 851 3832 921 ἀδιαίρετοι
3869 869 3923 903 τε

2341 942 2606 1013 ἀλλήλων,
2629 941 2723 994 καὶ
2753 939 2811 993 ἓν
2837 943 2887 994 οἱ
2917 941 3116 1004 πάντες
3145 939 3267 994 καθ’
3292 941 3506 1006 ἕνωσιν,
3526 940 3592 1010 ἦν
3615 941 3677 1009 δὴ
3707 943 3923 1011 πεπρᾶ-

2341 1035 2470 1106 χθαι
2493 1035 2736 1105 νομίζεις
2781 1034 2943 1097 αὐτὸς
2976 1034 3070 1086 καὶ
3118 1035 3211 1086 ἐπὶ
3252 1033 3522 1105 Χριστοῦν
3551 1031 3820 1100 διεστήξει
3858 1035 3921 1103 δὴ

2339 1129 2478 1191 ὅλως
2510 1126 2647 1197 πρὸς
2677 1127 2770 1178 τὸν
2801 1128 2865 1179 ἐκ
2901 1124 3037 1178 Θεοῦ
3079 1127 3250 1193 Λόγον
3281 1124 3564 1194 ἄνθρωπος
3603 1123 3724 1176 καθ’
3747 1125 3916 1193 ἡμᾶς.

2340 1215 2473 1272 Εἶτα
2501 1219 2618 1281 πῶς
2662 1220 2724 1271 οὑ
2759 1218 3044 1288 διῄρηνται
3075 1217 3253 1278 πάλιν,
3285 1216 3401 1279 πῶς
3432 1216 3490 1270 δὲ
3532 1217 3623 1268 καὶ
3657 1216 3781 1279 Υἱὸς
3815 1211 3915 1279 εἷς,

2337 1310 2439 1361 οὐκ
2460 1309 2568 1378 ἐχω
2593 1312 2753 1371 νοεῖν,
2776 1311 2823 1361 ει
2855 1309 2931 1378 μὴ
2952 1307 3074 1361 καθ’
3096 1308 3290 1360 ’ἐνωσιν
3317 1307 3490 1378 ἀληθῆ
3516 1307 3918 1377 συμϐεϐηκέναι

2336 1400 2517 1470 φαμὲν
2551 1399 2628 1470 τῷ
2657 1400 2815 1469 Λόγῳ
2849 1399 2908 1452 τὸ
2941 1399 3302 1468 ἀνθρώπινον.
3338 1399 3552 1468 Ἐπειδὴ
3587 1400 3642 1452 δὲ
3674 1400 3800 1470 χρὴ,
3831 1401 3920 1453 διά

2333 1509 2398 1560 γε
2424 1492 2523 1554 τὰς
2543 1491 2731 1544 τούτου
2762 1491 2966 1558 φωνὰς,
2993 1493 3087 1544 καὶ
3117 1493 3196 1552 εἰς
3227 1491 3495 1554 ὲκτόπους
3522 1491 3728 1555 ἐννοίας
3760 1509 3916 1562 περι-

2334 1586 2579 1652 ινεγκεῖν
2611 1583 2701 1636 τὸν
2758 1582 2936 1649 λόγον,
2970 1583 3057 1634 ἵνα
3108 1582 3443 1652 πανταχόθεν
3487 1582 3776 1654 ἐλέγχηται
3822 1601 3917 1637 περ

2333 1674 2621 1744 φρονηκὼς
2647 1676 2747 1726 οὑκ
2773 1675 2927 1745 ὀρθὰ,
2955 1674 3085 1744 φέρε
3113 1674 3200 1744 δὴ,
3224 1673 3376 1744 φέρε,
3400 1676 3617 1728 κάκεῖνο
3645 1675 3910 1747 λέγωμεν*

2334 1766 2396 1818 El
2429 1767 2536 1836 γὰρ
2566 1767 2726 1835 ἀρκεῖ
2747 1765 2883 1834 πρὸς
2911 1765 3124 1827 ἕνωσιν,
3166 1768 3266 1834 τῆς
3298 1766 3545 1836 υῑότητος
3581 1766 3642 1818 τὸ
3675 1767 3913 1834 ἀξίωμα,

2332 1855 2518 1924 ἐπειδὴ
2559 1855 2805 1907 καλεῖταί
2832 1872 2889 1907 τε
2922 1856 3017 1907 καὶ
3051 1855 3197 1907 ἐστιν
3233 1855 3357 1918 Υἱὸς
3385 1855 3477 1908 τοῦ
3510 1856 3644 1908 Θεοῦ
3679 1859 3773 1909 καὶ
3803 1859 3914 1910 Πα-

2327 1944 2454 2014 τρὺς
2483 1947 2510 1997 ὁ
2566 1945 2625 2009 ἐξ
2675 1944 2840 1997 αὐτοῦ
2888 1945 3081 2013 Λόγος,
3129 1946 3305 1998 κοινὸν
3351 1945 3407 1999 δὲ
3459 1947 3674 2010 πολλοῖς
3731 1948 3916 2013 ἀλλοις

2327 2034 2587 2104 τοῠνομα.
2612 2035 2663 2086 τί
2697 2035 2758 2087 τὸ
2787 2036 3014 2099 λυποῦν,
3033 2037 3154 2089 εἰπέ
3189 2054 3304 2105 μοι,
3325 2037 3421 2090 καὶ
3448 2038 3644 2101 αὐτοὺς
3670 2039 3912 2107 ἡνῶσθαι

2328 2126 2510 2195 λέγειν
2531 2127 2700 2197 αὐτῷ,
2723 2130 2815 2181 καὶ
2838 2131 2963 2192 τοὺς
2984 2129 3179 2192 ἀλλους
3205 2131 3470 2195 ἅπαντας,
3488 2133 3576 2185 ἶνα
3615 2133 3781 2203 μηδὲν
3809 2135 3915 2205 ἔχῃ

2328 2218 2458 2288 παρ’
2491 2218 2689 2281 αὐτοὺς
2730 2219 2789 2272 τὸ
2835 2219 3017 2272 πλεῖον
3042 2221 3070 2272 6
3118 2221 3498 2291 Ἐμμανουήλ;
3541 2224 3912 2294 φιλονεικήσει

2326 2307 2434 2376 γάρ
2466 2309 2606 2360 κατᾶ
2640 2309 2698 2360 τὸ
2727 2310 2877 2372 εἰκὸς
2905 2309 3074 2379 αὐτῷ.
3109 2310 3202 2362 καὶ
3235 2313 3366 2381 περὶ
3384 2312 3492 2364 τῶν
3525 2313 3656 2366 ἰσων
3677 2313 3909 2383 ἁμιλλή-

2328 2415 2479 2452 σεται
2512 2400 2572 2451 τὸ
2615 2399 2722 2451 τῶν
2752 2401 2930 2452 αὐτῶν
2984 2403 3261 2472 ὀνομάτων
3295 2404 3629 2474 ἠξιωμένονο
3676 2405 3769 2458 καὶ
3807 2408 3908 2475 τῆς

2326 2489 2619 2556 συναφείας
2660 2492 2789 2558 ἡμῖν
2823 2493 2850 2542 6
2898 2491 3134 2561 τρόπος.
3185 2493 3325 2546 κατά
3371 2493 3532 2565 ψιλὴν
3581 2497 3674 2548 καὶ
3736 2496 3907 2567 μόνην

2324 2579 2476 2630 ἔσται
2511 2579 2606 2650 τὴν
2637 2582 2850 2650 κλῆσιν,
2886 2583 3055 2652 ῆγουν
3097 2585 3196 2654 τὴν
3223 2587 3564 2655 ὁμωνυμίαν.
3593 2584 3728 2641 Εἶτα
3765 2587 3817 2640 τί
3845 2589 3907 2641 τὸ

2321 2661 2436 2738 τῆς’
2467 2670 2934 2742 ὲνανθρωπήσεως
2957 2675 3158 2726 νοεῖται
3197 2675 3418 2744 χρῆμα,
3453 2677 3504 2728 τί
3533 2676 3592 2728 δὲ
3621 2677 3757 2747 πρὸς
3779 2675 3904 2730 τού-

2321 2779 2417 2832 τῳ,
2449 2763 2544 2816 καὶ
2585 2764 2666 2825 τὸ,
2703 2766 2760 2816 ὲν
2792 2767 2860 2836 τῇ
2886 2763 2980 2817 τοῦ
3009 2765 3196 2818 δούλου
3238 2767 3558 2821 καθικέσθαι
3587 2773 3804 2840 μορφῇς
3840 2769 3906 2822 Et

2320 2853 2428 2922 γάρ
2472 2853 2589 2905 ἐστι
2617 2855 2739 2905 κατ’
2780 2852 2944 2905 αὐτὸν
2980 2854 3009 2904 6
3049 2855 3148 2924 τῆς
3192 2856 3658 2927 ὲνανθρωπήσεως
3698 2859 3903 2928 τρόπος

2321 2942 2589 3011 συνάφειά
2614 2960 2698 3006 τις
2733 2943 2884 3015 ψιλὴ.
2929 2945 3024 2998 καὶ
3058 2946 3199 2999 κατά
3233 2947 3392 3016 μόνον
3433 2948 3531 3018 τῆς
3568 2951 3808 3020 υῐότητος
3844 2948 3903 3003 τὸ

2317 3035 2554 3106 ἀξίωμα,
2578 3036 2630 3088 τί
2656 3035 2717 3089 τὸ
2752 3035 2958 3089 κωλῦον
2996 3037 3075 3090 ἔτι
3112 3039 3205 3091 καὶ
3248 3040 3340 3091 ἐπὶ
3377 3041 3486 3102 τοῖς
3522 3040 3699 3104 ἄλλοις
3728 3043 3904 3095 ἅπασι

2318 3127 2631 3198 πεπρᾶχθαι
2661 3127 2843 3194 λέγειν
2875 3129 3080 3199 adt-11v;
3117 3130 3255 3182 Ἀλλ’
3277 3125 3377 3198 δ’ρα
3399 3132 3509 3199 (15)
3536 3149 3635 3185 που
3660 3134 3900 3193 πάντως.

2316 3221 2344 3271 6
2375 3219 2702 3289 φιλομαθὴς.
2732 3219 2826 3272 τοῦ
2858 3219 3016 3288 λόγου
3047 3221 3107 3273 τὸ
3135 3221 3388 3284 άκαλλές.
3421 3222 3519 3274 Ποῖ
3540 3222 3602 3293 δὴ
3633 3219 3726 3276 οὖν
3757 3225 3900 3277 61:0-

2321 3309 2544 3380 φέρεται
2592 3309 2728 3380 πρὸς
2768 3310 2803 3362 ἃ.
2843 3309 2916 3379 μὴ
2965 3311 3125 3380 θέμις
3153 3310 3494 3380 ὲξεστηκώςς
3528 3312 3901 3382 Εἱρήσεταιδὲ

2318 3402 2452 3471 πρὸς
2484 3401 2640 3471 ἡμῶν
2657 3401 2804 3472 αὐτῷ
2835 3401 2894 3454 τὸ
2925 3402 3010 3454 διὰ
3040 3402 3134 3472 τῆς
3171 3403 3433 3475 Ἰερεμίου
3469 3403 3653 3474 φωνῆς
3675 3421 3688 3434 ·
3713 3423 3732 3456 ι
3765 3403 3901 3470 Ταῖς

2318 3492 2622 3555 πολυοδίαις
2655 3510 2746 3544 σου
2782 3494 3129 3556 ὲκοπίασας.»
3161 3494 3562 3558 Κλυδωνίζεται
3591 3498 3700 3567 γὰρ
3713 3498 3902 3569 ἀνέμῳ

2317 3584 2482 3636 παντὶ
2508 3586 2962 3653 περιφερόμενος,
3001 3583 3144 3638 καθά
3174 3602 3338 3656 φησιν
3356 3587 3384 3639 6
3412 3585 3724 3656 σοφώτατος
3761 3590 3904 3642 Παῦ-

2317 3675 2432 3736 λος.
2457 3673 2667 3726 Οὑκοῦν
2695 3675 2851 3744 δέχου
2888 3674 2983 3744 τὴν
3011 3675 3258 3746 ἄγκυραν
3284 3676 3380 3746 τῆς
3408 3676 3585 3748 ψυχῆς
3606 3678 3703 3749 τὴν
3726 3679 3902 3748 ἀτερα-

2317 3766 2384 3836 λῆ
2413 3768 2507 3820 καὶ
2540 3767 2787 3837 βεϐαίαν,
2823 3771 3018 3839 στῆσον
3053 3771 3147 3822 ἐπὶ
3189 3771 3396 3839 πέτραν
3421 3774 3544 3835 τοὺς
3575 3773 3768 3826 ἑαυτοῦ
3805 3777 3901 3826 πόο

2313 3857 2431 3921 δας.
2462 3859 2524 3911 ΕΞ
2563 3860 2980 3929 ὲνανθρωπῆσαι
3007 3861 3115 3932 φὴς
3156 3862 3246 3914 τὸν
3286 3861 3379 3914 τοῦ
3411 3862 3543 3914 Θεοῦ
3574 3865 3762 3932 Λόγον.
3796 3867 3900 3936 ἀρ-

2320 3951 2472 4004 κέσει
2500 3951 2655 4005 τοῦτο
2691 3952 2826 4019 πρὸς
2868 3953 3098 4025 δήλωσιν
3146 3955 3236 4008 τοῦ
3282 3955 3403 4009 καθ’
3452 3958 3600 4027 ἡμᾶς
3639 3959 3898 4025 γενέσθαι

2313 4045 2405 4097 τὸν
2436 4045 2578 4115 ὑπὲρ
2629 4047 2810 4099 πᾶσαν
2839 4046 2940 4116 τὴν
2971 4047 3147 4099 κτίσιν
3170 4064 3182 4076 ·
3230 4048 3388 4100 ἔλαϐε
3440 4047 3536 4118 τὴν
3578 4049 3668 4101 τοῦ
3707 4049 3896 4102 δούλου

2317 4136 2550 4205 μορφὴν,
2577 4135 2752 4190 καίτοι
2775 4137 2876 4207 τὴν
2905 4136 3219 4210 ἐλευθερίαν
3245 4137 3384 4208 ἔχων
3402 4139 3474 4202 ὡς
3497 4136 3758 4203 ΘεόςῙΗν
3785 4143 3897 4212 γὰρ

2313 4227 2373 4280 ὲν
2411 4227 2618 4299 ἰσότητι
2648 4229 2742 4280 τοῦ
2771 4229 3005 4298 Πατρὸς,
3036 4228 3132 4282 τοῦ
3159 4229 3220 4283 τὸ
3253 4230 3394 4283 κατὰ
3431 4232 3646 4285 πάντων
3675 4233 3897 4303 ἑχοντος

2314 4314 2536 4386 κράτος.
2573 4317 2788 4370 Παῦσαι
2808 4317 3034 4388 διαιρῶν
3053 4319 3160 4390 ,τὰς
3186 4319 3374 4388 φύσεις
3405 4321 3542 4392 μετά
3561 4323 3657 4392 τὴν
3675 4323 3891 4378 ἕνωσιν.

2313 4405 2438 4463 Ὀτι
2461 4408 2560 4477 μὲν
2577 4408 2683 4480 γὰρ
2711 4409 2894 4476 ἔτερόν
2921 4426 2993 4470 τι,
3017 4410 3109 4462 καὶ
3146 4410 3332 4481 ἕτερόν
3353 4414 3500 4465 ἐστιν
3522 4415 3555 4483 ἧ
3577 4430 3636 4466 τε
3659 4412 3780 4466 θεία
3799 4417 3895 4468 καὶ

640 4499 895 4564 haberet;
943 4517 1065 4556 nam
1116 4515 1238 4558 erat
1280 4503 1336 4558 in
1377 4506 1686 4574 aequalitate
1741 4505 1917 4565 Patris
1962 4510 2081 4578 ejus
2115 4516 2205 4582 qui

2325 4502 2342 4569 ἡ
2368 4499 2657 4570 ἀνθρώπου
2689 4499 2868 4569 φύσις,
2891 4501 3095 4571 πρέποι
3127 4501 3193 4554 ἂν
3225 4502 3442 4566 εἰδέναι,
3476 4504 3567 4556 καὶ
3597 4506 3895 4572 ἀναγκαῖον

638 4603 802 4658 super
852 4591 1034 4645 omnia
1086 4592 1296 4648 obtinet
1352 4594 1663 4664 imperium.
1720 4597 1915 4655 Desine
1962 4603 2204 4660 dividere

2325 4588 2446 4642 εἷναί
2486 4607 2628 4660 φημι
2655 4593 2768 4652 τοῖς
2797 4589 3107 4661 ἀρτίφροσι.
3144 4595 3470 4664 Διεστήκασι
3501 4595 3610 4664 γὰρ
3645 4595 3895 4663 ἀλλήλων

639 4691 860 4737 naturas
879 4693 999 4752 post
1023 4685 1279 4742 unionem
1315 4709 1327 4744 :
1363 4704 1486 4743 nam
1518 4690 1660 4746 scire
1698 4691 1843 4748 aliud
1873 4705 2036 4766 atque
2063 4699 2207 4755 aliud

2325 4679 2409 4733 ιιαὶ
2464 4680 2819 4751 ἀσυγκρίτοις
2867 4679 3176 4752 διαφοραῖς.
3250 4683 3372 4738 Ἐπὶ
3417 4686 3474 4738 δὲ
3523 4685 3616 4738 τοῦ
3672 4687 3896 4740 πάντων

638 4787 760 4828 esse
801 4774 1037 4828 divinam
1097 4776 1499 4849 humanamque
1549 4791 1796 4837 naturam
1829 4825 1843 4850 ,
1897 4803 2002 4842 non
2051 4791 2210 4844 modo

2325 4772 2468 4843 ἡμῶν
2498 4774 2752 4843 Σωτῆρος
2779 4773 3048 4844 Χριστοῦ,
3092 4776 3524 4844 συνεισενεγκὼν
3565 4779 3644 4841 εις
3692 4777 3893 4832 ινωσιν

639 4867 928 4920 convenire
966 4869 1318 4936 prudentibus
1349 4871 1478 4926 viris
1505 4913 1520 4934 ,
1575 4887 1763 4929 verum
1794 4878 1959 4932 etiam
2014 4897 2208 4937 neces-

2325 4862 2406 4933 τὴν
2433 4863 2606 4933 ἀληθῆ
2641 4880 2700 4916 τε
2739 4866 2834 4917 καὶ
2869 4865 2988 4919 καθ’
3018 4867 3342 4932 ὑπόστασιν,
3371 4868 3637 4939 παραιτοῦ
3679 4869 3780 4940 τὴν
3811 4871 3892 4924 δι-

640 4957 842 5011 sarium
865 4971 986 5013 esse
1017 4973 1214 5016 censeo
1240 4977 1256 5014 :
1285 4961 1486 5018 distant
1507 4963 1653 5018 enim
1684 4966 1827 5022 inter
1850 4982 1910 5023 se
1940 5009 1954 5031 ,
2004 4979 2058 5024 et
2085 4971 2207 5039 qui-

2325 4952 2554 5026 ιίρεσινο
2596 4956 2696 5009 ἕνα
2732 4957 2839 5029 γάρ
2860 4957 3038 5021 οὕτως
3092 4959 3452 5030 ὁμολογήσεις
3498 4960 3755 5031 Χριστὸν,
3796 4963 3893 5014 καὶ

639 5043 762 5098 dem
786 5047 1145 5104 Inaestimabili
1169 5049 1598 5107 diﬂ‘erentiarum
1629 5057 1802 5122 spatio
1833 5077 1845 5110 :
1880 5059 1931 5112 in
1960 5059 2201 5114 omnium

2325 5045 2464 5110 Υἱὸν,
2490 5046 2584 5100 καὶ
2606 5047 2830 5118 Κύριον.
2866 5048 3025 5114 Ἀλλ’,
3054 5049 3153 5104 οὐκ
3169 5045 3266 5105 οἷδ’
3294 5052 3463 5116 ὅπως,
3508 5053 3537 5106 6
3562 5050 3671 5106 τῶν
3707 5051 3892 5121 ἐξιτή-

640 5143 818 5189 autem
856 5148 1098 5193 nostrum
1153 5140 1433 5198 Salvatore
1482 5144 1702 5202 Christo
1763 5149 1852 5204 ubi
1909 5150 2029 5206 illas
2071 5167 2204 5206 con-

2325 5140 2424 5190 λων
2450 5139 2582 5208 ἡμῖν
2607 5138 2893 5208 δογμάτων
2928 5140 3176 5211 εὑρετὴς,
3216 5143 3274 5195 δν
3301 5141 3520 5213 σμικρῷ
3559 5140 3657 5211 μὲν
3691 5143 3893 5214 κομιδῆ

634 5223 882 5293 iunxeris
932 5229 984 5284 in
1031 5246 1216 5286 veram
1252 5243 1306 5289 et
1348 5237 1647 5291 secundum
1703 5239 2034 5309 hypostasint
2082 5245 2204 5298 uni-

2325 5227 2611 5300 πεποίηται
2639 5229 2784 5301 λόγῳ
2811 5231 2872 5285 τὸ
2901 5232 2999 5304 τῆς
3031 5231 3273 5296 ἑνὼσεως
3300 5235 3521 5304 χρῆμα·
3550 5231 3892 5302 διωσάμενο,

710 5383 755 5414 ⁸⁸
791 5385 923 5448 imo,
953 5385 1055 5440 lsa.
1091 5402 1218 5453 Lvu,
1249 5387 1330 5442 l0.
1413 5389 1456 5419 “
1487 5390 1682 5460 Ephes.
1724 5407 1795 5456 ιν,
1834 5393 1916 5447 Η.

1906 5548 2062 5602 ANT.
2109 5549 2378 5606 AGELLII
2419 5549 2646 5607 NOTAE.

713 5721 1173 5806 (I3)'Legendmn,
1200 5727 1320 5806 ὁρᾷ,
1364 5736 1417 5779 ιιι
1457 5729 1546 5806 liii.
1589 5744 1801 5806 i‘i,_pag.
1840 5729 1941 5806 gl,
1966 5729 2202 5800 ἁλλ’ὀρᾷ

2325 5731 2434 5806 inm
2464 5728 2866 5806 ΰιςριλομαθὴς,
2956 5731 3232 5806 θεοφιλὴς,
3343 5735 3732 5806 χρηστομαθής
3757 5755 3772 5770 ι
3806 5744 3891 5796 cui

713 5744 820 5790 μοι
853 5744 1173 5792 Legennnnt,
1200 5744 1226 5777 ο
1267 5744 1320 5794 α,
1364 5744 1417 5779 ιιι
1458 5744 1546 5780 nn.
1589 5745 1646 5789 ll,
1681 5744 1801 5795 pag.
1844 5744 1931 5788 τι,
1966 5744 2076 5781 αλλ’
2101 5744 2202 5800 ορᾳ

641 5810 749 5878 που
769 5794 993 5878 ’πάντως
1021 5797 1059 5873 ό.
1078 5744 1349 5878 ﬂammai};
1384 5808 1437 5849 et
1471 5799 1556 5861 55,
1591 5800 1691 5878 ὁρᾷ
1716 5799 1778 5869 δὴ
1805 5795 1897 5878 οὖν
1921 5802 1949 5852 6
1977 5817 2202 5878 χρηστο·

2325 5744 2434 5811 tnm
2464 5744 2866 5811 ωφιλομαυης,
2894 5744 2941 5813 ιο
2964 5744 3232 5802 θεοφιλὴς,
3273 5744 3318 5787 ὢ
3335 5744 3732 5859 ἔρὲστομαθής
3757 5755 3772 5770 ο
3806 5744 3891 5824 qui

2330 5811 2524 5854 ecttont
2563 5802 2704 5878 l'a_vet
2733 5803 2880 5878 locus
2913 5803 3001 5878 lib.
3041 5819 3119 5878 tu,
3153 5821 3273 5878 pag.
3297 5805 3330 5859 6
3373 5846 3386 5865 ,
3455 5823 3520 5877 ρα
3559 5806 3616 5859 δέ.
3653 5826 3748 5878 μοι
3784 5830 3893 5866 των

644 5863 842 5933 nam.
876 5866 979 5919 Ant
1020 5869 1060 5920 si
1094 5863 1324 5921 sccunda
1369 5884 1592 5936 persona
1623 5863 1826 5940 legatur
1860 5863 2202 5940 ὄραξἾεέριιο

2325 5869 2663 5940 προφητικῶν
2691 5871 2906 5926 ἐννοιῶν
2932 5872 3027 5943 τὴν
3060 5863 3405 5945 ἐγρήγορσιν.
