4104 6482
188 424 244 480 π
1321 430 1692 487 ADVERSUS
1731 430 2137 490 NESTORIUM
2176 434 2306 490 LIB.
2354 433 2417 490 ΙΙ.
3377 437 3444 490 Μ

187 536 234 591 δὲ
262 537 348 592 καὶ
389 538 521 592 αὐτὸ
555 540 708 594 κατά
737 541 807 594 τὸ
862 541 1023 605 εἰκὸς.
1063 543 1154 596 καὶ
1203 542 1304 612 τῆς
1353 542 1611 613 ἀληθείας
1661 561 1753 613 την

1866 555 2052 612 tatem,
2094 562 2227 602 cave
2289 547 2608 602 divisionem
2642 561 2657 598 :
2695 546 2774 601 sic
2808 561 3040 616 namque
3089 563 3253 603 nnttm
3294 550 3447 604 Chri-

185 628 412 697 δύναμιν,
465 629 768 702 κεχώρηκε
821 631 980 686 πάλιν
1005 633 1094 686 ἐπὶ
1121 635 1180 687 τὸ
1226 635 1376 705 αὐτῷ
1408 632 1622 696 δοκοῦν,
1659 637 1756 689 καί

186 737 330 792 φησι·
371 719 512 792 [Διά
542 723 713 776 τοῦτο
739 723 837 777 καὶ
864 725 1096 796 Χριστὸς
1129 727 1158 779 ὁ
1189 725 1322 790 Θεὸς
1357 727 1526 795 Λόγος
1557 729 1758 797 ὀνομά-

187 815 333 878 ζεται.
364 816 603 888 ἐπείπερ
634 816 754 887 ἔχει
778 818 879 888 τὴν
909 818 1204 887 συνάφειαν
1237 819 1336 888 τὴν
1359 819 1492 889 πρὸς
1513 821 1605 872 τὸν
1635 823 1762 892 Χριρ

189 907 294 961 στὸν
322 907 573 978 διηνεκῆ.
607 909 724 962 Καὶ
745 911 849 962 οὐκ
883 909 997 963 ἐστι
1049 911 1139 963 τὸν
1165 909 1298 963 Θεὸν
1316 911 1486 980 Λόγον
1507 911 1634 965 ἄνευ
1660 914 1759 983 τῆς

185 999 592 1069 ἀνθρωπότητος
655 1000 864 1070 πρᾶξαί
907 1017 980 1053 τι.
1036 999 1448 1070 ’Λπηκρίὸωται
1516 1002 1625 1072 γὰρ
1678 1005 1759 1067 εἰς

185 1092 341 1160 ἀκραν
362 1091 696 1160 συνάφειαν,
725 1093 825 1146 ούκ
861 1095 944 1156 εἰς
975 1091 1306 1156 ἀποθέωσιν,
1335 1093 1480 1147 κατά
1507 1096 1634 1157 τοὺς
1665 1111 1757 1148 σοι

185 1184 304 1250 φοὺς
337 1182 446 1236 τῶν
495 1183 889 1254 δογματιστῶν
919 1184 1028 1238 τῶν
1065 1183 1394 1256 νεωτέρων.]
1425 1186 1552 1238 Ὅτε
1579 1185 1759 1239 τοίνυν

183 1274 394 1344 Χριστὸν
423 1275 757 1348 ὠνομάσθαι
785 1277 949 1346 φησὶν
979 1276 1161 1340 ῖδικῶς
1182 1276 1274 1329 τὸν
1294 1278 1357 1329 ὲκ
1377 1275 1513 1329 Θεοῦ
1546 1278 1759 1350 Πατρὸς

183 1369 357 1434 Λόγον,
386 1367 462 1432 ὡς
491 1367 699 1438 ἔχοντα
747 1369 846 1440 τὴν
878 1371 1178 1440 συνάφειαν
1217 1368 1355 1440 πρὸς
1397 1369 1651 1440 Χριστὸν,
1683 1369 1759 1433 ὡς

183 1459 305 1528 πρὸς
332 1459 518 1530 ἕτερόν
559 1478 673 1514 που
717 1462 982 1532 δηλονότι,
1010 1461 1127 1524 πῶς
1175 1461 1238 1514 οὐ
1265 1459 1619 1530 πεφλυάρηκέ
1656 1477 1757 1512 που

185 1549 344 1619 μάτην
372 1549 645 1622 εἰρηκὼς,
681 1551 764 1603 ὅτι
813 1551 952 1621 μετά
1006 1549 1105 1619 τὴν
1137 1548 1406 1619 ἀνάληψιν
1445 1549 1507 1602 οὑ
1535 1548 1758 1602 δύναται

182 1643 444 1695 καλεῖσθαι
490 1642 969 1716 κεχωρισμένωςς
1018 1642 1175 1713 είπερ
1219 1641 1318 1711 οὐχ
1349 1640 1406 1692 ἓν
1450 1657 1502 1693 τι
1553 1641 1757 1693 νοεῖται

181 1735 303 1805 πρὸς
328 1735 507 1806 ἡμῶν,
538 1736 606 1788 τὸ
640 1736 812 1806 ἑτέρῳ
838 1735 947 1788 τινὶ
1000 1732 1265 1804 σχετικῶς
1299 1733 1569 1801 συνῆφθαι
1603 1732 1759 1798 λεγό·

183 1843 328 1894 μενον
351 1844 363 1855 ο
402 1827 499 1881 δύο
538 1827 657 1898 γὰρ
689 1827 906 1890 πάντως
951 1825 1021 1879 τὰ
1065 1825 1318 1895 ἀλλήλοις
1363 1822 1753 1888 ωμὸαίνοντα,

181 1919 264 1971 καὶ
291 1919 385 1988 οὐχ
412 1920 467 1971 ἓν
491 1921 633 1972 αὑτό
655 1936 730 1980 τι,
761 1918 821 1970 τὸ
846 1916 1025 1984 ἑαυτῷ
1053 1916 1477 1984 συναπτόμενον,
1500 1915 1656 1966 νοοῖτ⁹
1685 1913 1752 1966 ἂν
1786 1898 1826 1950 Β

181 2010 409 2073 εἰκότως.
460 2009 824 2078 Ψευδομυθία
867 2008 933 2079 δὴ
978 2003 1071 2062 οῦν
1102 2007 1169 2060 τὰ
1211 2008 1421 2060 ἐκείνου
1464 2008 1558 2059 καὶ
1588 2006 1752 2077 λῆρος

182 2100 386 2170 ἑτέρως.
436 2102 637 2171 Ἡμεῖς
670 2103 728 2155 δὲ
783 2101 920 2172 μετά
968 2100 1068 2172 τὴν
1112 2101 1326 2163 ἕνωσιν,
1381 2102 1485 2153 κᾶν
1534 2100 1582 2152 el
1621 2099 1753 2152 Θεὸν

181 2193 335 2258 Λόγον
357 2194 654 2263 ὀνομάσειε
686 2211 791 2253 τις.
815 2194 875 2246 οὐ
905 2193 1028 2262 δίχα
1058 2191 1285 2263 νοοῦμεν
1306 2191 1467 2244 αὑτὸν
1494 2192 1594 2261 τῆς
1617 2190 1753 2254 ίδίας

183 2281 402 2349 σαρκός·
448 2281 555 2334 κᾶν
591 2282 724 2352 εἴπῃ
769 2281 1025 2350 Χριστὸν,
1065 2280 1420 2351 σαρκωθέντα
1461 2281 1552 2332 τὸν
1583 2280 1753 2347 Λόγον

181 2370 629 2442 ὲπγινὼσκομεν.
665 2371 763 2435 Τίς
801 2372 860 2424 δὲ
888 2371 951 2442 δὴ
996 2371 1105 2442 ἀρα
1135 2372 1228 2423 καὶ
1257 2371 1285 2422 ό
1320 2372 1420 2440 τῆς
1458 2370 1609 2440 παρά
1658 2368 1752 2421 σοῦ

181 2462 464 2534 λεγομένης
520 2465 820 2533 συναφείας
875 2466 1076 2516 νοεῖται
1128 2461 1360 2533 τρόπος;
1394 2461 1456 2514 Εἰ
1499 2462 1599 2532 μὲν
1645 2461 1752 2533 γὰρ

181 2555 404 2624 ἡνῶσθαι
431 2557 540 2626 φὴς
578 2555 703 2608 καθ’
729 2548 1030 2608 ὑπόστασιν
1055 2553 1132 2624 τῷ
1159 2557 1222 2606 ὲκ
1247 2553 1381 2606 Θεοῦ
1405 2554 1562 2624 φύντι
1592 2554 1753 2622 Λόγῳ

183 2646 233 2698 τὸ
263 2646 624 2717 ἀνθρώπινον,
661 2646 714 2701 τι
740 2647 840 2717 τὴν
879 2647 1049 2712 θείαν,
1075 2646 1196 2698 είπέ
1225 2663 1335 2715 μοι,
1377 2644 1754 2715 περιυϐρίζεις

186 2738 378 2807 σάρκας
415 2738 600 2791 καίτοι
632 2740 962 2808 προσκυνεῖν
1003 2736 1140 2806 αὐτῇ
1174 2735 1248 2804 μὴ
1293 2734 1749 2806 παραιτούμενος,

185 2828 473 2896 πρέποντος
513 2828 656 2900 μόνῃ
685 2830 753 2898 τῇ
782 2826 904 2897 θείᾳ
938 2843 998 2879 τε
1021 2826 1114 2878 καὶ
1149 2826 1444 2896 ἀπορρήτῳ
1465 2823 1626 2893 φύσει
1658 2825 1751 2877 τοῦ

186 2921 596 2990 προσκυνεῖσθαι
631 2921 765 2973 δεῖν.
799 2919 862 2972 El
889 2918 945 2970 δὲ
977 2918 1156 2989 ἀληθῆ
1197 2919 1298 2989 μὲν
1332 2920 1433 2972 οὐκ
1458 2919 1561 2972 οῖει
1597 2919 1753 2987 γενέ-

186 3013 296 3067 σθαι
324 3015 419 3084 τὴν
449 3012 673 3076 ἕνωσιν,
713 3013 1008 3080 συνάφειαν
1041 3012 1096 3064 δὲ
1129 3012 1332 3078 μᾶλλον
1377 3014 1508 3083 ἡμῖν
1555 3012 1754 3081 ὀνομά-

187 3105 284 3169 ζεις
309 3107 402 3176 τὴν
438 3107 585 3160 κατά
619 3123 682 3174 γε
716 3106 814 3176 τὴν
846 3104 1188 3174 ὁμωνυμίαν,
1221 3104 1318 3156 καὶ
1348 3104 1445 3173 τὴν
1484 3105 1541 3155 ὲν
1566 3103 1752 3173 ψιλαῖς

187 3198 268 3248 καὶ
289 3198 478 3266 μόναις
499 3200 627 3261 ταῖς
651 3197 798 3260 ἴσαις
828 3196 1084 3264 κλήσεσιν
1101 3195 1280 3262 ἀξίαν,
1295 3195 1348 3248 τί
1372 3195 1747 3267 σεμνοληρεῖς,
1779 3237 1820 3293 C

187 3287 596 3360 ἀπηκριϐῶσθαι
632 3289 809 3355 λέγων
855 3287 945 3340 τὸν
975 3289 1039 3340 ὲκ
1077 3286 1336 3354 γυναικὸς
1391 3285 1528 3356 πρὸς
1574 3285 1751 3355 ἄκραν

187 3383 484 3448 συνάφειαν,
521 3379 683 3452 δῆλον
717 3379 775 3433 δὲ
804 3380 885 3433 ὅτι
927 3378 1027 3450 τὴν
1054 3378 1190 3450 πρὸς
1217 3377 1308 3430 τὸν
1342 3377 1548 3446 Λόγον;
1577 3376 1753 3446 Ὁμώ-

187 3490 333 3543 νυμον
357 3473 456 3543 μὲν
492 3473 602 3545 γὰρ
634 3472 885 3541 ἀλλήλοις
916 3466 1029 3524 εἷεν
1051 3469 1137 3532 ἂν,
1165 3470 1224 3523 τό
1253 3485 1310 3522 τε
1339 3468 1468 3532 Υἱὸς
1498 3467 1634 3538 Υἱῴ,
1657 3468 1753 3521 καὶ

186 3565 370 3636 Κύριος
403 3566 630 3637 Κυρίῳο
661 3565 776 3617 ἀλλ’
817 3563 968 3617 οὐδὲν
1003 3562 1250 3633 ἀλλήλων
1288 3566 1659 3633 μειονεκτοῖτο
1685 3562 1752 3616 ἂν

186 3657 245 3709 τὰ
276 3657 513 3727 ὀνόματα
535 3673 549 3686 ο
589 3656 685 3709 καὶ
714 3654 776 3707 τὸ
823 3653 1076 3726 περιττὸν
1120 3655 1178 3706 ὲν
1205 3652 1418 3715 τούτοις
1464 3652 1751 3721 πολυπρα-

188 3754 408 3819 γμονεῖν,
445 3751 657 3802 εἰκαῖον
702 3743 854 3817 οἶμαι
901 3764 1034 3799 που·
1069 3746 1196 3808 Υἱὸς
1226 3745 1335 3816 γὰρ
1375 3744 1527 3808 Υῖοῦ,
1558 3744 1654 3796 καὶ
1689 3743 1750 3795 τὸ

187 3840 298 3905 Υἱὸς
323 3842 432 3914 [ίσ.
470 3840 614 3893 καθά
649 3839 798 3902 Υἱὸς,
819 3839 878 3907 ἢ,
909 3837 1044 3892 καθὸ
1075 3838 1203 3901 Υἱὸς
1223 3835 1266 3908 ],
1308 3835 1432 3890 οὗτε
1462 3835 1524 3888 τὸ
1542 3835 1745 3906 μεῖζον,

187 3936 293 3990 οὔτε
319 3938 377 3989 τὸ
398 3936 623 3990 ἔλαττον
653 3933 787 4004 ἔχει.
804 3933 1194 4004 Περισσοεπεῖς
1220 3927 1314 3984 οὖν
1340 3929 1450 4001 ἄρα
1477 3930 1570 3982 καὶ
1608 3927 1750 3998 μάλα

191 4028 378 4096 σαφῶς,
413 4026 841 4100 ἀπηκριϐῶσθαι
861 4025 1034 4093 λέγων
1053 4023 1219 4078 αὑτὸν
1253 4022 1390 4093 πρὸς
1421 4021 1598 4091 ἄκραν
1625 4037 1749 4072 συν-

190 4121 382 4190 ἀφειαν.
412 4122 626 4192 Πρέποι
659 4121 704 4175 δ’
734 4118 822 4183 ἂν,
855 4116 998 4172 κατά
1033 4134 1096 4185 γε
1130 4116 1190 4169 τὸ
1226 4113 1376 4185 αὑτῷ
1414 4130 1504 4184 μοι
1535 4112 1746 4178 δοκοῦν,

190 4216 292 4283 οὐχὶ
323 4216 438 4278 ταῖς
460 4215 806 4285 ὁμωνυμίαις
843 4211 902 4264 τὸ
925 4209 1350 4280 ἀπηκριϐῶσθαι
1374 4206 1553 4276 λέγειν
1576 4204 1748 4268 αὐτὰς

190 4307 453 4377 ἀλλήλαις·
488 4308 718 4368 ἐκείνοις
752 4305 809 4357 δὲ
860 4301 1081 4373 μᾶλλον,
1108 4303 1144 4355 ἂ
1184 4302 1283 4372 τὴν
1313 4303 1392 4365 είς
1428 4302 1536 4353 πᾶν
1571 4297 1748 4353 ὁτιοῦν

194 4398 392 4469 ξσότητά
422 4417 482 4452 τε
519 4401 612 4452 καὶ
645 4396 940 4468 ὁμοιότητα
974 4393 1082 4446 τῶν
1108 4393 1166 4447 ἓν
1208 4389 1345 4447 εἶναι
1381 4390 1749 4461 πεπιστευμέυ

191 4505 300 4548 νων,
328 4488 649 4560 διαλαχόντα
694 4485 978 4554 φαίνεται·
1020 4477 1159 4548 οἷον,
1226 4481 1358 4551 φέρε
1393 4483 1589 4543 εἰπεῖν,
1637 4481 1747 4533 ἀπ-

1864 651 2006 696 stum
2033 641 2314 704 fateberis,
2342 653 2395 695 et
2419 640 2613 694 Filium
2645 649 2701 694 et
2738 639 3040 694 Dominum.
3097 641 3204 694 Sed
3255 643 3442 695 nescio

1863 733 2146 800 quomodo
2172 731 2259 787 hic
2293 746 2553 784 vanorum
2586 730 2838 782 inventor
2876 729 3187 797 dogmatum
3218 743 3331 784 rem
3363 729 3446 796 ip-

1864 837 1976 878 sam
2011 822 2231 879 unionis
2262 823 2548 877 admodum
2584 821 2948 890 parvipendit.
2984 821 3182 889 illaque
3217 818 3442 886 reiecta.

1863 925 1922 970 ut
1958 931 2299 986 consequens
2330 925 2476 970 certe
2503 923 2639 978 erat,
2674 925 2728 968 et
2765 916 2812 967 vi
2835 914 2995 968 simul
3027 915 3139 982 ipsa
3198 912 3443 967 veritatis

1862 1009 2113 1066 abdicata
2148 1024 2339 1064 rursus
2368 1009 2434 1063 ad
2473 1008 2526 1061 id
2555 1007 2785 1060 recurrit
2836 1006 2978 1073 quod
3022 1005 3122 1059 sibi
3169 1005 3438 1074 placebat,

1862 1109 1918 1155 et
1951 1101 2071 1155 ait:
2120 1098 2272 1172 [Ideo
2301 1100 2466 1154 etiam
2505 1097 2758 1154 Christus
2812 1097 3114 1166 appellatur
3153 1096 3240 1151 ille
3299 1097 3440 1150 Deus

1865 1191 2122 1257 Verbum,
2156 1192 2282 1260 quia
2327 1191 2482 1245 habet
2527 1199 2840 1260 perpetuam
2885 1204 3006 1243 cum
3037 1189 3258 1243 Christo
3302 1202 3436 1242 eon-

1858 1283 2234 1351 jnnctiouem;
2270 1295 2444 1350 neque
2474 1281 2731 1346 contingit
2765 1290 2819 1333 ut
2851 1280 2993 1334 Dens
3042 1278 3280 1333 Verbum
3317 1278 3438 1332 sine

1863 1374 2198 1428 immanitate
2245 1372 2411 1427 iaciat
2443 1371 2644 1439 aliquid
2682 1389 2694 1424 :
2737 1374 3030 1438 perductus
3068 1378 3152 1424 est
3197 1369 3339 1424 enim
3369 1368 3436 1422 ad

1861 1481 2129 1520 summam
2163 1464 2638 1535 cunjnnctionem;
2674 1478 2777 1515 non
2810 1462 2874 1515 ad
2911 1461 3330 1526 deificationem,
3382 1469 3438 1513 ιιι

1863 1559 2139 1626 sapientes
2193 1572 2225 1610 e
2289 1555 2687 1609 recentioribus
2746 1553 3087 1621 dogmatistis
3141 1550 3436 1621 asserunt.]

1860 1651 1993 1705 Cum
2027 1649 2194 1719 igitur
2225 1649 2370 1702 dicat
2401 1647 2675 1702 Christum
2711 1646 3036 1715 appellatum
3070 1659 3192 1700 esse
3215 1644 3345 1697 illud
3371 1659 3438 1698 ex

1863 1741 1972 1795 Deo
2001 1740 2159 1795 Patre
2188 1737 2447 1801 Verbum,
2490 1737 2616 1807 quia
2659 1736 3004 1791 habeatcum
3038 1734 3259 1789 Christo
3306 1749 3439 1789 con-

1857 1833 2219 1900 iunctionem.
2262 1841 2318 1884 ut
2353 1845 2475 1884 cum
2509 1830 2685 1883 altero
2715 1829 2994 1892 nimirum,
3017 1827 3293 1897 quomodo
3329 1843 3437 1880 non

1857 1930 2060 1974 temere
2080 1931 2308 1989 nugatus
2321 1930 2424 1981 est,
2443 1935 2563 1972 cum
2585 1919 2740 1984 dixit,
2755 1929 2875 1987 post
2890 1919 3312 1986 assutnptionem
3333 1933 3437 1972 non

1855 2026 2013 2082 posse
2035 2012 2214 2062 vorari
2233 2007 2486 2062 seorsim?
2505 2006 2768 2075 siquidem
2788 2006 2931 2076 quod
2954 2005 3107 2058 alteri
3127 2007 3338 2058 cuidam
3362 2003 3437 2057 rei

1856 2101 2150 2157 secundum
2175 2099 2546 2161 habitudinem
2604 2098 2949 2166 coniunctum
2979 2112 3099 2151 esse
3127 2095 3347 2159 dicitur,
3387 2095 3438 2148 id

1857 2208 1960 2245 non
1986 2200 2164 2258 potest
2189 2203 2219 2242 a
2252 2189 2408 2243 nobis
2437 2198 2693 2255 tanquam
2720 2203 2888 2242 unum
2916 2187 3121 2256 aliquid
3149 2186 3384 2257 intelligi
3421 2202 3436 2240 :

1856 2298 1981 2337 nam
2003 2297 2124 2351 qua:
2142 2282 2283 2335 inter
2305 2295 2364 2335 se
2382 2280 2733 2343 conveniunt,
2760 2281 2867 2332 duo
2890 2280 3256 2347 prorsusjnre
3281 2277 3440 2331 inte!-

1859 2376 2118 2445 Iiguntur.
2152 2384 2204 2428 et
2235 2390 2340 2428 non
2377 2388 2542 2427 unum
2586 2370 2792 2439 aliquid
2817 2370 2960 2439 quod
3005 2370 3181 2440 ipsum
3215 2368 3314 2422 sibi
3341 2384 3439 2422 σου

1858 2469 2071 2537 putetur
2095 2486 2108 2522 :
2131 2466 2328 2523 fabula:
2350 2476 2478 2520 sunt
2500 2465 2671 2535 igitur
2694 2474 2749 2516 et
2777 2464 3087 2518 vanissima:
3113 2477 3267 2530 nugae
3296 2461 3438 2515 illius

1857 2561 2046 2616 verba.
2075 2559 2184 2614 Nos
2220 2569 2400 2613 autem
2450 2567 2570 2627 pust
2593 2556 2741 2610 illam
2782 2555 3077 2619 unionem,
3114 2552 3230 2606 sive
3256 2550 3421 2604 Deum

1860 2652 2095 2707 Verbum
2123 2650 2366 2704 nominet
2403 2647 2700 2718 quispiam,
2736 2661 2844 2700 non
2869 2646 2991 2699 sine
3019 2643 3236 2713 propria
3270 2656 3436 2695 carne

1856 2741 1987 2797 illud
2026 2741 2407 2810 intelligimus,
2439 2740 2556 2794 sive
2579 2737 2862 2793 Christum
2886 2736 3053 2799 dicat,
3088 2735 3435 2788 incarnatum

1858 2835 2097 2891 Verbum
2127 2833 2498 2903 agnoscimus.
2525 2831 2644 2886 Jam
2690 2845 2819 2885 vero
2845 2828 3066 2898 quinam
3096 2829 3258 2881 etiam
3291 2826 3439 2880 illius

1855 2947 2019 3001 quam
2053 2940 2108 2984 tu
2142 2927 2584 2997 conjunctionem
2607 2924 2744 2980 dicis
2773 2963 2788 2987 ,
2847 2919 3167 2990 intelligitur
3196 2918 3388 2972 modus
3412 2914 3437 2970 ἰ

1857 3023 1992 3078 Nam
2031 3025 2075 3076 si
2121 3022 2518 3077 humanitatem
2551 3017 2691 3072 dicis
2738 3015 2946 3069 unitam
2991 3011 3289 3069 secundum
3337 3009 3440 3080 hy-

1857 3116 2114 3185 postasint
2149 3115 2224 3168 illi
2258 3129 2321 3167 ex
2361 3113 2469 3168 Deo
2493 3110 2674 3181 genito
2731 3108 2926 3171 Verbo,
2961 3123 3080 3171 cur,
3106 3120 3310 3174 quaeso,
3358 3104 3440 3158 di-

1857 3211 2034 3261 vinam
2072 3207 2220 3259 illam
2271 3219 2490 3259 carnem
2555 3200 2725 3256 aiiicis
2770 3197 3008 3268 injuria?
3061 3195 3276 3251 tametsi
3317 3209 3438 3249 eam

1855 3299 2082 3355 adorare
2106 3297 2330 3353 minime
2379 3295 2635 3365 refugias,
2687 3309 2810 3347 cum
2855 3291 3228 3345 adoratiouem
3279 3287 3440 3342 exhi-

1855 3393 1973 3448 beri
2005 3391 2222 3445 nonnisi
2259 3390 2457 3443 divinaz
2490 3398 2544 3442 et
2573 3385 2834 3441 incﬂ'abili
2880 3393 3091 3439 natura:
3126 3381 3435 3437 conveniat.

1855 3484 2007 3552 Quod
2039 3483 2081 3536 si
2110 3483 2252 3536 haud
2289 3497 2470 3534 veram
2502 3489 2658 3549 putas
2693 3479 2890 3532 factam
2921 3477 3198 3538 unionem,
3225 3483 3276 3527 ct
3305 3488 3439 3528 con-

1847 3575 2184 3644 iunctionem
2212 3574 2391 3641 potius
2425 3571 2665 3640 appellas
2710 3570 2854 3625 illam
2908 3570 3207 3623 secundum
3247 3568 3440 3620 homo-

1855 3666 2115 3737 nymiam,
2145 3675 2198 3717 et
2237 3663 2338 3733 51
2374 3664 2426 3717 in
2459 3662 2569 3717 sola
2601 3663 2830 3714 aonuda
2863 3657 3088 3727 aequalis
3117 3655 3436 3727 appellatio-

1854 3758 1942 3812 nis
1974 3757 2240 3810 societate
2289 3756 2521 3823 positam
2572 3753 2915 3822 dignitatem,
2960 3751 3091 3819 quid
3147 3747 3439 3817 magniﬁce

1854 3847 2110 3918 nugaris,
2148 3847 2335 3902 dicens
2367 3847 2514 3900 illum
2540 3860 2604 3900 ex
2648 3843 2879 3898 muliere
2926 3841 3130 3895 editum
3180 3839 3244 3893 ad
3282 3855 3435 3894 sum-

1854 3956 1996 3994 mam
2051 3937 2488 4007 conjnnctionem
2576 3936 2937 4006 perductum,
2989 3933 3244 3986 nimirum
3294 3919 3435 3985 'cum

1855 4028 2076 4084 Verbo?
2111 4030 2442 4104 Homonyma
2482 4043 2714 4096 namque
2753 4027 2898 4079 inter
2921 4039 2979 4078 se
3005 4031 3165 4078 erunt
3188 4031 3240 4077 et
3270 4020 3440 4076 Filius

1853 4117 2011 4181 Filio,
2042 4129 2094 4172 et
2128 4117 2390 4172 Dominus
2425 4118 2672 4173 Domino.
2717 4115 2824 4171 Sed
2861 4114 2995 4168 nihil
3043 4112 3159 4167 haec
3209 4112 3436 4167 nomina

1852 4223 2016 4260 unum
2047 4208 2216 4261 altero
2249 4208 2428 4261 minus
2457 4207 2773 4270 habebunt,
2823 4217 2877 4260 et
2904 4202 3034 4274 quid
3081 4205 3133 4256 in
3174 4203 3260 4257 his
3309 4201 3428 4258 exi-

1853 4301 2019 4354 tuium
2050 4301 2138 4363 sit,
2173 4300 2465 4368 exquirere
2500 4314 2697 4352 vanum
2731 4299 2824 4361 sit,
2864 4296 3093 4364 Opinor:
3117 4311 3238 4349 nam
3273 4295 3440 4348 Filius

1853 4394 1991 4448 Filio
2025 4407 2129 4462 qna
2167 4391 2340 4446 Filius
2369 4400 2476 4455 est,
2512 4405 2612 4445 nec:
2647 4389 2826 4458 majus
2871 4387 3076 4456 aliquid
3120 4401 3224 4441 nec
3257 4386 3437 4440 minus

1851 4485 2035 4540 habet.
2074 4483 2420 4552 Supervacua
2450 4482 2615 4553 igitur
2652 4490 2703 4536 te
2729 4480 2893 4535 verba
2922 4477 3149 4533 fundere
3196 4478 3431 4545 apertis-

191 4581 516 4649 ηκριὸὦσθαί
556 4595 736 4648 φαμεν
778 4579 914 4649 πρὸς
948 4577 1126 4647 ἄκραν
1177 4572 1476 4644 ἐμφέρειαν
1519 4569 1621 4640 τῆς
1647 4571 1743 4624 τοῦ

1855 4579 2047 4632 simum
2075 4587 2197 4642 est,
2228 4591 2351 4632 cum
2385 4576 2561 4646 ipsum
2582 4574 2899 4644 perductum
2916 4571 3056 4626 dicis
3074 4571 3140 4624 ad
3163 4585 3431 4624 summam

191 4671 340 4738 δεῖνος
376 4673 612 4745 μορφῆς,
655 4670 688 4740 ἢ
729 4670 819 4724 τὸν
875 4669 935 4733 ἐξ
984 4666 1151 4722 αὑτοῦ
1209 4664 1473 4735 γεγονότα
1516 4663 1651 4728 υἱὸν,
1687 4662 1742 4732 ἢ,

191 4767 310 4834 φέρε
341 4769 538 4826 εἰπεῖν,
573 4763 779 4817 εῖκόνα.
827 4759 985 4814 Κατὰ
1018 4759 1076 4812 δέ
1103 4774 1164 4826 γε
1190 4757 1280 4810 τὸν
1309 4758 1407 4827 τῆς
1453 4753 1748 4822 συναφείας

191 4859 387 4928 τρόπον,
418 4855 538 4919 πῶς
569 4855 636 4909 ἂν
666 4851 1090 4924 ἀπηκριϐῶσθαι
1132 4849 1374 4916 λέγοιντο
1416 4848 1512 4900 καὶ
1541 4845 1745 4899 νοοῖντό

191 4965 330 5018 τινα;
368 4949 510 5004 Ἀλλ’
545 4947 706 5011 αὐτὸς
758 4945 858 5016 μὲν
894 4945 1244 5016 ἡρμήνευσε-ι
1287 4941 1421 5012 ἡμῖν
1464 4938 1567 5008 τῆς
1617 4954 1744 4991 συν-

191 5043 363 5109 ασείας
391 5041 489 5112 τὴν
528 5039 778 5108 δύναμιν.
813 5035 919 5109 [Oti
948 5036 1056 5106 γάρ
1089 5034 1231 5099 ἐστι,
1287 5032 1445 5103 φησι,
1489 5031 1580 5084 τὸν
1611 5030 1744 5084 Θεὸν

193 5135 362 5202 Λόγον,
384 5135 514 5189 ἀνευ
537 5134 637 5201 τῆς
665 5129 1086 5200 ἀνθρωπότητος
1120 5125 1324 5198 πρᾶξαι
1345 5123 1443 5196 τι].
1477 5123 1747 5193 Ὀμόφρο-

192 5241 266 5288 vs;
289 5223 378 5281 οὖν
407 5223 662 5293 ἀλλήλοις
697 5223 792 5275 καὶ⁵
817 5218 1201 5290 ὁμογνώμονες
1227 5216 1368 5271 κατά
1403 5215 1484 5281 σὲ,
1511 5215 1606 5269 καὶ
1637 5214 1746 5268 ἀπὸ

193 5319 368 5372 κοινῶν
400 5315 738 5387 σκεμμάτων
767 5314 851 5381 ἐφ’
883 5313 1090 5365 ἕκαστα
1115 5309 1227 5362 τῶν
1270 5307 1562 5379 πρακτέων
1607 5306 1744 5360 ἱέναι

194 5411 541 5480 πιστεύσομεν
591 5409 690 5477 τὴν
738 5406 858 5459 τῶν
904 5403 1056 5475 παρά
1097 5401 1190 5456 σοῦ
1245 5399 1555 5470 λεγομένων
1613 5397 1745 5451 υἱῶν

195 5500 472 5573 ξυνωρίδα·
509 5497 649 5562 εἶτα.
684 5499 802 5562 πῶς
858 5499 916 5551 ού
941 5497 1034 5550 δύο
1080 5493 1316 5566 χριστοὶ,
1353 5494 1449 5546 καὶ
1487 5493 1613 5555 υἱοὶ,
1651 5490 1746 5544 καὶ

190 5594 377 5665 κύριοι;
431 5594 570 5648 Ἀλλ’
604 5593 679 5657 ὠς
702 5590 917 5662 ὀργάνῳ
959 5588 1036 5659 τῷ
1067 5586 1277 5658 σώματι
1319 5583 1619 5657 κεχρῆσθαι
1654 5583 1747 5636 τὸν

197 5687 346 5754 Λόγον
375 5686 681 5758 διῖσχυρίζῃ
713 5684 854 5738 κατά
875 5684 934 5736 τὸ
959 5682 1125 5745 εἰκός.
1145 5679 1283 5733 Ἀλλ’
1308 5680 1353 5731 εἰ
1387 5678 1484 5748 μὲν
1507 5675 1606 5729 ἕνα
1639 5674 1746 5745 φὴς

197 5778 323 5846 Υἱὸν,
363 5783 454 5834 καὶ
495 5781 624 5851 μίαν
657 5779 956 5832 ὑπόστασιν
1001 5777 1100 5848 τὴν
1132 5773 1224 5828 τοῦ
1261 5773 1432 5842 Λόγου
1461 5786 1744 5840 σεσαρκω-

197 5871 369 5942 μένην,
398 5876 499 5929 οὐκ
520 5873 679 5939 αὐτὸς
715 5874 876 5927 ἔσται
903 5869 1162 5942 Θεότητος
1184 5867 1414 5938 ὄργανον
1435 5881 1446 5894 ⁸
1485 5862 1748 5933 κεχρήσε³

1851 4667 2311 4736 coniunctionem.
2345 4665 2463 4720 Non
2492 4664 2659 4729 enim,
2678 4671 2740 4716 ut
2757 4661 2888 4716 mihi
2907 4659 3143 4723 videtur,
3159 4658 3225 4714 de
3244 4658 3434 4712 homo-

1851 4760 2026 4833 nymis
2038 4759 2295 4816 convenit
2311 4758 2495 4814 dicere
2506 4757 2648 4826 quod
2666 4755 2732 4809 ad
2748 4768 3014 4810 summam
3031 4751 3434 4808 similitudinem

1850 4854 1959 4908 sint
1988 4851 2267 4923 perducta,
2281 4849 2375 4905 sed
2392 4850 2476 4905 his
2495 4848 2673 4921 potius
2691 4861 2813 4917 quae
2845 4859 2944 4916 per
2958 4844 3139 4900 omnia
3157 4843 3435 4913 aequalita-

1850 4955 1956 5002 tem
1995 4959 2061 5000 tte
2092 4942 2498 5000 similitudinem
2533 4951 2986 5012 quarumconque
3020 4949 3204 4991 rerum
3239 4933 3435 4990 sortita

1848 5048 1993 5105 sunt,
2009 5052 2134 5093 cum
2162 5035 2361 5107 quibus
2379 5049 2543 5088 unum
2573 5045 2694 5088 esse
2710 5027 3011 5086 creduntur
3031 5043 3047 5080 :
3064 5025 3217 5082 verbi
3235 5027 3434 5097 gratio.

1847 5143 2166 5201 expressum
2198 5125 2431 5182 dicimus
2450 5123 2518 5178 ad
2535 5135 2803 5179 summam
2827 5115 3241 5174 similitudinem
3266 5115 3434 5170 alicu-

1843 5222 1933 5293 jus
1957 5218 2196 5275 hominis
2228 5217 2416 5272 formae
2440 5213 2526 5268 vel
2567 5212 2734 5267 ﬁlium
2788 5225 2855 5265 ex
2897 5223 2963 5264 eo
3027 5206 3289 5278 genitum,
3350 5204 3433 5260 vel

1847 5310 2080 5382 exempli
2125 5307 2318 5380 gratia,
2351 5304 2680 5376 imaginem:
2712 5313 2876 5372 porro
2893 5297 3188 5354 secundum
3206 5297 3433 5365 conjun-

1849 5404 2043 5460 ctionis
2062 5401 2276 5456 modum
2305 5410 2540 5467 quonam
2564 5402 2722 5464 pacto
2747 5391 2925 5461 aliqua
2953 5396 3049 5445 aut
3065 5387 3318 5444 dicantur
3343 5397 3434 5441 snt

1851 5494 2218 5564 intelligantur
2250 5503 2507 5560 expressa
2529 5487 2555 5540 ?
2575 5485 2681 5541 Sed
2708 5485 2825 5554 ipse
2849 5481 3005 5538 nobis
3048 5480 3434 5547 interpretatus

1849 5597 1932 5643 est
1952 5584 2108 5653 hujus
2125 5583 2231 5638 vim
2247 5574 2806 5650 conjttnctionis.[Non
2825 5575 2993 5637 enim,
3010 5570 3204 5640 inquit,
3223 5569 3432 5623 contin-

1853 5679 1930 5748 git
1950 5685 2011 5732 ut
2037 5675 2178 5731 Deus
2210 5674 2443 5729 Verbum
2469 5673 2586 5727 sine
2621 5665 2960 5725 humanitale
2987 5663 3150 5719 faciat
3179 5658 3432 5730 aliquid]

1856 5763 2168 5823 Concordes
2192 5765 2356 5835 igitur
2378 5775 2434 5818 et
2459 5761 2862 5818 consentientes
2895 5764 3042 5821 sunt,
3085 5762 3139 5808 ut
3195 5763 3246 5806 tu
3308 5751 3428 5803 cxi-

1855 5859 2046 5916 stimas
2098 5865 2153 5923 e_t
2185 5853 2703 5914 coutmuniconsilio
2730 5852 2796 5909 ad
2826 5847 3066 5920 singulas
3099 5859 3186 5901 res
3221 5841 3424 5898 facien-
