4104 6486
642 438 714 495 95
1671 435 1732 491 S.
1771 435 2048 491 CYRlLLl
2083 435 2553 492 ALEXANDRINI
2588 436 2911 492 ARCHIEI‘.
3823 433 3893 486 $6

644 558 741 611 das
778 556 1003 611 tendere
1049 555 1336 612 credemus
1376 570 1474 625 par
1508 555 1635 611 illud
1670 555 1901 611 ﬁliorum
1948 572 1979 611 a
2022 569 2075 613 te
2126 559 2209 612 di-

2328 576 2404 611 tat
2435 559 2491 611 δὲ
2520 559 2722 629 μᾶλλον
2742 553 2940 628 οἷάπερ
2962 559 3180 630 ὀργάνῳ
3210 558 3289 628 τῷ
3313 556 3427 627 ἰδίῳ
3453 556 3690 624 σώματι,
3719 554 3892 609 καθά-

642 656 855 702 ctornm
882 661 895 694 τ
927 646 1068 715 quod
1101 647 1147 702 si
1183 646 1254 701 ita
1281 654 1384 712 εει,
1417 648 1685 716 quomodo
1720 663 1827 703 non
1854 649 1960 703 duo
1988 649 2204 713 ebristi,

644 748 698 791 et
733 738 848 799 filii,
884 748 939 792 et
968 738 1216 792 domini?
1257 740 1329 792 At
1368 752 1496 793 vero
1542 752 1773 808 corpore
1827 748 2085 809 tanquam
2123 756 2214 796 or-

646 844 785 897 gano
818 828 988 896 ipsum
1026 827 1259 884 Verbum
1284 843 1439 883 usum
1486 828 1747 897 afﬁrmas,
1804 840 1865 884 ut
1902 840 1988 887 est
2018 846 2215 888 conse-

647 934 841 985 quens.
880 919 986 973 Sed
1032 919 1076 974 si
1112 935 1277 974 unum
1310 919 1448 975 dicis
1500 920 1722 986 Filium,
1765 932 1819 976 et
1851 938 2014 977 unam
2048 924 2219 994 hypo-

648 1010 835 1063 stasim
870 1008 1025 1063 Verbi
1060 1010 1418 1076 incarnatam,
1446 1026 1553 1065 non
1583 1012 1756 1081 ipsum
1782 1014 1886 1068 erit
1912 1014 2220 1071 Divinitatis

648 1114 933 1168 organum,
980 1101 1072 1154 sed
1099 1110 1281 1154 utetur
1335 1101 1514 1170 potius
1565 1103 1789 1172 proprio
1836 1118 2066 1173 corpore
2103 1114 2220 1160 tan-

649 1204 810 1257 quam
845 1203 1078 1257 organo;
1105 1199 1162 1243 ιιι
1187 1190 1440 1243 nimirum
1466 1192 1578 1260 ipsa
1603 1192 1834 1248 hominis
1858 1195 2059 1248 anima.
2082 1194 2221 1263 Ergo

652 1295 816 1333 unum
870 1279 1059 1343 fatere,
1097 1295 1202 1333 non
1260 1281 1506 1336 dividens
1551 1293 1791 1347 naturas,
1848 1285 2009 1339 simul
2061 1286 2218 1340 intel-

652 1370 822 1439 ligens
846 1386 909 1426 ac
942 1373 1182 1426 sentiens
1229 1372 1389 1426 aliam
1433 1387 1556 1429 esse
1586 1376 1767 1430 carnis
1797 1416 1813 1442 ,
1862 1376 2023 1430 aliam
2076 1378 2217 1432 divi-

652 1462 838 1515 nitatis
868 1463 1130 1515 rationem
1162 1478 1281 1530 qua:
1309 1463 1382 1517 illi
1412 1479 1477 1518 ac
1505 1466 1605 1518 soli
1660 1466 1950 1520 conveniat
1990 1486 2003 1521 :
2040 1482 2220 1536 neque

652 1552 799 1605 enim
828 1553 975 1607 illam
1007 1552 1170 1609 Verbi
1204 1569 1423 1609 carnem
1459 1556 1689 1609 dicimus
1716 1556 1913 1611 factam
1938 1572 2059 1613 esse
2081 1559 2217 1613 divi-

652 1641 899 1704 nitatem,
937 1644 1029 1698 sed
1085 1644 1264 1714 potius
1305 1645 1567 1712 divinam,
1622 1655 1680 1700 ut
1724 1646 1872 1702 illius
1915 1650 2210 1718 propriam.

2320 669 2427 723 περ
2458 653 2649 722 ἀμέλει
2677 654 2769 706 καὶ
2794 655 2827 723 ἠ
2869 650 2965 705 τοῦ
2997 652 3286 723 ἀνθρώπου
3318 653 3484 722 ψυχή.
3515 648 3726 705 Οὐκοῦν
3758 653 3894 717 ὁμο-

2320 744 2550 814 λόγησον
2582 744 2696 809 ἕνα,
2734 744 2808 814 μὴ
2848 743 3069 816 διαιρῶν
3097 743 3198 806 τὰς
3224 743 3434 813 φύσεις,
3465 740 3603 813 μετὰ
3634 739 3729 793 τοῦ
3759 739 3894 791 ειδέ-

2322 852 2412 889 ναι
2452 835 2545 888 καὶ
2599 838 2837 905 φρονεῖν,
2880 836 2961 888 ὅτι
3014 836 3217 904 σαρκὸς
3264 834 3365 905 μὲν
3421 833 3607 903 ἕτερος
3635 833 3665 884 6
3699 831 3893 896 λόγος.

2325 926 2589 997 θεότητος
2619 927 2675 979 δὲ
2701 925 2883 989 πάλιν,
2905 927 2934 978 6
2958 926 3094 996 αὐτῇ
3128 925 3218 978 καὶ
3252 924 3390 996 μόνῃ
3416 923 3659 993 πρέπων·
3694 921 3896 989 ἥκιστα

2330 1018 2428 1087 μὲν
2472 1016 2582 1087 γὰρ
2632 1015 2875 1086 Θεότητα
2914 1014 3168 1083 γενέσθαι
3204 1013 3383 1083 φαμὲν
3418 1012 3514 1065 τοῦ
3566 1012 3741 1079 Λόγου
3796 1008 3896 1076 τὴν

2326 1107 2527 1177 σάρκα,
2552 1105 2706 1159 θείαν
2735 1105 2791 1158 δὲ
2824 1105 3046 1174 μᾶλλον,
3076 1105 3151 1169 ὡς
3181 1104 3318 1157 ἰδίαν
3348 1100 3515 1156 αὑτοῦ
3537 1119 3551 1133 ·
3590 1103 3637 1153 εί
3666 1100 3775 1170 γὰρ
3802 1100 3897 1151 άν-

2325 1195 2543 1269 θρὼπου
2573 1196 2709 1266 σὰρξ
2753 1198 2786 1265 ὴ
2824 1194 3141 1264 ἀνθρωπίνη
3182 1193 3422 1261 λέγεται,
3467 1192 3521 1244 τί
3578 1190 3637 1243 τὸ
3687 1187 3898 1243 κωλῦον

2322 1287 2403 1339 ἔτι
2426 1287 2519 1339 καὶ
2543 1286 2691 1338 θείαν
2718 1286 2893 1337 εἰπεῖν
2935 1283 3034 1355 τὴν
3067 1284 3161 1337 τοῦ
3193 1281 3329 1337 Θεοῦ
3370 1282 3583 1350 Λόγου;
3626 1279 3690 1333 Τί
3714 1279 3897 1333 τοίνυν

2320 1379 2575 1449 διαγελᾷς
2610 1379 2710 1446 τῆς
2759 1376 3018 1445 ἀληθείας
3062 1376 3123 1429 τὸ
3163 1375 3381 1437 κάλλος,
3419 1372 3726 1428 ἀποθέωσιν
3760 1372 3897 1440 ἡμῖν

2320 1470 2603 1540 ὀνομάζων
2625 1469 2723 1537 τῆς
2749 1466 2909 1535 ἁγίας
2944 1465 3164 1536 σαρκὸς,
3191 1466 3350 1536 μόνον
3382 1464 3439 1517 δὲ
3468 1464 3611 1532 οὐχὶ,
3640 1463 3733 1515 καὶ
3760 1477 3896 1513 κατι

2320 1559 2598 1622 ονειδίζων
2648 1560 2762 1621 τοῖς
2818 1556 2957 1629 όρθὰ
3009 1559 3226 1626 φρονεῖν
3284 1554 3580 1626 ᾑρημένοις
3626 1552 3727 1623 τὴν
3777 1550 3897 1604 θεο-

2322 1651 2571 1720 ποίησιν;
2603 1649 2781 1703 καίτοι
2808 1647 2982 1716 λέγων
3006 1647 3187 1709 αὐτός’

651 1732 784 1787 Nam
809 1734 855 1787 si
888 1736 1122 1790 hominis
1180 1752 1307 1792 caro
1334 1739 1568 1792 humana
1620 1739 1840 1804 dicitur,
1873 1741 2001 1809 quid
2065 1743 2319 1808 prohibet
2356 1743 2518 1797 etiam
2561 1742 2798 1795 divinam
2860 1739 3043 1793 dicere
3105 1738 3252 1791 illam
3297 1752 3416 1805 qua:
3464 1746 3547 1791 est
3597 1734 3689 1790 Dei
3726 1732 3895 1787 Verbi

653 1826 812 1877 caro?
858 1824 995 1892 Qllltl
1035 1826 1197 1897 igitur
1232 1829 1427 1883 irrides
1459 1829 1912 1899 pulchritudinem
1943 1834 2229 1889 veritatis?
2284 1843 2486 1889 sancta:
2520 1833 2664 1887 illius
2705 1832 2890 1888 carnis
2933 1829 3398 1885 consecrationem
3457 1829 3511 1883 in
3566 1828 3694 1882 deos
3737 1826 3896 1880 nobis

653 1911 943 1977 objiciens,
976 1928 1039 1968 ac
1086 1918 1469 1985 propemodum
1506 1919 1900 1975 deiIiCationcm
1949 1923 2257 1979 hominibus
2290 1932 2435 1979 recte
2481 1922 2838 1978 sentientibus
2874 1920 3258 1987 exprobrans:
3293 1918 3505 1973 tametsi
3546 1917 3661 1986 ipse
3698 1917 3893 1971 dicas:

732 1999 994 2072 |Nssrou.
1051 2003 1117 2059 Ut
1184 2022 1314 2075 ergo
1377 2008 1779 2063 demonstretur
1830 2013 1963 2081 ipsis
2010 2030 2221 2083 quoque

2397 2014 2537 2086 [Ἵνα
2572 2014 2748 2067 τοίνυν
2777 2012 2964 2081 δειχθῇ
2996 2012 3092 2064 καὶ
3134 2013 3247 2073 τοῖς
3286 2010 3481 2080 μάγοις
3509 2010 3591 2072 τίς
3625 2009 3775 2061 ἐστιν
3806 2000 3901 2060 οῦ·

656 2090 827 2159 magis
864 2093 987 2159 quis
1022 2092 1111 2147 hic
1140 2094 1213 2147 sit
1247 2095 1314 2148 ab
1364 2096 1472 2151 illis
1510 2096 1766 2153 adoratus
1799 2140 1815 2165 ,
1868 2110 1923 2155 et
1961 2102 2025 2155 ad
2060 2118 2219 2170 quem

656 2180 777 2234 illos
813 2183 1027 2237 duxerit
1057 2182 1294 2251 Spiritus
1326 2188 1497 2239 sancti
1532 2190 1742 2255 gratia,
1778 2206 1970 2261 nempe
2002 2209 2109 2248 non
2154 2196 2220 2249 ad

654 2269 950 2337 simplicem
983 2272 1140 2343 vulgo
1175 2286 1525 2344 conspectum
1553 2277 1662 2347 52
1698 2281 1980 2346 infantem,
2032 2285 2125 2338 sed
2155 2286 2223 2340 ad

654 2377 851 2431 cerpus
874 2364 1140 2433 quoddam
1173 2366 1521 2423 inell'abiliter
1565 2371 1673 2425 Deo
1709 2374 2111 2448 conjunctutu.]

1289 2479 1442 2533 CAP.
1496 2482 1585 2535 IX.

724 2566 855 2620 Cum
886 2567 1046 2632 igitur
1079 2582 1276 2639 corpus
1311 2571 1662 2629 inelfabilitcr
1710 2577 1817 2631 Deo
1871 2579 2217 2646 conjunctum

657 2657 817 2717 dicat,
851 2658 993 2725 quod
1018 2666 1195 2712 autem
1228 2670 1313 2712 est
1345 2675 1472 2715 vere
1506 2660 1798 2727 inelIabile,
1856 2679 2019 2734 supra
2058 2668 2221 2723 intel-

658 2746 928 2814 ligentiam
957 2748 1101 2804 silet
1124 2766 1283 2818 supra
1318 2766 1649 2816 sermonem,
1697 2768 1823 2808 vera
1859 2770 2082 2823 prorsus
2117 2760 2223 2813 erit

658 2838 783 2891 nnio
806 2839 883 2891 vel
914 2840 1242 2909 cnnjuuetio,
1290 2852 1346 2895 ut
1372 2843 1487 2911 ipse
1528 2844 1670 2912 loqui
1706 2844 1846 2900 solet
1884 2864 1897 2899 :
1930 2863 2053 2901 nam
2076 2850 2222 2918 ejus—

659 2930 800 2983 modi
830 2940 954 2985 sunt
985 2931 1295 2997 ineffabilia,
1333 2943 1384 2987 et
1414 2949 1595 2987 rerum
1631 2935 1702 2988 ita
1733 2936 1874 2991 inter
1924 2952 1982 2991 se
2028 2953 2223 2995 conve-

660 3020 921 3075 nientium
958 3024 1099 3077 haud
1132 3025 1316 3093 utique
1347 3027 1635 3094 quisquam
1687 3029 1830 3083 scire
1883 3030 2081 3097 poterit
2111 3046 2224 3086 mo-

660 3113 806 3166 dum.
851 3112 1002 3179 Quod
1035 3116 1079 3169 si
1116 3116 1299 3170 dicere
1326 3117 1489 3183 nosti,
1536 3133 1599 3172 ac
1627 3130 1786 3187 putas
1811 3134 1969 3189 posse
2013 3130 2064 3176 te
2116 3125 2221 3177 vim

662 3201 803 3256 illius
834 3205 1230 3273 conjunctionis
1260 3207 1564 3272 declarare,
1616 3212 1885 3278 quomodo
1914 3211 2091 3267 adhuc
2120 3214 2225 3267 crit

659 3309 720 3347 ea
764 3310 851 3348 res
881 3297 1217 3352 inellabilis?
1246 3299 1411 3353 Miror
1435 3310 1609 3354 autem
1632 3302 1800 3370 quod,
1826 3304 2075 3371 quamvis
2099 3319 2224 3357 cor-

660 3401 759 3454 pus
787 3386 893 3440 Deo
923 3388 1266 3457 conjunctum
1304 3390 1468 3455 dicat,
1498 3391 1656 3459 idque
1697 3392 2047 3449 inelfabiliter
2068 3436 2082 3459 ,
2115 3409 2221 3448 non

663 3486 837 3532 tamen
867 3478 994 3533 illud
1021 3481 1181 3533 etiam
1215 3480 1380 3549 ipsius
1412 3482 1684 3549 proprium
1714 3498 1835 3538 esse
1889 3496 2120 3551 asserat,
2168 3495 2226 3539 ut

662 3584 779 3622 cum
820 3584 884 3623 eo
918 3580 1170 3640 tanquam
1202 3588 1366 3626 unutn
1409 3572 1770 3641 intelligatur;
1825 3574 1919 3627 sed
1953 3590 2139 3629 rursus
2170 3578 2222 3629 in

663 3659 935 3714 hominem
993 3677 1055 3713 ac
1108 3662 1272 3716 Deum
1302 3661 1493 3715 dividit
1541 3664 1767 3715 seorsim
1814 3679 1877 3718 ac
1910 3667 2222 3735 separatim,

663 3767 826 3805 unum
856 3750 1131 3806 Christqu
1163 3762 1216 3805 et
1245 3753 1525 3806 Dominum
1560 3752 1768 3818 Jesum,
1816 3762 1871 3809 ct
1922 3765 2068 3812 recte
2098 3772 2223 3812 sen-

664 3843 765 3897 tire
786 3858 845 3897 se
874 3844 1112 3909 simulat,
1144 3846 1374 3902 dicens:

734 3932 995 4005 [Νεετοιι.
1029 3934 1215 4005 Neque
1249 3953 1376 3993 vero
1408 3940 1631 4007 simplex
1654 3940 1814 3991 homo
1843 3947 1928 3992 est
1954 3936 2224 4001 Christus,

659 4041 692 4080 ο
721 4028 1100 4092 calumniator,
1134 4030 1226 4084 sed
1276 4033 1437 4087 homo
1472 4031 1632 4085 simul
1660 4040 1713 4084 et
1764 4030 1904 4083 Deus
1940 4044 1954 4081 :
1992 4030 2135 4097 quod
2179 4031 2225 4085 si

661 4120 830 4172 solum
864 4120 1004 4175 Dens
1033 4132 1202 4187 esset,
1239 4138 1376 4191 opus
1404 4134 1544 4187 erat,
1576 4137 1607 4177 ο
1638 4121 1963 4190 Apollinari,
1989 4120 2172 4176 dicere
2204 4137 2218 4174 :

665 4225 683 4257 ι
718 4207 854 4272 Quid
885 4223 968 4262 me
991 4212 1233 4278 qumritis
1276 4213 1584 4267 interﬁcere
1616 4212 1781 4265 Deum
1811 4251 1825 4275 ,
1853 4212 1942 4279 qui
1986 4226 2113 4266 vera
2153 4210 2230 4265 lo-

660 4308 819 4353 cutus
847 4316 965 4354 sum
995 4301 1145 4357 vobis
1166 4304 1211 4334 ”
1238 4304 1299 4357 ἲ»
1338 4303 1634 4360 llicillecst
1662 4303 1747 4358 cui
1776 4304 1959 4373 spinea
1992 4302 2093 4356 fuit
2120 4304 2229 4356 cir-

662 4391 958 4458 cumposita
995 4405 1238 4459 corona;
1269 4394 1359 4449 hic
1401 4395 1492 4463 qui
1528 4394 1780 4447 dicebat:
1824 4412 1842 4444 ι
1876 4392 2019 4447 Dens
2056 4408 2230 4457 meus,

663 4481 804 4537 Deus
846 4498 1018 4550 meus,
1078 4486 1262 4553 utquid
1307 4501 1394 4540 me
1445 4485 1785 4555 dereliquisti
1815 4484 1908 4538 “?
1972 4503 1990 4536 ι
2028 4484 2115 4539 hic
2138 4485 2229 4553 qni

665 4575 971 4628 triduanam
1008 4576 1177 4631 subiit
1209 4587 1465 4640 mortem,
1524 4577 1708 4632 Adoro
1741 4586 1917 4631 autem
1969 4577 2116 4631 hunc
2150 4577 2229 4630 si-

2324 2122 2416 2169 τος
2452 2106 2480 2157 6
2536 2105 2668 2175 παρ’
2722 2104 2900 2156 αὐτῶν
2969 2102 3473 2173 προσκυνούμενος,
3514 2100 3607 2152 καὶ
3632 2100 3724 2152 ἐπὶ
3775 2100 3900 2153 τίνα

2325 2198 2533 2268 ἤγαγεν
2564 2196 2759 2259 αὐτοὺς
2792 2195 2885 2247 τοῦ
2935 2194 3250 2263 Πνεύματος
3294 2191 3387 2244 τοῦ
3442 2191 3599 2258 άγίου
3635 2193 3669 2260 ή
3704 2192 3893 2260 χάρις·

2324 2287 2404 2339 ὅτι
2427 2288 2526 2339 οὐκ
2572 2287 2665 2338 ἐπὶ
2709 2286 2863 2353 ψιλὸν
2898 2283 3087 2347 άπῖεῶς
3120 2282 3492 2352 θεωρούμενον
3532 2282 3749 2353 βρέφος,
3780 2281 3898 2334 ἀλλ’

2323 2376 2417 2430 ὲπί
2447 2394 2499 2428 τι
2530 2376 2691 2446 σῶμα
2723 2374 3065 2444 συνημμένον
3094 2373 3346 2444 ἀρρήτως
3373 2370 3492 2441 Θεῷ
3518 2369 3540 2441 ]

2923 2486 3176 2543 ΚΕΦΑΛ.
3216 2485 3295 2542 Θ’.

2396 2579 2526 2632 Ὅτε
2559 2579 2737 2632 τοίνυν
2759 2580 3007 2649 ἀρρήτως
3041 2576 3310 2648 συνῆφθαι
3342 2575 3461 2647 Θεῷ
3489 2576 3550 2629 τὸ
3593 2576 3753 2645 σῶμά
3796 2590 3900 2644 φη-

2328 2686 2408 2723 σι·
2445 2670 2505 2723 τὸ
2540 2670 2597 2722 δὲ
2652 2670 2964 2740 ἀπόρρητον
3008 2668 3244 2739 άληθῶς,
3282 2668 3423 2739 ὑπὲρ
3454 2668 3580 2721 νοῦν
3634 2668 3751 2720 ἐστι
3802 2665 3900 2719 καὶ

2325 2763 2501 2830 λόγον,
2548 2762 2754 2833 ἀληθής
2800 2779 2903 2813 που
2934 2761 3149 2824 πάντως
3177 2762 3211 2831 ὴ
3254 2761 3655 2829 ἓνωσις,ἧτουν
3694 2760 3726 2828 ἡ
3768 2775 3899 2810 συν-

2328 2855 2513 2923 ἁφεια,
2557 2856 2676 2907 κατ’
2719 2855 2904 2909 αὐτόν.
2948 2852 3261 2923 Ἀπὸρῤητα
3296 2852 3402 2922 γὰρ
3453 2852 3523 2904 τὰ
3569 2850 3766 2915 τοιάδε,
3800 2850 3898 2904 καὶ

2324 2944 2431 2997 τῶν
2446 2944 2616 3007 οὕτως
2627 2944 2872 3015 ἀλλήλοις
2899 2960 2960 2996 συ
2970 2942 3341 3015 μὸεϐηκότων,
3361 2943 3460 2995 οὐκ
3481 2941 3568 3007 ἂν,
3603 2937 3653 2994 οἷ
3663 2958 3788 3011 μαι,
3802 2940 3893 3004 τὶς

2327 3037 2495 3107 εἰδείη
2526 3039 2618 3089 τὸν
2651 3037 2876 3106 τρόπον.
2909 3036 2975 3091 Εἰ
3010 3035 3065 3089 δὲ
3092 3032 3250 3090 οῐσθα
3284 3035 3487 3104 λέγειν,
3510 3034 3612 3088 οῖει
3645 3052 3703 3087 τε
3732 3033 3897 3087 δύνα-

2328 3128 2450 3180 σθαι
2492 3125 2815 3198 διατρανοῦν
2856 3127 2955 3196 τῆς
3010 3127 3309 3196 συναφείας
3351 3127 3452 3195 τὴν
3484 3126 3742 3196 δύναμιν,
3780 3126 3900 3189 πῶς

2326 3220 2636 3291 ἀπόρρητον
2672 3218 2752 3270 ἔτι
2784 3218 2845 3270 τὸ
2872 3217 3061 3288 χρῆμά
3088 3220 3237 3283 ὲστι;
3266 3215 3540 3286 Θαυμάξω
3560 3215 3638 3279 δὲ,
3661 3217 3742 3269 ὅτι
3770 3216 3899 3269 καί·

2327 3330 2408 3364 τοι
2438 3310 2597 3379 σῶμα
2634 3310 2807 3377 λέγων
2852 3307 3122 3378 συνῆφθαι
3152 3307 3302 3377 Θεῷ,
3342 3308 3436 3361 καὶ
3463 3305 3621 3360 τοῦτο
3653 3307 3901 3376 ἀπορρή-

2328 3421 2457 3466 τως,
2478 3402 2578 3454 οὐκ
2608 3400 2776 3454 αὑτοῦ
2807 3400 2871 3469 δὴ
2896 3399 3054 3453 τοῦτο
3079 3400 3173 3453 καὶ
3202 3400 3333 3451 ἴδιον
3353 3394 3492 3452 εἷναί
3520 3415 3706 3468 φησιν,
3734 3396 3801 3448 ἶν’
3823 3396 3900 3459 ὼς

2330 3498 2386 3551 ἓν
2413 3500 2585 3550 νοοῖτο
2623 3498 2737 3566 μετ’
2766 3490 2931 3549 αὐτοῦ
2956 3510 2968 3521 '
2998 3492 3209 3563 μερίζει
3236 3490 3293 3544 δὲ
3324 3490 3485 3543 πάλιν
3516 3490 3592 3551 εἰς
3614 3487 3900 3555 ἄνθρωπον

2331 3591 2424 3641 καὶ
2452 3588 2605 3651 Θεὸν,
2633 3587 2738 3641 ἀ.νά
2772 3587 2955 3656 μέρως
2984 3600 3044 3636 τε
3068 3582 3161 3636 καὶ
3194 3580 3397 3645 ἰδικῶς,
3418 3579 3510 3632 τὸν
3535 3579 3630 3631 ἕνα
3664 3576 3903 3647 Χριστὸν

2331 3681 2423 3732 καὶ
2451 3679 2655 3748 Κύριον
2694 3676 2924 3747 Ἰησοῦν,
2958 3676 3054 3729 καὶ
3084 3672 3219 3743 ὀρθὰ
3247 3671 3467 3742 φρονεῖν
3498 3668 3902 3723 ὑποπλάττεται

2329 3771 2501 3837 λέγων
2519 3785 2532 3797 ·

2402 3947 2576 4018 [⁹Λλλ’
2607 3946 2667 3999 ού
2701 3943 2855 4014 ψιλός
2884 3941 3169 4011 ἄνθρωπος
3210 3939 3239 3991 6
3273 3937 3527 4009 Χριστὸς,
3565 3937 3901 4006 συκοφάντα,

2331 4041 2445 4094 ἀλλ’
2484 4039 2769 4109 ἄνθρωπος
2802 4034 2939 4103 ὁμοῦ
2972 4030 3066 4085 καὶ
3104 4030 3235 4092 Θεός
3258 4046 3273 4060 ·
3306 4031 3354 4081 εί
3382 4029 3439 4081 δὲ
3483 4028 3641 4097 μόνον
3684 4028 3901 4099 ὑπῆρχε

2332 4130 2485 4195 Θεὸς,
2542 4127 2732 4198 ὲχρῆν,
2787 4122 3152 4191 ’Λπολινάριε,
3185 4121 3387 4172 εἰπεῖν’
3423 4137 3440 4170 t
3475 4118 3540 4170 Τί
3581 4134 3646 4187 με
3686 4116 3904 4187 ζητεῖτε

2332 4220 2655 4272 ἀποκτεῖναι
2698 4214 2851 4274 Θεὸν,
2881 4212 2941 4275 ὃς
2964 4213 3061 4283 τὴν
3088 4210 3348 4279 ἀλήθειαν
3384 4208 3511 4276 ὑμῖν
3539 4206 3845 4277 λελάληκα;
3880 4227 3897 4258 ι

2334 4307 2504 4374 Οὗτος
2545 4313 2573 4364 6
2600 4308 2693 4363 τὸν
2722 4306 3009 4362 ἀκάνθινον
3037 4302 3394 4375 περιθέμενος
3424 4301 3683 4369 στέφανον
3703 4316 3715 4329 ⁸
3748 4295 3905 4361 οὗτος

2332 4406 2361 4457 6
2428 4404 2625 4472 λέγων,
2672 4420 2691 4453 ι
2731 4400 2833 4452 Θεέ
2872 4416 2973 4469 μου
2998 4438 3013 4463 ,
3045 4396 3147 4449 Θεέ
3184 4412 3321 4465 μου,
3363 4394 3448 4447 ἵνα
3477 4394 3530 4446 τί
3580 4410 3646 4463 με
3677 4394 3905 4462 ἐγκατέ-

2332 4495 2515 4559 λιπεςς
2566 4512 2584 4545 ι
2637 4486 2791 4554 οὗτος
2848 4492 2876 4543 6
2919 4489 3219 4561 τριήμερον
3271 4484 3527 4554 ’τελευτὴν
3582 4483 3902 4555 ὑπομείνας.

2334 4582 2633 4655 Προσκυνῶ
2668 4582 2726 4635 δὲ
2760 4582 2857 4634 σὺν
2888 4582 2954 4650 τῇ
2992 4576 3217 4647 Θεότητι
3241 4572 3448 4641 τοῦτον,
3487 4574 3561 4637 ὡς
3613 4575 3713 4644 τῆς
3749 4573 3906 4637 θείας

662 4666 767 4719 mnl
804 4680 925 4720 cum
962 4665 1289 4734 Divinitate,
1330 4676 1589 4736 tanquam
1650 4667 1851 4722 divina:
1891 4665 2222 4721 defensorem

2334 4676 2630 4746 συνήγορον
2662 4667 2996 4742 αὑθεντίας.]

662 4757 1049 4813 auctoritatis.‘

1313 4848 1466 4904 CAP.
1508 4846 1576 4901 Χ.

735 4940 866 4995 Vide
882 4939 993 5008 iam
1032 4954 1217 4997 rursus
1245 4939 1697 5009 quemadmodum
1733 4938 1926 5007 raptim
1960 4938 2221 5008 decipiat,

662 5029 858 5085 etsuis
884 5030 1226 5086 sermonibus
1272 5030 1517 5085 veritatis
1564 5031 1799 5099 speciem
1851 5031 2226 5100 circumponat

664 5119 836 5192 [Non,
870 5121 1066 5189 inquit,
1098 5121 1326 5191 simplex
1361 5121 1521 5177 homo
1543 5130 1624 5175 est
1655 5120 1921 5187 Christus,
1952 5122 2045 5177 sed
2070 5123 2230 5177 homo

663 5214 824 5268 simul
856 5223 910 5265 et
944 5212 1129 5283 Deus],
1190 5227 1487 5281 rursusque
1516 5213 1744 5276 dividat,
1786 5221 1843 5266 et
1888 5214 2030 5268 haud
2063 5230 2225 5268 unum

662 5318 785 5359 esse
817 5303 985 5366 dicat,
1033 5311 1088 5357 et
1135 5301 1298 5357 stulte
1330 5302 1473 5372 quod
1520 5316 1550 5355 a
1601 5302 1817 5357 nemine
1870 5303 1941 5357 sit
1996 5305 2227 5373 positum

662 5393 915 5461 accipiat,
935 5402 989 5448 et
1021 5395 1161 5461 quod
1195 5393 1295 5447 sibi
1333 5392 1509 5461 placet
1549 5400 1776 5447 astruat.
1810 5392 2039 5448 Perinde
2082 5393 2225 5449 enim

666 5503 732 5541 ac
758 5487 806 5542 si
832 5487 1100 5557 quispiam
1130 5486 1356 5551 diceret,
1387 5487 1583 5540 nudum
1609 5485 1780 5553 ipsum
1810 5484 2038 5539 Verbum
2068 5494 2122 5540 et
2149 5486 2228 5541 ci-

671 5588 749 5629 tra
788 5594 1007 5633 carnem
1040 5577 1092 5631 in
1123 5578 1283 5631 terris
1322 5577 1478 5631 nobis
1527 5576 1868 5645 apparuisse,
1912 5577 2228 5632 nobiscum-

671 5684 774 5734 que
800 5671 1057 5733 locntum,
1089 5671 1170 5725 vel
1205 5668 1383 5723 divina
1418 5668 1570 5737 signa
1616 5666 1850 5722 edidisse
1873 5708 1886 5730 ,
1938 5676 2033 5723 aut
2082 5683 2230 5723 com-

740 5832 785 5860 “5
820 5830 969 5883 Joan.
1001 5848 1107 5897 vn,
1151 5834 1232 5887 40.
1318 5831 1358 5862 ³⁸
1400 5828 1588 5884 Malllt.
1623 5842 1793 5895 Xivu,
1829 5829 1914 5881 46.

2941 4844 3190 4899 ΚΕΦΛΛ.
3235 4845 3292 4898 l'.

2409 4939 2597 5009 ’Δορει
2620 4938 2680 5007 δή
2714 4954 2805 5006 μοι
2852 4935 3011 4989 πάλιν
3044 4932 3453 5004 συναρπάζοντα
3512 4930 3633 5001 μὲν,
3676 4930 3769 4983 καί
3799 4931 3905 5000 τῆς

2333 5030 2588 5100 ἀληθείας
2625 5028 2723 5097 τὴν
2770 5027 3050 5096 μόρφωσιν
3097 5026 3210 5087 τοῖς
3254 5021 3448 5076 ἑαυτοῦ
3499 5020 3785 5089 περιθέντα
3814 5020 3907 5073 λό-

2335 5137 2479 5189 γοις”
2516 5119 2611 5190 [οὐ
2643 5118 2751 5187 γὰρ
2801 5116 2953 5186 ψιλὸς
3004 5114 3288 5185 ἄνθρωπος
3310 5152 3323 5176 ,
3373 5112 3559 5183 φησὶν,
3589 5112 3617 5163 6
3648 5110 3907 5180 Χριστὸς,

2336 5213 2450 5267 ἀλλ’
2480 5210 2763 5281 ἄνθρωπος
2804 5208 2938 5279 όμοῦ
2978 5209 3071 5262 καὶ
3120 5205 3297 5279 Θεόςυ]
3328 5205 3605 5259 διῖστάντα
3643 5202 3701 5256 δὲ
3746 5203 3911 5255 πάλιν

2338 5307 2431 5358 καὶ
2447 5305 2543 5373 οὐχ
2566 5304 2661 5355 Eva
2683 5301 2931 5369 λέγοντα,
2954 5300 3049 5353 καὶ
3063 5298 3453 5351 ἁνυπόθετόντι
3472 5296 3759 5365 δεχόμενον
3773 5294 3914 5364 ἀμα-

2340 5392 2468 5458 θῶς,
2486 5394 2579 5447 καὶ
2606 5391 3077 5453 κατασκευάζοντα
3095 5389 3155 5441 τὸ
3182 5387 3390 5441 δοκοῦν.
3418 5387 3506 5448 Ὠς
3529 5390 3634 5455 γὰρ
3660 5384 3911 5451 λέγοντός

2338 5501 2500 5545 τινος.
2529 5484 2732 5553 γυμνὸν
2760 5482 2851 5534 ἐπὶ
2873 5482 2973 5551 γῆς
2998 5481 3091 5533 καὶ
3122 5480 3241 5549 δίχα
3269 5479 3468 5549 σαρκὸς
3487 5471 3664 5546 ὧφθαί
3686 5494 3745 5529 τε
3778 5478 3911 5548 ημῖν

2339 5574 2429 5627 τὸν
2459 5575 2648 5641 Λόγον,
2691 5573 2784 5626 καὶ
2821 5574 2945 5636 τοὺς
2979 5572 3114 5641 πρὸς
3152 5573 3299 5641 ἡμᾶς
3329 5568 3656 5639 ποιήσασθαι
3689 5566 3910 5635 λόγους,

2341 5668 2505 5738 ἤγουν
2543 5668 2831 5738 ἐνεργῆσαι
2866 5666 2963 5729 τὰς
2994 5662 3352 5734 θεοσημείας,
3406 5662 3572 5731 ἤγουν
3619 5660 3700 5713 ὅτι
3732 5660 3912 5724 κοινὸς
