4112 6528
164 409 199 460 97
1360 431 1740 489 ADVERSUS
1780 432 2187 494 NESTORIUM
2228 440 2360 498 LIB.
2404 440 2469 497 ll.
3432 458 3501 514 98

163 526 547 641 ῗνὶάνθριζοπος,
603 545 734 598 καὶ
780 548 901 601 οὐκ
955 548 1168 613 αὖτὸςό
1216 552 1385 619 Λόγος
1427 554 1616 623 γέγονε
1647 557 1783 628 σάρξ

1890 610 1895 620 ,
1926 575 2141 616 munem
2173 565 2448 620 hominem
2469 566 2656 635 fuisse,
2691 583 2795 625 non
2824 570 2999 641 ipsum
3027 572 3259 629 Verbum
3300 576 3498 632 factum

167 621 691 736 ὲίῖῗῖίξηῖξξέξῐῖσὶῒ
727 638 1116 736 ﬁdem;
1162 642 1190 692 δ
1240 621 1673 736 ξίρισξδςέάλλά
1721 621 1786 736 aa

1915 668 2035 710 esse
2060 669 2276 711 carnem
2306 676 2322 714 :
2350 656 2514 730 [Non,
2542 660 2745 732 inquit,
2787 662 3016 733 simplex
3040 672 3122 720 est
3156 666 3318 721 homo
3380 667 3499 736 ipse

360 714 595 785 Ἡμεῖς
627 720 729 783 δὲ,
758 716 812 775 ὦ
850 724 1123 794 βέλτιστε,
1161 708 1328 798 φαίην
1370 729 1435 783 ἂν
1472 708 1669 800 ἔγωγε,
1707 734 1786 786 κᾶπ

2016 708 2029 710 _
2072 708 2082 710 _
2307 708 2321 714 -
2350 708 2514 730 ιη--.
2542 708 2745 732 ---η-η,
2787 708 3016 733 -....,,.--
3041 708 3122 720 ν...
3157 708 3317 721 .......-
3382 708 3498 736 ...ον

1915 744 2189 812 Christus,
2242 763 2432 803 verum
2466 750 2631 806 etiam
2667 741 2855 825 θεοὶ]
2902 752 3007 807 Sed
3045 765 3103 809 ut
3149 755 3279 810 mihi
3315 758 3499 812 dicere

172 800 380 914 λέγωμεν
410 806 612 862 αὑτὸν
650 811 982 885 ἄνθρωπόν
1012 832 1072 868 τε
1101 816 1235 888 όμοῦ
1268 819 1362 872 καὶ
1392 819 1544 885 Θεὸν,
1579 823 1680 875 οὐκ
1706 825 1786 876 ἀνι

2148 800 2189 812 ,,
2470 800 2630 806 νη---
2669 800 2855 825 --ηπ
2902 800 3007 807 η--
3047 800 3103 809 _-
3316 800 3499 812 ...νων

1916 836 2097 906 liceat,
2135 855 2255 905 nos,
2286 856 2319 895 0
2354 842 2438 895 vir
2487 844 2714 912 Optime,
2751 846 2999 914 quamvis
3050 846 3199 901 illum
3249 849 3499 903 dicamus

180 892 313 993 μέρος
338 895 625 963 τιθέντες
661 902 751 954 τὰ
778 906 970 960 τοιάδε
1002 908 1183 978 φαμέν
1206 924 1221 939 ’
1247 910 1341 962 τὸν
1372 911 1534 965 αὑτὸν
1561 913 1619 966 δὲ
1670 915 1786 985 μᾶλε

2082 892 2097 906 ,
2294 892 2309 895 ψ
2491 892 2714 912 -.ηπ-η,
2754 892 2999 914 unm-n.-
3251 892 3497 903 --υ---ηη

1913 928 2189 985 hominem
2212 931 2372 986 simul
2391 942 2445 988 et
2477 933 2669 1001 Deum,
2696 950 2800 989 non
2821 934 2936 991 haec
2956 936 3185 991 seorsim
3205 937 3497 992 dividendo

187 986 252 1036 λον
292 986 510 1053 εἰδότες
551 992 669 1045 xui.
707 994 832 1066 πρὸ
889 996 991 1066 τῆς
1023 998 1489 1071 ἐνανθρωπήσεως
1537 1002 1668 1057 Υἱὸν
1710 1022 1784 1059 κα

1912 1018 2167 1085 dicimus,
2195 1023 2291 1078 sed
2324 1024 2503 1091 potius
2543 1027 2797 1081 eumdem
2846 1028 3084 1083 scientes
3126 1028 3294 1083 etiam
3342 1038 3498 1084 ante-

190 1076 296 1129 Θεὸν
319 1078 418 1132 καὶ
447 1081 647 1151 Λόγον
678 1085 784 1137 τοῦ
825 1087 1038 1157 Πατρός
1059 1105 1073 1119 ·
1098 1090 1383 1162 ἄνθρωπον
1402 1092 1459 1146 δὲ
1485 1094 1624 1165 μετά
1645 1096 1786 1151 τοῦτι

1911 1123 2071 1177 quam
2108 1120 2255 1167 esset
2281 1076 2442 1169 homo
2497 1114 2695 1181 factus,
2722 1125 2779 1171 et
2832 1116 3058 1185 Filium,
3113 1126 3170 1173 et
3214 1118 3407 1183 Deum,
3443 1127 3498 1174 et

198 1171 296 1223 καθ’
349 1174 506 1243 ἡμᾶς
540 1177 833 1245 γεγονότα
859 1218 876 1244 ,
911 1180 1006 1233 καὶ
1065 1183 1505 1254 σεσαρκωμένον.
1544 1186 1603 1240 '0
1635 1186 1692 1241 δὲ
1727 1188 1786 1243 διε

1912 1201 2152 1257 Verbum
2190 1202 2395 1271 Patris,
2430 1206 2708 1263 hominem
2740 1223 2869 1263 vero
2903 1218 3087 1279 postea
3136 1209 3309 1265 nostri
3342 1210 3497 1265 simi-

199 1263 612 1335 ἰσχυριζόμενος
652 1269 734 1339 μὴ
765 1270 880 1325 δεῖν
908 1272 1068 1326 αὐτὸν
1101 1273 1390 1346 ἄνθρωπον
1434 1277 1671 1333 νοεῖσθαι
1712 1280 1786 1351 ψι·

1909 1293 2011 1347 lem
2036 1293 2236 1350 factum
2282 1308 2338 1352 et
2354 1298 2715 1354 incarnatum.
2742 1299 2835 1357 llle
2853 1315 2979 1358 vero
2995 1316 3117 1358 curn
3135 1300 3365 1356 alﬁrmet
3389 1318 3494 1358 non

198 1355 298 1421 λὸν,
352 1358 495 1412 ἀλλὰ
529 1360 679 1414 Θεὸν
730 1364 829 1416 καὶ
876 1363 1192 1435 ἄνθρωπον,
1242 1369 1510 1440 ἀπονέμει
1558 1372 1661 1442 μὲν
1712 1372 1786 1426 τὸι

1908 1398 2029 1440 esse
2061 1386 2205 1440 illum
2231 1389 2433 1442 nudum
2461 1390 3178 1462 hominemintelligendutn,
3208 1393 3302 1449 sed
3327 1394 3493 1448 Deum

193 1446 475 1501 ἀκάνθινον
503 1449 808 1519 στέφανον,
833 1455 928 1507 καὶ
957 1455 1027 1509 τά
1056 1454 1220 1527 ἕτερα
1242 1457 1351 1511 τῶν
1372 1459 1583 1525 παθῶν,
1618 1461 1802 1527 ίδικῶς

190 1537 465 1611 ἀνθρώπῳ
485 1544 591 1594 καὶ
618 1544 728 1598 ἀνά
759 1545 947 1616 μέρος⁶
980 1551 1309 1619 προσκυνεῖν
1331 1550 1389 1603 δὲ
1421 1552 1677 1622 ὁμολογεῖ
1704 1555 1801 1608 σὺν

183 1635 249 1700 τῇ
278 1632 515 1703 Θεότητι
548 1634 769 1688 τοῦτονο
795 1638 890 1691 καὶ
920 1638 981 1692 τὸ
1015 1638 1095 1692 ἐτι
1129 1640 1575 1713 δυσσεϐέστερον,
1597 1644 1673 1708 ὡς
1699 1645 1800 1699 οὐκ

178 1724 314 1776 ἐοντα
356 1726 463 1795 μὲν
498 1727 648 1781 κατά
672 1727 735 1782 τὸ
762 1730 907 1794 είκδς
933 1731 1065 1784 Θεὸν
1094 1732 1311 1803 ἀληθῶς
1342 1735 1438 1788 καὶ
1468 1735 1596 1791 Υίόν
1615 1753 1629 1768 ⁸
1675 1754 1800 1792 συν-

179 1818 395 1885 ήγορον
429 1817 487 1868 δὲ
534 1820 803 1887 γεγονότα
837 1821 935 1892 τῆς
968 1822 1257 1887 αὑθεντίας
1304 1824 1398 1879 τοῦ
1436 1826 1633 1895 Λόγου.
1672 1827 1796 1881 Ὅτι

1904 1483 1960 1530 et
2008 1476 2307 1543 hominem,
2340 1479 2582 1548 spineam
2628 1481 2846 1549 quidem
2897 1497 3155 1538 coronam
3186 1492 3241 1538 et
3265 1493 3492 1538 caeteras

1906 1567 2188 1633 passiones
2228 1568 2447 1638 preprie
2466 1584 2531 1625 ac
2560 1572 2789 1625 seorsim
2813 1573 3018 1627 homini
3044 1573 3255 1638 tribuit,
3302 1582 3357 1627 et
3396 1574 3492 1629 ad-

1902 1673 2060 1712 orare
2085 1673 2145 1714 se
2172 1661 2313 1714 hunc
2338 1661 2498 1715 simul
2538 1677 2661 1721 cum
2695 1664 2987 1719 Divinitate
3021 1664 3318 1729 fatetur,ct
3346 1667 3489 1735 quod

1903 1748 2007 1821 53
2043 1753 2212 1822 magis
2245 1754 2468 1823 impium
2498 1757 2586 1821 sit,
2619 1764 2877 1825 tanquam
2907 1772 3015 1810 non
3043 1758 3133 1823 sit,
3167 1767 3225 1811 ut
3251 1768 3332 1813 est
3357 1774 3489 1813 con-

1901 1857 2250 1909 semaneutn,
2301 1860 2428 1900 vere
2471 1847 2616 1902 Deus
2664 1863 2729 1902 ac
2757 1847 2959 1913 Filius,
3004 1849 3095 1903 sed
3148 1850 3491 1904 auctoritatis

170 1907 295 1975 γὰρ
336 1908 624 1980 διῖστησιν
668 1913 940 1984 ἐναργῶς,
976 1921 1232 1986 σαφηνιεῖ
1274 1918 1436 1973 πάλιν
1465 1920 1527 1974 τὸ
1583 1923 1681 1977 σὺν
1729 1926 1786 1996 τῇ

1900 1935 2063 1991 Verbi
2099 1945 2359 1992 assertor.
2395 1937 2530 1991 Nam
2568 1942 2713 2007 quod
2748 1939 3031 1995 evidenter
3065 1940 3385 2009 distinguat,
3421 1956 3489 1995 ex

167 1996 428 2067 Θεότητι
454 2002 887 2070 προσκυνεῖσθαι
920 2003 1029 2058 δεῖν
1058 2007 1225 2061 αὐτὸν
1246 2009 1549 2079 ὁμολογεῖν.
1584 2011 1660 2064 Τὸ
1685 2013 1796 2081 γὰρ

166 2090 361 2159 ἑτέρῳ
400 2096 1018 2168 συμπροσκυνούμενον,
1054 2100 1241 2170 ἕτερόν
1273 2117 1374 2153 που
1407 2102 1629 2166 πάντως
1677 2104 1797 2158 ἐστὶ

164 2181 315 2249 παρ’
347 2182 540 2234 ἐκεῖνο
573 2184 692 2252 μεθ’
726 2180 787 2240 οὗ
839 2189 1268 2257 προσκυνεῖσθαι
1316 2189 1551 2259 λέγεται.
1598 2193 1795 2262 Ἡμεῖς

159 2270 256 2331 δὲ,
303 2272 419 2341 μιᾷ
467 2276 842 2347 προσκυνήσει
887 2279 1052 2349 τιμᾷν
1096 2279 1389 2351 εἰθίσμεθα
1428 2284 1520 2337 τὸν
1579 2283 1793 2355 Ἐμμα-

160 2362 368 2431 eaut),
397 2364 461 2415 οὐ
496 2363 802 2431 διῖστάντες
835 2367 931 2420 τοῦ
963 2369 1140 2439 Λόγου
1167 2371 1229 2424 τὸ
1258 2373 1457 2428 ἑνωθὲν
1486 2375 1638 2446 αὐτῷ
1668 2376 1791 2431 καθ’

165 2454 495 2508 ίπὸστασιν
526 2456 707 2527 σῶμα.
744 2459 809 2512 Τί
841 2460 886 2512 δ’
921 2462 987 2515 ἂν
1012 2464 1203 2525 νοοῖτο,
1237 2463 1296 2517 τὸ
1326 2465 1421 2535 τῆς
1456 2466 1605 2530 θείας
1629 2471 1792 2540 συνή-

163 2562 346 2617 γορον
407 2547 719 2613 αὑθεντίας,
775 2553 1086 2619 βασανίζειν
1135 2556 1322 2621 ἄξιον·
1372 2556 1481 2627 ἆρα
1536 2560 1643 2632 γὰρ
1699 2563 1793 2615 καὶ

166 2638 351 2699 αὐτὸς
388 2640 421 2691 ό
448 2638 656 2709 Κύριος
692 2642 850 2712 ήμῶν
891 2646 1097 2715 Ἰησοῦς
1126 2648 1381 2718 Χριστὸς,
1411 2652 1532 2704 καθ’
1558 2653 1653 2704 ἕνα
1682 2653 1791 2706 τῶν

166 2730 358 2796 ἀγίων
440 2732 763 2789 ἀποστόλων
840 2738 936 2790 καὶ
1001 2738 1405 2807 εὐαγγελιστῶν
1474 2743 1661 2814 ἕτερον
1712 2745 1792 2815 τῷ

171 2824 380 2893 κόσμῳ
410 2826 705 2896 διεκήρυξε
737 2830 990 2903 Χριστὸν,
1023 2832 1190 2902 ἠγουν
1240 2834 1368 2888 Υἱὸν
1415 2837 1511 2889 καὶ
1556 2838 1787 2909 Κύριον,

169 2918 251 2981 ὡς
286 2919 451 2971 θείαν
506 2920 701 2990 ἔχοντα
743 2923 843 2989 τὴν
890 2926 975 2995 ἐφ’
1019 2925 1224 2980 ἅπασιν
1260 2927 1574 2998 αὐθεντίαν,
1620 2932 1790 3002 ἤγουν

174 3011 461 3076 ἐξουσίαν,
497 3013 867 3084 συνηγόρευσε
899 3016 957 3068 δὲ
985 3018 1081 3070 καὶ
1110 3018 1272 3082 αὐτὸς
1300 3022 1367 3091 τῇ
1405 3020 1595 3093 ἐτέρου
1624 3022 1786 3096 δόξω

174 3104 380 3157 Καίτοι
409 3104 525 3157 τῶν
554 3104 837 3177 θεηγόρων
882 3109 910 3159 ό
959 3110 1138 3180 χορὸς,
1189 3112 1397 3183 Ἰησοῦν
1428 3115 1665 3186 Χριστὸν
1698 3118 1790 3170 τὸν

1901 2040 1966 2080 eo
2029 2043 2216 2081 rursus
2250 2029 2595 2097 perspicuum
2654 2029 2766 2092 ﬁet,
2818 2031 2961 2099 quod
3021 2046 3143 2084 cum
3200 2030 3491 2086 Divinitate

1900 2117 2075 2186 ipsum
2098 2132 2220 2172 esse
2243 2117 2577 2172 adorandum
2604 2122 2895 2174 conlitetur
2934 2141 2946 2176 :
2989 2121 3132 2189 quod
3177 2120 3322 2174 enim
3364 2135 3487 2175 cum

1898 2206 2071 2261 altero
2113 2208 2393 2274 adoratur,
2435 2210 2709 2265 diversum
2753 2222 2838 2267 est
2882 2228 3105 2281 prorsus
3147 2211 3214 2267 ab
3255 2227 3320 2267 eo
3363 2229 3486 2269 cum

1898 2311 2003 2365 quo
2046 2299 2264 2354 adorari
2312 2300 2650 2367 perhibetur.
2692 2300 2800 2356 Nos
2846 2317 2975 2357 vero
3020 2319 3123 2357 una
3167 2305 3488 2360 adoratione

1897 2390 2166 2445 honorare
2190 2393 2573 2447 consuevimus
2598 2393 3028 2460 Emmanuelem,
3053 2412 3155 2449 non
3184 2397 3484 2452 dividentes

1895 2498 1922 2535 a
1951 2482 2131 2538 Verbo
2165 2499 2360 2554 corpus
2398 2485 2498 2555 ipsi
2535 2486 2834 2541 secundum
2874 2488 3208 2556 hypostasim
3247 2492 3480 2545 unitum.

1895 2574 2031 2640 Quid
2073 2584 2253 2629 autem
2289 2577 2598 2647 signiﬁcent
2641 2578 2732 2632 illa
2771 2581 2970 2645 verba,
3010 2580 3207 2635 divinae
3245 2592 3484 2637 asserto-

1894 2678 2007 2717 rem
2029 2668 2390 2730 auctoritatis,
2415 2670 2838 2723 examinandum
2860 2679 2963 2724 est.
2989 2670 3125 2724 Num
3150 2674 3293 2727 enim
3316 2674 3479 2727 etiam

1894 2756 2008 2823 ipse
2043 2757 2303 2812 Dominus
2340 2770 2523 2814 noster
2551 2758 2709 2815 Jesus
2740 2760 2990 2817 Christus
3026 2774 3083 2816 ut
3117 2780 3257 2818 unus
3288 2780 3318 2818 e
3351 2780 3480 2820 san-

1892 2848 1996 2901 etis
2028 2850 2287 2917 apostolis
2315 2859 2369 2905 et
2397 2851 2770 2923 evangelistis,
2799 2853 2963 2908 alium
2993 2858 3192 2910 mundo
3222 2857 3478 2925 prardica~

1892 2941 1967 2993 vit
1997 2939 2300 3009 Christum,
2336 2943 2416 2998 vel
2456 2942 2680 3011 Filium,
2715 2945 2797 3000 vel
2837 2947 3145 3013 Dominum,
3183 2956 3239 3001 ut
3275 2949 3482 3003 haben.

1893 3044 1998 3086 tem
2023 3036 2087 3088 ad
2113 3035 2293 3089 omnia
2319 3037 2558 3092 divinam
2583 3039 2963 3093 auctoritatem
2990 3040 3103 3095 sive
3130 3049 3477 3109 potestatem,

1889 3137 1944 3181 et
1974 3126 2088 3195 ipse
2115 3125 2341 3181 alterius
2372 3126 2599 3197 gloriam
2635 3128 2910 3183 asseruit?
2940 3128 3103 3197 Atqui
3136 3129 3336 3184 chorus
3367 3132 3479 3199 ipse

175 3196 240 3245 ὲκ
268 3196 597 3267 σπέρματος
617 3198 783 3251 Δαὸὶδ
811 3200 954 3254 κατά
982 3201 1163 3272 σάρκα
1184 3204 1261 3273 τῷ
1284 3207 1478 3275 κόσμῳ
1491 3206 1786 3278 διακηρύτ-

1891 3216 1986 3272 Dei
2020 3196 2433 3286 praedicatorum
2462 3216 2645 3272 Jesum
2675 3218 2955 3274 Christum
2989 3218 3138 3272 illum
3171 3234 3236 3273 ex
3270 3222 3479 3274 semine

175 3302 330 3340 τουσι
352 3307 370 3319 ο
410 3290 508 3342 καὶ
534 3290 632 3360 τῆς
682 3292 920 3355 πίστεως
962 3294 1118 3364 ήμῶν
1163 3298 1191 3348 ό
1228 3299 1428 3366 τρόπος
1462 3299 1550 3353 διὰ
1578 3301 1677 3370 τῆς
1706 3303 1785 3366 είς

1892 3309 2059 3363 David
2088 3310 2383 3365 secundum
2414 3323 2635 3365 carnem
2668 3310 2947 3378 przedicat,
2979 3319 3033 3363 et
3068 3310 3181 3378 ipsa
3219 3309 3343 3364 ﬁdei
3377 3324 3475 3361 no-

176 3379 341 3432 αὐτὸν
387 3381 684 3450 ὁμολογίας
716 3383 938 3455 ἔρχεται
959 3402 973 3417 ο
1003 3386 1365 3458 δικαιούμεοα
1406 3389 1464 3444 δὲ
1497 3393 1786 3447 πιστεύον-

177 3484 288 3530 τες,
324 3470 431 3538 οὐχ
478 3473 555 3533 ὼς
597 3471 693 3525 ἕνα
731 3474 839 3525 τῶν
875 3475 999 3528 καθ’
1044 3478 1191 3546 ἡμᾶς
1234 3479 1522 3549 ἄνθρωπον
1572 3482 1782 3548 ἁπλῶς,

179 3559 293 3610 ἀλλ’
326 3562 412 3623 εἰς
452 3563 547 3613 τὶν
595 3563 756 3630 φύσει
798 3581 858 3617 τε
893 3566 989 3618 καὶ
1033 3568 1251 3636 ἀληθῶς
1288 3571 1420 3623 ὂντα
1464 3573 1618 3627 Θεόν.
1674 3576 1787 3629 Καὶ

179 3648 307 3715 γοῦν
342 3650 485 3705 ἄθεα
520 3651 621 3722 μὲν
652 3653 721 3706 τά
763 3653 894 3725 ἔθνη
926 3656 1196 3710 διετέλουν
1237 3660 1381 3712 κατά
1423 3660 1515 3714 τὸν
1555 3662 1784 3734 κόσμον,

178 3742 420 3813 Χριστὸν
465 3746 568 3797 οὐκ
619 3746 803 3801 εἰδότα
851 3749 1005 3813 ποτὲ,
1060 3750 1205 3805 καθά
1236 3769 1401 3823 φησιν
1442 3756 1470 3808 ό
1512 3756 1784 3827 μακάριος

176 3834 435 3897 Παῦλος·
474 3837 666 3905 ἐπειδὴ
710 3838 766 3890 δὲ
801 3839 1129 3906 ἐγνώκασιν,
1186 3844 1247 3894 οὐ
1294 3846 1671 3914 μεμενήκασιν
1726 3849 1784 3900 ἐν

177 3929 378 4001 ἀγνοίᾳ
406 3930 504 3985 τοῦ
527 3933 669 3985 κατὰ
696 3932 861 4002 φύσιν
884 3935 1036 3999 ὄντος
1058 3936 1216 3990 Θεοῦ.
1246 3939 1458 3993 Οὐκοῦν
1484 3941 1785 3996 διδασκέτω

178 4026 241 4091 τῇ
272 4023 429 4087 τίνος
462 4024 589 4094 δόξῃ
622 4026 716 4078 καὶ
741 4025 1002 4097 αὑθεντίᾳ
1036 4028 1439 4101 συνηγόρευσεν
1467 4034 1496 4085 ὁ
1521 4033 1781 4103 Χριστδςν

179 4116 359 4169 καίτοι
405 4116 518 4169 τῶν
547 4118 889 4188 προσιόντων
920 4121 1071 4193 αὺτῷ
1094 4122 1220 4197 ⁸τὴν
1251 4123 1437 4177 πίστιν
1476 4126 1564 4194 ἐφ’
1599 4125 1782 4197 ἐαυτῷ

178 4208 278 4274 μὲν
318 4208 495 4262 αίτῶν
515 4225 533 4240 ⁸
561 4210 839 4274 ἀνατιθεὶς
857 4211 915 4263 δὲ
955 4194 1161 4283 ταύτῆν
1185 4215 1242 4266 ἐν
1270 4214 1419 4286 αὑτῷ
1445 4214 1552 4288 [ῖσ.
1581 4194 1779 4290 ἑαυτῷν]

174 4295 250 4365 τῷ
276 4297 480 4369 Πατρί,
513 4300 625 4352 Καὶ
656 4298 789 4367 γοῦν
821 4300 974 4369 ἔλεγε
1005 4317 1018 4331 ⁸
1057 4320 1073 4354 ι
1099 4303 1393 4357 Πιστεύετε
1425 4308 1505 4369 είς
1544 4308 1664 4377 ἐμὲ,
1688 4310 1783 4362 καὶ

176 4387 253 4451 εἰς
282 4388 379 4442 τὸν
407 4390 543 4443 Θεὸν
571 4391 912 4446 πιστεύετε»
935 4395 1029 4447 καὶ
1058 4395 1244 4449 πάλιν·
1273 4416 1291 4449 ι
1313 4396 1374 4450 '0
1404 4398 1676 4453 πιστεύων
1702 4402 1784 4465 εἰς

175 4480 301 4549 ἐμὲ,
332 4483 396 4534 οὺ
428 4484 679 4537 πιστεύει
708 4486 788 4548 είς
821 4486 943 4556 ἐμὲ,
973 4488 1090 4540 ἀλλ’
1119 4490 1201 4553 είς
1226 4489 1320 4544 τὸν
1349 4491 1643 4561 πέμψαντά
1675 4510 1743 4563 με
1764 4511 1777 4526 ο

1890 3412 2018 3457 stra:
2050 3402 2189 3456 ratio
2217 3418 2314 3472 per
2343 3401 2745 3456 confessionem
2775 3402 2826 3455 in
2858 3416 2980 3456 eum
3017 3400 3215 3456 factam
3251 3403 3425 3470 pergit
3457 3417 3471 3454 :

1884 3493 2357 3565 justiilcatnurque
2382 3509 2448 3549 eo
2478 3492 2597 3561 ipso
2623 3494 2765 3561 quod
2794 3492 3067 3548 credimus
3095 3508 3199 3547 non
3229 3502 3285 3547 ut
3311 3510 3475 3547 unum

1889 3604 1920 3643 e
1960 3587 2115 3641 nobis
2157 3587 2426 3641 hominem
2468 3586 2792 3656 simplicem,
2831 3587 2926 3641 sed
2969 3584 3022 3640 in
3066 3585 3240 3656 ipsum
3283 3595 3476 3640 natura

1888 3694 2125 3750 vereque
2154 3680 2345 3735 Deum.
2377 3679 2560 3748 Itaque
2591 3680 2711 3734 sine
2744 3681 2851 3733 Deo
2881 3688 3069 3747 gentes
3099 3686 3258 3733 erant
3288 3677 3339 3730 in
3372 3677 3475 3733 hoc

1888 3772 2110 3835 mundo,
2142 3769 2421 3824 Christum
2458 3769 2769 3838 ignorantes
2805 3768 3121 3838 aliquando,
3154 3777 3211 3821 ut
3245 3769 3319 3821 ait
3352 3769 3476 3823 bea-

1890 3873 1976 3915 tus
2008 3860 2208 3915 Paulus
2232 3860 2275 3891 δτ
2308 3879 2322 3914 :
2358 3861 2445 3914 ubi
2476 3875 2604 3915 vero
2639 3859 2789 3913 illum
2821 3868 3180 3930 agnoverunt,
3212 3874 3317 3912 non
3351 3872 3475 3927 per-

1890 3961 2205 4006 manserunt
2253 3951 2425 4019 ignari
2469 3950 2584 4017 ejus
2625 3950 2715 4019 qui
2762 3953 3056 4004 secundum
3100 3961 3348 4003 naturam
3390 3959 3474 4002 est

1889 4043 2048 4097 Dens.
2084 4041 2247 4111 Igitur
2278 4042 2471 4096 doceat
2507 4041 2659 4110 cujus
2698 4040 2885 4109 glorim
2926 4050 2981 4094 et
3022 4041 3334 4093 auctoritati
3380 4056 3474 4109 pa-

1889 4134 2189 4189 trocinatus
2218 4135 2288 4187 sit
2312 4133 2565 4188 Christus
2593 4151 2607 4187 :
2635 4133 2846 4188 tametsi
2875 4132 2944 4187 ab
2976 4132 3287 4187 hominibus
3316 4132 3380 4185 ad
3411 4147 3472 4186 se

1885 4224 2267 4278 accedentibus
2295 4223 2450 4278 ﬁdem
2482 4223 2535 4277 in
2566 4222 2809 4291 seipsum
2835 4222 3035 4293 exigat,
3063 4231 3120 4276 et
3145 4236 3264 4276 eam
3296 4222 3469 4289 ipsam

1888 4316 1937 4370 in
1970 4330 2028 4369 se
2062 4316 2161 4383 ipsi
2194 4315 2341 4368 Patri
2373 4316 2664 4376 attribuat,
2699 4314 2879 4383 itaque
2906 4314 3118 4369 dicebat
3148 4328 3163 4368 :
3200 4331 3217 4365 t
3251 4313 3468 4368 Credite

1887 4405 1938 4459 in
1977 4422 2085 4471 me,
2116 4415 2171 4461 et
2208 4407 2260 4460 in
2298 4407 2465 4461 Deum
2506 4407 2714 4461 credite
2741 4406 2823 4470 ";
2866 4424 2885 4457 ι
2925 4415 2979 4461 et
3016 4406 3209 4460 iterum
3248 4422 3263 4459 :
3306 4422 3325 4456 ι
3364 4404 3469 4471 Qui

1886 4500 2059 4554 credit
2089 4500 2141 4552 in
2176 4515 2281 4564 me,
2316 4514 2421 4552 non
2451 4501 2624 4555 credit
2654 4502 2709 4555 in
2741 4514 2851 4564 me,
2877 4498 2972 4553 sed
3006 4498 3057 4551 in
3090 4512 3211 4550 eum
3245 4497 3335 4566 qui
3367 4498 3469 4550 mi-

176 4573 268 4624 καὶ
287 4574 317 4624 ό
346 4572 573 4644 θεωρῶν
602 4568 733 4645 ἐμὲ,
759 4577 956 4648 θεωρεῖ
981 4581 1072 4633 τὸν
1106 4581 1403 4652 πέμψαντά
1432 4600 1524 4653 με.
1563 4604 1581 4635 ι
1632 4585 1771 4638 Ἀλλ’

1890 4593 1949 4647 sit
1997 4590 2169 4646 me".
2222 4610 2240 4642 ι
2288 4591 2392 4646 Sed
2441 4592 2671 4648 fortasse
2717 4593 2818 4646 hoc
2856 4591 3079 4645 verbum
3126 4591 3465 4660 συνηγορεῖν,

176 4662 305 4726 ἴσως
333 4664 397 4717 τὸ
427 4669 755 4737 συνηγορεῖν
790 4669 933 4723 κατά
970 4671 1030 4723 τὸ
1060 4671 1211 4743 αὐτῷ
1235 4673 1450 4738 δοκοῦν,
1498 4676 1637 4747 τάχα
1668 4694 1773 4729 που

175 4754 555 4829 ὑπεμφήνειεν
594 4758 661 4811 ἀν
723 4759 784 4813 τὸ
830 4762 1110 4833 ίσηγορεῖν
1134 4781 1147 4794 ⁸
1184 4765 1383 4836 ἐφίημι
1430 4768 1561 4839 γὰρ,
1601 4770 1779 4822 καίτοι

174 4846 273 4916 τῆς
304 4846 508 4911 λέξεως
573 4849 768 4921 ἑτέραν
798 4852 1027 4925 ἐχούσης
1061 4855 1161 4926 τὴν
1193 4855 1446 4927 δήλωσιν.
1480 4856 1615 4912 Εἶτα
1660 4860 1779 4924 πῶς

179 4942 563 5010 ἰσηγορήσειεν
620 4941 686 4994 ἀν
731 4943 1018 5017 ἄνθρωπος
1052 4947 1171 5019 Θεῷ
1218 4949 1359 5002 κατὰ
1400 4949 1485 5014 σὲ,
1533 4951 1627 5004 καὶ
1682 4953 1778 5015 τὰς

176 5033 238 5084 ἐκ
278 5033 390 5085 τῶν
453 5033 723 5088 Ἰουδαίων
774 5040 1064 5108 παροινίας
1111 5040 1441 5109 διενεγκὼν;
1480 5044 1617 5115 Φέρε
1666 5044 1775 5114 γὰρ

176 5126 263 5176 τόν
288 5126 542 5197 ἐκατέρῳ
572 5128 854 5199 πρέποντα
880 5131 1321 5203 καταθρήσωμεν
1349 5134 1527 5201 λόγον.
1567 5137 1772 5205 Πρέποι

175 5218 218 5269 δ’
245 5218 313 5271 ἀν
348 5219 524 5271 εἰπεῖν
564 5218 641 5289 τῷ
689 5238 750 5289 γε
780 5220 893 5275 ὄντι
930 5222 1050 5291 Θεῷ
1089 5224 1230 5277 κατά
1274 5225 1467 5293 φύσιν·
1505 5227 1639 5297 Εἰμὶ
1672 5228 1771 5297 μὲν

178 5310 429 5380 ἀόρατος,
471 5312 705 5383 ἀναφὴς,
730 5315 824 5366 καὶ
853 5312 947 5366 τοῦ
983 5314 1178 5368 παθεῖν
1206 5314 1499 5388 ἁνώτερος,
1539 5318 1633 5371 καὶ
1662 5318 1771 5389 μὴν

180 5406 267 5455 καὶ
297 5406 609 5475 ἀσώματος,
638 5406 753 5479 ζωὴ
782 5408 878 5461 καὶ
902 5406 1187 5473 ζωοποιὸς,
1225 5409 1319 5461 καὶ
1342 5409 1528 5462 ἐπάνω
1554 5410 1771 5463 πάντων

180 5496 249 5560 ὡς
287 5497 437 5561 Θεός.
490 5500 546 5552 Ὀ
583 5496 639 5553 δὲ
667 5503 769 5570 τὴν
813 5501 951 5555 ίδίαν
996 5502 1151 5572 ἡμῖν,
1195 5503 1343 5563 ὅπως
1364 5501 1431 5554 ἂν
1459 5502 1571 5571 ἔχοι
1611 5503 1773 5571 φύσιν

180 5590 556 5661 ἐξηγούμενος,
593 5593 700 5663 ἔφη
755 5592 823 5646 ἂν
874 5593 1137 5654 εἰκότως·
1204 5593 1431 5663 Ὀρατός
1479 5596 1627 5663 εἰμι,
1680 5592 1772 5646 καὶ

181 5680 341 5746 ἁπτός
360 5701 371 5714 ·
416 5687 675 5758 παθητὸς,
710 5685 810 5739 καὶ
833 5684 941 5737 ὑπὸ
962 5684 1189 5755 φθορὰν,
1221 5685 1311 5737 καὶ
1348 5684 1453 5737 ὑπὸ
1478 5684 1615 5755 Θεῷ.
1644 5682 1772 5755 'Ap’

256 5865 485 5943 l"Epltes.
520 5888 580 5939 tt,
638 5869 730 5923 12.
816 5866 867 5897 ⁸⁸
904 5866 1058 5920 Joan.
1101 5881 1209 5931 λιν,
1252 5865 1297 5917 l.
1377 5865 1419 5898 ⁵ο
1449 5862 1607 5917 Joan.
1646 5878 1741 5922 xit.
1774 5863 1862 5916 44.

1885 4684 2025 4749 ιιιιιιιΙ
2076 4684 2402 4751 patrocinari
2456 4683 2733 4748 diximus,
2780 4682 3088 4737 subindicat
3136 4681 3275 4735 idem
3325 4681 3464 4750 quod

1887 4775 2193 4845 ίσηγορεῖν,
2233 4774 2333 4829 hoc
2373 4784 2490 4839 est,
2527 4790 2590 4828 ex
2633 4789 2790 4842 aequo
2830 4773 3126 4842 pra-dicare
3162 4789 3176 4825 :
3218 4772 3465 4841 permitto

1881 4868 2049 4929 enim,
2073 4866 2321 4934 quamvis
2354 4865 2467 4920 haec
2498 4866 2666 4920 dictio
2693 4866 2856 4919 aliam
2890 4866 3084 4919 habeat
3112 4863 3464 4933 signiﬁcatio-

1883 4974 2023 5009 ltmn.
2056 4954 2218 5023 Atqui
2253 4957 2524 5021 qnmnodo
2555 4971 2621 5009 ex
2652 4970 2806 5023 aequo
2836 4954 2903 5007 de
2932 4968 2991 5008 se
3023 4953 3275 5021 loquatur
3302 4952 3463 5007 homo

1882 5050 2108 5118 perinde
2137 5065 2202 5102 ac
2231 5047 2397 5113 Deus,
2426 5057 2482 5102 ut
2512 5056 2568 5102 tu
2599 5056 2779 5117 putas,
2806 5056 2859 5101 et
2887 5047 2977 5115 qui
3005 5062 3032 5099 a
3061 5045 3261 5100 ludatis
3289 5044 3463 5100 illatas

1880 5138 2240 5192 contumelias
2273 5137 2525 5206 pertulit?
2554 5137 2666 5207 Age
2698 5135 3212 5201 enim,.sermonem
3247 5136 3463 5205 utrique

1878 5229 2289 5284 convenientem
2334 5229 2737 5285 consideremus
2780 5249 2793 5285 :
2839 5244 2962 5284 nam
2998 5243 3125 5283 vero
3164 5230 3460 5284 secundum

1878 5331 2128 5375 naturam
2160 5321 2273 5376 Deo
2302 5322 2555 5377 convenit
2583 5323 2765 5377 dicere
2798 5341 2812 5378 :
2845 5322 2959 5393 Ego
2987 5338 3104 5377 sum
3139 5320 3461 5384 invisibilis,

1880 5413 2261 5478 intractabilis,
2298 5415 2671 5484 impassibilis,
2702 5417 3077 5485 incorporeus,
3108 5415 3234 5469 item
3269 5413 3373 5466 vita
3407 5422 3464 5467 et

1879 5506 2204 5571 viviticator,
2229 5515 2285 5560 et
2312 5521 2474 5575 supra
2503 5507 2685 5562 omnia
2717 5517 2975 5577 tanquam
3004 5506 3145 5561 Deus
3174 5524 3189 5561 :
3218 5506 3305 5560 hic
3332 5518 3461 5558 vere

1882 5596 1929 5651 si
1960 5612 2056 5651 sua
2088 5599 2244 5653 nobis
2276 5608 2470 5654 natura
2501 5612 2555 5653 ut
2588 5600 2785 5655 habeat
2811 5610 3072 5670 exponat,
3099 5601 3242 5655 dicet
3272 5600 3459 5668 utique

1883 5696 1941 5741 ut
1972 5702 2069 5757 par
2094 5698 2177 5743 est
2212 5706 2223 5743 :
2254 5687 2495 5745 Visibilis
2525 5708 2675 5757 sum,
2709 5702 2762 5747 et
2791 5692 3124 5759 tractabilis,
3156 5690 3457 5763 passibilis,
