4104 6498
703 454 770 508 99
1753 450 1808 503 s.
1853 444 2125 504 evrum
2167 443 2632 500 ALEXANDRINI
2675 446 2986 502 ARCIIIEP.

3866 455 3970 509 500

702 576 756 620 et
793 565 1124 636 corruptioni
1165 566 1472 635 subjectus,
1510 580 1571 620 ac
1606 568 1706 621 sub
1745 567 1852 620 Deo
1890 585 1904 620 :
1943 583 2067 620 num
2112 567 2244 635 igitu

2349 616 2350 620 η
2383 557 2496 628 οῦν,
2532 566 2561 616 ὁ
2609 564 2677 616 τά
2723 565 2901 617 τοιάδε
2950 565 3144 631 λέγων,
3181 568 3557 637 ισήγορήσειεν
3585 567 3652 620 ἂν
3685 567 3763 637 τῷ
3799 569 3968 636 προῦ-

699 657 789 723 qui
829 655 952 709 talia
989 655 1152 721 dicit,
1190 657 1236 711 is
1268 671 1419 726 aaque
1455 657 1520 711 de
1553 672 1611 711 se
1647 658 1959 727 praedicabit
1995 666 2152 726 alque
2187 656 2278 711 ille

699 745 806 817 54
847 749 1189 814 praestantior
1225 760 1279 802 et
1315 748 1687 816 excellentior,
1733 754 1875 818 quod
1921 751 1984 803 ad
2027 765 2138 804 sum
2178 763 2276 803 na-

699 844 834 887 tura:
875 837 1064 890 attinet
1106 838 1374 893 rationes?
1410 842 1554 909 atqui
1595 841 1866 910 quomodo
1908 855 2013 894 non
2053 839 2106 894 id
2143 839 2276 894 stul-

700 935 808 978 tum
844 927 910 979 sit
946 927 1165 981 dicere?
1196 944 1318 982 nam
1356 941 1447 983 aut
1481 931 1568 985 ille
1602 946 1845 1001 prorsus,
1878 943 1968 986 aut
2005 933 2090 986 hic
2125 947 2276 986 men-

697 1016 882 1070 tietur.
905 1019 1276 1075 Assertionem
1295 1037 1422 1077 vero
1441 1038 1562 1076 cum
1583 1024 1735 1087 dicis,
1757 1025 1870 1078 sive
1891 1025 2268 1093 patrocinium,

697 1107 774 1161 sic
811 1124 1042 1178 namque
1079 1110 1236 1166 liceat
1268 1113 1448 1166 dicere
1481 1115 1894 1186 συνηγόρευσιν,
1931 1131 2108 1169 nonne
2141 1116 2272 1169 alte-

697 1213 813 1252 rum
849 1215 1034 1255 rursus
1065 1204 1351 1269 quemdam
1385 1205 1539 1258 alteri
1578 1207 1903 1274 patrocinari
1935 1207 2098 1259 etiam
2133 1205 2271 1259 invi-

696 1299 778 1342 tus
820 1292 931 1359 ipse
971 1293 1277 1358 eortliteris,
1314 1298 1403 1363 qui
1444 1298 1601 1351 nobis
1637 1297 2036 1366 conjunctionis
2075 1313 2266 1350 nomen

694 1397 1115 1447 commemoras,
1156 1396 1208 1439 et
1255 1402 1419 1440 unum
1467 1388 1737 1442 Christum
1782 1401 1837 1443 et
1883 1389 2167 1442 Dominum
2213 1390 2265 1442 in

693 1474 798 1526 duo
828 1475 1072 1530 dividens
1103 1475 1328 1539 adcras,
1363 1479 1470 1531 imo
1501 1495 1627 1535 vero
1659 1477 1818 1534 simul
1852 1485 2078 1544 adoras,
2111 1493 2166 1535 et
2202 1482 2267 1534 li-

692 1566 878 1619 berare
929 1576 977 1620 te
1029 1579 1187 1635 putas
1239 1570 1532 1624 Ecclesium
1584 1573 1943 1629 deilicationis
1993 1576 2259 1639 crimine,

688 1671 808 1708 cum
847 1657 960 1724 ipse
994 1659 1209 1713 deitices
1245 1661 1538 1722 hominem,
1564 1675 1618 1717 et
1657 1679 1759 1717 non
1799 1682 1961 1718 unum
2001 1666 2150 1720 dicas
2176 1665 2263 1718 Fi-

689 1746 839 1807 lium,
870 1749 1083 1802 etiamsi
1135 1765 1240 1804 non
1271 1761 1420 1806 extra
1453 1755 1725 1822 propriam
1753 1771 1970 1810 carnem
2001 1758 2262 1826 intelliga-

689 1838 809 1891 tur?
836 1837 1101 1894 Adorabis
1131 1845 1274 1895 enim
1307 1853 1430 1896 tunc
1463 1860 1698 1914 quoque,
1730 1849 1824 1902 sed
1856 1848 1972 1904 sine
1999 1850 2256 1913 crimine;

684 1939 736 1983 et
766 1947 1060 1998 cognosces
1093 1935 1180 1986 ubi
1216 1949 1355 1997 eras,
1389 1948 1446 1989 ut
1481 1938 1740 2006 scriptum
1773 1949 1875 2003 est,
1909 1955 2028 1992 cum
2060 1956 2088 1993 a
2119 1941 2259 1994 veri-

685 2022 808 2075 tatis
845 2023 1110 2091 dogmatis
1148 2027 1455 2082 aberrares.
1494 2029 1562 2082 At
1593 2029 1769 2093 enim,
1808 2031 2008 2099 inquit,
2050 2032 2259 2100 leproso

683 2115 815 2167 dixit
847 2133 858 2167 :
894 2135 909 2165 ‹
946 2116 1094 2177 ιτυιο,
1121 2121 1384 2174 mundare
1409 2121 1486 2184 '°;
1523 2141 1540 2172 ι
1567 2131 1620 2175 et
1653 2122 1773 2177 lilia:
1803 2125 2212 2194 archisynagogi
2242 2143 2254 2179 :

687 2223 704 2254 ι
733 2202 934 2267 Puella,
963 2209 1213 2274 surge“;
1245 2228 1261 2256 ι
1293 2220 1343 2260 et
1369 2212 1503 2262 mari
1529 2225 1542 2262 :
1571 2230 1586 2260 ι
1616 2210 1776 2277 121cc,
1803 2214 2204 2278 obmutesce";
2234 2234 2251 2265 ι

681 2294 832 2348 ineo
868 2295 1030 2364 igitur
1091 2297 1319 2351 dicendo
1372 2317 1554 2356 comes
1608 2318 1671 2356 ac
1723 2305 2072 2372 pariloquens
2107 2306 2204 2359 fuit
2241 2324 2255 2372 ;

681 2403 800 2438 nam
837 2387 1017 2440 divina
1053 2391 1209 2441 verba
1249 2391 1623 2458 eloquebatur,
1660 2386 1756 2460 per
1787 2410 1906 2462 qua:
1942 2395 2099 2452 facile
2133 2413 2255 2452 orn--

679 2477 764 2528 nia
800 2477 1058 2544 perlicere
1089 2479 1303 2534 licebat.
1336 2482 1446 2535 Duo
1480 2486 1640 2552 igitur
1667 2495 1824 2538 erant
1855 2487 1945 2556 qui
1978 2489 2255 2558 pra‘cipie-

679 2570 826 2627 baut,
860 2579 911 2620 et
951 2570 1232 2638 utriusque
1265 2588 1384 2627 esse
1420 2578 1777 2630 concedemus
1804 2578 1966 2632 verba
2003 2581 2253 2635 oumibus

677 2655 740 2708 de
773 2659 930 2709 rebus
962 2657 1189 2724 prolata.
1219 2660 1352 2713 Cum
1383 2677 1514 2732 ergo
1545 2666 1674 2718 dicit
1706 2683 1720 2720 :
1758 2685 1775 2716 ‹
1815 2669 1954 2732 Quid
1991 2684 2075 2722 me
2108 2685 2252 2738 quaa-

678 2744 795 2798 ritis
846 2747 1186 2814 interficere,
1241 2752 1513 2807 hominem
1565 2756 1655 2824 qui
1708 2759 1990 2812 veritatem
2043 2761 2251 2816 locutus

674 2852 791 2890 sum
822 2839 972 2891 vobis
995 2839 1076 2892 “2
1112 2861 1130 2892 ι
1165 2844 1350 2910 cujus,
1379 2846 1604 2901 obsecro
1639 2859 1719 2912 te,
1753 2851 2057 2920 hujusmodi
2089 2854 2248 2908 verba

672 2944 792 2984 esse
829 2931 1001 2986 dit-is?
1034 2947 1102 2986 an
1139 2935 1226 2987 illa
1266 2939 1478 3003 quidem
1517 2941 1617 3010 ipsi
1651 2943 1827 2999 Verbo
1869 2946 2093 3011 tribues,
2133 2949 2247 3002 bch

673 3035 800 3073 vero
836 3031 1086 3090 tanquam
1122 3025 1323 3080 homini
1361 3044 1389 3081 a
1412 3029 1588 3085 Verbo
1621 3035 1854 3101 diverso,
1889 3038 1988 3105 ipsi
2025 3053 2088 3090 ex
2129 3056 2248 3092 mu-

670 3113 801 3166 liere
843 3115 1056 3181 genito?
1101 3116 1204 3171 Sed
1247 3133 1353 3187 quo
1395 3120 1513 3176 loco
1553 3138 1721 3191 pones
1762 3128 1976 3181 heatqu
2020 3127 2243 3182 Paulum

2381 669 2528 720 χοντι
2583 653 2676 705 καὶ
2726 653 3130 724 ὑπερκειμένῳ,
3180 657 3321 709 κατά
3377 673 3440 722 γε
3503 658 3630 720 τοὺς
3678 658 3778 726 τῆς
3829 659 3966 720 ιδίας

2379 741 2593 808 φύσεως
2625 743 2840 811 λόγους;
2876 741 3006 797 Εῐτα
3042 745 3156 808 πῶς
3187 746 3346 800 τοῦτο
3373 747 3472 800 οὐκ
3502 747 3710 817 ἀμαθὲς
3744 751 3922 801 εἰπεῖν
3949 767 3964 816 ;

2376 834 2726 902 διαψεύσεται
2769 835 2878 906 γὰρ
2933 838 3235 908 πάντως,ἢ
3285 841 3589 909 ἐκεῖνος,ιῆ
3626 836 3965 904 οὗτος.·Συν-

2376 927 2604 996 ηγορίαν
2623 927 2678 979 δὲ
2705 927 2900 996 λέγων,
2929 929 3096 998 ἤγουν
3127 929 3540 999 συνηγόρευσιν,
3573 931 3671 998 οὑχ
3697 931 3889 1000 ἕτερόν
3907 948 3961 983 τι

2376 1017 2538 1069 πάλιν
2567 1018 2743 1088 ἐτέρῳ
2775 1022 3086 1089 συνηγορεῖ,
3119 1019 3213 1072 καὶ
3260 1020 3360 1088 οὐχ
3409 1021 3551 1072 ἐκὼν
3591 1021 3897 1090 ὁμολογεῖς,
3931 1023 3960 1072 ὁ

2377 1105 2672 1174 συνάφειαν
2699 1109 2828 1176 ἡμῖν
2855 1104 3154 1176 ὀνομάζων,
3185 1107 3279 1159 καὶ
3307 1107 3402 1160 ἕνα
3429 1106 3665 1177 Χριστὸν
3703 1107 3798 1158 καὶ
3844 1106 3958 1159 Κύ-

2375 1213 2522 1268 ριον⁹
2568 1199 2662 1251 καὶ
2715 1199 2928 1268 τέμνων
2979 1201 3060 1261 είς
3111 1199 3205 1251 δύο
3253 1201 3610 1270 προσκυνεῖς·
3653 1198 3855 1267 μᾶλλον
3899 1199 3958 1251 δὲ

2373 1293 2842 1360 συμπροσκυνεῖς·
2892 1291 2986 1343 καὶ
3029 1291 3393 1344 ἀπαλλάττειν
3424 1291 3525 1343 οἴει
3568 1290 3666 1360 τὴν
3720 1290 3956 1360 Ἐκκληο

2375 1382 2490 1433 σίαν
2545 1381 2636 1432 τοῦ
2672 1381 2769 1450 τῆς
2799 1381 3074 1443 θεοποιῒας
3112 1381 3473 1452 ἐγκλήματος,
3505 1379 3767 1433 Θεοποιῶν
3792 1379 3957 1442 αὑτὸς

2369 1472 2670 1543 ἄνθρωπον,
2706 1475 2798 1526 καὶ
2825 1475 2922 1541 οὺχ
2953 1475 3046 1526 ἕνα
3091 1474 3267 1541 λέγων
3302 1474 3448 1537 Υίὸν,
3483 1473 3586 1525 κᾶν
3632 1473 3678 1523 εί
3714 1471 3790 1542 μὴ
3829 1471 3952 1542 δίχα

2369 1567 2536 1616 νοοῖτο
2561 1565 2659 1633 τῆς
2692 1566 2824 1628 ἰδίας
2853 1567 3090 1635 σαρκός;
3136 1568 3543 1637 Προσκυνήσεις
3567 1567 3675 1638 γὰρ
3706 1568 3825 1619 τότε
3855 1568 3955 1619 καὶ

2367 1655 2754 1725 ἀνεγκλήτως⁹
2812 1658 2907 1709 καὶ
2948 1658 3132 1728 γνώσῃ
3185 1658 3289 1711 ποῦ
3343 1653 3508 1728 ἦσθα,
3558 1660 3699 1712 κατά
3741 1659 3803 1710 τὸ
3854 1675 3950 1725 γε·

2366 1747 2704 1817 γραμμένον,
2739 1748 2844 1799 τῶν
2875 1747 2973 1816 τῆς
3010 1747 3270 1819 ἀληθείας
3297 1749 3609 1816 ἀποφοιτῶν
3638 1750 3949 1817 δογμάτων.

2380 1840 2537 1892 Ἀλλά
2567 1840 2676 1904 ναὶ,
2711 1839 2899 1908 φησὶν,
2935 1841 3124 1909 εἴρηκε
3149 1839 3226 1909 τῷ
3253 1840 3459 1910 λεπρῷ,
3503 1861 3520 1892 ι
3557 1841 3728 1903 Θέλω,
3775 1840 3951 1894 καθα-

2293 1905 2337 1962 B
2366 1931 2600 2001 ρίσθητι’
2647 1951 2664 1982 ι
2706 1905 2798 1984 καλ
2826 1935 2891 2002 τῇ
2922 1905 3014 1985 τοῦ
3046 1905 3504 2002 ⁷ἀρχιςιυναγῖιίιγου
3530 1934 3779 2002 Θυγατρὶ,
3816 1952 3834 1983 ι
3887 1935 3950 1986 Ἦ

2361 2025 2509 2084 παῖς,
2562 2022 2805 2092 ἔγειραι⁹
2845 2043 2860 2073 ι
2913 2027 3004 2076 καὶ
3047 2027 3112 2093 τῇ
3161 2023 3424 2094 θαλάσσῃ,
3460 2045 3477 2074 ι
3511 2025 3730 2085 Σιώπα,
3781 2027 3950 2093 πεφίο

2363 2131 2532 2182 μωσο.
2605 2135 2622 2165 ι
2679 2117 2984 2186 Συνήγορος
3034 2116 3089 2169 δὲ
3135 2116 3276 2168 κατά
3307 2115 3501 2168 τοῦτο’
3539 2117 3664 2178 τοὺς
3707 2116 3814 2185 γάρ
3866 2133 3951 2169 τοι

2359 2203 2534 2268 Θείους
2569 2206 2867 2274 ἐφθέγγετο
2896 2208 3108 2274 λόγους,
3141 2208 3206 2259 δι’
3235 2200 3310 2260 ὧν
3353 2204 3421 2278 ἦν
3465 2208 3642 2261 πάντα
3684 2207 3948 2260 δύνασθαι

2358 2297 2656 2365 κατορθοῦν
2704 2298 2964 2362 εὐκόλως.
2998 2299 3101 2351 Δύο
3150 2300 3214 2369 δὴ
3259 2295 3352 2352 οῦν
3396 2301 3444 2352 οί
3491 2301 3946 2368 προστάττοντες,

2357 2389 2449 2441 καὶ
2495 2391 2824 2460 ἀμφοτέρων
2876 2387 3014 2444 εἶναι
3060 2391 3305 2461 δώσομεν
3348 2393 3470 2454 τοῦς
3522 2392 3607 2460 ἐφ’
3643 2393 3812 2445 ἅπασι
3862 2394 3947 2446 λό-

2355 2497 2504 2547 γους.
2537 2483 2706 2534 Ὅταν
2748 2479 2841 2534 οὖν
2883 2484 3034 2554 λέγῃ,
3081 2503 3097 2533 ι
3135 2483 3199 2536 Τί
3229 2500 3296 2553 με
3337 2484 3546 2553 ζητεῖτε
3598 2486 3943 2552 ἀποκτεῖναι,

2353 2573 2663 2642 ἄνθρωπον,
2692 2574 2748 2637 ὃς
2776 2575 2874 2646 τὴν
2901 2576 3158 2646 ἀλήθειαν
3189 2577 3317 2646 ὑμῖν
3365 2577 3673 2647 λελάληκα;
3716 2597 3734 2630 ο
3773 2579 3940 2644 τίνος,

2354 2667 2473 2718 εξπέ
2504 2685 2612 2735 μοι,
2639 2669 2763 2730 τοὺς
2813 2669 3056 2723 τοιούσδε
3081 2669 3271 2736 λόγους
3297 2664 3436 2723 εἶναι
3467 2673 3606 2740 φής;
3634 2673 3665 2740 ἢ
3698 2673 3943 2737 ἐκείνους

2357 2755 2456 2824 μὲν
2493 2757 2784 2826 ἀπονέμεις
2811 2757 2888 2827 τῷ
2928 2759 3106 2827 Λόγῳ,
3136 2759 3360 2820 τούτους
3385 2775 3447 2826 γε
3493 2761 3599 2828 μὴν
3626 2759 3704 2818 ὡς
3727 2759 3941 2828 ἀνθρὼ-

2355 2862 2441 2914 πῳ
2484 2847 2612 2917 παρ’
2643 2849 2804 2900 αὑτὸν
2845 2849 3016 2919 ἐτέρῳ
3053 2850 3131 2920 τῷ
3184 2851 3248 2902 ἐκ
3292 2851 3586 2917 γυναικός;
3633 2845 3766 2902 Εἶτα
3814 2851 3938 2902 ὅποι

2355 2941 2481 2993 ποτὲ
2514 2941 2698 3010 θήσεις
2740 2941 2829 2993 τὸν
2865 2940 3156 3011 ἱερώτατον
3191 2942 3424 3004 Παῦλον,
3457 2942 3680 3008 λέγοντα
3709 2941 3896 3008 σαφῶς
3922 2957 3935 2969 ·

2359 3051 2374 3081 ι
2428 3035 2586 3102 Ἡμῖν
2615 3033 2670 3085 δὲ
2699 3029 2776 3096 εἷς
2805 3033 2937 3097 Θεὸς
2963 3037 2989 3087 ό
3020 3035 3227 3104 Πατὴρ.
3272 3035 3330 3098 ἐξ
3381 3030 3442 3088 οῦ
3488 3033 3556 3086 τὰ
3597 3034 3796 3096 πάντα,
3841 3034 3940 3085 καὶ

2350 3124 2511 3191 ἡμεῖς
2542 3125 2621 3185 εἰς
2649 3124 2809 3176 αὐτόν
2835 3141 2848 3153 ·
2873 3125 2964 3178 καὶ
2998 3119 3077 3188 εἷς
3107 3126 3311 3194 Κύριος
3351 3125 3557 3194 Ἰησοῦς
3582 3127 3836 3195 Χριστὸς,
3867 3127 3937 3178 δι’

672 3215 857 3270 aperte
896 3207 1163 3262 dicentem
1200 3225 1214 3262 :
1254 3229 1272 3262 ι
1310 3210 1473 3268 Nobis
1503 3225 1681 3270 autem
1715 3233 1851 3272 unus
1885 3221 2024 3274 Deus
2058 3219 2239 3287 Pater,

2350 3207 2410 3266 οῦ
2444 3211 2512 3264 τά
2543 3214 2740 3275 πάντα,
2770 3215 2861 3266 καὶ
2901 3215 3062 3284 ἡμεῖς
3095 3215 3161 3268 δι’
3215 3214 3422 3280 αὖτοῦ;
3459 3235 3476 3266 ι
3518 3216 3575 3269 '0
3617 3217 3674 3268 δὲ
3719 3216 3833 3268 ἄνω
3873 3233 3934 3268 τε

668 3313 732 3349 ex
772 3313 877 3367 quo
911 3301 1122 3364 omnia,
1160 3312 1214 3355 et
1252 3319 1347 3357 nos
1384 3306 1436 3356 in
1475 3310 1679 3375 ipsum,
1715 3319 1763 3362 et
1807 3326 1947 3365 unus
1984 3311 2243 3366 Dominus

663 3388 821 3442 Jesus
863 3388 1148 3452 Christus.
1194 3409 1289 3461 per
1324 3409 1482 3463 quem
1525 3400 1746 3466 omnia;
1791 3411 1845 3455 et
1893 3417 1988 3456 nos
2031 3418 2126 3471 per
2165 3405 2242 3473 ip-

663 3495 781 3532 sum
803 3479 887 3532 “?
920 3499 937 3530 ι
970 3479 1071 3535 Iste
1097 3497 1224 3536 vero
1252 3500 1462 3539 sursum
1493 3487 1746 3542 deorsum
1779 3491 2054 3553 dictitans,
2090 3491 2240 3547 Unus

664 3570 856 3633 Filius,
885 3583 938 3624 et
969 3588 1074 3626 nun
1110 3573 1247 3629 alius
1275 3587 1328 3629 et
1359 3577 1514 3641 alius,
1546 3596 1720 3649 neque
1752 3582 1878 3635 item
1911 3582 2158 3638 Christus
2189 3593 2240 3637 et

660 3662 798 3715 alius
823 3661 1094 3727 Christus,
1125 3681 1245 3718 cum
1278 3668 1392 3721 suis
1425 3680 1623 3739 pugnat
1650 3673 1850 3734 verbis,
1877 3674 2090 3728 duabus
2117 3688 2236 3743 pcr-

659 3753 811 3806 sonis
844 3763 900 3806 et
943 3755 1320 3824 hypostasibus
1361 3761 1592 3828 propriis
1629 3769 1742 3816 tum
1784 3763 1877 3818 Dei
1919 3766 2238 3833 praedicato-

663 3857 778 3894 rum
805 3858 984 3906 voces,
1014 3855 1123 3898 tum
1153 3862 1278 3903 suas
1309 3850 1478 3918 ipsius
1506 3854 1771 3908 tribuens.
1800 3855 1904 3908 Sed
1934 3857 2079 3909 enim
2109 3872 2237 3911 sua-

657 3947 776 3986 rum
815 3935 954 3987 haud
989 3937 1265 4006 negligens
1298 3943 1686 3996 sententiarum
1723 3943 1883 3997 infert
1915 3959 2102 3999 rursus
2131 3964 2143 3998 :

731 4024 989 4096 lesron.
1037 4028 1276 4085 Veneror
1309 4032 1480 4100 ipsmn
1519 4044 1576 4088 ut
1609 4037 1997 4104 omnipotentis
2031 4037 2230 4090 divini-

657 4118 782 4170 tatis
813 4120 1100 4188 imaginem
1135 4135 1148 4171 :
1185 4138 1304 4175 nam
1343 4142 1360 4173 ‹
1400 4127 1820 4194 superexaltavit
1869 4144 2014 4192 cum,
2048 4141 2102 4182 et
2133 4131 2230 4183 do-

656 4206 803 4259 navit
832 4208 906 4260 illi
940 4225 1133 4263 nomen
1167 4216 1306 4278 quod
1337 4225 1419 4270 est
1451 4231 1612 4282 super
1639 4233 1799 4270 omne
1833 4233 2048 4280 nomen,
2085 4229 2141 4271 ut
2173 4221 2226 4272 in

654 4299 870 4352 nomine
891 4298 1014 4353 .Iesu
1042 4301 1241 4355 Christi
1267 4319 1427 4358 omne
1450 4319 1588 4374 genu
1632 4305 1882 4359 ﬂectatur
1902 4307 2222 4370 caelestium,

655 4391 993 4444 terrestrium
1055 4404 1107 4444 et
1139 4393 1469 4449 infernorum
1501 4413 1514 4449 :
1548 4408 1600 4450 et
1633 4400 1808 4451 omnis
1840 4397 2018 4463 lingua
2054 4399 2224 4452 conli-

653 4491 854 4540 teatur.
881 4483 1006 4550 quia
1043 4481 1299 4538 Dominus
1327 4485 1484 4541 Jesus
1512 4487 1760 4543 Christus
1785 4489 1850 4540 ".
1893 4487 1939 4558 ι]

1285 4616 1438 4673 CAP.
1486 4618 1572 4675 XI.

717 4751 775 4805 Et
810 4752 1058 4819 quisnam
1089 4752 1415 4822 intelligetur
1442 4754 1569 4807 item
1603 4755 1667 4813 is.
1697 4766 1946 4823 quem,ut
1979 4757 2088 4825 ipse
2123 4774 2218 4826 pu-

646 4852 755 4904 tat,
793 4855 851 4894 se
889 4842 1133 4894 venerari
1173 4841 1391 4905 fatetur,
1431 4854 1484 4896 et
1519 4859 1677 4912 quem
1724 4857 1940 4913 propter
1978 4847 2214 4898 divinam

643 4916 1049 4986 similitudinem
1076 4931 1294 4986 simulat
1320 4949 1378 4988 se
1405 4935 1694 5000 honorare,
1723 4938 1822 4989 nisi
1853 4937 1939 4990 ille
1968 4953 2209 5006 prorsus,

641 5041 798 5092 quem
832 5024 1029 5076 dudum
1064 5025 1217 5077 nobis
1245 5025 1546 5093 appellabat
1572 5027 1848 5094 (quidnam
1883 5029 2086 5082 diceret
2116 5043 2210 5081 ne-

639 5118 773 5184 scio)
803 5116 996 5170 divinae
1023 5127 1348 5171 assertorem
1377 5120 1488 5173 sive
1515 5119 1817 5186 adjutorein
1847 5121 2207 5185 auctoritatis,

637 5222 793 5274 quem
834 5206 992 5260 simul
1037 5221 1158 5261 cum
1193 5205 1297 5276 55
1333 5209 1622 5264 Divinitate
1665 5212 1995 5266 adorandum
2040 5211 2207 5266 stulte

637 5301 943 5364 asserebat,
987 5307 1236 5366 tanquam
1277 5303 1367 5366 qui
1409 5301 1653 5356 diversus
1691 5315 1838 5357 esset
1877 5321 1940 5359 ac
1977 5306 2203 5359 seorsim

637 5390 775 5443 tilius
807 5401 1000 5458 praeter
1027 5390 1200 5457 ipsum
1233 5388 1325 5443 Dei
1357 5390 1624 5446 Verbum?
1653 5393 1830 5462 Ipsum
1863 5397 2024 5448 etiam
2057 5396 2206 5450 exal-

636 5491 800 5532 tatum
836 5481 963 5533 dii-it
993 5499 1020 5533 a
1059 5483 1164 5535 Deo
1197 5494 1248 5538 et
1283 5484 1466 5547 Patre,
1499 5501 1560 5538 ac
1593 5497 1851 5554 praeterea
1886 5503 2078 5541 nomen
2111 5504 2204 5540 ac-

633 5574 839 5638 cepisse
866 5587 1023 5638 super
1048 5588 1207 5627 omne
1237 5590 1425 5627 numen
1479 5587 1533 5627 ut
1561 5577 1721 5628 etiam
1753 5576 1850 5642 ipsi
1877 5592 2036 5630 omne
2060 5592 2198 5647 genu

701 5772 746 5800 "
779 5771 963 5822 Matth.
1003 5791 1090 5827 \tll
1171 5776 1222 5827 5.
1323 5776 1362 5805 ⁸¹
1401 5776 1563 5833 Marc.
1597 5793 1646 5842 ν,
1683 5779 1772 5832 41.

631 5857 687 5907 ιι,
714 5843 860 5895 9-ll.

1874 5782 1918 5812 "
1952 5779 2114 5835 Marc.
2159 5799 2230 5843 tv.
2258 5781 2344 5836 39.

2349 3305 2440 3355 καὶ
2465 3302 2616 3364 κάτω
2640 3303 2835 3371 λέγων,
2880 3301 2973 3367 Εἷς
3002 3305 3126 3369 Υἱὸς
3145 3347 3159 3370 ,
3186 3306 3281 3360 καὶ
3314 3307 3414 3359 οὐκ
3436 3306 3592 3370 ἄλλος
3635 3307 3726 3359 καὶ
3753 3308 3934 3372 ἄλλος,

2346 3393 2466 3446 οῦτε
2501 3394 2607 3463 μὴν
2634 3395 2887 3462 Χριστὸς,
2921 3398 3015 3448 καὶ
3040 3398 3290 3468 δεύτερος
3316 3399 3569 3467 Χριστὸς,
3594 3400 3706 3460 τοῖς
3731 3399 3932 3452 ἑαυτοῦ

2343 3485 2685 3554 διαμαχεῖται
2717 3485 2918 3552 λόγοις,
2952 3488 3073 3541 δυσὶ
3106 3488 3416 3559 προσώποις
3441 3491 3535 3545 καὶ
3567 3491 3933 3543 ὑποστάσεσιν

2346 3578 2537 3639 ίδικαῖς
2566 3577 2664 3639 τάς
2695 3595 2751 3629 τε
2781 3578 2888 3629 τῶν
2921 3579 3198 3652 Θεηγόρων
3257 3582 3351 3635 καὶ
3399 3582 3496 3645 τὰς
3539 3581 3702 3634 αὐτοῦ
3750 3581 3936 3635 διανέ-

2345 3686 2461 3734 μων
2497 3671 2697 3737 φωνάς.
2745 3669 2904 3722 Ἀ).λά
2934 3673 3042 3742 γὰρ
3081 3673 3188 3727 τῶν
3222 3675 3369 3728 ἰδίων
3408 3675 3505 3728 οὐκ
3537 3673 3822 3744 ἀμελήσας
3844 3676 3931 3726 ἐνι-

2341 3761 2518 3826 νοιῶν,
2556 3763 2808 3833 ἐπιφέρει
2834 3764 3016 3816 πάλιν·

2410 4019 2585 4091 [Σέϐω
2613 4023 2795 4086 αὐτὸν,
2816 4023 2890 4086 ὡς
2919 4024 3015 4094 τῆς
3040 4027 3480 4096 παντοκράτορος
3513 4027 3695 4080 εἰκόνα
3730 4026 3924 4097 Θεότη-

2333 4110 2456 4174 τος·
2492 4132 2508 4163 ι
2542 4113 2869 4185 ὑπερύψωσε
2924 4118 3032 4186 γάρ
3073 4118 3256 4181 αὑτὸν,
3309 4118 3403 4169 καὶ
3444 4118 3735 4188 ἐχαρίσατο
3768 4119 3924 4187 αὐτῷ

2331 4205 2502 4273 ὄνομα
2529 4205 2588 4257 τὸ
2615 4207 2754 4275 ὑπὲρ
2784 4208 2890 4260 πᾶν
2924 4207 3096 4277 ὄνομα
3115 4222 3128 4237 ⁶
3159 4209 3246 4260 ἵνα
3275 4211 3333 4262 ἐν
3372 4208 3449 4278 τῷ
3477 4209 3696 4279 ὀνόματι
3739 4208 3922 4279 Ἰησοῦ

2330 4296 2566 4366 Χριστοῦ
2600 4299 2708 4350 πᾶν
2736 4299 2862 4366 γόνυ
2885 4299 3098 4370 κάμψῃ,
3123 4300 3484 4369 ἐπουρανίων,
3516 4303 3607 4352 καὶ
3633 4303 3920 4368 ἐπιγείων,

2330 4389 2421 4440 καὶ
2450 4390 2843 4459 καταχθονίων·
2869 4392 2964 4442 καὶ
2988 4393 3138 4445 πᾶσα
3165 4390 3388 4458 γλῶσσα
3421 4392 3917 4462 ἐξομολογήσηται,

2329 4479 2411 4530 ὅτι
2444 4478 2644 4541 Κύριος
2688 4480 2892 4542 Ἰτσοῦς
2925 4481 3177 4546 Χριστός.
3218 4480 3264 4552 ι]

2923 4615 3175 4669 ΚΕΦΛΛ.
3220 4617 3318 4671 IA'.

2398 4748 2509 4800 Καὶ
2540 4748 2622 4810 τίς
2667 4749 2731 4800 ἂν
2761 4752 2932 4802 νοοῖτο
2967 4767 3147 4812 παλιν,
3181 4767 3260 4814 ον,
3293 4750 3387 4813 ὣς,
3420 4767 3481 4818 γε
3509 4751 3699 4810 οίεται,
3727 4752 3913 4805 σέϐειν

2326 4839 2599 4908 ὁμολογεῖ,
2631 4841 2724 4893 καὶ
2767 4844 2830 4911 τῇ
2868 4841 3000 4912 πρὸς
3027 4841 3158 4894 Θεὸν
3187 4841 3442 4911 ὁμοιώσει
3468 4843 3632 4912 τιμᾷν
3676 4843 3914 4914 ὑποκρί-

2327 4946 2474 4982 νεται
2498 4969 2512 4992 ,
2545 4930 2577 4998 ἦ
2610 4930 2814 4992 ἐκεῖνός
2857 4948 2959 4983 που
2999 4932 3238 4994 πάντως,
3281 4932 3340 4984 ὃν
3384 4933 3583 5002 ἀρτίως
3612 4935 3742 5003 ἡμῖν
3775 4935 3915 4989 ὠνό-

2328 5019 2518 5088 μαζεν,
2550 5021 2650 5073 οὐκ
2687 5017 2782 5073 οἷδ’
2816 5021 2897 5073 ὅτι
2927 5020 3121 5089 λέγων,
3146 5025 3244 5092 τῆς
3275 5021 3423 5085 Θείας
3455 5025 3753 5092 συνήγορον
3785 5028 3909 5096 ἦτοι

2322 5114 2581 5184 συνεργὸν
2638 5112 2961 5176 αὑθεντίαςο
3007 5115 3067 5166 ὃν
3111 5118 3176 5186 τῇ
3204 5115 3432 5183 Θεότητι
3462 5122 3908 5185 συμπροσκυνεῖο

2321 5206 2439 5259 σθαι
2467 5207 2577 5258 δεῖν
2606 5206 2843 5276 ἀνοήτως
2887 5208 3148 5274 ἔφασκεν,
3183 5207 3260 5270 ὡς
3286 5207 3469 5278 ἕτερον
3509 5207 3636 5260 ὅντα
3673 5210 3766 5260 καὶ
3806 5210 3908 5264 ιδι-

2315 5297 2422 5359 κώς
2459 5297 2570 5348 υἱὸν
2603 5296 2753 5368 παρά
2785 5297 2875 5350 τὸν
2905 5297 2997 5350 τοῦ
3022 5296 3155 5350 Θεοῦ
3177 5299 3387 5365 Λόγον;
3418 5297 3589 5350 Αὑτὸν
3623 5297 3714 5348 καὶ
3749 5298 3904 5366 ὑψῶ-

2315 5390 2434 5442 σΘαι
2466 5390 2611 5456 λέγει
2645 5391 2792 5460 παρά
2817 5389 2909 5442 τοῦ
2939 5390 3074 5442 Θεοῦ
3126 5391 3216 5442 καὶ
3253 5390 3462 5460 Πατρός
3482 5407 3496 5420 °
3538 5390 3630 5442 καὶ
3669 5391 3777 5461 μὴν
3804 5394 3904 5444 καὶ

2310 5481 2370 5535 τὸ
2418 5481 2588 5550 ὄνομα
2635 5480 2817 5534 λαϐεῖν
2850 5483 2909 5535 τὸ
2960 5483 3098 5552 ὑπὲρ
3145 5482 3250 5535 πᾶν
3291 5482 3497 5550 ὄνομα·
3539 5484 3623 5535 ἵνα
3663 5484 3756 5535 καὶ
3789 5487 3902 5537 πᾶν

2309 5575 2455 5647 αὑτῷ
2501 5576 2631 5641 γόνυ
2678 5574 2892 5647 κάμψῃ,
2928 5573 3284 5644 ἐπουρανίων,
3325 5575 3418 5626 καὶ
3469 5575 3745 5642 ἐπιγείων,
3800 5577 3898 5630 καὶ

2461 5781 2506 5810 ⁸³
2537 5778 2691 5832 Joau.
2721 5794 2835 5842 vm,
2865 5777 2952 5829 .50.
3030 5779 3076 5810 “
3109 5777 3123 5830 Ι
3155 5779 3278 5834 Cor.
3313 5794 3424 5844 rm,
3455 5779 3504 5832 6.
3582 5783 3624 5811 ”
3655 5780 3892 5853 Philipp.
