4104 6468
152 425 218 478 l0l
1255 424 1624 482 ADVERSUS
1663 427 2080 484 NESTORIUM
2122 430 2253 489 LIB.
2297 429 2360 488 ll.

3293 432 3392 488 l02

147 540 511 610 καταχθονίων·
569 541 668 592 καί
733 543 888 593 πᾶσα
953 539 1166 606 γλῶσσα
1226 540 1703 611 ἐξομολογήσηται,

1815 546 2068 600 ﬂectatur
2121 548 2446 611 cmlestium,
2486 546 2818 600 terrestrium
2854 554 2907 602 cl
2943 547 3298 611 inl’ernorum,
3335 557 3391 601 et

145 638 209 686 ἰτι
249 633 436 700 Κύριος
491 631 709 700 Ἰησοῦς
762 633 1007 701 Χριστός.
1047 632 1108 683 ΕΞ
1143 631 1240 701 μὲν
1287 629 1378 685 οὖν
1409 632 1541 685 Θεὸν
1578 635 1707 686 ὄντα

146 724 258 776 κατά
287 723 462 790 φύσιν,
493 727 587 774 καὶ
613 724 725 793 πρὸ
758 724 857 792 τῆς
886 722 1066 776 ἐνθάδε
1091 723 1391 792 λεγομένης
1422 724 1704 794 ὑψώσεως,

144 816 252 883 ὑψοὺ
283 814 522 867 τέθεικεν
570 817 600 867 ό
639 817 868 886 Πατήρ·
905 816 994 868 τὸν
1041 816 1140 885 τῆς
1189 816 1389 885 μεταξῦ
1438 816 1708 869 ταπεινώ-

144 926 256 971 σεως
303 907 893 978 πολυπραγμονοῦντες
938 907 1170 976 τρόπον,
1220 907 1531 976 οἰκονομίαν
1584 908 1709 960 τινὰ

143 1001 280 1069 σοφὴν
318 1000 651 1070 εὑρήσομεν,
698 998 818 1051 καθ’
843 1002 908 1068 ἣν
951 1000 1219 1071 ἀδοξήσας
1262 1001 1350 1054 διὰ
1395 1002 1583 1071 μέσου,
1615 1002 1708 1069 γέ-

140 1108 241 1156 γονε
267 1093 424 1145 πάλιν
453 1093 515 1143 ἐν
553 1085 638 1154 οἷς
669 1087 738 1162 ἦν
777 1092 863 1144 ἀεὶ
896 1094 990 1144 καὶ
1017 1093 1291 1156 οὑσιωδῶς
1321 1096 1705 1165 ἐνυπάρχουσι,

137 1184 213 1236 καὶ
233 1185 284 1236 ἐν
308 1183 453 1247 ἰδίοις
484 1182 711 1251 ἀληθῶς
734 1181 1045 1252 ὑψώμασιν.
1078 1184 1136 1235 El
1163 1184 1224 1237 δέ
1256 1183 1413 1236 τοῦτο
1447 1185 1544 1254 μέν
1566 1185 1704 1254 οὐχὶ,

137 1273 353 1344 καθάπερ
379 1270 472 1327 οὖν
494 1274 676 1326 οἴεται
707 1274 798 1326 καί
837 1290 1004 1344 φησιν
1027 1292 1040 1304 ·
1074 1273 1264 1345 ἕτερον
1306 1275 1365 1327 δέ
1404 1291 1525 1326 τινα
1557 1273 1707 1344 παρά

135 1369 209 1419 τὸν
227 1366 311 1420 τοῦ
337 1365 472 1420 Θεοῦ
507 1366 693 1433 Λόγον
721 1365 813 1418 τὸν
845 1363 994 1436 αὑτῷ
1020 1365 1362 1436 συνημμένον
1399 1364 1706 1436 ἄνθρωπον,

136 1460 478 1529 προσκυνητὸν
541 1459 804 1529 ἐποίησεν
836 1456 1053 1529 οὐρανῷ
1093 1475 1153 1511 τε
1201 1459 1294 1510 καὶ
1323 1460 1416 1528 γῇ,
1464 1459 1560 1510 καὶ
1598 1460 1707 1521 τοῖς

133 1552 195 1604 ἔτι
223 1551 505 1622 κατωτέρω
525 1568 538 1581 ο
574 1550 967 1621 τεθεοποίηκεν
998 1549 1108 1619 ἄρα
1151 1549 1271 1603 καθ’
1305 1552 1454 1620 ἡμᾶς
1495 1549 1705 1618 ἄνθρω-

134 1662 234 1708 πον,
269 1646 575 1699 αἰτιάσεται
618 1645 678 1698 δὲ
720 1646 888 1714 ἡμᾶς,
915 1642 1016 1695 οὑκ
1058 1643 1137 1694 ἔτι
1165 1645 1224 1695 ἐν
1259 1643 1336 1712 τῷ
1383 1641 1572 1712 κόσμῳ
1600 1641 1708 1693 λοι-

133 1737 232 1801 πον,
261 1736 326 1799 ὡς
369 1735 646 1788 θεοποιεῖν
673 1735 953 1797 ἐθέλοντας
977 1733 1068 1787 τὸν
1107 1735 1207 1788 οὑκ
1231 1734 1360 1786 ὄντα
1399 1733 1554 1798 Θεὸν,
1583 1733 1704 1786 καί·

132 1845 196 1879 τοι
232 1827 339 1880 δέον
379 1827 652 1880 ἀνάπτειν
691 1826 840 1894 αὑτῷ
868 1825 945 1894 τῷ
973 1825 1092 1894 Θεῷ
1123 1826 1219 1878 καὶ
1274 1825 1448 1894 Πατρὶ
1477 1824 1575 1894 τῆς
1621 1823 1707 1876 ἐπ’

133 1918 255 1990 αὐτῷ
274 1919 333 1990 δὴ
356 1919 532 1988 τούτῳ
557 1917 946 1986 πλημμελείας
969 1920 1037 1973 τὰ
1058 1917 1225 1987 ἐγκλή
1237 1933 1399 1987 ματα.
1427 1917 1568 1987 Ὅρα
1591 1913 1704 1987 [Ian
1737 1900 1780 1956 Β

131 2010 234 2082 ὁρᾷ]
270 2012 330 2080 δὴ
374 2007 488 2073 οὖν,
533 2013 571 2064 ό
618 2010 1014 2080 χριστομαθὴς,
1042 2011 1162 2063 ὅποι
1201 2009 1331 2062 ποτὲ
1376 2007 1526 2074 αὑτῷ
1566 2007 1706 2060 διεκο

132 2101 353 2154 παίουσιν
429 2103 544 2173 ίισ.
609 2103 1099 2166 διεκπαιδεύουσιν,
1146 2101 1209 2167 ἢ,
1276 2097 1702 2171 διεκπταίουσιν]

132 2195 169 2243 oi
191 2193 323 2260 λόγοι
347 2213 360 2226 ·
391 2197 485 2246 καὶ
523 2193 597 2246 τὰ
624 2195 690 2245 ἐκ
713 2198 812 2264 τῆς
844 2195 1084 2265 ἀκράτου
1123 2193 1356 2262 ταυτησὶ¹
1385 2191 1702 2255 δυσϐουλίας

132 2286 408 2356 εὑρήματα,
443 2286 587 2356 πρὸς
624 2289 778 2338 ποῖον
824 2286 973 2356 αὑτῷ
1016 2285 1269 2356 καταίρει
1295 2285 1470 2354 λόγον.
1511 2285 1704 2354 Ἡμεῖς

135 2381 216 2446 μὲν
251 2381 353 2451 γὰρ
396 2380 530 2433 Θεὸν
560 2380 696 2433 ὄντα
745 2380 884 2433 κατά
925 2379 1087 2448 φύσιν
1126 2380 1216 2432 τὸν
1257 2380 1404 2440 Υίὸν,
1435 2381 1700 2445 τουτέστι,

133 2472 204 2522 τὸν
240 2475 297 2524 ἐκ
346 2473 438 2525 τοῦ
490 2473 635 2526 Θεοῦ
680 2473 894 2544 Πατρὸς
921 2473 1117 2540 Λόγον,
1155 2471 1477 2524 καθικέσθαι
1525 2473 1702 2542 φαμὲν

133 2563 194 2623 είς
225 2563 456 2616 ἑκούσιον
488 2564 760 2617 κένωσιν·
809 2565 1166 2633 ἀναφοιτῆσαι
1202 2564 1260 2617 δὲ
1308 2560 1375 2616 αὑ
1420 2563 1514 2617 καὶ
1567 2562 1703 2632 μετὰ

138 2654 303 2722 σαρκὸς
326 2657 402 2718 είς
427 2655 489 2707 τὸ
521 2655 625 2725 τῆς
659 2653 886 2724 ἐνούσης
917 2655 1191 2725 ὑπεροχῆς
1221 2651 1372 2724 αὑτῷ
1399 2652 1703 2724 Θεοπρεπές

135 2743 337 2810 ἀξίωμα,
373 2747 776 2818 Προσκυνείται
810 2744 918 2814 γὰρ
947 2747 1040 2796 καὶ
1082 2744 1218 2814 μετά
1247 2744 1468 2814 σαρκὸς,
1501 2745 1578 2807 ὡς
1610 2746 1702 2797 καὶ

137 2837 223 2904 πρὸ
245 2840 402 2908 αὑτῆς
447 2840 716 2909 ὑπάρχων
759 2836 1166 2909 προσκυνητός·
1216 2832 1283 2906 ἦν
1328 2836 1438 2907 γὰρ
1486 2836 1581 2888 καὶ
1622 2835 1702 2887 ἔτι

134 2924 226 2996 [ίσ.
254 2927 382 3000 ἔστι]
429 2930 574 2982 κατά
614 2930 778 2997 φύσιν
807 2929 960 2996 Θεὸς,
989 2929 1085 2982 καὶ
1117 2926 1222 2996 πρὸ
1253 2927 1353 2996 τῆς
1395 2924 1698 2989 κενώσεως,

138 3020 213 3070 καὶ
256 3022 336 3072 ὅτε
389 3021 487 3090 τὴν
549 3023 783 3074 κένωσιν
833 3022 1122 3090 ὑπομεῖναι
1169 3019 1408 3087 λέγεται,
1461 3019 1700 3087 γεγονὼς

139 3109 236 3162 καθ’
275 3112 434 3179 ἡμᾶς.
481 3112 544 3163 Ὀ
586 3111 645 3162 δὲ
688 3110 797 3162 τῶν
823 3111 965 3164 σῦτω
1010 3110 1220 3163 σεπτῶν
1262 3110 1356 3162 καὶ
1395 3110 1702 3180 ἀκιὸδήλων

139 3201 391 3270 εςγμάτων
421 3201 737 3274 ὑπερορῶν,
782 3202 1067 3274 ἄνθρωπον
1102 3202 1361 3256 συνάπτει
1396 3199 1514 3270 Θεῷ
1560 3203 1702 3254 κατά

141 3308 189 3357 γε
216 3294 302 3364 τὴν
330 3294 528 3360 ἔξωθεν
559 3293 778 3364 σχέσιν·
830 3295 922 3346 καὶ
954 3294 1029 3357 ὡς
1065 3295 1121 3346 ἐν
1153 3293 1356 3363 ἰσότητι
1387 3292 1489 3364 τῆς
1519 3293 1698 3360 ἀξίας,

141 3383 216 3435 καὶ
235 3384 303 3448 ὡς
331 3387 512 3456 ἕτερον
541 3387 716 3454 ἐτέρῳ
747 3388 1185 3455 συμπροσκυνεῖν
1219 3389 1317 3442 οὑκ
1364 3384 1694 3457 αἰσχύνεται.

142 3477 438 3530 Διατείνεται
479 3478 562 3543 δὲ,
599 3479 784 3546 φησὶν,
813 3477 888 3538 ὡς
919 3477 1084 3546 ἀηθές
1106 3495 1159 3529 τι
1191 3480 1283 3530 καὶ
1309 3480 1480 3544 ξένον,
1511 3478 1606 3530 καὶ
1627 3476 1702 3539 ὡς

142 3570 186 3629 ty
217 3569 420 3640 χάριτος
465 3571 636 3639 μοίρᾳ
680 3567 864 3621 λαϐεῖν
910 3568 973 3619 τὸ
1015 3567 1230 3638 κάμψαι
1289 3586 1349 3621 τε
1397 3566 1544 3637 αὑτῷ
1593 3570 1702 3620 πᾶν

143 3658 264 3723 γόνυ,
291 3662 380 3713 καὶ
403 3663 510 3731 μὴν
552 3662 650 3714 καί
698 3659 758 3712 τὸ
785 3660 964 3713 πᾶσαν
991 3658 1494 3731 ἐξομολογήσασθαι
1523 3658 1701 3727 γλῶσ-

146 3767 239 3814 σαν,
265 3755 338 3806 ὅτι
385 3753 595 3824 Κύριος
653 3751 858 3822 Ἰησοῦς
903 3753 1157 3823 Χριστός.
1187 3754 1295 3806 Καὶ
1328 3756 1375 3806 εί
1407 3755 1504 3823 μὲν
1542 3754 1701 3822 φύσει

144 3844 249 3896 Θεὸν
287 3846 534 3914 γενέσθαι
564 3846 673 3915 φης
701 3843 808 3915 [ἵσ.
847 3844 1030 3916 φησὶν]
1071 3846 1254 3909 αὑτὸν,
1285 3846 1700 3916 δεδυσφήμηκεν

144 3939 383 4007 ἐναργῶς,
441 3937 708 4006 γεννητὴν
752 3932 890 3989 εἶναι
939 3936 1113 4005 λέγων
1159 3937 1258 4007 τὴν
1299 3939 1398 4008 τῆς
1429 3937 1703 4007 Θεότητος

147 4027 292 4090 φύσιν.
341 4029 399 4081 El
435 4028 493 4081 δέ
540 4028 746 4096 ἥκιστα
790 4026 888 4094 μὲν
919 4025 1061 4079 κατά
1097 4025 1280 4093 φύσιν,
1323 4027 1475 4079 δοτὸν
1503 4026 1559 4079 δὲ
1607 4027 1702 4079 καὶ

147 4116 343 4188 Θύραθεν
391 4120 583 4173 ἐλόντα
614 4118 676 4170 τὸ
715 4116 948 4188 ἀξίωμα,
997 4101 1092 4178 καῗ
1134 4117 1210 4181 ὡς
1250 4118 1307 4171 ἑν
1345 4119 1480 4189 μόνῃ
1524 4121 1697 4189 φωνῇ,

146 4211 240 4274 πῶς
275 4214 366 4267 οὑκ
413 4212 593 4266 ἐκεῖνό
636 4227 802 4282 φησιν
849 4210 1112 4280 ἐναργῶς,
1143 4212 1222 4263 ὅτι
1265 4210 1700 4280 λελατρεύκαμεν

145 4303 206 4372 τῷ
249 4307 511 4376 μὴ’φύσει
544 4303 663 4373 Θεῷ
687 4344 703 4370 ,
749 4302 841 4355 καλ⁵
875 4303 971 4355 σὺν
1000 4303 1156 4372 ¹ἡμῖν,
1205 4301 1279 4366 ὡς
1321 4303 1489 4362 ἔοικε,
1535 4301 1629 4354 καὶ
1666 4303 1698 4372 ὴ

145 4396 231 4447 τῶν
266 4399 367 4451 ἀνω
392 4398 728 4468 πνευμάτων
762 4395 1106 4464 πεπλάνηται
1141 4394 1320 4464 νῆψις,
1357 4396 1449 4448 καὶ
1493 4393 1699 4447 τούτων

1810 639 1986 693 omnis
2015 640 2192 708 lingua
2225 639 2567 702 conﬁteatur,
2599 639 2721 708 qttia
2755 639 3008 692 Dominus
3040 638 3195 693 Jesus
3224 639 3389 692 Chri-

1811 737 1941 783 stus.
1975 730 2030 783 Si
2061 730 2225 798 igitur
2253 729 2415 782 Deum
2439 729 2547 795 jam
2575 745 2638 783 ex
2671 744 2861 783 natura
2882 771 2895 791 .
2923 729 3085 783 etiam
3115 738 3240 783 ante
3267 743 3387 782 eam

1811 835 1930 888 quae
1959 821 2046 875 hic
2074 822 2272 874 dicitur
2297 821 2699 883 exultationem,
2733 822 2784 874 in
2819 821 3034 875 sublimi
3064 821 3240 890 posuit
3275 820 3389 887 ipse

1813 909 1996 975 Pater,
2021 913 2235 966 modum
2267 911 2437 978 ipsum
2469 910 2857 964 ltnmiliationis
2883 909 3214 964 intermedite
3237 924 3385 963 scru-

1814 1013 2010 1064 tantes,
2055 1005 2506 1071 diSpensatiOuetn
2549 1004 2837 1071 quamdam
2883 1003 3181 1069 sapientem
3224 1000 3390 1055 fuisse

1813 1094 2148 1162 reperiemus
2175 1112 2188 1146 :
2217 1109 2312 1161 per
2334 1109 2492 1162 quam
2521 1109 2643 1148 cum
2675 1094 2874 1149 interea
2906 1094 3166 1163 inglorius
3216 1093 3389 1147 lactus

1811 1193 1990 1246 esset,
2025 1199 2211 1236 rursus
2243 1184 2306 1236 ad
2339 1200 2399 1237 ea
2433 1184 2484 1236 in
2518 1185 2713 1252 quibus
2747 1198 2960 1252 semper
2991 1185 3198 1246 fuerat,
3229 1193 3281 1236 et
3312 1181 3385 1235 illi

1810 1276 2168 1331 essentialiter
2202 1277 2438 1335 inerant.
2479 1285 2533 1329 et
2576 1276 2640 1329 ad
2684 1291 2833 1329 suam
2873 1290 3048 1329 veram
3089 1275 3388 1329 sublimita-

1815 1377 1918 1421 tem
1953 1369 2129 1424 rediit.
2163 1370 2313 1434 Quod
2343 1369 2386 1422 si
2422 1383 2526 1421 non
2561 1369 2632 1420 ita
2666 1377 2780 1430 est,
2810 1377 2866 1419 ut
2900 1369 3012 1436 ipse
3045 1377 3192 1436 putat
3222 1375 3275 1420 et
3305 1365 3389 1419 dio

1810 1458 1906 1522 cit,
1936 1457 2096 1512 alium
2123 1474 2250 1512 vero
2277 1462 2563 1527 quemdam
2597 1458 2696 1526 ipsi
2729 1461 3080 1528 conjuncutm
3111 1457 3383 1512 hominem

1811 1559 2007 1618 printer
2033 1550 2205 1616 ipsum
2240 1549 2332 1604 Dei
2357 1549 2616 1609 \‘erhum.
2649 1551 2786 1604 caelo
2816 1560 2868 1604 et
2900 1559 3060 1604 terra:
3089 1559 3142 1604 et
3170 1547 3389 1602 inferio-

1813 1643 1960 1697 ribus
1987 1643 2149 1696 etiam
2180 1642 2424 1712 partibus
2453 1643 2782 1696 adorandum
2817 1642 2960 1705 fecit,
2992 1657 3122 1712 ergo
3153 1642 3386 1696 similem

1812 1737 1979 1789 nostri
2018 1735 2288 1789 hominem
2326 1735 2621 1800 deilicavit,
2660 1750 2834 1803 neque
2869 1735 3047 1789 adhuc
3083 1735 3237 1789 nobis
3267 1734 3391 1801 jure

1810 1827 1944 1880 vitio
1973 1835 2182 1880 vertere
2212 1826 2429 1895 poterit,
2460 1828 2613 1895 quasi
2645 1841 2766 1879 eum
2798 1828 2885 1894 qui
2919 1841 3021 1879 non
3052 1834 3194 1880 esset
3223 1825 3387 1888 Deus.

1810 1920 2060 1974 deillcare
2093 1919 2440 1978 voluerimus.
2476 1933 2598 1970 cum
2637 1918 2795 1987 hujus
2829 1917 3054 1972 sceleris
3094 1917 3298 1971 crimen
3335 1917 3386 1970 in

1809 2013 1981 2081 ipsum
2018 2012 2181 2066 Deum
2214 2027 2279 2064 ac
2311 2011 2524 2063 Patrem
2559 2010 2628 2062 sit
2659 2011 3072 2064 conferendum.
3103 2010 3250 2062 Videt
3289 2009 3390 2077 igi-

1810 2115 1898 2158 tur
1922 2103 2126 2158 Christi
2159 2103 2433 2156 studiosus
2462 2116 2566 2168 quo
2594 2101 2809 2153 tandem
2837 2100 2954 2166 ejus
2981 2115 3261 2154 sermones
3290 2099 3387 2154 de-

1809 2193 2087 2254 labuntur,
2119 2202 2172 2246 et
2207 2193 2273 2244 ad
2309 2190 2491 2259 qualia
2523 2189 2680 2242 verba
2719 2190 2972 2242 immanis
3009 2189 3164 2256 hujus
3201 2189 3386 2245 stulti-

1807 2289 1894 2340 tite
1931 2294 2232 2339 commenta
2275 2285 2608 2351 perveniunt.
2639 2281 2746 2337 Nos
2784 2285 2924 2338 enim
2971 2283 3143 2351 ipsum
3170 2283 3385 2349 Filium,

1807 2377 1895 2444 qui
1936 2376 2074 2428 Deus
2109 2390 2170 2426 ex
2212 2382 2399 2424 natura
2441 2385 2588 2436 erat,
2625 2375 2725 2427 hoc
2766 2383 2878 2436 est,
2910 2373 3138 2425 Verbum
3176 2389 3241 2426 ex
3279 2372 3388 2426 Deo

1806 2469 1964 2523 Patre
2004 2469 2278 2537 genitum,
2321 2467 2386 2519 ad
2427 2466 2780 2520 voluntariam
2822 2465 3246 2518 exinanitiOuem
3291 2466 3386 2519 de-

1807 2561 2082 2614 scendisse
2113 2559 2361 2622 dicimus,
2396 2573 2460 2612 ac
2494 2559 2718 2611 rediisse
2753 2573 2937 2610 rursus
2969 2574 3089 2611 cum
3124 2572 3289 2611 carne
3320 2558 3386 2610 ad

1808 2651 1952 2705 illam
1991 2652 2227 2703 divinam
2263 2650 2577 2718 dignitatem
2631 2658 2792 2718 atque
2829 2649 3217 2703 sublimitatem
3269 2664 3388 2716 qua:

1808 2743 1879 2795 illi
1915 2742 2111 2795 inerat.
2138 2742 2412 2794 Adoratur
2439 2742 2580 2794 enim
2611 2741 2774 2794 etiam
2804 2755 2926 2794 cum
2957 2755 3143 2804 carne,
3173 2750 3231 2793 ut
3260 2751 3387 2795 ante

1807 2849 2025 2888 carnem
2055 2841 2174 2886 erat
2204 2831 2513 2886 adorandus
2544 2850 2557 2884 :
2587 2841 2705 2887 erat
2733 2834 2874 2887 enim
2902 2842 2957 2888 et
2982 2844 3063 2889 est
3090 2837 3388 2889 secundum

1807 2938 2054 2981 naturam
2090 2924 2230 2980 Dens
2256 2935 2309 2978 et
2338 2935 2461 2979 ante
2487 2925 2942 2990 exinanitionem,
2972 2937 3026 2981 et
3055 2943 3174 2981 cum
3203 2928 3386 2982 exina-

1809 3020 2067 3074 nitionem
2112 3017 2350 3072 subiisse
2374 3017 2592 3080 dicitur,
2617 3016 2794 3072 factus
2820 3019 2989 3072 nostri
3035 3019 3248 3075 similis.
3288 3017 3391 3075 Iste

1805 3127 1936 3166 vero
1969 3112 2085 3166 haec
2118 3110 2251 3166 adeo
2283 3111 2586 3164 veneranda
2627 3119 2882 3179 rectaque
2918 3111 3164 3182 dogmata
3202 3112 3384 3180 despi-

1804 3205 1956 3258 ciens
1998 3203 2267 3258 hominem
2311 3201 2422 3257 Deo
2461 3202 2736 3272 coniungit
2774 3203 3070 3258 secundum
3110 3215 3387 3260 externam

1806 3296 2199 3360 habitudinem,
2232 3306 2284 3349 et
2322 3305 2574 3363 tanquam
2616 3297 2666 3348 in
2706 3296 2825 3366 ejus
2862 3297 3139 3366 dignitatis
3172 3297 3392 3366 :rquali-

1808 3401 1943 3456 tate,
1977 3401 2030 3446 et
2063 3402 2316 3458 tanquam
2352 3389 2579 3441 alterum
2613 3405 2731 3441 cum
2765 3390 2937 3444 altero
2967 3389 3126 3443 simul
3158 3392 3389 3445 adorare

1807 3500 1912 3539 non
1942 3484 2236 3538 erubescit.
2264 3481 2476 3536 Asserit
2500 3491 2700 3545 autem,
2730 3483 2923 3551 inquit,
2951 3483 3095 3536 velut
3121 3483 3388 3536 insuetum

1807 3575 2062 3644 quiddam
2100 3591 2164 3628 ac
2202 3593 2430 3642 novum,
2465 3589 2518 3630 et
2554 3577 2693 3629 velut
2735 3576 2922 3645 gratize
2959 3575 3077 3629 loco
3114 3576 3392 3644 accepisse

1808 3677 1865 3721 ttt
1893 3667 1964 3720 illi
1993 3665 2238 3720 ﬂectatur
2260 3681 2419 3721 omne
2447 3683 2607 3738 genu,
2637 3677 2689 3720 et
2717 3670 2894 3720 omnis
2923 3669 3100 3732 lingua
3129 3668 3392 3722 conﬁtea-

1809 3770 1915 3823 tur,
1941 3759 2064 3827 quia
2090 3759 2347 3813 Dominus
2372 3757 2526 3813 Jesus
2547 3758 2814 3812 Christus.
2845 3760 2919 3812 Ac
2947 3759 2988 3812 si
3021 3759 3165 3812 illum
3198 3767 3389 3811 natura

1809 3852 1972 3904 Deum
2014 3850 2211 3903 factum
2249 3865 2367 3904 esse
2406 3851 2567 3909 dicit,
2612 3861 2797 3918 aperte
2839 3849 3271 3916 hlasphemavit,
3310 3846 3390 3901 fa-

1804 3950 1945 3994 ctam
1989 3953 2109 3993 esse
2152 3938 2339 3992 dicens
2371 3937 2678 3992 Diviuitatis
2720 3947 2986 3990 naturam.
3028 3937 3122 3991 Sin
3169 3939 3390 3991 minime

1803 4030 2097 4085 secundum
2140 4038 2425 4090 naturam,
2464 4029 2556 4082 sed
2596 4043 2714 4081 eam
2755 4028 3073 4098 dignitatem
3113 4027 3293 4080 datam
3335 4037 3392 4081 et

1803 4121 2145 4176 extrinsecus
2175 4129 2474 4188 acceptam,
2504 4130 2557 4173 et
2587 4120 2730 4173 velut
2765 4121 2817 4172 in
2848 4119 2957 4174 sola
2989 4134 3119 4174 voce
3147 4119 3385 4189 positam

1805 4214 2094 4276 habuisse,
2124 4211 2394 4280 quomodo
2427 4226 2530 4264 non
2565 4211 2693 4263 illud
2727 4210 3007 4264 evidenter
3034 4211 3256 4277 asserit,
3290 4227 3388 4265 nos

1803 4303 2008 4358 servire
2043 4313 2098 4356 et
2137 4301 2335 4355 cultum
2380 4302 2593 4355 deferre
2635 4301 2684 4352 ei
2727 4301 2817 4369 qui
2865 4299 2972 4370 56
3012 4310 3203 4354 natura
3245 4300 3388 4356 Deus

1806 4411 1909 4448 non
1942 4395 2033 4458 sit,
2064 4402 2118 4446 et
2149 4393 2452 4457 nobiscum,
2482 4402 2540 4445 ut
2569 4406 2904 4460 consequens
2934 4401 3039 4456 est,
3072 4391 3216 4446 illam
3246 4407 3384 4459 quo-

145 4491 252 4558 ἡμῖν
279 4491 428 4555 αὑτὸς
470 4494 500 4543 ὁ
537 4465 726 4558 Πατὴρ
753 4489 845 4539 καὶ
869 4487 1009 4556 ἀρχὴ
1037 4487 1130 4539 καὶ
1166 4487 1435 4557 πρόφασις
1461 4503 1474 4551 ;
1531 4483 1698 4538 Ἐπάν

1807 4502 1908 4554 que
1951 4499 2306 4552 supernorum
2350 4484 2637 4549 spirituum
2683 4483 2994 4551 pervigilem
3043 4482 3383 4550 prudentiam

145 4573 218 4628 οὖν
245 4576 341 4648 [ίσ.
372 4580 488 4641 πῶς
518 4573 634 4648 οὖν]
667 4577 747 4629 ἔτι
783 4576 1196 4646 διαμωμήσαιτο
1219 4578 1341 4638 τοὺς
1365 4577 1493 4647 παρ’
1536 4576 1698 4628 eam

147 4674 196 4741 τῇ
231 4675 388 4727 κτίσει
431 4672 763 4743 προσκυνεῖν
801 4669 1140 4741 ᾑρημένουςς
1185 4667 1453 4740 γράφεται
1482 4666 1538 4719 δὲ
1581 4665 1698 4718 ἀνθ’

147 4766 243 4817 ὅτου
265 4766 472 4830 κολάζει
505 4763 618 4835 (Η)
648 4763 774 4825 τοὺς
805 4759 1276 4829 πεπλανημένους,
1316 4760 1364 4810 εί
1393 4759 1504 4820 τοῖς
1535 4755 1696 4809 αὑτοῦ

147 4856 340 4927 νεύμασι
364 4855 708 4924 πεπλάνηται
731 4852 842 4925 [ῑσ.
873 4849 1290 4921 πεπλάνηνται],
1329 4847 1699 4920 προσκυνητὸν

148 4948 253 5015 ἡμῖν
276 4951 651 5020 ἀποφήναντος
684 4946 774 4997 τὸν
801 4945 898 4997 οὑκ
924 4945 1053 4997 ὄντα
1084 4941 1241 5011 φύσει
1270 4940 1436 5004 Θεόν;
1483 4937 1698 5009 Ἐπειδὴ

148 5041 190 5092 δὲ
208 5042 518 5111 παρατιθεὶς
542 5040 603 5091 τὸ
631 5039 793 5108 ῥητὸν
820 5039 876 5090 ἐν
897 5037 1128 5098 τούτοις,
1160 5034 1302 5104 φημὶ
1322 5033 1391 5100 δὴ
1409 5031 1469 5085 τὸ
1494 5034 1550 5084 ὲν
1575 5048 1698 5100 χερ-

150 5134 245 5196 σὶν,
279 5137 354 5188 ὅτι
392 5133 548 5204 αὑτῷ
573 5131 780 5202 κάμψει
824 5132 934 5182 πᾶν
964 5131 1092 5197 γόνυ
1115 5169 1128 5190 ,
1166 5129 1258 5181 καὶ
1294 5129 1443 5179 πᾶσα
1473 5125 1695 5194 γλῶσσα

149 5225 690 5298 ἐξομολογήσεται,ὖτι
716 5221 916 5294 Κύριος
956 5219 1160 5291 Ἰησοῦς
1185 5218 1439 5290 Χριστὸς,
1477 5217 1693 5285 παρῆκε

148 5317 194 5367 τὸ
212 5318 375 5373 λεῖπον
399 5321 496 5373 καὶ
521 5317 721 5387 ἐφεξῆς
747 5314 1055 5381 ἀναγκαίως
1086 5313 1162 5383 τῷ
1208 5311 1461 5382 μακαρίῳ
1498 5310 1694 5379 Παύλῳ

152 5411 725 5484 προσεπενηνεγμένον,
785 5407 883 5460 οὑκ
943 5400 1037 5458 οἷδ’
1086 5405 1167 5456 ὅτι
1219 5401 1690 5472 διενθυμούμενος,

152 5500 257 5568 φέρι
296 5503 622 5570 προσθέντες
662 5501 822 5570 ἡμεῖς
861 5498 1036 5550 ἐκεῖνο
1076 5494 1349 5564 λέγωμεν·
1396 5511 1412 5543 ι
1477 5490 1694 5555 Ἐξομο-

1803 4593 1988 4631 ertore
2034 4578 2331 4636 seductam,
2375 4586 2427 4628 et
2466 4575 2658 4642 hqrunt
2700 4573 2961 4627 scelerum
3009 4574 3163 4627 nohis
3209 4575 3380 4642 ipsum

1805 4669 2017 4723 Patrem
2071 4669 2280 4720 inililtltl
2326 4677 2378 4720 et
2422 4681 2642 4720 causam
2689 4665 2849 4720 esse?
2894 4663 3174 4731 Quomodo
3222 4666 3384 4732 igitur

1804 4763 1980 4815 adhuc
2010 4759 2188 4828 culpat
2216 4774 2309 4813 eos
2338 4760 2427 4828 qui
2459 4760 2550 4813 illo
2576 4758 2789 4825 ahjecto
2815 4766 3124 4812 creaturam
3155 4758 3385 4812 adorare

1806 4847 2150 4904 maluerunt?
2185 4864 2284 4902 cur
2315 4863 2442 4901 vero
2476 4857 2690 4901 accusat
2730 4857 2784 4901 et
2819 4847 2974 4914 puuit
3007 4846 3258 4901 seductos
3293 4863 3384 4901 er-

1809 4952 1928 4990 rure
1977 4937 2259 4997 homines,
2305 4937 2346 4988 si
2399 4936 2516 5002 ejus
2566 4947 2698 4989 nutu
2747 4951 2811 4991 ac
2853 4935 3127 4991 voluntate
3173 4937 3381 4992 seducti

1806 5041 1951 5091 sunt,
1984 5045 2104 5082 cum
2139 5044 2260 5080 eum
2295 5028 2382 5096 qui
2419 5045 2523 5083 non
2555 5039 2697 5083 esset
2728 5045 2792 5084 ex
2831 5037 3022 5082 natura
3055 5029 3218 5092 Deus,
3248 5031 3377 5085 ado-

1806 5120 2028 5174 rabilem
2063 5121 2216 5174 nobis
2243 5120 2521 5175 ell'ecerit?
2550 5121 2657 5175 Sed
2685 5121 2811 5191 quia
2845 5123 2898 5175 in
2933 5122 3015 5176 his
3044 5137 3166 5176 cum
3199 5121 3380 5175 locum

1802 5217 2042 5276 citasset,
2077 5229 2221 5278 eum,
2253 5214 2495 5282 inquam,
2523 5213 2613 5283 qui
2647 5223 2729 5267 cst
2764 5213 2815 5266 in
2849 5213 3119 5276 manibus,
3151 5213 3250 5282 ipsi
3287 5212 3383 5267 lle-

1803 5315 1980 5358 ctetur
2024 5317 2186 5356 omne
2233 5318 2408 5370 genu.
2459 5313 2512 5356 et
2559 5303 2735 5354 omnis
2786 5301 2962 5370 lingua
3010 5299 3378 5362 conﬁtebitur,

1801 5396 1925 5465 quia
1985 5394 2241 5446 Dominus
2287 5393 2445 5448 Jesus
2495 5393 2781 5458 Christus;
2831 5392 3017 5445 omisit
3068 5389 3270 5458 reliqua
3325 5399 3380 5444 et

1803 5485 2215 5554 consequentia,
2245 5499 2364 5554 qua:
2394 5485 2702 5540 necessario
2730 5499 2758 5537 a
2793 5485 2950 5538 beato
2982 5481 3144 5537 Paulo
3175 5479 3380 5548 adjecta

1385 5668 1544 5724 ANT.
1586 5663 1857 5722 AGELLII
1895 5662 2130 5717 ΝΟΤᾸΞ.

208 5838 304 5903 (η)
331 5839 628 5911 Legendum
669 5837 904 5900 videtur,
941 5833 1034 5887 καὶ
1061 5830 1295 5893 κολάζει.
