4104 6482
663 445 766 498 105

1641 427 1699 481 S.
1742 422 2008 479 CYRILLI
2050 413 2515 474 ALEXANDRINI
2557 412 2877 469 AllClllEP.

3823 411 3927 463 ‘lOl

657 559 908 617 fuerant;
943 563 1177 620 quonam
1216 547 1267 601 id
1303 543 1526 599 consilio
1565 541 1752 595 fecerit
1777 582 1791 601 ,
1830 539 2011 592 nescio
2047 554 2060 589 :
2101 551 2233 604 age,

2370 533 2576 598 ογεῖται
2608 531 2716 600 γὰρ
2752 531 2899 581 πᾶσι
2931 528 3168 593 γλῶσσα,
3193 527 3272 576 ὅτι
3301 524 3502 594 Κύριος
3563 522 3770 593 Ἰησοῦς
3799 524 3931 592 Χριο

656 648 975 716 adjiciamus
1010 657 1106 696 nos
1140 640 1246 701 illa,
1279 653 1341 690 ac
1376 637 1615 692 dicamus
1649 650 1660 686 :
1701 651 1719 683 ι
1756 630 2061 686 Conﬁtetur
2089 627 2233 680 enim

653 740 832 795 omnis
869 737 1070 804 lingua,
1107 732 1234 802 quia
1275 730 1532 784 Dominus
1565 726 1722 781 Jesus
1752 724 2001 780 Christus
2036 722 2088 775 in
2123 718 2234 788 glo-

657 830 791 881 riam
836 825 929 880 Dei
970 823 1168 876 Patris.
1211 838 1229 871 ι
1273 817 1437 888 Igitur
1475 817 1519 870 si
1561 826 1753 869 natura
1796 812 1940 866 Deus
1982 825 2084 864 non
2129 817 2232 870 est,

657 921 750 975 sed
786 928 1007 989 propter
1039 913 1474 982 coniunctionem
1512 907 1934 964 habitudinalem
1971 919 2074 973 qua
2106 907 2234 969 jun-

658 1022 778 1069 ctus
817 1021 901 1065 est
945 1024 1065 1062 cum
1105 1006 1216 1060 Deo
1251 1005 1449 1065 Verbo,
1489 998 1704 1055 adorari
1752 998 1899 1052 illum
1943 995 2074 1049 dicit
2113 1004 2166 1047 et
2206 1008 2236 1046 a

659 1103 843 1167 nobis,
876 1110 931 1154 et
961 1117 989 1153 a
1020 1097 1228 1153 sanctis
1258 1094 1496 1164 angelis.
1525 1107 1652 1161 ergo
1679 1089 1862 1159 gloriae
1891 1086 2082 1140 modus
2114 1084 2235 1152 qui-

659 1195 780 1246 dam
823 1205 850 1241 a
893 1187 1055 1242 Patre
1099 1186 1349 1239 inventus
1393 1192 1474 1236 cst
1519 1181 1571 1235 in
1620 1193 1684 1233 eo
1726 1177 1868 1247 quod
1911 1174 2068 1229 simul
2113 1186 2235 1227 cum

662 1283 779 1352 ipso
817 1278 1067 1334 deiﬁcata
1106 1284 1190 1329 est
1227 1282 1473 1328 creatura
1513 1290 1526 1324 :
1567 1271 1640 1324 ita
1684 1270 1884 1324 frustra
1931 1265 2238 1334 indignatus

660 1383 742 1426 est
774 1369 1094 1439 quibusdam
1130 1375 1188 1417 ut
1217 1363 1307 1432 qui
1343 1362 1444 1416 hoc
1477 1361 1731 1416 fecissent
1765 1377 1778 1412 :
1811 1357 1952 1426 quod
1983 1355 2026 1409 si
2057 1369 2118 1408 ea
2154 1368 2240 1406 res

665 1464 741 1518 illi
772 1461 955 1532 gloria:
985 1458 1106 1520 fuit,
1136 1454 1406 1525 quomodo
1437 1469 1539 1508 non
1568 1467 1781 1521 acquum
1815 1449 1914 1502 fuit
1942 1446 2160 1518 praemia
2187 1453 2242 1499 et

663 1555 849 1610 laudes
878 1559 931 1605 et
959 1548 1184 1618 gloriam
1221 1544 1328 1598 illis
1355 1543 1650 1612 rependere
1680 1541 1768 1610 qui
1803 1541 1854 1594 id
1887 1537 2064 1591 facere
2093 1535 2246 1591 iusti-

663 1643 933 1703 tuissent?
966 1640 1072 1694 Sed
1111 1637 1299 1690 dicent
1329 1633 1563 1688 fortasse
1595 1651 1609 1687 :
1641 1629 1921 1698 Quomodo
1951 1627 2098 1681 Patri
2131 1627 2242 1696 glo-

667 1739 763 1792 ria
803 1737 906 1790 erit
946 1743 1006 1787 ut
1046 1729 1382 1786 Emmanueli
1425 1741 1584 1782 omne
1616 1740 1754 1796 genu
1789 1720 2074 1777 ﬂectatur?
2107 1719 2244 1786 Quia

669 1828 904 1885 Verbum
936 1840 1058 1881 cum
1091 1824 1162 1878 sit
1194 1823 1333 1877 Deus
1365 1835 1462 1891 per
1487 1795 1759 1881 naturam,
1789 1825 1846 1871 et
1875 1829 1940 1868 ex
1971 1813 2108 1883 ipso,
2145 1812 2245 1864 hoc

2370 1800 2487 1871 ιὰρξ
2537 1802 2565 1854 6
2607 1800 2812 1869 Λόγος·
2858 1800 3244 1870 προσκυνεῖται
3291 1797 3369 1863 δὲ,
3417 1796 3496 1860 ὡς
3532 1796 3692 1866 ἔφην,
3738 1795 3815 1858 ὡς

2339 620 2483 683 στὸς,
2516 621 2595 681 είς
2635 619 2794 682 δόξαν
2830 615 2965 669 Θεοῦ
3005 614 3238 685 Πατρός.
3276 633 3294 665 ι
3336 612 3545 666 Οὐκοῦν
3571 614 3618 665 εἰ
3665 613 3739 683 μὴ
3768 613 3932 681 φύσει

2337 711 2468 774 Θεός
2513 712 2649 775 ἐστι,
2700 710 2789 762 διὰ
2829 709 3126 776 συνάφειαν
3153 705 3210 758 δὲ
3255 703 3532 774 σχετικὴν,
3572 702 3675 771 τὴν
3703 703 3842 772 πρός
3869 719 3932 771 γε

2340 803 2484 874 φημὶ
2510 803 2600 855 τὸν
2627 803 2692 854 ὲκ
2729 800 2863 854 Θεοῦ
2894 799 3087 866 Λόγον,
3119 796 3540 868 προσκυνεῖσθαι
3569 811 3733 864 φησιν
3772 797 3936 847 αὑτὸν

2341 895 2476 966 πρός
2501 912 2562 950 τε
2595 894 2753 965 ἡμῶν
2793 891 2993 955 αὐτῶν,
3021 891 3116 944 καὶ
3156 888 3265 943 τῶν
3305 887 3478 957 ἁγίων
3523 887 3808 956 ἀγγέλων·
3840 889 3932 938 εύ-

2343 987 2526 1051 κλείας
2557 1004 2644 1050 τις
2674 985 2782 1056 ἄρα
2824 983 3024 1054 τρόπος
3059 981 3350 1053 ἐξεύρηται
3379 979 3458 1049 τῷ
3484 979 3680 1048 Πατρὶ,
3703 977 3785 1047 τῷ
3815 976 3936 1029 θεοο

2344 1077 2615 1131 ποιεῖσθαι
2644 1076 2741 1130 σὺν
2763 1074 2912 1145 αύτῷ
2933 1075 3031 1146 τὴν
3074 1073 3280 1126 κτίσιψ
3307 1072 3399 1125 καὶ
3424 1069 3725 1139 λελύπηται
3758 1068 3938 1138 μάτην

2345 1165 2437 1218 ἐπί
2458 1181 2618 1229 τισιν,
2653 1163 2728 1227 ὡς
2760 1163 2918 1217 τοῦτο
2946 1160 3269 1232 πεποιηκόσι
3288 1177 3302 1192 ο
3326 1160 3420 1214 καὶ
3451 1161 3501 1213 εί
3523 1159 3659 1230 πρὸς
3687 1157 3938 1220 εὐκλείας

2342 1251 2411 1326 ἦν
2467 1256 2528 1308 τὸ
2572 1255 2762 1324 χρῆμα
2825 1254 3008 1324 αὐτῷ,
3059 1251 3178 1315 πῶς
3235 1250 3336 1303 ούκ
3391 1249 3498 1302 ἔδει
3557 1248 3652 1301 καὶ
3701 1246 3939 1317 ἀμοιϐῆς

2343 1345 2547 1412 ἀξιοῦν,
2587 1345 2808 1397 ἐπαίνου
2854 1363 2911 1398 τε
2947 1347 3040 1397 καὶ
3076 1342 3254 1415 δόξης,
3294 1341 3420 1405 τοὺς
3447 1340 3604 1393 τοῦτο
3635 1338 3770 1410 δρᾷν
3799 1339 3939 1408 ἡρη-

2347 1436 2576 1506 μένους;
2631 1434 2768 1486 Ἀλλ’
2821 1434 2950 1496 Esto;
2993 1435 3172 1486 έκεῖνο
3221 1433 3376 1502 φαῖεν
3423 1429 3519 1492 ἂν,
3573 1427 3708 1482 Τίνα
3737 1427 3942 1494 τρόπον

2346 1528 2484 1599 πρὸς
2513 1526 2762 1589 εύκλείας
2797 1525 2952 1579 ἔσται
2994 1525 3074 1595 τῷ
3103 1524 3278 1594 Πατρὶ
3331 1524 3391 1576 τὸ
3421 1520 3637 1592 κάμψαι
3667 1521 3780 1574 πᾶν
3810 1519 3942 1588 γόνυ

2343 1619 2436 1672 τὸν
2468 1617 2580 1688 [ῑσ.
2614 1617 2716 1689 τῷ]
2777 1616 3161 1687 Ἐμμανουήλ;
3197 1616 3317 1668 Ὅτι
3350 1613 3482 1677 Θεὸς
3507 1613 3583 1666 ῶν
3616 1611 3801 1682 φύσει,
3847 1611 3944 1662 καὶ

2345 1707 2406 1772 ἐξ
2449 1707 2636 1770 αὑτοῦ,
2677 1707 2976 1771 τουτέστιν,
3026 1708 3091 1759 ἐκ
3138 1705 3236 1777 τῆς
3285 1704 3474 1767 ούσίας
3513 1702 3702 1769 αὐτοῦ,
3750 1702 3946 1770 γέγονε

3865 1790 3948 1857 εἷς

669 1931 773 1984 est,
801 1935 864 1973 ex
899 1915 1016 1984 ejus
1047 1913 1374 1975 substantia,
1406 1925 1532 1966 caro
1565 1908 1765 1963 factum
1799 1915 1883 1960 est
1913 1923 1926 1960 :
1958 1905 2244 1958 adoratur-

2370 1909 2406 1945 τε
2438 1892 2531 1946 καὶ
2563 1892 2722 1961 μόνος
2751 1892 2846 1943 καὶ
2877 1889 3092 1961 άληθῶς
3134 1889 3285 1954 Υίδς,
3320 1889 3456 1960 μετὰ
3482 1888 3584 1959 τῆς
3617 1887 3752 1950 ἰδίας
3779 1887 3950 1939 αὑτοῦ

668 2024 798 2081 que,
824 2017 882 2062 ut
908 2006 1042 2069 dixl,
1072 2015 1131 2058 ut
1161 2019 1298 2057 unus
1321 2009 1375 2055 et
1400 2000 1548 2054 solus
1575 2009 1630 2053 et
1653 2012 1776 2053 vere
1804 1995 1973 2051 Filius
2000 2009 2122 2048 cum
2150 2007 2244 2046 sua

672 2101 843 2169 ipsius
873 2114 1037 2154 carne
1069 2115 1083 2152 :
1116 2092 1455 2166 gloriﬁcatur
1485 2100 1666 2145 autem
1699 2087 1862 2142 Pater
1888 2097 1948 2141 ut
1983 2085 2126 2140 Dens
2156 2083 2248 2153 qui

675 2186 869 2241 habeat
901 2199 1088 2238 verum
1132 2180 1327 2236 Filium
1365 2192 1431 2234 ex
1470 2193 1566 2234 sua
1606 2176 1909 2233 substantia
1954 2174 2194 2242 genitum
2232 2185 2247 2224 :

675 2291 836 2346 quem
863 2275 1030 2330 etiam
1058 2288 1277 2328 carnem
1308 2271 1510 2326 factum
1540 2283 1637 2340 pro
1666 2269 1823 2323 nobis
1851 2267 2019 2333 dedit,
2047 2274 2106 2320 ut
2130 2278 2252 2334 pas-

677 2383 770 2423 sus
817 2381 981 2422 carne
1027 2365 1232 2419 salvum
1285 2363 1490 2418 faceret
1535 2363 1720 2418 orbem
1772 2371 2075 2425 terrarum;
2127 2376 2145 2409 ι
2196 2365 2255 2410 ut

677 2458 855 2512 omnis
887 2458 978 2527 qui
1015 2455 1184 2510 credit
1218 2454 1270 2509 in
1308 2455 1505 2524 ipsum,
1544 2469 1648 2508 non
1687 2460 1890 2521 pereat,
1929 2449 2023 2504 sed
2061 2448 2255 2502 habeat

681 2550 845 2603 vitam
873 2555 1129 2603 aeternam
1151 2544 1232 2610 ";
1267 2562 1284 2595 ι
1314 2553 1372 2597 ιιι
1399 2543 1576 2597 omnis
1603 2542 1694 2612 qui
1724 2540 1868 2596 videt
1894 2554 2050 2602 eum,
2078 2537 2257 2592 videat

683 2641 894 2696 Patrem
912 2640 956 2671 ⁸⁷
991 2657 1006 2694 :
1039 2652 1199 2707 quam
1232 2635 1395 2691 etiam
1430 2635 1604 2704 ipsam
1639 2647 1748 2687 rem
1785 2631 1940 2687 nobis
1975 2643 2097 2684 esse
2129 2641 2256 2682 vere

684 2731 898 2786 vitalem
932 2731 1043 2799 ipse
1074 2729 1240 2782 Filius
1267 2729 1535 2792 ostendit;
1567 2725 1704 2781 dixit
1733 2723 1876 2777 enim
1906 2739 1921 2778 :
1959 2740 1977 2774 ‹
2023 2723 2147 2775 Haec
2177 2729 2259 2774 est

685 2827 790 2880 vita
823 2835 1020 2877 aeterna
1045 2861 1058 2885 ,
1093 2833 1153 2875 ut
1184 2828 1512 2888 cognoscant
1545 2828 1596 2871 te
1627 2817 1798 2871 solum
1837 2816 2001 2869 Deum
2035 2828 2218 2866 verum
2242 2848 2258 2872 ,

686 2924 742 2967 et
778 2928 934 2982 quem
978 2910 1173 2964 misisti
1218 2910 1399 2962 Jesum
1444 2907 1716 2962 Christum
1737 2906 1802 2960 ⁸⁸.
1843 2923 1860 2956 ι
1900 2904 1975 2958 Ac
2015 2904 2098 2956 via
2141 2903 2261 2972 qui-

687 3005 807 3058 dem
845 3010 1012 3064 recta,
1045 3010 1099 3054 et
1132 3002 1196 3052 ad
1229 2999 1562 3052 verissimam
1605 2997 1928 3053 sententiam
1965 2995 2262 3064 perducens

690 3097 807 3149 haec
851 3104 964 3160 est,
1007 3103 1060 3146 et
1106 3099 1302 3156 prreter
1343 3103 1462 3142 eam
1513 3088 1679 3144 nulla.
1730 3086 1830 3141 llic
1873 3101 2001 3140 veru
2047 3099 2260 3138 sursum

2351 1983 2573 2055 σαρκός
2635 1981 2917 2046 δοξάζεταί
2959 1998 3023 2051 γε
3066 1981 3174 2052 μὴν
3219 1983 3248 2034 ό
3284 1982 3474 2050 Πατὴρ
3517 1979 3592 2043 ὡς
3623 1979 3776 2041 Θεὸς,
3809 1978 3952 2047 ἔχων

2349 2075 2598 2145 ἀληθινὸν
2624 2075 2714 2128 τὸν
2752 2077 2816 2127 ὲκ
2856 2076 2955 2145 τῆς
2983 2073 3170 2136 οὐσίας
3199 2070 3367 2126 αὑτοῦ
3408 2070 3740 2141 γεννηθέντα
3772 2070 3905 2123 Υίόν
3933 2086 3946 2098 ·

2349 2167 2408 2221 ὃν
2449 2167 2544 2221 καὶ
2600 2166 2785 2236 σάρκα
2836 2166 3098 2234 γεγονότα
3151 2164 3385 2218 δέδωκεν
3437 2164 3577 2232 ὑπὲρ
3628 2162 3804 2234 ἡμῶν,
3862 2162 3951 2214 ἵνα

2355 2259 2520 2329 σαρκὶ
2583 2255 2812 2321 παθὼν,
2889 2251 3128 2324 διασώσῃ
3175 2254 3276 2324 τὴν
3323 2255 3414 2306 ὑπ’
3469 2253 3730 2324 ούρανόν·
3786 2270 3806 2303 σ
3868 2251 3956 2307 ῐνα

2355 2351 2471 2412 πῶς
2495 2351 2523 2402 6
2553 2349 2828 2402 πιστεύων
2866 2350 2945 2410 εἰς
2974 2347 3160 2410 αὑτὸν,
3191 2347 3252 2399 ού
3286 2347 3360 2416 μὴ
3382 2345 3673 2415 ἀπόληται,
3706 2344 3820 2397 ἀλλ’
3855 2344 3958 2415 ἔχῃ

2356 2443 2502 2513 ζωὴν
2545 2441 2788 2506 αἰώνιον,
2847 2461 2864 2492 ι
2918 2442 3004 2493 ἵνα
3050 2440 3157 2502 πᾶς
3201 2441 3229 2491 6
3274 2436 3493 2508 θεωρῶν
3525 2435 3706 2498 αὑτὸν,
3761 2435 3949 2506 θεωρῇ

2356 2534 2447 2586 τὸν
2479 2534 2720 2604 Πατέρα.
2769 2529 3038 2584 Ζωοποιδν
3071 2529 3127 2582 δὲ
3170 2529 3230 2582 τὸ
3274 2529 3464 2600 χρῆμα
3498 2528 3594 2582 καὶ
3635 2526 3793 2581 τοῦτο
3823 2527 3958 2596 ἡμῖν

2359 2625 2608 2696 ὑπάρχον
2636 2623 2872 2692 άληθῶς,
2905 2622 3068 2684 αὐτὸς
3096 2621 3399 2691 ὲκδέδειχεν
3426 2622 3453 2672 6
3482 2619 3607 2682 Υἱός
3626 2634 3640 2648 ’
3665 2618 3769 2688 ἔφη
3799 2619 3913 2687 γάρ
3942 2636 3957 2648 ’

2367 2737 2383 2767 ι
2413 2716 2559 2786 Αὕτη
2586 2717 2643 2768 δέ
2672 2718 2820 2768 ἐστιν
2851 2716 2882 2785 ή
2911 2714 3127 2776 αίώνιος
3157 2711 3290 2783 ζωὴ,
3324 2712 3408 2764 ἵνα
3446 2709 3757 2779 γινώσκωσι
3780 2727 3841 2762 σε
3868 2710 3960 2762 τὸν

2368 2810 2529 2879 μόνον
2554 2807 2811 2877 ἀληθινὸν
2833 2806 2984 2866 Θεὸν,
3012 2805 3105 2858 καὶ
3136 2804 3194 2856 ὃν
3219 2803 3544 2864 ἀπέστειλας
3593 2799 3797 2871 Ἰησοῦν
3821 2801 3960 2870 Χριο

2365 2901 2510 2953 στόν.
2564 2918 2581 2950 ι
2631 2901 2738 2951 Καὶ
2775 2900 2822 2952 εἰ
2855 2898 2958 2968 μὲν
2984 2897 3094 2968 (15)
3131 2897 3210 2958 είς
3249 2895 3379 2948 εὐθὺ
3411 2896 3504 2947 καὶ
3539 2893 3960 2962 άπλανεστάτην

2365 2994 2473 3045 τῶν
2514 2990 2735 3044 ἐννοιῶν
2778 2990 2916 3056 αῦτη
2963 3007 3021 3043 τε
3065 2989 3159 3041 καὶ
3195 2987 3293 3057 οὐχ
3339 2988 3501 3057 ἑτέρα
3543 2985 3751 3057 τρίϐος.
3809 2986 3870 3039 '0
3904 2986 3961 3038 δὲ

2367 3087 2479 3138 ἄνω
2522 3103 2581 3138 τε
2628 3084 2724 3138 καὶ
2770 3082 2922 3136 κάτω
2971 3081 3039 3135 τὰ
3089 3080 3265 3133 πάντα
3314 3078 3519 3141 κυκῶν,
3553 3078 3675 3151 [Διὰ
3727 3079 3819 3132 τὸν
3868 3096 3964 3148 φο-

689 3187 943 3240 deorsum
985 3184 1162 3237 omnia
1202 3181 1596 3242 cominiseens,
1638 3177 1888 3249 [Pr0pter
1924 3186 2260 3246 gestantem,

2372 3177 2588 3247 ρεῦντα,
2637 3175 2920 3246 φησ“ι,τὸν
2967 3171 3301 3243 φορούμενον
3351 3171 3526 3224 σέ6ω’
3572 3171 3662 3223 διὰ
3723 3170 3816 3222 τὸν
3871 3187 3963 3222 κε-

694 3279 884 3346 inquit,
902 3286 1164 3347 gestatum
1183 3290 1432 3338 veneror,
1454 3283 1673 3342 propter
1690 3271 1942 3325 latentem
1962 3270 2128 3323 adoro
2146 3283 2266 3336 spe-

694 3366 990 3439 ctabilem]
1020 3365 1222 3434 Cerne,
1249 3381 1453 3435 qumso,
1480 3378 1694 3420 rursum
1720 3362 1916 3431 ubique
1944 3361 2091 3414 illum
2118 3360 2272 3414 unio-

698 3475 819 3514 nem
860 3457 1074 3529 fugere,
1109 3467 1165 3512 et
1199 3458 1478 3513 veritatem
1519 3454 1840 3516 formidare,
1879 3461 1932 3507 et
1969 3452 2271 3506 divinorum

698 3549 802 3620 57
828 3549 1136 3618 dogtnatum
1172 3559 1378 3602 rectum
1428 3545 1530 3600 iter
1572 3543 1764 3597 vitare.
1811 3537 1928 3594 Non
1987 3538 2123 3593 alius
2157 3546 2278 3591 erat

698 3648 914 3709 gestans
938 3651 966 3691 a
993 3647 1220 3705 gestato,
1242 3637 1334 3690 sed
1364 3633 1540 3703 potius
1568 3633 1728 3697 idem,
1762 3639 1950 3698 utpote
1972 3628 2020 3680 in
2047 3628 2278 3681 coitione

701 3729 915 3784 deitatis
958 3736 1014 3782 et
1052 3727 1407 3782 humanitatis
1459 3723 1827 3780 consideratus
1872 3739 1884 3774 :
1925 3735 2061 3774 unus
2114 3720 2275 3771 etiam

704 3835 766 3875 ac
791 3821 937 3875 solus
971 3834 1098 3874 vere
1142 3819 1234 3873 Dei
1275 3827 1330 3872 et
1380 3815 1553 3870 Patris
1583 3813 1768 3869 Filius.
1828 3813 1967 3882 Ergo
2005 3820 2062 3864 ut
2115 3825 2276 3864 unum

706 3913 867 3968 adora
895 3927 1018 3966 cum
1051 3927 1146 3966 sua
1178 3924 1342 3964 carne
1375 3907 1547 3978 ipsum
1580 3921 1646 3961 ex
1681 3904 1787 3960 Deo
1833 3902 2066 3957 Verbum
2103 3920 2116 3957 :
2151 3901 2282 3955 alio-

707 4005 796 4074 qui
831 4004 1037 4072 explica
1067 4003 1218 4067 mihi,
1250 4000 1353 4055 nisi
1389 4000 1478 4054 tibi
1510 4007 1652 4052 recta
1681 4009 1870 4066 sapere
1906 3997 2107 4056 videor,
2136 4002 2280 4046 tuam

711 4099 763 4149 in
797 4095 881 4150 his
907 4094 1152 4164 loquendi
1178 4091 1528 4148 subtilitatem
1560 4099 1618 4142 ut
1643 4085 1964 4142 imbecillam
1997 4084 2281 4155 repellens.

714 4185 848 4239 Num
885 4186 1027 4240 euim
1074 4183 1119 4238 si
1179 4183 1302 4253 quis
1356 4185 1421 4236 de
1454 4194 1778 4251 quocunque
1834 4185 2074 4231 nostrum
2122 4175 2284 4229 simili

717 4275 960 4332 homine.
996 4273 1078 4329 vel
1121 4273 1190 4327 de
1229 4288 1335 4327 uno
1367 4272 1617 4340 quopiam
1674 4278 1888 4324 terreno
1934 4281 2056 4335 rege
2106 4266 2287 4321 dicere

716 4366 946 4420 voluerit
989 4384 1002 4418 :
1056 4364 1278 4432 Propter
1327 4362 1558 4416 animam
1615 4359 1756 4429 regis
1809 4371 2036 4412 veneror
2092 4369 2288 4425 corpus

716 4455 865 4525 ejus,
901 4463 1117 4523 propter
1146 4454 1399 4507 latentem
1449 4452 1619 4505 adoro
1653 4448 1795 4518 quod
1827 4457 1911 4501 est
1941 4446 2237 4511 spectabile
2271 4463 2286 4508 ;

2374 3268 2712 3339 κρυμμένον,
2756 3264 3048 3335 προσκυνῶ
3091 3263 3180 3316 τὸν
3230 3261 3603 3333 φαινόμενον.]
3653 3261 3848 3330 ’Δθρει
3896 3260 3962 3329 δή

2380 3378 2467 3429 μοι
2517 3359 2679 3410 πάλιν
2749 3356 3022 3427 φεύγοντα
3068 3354 3346 3424 πανταχοῦ
3412 3354 3510 3422 τὴν
3573 3353 3803 3416 ἕνωσιν,
3872 3354 3967 3406 καὶ

2375 3449 2586 3503 δεδιότα
2641 3447 2702 3501 τὸ
2751 3446 2976 3517 ἀληθὲς,
3025 3449 3118 3499 καὶ
3173 3446 3282 3498 τῶν
3333 3444 3494 3498 θείων
3531 3444 3818 3514 δογμάτων
3867 3444 3968 3513 τὴν

2378 3546 2647 3616 ὀρθότητα
2701 3538 3156 3611 παραιτούμενον.
3221 3539 3334 3608 Οὐχ
3362 3537 3547 3608 ἔτερος
3574 3531 3643 3607 ἦν
3702 3538 3731 3588 6
3783 3535 3970 3606 φορῶν

2381 3640 2530 3709 παρὰ
2571 3637 2662 3688 τὸν
2704 3633 3066 3704 φορούμενον·
3126 3634 3154 3684 6
3198 3631 3359 3694 αὐτὸς
3419 3630 3475 3682 δὲ
3518 3629 3738 3701 μᾶλλον,
3800 3631 3876 3693 ὡς,
3913 3633 3972 3684 ἐν

2384 3731 2585 3800 συνόδῳ
2664 3727 2999 3796 νοούμενος,
3054 3723 3308 3793 θεότητός
3354 3740 3414 3774 τε
3477 3722 3570 3774 καὶ
3615 3721 3971 3792 ἀνθρωπότη-

2381 3838 2490 3886 τος·
2544 3815 2624 3883 εἷς
2657 3836 2715 3873 τε
2772 3819 2866 3871 καὶ
2915 3816 3074 3886 μόνος
3121 3814 3338 3885 ἀληθῶς
3388 3814 3515 3876 Υἱὸς
3561 3812 3656 3866 τοῦ
3685 3813 3822 3866 Θεοῦ
3878 3816 3973 3867 καὶ

2383 3910 2619 3980 Πατρός.
2654 3907 2864 3961 Οὐκοῦν
2900 3905 2975 3967 ὡς
3021 3905 3118 3956 ἕνα
3169 3901 3463 3975 προσκύνει
3516 3902 3657 3970 μετά
3690 3901 3788 3970 τῆς
3837 3903 3973 3964 ἰδίας

2386 4001 2552 4054 αὑτοῦ
2590 3998 2794 4070 σαρκὸς
2821 3996 2912 4049 τὸν
2957 3997 3021 4049 ὲκ
3048 3993 3182 4048 Θεοῦ
3231 3994 3424 4062 Λόγον,
3470 3992 3623 4046 Ἐπεὶ
3657 3992 3888 4063 φράσον,
3925 3996 3974 4046 εί

2392 4095 2465 4164 μή
2506 4110 2587 4145 σοι
2616 4092 2758 4144 δοκῶ
2787 4090 2855 4142 τά
2897 4089 3082 4142 εἰκότα
3114 4089 3351 4158 φρονεῖν,
3388 4085 3487 4158 τὴν
3521 4086 3618 4158 σὴν
3665 4086 3723 4138 ὲν
3760 4086 3975 4148 τούτοις

2391 4180 2744 4252 ίσχνομυθίαν
2775 4179 2850 4242 ὡς
2885 4176 3088 4248 ἀδρανῆ
3129 4174 3574 4246 παρωθούμενος.
3610 4169 3763 4244 τᾹρα
3786 4172 3898 4244 γάρ
3928 4176 3976 4225 εἰ

2387 4267 2449 4337 δή
2471 4285 2554 4330 τις
2579 4267 2752 4319 ἕλοιτο
2775 4265 2953 4333 λέγειν
2987 4264 3116 4333 περὶ
3144 4263 3364 4316 ὁτουοῦν
3398 4261 3506 4314 τῶν
3537 4262 3658 4314 καθ’
3690 4263 3844 4330 ἡμᾶς
3881 4264 3978 4316 ἀν-

2392 4359 2647 4429 θρώπων,
2676 4359 2840 4428 ἤγουν
2874 4357 2958 4425 ἐφ’
2993 4356 3111 4419 ἑνὸς
3139 4355 3246 4407 τῶν
3278 4355 3370 4406 ἐπὶ⁵
3397 4354 3498 4423 γῆς
3541 4350 3837 4422 βασιλέων·
3877 4354 3976 4405 Διὰ

2391 4452 2490 4522 τὴν
2518 4451 2612 4503 τοῦ
2659 4449 2923 4519 βασιλέως
2967 4447 3142 4517 ψυχὴν
3178 4445 3319 4498 σέϐω
3362 4444 3423 4497 τὸ
3477 4444 3634 4513 σῶμα
3672 4444 3862 4506 αὑτοῦ,
3890 4444 3980 4496 διὰ

719 4564 825 4602 non
860 4548 1002 4602 illico
1027 4547 1204 4616 quivis
1244 4545 1492 4614 obiurget
1544 4557 1607 4598 ac
1649 4542 1793 4596 dicat
1824 4555 1837 4592 :
1876 4539 2015 4606 Quid
2048 4547 2104 4592 tu
2140 4537 2266 4592 lacis

2370 4569 2372 4586 ι
2398 4542 2489 4595 τὸν
2517 4540 2921 4611 κεκρυμμένον,
2961 4537 3249 4609 προσκυνῶ
3287 4537 3378 4589 τὸν
3417 4536 3759 4606 φαινόμενον,
3788 4536 3889 4589 οὐκ
3915 4538 3980 4590 ἄν

716 4654 750 4690 o
785 4636 924 4693 bone
955 4635 1081 4690 vir?
1107 4649 1244 4688 unus
1277 4635 1496 4688 omnino
1522 4633 1681 4687 homo
1705 4638 1788 4685 est
1810 4628 1901 4699 qui
1950 4642 2128 4682 rerum
2160 4627 2292 4696 poti-

721 4740 839 4794 tur,
890 4727 1136 4797 quamvis
1177 4740 1208 4780 e
1257 4725 1463 4780 duobus
1514 4723 1760 4777 videatur
1813 4721 2174 4790 compositus,
2227 4734 2294 4772 ex

721 4822 922 4884 anima,
954 4820 1195 4888 inquam,
1229 4824 1284 4872 et
1313 4829 1560 4886 corpore.
1583 4813 1692 4869 Cur
1719 4813 1883 4883 igitur
1909 4811 2064 4865 nobis
2095 4808 2296 4864 frustra

725 4912 976 4980 nugaris,
1013 4926 1134 4966 cum
1177 4917 1474 4980 gestantem
1527 4917 1582 4962 et
1629 4915 1894 4977 gestatum
1917 4943 1932 4970 ,
1963 4905 2217 4959 latentem
2246 4909 2300 4956 et

725 5002 1070 5074 spectabilem
1105 4999 1340 5070 appellas
1369 5039 1384 5063 ,
1419 5009 1472 5054 et
1515 5007 1769 5066 tanquam
1826 4995 1990 5049 alium
2036 5009 2158 5050 cum
2192 4992 2299 5045 alio

727 5091 884 5146 simul
942 5090 1170 5143 adorare
1209 5088 1516 5159 proﬁteris,
1547 5097 1602 5141 et
1649 5085 1866 5139 modum
1919 5083 2134 5150 unionis
2167 5097 2297 5136 con-

732 5182 964 5238 temnis?
996 5198 1118 5235 cum
1168 5181 1425 5234 divinitus
1480 5179 1751 5246 inspirata:
1797 5174 2014 5230 Littera:
2071 5172 2201 5226 illud
2236 5187 2302 5226 ex

732 5276 840 5328 Deo
872 5274 1028 5328 Patre
1081 5271 1309 5326 Verbum
1345 5285 1465 5325 cum
1521 5284 1617 5323 suo
1663 5281 1886 5335 corpore
1940 5281 2102 5318 unum
2154 5264 2308 5316 nobis

732 5368 1005 5422 Christum
1041 5376 1096 5421 et
1125 5367 1405 5420 Dominum
1448 5377 1569 5418 csse
1591 5358 1987 5430 pronuntient?
2015 5358 2096 5410 An
2145 5356 2300 5426 igno-

798 5526 846 5556 ⁸⁸
877 5522 1032 5577 Joan.
1061 5537 1141 5585 ut,
1183 5521 1265 5576 16.
1341 5521 1386 5553 ⁸⁷
1414 5519 1569 5576 Joan.
1603 5533 1710 5582 xrv,
1739 5517 1790 5573 9.
1869 5514 1914 5546 ⁸⁸
1941 5511 2098 5568 Joan.
2131 5527 2266 5580 xvu,
2297 5513 2351 5566 5.

2396 4653 2481 4699 τις
2513 4635 2673 4698 εὐθὺς
2706 4633 3028 4704 ἐπισκήψειε
3052 4649 3065 4663 ·
3095 4632 3160 4685 Τί
3188 4632 3342 4701 δρᾷς,
3368 4625 3414 4684 ὦ
3449 4624 3640 4693 0510;;
3672 4629 3870 4698 λέγων·
3901 4625 3980 4692 εἷς

2402 4745 2503 4780 που
2535 4726 2752 4788 πάντως
2777 4723 3064 4794 ἄνθρωπός
3100 4724 3248 4775 ἐστιν
3277 4723 3304 4774 6
3337 4721 3574 4791 κρατῶν.
3610 4719 3712 4772 κᾶν
3737 4722 3800 4773 ἐκ
3835 4721 3979 4773 δυοῖν

2404 4817 2577 4888 ὁρῷτο
2608 4817 2986 4887 συγκείμενος,
3010 4814 3188 4885 ψυχῆς
3219 4813 3282 4883 δὴ
3327 4811 3469 4880 λέγω
3498 4810 3592 4864 καὶ
3619 4809 3890 4881 σώματος.
3917 4814 3983 4865 Τί

2404 4909 2584 4961 τοίνυν
2616 4909 2750 4978 ἡμῖν
2787 4907 2907 4975 εικῆ
2942 4904 3309 4975 βατταρίζεις,
3353 4901 3621 4973 φοροῦντα
3649 4901 3744 4955 καὶ
3780 4903 3982 4973 φορού.

2411 5017 2593 5069 μενον,
2624 4998 3007 5069 κεκρυμμένον
3044 4997 3137 5050 καὶ
3179 4995 3504 5064 φαινόμενον
3537 4992 3841 5063 ὀνομάζων,
3887 4994 3985 5046 καὶ

2407 5091 2482 5152 ὡς
2515 5090 2699 5160 ἕτερον
2730 5090 2900 5160 ἑτέρῳ
2945 5088 3386 5157 συμπροσκυνεῖν
3427 5083 3722 5154 ὁμολογῶν,
3769 5084 3862 5136 καὶ
3891 5084 3982 5135 τόν

2409 5181 2509 5249 τῆς
2563 5181 2807 5244 ένώσεως
2857 5179 3140 5250 ἀτιμάζων
3196 5178 3430 5250 τρόπον;
3487 5175 3584 5228 ἕνα
3619 5175 3856 5244 Χριστὸν
3895 5176 3987 5227 καὶ

2413 5271 2617 5341 Κύριον
2647 5270 3054 5339 άποφαινούσης
3080 5269 3209 5339 ἡμῖν
3237 5267 3333 5338 τῆς
3357 5265 3714 5318 θεοπνεύστου
3740 5265 3985 5334 Γραφῆς.

2411 5360 2501 5411 τὸν
2536 5360 2598 5411 ὲκ
2626 5359 2763 5411 Θεοῦ
2795 5356 3008 5426 Πατρός
3037 5356 3207 5424 Λόγον
3244 5356 3383 5424 μετὰ
3411 5351 3506 5406 τοῦ
3537 5353 3669 5406 ἰδίου
3699 5353 3984 5422 σῶματοςς

2016 5669 2176 5724 ΛΝΤ.
2216 5665 2484 5721 AGELLII
2526 5663 2731 5720 NOT/E
2744 5705 2755 5716 .

818 5844 933 5916 (l5)
965 5841 1266 5912 Legentlutn
1299 5841 1390 5893 καὶ
1433 5840 1466 5907 ἡ
1501 5837 1618 5906 μέν.
1658 5835 1747 5890 Sic
1781 5832 1914 5888 dixit
1955 5845 2073 5901 pag.
2113 5829 2202 5900 48,
2232 5849 2260 5882 κ

2370 5827 2386 5896 ιι
2421 5825 2518 5895 μὲν
2547 5821 2653 5874 τῶν
2687 5821 2969 5888 δογμάτιιιν
2999 5815 3134 5887 ὀρθή
3173 5829 3250 5865 τε.
