4104 6508
190 464 269 514 105

191 575 244 625 Ἦ
266 574 354 624 οὐκ
383 569 528 626 οἶσθα
555 576 638 626 ὅτι
689 576 1054 644 τεθεράπευκε
1096 576 1192 644 μὲν
1233 578 1290 627 ὲν
1325 576 1710 646 Ἱεροσολύμοις
1744 581 1783 638 Α

187 667 258 716 τὸν
287 667 342 716 ὲκ
385 666 602 735 γενετῆς
649 667 874 735 τυφλὸν,
907 662 1021 719 εἶτα
1063 667 1251 719 τοῦτον
1304 667 1477 737 εὑρὼν
1537 670 1592 719 ὲν
1637 667 1714 737 τῷ

189 755 313 825 ἱερῷ,
345 755 559 824 βεϐαίαν
597 758 752 826 αὐτῷ
795 757 886 810 καὶ
930 758 1215 828 ἱδρυμένην
1241 757 1457 826 ὲνετίθη
1481 759 1580 827 τὴν
1623 760 1714 810 πί-

190 862 312 911 στιν;
345 847 504 916 ἤρετο
539 847 649 915 γὰρ
681 846 1015 918 προσελθὼν,
1053 866 1071 899 r
1101 848 1171 902 Σὺ
1205 847 1480 911 πιστεύεις
1507 851 1586 910 είς
1625 849 1715 901 τὸν

195 936 292 987 rev
321 937 407 988 τοῦ
430 936 564 989 Θεοῦ
591 954 605 1003 ;
647 940 744 990 καὶ
773 938 906 1007 πρός
925 955 983 1004 γε
1017 939 1174 991 ταυτλ⁸
1213 940 1544 1010 κεκραγότος
1576 939 1717 991 ὲκεί-

187 1045 259 1080 νου
279 1045 290 1057 ·
319 1027 407 1090 Τίς
427 1029 564 1092 ἐστι,
587 1028 782 1098 Κύριε,
814 1029 902 1081 ἵνα
929 1027 1204 1081 πιστεύσω
1236 1029 1316 1091 είς
1350 1028 1542 1093 αὑτόν;
1574 1047 1591 1078 ι
1613 1027 1715 1096 ἔφη

191 1118 323 1170 πάλιν
353 1118 542 1181 αὐτός’
590 1137 609 1168 ι
649 1120 760 1172 Καὶ
810 1119 1060 1189 ἑώρακας
1114 1117 1296 1182 αὑτὸν,
1329 1117 1424 1170 καὶ
1468 1119 1496 1170 ό
1543 1116 1717 1170 λαλῶν

189 1207 302 1275 μετὰ
329 1205 436 1269 σοῦ,
473 1207 681 1270 ἐκεῖνός
719 1209 888 1262 ἐστιν.
917 1226 935 1258 ι
972 1207 1135 1278 Ὁρᾷς
1181 1207 1348 1269 ὅπως,
1389 1207 1448 1257 οὐ
1491 1205 1579 1258 τὸν
1624 1221 1718 1273 φο-

189 1295 354 1363 ροῦντα
389 1295 648 1365 δέδειχεν,
678 1297 737 1350 οὐ
775 1298 865 1350 τὸν
904 1297 1014 1361 εσω
1059 1295 1460 1366 κεκρυμμένον,
1501 1294 1614 1346 ἀλλ’
1643 1293 1716 1357 ὡς

185 1385 263 1439 ενα
290 1386 470 1456 μᾶλλον
500 1388 692 1440 ἑαυτὸν
713 1387 860 1457 μετὰ
883 1389 980 1457 τῆς
1014 1387 1213 1458 σαρκός
1235 1403 1248 1417 ·
1283 1387 1378 1440 καὶ
1415 1384 1545 1453 γοῦν
1577 1386 1605 1438 6
1631 1401 1720 1437 σο-

185 1477 265 1541 φὺς
293 1478 550 1547 Ἰωάννης,
571 1498 588 1529 ι
607 1481 674 1530 Ὃ
697 1473 762 1550 ἦν
793 1480 883 1532 ἀπ’
903 1479 1098 1552 ἀρχῆς,
1131 1477 1312 1548 φησὶν,
1330 1477 1359 1530 ὃ
1380 1476 1716 1546 ἀκηκόαμεν,

184 1569 532 1639 ὅὲωράκαμεν
566 1573 683 1634 τοῖς
722 1571 1018 1641 ὀφθαλμοῖς
1072 1571 1251 1641 ἡμῶν,
1291 1571 1319 1624 ὃ
1351 1567 1717 1639 ἐθεασάμεθα,

184 1660 262 1712 καὶ
287 1661 336 1711 ai
361 1663 533 1729 χεῖρες
562 1659 724 1731 ἡμῶν
755 1660 1112 1730 ἐψηλάφησαν
1148 1659 1274 1730 περὶ
1297 1659 1389 1712 τοῦ
1416 1657 1589 1726 Λόγου
1616 1657 1718 1725 τῆς

185 1750 325 1823 ζῳῆς.
353 1769 369 1800 ι
407 1753 598 1806 Καίτοι
633 1753 695 1806 τὸ
727 1753 876 1806 Θείόν
907 1756 1054 1808 ἐστιν
1091 1753 1314 1821 ἀναφὲς,
1341 1750 1476 1804 ἀλλὰ
1497 1749 1717 1816 γέγονεν

184 1842 326 1906 ἁπτὸς
352 1845 376 1894 6
401 1843 594 1910 Λόγος,
630 1843 709 1905 ὡς
753 1844 842 1896 διά
885 1845 984 1914 τῆς
1032 1844 1168 1906 ίδίας
1214 1841 1446 1913 σαρκόςο
1489 1842 1718 1911 ἀόρατος

183 1935 306 1986 κατὰ
332 1933 506 2002 φύσιν,
542 1933 659 1986 ἀλλ’
687 1931 755 2004 ἦν
784 1911 1030 2006 ἐμφανὴς
1057 1935 1145 1988 διὰ
1170 1911 1438 2005 σώματος.
1468 1935 1540 1988 Σὺ
1565 1933 1621 1987 δὲ
1656 1933 1719 2003 δὴ
1753 1911 1794 1970 Β

184 2031 319 2082 πάλιν
344 2028 544 2098 διῖστᾷς
567 2025 896 2096 όλοτρόπως,
925 2027 1018 2080 καὶ
1044 2023 1382 2098 κατασοφίζῃ
1410 2025 1472 2077 τὸ
1507 2024 1725 2094 ἀληθὲς,

182 2124 263 2184 τὰς
288 2122 378 2189 μὲν
406 2120 600 2188 φύσεις
625 2118 892 2189 χωρίζων,
917 2117 1052 2171 ἑνῶν
1079 2117 1156 2178 δὲ,
1181 2117 1255 2178 ὡς
1285 2116 1408 2186 φὴς,
1440 2113 1536 2184 τὴν
1561 2128 1730 2184 προσ-

183 2210 399 2282 κύνησιν.
445 2213 585 2265 Ἀλλ’
629 2214 677 2263 εἰ
719 2210 972 2279 χωρίζεις
1009 2206 1108 2268 τὰς
1136 2206 1354 2273 φύσεις,
1396 2218 1727 2270 συναποφοι-

184 2305 370 2372 τήσειεν
405 2304 468 2356 ἂν
511 2304 704 2363 αὑταῖς
748 2300 841 2352 καὶ
883 2298 951 2350 τὰ
1003 2295 1266 2366 ἑκατέρας
1301 2294 1408 2347 ἴδια
1442 2292 1717 2361 φυσικῶς·

183 2395 337 2448 ἐλάσει
355 2395 409 2448 δὲ
445 2391 694 2463 διαμπὰξ
724 2389 821 2458 τῆς
845 2387 1105 2458 διαφορᾶς
1137 2388 1164 2437 ό
1200 2385 1354 2452 λόγος
1375 2401 1389 2416 ο
1417 2383 1509 2436 δύο
1537 2382 1600 2452 δὴ
1631 2378 1724 2436 οὖν

183 2486 624 2554 ὁμολογουμένως.
649 2481 794 2551 Πλὴν
828 2477 1071 2549 ἐρομένῳ
1099 2477 1330 2546 φράσονο
1354 2474 1493 2526 Τίτὸ
1522 2474 1730 2526 διῖστὰν

185 2576 403 2646 ἀλλήλων
432 2575 530 2636 τὰς
562 2573 776 2640 φύσεις,
817 2573 910 2623 καὶ
938 2569 1038 2638 τῆς
1065 2567 1330 2636 διαφορᾶς
1359 2564 1444 2626 τίς
1481 2562 1548 2616 ἂν
1589 2561 1675 2631 εἴη
1703 2564 1732 2614 6

184 2667 387 2734 τρόπος;
420 2665 558 2719 Ἀλλ’
586 2667 734 2734 ὲρείς
767 2680 871 2714 που
892 2662 1126 2725 πάντως,
1148 2658 1225 2722 ὡς
1253 2657 1437 2727 ἕτερον
1462 2655 1559 2724 μὲν
1591 2653 1734 2708 κατὰ

187 2755 325 2824 φύσιν
370 2757 686 2828 ἄνθρωπος,
741 2753 908 2823 ἡγουν
960 2747 1348 2818 άνθρωπότης·
1409 2745 1593 2813 ἓτερον
1650 2741 1730 2804 δὲ,

185 2847 314 2911 Θεὸς,
348 2849 466 2917 ἢτοι
496 2847 724 2915 θεότηςο
755 2843 850 2896 καὶ
888 2842 922 2910 ἡ
957 2840 1076 2910 μὲν,
1117 2836 1462 2907 ἀσυγκρίτως
1496 2833 1729 2904 θατέροις

189 2937 556 3008 ὑπερηρμένη·
610 2937 778 3005 μείων
810 2951 874 3003 γε
914 2931 1018 3002 μὴν
1064 2928 1244 2998 εκείνη
1298 2925 1568 2988 τοσοῦτον,
1610 2924 1734 2976 ὅσον

188 3029 442 3099 ἄνθρωπος
471 3027 632 3081 Θεοῦ.
655 3025 781 3089 Πῶς
809 3022 922 3086 οὖν,
951 3021 1072 3075 εἰπέ
1097 3037 1210 3090 μοι,
1242 3017 1341 3088 μιᾷ
1369 3013 1733 3087 προσκυνήσει

187 3122 329 3190 τιμᾷν
360 3120 528 3182 ἀξιοῖς
559 3118 631 3170 τὰ
656 3115 829 3177 οὓτως
858 3114 1106 3182 ἀλλήλοις
1140 3107 1425 3177 ἁνισοφυῆ,
1461 3106 1555 3160 καὶ
1591 3103 1732 3159 κατὰ

186 3209 262 3261 τὸν
289 3209 376 3261 τοῦ
411 3207 530 3271 πῶς
560 3204 702 3260 εἶναι
746 3203 925 3270 λόγον,
965 3199 1317 3299 ἁσυγκρίτοις
1355 3198 1632 3299 διαφοραῖ
1658 3193 1735 3298 6f-
1760 3241 1802 3299 Ο

188 3301 540 3371 εσχοινισμὲνα
565 3318 580 3365 ;
606 3295 757 3368 Ἀρα
785 3297 894 3366 γὰρ
926 3294 1079 3361 ἵππῳ
1117 3287 1360 3359 περιθεὶς
1391 3287 1491 3355 τὴν
1524 3283 1734 3353 ἀνθρώ-

189 3399 275 3444 που
306 3391 476 3458 δόξαν,
503 3389 719 3461 ιργάσῃ
751 3404 802 3439 τι
855 3385 963 3438 τῶν
997 3379 1434 3450 ὲπαινουμένων;
1472 3377 1504 3447 ἢ
1535 3374 1734 3444 μᾶλλον

188 3481 427 3550 ιξυόριεῖς
455 3482 520 3533 τὸ
552 3477 908 3548 ὑπερτεροῦν,
934 3472 1258 3541 κατασύρων
1285 3469 1366 3531 είς
1390 3466 1451 3519 τὸ
1481 3463 1736 3526 δυσκλεὲς

187 3569 270 3637 τὴν
292 3570 492 3640 ἀμείνω
514 3569 713 3637 φύσιν;
749 3566 883 3618 Ἀλλ’
915 3562 1211 3632 ὲξηύρηταί
1236 3577 1288 3614 τι
1314 3558 1475 3628 σοφὸν
1502 3559 1582 3618 εἰς
1603 3558 1736 3610 ἀπο-

189 3658 349 3726 λογίαν
373 3659 541 3728 αὐτῷ.
578 3658 928 3728 Προσεπάγει
961 3653 1070 3721 γάρ
1092 3670 1104 3682 ·

242 3831 356 3902 Ῑυὺ
386 3831 508 3886 καθ’
552 3828 715 3883 ἑαυτὸ
745 3827 873 3889 Θεὸς
899 3825 962 3878 τὸ
996 3822 1234 3877 πλασθὲν
1271 3821 1365 3873 ἐπὶ
1398 3820 1608 3890 μήτρας
1627 3835 1640 3846 ο
1676 3817 1734 3870 οὐ

193 3921 298 3973 καθ’
330 3921 488 3973 ἑαυτὸ
536 3919 671 3981 Θεὸς
703 3918 764 3970 τὸ
803 3915 1039 3968 πλασθὲν
1074 3915 1137 3965 ὲκ
1170 3911 1264 3964 τοῦ
1303 3909 1643 3978 11νεύματος’
1678 3907 1737 3958 οὐ

192 4010 296 4062 καθ’
321 4010 478 4063 ἑαυτὸ
507 4008 642 4071 Θεὸς
681 4007 744 4059 τὸ
777 4006 945 4072 ταφὲν
984 4005 1076 4054 επὶ
1116 4002 1423 4072 μνήματος⁹
1465 3996 1606 4050 οὓτω
1633 3996 1740 4066 γὰρ

194 4099 250 4152 ἂν
281 4095 414 4171 ἦμεν
462 4098 940 4170 ἀνθρωπολάτραι,
990 4095 1085 4148 καὶ
1116 4092 1472 4163 νεκρολάτραι
1529 4091 1738 4157 σαφεῖς.

201 4192 322 4244 Ἀλλ’
347 4191 648 4259 ἐπειδήπερ
678 4190 736 4240 ὲν
766 4186 843 4255 τῷ
872 4183 1130 4254 ληφθέντι
1168 4182 1319 4244 Θεὸς,
1342 4182 1407 4234 ὲκ
1424 4179 1516 4232 τοῦ
1549 4178 1742 4232 λαϐόν-

194 4295 269 4342 τος
296 4282 321 4331 ὸ
347 4281 597 4351 ληφθεὶς,
631 4279 707 4341 ὼς
733 4277 810 4346 τῷ
837 4276 1056 4330 λαϐόντι
1090 4272 1380 4340 συναφθεὶς
1423 4287 1744 4340 συγχρημα-

191 4371 310 4435 τίζει
337 4366 518 4444 Θεό;.]

766 4503 1012 4555 ΚΕΦΛΛ.
1057 4499 1124 4552 ῐΒ
1145 4538 1157 4550 .

1780 4562 1825 4616 ῐ)

265 4639 384 4692 Ἰδοὺ
423 4639 492 4708 δὴ
537 4636 700 4692 πάλιν
742 4638 874 4705 ἡμῖν
906 4638 934 4688 6
975 4635 1073 4706 τὴν
1121 4639 1415 4702 συνάφειαν
1468 4633 1745 4702 ὀνομάζων

193 4731 475 4801 πανταχοῦ,
512 4731 608 4784 καὶ
642 4731 708 4781 τὰ
744 4729 842 4797 τῆς
886 4725 1396 4798 ἀνθρωπολατρείας
1425 4727 1746 4796 ἐγκλήματα

194 4819 383 4885 δεδιὼς,
427 4820 548 4890 ἥλω
581 4815 819 4886 γεγονὼς
852 4814 1310 4886 ἀνθρωπολάτρης
1331 4829 1343 4842 ·
1388 4816 1481 4866 καὶ
1508 4817 1618 4876 τοῖς
1650 4814 1748 4882 τῆς

197 4911 372 4964 ἑαυτοῦ
400 4909 728 4970 δυσϐουλίας
772 4907 1049 4977 ἐνίσχηται
1081 4906 1324 4978 βρόχοις,
1369 4907 1461 4958 καὶ
1491 4922 1748 4972 καταφω-

199 5004 341 5070 ρᾶται
368 5003 556 5055 πεσὼν
587 5003 664 5063 εἰς
691 5000 942 5069 ἀδόκιμον
970 4998 1113 5052 νοῦν.
1151 5000 1223 5052 Τὸ
1251 4998 1359 5068 γάρ
1390 5014 1472 5050 σοι
1505 4996 1634 5070 [τοι]
1669 5015 1753 5050 τε-

199 5092 309 5162 χθὲν
330 5096 392 5145 ἐκ
418 5092 740 5162 μήτρας,οὑ
778 5089 1264 5159 καθ²ἑαυτὸ,φησὶ,
1299 5089 1449 5152 Θεός.
1494 5089 1579 5150 Ὠς
1615 5089 1753 5156 ἄγα-

201 5185 286 5250 μαί
321 5200 382 5237 σε
411 5184 514 5253 τῆς
549 5181 852 5250 ἀγχινοίας,
878 5181 970 5235 καὶ
1001 5182 1196 5252 φρενὸς
1220 5180 1317 5248 τῆς
1346 5178 1486 5231 οὕτω
1516 5178 1720 5247 λεπτῆς
1739 5194 1752 5208 ·

199 5275 271 5336 τίς
324 5275 433 5343 γὰρ
476 5273 615 5334 ὅλως
659 5273 689 5325 6
748 5271 904 5324 τοῦτο
956 5272 1122 5339 φάναι
1177 5268 1564 5340 τεθαρσηκώς;
1609 5270 1757 5341 ἢτίς

199 5364 480 5434 ἠγνόηκεν,
508 5362 592 5417 ὅτι
622 5362 684 5415 τὸ
721 5363 1115 5432 γεγεννημένον
1144 5363 1210 5415 ἐκ
1245 5361 1342 5431 τῆς
1371 5362 1593 5431 σαρκὸς,
1626 5361 1761 5429 σάρξ

202 5456 371 5519 εστι-κ
411 5453 553 5507 Ἀλλ’
586 5449 653 5522 ἦν
682 5453 785 5506 ίδία
814 5452 906 5506 τοῦ
931 5454 1135 5522 Λόγουο
1168 5453 1262 5506 καὶ
1297 5448 1378 5516 εἷς
1405 5456 1605 5506 νοεῖται
1644 5455 1760 5521 μετ’

203 5544 382 5615 αὐτῆς,
413 5544 667 5616 καθάπερ
700 5545 891 5614 ἀμέλει
927 5543 1236 5612 φθάσαντες
1295 5544 1538 5614 εἴπομεν,
1587 5545 1679 5596 καὶ
1727 5545 1759 5613 ἡ

204 5633 288 5686 τοῦ
315 5635 603 5705 ἀνθρώπου
622 5635 767 5705 ψυχὴ
797 5635 931 5705 μετὰ
960 5634 1053 5687 τοῦ
1080 5635 1208 5687 ίδίου
1238 5633 1506 5704 σώματος.
1523 5631 1649 5706 Ἆρ’
1668 5629 1762 5688 οὖν

269 5815 498 5890 ⁸⁸1⁸0³11.
552 5831 625 5876 ιι.
670 5813 862 5869 35-59.
941 5814 984 5846 ⁸⁸
1013 5812 1216 5869 iJoan.
1249 5830 1286 5880 ι,
1327 5815 1375 5870 Ι.

557 5907 828 5968 Pyram“
863 5907 978 5967 Gn.
1015 5907 1266 5967 LXXVI.

1243 459 1606 514 ADVERSLS
1647 458 2042 514 Ni-ISTOliIUM
2083 458 2212 512 LIB.
2259 459 2318 512 Il.

3278 456 3378 512 106

1820 592 1905 632 ras
1937 587 1994 630 ut
2026 577 2098 630 illi
2137 592 2164 629 a
2199 577 2478 631 nativitate
2522 590 2663 632 caaco
2697 575 3076 646 Hierosolymis
3118 589 3147 630 ιι
3193 589 3249 628 se
3282 589 3378 628 cu-

1818 676 1972 729 rato,
2025 681 2143 721 eum
2205 677 2386 735 postea
2451 668 2621 733 ipsum
2690 669 2980 722 invenisset
3039 667 3090 720 in
3141 665 3377 733 templo,

1817 757 2024 809 ilrmam
2052 766 2104 810 et
2138 757 2382 810 stabilem
2434 757 2685 811 indiderit
2730 758 2886 810 fidem
2917 757 2940 809 ἲ
2971 771 3090 809 nam
3118 755 3380 809 accedens

1815 847 2023 915 rogavit
2057 865 2070 899 :
2104 863 2122 896 ι
2153 845 2228 899 Tu
2263 847 2438 902 credis
2463 847 2514 901 in
2548 847 2738 901 Filium
2765 847 2856 901 Dei
2879 847 2978 900 ?ad
3009 848 3118 901 hzec
3145 845 3238 899 illo
3264 846 3380 899 cla-

1817 946 1997 990 mante
2032 938 2201 1002 :Quis
2250 946 2352 1002 est,
2391 939 2646 1003 Domine,
2685 948 2742 993 ut
2783 941 2998 993 credam
3049 940 3100 992 in
3144 952 3263 991 eum
3294 936 3317 989 ?
3352 956 3371 988 ι

1818 1028 1951 1083 dixit
1983 1030 2094 1096 ipse
2129 1044 2312 1083 rursus
2346 1049 2357 1083 :
2399 1048 2416 1080 ι
2452 1031 2510 1084 Et
2539 1031 2713 1084 vidisti
2746 1046 2866 1084 eum
2890 1070 2904 1094 ,
2941 1041 2994 1083 et
3027 1029 3115 1099 qui
3147 1029 3381 1097 loquitur

1817 1124 1992 1170 tecum
2022 1118 2132 1186 ipse
2170 1127 2252 1172 est
2280 1119 2347 1171 ⁸⁸.
2399 1137 2416 1168 ι
2458 1117 2615 1172 Vides
2635 1120 2900 1187 quomodo
2933 1133 3034 1172 non
3066 1129 3381 1187 gestantem,

1818 1221 1922 1260 non
1978 1207 2120 1262 intus
2149 1208 2396 1262 latentem
2419 1250 2433 1273 ,
2464 1209 2555 1263 sed
2605 1223 2723 1263 sese
2775 1225 2892 1261 cum
2937 1223 3098 1262 carne
3129 1220 3379 1275 tanquam

1820 1314 1984 1351 unum
2019 1301 2367 1354 ostenderit?
2398 1300 2556 1355 Certe
2603 1302 2787 1355 beatus
2839 1299 3114 1354 Joannes:
3167 1320 3184 1352 ι
3228 1300 3378 1366 Quod

1822 1387 1921 1442 fuit
1947 1389 2014 1443 ab
2044 1389 2214 1456 initio,
2252 1391 2444 1459 inquit,
2476 1390 2614 1459 quod
2641 1392 2957 1453 audivimus,
2989 1390 3130 1460 quod
3153 1391 3382 1444 vidimus

1818 1480 1987 1534 oculis
2019 1480 2219 1534 nostris
2242 1519 2257 1544 ,
2280 1484 2419 1549 quod
2446 1482 2816 1550 perSpeximus
2835 1518 2849 1542 ,
2872 1489 2925 1535 et
2963 1497 3149 1534 manus
3186 1489 3379 1535 nostrae

1820 1581 2288 1626 eontrectaverunt
2311 1573 2375 1626 de
2394 1571 2568 1626 Verbo
2589 1572 2709 1624 vitae
2727 1571 2791 1623 ⁸⁸.
2824 1591 2842 1623 ο
2863 1573 3018 1639 Atqui
3039 1571 3287 1624 divinitas
3304 1579 3385 1626 est

1821 1661 2180 1715 intractabilis
2201 1705 2214 1726 ,
2241 1663 2330 1715 sed
2359 1661 2584 1716 Verbum
2608 1676 2716 1716 suae
2742 1661 2920 1716 carnis
2955 1649 3158 1714 ratione
3184 1670 3384 1715 tracta-

1821 1749 1924 1804 bile
1946 1749 2142 1804 factum
2168 1764 2281 1806 est:
2312 1752 2574 1806 invisibile
2597 1753 2808 1821 quidem
2833 1761 2947 1806 erat
2971 1753 3258 1807 secundum
3289 1767 3387 1805 na-

1824 1848 1996 1892 turam
2021 1881 2034 1905 ,
2065 1842 2157 1894 sed
2181 1842 2472 1910 spectabile
2497 1858 2590 1911 per
2622 1857 2835 1912 corpus.
2870 1843 2936 1895 At
2964 1857 3089 1896 vero
3115 1852 3167 1895 tu
3201 1850 3385 1895 contra

1830 1932 2112 2002 distinguis
2164 1935 2494 1995 omnino,et
2548 1935 2828 1987 veritatem
2882 1933 2990 1987 tuis
3048 1933 3388 2002 sophismatis

1829 2022 2024 2082 cludis.
2060 2034 2117 2076 ut
2146 2039 2399 2078 secernas
2431 2035 2646 2078 naturas
2670 2067 2683 2088 ,
2720 2035 2772 2079 et
2800 2026 2976 2090 unias,
3005 2033 3061 2077 ut
3084 2024 3197 2091 ipse
3241 2038 3388 2076 asse—

1832 2117 1927 2182 ris,
1955 2118 2342 2172 adorationem.
2376 2117 2479 2173 Sed
2504 2120 2549 2174 si
2579 2119 2772 2172 dividis
2803 2127 3050 2181 naturas,
3077 2117 3235 2170 simul
3262 2131 3380 2169 cum

1834 2207 1937 2261 illis
1989 2208 2266 2262 discedent
2308 2209 2466 2263 etiam
2503 2223 2619 2276 quze
2661 2209 2873 2275 utrique
2903 2217 3026 2260 sunt
3074 2207 3391 2260 naturaliter

1832 2299 2045 2366 propria
2076 2316 2089 2361 ;
2131 2299 2340 2353 recedet
2367 2300 2526 2353 etiam
2556 2300 2609 2352 in
2635 2297 2940 2352 universum
2975 2296 3110 2350 ratio
3139 2295 3388 2350 differen-

1834 2387 1961 2440 tiae:
1999 2387 2104 2440 duo
2157 2398 2313 2441 erunt
2368 2389 2530 2451 igitur
2580 2387 2765 2457 procul
2816 2388 2995 2442 dubio.
3052 2385 3158 2442 Sed
3214 2399 3390 2443 tamen

1831 2477 2038 2544 explica
2079 2478 2238 2540 mihi,
2283 2492 2483 2546 quaeso,
2535 2478 2661 2546 quid
2712 2479 2840 2532 illud
2872 2479 2943 2532 sit
2984 2479 3122 2546 quod
3171 2489 3392 2532 naturas

1831 2564 1972 2618 inter
1999 2579 2057 2619 se
2094 2565 2292 2630 divisit,
2336 2567 2454 2634 quis
2495 2567 2622 2621 item
2658 2565 2973 2622 diﬂ‘erentiae
3022 2569 3231 2622 modus.
3285 2565 3390 2621 Sed

1831 2654 1977 2710 dices
2000 2657 2241 2718 omnino,
2273 2658 2416 2711 aliud
2454 2672 2574 2713 esse
2604 2673 2668 2711 ex
2713 2657 2824 2726 ipsa
2865 2666 3053 2712 natura
3096 2658 3389 2723 hominem,

1832 2759 1926 2798 seu
1967 2745 2385 2810 humanitatem,
2427 2749 2568 2802 aliud
2610 2747 2810 2813 Deum,
2854 2750 2967 2803 sive
3010 2749 3390 2813 divinitatem;

1832 2831 1940 2902 58
1977 2843 2030 2888 et
2071 2835 2206 2890 hanc
2268 2837 2482 2905 quidem
2530 2852 2651 2891 esse
2689 2838 2852 2892 altera
2909 2838 3395 2907 incomparabiliter

1833 2924 2159 2990 superiorem
2184 2963 2197 2988 ,
2227 2925 2368 2978 illam
2425 2941 2612 2979 rursus
2669 2935 2818 2980 tanto
2862 2928 3159 2990 minorem,
3198 2939 3397 2996 quanto

1832 3012 1902 3065 sit
1941 3013 2099 3065 homo
2129 3013 2234 3067 Deo
2287 3014 2525 3068 inferior.
2577 3014 2856 3080 Quomodo
2892 3015 3080 3084 igitur,
3114 3017 3201 3070 dic
3243 3017 3394 3081 mihi,

1835 3118 1936 3158 una
1963 3105 2275 3159 adoratione
2304 3116 2461 3174 putas
2488 3105 2818 3170 honoranda,
2856 3119 2972 3173 qua:
3011 3106 3150 3159 inter
3175 3120 3233 3160 se
3263 3107 3397 3160 adeo

1837 3204 1962 3249 sunt
2019 3196 2264 3264 inaequali
2307 3208 2527 3258 natura,
2581 3207 2634 3250 et
2684 3198 2931 3253 essentia:
3002 3196 3209 3251 ratione
3267 3195 3399 3252 adeo

1837 3287 2063 3340 diversis
2085 3285 2397 3341 diﬁcrentiis
2432 3287 2680 3355 ahjuncta
2707 3288 2731 3341 ?
2763 3289 2840 3341 An
2867 3303 2990 3342 vero
3013 3289 3056 3343 si
3083 3297 3400 3342 ornamenta

1837 3377 2070 3430 hominis
2107 3391 2244 3445 equo
2277 3378 2671 3447 circumponas,
2707 3379 3000 3448 quidquam
3038 3377 3234 3433 eﬂieies
3254 3380 3398 3447 quod

1837 3467 1908 3521 illi
1943 3467 2157 3522 laudem
2195 3466 2431 3522 aﬂ'erat?
2472 3484 2538 3522 an
2571 3470 2746 3538 potius
2776 3469 2902 3522 illud
2941 3467 3290 3524 excellentius
3315 3467 3400 3522 af-

1838 3558 1986 3612 iicies
2017 3558 2208 3624 injuria
2229 3600 2244 3623 ,
2266 3574 2389 3614 cum
2423 3560 2844 3628 praestantiorem
2878 3569 3123 3613 naturam
3172 3560 3223 3613 in
3250 3559 3403 3630 igno-

1839 3647 2058 3700 miniam
2098 3648 2349 3701 detrahas
2379 3649 2526 3702 ?Sed
2552 3659 2765 3702 acutum
2790 3649 3043 3717 quiddam
3072 3650 3136 3702 ad
3180 3663 3404 3718 respon-

1839 3739 2070 3794 dendum
2097 3739 2300 3792 invenit
2329 3756 2344 3804 ;
2380 3739 2526 3792 addit
2559 3740 2700 3810 enim
2728 3755 2740 3790 :

1913 3825 2173 3896 [Νεετοιι.
2216 3826 2331 3880 Νοη
2359 3837 2438 3882 est
2485 3843 2580 3898 per
2630 3843 2689 3883 se
2723 3827 2862 3882 Deus
2885 3826 3025 3898 quod
3059 3835 3143 3882 est
3171 3828 3222 3881 in
3256 3835 3410 3884 utero

1843 3914 2130 3969 formatum
2173 3934 2187 3979 ;
2227 3932 2329 3971 non
2354 3927 2434 3972 est
2457 3933 2551 3986 per
2588 3933 2647 3972 se
2680 3919 2818 3972 Deus
2847 3921 2985 3986 quod
3014 3927 3095 3973 est
3119 3917 3404 3973 formatum

1843 4022 1872 4060 ο
1900 4008 2101 4076 Spiritu
2136 4026 2150 4061 :
2183 4023 2286 4060 non
2317 4017 2399 4063 est
2442 4024 2536 4077 per
2573 4025 2631 4063 se
2671 4009 2810 4064 Deus
2852 4010 2994 4080 quod
3025 4011 3288 4076 sepultum
3327 4020 3412 4064 est

1845 4097 1896 4152 in
1946 4109 2324 4163 monumento,
2390 4099 2586 4167 alioqui
2639 4115 2880 4156 essemus
2938 4100 3305 4165 hominicola,
3358 4115 3414 4156 et

1846 4186 2224 4240 cadavericola:
2272 4187 2567 4242 manifesti.
2617 4189 2721 4242 Sed
2758 4189 2882 4257 quia
2917 4198 2996 4242 est
3042 4189 3095 4243 in
3139 4198 3414 4257 assumpto

1848 4275 2025 4342 Deus,
2063 4293 2125 4331 ex
2153 4288 2463 4332 assumente
2511 4279 2601 4348 qui
2643 4288 2723 4332 est
2779 4288 3115 4347 assumptus,
3161 4288 3412 4347 tanquam

1847 4366 2143 4420 assumenti
2167 4365 2506 4434 coniunctus,
2539 4367 2696 4422 simul
2718 4368 3015 4436 appellatur
3053 4368 3212 4422 Deus.
3241 4366 3260 4438 ]

2482 4498 2630 4554 CAP.
2660 4495 2772 4552 XII.

1927 4636 2060 4690 Ecce
2088 4634 2198 4702 jam
2224 4651 2432 4690 rursum
2464 4635 2618 4690 nobis
2644 4636 2731 4704 qui
2755 4635 3182 4704 conjunctionem
3218 4634 3415 4704 ubique

1852 4725 2121 4790 nominat,
2171 4735 2224 4779 et
2282 4726 2512 4780 hominis
2565 4725 2769 4779 colendi
2821 4725 3022 4778 crimen
3079 4725 3414 4787 reformidat,

1855 4815 2170 4870 hominieoia
2204 4830 2322 4871 esse
2345 4817 2702 4881 convincitur,
2741 4829 2956 4885 suaeque
3001 4816 3177 4885 impiae
3209 4817 3415 4885 cogita-

1855 4907 2015 4960 tionis
2069 4907 2273 4974 laqueis
2329 4908 2630 4975 implicatus
2661 4916 2910 4970 tenetur,
2947 4916 2998 4960 et
3024 4907 3074 4958 in
3115 4906 3414 4976 improbum

1856 5013 2070 5054 sensum
2098 4999 2273 5066 lapsus
2295 4999 2707 5065 deprehenditur
2737 5013 2750 5048 :
2787 5013 2905 5050 nam
2935 4996 2985 5049 id
3007 4997 3146 5066 quod
3173 5012 3238 5050 ex
3266 5008 3417 5050 utero

1861 5099 1944 5142 est
1967 5089 2203 5151 editum,
2234 5090 2440 5156 inquit,
2485 5104 2587 5141 non
2636 5102 2728 5156 per
2758 5102 2817 5142 se
2849 5087 2986 5141 Deus
3011 5096 3110 5141 est.
3173 5088 3421 5142 Admiror

1863 5180 2108 5247 equidem
2140 5189 2282 5231 tuam
2315 5179 2453 5234 hanc
2476 5179 2769 5241 solertiam,
2801 5189 2854 5232 et
2885 5179 3079 5232 subtile
3108 5179 3240 5231 adeo
3270 5180 3420 5249 inge.

1865 5272 2031 5325 nium.
2073 5269 2204 5335 Quis
2258 5272 2400 5324 enim
2442 5285 2658 5338 prorsus
2714 5271 2816 5324 hoc
2855 5271 3035 5324 dicere
3081 5279 3161 5322 est
3214 5271 3423 5324 ausus?

1863 5371 1956 5412 aut
2010 5360 2132 5429 quis
2193 5361 2453 5427 ignoravit
2525 5374 2756 5426 unquam
2805 5361 2945 5427 quod
3000 5369 3180 5413 natum
3233 5368 3313 5412 est
3358 5374 3424 5412 ex

1863 5466 2044 5514 carne,
2078 5467 2292 5507 carnem
2321 5467 2439 5505 esse
2469 5452 2490 5503 ?
2518 5451 2621 5506 Sed
2655 5462 2828 5504 tamen
2861 5460 2975 5504 erat
3006 5451 3214 5520 propria
3241 5447 3421 5511 Verbi,

1864 5554 1918 5599 et
1950 5559 2086 5598 unus
2110 5559 2226 5598 cum
2259 5544 2344 5598 illa
2376 5543 2711 5610 intelligitur,
2733 5551 2790 5594 ut
2815 5543 2996 5610 procul
3028 5544 3208 5608 dubio,
3233 5556 3419 5612 quem-

1867 5635 2153 5691 admodum
2201 5641 2444 5707 superius
2492 5637 2746 5703 diximus,
2777 5637 2935 5692 etiam
2979 5635 3212 5691 hominis
3247 5635 3421 5688 anima

3044 5899 3076 5952 4
