4112 6480
741 433 842 487 107

1734 426 1790 481 S.
1832 421 2100 480 CYRILLI
2138 417 2599 474 ALI'ZXANDRINI
2645 417 2962 472 ARClllEl’.

3889 410 3991 464 108

739 561 859 599 cum
884 559 981 600 suo
1005 558 1226 613 corpore
1255 561 1271 598 :
1307 560 1434 616 ergo
1459 545 1501 599 si
1531 543 1795 613 quispiam
1815 542 1879 596 de
1907 540 2060 594 nobis
2085 551 2296 606 quoque

2404 537 2452 586 εἴ
2496 552 2572 597 τις
2609 535 2779 587 ἕλοιτο
2814 534 2905 586 καὶ
2935 534 3015 600 ἐφ’
3046 531 3197 601 ἡμῶν
3228 533 3421 594 εἰπεῖν,
3459 529 3557 581 οὐκ
3596 528 3901 599 ἄνθρωπος
3931 527 3993 578 τὸ

737 639 920 691 dicere
984 637 1144 702 velit,
1209 651 1312 690 non
1375 650 1495 690 esse
1554 636 1824 690 hominem
1877 632 2050 702 ipsum
2103 644 2300 698 corpus

735 743 831 794 per
873 743 967 788 se,
1028 742 1204 781 nonne
1247 726 1581 795 superﬂuens
1631 726 1682 778 in
1724 737 1973 779 sermone
2021 731 2075 777 et
2124 735 2296 789 nugax

738 819 931 872 merito
986 818 1241 872 dicetur?
1276 817 1456 886 Neque
1505 816 1647 868 enim
1694 817 1975 884 quisquam
2014 822 2303 882 negaturus

737 919 817 962 est
869 911 1042 976 ipsum
1081 924 1182 976 per
1235 924 1293 963 se.
1322 923 1514 976 corpus
1549 923 1652 960 non
1702 921 1819 960 esse
1869 905 2176 967 hominem,
2210 903 2301 956 sed

733 1000 913 1066 p0tius
959 999 1188 1053 hominis
1231 1015 1424 1067 corpus
1462 999 1589 1052 dici.
1643 999 1746 1051 Sed
1778 1012 1933 1050 nemo
1961 1007 2138 1050 tamen
2169 996 2303 1050 duas

737 1089 789 1141 in
822 1096 1002 1156 partes
1036 1087 1313 1150 dividens,
1352 1103 1415 1141 ac
1460 1086 1685 1141 scorsim
1729 1100 1932 1154 ponens
1969 1087 2200 1138 animam
2251 1092 2305 1138 et

738 1194 967 1248 corpus,
993 1178 1187 1232 dixerit
1236 1193 1471 1246 unquam
1509 1191 1703 1244 corpus
1747 1178 1934 1230 eodem
1971 1190 2091 1228 cum
2126 1173 2301 1226 anima

735 1270 989 1338 appellari
1021 1269 1234 1324 nomine
1260 1269 1324 1320 ad
1354 1283 1515 1321 unum
1551 1267 1823 1320 hominem
1848 1266 2254 1335 significandum
2284 1279 2298 1327 ;

739 1375 913 1427 neque
952 1361 1094 1413 enim
1139 1367 1295 1425 aptus
1326 1360 1426 1412 erit
1455 1358 1715 1428 ejusmodi
1760 1371 1968 1421 sermo,
1995 1356 2086 1408 sed
2131 1355 2304 1423 potius

739 1451 1022 1518 imperitia:
1054 1449 1263 1519 plenus.
1301 1449 1404 1502 Sed
1433 1465 1551 1502 cum
1580 1458 1863 1517 utrumque
1889 1448 2182 1502 secundum
2209 1461 2303 1498 na-

741 1539 966 1593 turalem
994 1539 1241 1592 unionem
1265 1537 1604 1605 conjnnxerit
1633 1541 1699 1593 ad
1730 1539 1887 1592 unius
1919 1538 2149 1591 hominis
2176 1551 2306 1601 con-

736 1632 1087 1696 stitutionem,
1120 1640 1228 1685 tum
1262 1631 1472 1684 demum
1528 1629 1796 1684 hominem
1843 1630 2149 1699 appellabit.
2205 1641 2304 1681 nec

737 1721 1007 1775 videbitur
1030 1720 1206 1788 inepte
1223 1720 1773 1787 absurdeqnedicere.
1795 1719 2045 1790 Oportuit
2068 1733 2216 1787 ergo,
2255 1718 2300 1771 si

737 1813 954 1865 omnino
979 1811 1192 1879 sapiens
1219 1811 1378 1863 homo
1396 1813 1670 1878 solersqne
1685 1820 1802 1864 erat
1820 1854 1834 1876 ,
1865 1825 2059 1878 corpus
2088 1810 2300 1878 quidem

2404 627 2560 696 σῶμα
2588 625 2708 677 καθ’
2742 624 2918 688 ἑαυτὸ,
2947 624 3007 676 ού
3037 623 3287 690 περιττὸς
3317 623 3394 684 είς
3427 621 3616 688 λόγους
3649 620 3748 672 καὶ
3779 618 3992 670 εἰκαιόο

2406 718 2573 787 μυθος
2613 716 2931 784 ὀνομάζοιτο
2979 714 3043 766 ἂν
3077 713 3337 776 είκότωςς
3390 711 3864 781 Ἀρνήσεταιγὰρ
3901 709 3992 759 ού-

2401 808 2532 870 δεὶς,
2570 807 2652 859 ὅτι
2699 806 2771 875 μὴ
2802 804 3086 876 ἄνθρωπος
3124 803 3184 855 τὸ
3229 802 3388 871 σῶμα
3436 802 3556 854 καθ’
3597 801 3788 862 ἑαυτὸ,
3826 801 3991 866 σῶμα

2400 900 2458 951 δὲ
2493 898 2693 968 μᾶλλον
2722 896 3009 967 ἀνθρώπου
3056 893 3254 962 λέγοιτ’
3288 893 3371 947 ἄν.
3408 892 3554 961 Πλὴν
3590 891 3651 942 ού
3693 890 3829 957 δίχα
3869 888 3990 940 διαο

2401 991 2604 1059 τεμὼν,
2641 992 2733 1043 καὶ
2761 990 2864 1043 ἀνὰ
2917 988 3081 1058 μέρος
3127 985 3297 1048 τιθεὶς
3325 984 3502 1053 ψυχήν
3547 1000 3606 1035 τε
3651 983 3748 1035 καὶ
3799 982 3986 1051 σῶμα,

2404 1081 2538 1150 φαίη
2576 1098 2658 1142 τις
2702 1081 2789 1142 ἂν,
2839 1080 2920 1132 ὅτι
2977 1078 3377 1147 συγχρηματιεί
3405 1077 3465 1127 τὸ
3513 1075 3670 1143 σῶμα
3705 1075 3777 1142 τῇ
3837 1074 3989 1141 ψυχῇ

2409 1175 2548 1240 πρὸς
2595 1173 2712 1233 ἑνὸς
2758 1169 3044 1237 ἀνθρώπου
3093 1169 3355 1237 δήλωσιν·
3399 1167 3483 1235 εἴη
3527 1167 3635 1236 γὰρ
3671 1166 3742 1218 ἂν
3788 1166 3895 1216 ούκ
3932 1165 3991 1215 ὲν

2403 1264 2595 1333 κόσμῳ
2640 1262 3007 1332 γεγενημένος
3044 1263 3071 1315 ό
3099 1261 3301 1314 τοιόσδε
3347 1261 3533 1326 λόγος,
3564 1257 3767 1327 μᾶλλον
3797 1257 3857 1309 δὲ
3896 1257 3990 1307 καὶ

2403 1353 2643 1423 ἀμαθίας
2660 1353 2929 1422 ἔμπλεως.
2953 1355 3153 1422 ’Ἄμφω
3174 1370 3234 1420 γε
3259 1351 3364 1422 μὴν
3385 1349 3503 1402 καθ’
3521 1350 3714 1402 ἕνωσιν
3739 1349 3987 1417 φυσικὴν

2406 1445 2746 1513 συνενεγκὼν
2784 1447 2863 1508 εἰς
2897 1447 3013 1508 ἑνὸς
3061 1445 3348 1516 ἀνθρώπου
3389 1445 3678 1505 σύστασιν,
3711 1443 3844 1494 τότε
3897 1444 3988 1493 καὶ

2402 1538 2687 1608 ἄνθρωπον
2716 1537 2996 1606 όνομάσει·
3037 1537 3129 1590 καὶ
3164 1536 3268 1588 κᾶν
3303 1535 3413 1605 [ιον.
3438 1534 3537 1585 ούκ
3563 1533 3650 1603 ἂν]
3679 1533 3833 1585 οὕτω
3861 1533 3988 1602 δόξῃ

2402 1627 2722 1695 ἀσύμφυλόν
2743 1643 2802 1679 τε
2829 1626 2923 1679 καὶ
2946 1625 3177 1687 ἀκαλλὲς
3203 1627 3396 1677 εἰπεῖν.
3414 1623 3559 1676 Ἔδει
3587 1623 3793 1684 τοίνυν,
3828 1624 3985 1689 εἴπερ

2401 1733 2485 1779 τις
2517 1712 2584 1786 ῆν
2617 1716 2754 1775 ὅλως
2781 1715 2942 1783 σοφός
2975 1732 3033 1767 τε
3067 1716 3163 1766 καὶ
3197 1714 3470 1782 νουνεχὴς,
3503 1711 3664 1782 σῶμα
3685 1715 3894 1771 εἰπεῖν,
3928 1711 3988 1762 τὸ

2404 1809 2468 1860 ὲκ
2522 1809 2812 1875 γυναικόςο
2864 1806 3336 1877 προσομολογῆσαι
3369 1804 3424 1857 δὲ
3462 1806 3544 1857 ὅτι
3582 1807 3650 1874 τῇ
3685 1803 3812 1856 καθ’
3851 1803 3984 1854 ύπό·

737 1902 862 1955 illud
879 1916 941 1955 ex
966 1900 1188 1954 muliere
1209 1901 1410 1962 dicere,
1437 1910 1492 1954 et
1512 1901 1732 1969 insuper
1757 1900 1934 1966 fateri,
1957 1901 2081 1953 illud
2103 1900 2300 1952 unitate

2409 1916 2596 1951 στασιν
2627 1897 2815 1951 ἑνώσει
2844 1875 3160 1966 συνενεχθὲν
3185 1895 3263 1966 τῷ
3291 1896 3468 1965 Λόγῳ,
3493 1896 3728 1966 Χριστὸν
3756 1896 3858 1946 ἕνα
3891 1895 3984 1944 καὶ

737 1990 1032 2045 secundum
1102 1990 1433 2060 hypostasim
1512 2005 1635 2043 cum
1702 1989 1877 2044 Verbo
1934 1983 2300 2057 conjunctum,

738 2095 904 2132 unum
969 2077 1246 2131 Christum
1314 2085 1368 2129 et
1423 2075 1619 2130 Filium
1675 2086 1729 2130 et
1782 2077 2064 2131 Dominum
2122 2077 2302 2129 absol-

736 2173 912 2232 visse,
969 2169 1222 2222 eumdem
1298 2166 1457 2222 simul
1539 2176 1596 2222 et
1647 2168 1810 2222 Deum
1888 2176 1943 2222 et
2008 2168 2300 2221 hominem.

737 2258 845 2328 59
867 2257 1018 2313 Nunc
1054 2271 1183 2312 vero
1226 2259 1329 2312 hoc
1371 2259 1593 2321 omisso,
1642 2271 1891 2325 perversa
1923 2257 2164 2325 graditur
2197 2257 2302 2320 via,

736 2350 803 2402 de
847 2358 992 2402 recta
1033 2349 1320 2414 decedens,
1369 2362 1434 2402 ac
1479 2348 1613 2402 duos
1663 2346 1817 2402 nobis
1864 2352 1992 2403 deos
2026 2347 2300 2416 praedicat,

738 2454 902 2492 unum
943 2438 1237 2492 secundmn
1276 2448 1524 2491 naturam
1558 2454 1619 2493 ac
1651 2439 1954 2503 veritatem,
1989 2439 2117 2492 illud
2155 2438 2306 2491 nimi-

740 2544 856 2581 rnm
902 2542 967 2582 ex
1025 2528 1131 2582 Deo
1184 2529 1344 2584 Patre
1392 2527 1662 2594 Verbum;
1717 2530 1880 2584 alium
1932 2545 2059 2584 vero
2109 2539 2304 2599 praeter

739 2622 900 2682 hunc,
949 2618 1038 2686 qui
1072 2619 1231 2672 simul
1263 2634 1383 2673 cum
1415 2635 1479 2674 eo
1525 2619 1668 2676 Deus
1702 2621 2018 2688 appellatur.
2054 2621 2126 2675 Ut
2156 2621 2300 2674 enim

737 2723 892 2762 nemo
933 2709 1103 2761 nostri
1160 2711 1376 2778 generis
1423 2710 1621 2763 dicitur
1654 2725 1776 2764 cuin
1824 2727 1884 2765 se
1935 2711 2051 2779 ipso
2098 2721 2152 2765 et
2185 2711 2302 2765 solo

733 2800 1067 2862 conversari,
1111 2800 1257 2853 verbi
1285 2801 1480 2868 gratia,
1510 2801 1604 2855 sed
1650 2817 1770 2856 cum
1817 2801 1987 2856 altero
2014 2817 2301 2858 conversa-

733 2898 842 2954 tur,
877 2903 940 2943 ac
982 2889 1026 2942 si
1055 2904 1214 2957 quem
1242 2904 1272 2943 e
1296 2891 1528 2945 terrenis
1559 2892 1772 2960 regibus
1791 2893 2075 2961 quisquam
2107 2893 2302 2948 dixerit

735 2982 894 3034 simul
945 2996 1068 3035 cum
1125 2983 1304 3050 seipso
1355 2997 1600 3052 regnare,
1629 2985 1751 3052 jure
1796 2987 1866 3040 sit
1926 2985 2202 3050 ridendus,
2247 2994 2302 3040 et

736 3070 1043 3137 nugabitur,
1092 3071 1216 3123 dum
1254 3071 1393 3138 quod
1445 3074 1511 3124 de
1543 3087 1650 3126 uno
1699 3073 1924 3141 soloque
1957 3075 2176 3137 dicitur,
2221 3072 2302 3128 sic

2406 1988 2534 2042 Υίὸν
2574 1988 2669 2040 καὶ
2709 1989 2914 2056 Κύριον
2951 1987 3310 2042 ἁποτετέλεκε
3353 1987 3444 2038 τὸν
3488 1986 3649 2038 αὑτὸν
3683 1986 3821 2037 ὄντα
3852 1983 3983 2035 Θεὸν

2406 2083 2500 2133 καὶ
2529 2081 2812 2150 ἄνθρωπον
2833 2097 2846 2110 ⁸
2879 2082 2995 2134 νυνὶ
3021 2081 3077 2135 δὲ
3111 2081 3270 2134 τοῦτο
3303 2077 3506 2147 μεθεὶς,
3528 2079 3699 2130 οῐεται
3728 2076 3846 2145 (16)
3886 2077 3984 2144 μὲν

2403 2171 2502 2240 τὴν
2530 2171 2970 2240 διεστραμμένην
3016 2171 3114 2240 τῆς
3150 2172 3229 2234 είς
3285 2170 3414 2224 εὐθὺ
3451 2169 3793 2222 διεκπίπτων
3821 2166 3941 2218 ὁδοῦ
3966 2181 3977 2192 ⁸

2404 2261 2496 2314 δύο
2524 2262 2577 2314 δὲ
2625 2263 2756 2330 ἡμῖν
2802 2261 3149 2330 διακηρύττει
3207 2261 3392 2322 Θεοὺς,
3426 2261 3520 2312 ἓνα
3578 2260 3674 2329 μὲν
3707 2259 3788 2320 ὡς
3824 2257 3981 2325 φύσει

2406 2352 2497 2404 καὶ
2522 2351 2749 2421 ἀληθείᾳ
2775 2353 2865 2405 τὸν
2913 2355 2976 2405 ὲκ
3025 2351 3158 2404 Θεοῦ
3215 2351 3424 2418 Πατρός
3466 2351 3664 2417 Λόγον·
3705 2351 3898 2418 ἕτερον
3927 2347 3982 2398 δὲ

2406 2445 2536 2513 παρ’
2589 2443 2790 2508 αὑτὸν,
2839 2445 2929 2496 τὸν
2981 2441 3494 2512 συγχρηματίζοντα
3547 2441 3724 2510 αὐτῷ·
3774 2440 3835 2492 ὃν
3875 2438 3982 2506 γὰρ

2404 2529 2602 2599 τρόπον
2628 2531 2799 2592 οὐδεὶς
2835 2532 2900 2584 ἂν
2929 2531 3140 2597 λέγοιτο
3189 2530 3296 2581 τῶν
3329 2530 3451 2582 καθ’
3479 2531 3624 2599 ἡμᾶς
3665 2527 3852 2596 ἑαυτῷ
3892 2531 3980 2579 καὶ

2407 2621 2552 2690 μόνῳ
2578 2621 2977 2674 συνδιαιτᾶσθαι
3002 2620 3181 2690 τυχὸν,
3213 2619 3382 2690 ἑτέρῳ
3412 2621 3467 2671 δὲ
3507 2621 3706 2688 μᾶλλον
3741 2620 3978 2670 συνδιαιο

2403 2710 2648 2778 τήσεται.
2699 2711 2816 2764 Κᾶν
2849 2713 2901 2764 εῐ
2945 2729 3068 2764 τινα
3102 2711 3248 2777 λέγοι
3288 2710 3396 2764 τῶν
3429 2711 3522 2762 ἐπὶ
3564 2710 3666 2778 γῆς
3712 2709 3982 2780 βασιλέων

2405 2798 2824 2868 συμϐασιλεύειν
2854 2799 3051 2870 ἐαυτῷ,
3075 2799 3228 2868 δφλοι
3257 2800 3325 2854 ἂν
3355 2799 3584 2863 εἰκότως
3614 2801 3854 2868 γέλωτα,
3886 2799 3978 2850 καὶ

2407 2890 2689 2962 βατταριεῖ
2719 2891 2779 2944 τὸ
2816 2893 2901 2960 ἐφ’
2933 2892 3052 2955 ἑνός
3079 2909 3139 2944 τε
3177 2891 3272 2944 καλ⁸
3299 2892 3460 2962 μόνου
3489 2892 3658 2956 τιθεὶς
3687 2894 3786 2946 καὶ
3811 2891 3981 2958 λέγων

2402 2983 2477 3046 ὡς
2505 2985 2598 3036 ἐπὶ
2625 2985 2792 3049 δυοῖν,
2833 2985 3006 3050 οὕτως
3039 2987 3297 3040 ἀσύνετον
3330 2987 3526 3056 κομιδῆ
3556 2987 3617 3039 τὺ
3653 3000 3976 3054 συγχρημαο

2403 3076 2574 3137 τίζειν
2607 3077 2818 3129 οἴεσθαι
2865 3079 2986 3132 καθ’
3015 3079 3132 3140 ἑνός
3165 3096 3223 3131 τε
3265 3079 3357 3132 καὶ
3392 3080 3551 3149 μόνου
3581 3077 3848 3132 δύνασθαι
3879 3093 3978 3145 χω·

733 3161 888 3230 ponit
938 3171 1100 3228 atque
1153 3160 1469 3228 pronuntiat
1521 3172 1774 3230 tanquam
1828 3168 1895 3217 de
1938 3164 2180 3228 duobus;
2229 3162 2298 3218 it'a

2409 3167 2538 3235 ρεῖν,
2570 3164 2663 3218 δύο
2693 3166 2801 3235 γάρ
2837 3184 2938 3218 που
2981 3168 3198 3230 πάντως
3247 3156 3494 3220 εἶενᾶν·
3523 3167 3617 3220 καὶ
3653 3168 3682 3218 ό
3739 3165 3840 3234 μὲν
3868 3164 3977 3216 ἔστι

739 3253 960 3304 stultum
991 3266 1122 3304 sane
1158 3251 1440 3319 sitputare
1467 3251 1568 3305 hoc
1600 3254 1795 3320 ipsum,
1823 3253 1985 3306 simul
2017 3252 2298 3321 appellari,

735 3345 801 3396 de
844 3356 950 3394 uno
996 3341 1216 3409 soloque
1257 3342 1365 3396 dici
1419 3356 1578 3410 posse
1611 3357 1624 3394 :
1657 3343 1762 3396 duo
1801 3357 2034 3412 namque
2080 3358 2304 3413 prorsus

734 3441 914 3498 erunt,
951 3440 1005 3485 et
1035 3433 1173 3486 alter
1213 3433 1509 3486 secundum
1544 3443 1789 3486 naturam
1827 3434 1984 3500 Deus,
2012 3435 2151 3488 alter
2175 3449 2304 3489 vero

736 3524 920 3590 procul
948 3523 1110 3578 dubio
1141 3539 1263 3578 cum
1293 3525 1344 3577 id
1379 3523 1550 3577 solum
1584 3525 1780 3578 habeat
1807 3535 1864 3578 ut
1895 3525 2057 3579 simul
2084 3541 2205 3578 cum
2237 3539 2302 3580 eo

737 3625 961 3667 vocetur
1011 3614 1186 3680 Deus,
1241 3613 1400 3680 idque
1447 3615 1784 3668 extrinsecus
1827 3625 1882 3667 et
1933 3616 2299 3682 acquisitum,

738 3719 928 3758 recens
955 3705 1109 3758 nobis
1137 3703 1278 3758 Deus
1323 3705 1550 3758 exstitit.
1585 3704 1720 3757 Num
1752 3720 1879 3774 ergo
1927 3707 2185 3759 mentitur
2215 3707 2303 3759 ille

733 3805 926 3849 natura
964 3803 1017 3848 et
1065 3809 1190 3849 vere
1223 3795 1602 3848 universorum
1644 3796 1781 3850 Dens
1814 3811 1934 3850 cum
1974 3796 2106 3850 dicit
2140 3815 2152 3850 :
2190 3816 2207 3847 ι
2243 3796 2299 3850 Si

737 3887 971 3940 audieris
1019 3901 1126 3949 me,
1173 3901 1277 3940 non
1326 3888 1432 3939 erit
1485 3888 1535 3938 in
1590 3897 1638 3940 te
1687 3887 1819 3942 deus
1872 3902 2080 3953 recens,
2130 3902 2303 3956 neque

736 3977 988 4030 adorabis
1033 3977 1190 4031 deum
1240 3977 1473 4031 alienum
1501 3979 1579 4030 M?
1615 3997 1632 4029 ι
1677 3979 1788 4032 lloc
1833 3979 1879 4030 si
1912 3979 1982 4031 ita
2021 3988 2122 4042 est,
2167 3994 2301 4046 quo-

739 4063 895 4116 modo
943 4064 1231 4118 adoramus
1279 4063 1582 4130 Christum,
1634 4075 1686 4118 et
1741 4067 1818 4119 illi
1858 4065 2101 4120 ﬂectetur
2145 4083 2303 4122 omne

736 4153 917 4219 genu?
970 4155 1240 4222 quomodo
1293 4154 1454 4208 etiam
1518 4157 1664 4210 illum
1712 4159 1954 4212 venerari
2007 4159 2300 4222 confiteris,

737 4260 860 4297 cum
895 4252 1071 4299 tamen
1103 4243 1383 4309 formides,
1411 4255 1467 4298 ut
1497 4247 1702 4309 dixisti,
1737 4262 1802 4300 ne
1831 4248 2153 4302 hominieola
2185 4263 2302 4304 esse

736 4337 1015 4390 videaris?
1045 4336 1153 4390 Sed
1191 4338 1356 4391 habet
1385 4340 1450 4390 ad
1475 4340 1574 4391 hoc
1607 4339 1866 4407 aliquam,
1899 4349 1957 4392 ut
1985 4341 2098 4408 ipse
2129 4348 2299 4408 putat,

735 4439 946 4483 acutam
987 4430 1390 4498 responsionem
1442 4447 1611 4484 :nam
1665 4442 1922 4500 tanquam
1983 4432 2301 4502 coniunctus

2404 3254 2549 3313 κατὰ,
2577 3255 2736 3321 φύσιν
2769 3255 2900 3317 Θεός
2923 3272 2934 3285 ·
2968 3257 2995 3306 ό
3023 3255 3100 3316 δὲ,
3142 3257 3281 3324 τάχα
3325 3271 3430 3307 που
3470 3257 3563 3308 καὶ
3597 3256 3759 3324 μόνον
3811 3253 3873 3305 τό
3918 3267 3977 3316 γε

2405 3345 2847 3414 συγχρηματίσαι
2901 3345 3132 3413 θύραθέν
3183 3361 3243 3397 τε
3309 3345 3404 3398 καὶ
3450 3345 3746 3412 ἐπίκτητον
3821 3343 3974 3411 ἔχων,

2405 3437 2715 3505 πρόσφατος
2750 3439 2882 3505 ἡμῖν
2930 3436 3212 3505 ἀνεδείχθη
3242 3436 3394 3498 Θεός.
3437 3431 3561 3505 Ἆρ’
3590 3431 3682 3487 οὖν
3725 3434 3975 3504 ψεύδεται

2403 3526 2597 3593 λέγων,
2621 3529 2648 3579 ὁ
2679 3527 2840 3594 φύσει
2873 3545 2930 3580 τε
2961 3528 3057 3580 καὶ
3077 3527 3290 3597 ἀληθῶς
3321 3527 3428 3580 τῶν
3460 3528 3600 3580 ὅλων
3616 3527 3781 3590 Θεός⁶
3816 3544 3834 3576 ι
3858 3523 3974 3576 Ἐὰν

2403 3616 2644 3689 ἀκούσῃς
2673 3636 2796 3686 μου,
2827 3619 2926 3670 οὐκ
2957 3618 3110 3670 ἐσται
3135 3621 3192 3670 ὲν
3223 3620 3306 3670 σοὶ
3343 3618 3461 3680 θεὸς
3496 3617 3833 3687 πρόσφατος,
3861 3613 3974 3666 οὐδὲ

2405 3709 2802 3775 προσκυνήσεις
2845 3706 2952 3776 θεῷ
3001 3707 3290 3778 ἀλλοτρίῳ;
3325 3725 3342 3756 ι
3401 3705 3532 3760 Εἶτα
3578 3707 3694 3769 πῶς
3741 3719 3974 3775 προσκε-

2405 3797 2719 3864 κυνήκαμεν
2751 3795 2826 3864 τῷ
2858 3795 3099 3865 Χριστῷ,
3132 3797 3226 3848 καὶ
3250 3794 3400 3865 αὐτῷ
3435 3795 3640 3864 κάμψει
3671 3798 3782 3848 πᾶν
3816 3793 3971 3861 γόνυ;

2407 3885 2522 3948 πῶς
2549 3886 2603 3937 δὲ
2647 3886 2740 3937 καὶ
2779 3886 2957 3939 σέϐειν
3012 3887 3173 3939 αὑτὸν
3205 3886 3518 3955 ὁμολογεῖς;
3559 3886 3736 3939 καίτοι
3771 3881 3969 3944 δεδιὼς.

2404 3979 2478 4038 ὡς
2512 3977 2668 4047 ἔφης,
2701 3978 2762 4030 τὸ
2794 3978 3253 4048 ἀνθρωπολάτρης
3286 3972 3422 4030 εἶναι
3460 3976 3655 4030 δοκεῖν.
3695 3975 3836 4029 Ἀλλ’
3867 3973 3972 4041 ἔχει

2404 4066 2523 4119 τινὰ
2557 4065 2808 4134 καθάπερ
2848 4062 2942 4118 οὖν
2983 4067 3153 4118 οἴεται
3192 4066 3352 4133 σοφὸν
3385 4066 3477 4117 ἐπὶ
3521 4064 3655 4134 τῷδε
3682 4065 3872 4132 λόγον·
3903 4060 3972 4122 ὡς

2404 4160 2514 4228 γὰρ
2547 4158 2625 4226 τῷ
2677 4158 2894 4211 λαϐόντι
2937 4158 3266 4225 συναφθεὶς,
3317 4156 3752 4227 συγχρηματίζει
3805 4153 3966 4213 Θεός⁶

2405 4250 2520 4310 πῶς
2559 4249 2767 4318 ἐλήφθη
2819 4248 3048 4318 φράσον,
3095 4248 3127 4317 ἦ
3159 4247 3279 4300 τίνα
3332 4249 3600 4316 συνῆπται
3640 4247 3874 4319 τρόπον;
3913 4241 3970 4294 Εἰ

2407 4340 2502 4408 μὲν
2530 4336 2622 4392 οὖν
2643 4340 2760 4392 καθ’
2783 4340 2976 4391 ἕνωσιν
3007 4339 3202 4408 ἀληθῆ,
3222 4339 3319 4407 τὴν
3344 4341 3465 4392 καθ’
3494 4339 3792 4391 ὑπόστασιν
3813 4336 3965 4400 λέγω.

2407 4429 2612 4482 παῦσαι
2653 4429 2892 4500 μερίζων
2924 4430 2983 4482 τὸ
3014 4430 3323 4500 ἡνωμένονο
3357 4429 3448 4481 ἐπὶ
3491 4427 3677 4498 καιροῦ
3709 4429 3769 4480 δὲ
3803 4423 3966 4494 οἶμαι.

734 4521 1028 4574 assumenti
1061 4519 1219 4572 simul
1254 4519 1557 4586 appellatur
1583 4520 1756 4574 Deus:
1790 4521 2064 4590 quomodo
2094 4537 2300 4576 assum-

2406 4518 2498 4568 καὶ
2539 4517 2673 4587 πρός
2719 4533 2783 4584 γε
2838 4517 2993 4586 ἡμῶν
3053 4519 3329 4588 εἰρήσεται
3385 4517 3728 4588 διατέμνοντί
3780 4533 3859 4569 σοι
3914 4510 3969 4562 τὸ

733 4616 856 4675 plus
917 4617 999 4662 est
1054 4609 1346 4675 eloquere,
1398 4618 1489 4661 aut
1546 4624 1778 4677 quonam
1849 4611 2167 4680 eonjnnctus
2218 4622 2300 4666 est

733 4699 924 4751 modo?
959 4697 1090 4751 Nam
1123 4699 1165 4752 si
1205 4699 1419 4768 quidem
1467 4698 1759 4753 secundum
1800 4716 1984 4755 veram
2021 4703 2296 4766 unionem,

733 4787 880 4840 illam
925 4789 1219 4842 secundum
1269 4789 1597 4859 hypostasim
1648 4792 1799 4855 dico;
1849 4793 2037 4847 desine
2083 4794 2297 4846 tandem

737 4877 945 4929 unitum
971 4876 1214 4947 dividere
1241 4895 1254 4930 :
1286 4889 1340 4930 et
1376 4889 1676 4946 opportune
1704 4881 1864 4933 etiam
1912 4895 1938 4931 a
1969 4880 2122 4934 nobis
2148 4881 2296 4934 dice-

737 4977 823 5018 tur
875 4965 969 5018 tibi
1026 4967 1356 5019 individuum
1407 4968 1683 5022 dividenti.
1739 4991 1755 5017 ι
1788 4971 1936 5034 Quod
1983 4986 2110 5039 ergo
2160 4971 2299 5023 Deus

731 5055 1032 5125 conjunxit,
1068 5057 1228 5110 homo
1257 5072 1327 5110 ne
1365 5059 1648 5112 dividat“.
1684 5079 1702 5112 ι
1734 5059 1827 5114 Sin
1874 5063 2293 5127 assumptionem

736 5152 894 5200 istam
943 5163 1036 5202 seu
1090 5148 1520 5215 conjunctionem
1571 5167 1690 5205 esse
1739 5153 1873 5205 dicis
1910 5164 2189 5206 externam
2234 5170 2296 5208 ac

735 5238 1036 5300 relativam,
1075 5219 1357 5305 quomodo
1403 5256 1508 5294 non
1553 5242 1788 5294 advertis
1832 5243 1882 5294 in
1931 5243 2084 5294 nobis
2133 5244 2293 5295 etiam

730 5344 848 5382 esse
877 5328 1064 5392 Deum,
1101 5337 1152 5381 et
1181 5343 1278 5382 nos
1308 5328 1383 5383 illi
1413 5330 1660 5400 conjungi
1696 5332 1936 5393 relative,
1977 5342 2030 5384 et
2071 5333 2292 5398 partici-

801 5485 844 5516 “
880 5487 1047 5540 Exod.
1080 5502 1166 5551 xx,
1193 5487 1262 5550 2;
1293 5487 1428 5542 Psal.
1460 5504 1622 5552 LXXX,
1663 5489 1744 5542 l0.
1824 5491 1866 5520 ⁶²
1894 5489 2086 5542 Matth.
2119 5507 2226 5552 λιχ,
2258 5492 2311 5542 ϋ.

2404 4607 2667 4675 ἄτμητον,
2710 4625 2727 4657 ι
2768 4605 2835 4660 "O
2878 4603 2970 4659 οὖν
3018 4606 3147 4670 Θεὸς
3197 4607 3530 4670 συνέζευξεν,
3566 4605 3855 4677 ἄνθρωπος
3899 4602 3969 4672 μὴ

2403 4699 2702 4766 χωριζέτω.
2742 4719 2759 4751 ι
2800 4698 2862 4751 Εἰ
2921 4699 2976 4752 δέ
3020 4716 3082 4766 γε
3115 4700 3212 4769 τὴν
3245 4699 3432 4770 λῆψιν,
3486 4701 3651 4768 ῆγουν
3702 4699 3803 4769 τὴν
3852 4713 3966 4747 συνο

2405 4790 2622 4857 άφειαν,
2678 4790 2874 4854 ἔξωθέν
2921 4808 2980 4842 τε
3030 4791 3121 4842 καὶ
3173 4791 3425 4859 σχετικὴν
3479 4785 3614 4842 εἶναι
3666 4789 3809 4860 φὴς,
3860 4784 3966 4846 πῶς

2405 4883 2700 4951 ὴγνόηκας,
2723 4884 2805 4934 ὅτι
2841 4883 2931 4934 καὶ
2959 4899 3016 4934 εν
3040 4884 3172 4950 ἡμῖν
3198 4882 3313 4932 ἐστι
3339 4881 3490 4944 Θεὸς,
3522 4882 3614 4932 καὶ
3639 4883 3802 4950 ἡμεῖς
3830 4873 3965 4941 αύτῷ

2407 4973 2786 5040 συναπτόμεθα
2813 4973 3097 5040 σχετικιῖκ,
3127 4972 3221 5024 καὶ
3243 4973 3486 5024 κοινωνοὶ
3511 4972 3610 5040 τῆς
3635 4971 3784 5036 θείας
3813 4965 3964 5024 αὑτοῦ

2404 5064 2708 5133 γεγόναμεν
2741 5064 2952 5132 φύσεως
2977 5081 2990 5127 ;
3024 5064 3230 5116 Ψάλλει
3261 5064 3388 5130 γοῦν
3409 5065 3436 5116 ὁ
3465 5063 3756 5127 θεσπέσιος
3779 5057 3962 5115 Δαϐίδο

2412 5173 2428 5203 ι
2454 5153 2750 5224 Ἐκολλήθη
2811 5157 2842 5225 ἡ
2890 5155 3032 5224 ψυχή
3075 5172 3173 5224 μου
3205 5156 3377 5208 όπίσω
3417 5171 3546 5207 σουο
3578 5174 3597 5207 ι
3651 5163 3963 5227 συγχρημα·

2404 5245 2624 5314 τιοῦμεν
2659 5243 2750 5298 οὖν
2781 5247 2887 5314 ἄρα
2915 5247 3008 5298 καὶ¹
3059 5249 3242 5315 ἡμεῖς,
3295 5245 3371 5316 τῷ
3416 5246 3557 5300 κατὰ
3614 5247 3781 5316 φύσιν
3837 5237 3960 5306 Θεῷ*

2405 5337 2514 5387 θεοὶ
2543 5339 2662 5388 κατ’
2697 5339 2881 5399 αὑτὸν,
2907 5337 3113 5408 κάμψει
3140 5340 3233 5391 καὶ
3255 5340 3387 5408 ἡμῖν
3411 5340 3520 5391 πᾶν
3541 5339 3692 5407 γόνυ.
3721 5339 3788 5392 Τί
3811 5344 3963 5405 προσ·

2022 5642 2180 5696 ΑΝΤ.
2224 5643 2492 5697 AGELLII
2536 5643 2766 5698 ΝΟΪίΕ.

803 5800 911 5868 (lii)
958 5799 1254 5868 [.egentluui
1295 5801 1450 5865 ἱέται,
1491 5812 1544 5853 ιιι
1584 5804 1633 5854 in
1667 5809 1906 5855 extremo
1943 5802 2040 5856 hoc
2077 5817 2110 5854 ιι
2165 5802 2300 5857 libro

2404 5803 2483 5867 :it,
2520 5802 2673 5872 μόνος
2709 5803 2777 5856 ἴθι
2812 5804 2905 5873 τὴν
2939 5805 3390 5875 διεστραμμένην.
