4112 6494
75 409 128 468 ιω
1203 426 1574 484 ΑΙΝΕΒΞΗΞ
1612 426 1699 482 NE

1802 426 2015 482 URIUM
2057 425 2183 481 LIB.
2227 426 2287 479 ll.
3252 424 3355 476 HO

77 525 191 598 τέτιγε
215 533 314 596 τοῖς
343 534 484 590 ἂνω
527 544 936 615 πνεύμασιν
961 548 989 600 ὁ
1017 546 1144 610 Θεὸς
1177 547 1270 600 καὶ
1301 547 1510 618 Πατὴρ,
1545 548 1689 600 διδα-

1802 563 1890 617 pes
1921 563 2020 602 nos
2049 547 2222 602 factos
2268 560 2388 601 esse
2431 545 2624 601 divina:
2666 544 2782 614 ejus
2818 552 3024 598 natum
3042 543 3129 596 “?
3163 542 3358 598 Psallit

78 621 185 674 σιὲτω
202 626 506 694 παρελθὼν
545 634 586 684 ὁ
661 635 1007 701 Θεσπέσιος
1050 638 1279 700 Παῦλος.
1314 656 1332 690 1
1357 639 1527 692 Ὅταν
1557 640 1684 711 γάρι

1802 649 1939 693 certe
1978 640 2166 694 beatus
2222 639 2383 692 David
2432 657 2443 691 :
2498 658 2516 689 ι
2546 637 2784 692 Adhaesit
2833 635 3011 690 anima
3067 649 3184 690 mea
3235 643 3358 704 post

79 713 196 781 illi“:
222 717 520 794 εἰσαγάγῃ
553 725 676 778 τὸν
719 729 1098 800 πρωτότοκον
1124 731 1202 791 εἰς
1224 730 1322 799 τὴν
1342 730 1686 799 οἰκουμένην,

1802 731 1951 797 te“;
1989 750 2008 783 ι
2049 746 2179 800 ergo
2225 745 2323 785 nos
2352 746 2563 800 quoque
2611 746 2676 786 ex
2712 727 2976 785 sententia
3026 726 3186 783 simul
3229 741 3355 781 cum

79 804 200 871 λέγει·
227 807 334 861 Καὶ
363 820 1011 888 προσκυνησάτωσαν
1060 819 1204 890 αὐτῷ
1237 821 1435 884 πάντες
1470 821 1690 889 ἄγγελοι

1802 823 1885 877 illo
1920 837 1987 878 ex
2037 833 2230 876 natura
2279 822 2388 877 Deo
2437 823 2511 876 dii
2561 822 2766 876 erimus
2811 831 2973 888 atque
3015 817 3354 880 vocabimur,

84 896 190 953 Θεοῦ.
213 917 229 950 ι
257 900 492 957 Οὐκοῦν
534 907 662 960 ὲπε
675 909 861 979 ιδὴπε
872 927 904 979 ρ
938 910 993 962 ὲν
1021 909 1250 974 τούτοις,
1286 909 1347 962 τὸ
1389 910 1478 962 σὸν
1507 910 1571 980 δὴ
1599 912 1693 964 καὶ

1802 913 2053 982 nobisque
2084 912 2330 969 ﬂectetur
2361 928 2521 968 omne
2545 927 2706 984 genu.
2739 911 2880 977 Quid
2913 909 3232 980 praeceperit
3261 923 3356 963 su-

93 993 202 1060 me;
233 993 330 1047 οῦκ
374 996 886 1070 ὲπενήνεγκταιο
943 999 1367 1072 προσκυνεῖσθαι
1395 1001 1452 1052 δὲ
1493 1001 1691 1070 μᾶλλον

1802 1004 1937 1074 peris
1984 1004 2265 1073 spiritibus
2317 1004 2456 1058 Deus
2504 997 2568 1059 ac
2615 1003 2814 1068 Pater,
2863 1003 3054 1056 doceat
3104 999 3359 1070 prodiens

106 1087 436 1157 τρεστὲταχεν,
501 1090 592 1153 ὼς
647 1092 767 1145 ἕνα
808 1109 917 1144 που
951 1093 1188 1158 πάντως,
1221 1092 1316 1145 καὶ
1355 1092 1451 1160 οὐχ
1507 1092 1692 1163 ἕτερον

116 1180 172 1231 σὺν
194 1180 377 1250 ὶτὲρῳο
418 1180 519 1245 τις
556 1182 707 1246 δὲ,ὸ
741 1184 905 1256 παρὰ
934 1183 1040 1236 τῶν
1070 1184 1316 1253 ἀγγέλων
1350 1185 1690 1254 προσκυνού-

111 1290 264 1340 μενοςς
300 1274 516 1328 Καίτοι
547 1275 659 1329 τὸν
695 1278 1053 1348 πρωτότοκον
1083 1280 1116 1348 ἡ
1151 1278 1270 1332 θεία
1302 1279 1452 1347 λέγει
1477 1279 1692 1349 Γραφὴν

114 1369 410 1436 πρωτότοκον
443 1367 509 1421 δὲ
553 1368 901 1438 ὠνομάσθαι
929 1369 1126 1439 φαμὲν,
1159 1369 1250 1421 τὸν
1301 1371 1366 1422 ἐκ
1409 1369 1545 1421 Θεοῦ
1581 1370 1693 1420 Πα-

112 1458 210 1527 τρὸς
235 1458 428 1526 Λόγον,
471 1460 680 1512 καίτοι
715 1459 852 1513 Θεὸν
889 1460 1020 1513 ὄντα
1061 1459 1202 1513 κατὰ
1246 1459 1408 1529 φύσιν
1439 1460 1530 1513 καὶ
1564 1459 1694 1513 Υἱὸν

112 1549 367 1619 μονογενῆ,
398 1549 504 1602 καὶ
556 1550 912 1604 ἀσύντακτον
951 1551 1015 1619 τῇ
1070 1549 1266 1612 κτίσει,
1314 1550 1454 1603 κατὰ
1491 1567 1554 1618 γε
1600 1549 1692 1603 τὸν

105 1639 184 1708 τῆς
211 1639 473 1709 θεότητος
529 1640 726 1708 λόγον,
777 1641 860 1692 ὃτι
887 1639 1112 1708 γέγονεν
1139 1640 1448 1710 ἄνθρωπος,
1493 1640 1587 1693 xui
1637 1641 1694 1694 ὲν

104 1733 301 1796 πολλοῖς
340 1732 608 1801 ἀδελφοῖς
635 1729 1004 1803 πρωτότοκος.
1025 1724 1119 1792 Εἷς
1157 1725 1248 1782 οὖν
1287 1729 1396 1799 ἄρα
1425 1729 1562 1800 πρὸς
1586 1728 1694 1781 τῶν

103 1823 198 1875 ἀνω
220 1821 570 1892 πνευμάτων
602 1822 631 1873 6
662 1818 1159 1891 προσκυνούμενος,
1184 1820 1211 1870 6
1238 1819 1300 1869 ὲκ
1324 1817 1458 1869 Θεοῦ
1483 1817 1696 1887 ιιατρὸς

1795 1098 1987 1152 beatus
2018 1096 2239 1151 Paulus.
2284 1114 2303 1149 ‹
2332 1095 2491 1162 Cum,
2526 1096 2725 1164 inquit,
2759 1093 3052 1149 introducit
3081 1092 3360 1160 Primoge-

1795 1185 1963 1239 nitum
1999 1186 2050 1240 in
2085 1187 2270 1241 orbem
2298 1194 2454 1240 terrae
2475 1185 2604 1241 dicit
2634 1204 2647 1240 :
2686 1185 2751 1239 Et
2776 1184 3000 1238 adorent
3024 1196 3147 1237 eum
3170 1195 3360 1234 omnes

1796 1278 1968 1348 angeli
2004 1277 2100 1333 Dei
2126 1279 2192 1332 ⁸⁵.
2223 1297 2242 1332 ι
2277 1279 2447 1348 Igitur
2490 1278 2614 1347 quia
2648 1277 2702 1332 in
2743 1278 2827 1332 his
2851 1277 3030 1331 verbis
3065 1274 3191 1329 illud
3230 1288 3362 1327 sane

1795 1370 2010 1438 sapiens
2037 1379 2185 1424 tuum
2215 1379 2581 1425 commentum
2614 1385 2718 1423 non
2753 1377 2836 1423 est
2864 1366 3234 1438 subjunctum,
3265 1365 3361 1418 sed

1796 1460 2022 1515 adorare
2051 1461 2213 1531 jussit
2244 1470 2304 1516 ut
2345 1477 2509 1516 unum
2541 1461 2726 1530 procul
2761 1460 2949 1524 dubio,
2992 1468 3047 1512 et
3080 1473 3185 1513 non
3222 1457 3359 1512 alte-

1794 1567 1914 1605 rum
1958 1566 2078 1607 cum
2124 1553 2319 1616 altero,
2383 1554 2674 1622 quaerimus
2726 1551 2979 1620 quisnam
3035 1549 3107 1605 sit
3149 1548 3238 1603 ille
3267 1547 3357 1617 qui

1797 1641 1864 1695 ab
1894 1642 2101 1711 angelis
2128 1643 2236 1712 60
2263 1644 2519 1697 adoratur
2548 1662 2562 1697 :
2590 1645 2738 1712 atqui
2774 1641 3192 1712 primogenitum
3237 1654 3360 1694 eum

1795 1730 1993 1785 divinae
2019 1733 2237 1788 Litterae
2270 1735 2457 1788 dicunt
2486 1751 2499 1786 :
2528 1733 2941 1803 primogenitum
2974 1741 3153 1785 autem
3183 1729 3364 1800 appel-

1798 1822 1965 1875 latum
2017 1825 2245 1879 dicimus
2280 1824 2412 1878 illud
2463 1839 2530 1878 ex
2581 1826 2689 1878 Deo
2735 1823 2895 1878 Patre
2923 1822 3185 1884 Verbum,
3235 1820 3366 1876 licet

100 1912 257 1979 Λόγος
301 1912 453 1982 μετὰ
482 1914 585 1981 τῆς
622 1910 758 1971 ιδίας
791 1907 1026 1977 σαρκός·
1068 1905 1188 1957 τότε
1219 1905 1326 1975 γὰρ
1357 1904 1569 1966 τέτοκε,
1600 1907 1694 1957 καὶ

1803 1910 1945 1966 Deus
1974 1923 2121 1966 esset
2153 1928 2217 1966 ex
2247 1924 2458 1981 natura,
2489 1929 2552 1970 ac
2583 1916 2751 1969 Filius
2783 1915 3112 1983 unigenitus,
3145 1923 3195 1967 et
3221 1913 3364 1980 quod

101 2005 164 2065 ὡς
196 2004 520 2074 πρωτεύων
547 2004 607 2054 ὲν
639 2003 792 2061 πᾶσι,
825 2000 1022 2050 νοεῖται
1057 1997 1417 2068 πρωτότοκος.
1465 1995 1603 2047 Ἀλλ’
1636 1996 1694 2047 αἱ

105 2093 190 2158 μὲν
217 2093 593 2145 θεόπνευστοι
627 2091 862 2161 Γραφαὶ,
882 2088 1114 2159 Χριστὸν
1131 2088 1227 2141 ἕνα
1252 2088 1692 2157 διακηρύττουσι,

104 2185 186 2235 καὶ
214 2184 384 2247 Υξδν,
408 2186 510 2236 καὶ
539 2181 769 2254 Κύριονο
801 2180 895 2233 δύο
927 2197 990 2245 γε
1024 2179 1126 2250 μὴν
1157 2181 1186 2232 6
1216 2181 1469 2250 περιττὸς
1495 2180 1694 2244 οὑτοσὶ,

105 2275 187 2326 καὶ
245 2275 750 2344 προσκυνούμενον
807 2271 1089 2341 ἄνθρωπον
1139 2273 1204 2339 τῇ
1289 2271 1419 2341 ἁγίᾳ
1468 2287 1526 2323 τε
1603 2273 1698 2324 καὶ

105 2366 384 2434 όμοουσξῳ
433 2365 652 2435 Τριᾶδις
679 2361 1011 2434 προστιθεὶς,
1042 2360 1141 2413 οὐκ
1179 2359 1522 2428 αἰσχύνεται·
1562 2362 1697 2430 φησὶ

109 2451 204 2520 γὰρ
239 2453 448 2506 πάλιν·

1802 1999 1870 2054 ad
1916 1999 2134 2056 deitatis
2183 2003 2444 2058 rationem
2494 2006 2747 2074 pertinet,
2807 2018 2926 2057 cum
2975 2012 3221 2057 creatura
3274 2001 3367 2054 mi-

1803 2092 1947 2146 nime
1982 2095 2306 2158 censendus,
2339 2096 2464 2164 quia
2496 2093 2670 2149 factus
2707 2105 2790 2149 est
2829 2096 3014 2158 homo,
3047 2102 3102 2147 et
3131 2093 3183 2146 in
3229 2091 3366 2146 mul-

1801 2181 1871 2237 tis
1901 2183 2163 2238 fratribus
2201 2186 2595 2256 primogenitus
2617 2186 2681 2242 “.
2721 2185 2868 2240 Unus
2904 2196 2985 2240 est
3024 2185 3189 2253 igitur
3213 2184 3303 2251 qui
3334 2198 3364 2236 a

1798 2273 2008 2340 superis
2059 2273 2337 2343 spiritibus
2394 2277 2686 2342 aduratur,
2737 2276 2865 2330 illud
2931 2291 2996 2331 ex
3051 2276 3160 2328 Deo
3206 2274 3366 2328 Patre

1801 2359 2038 2415 Verbum
2076 2379 2196 2418 cum
2231 2380 2325 2419 sua
2355 2381 2555 2432 carne;
2594 2381 2715 2419 nam
2749 2368 2921 2435 ipsum
2966 2365 3105 2434 quod
3141 2363 3362 2430 dicitur,

1799 2453 2006 2519 genuit,
2043 2463 2117 2518 et,
2155 2454 2210 2507 in
2257 2456 2508 2510 omnibus
2538 2457 2828 2524 primatum
2882 2465 3071 2509 tenens
3093 2455 3161 2519 ",
3195 2453 3246 2507 id
3279 2452 3364 2505 in-

109 2544 378 2614 telligitur
402 2542 746 2613 primogeniti
775 2541 1009 2596 nomine.
1044 2538 1151 2593 Sed
1181 2538 1438 2594 divinitus
1463 2541 1676 2610 quidem
1704 2541 1977 2613 inspirata:
2023 2543 2238 2600 Litterae
2296 2562 2460 2601 unum
2503 2546 2773 2602 Christum
2817 2548 3149 2617 praedicant,
3197 2557 3251 2602 et
3273 2548 3365 2602 Fi-

117 2635 261 2700 lium,
299 2648 362 2691 et
407 2638 730 2700 Dominum;
780 2635 915 2689 duos
948 2648 1076 2688 vero
1121 2633 1209 2688 hic
1239 2643 1491 2704 nugator,
1536 2647 1590 2691 et
1624 2638 1957 2694 adorandum
2004 2641 2277 2698 hominem
2321 2651 2520 2697 sanctae
2546 2652 2601 2698 et
2633 2643 3077 2698 consubstantiali
3119 2642 3366 2697 Trinitati

115 2736 351 2804 adjicere
382 2747 492 2786 non
525 2731 816 2792 erubescit,
849 2729 924 2784 ait
954 2730 1095 2784 enim
1130 2745 1341 2784 rursum
1377 2747 1390 2783 :

176 2827 368 2898 [Ἀλλ’
401 2819 559 2886 οὗτος
594 2825 621 2875 6
649 2822 790 2876 κατὰ
819 2821 996 2894 σάρκα
1026 2822 1119 2876 τοῦ
1156 2823 1371 2894 Ἰσραὴλ
1406 2825 1695 2896 συγγενὴς,

116 2920 137 2967 6
161 2917 312 2970 κατὰ
339 2914 403 2966 τὸ
430 2911 758 2981 φαινόμενον
787 2911 1092 2981 ἄνθρωπος,
1128 2912 1156 2963 ὁ
1185 2912 1326 2965 κατὰ
1360 2912 1456 2983 τὴν
1484 2913 1697 2966 Παύλου

119 3007 291 3075 ςωνὴν
321 3006 389 3057 ἐκ
418 3002 739 3072 σπέρματος
767 3002 1162 3072 γεγεννημένος
1183 3001 1364 3064 Δαὸῖδ,
1396 3001 1701 3072 παντοκρά-

119 3113 215 3166 τωρ
236 3097 308 3165 τῇ
339 3093 610 3163 συναεξείᾳ
634 3091 788 3155 Θεός.
823 3092 965 3145 Εἶτα
991 3091 1221 3156 τούτοις
1241 3091 1445 3160 ἐπάγει
1463 3107 1475 3120 ⁸
1505 3093 1701 3144 Ἀκου-

116 3205 196 3240 σον
222 3187 528 3256 ἀμφότερα
551 3183 646 3236 τοῦ
667 3182 884 3235 Παύλου
912 3181 1272 3252 κηρύττοντος
1288 3198 1302 3212 ·
1331 3184 1583 3251 ὁμολογεῖ
1609 3183 1698 3234 τὸν

109 3276 402 3347 ἄνθρωπον
427 3274 720 3344 πρότερον,
757 3269 853 3324 καὶ
884 3269 1006 3322 τότε
1037 3273 1104 3341 τῇ
1138 3270 1232 3323 τοῦ
1265 3271 1399 3323 Θεοῦ
1434 3271 1698 3342 συναφείᾳ

108 3367 358 3434 θεολογεῖ
381 3367 444 3417 τὸ
483 3363 844 3432 φαινόμενον·
879 3361 966 3414 ῖνα
1007 3361 1193 3432 μηδεὶς
1240 3361 1700 3433 ἀώρωπολὰτρην

110 3461 194 3510 τὸν
245 3454 592 3528 Χριστιανὸν
630 3452 935 3526 ὑποπτεύῃ.
998 3452 1329 3523 Ἀσύγχυτον
1377 3453 1555 3508 τοίνυν
1602 3453 1700 3524 τὴν

114 3552 218 3603 τῶν
254 3549 482 3617 φύσεων
537 3544 796 3615 τηρῶμεν
846 3545 1175 3612 συνάφειαν·
1226 3544 1571 3614 ὁμολογῶμεν
1610 3546 1701 3598 τὸν

125 3640 203 3690 ἕνα
235 3639 377 3689 Θεόν
401 3653 416 3665 ·
451 3635 702 3703 σέϐωμεν
725 3633 816 3685 τὸν
848 3635 913 3702 τῇ
951 3633 1070 3703 θείᾳ
1096 3633 1359 3702 συναφείᾳ
1392 3633 1470 3702 τῷ
1504 3649 1701 3686 παντο·-

121 3730 340 3799 κράτορι
371 3726 494 3796 Θεῷ
521 3722 1113 3795 συμπροσκυνούμενον
1140 3720 1473 3792 ἄνθρωπον.]

725 3969 974 4023 ΚΕΦᾹΛ.
1007 3968 1104 4021 Il".

182 4111 245 4162 Et
279 4108 382 4177 μὲν
416 4101 512 4158 οὖν
542 4104 829 4174 ἄνθρωπον
853 4100 1131 4170 ὀνομάζων
1153 4094 1309 4151 οἶσθα
1344 4096 1478 4168 μετᾶ
1509 4095 1698 4149 τούτου

115 4203 206 4252 καὶ
240 4199 379 4250 Θεὸν
406 4197 540 4249 ὄντα
556 4195 694 4247 κατὰ
723 4194 885 4262 φύσιν
914 4190 1097 4254 αὑτὸν,
1127 4184 1185 4242 εὖ
1219 4189 1283 4241 ἂν
1322 4189 1453 4258 ἔχοι,
1483 4190 1575 4240 καὶ
1603 4203 1699 4238 πε-

117 4292 426 4360 παύσομαι.
467 4289 529 4340 Εἰ
551 4288 606 4339 δὲ
629 4283 866 4356 μερίζων
897 4282 995 4345 τὰς
1021 4282 1229 4352 φύσεις,
1250 4282 1369 4349 οὐχὶ
1400 4280 1476 4349 τῷ
1503 4279 1700 4330 εἰδέναι

118 4385 307 4450 μόνον,
332 4384 421 4442 τίς
465 4381 564 4449 μὲν
595 4380 628 4446 ἡ
663 4374 1000 4446 ἀνθρωπεία,
1039 4374 1121 4435 τίς
1147 4372 1204 4424 δὲ
1231 4372 1296 4440 δὴ
1321 4369 1479 4422 πάλιν
1503 4371 1535 4438 ἡ
1563 4367 1699 4420 θεία.

114 4474 337 4536 Διῖστὰς
362 4473 421 4523 δὲ
457 4467 660 4538 μᾶλλον
699 4467 796 4534 τῆς
827 4465 962 4534 πρὸς
994 4463 1219 4531 ἑνότητα
1262 4459 1584 4529 συνδρομῆς,
1610 4457 1702 4508 ἀν-

116 4562 535 4632 θρωπολατρεῖς
587 4555 1066 4628 ὁμολογουμένως·
1115 4552 1206 4605 καί
1242 4569 1322 4604 σοι
1363 4551 1499 4620 πρὸς
1547 4548 1702 4618 ἡμῶν
1736 4589 1778 4642 D

119 4657 402 4725 εἰρήσεται
427 4669 442 4681 ο
472 4671 488 4701 ι
512 4651 650 4711 Τοὺς
676 4649 919 4718 καρποὺς
950 4646 1056 4698 τῶν
1078 4645 1255 4696 πόνων
1281 4659 1372 4695 σου
1407 4642 1693 4710 φάγεσαι.»

119 4747 368 4815 Σκληρὸς
406 4744 464 4796 δὲ
493 4742 585 4794 καὶ
630 4738 988 4807 ἅνουθέτητος
1041 4735 1135 4800 ὢν,
1173 4737 1330 4804 μόνος
1373 4734 1443 4784 ἴθι
1496 4733 1591 4801 τὴν
1621 4732 1700 4783 δι-

121 4831 538 4902 εστραμμένην.
586 4830 775 4896 Ἡμεῖς
810 4825 866 4877 δὲ
911 4825 1006 4895 τὴν
1049 4823 1244 4893 εὐσεσῆ
1275 4824 1368 4876 καὶ
1404 4821 1701 4891 ἀμώμητον

128 4923 232 4974 τῶν
273 4922 449 4989 ἁγίων
487 4920 752 4988 Πατέρων
805 4916 1207 4986 ἰχνηλατοῦντες
1248 4913 1454 4984 τρίϐον,
1490 4914 1603 4973 τοῖς
1641 4928 1698 4967 τε

130 5011 508 5070 ἁποστολικοῖς
569 5007 666 5059 καὶ
717 5006 1089 5072 εὐαγγελικοῖς
1155 5002 1581 5073 συγγράμμασιν
1640 4998 1700 5052 εὖ

136 5100 277 5165 μάλα
301 5095 832 5166 παιδαγωγούμενοι,
857 5094 988 5165 ὁμοῦ
1012 5095 1089 5165 τῷ
1118 5094 1235 5163 Θεῷ
1259 5095 1353 5146 καὶ
1379 5092 1573 5159 Πατρὶ,
1606 5094 1700 5144 καὶ

199 5255 246 5285 ⁸³
285 5255 325 5309 ll
360 5255 503 5310 Pctr.
537 5272 576 5318 ι,
609 5255 666 5309 4.
735 5253 783 5286 ⁸⁸
810 5251 1092 5317 Psalmxn,
1130 5255 1181 5310 9.

143 5322 181 5350 ⁵⁸
209 5323 348 5379 Psal.
378 5342 580 5393 cum,
617 5326 671 5379 2.

1291 5254 1334 5284 ⁸⁵
1365 5253 1528 5307 Hebr.
1571 5270 1608 5317 ι,
1642 5252 1692 5305 6.

1872 2826 2138 2899 [Νεετοιι.
2191 2829 2299 2885 Sed
2360 2830 2449 2884 hic
2492 2831 2786 2886 secundum
2850 2842 3067 2884 carnem
3106 2839 3366 2899 cognatus

1801 2921 1990 2986 Israel,
2023 2925 2109 2977 hic
2159 2924 2459 2979 secundum
2500 2933 2746 2978 naturam
2789 2922 3136 2992 spectabilem
3183 2925 3364 2987 homo,

1805 3015 1894 3068 hic
1928 3015 2080 3083 juxta
2116 3014 2269 3069 Pauli
2317 3029 2506 3070 vocem
2559 3023 2718 3070 natus
2761 3029 2828 3068 ex
2873 3014 3079 3068 semine
3107 3014 3273 3067 David
3297 3013 3366 3075 “,

1804 3104 1920 3171 ipsa
1949 3102 2330 3170 conjunctione
2370 3106 2512 3160 Deus
2540 3115 2622 3159 est
2653 3106 3011 3174 omnipotens.
3044 3103 3245 3158 Deinde
3283 3105 3366 3157 his

1805 3193 2046 3260 adjungit
2093 3207 2112 3244 :
2142 3194 2281 3248 Audi
2328 3194 2553 3248 Paulum
2602 3205 2889 3264 utrumque
2943 3196 3362 3263 praedicantem:

1803 3282 2094 3355 conﬁtetur
2123 3286 2272 3355 prius
2306 3287 2600 3353 hominem,
2631 3296 2684 3340 et
2717 3287 2789 3340 ita
2825 3295 3042 3356 propter
3069 3287 3237 3357 ipsam
3272 3286 3368 3342 Dei

1801 3375 2273 3443 conjunctionem,
2322 3388 2569 3432 naturam
2611 3378 2959 3448 spectabilem
3008 3379 3098 3433 Dei
3151 3380 3370 3433 nomine

1802 3471 2104 3526 consecrat,
2157 3478 2224 3516 ne
2261 3464 2383 3531 quis
2411 3463 2778 3518 Christianum
2822 3479 2942 3519 esse
2981 3465 3366 3521 bominicolam

1801 3552 2126 3619 suspicetur.
2182 3551 2506 3608 Naturarum
2549 3556 2729 3624 itaque
2773 3557 3205 3622 conjunctionem
3253 3559 3371 3612 sine

1805 3644 1913 3698 ulla
1937 3645 2251 3699 confusione
2269 3660 2588 3710 servemus;
2614 3646 2971 3700 contiteamur
2989 3662 3153 3700 unum
3173 3648 3366 3710 Deum.

1802 3746 2125 3787 veneremur
2181 3733 2449 3787 hominem
2502 3735 2593 3801 qui
2645 3750 2711 3788 ex
2763 3735 2938 3789 divina
2994 3736 3372 3804 conjunctione

1801 3838 1922 3877 cum
1955 3825 2328 3894 omnipotente
2351 3825 2460 3881 Deo
2489 3826 2649 3879 simul
2682 3825 2980 3897 adoratur.]

2413 3957 2568 4014 CAP.
2607 3958 2745 4015 XIII.

1875 4090 1932 4146 Si
1978 4091 2192 4159 quidem
2243 4092 2407 4160 igitur
2448 4094 2722 4151 hominem
2767 4097 3064 4167 appellans,
3100 4113 3222 4154 cum
3269 4100 3370 4154 hoc

1802 4180 1965 4234 etiam
2011 4182 2178 4234 Deum
2203 4181 2379 4249 ipsum
2414 4195 2532 4238 esse
2558 4187 2850 4241 secundum
2889 4197 3134 4242 naturam
3167 4189 3365 4244 intelli-

1802 4271 1907 4339 gis,
1942 4272 2081 4326 bene
2123 4273 2304 4338 habet,
2347 4283 2400 4328 et
2424 4275 2534 4343 jam
2571 4277 2728 4330 tinem
2767 4276 3004 4334 faciam:
3034 4283 3114 4333 sin
3166 4282 3364 4337 dividis

1806 4372 2072 4428 naturas,
2123 4378 2230 4419 non
2283 4374 2338 4418 ut
2387 4365 2531 4420 scias
2588 4369 2746 4422 modo
2793 4385 3040 4438 quamam
3090 4370 3367 4438 humana,

1804 4470 1990 4523 quaeve
2034 4471 2222 4512 rursus
2271 4457 2489 4523 divina,
2539 4460 2632 4513 sed
2684 4468 2742 4512 ut
2777 4461 2999 4516 diducas
3057 4461 3124 4516 ab
3166 4461 3259 4515 illo
3316 4463 3368 4516 in

1809 4546 2067 4600 unitatem
2128 4561 2427 4613 concursu,
2488 4557 2694 4601 certum
2749 4557 2832 4603 est
2879 4558 2934 4603 te
2984 4550 3369 4604 hominicolam

1808 4649 1947 4698 esse,
1989 4645 2044 4688 et
2088 4636 2183 4689 tibi
2224 4652 2253 4690 a
2305 4637 2457 4690 nobis
2505 4637 2759 4691 dicetur:
2798 4655 2817 4687 ι
2847 4636 3074 4692 Fructus
3120 4639 3368 4693 laborum

1813 4737 2022 4780 tuorum
2065 4727 2193 4781 edes
2223 4727 2334 4796 (l7)
2355 4728 2399 4758 °'
2428 4746 2440 4781 :
2481 4745 2498 4778 ι
2533 4741 2653 4781 cum
2688 4742 2820 4783 vero
2853 4729 2929 4783 sis
2965 4731 3132 4784 durus
3162 4739 3217 4784 et
3255 4745 3372 4785 mo-

1811 4817 1922 4870 nita
1978 4830 2224 4885 respuas,
2268 4818 2418 4873 solus
2449 4819 2713 4887 perviam
2762 4833 3070 4887 perversam
3103 4822 3211 4876 abi.
3261 4821 3370 4877 Nos

1808 4923 1936 4963 vero
1968 4910 2110 4979 piam
2157 4918 2212 4964 et
2243 4919 2441 4964 rectam
2483 4920 2792 4965 sanctorum
2821 4911 3040 4965 Patrum
3077 4913 3218 4966 viam
3249 4927 3374 4980 per-

1809 5001 2169 5068 vestigantes,
2229 5010 2283 5055 et
2327 5002 2640 5068 apostolicis
2683 5000 3113 5070 evangelicisque
3156 5004 3372 5070 scriptis

1807 5089 2010 5158 optime
2045 5089 2319 5155 instructi,
2359 5090 2518 5144 simul
2552 5104 2674 5144 cum
2720 5088 2829 5143 Deo
2862 5099 2917 5143 et
2945 5089 3105 5146 Patre
3151 5099 3204 5145 et
3249 5106 3374 5146 san-

1799 5252 1842 5283 “
1867 5251 2023 5305 Rom.
2072 5267 2189 5316 vm,
2222 5250 2312 5304 29.
2431 5250 2473 5281 ⁵⁷
2522 5247 2729 5304 Coloss.
2777 5264 2814 5312 ι,
2844 5247 2931 5301 18.
3001 5248 3046 5280 ⁸⁸
3070 5249 3225 5303 Rom.
3253 5264 3291 5315 ι,
3316 5251 3370 5306 3.

1401 5455 1560 5510 ANT.
1602 5455 1870 5511 AGELLII
1912 5456 2140 5511 ΝΟΤίΕ.

220 5619 319 5684 (l7)
343 5618 425 5673 Sic
469 5621 630 5675 habet
677 5619 900 5674 Graecus
955 5616 1133 5687 Cyrilli
1181 5617 1370 5687 codex.
1426 5612 1696 5687 leerum

155 5682 278 5740 LXX
307 5682 570 5745 verterunt
600 5693 730 5752 τοὺς
777 5689 970 5750 πόνους
998 5682 1108 5738 τῶν
1143 5685 1368 5755 καρπῶν
1400 5701 1491 5735 σου
1527 5685 1697 5750 φάγε-

157 5770 252 5818 σαι,
280 5760 465 5815 labores
496 5776 752 5815 manuum
786 5774 880 5812 seu
912 5759 1202 5825 palmarum
1226 5768 1435 5806 (uarum
1465 5757 1696 5825 mandu-

154 5830 307 5894 (αὐέκ
339 5840 388 5887 et
415 5832 641 5904 καρπῶν
693 5845 760 5886 eo
798 5822 920 5883 loco
958 5841 1060 5882 non
1095 5827 1323 5895 fructus,
1363 5825 1453 5878 sed
1494 5822 1696 5890 palmas

1813 5614 2208 5678 intellexerunt,
2239 5617 2480 5668 utetiam
2511 5616 2560 5668 in
2591 5615 2892 5671 Proverbiis
2917 5632 3032 5684 cap.
3059 5631 3204 5676 xxxi.
3234 5634 3372 5685 καρ-

1808 5685 1906 5738 πὸν
1939 5685 1992 5737 δὲ
2036 5686 2265 5748 ἐξέτεινε
2313 5687 2523 5754 πτωχῷ,
2565 5697 2609 5740 ει
2644 5690 2844 5756 palmas
2885 5706 3004 5742 suus
3034 5691 3264 5742 extendit
3306 5691 3374 5742 ad

1806 5773 1869 5820 ra
1881 5773 2080 5823 ιιρρι·ριη
2094 5794 2104 5806 .
