4112 6484
728 419 819 473 Hi
1674 421 1730 474 S.
1757 418 2030 474 CYRIHJ
2064 417 2530 473 ALEXANDRINI
2563 412 2883 472 ARCHIEP.
3875 408 3979 462 ili

723 548 810 592 eto
859 533 1084 604 Spiritu,
1135 534 1290 589 unica
1349 535 1663 591 adoratione
1709 536 2090 590 venerabimur
2127 552 2290 590 unum

2407 537 2473 608 τῷ
2503 537 2643 606 ἁγίῳ
2673 534 2970 604 Πνεύματι,
3014 529 3109 602 μιᾷ
3138 529 3504 600 προσκυνήσει
3540 526 3869 608 τιμήσομεν
3889 526 3978 576 τὸν

728 627 1012 681 Dominum
1047 625 1230 682 Jesum
1259 626 1555 692 Christum,
1603 642 1699 696 per
1724 642 1886 697 quem
1929 638 1986 683 et
2028 643 2148 682 cum
2185 642 2293 696 quo

2407 629 2494 681 ίνα
2524 628 2728 698 Κύριον
2774 624 2982 694 Ἰησοῦν
3035 621 3302 693 Χριστόνο
3337 619 3403 671 δι’
3443 613 3503 672 οῦ
3536 617 3634 670 καὶ
3671 615 3788 686 μεθ’
3815 607 3879 668 οὗ
3899 616 3980 683 τῷ

727 717 835 771 Deo
875 724 926 771 et
971 715 1118 771 Patri
1155 718 1325 787 gloria
1363 733 1484 774 cum
1516 729 1708 774 sancto
1754 717 1960 787 Spiritu
2010 718 2062 773 in
2094 718 2291 773 smeula

2407 718 2519 790 Θεῷ
2540 718 2635 772 καὶ
2661 716 2834 787 ﬂat-pl.
2859 715 2984 780 δόξα
3011 716 3109 767 σὺν
3135 712 3214 782 τῷ
3248 711 3388 780 ἁγίῳ
3416 708 3714 778 Πνεύματι,
3741 707 3821 769 είς
3855 707 3980 767 τοὺς

725 801 1060 856 sazculorum.
1091 803 1288 858 Amen.

2407 810 2601 872 αἰῶνας
2625 809 2732 862 τῶν
2765 805 2997 860 αίώνων.
3033 805 3226 874 Ἀμήν.

913 913 1018 984 δι
1063 930 1308 1024 ΤΟΜ
1330 933 1466 1022 US
1535 931 2085 1027 TERTIUS.

2756 949 3136 1035 ΤΟΜΟΣ
3211 944 3623 1029 ΤΡΙΤΟΣ.

798 1128 1044 1198 Magnum
1090 1136 1171 1183 est
1223 1127 1406 1197 procul
1450 1128 1613 1184 dubio
1657 1123 1783 1184 illud
1834 1131 2046 1199 pietatis
2092 1141 2294 1202 myste-

729 1222 889 1284 rium,
917 1227 971 1274 et
999 1220 1132 1288 ipsis
1160 1220 1324 1274 etiam
1349 1222 1555 1276 sanctis
1587 1222 1790 1291 angelis
1820 1221 2198 1276 admirandum
2223 1223 2291 1286 ⁷ο,

729 1313 778 1365 in
812 1322 985 1380 eoque
1017 1313 1302 1364 confirmat
1328 1326 1424 1367 nos
1457 1313 1730 1382 apostolus
1755 1312 1951 1368 Paulus
1983 1329 2105 1368 cum
2132 1315 2292 1370 dicit:

2469 1129 2627 1197 Μέγα
2685 1129 2784 1199 μέν
2836 1126 3284 1198 ὁμολογουμένως
3326 1123 3443 1176 ἐστί
3475 1122 3536 1175 τὸ
3570 1121 3668 1191 τῆς
3700 1117 3986 1179 εὐσεϐείας

2400 1221 2718 1292 μυστήριον,
2766 1219 3133 1289 τεθαύμασται
3187 1216 3243 1270 δὲ
3296 1214 3392 1269 καὶ
3451 1213 3581 1283 παρ’
3629 1213 3814 1273 αὐτοῖς
3871 1213 3985 1272 τοῖς

2399 1309 2573 1378 ἁγίοις
2619 1309 2893 1378 ἀγγέλοις,
2923 1309 3020 1363 καὶ
3071 1307 3208 1377 πρός
3254 1322 3318 1374 γε
3356 1305 3513 1357 τοῦτο
3557 1304 3703 1374 ἡμᾶς
3750 1301 3990 1372 ἐμπεδοῖ

732 1421 748 1452 ι
782 1400 852 1456 Ut
885 1411 1067 1454 notum
1115 1401 1210 1455 ﬁat
1251 1418 1393 1456 nunc
1428 1405 1820 1474 principatibus
1847 1414 1900 1458 et
1945 1405 2297 1473 potestatibus

2407 1400 2572 1468 λέγων
2600 1402 2628 1452 ό
2661 1399 2969 1468 σοφώτατος
2996 1397 3206 1461 Παῦλος
3223 1413 3236 1424 ·
3268 1397 3418 1449 ι’Ὶνα
3445 1392 3719 1467 γνωρισθῇ
3744 1391 3840 1445 νῦν
3863 1393 3988 1452 ταῖς

728 1494 778 1546 in
825 1491 1139 1547 cmlestibus
1171 1507 1267 1562 per
1301 1493 1597 1549 Ecclesiam
1647 1495 1998 1551 multiformis
2029 1498 2296 1567 sapientia

2407 1492 2595 1561 ἀρχαῖς
2624 1490 2714 1543 καὶ
2741 1493 2859 1554 ταῖς
2886 1489 3160 1554 ἐξουσίαις
3181 1490 3238 1540 ἐν
3259 1490 3371 1550 τοῖς
3397 1485 3737 1555 ἐπουρανίοις
3768 1483 3858 1536 διὰ
3882 1482 3988 1551 τῆς

724 1583 846 1647 Dei,
885 1584 1177 1638 secundum
1204 1585 1614 1655 praeﬁnitionem
1653 1586 1992 1655 smcnlorum,
2031 1605 2192 1658 quam
2218 1590 2298 1644 fe-

2409 1581 2754 1650 Ἐκκλησίας,
2796 1582 2828 1651 ἡ
2862 1578 3242 1642 πολυποίκιλος
3294 1577 3453 1647 σοφία
3497 1575 3592 1630 τοῦ
3640 1574 3809 1638 Θεοῦ,
3842 1574 3993 1627 κατὰ

727 1675 800 1728 cit
831 1674 884 1727 in
915 1671 1142 1729 Domino
1173 1687 1357 1730 nostro
1385 1675 1509 1731 Jesu
1542 1677 1780 1742 Christo,
1821 1681 1872 1732 in
1904 1692 2010 1748 quo
2038 1681 2298 1736 habemus

2407 1670 2654 1743 πρόθεσιν
2677 1671 2786 1724 τῶν
2813 1671 3046 1735 αίώνων,
3076 1671 3139 1742 ἢν
3165 1671 3418 1740 ἐποίησεν
3441 1671 3498 1722 ἐν
3517 1669 3592 1737 τῷ
3612 1666 3802 1737 Κυρίῳ
3825 1666 3992 1736 ἡμῶν

729 1764 980 1819 ﬁduciam
1011 1772 1064 1819 et
1092 1778 1370 1820 accessum
1409 1767 1460 1819 in
1492 1766 1815 1821 conﬁdentia
1845 1783 1940 1836 per
1977 1768 2134 1824 ﬁdem
2155 1771 2242 1825 ⁷⁸⁵.
2273 1790 2290 1822 ι

2412 1760 2584 1830 Ἰησοῦ
2612 1759 2850 1829 Χριστῷ,
2882 1762 2938 1813 ἐν
2963 1754 3007 1828 ᾧ
3028 1760 3221 1830 ἔχομεν
3243 1760 3342 1828 τὴν
3364 1759 3677 1830 παρρησίαν
3700 1757 3794 1810 καὶ
3817 1773 3993 1826 προσ-

728 1855 1006 1924 Sapientia
1043 1866 1128 1909 est
1174 1872 1408 1925 namque
1452 1871 1660 1921 revera,
1697 1868 1750 1912 et
1786 1861 2007 1916 minime
2042 1860 2296 1924 humana,

2407 1849 2624 1920 αγωγὴν
2654 1852 2714 1902 ἐν
2742 1849 3065 1918 πεποιθήσει
3099 1848 3186 1902 διὰ
3220 1848 3316 1915 τῆς
3349 1847 3602 1911 πίστεως.
3636 1865 3655 1898 ι
3684 1847 3855 1914 Σοφία
3877 1845 3993 1914 γὰρ

727 1947 820 2000 sed
870 1961 999 2002 sane
1043 1947 1255 2010 divina,
1312 1959 1365 2001 et
1416 1949 1594 2003 abdita
1649 1950 1701 2003 in
1757 1954 1986 2020 quadam
2040 1952 2294 2007 ineffabili

2407 1941 2614 2011 Ξιληθῶς
2657 1942 2751 1994 καὶ
2801 1941 2900 1993 ούκ
2940 1940 3257 2012 ἀνθρωπίνη
3291 1939 3454 1992 ποθέν
3478 1955 3490 1968 ·
3540 1938 3658 1992 θεία
3689 1939 3744 1991 δὲ
3782 1937 3996 2009 μᾶλλον

730 2037 1097 2106 profunditate
1123 2046 1176 2091 et
1204 2038 1852 2105 incomprehensibilitate
1875 2039 2072 2095 Christi
2101 2051 2299 2111 mystc-

2407 2033 2493 2084 καὶ
2523 2035 2580 2084 ἐν
2610 2032 2942 2102 ἀπορρήτοις
2973 2031 3082 2083 τισὶ
3128 2030 3317 2101 βάθεσί
3361 2047 3419 2083 τε
3462 2030 3555 2084 καὶ
3582 2029 3995 2098 ἀκαταληψίαις

2399 2121 2648 2191 κειμένη,
2685 2121 2745 2174 τὸ
2783 2119 3020 2192 Χριστοῦ
3067 2122 3397 2190 μυστήριον’
3433 2119 3624 2189 ψάλλει
3662 2121 3793 2187 γοῦν
3822 2122 3853 2174 ὁ
3885 2137 3996 2189 μα-

2411 2211 2599 2283 κάριος
2633 2212 2796 2265 Δαὸίδ
2815 2229 2830 2242 ·
2868 2232 2884 2263 ι
2913 2212 3022 2266 Καὶ
3055 2211 3207 2264 ἔθετο
3240 2210 3426 2274 σκότος
3449 2210 3776 2281 ἀποκρυφὴν
3797 2209 3994 2272 αὐτοῦ,

2402 2303 2586 2374 κύκλῳ
2616 2302 2779 2356 αὑτοῦ
2823 2305 2856 2372 ή
2902 2302 3076 2374 σκηνὴ
3107 2301 3294 2367 αὑτοῦ,
3324 2301 3596 2356 σκοτεινὸν
3631 2301 3776 2372 ὕδωρ
3809 2301 3872 2355 ἐν
3905 2318 4000 2354 νε-

2403 2395 2595 2464 φέλαις
2635 2394 2836 2465 ἀέρων·
2870 2413 2888 2445 ι
2929 2395 3125 2448 σκότον
3165 2389 3318 2464 οἶμαι
3359 2393 3533 2462 λέγων
3580 2393 3731 2446 οὐδὲν
3776 2392 3996 2464 ἕτερον,

2404 2485 2543 2556 πλὴν
2578 2485 2660 2536 ὅτι
2694 2501 2797 2538 που
2834 2490 3050 2547 πάντως
3084 2483 3182 2554 τὴν
3219 2483 3327 2536 τῶν
3359 2482 3575 2537 ἐννοιῶν
3619 2483 4000 2536 δυσκάτοπτον

733 2128 870 2180 rium
900 2143 913 2180 :
947 2129 1130 2196 itaque
1175 2127 1359 2196 psallit
1402 2129 1593 2183 beatus
1623 2130 1787 2184 David
1821 2148 1836 2185 :
1871 2149 1888 2182 ι
1922 2130 1983 2184 Ει
2012 2133 2192 2201 posuit
2223 2143 2299 2188 te-

730 2219 923 2271 nebras
950 2216 1230 2271 latibulum
1280 2230 1460 2282 suum,
1489 2218 1542 2272 in
1577 2221 1808 2274 circuitu
1837 2221 1953 2290 ejus
1981 2225 2302 2277 tabernacu-

730 2309 838 2362 lum
870 2308 1008 2375 ejus,
1049 2309 1334 2362 tencbrosa
1378 2323 1515 2379 aqua
1550 2310 1602 2364 in
1638 2311 1869 2366 nubibus
1909 2312 2142 2366 aeris“.
2179 2333 2199 2365 ι
2242 2312 2299 2367 In

730 2412 840 2467 quo
868 2399 1117 2453 tenebras
1163 2398 1296 2451 nihil
1323 2398 1492 2463 aliud,
1537 2409 1592 2454 ut
1625 2403 1837 2470 opinor,
1875 2403 2146 2474 intelligit,
2197 2404 2298 2459 nisi

731 2487 1017 2540 obscuram
1044 2487 1416 2556 intelligentia:
1443 2492 1840 2559 perceptionem
1865 2492 1915 2546 in
1943 2493 2113 2547 oculis
2135 2493 2300 2548 animi

734 2577 979 2646 caliginis
1033 2578 1203 2631 instar
1250 2579 1641 2635 incurrentem.
1688 2579 1798 2636 Hac
1841 2584 1906 2636 de
1953 2598 2114 2638 causa
2163 2583 2303 2638 dici-

737 2682 876 2732 mus,
933 2666 1228 2723 subtilibus
1277 2668 1714 2738 questionibus,
1769 2679 1825 2725 et
1867 2673 2184 2726 curiositate
2237 2673 2304 2726 ad

734 2773 892 2825 quam
944 2758 1248 2826 pertingere
1310 2772 1415 2812 nou
1470 2760 1639 2827 possit
1702 2760 2096 2830 intelligentia,
2159 2764 2305 2817 nullo

737 2849 897 2902 modo
929 2847 1222 2916 indiguisse
1250 2847 1450 2903 Christi
1482 2850 1821 2919 mysterium,
1862 2852 1956 2906 sed
1989 2853 2091 2906 lide
2126 2853 2306 2922 potius

734 2953 852 3007 qua:
895 2937 1212 3007 simpliciter
1239 2954 1303 2993 ac
1329 2939 1444 2993 sine
1474 2939 1580 2994 ulla
1615 2939 1828 2996 vafritie
1854 2945 2178 2998 traderetur.
2215 2942 2307 2999 Sic

2403 2573 2642 2651 εὕρεσιν,
2674 2577 2785 2636 τοῖς
2839 2575 2934 2642 τῆς
2985 2573 3221 2636 διανοίας
3261 2572 3560 2644 ὀφθαλμοῖς
3609 2573 3805 2643 ἀχλύος
3833 2573 3999 2644 δίκην

2403 2665 2800 2735 ἐμπίπτουσαν.
2828 2655 3014 2736 Ταύτῃ
3043 2664 3128 2716 τοί
3167 2681 3346 2734 φαμεν
3392 2663 3720 2734 ζητημάτων
3769 2665 3997 2734 ἰσχνῶν,

2404 2756 2499 2807 καὶ
2528 2755 2846 2826 περιεργίας
2874 2758 2970 2827 τῆς
3009 2757 3264 2810 ἐπέκεινα
3299 2755 3416 2821 νοῦ,
3450 2757 3734 2827 δεδεῆσθαι
3768 2757 3872 2829 μὲν
3903 2759 4000 2811 οῦ-

2403 2847 2590 2918 δαμῶς
2628 2848 2690 2900 τὸ
2724 2846 2959 2916 Χριστοῦ
3003 2851 3330 2920 μυστήριον·
3394 2849 3630 2912 πίστεως
3680 2848 3736 2902 δέ
3786 2850 4001 2919 μᾶλλον

2408 2937 2585 3008 ἁπλῆν
2613 2938 2707 2991 καὶ
2733 2938 3077 3010 άκακοῦργον
3109 2938 3339 3008 ἐχούσης
3363 2938 3462 3009 τὴν
3495 2939 3814 3010 παράδοσιν.
3834 2939 4002 2994 Οῦτω

733 3043 787 3085 et
831 3046 927 3086 nos
959 3031 1057 3098 ipsi
1095 3032 1297 3086 sentire
1339 3030 1644 3097 didicimus,
1683 3040 1738 3086 et
1762 3033 2092 3088 credidimus
2125 3049 2153 3086 a
2197 3034 2302 3089 Deo

2407 3029 2501 3081 καὶ
2534 3030 2698 3100 ἡμεῖς
2729 3029 2882 3081 αὐτοὶ
2913 3031 3128 3100 φρονεῖν
3157 3027 3532 3097 δεδιδάγμεθα,
3568 3027 3662 3080 καὶ
3696 3030 4003 3082 πεπιστεύο

736 3133 800 3174 ac
841 3121 998 3174 Patre
1028 3120 1300 3189 proprium
1338 3118 1558 3182 Filium,
1612 3119 1779 3173 Deum
1810 3122 2058 3176 eumdem
2109 3133 2302 3176 secun-

2408 3135 2585 3188 καμεν
2624 3120 2706 3172 ὅτι
2749 3117 2878 3172 Θεὸν
2905 3118 3032 3171 ὄντα
3061 3118 3201 3171 κατὰ
3229 3117 3391 3187 φύσιν
3417 3118 3510 3171 τὸν
3539 3118 3669 3172 ίδιον
3696 3119 3845 3184 Υίδν,
3883 3121 4000 3175 ἀπ-

735 3212 862 3264 dum
912 3219 1186 3274 naturam,
1219 3209 1386 3264 fuisse
1428 3210 1651 3264 missum
1695 3209 1971 3266 hominem
2001 3211 2225 3278 factum,
2253 3221 2302 3268 et

2412 3211 2649 3264 έστειλεν
2692 3213 2721 3264 ὁ
2764 3211 2893 3274 Θεὸς
2929 3212 3022 3265 καὶ
3051 3212 3241 3283 Πατὴρ
3269 3209 3554 3281 ἄνθρωπον
3582 3209 3864 3280 γεγονότα,
3901 3213 4002 3265 καὶ

736 3317 801 3354 ex
839 3300 1064 3354 muliere
1105 3300 1398 3354 secundum
1441 3311 1659 3354 carnem
1690 3301 1931 3372 genitum
1958 3302 2027 3366 τ’,
2063 3312 2119 3356 ιιι
2162 3303 2213 3357 in
2245 3319 2302 3359 se

2407 3301 2472 3355 ἐκ
2499 3298 2754 3370 γυναικὸς
2793 3303 2934 3355 κατὰ
2963 3303 3142 3373 σάρκα
3166 3302 3582 3372 γεγεννημένον,
3613 3302 3700 3355 ῐνα
3725 3303 4006 3376 δικαιώσῃ

736 3392 1017 3446 credentes
1048 3389 1328 3457 justiilcet,
1362 3399 1419 3445 et
1460 3405 1559 3446 suo
1587 3391 1823 3461 benigno
1855 3390 2302 3450 clementissimo-

2407 3390 2533 3454 τοὺς
2569 3390 2647 3455 είς
2673 3391 2834 3444 αὑτὸν
2867 3395 3247 3456 πιστεύοντας·
3275 3394 3368 3446 καὶ
3398 3392 3503 3445 τῶν
3532 3394 3590 3446 ἐν
3620 3392 3815 3464 ἀγνοίᾳ
3834 3412 4004 3448 πται-

739 3497 843 3552 que
879 3490 1009 3535 nutu
1044 3496 1075 3536 ιι
1112 3483 1349 3550 peccatis
1393 3483 1446 3536 in
1481 3482 1787 3552 ignorantia
1823 3481 2074 3538 admissis
2110 3483 2302 3539 libera-

2411 3483 2657 3552 σμάτων,
2697 3484 2953 3553 χρηστοῖς
2980 3484 3073 3537 καὶ
3106 3483 3480 3554 ἡμερωτάτοις
3519 3483 3838 3549 ἀπαλλάξας
3870 3486 4000 3539 νεύ-

740 3586 842 3636 tos,
875 3587 1038 3642 puros
1066 3580 1119 3626 et
1159 3571 1538 3628 immaculatos
1587 3587 1682 3641 per
1718 3586 1776 3627 se
1813 3568 1923 3627 Deo
1954 3583 2009 3627 et
2050 3573 2196 3627 Patri
2227 3572 2302 3627 of-

2413 3587 2565 3639 μασι,
2595 3570 2864 3641 καθαροὺς
2900 3571 2995 3625 καὶ
3023 3564 3283 3642 ἀμώμους
3312 3573 3699 3642 προσκομίσειε
3726 3572 3793 3625 δι’
3821 3573 3999 3627 αὑτοῦ

742 3667 896 3725 terat,
921 3673 973 3717 et
999 3677 1092 3717 eos
1116 3664 1310 3717 divinze
1335 3678 1449 3719 suae
1473 3670 1681 3717 naturae
1710 3662 2005 3732 participes
2033 3659 2302 3728 eﬂlciat",

2409 3660 2487 3730 τῷ
2536 3660 2654 3731 Θεῷ
2697 3662 2792 3714 καὶ
2843 3660 3036 3733 Πατρὶ,
3069 3662 3163 3716 καὶ
3207 3663 3305 3732 τῆς
3355 3662 3505 3726 θείας
3543 3661 3736 3716 ἐαυτοῦ
3771 3662 3996 3732 φύσεως

741 3755 829 3821 qui
860 3754 1019 3807 morti
1056 3762 1221 3821 atque
1263 3752 1599 3823 corruptioni
1629 3764 1787 3807 erant
1810 3753 2098 3808 obnoxii“
2125 3771 2141 3820 ;
2173 3763 2228 3809 et
2255 3764 2302 3808 ut

2411 3753 2711 3823 ἐργάσηται
2745 3757 3058 3817 κοινωνοὺς,
3083 3755 3209 3817 τοὺς
3237 3755 3342 3808 ὑπὸ
3371 3754 3599 3808 θάνατον
3623 3755 3721 3808 καὶ
3747 3754 3961 3826 φθοράν
3982 3775 3996 3786 ο

743 3845 1061 3909 praadicaret
1089 3842 1248 3896 caecis
1281 3842 1454 3895 visum
1480 3842 1547 3906 ",
1598 3851 1652 3897 et
1683 3840 1982 3895 errantium
2033 3842 2302 3896 hominum

2413 3843 2625 3914 κηρύξῃ
2656 3845 2710 3896 δὲ
2744 3846 2836 3896 καὶ
2877 3845 3096 3912 τυφλοῖς
3125 3843 3419 3912 ἀνάϐλεψιν
3442 3859 3456 3873 ⁸
3499 3845 3595 3897 καὶ
3621 3846 3719 3907 τὰς
3755 3844 3864 3897 τῶν
3897 3863 4007 3898 πε-

742 3949 929 4004 greges
959 3933 1023 3986 ad
1055 3931 1226 3986 lucem
1255 3947 1394 3986 verte
1420 3932 1513 3986 Dei
1542 3931 1866 3999 cognitionis
1896 3931 2220 3997 traduceret,
2250 3947 2302 3987 ac

2415 3934 2769 4004 πλανημένων
2814 3934 3013 4003 ἀγέλας
3062 3935 3140 3996 είς
3183 3935 3241 3987 τὸ
3284 3934 3381 4002 τῆς
3405 3934 3642 4002 ἀληθοῦς
3667 3935 4005 4004 θεογνωσίας

743 4028 960 4077 doceret
989 4022 1112 4090 quis
1140 4030 1332 4074 natura
1359 4034 1594 4090 vereque
1625 4021 1764 4076 Deus
1793 4029 1954 4085 esset,
1990 4028 2041 4075 et
2069 4021 2302 4075 omnium

2417 4021 2760 4094 μετακομίσῃ
2807 4022 2920 4090 φῶς
2945 4038 2956 4050 ·
2994 4021 3180 4092 διδάξῃ
3208 4039 3267 4074 τε
3296 4021 3505 4088 λοιπὸν,
3530 4023 3613 4086 τίς
3659 4024 3687 4076 ό
3729 4025 3892 4093 φύσει
3940 4042 4005 4078 τι

747 4128 923 4168 rerum
948 4110 1126 4179 epifex
1157 4127 1171 4163 :
1199 4109 1374 4164 lactus
1403 4118 1485 4162 est
1515 4110 1660 4163 enim
1691 4109 1828 4163 odor
1863 4109 2187 4179 cognitionis
2218 4108 2302 4164 Dei

2415 4111 2508 4163 καὶ
2543 4111 2754 4181 άληθῶς
2780 4114 2895 4165 ἐστι
2922 4111 3075 4176 Θεὸς,
3107 4113 3200 4165 καὶ
3227 4108 3336 4164 τῶν
3355 4111 3492 4166 ὅλων
3523 4113 3878 4186 δημιουργὸς,
3903 4119 4002 4185 γέ-

744 4219 808 4259 ac
839 4203 1034 4265 Patris,
1060 4211 1113 4255 et
1155 4203 1207 4255 in
1251 4201 1365 4270 ipso
1401 4200 1781 4266 conspeximus
1809 4199 1954 4252 illum
1987 4209 2052 4254 ex
2082 4217 2189 4270 quo
2223 4215 2302 4255 se-

2414 4219 2536 4270 γονε
2569 4203 2675 4274 γάρ
2704 4203 2848 4273 ὀσμὴ
2887 4204 2984 4274 τῆς
3026 4203 3278 4270 γνώσεως
3327 4204 3421 4257 τοῦ
3465 4204 3596 4258 Θεοῦ
3627 4207 3716 4258 καὶ
3743 4207 3966 4279 Πατρός
3989 4228 4008 4242 ο

743 4292 993 4363 eundum.
1017 4301 1263 4344 naturam
1293 4297 1376 4343 est
1419 4287 1652 4357 genitus,
1689 4294 1742 4338 et
1788 4284 2076 4340 manichte
2105 4298 2302 4355 engno-

2415 4292 2509 4344 xai
2543 4293 2601 4342 ἐν
2630 4291 2778 4361 αὐτῷ
2806 4291 3113 4361 τεθεάμεθα
3151 4292 3263 4356 τὸν,
3292 4291 3351 4357 ἐξ
3397 4286 3459 4346 οὗ
3507 4295 3831 4366 γεγέννηται
3859 4301 4010 4352 κατὰ

742 4383 918 4436 vimus
945 4381 1085 4432 viam
1122 4393 1240 4447 qum
1269 4392 1365 4431 nos
1402 4380 1466 4430 ad
1507 4387 1765 4430 aeternam
1807 4373 1972 4426 vitam
2005 4373 2200 4427 defert.
2237 4373 2302 4427 lta

2416 4380 2609 4449 φύσινο
2651 4380 2973 4452 ἐγνώκαμεν
3013 4400 3073 4435 τε
3106 4383 3294 4451 σαφῶς
3330 4384 3428 4457 τὴν
3457 4389 3534 4448 είς
3564 4387 3706 4458 ζωὴν
3732 4390 3882 4460 ἡμᾶς
3906 4393 4010 4462 τὴν

744 4473 906 4526 etiam
943 4470 1056 4524 fore
1093 4479 1150 4522 ut
1186 4469 1423 4539 genitum
1467 4469 1719 4538 gregibus
1764 4466 1879 4532 ipse
1919 4462 2092 4519 Filius
2125 4465 2312 4520 illuce-

748 4569 859 4621 ret,
903 4561 1093 4613 beatus
1144 4559 1405 4628 propheta
1464 4557 1629 4610 Isaias
1680 4556 1836 4624 longe
1887 4565 2014 4610 ante
2061 4555 2315 4610 clamavit

749 4651 983 4706 dicens“:
1021 4667 1038 4699 ι
1074 4647 1164 4701 Sic
1197 4647 1325 4701 dicit
1356 4647 1612 4700 Dominus
1644 4665 1657 4698 :
1697 4646 1987 4699 Laboravit
2020 4645 2309 4715 Egyptus,

2418 4470 2585 4522 ἀΐδιον
2622 4470 3002 4540 ἀποφέρουσαν
3036 4471 3172 4527 ὀδόν.
3203 4471 3359 4526 υῦτω
3390 4476 3482 4528 καὶ
3524 4480 3644 4540 ταῖς
3682 4479 3790 4531 τῶν
3831 4479 4008 4534 ἐθνῶν

2422 4559 2644 4627 ἀγέλαις
2687 4558 3016 4630 ἐπιλάμψειν
3058 4562 3148 4615 τὸν
3178 4563 3304 4616 Υίὺν
3333 4566 3361 4617 ὁ
3403 4568 3668 4638 μακάριος
3716 4573 4010 4643 προφήτης

2431 4649 2660 4714 Ἡσαΐας
2690 4653 3179 4724 προανεκεκράγει,
3213 4655 3417 4724 λέγων·
3463 4679 3481 4707 ι
3512 4658 3668 4712 Οὕτω
3709 4661 3859 4729 λέγει
3886 4665 4010 4718 K0-

745 4752 796 4793 ct
843 4737 1236 4805 negotiationes
1286 4735 1642 4805 IEthiopum,
1690 4745 1744 4790 et
1777 4737 1885 4808 ea
1922 4736 2168 4802 Sabaim,
2211 4738 2302 4790 viri

2422 4741 2895 4811 ριος·Ἐκοπίασεν
2937 4744 3232 4812 Αῐγυπτος.
3273 4748 3366 4800 καὶ
3398 4749 3661 4819 ἐμπορίαι
3701 4750 4009 4818 Αἰθιόπων,

745 4830 1001 4883 sublimes
1031 4830 1097 4882 ad
1130 4838 1180 4881 te
1211 4828 1539 4892 transibunt,
1587 4838 1642 4882 et
1675 4828 1768 4882 tibi
1817 4827 2077 4889 servient,
2115 4837 2168 4880 et
2196 4836 2302 4896 post

2421 4834 2508 4883 xui
2538 4831 2587 4883 οί
2617 4832 2851 4902 Σαὸαἳμ.
2874 4833 3063 4906 ἄνδρες
3085 4836 3281 4905 ὑψηλοὶ
3309 4837 3403 4889 ἐπὶ
3435 4839 3491 4891 σὲ
3513 4839 3881 4910 διαϐήσονται,
3911 4849 4014 4898 καὶ

747 4932 800 4972 te
845 4926 1140 4986 sequentur
1192 4916 1359 4969 vineti
1413 4916 1800 4984 compedibus,
1845 4925 1899 4968 et
1948 4917 2302 4969 curvabuntut

2425 4921 2504 4972 σοὶ
2536 4920 2745 4974 ἔσονται
2770 4923 2965 4989 δοῦλοι,
3002 4926 3095 4977 καὶ
3128 4925 3303 4978 ὀπίσω
3335 4945 3426 4980 σου
3457 4927 3884 5000 ἀκολουθήσουσι
3913 4932 4008 4987 δε-

749 5012 866 5074 tibi,
892 5019 946 5065 et
980 5011 1033 5063 in
1069 5018 1119 5062 te
1148 5009 1472 5073 adorabunt,
1507 5010 1629 5077 quia
1665 5008 1717 5060 in
1755 5018 1804 5061 te
1833 5007 1968 5061 Deus
2003 5018 2105 5070 est,
2137 5017 2186 5061 ct
2208 5021 2302 5062 non

2421 5011 2638 5081 δεμένοι
2677 5015 3019 5083 χειροπέδαις
3042 5033 3056 5046 ·
3091 5017 3182 5070 καὶ
3212 5020 3647 5088 προσκυνήσουσί
3683 5039 3784 5082 σοι,
3819 5024 3918 5078 καὶ
3951 5029 4012 5080 ἐν

746 5113 827 5154 cst
875 5101 1012 5154 Deus
1048 5109 1245 5170 praeter
1292 5110 1381 5154 te:
1413 5111 1466 5152 tu
1506 5112 1564 5152 es
1609 5099 1752 5153 enim
1802 5098 1939 5151 Deus
1989 5108 2040 5149 et
2083 5100 2302 5151 nescivi-

2424 5103 2504 5153 σοὶ
2552 5102 2970 5170 προσεύξονται⁶
3011 5107 3092 5160 ὅτι
3126 5109 3183 5161 ἐν
3218 5113 3299 5160 σοὶ
3343 5109 3372 5160 ό
3418 5109 3549 5173 Θεός
3579 5112 3729 5163 ἐστι·
3774 5113 3870 5166 καὶ
3905 5117 4012 5170 οὐκ

749 5208 886 5254 mus,
937 5191 1074 5243 Deus
1121 5188 1286 5244 lsrael
1335 5190 1656 5245 salvator”.
1692 5208 1709 5239 ι
1760 5187 1970 5243 Dictum
2024 5198 2107 5242 est
2151 5191 2302 5243 etiam

2421 5192 2536 5244 ἐστι
2561 5191 2691 5256 Θεὸς
2726 5193 2868 5265 πλήν
2895 5213 3009 5250 σου.
3043 5197 3114 5249 Σὺ
3141 5199 3248 5268 γάρ
3274 5193 3323 5252 εἶ
3349 5198 3480 5262 Θεὸς
3507 5202 3598 5253 καὶ
3625 5201 3723 5255 οὐκ
3753 5203 4008 5273 ᾔδειμεν,

748 5281 934 5350 procul
961 5281 1124 5336 dubio
1154 5283 1218 5335 ad
1242 5280 1459 5348 Filium,
1490 5297 1679 5336 rursus
1707 5291 1962 5349 tanquam
1987 5296 2049 5336 ex
2080 5295 2302 5350 persona

2418 5283 2597 5346 ὸΘεὺς
2618 5283 2711 5336 τοῦ
2755 5286 2969 5356 Ἰσραὴλ
2994 5289 3192 5358 σωτήρ.
3228 5307 3245 5341 ι
3274 5290 3500 5359 Εἴρηται
3529 5291 3584 5344 δέ
3615 5309 3716 5345 που
3746 5293 3885 5362 πρὸς
3916 5298 4013 5350 τὸν

753 5375 842 5424 Dei
874 5387 933 5426 ac
973 5373 1182 5426 Patris:
1219 5391 1238 5424 ι
1273 5373 1411 5428 Ecce
1445 5374 1599 5443 posui
1629 5383 1679 5425 te
1717 5375 1768 5426 in
1806 5382 2187 5426 testamentum
2221 5387 2302 5441 ge-

2422 5373 2566 5434 Υίὸν,
2593 5375 2666 5436 ὡς
2702 5375 2765 5429 ἐκ
2795 5376 3086 5446 προσώπου
3115 5378 3274 5432 πάλιν
3304 5379 3395 5432 τοῦ
3427 5379 3561 5433 Θεοῦ
3615 5382 3708 5434 καὶ
3753 5383 3977 5454 Πατρός
3995 5405 4007 5417 ·

752 5464 915 5524 neris,
943 5464 995 5517 in
1028 5464 1200 5518 lucem
1228 5465 1489 5530 gentium,
1521 5475 1578 5516 ut
1600 5465 1674 5517 sis
1707 5465 1759 5516 in
1787 5463 2013 5518 salutem
2046 5478 2214 5532 usque
2246 5466 2302 5518 ad

2419 5477 2444 5514 τ
2466 5465 2595 5518 Ἰδοὺ
2616 5465 2838 5520 τέθεικά
2862 5483 2920 5520 σε
2941 5470 3017 5531 είς
3044 5469 3307 5539 διαθήκην
3335 5472 3545 5540 γένους,
3568 5475 3647 5536 είς
3670 5474 3784 5542 φῶς
3805 5475 4008 5544 ἐθνῶν,

751 5565 1052 5607 extremum
1091 5565 1246 5607 terrae
1270 5555 1358 5606 ⁷⁸⁸.
1396 5573 1413 5604 ι
1450 5551 1655 5622 Populo
1683 5554 1827 5608 enim
1855 5567 1920 5606 ex
1952 5555 2214 5624 sanguine
2238 5569 2302 5608 ac

2407 5555 2502 5610 τοῦ
2552 5551 2692 5610 εἶναι
2742 5574 2800 5611 σε
2849 5560 2928 5622 είς
2978 5560 3251 5632 σωτηρίαν
3285 5562 3389 5625 ἕως
3422 5565 3652 5632 ἐσχάτου
3683 5567 3782 5635 τῆς
3811 5565 3942 5637 γῆς.
3983 5589 4002 5622 ι

816 5705 858 5790 ῗο
892 5703 1195 5790 ¹’ῐἸιῐιί-ιιι,
1235 5704 1318 5759 16.
1397 5705 1464 5790 ’.θ’
1489 5703 1681 5790 Dphes.
1715 5706 1916 5790 1113⁸10,
1939 5707 2037 5790 1'3:
2111 5709 2156 5739 ’ί
2193 5707 2302 5761 Psal

2407 5725 2500 5790 V‘llh.
2533 5708 2657 5790 12:“
2697 5713 2745 5790 ξ’
2781 5709 2957 5765 Galat.
2989 5730 3059 5790 ty,
3090 5717 3141 5771 4.
3222 5719 3267 5750 ⁷³
3300 5720 3344 5774 ll
3375 5720 3518 5776 l’etr.
3553 5739 3592 5790 t,
3625 5723 3676 5777 ι.
3752 5723 3801 5758 ’⁸
3835 5722 4001 5782 Rom.

749 5789 864 5835 τιιι,
892 5777 980 5828 Si.
1057 5775 1100 5805 ⁷⁸
1141 5777 1240 5828 lsa.
1272 5792 1380 5834 ut,
1412 5777 1469 5838 l;
1504 5777 1632 5830 Luc.
1670 5792 1741 5840 ιν,
1776 5777 1862 5831 19.
1939 5777 1982 5807 ’⁸
2022 5775 2121 5832 lsa.
2161 5793 2279 5844 tu,

2427 5780 2515 5835 15.
2593 5782 2658 5812 ⁷⁸⁸
2695 5779 2798 5836 lsa.
2827 5797 2972 5841 suis.
3002 5784 3032 5838 6
