4112 6490
97 410 165 467 H3

102 626 294 700 Ἰσραὴλ
332 633 460 705 τὴν
528 638 791 712 Καινὴν
844 643 1149 714 Διαθήκην,
1192 626 1597 722 παὶαιωθείσης
1646 654 1748 722 τῆς

91 722 318 794 πρώτης·
365 730 677 799 ἐπέφανε
739 734 804 787 δὲ
860 737 954 789 καὶ
994 738 1154 807 μέχρι
1202 742 1490 810 τερμάτων
1517 745 1615 814 τῆς
1644 746 1748 798 ὑπ’

95 817 328 885 αὕρανδν.
371 825 522 886 τοῖς
566 825 694 878 ἀνὰ
722 828 916 880 πᾶσαν
948 845 1126 897 χωραν
1162 847 1220 882 τε
1262 833 1354 884 καὶ
1387 834 1540 887 πόλιν
1569 836 1745 890 ἔθνεσί

103 920 145 955 τε
192 908 287 959 καὶ
338 907 560 976 λαοῖς.
594 914 1103 985 Προσκεκυνήκασι
1137 919 1246 990 γὰρ
1291 923 1460 993 αὐτῷ,
1495 925 1589 977 καὶ
1640 926 1746 996 μὴν

102 997 189 1049 καὶ
234 998 493 1056 tantum
560 1007 825 1076 νοητῶς,
879 1010 1174 1080 ἀρρήκτοις
1220 1014 1441 1084 ἀγάπης
1492 1017 1744 1088 δεσμοῖς,

111 1088 361 1162 καθάπερ
395 1094 532 1146 τισὶ
567 1098 934 1166 χειροπέδαις
962 1101 1311 1171 ὲνισχημένα,
1338 1106 1431 1159 καὶ
1462 1111 1745 1179 μονονουχὶ

115 1180 347 1248 λέγοντα
398 1184 468 1237 τδ
530 1185 634 1240 διὰ
672 1188 862 1257 φωνῆς
904 1191 1199 1261 Ἰερεμίου·
1238 1211 1257 1245 ι
1281 1195 1412 1249 Ἰδοὺ
1443 1198 1550 1251 οἶδε
1585 1203 1743 1270 ἡμεῖς

125 1273 366 1342 ἐσόμεθὰ
396 1291 512 1340 σοι,
554 1277 647 1329 ὅτι
677 1279 742 1331 σὺ
771 1278 974 1350 Κύριος
999 1282 1026 1333 ὁ
1050 1282 1179 1344 Θεὸς
1207 1284 1363 1353 ήμῶν
1388 1283 1456 1340 εἴ.
1488 1289 1661 1359 »Ὅρα
1686 1292 1744 1345 δέ

135 1381 219 1431 μοι
241 1363 355 1416 τῶν
380 1367 766 1435 προφητικῶν
787 1370 1001 1422 ἐννοιῶν
1018 1370 1115 1441 τὴν
1135 1374 1463 1445 ἐγρήγορσιν
1483 1395 1497 1411 ο
1526 1397 1545 1431 ι
1577 1382 1745 1451 Προσ-

139 1455 440 1525 κυνήσουσί
477 1473 596 1519 σοι,
634 1459 789 1527 φησι,
821 1461 913 1513 καὶ
946 1463 1004 1513 ὲν
1037 1463 1114 1520 σοὶ
1144 1468 1551 1535 προσεύξονται,
1581 1474 1661 1526 ὄτι
1687 1477 1744 1528 ὲν

144 1552 219 1602 σοι
252 1551 393 1614 Θεός
430 1555 580 1615 ἐστι,
614 1555 711 1609 καὶ
739 1556 837 1607 οὐκ
875 1556 990 1610 ἐστι
1017 1558 1149 1623 Θεὸς
1196 1562 1336 1634 πλήν
1386 1583 1479 1619 σου
1502 1584 1515 1598 ·
1557 1586 1575 1621 ι
1625 1571 1743 1642 ᾔδει

143 1648 236 1713 μὲν
278 1642 382 1700 οὖν
428 1650 915 1721 ὁμολογουμένως.
949 1655 1023 1718 ὡς
1065 1662 1508 1731 πνευματοφόρος
1544 1665 1637 1718 τὸν
1679 1668 1743 1721 ὲκ

139 1741 276 1794 Θεοῦ
310 1742 533 1812 Πατρός
567 1744 741 1811 Λόγον
771 1747 827 1799 ἐν
859 1748 987 1815 ἡμῖν
1018 1750 1372 1819 σκηνώσαντα
1397 1753 1505 1825 [ῑσ.
1534 1758 1743 1829 σκηνώ-

137 1832 362 1905 σογτα],
396 1834 548 1888 καθά
578 1852 743 1901 φησιν
771 1839 798 1889 ὀ
825 1840 1096 1910 μακάριος
1127 1843 1516 1918 εὐαγγελιστὴς
1556 1851 1740 1904 Ἰωάν-

138 1942 266 1993 νηςο
301 1924 489 1996 ταύτῃ
518 1925 601 1977 τοί
635 1943 821 1996 φησιν,
841 1929 921 1981 ὅτι
960 1948 978 1981 ι
1004 1931 1092 1984 Ἐν
1115 1934 1196 1986 σοὶ
1218 1935 1353 1999 Θεός
1380 1939 1524 1991 ἐστι·
1557 1958 1575 1992 ο
1605 1940 1743 2010 πλὴν

136 2019 237 2070 οὐκ
273 2020 366 2080 εἰς
413 2016 510 2071 δύο
541 2017 834 2087 τέμνεσθαι
865 2020 1031 2084 Θεοὺς
1064 2025 1453 2096 συγκεχώρηκε
1482 2028 1571 2082 τὸν
1611 2031 1744 2101 Ἐμ-

141 2110 401 2179 μανσυήλ
420 2124 435 2137 ο
470 2109 584 2162 ἀλλ’
608 2112 655 2161 εί
686 2111 778 2163 καὶ⁵
806 2112 1026 2180 γέγονεν
1046 2113 1333 2185 ἄνθρωπος
1360 2121 1387 2170 ὁ
1409 2120 1741 2192 Μονογενὴς,

138 2202 236 2252 ἱνα
259 2200 368 2253 καὶ
391 2198 571 2262 οὕτως
596 2199 866 2269 ὡμολόγει
896 2202 1057 2256 πάλιν
1086 2204 1246 2257 αὐτόν
1264 2222 1278 2236 ·
1304 2209 1397 2260 καὶ
1423 2208 1552 2275 γοῦν
1578 2211 1741 2277 εὐθὺς

141 2293 647 2361 προσεπήνεγκεν,
695 2294 777 2345 ὅτι
831 2311 850 2343 ι
882 2294 994 2347 Οὐκ
1032 2294 1147 2347 ἐστι
1198 2295 1331 2360 Θεὸς
1379 2298 1519 2369 πλὴν
1569 2301 1685 2354 σοῦ.
1717 2321 1735 2354 ι

152 2380 455 2450 ἐπιτήρει
496 2379 605 2451 γὰρ
637 2379 880 2451 ἀκριϐῶς
923 2382 1022 2452 τὴν
1060 2382 1154 2436 τοῦ
1200 2387 1478 2455 προφήτου
1530 2394 1736 2461 φωνήν.

143 2472 628 2541 Προσηγορευκὼς
647 2471 867 2542 γὰρ,ὼς
889 2473 1044 2543 ἔφην,
1065 2475 1146 2527 ὅτι
1164 2476 1250 2528 Ἑν
1268 2477 1350 2529 σοὶ
1374 2478 1545 2542 όΘεός
1568 2484 1737 2548 ἐστιν,

138 2564 199 2612 οὗ
240 2562 668 2631 προστέθεικεν,
698 2564 779 2616 ὅτι
808 2564 917 2617 Καὶ
953 2565 1051 2618 οὐκ
1080 2565 1195 2619 ἔστι
1225 2567 1357 2631 Θεὸς
1390 2569 1531 2642 πλὴν
1560 2572 1652 2624 τοῦ
1682 2573 1741 2627 ιν

140 2655 250 2718 σοι,
289 2652 413 2707 ἀλλ’
450 2655 532 2716 είς
582 2655 807 2725 ἑνότητα
856 2656 1188 2723 συνενεγκὼν
1222 2660 1593 2733 οἰκονομικὴν,
1626 2664 1739 2717 οὐκ

138 2746 282 2810 εστι,
314 2744 480 2814 φησι,
511 2744 646 2809 Θεὸς
691 2746 831 2816 πλὴν
879 2744 996 2800 σοῦ.
1028 2747 1150 2800 Ὀτι
1176 2748 1232 2800 δὲ
1257 2748 1543 2819 ἄνθρωπος
1581 2768 1739 2821 γεγο·

138 2838 249 2899 νὼς
284 2838 317 2888 ό
348 2834 651 2905 μονογενὴς
678 2836 771 2889 τοῦ
802 2836 941 2890 Θεοῦ
967 2837 1159 2906 Λόγος,
1182 2838 1271 2892 διὰ
1293 2841 1474 2911 πάσης
1496 2844 1592 2913 τῆς
1619 2844 1740 2897 θεο·

142 2926 420 2979 πνεῦστου
473 2924 716 2995 Γραφῇ,
756 2927 831 2991 ὼς
884 2928 1013 2993 ἔπος
1058 2932 1250 2992 εἰπεῖν,
1286 2933 1733 3001 καταγγέλλεται,

140 3016 228 3068 διὰ
248 3015 417 3067 alsia
428 3031 528 3066 των
552 3013 651 3083 μὲν
678 3015 818 3067 ὅσων
837 3017 1044 3071 ἀκονιτὶ
1068 3020 1376 3086 καταδεῖξαι
1402 3024 1531 3093 ῥᾷον
1552 3040 1564 3052 ·
1590 3025 1698 3077 ἀπό

144 3119 249 3170 χρη
284 3102 368 3169 δὲ,
403 3094 583 3171 οἶμαι.
616 3101 753 3170 πρὸς
789 3103 1038 3174 τδπαρὸν
1058 3107 1233 3159 ἐκεῖνο
1256 3110 1606 3180 εἰπεῖν.Ἕφη
1628 3113 1737 3181 γάρ

147 3210 247 3245 που
276 3193 417 3256 Θεὸς
445 3192 583 3262 πρὸς
605 3192 695 3246 τὸν
719 3193 989 3265 μακάριον
1013 3195 1176 3249 Δαὸίδ
1195 3212 1207 3225 ⁸
1248 3216 1265 3249 ι
1296 3199 1405 3251 Καὶ
1449 3199 1737 3271 ἀναστήσω
1763 3235 1805 3295 C

146 3284 209 3336 tx
228 3282 329 3335 τοῦ
352 3283 671 3354 σπέρματός
692 3300 785 3337 σου
815 3285 951 3355 μετά
975 3286 1055 3349 σὲ,
1071 3285 1129 3349 δς
1152 3285 1306 3340 ἔσται
1329 3289 1393 3340 ὲκ
1412 3289 1509 3359 τῆς
1528 3290 1737 3355 κοιλίας

149 3393 243 3429 σου
262 3394 276 3406 ·
305 3377 402 3429 καὶ
422 3376 699 3445 ἑτοιμάσω
721 3377 817 3448 τὴν
835 3378 1108 3447 βασιλείαν
1130 3378 1294 3433 αὐτοῦ
1314 3396 1330 3413 ·
1352 3380 1513 3446 αὐτὸς
1534 3384 1738 3438 οἰκοδο-

150 3468 222 3536 μή
231 3482 315 3518 σει
340 3462 492 3518 οἷκον
506 3466 587 3535 τῷ
607 3466 831 3534 ὀνόματί
858 3483 981 3536 μου.
1002 3469 1110 3522 Καὶ
1126 3470 1418 3540 ἀνορθώσω
1436 3473 1526 3525 τὸν
1549 3473 1736 3543 θρόνον

150 3558 314 3611 αὑτοῦ
338 3558 446 3620 ἕως
467 3558 547 3619 εἰς
569 3557 659 3609 τὸν
680 3556 870 3612 αίῶνα.
886 3559 995 3611 Καὶ
1016 3556 1125 3625 ἐγὼ
1144 3559 1335 3629 ἔσομαι
1360 3562 1508 3632 αὐτῷ
1528 3565 1607 3625 είς
1626 3564 1737 3616 Πα-

150 3649 303 3718 τέρα,
320 3648 416 3702 καὶ
440 3647 605 3709 αὐτὸς
628 3646 779 3700 ἔσται
799 3663 888 3716 μοι
908 3648 986 3710 είς
1012 3647 1158 3701 Υίόν.
1175 3667 1191 3699 ι
1214 3648 1374 3713 Ἀλλ’,
1400 3645 1576 3719 οἶμαι,
1603 3654 1733 3722 φαίη

152 3755 229 3801 τις
257 3740 347 3799 ἂν,
365 3739 469 3791 οὐκ
494 3737 589 3791 ἐπί
619 3753 682 3806 γε
700 3736 1429 3811 τῷ,Ἐμμανουὴλ,είρῆσθαι
1454 3742 1511 3794 δὲ
1535 3742 1736 3812 μᾶλλον

152 3830 240 3881 ἰπὶ
277 3830 590 3900 Σολομῶντι
620 3829 798 3886 ταυτί.
832 3828 1044 3891 Παῦλός
1073 3846 1134 3898 γε
1167 3831 1272 3902 μὴν
1318 3834 1348 3884 ό
1385 3834 1723 3901 σοφώτατος,

152 3921 259 3980 τοῖς
303 3920 484 3981 οὕτως
532 3918 775 3972 ἐθέλουσι
834 3920 995 3983 νοεῖν,
1048 3919 1389 3983 ἀντιτάξεται
1449 3924 1732 3990 γεννικῶς,

150 4008 362 4077 δέχεται
389 4010 503 4079 γὰρ
528 4009 621 4061 ἐπὶ
646 4009 866 4079 Χριστῷ
893 4011 990 4072 τὰς
1017 4012 1231 4079 φωνάς·
1263 4012 1355 4066 καὶ
1393 4012 1555 4067 αὐτὸν
1589 4011 1732 4068 εἷναί

152 4117 280 4167 quo:
322 4103 463 4171 πρὸς
498 4101 558 4153 ὃν
595 4102 809 4169 εἴρηται
848 4103 1001 4171 παρὰ
1033 4101 1125 4154 τοῦ
1174 4101 1309 4155 Θεοῦ
1353 4105 1447 4156 καὶ
1487 4105 1721 4174 Πατρὸς,

150 4191 227 4242 δτι
264 4192 541 4259 «Ἐσομαι
563 4191 712 4260 αὺτῷ
736 4191 813 4253 είς
843 4191 1083 4261 Πατέρα,
1128 4192 1222 4245 καὶ
1257 4192 1419 4257 αὐτὸς
1453 4194 1606 4248 ἔσται
1642 4214 1733 4265 μοι

152 4277 223 4343 εἰς
278 4282 429 4333 Υἱόν.
460 4298 478 4331 ι
514 4280 638 4332 Ὅτι
682 4281 737 4333 δὲ
784 4280 906 4334 καθ’
944 4282 1093 4351 ἡμᾶς
1146 4282 1404 4359 γεγονὼς,
1456 4286 1732 4339 τουτέστιν

150 4373 459 4442 ἄνθρωπος,
500 4372 876 4443 ἱερουργήσειν
909 4370 1103 4442 ἔμελλε
1142 4373 1219 4443 τῷ
1260 4372 1377 4443 Θεῷ
1410 4374 1501 4426 καὶ
1533 4377 1728 4447 Πατρὶ,

149 4461 235 4512 ειιά
286 4462 387 4529 τῆς
444 4461 524 4520 εἰς
572 4458 733 4511 αὑτὸν
788 4459 1023 4523 πίστεως
1079 4464 1430 4533 σεσωσμένην
1479 4465 1577 4533 τὴν
1639 4466 1730 4518 ὑπ’

1262 437 1631 497 ADVERSUS
1669 443 2076 503 NESTORIUM
2120 450 2242 507 LIB.
2285 454 2371 507 Ill.

90 532 511 610 Νενομοθέτηκε
558 548 688 615 μὲν
726 551 851 621 γὰρ
886 551 975 603 τὸν
1001 551 1054 618 ἐξ
1086 554 1313 623 αἵματός
1343 573 1399 609 τε
1432 560 1524 612 καὶ
1556 563 1737 629 γένους

1846 580 2039 633 genere
2090 572 2247 626 Israel
2305 574 2422 628 tulit
2473 575 2613 643 leges
2663 575 2795 632 Novi

3322 473 3420 526 iiIi

2847 582 3200 650 Testamenti,
3242 591 3421 656 priore

1847 656 1958 724 jam
2001 659 2304 726 antiquato,
2349 663 2523 715 illuxit
2555 664 2715 718 etiam
2746 683 2915 735 usque
2948 673 3011 725 ad
3047 676 3304 731 terminos
3333 694 3421 732 or-

1851 746 1933 798 bis
1977 756 2243 802 terrarum
2293 753 2540 820 gentibus
2590 772 2652 810 ac
2696 760 2905 828 populis
2955 764 3047 833 qui
3102 781 3196 832 per
3233 784 3421 824 omnes

1849 839 2098 904 regiones
2136 852 2190 894 et
2232 845 2393 898 urbes
2438 857 2595 899 erant
2626 866 2638 902 :
2669 865 2791 903 nam
2836 852 2984 907 illum
3028 856 3419 922 adoraverunt,

1851 934 2017 995 atque
2051 930 2215 984 etiam
2241 932 2558 997 spiritaliter
2590 947 2910 1005 sequuntur,
2942 942 3110 999 ﬁrmis
3139 945 3422 1001 charitatis

1845 1018 2077 1074 vinculis
2136 1021 2297 1075 veluti
2343 1024 2662 1092 quibusdam
2731 1032 3079 1098 compedibus
3142 1037 3302 1099 nexi,
3355 1051 3418 1090 ac

1847 1111 2235 1177 propemodum
2292 1112 2422 1166 illud
2461 1113 2712 1171 Jeremia:
2770 1120 3052 1175 dicentes:
3088 1142 3105 1173 ι
3140 1124 3275 1178 Ecce
3322 1127 3417 1195 ipsi

1846 1212 1947 1253 nos
1995 1201 2200 1255 erimus
2261 1203 2388 1269 tibi,
2444 1207 2567 1273 quia
2622 1216 2677 1261 tu
2738 1208 2996 1266 Dominus
3050 1212 3191 1267 Deus
3238 1226 3420 1269 noster

1844 1301 1904 1342 es
1926 1289 1993 1341 ".
2022 1308 2043 1341 ι
2065 1290 2142 1346 Ac
2156 1293 2292 1354 vide.
2327 1310 2529 1363 quaeso,
2561 1299 2988 1369 propheticarum
3012 1305 3405 1359 sententiarum

1846 1378 2199 1449 vigilantiam.
2238 1384 2669 1441 «Curvabuntur
2720 1390 2840 1457 tibi,
2898 1392 3103 1460 inquit,
3156 1403 3210 1447 et
3264 1396 3314 1448 in
3363 1406 3413 1449 te

1846 1469 2175 1533 adorabunt,
2228 1476 2353 1542 quia
2408 1476 2461 1528 in
2498 1486 2547 1530 te
2581 1476 2723 1532 Deus
2750 1489 2854 1544 est,
2899 1491 2954 1536 et
3000 1498 3103 1538 non
3153 1494 3238 1541 est
3278 1484 3417 1541 Deus

1845 1566 2041 1626 praeter
2070 1569 2121 1614 te
2140 1559 2187 1591 ⁷⁸
2216 1580 2229 1615 :
2266 1581 2283 1612 ι
2322 1578 2444 1616 nam
2478 1574 2536 1618 ut
2567 1567 2756 1635 spiritu
2784 1568 3071 1626 instinctus
3097 1582 3248 1627 certo
3278 1577 3417 1630 scie-

1844 1646 1955 1711 bat,
2008 1646 2101 1702 Dei
2147 1648 2322 1706 Patris
2362 1652 2596 1707 Verbum
2645 1657 2697 1709 in
2745 1659 2899 1713 nobis
2934 1661 3320 1729 habitaturum,
3360 1674 3415 1717 ut

1844 1738 2020 1807 inquit
2058 1740 2248 1794 beatus
2276 1744 2605 1812 evangelista
2634 1743 2976 1815 Joannes";
3012 1750 3112 1804 hac
3154 1753 3219 1806 dc
3252 1767 3414 1806 causa

1844 1830 1963 1883 ait:
2002 1848 2019 1881 ι
2052 1831 2104 1883 In
2154 1842 2207 1885 te
2246 1833 2386 1887 Deus
2428 1842 2535 1898 est,
2586 1852 2605 1885 ι
2661 1850 2834 1904 neque
2881 1846 3058 1893 tamen
3109 1856 3297 1908 passus
3332 1854 3415 1897 εει

1775 1906 1816 1961 Β
1848 1921 2252 1976 Emmanuelem
2286 1923 2337 1976 in
2362 1924 2466 1977 duo
2490 1924 2686 1993 dividi;
2719 1928 2810 1981 sed
2835 1932 3081 1997 quamvis
3104 1906 3194 1986 ille
3227 1931 3415 2002 Unige-

1845 2013 1988 2067 nitus
2023 2015 2094 2067 sit
2118 2014 2289 2069 factus
2318 2016 2499 2080 homo,
2533 2016 2613 2071 sic
2639 2032 2853 2086 quoque
2887 2034 3051 2073 unum
3079 2036 3266 2076 rursus
3292 2037 3410 2077 esse

1844 2103 2133 2169 fatebatur,
2179 2106 2405 2175 ideoque
2457 2107 2637 2162 intulit
2678 2110 2859 2163 statim
2893 2126 2908 2164 :
2943 2129 2961 2161 ι
2996 2109 3112 2165 Non
3148 2121 3231 2165 est
3274 2113 3415 2166 Deus

1842 2206 2036 2265 praeter
2078 2206 2149 2251 te.
2186 2215 2204 2247 ι
2242 2197 2482 2251 Observa
2532 2214 2766 2268 namque
2810 2200 3096 2269 diligenter
3141 2204 3413 2272 propheta:

1841 2302 2027 2341 vocem
2052 2306 2065 2342 :
2091 2303 2210 2344 cum
2240 2290 2408 2353 enim,
2436 2297 2495 2342 ut
2529 2289 2660 2355 dixi,
2688 2288 2951 2345 allocutus
2978 2302 3122 2346 esset
3154 2310 3275 2347 eum
3327 2296 3411 2350 liis

1840 2378 2063 2433 verbis:
2098 2398 2117 2429 ι
2163 2378 2220 2432 In
2251 2390 2303 2432 te
2348 2390 2431 2433 est
2478 2378 2657 2445 Deus;
2687 2398 2704 2429 ι
2754 2395 2858 2434 non
2907 2380 3100 2448 adjecit
3135 2401 3148 2435 :
3181 2382 3291 2436 Non
3329 2397 3413 2438 est

1842 2470 1982 2523 Deus
2013 2480 2209 2539 praeter
2244 2470 2393 2524 illum
2445 2470 2535 2539 qui
2578 2480 2661 2525 est
2701 2472 2751 2523 in
2800 2482 2870 2532 te.
2921 2473 3015 2526 sed
3062 2474 3113 2527 in
3152 2475 3408 2529 unitatem

1848 2560 2305 2627 dispensatoriam
2349 2561 2763 2630 conjungendo:
2792 2579 2811 2612 ι
2843 2560 2958 2615 Non
2999 2571 3085 2615 est
3122 2562 3282 2628 Deus,
3328 2566 3409 2618 irt—

1841 2647 1975 2716 quit,
2012 2657 2208 2713 prater
2237 2657 2309 2702 te.
2339 2667 2357 2700 ι
2404 2649 2573 2703 Porro
2605 2649 2939 2717 unigenitum
2991 2648 3120 2703 illud
3150 2649 3238 2704 Dei
3283 2648 3412 2705 Ver-

1839 2738 1964 2795 bum
2000 2739 2269 2794 hominem
2303 2739 2530 2803 factum,
2562 2754 2657 2808 per
2679 2754 2867 2794 omnes
2890 2740 3146 2796 divinitus
3184 2741 3415 2809 inspira-

1840 2838 1906 2882 ιω
1944 2829 2237 2898 Scriptura:
2270 2829 2502 2896 litteras,
2538 2837 2595 2882 ut
2622 2828 2696 2883 ita
2737 2829 2933 2895 dicam,
2956 2830 3262 2900 praedicari,
3293 2846 3411 2900 per-

1840 2918 1997 2974 facile
2046 2927 2127 2975 est
2180 2919 2592 2989 quamplurimis
2655 2919 2789 2975 locis
2839 2922 3158 2985 ostendere,
3210 2924 3302 2977 sed
3346 2925 3411 2978 ad

1838 3026 2076 3080 praesens
2108 3011 2237 3066 illud
2274 3011 2477 3065 dixisse
2518 3010 2648 3064 satis
2684 3010 2806 3064 erit.
2838 3010 2981 3064 Dixit
3010 3013 3150 3067 enim
3182 3014 3320 3069 Deus
3345 3015 3410 3069 ad

1839 3108 2053 3161 beatum
2094 3106 2260 3160 David
2291 3123 2305 3159 :
2336 3124 2353 3158 ι
2387 3104 2454 3158 Ει
2496 3103 2773 3159 suscitabo
2806 3105 2873 3159 de
2924 3106 3127 3161 semine
3160 3116 3250 3161 tuo
3292 3118 3414 3172 post

1839 3206 1915 3261 te,
1954 3199 2043 3268 qui
2088 3200 2195 3253 erit
2237 3198 2303 3252 de
2337 3206 2523 3250 ventre
2568 3204 2680 3261 tuo,
2726 3206 2781 3250 et
2824 3197 3136 3265 praeparabo
3190 3213 3413 3269 regnum

1841 3291 1956 3357 ejus
1993 3291 2149 3355 :ipse
2182 3288 2471 3344 aadiﬁcabit
2514 3287 2732 3343 domum
2773 3287 2977 3341 nomini
3013 3301 3167 3343 meo:
3204 3299 3259 3342 et
3298 3290 3410 3342 eri-

1841 3390 1965 3449 gam
2009 3379 2203 3433 solium
2234 3377 2351 3447 ejus
2382 3391 2548 3445 usque
2577 3376 2629 3430 in
2679 3377 2934 3431 smculum
2968 3394 2979 3429 :
3012 3385 3066 3431 et
3097 3392 3197 3446 ego
3230 3392 3326 3432 ero
3359 3379 3407 3431 ei

1840 3470 1892 3524 in
1917 3469 2152 3533 Patrem,
2172 3479 2225 3522 et
2248 3468 2363 3537 ipse
2388 3468 2493 3523 erit
2514 3466 2643 3521 mihi
2662 3468 2715 3521 in
2741 3466 2938 3522 Filium
2956 3467 3023 3520 '°.
3058 3486 3076 3518 ι
3108 3467 3213 3521 Sed
3242 3468 3404 3533 dicet,

1839 3560 2063 3626 opinor,
2109 3560 2323 3627 aliquis,
2360 3558 2473 3612 hac
2510 3574 2612 3612 non
2640 3558 2694 3611 in
2738 3558 3165 3622 Emmanuelem,
3219 3560 3310 3613 sed
3358 3561 3409 3613 in

1842 3648 1952 3720 63
2008 3647 2349 3702 Salomonem
2395 3648 2537 3701 dicta
2587 3646 2773 3705 fuisse.
2822 3648 2926 3702 Sed
2980 3650 3163 3703 beatus
3214 3648 3411 3702 Paulus

1839 3739 2154 3795 hominlbus
2193 3739 2264 3792 ita
2301 3738 2663 3793 sentientibus
2694 3747 2915 3792 strenue
2942 3737 3189 3801 obsistet,
3222 3738 3310 3806 qui
3347 3739 3411 3791 de

1836 3831 2055 3886 Christo
2090 3829 2190 3883 has
2220 3844 2380 3883 voces
2412 3830 2630 3899 accipit,
2667 3830 2946 3898 ipsumque
2979 3844 3099 3883 esse
3129 3830 3323 3883 asserit
3356 3829 3406 3882 in

1836 3936 1994 3991 quem
2032 3921 2233 3975 dictum
2262 3920 2389 3974 sita
2423 3920 2531 3974 Deo
2559 3929 2614 3974 et
2644 3919 2805 3974 Patre
2834 3937 2847 3973 :
2885 3938 2904 3971 ‹
2945 3919 3051 3972 Ero
3082 3917 3155 3972 illi
3201 3920 3253 3972 in
3309 3917 3408 3972 Pa-

1838 4024 1993 4077 trem,
2040 4021 2094 4067 et
2144 4013 2258 4081 ipse
2305 4013 2409 4065 erit
2462 4010 2591 4065 mihi
2652 4011 2704 4064 in
2758 4010 2951 4064 Filium
2978 4008 3045 4065 ".
3077 4028 3096 4061 ι
3147 4009 3404 4062 Eumdem

1833 4112 1997 4175 porro
2025 4105 2196 4158 nostri
2226 4103 2457 4157 similem
2488 4102 2709 4166 factum,
2744 4102 2796 4155 id
2825 4109 2928 4166 est,
2955 4100 3251 4164 hominem,
3286 4100 3401 4152 fore

1837 4205 1894 4248 ut
1928 4195 2034 4247 Deo
2082 4205 2134 4248 et
2183 4192 2329 4245 Patri
2385 4192 2719 4245 sacrificaret
2766 4190 2950 4243 orbem
3002 4196 3269 4241 terrarum
3314 4200 3408 4255 per

1837 4287 1997 4339 iidem
2040 4285 2092 4339 in
2128 4298 2186 4338 se
2220 4282 2557 4337 credentium
2597 4280 2881 4345 salvatum,
2915 4278 3210 4333 declaravit
3252 4278 3402 4339 alibi,

1838 4375 2024 4428 dicens
2066 4388 2079 4425 :
2120 4391 2136 4423 ι
2169 4372 2235 4426 Ει
2283 4370 2554 4424 suscitabo
2606 4368 2734 4421 mihi
2784 4368 3125 4422 sacerdotem
3172 4365 3405 4427 fidelem,

1835 4464 1927 4533 qui
1964 4463 2144 4518 omnia
2182 4476 2299 4530 quae
2327 4468 2456 4513 sunt
2492 4459 2543 4511 in
2575 4456 2739 4511 corde
2772 4464 2827 4509 et
2861 4455 3039 4508 anima
3075 4468 3195 4508 mea
3226 4453 3404 4516 faciet,

149 4554 397 4621 οὐρανὸν,
438 4551 679 4619 διεσάφει
707 4551 880 4619 λέγων
906 4553 962 4605 ὲν
986 4552 1192 4623 ἑτέροις
1217 4571 1229 4583 ⁸
1272 4575 1289 4606 ι
1312 4557 1420 4609 Καὶ
1441 4558 1731 4629 ἀναστήσω

1839 4564 1889 4608 et
1931 4552 2208 4606 aediﬁcabo
2238 4552 2285 4603 ei
2327 4550 2542 4603 domum
2594 4545 2828 4609 ﬁdelem,
2881 4554 2937 4599 et
2990 4545 3238 4599 transibit
3282 4553 3407 4598 ante

149 4643 376 4713 ἐμαυτῷ
435 4641 589 4711 ἱερέα
626 4642 834 4707 πιστὸν,
877 4642 937 4705 ὃς
988 4644 1163 4697 πάντα
1214 4646 1283 4698 τὰ
1331 4647 1389 4699 ὲν
1428 4651 1492 4718 τῇ
1535 4650 1730 4721 καρδίᾳ

150 4750 272 4798 μου,
300 4732 399 4785 καὶ
430 4732 488 4783 ὲν
520 4734 585 4800 τῇ
635 4730 778 4801 ψυχῇ
825 4748 923 4801 μου
960 4734 1208 4803 ποιήσει’
1259 4736 1350 4787 καὶ
1391 4737 1730 4808 οίκοδομήσω

146 4821 298 4891 αὺτῷ
346 4817 499 4874 οἷκον
549 4821 738 4873 πιστόν
766 4837 779 4850 ’
832 4823 927 4875 καὶ
974 4824 1309 4879 διελεύσεται
1353 4825 1581 4880 ἐνώπιόν
1632 4846 1731 4897 μου

148 4915 330 4975 πάσας
373 4911 477 4974 τὰς
530 4911 803 4981 ἡμέρας.»
846 4912 1033 4984 ’Δθρει
1073 4916 1135 4985 δή
1188 4933 1278 4986 μοι
1336 4916 1520 4982 πάλιν,
1554 4916 1627 4981 ὡς
1676 4921 1732 4972 ὲν

150 5004 360 5070 ἑτέροις
396 5000 589 5062 είπὼν,
630 5020 647 5051 ι
678 4996 846 5064 Οὗτος
878 5004 1219 5075 οἰκοδομήσει
1255 5002 1403 5059 οἷκον
1419 5008 1494 5077 τῷ
1511 5006 1734 5077 ὀνόματί

154 5107 277 5156 μου,
311 5109 329 5140 ι
367 5089 449 5158 τῷ
487 5089 602 5158 Υίῷ
633 5090 725 5142 τὸν
755 5085 902 5142 οἷκον
932 5092 1173 5162 ἐγείρειν
1195 5095 1223 5145 ό
1253 5094 1441 5165 Πατήρ
1468 5096 1735 5163 ὲπαγγέλο

148 5180 320 5234 λεται.
350 5182 463 5235 Καὶ
491 5180 652 5233 τοῦτο
685 5180 863 5245 συνεὶς
882 5183 910 5235 ό
940 5181 1225 5247 θεσπέσιος
1251 5186 1482 5251 Παῦλος,
1526 5189 1727 5242 Μωσέα

157 5271 252 5336 μὲν
294 5271 395 5341 ἔφη
433 5270 626 5323 πιστὸν
668 5272 726 5323 ὲν
759 5272 864 5341 ὅλῳ
908 5274 1161 5340 γενέσθαι
1203 5275 1283 5345 τῷ
1340 5277 1474 5347 οἴκῳ
1509 5295 1631 5348 μου,
1669 5280 1731 5331 τὸ

157 5362 416 5415 οἰκετικὸν
455 5362 645 5431 ἔχοντα
680 5363 898 5432 μέτρον,
947 5366 1181 5434 Χριστόν
1226 5384 1288 5432 γε
1334 5369 1438 5439 μὴν
1486 5371 1560 5433 ὡς
1603 5372 1729 5423 Υίδν

162 5451 245 5503 ἐπὶ
273 5454 360 5504 τὸν
409 5449 557 5506 οἷκον
602 5454 793 5514 αὐτοῦ,
830 5451 890 5507 οῦ
927 5451 1072 5519 οἶκος
1103 5458 1267 5527 ἐσμὲν
1306 5462 1482 5529 ἡμεῖς.
1519 5462 1737 5530 Τρόπος

165 5540 215 5593 δὲ
256 5544 349 5614 τῆς
394 5545 708 5618 ίερουργίας
756 5545 926 5615 αὐτῷ,
969 5547 1039 5599 τὰ
1084 5548 1206 5602 καθ’
1228 5552 1401 5621 ἡμᾶς’
1455 5553 1550 5621 οὐχ
1590 5547 1727 5621 αἷμα

228 5725 269 5755 ”
296 5726 485 5785 Jerem.
517 5748 601 5797 ttt,
627 5733 725 5786 29..
806 5731 848 5765 ⁷⁸
877 5730 978 5784 Isa.
1013 5746 1131 5792 ην,
1167 5730 1249 5783 Η.
1330 5730 1374 5761 ⁷⁹
1404 5728 1555 5785 Joan.
1585 5746 1597 5783 ι
1625 5770 1637 5787 .
1670 5728 1756 5781 H.-

187 5793 232 5848 5.
301 5800 340 5832 ⁸²
371 5800 387 5857 Ι
424 5802 555 5874 Heg.
587 5793 652 5869 it,
681 5800 775 5858 55.
892 5799 937 5830 ⁸³
972 5799 1011 5852 ΙΙ
1047 5798 1177 5865 Reg.
1208 5816 1241 5863 I,
1276 5800 1358 5855 l3.

1836 4659 1922 4699 me
1968 4642 2220 4696 omnibus
2263 4639 2455 4693 diebus
2478 4639 2544 4689 θ’.
2588 4656 2607 4689 ι
2639 4636 2759 4691 Jam
2801 4635 2927 4689 illud
2966 4650 3147 4703 quaeso
3187 4648 3400 4687 rursum

1833 4732 2137 4796 considera,
2174 4731 2314 4800 quod
2364 4744 2483 4781 cum
2517 4726 2643 4780 alibi
2679 4726 2905 4780 dixisset
2935 4744 2949 4779 :
2985 4741 3003 4775 ‹
3036 4724 3134 4779 Hic
3173 4723 3406 4779 aediﬁca-

1834 4824 1911 4878 bit
1948 4825 2164 4877 domum
2221 4822 2423 4875 nomini
2484 4834 2603 4873 tneo
2627 4818 2691 4883 ⁸³,
2724 4837 2742 4869 ι
2792 4817 2927 4871 Filio
2971 4828 3146 4871 tamen
3184 4817 3400 4871 domum

1835 4924 2146 4967 erecturum
2179 4929 2236 4967 se
2257 4911 2417 4965 Pater
2444 4910 2728 4979 pollicetur
2757 4926 2771 4963 :
2804 4910 2946 4979 Quod
2983 4924 3102 4963 cum
3137 4908 3400 4977 intellige-

1835 5013 1920 5059 ret
1962 5005 2150 5059 beatus
2185 5002 2381 5056 Paulus
2403 4999 2473 5063 ⁸³,
2509 4999 2687 5053 Mosen
2736 4998 2952 5067 quidem
2988 4997 3195 5050 ﬁdelem
3238 4996 3403 5051 fuisse

1836 5097 1967 5152 dicit
2009 5097 2061 5150 in
2094 5104 2203 5149 tota
2238 5099 2397 5148 domo
2431 5105 2571 5154 mea,
2609 5089 2751 5156 quod
2799 5087 3118 5142 famulorum
3158 5088 3404 5141 ordinem

1832 5203 1897 5243 ac
1942 5200 2250 5241 mensuram
2304 5194 2543 5247 teneret;
2596 5181 2870 5235 Christum
2920 5192 3051 5232 vero
3101 5187 3160 5231 ut
3209 5177 3401 5229 Filium

1833 5294 1996 5348 super
2023 5279 2236 5331 domum
2263 5275 2405 5343 ejus,
2436 5276 2591 5343 cujus
2619 5273 2811 5326 domus
2837 5283 3023 5325 sumus
3052 5281 3167 5321 nos.
3208 5266 3395 5320 Forma

1833 5378 2010 5422 autem
2043 5368 2159 5436 ejus
2198 5364 2445 5420 sacriﬁcii
2495 5378 2581 5417 res
2615 5372 2812 5415 nostra:
2857 5369 3001 5424 sunt,
3034 5372 3137 5411 non
3184 5358 3402 5424 sanguis

1834 5468 2108 5511 taurorum
2147 5466 2200 5511 et
2229 5454 2540 5515 vitulorum,
2572 5452 2664 5506 sed
2692 5450 2929 5504 omnium
2968 5449 3244 5502 hominum
3278 5447 3397 5500 fidei

1834 5549 2101 5605 confessio
2137 5566 2148 5599 :
2189 5548 2347 5615 idque
2381 5544 2664 5600 conﬁrmat
2695 5542 2884 5597 beatus
2925 5538 3123 5593 Paulus
3166 5538 3290 5592 item
3324 5542 3400 5613 sic

1849 5730 1892 5759 ⁸⁰
1931 5727 1967 5783 ll
2002 5730 2129 5797 Reg.
2161 5743 2249 5791 ιιι,
2285 5726 2479 5789 19,13.
2582 5724 2623 5753 ⁸⁸
2666 5719 2705 5774 Il
2742 5720 2871 5791 Reg.
2902 5737 2992 5785 \‘ll,
3026 5722 3053 5775 ‘l
3077 5720 3131 5785 i;
3169 5718 3327 5773 llebr.
3362 5736 3397 5783 ι,

1435 5800 1476 5830 ’⁸³
1512 5799 1675 5853 Hebr.
1705 5815 1781 5856 ιιι.
1808 5798 1860 5853 ‘2.
