4104 6490
725 453 822 507 115
1700 452 1757 504 S.
1802 448 2076 505 CYlllLLl
2117 445 2591 502 ALEXANDRINI
2631 443 2950 500 AliClllEP.
3872 435 3982 486 Ηίὶ

723 573 965 627 scribens
995 587 1008 624 :
1047 589 1064 623 ι
1098 570 1278 636 Unde,
1328 571 1522 624 t'ratres
1563 572 1758 631 sancti,
1792 570 2091 624 vocationis
2140 568 2336 630 ccele-,

2411 567 2623 637 ταύρων
2657 566 2750 618 καὶ
2799 563 3032 633 μόσχων,
3073 557 3185 612 ἀλλ’
3232 556 3263 626 ἡ
3301 555 3398 623 τῆς
3437 552 3692 607 ἀπάντων
3734 550 3985 611 πίστεως

724 663 818 715 stis
849 662 1160 730 participes,
1187 661 1524 715 considerate
1550 662 1862 728 Apostolum
1889 669 1942 713 et
1971 659 2282 712 Pontiiicem

2411 659 2668 733 .μολογία.
2727 655 2838 708 Καὶ
2884 651 3214 704 πιστώσεται
3261 648 3420 700 πάλιν
3466 644 3562 697 ιῖοδ)⁸
3607 640 3915 712 γεγραφὼς
3957 641 3986 690 6

724 753 1079 807 confessionis
1105 762 1300 806 nostra:
1334 751 1537 815 Jesuin,
1574 753 1662 820 qui
1699 753 1871 804 ﬁdelis
1897 761 1977 803 est
2005 750 2052 802 ei
2081 749 2168 816 qui
2207 748 2276 801 fe-

2411 731 2665 819 ιακάριος
2705 744 2952 804 Παῦλος·
2986 760 3003 791 ι
3027 739 3208 801 Ὅθεν,
3246 737 3464 804 ἀδελφοὶ
3521 736 3686 801 ἆγιοι,
3726 731 3987 800 κλήσεως

725 843 798 896 cit
835 844 978 896 illum
998 844 1064 898 ⁸⁸.
1099 863 1118 895 ι
1155 845 1327 910 Ipsum
1374 844 1536 913 igitur
1567 843 1858 896 asserinms
1890 858 1955 896 ex
1995 840 2102 892 Deo
2131 842 2289 894 Patre

2411 839 2720 910 moupaviou
2771 834 3011 904 μέτοχοι,
3062 830 3438 898 κατανοήσατε
3495 825 3587 878 τὸν
3649 820 3988 876 Ἀπόστολον

730 933 964 987 Verbum
996 950 1117 989 cum
1153 945 1371 1004 accepta
1405 935 1548 988 servi
1587 936 1759 988 forma
1797 943 2018 1001 propter
2055 945 2150 984 nos
2176 930 2290 984 exi-

2411 935 2489 987 ιαὶ
2526 928 2811 999 Ἀρχιερέα
2837 925 2937 994 τῆς
2975 920 3263 991 ὁμολογίας
3313 918 3471 987 ἡμῶν
3516 915 3744 1004 Ἰησοῦν,
3785 911 3988 964 πιστὸν

729 1025 943 1078 nanitus
987 1040 1105 1079 esse
1151 1003 1372 1090 dicitur,
1421 1034 1529 1076 tum
1565 1023 1630 1075 ad
1687 1023 2037 1076 humanitatis
2078 1031 2292 1087 quoque

2411 1026 2524 1077 5ντα
2560 1021 2638 1090 τῷ
2685 1018 2970 1087 ποιήσαντι
3002 1012 3184 1066 αὐτόν.
3219 1029 3238 1062 ι
3309 1008 3481 1061 Αὐτὸν
3523 1003 3614 1060 οὖν
3647 1007 3755 1075 ἀρα
3790 1003 3986 1072 φαμὲν

729 1128 1034 1170 mensuram
1089 1114 1323 1182 seipsum
1364 1113 1646 1180 dejecisse,
1689 1112 1773 1166 cui
1813 1125 2077 1165 mensurae
2106 1123 2295 1164 conse-

2411 1117 2484 1168 :6v
2515 1115 2578 1165 ὲκ
2605 1109 2740 1164 Θεοῦ
2775 1107 2986 1175 Πατρός
3019 1103 3212 1170 Λόγον,
3244 1101 3332 1153 ὅτε
3364 1099 3432 1152 δι’
3463 1099 3608 1167 ἡμᾶς
3637 1093 3989 1148 κεκενῶσθαι

728 1212 956 1268 quenter
1000 1205 1285 1258 admodum
1337 1204 1608 1265 convenit,
1659 1211 1717 1255 ut
1755 1203 1951 1255 missus
1984 1215 2105 1255 esse
2143 1209 2295 1268 pute-

2411 1208 2617 1273 λέγεται
2671 1199 2880 1271 μορφὴν
2905 1197 3090 1250 δούλου
3120 1193 3319 1259 λαϐὼν,
3370 1191 3491 1242 τότε
3524 1190 3618 1241 καὶ
3650 1190 3708 1239 ὲν
3737 1190 3854 1249 τοῖς
3889 1184 3992 1254 τῆς

731 1302 836 1353 tur,
868 1303 921 1346 et
947 1293 1121 1361 ipsum
1162 1293 1278 1360 ejus
1318 1293 1644 1349 sacriﬁcium
1676 1293 1910 1362 supremi
1953 1291 2093 1346 illius
2123 1291 2294 1344 bono-

2411 1297 2819 1368 ἀνθρωπότητος
2849 1292 3068 1361 μέτροις
3098 1286 3284 1340 ἑαυτὸν
3325 1283 3591 1344 καθεῖναι,
3618 1275 3699 1342 οἷς
3725 1278 3792 1330 ἂν
3834 1277 3991 1346 πρέ-

733 1383 804 1436 ris
832 1385 981 1451 quasi
1009 1385 1322 1439 conciliator
1349 1386 1562 1454 quidam
1594 1385 1955 1438 existimetur.
1985 1381 2116 1435 Nam
2149 1381 2192 1435 si
2217 1380 2296 1434 fa-

2411 1409 2491 1444 ποι
2537 1389 2631 1441 καὶ
2669 1386 2815 1458 μάλα
2866 1383 3112 1442 εἰκότως,
3169 1375 3356 1430 καὶτὸ
3405 1370 3738 1426 ἀπεστάλθαι
3780 1369 3994 1430 δοκεῖν,

732 1485 852 1526 ctus
908 1476 1077 1528 nostri
1137 1476 1350 1540 similis,
1401 1476 1645 1529 adoravit
1689 1476 1966 1529 nobiscum
2007 1485 2064 1527 ut
2116 1472 2295 1535 homo,

2411 1484 2496 1535 καὶ
2548 1481 2650 1547 τῆς
2715 1474 2976 1530 ἀνωτάτω
3028 1471 3197 1540 τιμῆς
3253 1464 3501 1536 ἡγεῖσθαι
3565 1460 3826 1530 πρόξενον
3891 1459 3997 1525 τὴν

732 1567 976 1631 quamvis
1031 1567 1218 1620 adoret
1259 1567 1430 1635 ipsum
1475 1568 1563 1620 illa
1599 1581 1830 1634 superna
1884 1575 2302 1632 sanctorumque

2411 1571 2734 1645 ἱερουργίαν.
2763 1569 2827 1619 Et
2857 1566 2965 1634 γάρ
2989 1561 3220 1628 ἐπείπερ
3253 1559 3444 1624 γέγονε
3471 1553 3790 1645 καθ’ᾉὴμᾶς,
3812 1564 3997 1616 προσ-

732 1655 1021 1722 Spirituum
1077 1656 1401 1718 multitudo,
1449 1671 1570 1709 cum
1631 1656 1698 1710 de
1745 1657 1836 1710 illo
1887 1655 2062 1711 Moses
2111 1655 2297 1708 dicat:

2411 1643 2676 1730 κεκύνηκε
2715 1658 2833 1728 μεθ’
2857 1654 3012 1725 ἡμῶν
3047 1653 3122 1715 ὡς
3152 1649 3439 1719 ἄνθρωπος
3461 1660 3474 1673 ·
3520 1643 3697 1695 καίτοι
3740 1654 3997 1709 προσκυ-

741 1762 758 1792 σ
788 1740 1092 1807 ιωιθηιίιιὶ,
1113 1744 1254 1808 caeli,
1286 1744 1446 1797 simul
1476 1761 1595 1797 cum
1627 1746 1742 1811 ipso
1761 1746 1827 1808 ⁸⁸,
1851 1754 1904 1798 et
1931 1743 2154 1797 adorent
2179 1756 2299 1796 eum

2411 1755 2604 1824 νούσης
2629 1749 2790 1804 αὐτὸν
2816 1751 2915 1817 τῆς
2947 1747 3058 1800 ἀνω
3081 1740 3342 1810 πληθύος,
3372 1736 3466 1790 καὶ
3495 1733 3601 1787 τῶν
3629 1732 3802 1824 ἁγίων
3829 1744 4002 1824 πνευο

735 1847 924 1886 omnes
955 1831 1047 1887 ﬁlii
1085 1833 1176 1887 Dei
1200 1834 1281 1898 ";
1315 1853 1332 1884 ι
1376 1835 1504 1903 quid
1541 1851 1758 1900 novum,
1791 1845 1845 1888 et
1877 1850 1905 1887 a
1943 1835 2303 1902 dispensatio-

2411 1821 2617 1915 μάτων,
2647 1839 2896 1909 λέγοντός
2923 1854 2982 1890 τε
3007 1833 3251 1894 Μωσέως
3292 1829 3422 1898 περὶ
3459 1825 3646 1888 αὐτοῦ,
3693 1843 3710 1874 ι
3736 1821 4002 1915 Εὐφράν-

736 1923 821 1977 nis
851 1925 1150 1980 rationibus
1177 1927 1433 1992 alienum,
1463 1928 1504 1980 si
1537 1927 1732 1981 summi
1764 1925 2051 1980 sacerdotii
2083 1937 2304 1977 munere
2334 1918 2336 1970 Ᾰ

2411 1910 2556 2004 θητε,
2575 1931 2812 2002 οὐρανοὶ,
2835 1929 2949 1997 ἀμα
2966 1925 3133 1993 αὐτῷ,
3155 1921 3248 1974 καὶ
3273 1916 3805 1991 προσκυνησάτωσαν
3829 1910 4004 1965 αὐτὸν

739 2016 954 2071 functus
1000 2027 1103 2082 est,
1151 2028 1208 2072 ut
1253 2019 1432 2087 quiin
1480 2019 1699 2072 odorem
1735 2016 2018 2072 suavitatis
2061 2017 2298 2084 seipsum

2413 2027 2614 2088 πάντες
2648 2024 2754 2075 υἱοὶ¹
2792 2019 2928 2074 Θεοῦ
2951 2037 2963 2049 ·
3001 2037 3016 2068 ι
3049 2016 3099 2069 τί
3136 2014 3196 2068 τὸ
3231 2011 3380 2076 ξένον
3423 2010 3456 2078 ἢ
3501 2011 3616 2069 τοῖς
3650 2006 3749 2074 τῆς
3783 2005 4002 2056 οἰκονο-

735 2123 837 2175 pro
868 2109 1046 2174 nobis,
1086 2118 1141 2162 et
1185 2125 1281 2164 nos
1324 2126 1419 2178 per
1448 2111 1683 2178 seipsum
1718 2119 1770 2163 et
1807 2110 1859 2162 in
1901 2108 2078 2176 seipso
2113 2108 2220 2160 Deo
2253 2094 2307 2159 et

2411 2118 2537 2187 μίας
2562 2117 2739 2182 λόγοις
2770 2112 3132 2181 ἀνάρμοστον,
3158 2110 3204 2159 εἰ
3227 2101 3640 2175 κεχρημάτικεν
3670 2094 4000 2187 ἀρχιερεὺς,

737 2197 884 2252 Patri
917 2200 1205 2253 obtulerit?
1240 2218 1256 2250 ι
1286 2200 1487 2255 Christi
1527 2202 1669 2254 enim
1696 2200 1867 2253 bonus
1891 2201 2024 2252 odor
2051 2212 2254 2260 sumus,
2282 2214 2301 2248 ι

2411 2183 2483 2270 ὧς
2533 2208 2612 2270 είς
2645 2206 2822 2274 ὀσμὴν
2864 2200 3089 2261 εὐωδίας
3137 2197 3329 2250 ἑαυτόν
3378 2212 3435 2247 τε
3481 2193 3624 2261 ὑπὲρ
3667 2188 3848 2258 ἡμῶν,
3904 2183 4004 2237 καὶ

741 2299 799 2343 ιιι
829 2290 1088 2358 scriptum
1125 2301 1208 2345 est
1251 2292 1315 2342 ⁸⁸.
1356 2290 1458 2344 Sed
1492 2292 1605 2344 haec
1637 2290 1860 2343 minime
1900 2289 2155 2343 decenter
2188 2300 2309 2340 esse

2411 2301 2554 2367 ἡμᾶς
2583 2294 2859 2356 ἀνατιθεὶς
2911 2292 2978 2345 δι’
3012 2291 3203 2343 ἑαυτοῦ
3242 2305 3301 2339 τε
3351 2287 3440 2339 καὶ
3475 2287 3532 2337 ὲν
3563 2280 3738 2349 ἑαυτῷ
3767 2279 3850 2349 τῷ

749 2380 890 2434 facta
929 2385 1119 2437 rursus
1148 2385 1395 2451 egregius
1427 2381 1513 2434 hic
1540 2380 1624 2432 vir
1650 2379 1902 2442 afﬁrmat,
1936 2394 2000 2432 ac
2028 2393 2309 2446 propemo-

2411 2365 2504 2439 καὶ
2532 2383 2741 2455 Πατρί;
2779 2402 2797 2434 ι
2825 2379 3061 2451 Χριστοῦ
3085 2380 3194 2449 γάρ
3217 2379 3385 2446 ἐσμεν
3413 2371 3607 2426 εὐωδία
3633 2367 3772 2440 (18),
3798 2385 3820 2419 ι
3857 2365 4006 2420 κατά

742 2471 867 2525 dum
909 2472 1119 2526 deridet
1152 2487 1247 2526 eos
1277 2474 1366 2539 qui
1414 2473 1526 2524 haec
1556 2471 1629 2523 ita
1678 2485 1736 2524 se
1771 2470 1971 2522 habere
2002 2477 2211 2534 putant,
2246 2482 2309 2520 ac

2411 2479 2472 2532 τὸ
2523 2475 2932 2548 γεγραμμένον.
3000 2472 3138 2525 Ἀλλ’
3183 2471 3382 2539 ἥκιστα
3435 2465 3532 2535 μὲν
3571 2464 3628 2516 έν
3673 2459 3873 2530 κόσμῳ
3924 2457 4011 2548 τῷ

742 2564 922 2618 divina
959 2563 1184 2618 consilia
1209 2563 1370 2635 impie
1398 2562 1820 2631 reprehendens,
1849 2560 1901 2615 in
1933 2559 2076 2615 hunc
2096 2558 2309 2613 modum

2411 2567 2582 2622 δέοντι
2603 2546 2922 2636 πεπρᾶχθαι
2945 2561 3125 2625 ταυτὶ,
3155 2557 3545 2629 διῖσχυρίζεται
3571 2552 3730 2607 πάλιν
3760 2552 3787 2603 6
3808 2546 4008 2616 γεννά-

746 2656 861 2710 fere
891 2657 1067 2712 ἀίεῖῐί
2412 2660 2508 2722 δας
2555 2657 2767 2711 οὐτοσίο
2813 2655 2972 2724 μόνον
3025 2652 3081 2704 δὲ
3137 2651 3260 2720 οὐχὶ
3316 2643 3646 2714 καταμειδιᾷ
3695 2639 3804 2692 τῶν
3859 2637 4009 2690 οὕτω

2411 2749 2565 2804 ταῦτ’
2593 2748 2738 2818 ἔχειν
2764 2744 3165 2815 ὐπειληφότων,
3214 2739 3460 2819 καὶτοῖς
3492 2735 3657 2797 θείοις
3684 2731 4010 2802 σκέμμασιν

2415 2838 2643 2902 ἀνοσίως
2675 2835 2962 2906 ἐπιτιμῶν,
2998 2833 3141 2887 οὕτω
3167 2831 3270 2882 πού
3298 2845 3461 2898 φησιν
3484 2843 3497 2860 ·

820 2915 929 2987 64
959 2915 1218 2980 [Νεετοιι.
1260 2917 1394 2972 Cum
1415 2917 1556 2972 enim
1587 2917 1814 2971 audiunt
1839 2930 2031 2970 nomen
2062 2912 2313 2982 apostoli,

2489 2928 2509 3000 [
2539 2926 2860 2981 Ἀποστόλου
2893 2925 3000 2995 γὰρ
3028 2921 3318 2983 ἀκούοντες
3347 2919 3540 2988 ὄνομα,
3568 2915 3659 2968 τὸν
3679 2913 3816 2966 Θεὸν
3831 2909 4012 2977 Λόγον

750 3006 920 3074 ipsum
961 3005 1125 3060 Deum
1150 3005 1384 3061 Verbum
1419 3007 1723 3076 intelligunt
1763 3005 2086 3074 apostolum.
2129 3002 2314 3057 Ponti-

2417 3019 2628 3073 νοοῦσιν
2659 3017 2978 3071 ἀπόστολον.
3023 3012 3350 3083 Ἀρχιερέως
3381 3006 3850 3077 ἀναγινώσκοντες
3878 3002 4014 3068 κλῆ-

751 3094 865 3149 ﬁcis
890 3096 1302 3164 appellationem
1337 3113 1458 3152 curn
1496 3098 1699 3166 legunt,
1731 3098 2072 3154 divinitatem
2104 3098 2316 3167 pontiﬁ-

2421 3129 2526 3175 σιν,
2567 3109 2798 3178 θεότητα
2835 3107 2926 3160 τὸν
2970 3106 3234 3177 ἀρχιερέα
3272 3101 3656 3172 φαντάζονται,
3695 3094 4013 3165 παραδόξου

751 3199 869 3239 cem
898 3185 997 3238 sibi
1030 3186 1259 3254 ﬁngunt,
1301 3201 1435 3240 nova
1473 3188 1758 3242 dementia:
1787 3190 1987 3256 specie.
2015 3189 2144 3256 Quis
2173 3191 2314 3244 enim

2421 3200 2845 3272 φρενοϐλαϐείας
2880 3198 3011 3268 ίδέᾳ.
3058 3197 3154 3260 Τίς
3193 3197 3300 3265 γὰρ
3337 3191 3676 3262 λειτουργίαν
3701 3186 4013 3241 ἀποστόλου

752 3274 978 3340 apostoli
1026 3290 1220 3328 munus
1264 3289 1385 3328 cum
1435 3276 1717 3340 didicerit,
1759 3292 1862 3330 non
1909 3277 2051 3332 illico
2093 3279 2316 3332 indicari

2499 3238 2842 3262 “uvam”...
2880 3238 3011 3268 ηυτ..
3069 3238 3152 3260 ..,
3205 3238 3298 3265 μη.
3339 3238 3668 3262 ..πη-Γπ---

2422 3238 2632 3365 ῚμΣΘῶν,
2665 3294 2764 3347 οὐκ
2797 3291 2960 3354 εὐθὺς
2984 3291 3270 3360 ἄνθρωπον
3307 3286 3646 3358 μηνυόμενον
3681 3281 3866 3349 ἔγνως
3917 3279 4017 3340 Τίς

753 3363 1024 3416 hominem
1082 3364 1384 3433 intelligat?
1433 3365 1562 3430 Quis
1598 3367 1866 3434 pontiﬁcis
1913 3367 2318 3436 appellationem

2423 3363 2724 3457 ἀρχιερέως
2763 3382 3058 3452 ὀνομασίαν
3097 3380 3332 3443 ἀκούων,
3375 3377 3630 3446 θεότητος
3677 3372 3868 3425 οὐσίαν
3924 3369 4020 3421 τὸν

753 3454 1012 3518 audiens,
1078 3453 1386 3508 divinitatis
1436 3456 1732 3508 essentiam
1790 3457 1962 3525 ipsum
2013 3457 2319 3525 pontiﬁcem

2425 3453 2686 3549 ἀρχιερέα
2712 3476 3015 3546 νομίσειεν;
3051 3474 3114 3525 Ei
3141 3474 3250 3542 γὰρ
3278 3470 3569 3541 ἀρχιερεὺς
3604 3468 3637 3538 ὴ
3677 3465 3889 3533 θεότης.
3934 3461 4020 3523 τίς

751 3544 1062 3597 existimet?
1098 3543 1232 3597 Nam
1265 3545 1309 3598 si
1347 3545 1584 3612 pontifex
1612 3555 1690 3600 est
1721 3546 1832 3616 ipsa
1869 3544 2153 3610 Divinitas,
2177 3548 2324 3614 quis-

2426 3543 2632 3639 6'rvt‘ap'ck
2669 3571 2736 3638 τῇ
2767 3543 2866 3636 τῆς
2910 3565 3324 3636 ἀρχιερωσύνης
3352 3559 3666 3630 λειτουργίᾳ
3711 3554 4019 3624 θεραπευό-

757 3651 878 3687 nam
925 3636 1010 3689 ille
1059 3644 1142 3690 est
1191 3637 1279 3702 qui
1332 3637 1676 3703 pontiiicatus
1725 3652 1946 3691 munere
1997 3638 2232 3691 colitur?
2278 3637 2324 3691 si

2433 3623 2589 3730 μενος
2613 3675 2628 3723 ;
2669 3623 2878 3719 εἰΗΘεύς
2902 3659 2929 3708 6
2951 3623 3317 3726 ἔτ’ραἓφέρωκέ,
3331 3652 3503 3713 οὐδεὶς
3525 3623 3569 3717 ᾧ
3583 3623 3978 3716 ⁷προσφέρεται

757 3724 897 3779 Deus
931 3734 1011 3780 est
1052 3726 1142 3795 qui
1191 3725 1371 3790 oil‘ert,
1408 3728 1585 3780 nullus
1629 3736 1710 3781 est
1763 3729 1849 3781 cui
1900 3727 2124 3782 oll'ertur
2153 3746 2166 3782 :
2199 3728 2326 3796 quid

2428 3724 2479 3805 τί
2513 3752 2621 3820 γάρ
2647 3749 2898 3818 θεότητος
2926 3724 3097 3812 ἀξιον,
3142 3724 3208 3800 ἵν’
3239 3746 3315 3808 ὡς
3345 3744 3584 3797 ἐλάττων
3609 3736 3899 3809 προσφέρῃ
3941 3733 4020 3800 τῷ

759 3815 902 3867 enim
941 3815 1232 3869 Divinitate
1266 3817 1488 3882 dignum
1536 3817 1626 3883 sit,
1669 3826 1726 3870 ut
1765 3816 1852 3870 illa
1889 3828 2141 3886 tanquam
2186 3818 2324 3873 infe-

2435 3815 2670 3911 μείζονις
2717 3815 3086 3906 Προσεπάγει
3118 3835 3186 3888 δὲ
3216 3835 3451 3897 τούτοις
3472 3850 3486 3862 ·
3515 3828 3684 3882 Πόθεν
3710 3821 3802 3880 οὖν
3827 3823 4020 3883 αὐτοῖς

762 3908 870 3960 rior
908 3906 1094 3974 majori
1142 3905 1374 3960 oll'erat?
1430 3907 1528 3960 llis
1577 3909 1818 3977 adjungit
1850 3923 1867 3961 :
1901 3907 2182 3963 Undenam
2229 3910 2328 3978 ipsi

2431 3905 2615 3994 όΘεδς
2650 3905 2950 3996 κεκλῆσθαι
2983 3925 3077 3978 νῦν
3099 3924 3391 3996 ἀρχιερεὺς
3430 3919 3712 3992 ἐνομίσθη,
3762 3919 3790 3970 6
3825 3915 4021 3974 θυσίας

760 4007 1018 4064 putarunt
1043 3998 1207 4050 Deum
1245 4015 1388 4054 nunc
1415 4009 1664 4053 vocatum
1702 4016 1820 4054 esse
1854 4000 2181 4069 pontiﬁcem,
2207 4015 2329 4054 cum

2434 4025 2512 4087 είς
2536 4020 2821 4092 προκοπὴν
2851 4017 2986 4070 ἰδίαν
3017 4014 3158 4069 κατά
3187 4015 3313 4076 τούς
3337 4010 3626 4083 ἀρχιερέας
3653 4009 3726 4078 μὴ
3756 4003 3980 4075 χρῄζων
4005 4019 4018 4062 ;

761 4089 851 4141 ille
883 4087 1055 4141 hostia
1092 4089 1157 4142 ad
1182 4091 1575 4158 promotionem
1605 4107 1780 4156 suam,
1815 4100 1870 4145 ut
1895 4090 2197 4160 pontiﬁces,
2225 4105 2330 4144 non

2433 4116 2460 4166 6
2519 4087 2782 4182 Θεότητος
2827 4108 3049 4178 κτήτωρ
3099 4104 3159 4170 ἐξ
3206 4100 3509 4172 ἀνθρώπων
3556 4098 3817 4169 ληφθεὶς,
3873 4093 4024 4161 ὑπὲρ

762 4178 1035 4246 indigeat?
1065 4177 1288 4235 Deitatis
1329 4195 1608 4249 possessor
1654 4197 1720 4236 cx
1765 4183 2080 4237 hominibus
2119 4197 2330 4236 assum-

2436 4177 2738 4274 ἀνθρώπων
2765 4177 3088 4254 καθίσταται
3117 4193 3186 4248 τά
3224 4192 3361 4263 πρὸς
3391 4191 3480 4244 τὸν
3508 4186 3697 4259 Θεόν.]

763 4281 886 4339 ptus
919 4286 1014 4339 pro
1044 4272 1348 4328 hominibus
1369 4274 1716 4329 constituitur
1756 4274 1808 4328 in
1834 4273 1919 4328 his
1952 4288 2072 4344 quae
2109 4281 2238 4328 sunt
2267 4273 2336 4328 ad

766 4362 984 4434 Deum]

1427 4497 1578 4553 CAP.
1620 4497 1662 4552 l.

3095 4498 3246 4553 ΚΕΦ.
3287 4498 3364 4550 A'.

837 4633 1002 4704 Igitur
1033 4647 1099 4688 ne
1137 4633 1360 4688 missum
1399 4635 1616 4701 quidem
1647 4648 1768 4688 esse
1811 4633 1863 4688 in
1901 4633 2042 4689 hunc
2074 4631 2332 4689 mundum

2411 4597 2414 4617 ἱ
2514 4636 2724 4692 Οὐκοῦν
2753 4636 2877 4689 οὐδὲ
2911 4631 3247 4687 ἀπεστάλθαι
3276 4628 3383 4698 φὴς
3411 4627 3491 4689 είς
3517 4624 3664 4678 τόνδε
3695 4621 3786 4674 τὸν
3820 4619 4028 4689 κόσμον

769 4728 943 4796 ipsum
997 4727 1089 4782 Dei
1137 4725 1367 4780 Verbum
1410 4725 1647 4780 asseris?
1693 4726 1904 4794 decepit
1948 4740 2096 4794 ergo,
2157 4734 2209 4777 ut
2254 4731 2336 4778 est

2443 4736 2532 4786 τδν
2565 4731 2657 4783 τοῦ
2691 4728 2826 4782 Θεοῦ
2855 4728 3061 4794 Λόγον;
3090 4722 3456 4790 πεφενάκικεν
3483 4712 3576 4770 οὖν
3620 4716 3748 4784 ἄρα,
3793 4711 3942 4765 κατὰ
3971 4712 4030 4763 τὸ

768 4833 1126 4887 consequens,
1160 4818 1404 4872 homines
1437 4833 1534 4872 suo
1565 4818 1867 4871 ministerio
1902 4827 2123 4871 vocatos
2150 4817 2336 4870 beatus

2447 4822 2614 4886 είκὸς,
2647 4821 2771 4883 τούς
2798 4820 2864 4872 δι’
2888 4814 3053 4871 αὐτοῦ
3077 4812 3450 4881 κεκλημένους
3479 4810 3507 4860 ό
3535 4804 3845 4874 σοφώτατος
3877 4803 4030 4855 Παύ-

770 4909 999 4972 Paulus;
1020 4909 1102 4962 'ait
1128 4909 1270 4963 enim
1298 4926 1310 4960 :
1348 4927 1363 4958 ι
1397 4907 1539 4962 Misit
1563 4908 1703 4962 Deus
1734 4908 1926 4962 Filium
1957 4924 2109 4963 suum
2138 4907 2334 4962 factum

2450 4915 2559 4975 λος·
2596 4913 2701 4980 ἔφη
2736 4910 2881 4979 γάρ,
2914 4910 2994 4961 ὅτι
3047 4925 3064 4957 ι
3103 4899 3516 4967 Ἐξαπέστειλεν
3546 4900 3575 4950 6
3612 4897 3742 4959 Θεὸς
3770 4896 3864 4948 τὸν
3897 4895 4034 4947 Υίὸν

770 5017 834 5054 ex
869 5001 1110 5062 muliere,
1143 4999 1340 5053 factum
1376 5000 1475 5054 sub
1503 5000 1616 5068 lege
1638 4998 1720 5050 ‘9:
1757 5018 1774 5051 ι
1808 4999 2152 5053 convincitur
2172 4999 2335 5052 etiam

2447 5002 2612 5057 αὐτοῦ
2635 5002 2923 5070 γενόμενον
2947 4998 3011 5048 ὲκ
3032 4992 3310 5063 γυναικὸς,
3342 4989 3631 5059 γενόμενον
3662 4985 3766 5039 ὑπδ
3797 4986 3992 5053 νόμονο
4009 5003 4024 5034 ι

772 5105 864 5149 ιιιο
881 5093 1083 5164 judicio
1101 5095 1288 5148 beatus
1309 5093 1478 5146 David
1505 5103 1706 5147 temere
1729 5107 1943 5146 carmen
1970 5092 2335 5154 contexuisse,

2448 5094 2602 5165 ἁλοίη
2640 5094 2684 5146 δ’
2717 5094 2782 5146 ἂν
2829 5089 2970 5143 κατά
3011 5104 3071 5140 σε
3105 5084 3199 5139 καὶ
3228 5086 3256 5137 6
3289 5083 3555 5153 μακάριος
3585 5077 3746 5130 Δαϐὶδ
3773 5077 4033 5147 ἐρραψῳ-

773 5197 826 5241 et
851 5187 1219 5241 inscrutabilia
1249 5200 1523 5253 quaerere;
1554 5185 1688 5238 dixit
1719 5185 1862 5237 enim
1889 5182 2104 5238 Patrem
2130 5185 2222 5252 qui
2257 5193 2336 5238 est

2449 5184 2628 5254 δηκὼς
2653 5183 2799 5252 είκῆ,
2835 5180 2929 5233 καὶ
2957 5179 3026 5231 τά
3065 5176 3333 5243 ἀνέφικτα
3383 5171 3590 5242 ζητῶν·
3647 5169 3753 5237 ἔφη
3784 5167 3894 5236 γάρ
3929 5184 4029 5218 που

776 5276 828 5331 in
869 5277 1019 5332 cmlis
1048 5286 1102 5330 et
1139 5276 1305 5331 Deum
1341 5276 1622 5344 alloquens
1651 5293 1662 5328 :
1698 5294 1716 5326 ‹
1750 5276 1945 5329 Etnitte
1990 5275 2160 5330 lucem
2194 5285 2336 5329 tuam

2452 5275 2588 5346 πρὸς
2636 5273 2728 5327 τὸν
2769 5275 2826 5326 έν
2872 5270 3120 5340 οὐρανοῖς
3152 5265 3373 5337 Πατέρα
3405 5262 3499 5317 καί⁵
3519 5260 3649 5313 Θεόν
3671 5276 3684 5290 ·
3752 5276 3770 5309 ι
3795 5256 4030 5322 Ἐξαπό·

848 5457 892 5490 ⁸⁵
929 5455 1086 5510 Ilcbr.
1123 5471 1199 5510 ιιι.
1228 5456 1278 5522 l,
1300 5456 1352 5512 (Ξ.
1431 5455 1475 5487 ⁸ο
1507 5454 1662 5510 Deut.
1689 5471 1858 5520 xxxii,
1888 5455 1938 5508 l.
2019 5456 2059 5486 ""
2098 5454 2237 5510 Psal.
2268 5470 2330 5508 xc

2434 5454 2485 5508 8.
2564 5453 2608 5484 ⁸⁸
2644 5452 2685 5505 ιι
2715 5452 2839 5504 Cor.
2871 5464 2927 5513 ιι,
2956 5448 3038 5501 l5.
3119 5445 3162 5476 ⁸⁸³
3191 5443 3365 5498 Galat.
3399 5456 3469 5504 tv,
3495 5439 3546 5492 ό.

2041 5604 2199 5658 ANT.
2245 5601 2518 5660 AGELLII
2560 5599 2790 5657 ΝΟΤᾸΕ.

855 5771 966 5842 (18)
995 5769 1393 5842 Advertcndum
1438 5767 1705 5842 quomodo
1754 5766 1840 5819 hic
1886 5773 2073 5842 auctor
2121 5763 2352 5842 accipiat
2460 5760 2708 5842 εὐωδίαν,
2747 5755 2996 5827 intelligit
3042 5754 3368 5812 sacriﬁcium
3403 5749 3455 5804 itt
3484 5750 3703 5803 odorem
3749 5745 4031 5803 suavitatis

786 5831 922 5899 hunc
945 5831 1084 5898 beati
1116 5838 1264 5894 Pauli
1292 5831 1499 5906 locum;
1533 5852 1653 5894 nant
1682 5838 1877 5892 bonum
1906 5835 2149 5897 odorem,
2178 5834 2228 5888 id
2259 5842 2340 5888 cst
2449 5831 2705 5885 oblatum.
