4104 6492
202 406 260 464 ill
1315 435 1688 494 ADVERSUS
1727 437 2131 498 NESTORIUM
2174 441 2302 497 LIB.
2345 441 2431 500 lll.

3362 450 3462 505 ll8

217 537 377 592 στιιλον
413 541 479 593 το
526 546 658 612 φῶς
706 565 841 616 σου,
875 551 966 617 xui,
994 552 1092 622 τὴν
1124 554 1380 626 ἀλήθειάν
1431 574 1543 611 σου.
1574 578 1592 608 ι
1625 560 1688 612 Τί
1717 560 1794 623 δὲ,

1910 572 1952 614 εει
1986 564 2266 617 veritatem
2295 572 2437 617 tuam
2461 564 2526 616 ’°.
2555 582 2572 615 ο
2599 563 2734 628 Quid
2759 563 2977 618 autem?
3002 564 3085 620 dic
3114 563 3269 630 mihi,
3289 582 3465 623 nonuc

227 633 312 685 εἰπὲ
339 652 455 703 μοι,
487 638 620 706 ουχὶ
663 642 770 692 καὶ
818 643 979 706 αύτὸς
1008 647 1038 696 6
1083 645 1207 708 Υἱὸς
1244 647 1602 720 ψευδοεπήσει
1656 653 1794 720 τάχα

1910 653 2059 706 :tiam
2120 655 2233 724 ipse
2288 653 2454 708 Filius
2513 655 2804 708 mentietur
2869 654 3057 723 plane,
3114 670 3234 708 cum
3290 657 3459 711 dicit:

228 742 303 777 mu
324 725 503 794 λέγων
530 743 548 760 ⁸
606 747 626 779 ι
661 734 744 784 υὺ
794 733 903 803 γὰρ
946 735 1278 790 ἀπέστειλεν·
1309 741 1336 791 6
1383 741 1516 804 Θεὸς
1549 743 1639 794 τὸν
1671 743 1795 795 ne»

234 819 292 878 εἰς
319 817 398 868 τὴν
431 817 646 887 κόσμον
679 821 772 872 ἵνα
796 823 954 893 κρίνῃ
988 824 1078 876 τὸν
1105 826 1330 896 κόσμον,
1365 829 1482 881 ἀλλ’
1531 831 1616 884 ἳνα
1644 834 1792 902 σωθῇ

226 906 462 973 ὀκόσμος
491 907 560 959 δι’
589 909 822 974 αὐτοῦς»
859 913 967 964 Καὶ
992 912 1179 966 πάλιν·
1231 934 1249 965 ι
1294 917 1435 984 Ἐγὼ
1460 919 1524 970 ὲκ
1556 919 1648 972 τοῦ
1683 921 1798 974 Ila-

224 997 338 1065 τρὸς
365 997 617 1066 ἐξῆλθον,
649 1000 744 1052 καὶ⁵
769 1001 890 1071 ήκω
911 1019 924 1066 ;
946 1021 965 1051 ›
997 1004 1203 1074 Γράφει
1231 1006 1287 1058 δέ
1327 1023 1430 1060 που
1461 1009 1553 1060 καὶ
1582 1011 1609 1062 6
1637 1011 1799 1079 σοφὸς

232 1087 475 1158 Ἰωάννης
508 1091 638 1161 περὶ
665 1093 830 1145 αὑτοῦ
853 1109 866 1122 '
894 1113 910 1144 ι
936 1094 993 1146 Ὀ
1025 1094 1315 1163 λαμϐάνων
1344 1098 1508 1151 αὑτοῦ
1535 1099 1633 1170 τὴν
1661 1118 1799 1170 μαρ-

213 1179 406 1246 τυρίαν
441 1182 781 1251 ἐσφράγισεν
810 1184 891 1236 ὄτι
929 1185 957 1236 6
985 1185 1115 1248 Θεὸς
1144 1186 1350 1258 ἀληθής
1376 1190 1524 1244 ἐστιν
1550 1206 1561 1219 ·
1599 1191 1659 1244 6v
1691 1192 1798 1263 γὰρ

203 1273 543 1325 ἀπέστειλεν
592 1275 620 1326 6
671 1275 822 1342 Θεὸς,
870 1277 936 1330 τὰ
985 1279 1206 1348 ῥήματα
1253 1280 1349 1333 τοῦ
1391 1282 1526 1334 Θεοῦ
1570 1283 1743 1336 λαλεῖ.
1775 1303 1792 1334 ι

216 1361 598 1416 Ἀπεστάλθαι
645 1363 700 1416 δέ
738 1384 919 1434 φαμεν
958 1367 1050 1420 τὸν
1076 1369 1169 1422 τοῦ
1197 1370 1331 1423 Θεοῦ
1362 1373 1556 1440 Λόγον,
1603 1373 1664 1426 τὸ
1697 1374 1800 1444 τῆς

195 1451 529 1522 ἀποστολῆς
559 1452 732 1523 ὄνομά
765 1472 824 1507 τε
853 1457 946 1508 καὶ
975 1458 1162 1528 χρῆμα
1195 1461 1331 1528 μετά
1362 1461 1469 1514 τῶν
1498 1463 1595 1532 τῆς
1628 1464 1798 1518 κενώ-

194 1557 351 1603 σεως
384 1541 580 1610 ἔχοντα
613 1545 850 1615 μέτρων·
903 1548 966 1600 σὺ
1004 1549 1062 1600 δὲ
1095 1551 1159 1620 δὴ
1191 1551 1366 1615 δέδιας
1411 1554 1658 1623 ἀμαθῶς,
1705 1557 1802 1610 καὶ

190 1631 366 1701 αὐτῷ
393 1634 725 1704 προσνέμειν
746 1636 1001 1708 ἐρυθριᾷς
1019 1639 1134 1692 ἀνθ’
1152 1641 1275 1693 ὅτου
1298 1643 1357 1694 τό
1379 1661 1435 1695 τε
1453 1644 1552 1712 τῆς
1573 1645 1802 1699 ἁποστο·

189 1721 328 1789 λῆς,
378 1724 479 1774 καὶ
509 1724 569 1776 τὺ
599 1725 700 1794 τῆς
722 1727 1129 1798 ἀρχιερωσύνης
1157 1731 1328 1801 ὄνομά
1355 1750 1414 1785 τε
1451 1735 1542 1786 καὶ
1579 1735 1797 1804 χρῆμα;

188 1805 363 1882 Ἀ’ρα
406 1815 518 1883 γὰρ
563 1816 993 1889 ἀρμόσειενίίσ.
1031 1820 1324 1891 ἁρμόσειν]
1368 1823 1690 1893 ὑπείληφας,
1725 1825 1800 1884 ὡς

187 1903 394 1973 ἑτέρῳ
417 1906 549 1973 παρ’
586 1907 747 1959 αὑτὸν
779 1908 1048 1979 ἀνθρώπῳ
1087 1909 1163 1980 τῷ
1208 1913 1273 1964 ὲκ
1311 1915 1588 1979 γυναικὸς,
1635 1914 1796 1986 ψιλὴν
1831 1896 1872 1950 Β

189 1993 397 2060 ἔχοντι
433 1994 535 2064 τὴν
563 1998 882 2064 συνάφειαν,
927 1999 1068 2052 κατὰ
1119 2000 1199 2067 σὲ,
1246 2003 1341 2056 καὶ
1378 2003 1452 2066 ὡς
1491 2007 1548 2057 ἐν
1592 2007 1797 2077 ἰσότητι

194 2084 393 2152 μόνης
422 2085 528 2154 τῆς
563 2087 751 2152 ἀξίαςς
789 2089 910 2152 Πῶς
949 2086 1040 2143 οὖν
1069 2091 1148 2143 ἔτι
1182 2091 1251 2144 τὰ
1279 2093 1400 2146 καθ’
1434 2095 1579 2164 ἡμᾶς
1601 2096 1797 2166 ὀνήσας

190 2177 414 2243 ὁρᾶται
459 2175 590 2240 Θεὸς
631 2177 708 2231 ὢν
759 2181 788 2232 6
830 2181 1019 2248 Λόγος,
1065 2185 1112 2235 εί
1148 2184 1238 2235 καὶ⁵
1280 2186 1798 2255 προσκεκομίσμεθα

193 2264 275 2318 δι’
311 2267 520 2336 ἐτέρου
543 2268 618 2338 τῷ
646 2270 765 2340 Θεῷ
800 2273 893 2324 καὶ
929 2274 1130 2343 Πατρί;
1181 2275 1378 2326 Οὐκέτι
1406 2276 1512 2345 γὰρ
1543 2277 1609 2329 δι’
1634 2278 1796 2330 αὑτοῦ

195 2357 308 2426 τὴν
363 2361 736 2430 προσαγωγὴν
782 2363 1128 2432 ἐσχήκαμεν*
1187 2365 1325 2418 ἀλλὰ
1372 2367 1596 2435 γέγονεν
1641 2369 1798 2438 ήμῶν

204 2448 458 2517 μεσίτης
486 2449 768 2520 ἄνθρωπος
795 2452 917 2504 καθ’
952 2454 1116 2522 ἡμᾶς,
1147 2454 1205 2508 τὸ
1235 2459 1331 2527 τῆς
1359 2457 1608 2528 θεότητος
1630 2459 1799 2529 ὄνομα

203 2539 612 2594 κατάπλαστον
660 2542 821 2612 ἔχων.
886 2543 1048 2598 Ἀλλὰ
1093 2547 1198 2610 ναὶ,
1251 2549 1405 2618 φησὶ,
1461 2551 1691 2620 σμικρὸν
1733 2551 1800 2604 ἂν

205 2635 299 2704 εἴη
328 2635 411 2704 τῷ
443 2638 511 2687 ἑκ
537 2636 673 2689 Θεοῦ
705 2638 918 2707 Πατρὸς
963 2640 1122 2708 φύντι
1165 2641 1325 2710 Λόγῳ
1373 2641 1436 2694 τὸ
1477 2643 1799 2713 ἱερουργεῖν.

209 2725 466 2796 Σμικρὸν
501 2729 964 2798 ὁμολογουμένως.
996 2731 1247 2801 Συνεργῶ
1275 2730 1399 2803 [τσ.
1429 2733 1672 2806 συνερῶ]
1693 2735 1801 2805 γάρ

218 2833 304 2868 σοι
342 2820 708 2887 πρεσϐεύοντι
759 2821 989 2890 τάληθές
1017 2839 1031 2852 ·
1085 2822 1200 2876 ἀλλ’
1247 2824 1308 2877 ού
1342 2829 1520 2895 γυμνῇ
1573 2829 1637 2897 τῇ
1686 2826 1802 2880 θεό-

216 2921 348 2973 τητι
416 2909 758 2978 κεχρημένος
809 2911 1045 2978 ὲπέφανε
1105 2915 1216 2976 τοῖς
1265 2915 1356 2966 ἐπὶ
1386 2916 1483 2984 τῆς
1529 2915 1672 2985 γῆς·
1710 2933 1802 2985 γε·

219 2996 397 3061 γοκὼς
425 2998 485 3050 δὲ
527 2999 729 3068 μᾶλλον
780 3001 1064 3072 ἄνθρωπος
1107 3004 1228 3058 καθ’
1269 3007 1435 3074 ἡμᾶς,
1476 2999 1520 3071 ᾧ
1565 3006 1707 3076 μέγα
1751 3024 1802 3060 τι

222 3088 417 3156 χρῆμα
471 3093 566 3144 καὶ
622 3091 896 3160 ἐξαίρετον
940 3095 1253 3166 ίερουργίαο
1301 3099 1348 3150 εί
1389 3097 1446 3150 δὲ
1492 3097 1555 3170 δὴ
1602 3115 1802 3170 παραι-

221 3181 369 3275 τεῖτο
414 3180 546 3252 [Ισ.
589 3184 943 3253 παραιτοῖτο]
976 3186 1038 3237 τὸ
1071 3187 1372 3258 ἱερουργεῖν
1417 3188 1493 3250 ὡς
1533 3189 1803 3260 ἀνθρώπῳ
1834 3219 1876 3275 C

231 3272 467 3341 πρέπον,
506 3275 673 3344 ἦγουν
707 3275 878 3345 ἑτέρῳ
907 3275 982 3346 τῷ
1015 3275 1134 3347 [ῖσ.
1169 3279 1342 3349 ἑτέρῳ
1383 3278 1496 3350 τῳ]
1538 3283 1632 3350 τῆς
1684 3281 1806 3333 δου-

229 3359 380 3425 λείας
407 3363 590 3432 ἔχοντι
616 3365 834 3434 μέτρον,
881 3366 997 3431 πῶς
1039 3368 1140 3422 οὐκ
1177 3371 1399 3440 ἄμεινον
1452 3371 1603 3441 παρὰ
1649 3373 1805 3438 πολὺ,

229 3452 320 3505 καὶ
361 3453 471 3522 πρό
506 3470 568 3520 γε
597 3453 788 3507 τούτου
827 3458 1212 3526 παραιτεῖσθαι
1234 3457 1332 3530 τὴν
1359 3459 1806 3533 ὲνανθρὼπησινς

243 3543 380 3595 Ἀλλ’
428 3545 530 3595 οὐκ
577 3545 885 3616 άπόὸλητον
916 3550 1211 3619 ἐποιήσατο
1257 3550 1323 3604 δι’
1355 3553 1502 3622 ἡμᾶς
1547 3555 1647 3624 τὴν
1689 3555 1810 3622 γέν-

230 3649 404 3701 νησιν,
433 3634 619 3686 οὐτοσι
647 3635 724 3700 δὲ,
756 3637 831 3699 ὡς
857 3637 1010 3707 ἔφην,
1033 3639 1349 3709 αίσχύνεται
1379 3643 1612 3712 τάληθές
1632 3660 1645 3674 ⁶
1681 3644 1807 3696 ἄσο-

231 3723 326 3788 φόν
352 3740 409 3774 τε
443 3724 543 3776 καὶ
573 3726 980 3797 ἀνεπιστήμονα
1002 3729 1360 3794 καταδεικνὺς
1383 3733 1592 3786 ἑαυτόν.
1621 3735 1810 3787 Καίτοι

229 3813 319 3865 τοῦ
353 3815 633 3886 μακαρίου
656 3818 869 3871 Παύλου
895 3818 1148 3887 λέγοντος
1167 3838 1180 3849 ·
1219 3841 1237 3872 ι
1263 3823 1337 3876 Ού
1356 3824 1464 3893 γὰρ
1489 3825 1811 3895 ἐπαισχύνο-

233 3922 330 3972 μαι
384 3907 450 3957 τὸ
511 3907 864 3976 Εὑαγγέλιον,
917 3911 1149 3981 δύναμις
1203 3913 1313 3984 γάρ
1360 3914 1494 3966 Θεοῦ
1552 3919 1697 3970 ὲστιν
1731 3921 1811 3982 είς

229 3994 510 4064 σωτηρίαν
541 3995 702 4049 παντὶ
732 3997 810 4068 τῷ
837 4001 1161 4056 πιστεύοντι.
1193 4023 1211 4055 ι
1243 4003 1550 4073 Θαυμάσειε
1577 4006 1622 4059 δ’
1643 4008 1707 4060 ἄν
1729 4025 1811 4070 τις

227 4089 318 4139 τὸν
351 4089 450 4142 τοῦ
491 4089 626 4142 Θεοῦ
671 4091 866 4158 Λόγον,
900 4096 998 4163 τῆς
1041 4095 1298 4148 ἁπάντων
1345 4097 1505 4149 ἕνεκα
1540 4097 1809 4166 σωτηρίας

227 4179 316 4229 καὶ
352 4178 528 4248 ζωῆς,
559 4182 828 4252 τοσαύτην
860 4183 1213 4255 ἀνασχομένῳ
1256 4187 1444 4241 παθεῖν
1478 4189 1577 4258 τὴν
1619 4189 1810 4240 ταπεί-

224 4285 414 4330 νωσιν,
444 4269 512 4338 ἣν
539 4269 640 4322 οὐκ
669 4266 766 4322 οἷδ’
810 4272 958 4335 ὅπως
997 4276 1025 4326 6
1076 4275 1186 4328 τῶν
1233 4277 1454 4330 είκαίων
1493 4279 1621 4347 ἡμῖν
1667 4278 1810 4330 διδα-

223 4361 464 4428 γμάτωι
496 4359 746 4431 εὑρετὴς,
773 4363 868 4415 καὶ
918 4363 1076 4433 μόνον
1128 4367 1410 4436 ὁμολογεῖν
1455 4369 1808 4438 αἰσχύνεταισ

223 4451 412 4503 καίτοι
437 4450 565 4502 δέον
595 4451 832 4516 ἄγασθαι
865 4452 962 4522 μὲν
1008 4455 1101 4507 ἐπὶ
1127 4455 1336 4518 τούτοις
1381 4456 1564 4519 αὑτὸν,
1609 4457 1808 4508 ἀνακε-

1902 761 1919 792 ι
1955 741 2069 795 Νοη
2102 744 2249 797 enim
2293 744 2438 797 misit
2468 744 2605 796 Deus
2650 743 2843 796 Filium
2895 757 3052 796 suum
3105 744 3156 798 in
3206 747 3463 800 mundum

1899 841 1957 884 ιιι
1999 831 2205 896 iudicet
2255 834 2541 898 mundum,
2583 833 2675 886 sed
2713 843 2771 885 ut
2813 833 3057 886 salvetur
3098 835 3334 890 mundus
3371 852 3468 906 per

1898 921 2069 988 ipsum
2098 922 2140 953 ’ί
2170 940 2183 987 ;
2220 941 2238 972 ι
2271 933 2324 976 et
2356 924 2549 976 iterum
2582 940 2598 978 :
2637 941 2653 974 ι
2690 923 2800 992 Ego
2834 937 2898 977 ex
2929 921 3092 977 Patre
3134 927 3266 986 exii.
3297 937 3348 981 et
3377 943 3470 982 vc-

1900 1013 2118 1066 nio".i
2179 1013 2377 1066 Scribit
2423 1013 2585 1067 etiam
2643 1014 2838 1070 alicubi
2890 1017 3080 1072 beatus
3125 1016 3361 1070 Joannes
3402 1017 3469 1070 de

1901 1101 2016 1170 ipso
2065 1120 2077 1155 :
2130 1121 2147 1153 ι
2183 1101 2284 1168 Qui
2340 1105 2534 1172 accipit
2585 1106 2952 1161 testimonium
3018 1108 3182 1175 ejus,
3239 1109 3470 1178 signavit

1900 1194 2024 1262 quia
2058 1193 2197 1248 Deus
2230 1209 2387 1250 verus
2415 1205 2533 1260 est;
2559 1211 2716 1264 quem
2760 1198 2903 1252 enim
2934 1199 3083 1253 misit
3106 1198 3267 1262 Deus,
3307 1199 3466 1251 verba

1904 1285 1993 1338 Dei
2043 1283 2283 1352 loquitur
2310 1284 2378 1337 ".
2417 1303 2436 1337 ι
2470 1285 2692 1340 Missum
2728 1302 2888 1356 porro
2937 1289 3167 1342 dicimus
3211 1288 3302 1341 Dei
3341 1289 3470 1342 Ver-

1903 1373 2049 1436 bum,
2100 1374 2239 1441 quod
2287 1375 2618 1442 apostolatus
2668 1391 2864 1430 nomen
2904 1387 2959 1430 et
2993 1392 3103 1430 rem
3153 1379 3310 1432 simul
3345 1393 3466 1431 cum

1900 1464 2282 1517 exinanitionis
2309 1463 2576 1519 mensuris
2609 1464 2853 1518 haberet.
2885 1466 2964 1519 Tu
2995 1481 3122 1521 vero
3151 1467 3315 1520 stulte
3353 1467 3468 1520 for-

1902 1553 2096 1615 midas,
2131 1564 2182 1607 et
2216 1555 2289 1608 illi
2326 1555 2559 1609 tribuere
2592 1564 2645 1609 et
2677 1571 2868 1610 nomen
2900 1566 2953 1609 et
2984 1572 3094 1609 rem
3137 1557 3469 1626 apostolatus

1904 1657 1966 1696 ac
2009 1644 2299 1697 sacerdotii
2345 1645 2528 1699 nescio
2557 1659 2660 1713 qua
2703 1645 2769 1698 de
2803 1660 2962 1698 causa
2993 1646 3286 1700 erubescis.
3325 1646 3467 1699 Num

1902 1730 2044 1782 enim
2077 1732 2249 1800 ipsum
2291 1733 2582 1787 convenire
2613 1743 2772 1802 putas
2807 1734 3006 1788 homini
3039 1735 3112 1788 illi
3147 1751 3213 1790 ex
3243 1736 3471 1790 muliere

1906 1826 2160 1885 tanquam
2201 1821 2268 1873 ab
2309 1820 2398 1874 illo
2424 1821 2660 1887 diverso,
2699 1822 3021 1890 simplicem,
3049 1832 3107 1876 ut
3143 1825 3256 1892 ipse
3287 1834 3466 1893 putas,

1903 1909 2334 1975 conjunctionem
2384 1911 2624 1974 habenti,
2677 1922 2729 1964 et
2767 1914 2934 1967 solius
2967 1914 3246 1982 dignitatis
3284 1927 3466 1982 aequa-

1905 1999 2150 2054 litatem?
2186 1999 2466 2065 Quomodo
2510 2002 2671 2068 igitur
2695 2001 2805 2070 jam
2851 2004 3022 2073 ipsum
3053 2003 3287 2058 Verbum
3327 2003 3470 2072 quod

1905 2089 2047 2145 Deus
2076 2101 2214 2156 erat,
2242 2101 2456 2145 nostras
2486 2106 2569 2145 res
2590 2093 2792 2161 juvisse
2820 2095 3081 2158 cernitur,
3113 2095 3156 2149 si
3191 2110 3285 2164 per
3309 2095 3470 2148 alium

1906 2196 2116 2250 quoque
2160 2183 2226 2235 ad
2264 2181 2431 2236 Deum
2483 2197 2546 2237 ac
2589 2182 2802 2236 Patrem
2844 2184 3062 2238 adducti
3097 2185 3324 2238 sumus?
3356 2183 3471 2238 Non

1903 2274 2044 2327 enim
2085 2272 2196 2341 jam
2229 2287 2325 2341 per
2369 2273 2542 2341 ipsum
2580 2288 2854 2328 accessum
2893 2276 3201 2335 habuimus,
3245 2275 3337 2328 sed
3372 2275 3472 2328 fuit

1905 2364 2168 2417 mediator
2214 2374 2399 2417 noster
2451 2364 2610 2418 homo
2661 2365 2830 2418 nostri
2890 2365 3117 2431 similis,
3151 2364 3258 2434 65
3289 2364 3470 2418 ﬁctum

1907 2455 2115 2510 habens
2161 2455 2464 2510 divinitatis
2505 2471 2720 2509 nomen.
2772 2456 2842 2508 At
2899 2457 3065 2521 enim,
3109 2457 3306 2525 inquit,
3353 2458 3471 2510 exi-

1907 2563 2070 2616 guum
2114 2562 2246 2603 sane
2289 2557 2368 2603 est
2404 2545 2581 2602 Verbo
2629 2562 2692 2601 ex
2748 2546 2857 2601 Deo
2904 2548 3084 2614 genito
3133 2547 3472 2602 sacrificandi

1908 2654 2124 2694 munus.
2157 2640 2442 2709 Exiguum,
2476 2639 2670 2702 fateor,
2712 2638 2807 2692 tibi
2848 2640 2990 2693 enim
3035 2639 3301 2692 assentior
3337 2639 3476 2692 veri—

1909 2739 2072 2784 tatem
2123 2731 2434 2798 prazdicanti
2467 2749 2478 2783 :
2513 2732 2606 2784 sed
2648 2731 2790 2785 haud
2833 2731 2970 2784 nuda
3009 2745 3159 2783 usum
3196 2730 3476 2783 divinitate

1909 2822 1993 2877 his
2018 2823 2108 2890 qui
2140 2831 2264 2875 sunt
2299 2821 2348 2873 in
2395 2821 2552 2874 terris
2579 2819 2853 2888 apparuit,
2883 2835 3066 2873 verum
3113 2821 3272 2874 homo
3300 2821 3472 2888 potius

1910 2912 2080 2966 nostri
2107 2910 2299 2965 similis
2329 2910 2549 2973 factum,
2574 2909 2658 2962 cui
2687 2924 2936 2978 magnum
2965 2908 3217 2976 quiddam
3250 2919 3332 2962 est
3361 2911 3474 2962 cxi-

1911 3002 2185 3069 miumque
2229 2997 2568 3052 sacriﬁcandi
2612 2996 2879 3061 oﬂicium;
2935 2996 3079 3065 qucd
3133 2995 3180 3049 si
3233 2995 3477 3064 repudiet

1910 3091 2249 3149 sacriﬁcandi
2285 3105 2479 3144 munus
2533 3098 2591 3142 ut
2625 3088 2853 3152 homini,
2898 3089 3012 3142 sive
3052 3087 3204 3141 alteri
3242 3087 3473 3155 cuipiam

1911 3186 2187 3240 servitutis
2224 3197 2530 3236 mensuram
2570 3182 2783 3235 habenti
2815 3181 3170 3244 conveniens,
3205 3180 3475 3248 quomodo

1911 3291 2015 3331 non
2043 3275 2234 3329 melius
2256 3273 2445 3328 fuisset
2483 3273 2645 3326 etiam
2679 3281 2800 3326 ante
2830 3272 2930 3325 hoc
2959 3287 3174 3337 munus,
3215 3273 3479 3325 humana-

1914 3367 2112 3420 tionem
2147 3363 2469 3432 repudiare?
2501 3361 2605 3416 Sed
2635 3370 2815 3416 nostra
2846 3375 3009 3414 causa
3055 3362 3197 3414 haud
3226 3360 3474 3427 rejicien-

1912 3457 2033 3509 dam
2073 3455 2242 3523 ipsam
2299 3454 2698 3522 generationem
2745 3453 2944 3508 duxit:
2990 3453 3089 3506 iste
3145 3463 3363 3515 tamen,
3417 3459 3476 3501 nt

1913 3546 2045 3611 dixi,
2079 3548 2358 3599 veritatem
2391 3545 2684 3605 erubescit,
2715 3543 2768 3596 in
2807 3558 2916 3611 quo
2948 3544 3286 3610 insipientem
3334 3557 3393 3596 se
3423 3551 3478 3595 et

1915 3637 2223 3705 imperitum
2257 3637 2511 3701 ostendit,
2555 3637 2802 3706 quamvis
2829 3637 3018 3691 beatus
3052 3635 3250 3689 Paulus
3291 3635 3474 3689 dicat:

1918 3746 1934 3776 ι
1973 3727 2088 3781 Νοιι
2143 3729 2287 3781 enim
2348 3729 2610 3781 erubesco
2678 3726 3062 3797 Evangelium;
3109 3728 3281 3780 virtus
3333 3730 3476 3779 enim

1916 3819 2005 3874 Dei
2038 3831 2121 3873 est
2154 3819 2203 3871 in
2248 3818 2476 3871 salutem
2512 3819 2657 3871 omni
2700 3818 3024 3872 credenti".
3060 3837 3077 3868 ι
3109 3817 3480 3871 Admiratione

1912 3919 2090 3962 autem
2129 3910 2346 3978 dignum
2379 3920 2460 3963 est
2501 3909 2590 3963 Dei
2615 3908 2848 3963 Verbum
2895 3909 3085 3962 salutis
3127 3923 3191 3962 ac
3219 3909 3341 3961 vita:
3371 3923 3482 3960 om-

1913 4002 2060 4054 nium
2114 4015 2275 4054 causa
2332 4011 2534 4054 tantam
2582 4001 2935 4055 humilitatem
2988 4003 3170 4056 subire
3220 4001 3476 4059 voluisse.

1912 4108 2071 4161 quam
2104 4093 2286 4146 nescio
2317 4093 2584 4161 quomodo
2628 4091 2715 4145 hic
2742 4093 3044 4160 ineptarnm
3075 4093 3478 4161 disciplinarum

1915 4183 2181 4244 inventor,
2206 4183 2286 4235 vel
2309 4182 2551 4236 conﬁteri
2581 4182 2750 4236 solum
2789 4185 3057 4238 erubescit
3086 4202 3098 4237 :
3132 4200 3252 4237 cum
3274 4185 3480 4254 aequius

1914 4273 2105 4326 fuisset
2157 4282 2434 4340 propterea
2475 4272 2647 4341 ipsqu
2705 4273 3005 4337 admirari,
3059 4283 3111 4327 et
3155 4274 3313 4328 simul
3357 4289 3479 4329 cum

1913 4364 2074 4417 beato
2120 4361 2385 4430 Propheta
2435 4363 2714 4416 clamare:
2750 4381 2765 4412 ι
2803 4362 3046 4424 Domine,
3095 4363 3273 4417 audivi
3323 4362 3479 4416 andi-

1917 4465 2028 4506 tum
2067 4463 2234 4516 tuum,
2265 4461 2318 4505 et
2343 4453 2523 4518 timui;
2567 4453 2898 4506 consideravi
2948 4468 3109 4520 opera
3159 4464 3271 4516 tua,
3302 4463 3354 4507 et
3388 4471 3482 4508 ex-

221 4542 465 4608 κραγεῖν
513 4538 572 4589 δὲ
613 4539 748 4610 ὁμοῦ
793 4541 871 4611 τῷ
919 4544 1176 4614 μακαρίῳ
1221 4546 1512 4615 προφήτῃ·
1573 4564 1589 4594 ι
1617 4545 1807 4614 Κύριε,

1917 4542 2037 4611 pavi
2061 4542 2127 4595 ”.
2161 4560 2179 4593 ι
2218 4541 2348 4594 Nam
2378 4556 2499 4595 cum
2541 4557 2731 4595 omnes
2771 4542 2986 4596 Littera:
3021 4543 3282 4597 divinitus
3311 4544 3481 4613 inspi-

220 4632 544 4701 εἱσακήκοα
571 4630 670 4700 τὴν
699 4633 868 4702 ἀκοήν
903 4651 994 4687 σου
1027 4637 1120 4688 καὶ
1154 4635 1428 4704 ἐφοϐήθην
1448 4651 1460 4664 °
1512 4637 1814 4705 κατενόησα

215 4722 292 4774 τὰ
319 4723 468 4794 ἔργα
500 4739 596 4775 σου
624 4725 718 4777 καὶ
745 4724 992 4796 ἐξέστην.
1017 4745 1035 4776 ι
1082 4726 1298 4797 Ἐπειδὴ
1331 4725 1384 4779 δὲ
1417 4728 1632 4796 ἁπάσης
1667 4727 1813 4798 αῦτῷ

218 4813 322 4880 τῆς
385 4810 756 4866 θεοπνεύστου
817 4814 1039 4884 Γραφῆς
1100 4815 1552 4884 ἀντεγειρομένης
1614 4816 1814 4884 τρόπον

215 4906 371 4968 τινὰ,
416 4903 515 4955 καὶ
542 4903 948 4976 άντανιστώσης
973 4905 1071 4974 τὴν
1100 4905 1379 4975 ἀλήθειαν,
1407 4907 1612 4976 ψυχρόν
1636 4924 1693 4958 τε
1722 4907 1816 4959 καὶ

217 4993 422 5054 ἆῡλον,
459 4991 558 5044 καὶ
587 4992 882 5062 οὐδαμόθεν
915 4993 1372 5064 ἐπικουρούμενον
1407 4995 1812 5064 άποφαινούσης

214 5085 376 5153 αὐτῷ
408 5083 505 5135 τὸν
539 5085 630 5135 ἐπὶ
660 5087 768 5146 τοῖς
804 5085 954 5148 ίδίοις
975 5086 1248 5154 εὑρήμασι
1274 5084 1450 5153 λόγον,
1473 5086 1810 5156 διηπόρηκεν

215 5173 284 5223 οὐ
326 5173 577 5241 μετρίως
620 5173 729 5224 τῶν
772 5175 850 5236 είς
892 5173 1159 5244 ὀρθότητά
1199 5189 1259 5224 τε
1302 5174 1396 5224 καὶ
1429 5173 1683 5242 ἀλήθειαν
1724 5176 1809 5224 ὲν-

219 5263 393 5315 νοιιῖιν
424 5279 485 5315 τε
533 5263 627 5315 καὶ
659 5263 995 5331 διασκέψεων
1017 5278 1029 5290 ’
1060 5262 1236 5333 ταύτῃ
1273 5279 1374 5325 τοι,
1410 5262 1503 5314 καὶ
1546 5263 1581 5316 ἃ.
1626 5265 1813 5332 μηδεὶς

221 5353 461 5407 πώποτε
491 5353 600 5405 τῶν
629 5355 707 5418 εἰς
733 5354 1001 5423 ὀρθότητα
1026 5354 1126 5423 τὴν
1155 5353 1491 5423 δογματικὴν
1527 5371 1810 5423 μεμαρτυ-

227 5444 518 5512 ρημένων,
553 5444 583 5512 ἢ
615 5442 994 5514 πεφροντικὼς,
1020 5442 1053 5511 ἢ
1086 5442 1257 5509 λέγων
1279 5443 1577 5503 ἁλίσκεται,
1613 5443 1812 5505 ταύτας

226 5537 472 5588 ποιεῖται
505 5535 600 5588 τοῦ
637 5535 797 5604 λόγου
831 5535 930 5597 τὰς
972 5533 1252 5604 ἀφορμάς·
1286 5536 1581 5604 σκιαμαχεῖ
1624 5551 1681 5586 τε
1718 5536 1812 5587 καὶ

225 5622 557 5679 διατείνεται
598 5627 802 5697 μάτην,
835 5625 1218 5691 ἁντεξὰγοντος
1258 5623 1488 5688 οὐδενὸς,
1518 5623 1548 5693 ἢ
1586 5625 1810 5692 φιλονειο

304 5810 350 5841 ’⁸
373 5795 517 5866 Psal.
551 5828 682 5876 xui,
718 5812 771 5863 5.

853 5809 892 5840 ⁹¹
922 5807 1076 5864 Joan.
1110 5822 1190 5872 ιιι,
1224 5806 1304 5861 l7.
1383 5807 1427 5837 θ’
1458 5803 1608 5860 Joan.
1640 5823 1745 5870 xvi,
1772 5809 1858 5860 ‘37.

1918 4640 2047 4684 rata:
2085 4629 2185 4698 ipsi
2242 4638 2626 4698 repugnarent,
2679 4639 2736 4682 et
2784 4641 3119 4697 opponerent
3168 4633 3478 4694 veritatem,

1915 4720 2137 4788 ejusque
2167 4735 2469 4774 sermonem
2495 4735 2600 4786 quo
2631 4734 2725 4773 sua
2755 4731 3056 4772 commenta
3089 4731 3288 4786 tuetur,
3327 4722 3479 4791 frigi-

1918 4812 2042 4864 dum
2071 4821 2124 4865 et
2156 4811 2324 4865 levem
2355 4819 2407 4864 et
2445 4811 2585 4863 nulla
2614 4825 2680 4864 ex
2711 4819 2860 4878 parte
2893 4810 3080 4865 fultum
3113 4814 3479 4874 ostenderent,

1919 4919 2024 4956 non
2083 4903 2336 4957 mediocri
2372 4903 2594 4972 penuria
2645 4913 2914 4956 rectarum
2967 4919 3322 4971 verarumque
3358 4919 3483 4958 scn-

1918 4993 2206 5048 tentiarum
2253 5003 2304 5046 et
2338 4993 2747 5061 inquisitionum
2789 4993 3052 5046 laboravit
3080 5010 3094 5046 :
3130 5009 3191 5048 ea
3225 4995 3288 5048 de
3321 5010 3482 5048 causa

1917 5099 2034 5153 qua:
2081 5098 2238 5136 nemo
2279 5096 2510 5148 unquam
2561 5091 2702 5134 recta
2739 5082 3052 5150 dogmatum
3099 5084 3482 5136 tradendorum

1921 5175 2130 5229 ratione
2164 5174 2413 5237 celebris,
2463 5183 2550 5226 aut
2602 5173 2857 5236 sensisse,
2909 5184 3000 5226 aut
3051 5173 3254 5226 dixisse
3284 5175 3479 5242 depre—

1919 5266 2191 5328 henditur,
2228 5265 2292 5317 iis
2323 5281 2416 5332 pro
2447 5279 2754 5318 sernmnum
2798 5278 3014 5318 suorum
3058 5263 3344 5317 occasione
3376 5265 3482 5315 nti-

1919 5368 2025 5420 tur,
2072 5365 2125 5409 et
2167 5370 2285 5408 cum
2332 5357 2536 5408 umbris
2577 5364 2794 5422 pugnat,
2854 5365 2907 5407 et
2955 5353 3150 5407 frustra
3201 5355 3478 5406 contendit

1920 5445 2133 5499 nemine
2172 5455 2528 5513 repugnante,
2565 5454 2656 5496 aut
2696 5443 2776 5496 his
2810 5443 2873 5495 de
2907 5444 3064 5496 rebus
3096 5441 3479 5504 cantendcnte,

1919 5534 2057 5600 quod
2089 5534 2212 5585 illud
2243 5548 2362 5586 esse
2405 5542 2530 5600 puto
2561 5547 2740 5584 aerem
2774 5531 3081 5584 verberare.
3125 5525 3269 5581 Dixit
3296 5530 3479 5583 enim:

1919 5624 2050 5689 Quis
2086 5623 2326 5692 Apostoli
2374 5636 2566 5675 munus
2596 5635 2716 5674 cum
2759 5619 3028 5675 didicerit.
3069 5635 3172 5672 non
3211 5617 3353 5671 illico
3393 5617 3476 5670 in—

1940 5811 1982 5840 ”
2015 5804 2164 5860 Joan.
2195 5819 2273 5870 ιιι,
2304 5805 2354 5857 5.
2433 5808 2474 5836 νδ
2506 5805 2660 5860 Rom.
2691 5819 2728 5875 ι,
2761 5806 2843 5859 16.
2920 5808 2962 5839 ³⁸
3004 5805 3196 5860 llahac.
3229 5822 3306 5866 ιιι,
3339 5806 3390 5860 1.
