4112 6484
673 391 777 446 119

1651 392 1707 448 S.
1751 393 2018 450 Ci’RllLl
2060 396 2527 457 ALEXANDRINI
2567 403 2888 462 ARCHZEP.

3806 422 3912 478 £20

671 503 840 559 dicari
887 502 1154 559 hominem
1185 501 1480 573 intelligat?
1518 505 1648 571 Quis
1690 509 1957 576 pontificis
2002 513 2235 582 appella-

2342 519 2457 569 κιῐν
2487 518 2762 583 ἐθέλοντος
2788 521 3144 590 περὶτούτων
3172 525 3351 582 αὐτῶν
3395 527 3525 601 [τσ.
3558 531 3775 605 αύτῷ]·
3814 537 3912 588 καὶ

675 595 876 650 tionem
905 595 1149 659 audiens,
1181 593 1480 650 divinitatis
1521 599 1810 652 essentiam
1844 601 2018 669 ipsum
2055 605 2234 670 ponti-

674 689 826 743 ficem
849 687 1159 742 existimet?
1183 686 1315 740 Cum
1355 701 1483 756 ergo
1513 689 1600 756 qui
1628 688 1729 743 hoc
1752 690 1917 756 dicat,
1956 705 2116 747 nemo
2142 694 2233 758 sit,

671 791 792 831 eum
823 775 1041 846 quibus,
1083 776 1169 830 dic
1212 776 1364 840 mihi,
1399 777 1698 840 contendis,
1745 787 1799 832 et
1844 793 1956 832 rem
1995 780 2236 836 omnium

672 867 941 922 sententia
979 868 1309 931 damnatam,
1357 876 1611 935 tanquam
1662 867 1778 935 ipse
1822 869 1969 924 solus
2005 881 2236 938 evertas,

672 969 964 1032 palmarem
999 965 1093 1017 tibi
1129 964 1268 1018 hanc
1299 978 1531 1032 pugnam
1576 963 1815 1017 futuram
1846 965 2035 1033 putas?
2065 964 2238 1021 Porro

674 1054 943 1122 quomodo
975 1055 1206 1108 iufieiari
1242 1056 1411 1120 possit
1444 1064 1496 1108 te
1535 1054 1587 1107 in
1621 1055 1859 1107 medium
1886 1055 1937 1108 id
1973 1056 2236 1122 proferre,

673 1145 817 1216 quod
865 1159 985 1199 cum
1031 1160 1060 1198 a
1113 1147 1329 1199 nemine
1377 1146 1608 1207 dicatur,
1658 1152 1836 1198 tacere
1882 1145 2055 1200 satius
2097 1153 2236 1212 erat,

674 1249 833 1305 quam
881 1235 935 1288 in
988 1235 1376 1302 simpliciorum
1423 1234 1631 1288 animos
1678 1233 2238 1304 injicereissQuis

676 1326 820 1380 enim
865 1334 948 1379 est
998 1327 1129 1379 adeo
1178 1326 1456 1390 attonitus,
1510 1335 1566 1380 ut
1600 1326 1897 1380 divinitatis
1945 1329 2235 1381 essentiam

679 1417 850 1484 ipsum
900 1415 1214 1469 Pontificem
1272 1414 1582 1470 existimet?
1631 1415 1802 1469 Homo
1852 1424 1971 1469 erat
2020 1416 2235 1482 Aaron,

677 1503 925 1572 quamvis
967 1502 1190 1571 adeptus
1224 1511 1282 1556 ut
1325 1503 1379 1557 in
1419 1503 1509 1556 illo
1551 1504 1732 1558 divino
1771 1507 2070 1560 sacerdotio
2117 1506 2236 1561 aliis

676 1591 988 1648 excelleret.
1064 1592 1342 1658 Quomodo
1394 1593 1558 1662 igitur
1606 1594 1887 1662 quisquam
1939 1594 2237 1651 divinitatis

675 1684 966 1739 essentiam
1005 1683 1180 1752 ipsum
1235 1683 1543 1752 pontificem
1594 1685 1785 1752 putet?
1839 1694 1931 1739 aut
1969 1688 2238 1755 quomodo

678 1790 782 1830 non
832 1789 1054 1844 prorsus
1097 1774 1416 1828 confiteatur
1467 1774 1737 1828 hominem
1786 1778 2232 1842 commemorari,

2339 608 2516 675 τοῦτο,
2537 607 2688 682 οἶμαι
2715 613 2827 667 ἔστι
2845 615 2924 682 τὸ,
2948 618 3029 680 είς
3057 619 3195 689 ἀέρα
3219 620 3417 691 δέρειν.
3448 623 3592 694 Ἔφη
3624 626 3730 695 γάρ
3750 643 3763 656 ’
3811 627 3913 691 Τίς

2352 699 2673 756 ’Δποστόλου
2703 704 3046 775 λειτουργίαν
3076 708 3284 778 μαθὼν,
3315 713 3415 765 οὐκ
3433 713 3596 775 εὐθὺς
3625 715 3915 787 ἄνθρωπον

2343 791 2674 862 μηνυόμενον
2698 795 2870 863 ἔγνως
2900 797 2994 860 Τίς
3014 799 3314 869 ἀρχιερέως
3344 804 3640 873 ὀνομασίαν
3672 806 3911 872 ἀκούων,

2339 881 2588 951 θεότητος
2623 885 2810 938 οὐσίαν
2844 887 2934 940 τὸν
2961 889 3220 960 ἀρχιερέα
3248 892 3518 962 νομίσειεν
3541 911 3555 960 ;
3584 896 3709 950 Ὅτε
3730 897 3916 951 τοίνυν

2339 973 2512 1036 οὐδεὶς
2535 975 2564 1025 6
2595 975 2751 1028 τοῦτο
2781 978 2952 1045 λέγων
2985 981 3119 1044 ἐστὶ,
3146 982 3305 1046 τίσιν,
3349 985 3468 1039 εἰπέ
3516 1004 3627 1056 μοι,
3673 989 3916 1056 φιλονει-

2340 1066 2473 1126 κεῖς,
2512 1066 2606 1118 καὶ
2645 1068 2705 1118 τὸ
2745 1071 2862 1131 ταῖς
2896 1071 3149 1126 ἀπάντων
3189 1074 3391 1144 ψήφοις
3438 1079 3912 1148 κατεγνωσμένον,

2339 1153 2414 1214 ὠς
2467 1154 2625 1222 μόνος
2675 1157 2834 1221 αὐτὸς
2886 1161 3228 1233 ἀνατρέπων,
3299 1166 3401 1218 οῐει
3445 1166 3584 1238 τάχα
3627 1185 3752 1231 που,
3818 1171 3918 1222 καὶ

2338 1245 2516 1315 γερῶν
2541 1247 2696 1311 ἀξίαν
2727 1251 2994 1306 ποιεῖσθαι
3015 1253 3112 1324 τὴν
3143 1254 3423 1324 ἔνστασιν,
3453 1259 3645 1312 Καίτοι
3667 1258 3788 1323 πῶς
3810 1261 3918 1313 οὐκ

2338 1337 2553 1407 ἀληθὲς,
2593 1338 2668 1402 ὡς
2701 1339 2856 1394 τοῦτο
2888 1342 3139 1410 λέγοντος
3165 1346 3396 1411 οὐδενὸς,
3455 1349 3535 1412 είς
3563 1350 3724 1420 μέσον
3756 1352 3917 1419 ἄγεις

2338 1429 2515 1492 αὐτὸς,
2536 1428 2564 1481 δ
2585 1433 2791 1502 σιωπᾷν
2823 1434 3067 1503 ἄμεινον,
3100 1438 3193 1490 xui
3231 1439 3304 1508 μὴ
3325 1440 3445 1502 ταῖς
3475 1441 3583 1492 τῶν
3610 1443 3918 1496 ἁπλουστέ-

2342 1535 2448 1587 ρων
2466 1519 2701 1574 ἐνίεσθαι
2719 1521 2915 1592 ψυχαῖς
2940 1541 2955 1589 ;
2985 1525 3081 1588 Τίς
3096 1527 3204 1596 γὰρ
3225 1527 3396 1592 οὕτως
3419 1530 3800 1600 έμϐρόντητος,
3833 1532 3916 1596 ὡς

2338 1609 2589 1680 θεότητος
2620 1611 2806 1666 οὐσίαν
2826 1614 2914 1667 τὸν
2956 1615 3240 1686 Ἀρχιερέα
3261 1618 3506 1688 νομίζειν
3534 1637 3547 1686 ;
3586 1620 3918 1690 ’Ἄνθρωπος

2336 1693 2406 1768 ἦν
2442 1698 2670 1768 Ἀαρὼν,
2707 1700 2882 1754 καίτοι
2924 1703 2985 1754 τὸ
3029 1703 3289 1773 προῦχειν
3316 1705 3422 1757 τῶν
3454 1705 3627 1759 ἄλλων
3661 1707 3717 1758 ὲν
3750 1707 3921 1777 ἱερω-

2341 1788 2472 1859 σύνη
2503 1791 2568 1860 τῇ
2605 1789 2724 1861 Θείᾳ
2765 1790 2966 1862 λαχών.
3000 1793 3124 1857 Πῶς
3157 1791 3250 1848 οὖν
3281 1794 3345 1847 ἂν
3382 1813 3468 1859 τις
3505 1797 3692 1850 οὐσίαν
3723 1796 3920 1866 θεότη-

673 1881 798 1922 cum
844 1865 1016 1921 frater
1055 1865 1148 1921 ille
1189 1865 1322 1920 Mosi
1371 1875 1427 1919 ut
1474 1866 1710 1934 pontifex
1751 1867 2092 1936 appellatur?
2134 1866 2235 1922 Sed

2341 1896 2432 1943 τος
2463 1879 2553 1933 τὸν
2594 1881 2853 1954 ἀρχιερέα
2879 1882 3191 1953 νομίσειεν;
3236 1887 3268 1956 ἢ
3312 1887 3428 1951 πῶς
3467 1887 3532 1941 ἂν
3570 1888 3691 1960 οὐχὶ
3734 1865 3918 1958 πάντη

673 1960 816 2015 enim
859 1973 982 2013 cum
1027 1971 1369 2012 communem
1407 1970 1711 2010 sermonem
1769 1956 2030 2025 proferat,
2066 1968 2119 2012 et
2146 1959 2235 2027 qui
2308 1963 2312 1966 ’

674 2050 870 2118 cuique
900 2049 967 2104 de
1016 2054 1202 2102 nostro
1249 2060 1473 2100 numero
1510 2047 1776 2100 sacerdoti
1807 2048 2033 2114 quadret
2080 2057 2239 2116 atque

675 2139 981 2201 conveniat,
1014 2136 1432 2204 dispensationis
1480 2149 1597 2202 qua:
1626 2137 1678 2189 in
1725 2135 1946 2191 Christo
1986 2137 2238 2208 intelligi-

676 2241 784 2294 tur,
827 2227 1197 2282 admirabilem
1246 2225 1470 2294 gloriam
1504 2224 1831 2280 labefactare
1877 2236 2130 2291 conatur,
2184 2236 2240 2281 et

675 2321 917 2376 divinum
959 2317 1088 2372 illud
1122 2317 1438 2387 mySterium
1486 2325 1727 2370 nostrum
1767 2331 1831 2370 ex
1870 2317 1994 2372 imis
2019 2317 2236 2372 sedibus

676 2411 841 2467 audet
868 2418 1136 2473 evertere,
1173 2407 1392 2460 minime
1419 2407 1664 2474 cogitans
1690 2406 1983 2462 Ecclesiam
2011 2423 2040 2462 a
2073 2408 2236 2463 Chri-

675 2515 760 2556 sto
799 2515 961 2570 supra
992 2508 1200 2568 petram
1242 2511 1363 2552 esse
1393 2497 1690 2562 fundatam,
1731 2504 1784 2552 et
1818 2512 2094 2566 nunquam
2122 2496 2238 2552 fore

675 2603 734 2647 ut
765 2593 1030 2647 adversus
1070 2603 1189 2643 eam
1232 2595 1400 2657 portae
1432 2587 1589 2642 inferi
1639 2587 2049 2656 praevaleant".
2083 2585 2238 2641 Dedi-

674 2690 870 2754 gnatur
897 2680 1042 2736 enim
1083 2693 1422 2734 communem
1458 2687 1514 2732 et
1549 2678 1789 2732 omnium
1821 2687 1965 2732 recte
1997 2680 2238 2733 sentien-

677 2775 810 2828 tium
838 2773 1145 2841 opinionem
1174 2772 1326 2840 sequi
1359 2785 1373 2822 :
1406 2784 1596 2824 novam
1628 2785 1738 2824 sua:
1776 2772 2060 2825 sententias
2094 2772 2234 2826 viam

675 2863 1070 2918 inconsiderate
1103 2861 1248 2915 solus
1295 2860 1613 2929 ingreditur.
1659 2858 1765 2914 Nos
1813 2861 1982 2926 enim,
2033 2871 2091 2914 ut
2123 2861 2233 2930 jam

675 2951 926 3022 praefatus
973 2966 1117 3020 sum,
1152 2952 1279 3006 illud
1327 2967 1391 3006 ex
1428 2950 1536 3006 Deo
1577 2950 1737 3004 Patre
1775 2950 2026 3018 Verbum,
2063 2952 2237 3006 homi-

676 3058 795 3096 nem
831 3042 1052 3107 factum,
1088 3051 1142 3097 et
1179 3043 1282 3098 sibi
1331 3052 1387 3096 et
1433 3042 1577 3096 Patri
1628 3043 1964 3098 sacrificasse
2005 3044 2236 3100 dicimus

675 3135 798 3190 fidei
832 3145 1032 3191 ηοω-ω
1078 3133 1496 3200 confessionem,
1540 3143 1595 3189 et
1641 3144 2023 3204 congruentem
2061 3134 2234 3188 nulla-

2343 1987 2400 2024 τε
2457 1971 2549 2024 xui
2600 1973 2818 2036 πάντως
2876 1975 3259 2044 ὁμολογήσειεν
3314 1977 3601 2048 ἀνθρώπου
3659 1980 3920 2048 γενέσθαι

2347 2060 2585 2130 μνήμην,
2611 2061 2740 2114 ὅταν
2769 2063 2897 2132 ἡμῖν
2921 2065 2950 2115 6
2988 2063 3228 2128 Μωσέως
3254 2064 3478 2134 ἀδελφὸς
3509 2065 3584 2129 ὡς
3625 2066 3922 2135 ἀρχιερεὺς

2343 2150 2701 2221 ὀνομάζηται;
2745 2152 2905 2206 Ἀλλά
2932 2154 3042 2225 γὰρ
3065 2155 3244 2208 κοινόν
3271 2171 3394 2209 τινα
3419 2155 3512 2209 xui
3543 2155 3683 2209 κατά
3712 2157 3921 2220 παντὸς

2343 2240 2643 2311 ἀρχιερέως
2680 2240 2791 2296 τῶν
2831 2241 2954 2296 καθ’
3005 2245 3154 2314 ἡμᾶς
3205 2243 3350 2298 ίόντα
3387 2261 3448 2298 τε
3491 2246 3585 2298 xui
3634 2245 3922 2317 πρέποντα

2343 2331 2616 2402 προτιθεὶς
2636 2332 2726 2386 τὸν
2765 2333 2940 2401 λόγον,
2979 2335 3079 2405 τῆς
3102 2335 3160 2388 ἐν
3184 2335 3406 2406 Χριστῷ
3445 2337 3736 2407 νοουμένης
3763 2338 3917 2389 οἰκο-

2343 2423 2534 2490 νομίας
2571 2422 2633 2475 τὸ
2675 2423 2974 2494 παράδοξον
3007 2426 3305 2498 παραλύειν
3349 2429 3638 2499 ἐπιχειρεῖ,
3681 2429 3774 2481 xui
3799 2422 3919 2481 οἷον

2342 2513 2406 2566 ὲκ
2439 2513 2654 2584 βάθρων
2683 2515 2861 2568 αὐτῶν
2883 2516 3189 2570 κατασείειν
3211 2518 3491 2592 ἀποτολμᾷ
3515 2517 3574 2571 τὸ
3597 2517 3735 2572 θεῖον
3754 2518 3920 2588 ἡμῶν

2347 2604 2643 2674 μυστήριον
2663 2620 2676 2634 ·
2713 2605 2814 2658 ούκ
2841 2605 3057 2673 ἐννοῶν,
3096 2607 3178 2660 ὅτι
3206 2607 3598 2679 τεθεμελίωκεν
3618 2611 3650 2665 6
3667 2608 3919 2682 ,Χριστὸς

2341 2694 2434 2746 ἐπὶ
2464 2693 2668 2764 πέτραν
2685 2695 2786 2767 τὴν
2827 2695 3154 2767 Ἐκκλησίαν
3173 2714 3186 2728 ⁸
3216 2698 3311 2753 καὶ
3337 2700 3502 2753 πύλαι
3523 2701 3647 2772 ᾅδου
3677 2702 3736 2754 ού
3783 2717 3922 2755 κατ-

2344 2784 2654 2855 ισχύσουσιν
2703 2788 2895 2857 αὐτῆς.
2931 2789 3168 2844 ’Ἠκιστα
3191 2791 3290 2862 μὲν
3329 2792 3439 2863 γὰρ
3485 2793 3627 2857 ἀξιοῖ
3657 2796 3725 2864 τῇ
3757 2796 3919 2864 κοινῇ

2342 2874 2436 2926 xui
2484 2874 2738 2929 ἀπάντων
2784 2877 2890 2929 τῶν
2928 2878 3062 2948 ὀρθὰ
3109 2883 3322 2951 φρονεῖν
3369 2881 3635 2937 είωθότων
3680 2882 3920 2937 ἕπεσθαι

2341 2964 2487 3037 δόξῃ·
2515 2971 2827 3038 καινοτομεί
2873 2970 2965 3023 καὶ
3007 2971 3166 3040 μόνος
3210 2973 3585 3037 ἀϐασανίστως
3612 2975 3673 3028 τὸ
3699 2973 3913 3028 δοκοῦν.

2352 3056 2543 3127 Ἡμεῖς
2575 3059 2670 3128 μὲν
2700 3060 2828 3129 γὰρ,
2860 3061 3109 3134 καθάπερ
3133 3065 3232 3135 ήδη
3259 3067 3537 3135 προεῖπον,
3555 3066 3645 3121 τὸν
3683 3068 3746 3120 ἐκ
3776 3065 3918 3119 Θεόῦ

2343 3149 2554 3218 Πατρὸς
2586 3150 2758 3218 Λόγον
2784 3149 3068 3222 ἄνθρωπον
3099 3155 3390 3222 γεγονότα,
3434 3157 3526 3208 xui
3557 3155 3918 3226 ίερουργῆσαί

672 3241 780 3296 que
808 3239 874 3280 ex
906 3234 1057 3296 parte
1082 3241 1113 3280 a
1142 3240 1390 3279 mensura
1425 3225 1806 3280 exinanitiouis
1837 3226 2231 3295 discrepantem

2345 3214 2524 3306 φαμεν
2555 3214 2731 3307 ἑαυτῷ
2773 3239 2864 3292 καὶ
2891 3214 2974 3310 τῷ
3013 3214 3186 3313 Πατρῖ
3216 3244 3313 3314 τῆς
3354 3214 3588 3306 πίστεως
3610 3214 3773 3313 ,ἡμῶν
3802 3214 3921 3315 ’τὴν

672 3318 907 3388 gessisse
953 3316 1435 3386 dispensationem.
1487 3317 1593 3371 Sed
1640 3332 1749 3370 non
1795 3316 1869 3370 illi
1917 3316 2032 3371 haec
2067 3317 2137 3371 ita
2178 3331 2236 3371 se

673 3407 876 3462 habere
912 3406 1182 3469 videntur,
1215 3406 1308 3459 sed
1356 3406 1446 3458 ubi
1479 3405 1730 3471 privatim
1780 3419 1844 3459 ac
1883 3407 2110 3460 seorsim
2153 3406 2236 3460 di-

670 3498 882 3561 sdnxit,
918 3507 1170 3566 tanquam
1213 3497 1350 3551 alius
1391 3496 1462 3550 sit
1501 3496 1748 3550 Christus
1796 3497 1887 3552 ille
1929 3512 1994 3551 ex
2046 3508 2234 3552 sancta

671 3584 891 3655 Virgine
941 3585 1008 3639 ab
1049 3585 1141 3640 illo
1186 3601 1250 3638 ex
1291 3587 1399 3639 Deo
1441 3586 1598 3638 Patre
1628 3583 1826 3648 Verbo,
1864 3585 2032 3654 ipsum
2070 3587 2235 3641 fuisse

671 3679 871 3732 asserit
918 3677 1234 3746 Apostolum
1279 3687 1334 3730 et
1381 3677 1697 3730 Pontificem
1734 3677 2089 3732 confessionis
2138 3693 2235 3732 uo-

670 3767 889 3832 straa",
938 3781 1106 3835 seque
1150 3769 1237 3836 pie
1284 3767 1642 3837 religioseque
1675 3768 1879 3822 sentire
1914 3777 2064 3836 putat
2111 3783 2231 3822 cum

673 3861 791 3913 ait:
821 3857 877 3912 Si
912 3857 1053 3911 Deus
1079 3867 1162 3910 est
1207 3856 1294 3911 ille
1326 3858 1417 3925 qui
1463 3857 1638 3921 offert,
1673 3857 1848 3909 nullus
1877 3865 1960 3909 est
1985 3857 2069 3911 cui
2099 3856 2234 3910 offc-

671 3958 823 4003 ratur
851 3964 866 4001 :
899 3946 1024 4016 quid
1049 3947 1191 4001 enim
1220 3947 1500 4001 divinitate
1523 3948 1741 4016 dignum
1771 3947 1864 4011 sit,
1893 3957 1949 4000 ut
1978 3961 2230 4017 tanquam

672 4042 895 4098 inferior
930 4041 1116 4108 majori
1157 4038 1382 4094 offerat?
1423 4039 1526 4094 Sed
1575 4041 1619 4094 si
1656 4043 1776 4108 quis
1803 4050 1945 4095 esset
1978 4042 2066 4109 qui
2100 4057 2230 4095 con-

671 4134 919 4188 tenderet
947 4147 1010 4186 ac
1040 4133 1262 4194 diceret,
1298 4132 1471 4199 ipsum
1507 4146 1631 4184 vere
1658 4146 1721 4184 ex
1768 4131 1874 4184 Deo
1899 4129 2057 4186 Patre
2084 4135 2233 4202 geni-

670 4235 781 4277 tum
812 4221 1046 4277 Verbum
1093 4221 1255 4275 etiam
1297 4231 1579 4289 antequam
1617 4222 1775 4275 homo
1828 4221 2000 4286 fieret,
2034 4222 2099 4274 ad
2141 4237 2231 4276 sa-

671 4315 894 4370 cerdotii
949 4329 1143 4368 munus
1190 4328 1308 4368 csse
1349 4313 1689 4377 collocatum,
1740 4322 1796 4366 et
1839 4315 1891 4367 in
1943 4314 2230 4367 ministerii

670 4406 857 4460 ordine
912 4421 974 4459 ac
1026 4418 1273 4457 mensura
1322 4404 1691 4467 constitutum,
1739 4418 1909 4471 eaque
1956 4404 2020 4457 de
2069 4418 2228 4457 causa

664 4496 786 4562 jure
844 4495 1102 4565 appellari
1144 4494 1449 4563 pentifirem
1491 4505 1543 4547 et
1592 4494 1910 4562 apostolum,
1957 4496 2230 4561 sapienter

673 4589 853 4657 utique
883 4585 1195 4648 rcfutasset,
1233 4595 1287 4638 et
1315 4595 1436 4652 apte
1467 4586 1565 4637 hac
1597 4587 1661 4638 de
1697 4599 1752 4637 re
1776 4583 2083 4638 conclusam
2116 4599 2233 4639 esse

670 4680 736 4732 ab
761 4693 826 4732 eo
853 4675 1315 4730 ratiocinationem
1345 4674 1448 4725 dici
1480 4683 1678 4740 posset.
1707 4673 1819 4727 Non
1852 4675 1994 4727 enim
2030 4685 2235 4728 natura:

672 4770 744 4824 illi
795 4769 1042 4821 omnibus
1095 4765 1393 4819 dominanti
1445 4766 1814 4818 sacrificantes
1859 4767 2120 4829 deerant,
2179 4776 2235 4819 ut

669 4861 782 4929 ipsa
826 4858 926 4911 sibi
979 4871 1193 4910 sacrum
1242 4856 1522 4908 exhiberet
1560 4857 1897 4923 obsequium.
1951 4857 2053 4910 Sed
2103 4858 2230 4924 quia

670 4949 759 5003 ille
795 4946 1115 5016 Uuigenitus
1140 4945 1228 5014 qui
1266 4956 1451 4998 natura
1492 4944 1632 4999 Deus
1656 4957 1795 5009 erat,
1829 4957 1882 5000 et
1911 4965 1937 4999 a
1975 4950 2228 5002 sacerdo-

672 5045 814 5098 tibus
853 5042 1109 5108 obsequia
1149 5055 1299 5093 sacra
1338 5040 1684 5107 suscipiebat,
1715 5042 1778 5092 ad
1808 5056 2112 5094 mensuram
2141 5055 2231 5094 eo-

673 5151 787 5189 rum
816 5133 1091 5187 descendit
1112 5132 1200 5200 qui
1227 5130 1529 5184 sacerdotio
1557 5129 1934 5199 fungebantur,
1960 5132 2142 5193 homo,
2177 5138 2232 5182 ut

670 5225 800 5289 dixi,
824 5223 1012 5287 factus,
1037 5221 1171 5274 nihil
1189 5220 1406 5274 absurdi
1430 5229 1532 5285 est,
1553 5220 1594 5274 si
1614 5225 1776 5274 etiam
1799 5223 2052 5276 sacerdos
2075 5235 2230 5275 voce-

671 5327 812 5369 tura
842 5315 1011 5368 nobis.
1052 5316 1131 5367 An
1166 5329 1291 5368 vero
1325 5328 1430 5366 non
1472 5314 1750 5366 descendit
1783 5315 1832 5367 in
1864 5313 2032 5367 forma
2065 5311 2231 5375 servi,

670 5406 778 5477 67
817 5404 1043 5459 formam
1069 5405 1272 5460 scilicet
1299 5406 1438 5458 servi
1469 5405 1762 5472 accipiens,
1785 5405 2034 5473 quamvis
2062 5403 2233 5472 figura

671 5505 814 5550 esset
866 5511 927 5549 ac
975 5497 1225 5565 splendor
1270 5496 1451 5562 gloria:
1500 5495 1675 5549 Patris
1698 5495 1783 5547 '9?
1822 5509 2042 5564 prorsus
2075 5507 2233 5546 nemo

673 5597 756 5640 est
787 5586 876 5652 qui
903 5586 966 5639 de
994 5587 1091 5639 bac
1117 5601 1174 5639 re
1202 5586 1426 5639 dubitet.
1461 5585 1591 5640 Cum
1628 5587 1788 5652 igitur
1818 5586 1906 5640 ille
1934 5585 2228 5638 secundum

743 5765 785 5796 ”
818 5761 1006 5820 Matth.
1033 5763 1254 5830 X\'1,16.
1331 5765 1372 5796 θ’
1410 5762 1568 5817 Hebr.
1601 5764 1735 5827 ut,l.

2344 3328 2651 3397 ὁμολογίαν,
2702 3329 3019 3399 πρέπουσάν
3062 3349 3121 3385 τε
3166 3334 3262 3387 καὶ
3311 3333 3432 3388 κατ’
3477 3333 3667 3388 οὐδένα
3711 3333 3919 3405 τρόπον

2342 3419 2682 3489 ἀνάρμοστον
2714 3421 2825 3483 τοῖς
2863 3420 2963 3490 τῆς
3001 3421 3282 3485 κενώσεως
3318 3423 3538 3492 μέτροις
3584 3425 3920 3496 ποιήσασθαι

2340 3511 2441 3578 τὴν
2486 3510 2816 3580 οἰκονομίαν.
2865 3511 3005 3564 Ἀλλ’
3043 3513 3135 3582 οὐχ
3180 3505 3283 3566 ὧδε
3337 3514 3470 3567 ταῦτ¹
3530 3515 3673 3586 ἔχειν
3716 3517 3919 3586 ἐκείνῳ

2343 3600 2509 3662 δοκεῖ,
2549 3599 2655 3670 ίδίᾳ
2681 3600 2736 3653 δὲ
2781 3601 2978 3670 μᾶλλον
3010 3603 3106 3655 xui
3142 3604 3245 3656 ἀνὰ
3281 3602 3445 3675 μέρος
3493 3605 3802 3673 ἀπολαϐὼν,
3835 3607 3920 3672 ὡς

2340 3690 2524 3760 ἕτερον
2579 3691 2706 3744 ὄντα
2748 3693 2982 3763 Χριστὸν
3024 3693 3113 3746 τὸν
3161 3694 3224 3746 ὲκ
3263 3695 3364 3764 τῆς
3417 3695 3576 3763 ἁγίας
3628 3696 3916 3766 Παρθένου

2342 3780 2494 3850 παρά
2523 3797 2586 3848 γε
2622 3781 2711 3834 τὸν
2734 3783 2796 3834 ὲκ
2832 3783 2967 3836 Θεοῦ
3003 3784 3214 3853 Πατρὸς
3247 3785 3437 3851 Λόγον,
3471 3785 3632 3840 αὐτὸν
3656 3787 3917 3854 γενέσθαι

2341 3872 2504 3940 φησὶν
2520 3870 2842 3926 Ἀπόστολον
2860 3875 2952 3926 xui
2987 3874 3271 3945 Ἀρχιερέα
3300 3875 3398 3946 τῆς
3425 3875 3711 3944 ὁμολογίας
3728 3878 3912 3948 ήμῶνο

2339 3963 2511 4016 οἴεται
2547 3964 2604 4017 δὲ
2651 3966 2744 4018 xui
2801 3965 2909 4017 τῶν
2952 3968 3031 4030 είς
3078 3967 3358 4021 εὐσέϐειαν
3402 3969 3645 4040 ἡκόντων
3688 3971 3918 4036 ἐννοεῖν,

2340 4054 2515 4106 έκεῖνο
2551 4053 2723 4122 λέγων
2747 4071 2760 4086 ⁸
2795 4056 2858 4109 Ei
2887 4055 3018 4120 Θεὸς
3042 4059 3069 4111 6
3087 4058 3432 4129 προσφέρων,
3457 4061 3630 4121 οὐδεὶς
3665 4053 3709 4128 ᾧ
3737 4077 3915 4131 προσ-

2341 4144 2600 4214 φέρεται·
2656 4147 2708 4199 τί
2757 4147 2865 4218 γὰρ
2918 4147 3168 4218 θεότητος
3215 4149 3386 4215 ἀξιον,
3440 4153 3504 4204 ἵν’
3568 4153 3643 4216 ὠς
3689 4152 3915 4206 ἔλαττον

2340 4235 2621 4306 προσφέρῃ
2662 4235 2738 4305 τῷ
2772 4237 3011 4306 μείζονις
3056 4238 3194 4290 Ἀλλ’
3217 4240 3264 4291 εί
3290 4238 3387 4308 μέν
3413 4257 3493 4303 τις
3510 4237 3578 4311 ἦν
3599 4242 3627 4295 6
3655 4242 3915 4296 διατεινό·

2343 4324 2500 4392 μενός
2528 4343 2588 4376 τε
2611 4326 2704 4378 xui
2742 4327 2913 4395 λέγων
2939 4327 3100 4380 αὑτὸν
3131 4328 3346 4398 ἀληθῶς
3375 4331 3466 4383 τὸν
3517 4333 3582 4385 ἐκ
3625 4331 3758 4385 Θεοῦ
3790 4334 3914 4387 Πα-

2338 4416 2464 4487 τρὸς
2507 4417 2698 4485 Λόγον,
2736 4418 2829 4470 xui
2865 4419 2970 4488 πρὸ
3008 4419 3108 4488 τῆς
3146 4420 3604 4492 ὲνανθρωπήσεως
3650 4425 3912 4494 τετάχθαι

2343 4508 2472 4577 πρὸς
2505 4509 2833 4577 ἱερουργίαν,
2879 4513 2970 4562 xui
2995 4511 3052 4562 ὲν
3081 4510 3296 4581 μέτροις
3327 4509 3464 4566 εἶναι
3491 4513 3910 4584 λειτουργικοῖς,
3933 4499 3944 4507 ’

2341 4597 2544 4668 ταύτης
2576 4614 2632 4651 τε
2662 4599 2819 4651 ἕνεκα
2846 4599 2944 4669 τῆς
2971 4601 3150 4664 αἰτίας
3179 4603 3537 4672 ὀνομάζεσθαι
3573 4605 3682 4657 δεῖν
3717 4606 3913 4676 ἀρχιε-

2343 4690 2442 4759 ρέα
2483 4689 2577 4741 xui
2620 4688 2936 4744 ἀπόστολον.
2981 4691 3158 4761 Σοφὴν
3203 4693 3268 4746 ἃν
3305 4695 3596 4763 ἐποιήσατο
3632 4695 3731 4765 τὴν
3769 4697 3913 4751 ἀπόο

2340 4777 2532 4846 πληξιν
2563 4776 2683 4848 [ἷσ.
2715 4777 3066 4850 ὲπίπληξιν]·
3092 4782 3420 4850 πεποιῆσθαι
3439 4783 3498 4837 δὲ
3521 4785 3615 4838 xui
3636 4787 3693 4838 ὲν
3714 4785 3913 4858 κόσμῳ

2338 4867 2471 4937 φαίη
2519 4885 2602 4930 τις
2645 4867 2710 4921 ἂν
2743 4868 2889 4939 αὐτῷ
2927 4869 3016 4922 τὸν
3055 4872 3145 4923 ἐπὶ
3185 4871 3357 4940 τούτῳ
3404 4874 3772 4945 συλλογισμόν.
3829 4879 3910 4932 Οὐ

2337 4959 2443 5028 γὰρ
2476 4954 2542 5027 ἦν
2571 4959 2628 5010 ὲν
2670 4959 2860 5012 σπάνει
2881 4959 2988 5011 τῶν
3018 4960 3315 5032 ίερουργῶν
3349 4965 3512 5034 ἡτῶν
3539 4965 3673 5018 ὅλων
3703 4967 3912 5039 κατάρ-

2339 5065 2506 5119 χουσα
2530 5048 2707 5116 φύσις,
2746 5050 2812 5101 ἵν’
2831 5051 2887 5102 ὲν
2909 5051 3047 5120 αὐτῇ
3078 5050 3193 5122 [ῑσ.
3218 5053 3417 5125 ἑαυτῇ]
3450 5054 3911 5127 λειτουργήσειιν.

2354 5138 2571 5210 Ἐπειδὴ
2620 5139 2675 5192 δὲ
2715 5139 2872 5207 φύσει
2910 5141 3040 5206 Θεὸς
3084 5144 3342 5214 ὑπάρχων
3375 5145 3403 5196 ὁ
3442 5146 3767 5216 Μονογενὴς,
3809 5151 3914 5203 καὶ

2339 5230 2437 5293 τὰς
2467 5231 2618 5303 παρὰ
2654 5232 2761 5284 τῶν
2803 5234 3185 5303 ίερατευόντων
3215 5234 3554 5305 λειτουργίας
3597 5235 3911 5305 δεχόμενος,

2341 5322 2418 5383 είς
2454 5320 2514 5372 τὸ
2560 5321 2671 5373 τῶν
2699 5323 3044 5392 τεταγμένων
3087 5325 3166 5384 είς
3215 5323 3522 5394 ἱερουργίαν
3571 5326 3913 5393 καταπεφοί-

2339 5424 2470 5477 τηκε
2503 5410 2723 5479 μέτρον,
2759 5409 3040 5480 ἄνθρωπος
3071 5411 3329 5478 γεγονὼς,
3385 5411 3460 5477 ὡς
3493 5413 3648 5482 ἔφην,
3693 5414 3911 5481 γένοιτο

2339 5497 2404 5550 ἂν
2426 5499 2534 5552 τῶν
2563 5501 2776 5554 ἀτόπων
2807 5500 2978 5565 οὐδὲν,
3012 5504 3061 5554 εί
3089 5501 3302 5555 καλοῖτο
3333 5503 3467 5574 πρὸς
3501 5504 3658 5574 ήμῶν
3685 5507 3775 5559 καὶ
3802 5508 3911 5576 ἀρ-

2342 5589 2574 5657 χιερεύς.
2631 5589 2696 5644 Ἢ
2749 5591 2810 5644 ού
2871 5593 3242 5665 καταϐέϐηκεν
3277 5597 3335 5649 έν
3381 5598 3446 5664 τῇ
3469 5595 3656 5648 δούλου
3695 5599 3906 5668 μορφῇ,

1815 5763 1857 5794 ³⁵⁸
1892 5763 2122 5831 Philipp.
2151 5779 2209 5831 ll,
2241 5765 2300 5830 7;
2336 5764 2494 5820 Hebr.
2525 5782 2560 5830 ι,
2587 5766 2635 5820 5.
