4112 6520
102 437 162 493 lii
1231 449 1608 507 ADVERSUS
1646 450 2051 512 NESTORIUM
2093 455 2217 513 LIB.
2260 458 2347 514 ΙΙΙ.

3300 465 3408 520 ιτα

102 559 256 629 μορφὴν
312 560 614 633 δηλονότι
680 566 904 620 δούλου
955 565 1148 632 λαϐὼν,
1195 567 1372 621 καίτοι
1437 570 1711 642 χαρακτὴρ

1833 584 2081 631 naturam
2129 578 2283 644 liber,
2322 587 2506 646 utpote
2543 580 2702 645 Deus.
2733 580 2822 637 ille
2846 580 2938 651 qui
2971 588 3087 636 erat
3137 581 3189 638 in
3232 583 3406 640 forma

107 651 312 721 ὑπάρχων
370 655 484 707 καὶ
536 656 936 727 ἀπαύγασμα
986 658 1081 726 τῆς
1129 654 1285 726 δόξης
1330 654 1425 709 τοῦ
1478 656 1724 728 Πατρός;

222 743 308 796 οὒκ
334 742 415 796 ἂν
453 744 803 800 ὶνδοιάσειέ
836 762 940 808 τις.
966 746 1091 798 "Ore
1125 746 1305 798 τοίνυν
1336 747 1363 798 6
1394 748 1532 799 κατά
1563 746 1725 815 φύσιν

122 831 228 886 ἰδίαν
249 831 581 904 ὶλεύθερος,
613 836 701 897 ὡς
732 836 891 898 Θεὸς,
912 836 940 887 6
969 837 1024 886 ἐν
1056 836 1236 903 μορφῇ
1268 833 1364 886 καὶ
1396 834 1601 903 ἰσότητι
1632 836 1725 887 τοῦ

129 925 501 994 γεγεννηκότος
528 966 544 987 ,
610 927 1010 997 κεχρημάτικε
1061 924 1275 989 δοῦλος,
1327 924 1419 978 τὸν
1454 924 1563 997 [Ion
1591 924 1724 998 τῶν]

135 1022 219 1073 ὑπὸ
255 1020 388 1084 ζυγὰ
420 1018 695 1082 δουλείας
729 1019 792 1071 τὸ
845 1018 1042 1089 μέτρον
1070 1018 1130 1069 ού
1165 1015 1530 1086 διωθούμενος
1577 1019 1723 1070 οἰκος

136 1112 373 1182 νομικῶς,
407 1111 537 1164 ἀνθ’
569 1112 700 1163 ὅτου
734 1110 912 1172 δέδιας
942 1108 1103 1161 αὑτὸν
1137 1108 1229 1161 καὶ
1253 1108 1512 1181 ἀρχιερέα
1538 1110 1723 1163 καλεῖν

132 1204 206 1256 διὰ
248 1203 309 1256 τὸ
345 1201 742 1273 ἀνθρώπινον;
787 1199 1036 1270 καθιεροῖ
1078 1197 1186 1267 γὰρ
1229 1200 1377 1269 ἡμᾶς
1423 1200 1503 1261 εἰς
1547 1198 1722 1270 ὀσμὴν

130 1293 351 1357 εὐωδίας
381 1293 472 1346 διὰ
514 1293 623 1362 τῆς
656 1292 894 1354 πίστεως
915 1307 927 1320 ·
963 1290 1152 1344 ἑαυτόν
1184 1306 1245 1342 τε
1284 1289 1423 1361 ὑπὲρ
1464 1291 1619 1360 ἡμῶν
1647 1290 1722 1355 ὼς

125 1384 513 1454 εύοσμώτατον
552 1384 704 1454 θῦμα
738 1382 1141 1452 προσκεκόμικε
1188 1381 1265 1451 τῷ
1305 1382 1502 1453 Πατρί.
1547 1383 1604 1436 '0
1641 1383 1719 1448 δὲ,

122 1476 216 1528 οὐκ
239 1472 343 1529 οἷδ’
367 1478 396 1528 ὃ
418 1492 469 1528 τι
496 1475 700 1542 λέγων,
730 1473 1068 1543 προσεπάγει
1098 1471 1309 1535 τούτοις
1333 1472 1493 1535 εὐθύς
1511 1489 1525 1502 ο
1551 1472 1721 1525 Πόθεν

119 1561 210 1617 οὖν
241 1567 274 1617 6
310 1565 447 1628 Θεὸς
486 1565 676 1626 αὐτοῖς
716 1562 1016 1631 κεκλῆσθαι
1064 1562 1157 1615 νῦν
1207 1563 1499 1632 ἀρχιερεὺς
1536 1562 1720 1632 ἐνομί-

118 1660 301 1727 σθη,ὁ
333 1657 526 1720 θυσίας
556 1658 640 1719 εἰς
671 1654 953 1725 προκοπὴν
982 1653 1117 1707 ίδίαν
1151 1655 1224 1723 μὴ
1258 1654 1509 1725 χρῄζων;
1542 1656 1569 1707 6
1595 1655 1722 1708 Θεό-

114 1766 293 1819 11:10;
323 1750 550 1818 κτήτωρ
589 1765 608 1798 ι
640 1748 696 1811 ἐξ
725 1745 1028 1816 ἀνθρώπων
1060 1744 1306 1815 ληφθεὶς,
1334 1745 1478 1814 ὑπὲρ
1512 1743 1721 1816 ἀνθρώ-

113 1858 238 1893 πων
275 1839 607 1892 καθίσταται
650 1838 718 1891 τὰ
751 1838 885 1907 πρὸς
920 1837 1011 1889 τὸν
1037 1836 1202 1901 Θεόν;
1234 1854 1253 1888 ι
1292 1836 1461 1889 Πόθεν
1500 1838 1599 1906 μὲν
1626 1834 1719 1890 οὖν

1830 678 1883 718 et
1910 667 2217 733 aequalitate
2244 672 2574 737 generantis,
2609 670 2783 727 factus
2815 681 2899 726 est
2928 686 3140 737 servus,
3183 689 3404 730 mensu-

1829 772 1944 810 ram
1971 774 2156 813 eorum
2181 761 2270 829 qui
2317 760 2418 815 sub
2443 761 2570 833 jngo
2597 762 2878 817 servitutis
2911 774 3090 830 erant,
3124 765 3405 833 dispensa-

1830 852 1964 902 toria
1996 852 2208 907 ratione
2239 866 2344 907 non
2402 854 2745 922 dedignatus,
2789 869 2893 923 qua
2923 854 2987 908 de
3018 870 3180 910 causa
3212 857 3406 912 metuis

1826 957 1950 997 eum
2021 944 2330 1010 pontiﬁcem
2390 954 2610 1013 propter
2653 944 3045 998 humanitatem
3108 947 3404 1014 appellare,

1825 1034 1914 1101 qui
1947 1042 2001 1087 et
2038 1048 2136 1088 nos
2171 1033 2331 1089 olTert
2369 1035 2419 1088 in
2452 1034 2777 1089 sacrificium
2811 1038 3143 1106 odoremque
3166 1038 3407 1092 suavita-

1828 1124 1895 1176 tis
1922 1138 2017 1191 per
2056 1124 2235 1188 (idem,
2268 1135 2321 1179 et
2352 1125 2590 1194 seipsnm
2625 1125 2768 1178 Patri
2816 1141 2913 1193 pro
2941 1126 3098 1181 nobis
3146 1136 3401 1197 tanquam

1824 1216 2257 1271 odoratissimam
2310 1217 2583 1271 victimam
2636 1218 2871 1273 obtulit?
2917 1218 3015 1273 Hic
3060 1235 3188 1275 vero
3237 1219 3389 1290 (quid

1826 1309 1967 1362 dicat
2022 1308 2227 1377 nescio)
2284 1307 2371 1363 his
2417 1307 2560 1362 illico
2600 1308 2897 1380 adiungit:
2956 1310 3241 1365 Undenam
3303 1312 3404 1379 ipsi

1826 1409 2126 1467 putarunt,
2183 1398 2351 1453 Deum
2409 1415 2551 1454 nunc
2600 1409 2847 1454 vocatum
2897 1416 3017 1456 esse
3068 1403 3404 1471 pontiﬁcem,

1826 1504 1946 1542 cum
2000 1488 2087 1541 ille
2125 1488 2296 1542 hostia
2330 1488 2395 1541 ad
2452 1490 2851 1555 promotionem
2898 1506 3048 1544 suam
3104 1507 3207 1546 non
3261 1492 3407 1546 iudi-

1824 1580 1993 1650 geat?
2031 1579 2257 1633 Deitatis
2309 1594 2596 1647 possessor
2632 1598 2650 1632 ι
2704 1595 2769 1635 ex
2817 1581 3137 1636 hominibus
3183 1598 3405 1637 assum-

1824 1681 1970 1742 ptus,
1998 1687 2096 1740 pro
2126 1673 2435 1726 hominibus
2459 1673 2808 1727 constituitur
2837 1673 2888 1727 in
2919 1674 3001 1727 his
3031 1689 3153 1742 qua:
3177 1686 3303 1728 sunt
3325 1674 3393 1727 ad

1825 1762 1990 1815 Deum
2029 1762 2094 1813 ".
2128 1781 2146 1814 ι
2180 1762 2465 1818 Uudenam
2500 1765 2667 1834 igitur
2700 1777 2867 1832 esset,
2895 1776 2949 1819 et
2982 1781 3144 1835 quam
3178 1767 3249 1819 ob
3278 1781 3407 1819 cau-

1821 1869 1937 1907 sam
1976 1854 2247 1923 Christus,
2296 1858 2398 1912 hoc
2440 1868 2542 1922 est,
2599 1859 2774 1927 ipsum
2818 1860 2907 1912 Dei
2960 1858 3191 1913 Verbum
3242 1858 3405 1914 homo

112 1927 203 2001 ἦν,
254 1933 298 2001 ἦ
343 1932 436 1983 διὰ
473 1930 631 1982 ποίαν
671 1928 848 1981 αἰτίαν
894 1927 1210 1996 ὠνόμασται
1244 1927 1509 1998 Χριστὸς,
1558 1943 1711 1979 τουτ-

1826 1946 2047 2007 factum,
2081 1948 2380 2016 appellatus
2410 1949 2480 2002 sit
2512 1951 2802 2017 Apostolus
2832 1960 2887 2004 et
2925 1951 3191 2016 Pontifex,
3225 1951 3404 2005 abun-

112 2024 303 2083 ἐστιν,
349 2019 637 2082 ἄνθρωπος
688 2016 925 2086 γεγονὼς
958 2020 985 2070 6
1032 2015 1126 2070 τοῦ
1172 2017 1307 2072 Θεοῦ
1348 2019 1520 2087 Λόγος
1555 2019 1717 2072 Ἀπό-

114 2110 321 2174 στολος
354 2109 452 2163 καὶ
490 2110 824 2180 Ἀρχιερεὺς,
851 2106 1093 2178 διαρκῶς
1123 2107 1255 2179 ⁴ἡμῖν
1282 2109 1311 2162 6
1335 2108 1494 2178 λόγος
1522 2108 1718 2162 ἀποδέ-

111 2200 306 2271 δειχεν
336 2201 567 2271 ἀρτίως.
610 2194 780 2269 Οἶμαι
829 2198 885 2251 δὲ
926 2198 1036 2251 δεῖν
1074 2199 1173 2252 οὐκ
1210 2199 1572 2255 ἀϐασάνιστον
1621 2202 1717 2271 ὲᾷν

114 2294 215 2360 τὴν
258 2292 515 2362 ἀσυνήθη
561 2307 619 2342 τε
659 2291 755 2343 καὶ
788 2289 947 2360 ξένην
992 2290 1155 2344 αὐτοῦ
1194 2292 1400 2361 φωνήν.
1424 2287 1571 2362 Ἀρα
1608 2293 1717 2361 γὰρ

115 2381 383 2452 θεότητος
442 2382 685 2451 κτήτορα
715 2380 809 2433 τὸν
845 2382 911 2434 ὲκ
940 2380 1075 2435 Θεοῦ
1122 2383 1256 2453 φησί
1289 2382 1482 2451 Λόγον,
1529 2382 1633 2436 κᾶν
1667 2384 1718 2436 εἰ

116 2472 221 2524 ἀνα
258 2472 431 2543 μέρος
464 2470 708 2540 βούλοιτό
738 2488 823 2534 τις
848 2473 986 2524 νοεῖν
1014 2472 1177 2525 αὑτὸν
1205 2475 1299 2525 καὶ
1326 2473 1448 2543 δίχα
1475 2474 1711 2544 σαρκόςς

122 2558 231 2633 ἆρα
261 2564 340 2627 ὡς
374 2566 509 2634 παρ’
537 2564 696 2617 αὐτὸν
728 2563 921 2634 ἑτέραν
952 2562 1048 2634 τὴν
1078 2562 1307 2634 θεότητα
1345 2565 1511 2619 αὑτοῦ
1552 2565 1716 2635 διορί-

123 2654 314 2719 ζεταις
346 2650 440 2727 ἦς,
482 2656 582 2708 οὐκ
610 2652 704 2708 οἶδ’
733 2656 900 2716 ὅπως,
930 2654 1074 2707 καθά
1111 2671 1277 2724 φησιν
1308 2656 1491 2719 αὐτὸς,
1524 2657 1714 2725 γέγονε

125 2746 369 2816 κτήτωρ,
421 2745 499 2807 ὡς
556 2743 1035 2814 προσειλημμένης
1089 2741 1291 2806 ἔξωθεν
1337 2744 1433 2796 καὶ
1475 2746 1713 2815 ἐπισυμ-

129 2836 299 2907 ϐασης
326 2835 498 2905 αὐτῷ,
540 2836 716 2888 καίτοι
748 2834 867 2905 Θεῷ
906 2834 1047 2888 κατά
1076 2836 1238 2904 φύσιν
1268 2834 1366 2889 οὐκ
1414 2836 1526 2889 ὄντι
1566 2837 1716 2908 αὑτῷ

132 2946 283 2993 ποτε,
299 2930 489 2981 ὁποῖόν
509 2931 625 2981 ἐστι
646 2929 707 2981 τὸ
729 2928 880 2999 παρά
898 2929 999 2999 τῆς
1015 2930 1250 3002 ἀρχαίας
1274 2931 1492 3001 ἐκείνης
1516 2950 1711 3001 γυναι-

134 3022 242 3085 κὸς,
266 3022 412 3091 φημὶ
434 3020 498 3090 δὴ
531 3021 628 3091 τῆς
646 3019 809 3087 Εὔας,
825 3021 1087 3091 τεκούσης
1106 3025 1197 3075 τὸν
1222 3022 1326 3093 Σήθ
1350 3024 1461 3095 (19)
1482 3040 1497 3055 ·
1536 3044 1553 3076 ι
1597 3026 1718 3078 Ἐκ-

136 3114 378 3182 τησάμην
395 3113 682 3182 ἄνθρωπον
699 3113 789 3166 διὰ
818 3112 911 3165 τοῦ
945 3113 1101 3167 Θεοῦ.
1144 3114 1318 3167 Ἀλλ’»
1355 3111 1531 3185 οἶμαι,
1559 3116 1715 3169 τοῦτό

139 3206 274 3256 ἐςτιν
319 3202 635 3271 ἀπόϐλητον
670 3204 948 3265 παντελῶς
997 3203 1147 3273 αύτῷ
1181 3221 1240 3257 τε
1285 3206 1376 3257 καί
1436 3207 1619 3258 πᾶσιν.
1649 3206 1714 3257 Τί

139 3290 220 3346 οὖν
260 3296 608 3367 ἀκυρολογεῐ,
644 3296 738 3347 καὶ
772 3298 1145 3367 παραρῤιπτεῖ
1189 3298 1372 3364 φωνὰς
1419 3300 1713 3362 ἀσυνέτους

142 3384 216 3434 ἐπ’
234 3384 559 3451 ἀναγκαίοις
586 3381 728 3435 οὕτω
757 3384 1103 3454 πράγμασιν;
1126 3386 1197 3437 Ἣ
1224 3386 1322 3438 οὐκ
1348 3385 1413 3439 ἂν
1439 3387 1591 3453 ὄφλοι
1619 3387 1713 3455 γέ-

142 3476 270 3529 λωτα
304 3474 401 3528 καὶ
441 3473 872 3542 φρενοϐλαϐείας
905 3477 1142 3547 γραφὴν,
1178 3479 1227 3531 εἰ
1258 3478 1324 3549 δὴ
1357 3478 1597 3549 βούλοιτό
1630 3496 1713 3543 τις

141 3566 224 3619 ἱνα
262 3568 373 3619 τῶν
426 3564 549 3618 καθ’
588 3567 737 3635 ἡμᾶς
776 3565 1190 3637 ἁνθρωπότητος
1232 3570 1473 3639 κτήτορα
1507 3570 1707 3639 λέγειν,

141 3657 290 3722 ἤγουν
340 3656 435 3708 τὸν
470 3656 637 3708 ἵππον
685 3656 1011 3726 ἰππότητος;
1055 3660 1151 3721 Τίς
1196 3656 1307 3729 ἆρα
1342 3659 1525 3712 λοιπὸν
1553 3664 1581 3713 6
1611 3662 1709 3730 τῆς

144 3746 380 3815 θεότητος
416 3751 658 3815 κτήτωρ,
698 3765 715 3797 ι
735 3748 761 3798 6
793 3746 850 3812 ἐξ
879 3746 1181 3817 ἀνθρώπιον
1214 3749 1441 3819 ληφθεὶς
1468 3751 1538 3805 τὰ
1572 3752 1708 3823 πρὸς

143 3836 218 3887 τὸν
240 3835 373 3889 Θεὸν
402 3836 759 3899 καθίσταται;
799 3836 853 3889 Ἐ
865 3838 945 3907 ρεί
972 3839 1110 3908 τάχα
1154 3854 1256 3891 που
1287 3839 1477 3893 διελὼν
1510 3842 1589 3906 εἰς
1616 3842 1710 3896 δύο

140 3927 219 3979 τὸν
257 3928 355 3981 ἕνα
401 3928 658 3996 Χριστὸν,
696 3929 788 3982 τὸν
817 3931 881 3982 ὲκ
912 3933 1008 4001 τῆς
1039 3933 1202 4000 ἁγίας
1250 3934 1564 4005 Παρθένου’
1611 3938 1706 4004 γέ-

140 4036 368 4087 γραπται
405 4017 517 4089 [ῖσ.
546 4020 869 4093 τέτραπται]
904 4023 1009 4094 γάρ
1048 4042 1165 4088 πως
1194 4027 1273 4089 εἰς
1302 4027 1458 4080 τοῦτο
1489 4029 1585 4080 καὶ
1614 4029 1706 4082 νῦν

137 4114 159 4161 ὁ
185 4111 382 4173 σκοπὸς
409 4110 559 4181 αὐτῷ
578 4128 591 4141 ·
624 4113 819 4182 κτῆσις
841 4110 932 4167 οὖν
965 4114 1252 4185 ἀνθρώπου
1282 4118 1504 4185 γέγονεν
1533 4122 1565 4190 ὴ
1597 4120 1707 4174 θεό-

135 4216 253 4268 της,
288 4200 416 4252 εἰπέ
456 4219 575 4272 μοι,
622 4204 716 4255 καὶ
755 4201 952 4273 συνέϐη
997 4206 1102 4259 τινὶ
1156 4205 1264 4259 τῶν
1297 4208 1419 4261 καθ’
1447 4210 1613 4279 ἡμᾶς,
1647 4211 1705 4264 τὸ

135 4292 284 4355 φύσει
311 4307 373 4344 τε
406 4295 504 4346 καὶ
540 4292 765 4363 ἀληθείᾳ
808 4294 1060 4361 γενέσθαι
1097 4295 1250 4363 Θεὸν,
1281 4300 1375 4352 καὶ
1418 4300 1522 4370 τῆς
1560 4302 1701 4355 ἀνω-

133 4385 270 4435 τάτω
304 4385 501 4438 πασῶν
544 4385 636 4437 καὶ
670 4386 982 4457 ὑπερτάτης
1025 4390 1213 4452 οὐσίας
1260 4392 1702 4463 καταπλουτῆσαι

132 4474 222 4541 τὴν
255 4476 577 4545 ὑπεροχήν;
616 4475 829 4543 Ἄπαγε
866 4477 964 4547 τῆς
1011 4478 1362 4543 δυσϐουλίας,
1409 4481 1663 4551 ἄνθρωπε
1686 4502 1698 4513 ·

1822 2039 1887 2096 de
1932 2042 2182 2109 proximo
2230 2055 2481 2095 sermone
2533 2042 2863 2109 patefactum
2906 2052 3031 2097 est:
3086 2043 3180 2098 sed
3222 2053 3401 2099 tamen

1820 2131 2090 2185 insuetam
2129 2142 2184 2186 et
2219 2146 2417 2186 novam
2463 2133 2579 2200 ejus
2629 2147 2816 2187 vocem
2847 2148 2955 2186 non
2990 2149 3109 2189 esse
3139 2134 3257 2188 sine
3293 2136 3405 2190 dis.

1818 2224 2073 2278 cussione
2119 2225 2556 2291 przetereundam
2600 2239 2822 2280 censeo.
2862 2222 3003 2280 Num
3043 2228 3187 2279 enim
3221 2224 3403 2280 Deita-

1823 2315 1889 2369 tis
1922 2330 2292 2385 possessorem
2345 2315 2520 2385 ipsum
2566 2331 2631 2369 ex
2666 2315 2774 2370 Deo
2802 2315 3040 2370 Verbum
3082 2318 3235 2382 dicit,
3277 2319 3401 2373 licet

1818 2420 2062 2460 seorsum
2099 2406 2230 2460 illud
2288 2406 2593 2473 intelligere
2642 2407 2929 2475 quisquam
2974 2408 3105 2462 velit
3156 2419 3211 2462 et
3255 2410 3393 2463 citra

1817 2494 2076 2551 carnem?
2106 2512 2173 2549 an
2205 2494 2372 2564 ipsius
2402 2494 2738 2549 divinitatem
2776 2506 3032 2565 tanquam
3073 2498 3141 2551 ab
3178 2501 3295 2567 ipso
3320 2500 3404 2553 di-

1818 2600 2031 2641 versam
2064 2585 2387 2655 distinguit?
2417 2585 2575 2652 cujus
2622 2587 2807 2640 nesein
2840 2602 3074 2655 quonam
3125 2589 3309 2653 modo,
3343 2599 3400 2643 ut

1819 2677 1932 2746 ipse
1959 2676 2056 2743 ait,
2092 2690 2375 2745 possessor
2409 2684 2493 2731 est
2526 2676 2721 2741 factus,
2756 2685 3009 2746 tanquam
3040 2679 3084 2732 si
3120 2680 3396 2736 extrinse-

1818 2784 1913 2823 cus
1946 2778 2169 2837 accepta
2205 2768 2296 2831 sit,
2335 2778 2390 2820 et
2426 2767 2501 2820 illi
2545 2769 2846 2833 advenerit,
2878 2769 3008 2823 licet
3037 2771 3126 2825 ille
3150 2771 3398 2839 aliquan-

1817 2858 1888 2911 do
1921 2858 2063 2909 Deus
2093 2855 2390 2910 secundum
2425 2867 2675 2909 naturam
2715 2873 2820 2912 non
2856 2858 3037 2925 Fuerit,
3075 2861 3235 2929 quale
3268 2861 3396 2915 illud

1816 2956 1901 3001 est
1927 2962 1957 3001 a
2003 2948 2183 3014 prisca
2210 2946 2299 3001 illa
2328 2948 2551 3012 femina,
2581 2948 2688 3002 Eva
2721 2950 2967 3018 inquam,
3002 2951 3228 3013 dictmn,
3274 2938 3395 3005 cum

1816 3037 1948 3091 Seth
2001 3037 2167 3090 tilium
2217 3038 2374 3091 enixa
2416 3048 2563 3092 esset
2597 3054 2611 3082 τ
2647 3056 2664 3089 t
2723 3038 2940 3093 Possedi
2987 3041 3259 3095 hominem
3304 3056 3399 3111 per

1816 3128 1982 3182 Deum
2014 3131 2051 3182 ⁸.
2093 3148 2111 3181 ι
2156 3129 2261 3183 Sed
2292 3130 2364 3192 id,
2402 3130 2502 3184 nisi
2534 3129 2716 3195 fallor,
2748 3143 2798 3184 et
2829 3132 2942 3198 ipse
2970 3142 3022 3186 et
3054 3146 3243 3187 omnes
3277 3135 3395 3203 pla-

1821 3237 1886 3274 ne
1920 3222 2278 3289 respuendum
2310 3231 2557 3276 rensent.
2595 3221 2705 3276 Cur
2738 3238 2868 3292 ergo
2905 3224 3198 3293 improprie
3226 3224 3401 3293 loqui-

1822 3323 1929 3376 tur,
1964 3321 2018 3366 et
2051 3312 2429 3383 imprudenter
2460 3328 2619 3367 voces
2672 3315 2908 3381 projicit,
2965 3316 3016 3369 in
3066 3318 3224 3373 rebus
3260 3320 3400 3373 adeo

1817 3404 2107 3473 gravibus?
2138 3404 2336 3458 Annon
2390 3406 2647 3459 ridendus
2675 3418 2991 3471 censeatur,
3022 3419 3075 3461 et
3108 3410 3397 3463 dementia:

1817 3496 2024 3549 crimen
2065 3496 2328 3558 incurrat,
2390 3498 2434 3551 si
2473 3499 2594 3565 quis
2636 3513 2802 3551 unum
2852 3498 2920 3553 de
2966 3508 3152 3554 nostro
3198 3515 3397 3568 genere

1814 3587 1943 3639 velit
1987 3586 2343 3640 humanitatis
2391 3602 2760 3655 possessorem
2808 3589 3009 3654 dicere,
3047 3600 3139 3642 aut
3191 3607 3389 3659 equum

1813 3676 2023 3744 equinm
2054 3686 2261 3731 natura:
2283 3676 2305 3729 ?
2328 3677 2458 3742 Quis
2509 3693 2637 3745 ergo
2669 3687 2752 3732 est
2802 3679 2889 3733 ille
2923 3681 3228 3735 divinitatis
3270 3699 3394 3750 pos-

1813 3782 2017 3831 sessor,
2052 3784 2070 3817 t
2105 3768 2196 3835 qui
2228 3782 2294 3820 ex
2325 3768 2634 3822 hominibus
2670 3780 2979 3838 assumptus
3008 3811 3022 3833 ,
3068 3787 3165 3839 pro
3214 3774 3394 3826 homi-

1813 3858 1969 3911 nibus
2000 3859 2354 3910 constituitnr
2382 3858 2434 3910 iu
2468 3858 2551 3910 his
2582 3872 2701 3925 quae
2744 3869 2871 3911 sunt
2901 3860 2965 3911 ad
3015 3859 3221 3913 Deum?
3256 3881 3273 3912 ι
3306 3863 3393 3913 Di-

1811 3956 1898 4002 cet
1929 3946 2184 4009 fortasse,
2216 3962 2381 4000 unum
2410 3946 2691 4001 Christum
2731 3948 2783 4001 in
2813 3949 2948 4003 duos
2974 3950 3243 4016 dividens,
3270 3967 3391 4006 esse

1811 4037 1955 4091 illum
1985 4052 2049 4092 es
2080 4049 2265 4091 sancta
2309 4033 2565 4107 Virgine:
2611 4040 2715 4092 huc
2764 4039 2906 4093 enim
2940 4042 3116 4095 omnis
3151 4044 3271 4109 ejus
3305 4046 3389 4096 in—

1811 4128 1977 4183 tentio
2024 4137 2249 4193 spectat.
2286 4127 2495 4197 Ergone
2530 4129 2801 4196 possessio
2856 4131 3093 4186 hominis
3129 4134 3269 4186 facta
3303 4146 3386 4189 est

1809 4218 1920 4285 ipsa
1953 4215 2231 4279 divinitas,
2272 4232 2399 4283 rogo
2428 4226 2499 4281 te,
2529 4230 2583 4271 et
2608 4217 2767 4271 alicui
2815 4233 2847 4272 ο
2879 4220 3035 4273 nobis
3074 4222 3303 4288 contigit
3329 4234 3387 4276 ut

1806 4307 2101 4361 secundum
2149 4317 2397 4361 naturam
2435 4324 2499 4361 ac
2533 4324 2656 4363 vere
2700 4310 2843 4365 Deus
2884 4311 3060 4376 ﬂeret,
3110 4321 3165 4366 et
3203 4326 3385 4368 essen-

1810 4399 1893 4451 tia:
1915 4401 2154 4452 omnium
2194 4413 2415 4452 summa:
2444 4414 2507 4454 ac
2540 4402 3010 4468 praestantissimae
3058 4404 3381 4458 excellentia

1804 4487 2117 4541 ditaretur?
2146 4488 2258 4558 68
2284 4490 2488 4557 Apage,
2528 4490 2709 4556 homo,
2748 4491 2815 4544 ab
2844 4490 2943 4545 hac
2986 4493 3213 4546 stultitia
3244 4512 3257 4547 :
3287 4509 3385 4548 ne-

132 4567 455 4635 κεκτήσεται
484 4564 593 4634 γὰρ
623 4566 813 4631 οὐδεὶς,
845 4568 937 4619 καὶ
971 4569 1046 4632 ὡς
1081 4572 1215 4622 ἰδίαν
1241 4572 1306 4623 ἂν
1336 4572 1451 4642 ἔχοι
1476 4573 1574 4644 τὴν
1602 4578 1701 4646 τῆς

1815 4590 1909 4642 que
1935 4576 2079 4628 enim
2137 4577 2423 4644 quisquam
2472 4591 2539 4629 ex
2587 4577 2674 4631 his
2723 4578 2813 4645 qui
2854 4579 2993 4633 inter
3026 4582 3205 4649 genita
3257 4597 3383 4636 ceu-

130 4654 379 4725 θεότητος
411 4656 595 4724 φύσιν.
639 4657 745 4709 τῶν
777 4657 1072 4713 τελούντων
1117 4663 1175 4713 ὲν
1214 4667 1510 4733 γεννητοῖς.
1541 4666 1701 4719 Ἵδιον

128 4738 187 4810 ἦν
209 4745 271 4796 τὸ
301 4744 469 4813 σῶμα
493 4744 588 4798 τοῦ
619 4747 791 4815 Λόγου
811 4762 825 4778 ο
858 4750 951 4801 καὶ
975 4748 1049 4811 ὡς
1068 4750 1161 4801 ἕνα
1185 4750 1317 4803 Θεὸν
1348 4752 1441 4806 καὶ
1468 4754 1701 4823 Χριστὸν

128 4835 216 4885 καὶ
243 4835 374 4888 Υίὸν
404 4837 501 4889 καὶ
527 4838 728 4907 Κύριον
754 4839 850 4891 σὺν
877 4839 1025 4909 αὐτῷ
1052 4842 1493 4913 προσκεκύνηκεν
1521 4847 1552 4915 ἡ
1590 4847 1701 4900 κτί-

127 4938 238 4989 σις,
280 4925 380 4978 καὶ
428 4925 799 4992 δοξολογοῦσιν
835 4928 883 4981 οί
929 4929 1183 4998 οὐρανοὶ,
1236 4932 1329 4984 καὶ
1384 4932 1482 4986 σὺν
1516 4934 1699 4998 αὐτοῖς

128 5013 314 5081 ἡμεῖς’
348 5016 427 5077 ὡς
459 5016 567 5085 γὰρ
604 5018 633 5069 6
667 5020 950 5089 προφήτης
990 5021 1172 5089 φησιν,
1210 5040 1228 5070 ι
1273 5021 1572 5091 Ἐκάλυψεν
1605 5026 1694 5078 ού-

131 5108 315 5169 ρανοὺς
342 5109 377 5177 ἡ
412 5109 583 5179 ἀρετὴ
614 5109 799 5173 αὐτοῦ,
826 5111 921 5163 καὶ
947 5114 1045 5181 τῆς
1077 5112 1335 5176 αἰνέσεως
1369 5115 1533 5168 αὑτοῦ
1566 5116 1698 5186 πλή-

130 5207 223 5260 ρης
267 5196 300 5265 ἡ
351 5195 461 5265 γῆ,
489 5214 507 5247 ι
562 5197 659 5266 οὐχ
694 5197 769 5259 ὡς
801 5198 1087 5269 ἀνθρώπου
1150 5201 1379 5270 θεότητα
1416 5208 1698 5275 κτησαμέ-

128 5298 212 5333 νου
232 5299 247 5315 ο
280 5286 398 5348 πῶς
426 5286 555 5355 γὰρ,
586 5286 618 5355 ἢ
652 5287 844 5353 πόθεν;
882 5288 998 5341 ἀλλ’
1023 5289 1099 5353 ὡς
1128 5291 1186 5342 ὲν
1231 5293 1533 5362 προσλήψει
1565 5312 1698 5364 σαρ-

132 5369 217 5429 κὸς
240 5373 529 5446 ἀνθρώπου
560 5376 843 5443 γεγονότος
877 5378 970 5431 τοῦ
1000 5380 1064 5431 ὲκ
1091 5379 1227 5433 Θεοῦ
1260 5381 1472 5451 Πατρὸς
1498 5384 1692 5451 Λόγου.

301 5466 440 5520 ἔστω
480 5468 647 5537 τυχὸν
673 5469 703 5521 ὁ
730 5466 791 5532 ἐξ
817 5468 1120 5539 ἀνθρώπων
1150 5469 1376 5541 ληφθεὶς
1394 5512 1409 5536 ,
1447 5472 1696 5542 θεότητος

192 5574 233 5603 ’⁸
261 5572 417 5629 Hebr.
444 5593 497 5642 ν,
525 5578 579 5631 9.
661 5577 678 5608 ⁸
711 5577 846 5633 Gen.
877 5594 947 5644 tv,
979 5580 1029 5633 l.
1104 5583 1123 5612 ³
1156 5579 1357 5637 Hahae.
1384 5598 1466 5645 nt,
1491 5584 1545 5641 3.

1802 4677 2013 4729 sentur,
2066 4665 2360 4735 possidebit
2417 4674 2469 4720 et
2531 4676 2785 4736 tauquam
2843 4671 3115 4738 propriam
3166 4672 3379 4727 habebit

1806 4764 2053 4807 naturam
2110 4754 2439 4808 divinitatis.
2495 4754 2784 4823 Proprium
2836 4767 2957 4812 erat
3010 4757 3171 4813 Verbi
3206 4762 3384 4827 ipsum

1805 4861 2025 4914 corpus,
2072 4858 2127 4901 et
2158 4861 2260 4899 una
2299 4862 2420 4901 cum
2472 4848 2563 4901 illo
2602 4857 2858 4917 tanquam
2905 4865 3067 4905 unum
3117 4852 3280 4905 Deum
3326 4865 3382 4907 et

1802 4937 2075 4992 Christum
2107 4948 2161 4992 et
2206 4938 2400 4993 Filium
2432 4948 2481 4991 et
2522 4941 2809 4995 Dominum
2845 4947 3035 4996 adorat
3080 4944 3194 5013 ipsa
3224 4960 3380 4999 crea-

1807 5039 1949 5092 tura,
1981 5039 2035 5081 et
2066 5030 2189 5083 tmli
2232 5029 2555 5107 gloriticant,
2592 5040 2643 5085 et
2675 5046 2797 5085 cum
2843 5034 2975 5099 ipsis
3009 5047 3105 5088 nos
3138 5050 3375 5103 quoque.

1808 5118 1875 5172 Ut
1905 5120 2047 5174 enim
2080 5121 2154 5172 ait
2186 5123 2447 5188 propheta
2475 5138 2487 5173 :
2521 5140 2538 5171 ι
2565 5120 2793 5188 Operuit
2829 5125 2997 5178 certos
3026 5125 3199 5179 virtus
3238 5128 3374 5193 ejus,

1802 5220 1855 5262 et
1885 5208 2056 5263 laudis
2088 5212 2204 5278 ejus
2238 5212 2393 5279 plena
2433 5220 2515 5265 est
2560 5222 2702 5265 terra
2734 5216 2752 5244 ¹
2793 5233 2804 5267 :
2845 5234 2863 5264 ι
2897 5230 3002 5269 non
3036 5217 3177 5285 quod
3216 5218 3377 5272 homo

1801 5297 2141 5352 divinitatem
2179 5302 2521 5367 possederit:
2564 5305 2654 5371 qui
2718 5306 2860 5358 enim
2884 5346 2899 5369 ,
2928 5316 3020 5360 aut
3057 5308 3374 5361 undenatn?

1802 5390 1892 5441 sed
1921 5392 2064 5456 quod
2115 5392 2288 5458 ipsum
2325 5406 2387 5445 ex
2426 5393 2534 5447 Deo
2585 5394 2748 5451 Patre
2792 5396 3024 5451 Verbum
3079 5400 3373 5453 humanam

1801 5495 2015 5534 carnem
2045 5485 2422 5551 assumpserit.
2458 5484 2563 5540 Sed
2608 5488 2679 5541 sit
2718 5504 2869 5554 sane,
2900 5488 2986 5543 ille
3028 5504 3093 5544 ex
3134 5490 3370 5545 homini-

1370 5718 1528 5773 ΛΝΤ.
1561 5720 1828 5776 AGELLII
1862 5721 2091 5778 NOTAL'.

194 5819 295 5891 (l9)
334 5819 425 5877 Vel
458 5821 597 5876 Seth
630 5836 734 5891 pro
768 5821 903 5877 Cain
946 5824 1184 5896 irrepsit,
1218 5830 1300 5883 vel
1339 5840 1575 5885 erratum
1612 5833 1903 5901 memoriae,
1942 5843 2024 5887 est
2054 5848 2119 5887 ex
2142 5834 2276 5887 Gen.
2316 5850 2386 5898 tv,
2426 5837 2471 5900 l,
2504 5841 2893 5905 castigandmn.
