4104 6518
716 467 819 524 123

1745 466 1800 521 5.
1846 465 2109 522 CYRILLI
2151 463 2616 520 ALEXANDIIKNI
2659 461 2975 517 AllClllEP.

3869 462 3966 517 126

720 585 822 641 bus
846 594 1176 656 assumptus,
1203 600 1487 656 possessor
1511 585 1824 651 divinitatis,
1844 597 1901 640 ut
1927 587 2019 640 tibi
2047 587 2145 656 ipsi
2172 588 2282 654 pla-

2389 584 2625 652 κτήτωρ,
2651 580 2792 634 κατά
2815 597 2876 647 γε
2898 580 2956 632 τὸ
2978 578 3124 648 αὐτῷ
3152 596 3232 631 σοι
3258 577 3470 642 δοκοῦν,
3499 577 3614 642 πῶς
3637 576 3961 631 καθίσταται

719 688 804 730 εει
835 695 846 729 :
877 679 1146 745 quomodo
1166 679 1515 733 constituitur
1534 677 1584 732 in
1613 679 1695 732 his
1711 693 1830 744 quae
1855 687 1980 732 sunt
2002 679 2066 729 ad
2098 678 2281 739 Deum,

720 779 773 819 nt
793 768 1028 835 pontifex
1051 768 1303 822 nimirum
1321 769 1344 822 ?
1365 779 1616 824 utrumne
1633 769 1912 822 divinitate
1937 769 2109 823 nudus
2125 786 2284 838 quam

720 861 978 928 pessedit,
1014 861 1120 915 Deo
1151 861 1500 925 sacrificabit,
1533 878 1598 916 an
1640 862 1783 915 illam
1824 863 1978 930 quasi
2013 863 2284 930 propriam

715 949 965 1019 habens?
991 951 1039 1003 id
1057 951 1218 1015 enim,
1243 962 1297 1005 ut
1320 957 1530 1021 opinor,
1555 969 1657 1006 non
1685 953 1885 1021 aliquid
1913 953 2054 1006 aliud
2076 952 2284 1020 signifi-

719 1050 825 1103 cat,
843 1039 983 1108 quod
1006 1041 1308 1108 possedisse
1339 1042 1553 1095 dicitur.
1577 1041 1633 1095 Si
1656 1041 1848 1100 nudus,
1883 1056 1984 1094 non
2001 1041 2281 1108 possedit;

718 1129 800 1182 sin
827 1139 882 1181 ut
911 1129 1055 1181 illam
1083 1132 1353 1199 propriam
1381 1131 1606 1192 habens,
1628 1131 1878 1184 divinitas
1913 1130 2096 1198 procul
2123 1130 2284 1184 dubio

720 1212 831 1268 Deo
855 1215 1200 1272 sacrificabit.
1220 1216 1354 1282 Quid
1389 1217 1549 1288 igitur
1581 1226 1795 1281 mstuas,
1814 1227 1867 1270 et
1892 1232 2105 1271 sursum
2133 1217 2287 1269 deor-

720 1320 838 1358 sum
877 1309 1159 1372 perturbas
1194 1308 1408 1370 omnia,
1441 1317 1494 1361 et
1532 1309 1652 1361 tidei
1693 1308 2030 1362 traditionem
2077 1308 2283 1360 adulte-

721 1411 840 1450 rare
871 1412 974 1450 oon
1005 1399 1325 1453 erubescis?
1371 1398 1538 1452 llabct
1569 1400 1932 1452 necessariam
1965 1413 2181 1451 causam
2221 1399 2284 1450 il-

722 1485 809 1538 lud
836 1502 902 1540 ex
958 1486 1065 1540 Deo
1095 1488 1252 1542 Patre
1288 1489 1542 1551 Verbum,
1579 1491 1795 1543 etiamsi
1832 1489 2173 1543 sacrificasse
2197 1491 2284 1542 di-

721 1586 876 1630 catur
918 1578 1024 1632 Deo
1059 1594 1119 1633 ac
1156 1578 1297 1632 Patri
1332 1599 1345 1633 :
1401 1579 1644 1634 functum
1686 1589 1770 1633 cst
1807 1580 1951 1632 enim
1991 1581 2281 1633 sacerdotii

721 1682 965 1731 munere,
1009 1685 1110 1722 non
1153 1670 1368 1738 quidem
1409 1671 1525 1724 sine
1557 1685 1743 1732 carne,
1777 1670 1868 1723 sed
1898 1671 2069 1724 nostri
2110 1671 2286 1724 simile

721 1760 943 1821 factum,
971 1762 1166 1828 quibus
1208 1763 1390 1830 gloriae
1426 1769 1509 1814 est
1542 1760 1828 1814 sacerdotii
1867 1760 2140 1814 nobilitas.
2166 1762 2283 1815 Alia

2386 673 2455 723 τὰ
2486 672 2620 740 πρὸς
2656 671 2747 721 τὸν
2781 669 2933 733 Θεὸν,
2981 669 3268 739 ἀρχιερεὺς
3301 668 3578 736 δηλονότι,
3613 669 3818 738 πότερα
3847 664 3961 728 οὖν,

2388 763 2591 832 γυμνὸς
2621 758 2690 831 ἧς
2722 762 2989 829 ἐκτήσατο
3035 760 3286 828 θεότητος
3307 799 3322 822 ,
3360 758 3662 829 ίερατεύσει
3694 759 3772 827 τῷ
3804 757 3961 826 Θεῷ,

2388 856 2420 924 ἢ
2459 853 2659 922 ταύτην
2689 852 2789 922 ήδη
2821 868 2935 913 πως
2965 850 3098 903 ίδίαν
3126 849 3292 919 ἐχων;
3325 850 3476 902 τουτὶ
3514 848 3642 919 γὰρ,
3662 844 3841 918 οἶμαι,
3872 850 3964 901 καὶ

2386 946 2570 1015 ἓτερον
2617 945 2787 1008 οὐδὲν,
2820 942 3280 1013 κατασημαίνειεν
3317 944 3382 995 ἂν
3427 942 3489 994 τδ
3534 941 3838 1010 κτήσασθαι
3871 940 3962 992 λέ-

2386 1054 2502 1104 γειν
2530 1036 2709 1089 αὐτόν.
2752 1034 2889 1087 Ἀλλ’
2931 1036 2979 1086 εί
3013 1034 3110 1103 μὲν
3143 1033 3382 1102 γυμνὸς,
3423 1033 3524 1084 οὐκ
3567 1034 3875 1102 ἐκτήσατο⁸
3914 1032 3960 1083 εί

2385 1128 2441 1181 δὲ
2471 1126 2544 1190 ὡς
2581 1126 2715 1179 ἰδίαν
2749 1126 2886 1194 ἔχων
2929 1124 3120 1192 αὐτὴν,
3161 1123 3410 1191 θεότητός
3442 1121 3554 1192 [ῑσ.
3596 1121 3811 1192 θεότης]
3857 1138 3958 1173 που

2387 1219 2602 1281 πάντως
2650 1217 2952 1287 ίερατεύσει
2984 1215 3120 1284 Θεῷ.
3154 1215 3217 1266 Τί
3252 1210 3345 1267 οὖν
3391 1214 3595 1278 ἀλύεις,
3625 1215 3741 1267 ἀνω
3771 1230 3829 1266 τε
3867 1214 3962 1265 καὶ

2385 1311 2534 1363 κάτω
2559 1309 2841 1378 διακυκᾷς,
2872 1307 2965 1359 καὶ
2996 1305 3429 1374 παρασημαίνων
3456 1306 3554 1358 οὐκ
3577 1305 3834 1375 ἐρυθριᾷς
3863 1304 3962 1372 τῆς

2387 1402 2618 1463 πίστεως
2660 1400 2756 1471 τὴν
2791 1399 3116 1470 παράδοσιν;
3145 1399 3297 1467 Ἔχει
3341 1398 3609 1467 πρόφασιν
3651 1395 3962 1463 ἀναγκαίαν

2385 1494 2413 1546 ὁ
2443 1494 2504 1545 ἐκ
2527 1489 2660 1543 Θεοῦ
2680 1489 2890 1559 Πατρός
2916 1489 3105 1556 Λόγος,
3137 1489 3242 1541 κᾶν
3272 1487 3580 1555 ίερατεῦσαι
3605 1486 3816 1553 λέγοιτο
3839 1487 3961 1554 Θεῷ

2387 1584 2481 1636 καὶ
2509 1582 2710 1652 Πατρίο
2745 1579 3116 1649 κεχρημάτικε
3147 1579 3255 1650 γὰρ
3286 1580 3464 1651 ἱερεὺς
3496 1580 3556 1632 οὐ
3581 1578 3705 1648 δίχα
3735 1577 3958 1648 σαρκδς,

2387 1675 2506 1727 καθ’
2531 1675 2676 1744 ἡμᾶς
2705 1673 2760 1725 δὲ
2792 1671 3051 1740 γεγονὼς,
3083 1672 3158 1731 ὼς
3189 1671 3344 1740 ἐφην,
3373 1670 3465 1734 οὓς
3495 1670 3605 1742 [Im
3638 1665 3741 1739 οἷς]
3778 1671 3874 1721 καὶ
3903 1672 3962 1722 ἐν

2387 1765 2630 1826 εὐκλείας
2675 1763 2824 1827 τάξει
2865 1763 3168 1830 λελόγισται
3207 1762 3275 1814 τὰ
3309 1764 3408 1830 τῆς
3458 1760 3753 1830 ἱερωσύνης
3787 1761 3958 1829 αὐχή-

718 1867 932 1920 quoqne
968 1853 1174 1906 ratione
1206 1853 1459 1920 perfacile
1484 1863 1563 1906 est
1593 1852 1798 1914 videre,
1836 1851 2282 1905 absurdissimum

2391 1873 2554 1925 ματα.
2579 1855 2686 1907 Καὶ
2715 1854 2834 1906 καθ’
2852 1853 3036 1921 ἓτερον
3066 1853 3121 1904 δὲ
3153 1853 3373 1922 τρόπον,
3391 1851 3772 1918 ἀταλαίπωρον
3803 1851 3956 1912 ἰδεῖν,

720 1955 852 1992 sane
881 1955 1000 1994 esse
1031 1951 1086 1994 et
1132 1941 1375 1993 stultitia:
1409 1940 1646 2008 plenum,
1684 1940 1829 1992 illum
1871 1955 1936 1993 ex
1976 1939 2284 1993 hominibus

2389 1919 2460 2008 ιῦς
2495 1945 2606 1997 ἐστι
2635 1944 2742 1996 τῶν
2775 1945 2911 2012 ἀγαν
2951 1919 3368 2003 ἐκτοπωτάτων,
3401 1943 3494 1994 καὶ
3526 1940 3728 2011 πολλῆς
3763 1941 3962 2009 ἐπίμε-

720 2041 1053 2098 assumptum
1114 2047 1477 2100 possessorem
1535 2031 1834 2085 divinitatis
1887 2031 2176 2100 appellare,
2234 2040 2287 2084 et

719 2122 1070 2174 constitutum
1103 2123 1157 2175 in
1191 2123 1270 2176 bis
1302 2138 1418 2189 qua?
1450 2133 1571 2174 sunt
1613 2124 1675 2174 ad
1721 2122 1884 2176 Deum
1918 2141 1930 2175 :
1967 2138 2089 2176 nam
2117 2124 2158 2176 si
2197 2138 2284 2176 as-

722 2220 967 2280 sumptus
992 2223 1074 2266 est
1103 2228 1129 2264 a
1166 2213 1294 2278 Deo,
1327 2214 1594 2281 quonuulo
1626 2223 1991 2268 assmnentem
2031 2229 2090 2269 se
2122 2225 2282 2268 natu-

723 2319 837 2356 ram
865 2305 1150 2374 acquisivit
1178 2320 1240 2357 ae
1269 2305 1545 2372 possedit?
1590 2321 1712 2358 nam
1746 2307 1858 2373 ipsa
1899 2321 1984 2361 res
2011 2319 2283 2373 assumpta

721 2394 827 2447 mit
859 2394 1042 2462 procul
1076 2395 1238 2448 dubio
1278 2395 1608 2448 assumentis
1659 2397 1966 2463 possessio,
2017 2412 2120 2450 non
2159 2412 2284 2465 pos-

720 2485 858 2538 sidet
891 2495 1254 2538 assumentem
1284 2502 1296 2537 :
1332 2485 1478 2538 verbi
1515 2485 1709 2552 gratia,
1749 2487 1991 2554 pecuniae
2017 2488 2283 2556 quispiam

721 2578 896 2630 factus
945 2587 1026 2629 est
1079 2591 1378 2645 possessor,
1414 2577 1494 2629 vel
1545 2577 1784 2630 scientia:
1835 2578 2124 2645 cujuslibet
2165 2580 2282 2632 rei:

722 2680 899 2716 nonne
947 2665 1198 2719 omnibus
1248 2667 1592 2734 perspicuum
1645 2675 1727 2719 est
1789 2682 1892 2720 non
1954 2668 2124 2735 ipsum
2167 2683 2287 2722 esse

721 2757 1114 2822 possessionem
1142 2758 1403 2825 pecuniae,
1435 2767 1528 2811 aut
1568 2758 1708 2810 illius
1739 2759 1935 2812 addita:
1969 2759 2070 2812 sibi
2106 2761 2285 2814 scien-

722 2847 826 2911 tiae,
857 2849 947 2899 sed
983 2848 1242 2914 possideri
1280 2849 1348 2900 ab
1378 2849 1492 2917 ipso
1528 2849 1704 2916 potius
1733 2865 1843 2903 rem
1877 2851 2197 2918 acceptam?
2232 2851 2284 2905 Id

719 2933 934 3001 quidem
965 2937 1107 2990 nullo
1136 2939 1312 3001 modo,
1351 2951 1407 2991 ut
1435 2940 1648 3008 opinor,
1693 2948 1776 2992 est
1821 2939 2150 3008 ambiguum.
2188 2941 2286 3008 lgi-

722 3035 810 3078 Iur
853 3026 896 3079 si
954 3028 1218 3080 rationem
1252 3045 1354 3098 qua
1410 3029 1497 3082 ille
1549 3029 1868 3098 Unigenitus
1918 3031 2078 3086 homo
2115 3031 2286 3087 factus

719 3124 824 3179 est,
866 3117 1197 3183 exquirendo
1235 3119 1525 3181 curiosius,
1553 3119 1856 3174 invenimus
1892 3121 2163 3177 hominem
2199 3138 2286 3177 as-

720 3207 1024 3273 sumptione
1053 3209 1353 3263 divinitatis
1398 3209 1596 3263 factum
1650 3211 1815 3265 Deum
1838 3253 1852 3278 ,
1882 3213 2039 3267 liccat
2067 3229 2188 3268 eum
2219 3230 2282 3268 ex

722 3309 812 3349 tuo
847 3299 1177 3367 przescripto,
1208 3299 1504 3361 divinitatis
1546 3317 1910 3369 possessorem
1955 3305 2230 3372 appellare
2264 3323 2279 3359 :

721 3387 885 3454 ipsius
899 3391 1039 3442 enim
1064 3391 1200 3445 facta
1217 3403 1296 3446 est
1317 3393 1426 3460 ipsa
1447 3394 1719 3447 divinitas.
1737 3395 1830 3447 Sin
1854 3394 2084 3449 Verbum
2108 3397 2280 3464 ipsum

719 3494 839 3532 cum
882 3491 1024 3534 esset
1077 3482 1251 3546 Deus,
1303 3487 1655 3552 apprehendit
1702 3502 1883 3541 semen
1935 3488 2281 3553 Abrabatu’,

720 3583 914 3624 etcum
950 3573 1061 3642 69
1090 3584 1230 3628 esset
1266 3575 1317 3628 in
1356 3575 1526 3629 forma
1560 3577 1649 3629 Dei
1684 3587 1738 3631 et
1773 3577 1970 3641 Patris,
2007 3591 2282 3648 assumpta

720 3662 863 3715 servi
913 3663 1083 3716 forma
1135 3665 1310 3720 factus
1352 3678 1434 3722 cst
1468 3669 1627 3720 homo
1654 3669 1695 3731 ⁸,
1736 3669 1826 3736 qui
1861 3668 1975 3722 fieri
2013 3680 2192 3739 potest
2228 3679 2285 3723 ut

729 3767 833 3805 non
872 3754 939 3806 sit
967 3755 1210 3822 stupidus
1245 3756 1333 3822 qui
1378 3757 1559 3811 dicere
1602 3759 1749 3821 velit,
1799 3759 1849 3811 id
1893 3761 2036 3827 quod
2078 3775 2288 3814 assmu-

722 3856 870 3908 ptum
905 3853 1008 3904 est,
1041 3843 1157 3910 ejus
1190 3855 1400 3899 naturae
1434 3849 1774 3914 possessione
1819 3848 2050 3902 ditatum
2101 3866 2129 3902 a
2182 3866 2286 3918 qna

723 3934 795 3986 sit
821 3945 1175 4003 assumptum,
1210 3951 1274 3991 ac
1308 3953 1411 3991 non
1449 3940 1625 4006 potius
1653 3941 1929 4008 proprium
1958 3957 2079 3996 esse
2114 3944 2284 3996 susci-

725 4023 921 4091 pientis
949 4035 1152 4079 natura:
1175 4026 1421 4082 factum?
1447 4029 1597 4095 Quod
1624 4040 1803 4085 autem
1839 4048 2057 4085 suorum
2094 4035 2288 4088 verbo-

726 4131 844 4168 rntn
889 4126 939 4170 et
983 4117 1354 4174 inventionum
1388 4121 1516 4187 vim,
1559 4123 1842 4191 ipsumque
1889 4133 2155 4191 praeterea
2205 4139 2290 4178 sa-

725 4207 956 4261 cerdotii
1008 4225 1202 4264 nomen
1238 4213 1482 4281 imperite
1529 4215 1594 4266 ad
1645 4215 1945 4282 simplicem
1993 4216 2287 4282 hominem,

724 4299 870 4351 illum
909 4301 1122 4369 inquam
1158 4318 1221 4357 ex
1257 4303 1474 4370 femina,
1519 4306 1745 4375 redigat,
1795 4307 2121 4375 auferatque
2161 4307 2286 4360 illttd

725 4393 791 4443 ab
838 4389 1128 4460 Unigeuito
1171 4403 1224 4446 et
1263 4394 1408 4448 edito
1435 4410 1501 4448 ex
1549 4395 1707 4452 Patre
1740 4397 1935 4462 Verbo,
1991 4399 2155 4452 etiam
2195 4413 2292 4468 per

724 4484 1004 4548 sequentia
1031 4483 1321 4538 declarabit
1350 4503 1362 4539 :
1396 4485 1474 4540 sic
1499 4502 1732 4556 namque
1757 4489 1978 4555 scripsit
2007 4504 2220 4542 rursum
2265 4507 2278 4542 :

2390 2049 2511 2086 στον
2543 2032 2825 2101 εὐηθείας,
2872 2033 3111 2100 κτήτορα
3141 2032 3393 2100 θεότητος
3433 2029 3524 2082 τὸν
3557 2029 3615 2093 ἐξ
3653 2028 3960 2098 ἀνθρώπων

2386 2125 2654 2196 ληφθέντα
2695 2124 2895 2190 λέγειν,
2928 2119 3323 2189 καθιστάμενόν
3357 2136 3415 2171 τε
3455 2118 3592 2188 πρὸς
3647 2118 3736 2170 τὸν
3779 2118 3916 2169 Θεόν
3942 2135 3956 2148 ·

2387 2218 2434 2268 εί
2465 2216 2574 2284 γὰρ
2604 2212 2808 2283 ἐλήφθη
2849 2210 2999 2280 παρά
3033 2210 3126 2263 τοῦ
3157 2210 3313 2274 Θεοῦ,
3344 2208 3466 2261 τίνα
3503 2208 3701 2277 τρόπον
3729 2208 3828 2276 τὴν
3861 2208 3959 2259 λαο

2386 2305 2585 2360 ϐοῦσαν
2603 2304 2766 2358 αὑτὸν
2791 2302 3165 2370 κατεκτήσατο
3189 2299 3381 2368 φύσιν;
3403 2300 3464 2351 τὸ
3487 2300 3596 2369 γάρ
3620 2316 3702 2352 τοι
3727 2299 3956 2369 ληφθὲν,

2387 2399 2537 2451 ἔσται
2567 2414 2670 2449 που
2706 2395 2905 2464 μᾶλλον
2948 2392 3040 2446 τοῦ
3084 2392 3338 2453 λαϐόντος
3367 2391 3442 2451 ὡς
3473 2391 3683 2460 κτῆσις,
3726 2392 3822 2443 καὶ
3858 2392 3962 2444 οὐκ

2387 2495 2516 2548 αὐτὸ
2541 2493 2865 2562 κεκτήσεται
2894 2490 2954 2543 τὸ
2984 2487 3373 2558 προσειληφὸς·
3402 2482 3510 2539 οἷον
3537 2486 3589 2538 δέ
3615 2486 3676 2556 δή
3695 2485 3748 2537 τί
3779 2504 3956 2554 φημι⁹

2386 2587 2625 2641 Πλούτου
2658 2590 2751 2646 τις
2796 2583 2984 2650 γέγονε
3025 2583 3262 2650 κτήτωρ,
3309 2580 3475 2648 ἤγουν
3504 2578 3816 2646 ἐπιστήμης
3859 2578 3960 2644 τῆς

2387 2679 2471 2746 ἐφ’
2505 2674 2708 2745 ὁτῳοῦν
2737 2673 3058 2743 νοουμένης·
3096 2666 3185 2739 ἆρ’
3212 2671 3309 2738 οὐχ
3345 2669 3547 2722 ἅπασιν
3595 2669 3847 2738 ἐναργὲς,
3881 2669 3961 2730 ὡς

2387 2769 2484 2821 οὐκ
2511 2767 2671 2829 αὐτὸς
2697 2766 2847 2817 ἔσται
2874 2762 2966 2815 τοῦ
2999 2761 3227 2814 πλούτου
3263 2761 3470 2828 κτῆσις,
3501 2760 3666 2827 ήγουν
3691 2762 3790 2826 τῆς
3823 2776 3959 2828 προ-

2386 2859 2683 2929 γενομένης
2731 2855 2852 2926 [ιον.
2895 2848 3373 2922 προσγενομένης]
3431 2848 3580 2916 αὑτῷ
3612 2848 3957 2915 ἐπιστήμης,

2387 2948 2788 3015 κατακτήσεται
2828 2942 2884 2995 δέ
2935 2938 3212 3010 μᾶλλον“τδ
3253 2936 3755 3008 προσειλημμένον;
3790 2935 3958 2999 Ἀλλ’,

2385 3034 2561 3110 οἶμαι,
2598 3035 2754 3090 τοῦτό
2788 3035 2904 3086 ἐστι
2958 3031 3078 3084 κατ’
3130 3029 3321 3082 οὐδένα
3373 3028 3572 3098 τρόπον
3626 3027 3960 3095 ἀμφίλογον.

2389 3127 2617 3190 Οὐκοῦν,
2649 3129 2696 3178 εί
2735 3123 2823 3177 τὸν
2864 3124 2964 3191 τῆς
3001 3120 3464 3191 ἐνανθρωπήσεως
3495 3116 3588 3169 τοῦ
3618 3116 3962 3183 Μονογενοῦς

2388 3214 2967 3287 πολυπραγμονοῦντες
3015 3211 3235 3281 τρόπον,
3290 3209 3572 3280 ἄνθρωπον
3607 3207 3960 3277 εὑρίσκομεν,

2388 3309 2462 3370 ὡς
2501 3309 2560 3358 ἐν
2607 3302 2906 3374 προσλήψει
2950 3299 3203 3367 θεότητος
3232 3297 3491 3364 γεγονότα
3522 3295 3674 3358 Θεὸν,
3712 3294 3965 3362 λεγέσθω

2387 3399 2528 3451 κατά
2573 3396 2659 3459 σὲ,
2711 3394 2962 3460 θεότητος
3017 3390 3235 3457 κτήτωρ
3259 3405 3271 3418 ·
3310 3386 3476 3440 αὐτοῦ
3527 3387 3637 3456 γὰρ
3672 3386 3895 3453 γέγονεν
3930 3387 3963 3453 ἡ

2387 3489 2594 3555 θεότης.
2623 3485 2686 3538 Et
2711 3485 2766 3536 δὲ
2793 3482 2924 3544 Θεὸς
2949 3479 3024 3533 ὢν
3051 3482 3079 3532 ὁ
3104 3479 3297 3545 Λόγος,
3328 3476 3620 3530 ἐπελάϐετο
3646 3477 3964 3546 σπέρματος

2400 3579 2671 3648 Ἀϐραὰμ,
2703 3575 2796 3627 καὶ
2825 3572 3082 3642 ὑπάρχων
3108 3571 3166 3622 ἐν
3208 3572 3388 3639 μορφῇ
3419 3569 3512 3621 τοῦ
3548 3567 3682 3620 Θεοῦ
3725 3568 3964 3635 Πατρός,

2387 3669 2608 3737 γέγονεν
2649 3664 2930 3734 ἄνθρωπος
2965 3660 3176 3732 μορφὴν
3218 3659 3405 3712 δούλου
3453 3657 3652 3720 λαϐὼν,
3699 3658 3816 3719 πῶς
3861 3659 3966 3709 οὐκ

2389 3758 2751 3830 ἐμϐρόντητος
2777 3749 2860 3824 εῐη
2892 3753 2977 3817 ἂν,
3006 3755 3057 3805 ετ
3086 3768 3168 3813 τις
3201 3749 3372 3803 ἕλοιτο
3398 3748 3593 3816 λέγειν,
3644 3750 3726 3802 ὅτι
3769 3750 3830 3800 τὸ
3869 3749 3968 3815 λη-

2391 3851 2522 3919 φθέν
2566 3849 2662 3919 τὴν
2706 3845 2976 3898 λαϐοῦσαν
3023 3843 3152 3896 αὐτὸ
3213 3841 3586 3910 κατεκτήσατο
3642 3840 3826 3908 φύσιν,
3871 3839 3969 3892 καὶ

2389 3941 2509 4010 οὐχὶ
2531 3941 2586 3993 δέ
2619 3938 2815 4008 μᾶλλον
2840 3936 3058 4004 γέγονεν
3086 3934 3214 3986 ἴδιον
3235 3931 3333 4002 τῆς
3358 3930 3626 3999 λαϐούσης
3647 3929 3778 3982 αὑτό
3799 3945 3813 3990 ;
3839 3931 3969 3982 Ὀτι

2390 4032 2445 4084 δὲ
2472 4031 2579 4084 τῶν
2606 4029 2799 4083 ἐαυτοῦ
2826 4027 2998 4095 λόγων
3027 4043 3084 4077 τε
3117 4025 3208 4076 καὶ
3237 4025 3371 4093 εὑρη
3383 4022 3564 4092 μάτων
3590 4021 3686 4091 τὴν
3709 4021 3969 4088 δύναμιν,

2392 4121 2486 4175 καὶ
2518 4123 2622 4192 μὴν
2649 4121 2742 4174 καὶ
2773 4119 2903 4173 αὐτὸ
2931 4118 2990 4170 τὸ
3025 4116 3124 4183 τῆς
3161 4111 3570 4184 ἀρχιερωσύνης
3599 4112 3770 4181 ὄνομα
3806 4129 3967 4181 περι-

2387 4214 2602 4282 ΐστησιν
2635 4209 2859 4280 ἀμαθῶς
2893 4211 2972 4271 εἰς
3007 4207 3291 4274 ἄνθρωπον
3323 4202 3508 4264 ἀπλῶς
3544 4202 3634 4253 τὸν
3673 4203 3736 4253 ἐκ
3770 4219 3970 4268 γυναι-

2393 4303 2508 4365 κὸς.
2540 4301 2830 4371 ἀποφέρων
2862 4299 2995 4352 αὐτὸ
3031 4295 3126 4350 τοῦ
3169 4292 3506 4362 Μονογενοῦς
3533 4292 3627 4345 καὶ
3655 4294 3719 4344 ἐκ
3751 4293 3975 4361 Harpe;

2391 4395 2540 4455 ὄντος
2583 4393 2777 4459 Λόγου,
2821 4391 2914 4442 καὶ
2951 4390 3036 4441 διὰ
3082 4386 3190 4440 τῶν
3238 4385 3365 4452 ἑξῆς
3397 4383 3836 4454 προσαποφανεῖ·
3874 4383 3972 4449 γέ-

2393 4502 2569 4554 γραφε
2599 4484 2707 4552 γὰρ
2735 4483 2830 4535 ὡδὶ
2863 4482 2925 4552 δή
2960 4480 3122 4533 πάλιν
3145 4495 3161 4511 ο

799 4571 1062 4644 [Νεετοιι.
1107 4593 1125 4626 ι
1159 4575 1271 4628 Non
1301 4577 1521 4645 angelos
1552 4579 1945 4647 apprehendit,
1981 4579 2075 4634 sed
2108 4595 2285 4634 semen

2467 4575 2513 4647 [ι
2542 4576 2656 4628 Οὐκ
2703 4574 2947 4641 ἀγγέλων
2998 4567 3445 4639 ἐπιλαμϐάνεται,
3484 4562 3622 4618 ἀλλά
3656 4563 3975 4631 σπέρματος

729 4663 1014 4716 Abraham
1049 4664 1489 4733 apprehendit':
1539 4686 1556 4716 ι
1606 4683 1730 4719 ιιυιιι
1779 4682 1961 4721 semen
2014 4669 2288 4722 Abraham

724 4763 806 4805 est
851 4752 961 4819 ipsa
1005 4754 1298 4807 divinitas?
1330 4756 1453 4808 audi
1501 4757 1664 4809 etiam
1708 4769 2020 4825 sequentem
2061 4774 2288 4813 vocem:

735 4861 752 4893 ι
788 4841 941 4896 Unde
965 4844 1227 4912 oportuit,
1264 4846 1457 4912 inquit,
1497 4861 1591 4913 per
1623 4849 1804 4900 omnia
1852 4847 2111 4902 fratribus
2142 4849 2287 4902 assio

727 4934 902 4988 tnilari
930 4935 991 4989 ἐ
1030 4955 1047 4986 ι
1086 4952 1210 4989 num
1241 4937 1511 4990 divinitati
1547 4937 1754 4992 similes
1792 4937 1928 4991 ullos
1959 4939 2147 4992 habuit
2177 4939 2289 4992 fra-

731 5039 843 5083 tres
873 5027 1046 5095 ipsum
1074 5028 1164 5081 Dei
1201 5027 1478 5082 Verbum?
1503 5028 1633 5082 Vide
1674 5029 1836 5082 etiam
1869 5030 2010 5096 quod
2040 5029 2182 5082 illico
2211 5030 2293 5084 his

730 5118 1074 5186 adiungitur:
1116 5139 1134 5171 ι
1176 5119 1244 5174 Ut
1284 5121 1593 5174 misericors
1632 5119 1786 5172 ﬁeret
1825 5129 1880 5172 et
1915 5119 2087 5173 fidelis
2119 5119 2296 5172 Ponti-

734 5211 818 5264 fex
871 5212 937 5265 ad
971 5211 1134 5264 Deum
1167 5230 1181 5265 ;
1229 5213 1281 5265 in
1328 5227 1390 5266 eo
1418 5213 1563 5264 enim
1602 5211 1654 5263 in
1687 5225 1791 5278 quo
1823 5225 2015 5279 passus
2056 5223 2139 5266 est
2181 5213 2294 5279 ipse

733 5313 992 5366 tentatus,
1011 5314 1195 5372 potens
1220 5314 1301 5357 est
1325 5315 1376 5358 et
1399 5305 1477 5357 eis
1499 5305 1588 5372 qui
1613 5313 1906 5364 tentantur,
1928 5304 2237 5359 auxiliari’.
2268 5322 2286 5353 ι

735 5396 875 5464 Ergo
898 5395 1048 5462 isqui
1077 5410 1267 5464 passus
1295 5406 1401 5459 est,
1435 5396 1524 5448 ille
1550 5405 1634 5449 est
1666 5394 1912 5449 Pontifex
1945 5395 2292 5460 misericors;

736 5486 957 5554 patibile
1000 5497 1178 5541 autem
1227 5486 1399 5555 ipsum
1448 5486 1701 5554 templum
1745 5495 1851 5548 est,
1883 5500 1989 5539 non
2031 5485 2172 5539 Deus
2202 5485 2292 5551 qui

739 5576 1047 5629 vivificabat
1080 5577 1130 5630 id
1171 5576 1309 5643 quod
1347 5577 1666 5644 patiebatur.
1700 5576 1892 5630 Semen
1929 5576 2219 5639 Abraham,
2251 5575 2296 5629 is

735 5676 818 5718 εει
858 5667 948 5732 qui
998 5666 1111 5720 heri
1168 5676 1222 5719 et
1268 5666 1442 5730 hodie,
1498 5675 1557 5719 ut
1613 5665 1807 5722 Paulus
1851 5666 1926 5720 ait
1976 5666 2017 5730 ',
2067 5682 2170 5719 nou
2204 5665 2292 5733 qui

814 5845 831 5873 "
863 5844 1024 5899 llcbr.
1057 5862 1112 5908 ιι,
1152 5847 1230 5898 lli.

1309 5850 1322 5877 "
1359 5848 1830 5914 1“Ιιι1ιμι).ιι,η,7.
1909 5848 1926 5877 ³
1965 5846 2124 5903 llebr.
2151 5863 2207 5910 tt,
2239 5849 2312 5903 l6.

2407 4667 2657 4737 Ἀϐραὰμ
2686 4663 3130 4734 ἐπιλαμϐάνεται.
3162 4679 3178 4710 ι
3219 4659 3310 4730 Μὴ
3343 4657 3559 4727 σπέρμα
3585 4653 3678 4706 τοῦ
3717 4652 3977 4721 Ἀϐραὰμ

2391 4760 2423 4828 ή
2455 4759 2679 4828 θεότης;
2714 4756 2945 4809 ἄκουσον
2976 4755 3067 4806 καὶ
3096 4752 3194 4822 τὴν
3220 4750 3494 4820 ἑπομένην
3518 4746 3700 4814 φωνήν
3719 4760 3732 4774 ⁸
3762 4763 3782 4794 ι
3804 4744 3978 4796 Ὅθεν

2390 4849 2606 4918 ὤφειλε,
2644 4848 2804 4917 φησὶ,
2842 4847 2981 4900 κατά
3027 4846 3203 4898 πάντα
3252 4845 3364 4905 τοῖς
3409 4839 3654 4908 ἀδελφοῖς
3695 4835 3978 4904 ὁμοιωθῆ-

2389 4958 2498 5006 ναι,
2525 4959 2542 4990 ι
2585 4939 2658 5009 μὴ
2689 4941 2753 5008 τῇ
2784 4937 2995 5006 θεότητί
3027 4953 3179 4997 τινας
3208 4937 3235 4986 ό
3269 4935 3400 4996 Θεὸς
3429 4933 3599 5000 Λόγος
3631 4933 3787 5001 ἔσχεν
3816 4927 3979 4980 ἀδελ-

2392 5035 2526 5102 φοὺς
2571 5031 2843 5093 ἐοικότας;
2894 5027 3090 5079 Σκόπει
3130 5026 3222 5078 καὶ
3267 5024 3328 5075 τὸ
3373 5023 3584 5082 τούτοις
3630 5021 3790 5083 εὐθὺς
3842 5033 3976 5074 συν-

2390 5123 2723 5191 απτόμενον·
2765 5138 2782 5170 ι
2810 5120 2925 5171 Ἱνα
2967 5117 3213 5186 ἐλεήμων
3245 5115 3471 5183 γένηται
3507 5113 3601 5165 καὶ
3648 5111 3838 5172 πιστὸς
3873 5112 3980 5179 ἁρ-

2391 5213 2607 5283 χιερεὺς
2630 5210 2697 5262 τά
2723 5209 2858 5280 πρὸς
2883 5207 2974 5260 τὸν
3003 5207 3134 5258 Θεόν
3156 5222 3169 5236 ο
3199 5205 3256 5257 ἐν
3286 5197 3330 5270 ᾧ
3358 5203 3466 5272 γὰρ
3496 5201 3758 5255 πέπονθεν
3803 5202 3979 5263 αὐτὸς

2395 5303 2704 5375 πειρασθεὶς
2726 5343 2739 5365 ,
2774 5301 2995 5353 δύναται
3027 5300 3137 5358 τοῖς
3175 5294 3588 5366 πειραζομένοις
3631 5293 3916 5362 βοηθῆσαι.
3951 5310 3971 5341 ι

2396 5394 2656 5449 υύκοῦνό
2690 5392 2875 5445 παθὼν
2920 5389 3207 5460 ἀρχιερεὺς
3245 5388 3510 5456 ἐλεήμων,
3562 5385 3798 5454 παθητὸς
3843 5383 3902 5435 δέ
3948 5384 3978 5434 ό

2396 5486 2542 5548 ναὸς,
2581 5485 2679 5553 οὐχ
2706 5486 2733 5536 ό
2768 5481 3027 5546 ζωοποιδς
3064 5479 3158 5531 τοῦ
3195 5477 3519 5538 πεπονθότος
3551 5475 3702 5537 Θεός.
3739 5474 3978 5542 Σπέρμα

2410 5575 2662 5645 Ἀϐραὰμ
2685 5577 2714 5626 ό
2745 5573 2870 5642 χθὲς
2904 5570 2999 5624 καὶ
3030 5571 3289 5639 σήμερον,
3317 5568 3458 5620 κατά
3490 5568 3590 5635 τήν
3621 5564 3713 5616 τοῦ
3756 5563 3977 5616 Παύλου

2400 5667 2603 5735 φωνὴν,
2639 5665 2736 5733 οὐχ
2777 5667 2803 5714 ὁ
2845 5663 3038 5729 λέγων,
3074 5679 3090 5710 ι
3125 5659 3260 5728 Πρὶν
3293 5656 3538 5727 ’Λϐραάμ
3575 5653 3829 5724 γενέσθαι
3860 5652 3979 5720 ἐγώ

2397 5849 2414 5871 ⁸
2449 5847 2555 5901 Ibid
2613 5844 2690 5898 17.
2769 5845 2783 5872 ⁷
2821 5841 2948 5896 Ibid.
2985 5840 3064 5895 l8.
3141 5839 3160 5868 ⁸
3195 5835 3351 5894 llcbr.
3383 5851 3498 5897 xui,
3532 5836 3613 5888 l8.
