4112 6520
147 451 218 504 lii
1350 471 1723 529 ADVEIKSUS
1763 473 1799 525 Ν

1902 473 2163 531 TORIUM
2205 474 2328 530 LIB.
2369 475 2453 532 Ill.
3378 479 3479 533 1'26

150 574 267 642 εἰμι·
291 596 310 628 ι
344 579 565 649 ὅμοιος
604 591 755 652 τοῖς
789 591 1049 661 ἀδελφοῖς
1077 597 1216 650 κατὰ
1246 595 1426 648 πάντα
1452 599 1480 649 6
1506 595 1682 667 ψυχῆς
1715 596 1799 649 ἀν·

1911 597 2044 652 dixit
2082 618 2096 654 :
2137 618 2154 649 ι
2205 598 2521 665 Priusquam
2559 596 2833 652 Abraham
2878 597 3047 665 fieret,
3078 611 3180 667 ego
3217 614 3335 653 sum
3367 599 3411 651 ⁹.
3450 615 3472 649 ι

157 667 428 744 θρωπίνης
460 680 580 731 καὶ
615 686 861 753 σαρκὸς
890 687 1169 741 ἀναλαϐὼν
1198 689 1553 758 ἀδελφότητα,
1586 691 1679 742 καὶ
1705 690 1799 760 οὐχ

1907 691 2111 745 Similis
2164 688 2422 743 fratribus
2473 705 2566 758 per
2603 691 2806 754 omnia,
2849 691 2939 760 qui
2994 691 3241 743 humanae
3281 692 3478 743 anith

167 764 402 836 ὸλὲγων,
436 789 457 821 ι
497 773 571 827 '0
604 775 903 846 ἑωρακὼς
926 779 1047 849 ἐμὲ,
1073 781 1402 852 ἑώρακε-τὸν
1433 783 1730 855 Πατέρα.›]

1902 790 1957 834 et
1982 780 2161 834 carnis
2191 778 2588 833 fraternitatem
2619 780 2878 847 suscepit,
2915 794 3021 832 non
3057 778 3146 834 ille
3174 778 3265 846 qui
3291 777 3431 832 dixit
3457 795 3473 830 :

825 1013 1082 1070 ΚΕΦᾹΛ.
1124 1017 1199 1072 B'.

265 1119 476 1174 Οὐκοῦν
541 1124 876 1190 ἐπελάσετο,
921 1129 1067 1184 καθὰ
1100 1131 1196 1184 καὶ
1237 1132 1400 1195 αὐτὸς
1449 1133 1802 1208 ὡμολόγηκεν

196 1209 426 1278 ἀρτίως,
480 1213 811 1286 σπέρματος
850 1219 1100 1292 Ἀϐραὰμ
1131 1222 1264 1286 Θεὸς
1296 1222 1371 1278 ὢν
1400 1227 1428 1278 6
1455 1227 1653 1295 Λόγοςο
1686 1231 1804 1294 πῶς

194 1295 293 1352 οὖν
319 1303 398 1354 ἔτι
416 1303 685 1375 Θεότητος
709 1312 949 1379 κτήτωρ,
973 1313 1002 1364 6
1031 1314 1094 1364 ὲκ
1119 1313 1432 1383 σπέρματος
1463 1318 1733 1389 Ἀϐραὰμ,
1754 1323 1802 1374 εί

198 1393 565 1464 προσελήφθη
603 1397 757 1463 παρὰ
785 1399 944 1463 Θεοῦ,
974 1402 1067 1454 καὶ
1099 1403 1219 1472 οὐχ).
1249 1406 1571 1474 προσλαϐὼν
1608 1412 1802 1480 ὁρᾶται

192 1482 304 1552 τὴν
337 1483 576 1554 Θεὸτητα
615 1487 809 1552 αὑτός
847 1491 956 1543 Καὶ
990 1491 1240 1563 Θεότητος
1275 1489 1368 1547 οὖν
1400 1497 1560 1565 φύσις
1592 1500 1802 1568 ἥκιστα

195 1572 273 1624 ἂν
304 1575 390 1644 εἵη
418 1574 480 1627 τὺ
508 1578 735 1647 σπέρμα
761 1579 854 1632 τοῦ
896 1582 1168 1652 Ἀϐραὰμ,
1202 1585 1360 1653 σῶμα
1388 1587 1442 1639 δὲ
1480 1589 1679 1657 μᾶλλον
1706 1590 1801 1644 τοῦ

192 1663 347 1716 Θεοῦ
388 1666 569 1733 Λόγου
619 1671 845 1738 γέγονε,
909 1673 1049 1727 κατὰ
1093 1676 1191 1737 τὰς
1230 1676 1486 1746 Γραφὰς,
1531 1680 1626 1733 καὶ
1673 1681 1802 1734 ἴδιον

193 1755 410 1812 αὑτοῦ·
443 1759 539 1810 καὶ
565 1761 594 1811 ὁ
625 1763 690 1828 τῇ
727 1763 902 1815 κτίσει
938 1764 1078 1817 κατὰ
1107 1764 1268 1834 φύσιν
1297 1766 1432 1819 ἰδίαν
1467 1768 1802 1834 ἀσύντακτος

193 1844 285 1908 ὡς
318 1848 476 1911 Θεὸς,
499 1849 588 1902 ὅτε
620 1851 844 1917 γέγονεν
872 1853 1176 1927 ἄνθρωπος,
1207 1856 1266 1917 ὅς
1303 1857 1419 1910 ἐστι
1445 1857 1675 1923 κτίσεως
1708 1862 1798 1932 μὲ-

201 1953 334 2005 ρος,
376 1940 502 1992 τότε
535 1941 621 2011 δὴ,
662 1942 784 1995 τότε
813 1943 909 1997 καὶ
940 1945 1085 2014 μάλα
1116 1949 1370 2010 είκότως,
1413 1952 1506 2003 καὶ
1539 1951 1803 2020 ἀδελφοὺς

198 2030 368 2099 ἡμᾶς
407 2032 694 2100 ὀνομάζειν
736 2033 897 2099 ἀξιοῖ.
925 2036 1128 2104 λέγων·
1171 2039 1494 2108 Ἀπαγγελῶ
1536 2044 1596 2095 τὸ
1632 2043 1804 2114 ὄνομά

202 2135 316 2171 σου
350 2124 466 2183 τοῖς
504 2122 751 2191 ἀδελφοῖς
787 2144 911 2196 μου.
935 2128 1058 2180 ’Ότι
1087 2128 1145 2181 δὲ
1174 2129 1262 2182 διὰ
1293 2132 1353 2182 τὸ
1387 2132 1487 2200 τῆς
1517 2132 1803 2198 κενώσεως

204 2209 420 2282 μέτρον
467 2217 941 2285 καταπεφοίτηκεν
981 2222 1010 2272 6
1041 2223 1105 2273 ἐκ
1140 2219 1273 2273 Θεοῦ
1330 2222 1546 2294 Πατρὸς
1594 2224 1800 2293 Λόγος,

203 2304 312 2355 καὶ
357 2305 439 2367 si;
488 2321 554 2372 γε
591 2305 654 2358 τὸ
701 2306 814 2360 δεῖν
869 2313 1262 2380 κατονομάζειν
1313 2312 1577 2383 ἀδελφοὺς
1625 2316 1802 2387 ἐαυτῷ

204 2393 344 2456 τοὺς
393 2395 490 2447 ἐπὶ
542 2397 640 2467 τῆς
691 2398 830 2468 γῆς,
890 2405 1146 2470 σαφηνιεί
1209 2406 1501 2476 γεγραφὼς
1550 2409 1579 2460 6
1622 2407 1799 2476 σοφὼ-

205 2497 375 2546 τατος
407 2484 642 2550 Παῦλος,
672 2490 802 2558 περί
831 2507 889 2543 τε
914 2492 1080 2545 αὑτοῦ
1129 2495 1222 2548 καὶ
1257 2497 1289 2565 ἡ
1301 2497 1415 2566 μῶν
1436 2514 1450 2528 ·
1485 2517 1503 2549 ι
1539 2499 1666 2551 Ὅτε
1694 2499 1802 2569 γὰρ

207 2573 461 2641 ἁγιάζων
491 2580 586 2631 καὶ
626 2583 676 2633 ol
709 2582 1079 2653 ἁγιαζόμενοι.
1110 2585 1170 2650 ἐξ
1209 2587 1327 2650 ἑνὸς
1377 2589 1608 2657 πάντες,
1641 2590 1709 2644 δι’
1734 2592 1803 2662 ἣν

209 2667 398 2721 αἰτίαν
424 2669 526 2720 οὐκ
554 2671 937 2743 ἐπαισχύνεται
963 2674 1225 2744 ἀδελφοὺς
1254 2679 1453 2742 αὐτοὺς
1483 2680 1688 2743 καλεῖν,
1719 2681 1801 2735 λέ-

210 2775 356 2826 γων·
396 2760 720 2828 Ἀπαγγελῶ
769 2767 829 2818 τὸ
853 2766 1022 2837 ὄνομα
1075 2784 1167 2820 σου
1196 2771 1307 2832 τοτς
1335 2770 1585 2840 ἀδελφοῖς
1622 2790 1746 2842 μου.
1775 2792 1794 2826 r

214 2850 330 2922 Πρὸ
369 2852 472 2922 μὲν
510 2853 620 2924 γὰρ
666 2856 762 2925 τῆς
809 2858 1296 2929 ὲνανθρωπήσεως,
1337 2862 1570 2932 σμικρὸν
1601 2863 1798 2936 κομιδῇ

212 2939 292 3009 τῷ
317 2943 385 2994 ὲκ
419 2941 554 2994 Θεοῦ
589 2941 749 3011 φύντι
788 2946 943 3015 Λόγῳ
970 2947 1030 3000 τὸ
1060 2948 1162 3018 τῆς
1195 2948 1331 3019 πρὸς
1371 2949 1531 3019 ἡμῶν
1569 2951 1801 3020 ἀδελφό-

214 3046 376 3101 τητος
418 3031 592 3102 ὄνομα
613 3051 624 3063 ·
656 3034 971 3105 καθιγμὲνῳ
1001 3055 1064 3105 γε
1112 3039 1218 3108 μὴν
1247 3041 1326 3102 είς
1357 3041 1602 3096 ἑκούσιον
1635 3044 1802 3097 κένω-

215 3138 323 3188 σιν,
349 3123 590 3194 σμικρὸν
625 3125 725 3195 μὲν
764 3128 858 3179 καὶ
895 3127 1060 3193 οὕτω,
1092 3130 1230 3199 πλὴν
1261 3132 1588 3202 εὐαφόρμως
1618 3135 1798 3187 είσὸε-

1909 889 1928 921 ι
1961 871 2062 936 Qui
2090 869 2224 923 vidit
2253 883 2359 935 me,
2396 869 2532 924 vidit
2554 879 2606 923 et
2639 868 2854 924 Patrem
2886 869 2956 923 ”.
2996 887 3013 920 ι
3041 867 3063 941 ]

2541 1023 2691 1078 CAP.
2736 1021 2799 1078 ll.

1973 1162 2115 1232 Ergo
2138 1160 2515 1230 apprehendit,
2549 1171 2609 1215 ut
2637 1161 2884 1230 ipseiam
2915 1169 2996 1215 est
3029 1158 3346 1222 confessus,
3379 1171 3470 1213 se-

1904 1271 2025 1310 men
2053 1253 2352 1316 Abraham,
2371 1253 2541 1320 ipsnm
2567 1253 2802 1306 Verbum
2829 1251 2971 1319 quod
3010 1250 3155 1305 Deus
3178 1258 3316 1314 erat,
3343 1264 3478 1318 quo-

1905 1344 2066 1397 modo
2094 1343 2260 1410 igitur
2284 1341 2399 1409 jam
2431 1341 2734 1394 divinitatis
2775 1341 2844 1394 sit
2876 1354 3182 1408 possessor,
3219 1342 3263 1394 is
3288 1341 3378 1407 qui
3407 1355 3475 1393 ex

1903 1435 2109 1490 semine
2139 1444 2220 1487 est
2251 1432 2546 1496 Abraham,
2577 1432 2620 1486 si
2659 1446 2687 1484 a
2729 1431 2838 1486 Deo
2866 1441 2951 1486 est
2994 1441 3330 1499 assumptus,
3365 1446 3474 1484 non

1901 1525 2016 1593 ipse
2038 1524 2370 1578 divinitatem
2400 1523 2760 1590 assumpsisse
2790 1523 3084 1576 cernitur?
3125 1521 3316 1589 Neque
3361 1521 3468 1589 igi-

1905 1626 1995 1669 tur
2022 1615 2196 1684 ipsum
2228 1627 2413 1668 semen
2445 1613 2714 1666 Abraham
2749 1611 2856 1664 ullo
2889 1612 3049 1666 modo
3073 1611 3374 1666 divinitatis
3392 1617 3478 1664 est

1904 1716 2116 1770 natura,
2159 1706 2252 1759 sed
2298 1719 2504 1774 corpus
2539 1704 2718 1772 potius
2765 1703 2858 1756 Dei
2909 1701 3066 1757 Verbi
3117 1703 3317 1757 factum
3367 1712 3478 1766 est,

1904 1797 2196 1852 secundum
2240 1796 2593 1865 Scripturas,
2636 1795 2859 1864 ejusque
2899 1795 3176 1864 proprium
3216 1811 3230 1848 :
3283 1802 3339 1847 et
3389 1792 3481 1846 ille

1904 1887 1994 1957 qui
2050 1901 2114 1940 ex
2166 1896 2372 1939 naturae
2417 1900 2528 1939 suae
2587 1885 2795 1938 ratione
2841 1899 2964 1937 cum
3017 1891 3266 1936 creatura
3314 1882 3476 1936 simul

1904 1975 2112 2029 censeri
2147 1989 2249 2026 non
2285 1983 2481 2041 potest,
2513 1982 2703 2041 utpote
2743 1971 2904 2034 Deus.
2938 1972 3027 2026 ubi
3059 1969 3236 2026 factus
3261 1981 3340 2024 est
3374 1971 3474 2024 ho-

1905 2081 2014 2130 mo,
2042 2066 2129 2132 qui
2170 2073 2252 2119 est
2278 2080 2401 2134 pars
2439 2065 2706 2129 universi,
2748 2074 2860 2117 tum
2914 2077 3060 2118 vero
3105 2062 3380 2130 aptissime
3421 2071 3478 2116 et

1904 2156 2097 2209 fratres
2137 2169 2235 2209 nos
2276 2154 2548 2224 appellare
2577 2154 2852 2223 dignatur,
2905 2153 3132 2206 dicens:
3169 2169 3186 2202 ι
3227 2148 3479 2204 Narrabo

1905 2262 2101 2301 nomen
2150 2258 2296 2299 tuum
2343 2244 2603 2298 fratribus
2647 2244 2782 2296 meis
2818 2242 2884 2292 “.
2921 2259 2940 2292 ι
2978 2240 3148 2295 Porro
3193 2241 3370 2309 ipsum
3407 2254 3476 2295 ex

1903 2337 2014 2392 Deo
2047 2336 2210 2391 Patre
2240 2335 2474 2389 Verbum
2504 2349 2600 2403 per
2639 2334 3030 2388 exinanilionis
3071 2347 3381 2388 mensuram
3422 2334 3477 2386 in

1903 2427 1956 2482 id
1976 2428 2139 2481 etiam
2163 2425 2530 2488 descendisse,
2563 2423 2894 2477 uthomines
2925 2423 3018 2491 qui
3051 2423 3102 2474 in
3126 2422 3290 2476 terris
3318 2431 3478 2476 erant

1903 2520 2004 2574 sibi
2040 2518 2236 2573 fratres
2271 2520 2496 2580 diceret,
2533 2516 2883 2584 perspicuum
2918 2514 3081 2568 faciet
3117 2514 3305 2568 beatus
3344 2512 3478 2567 Pau-

1902 2611 2008 2675 lus,
2038 2611 2126 2678 qui
2157 2611 2224 2664 de
2268 2609 2380 2677 ipso
2411 2609 2586 2676 deque
2621 2607 2777 2661 nobis
2805 2605 3026 2674 scripsit
3056 2624 3069 2660 :
3105 2623 3124 2656 ι
3166 2605 3265 2672 Qui
3321 2605 3466 2660 enim

1901 2703 2224 2768 sanctiﬁcat,
2255 2713 2309 2755 et
2347 2701 2440 2770 qui
2491 2699 2928 2764 sanctificantur,
2972 2714 3040 2754 ex
3093 2713 3202 2752 uno
3239 2713 3473 2753 omnes:

1901 2804 2120 2866 propter
2148 2808 2308 2863 quam
2343 2806 2566 2846 causam
2607 2806 2712 2845 non
2759 2790 3116 2845 confunditur
3146 2790 3347 2846 fratres
3377 2805 3475 2844 eos

1900 2885 2189 2956 appellare,
2217 2885 2442 2938 dicens:
2476 2881 2720 2935 Narrabo
2768 2881 2876 2951 70
2911 2894 3111 2935 nomen
3163 2888 3316 2933 tuum
3366 2880 3475 2934 fra~

1900 2978 2072 3032 tribus
2112 2977 2244 3030 meis
2276 2976 2358 3040 ";
2401 2993 2421 3026 ι
2457 2987 2582 3027 nam
2627 2982 2919 3041 antequam
2971 2973 3134 3026 homo
3184 2970 3360 3026 factus
3387 2986 3475 3025 es-

1899 3077 2001 3133 set,
2037 3067 2288 3134 exiguum
2317 3078 2448 3118 sane
2474 3072 2593 3118 erat
2619 3063 2694 3117 illi
2729 3077 2798 3116 ex
2824 3062 2934 3116 Deo
2957 3062 3140 3131 genito
3170 3061 3352 3116 Verbo
3385 3076 3476 3115 no-

1901 3165 2026 3210 strze
2047 3153 2402 3208 fraternitatis
2420 3167 2615 3207 nomen
2640 3170 2653 3206 :
2675 3161 2730 3205 at
2755 3151 2846 3206 ubi
2876 3152 2942 3206 ad
2970 3151 3333 3206 voluntariam
3358 3152 3474 3207 exi-

216 3211 414 3322 ςηκόςθ
450 3216 759 3286 μετέσχηκε
788 3217 896 3288 7&9
923 3219 1153 3288 αἵματος
1182 3221 1277 3273 καὶ
1309 3222 1530 3291 σαρκὸς,
1565 3223 1659 3276 καὶ
1687 3225 1799 3285 τοῖς

1909 3246 2241 3300 nanitionem
2287 3242 2586 3307 descendit,
2628 3242 2882 3310 exiguum
2944 3245 3024 3296 sic
3086 3257 3308 3312 quoque
3350 3243 3476 3306 fuit.

217 3304 273 3355 ὲν
307 3308 477 3376 σαρκὶ
507 3307 602 3360 καὶ
637 3309 831 3377 αἵματι
875 3311 1281 3381 κεχρημάτικεν
1312 3311 1560 3382 ἀδελφός.
1600 3313 1664 3366 Εἰ
1695 3313 1804 3383 γὰρ

217 3394 504 3459 ἁγιάζεται
537 3398 656 3466 μεθ’
680 3399 837 3468 ἡμῶν
871 3401 1005 3453 καθὸ
1034 3401 1258 3470 γέγονεν
1287 3402 1594 3474 ἄνθρωπος,
1626 3405 1803 3461 καίτοι

218 3485 346 3547 Θεὸς
372 3485 450 3537 ὢν
481 3487 661 3553 φύσει.
699 3491 792 3540 καὶ
825 3491 883 3541 τὸ
917 3492 1132 3562 πνεῦμα
1164 3495 1339 3558 διδοὺς
1367 3497 1551 3561 αὐτὸς,
1589 3498 1708 3561 πῶς
1752 3501 1802 3551 εί

219 3574 432 3644 λέγοιτο
474 3577 571 3628 καὶ
617 3577 869 3658 ἀδελφὸς,
905 3581 1003 3632 οὑκ
1045 3584 1105 3634 ὲν
1143 3584 1332 3654 κόσμῳ
1367 3587 1553 3641 λοιπὸν
1586 3591 1801 3659 εἴρηται

220 3660 574 3736 [είρήσεται];
591 3667 796 3736 ταύτης
818 3668 923 3740 γὰρ
943 3669 1106 3724 ἕνεκα
1128 3672 1228 3741 τῆς
1251 3675 1433 3739 αἰτίας
1462 3678 1652 3745 γέγονε
1680 3680 1800 3733 καθ’

219 3757 398 3826 ἡμᾶς,
443 3759 534 3810 ἵνα
575 3761 726 3829 ἡμᾶς
773 3762 1033 3831 ἀδελφοὺς
1086 3766 1430 3837 ἀποφήνηται
1472 3772 1565 3823 καὶ
1595 3771 1804 3826 ἐλευθέ-

220 3863 374 3917 ρους.
417 3866 436 3900 ι
466 3849 626 3904 Ὅσοι
664 3853 773 3922 7&9
807 3853 998 3909 ἐλαὸον
1029 3857 1213 3923 αὐτὸν,
1252 3862 1438 3929 φησὶν,
1475 3863 1674 3917 ἔδωκεν
1706 3867 1802 3919 αὑ-

214 3939 329 4002 τοῖς
355 3938 610 4003 ἐξουσίαν
643 3943 808 3997 τέκνα
845 3946 979 4000 Θεοῦ
1005 3950 1280 4017 γενέσθαι,
1312 3955 1423 4016 τοῖς
1451 3955 1801 4010 πιστεύουσιν

218 4029 296 4092 εἰς
335 4030 402 4082 τὸ
433 4030 605 4101 ὄνομα
633 4033 825 4086 αὑτοῦ·
854 4037 903 4088 οἳ
932 4038 1031 4091 οὐκ
1059 4040 1116 4106 ἑξ
1151 4042 1416 4111 αἱμάτων,
1445 4046 1566 4098 οὐδὲ
1610 4047 1675 4099 ἐκ
1709 4046 1799 4099 Οε-

217 4119 458 4192 λήματος
491 4126 711 4194 σαρκὸς,
742 4126 863 4179 οὐδὲ
894 4129 957 4180 ὲκ
987 4131 1288 4202 θελήματος
1343 4135 1551 4206 ἀνδρὸς,
1590 4138 1704 4191 ἀλλ’
1736 4141 1800 4192 ὲκ

216 4207 352 4261 Θεοῦ
405 4211 798 4281 ἐγεννήθησαν.
821 4232 839 4264 ι
878 4216 1172 4288 Γεγένηται
1211 4221 1319 4291 γὰρ
1360 4223 1388 4274 6
1423 4225 1487 4277 ὲκ
1517 4226 1653 4279 Θεοῦ
1690 4231 1799 4281 Πα-

221 4295 350 4387 τρὺς
398 4298 570 4387 Λόγος
609 4303 725 4370 μεθ’
767 4305 925 4374 ἡμῶν
965 4309 1108 4362 κατὰ
1142 4310 1350 4381 σάρκα,
1386 4314 1470 4366 ἵνα
1504 4318 1596 4369 καὶ
1638 4319 1799 4387 ἡμεῖς

221 4385 323 4455 τὴν
351 4387 422 4439 ὲκ
446 4385 591 4444 Θεοῦ
621 4391 1157 4466 καταπλουτήσωμεν
1186 4399 1276 4452 διὰ
1319 4402 1627 4472 πνεύματος
1660 4385 1797 4473 -γέν-

222 4491 400 4545 νησιν,
424 4478 606 4532 οὐκέτι
633 4481 832 4550 σαρκὸς
858 4487 1286 4556 χρηματίζοντες
1306 4492 1494 4556 τέκνα,
1524 4511 1798 4564 μεταστοι-

1907 3339 2000 3393 sed
2027 3352 2130 3391 non
2159 3340 2296 3391 citra
2326 3335 2703 3390 rationabilem
2728 3350 2953 3391 causam
2990 3343 3270 3403 receptum
3305 3353 3318 3389 :
3354 3350 3478 3404 par-

1907 3428 2148 3498 ticipavit
2187 3427 2330 3483 enim
2379 3441 2555 3481 carne
2588 3436 2640 3481 et
2686 3427 2949 3495 sanguine
2984 3427 3051 3492 “,
3078 3434 3133 3480 et
3177 3426 3261 3480 bis
3296 3428 3387 3494 qui
3424 3425 3477 3480 in

1905 3535 2067 3574 carne
2098 3529 2252 3574 erant
2291 3534 2354 3574 ac
2389 3520 2686 3588 sanguine,
2721 3519 2892 3573 frater
2933 3518 3070 3572 fuit:
3103 3533 3227 3573 nam
3269 3518 3315 3572 si
3352 3533 3478 3572 san-

1905 3613 2175 3666 ctificatur
2201 3612 2479 3664 nobiscum
2507 3625 2612 3679 qua
2664 3612 2843 3665 factus
2880 3620 2962 3665 est
3010 3612 3193 3677 homo,
3228 3611 3480 3680 quamvis

1904 3712 2096 3756 natura
2137 3702 2280 3756 Deus
2327 3710 2509 3764 esset,
2549 3710 2606 3754 et
2639 3701 2891 3769 spirituum
2943 3702 3055 3771 ipse
3092 3701 3266 3766 daret,
3300 3717 3398 3756 cur
3431 3701 3476 3755 si

1904 3802 2123 3848 vocetur
2163 3793 2324 3847 etiam
2381 3792 2566 3856 frater,
2627 3791 2850 3846 minime
2910 3791 3167 3846 decenter
3233 3792 3470 3856 dicatur,

1903 3899 2024 3938 cum
2057 3886 2156 3938 hac
2187 3885 2250 3936 de
2275 3897 2435 3936 causa
2476 3881 2652 3935 fat-tus
2691 3882 2764 3936 sit
2813 3884 2985 3937 nostri
3025 3883 3241 3950 similis,
3283 3893 3344 3937 ut
3376 3898 3478 3936 nos

1903 3975 2099 4031 fratres
2142 3989 2206 4030 ac
2251 3974 2450 4029 liberos
2502 3972 2781 4028 alliceret?
2830 3990 2848 4023 ι
2883 3971 3160 4042 Quotquot
3213 3973 3357 4026 enim
3397 3988 3480 4027 re-

1901 4074 2162 4134 ceperunt
2207 4079 2352 4129 eum,
2407 4063 2621 4132 inquit,
2663 4063 2808 4118 dedit
2849 4063 2930 4117 eis
2972 4058 3292 4131 potestatem
3341 4062 3479 4116 filios

1902 4157 1996 4211 Dei
2055 4155 2193 4219 ﬁeri,
2245 4155 2331 4209 his
2375 4154 2466 4222 qui
2517 4155 2745 4208 credunt
2792 4153 2846 4206 in
2906 4153 3129 4208 nomine
3180 4153 3298 4220 ejus
3336 4171 3350 4207 :
3384 4152 3475 4221 qui

1901 4261 2006 4300 non
2054 4261 2119 4299 ex
2174 4245 2551 4314 sanguinihus,
2603 4257 2778 4312 neque
2825 4256 2893 4296 ex
2939 4242 3216 4297 voluutate
3272 4244 3475 4305 carnis,

1902 4350 2076 4404 neque
2107 4350 2172 4389 ex
2206 4335 2486 4388 voluntate
2514 4333 2640 4397 viri,
2675 4333 2768 4388 sed
2813 4346 2880 4387 ex
2920 4332 3030 4388 Deo
3061 4333 3170 4387 nati
3209 4342 3335 4387 sunt
3367 4333 3430 4386 ".
3452 4351 3472 4383 ι

1900 4423 2096 4478 Natum
2132 4433 2211 4478 est
2251 4424 2395 4478 enim
2445 4422 2726 4477 nobiscum
2760 4421 3058 4476 secundum
3097 4435 3315 4475 carnem
3348 4421 3475 4474 illud

1903 4532 1966 4570 ex
2008 4517 2116 4570 Deo
2167 4515 2328 4569 Patre
2386 4515 2654 4579 Verbum,
2702 4523 2762 4566 ut
2810 4526 2909 4566 nos
2955 4526 3171 4581 quoque
3216 4511 3362 4565 illam
3409 4525 3475 4564 ex

224 4567 534 4675 ﬁEtOPpEVOt
578 4569 869 4675 δενμᾶλλον
917 4578 996 4640 είς
1031 4578 1100 4632 τὰ
1146 4581 1285 4651 ὑπὲρ
1319 4582 1499 4649 φύσιν,
1551 4586 1644 4639 καὶ
1694 4589 1799 4639 υἱοὶ

1911 4610 2018 4662 Deo
2060 4622 2157 4675 per
2190 4607 2441 4675 spiritum
2491 4604 2828 4658 nativitatem
2867 4601 3214 4671 acquiramus
3246 4615 3263 4653 :
3300 4615 3478 4668 neque

218 4654 356 4708 Θεοῦ
393 4659 819 4726 χρηματίζοντες
853 4665 993 4718 κατὰ
1023 4666 1199 4737 χάριν.
1229 4669 1423 4738 Γέγονε
1467 4673 1574 4743 γὰρ
1615 4673 1688 4738 ὠς
1719 4670 1798 4739 εἷς

216 4744 279 4808 ἐξ
306 4745 489 4815 ἡμῶν,
515 4750 544 4801 6
572 4750 712 4803 κατὰ
750 4753 910 4821 φύσιν
940 4758 1032 4810 καὶ
1072 4759 1290 4830 ἀληθῶς
1318 4761 1444 4824 Υἱὸς
1481 4766 1797 4834 μονογενὴς,

220 4837 312 4888 καὶ
335 4837 575 4908 ἀψευδὴς
594 4842 622 4892 6
655 4840 811 4910 λόγος
831 4859 845 4874 ·
873 4846 1206 4900 πιστώσεται
1231 4849 1287 4902 δὲ
1315 4851 1450 4922 πρὸς
1476 4852 1630 4906 τοῦτο
1655 4856 1800 4926 ἡμᾶς

219 4927 249 4976 6
283 4926 572 4993 θεσπέσιος
605 4932 835 5000 Παῦλος,
859 4937 955 4990 ὡδί
989 4956 1089 4992 που
1120 4940 1326 5008 λέγων’
1367 4963 1384 4994 ι
1413 4945 1531 4997 Ὅτι
1576 4945 1634 4999 δέ
1676 4949 1799 4998 ἐστε

219 5016 350 5081 υἱοὶ,
386 5021 768 5085 ἐξαπέστειλεν
794 5028 822 5078 6
853 5029 984 5093 Θεὸς
1013 5032 1072 5086 τὸ
1097 5033 1322 5103 Πνεῦμα
1351 5036 1443 5088 τοῦ
1472 5036 1602 5089 Υίοῦ
1632 5038 1797 5092 αὑτοῦ

223 5107 302 5200 s—lg
349 5111 449 5173 τὰς
482 5113 706 5183 καρδίας
739 5117 911 5187 ὑμῶν,
963 5123 1186 5193 κράζον,
1238 5125 1435 5189 Ἀϐὄᾶ,
1479 5130 1507 5180 6
1537 5131 1744 5200 Πατήρ.
1774 5150 1792 5183 ι

225 5196 288 5249 Τί
315 5201 495 5254 τοίνυν
523 5203 793 5279 ἀποὸιάξῃ
826 5211 922 5282 τῆς
948 5215 1261 5285 οἰκονομίας
1296 5219 1357 5271 τὸ
1411 5221 1593 5284 σοφὸν,
1624 5196 1708 5284 εἰς
1736 5224 1796 5276 τὸ

229 5289 314 5386 μη
450 5294 748 5386 τῷ
796 5302 968 5356 δέοντι
1016 5307 1343 5376 πεποιῆσθαι
1376 5310 1572 5376 δοκεῖν,
1615 5312 1704 5366 διά
1737 5331 1796 5381 γε

226 5378 317 5428 τοῦ
355 5378 559 5448 λέγειν,
580 5384 670 5454 Μὴ
713 5390 935 5458 σπέρμα
970 5390 1062 5442 τοῦ
1098 5393 1349 5463 ’Λόραὰμ
1377 5397 1410 5464 η
1445 5395 1660 5465 οεότης;
1706 5378 1795 5468 Μὴ

228 5469 290 5560 τῇ
317 5469 532 5542 θεότητι
562 5475 717 5538 τινὰς
745 5476 902 5547 ἔσχεν
930 5481 1190 5550 ἀδελφοὺς
1221 5486 1463 5550 ἐοικότας
1488 5506 1501 5554 ;
1529 5484 1673 5560 Ἀρα
1697 5491 1797 5543 οὐκ

230 5557 453 5633 ἐναργὴς
487 5564 804 5637 ἀποπληξία
829 5569 986 5624 τοῦτό
1014 5590 1109 5640 γε;
1142 5576 1214 5629 Τὸ
1260 5577 1367 5648 γὰρ
1394 5557 1635 5644 ἐκτόπως
1663 5582 1796 5634 ἀνα-

227 5815 264 5842 τ-
308 5765 488 5842 ἷλίῖεηο
520 5786 640 5842 "III,
669 5773 758 5827 58.
843 5776 883 5807 ¹⁰
914 5773 1066 5833 Joan.
1093 5793 1200 5842 xlv,
1228 5779 1259 5834 ε)

230 5833 265 5865 ¹⁸
300 5837 469 5893 Galat.
499 5855 570 5904 tv,
600 5841 655 5893 li.
1134 5833 1139 5834 ί
1167 5838 1176 5847 ’

1900 4700 2013 4768 jam
2057 4699 2237 4752 carnis
2285 4696 2376 4750 lilii
2414 4696 2622 4760 simus,
2658 4695 2754 4748 sed
2793 4693 2844 4746 in
2890 4707 2952 4744 ea
3000 4706 3120 4758 quae
3162 4705 3325 4758 supra
3376 4705 3476 4743 na-

1905 4800 2079 4840 turam
2135 4796 2258 4841 sunt
2309 4787 2686 4847 immutemur,
2736 4791 2792 4836 et
2833 4781 2926 4834 lilii
2967 4780 3060 4834 Dei
3106 4795 3201 4850 per
3244 4780 3474 4849 gratiam

1902 4882 2071 4933 simus
2097 4896 2111 4932 :
2140 4877 2312 4931 factus
2337 4884 2421 4930 est
2450 4873 2593 4929 enim
2629 4883 2686 4926 ut
2720 4887 2858 4927 unus
2883 4888 2914 4926 e
2943 4872 3125 4936 nobis,
3161 4870 3249 4924 ille
3279 4885 3477 4925 secun-

1901 4971 2025 5024 dum
2047 4979 2294 5022 naturam
2323 4981 2388 5019 ac
2411 4979 2538 5019 vere
2560 4963 2729 5017 Filius
2764 4963 3081 5031 nnigcnitus
3121 4978 3137 5017 :
3181 4961 3327 5029 quod
3349 4975 3474 5016 cum

1904 5060 2182 5114 verissime
2215 5058 2446 5120 dicatur,
2478 5056 2636 5109 fidem
2674 5064 2935 5123 praeterea
2969 5053 3126 5107 nobis
3165 5051 3294 5106 facit
3341 5053 3467 5106 bea-

1906 5163 1992 5207 tus
2021 5149 2216 5206 Paulus
2247 5149 2330 5202 bis
2358 5147 2470 5201 fere
2494 5145 2714 5200 verbis:
2749 5161 2768 5195 ι
2806 5145 3084 5211 Quoniam
3126 5152 3308 5197 autem
3338 5140 3472 5196 estis

1904 5244 2021 5307 filii,
2046 5240 2192 5295 misit
2222 5237 2372 5294 Deus
2394 5237 2655 5304 Spiritum
2700 5235 2817 5289 Filii
2850 5237 2932 5290 sui
2958 5236 3009 5289 in
3061 5234 3230 5290 corda
3278 5243 3468 5289 nostra

1897 5335 2246 5394 clamantem,
2271 5328 2421 5383 Abba
2448 5327 2606 5381 Pater
2630 5327 2695 5382 ”.
2731 5345 2749 5377 ι
2779 5324 2887 5379 Cur
2919 5326 3084 5395 igitur
3113 5323 3464 5394 sapientissi-

1902 5438 2042 5477 mam
2080 5420 2533 5489 dispensationem
2562 5433 2658 5487 per
2684 5418 2791 5470 vim
2819 5432 2884 5471 eo
2922 5417 3238 5485 detorques,
3281 5424 3340 5469 ut
3372 5414 3471 5468 mi-

1903 5528 2003 5568 nus
2025 5513 2277 5566 decenter
2302 5518 2451 5578 gesta
2491 5523 2610 5562 esse
2635 5507 2902 5570 videatur,
2945 5507 3074 5560 dum
3106 5505 3243 5561 dicis
3271 5523 3284 5560 :
3326 5503 3462 5558 Num

1901 5615 2086 5658 semen
2129 5607 2214 5654 est
2244 5595 2516 5652 Abraham
2552 5595 2669 5665 ipsa
2701 5596 2995 5652 divinitas?
3031 5611 3157 5650 num
3194 5595 3335 5649 ullos
3380 5594 3472 5647 ha-

1363 5783 1396 5812 "
1439 5780 1574 5837 l’sal.
1608 5798 1716 5850 ut,
1742 5783 1799 5838 εξ

1911 5783 1952 5814 ¹²
1984 5781 2142 5838 llebr.
2171 5797 2230 5846 ιι,
2258 5779 2280 5833 ι
2304 5778 2352 5844 l,
2385 5777 2470 5832 12.
2550 5777 2591 5808 "
2621 5774 2755 5832 Ibid.
2787 5774 2872 5830 Li.
2950 5776 2991 5807 υ
3023 5772 3175 5830 Joan.
3204 5792 3242 5842 l,
3272 5776 3352 5840 l2,
3381 5776 3472 5834 13.
