4112 6474
679 425 779 477 1").7

1667 428 1722 483 S.
1765 427 2043 485 CYRll.Ll
2085 428 2550 482 ALEXANDHINI
2595 427 2911 485 ARClliEP.

3836 435 3942 489 128

676 542 789 592 huit
816 538 1012 593 fratres
1036 538 1337 595 divinitatis
1367 540 1613 597 similes?
1644 544 1837 599 Annon
1873 546 1924 598 id
1956 556 2108 600 certe
2139 554 2242 600 stu‘

2363 544 2745 607 πυνθάνεσθαι,
2781 548 2870 599 καὶ
2899 547 3253 615 ἀποκομίζειν
3286 549 3362 611 εἰς
3390 549 3719 619 δυσφημίας,
3753 548 3818 601 τὰ
3848 551 3942 603 οὗ⁹

674 650 818 717 poris
850 659 930 704 est
978 651 1342 718 apertissimi?
1378 652 1508 707 Nam
1568 655 1752 723 inepte
1800 657 2158 726 interrogare,
2194 668 2248 713 et

671 744 806 796 adeo
840 752 984 796 recta
1011 752 1064 796 et
1101 744 1310 813 integra
1359 743 1635 814 dogmata,
1666 750 1808 815 quod
1853 750 1919 801 ad
1971 749 2249 817 dispensa-

674 832 836 887 tionis
882 834 1148 889 rationem
1193 836 1245 888 in
1276 836 1493 890 Christo
1534 837 1935 901 intelligendam
1983 842 2241 907 pertinet,

670 929 736 979 ad
790 925 1155 995 blasphemias
1200 930 1546 998 detorquere,
1597 933 1724 999 quid
1774 933 1921 986 aliud
1965 942 2243 1001 estquam

670 1033 893 1071 summa:
921 1019 1175 1073 amentia:
1204 1021 1630 1075 demonstratio?
1672 1023 2056 1077 Certissimum
2089 1025 2245 1092 quip-

670 1122 735 1173 pe
769 1117 874 1173 est,
910 1108 1038 1162 illud
1067 1108 1159 1162 Dei
1189 1110 1369 1165 Patris
1400 1112 1655 1175 Verbum,
1707 1113 1848 1180 quod
1883 1114 1948 1166 ad
1992 1122 2243 1168 naturam

670 1200 937 1268 corporis,
980 1202 1095 1253 sive
1129 1201 1485 1255 humanitatis
1522 1202 1776 1270 perfecta:
1817 1196 2103 1257 rationem'
2127 1205 2248 1258 atti-

676 1299 786 1351 net,
822 1290 1020 1344 factum
1057 1304 1177 1345 esse
1201 1292 1372 1344 nostri
1408 1291 1604 1355 simile,
1637 1302 1691 1345 et
1722 1308 1817 1362 per
1845 1293 2024 1365 omnia
2062 1294 2247 1348 nobis-

666 1394 811 1445 cum,
843 1395 948 1433 uno
978 1390 1206 1449 excepto
1251 1390 1491 1450 peccato,
1529 1384 1875 1438 convenisse.
1917 1384 2021 1437 Sed
2057 1399 2246 1452 rogare

667 1470 795 1525 libet
820 1486 940 1525 eum
976 1473 1066 1541 qui
1094 1473 1270 1527 dixit:
1303 1473 1436 1527 Num
1469 1474 1565 1527 Dei
1600 1473 1837 1529 Verbum
1882 1475 2021 1530 ullos
2055 1464 2246 1531 habuit

668 1559 861 1614 fratres
884 1560 1158 1614 divinitati
1212 1562 1465 1617 similes?
1494 1563 1753 1631 quidnam
1783 1580 1967 1618 secum
2008 1567 2121 1635 ipse
2163 1581 2247 1621 co-

665 1648 841 1713 gitans
871 1647 1061 1702 beatus
1088 1648 1288 1703 Paulus
1317 1651 1537 1718 scripsit
1583 1654 1650 1704 ad
1687 1654 1948 1721 quosdam
1978 1672 1991 1706 :
2030 1673 2047 1705 ι
2082 1651 2247 1709 Filio-

666 1737 721 1799 li,
749 1750 884 1805 quos
906 1737 1101 1791 iterum
1133 1742 1397 1809 parturio,
1417 1743 1589 1795 donec
1615 1741 1868 1797 Christus
1898 1743 2163 1798 formetur
2191 1747 2241 1800 in

666 1826 820 1881 vobis
849 1827 913 1883 “.
946 1846 965 1879 ι
992 1828 1131 1895 Quin
1167 1830 1328 1883 etiam
1358 1831 1482 1885 alibi
1509 1832 1819 1889 hominibus
1840 1836 1927 1904 qui
1965 1852 2060 1905 per
2085 1835 2241 1891 fidem

2348 653 2455 698 τως
2501 637 2637 706 ὀρθὰ
2680 640 2774 688 καὶ
2818 639 3136 708 ἀμωμήτως
3169 641 3390 707 ἔχοντα,
3426 642 3566 692 κατά
3599 656 3663 706 γε
3702 639 3794 691 τὸν
3839 642 3942 705 τῆς

2348 728 2406 779 ὲν
2448 727 2666 797 Χριστῷ
2716 729 3012 799 νοουμένης
3072 732 3383 800 οἰκονομίας
3424 732 3601 797 λόγον,
3652 733 3702 784 τί
3750 733 3943 801 ἕτερόν

2349 820 2514 879 ἐστιν,
2544 820 2574 888 ἢ
2603 822 2701 888 τῆς
2744 820 2969 872 ἀπασῶν
3010 822 3245 893 ἐσχάτης
3288 823 3685 892 ἐμϐροντησίας
3713 824 3941 877 ἀπόδει-

2349 911 2464 975 ξις;
2504 910 2982 980 Ὀμολογουμένως
3033 914 3132 982 μὲν
3181 913 3310 983 γὰρ,
3349 914 3489 967 κατὰ
3537 914 3635 984 τὴν
3676 915 3770 968 τοῦ
3830 916 3942 967 σώ-

2351 1019 2520 1070 ματος
2555 1002 2738 1069 φύσιν,
2772 1004 2886 1072 ἦτοι
2926 1005 3015 1055 τὸν
3044 1007 3142 1074 τῆς
3173 1005 3596 1075 ἀνθρωπότητος
3631 1006 3806 1075 λόγον,
3847 1025 3941 1059 τε-

2346 1091 2506 1155 λείως
2552 1092 2779 1161 ἐχούσης
2827 1095 2911 1162 ἐφ’
2951 1095 3149 1165 ἑαυτῇ,
3196 1096 3418 1163 γέγονεν
3461 1098 3592 1165 ἡμῖν
3641 1097 3943 1167 παραπλή-

2348 1198 2486 1245 σιος,
2518 1185 2609 1235 καὶ
2640 1182 2778 1235 κατὰ
2810 1186 2917 1236 πᾶν
2943 1185 3120 1237 ὁτιοῦν
3148 1185 3362 1248 ἐοικὼς,
3392 1188 3514 1255 δίχα
3549 1189 3714 1258 μόνης
3748 1191 3939 1259 ἀμαρ-

2344 1271 2464 1335 τίας
2490 1274 2518 1325 6
2553 1275 2616 1325 ὲκ
2649 1272 2782 1325 Θεοῦ
2814 1275 3027 1345 Πατρδς
3058 1276 3247 1345 Λόγος.
3288 1277 3589 1348 Ἐρησομαι
3622 1278 3679 1331 δὲ
3718 1280 3812 1332 τὸν
3850 1281 3943 1332 λέ-

2346 1380 2532 1431 γοντα,
2552 1364 2644 1435 Μὴ
2669 1368 2733 1433 τῇ
2763 1364 2976 1434 Θεότητι
3006 1367 3157 1430 τινὰς
3188 1369 3215 1419 6
3237 1368 3367 1431 Θεὸς
3396 1370 3568 1437 Λόγος
3594 1370 3752 1439 ἔσχεν
3781 1371 3943 1424 ἀδελ-

2349 1455 2483 1522 φοὺς
2526 1456 2803 1517 ὲοικόταςς
2836 1455 2887 1508 τί
2920 1456 2983 1527 δὴ
3018 1458 3127 1527 ἄρα
3166 1458 3286 1511 καθ’
3316 1461 3508 1513 ἑαυτὸν
3538 1461 3873 1530 ὲννενοηκὼς
3911 1464 3941 1513 6

2349 1544 2639 1613 ἱερώτατος
2679 1546 2908 1612 Παῦλος,
2945 1546 3191 1618 γέγραφέ
3228 1567 3358 1612 τισι.
3402 1569 3418 1600 ι
3448 1552 3667 1613 Τεκνία,
3702 1551 3797 1612 οὓς
3832 1556 3941 1605 πᾶν

2344 1636 2428 1690 λιν
2474 1637 2666 1699 ὠδίνω.
2714 1638 2871 1709 ἄχρις
2916 1634 2976 1693 οὗ
3030 1641 3290 1711 μορφωθῇ
3343 1641 3578 1712 Χριστὸς
3626 1646 3682 1695 ὲν
3731 1644 3885 1712 ὑμῖν.
3915 1661 3933 1691 ι

2345 1729 2457 1781 Καὶ
2508 1729 2613 1798 μὴν
2648 1730 2743 1782 καὶ
2787 1730 3013 1800 ἑτέρωθι
3060 1732 3173 1793 τοῖς
3223 1731 3311 1785 διὰ
3363 1732 3599 1796 πίστεως
3634 1734 3936 1803 τελειωμέ-

2345 1838 2453 1884 νοις
2503 1824 2562 1873 ἐν
2611 1824 2900 1891 πνεύματι,
2934 1842 2952 1873 ι
2975 1824 3166 1892 Ἡμεῖς
3198 1824 3253 1877 δὲ
3288 1825 3491 1887 πάντες
3542 1826 3938 1893 ἀνακεκαλυμσ

665 1915 766 1984 7ι
788 1915 1204 1983 perficiebantur
1225 1919 1276 1971 in
1298 1919 1489 1986 spiritu
1513 1938 1525 1973 :
1553 1938 1572 1970 ι
1601 1920 1708 1976 Nos
1732 1938 1859 1977 vero
1880 1938 2070 1979 onmes
2088 1940 2242 1980 reve-

2351 1914 2496 1983 μὲνῳ
2524 1912 2798 1983 προσώπῳ
2832 1913 2929 1984 τὴν
2974 1915 3131 1980 δόξαν
3173 1917 3377 1985 Κυρίου
3411 1917 3938 1987 κατοπτριζόμενοι.

664 2007 768 2059 lata
801 2006 940 2061 facie
973 2008 1197 2077 gloriam
1239 2010 1449 2063 Domini
1488 2013 1850 2080 speculantes,
1878 2016 1930 2067 in
1956 2016 2074 2084 ejus
2113 2017 2247 2069 ima-

662 2098 837 2165 ginem
872 2099 1325 2153 transformamur
1355 2116 1383 2155 ο
1413 2102 1733 2157 claritatein
1769 2106 2095 2172 claritatem,
2130 2118 2247 2161 tan-

660 2204 823 2258 quam
870 2205 898 2244 a
949 2189 1163 2245 Domini
1215 2193 1430 2259 spiritu.
1481 2194 1741 2252 Dominus
1792 2208 1971 2253 autem
2019 2202 2247 2268 spiritus

661 2286 791 2332 est:
832 2279 921 2333 ubi
952 2288 1135 2334 autem
1172 2282 1394 2352 spiritus
1445 2284 1678 2354 Domini,
1728 2288 1798 2343 ibi
1850 2290 2074 2345 libertas
2120 2294 2185 2347 ".
2224 2312 2241 2344 ι

665 2366 800 2421 Num
839 2367 1003 2437 igitur
1036 2370 1151 2426 haec
1184 2371 1318 2426 dicit
1346 2372 1556 2430 Galatis
1592 2388 1846 2445 tanquam
1878 2396 2156 2450 corporeae
2187 2382 2248 2436 li-

664 2457 884 2512 bertatis
918 2458 1123 2516 formas
1157 2475 1264 2515 non
1302 2462 1620 2521 habentibus
1650 2468 1723 2523 illi
1754 2484 1817 2523 ex
1850 2474 2056 2529 semine
2081 2473 2247 2529 David

662 2548 955 2603 secundum
1004 2566 1225 2606 carnem
1262 2553 1491 2621 similes,
1540 2558 1727 2613 illosve
1778 2564 2029 2629 parturit,
2076 2574 2134 2617 ut
2195 2566 2247 2618 in

662 2637 793 2705 ipsis
822 2640 1220 2709 quodammodo
1265 2646 1527 2715 ﬁguretur
1559 2656 1614 2703 et
1643 2649 1912 2719 eﬂigietur
1945 2656 2246 2711 secundum

660 2746 878 2786 carnem
902 2732 1198 2789 Christus?
1229 2740 1390 2808 Atqui
1418 2744 1690 2811 quomodo
1716 2758 1819 2797 non
1852 2747 2029 2815 quivis
2056 2750 2249 2818 opinor

659 2834 716 2877 et
747 2824 869 2879 sine
894 2825 1059 2880 dubio
1085 2827 1252 2892 dicat,
1295 2831 1606 2887 conformes
1641 2835 1741 2889 sibi
1788 2836 1934 2891 inter
1968 2855 2025 2893 se
2062 2855 2250 2896 omnes

657 2929 782 2969 esse
810 2916 902 2986 qui
934 2927 1059 2971 sunt
1093 2921 1144 2974 in
1179 2924 1363 2985 terris,
1388 2933 1444 2977 et
1492 2924 1592 2993 ipsi
1626 2941 1840 2997 quoque
1875 2929 2112 2996 Christo,
2144 2950 2249 3001 qua

664 3006 836 3059 nostri
886 3007 1083 3063 similis
1136 3010 1328 3075 homo,
1386 3021 1443 3067 et
1498 3014 1778 3070 nobiscum
1836 3020 2250 3077 consideratur?

657 3094 845 3162 Qualis
859 3112 988 3168 ergo
1004 3099 1253 3169 etiigiatio
1270 3103 1320 3157 in
1342 3103 1446 3158 illis
1461 3105 2008 3175 exigebaturChristo
2023 3112 2251 3167 similis?

658 3199 751 3243 aut
768 3193 1036 3258 quomodo
1060 3207 1157 3247 nos
1180 3208 1207 3247 a
1234 3194 1484 3250 claritate
1500 3197 1551 3249 in
1572 3196 1875 3252 claritatem
1898 3201 2251 3257 transforma-

659 3279 931 3349 mur?qua
955 3280 1141 3336 relicta
1162 3281 1359 3352 forma,
1379 3286 1433 3339 ltt
1453 3300 1613 3355 quam
1634 3288 2126 3357 transﬁguratum?
2151 3291 2248 3346 Er-

659 3388 726 3440 go
759 3388 857 3427 nos
892 3372 1112 3428 divinus
1141 3374 1229 3429 ille
1254 3375 1444 3431 doctor
1471 3378 1724 3444 prodiens
1751 3380 1963 3443 doceat,
2003 3381 2092 3435 ille
2116 3382 2248 3436 divi-

659 3481 848 3519 norum
874 3467 1129 3521 sacerdos
1160 3467 1566 3537 mysteriorum,
1603 3470 1692 3524 ille
1711 3471 1899 3524 doctor
1922 3472 2159 3539 gentium
2191 3472 2247 3526 in

658 3555 763 3608 title
790 3564 842 3608 et
866 3556 1129 3610 veritate:
1161 3574 1177 3606 ι
1208 3555 1355 3621 Quos
1372 3556 1516 3609 enim
1537 3558 1717 3619 scivit,
1744 3556 1942 3625 inquit.
1962 3566 2015 3612 et
2045 3561 2249 3627 praede-

656 3645 877 3699 stinavit
908 3645 1213 3700 conformes
1248 3644 1364 3699 fieri
1398 3646 1647 3714 imaginis
1681 3647 1799 3699 Filii
1833 3649 1935 3709 sui,
1960 3648 2057 3703 hos
2080 3658 2134 3702 et
2154 3664 2247 3705 vo—

655 3736 798 3789 cavit
827 3735 892 3790 ".
916 3755 934 3789 ι
955 3735 1120 3804 Ergo,
1147 3736 1423 3789 utdudum
1451 3737 1583 3801 dixi,
1612 3752 1715 3806 qua
1746 3738 1921 3791 factus
1947 3748 2031 3793 est
2065 3739 2242 3808 homo,

658 3837 712 3879 et
754 3824 854 3880 fuit
892 3840 959 3881 ex
994 3825 1202 3880 semine
1227 3825 1526 3888 Abraham,
1560 3841 1749 3881 omnes
1783 3827 1860 3880 illi
1890 3842 2081 3881 sumus
2113 3844 2245 3884 con-

660 3917 881 3971 formes.
917 3917 1119 3971 Omnes
1157 3916 1322 3985 igitur
1344 3932 1479 3984 quos
1510 3914 1673 3971 Pater
1702 3919 1971 3985 prmscivit
2001 3920 2245 3976 homines

656 4008 747 4075 qui
771 4016 894 4060 sunt
929 4006 980 4059 in
1016 4006 1197 4070 terris,
1231 4014 1285 4059 et
1307 4006 1731 4073 praedestinavit,
1765 4008 1864 4062 bos
1904 4024 2025 4063 cum
2056 4024 2243 4065 vocas-

657 4109 759 4164 set,
795 4098 1154 4153 sanctiiicavit
1195 4106 1250 4151 et
1287 4098 1610 4167 glorificavit
1657 4120 1670 4154 :
1727 4109 1888 4169 atque
1918 4116 2021 4155 non
2056 4115 2244 4157 omnes

655 4189 1020 4258 praedestinati
1054 4196 1202 4252 sunt,
1253 4204 1361 4241 non
1396 4204 1586 4244 omnes
1624 4190 1946 4245 sanctificati
2000 4201 2092 4245 aut
2126 4193 2239 4259 glo-

659 4278 885 4344 riticati;
916 4293 1021 4332 non
1051 4280 1212 4348 igitur
1242 4278 1345 4334 hoc
1378 4279 1554 4348 ipsum
1584 4282 1725 4350 quod
1752 4280 1889 4333 Filio
1916 4282 2229 4335 eoniorma-

656 4382 797 4431 mur,
818 4368 871 4421 in
889 4368 1002 4421 sola
1022 4367 1342 4436 intelligitur
1372 4371 1553 4424 carnis
1572 4370 1991 4424 humanitatisve
2024 4384 2237 4435 natura,

653 4459 749 4514 sed
778 4458 884 4512 alio
911 4473 1123 4527 quoque
1155 4459 1312 4513 modo
1340 4478 1352 4513 :
1387 4460 1547 4529 idque
1586 4462 1741 4516 nobis
1770 4462 2008 4515 declarat
2051 4465 2239 4517 beatus

2348 2004 2446 2071 τὴν
2474 2003 2637 2055 αὑτοῦ
2662 2004 2844 2057 εἰκόνα
2876 2004 2988 2073 (20)
3020 2004 3520 2076 μεταμορφούμεθα
3543 2006 3650 2059 ἀπὸ
3672 2005 3831 2073 δόξης
3855 2007 3940 2069 είς

2345 2091 2523 2157 δόξαν,
2559 2092 2807 2161 καθάπερ
2838 2092 2947 2145 ἀπὸ
2966 2094 3171 2162 Κυρίου
3206 2095 3546 2165 πνεύματος⁶
3575 2098 3603 2149 6
3634 2097 3691 2149 δὲ
3723 2096 3941 2166 Κύριος

2344 2184 2407 2236 τὸ
2436 2184 2650 2254 πνεῦμά
2671 2187 2816 2237 ἐστιν
2835 2202 2848 2214 ·
2876 2179 2937 2239 οὗ
2962 2185 3017 2238 δὲ
3042 2186 3103 2238 τὸ
3133 2185 3351 2255 πνεῦμα
3377 2189 3606 2259 Κυρίου,
3639 2190 3757 2241 ἐκεῖ
3779 2188 3941 2239 ἐλευ-

2346 2272 2521 2343 θερία.
2546 2271 2696 2343 »Ἆρ’
2725 2271 2818 2327 οὖν
2855 2275 2930 2338 ὡς
2969 2275 3068 2328 οὐκ
3101 2274 3281 2345 ἔχουσι
3308 2276 3573 2339 Γαλάταις
3607 2279 3703 2345 τῆς
3741 2293 3939 2346 σωμα-

2345 2364 2504 2432 τικῆς
2540 2363 2851 2436 ἐλευθερίας
2882 2366 3009 2429 τοὺς
3036 2365 3262 2428 τύπους,
3284 2366 3419 2437 πρὸς
3444 2366 3504 2419 τδ
3529 2368 3593 2420 ἐκ
3618 2369 3938 2436 σπέρματος

2348 2453 2512 2506 Δαὸἰδ
2562 2455 2699 2507 κατὰ
2754 2456 2954 2523 σάρκα,
2986 2456 3054 2507 τὰ
3101 2456 3277 2509 τοιάδε
3333 2457 3533 2527 φησίν·
3576 2458 3823 2512 ἀνωδίνει
3877 2459 3938 2512 δὲ

2347 2545 2567 2611 αὐτοὺς,
2591 2547 2658 2606 ἶν’
2678 2546 3067 2616 ὲγχαράττοιτό
3092 2563 3210 2610 πως
3233 2546 3437 2612 αὐτοῖς,
3461 2551 3554 2603 καὶ
3573 2551 3659 2602 δια
3668 2554 3939 2619 μορφοῖτο

2347 2635 2490 2691 κατὰ
2520 2635 2698 2705 σάρκα
2721 2636 2951 2705 Χριστός
2973 2653 2987 2701 ;
3022 2637 3213 2690 Καίτοι
3245 2638 3360 2700 πῶς
3379 2639 3477 2707 οὐχ
3502 2639 3646 2702 ἅπας
3665 2658 3750 2703 τις
3774 2636 3935 2711 οῐμαι

2347 2729 2443 2782 καὶ
2467 2728 2853 2798 ἀναμφιλόγως
2876 2729 3011 2798 ὲρεῖ,
3036 2729 3393 2799 συμμόρφους
3413 2730 3663 2801 ἀλλήλοις
3685 2732 3937 2794 ἅπαντας

2349 2816 2487 2872 εἶναι
2512 2821 2636 2881 τοὺς
2666 2820 2757 2871 ἐπὶ
2785 2822 2885 2888 τῆς
2909 2820 3032 2889 γῆς,
3049 2820 3144 2872 καὶ
3170 2818 3319 2885 αὑτῷ
3342 2819 3399 2872 δὲ
3421 2819 3500 2889 τῷ
3525 2819 3764 2890 Χριστῷ,
3794 2820 3938 2872 καθὸ

2350 2915 2548 2964 νωῖται
2580 2911 2702 2964 καθ’
2726 2912 2871 2981 ἡμᾶς
2905 2910 3211 2977 ἄνθρωπος,
3245 2909 3530 2980 ἄνθρωπός
3579 2911 3687 2982 [ῑσ.
3717 2912 3931 2981 παρέλ-

2350 3001 2457 3074 κει]
2493 3019 2550 3055 τε
2580 3002 2673 3054 καὶ
2710 3000 2828 3070 μεθ’
2865 3000 3051 3069 ήμῶν;
3100 3000 3234 3053 Ποία
3264 3001 3327 3071 δὴ
3375 2996 3467 3054 οὖν
3497 3003 3554 3054 ἑν
3586 3002 3815 3063 ἐκείνοις
3843 3002 3935 3067 ἑξ-

2348 3096 2529 3165 ῃτεῖτο
2571 3093 2850 3163 μόρφωσις
2878 3092 2910 3159 ἠ
2944 3091 3079 3159 πρός
3108 3106 3170 3159 γε
3201 3093 3467 3161 Χριστόν;
3496 3093 3528 3162 ἢ
3572 3091 3693 3144 τίνα
3727 3092 3937 3161 τρόπον

2350 3185 2510 3253 ἡμεῖς
2551 3182 2659 3235 ἀπὸ
2703 3182 2860 3253 δόξης
2889 3184 2966 3245 εἰς
2994 3182 3151 3245 δόξαν
3188 3182 3723 3253 μεταμορφούμεθα;
3761 3182 3937 3235 Ποίαν

2351 3273 2581 3341 ἀφέντες
2613 3274 2849 3345 μορφὴν,
2884 3273 2962 3335 εἰς
3004 3273 3124 3325 τινα
3164 3272 3752 3342 μεταστοιχειούμεθας
3789 3273 3937 3325 Οὐκ-

2348 3365 2444 3419 οὖν
2472 3364 2770 3418 διδασκέτω
2807 3365 3093 3435 παρελθῶν
3133 3366 3162 3418 6
3195 3365 3337 3429 θεῖος
3374 3367 3520 3437 ἡμᾶς
3548 3364 3932 3435 μυσταγωγὸς.

2348 3458 2377 3509 6
2404 3455 2513 3509 τῶν
2546 3457 2705 3509 θείων
2735 3458 3048 3527 μυστηρίων
3078 3459 3359 3529 ἰερουργός
3381 3476 3394 3490 ·
3428 3460 3457 3511 6
3480 3458 3797 3520 διδάσκαλος
3820 3456 3936 3509 τῶν

2349 3546 2518 3599 ἐθνῶν
2546 3548 2602 3599 ἐν
2624 3546 2804 3601 πίστει
2834 3550 2928 3601 καί
2957 3548 3186 3619 ἀληθείᾳ
3207 3564 3221 3579 ο
3262 3568 3278 3599 ι
3308 3547 3419 3611 Οὓς
3446 3547 3554 3616 γὰρ
3584 3548 3743 3614 ἔγνω,
3766 3546 3929 3615 φησί,

2349 3638 2443 3691 καὶ
2475 3637 2747 3710 προώρισε
2783 3641 3137 3709 συμμόρφους
3175 3641 3273 3709 τῆς
3311 3639 3516 3701 εἰκόνος
3542 3638 3635 3691 τοῦ
3668 3638 3799 3691 Υίοῦ
3826 3640 3930 3692 αὐο

2346 3728 2461 3788 τοῦ,
2492 3728 2707 3792 τούτους
2755 3730 2849 3782 καὶ
2894 3729 3169 3783 ἐκάλεσεν.
3202 3748 3219 3780 ι
3256 3728 3486 3792 Οὐκοῦν,
3515 3728 3589 3791 ὡς
3639 3728 3776 3799 ἔφην
3826 3731 3933 3801 ἁρ-

2346 3818 2497 3881 τίως,
2524 3818 2659 3872 καθὸ
2691 3820 2911 3887 γέγονεν
2938 3820 3239 3891 ἄνθρωπος,
3273 3821 3365 3873 καί.
3395 3815 3462 3890 ἦν
3496 3821 3559 3873 ὲκ
3608 3821 3932 3890 σπέρματος

2360 3909 2629 3980 Ἀϐραὰμ,
2662 3910 2970 3981 σύμμορφοι
3002 3912 3199 3975 πάντες
3225 3912 3391 3981 ἐσμὲν
3420 3912 3566 3981 αὐτῷ
3585 3930 3600 3943 ’
3632 3914 3840 3977 πάντας
3863 3914 3929 3983 δὴ

2344 3995 2437 4053 οὖν
2481 3999 2592 4071 [Ῑσ.
2618 4000 2736 4072 οὓς]
2784 4002 2880 4054 καὶ
2924 4002 3173 4072 προέγνω
3218 4004 3344 4066 τοὺς
3387 4004 3477 4056 ἐπὶ
3525 4003 3627 4072 τῆς
3660 4004 3783 4072 γῆς,
3831 4008 3931 4057 καὶ

2346 4087 2651 4160 προώρίσεν
2678 4092 2706 4143 6
2747 4093 2954 4164 Πατὴρ,
2990 4095 3214 4158 τούτους
3249 4095 3553 4167 κεκληκὼς,
3588 4096 3782 4167 ήγίασε
3829 4098 3930 4149 καὶ

2343 4182 2611 4248 ἐδόξασεν.
2631 4182 2792 4235 Ἀλλὰ
2819 4184 2924 4254 μὴν
2952 4186 3047 4255 οὐχ
3072 4186 3311 4250 ἅπαντες
3337 4186 3757 4257 προωρίσθησαν
3780 4205 3792 4217 ·
3820 4188 3923 4255 οὐχ

2344 4274 2581 4336 ἅπαντες
2612 4275 2976 4344 ἡγιάσθησαν,
3012 4277 3044 4346 ἢ
3082 4277 3484 4348 ἐδοξάσθησανο
3517 4278 3618 4330 οὐκ
3666 4279 3771 4346 ἄρα
3822 4278 3928 4346 τῆς

2343 4366 2479 4434 πρὸς
2514 4366 2637 4419 Υίὸν
2682 4367 3028 4436 συμμορφίας
3074 4367 3135 4420 τὸ
3186 4370 3394 4438 χρῆμα,
3431 4368 3571 4421 κατὰ
3632 4369 3801 4437 μόνην
3857 4369 3928 4421 ἂν

2342 4459 2513 4508 νοοῖτο
2542 4455 2637 4525 τὴν
2668 4456 2765 4525 τῆς
2798 4457 2999 4527 σαρκὸς
3030 4458 3212 4525 φύσιν,
3249 4460 3415 4527 ἡγουν
3439 4459 3536 4528 τῆς
3567 4458 3927 4527 ἁνθρωπότηο

654 4548 852 4604 Paulus
883 4563 1003 4603 cum
1038 4549 1216 4603 dixit:
1249 4567 1267 4601 ι
1305 4549 1371 4604 Ει
1398 4551 1539 4605 sicut
1573 4553 1911 4620 portavimus
1944 4554 2233 4621 imaginem

2346 4563 2453 4609 τος,
2485 4546 2617 4598 ἀλλὰ
2669 4547 2763 4599 καί⁸
2814 4548 2934 4601 καθ’
2966 4548 3153 4618 ἕτερον
3191 4550 3415 4620 τρόπον’
3469 4551 3562 4603 καί
3605 4550 3763 4603 τοῦτο
3789 4552 3927 4619 ἡμῖν

656 4643 875 4706 terreni,
905 4651 1181 4710 portemus
1209 4652 1261 4695 et
1288 4644 1579 4710 imaginem
1610 4645 1847 4699 cmlestis
1883 4646 1958 4711 ";
1991 4665 2008 4699 ι
2035 4647 2233 4705 terreni

652 4728 901 4784 videlicet
929 4731 1217 4798 imaginem
1252 4729 1395 4782 illam
1434 4730 1591 4797 primi
1626 4732 1869 4798 parentis
1903 4732 2094 4795 Adam,
2120 4744 2233 4784 cte-

654 4822 807 4878 lestis
836 4832 1035 4885 autem,
1070 4822 1213 4875 illam
1244 4822 1444 4877 Christi
1484 4824 1813 4893 intelligens.
1860 4823 2119 4891 Qumnam
2150 4834 2234 4877 est

654 4917 816 4983 igitur
846 4914 993 4983 prior
1023 4914 1109 4968 illa
1147 4913 1305 4979 primi
1337 4913 1577 4982 parentis
1608 4914 1826 4983 imago?
1858 4916 2111 4969 nimirum
2148 4915 2231 4967 fa~

655 5006 831 5063 cilitas
873 5004 957 5057 illa
1002 5004 1067 5058 ad
1108 5004 1465 5072 peccandum,
1515 5004 1618 5058 hoc
1651 5006 1822 5071 ipsum
1874 5006 2013 5075 quod
2070 5006 2231 5059 morti

653 5097 1094 5165 rorrttptionique
1118 5110 1304 5149 surnus
1330 5094 1570 5149 obnoxii.
1601 5096 1729 5160 Qua:
1764 5112 1951 5151 rursus
1983 5096 2069 5150 illa
2111 5110 2227 5149 co:-

656 5186 843 5241 iestis?
865 5187 1008 5240 nullo
1023 5186 1180 5240 modo
1195 5186 1387 5239 cedere
1404 5186 1569 5249 vitiis,
1592 5202 1698 5239 non
1720 5201 1880 5241 nosse
1898 5187 2229 5257 delinquere,

656 5293 762 5330 non
787 5290 909 5331 esse
934 5276 1091 5333 morti
1120 5286 1177 5331 et
1198 5277 1529 5344 corruptioni
1563 5277 1895 5345 subjectum,
1925 5278 2231 5331 sanctifica-

727 5450 769 5480 “
806 5448 936 5503 Ibid.
970 5450 1053 5505 i9.
1133 5450 1174 5480 ”
1207 5448 1245 5502 11
1282 5451 1404 5505 (lor.
1436 5467 1518 5514 ιιι,
1550 5452 1635 5511 17,
1667 5451 1751 5503 18.

2344 4639 2641 4708 παρίστησι
2666 4640 2839 4706 λέγων
2869 4642 2897 4693 6
2929 4642 3197 4711 μακάριος
3240 4642 3450 4701 Παῦλος
3472 4658 3485 4671 ’
3540 4661 3557 4689 ο
3581 4642 3694 4695 Καὶ
3737 4643 3925 4706 καθὼς

2343 4727 2577 4795 ὲφορέσα
2586 4745 2683 4796 μεν
2706 4730 2803 4799 τὴν
2828 4728 3010 4780 εἰκόνα
3030 4728 3126 4781 τοῦ
3152 4730 3356 4798 χοϊκοῦ,
3379 4730 3680 4801 φορὲσομεν
3707 4732 3800 4783 καὶ
3822 4732 3925 4800 τὴν

2342 4818 2525 4869 εἰκόνα
2573 4818 2666 4870 τοῦ
2702 4820 3047 4887 ἐπουρανίου.
3082 4839 3098 4869 ι
3132 4820 3331 4873 Χοῖκοῦ
3369 4821 3468 4891 μὲν
3496 4820 3670 4886 λέγων
3711 4822 3918 4882 εἰκόνα,

2340 4908 2439 4976 τὴν
2469 4906 2560 4960 τοῦ
2603 4907 2943 4975 προπάτορος
2981 4907 3150 4977 ’Δδάμ
3172 4924 3185 4938 ⁸
3220 4910 3538 4980 ἐπουρανίου
3573 4925 3636 4976 γε
3667 4908 3795 4979 μὴν,
3822 4909 3925 4980 τὴν

2340 5000 2433 5052 τοῦ
2464 4998 2720 5069 Χριστοῦ.
2752 4998 2847 5059 Τίς
2878 4993 2972 5051 οῦν
3003 5000 3191 5070 πρώτη
3224 5001 3316 5053 τοῦ
3348 5000 3690 5069 προπάτορος
3718 5001 3921 5066 εἰκών;

2342 5091 2400 5143 τὸ
2426 5090 2743 5158 εὐπόριστον
2768 5092 2846 5152 εἰς
2872 5091 3171 5160 ἁμαρτίαν,
3201 5091 3260 5143 τὸ
3281 5090 3385 5143 ὑπὸ
3408 5090 3634 5143 θάνατον
3663 5092 3923 5157 γενέσθαι

2343 5181 2435 5232 καὶ
2464 5180 2687 5250 φθοράν.
2718 5180 2851 5231 Ποία
2872 5181 2925 5233 δὲ
2958 5181 3116 5233 πάλιν
3147 5182 3179 5249 ἡ
3203 5180 3293 5233 τοῦ
3320 5180 3676 5249 ὶπουρανίους
3705 5180 3766 5232 τὺ
3791 5198 3893 5233 κατ
3911 5184 3925 5202 ‘

2342 5272 2531 5325 οὐδένα
2560 5272 2755 5341 τρόπον
2782 5271 3044 5341 ἡττᾶσθαι
3070 5270 3254 5323 παθῶν
3274 5287 3287 5301 σ
3312 5270 3372 5323 τὸ
3414 5270 3489 5340 μὴ
3510 5270 3709 5322 εἰδέναι
3734 5271 3923 5341 πλημ-

1832 5453 1875 5481 ¹⁸
1904 5450 2058 5503 Rom.
2088 5466 2202 5513 vm,
2228 5449 2314 5504 ‘29.
2398 5452 2439 5482 ι’
2469 5449 2484 5501 1
2516 5449 2641 5503 Cor.
2678 5466 2765 5509 xv,
2795 5449 2883 5505 4').

1920 5603 2076 5659 ANT.
2120 5605 2387 5659 AGELLII
2430 5604 2657 5660 ΝΟΤΈ.

731 5736 841 5809 (9.0)
869 5736 1037 5809 Codd.
1072 5739 1180 5791 fere
1204 5740 1371 5793 (ἐντιεοὶ
1404 5740 1529 5791 Novi
1558 5740 1882 5795 Testameuti
1908 5740 2125 5799 habent,
2147 5742 2243 5809 τὴν

663 5806 836 5875 αὐτὴν
860 5808 1043 5861 εἰκόνα
1076 5810 1591 5877 μεταμορφούμεθα,
1623 5828 1726 5877 quo
1756 5812 1910 5865 modo
1945 5812 2103 5865 habet
2136 5806 2233 5862 La-

2351 5742 2459 5791 tina
2510 5739 2906 5807 interpretatio,
2958 5739 3010 5791 in
3043 5740 3275 5792 eumdem
3328 5738 3607 5807 imaginem
3654 5740 3923 5806 transfor-

2346 5827 2567 5861 tttnutm'.
