4112 6488
144 426 226 480 1‘39
1335 436 1696 492 ADVERSUS
1737 434 2136 493 NESTORIUM
2181 438 2307 493 LIB.
2352 438 2440 494 Ill.
3396 440 3498 492 130

148 547 352 613 μελεῖν·
416 550 492 602 τὸ
564 553 659 623 μὴ
725 556 1062 610 ὑποκεῖσθαι
1113 557 1325 627 Θανάτῳ
1377 559 1471 610 xui.
1517 558 1725 627 φθορᾷ·
1779 561 1804 609 ὁ

1913 558 2008 621 tio,
2050 558 2289 626 justitia,
2320 571 2375 613 et
2422 559 2507 614 his
2540 559 2717 613 allinia
2766 567 2927 628 alque
2976 558 3193 613 similia.
3232 558 3337 612 Sed
3384 562 3497 611 han:

151 638 444 706 ἁγιασμὸς,
495 643 539 710 ἡ
571 643 936 715 δικαιοσύνη
964 662 975 675 ·
1012 648 1103 698 καὶ
1135 648 1232 699 ὅσα
1262 646 1470 709 τούτοις
1500 646 1705 713 ἀδελφὰ
1746 663 1802 697 τε

1913 660 2027 699 mea
2061 647 2331 699 sententia
2365 646 2665 714 possidere,
2708 648 2902 701 divinae
2934 648 3183 701 convenit
3218 646 3498 699 immorta-

155 731 238 782 καὶ
266 732 705 802 παραπλήσια.
730 737 905 800 Ἀλλ’,
935 735 1105 807 οἶμαι,
1124 739 1277 791 ταυτὶ
1302 738 1577 808 πρέποιᾶν
1594 740 1659 807 τῇ
1688 738 1806 806 θείᾳ

1910 734 2054 802 lique
2092 744 2296 789 natura:
2342 752 2356 789 :
2400 745 2482 789 est
2504 736 2651 789 enim
2688 736 2773 789 illa
2829 746 3051 805 peccato
3098 746 3263 802 atque
3305 750 3498 788 corru-

164 841 218 876 τε
265 827 359 877 xui
396 826 709 899 ἀκηρὰτῳ
747 828 1146 898 διακεκτῆσθαι
1182 830 1362 897 φύσει,
1403 830 1664 897 Κρεῖττον
1696 829 1805 898 γάρ

1910 827 2092 893 ptione
2116 828 2384 896 superior,
2410 828 2770 883 sanctificatio
2796 829 2923 882 item
2948 838 2998 883 et
3016 828 3251 895 iustitia.
3275 827 3357 881 Ad
3382 828 3496 881 Ιιιιξσ

175 919 282 970 ἐστι
306 918 406 970 xui
438 919 758 989 ἁμαρτίας
791 920 887 972 xui
918 920 1142 988 φθορᾶς,
1176 919 1447 987 ἁγιασμὸς
1476 918 1571 970 xui
1596 918 1803 970 δικαιο-

188 1008 669 1080 σύνη.’Ᾱνα;ρέρει
711 1011 773 1063 δὲ
826 1011 919 1062 xui
969 1011 1113 1079 ἡμᾶς
1152 1011 1210 1063 ἐν
1244 1008 1455 1071 τούτοις
1500 1009 1529 1059 6
1571 1008 1634 1060 ἐκ
1669 1008 1803 1061 Θεοῦ

196 1102 398 1173 [ἰατρὸς
434 1100 644 1169 Λόγος,
684 1105 788 1172 τῆς
838 1102 985 1165 θείας
1034 1102 1229 1155 ἐαυτοῦ
1260 1102 1474 1170 φύσεως
1516 1104 1807 1165 κοινωνοὺς

203 1193 513 1260 ἀποφαίνων
540 1194 637 1247 διὰ
670 1192 770 1246 τοῦ
806 1193 1116 1263 πνεύματος
1140 1208 1153 1222 ·
1192 1193 1305 1262 ἔχει
1334 1195 1515 1246 τοίνυν
1546 1193 1806 1261 ἀδελφοὺς

204 1285 444 1345 ἐοικότας
483 1284 668 1353 αὐτῷ,
699 1284 797 1337 xui
822 1284 921 1354 τῆς
944 1282 1094 1347 θείας
1125 1285 1290 1338 αὑτοῦ
1334 1284 1550 1354 φύσεως
1580 1284 1806 1354 φοροῦν-

205 1393 299 1437 τας
326 1376 538 1441 εἰκόνα,
574 1375 725 1429 κατὰ
760 1392 824 1443 γε
854 1376 945 1428 τὸν
976 1375 1071 1427 τοῦ
1106 1376 1369 1444 ἡγιάσθαι
1394 1378 1597 1446 τρόπον
1618 1394 1632 1408 ο
1665 1376 1808 1430 οὕτω

203 1467 311 1535 γὰρ
360 1467 420 1517 ἐν
471 1468 611 1535 ἡμῖν
655 1464 961 1535 μορφοῦται
995 1467 1229 1537 Χριστὸς
1274 1466 1806 1536 μεταστοιχειοῦντος

202 1558 395 1627 ὥσπερ
437 1560 591 1628 ἡμᾶς
626 1556 717 1610 τοῦ
749 1557 908 1624 ἁγίου
942 1556 1258 1625 Πνεύματος
1286 1559 1349 1609 ἐκ
1388 1557 1496 1609 τῶν
1526 1556 1805 1627 ἀνθρωπί-

202 1668 310 1699 νων
343 1652 426 1711 εἰς
454 1650 524 1701 τὰ
552 1648 748 1701 αὐτοῦ.
784 1648 966 1717 Ταύτῃ
993 1665 1074 1701 τοι
1104 1649 1196 1701 xui
1226 1648 1361 1719 πρὸς
1388 1650 1534 1718 ἡμᾶς
1572 1648 1599 1699 6
1628 1648 1807 1717 μακὰ-

208 1756 324 1808 ριος
361 1739 469 1807 ἔφη
509 1738 725 1801 Παῦλος
750 1756 764 1769 ·
825 1758 841 1789 ι
865 1739 1053 1809 Ὑμεῖς
1078 1739 1157 1805 δέ,
1192 1738 1294 1793 ούκ
1338 1740 1463 1792 ἐστέ
1510 1740 1569 1792 ἐν
1621 1740 1804 1808 σαρκὶ,

203 1831 321 1882 ἀλλ’
354 1832 416 1882 ἐν
471 1830 765 1899 πνεύματι.
802 1848 819 1879 ι
859 1827 1072 1883 Οὐκοῦν
1127 1829 1411 1907 μεθίστησι
1460 1829 1557 1899 μὲν
1605 1833 1633 1882 6
1681 1830 1807 1892 Υίὸς

1908 928 2089 969 autem
2157 933 2256 972 nos
2323 919 2429 988 72
2483 919 2646 973 etiam
2691 919 2890 972 attollit
2955 920 3128 985 ipsum
3180 918 3276 973 Dei
3325 918 3500 974 Patris

1912 1006 2165 1070 Verbum,
2194 1011 2320 1062 dum
2353 1025 2462 1064 suae
2492 1008 2688 1063 divina:
2726 1021 2933 1064 natura:
2961 1026 3056 1081 per
3082 1010 3330 1079 spiritum
3370 1025 3497 1080 par-

1913 1098 2107 1167 ticipes
2146 1098 2311 1154 efficit
2349 1117 2361 1153 :
2412 1100 2573 1154 habet
2605 1114 2735 1171 ergo
2778 1101 2975 1155 fratres
3019 1100 3121 1156 sibi
3167 1102 3395 1166 similes,
3442 1110 3498 1155 et

1906 1190 2102 1244 divinae
2145 1206 2259 1247 suae
2307 1204 2513 1247 natura:
2558 1205 2840 1263 portantes
2885 1194 3197 1264 imaginem,
3250 1196 3393 1264 quod
3429 1196 3496 1248 ad

1907 1283 2356 1339 sanctificatioais
2388 1286 2602 1339 modum
2624 1287 2840 1340 attinet.
2875 1284 2964 1341 Sic
2990 1300 3221 1354 namque
3250 1286 3498 1341 Christus

1908 1375 2176 1430 formatur
2206 1377 2257 1430 in
2293 1377 2447 1430 nobis
2477 1377 2605 1431 dum
2641 1377 2880 1445 Spiritus
2916 1388 3138 1432 sanctus
3170 1393 3269 1433 nos
3299 1379 3365 1432 ab
3394 1378 3497 1432 hu-

1908 1466 2083 1521 manis
2129 1467 2195 1520 ad
2246 1482 2342 1521 sua
2388 1468 2605 1537 propria
2657 1468 3053 1537 quodammodo
3122 1468 3491 1523 transformat.

1908 1555 2019 1610 Hac
2045 1558 2255 1612 ratione
2283 1573 2378 1612 nos
2409 1573 2623 1627 quoque
2650 1560 2839 1613 beatus
2861 1558 3061 1613 Paulus
3079 1568 3161 1614 est
3189 1559 3493 1613 allocutus:

1913 1667 1931 1699 ι
1973 1648 2078 1702 Vos
2109 1660 2288 1703 autem
2323 1665 2426 1703 non
2449 1651 2585 1704 estis
2615 1651 2667 1704 in
2698 1665 2881 1715 carne,
2927 1650 3019 1705 sed
3053 1651 3102 1705 in
3136 1652 3328 1719 spiritu
3364 1652 3427 1705 ’°.
3470 1668 3490 1703 ι

1907 1738 2051 1795 Nihil
2084 1756 2213 1810 ergo
2236 1756 2461 1810 prorsus
2483 1756 2514 1796 e
2539 1744 2741 1797 creatis
2765 1742 2928 1797 rebus
2956 1744 3022 1796 ad
3054 1758 3166 1797 suae
3195 1744 3494 1798 divinitatis

1908 1840 2156 1884 naturam
2198 1832 2367 1886 Filius
2400 1832 2681 1897 transfert,
2717 1833 2769 1888 id
2813 1834 2957 1888 enim
2993 1843 3076 1889 est
3122 1834 3490 1901 impossibile;

202 1920 359 1972 οὐδὲν
395 1920 725 1988 τοπαράπαν
756 1918 865 1971 τῶν
890 1919 1275 1989 πεποιημένων
1307 1921 1387 1980 είς
1417 1918 1515 1987 τὴν
1543 1919 1640 1989 τῆς
1670 1920 1805 1981 ἰδίας

1909 1918 1999 1971 sed
2036 1920 2365 1987 imprimitur
2398 1922 2795 1988 quodammodo
2828 1922 2879 1975 in
2920 1922 3003 1976 his
3034 1923 3126 1992 qui
3155 1924 3348 1978 divina:
3378 1924 3493 1993 ejus

204 2009 468 2079 θεότητος
493 2010 657 2076 φύσιν
677 2027 690 2039 ο
718 2010 999 2078 ἀμήχανον
1021 2009 1129 2079 γάρ
1151 2024 1164 2038 ·
1189 2008 1574 2078 ἐνσημαίνεται
1604 2009 1662 2063 δέ
1687 2027 1803 2072 πως

202 2104 316 2162 τοῖς
354 2100 457 2169 τῆς
487 2098 636 2163 θείας
664 2098 881 2168 φύσεως
910 2099 1076 2153 αὐτοῦ
1105 2100 1354 2168 γεγονόσι
1381 2103 1681 2163 κοινωνοῖς,
1716 2099 1803 2152 διὰ

204 2191 302 2245 τοῦ
335 2195 629 2262 μετασχεῖν
659 2193 819 2259 ἁγίου
847 2191 985 2245 Πνεύ
996 2209 1186 2262 ματος,
1216 2194 1248 2261 ὴ
1282 2191 1417 2262 πρὸς
1442 2192 1603 2245 αὑτὸν
1636 2193 1804 2262 ἐμφέ-

208 2302 330 2353 ρεια
353 2285 546 2354 νοητὴ,
567 2287 659 2337 xu“.
682 2284 743 2337 τὸ
770 2286 866 2353 τῆς
889 2285 1129 2354 ἀρρήτου
1162 2282 1415 2353 θεότητος
1444 2283 1661 2346 κάλλος,
1684 2286 1805 2345 ταῖς

203 2374 314 2427 τῶν
365 2375 544 2441 ἁγίων
598 2375 962 2444 ἐναστρὰπτει
1010 2373 1241 2443 ψυχαῖς⁸
1297 2371 1349 2423 τί
1401 2372 1578 2424 τοίνυν
1626 2376 1759 2441 ἡμῖν
1786 2415 1798 2438 ,

204 2468 424 2536 γυμνήν
447 2482 508 2517 τε
539 2466 628 2517 xui
662 2464 833 2534 μόνην
865 2464 962 2532 τῆς
993 2464 1194 2533 σαρκὸς
1218 2462 1316 2532 τὴν
1345 2461 1644 2532 ἐμφέρειαν
1671 2464 1803 2514 ἁπο-

206 2561 412 2628 νέμων,
441 2558 545 2610 οὐκ
572 2555 849 2627 ἐρυθριᾷς,
879 2554 977 2623 τῆς
1020 2553 1169 2615 θείας
1211 2568 1272 2604 τε
1318 2551 1413 2603 xui
1442 2551 1637 2622 νοητῆς
1668 2568 1800 2623 μορε

206 2649 437 2713 φώσεως
469 2641 890 2714 κατημεληκὼς,
924 2640 1124 2710 μᾶλλον
1161 2639 1218 2692 δὲ
1246 2641 1338 2692 καὶ
1371 2640 1606 2694 είσὰπαν
1630 2642 1801 2710 αὐτὴν

204 2737 475 2808 ἀναιρῶν;
524 2734 661 2787 Ἀλλ’
695 2735 724 2786 6
757 2732 856 2801 μὲν
886 2725 992 2784 τῶν
1018 2730 1156 2784 ὅλων
1187 2730 1393 2803 Κύριος
1419 2733 1513 2786 xui.
1543 2732 1675 2795 Θεὸς
1707 2751 1802 2803 μο-

205 2826 452 2895 νογενὴς,
497 2823 738 2893 καθῆκεν
784 2822 975 2875 ἐαυτὸν
1023 2823 1103 2884 εἰς
1151 2821 1379 2876 κένωσιν
1424 2822 1491 2876 δι’
1518 2825 1685 2893 ἡμᾶς,
1718 2826 1801 2877 ἵνα

202 2920 333 2987 ἡμῖν
354 2916 655 2985 χαρίσηται
677 2914 777 2984 τῆς
802 2914 938 2982 πρὸς
960 2914 1127 2966 αὑτὸν
1153 2913 1516 2985 ἀδελφότητος
1540 2916 1599 2967 τὸ
1635 2916 1799 2982 ἀξίω-

208 3026 301 3077 μα,
335 3007 436 3060 xui.
472 3005 576 3075 τῆς
610 3006 838 3075 ἐνούσης
880 3004 1029 3074 αύτῷ
1074 3005 1355 3073 εὐγενείας
1387 3007 1448 3059 τὸ
1479 3004 1800 3078 ἀξιέραστον

206 3100 432 3162 κάλλος’
475 3100 506 3151 6
535 3098 591 3152 δὲ
628 3099 884 3151 ἁπάντων
915 3098 1061 3167 ἡμᾶς
1085 3097 1192 3150 τῶν
1227 3097 1527 3152 καλλίστων
1570 3103 1800 3154 ἀποστε-

208 3190 333 3261 ρῶν,
357 3189 655 3261 ἄνθρωπον
677 3190 810 3258 ἡμῖν
833 3186 1019 3249 ἁπλῶς
1039 3186 1266 3255 ἀδελφὸν
1290 3188 1618 3257 γεγενῆσθαί
1642 3206 1793 3259 φησι,

204 3253 296 3335 καὶ
325 3253 523 3335 πιστὸν
569 3280 647 3342 ὡς
692 3253 886 3340 οίεται,
915 3278 1006 3329 τὸν
1050 3276 1107 3329 ἐν
1153 3253 1215 3344 γε
1249 3253 1459 3340 τούτοις
1480 3253 1625 3347 ⁷ἡμῖν
1655 3253 1796 3331 uico;
1825 3253 1866 3308 θ

206 3374 384 3439 φαίνει
414 3372 580 3438 λόγον
604 3370 916 3440 προστιθείς
937 3385 949 3399 ο
977 3370 1174 3422 Σκόπει
1197 3370 1290 3422 xui
1311 3370 1371 3422 16
1397 3370 1607 3433 τούτοις
1638 3370 1799 3435 εὐθὺς

206 3464 637 3532 συναπτόμενον,
696 3461 847 3513 «Ἵνα
886 3461 1134 3532 ἐλεήμων
1186 3460 1409 3531 γένηται
1458 3462 1553 3515 xui
1609 3464 1800 3526 πιστὸς

213 3555 534 3625 Ἀρχιερεὺς
578 3551 647 3603 τὰ
690 3552 829 3622 πρὸς
859 3552 949 3604 τὸν
983 3552 1144 3606 Θεόν·
1193 3553 1251 3603 ἐν
1286 3546 1331 3620 ᾧ
1374 3553 1483 3624 γὰρ
1532 3554 1800 3609 πέπονθεν

200 3649 362 3710 αὐτὸς
388 3644 735 3716 πειρασθεὶς,
770 3644 995 3699 δύναται
1018 3648 1131 3709 τοῖς
1160 3645 1575 3716 πειραζομένοις
1602 3647 1798 3718 βοηθῆ-

201 3757 309 3794 σαι.
345 3758 363 3790 ι
404 3737 622 3791 Οὐκοῦν
643 3739 670 3789 6
699 3736 885 3789 παθὼν
919 3737 1211 3808 ἀρχιερεὺς
1246 3737 1524 3807 ἐλεήμωνο
1554 3738 1796 3806 παθητὸς

198 3833 251 3884 δὲ
284 3835 311 3885 6
344 3830 499 3894 ναὸς,
533 3830 631 3898 οὐχ
669 3830 697 3880 6
731 3828 994 3891 ζωοποιὸς
1021 3826 1114 3880 τοῦ
1150 3828 1479 3891 πεπονθότος
1507 3828 1793 3892 Θεός.”οτι

202 3926 300 3994 μὲν
326 3921 424 3979 οὖν
448 3918 555 3976 ὧδὲ
581 3940 640 3975 τε
677 3926 897 3994 φρονεῖν
922 3924 1219 3993 ᾑρημένος,
1242 3925 1337 3977 xui
1364 3925 1470 3995 μὴν
1491 3915 1592 3979 καὶ
1617 3925 1796 3992 λέγειν

198 4016 551 4083 ἀποτολμῶν,
585 4013 961 4082 ἀποδιϊστησιν
1013 4012 1174 4066 πάλιν
1223 4015 1300 4076 εἷς
1360 4032 1419 4068 τε
1469 4016 1798 4078 ὑποστάσεις

202 4107 399 4170 ίδικάς,
432 4105 531 4158 xui
564 4107 673 4176 μὴν
714 4106 808 4158 xui.
851 4104 1117 4174 πρόσωπα
1165 4104 1277 4166 δύο,
1311 4106 1403 4157 τόν
1448 4122 1505 4157 τε
1552 4107 1616 4158 ἐκ
1662 4104 1795 4157 Θεοῦ

201 4198 419 4268 Πατρὸς
445 4198 642 4264 Λόγον,
676 4197 770 4250 xui
793 4196 851 4248 6v
868 4197 998 4265 ἡμῖν
1024 4194 1185 4258 αὐτὸς
1214 4196 1415 4265 ἀρτίως
1438 4194 1512 4258 ὡς
1541 4196 1796 4265 θεοφόρον

199 4290 557 4358 εἰσκεκόμικε
583 4287 890 4358 ἄνθρωπον,
915 4287 1073 4358 εἴπερ
1098 4289 1250 4341 ἐστὶν
1274 4287 1458 4359 ἕτερός
1490 4304 1548 4341 τε
1579 4289 1672 4341 καὶ
1693 4288 1797 4340 ἁνά

202 4381 369 4451 μέρος
403 4383 433 4434 ό
475 4378 689 4442 παθὼν,
721 4380 815 4431 xui
851 4378 1039 4448 ἔτερος
1084 4381 1112 4432 6
1164 4378 1447 4442 ζωοποιὸς,
1495 4379 1794 4432 ἐνδοιάσειν

200 4466 355 4538 οἶμαι
409 4467 693 4531 παντελῶς
725 4467 933 4520 οὐδένα.
968 4468 1277 4540 Παραπαίει
1319 4468 1376 4522 δέ
1423 4469 1514 4521 xui
1566 4470 1791 4539 ἑτέρως,

1911 2017 2118 2061 naturae
2150 2018 2278 2062 sunt
2314 2010 2436 2063 facti
2475 2011 2767 2077 participes
2796 2012 2860 2074 ",
2898 2013 3024 2064 dum
3053 2011 3287 2082 Spiritus
3317 2016 3490 2068 sancti

1908 2108 2194 2152 consortes
2248 2100 2406 2163 fiunt,
2461 2100 2550 2153 illa
2583 2101 2843 2169 spiritalis
2891 2100 3007 2170 ejus
3058 2102 3380 2171 similitudo,
3438 2117 3493 2160 et

1908 2187 2195 2245 ineli‘abilis
2220 2190 2307 2245 illa
2339 2191 2645 2246 divinitatis
2674 2194 2880 2261 Species
2914 2194 2967 2248 in
3003 2207 3315 2251 sanctorum
3351 2198 3495 2253 viro-

1909 2295 2026 2333 rum
2057 2280 2253 2334 animis
2274 2279 2460 2351 fulget.
2490 2280 2599 2335 Cur
2631 2282 2797 2351 igitur
2826 2287 3023 2338 nudam
3060 2285 3218 2341 nobis
3238 2302 3301 2343 ac
3322 2289 3495 2343 solam

1906 2371 2084 2424 carnis
2120 2370 2533 2426 similitudinem
2568 2373 2808 2429 tribuere
2852 2389 2957 2428 non
2989 2376 3284 2443 erubescis,
3313 2379 3491 2434 divina

1906 2475 1967 2513 ac
2014 2462 2241 2529 spiritali
2285 2462 2610 2533 eﬂigiatione
2673 2468 2940 2537 neglecta,
3004 2470 3113 2526 imo
3162 2486 3288 2527 vero
3328 2475 3491 2529 etiam

1904 2554 2127 2607 omnino
2175 2554 2425 2609 sublata?
2476 2558 2651 2626 Atque
2702 2560 2790 2613 ille
2845 2561 3061 2629 quidem
3115 2564 3490 2620 universorum

1907 2643 2167 2698 Dominus
2213 2653 2268 2699 et
2309 2643 2454 2700 Deus
2502 2648 2839 2718 unigenitus,
2883 2653 3232 2723 semetipsum
3277 2668 3497 2726 propter

1907 2752 2003 2791 nos
2036 2738 2101 2789 ad
2135 2738 2561 2793 exinanitionem
2592 2740 2829 2805 demisit,
2856 2750 2914 2796 ut
2950 2744 3107 2799 nobis
3131 2744 3495 2804 fraternitatis

1904 2843 2016 2882 sum
2057 2830 2401 2898 dignitatem,
2438 2841 2491 2885 et
2537 2832 2715 2887 insita:
2760 2834 2861 2889 sibi
2905 2836 3205 2891 nobilitatis
3232 2848 3495 2908 exoptan-

1904 2921 2025 2975 dam
2064 2921 2521 2991 pulchritudinem
2565 2922 2857 2993 largiretur
2894 2943 2907 2979 :
2948 2926 3037 2981 hic
3084 2941 3214 2981 vero
3241 2929 3495 2986 omnibus

1904 3029 2003 3068 nos
2035 3014 2197 3069 rebus
2242 3014 2676 3083 praeclarissimis
2718 3016 2974 3086 spolians,
3022 3019 3296 3074 hominem
3341 3023 3495 3077 nobis

1902 3104 2203 3173 simplicem
2238 3104 2436 3159 factum
2460 3121 2581 3161 esse
2610 3106 2835 3162 fratrem
2865 3108 3020 3177 dicit,
3047 3118 3102 3163 et
3122 3109 3223 3165 fide
3250 3112 3491 3182 dignam,

1902 3204 1961 3248 ut
2010 3196 2124 3264 ipse
2166 3203 2338 3264 putat,
2388 3196 2473 3251 his
2508 3197 2574 3251 de
2629 3199 2791 3253 rebus
2842 3200 3109 3255 rationem
3158 3204 3489 3270 pronuntiat,

1900 3286 2102 3339 addens
2139 3304 2150 3339 :
2190 3285 2326 3340 Vide
2352 3288 2515 3341 etiam
2543 3289 2685 3356 quod
2711 3290 2855 3344 illico
2885 3290 2968 3347 his
3006 3293 3337 3362 adjungitnr,
3364 3314 3383 3347 ι
3413 3297 3483 3351 Ut

1901 3376 2209 3432 misericors
2238 3376 2474 3441 fieret,et
2505 3378 2679 3434 fidelis
2703 3379 2951 3436 Pontifex
2988 3387 3055 3437 ad
3093 3385 3259 3439 Deum
3298 3404 3311 3440 :
3347 3387 3399 3441 in
3427 3403 3493 3442 eo

1899 3467 2043 3521 enim
2086 3469 2139 3521 in
2186 3484 2293 3538 quo
2342 3484 2534 3538 passus
2567 3481 2651 3528 est
2698 3473 2812 3543 ipse
2860 3483 3118 3540 tentatus,
3173 3487 3363 3544 potens
3409 3491 3493 3533 est

1899 3567 1954 3612 et
1972 3559 2050 3614 eis
2070 3561 2162 3628 qui
2184 3568 2482 3628 tentantur,
2512 3564 2765 3619 auxiliari
2789 3567 2854 3620 ".
2886 3585 2905 3618 ι
2932 3565 3074 3637 Ergo
3105 3568 3150 3624 is
3176 3569 3269 3637 qui
3298 3584 3491 3639 passus

1898 3660 2001 3717 est,
2056 3651 2308 3707 Pontifex
2358 3663 2440 3708 est
2490 3653 2579 3708 ille
2628 3656 2939 3712 misericors
2988 3659 3259 3726 :patibile
3310 3669 3488 3714 autem

1899 3741 2075 3811 ipsum
2116 3743 2370 3812 templum
2426 3757 2531 3809 εει,
2584 3761 2689 3800 non
2738 3746 2882 3803 Deus
2928 3749 3018 3819 qui
3069 3749 3385 3805 vivificabat
3436 3753 3491 3806 id

1899 3834 2040 3900 quod
2078 3834 2407 3902 patiebatur.
2446 3835 2615 3904 Igitur
2646 3838 2730 3891 cui
2764 3839 2845 3893 sic
2879 3841 3083 3895 sentire
3121 3841 3287 3896 libeat
3329 3854 3494 3912 atque

1899 3924 2060 3977 etiam
2089 3926 2269 3978 dicere
2295 3926 2512 3988 audeat,
2543 3928 2675 3995 quin
2716 3944 2904 3984 rursus
2931 3931 2981 3984 in
3011 3932 3330 4001 hypostases
3360 3950 3489 4004 pro-

1899 4016 2065 4081 prias,
2102 4025 2266 4084 atque
2296 4016 2459 4071 etiam
2486 4018 2537 4071 in
2565 4018 2699 4073 duas
2733 4035 2993 4087 personas
3026 4023 3230 4077 dividat
3263 4025 3388 4080 illud
3419 4041 3487 4081 es

1901 4105 2009 4160 Deo
2044 4106 2202 4159 Patre
2237 4107 2498 4175 Verbum,
2529 4121 2583 4164 et
2630 4110 2776 4163 illum
2807 4128 2967 4179 quem
3013 4115 3168 4169 nobis
3199 4116 3398 4171 dudum
3432 4129 3489 4170 ut

1900 4189 2159 4250 deiferum
2191 4197 2465 4253 hominem
2508 4201 2712 4255 induxit
2763 4201 3068 4273 (siquidem
3118 4207 3364 4263 diversus
3405 4220 3488 4264 εει

1900 4296 1955 4341 et
1984 4288 2265 4356 sejunctus
2299 4289 2347 4344 is
2391 4291 2480 4358 qui
2527 4283 2719 4360 passus
2741 4302 2844 4356 est,
2877 4294 2944 4349 ab
2969 4310 3033 4349 eo
3064 4298 3152 4364 qui
3190 4298 3485 4369 vivificat),

1899 4379 1987 4447 qui
2024 4380 2260 4449 ambigat
2293 4382 2565 4435 neminem
2603 4398 2825 4452 prorsus
2858 4385 2974 4440 fore
3005 4387 3261 4442 arbitror.
3296 4389 3401 4444 Sed
3432 4402 3485 4445 et

1897 4471 2001 4523 alia
2043 4486 2256 4540 quoque
2291 4475 2499 4528 ratione
2541 4475 2760 4538 insanit,
2806 4477 2998 4531 hansm
3027 4493 3093 4533 ex
3125 4480 3276 4535 vinea
3315 4482 3486 4537 Sodo-

200 4561 291 4613 τὸν
323 4556 387 4624 ἐξ
412 4557 665 4629 ἀμπέλου
696 4556 946 4628 ὶὴδόμων
974 4553 1115 4612 οἶνον
1158 4558 1519 4621 ἐκπεπωκὼς,
1552 4559 1646 4612 xui
1694 4576 1792 4613 xu-

1902 4577 2108 4615 morum
2142 4563 2287 4625 vino,
2320 4575 2375 4617 et
2423 4565 2629 4619 erroris
2673 4568 2940 4623 ebrietate
2989 4571 3231 4636 madens,
3272 4586 3335 4627 ac
3374 4572 3484 4627 for-

200 4652 495 4723 τιμεθύων
636 4651 834 4723 πλάνῃ,
868 4653 963 4705 xui
995 4653 1136 4721 τάχα
1168 4669 1271 4704 που
1303 4652 1435 4722 μηδέ
1471 4650 1626 4714 εἰδὼς
1651 4653 1678 4704 ὃ
1708 4652 1788 4705 λές

199 4761 284 4810 γει
306 4762 318 4774 ·
357 4742 465 4795 ποῦ
492 4743 602 4813 γάρ
632 4741 949 4811 ὠνόμασται
977 4745 1105 4807 Θεὸς
1137 4741 1231 4795 τοῦ
1260 4741 1519 4811 Χριστοῦ,
1555 4744 1793 4797 καταπέ-

200 4853 375 4905 φρικα
405 4835 464 4887 δὲ
491 4833 688 4901 λέγων,
720 4836 750 4886 ὁ
780 4835 844 4886 ἐκ
885 4832 1021 4887 Θεοῦ
1056 4835 1267 4904 Πατρὸς
1302 4835 1469 4903 Λόγος,
1496 4852 1509 4900 ;
1561 4830 1655 4893 Εἷς
1682 4835 1791 4905 γὰρ

201 4928 408 4998 Κύριος
442 4924 652 4995 Ἰησοῦς
682 4925 940 4995 Χριστὸς,
965 4926 1059 4978 xui
1090 4926 1190 4995 μία
1218 4927 1399 4989 πίστις
1418 4930 1450 4996 ἡ
1480 4928 1560 4989 είς
1587 4927 1750 4979 αὐτόν
1772 4945 1783 4957 ·

199 5016 294 5085 οὐχ
316 5017 395 5077 ὡς
426 5015 509 5075 εἰς
532 5012 626 5065 δύο
654 5016 746 5065 xui
769 5013 873 5065 ἀνά
897 5014 1083 5083 μέρος,
1112 5014 1224 5067 ἀλλ’
1252 5015 1327 5077 ὡς
1350 5015 1419 5067 δι’
1442 5016 1559 5079 ἐνὸς
1597 5016 1789 5086 βαπτίσ

206 5122 430 5175 σματος,
466 5105 547 5168 είς
584 5103 712 5155 Υίὸν
759 5104 854 5157 ἕνα
904 5106 997 5157 καὶ
1048 5106 1180 5158 Θεὸν
1226 5108 1322 5158 xui
1355 5106 1558 5177 Κύριον
1603 5107 1694 5160 τὸν
1725 5109 1789 5160 ἐκ

203 5196 336 5249 Θεοῦ
388 5193 604 5264 [ἰατρὸς
650 5194 845 5262 Λόγον,
878 5193 972 5248 xui
1001 5196 1090 5249 ὅτε
1120 5196 1341 5265 γέγονεν
1374 5197 1657 5269 ἄνθρωπος
1679 5213 1690 5225 ·
1726 5200 1787 5250 οὑ

205 5290 309 5358 γὰρ
352 5290 435 5341 ὅτι
481 5289 671 5354 γέγονε
717 5286 840 5339 καθ’
869 5289 1037 5357 ἡμᾶς,
1068 5289 1129 5341 τὸ
1176 5285 1316 5342 εἶναι
1359 5289 1492 5352 Θεὸς
1533 5290 1787 5342 ἀπολέσει

209 5378 398 5432 ποθέν
432 5379 555 5433 οὒτε
589 5379 701 5451 μὴν
728 5379 812 5431 ὅτι
836 5376 967 5441 Θεὸς
1014 5379 1153 5432 κατά
1195 5380 1358 5447 φύσιν
1390 5381 1559 5443 ἐστὶν,
1593 5382 1790 5450 ὁμοίω-

214 5484 291 5521 σιν
323 5470 702 5541 ἀπαράϐατον
739 5469 873 5540 ἔχει,
908 5471 1002 5521 xui
1051 5470 1124 5522 τὸ.
1162 5469 1448 5539 ἅνθρωπος
1478 5466 1618 5523 εἶναι
1650 5487 1792 5541 παρ-

218 5564 477 5630 αιτήσεται
505 5582 516 5595 ο
586 5562 873 5633 μεμένηκε
921 5560 1014 5624 δὲ,
1064 5560 1254 5631 ὥσπερ
1302 5562 1359 5612 ἐν
1413 5561 1788 5632 ἁνθρωπότητι

219 5650 349 5719 Θεὸς,
379 5656 516 5709 οὕτω
540 5655 632 5709 xui
665 5655 725 5704 ἐν
758 5651 920 5717 φύσει
949 5668 1005 5703 τε
1035 5652 1129 5703 xui
1159 5652 1398 5722 ὑπεροχῇ
1421 5650 1670 5721 θεότητος
1692 5651 1786 5717 ὢν,

270 5839 308 5869 ⁸⁸
337 5838 487 5895 liam.
518 5854 642 5903 vm,
677 5836 731 5891 9.

1900 4664 2044 4709 tassc
2089 4655 2217 4709 illud
2271 4656 2443 4724 ipsum
2486 4658 2629 4725 quod
2678 4657 2813 4711 dicit
2862 4660 3126 4714 nesciens.
3188 4660 3287 4716 Ubi
3336 4665 3483 4716 enim

1898 4761 2135 4813 unquam
2172 4744 2377 4800 dictum
2410 4756 2513 4811 est,
2545 4746 2685 4802 Deus
2711 4748 2910 4803 Christi
2939 4750 3170 4819 (horreo
3203 4752 3481 4822 referens)

1896 4835 2070 4903 ipsum
2108 4835 2199 4889 Dei
2232 4834 2406 4890 Patris
2430 4837 2710 4892 Verbum?
2742 4836 2893 4893 Unus
2923 4852 3006 4894 est
3038 4841 3184 4894 enim
3220 4841 3483 4899 Dominus

1891 4925 2048 4982 Jesus
2076 4926 2347 4992 Christus,
2384 4939 2438 4983 et
2468 4945 2571 4982 una
2601 4940 2683 4983 cst
2715 4931 2766 4983 in
2800 4946 2923 4986 eum
2962 4932 3095 4987 fides
3123 4932 3191 4998 ⁸³,
3218 4948 3323 4988 non
3355 4945 3477 4989 tau-

1892 5033 2055 5085 quam
2092 5020 2143 5071 in
2173 5019 2308 5073 duos
2336 5035 2399 5072 ac
2439 5022 2688 5087 seorsim,
2727 5022 2822 5076 sed
2872 5031 3126 5092 tanquam
3171 5039 3266 5094 per
3309 5040 3476 5081 unum

1897 5110 2220 5175 baptismum
2267 5109 2318 5162 in
2366 5108 2471 5178 73
2509 5126 2671 5164 unum
2721 5112 2914 5166 Filium
2968 5124 3023 5168 et
3070 5116 3233 5169 Deum
3274 5127 3328 5172 et
3376 5120 3479 5173 Do-

1898 5201 2124 5260 minum,
2174 5201 2348 5267 ipsum
2397 5216 2459 5254 ex
2512 5200 2621 5255 Deo
2665 5201 2823 5258 Patre
2874 5205 3141 5271 Verbum,
3192 5216 3299 5262 tum
3342 5225 3477 5278 quo-

1895 5306 1999 5358 que
2035 5306 2158 5345 cum
2204 5292 2406 5346 factum
2454 5303 2538 5348 est
2574 5296 2779 5349 homo:
2816 5314 2990 5367 neque
3031 5300 3176 5353 enim
3218 5302 3343 5369 quia
3388 5319 3479 5356 no-

1896 5383 1991 5433 stri
2037 5382 2231 5436 similis
2288 5383 2460 5437 factus
2502 5394 2621 5446 est,
2677 5387 2889 5443 amittet
2939 5390 3046 5443 ullo
3108 5393 3267 5447 modo
3332 5397 3475 5463 quod

1896 5469 2039 5525 Deus
2084 5484 2222 5539 erat,
2273 5489 2445 5543 neque
2482 5489 2545 5529 ex
2581 5492 2645 5530 eo
2692 5480 2833 5545 quod
2863 5478 3005 5534 Deus
3050 5493 3133 5536 est
3176 5486 3475 5539 secundum

1898 5575 2149 5620 naturam
2203 5566 2609 5623 similitudinem
2659 5571 2804 5626 nullo
2853 5572 3013 5627 modo
3052 5574 3297 5643 suscipit,
3332 5586 3386 5630 et
3421 5588 3479 5631 ut

1902 5657 2063 5710 homo
2116 5658 2185 5711 sit
2238 5656 2501 5727 refugiet;
2559 5659 2652 5716 sed
2712 5672 2766 5714 ut
2823 5662 2873 5716 in
2931 5664 3266 5720 humanitate
3332 5666 3479 5725 Deus

818 5832 863 5862 ἰ
900 5826 945 5882 ιι
976 5824 1131 5885 Pctr.
1162 5846 1199 5895 ι,
1227 5829 1281 5884 4.
1359 5833 1401 5861 ”
1441 5831 1600 5887 llebr.
1632 5848 1691 5901 ιι,
1720 5832 1806 5895 l7,
1838 5834 1917 5887 l8.
1996 5833 2040 5863 ”
2070 5832 2349 5902 Eplies.,tv
2401 5835 2432 5887 5
