4104 6514
602 455 699 512 131

1637 457 1694 513 S.
1735 455 2009 512 CYRILLI
2049 452 2521 510 ALEXANDRINI
2561 454 2880 512 ARCHIEP.

3758 449 3860 505 132

601 580 818 646 mansit,
838 580 920 636 sic
948 580 998 634 in
1019 588 1208 633 natura
1230 593 1444 647 quoque
1473 589 1523 633 et
1550 579 1862 648 praestantia
1889 577 2184 632 divinitatis

2292 577 2568 646 ἄνθρωπος
2598 579 2751 630 οὐδὲν
2774 573 2934 649 ἧττόν
2963 577 3337 646 ἐστιν.”Αμφω
3359 575 3422 646 δὴ
3443 569 3537 627 οὖν
3565 575 3622 626 έν
3655 571 3855 640 ταύτῷ,

603 671 772 726 nihilo
802 672 980 726 minus
1013 679 1097 724 est
1129 670 1307 723 homo.
1344 669 1645 738 Utrumque
1687 669 1850 738 igitur
1877 669 1930 722 in
1967 669 2182 732 eodem,

602 771 655 815 et
694 775 834 814 unus
861 760 1111 829 idemque
1135 759 1279 814 Deus
1313 769 1367 814 et
1398 761 1560 814 homo
1598 769 1681 815 est
1720 759 2051 814 Emmanuel.
2081 757 2187 812 Sed

605 850 706 905 iste
736 851 908 904 bonus
930 852 1032 918 vir,
1065 850 1263 919 reiecto
1293 852 1714 922 dispensationis
1746 852 1903 904 modo
1931 859 2186 918 tauquam

605 957 792 1012 parum
829 942 1074 1012 pulchro,
1111 947 1289 997 aufert
1323 959 1353 997 a
1401 945 1508 999 Deo
1553 941 1724 997 Verbo
1761 956 1880 1011 qua:
1920 952 2045 996 sunt
2091 940 2189 994 hu-

605 1048 785 1095 mana,
821 1043 879 1086 ut
906 1033 1018 1100 jam
1045 1033 1190 1087 nulla
1215 1049 1279 1088 ex
1305 1043 1460 1103 parte
1490 1033 1654 1110 rebus
1685 1033 1883 1087 nostris
1905 1032 2188 1087 utilitatem

603 1122 835 1194 aliquam
855 1125 1099 1181 attulisse
1119 1135 1392 1181 cernatur.
1426 1125 1541 1180 Non
1579 1125 1747 1190 enim,
1779 1125 1975 1194 inquit,
2014 1125 2185 1194 ipsum

606 1218 772 1274 fuisse
807 1219 1216 1274 misericordem
1245 1227 1299 1275 et
1331 1219 1542 1274 lideiem
1578 1217 1886 1288 pomilicem
1919 1217 2073 1281 dicit,
2110 1215 2189 1269 id-

603 1322 707 1377 que
750 1323 946 1362 munus
978 1324 1136 1377 passo
1181 1310 1362 1376 potius
1395 1308 1585 1361 tribuit
1631 1318 1882 1376 tanquam
1923 1305 1991 1360 ab
2016 1320 2082 1362 eo
2108 1304 2190 1358 di-

605 1413 781 1452 verso.
819 1398 1076 1464 Quamvis
1117 1400 1208 1468 qui
1257 1398 1644 1470 mysteriorum
1676 1399 1893 1467 sapiens
1926 1411 2044 1450 esse
2073 1410 2189 1449 mav-

609 1487 785 1555 gister
814 1487 963 1554 velit,
1015 1487 1283 1555 quomodo
1317 1502 1421 1541 non
1469 1502 1592 1541 eum
1637 1487 1875 1555 oportuit
1925 1499 2081 1539 voces
2127 1498 2189 1539 ac

604 1578 905 1631 sententias
939 1592 1216 1632 sacrarum
1250 1577 1577 1632 Litterarum
1624 1585 1881 1630 accurate
1911 1575 2185 1644 colligere,

604 1677 768 1737 atque
800 1670 1042 1738 cogitare
1071 1684 1199 1725 vere
1244 1683 1367 1725 esse
1402 1670 1510 1723 Deo
1557 1668 1774 1738 dignum
1825 1668 1928 1722 hoc
1973 1682 2186 1730 munus,

606 1772 660 1817 et
696 1779 800 1817 non
836 1764 1068 1818 alienum
1102 1778 1130 1816 a
1159 1763 1372 1818 ratione
1394 1777 1514 1831 quae
1539 1761 1657 1830 ejus
1676 1759 2029 1814 exinanitioni
2057 1773 2188 1814 con-

605 1853 773 1917 venit,
802 1869 1029 1922 eamque
1061 1854 1254 1907 decet?
1286 1853 1336 1906 ld
1374 1868 1479 1921 qua
1509 1851 1716 1904 ratione
1751 1863 1936 1903 verum
1965 1849 2056 1913 sit,
2075 1849 2185 1918 jam

2291 668 2382 718 καὶ
2407 662 2486 730 εἷς
2512 685 2570 720 τε
2601 668 2730 730 Θεὸς
2765 670 2855 721 καὶ
2885 667 2981 723 ἄνο
2991 685 3169 740 ρωπος
3214 668 3243 718 ὁ
3281 664 3644 735 Ἐμμανουήλ.
3664 662 3800 714 Ἀλλ’
3830 663 3860 713 6

2289 760 2523 830 χρηστὸς
2549 762 2727 813 οὑτοσὶ
2755 763 2853 832 τῆς
2882 762 3192 832 οἰκονομίας
3219 761 3307 812 τὸν
3331 759 3526 830 τρόπον
3549 757 3623 820 ὡς
3649 754 3860 824 ἀκαλλῆ

2288 851 2745 921 παραιτούμενος,
2779 853 3043 921 ἀποφέρει
3067 853 3160 905 τοῦ
3191 851 3325 904 Θεοῦ
3355 850 3527 917 Λόγου
3552 848 3621 900 τά
3653 845 3862 916 ἀνθρώ-

2290 959 2438 1007 πινα,
2471 943 2535 996 ἵν’
2564 942 2736 1013 ὁρῷτο
2769 943 2951 996 λοιπὸν
2985 944 3105 996 κατ’
3127 942 3316 996 οὐδένα
3340 941 3540 1010 τρόπον
3571 939 3768 1008 ὀνήσας
3791 936 3864 988 τὰ

2288 1033 2408 1085 καθ’
2439 1035 2605 1104 ἡμᾶς.
2639 1036 2712 1086 υύ
2747 1035 2856 1105 γάρ
2880 1035 2962 1087 τοί
3003 1051 3167 1104 φησιν
3198 1033 3358 1086 αὑτὸν
3383 1030 3648 1100 ἐλεήμονά
3673 1045 3733 1081 τε
3765 1027 3863 1080 καὶ

2290 1125 2476 1176 πιστὸν
2517 1126 2776 1195 ἀρχιερέα
2803 1126 3054 1194 γενέσθαι
3080 1141 3092 1153 ·
3124 1124 3418 1194 προσνέμει
3456 1121 3513 1174 δὲ
3553 1119 3751 1191 μᾶλλον
3783 1119 3863 1179 ὡς

2287 1215 2457 1284 ἑτέρῳ
2507 1215 2636 1285 παρ’
2668 1216 2827 1269 αὑτὸν
2875 1215 2935 1268 τὸ
2985 1219 3170 1284 χρῆμα
3211 1212 3289 1282 τῷ
3323 1211 3633 1265 πεπονθότι.
3668 1208 3865 1262 Καίτοι

2288 1306 2404 1368 πῶς
2434 1306 2534 1358 οὐκ
2567 1307 2673 1358 ἔδει
2706 1307 3062 1376 μυσταγωγὸν
3106 1300 3245 1358 εἶναι
3279 1302 3501 1357 θέλοντα
3532 1299 3713 1368 σοφὸς,
3748 1296 3862 1349 τῶν

2289 1397 2348 1448 ἐν
2394 1399 2460 1465 τῇ
2513 1395 2855 1466 θεοπνεύστῳ
2902 1398 2940 1448 Γ
2948 1399 3089 1466 ραιρῇ
3144 1395 3336 1465 φωνῶν
3380 1411 3439 1446 τε
3487 1394 3579 1446 καὶ
3642 1387 3864 1443 ἐννοιῶν

2287 1486 2492 1557 ἀκριϐῆ
2528 1487 2799 1540 ποιεῖσθαι
2839 1488 2935 1556 τὴν
2975 1487 3248 1557 ἄθροισινο
3292 1486 3491 1539 ὲννοεϊν
3528 1500 3610 1547 τε,
3638 1482 3720 1533 ὅτι
3766 1480 3867 1531 καὶ

2289 1577 2592 1647 θεοπρεπὲς
2624 1578 2841 1646 ἀληθῶς
2868 1578 2928 1631 τὸ
2961 1579 3150 1648 χρῆμά
3171 1580 3308 1641 ἐστι,
3327 1577 3421 1630 καὶ
3441 1575 3542 1628 οὐκ
3570 1574 3673 1637 ἔξω
3700 1571 3865 1638 λόγου

2286 1667 2381 1719 τοῦ
2420 1671 2486 1739 τῇ
2515 1669 2737 1722 κενώσει
2761 1670 3059 1740 πρέποντός
3091 1687 3148 1723 τε
3177 1671 3270 1722 xui.
3298 1668 3574 1732 έοικότος;
3610 1663 3721 1717 Καὶ
3739 1663 3867 1714 τίνα

2287 1759 2487 1829 τρόπον
2533 1760 2766 1830 ἐροῦμεν
2814 1761 3273 1831 βραχυλογοῦντες
3324 1761 3399 1822 ὼς
3444 1759 3542 1813 ένι.
3571 1760 3867 1826 Κατεχρη-

2291 1852 2542 1921 σμῲδησε
2576 1853 2675 1922 μὲν
2699 1853 2806 1923 γὰρ
2826 1853 2900 1915 ὡς
2931 1855 2958 1906 6
2988 1853 3094 1904 τῶν
3122 1852 3256 1905 ὅλων
3283 1851 3416 1913 Θεὸς
3442 1853 3553 1912 τοῖς
3575 1848 3868 1918 ἀρχαιοτέ-

605 1944 846 1998 dicemus
889 1959 1049 2012 quam
1101 1943 1438 1998 brevissime.
1487 1940 1620 1995 Nam
1675 1940 1764 1995 ille
1808 1942 2182 1994 universorum

2295 1958 2405 2012 ροις
2435 1943 2523 1995 τὸν
2556 1943 2738 2014 νόμον,
2776 1944 3198 2014 μεσολαϐοῦντος
3227 1943 3485 2004 Μωσέως.
3504 1940 3642 1992 Ἀλλ’
3671 1939 3772 1991 οὐκ
3797 1933 3869 2007 ἧν

610 2033 748 2086 Deus
779 2033 972 2102 priscis
996 2033 1100 2086 illis
1129 2033 1444 2088 hominibus
1465 2033 1636 2101 legem
1666 2032 1853 2093 edidit,
1889 2031 2185 2098 interprete

607 2121 788 2190 Mose;
821 2124 914 2178 sed
942 2140 1044 2178 non
1072 2134 1189 2178 erat
1220 2138 1283 2178 ea
1313 2125 1392 2178 vis
1422 2122 1575 2190 legis,
1599 2131 1654 2174 ut
1681 2122 1771 2190 qui
1802 2120 1995 2174 vellent
2021 2121 2183 2174 etiam

607 2222 825 2280 possent
869 2211 1076 2281 integre
1107 2211 1250 2280 quod
1285 2212 1482 2264 bonum
1511 2219 1591 2264 est
1620 2209 1878 2278 perlicere
1928 2226 1941 2262 :
1985 2227 2003 2258 ι
2041 2207 2184 2262 Nihil

607 2303 750 2354 enim
779 2302 844 2354 ad
881 2301 1171 2369 perlectum
1207 2301 1430 2355 adduxit
1454 2299 1601 2352 “—".
1639 2318 1656 2351 ι
1691 2300 1796 2354 Sed
1824 2313 1996 2369 neque
2029 2300 2184 2368 culpa

609 2389 819 2442 vacavit
857 2390 984 2442 illud
1033 2390 1182 2459 prius
1227 2399 1606 2444 testamentum
1660 2407 1674 2442 :
1735 2390 2182 2443 ministrationem

606 2493 825 2549 quoque
856 2479 1223 2534 damnationis
1254 2479 1484 2548 appellat
1516 2495 1632 2534 eam
1663 2479 1850 2535 beatus
1888 2479 2182 2546 Paulus";

607 2570 852 2623 eumdem
888 2570 1046 2624 audio
1092 2570 1274 2624 dicere
1308 2589 1320 2623 :
1360 2589 1378 2621 ι
1416 2571 1632 2626 Scimus
1663 2571 1806 2640 quod
1849 2586 2186 2640 quzecunque

608 2661 691 2715 lex
723 2662 978 2732 loquitur,
1015 2662 1097 2715 his
1131 2663 1220 2730 qui
1256 2662 1308 2715 in
1339 2663 1453 2733 lege
1485 2673 1612 2717 sunt
1637 2665 1894 2733 loquitur,
1933 2675 1991 2717 ut
2023 2679 2187 2719 omne

608 2767 670 2807 os
693 2755 1029 2817 obstruatur,
1060 2762 1113 2806 et
1142 2753 1388 2807 subditus
1420 2755 1509 2808 liat
1545 2755 1722 2808 omnis
1764 2757 1998 2810 mundus
2029 2756 2137 2810 Deo
2167 2773 2182 2811 :

611 2845 864 2913 quoniam
890 2857 954 2897 ex
976 2844 1229 2912 operibus
1250 2843 1384 2912 legis
1405 2858 1510 2898 non
1525 2843 1850 2914 justiﬁeatur
1866 2848 2040 2902 omnis
2058 2861 2187 2902 caro

618 2950 805 2990 coram
839 2933 928 2989 illo
948 2936 1028 2999 '1;
1061 2953 1079 2986 ι
1117 2937 1199 2990 lex
1234 2939 1375 2992 enim
1412 2937 1544 2990 iram
1565 2938 1900 3005 operatur",
1929 2947 1982 2993 et
2005 2939 2183 2993 littera

609 3028 806 3082 occidit
841 3045 856 3081 :
889 3035 945 3080 et
979 3035 1039 3080 ut
1081 3026 1278 3082 alicubi
1312 3027 1443 3082 dicit
1484 3028 1624 3081 idem
1652 3029 1695 3059 ¹⁹
1724 3046 1736 3082 :
1774 3046 1792 3079 ι
1825 3028 2034 3083 irritam
2063 3030 2186 3098 quis

611 3119 814 3174 faciens
836 3119 1008 3188 legem
1033 3117 1187 3185 Mosi,
1213 3119 1330 3173 sine
1359 3119 1464 3173 ulla
1489 3119 1836 3174 miseratione
1864 3121 2071 3174 duobus
2097 3120 2184 3175 vel

613 3213 784 3268 tribus
813 3212 1044 3267 testibus
1075 3215 1298 3266 moritur
1321 3211 1387 3264 ³⁸.
1421 3229 1438 3260 ι
1471 3209 1604 3264 Cum
1633 3225 1762 3280 ergo
1793 3211 1878 3264 lex
1905 3211 2186 3265 damnaret

610 3313 923 3374 peccantes,
957 3311 1010 3356 et
1043 3313 1341 3358 extremum
1378 3315 1759 3369 nonnunquam
1790 3301 2110 3371 supplicium
2135 3303 2188 3355 in

611 3405 1021 3450 contemnentes
1041 3394 1375 3454 decerneret,
1399 3401 1453 3446 et
1472 3391 1616 3446 nullo
1642 3391 1799 3446 modo
1818 3394 2186 3454 miseraretur,

610 3485 880 3556 quomodo
921 3499 1029 3538 non
1064 3493 1181 3539 erat
1227 3485 1529 3538 necessaria
1575 3483 1884 3537 hominibus
1935 3483 1986 3536 in
2031 3485 2188 3538 terris

612 3576 894 3645 agentibus
938 3574 1026 3628 illa
1077 3574 1359 3628 clementis
1405 3583 1460 3628 et
1507 3573 1872 3628 misericordis
1919 3574 2188 3642 pontiﬁcis

612 3667 930 3733 declaratio,
969 3666 1061 3734 qui
1105 3666 1390 3720 maledicto
1435 3666 1592 3719 linem
1625 3665 1945 3733 imponeret,
1996 3666 2188 3734 praeci—

610 3757 869 3826 deretque
905 3756 1216 3819 vindictam,
1267 3767 1318 3809 et
1364 3771 1456 3809 eos
1503 3756 1592 3824 qui
1645 3765 2016 3825 peccaverant,
2075 3756 2190 3810 cle-

612 3849 775 3900 menti
821 3845 1037 3914 gratia,
1086 3845 1429 3912 benignoque
1504 3854 1634 3897 nutu
1683 3844 1977 3898 liberaret?
2023 3863 2042 3896 ι
2080 3844 2190 3915 Ego

610 3937 780 4001 enim,
809 3937 1002 4004 inquit,
1029 3950 1146 3989 sum
1173 3936 1262 4002 qui
1297 3937 1447 3988 deleo
1477 3936 1792 4002 iniquitates
1823 3945 1960 3998 tuas,
1995 3945 2049 3988 et
2082 3950 2188 3989 non

613 4027 936 4083 recordabor
966 4025 1030 4076 “.
1084 4023 1381 4092 Justilicatii
1416 4039 1647 4092 namque
1693 4038 1877 4077 sumus
1927 4023 2050 4090 lide,
2083 4039 2187 4078 non

611 4134 676 4172 ex
711 4117 964 4186 Operibus
995 4115 1143 4184 legis,
1166 4114 1284 4186 74
1317 4126 1373 4168 ιιι
1400 4115 1658 4184 scriptum
1694 4115 1862 4169 est”.
1893 4133 1912 4166 ι
1941 4114 1999 4168 in
2025 4129 2185 4185 quem

610 4211 772 4281 igitur
815 4209 1098 4264 credentes
1142 4207 1544 4273 justiticamur?
1590 4221 1770 4261 nonne
1817 4207 1869 4260 in
1919 4222 2040 4260 eum
2095 4207 2188 4276 qui

612 4311 828 4373 propter
861 4317 958 4374 nos
990 4309 1220 4354 mortem
1265 4300 1558 4354 secundum
1591 4313 1809 4352 carnem
1842 4313 2032 4366 passus
2063 4298 2191 4354 est?

614 4409 718 4447 non
752 4395 802 4446 in
831 4408 995 4446 unum
1035 4393 1318 4446 Dominum
1347 4388 1528 4444 .lesum
1571 4388 1886 4442 Christum?
1912 4403 2017 4442 non
2047 4404 2191 4442 mor—

613 4494 720 4538 tem
759 4485 875 4552 ejus
904 4485 1309 4543 annuntiantes,
1343 4490 1399 4534 ct
1433 4479 1894 4534 resurrectionem
1925 4479 2191 4534 conﬁten-

2292 2034 2349 2084 ὲν
2378 2033 2528 2102 νόμῳ
2556 2033 2616 2085 τὸ
2646 2033 2902 2085 δύνασθαι
2932 2032 3228 2104 κατορθοῦν
3254 2035 3365 2095 τοῖς
3407 2031 3678 2085 ἐθέλουσιν
3708 2030 3870 2099 ἀμω-

2294 2124 2479 2192 μήτως
2499 2125 2559 2176 τὸ
2581 2124 2782 2192 ἀγαθόν
2801 2142 2814 2154 ·
2846 2144 2862 2174 ι
2876 2125 3204 2177 Τετελείωκε
3222 2124 3330 2193 γὰρ
3349 2123 3554 2176 οὐδέν.»
3578 2120 3718 2172 Ἀλλ’
3742 2119 3872 2172 οὐδὲ

2292 2211 2581 2280 ἄμεμπτος
2603 2209 2669 2281 ἧν
2686 2218 2717 2282 ἡ
2750 2213 2938 2284 πρώτη
2973 2214 3225 2283 διαθήκη.
3247 2213 3580 2282 Κατάκριμα
3611 2212 3664 2263 δὲ
3687 2211 3871 2264 διακο-

2291 2301 2411 2364 νίας
2437 2301 2571 2371 (20‘)
2590 2303 2870 2372 ὠνόμαζεν
2889 2304 3058 2373 αὐτὴν
3074 2307 3101 2357 ό
3122 2305 3396 2372 πάνσοφος
3419 2301 3627 2363 Παῦλος
3643 2318 3655 2330 ·
3683 2299 3872 2354 ἀκούω

2290 2389 2346 2440 δὲ
2373 2390 2620 2457 λέγοντος
2640 2409 2652 2422 ·
2695 2411 2712 2442 ι
2743 2393 2978 2461 Οἴδαμεν
3013 2394 3094 2445 ὅτι
3123 2394 3264 2446 ὃσαό
3285 2393 3448 2462 νόμος
3471 2391 3641 2458 λέγει,
3666 2391 3780 2450 τοῖς
3812 2391 3876 2442 ὲν

2290 2479 2368 2550 τῷ
2398 2481 2546 2550 νόμῳ
2576 2482 2740 2548 λέγει,
2776 2482 2859 2534 ἵνα
2889 2483 2994 2534 πᾶν
3035 2484 3206 2552 στόμα
3238 2484 3442 2552 φραγῇ,
3479 2481 3572 2533 καὶ
3615 2480 3873 2542 ὑπόδικος

2293 2569 2514 2637 γένηται
2541 2571 2648 2630 πᾶς
2676 2571 2704 2621 6
2733 2571 2931 2639 κόσμος
2959 2571 3036 2639 τῷ
3061 2570 3180 2640 Θεῷ
3199 2587 3212 2600 ·
3237 2571 3372 2624 διότι
3401 2570 3458 2636 ἐξ
3493 2570 3668 2639 ἔργων
3699 2568 3872 2637 νόμου

2292 2656 2353 2712 οὗ
2382 2658 2800 2730 δικαιωθήσεται
2817 2663 2964 2713 πᾶσα
2983 2661 3121 2731 σάρξ
3149 2661 3380 2714 ἐνώπιον
3397 2660 3582 2714 αὐτοῦ.
3609 2679 3626 2710 ι
3650 2660 3874 2729 Κατερ-

2292 2754 2515 2822 γάζεται
2549 2754 2657 2824 γὰρ
2690 2757 2718 2808 δ
2749 2755 2911 2824 νόμος
2939 2756 3017 2819 είς
3038 2755 3225 2826 ὀργὴν,
3258 2753 3351 2806 καὶ
3379 2752 3440 2806 τὸ
3466 2751 3700 2821 γράμμα
3727 2751 3874 2802 ἀπο-

2293 2849 2510 2900 κτείνειν
2532 2848 2624 2899 καὶ
2645 2846 2718 2910 ὥς
2736 2848 2836 2900 πού
2853 2864 3012 2918 φησιν
3036 2848 3215 2909 αὐτός·
3245 2866 3262 2897 ι
3296 2845 3587 2912 Ἀθετήσας
3603 2860 3683 2904 τις
3706 2843 3875 2911 νόμον

2292 2939 2554 3003 Μωσέως,
2583 2940 2752 3009 χωρὶς
2785 2940 3103 3012 οἰκτιρμῶν.
3141 2938 3236 2991 ἐπὶ
3265 2937 3416 2990 δυσὶν
3453 2936 3484 3004 ἢ
3514 2935 3694 3005 τρισὶν
3729 2935 3863 3004 μάρ-

2295 3049 2446 3084 τυσιν
2479 3031 2828 3101 ἀποθνήσκει.
2859 3051 2878 3084 ι
2913 3032 3344 3104 Κατακρίνοντος
3370 3031 3549 3084 τοίνυν
3580 3027 3674 3081 τοῦ
3702 3027 3874 3096 νόμου

2293 3123 2422 3185 τοὺς
2447 3123 2881 3192 ἁμαρτάνοντας,
2909 3123 3002 3175 καὶ
3027 3124 3126 3192 τὴν
3156 3121 3392 3191 ἐσχάτην
3418 3120 3532 3172 ἐσθ’
3556 3121 3644 3173 ὅτε
3674 3120 3874 3188 ποινὴν

2293 3209 2672 3280 καθορίςοντος
2699 3210 2805 3262 τῶν
2835 3211 3206 3280 ὴμεληκότων,
3242 3211 3337 3263 καὶ
3375 3209 3493 3262 κατ’
3524 3209 3712 3263 οὐδένα
3746 3210 3876 3279 τρό-

2297 3315 2398 3350 πον
2429 3299 2812 3366 οἰκτείραντος,
2845 3298 2959 3360 πῶς
2982 3299 3080 3350 οὐκ
3100 3299 3371 3366 ἀναγκαία
3394 3300 3505 3360 τοῖς
3533 3297 3625 3350 ἐπὶ
3643 3297 3743 3368 τῆς
3763 3297 3876 3366 γῆς

2294 3392 2327 3460 ἡ
2352 3391 2442 3442 τοῦ
2463 3393 2894 3460 φιλοικτίρμονος
2915 3390 3008 3442 καὶ
3031 3388 3318 3459 ὲλεήμονος
3342 3387 3554 3458 ἀληθῶς
3570 3389 3878 3458 ἀρχιερέως

2297 3481 2568 3546 ἀνάδειξις
2610 3478 2714 3550 ⁴ἧν;
2747 3481 3012 3542 παύοντος
3059 3481 3158 3549 μὲν
3189 3481 3289 3549 τὴν
3323 3480 3495 3549 ἀράν·
3531 3480 3875 3532 ἀνακόπτον-

2294 3589 2386 3634 τος
2410 3572 2466 3623 δὲ
2493 3575 2588 3641 τὴν
2619 3573 2772 3642 δίκην
2795 3588 2806 3602 ·
2845 3573 2937 3623 καὶ
2974 3570 3408 3632 ἀπαλλάττοντος
3451 3572 3576 3634 τοὺς
3623 3573 3879 3642 ἡμαρτη-

2296 3662 2479 3725 κότας,
2513 3661 2870 3731 ἁμνησικάκῳ
2902 3661 3102 3731 χάριτι,
3145 3660 3382 3723 καὶτοῖς
3427 3658 3486 3724 ἐξ
3532 3661 3878 3731 ἡμερότητος

2296 3753 2585 3822 νεύμασιν;
2631 3771 2647 3803 ι
2671 3751 2812 3819 Ἐγὼ
2861 3754 2989 3822 γὰρ,
3026 3752 3212 3822 φησὶν,
3244 3752 3361 3821 εἰμὶ
3391 3754 3419 3804 6
3445 3751 3741 3820 ἐξαλείφων
3773 3753 3879 3816 τὰς

2297 3846 2526 3915 ἀνομίας
2577 3863 2691 3908 σου,
2737 3849 2830 3899 καὶ
2897 3849 2957 3899 οὐ
3008 3847 3080 3916 μὴ
3131 3847 3528 3916 μνησθήσομαι.
3582 3846 3880 3899 Δεδικαιὼ-

2302 3935 2441 4004 μεθα
2462 3935 2568 4002 γὰρ
2593 3937 2648 3986 ἐν
2673 3936 2851 3988 πίστει
2885 3937 2976 3988 καὶ
2996 3937 3095 3988 οὐκ
3118 3935 3371 4006 ὲξέργων
3395 3935 3581 4005 νόμου,
3605 3954 3621 3986 ι
3650 3935 3792 3988 κατά
3814 3936 3879 3987 τὸ

2296 4043 2455 4096 γεγρι
2478 4028 2701 4097 μμένον.
2753 4030 2847 4091 Ei;
2883 4030 3004 4082 τίνα
3039 4029 3101 4098 δὴ
3135 4024 3226 4081 οὖν
3259 4026 3607 4090 πιστεύοντες
3636 4027 3880 4080 δικαιου-

2301 4119 2474 4188 μεθα;
2502 4121 2600 4172 οὐκ
2632 4122 2708 4183 είς
2738 4121 2826 4172 τὸν
2858 4119 3095 4172 παθόντα
3124 4119 3188 4172 δι’
3222 4121 3367 4189 ἡμᾶς
3403 4119 3492 4170 τὸν
3520 4118 3659 4171 κατὰ
3692 4120 3878 4189 σάρκα

2298 4210 2554 4276 θάνατον;
2585 4213 2684 4263 οὐκ
2717 4214 2793 4274 είς
2818 4213 2914 4264 ἕνα
2941 4213 3142 4282 Κύριον
3178 4211 3384 4281 Ἰησοῦν
3411 4210 3672 4281 Χριστόνς
3696 4212 3757 4264 οὐ
3781 4211 3878 4264 τὸν

2299 4302 2526 4355 θάνατον
2549 4303 2711 4355 αὑτοῦ
2737 4304 3216 4370 καταγγέλλοντες,
3245 4305 3339 4356 καὶ
3363 4302 3748 4373 ὁμολογοῦντες
3772 4301 3877 4371 τὴν

2298 4395 2590 4446 ἀνάστασιν
2624 4394 3035 4465 λελυτρώμεθα;
3069 4396 3131 4447 El
3182 4395 3280 4463 μὲν
3325 4390 3419 4446 οὖν
3466 4394 3543 4455 είς
3583 4392 3876 4460 ἄνθρωπον

2297 4484 2404 4536 τῶν
2437 4484 2558 4537 καθ’
2579 4487 2726 4554 ἡμᾶς
2756 4486 2852 4538 ἕνα
2875 4484 3339 4554 πεπιστεύκαμεν,
3373 4483 3466 4537 καὶ
3498 4485 3618 4553 οὐχὶ
3646 4483 3708 4553 δὴ
3740 4483 3878 4552 μᾶλ-

613 4586 692 4629 tes
715 4575 978 4644 redempti
1021 4574 1247 4629 sumus?
1279 4575 1334 4627 Si
1374 4573 1533 4642 igitur
1571 4571 1622 4625 in
1656 4571 1923 4625 hominem
1961 4587 2125 4625 unum
2157 4585 2186 4626 e

2298 4575 2388 4628 λον
2417 4579 2495 4639 είς
2524 4577 2675 4643 Θεὸν,
2714 4578 2808 4629 ἀνθ
2820 4577 3190 4647 ρωπολατρεία
3223 4578 3285 4629 τὸ
3315 4577 3525 4647 χρῆμα,
3563 4576 3658 4628 καὶ
3683 4575 3876 4644 ἕτερον

613 4667 765 4721 nobis
803 4667 1147 4730 credidimus,
1190 4680 1252 4719 ac
1286 4681 1389 4717 non
1422 4665 1597 4733 potius
1636 4665 1686 4715 in
1733 4663 1921 4726 Deum,
1951 4663 2186 4717 hominis

2295 4668 2445 4721 οὐδὲν
2479 4666 2940 4737 ὁμολογουμένως.
2965 4668 3027 4720 El
3054 4668 3110 4720 δὲ
3131 4666 3262 4719 Θεὸν
3289 4663 3428 4719 εἶναι
3452 4665 3543 4717 τὸν
3564 4664 3875 4718 πεπονθότα

612 4758 856 4813 adoratio
884 4759 989 4812 erit
1023 4773 1084 4812 ea
1130 4772 1215 4810 res
1257 4757 1373 4810 sine
1409 4753 1593 4818 dubio,
1623 4765 1676 4807 et
1715 4753 1845 4806 nihil
1887 4754 2052 4808 aliud.
2085 4755 2183 4808 Sin

2298 4759 2463 4828 σαρκὶ
2496 4759 2844 4828 πιστεύομεν,
2874 4759 2931 4821 ὃς
2965 4760 3058 4812 καὶ
3095 4759 3312 4827 γέγονεν
3353 4755 3510 4826 ἡμῶν
3539 4755 3830 4826 ἀρχιερεύς
3854 4773 3869 4786 ο

617 4850 762 4904 illum
797 4864 959 4904 carne
988 4864 1206 4919 passum
1245 4848 1411 4900 Deum
1441 4861 1558 4900 esse
1585 4844 1870 4906 credimus,
1900 4847 1988 4912 qui
2025 4847 2186 4900 etiam

2299 4849 2688 4919 πεπλανήμεθα
2722 4850 2817 4918 μὲν
2849 4850 2969 4902 κατ’
2999 4849 3189 4902 οὐδένα
3221 4849 3418 4918 τρόπον
3440 4863 3453 4877 ·
3489 4846 3775 4916 ἄνθρωπον
3811 4845 3872 4898 δὲ

615 4953 799 4995 noster
830 4943 1082 4996 sacerdos
1116 4940 1187 4994 sit
1215 4939 1408 5000 iactus,
1445 4936 1592 4990 nullo
1624 4937 1781 4988 modo
1806 4939 1854 4989 in
1881 4953 2069 4992 errore
2095 4953 2186 4992 su-

2297 4940 2559 5008 γεγονότα
2589 4940 2680 4992 τὸν
2720 4941 2784 4992 ὲκ
2821 4939 2954 4992 Θεοῦ
2989 4940 3160 5006 Λόγον
3193 4936 3652 5004 έπιγινώσκομεν·
3693 4935 3873 5005 πράτο

616 5050 757 5099 mus,
788 5034 881 5088 sed
930 5034 1104 5100 ip5um
1149 5048 1213 5085 ex
1259 5031 1368 5083 Deo
1405 5029 1636 5082 Verbum
1674 5028 1944 5081 hominem
1985 5027 2184 5082 factum

2297 5047 2444 5082 τεται
2475 5030 2529 5082 δὲ
2555 5030 2692 5082 οῦτω
2730 5030 2867 5099 πρὸς
2897 5028 3054 5099 ἡμῶν
3083 5031 3115 5096 ὴ
3147 5027 3330 5088 πίστις
3358 5028 3437 5086 εἰς
3467 5024 3620 5088 Θεὸν,
3652 5024 3742 5076 τὸν
3765 5022 3873 5087 ἔξω

617 5127 1000 5198 agnoscimus:
1028 5127 1215 5190 sicque
1244 5137 1271 5175 a
1303 5121 1455 5200 nobis
1489 5121 1620 5175 fides
1655 5120 1706 5173 in
1745 5120 1908 5173 Deum
1936 5120 2186 5185 exigitur,

2293 5123 2508 5175 τιθέντα
2565 5123 2760 5191 δίκης,
2816 5122 2909 5175 καὶ
2958 5119 3241 5189 ἁμαρτιῶν
3289 5116 3698 5171 ἀπαλλάττοντα
3743 5115 3871 5178 τοὺς

614 5221 704 5289 qui
752 5233 850 5272 nos
882 5235 908 5270 a
956 5217 1193 5271 vindicta
1230 5214 1441 5278 eximit,
1487 5222 1542 5267 et
1593 5222 1933 5281 peccatorum
1985 5213 2186 5280 laqueis

2295 5214 2579 5276 ὲναλόντας
2603 5214 2811 5277 αὑταῖς.
2843 5233 2859 5265 ι
2884 5214 3032 5282 Ἔχει
3066 5219 3174 5282 γάρ
3203 5210 3449 5275 ἐξουσίαν
3475 5212 3504 5262 6
3526 5209 3640 5272 υἱὸς
3665 5207 3757 5260 τοῦ
3778 5209 3869 5261 ἀμ

684 5396 810 5436 “-"
848 5394 1008 5448 llebr.
1037 5408 1131 5456 vn,
1185 5392 1267 5446 l9.
1347 5390 1392 5420 "
1424 5390 1460 5441 ll
1491 5389 1616 5441 Cor.
1642 5404 1701 5442 ιιι
1728 5428 1741 5450 ,
1786 5388 1839 5439 7.

1916 5389 1959 5418 ’⁷
1993 5388 2145 5444 Rom.
2175 5407 2266 5448 ιιι.
2311 5392 2391 5452 l9,
2433 5391 2522 5443 9.0.
2601 5390 2645 5420 ’⁸
2670 5389 2824 5444 Rom.
2851 5405 2923 5458 tv,
2955 5389 3036 5443 l5.

616 5482 678 5532 ι,
700 5465 791 5521 28.
867 5464 908 5495 ⁸⁸
943 5465 1044 5518 lsa.
1073 5478 1224 5528 mn,
1246 5461 1337 5514 25.
1417 5461 1459 5491 ³³
1492 5459 1664 5515 Galat.
1692 5475 1750 5520 ιι,
1782 5459 1865 5511 16.

3114 5388 3216 5454 ¹⁹,ΙΙ
3239 5389 3366 5444 Cor.
3395 5405 3470 5450 tu,
3495 5385 3549 5440 6.
3628 5386 3672 5416 ³⁸
3708 5384 3843 5439 Ileb.

1883 5610 2042 5664 ANT.
2087 5607 2354 5663 ACELI.“
2397 5604 2622 5662 NOTZE.

689 5782 822 5851 (20‘)
852 5781 1072 5833 Videtur
1101 5779 1277 5846 lapsus
1306 5776 1519 5840 notarii,
1543 5790 1663 5830 cum
1692 5771 1864 5827 Graeci
1891 5772 2042 5825 codd.
2091 5767 2186 5825 Νοι

689 5856 805 5898 Ιιίηει
833 5852 996 5898 editio
1032 5849 1262 5898 vulgata.

2292 5768 2586 5823 'cstamenti
2633 5768 2886 5833 habeant,
2927 5768 3168 5823 διακονία
3213 5770 3618 5842 κατακρίσεως,
3655 5781 3706 5827 et
3738 5772 3864 5828 item

621 5852 805 5907 Latina
833 5852 996 5906 editio
1032 5852 1262 5918 vulgata.
