4112 6484
130 437 205 487 ιιδ
1208 417 1578 482 Auvunstis
1617 428 1680 482 Μ

1781 429 2018 487 ΪΟΙὶΙυλι
2063 429 2192 484 LIB.
2238 427 2322 480 Ill.

3243 427 3344 482 136

123 554 291 618 ῡρώπου
321 548 409 600 καὶ
438 547 532 600 ἐπὶ
560 548 668 616 τῆς
700 551 810 618 γῆς
842 549 1057 616 ἀφιέναι
1092 549 1382 617 ἁμαρτίας,
1417 568 1432 598 ι
1464 549 1537 610 ὥς
1563 565 1664 600 που

1781 551 2075 618 implicatos
2124 550 2313 602 liberal
2345 567 2355 600 :
2397 568 2412 598 ι
2440 547 2608 601 llabet
2643 547 2785 602 enim
2816 554 3132 615 potestatem
3180 545 3347 603 Filius

123 644 190 692 nl
218 640 357 701 αὑτός
381 656 543 708 φησιν
567 655 580 668 ο
621 638 1096 710 ἀντιπαραθέντες
1128 639 1304 690 τοίνυν
1332 642 1397 709 τῇ
1419 638 1507 690 διὰ
1532 640 1662 706 Χρι-

124 732 214 784 στοῦ
237 731 462 801 σωτηρία
493 733 591 783 καὶ
621 732 839 801 χάριτι,
865 730 961 800 τῆς
989 731 1240 800 νομικῆς,
1264 729 1564 799 ἀποτομίας
1586 732 1663 782 ἵν’

122 825 252 884 sita);
294 824 424 874 εἴπω
458 823 522 874 τὸ
574 823 817 891 ἀπηνὲς,
865 820 1130 890 ἐλεήμονά
1168 837 1349 890 φαμεν
1402 821 1662 891 ἀρχιερέα

120 913 318 979 γενέσῦαι
343 909 728 982 Χριστόν.Ἦν
765 912 865 981 μὲν
891 911 998 980 γὰρ
1031 913 1122 964 καὶ
1151 911 1263 962 ἐστι
1293 909 1425 973 Θεὸς
1461 911 1664 977 ἀγαθὸς

118 1006 164 1070 τῇ
187 1003 340 1070 φύσει,
368 1001 781 1072 φιλοικτίρμων
806 1019 865 1053 τε
899 1002 990 1054 καὶ
1019 1001 1263 1070 ἐλεήμων
1284 1000 1406 1053 ἀεί’
1445 1001 1538 1053 καὶ
1565 1001 1665 1054 οὐκ

119 1097 158 1146 ἑν
183 1083 334 1164 χρόνῳ
359 1093 520 1146 τοῦτο
544 1095 798 1162 γέγονεν,
830 1093 943 1146 ἀλλ’
967 1094 1045 1155 είς
1075 1094 1222 1162 ἡμᾶς
1254 1092 1463 1162 ἐδείχθη
1493 1091 1666 1144 τοιοῦ-

121 1203 202 1247 τος.
228 1186 658 1255 Κατωνόμασται
692 1186 747 1238 δὲ
777 1184 983 1248 πιστὸς,
1013 1186 1088 1248 ὼς
1121 1184 1295 1255 μένων
1322 1186 1350 1238 δ
1379 1186 1526 1236 ἐστιν
1555 1183 1662 1248 ἀεὶ,

119 1277 226 1328 κατὰ
268 1291 325 1342 γε
369 1275 429 1326 τὸ
477 1275 786 1346 είρτπιένον
835 1276 929 1328 καὶ
966 1276 1052 1327 ἐπ’
1082 1274 1246 1328 αὑτοῦ
1280 1274 1372 1327 τοῦ
1409 1275 1620 1345 Πατρός
1649 1294 1662 1304 ·

122 1368 324 1428 ιΠιστὸς
368 1366 422 1419 δὲ
452 1369 482 1420 6
513 1365 684 1429 Θεὸς,
713 1367 772 1429 ὂς
813 1367 914 1419 οὐκ
957 1367 1105 1419 ἐάσει
1149 1368 1295 1436 ἡμᾶς
1343 1367 1664 1437 πειραθῆναι

119 1461 222 1530 ὑπὲρ
245 1458 269 1509 δ
294 1457 589 1526 δυνάμεθα.
626 1475 648 1509 ι
695 1456 902 1510 Οὐκοῦν
933 1458 1178 1526 ἐλεήμων
1218 1457 1326 1528 ἄρα
1354 1458 1448 1510 καὶ
1478 1456 1666 1519 πιστὸς

126 1549 393 1618 Ἀρχιερεὺς
426 1550 508 1610 είς
531 1550 566 1618 ὴ
577 1550 692 1616 μᾶς
721 1549 942 1616 γέγονεν
975 1552 1002 1602 6
1048 1550 1420 1621 Ἐμμανουήλ’
1449 1549 1524 1614 ὡς
1555 1550 1664 1621 γάρ

117 1642 137 1691 6
169 1639 350 1702 Παῦλός
383 1656 576 1708 φησιν,
615 1658 634 1689 ι
672 1641 734 1691 Ol
786 1641 882 1708 μὲν
925 1640 1170 1702 πλείονές
1215 1643 1350 1693 εἰσιν
1393 1641 1667 1710 ἀρχιερεῖς

117 1733 374 1798 γεγονὼες,
408 1732 498 1784 διά
533 1731 619 1794 τὸ,
659 1730 870 1800 Θανάτῳ
905 1730 1208 1784 κωλύεσθαι
1239 1732 1574 1802 παραμένειν
1595 1749 1607 1761 ·
1639 1732 1668 1783 6

119 1825 183 1886 δὲ,
206 1823 283 1874 διὰ
322 1824 380 1874 τὸ
412 1823 608 1891 μένειν
653 1823 816 1874 αὑτὸν
856 1823 936 1883 εἰς
976 1822 1066 1875 τὸν
1095 1823 1286 1882 αίῶνα,
1317 1821 1668 1892 ἀπαράϐατον

1773 644 2004 696 hominis
2028 643 2188 695 etiam
2218 644 2268 695 in
2302 651 2441 695 terra
2476 641 2775 695 dimittendi
2812 650 3065 707 peccata;
3097 659 3114 691 ι
3147 650 3204 694 ιιι
3233 643 3346 709 ipse

1771 733 1899 786 dicit
1929 733 2121 787 alicubi
2149 733 2212 786 ³³.
2249 732 2381 787 Cum
2415 732 2581 802 igitur
2614 731 2802 798 legalis
2834 731 3157 797 severitatis,
3190 741 3247 785 ut
3275 734 3345 785 ita

1773 824 1975 890 dicam,
2024 824 2374 878 acerbitatem
2434 836 2555 876 cum
2609 821 2807 876 Christi
2857 822 3032 876 salute
3079 832 3134 874 et
3176 823 3345 889 gratia

1771 928 2169 982 comparamus,
2201 914 2432 968 dicimus
2465 913 2868 967 misericordem
2910 912 3223 966 Pontilicem
3265 913 3345 965 fa-

1773 1016 1914 1059 ctum
1952 1005 2119 1060 fuisse
2147 1004 2446 1060 Christum.
2478 1003 2602 1058 Fuit
2634 1005 2776 1059 enim
2810 1013 2864 1059 et
2891 1012 2973 1058 est
3007 1003 3144 1058 Deus
3178 1004 3350 1058 bonus

1772 1109 1838 1149 ex
1867 1105 2082 1161 natura,
2121 1095 2357 1150 clemens
2394 1096 2519 1149 item
2557 1109 2768 1164 semper
2802 1109 2864 1147 ac
2899 1094 3228 1159 misericors,
3259 1110 3351 1149 ne-

1772 1200 1876 1254 que
1905 1186 2023 1240 talis
2051 1186 2103 1239 in
2138 1196 2379 1254 tempore
2409 1186 2604 1249 evasit,
2657 1184 2750 1240 sed
2785 1185 3047 1253 ejusmodi
3091 1195 3175 1239 est
3222 1199 3348 1252 erga

1775 1292 1872 1331 nos
1914 1286 2183 1332 ostensus.
2226 1278 2539 1346 Appellatus
2584 1286 2668 1331 est
2697 1285 2874 1329 autem
2922 1275 3113 1337 fidelis,
3161 1285 3220 1329 ut
3259 1277 3349 1344 qni

1774 1376 1988 1420 maneat
2035 1382 2247 1435 semper
2294 1370 2433 1437 quod
2469 1376 2570 1432 est,
2620 1368 2868 1420 utetiam
2921 1367 2987 1420 de
3036 1367 3153 1434 ipso
3197 1363 3353 1420 Patre

1774 1457 1975 1512 dictum
2001 1467 2084 1512 est
2112 1475 2123 1510 :
2156 1475 2174 1509 ι
2197 1457 2396 1512 Fidelis
2420 1468 2599 1512 autem
2629 1460 2795 1522 Deus,
2820 1458 2909 1526 qui
2941 1473 3046 1513 non
3081 1460 3355 1529 permittet

1776 1565 1874 1604 nos
1904 1551 2101 1603 tentari
2139 1565 2299 1618 supra
2342 1566 2501 1616 quam
2542 1565 2830 1619 possumus
2872 1551 2938 1604 ³⁵.
2973 1569 2992 1603 ι
3029 1551 3169 1621 Ergo
3193 1551 3356 1606 mise-

1776 1641 1947 1696 ricors
1967 1651 2020 1696 et
2039 1641 2209 1696 fidelis
2237 1641 2487 1696 Pontifex
2512 1643 2563 1695 in
2590 1658 2687 1696 nos
2713 1643 2888 1697 factus
2908 1652 2991 1697 est
3018 1643 3354 1698 Emmanuel.

1775 1730 1848 1786 Ut
1880 1733 2022 1785 enim
2062 1731 2259 1786 Paulus
2293 1734 2368 1786 ait
2399 1751 2412 1786 :
2452 1752 2470 1784 ι
2507 1733 2693 1788 Plures
2722 1734 2845 1787 facti
2883 1743 3008 1788 sunt
3047 1736 3355 1790 sacerdotes

1775 1837 1838 1875 eo
1860 1825 2000 1890 quod
2026 1833 2195 1877 morte
2226 1824 2644 1892 prohiberentur
2671 1840 2986 1894 permanere
3014 1844 3026 1879 :
3062 1827 3150 1880 hic
3175 1836 3354 1880 autem

120 1915 205 1981 ἔχει
232 1914 321 1982 τὴν
351 1912 695 1982 ἱερωσύνηνο
724 1911 846 1964 ὅθεν
876 1911 970 1964 καὶ
995 1909 1190 1973 σώζειν
1216 1913 1294 1973 είς
1322 1912 1382 1964 τὸ
1413 1911 1672 1974 παντελὲς

1781 1929 1840 1968 eo
1876 1916 2017 1983 quod
2063 1924 2280 1971 maneat
2323 1917 2376 1969 in
2427 1926 2714 1981 aaternum,
2759 1919 3145 1986 sempiternum
3196 1919 3359 1972 habet

119 2009 301 2060 δύναται
339 2010 466 2070 τοὺς
519 2005 1004 2077 προσερχομένους
1055 2005 1125 2057 δι’
1172 2004 1338 2059 αὑτοῦ
1393 2003 1471 2072 τῷ
1517 2003 1670 2072 Θεῷ·

121 2102 311 2154 πάντοτε
354 2101 462 2164 ζῶν
495 2103 579 2164 είς
622 2099 685 2151 τὸ
719 2098 1066 2166 ἐντυγχάνειν
1101 2097 1241 2166 ὑπὲρ
1268 2095 1464 2147 αὐτῶν.
1499 2112 1516 2145 ι
1553 2095 1675 2146 Ὅτι

121 2195 162 2244 δὲ
187 2195 442 2263 μεμένηκε
467 2194 609 2257 Θεὸς
636 2195 665 2246 6
693 2193 757 2246 ἐκ
779 2191 986 2261 Πατρὸς
1009 2191 1198 2259 Λόγος,
1233 2190 1409 2242 καίτοι
1435 2187 1676 2257 γεγονὼς

124 2286 283 2354 ἱερεὺς,
309 2285 448 2338 κατά
480 2285 543 2338 τὸ
572 2284 986 2353 γεγραμμένον,
1015 2282 1104 2335 διὰ
1131 2282 1192 2334 τὸ
1220 2281 1427 2353 πρέπον
1447 2283 1512 2350 τῇ
1541 2280 1679 2350 μετὰ

125 2377 288 2445 σαρκὸς
338 2375 634 2446 οἰκονομίᾳ
687 2374 878 2444 σχῆμά
920 2390 981 2426 τε
1026 2374 1122 2426 καὶ
1176 2373 1393 2443 μέτρον,
1424 2371 1678 2443 ἀποχρῶν

122 2468 223 2534 ἡμῖν
252 2469 324 2528 είς
360 2465 748 2535 πληροφορίαν
775 2468 802 2518 6
828 2463 920 2517 τοῦ
963 2463 1234 2534 μακαρίου
1273 2464 1483 2516 Παύλου
1523 2463 1679 2530 γεγέ-

130 2574 248 2622 qui
288 2557 642 2625 Δόγος.Ἐ;ρη
688 2557 798 2625 γὰρ
847 2555 1042 2608 πάλιν·
1083 2573 1100 2604 ι
1135 2553 1444 2622 Κεφάλαιον
1484 2553 1540 2606 δὲ
1587 2553 1679 2604 ἐπὶ

125 2649 208 2708 τοῖς
247 2646 576 2717 εἰρημένοις,
611 2646 853 2698 τοιοῦτον
887 2645 1082 2715 ἔχομεν
1114 2645 1391 2715 ἀρχιερέα,
1418 2643 1475 2707 ὃς
1519 2643 1679 2696 ἐκάθ-

128 2738 289 2790 ιπ·δέν
321 2737 468 2807 δεξιᾷ
502 2736 602 2790 τοῦ
637 2735 830 2806 θρόνου
877 2737 974 2806 τῆς
1022 2735 1410 2805 μεγαλωσύνης
1460 2736 1518 2788 ἐν
1566 2737 1678 2796 τοῖς

125 2827 350 2894 οὐρανοῖς,
379 2829 486 2881 τῶν
519 2829 698 2896 ἁγίων
739 2827 1055 2897 λειτουργὸς
1082 2828 1174 2879 καὶ
1213 2827 1315 2896 τῆς
1347 2827 1548 2895 σκηνῆς
1581 2827 1678 2896 τῆς

128 2917 376 2987 ἀληθινῆς,
407 2921 476 2990 ἢν
509 2919 718 2988 ἔπηξεν
747 2921 774 2971 6
814 2919 1015 2988 Κύριος
1046 2919 1144 2970 καὶ
1191 2918 1290 2970 οὐκ
1325 2917 1627 2986 ἄνθρωπος.
1653 2937 1670 2969 ι

132 3008 283 3077 ’Δθρει
313 3010 374 3080 δή
399 3006 517 3074 οὖν,
552 3009 710 3079 ἄθρει
754 3009 845 3062 τὸν
887 3011 951 3062 ἐκ
971 3008 1103 3062 Θεοῦ
1133 3008 1306 3077 φύντα
1339 3009 1529 3074 Λόγον,
1564 3008 1678 3060 δια-

131 3102 363 3166 πρέποντα
399 3102 500 3171 μὲν
545 3102 624 3164 ὡς
655 3101 786 3153 Θεὸν
827 3103 948 3163 ταῖς
992 3099 1325 3170 ὑπερτάταις
1369 3099 1675 3163 εὐκλείαις,

129 3191 200 3241 ul
224 3195 273 3244 ἐν
299 3196 403 3256 τοῖς
430 3194 533 3264 τῆς
572 3191 826 3263 θεότητος
861 3192 1076 3254 θώκοις,
1102 3189 1488 3262 ἱερουργοῦντα
1511 3192 1566 3243 δὲ
1588 3192 1678 3243 τὸν

1777 2007 2174 2069 sacerdotium;
2216 2007 2357 2062 unde
2391 2020 2443 2060 et
2474 2009 2686 2060 salvare
2735 2009 2786 2061 in
2821 2021 3136 2077 perpetuum
3185 2019 3359 2078 potest

1779 2097 2098 2150 accedentes
2136 2111 2230 2164 per
2262 2097 2433 2162 ipsum
2478 2098 2542 2150 ad
2590 2097 2778 2163 Deum,
2820 2114 3035 2167 semper
3070 2099 3258 2154 vivens
3291 2099 3358 2154 ad

1779 2184 2229 2254 interpellandum
2283 2202 2378 2254 pro
2412 2188 2488 2240 eis
2522 2186 2588 2240 ³⁸.
2634 2207 2651 2238 ι
2701 2185 2870 2241 Porro
2911 2189 3037 2242 illud
3083 2203 3149 2241 ex
3197 2187 3359 2243 l'atre

1781 2276 2014 2330 Verbum
2045 2277 2312 2331 mansisse
2350 2275 2538 2342 Deum,
2579 2279 2824 2346 quamvis
2857 2277 3030 2333 factus
3077 2280 3146 2332 sit
3177 2294 3356 2334 sacer-

1781 2368 1898 2431 dos,
1937 2378 1993 2421 ut
2039 2367 2296 2436 scriptum
2330 2377 2432 2433 est,
2467 2380 2686 2436 propter
2725 2369 2969 2424 habitum
3011 2379 3174 2439 atque
3210 2387 3359 2426 meu-

1780 2475 1961 2514 suram
2007 2458 2080 2514 illi
2123 2473 2243 2514 cum
2287 2473 2450 2515 carne
2493 2458 2882 2528 dispensationi
2922 2461 3357 2526 convenientem,

1781 2552 1924 2606 beati
1973 2551 2124 2606 Pauli
2171 2553 2333 2606 verba
2377 2563 2500 2606 sunt
2547 2537 2612 2604 ad
2648 2553 2801 2606 fidem
2853 2551 3150 2605 faciendam
3186 2555 3356 2607 satis:

1781 2642 1917 2695 dixit
1951 2643 2094 2696 enim
2133 2658 2346 2696 rursum
2376 2660 2389 2695 :
2423 2661 2441 2693 ι
2471 2641 2777 2710 Capitulum
2809 2655 2934 2696 vero
2955 2656 3117 2710 super
3140 2641 3222 2695 his
3241 2658 3361 2712 qua:

1781 2733 1920 2786 dicta
1959 2741 2104 2794 sunt,
2147 2733 2307 2785 talem
2346 2733 2604 2786 habemus
2647 2730 2962 2786 Pontilicem
3008 2732 3099 2799 qui
3133 2733 3271 2786 sedit
3307 2734 3358 2786 in

1781 2825 2002 2877 dextera
2029 2824 2171 2878 sedis
2203 2824 2587 2893 magnitudinis
2616 2823 2672 2875 in
2707 2822 2878 2886 ccelis,
2920 2834 3229 2876 sanctorutn
3262 2825 3361 2878 mi-

1781 2916 1974 2974 nister.
2019 2924 2074 2969 et
2103 2915 2436 2969 tabernaculi
2487 2917 2622 2982 veri,
2654 2917 2799 2984 quod
2854 2914 2971 2969 fixit
3021 2915 3276 2970 Dominus
3306 2925 3362 2969 et

1782 3020 1886 3059 non
1922 3006 2080 3058 homo
2110 3005 2176 3058 ³⁸.
2220 3024 2237 3054 ι
2279 3006 2408 3058 Vide
2446 3005 2607 3074 igitur
2643 3019 2822 3072 quaeso
2863 3003 2990 3058 illud
3022 3020 3086 3058 ex
3126 3003 3234 3058 Deo
3272 3022 3364 3074 ge-

1783 3098 1951 3150 nitum
1987 3094 2218 3150 Verbum
2248 3111 2368 3148 cum
2413 3095 2858 3165 praestantissima
2896 3095 3060 3164 gloria
3107 3107 3362 3168 tanquam

1785 3190 1922 3242 Deus
1944 3185 2234 3257 praecellat,
2251 3197 2306 3242 et
2325 3186 2374 3240 in
2396 3186 2519 3240 sede
2537 3186 2828 3239 divinitatis
2848 3187 3101 3252 emineat,
3115 3192 3362 3246 eumdem

130 3282 255 3334 αὑτὸν
291 3285 362 3345 ῶς
390 3286 718 3356 ἄνθρωπον·
758 3283 851 3336 καί¹
891 3285 991 3336 οὐκ
1034 3283 1276 3350 ἐπίγειον
1321 3282 1441 3334 τινὰ
1491 3282 1679 3335 θυσίαν

1784 3281 2085 3336 sacerdotio
2112 3279 2261 3351 fungi
2289 3291 2541 3349 tanquam
2571 3279 2841 3334 hominem
2870 3296 2882 3329 :
2907 3294 3078 3348 neque
3097 3292 3361 3336 terrenam

132 3375 531 3442 τροσκομίζοντα.
569 3374 644 3444 τῷ
673 3375 867 3444 Πατρὶ,
897 3374 1048 3427 θείαν
1079 3374 1135 3428 δὲ
1182 3373 1380 3440 μᾶλλον
1433 3374 1527 3426 καὶ
1557 3390 1679 3442 νοη-

133 3462 222 3530 τὴν,
242 3467 324 3518 καὶ
353 3467 566 3535 σκηνὴν
591 3464 778 3534 ῶσπερ
805 3465 964 3530 ἁγίαν
995 3464 1185 3534 ἔχοντα
1213 3466 1304 3517 τὸν
1333 3465 1581 3536 οὐρανόν.
1604 3467 1678 3519 Οὐ

133 3553 216 3621 γὰρ
244 3556 375 3607 κατά
403 3557 574 3623 νόμον
611 3555 830 3621 ἐντολῆς
869 3556 1130 3622 σαρκίνης
1160 3554 1382 3621 γέγονεν
1419 3558 1447 3606 6
1491 3559 1680 3624 ἀρχιε-

136 3644 252 3709 ρεος,
279 3645 406 3698 ἀλλά
453 3644 605 3698 κατὰ
652 3644 882 3714 δύναμιν
936 3645 1082 3712 ζωῆς
1125 3644 1486 3707 ἀκαταλύτου,
1543 3646 1682 3698 καθὰ

135 3734 425 3802 ἷέγραπται.
459 3735 664 3797 Πιστὸς
696 3731 788 3789 οὖν
818 3737 923 3805 ἄρα
958 3737 1051 3788 καὶ
1083 3735 1226 3788 κατὰ
1254 3736 1429 3799 τοῦτο,
1457 3743 1548 3790 καὶ
1570 3739 1680 3800 τοῖς

136 3825 410 3892 προσιοῦσιν
450 3828 738 3898 ἐχέγγυος,
774 3827 852 3889 είς
885 3843 947 3894 γε
980 3827 1040 3878 τὸ
1084 3825 1478 3879 δύνασθαι-καὶ
1533 3828 1678 3896 μάλα

137 3915 298 3982 ῥᾳδίως
335 3918 625 3981 διασώζειν
665 3917 894 3979 αὐτούς·
947 3917 1138 3985 αἵματι
1172 3917 1281 3985 γὰρ
1324 3916 1403 3986 τῷ
1440 3917 1552 3984 ἰδίῳ
1586 3917 1681 3970 καὶ

138 4007 214 4072 μιᾷ
239 4010 514 4078 προσφορᾷ
544 4007 897 4059 τετελείωκεν
919 4008 995 4069 εἰς
1019 4004 1081 4056 τὸ
1103 4005 1344 4074 διηνεκὲς
1371 4005 1495 4068 τοὺς
1522 4007 1682 4073 ἀγια-

138 4092 377 4163 (σμένους.
411 4100 582 4152 Τουτὶ
628 4098 737 4167 γάρ
786 4094 940 4164 uita/It
988 4096 1180 4166 δηλοῦν
1229 4097 1318 4148 τὸν
1371 4098 1514 4168 ἱερὸν
1551 4099 1681 4168 ἡμῖν

139 4183 326 4250 λέγοντα
354 4187 574 4241 Παῦλον
594 4200 607 4214 ⁸
644 4204 662 4236 ι
687 4185 773 4236 Ἐν
803 4177 847 4251 ᾧ
879 4184 986 4253 γὰρ
1016 4182 1278 4235 πέπονθεν
1305 4183 1464 4245 αὐτὸς
1491 4200 1682 4252 πειρα-

141 4273 286 4336 σθείς,
335 4277 564 4328 δύναται
619 4277 728 4336 τοῖς
780 4272 1194 4342 πειραζομένοις
1245 4271 1528 4342 βοηθῆσαι.
1562 4291 1580 4322 ι
1618 4272 1680 4323 Τί

140 4365 280 4416 τοίνυν
305 4370 431 4436 ἡμῖν
467 4367 574 4419 τῶν
605 4367 684 4427 είς
706 4364 986 4416 εὐσέϐειαν
1011 4362 1306 4432 ἀφειδήσας
1330 4364 1566 4426 ἐννοιῶν,
1591 4364 1683 4417 καὶ

142 4455 223 4506 τῶν
251 4460 321 4520 εἰς
350 4459 626 4529 ὀρθότητα
663 4458 756 4509 καὶ
787 4455 1044 4524 ἀλήθειαν
1078 4457 1448 4526 ἀποφοιτήσας
1487 4456 1680 4524 λόγων,

150 4546 193 4598 '0
220 4551 405 4616 παθὼν,
441 4552 628 4619 φησιν,
668 4549 952 4618 ἀρχιερεὺς
995 4548 1240 4617 ἐλεήμων
1264 4566 1276 4578 ο
1313 4548 1551 4616 παθητὸς
1575 4549 1631 4600 δέ
1652 4549 1680 4600 6

144 4638 256 4701 ναὸς,
283 4643 373 4710 οὐχ
395 4646 426 4694 6
461 4639 722 4704 ζωοποιὸς
745 4636 838 4689 τοῦ
864 4638 1192 4699 πεπονθότος
1227 4637 1391 4702 Θεός;
1422 4638 1543 4690 ’Ότι
1588 4638 1684 4707 μὲν

143 4724 212 4779 οὖν
241 4734 388 4802 σαρκὶ
425 4730 699 4783 πέπονθεν
731 4728 870 4782 ἑκὼν
892 4729 959 4780 δι’
990 4729 1136 4797 ἡμᾶς
1163 4730 1192 4780 6
1215 4727 1306 4779 τοῦ
1331 4727 1464 4780 Θεοῦ
1493 4729 1684 4794 Λόγος,

146 4819 186 4866 ὲν
219 4820 315 4890 ἰδίῳ
344 4821 524 4891 καιρῷ
569 4820 943 4890 δειχθήσεται·
978 4815 1059 4870 ὃτί
1089 4818 1146 4869 δὲ
1185 4817 1395 4887 μερίζει
1429 4817 1520 4869 τὸν
1546 4817 1687 4884 ἁμέ·

148 4926 311 4976 ριστον,
344 4916 439 4966 καὶ
469 4912 564 4964 δύο
597 4912 886 4981 πρεσϐεύει
915 4911 1180 4981 Χριστοῦς
1203 4912 1268 4978 τῇ
1295 4908 1401 4960 τῶν
1429 4908 1573 4960 ἰδίων
1603 4909 1690 4958 ἐν·

145 5002 268 5054 νοιῶν
288 5006 532 5074 δυνάμει,
561 5004 662 5056 κᾶν
688 5006 736 5054 εἰ
772 5004 950 5070 φαίνοι
979 5002 1038 5053 τό
1068 5018 1166 5052 που
1194 4999 1426 5067 Χριστὸν
1470 4998 1565 5050 ἕνα
1600 4997 1687 5049 λέ-

146 5107 248 5155 γων,
278 5098 422 5149 οὐδὲν
456 5093 618 5166 ἦττον
659 5093 1048 5163 ἐλεγχθήσεται
1101 5091 1197 5144 καὶ
1237 5089 1326 5142 διὰ
1367 5090 1476 5141 τῶν
1528 5089 1687 5152 εὐθὺς

147 5181 555 5254 ἐπενηνεγμένων
576 5201 588 5212 ο
615 5184 720 5251 ἔφη
745 5183 852 5253 γὰρ
888 5181 1049 5236 πάλιν
1066 5198 1078 5210 ·

203 5272 247 5344 [ι
274 5278 497 5345 Σπέρμα
547 5275 797 5344 Ἀϐραὰμ
839 5275 866 5326 ὁ
903 5273 1028 5342 χθὲς
1074 5273 1166 5325 καὶ
1197 5273 1433 5344 σήμερον
1455 5312 1467 5334 ,
1501 5290 1518 5319 ι
1549 5269 1689 5322 κατά

148 5366 221 5432 τὴν
243 5368 326 5420 τοῦ
353 5367 568 5421 Παύλου
600 5367 806 5436 φωνὴν,
831 5366 927 5433 οὐχ
949 5364 976 5414 ό
997 5365 1190 5433 λέγων,
1222 5384 1238 5415 ι
1265 5365 1398 5434 Πρὶν
1438 5361 1689 5432 Ἀϐραὰμ

151 5459 382 5523 γενέσθαι,
436 5457 548 5526 ἐγώ
593 5459 730 5526 εἰμι.
758 5475 775 5508 ι
830 5458 1050 5526 Ὀμοιος
1092 5458 1203 5518 τοῖς
1251 5455 1497 5524 ἀδελφοῖς
1553 5452 1694 5505 κατὰ

153 5549 311 5615 πάντα,
361 5555 386 5604 6
410 5551 598 5621 ίψυχῆς
642 5547 991 5619 ἀνθρωπίνης
1037 5547 1132 5600 καὶ
1165 5546 1365 5616 σαρκὸς
1404 5542 1690 5598 ἀναλαϐὼν

208 5727 242 5757 ³³
270 5729 384 5785 an.
412 5746 460 5794 ν,
485 5731 578 5786 24.
658 5731 704 5761 ³³
739 5729 758 5780 1
789 5727 916 5782 Cor.
942 5742 996 5788 ι,
1025 5725 1107 5779 15.
1182 5725 1223 5756 ³⁸
1257 5724 1417 5779 llebr.
1445 5739 1544 5782 vn.
1566 5722 1680 5776 9.3-5

1781 5793 1798 5794 ᾧ
1834 5723 1876 5753 ³⁸
1913 5720 2074 5777 llebr.
2102 5737 2212 5786 vni,
2243 5723 2290 5785 l,
2316 5722 2369 5776 2.

1782 3374 2016 3441 aliquam
2043 3374 2313 3426 victimam
2342 3371 2488 3425 Patri
2525 3370 2739 3435 offerre,
2769 3371 2874 3441 75
2909 3372 3000 3426 sed
3029 3372 3260 3426 divinam
3300 3389 3364 3429 ac

1780 3460 2101 3530 spiritalem,
2132 3470 2186 3514 et
2214 3475 2311 3528 pro
2339 3468 2526 3513 sancto
2551 3461 2897 3515 tabernaculo
2921 3461 3114 3514 ctelum
3142 3463 3362 3520 habere.

1781 3550 1902 3605 Non
1936 3554 2081 3605 enim
2116 3553 2411 3607 secundum
2447 3550 2618 3620 legem
2657 3553 2894 3606 mandati
2927 3553 3163 3607 carnalis
3191 3546 3366 3610 factis

1781 3655 1861 3696 est
1884 3644 2161 3704 sacerdos.
2198 3643 2292 3696 sed
2315 3645 2606 3696 secundum
2633 3645 2883 3696 virtutem
2902 3645 3028 3700 vitae
3046 3646 3362 3710 insolubilis,

1782 3744 1840 3787 ut
1895 3734 2156 3803 scriptum
2211 3742 2293 3788 est
2333 3734 2401 3790 "’.
2466 3734 2667 3788 Fidelis
2717 3743 2801 3788 est
2851 3735 3009 3803 igitur
3059 3737 3222 3789 etiam
3267 3737 3367 3793 hac

1782 3825 2011 3888 ratione,
2061 3833 2116 3878 et
2151 3824 2534 3879 accedentibus
2579 3823 2861 3893 fidejussor
2887 3825 2954 3879 ad
2990 3825 3217 3881 salutem
3261 3829 3368 3883 illis

1781 3925 1834 3968 et
1864 3917 2080 3983 quidem
2110 3915 2364 3969 facillime
2387 3919 2746 3984 praestandam
2778 3934 2790 3970 :
2820 3918 3081 3986 sanguine
3101 3918 3243 3972 enim
3269 3935 3368 3975 suo

1783 4015 1837 4060 et
1860 4021 1962 4059 una
1989 4005 2264 4060 oblatione
2292 4009 2684 4060 consummavit
2709 4008 2758 4059 in
2778 4016 3038 4061 aeternum
3057 4011 3368 4065 sanctiﬁca-

1785 4106 1901 4152 tos:
1935 4096 1986 4150 id
2017 4112 2248 4165 namque
2279 4098 2433 4152 nobis
2462 4099 2674 4152 beatum
2696 4096 2919 4150 Paulum
2944 4099 3247 4168 significare
3273 4118 3370 4170 pu-

1785 4199 1858 4253 to,
1881 4204 1998 4242 cum
2026 4189 2152 4242 dicit
2179 4205 2191 4239 :
2222 4207 2238 4239 ι
2272 4188 2324 4243 In
2344 4204 2448 4257 quo
2476 4189 2616 4242 enim
2646 4203 2832 4256 passus
2860 4198 2944 4241 est
2969 4190 3080 4256 ipse
3106 4199 3364 4257 tentatus,

1785 4291 1973 4350 potens
1996 4290 2073 4335 est
2101 4281 2179 4334 eis
2207 4281 2295 4349 qui
2329 4288 2624 4343 tentantur,
2646 4279 2893 4333 auxiliari
2928 4281 2990 4334 ³⁸.
3023 4298 3041 4331 ι
3074 4281 3180 4336 Cur
3208 4284 3368 4353 igitur

1783 4371 1982 4441 pietate
2023 4370 2411 4423 sententiarum
2450 4369 2718 4436 neglecta,
2758 4377 2812 4422 et
2843 4384 2871 4422 a
2920 4371 3081 4424 rectis
3114 4375 3368 4441 verisque

1784 4459 2130 4514 sermonibus
2169 4459 2488 4524 abscedens,
2521 4459 2623 4524 Qui
2652 4473 2841 4527 passus
2869 4469 2970 4523 est,
3005 4461 3195 4529 inquit,
3225 4461 3368 4517 Pon-

1789 4551 1916 4605 tifex
1952 4560 2036 4604 est
2076 4550 2166 4604 ille
2213 4549 2541 4614 misericors,
2590 4549 2809 4618 patibile
2855 4565 2984 4604 vero
3022 4551 3190 4620 ipsum
3235 4562 3370 4608 tem-

1791 4641 1958 4710 plum,
1992 4655 2096 4695 non
2140 4640 2226 4694 ille
2272 4639 2576 4693 vivificator
2608 4641 2747 4709 passi
2795 4640 2970 4694 Dens?
3000 4640 3175 4696 Carne
3206 4643 3369 4712 igitur

1790 4741 1982 4800 sponte
2021 4741 2240 4800 propter
2272 4745 2368 4786 nos
2393 4744 2609 4799 passum
2638 4744 2756 4784 esse
2786 4731 2956 4797 ipsum
2985 4731 3075 4784 Dei
3108 4730 3364 4798 Verbum,

1790 4837 1893 4877 suo
1924 4832 2162 4890 tempore
2197 4821 2652 4876 demonstrabitur
2693 4839 2707 4875 :
2742 4821 2833 4875 sed
2877 4821 3204 4876 individuum
3233 4825 3369 4878 divi-

1793 4913 1940 4976 dere,
1969 4914 2207 4981 duosque
2238 4913 2484 4967 Christos
2516 4926 2582 4966 ex
2614 4913 2663 4966 vi
2709 4927 2928 4967 suarum
2977 4915 3366 4969 sententiarum

1792 5003 2105 5072 praedicare,
2122 5003 2334 5056 tametsi
2360 5003 2682 5071 quandoque
2705 5017 2869 5055 unum
2888 5001 3163 5058 Christum
3187 5006 3368 5061 dicere

1795 5091 2064 5154 videatur,
2101 5091 2451 5144 nihilominus
2477 5105 2543 5144 ex
2570 5091 2653 5145 his
2677 5103 2795 5161 qua:
2822 5089 3003 5144 statim
3030 5091 3210 5158 infert,
3239 5107 3368 5147 con-

1797 5180 2038 5235 vincetur
2069 5198 2082 5232 :
2108 5180 2242 5233 dixit
2273 5182 2414 5234 enim
2447 5195 2652 5234 rursus.
2683 5198 2698 5236 :

1867 5271 2131 5343 [Νεετοιι.
2164 5289 2182 5322 ι
2209 5271 2403 5326 Semen
2439 5271 2710 5326 Abraham
2745 5273 2788 5328 is
2817 5282 2901 5327 est
2935 5273 3024 5341 qul
3055 5271 3170 5326 heri
3200 5281 3282 5326 est
3315 5283 3371 5328 et

1797 5363 1978 5428 hodie,
2010 5382 2028 5415 ι
2059 5373 2116 5416 ιιι
2140 5361 2339 5416 Paulus
2359 5363 2538 5427 ait”',
2561 5379 2663 5416 non
2691 5365 2778 5432 qui
2806 5363 2937 5417 dixit
2966 5381 2977 5416 :
3009 5382 3026 5413 ι
3052 5362 3367 5432 Priusquam

1796 5456 2068 5510 Abraham
2107 5455 2280 5520 fieret,
2314 5470 2411 5524 ego
2437 5471 2553 5509 sum
2582 5456 2646 5508 ³⁸.
2675 5473 2693 5506 ι
2728 5453 2932 5508 Similis
2971 5451 3229 5506 fratribus
3275 5468 3371 5521 per

1796 5548 1977 5602 omnia
1995 5547 2062 5611 ⁸ο,
2085 5549 2176 5616 qui
2207 5549 2452 5602 humanae
2480 5547 2672 5600 anima:
2695 5556 2749 5600 et
2767 5546 2947 5600 carnis
2973 5544 3366 5600 fraternitatem

2471 5723 2513 5754 ³⁷
2557 5721 2720 5778 llebr.
2749 5735 2842 5788 vtt,
2865 5721 2956 5774 25.
3035 5720 3076 5751 ³⁸
3119 5719 3278 5774 llebr.
3305 5732 3372 5786 tt,

159 5798 222 5852 18.
285 5801 335 5831 ³⁸·
375 5801 533 5856 llebr.
565 5801 742 5865 xm,8.
823 5799 865 5828 δ’
897 5795 1051 5849 .loan.
1080 5811 1192 5858 \‘lll,
1220 5795 1306 5848 58.
1382 5795 1426 5824 ⁸⁰
1466 5793 1626 5847 llebr.
1652 5808 1710 5858 ll,
1735 5793 1822 5848 77.
