4112 6480
767 438 866 489 ιπκ

1796 428 1852 482 S.
1895 424 2168 479 CYRILLI
2210 419 2673 476 ALEXANDRINI
2716 417 3031 472 ARCIIIEP.

3933 415 4032 465 lSG

765 554 1028 624 suscepit,
1060 567 1164 607 non
1194 552 1283 608 ille
1330 552 1420 620 qui
1471 550 1643 603 dixit:
1691 568 1708 600 ι
1751 548 1849 615 Qui
1881 548 2012 600 vidit
2064 561 2168 607 me.
2197 545 2331 597 vidit

2439 542 2788 609 ἀδελφότητα,
2807 540 2901 609 οὐχ
2922 539 2949 590 6
2965 535 3142 605 λέγων
3164 556 3177 568 ·
3218 538 3272 588 ’0
3290 536 3541 607 ἑωρακὼς
3563 539 3679 605 ἐμὲ,
3704 536 3919 607 ἑώρακε
3940 538 4029 585 τὸν

764 659 817 701 ct
842 647 1053 701 Patrem
1086 646 1153 699 δί.
1182 665 1198 697 ι
1239 644 1436 698 Missus
1467 652 1546 696 est
1576 651 1755 694 autem
1791 638 1876 691 ille
1912 638 2064 691 nobis
2101 638 2335 689 CODSllll-

766 737 1068 801 stantialis,
1119 748 1172 791 et
1198 745 1389 790 unctus
1430 742 1510 787 est
1540 732 1845 800 prmdicans
1878 728 2107 799 captivis
2146 727 2335 780 remis-

766 829 969 883 sionem
1006 836 1060 881 et
1105 826 1262 880 caecis
1311 824 1485 877 visum
1508 823 1551 852 δ’
1600 840 1617 872 ‹
1658 821 1892 890 Spiritus
1933 820 2076 872 enim
2124 817 2333 872 Domini

765 933 927 988 super
965 933 1049 971 me
1071 956 1084 981 ,
1117 927 1337 985 propter
1366 916 1506 984 quod
1549 913 1701 966 unxit
1733 926 1836 966 me.
1872 908 1919 980 ι]

1422 1049 1577 1105 CAP.
1620 1048 1708 1101 Ill.

844 1186 1045 1240 Dividit
1079 1199 1209 1255 ergo
1239 1197 1451 1237 rursum
1487 1182 1538 1236 in
1574 1182 1725 1242 duos.
1757 1188 1813 1233 ut
1838 1179 2181 1249 perspicuum
2212 1185 2331 1229 est:

767 1277 913 1347 atqui
949 1277 1218 1345 quomodo
1270 1289 1376 1330 non
1417 1274 1758 1329 convinceris
1796 1269 2045 1324 animalis
2098 1282 2238 1330 esse,
2286 1275 2339 1321 et

766 1370 1014 1439 spiritum
1059 1383 1164 1421 non
1194 1367 1417 1429 habere,
1462 1375 1521 1418 ut
1576 1365 1651 1418 ait
1701 1363 1790 1417 ille
1825 1361 2125 1416 Salvatoris
2166 1358 2335 1414 nostri

767 1457 1099 1527 discipulus?
1140 1455 1244 1511 Sed
1284 1459 1361 1510 vis
1386 1468 1536 1510 certe
1568 1455 1682 1522 ipsa
1713 1452 1958 1506 veritatis
1994 1451 2098 1503 tuis
2136 1448 2336 1509 verbis,

765 1554 913 1620 oqni
949 1552 1017 1603 ita
1075 1549 1267 1611 sentis,
1320 1554 1604 1615 repugnat.
1653 1541 1762 1597 Nos
1818 1544 1959 1596 enim
2009 1542 2338 1595 aﬂirmamus

771 1644 944 1710 ipsum
976 1656 1040 1695 ex
1075 1640 1186 1695 Deo
1218 1639 1378 1694 Patre
1425 1636 1658 1690 Verbum
1687 1632 2108 1703 apprehendisse
2152 1645 2335 1685 semen

767 1734 1063 1795 Abraham,
1097 1742 1150 1785 et
1178 1745 1332 1784 suum
1384 1726 1578 1782 fecisse
1621 1740 1821 1794 corpus
1850 1724 2030 1778 anima
2079 1720 2335 1777 rationali

769 1825 1073 1895 praeditum,
1108 1823 1258 1887 illud,
1296 1820 1546 1889 inquam,
1576 1832 1641 1871 ex
1683 1826 1865 1871 sancta
1921 1814 2138 1885 Virgine
2188 1827 2337 1868 sum-

2439 633 2677 702 Πατέρα.
2715 652 2730 682 ι
2814 629 3114 700 Ἀπεστάλη
3167 629 3220 681 δὲ
3274 632 3300 681 ὀ
3355 630 3481 698 ἡμῖν
3548 628 3877 696 ὀμοούσιος,
3937 631 4027 677 καὶ

2438 726 2717 793 κέχρισται
2747 721 3031 792 κηρύττων
3050 719 3411 790 αἰχμαλώτοις
3435 720 3650 787 ἄφεσιν,
3678 722 3773 772 καὶ
3799 718 4025 787 τυφλοῖς

2437 812 2751 881 ἀνάϐλεψιν.
2790 831 2807 862 ι
2832 810 3056 880 Πνεῦμα
3091 810 3197 882 γὰρ
3226 809 3431 880 Κυρίου
3462 810 3548 863 ἐπ’
3584 810 3706 878 ἐμὲ,
3746 802 3815 862 οὗ
3838 810 4024 861 ἕνεκεν

2438 902 2621 972 ἐχρισέ
2666 919 2751 972 με.
2789 921 2804 951 ι
2838 900 2852 973 ]

3042 1037 3290 1090 ΚΕΦΑΛ.
3340 1036 3412 1090 Γ’.

2509 1171 2738 1242 Διορίζει
2768 1166 2860 1223 οῦν
2893 1172 2971 1233 εἰς
3015 1170 3108 1224 δύο
3146 1170 3209 1241 δὴ
3252 1171 3433 1235 πάλιν,
3480 1171 3575 1224 xui.
3613 1172 3758 1242 μάλα
3792 1173 3985 1239 σαφῶς
4008 1190 4019 1203 ·

2439 1256 2556 1313 εἶτα
2612 1261 2727 1323 πῶς
2762 1262 2861 1315 οὐκ
2907 1262 3190 1333 ὲλήλεγξαι
3228 1262 3457 1332 ψυχικὸς
3499 1264 3588 1316 καὶ
3656 1263 3881 1333 πνεῦμα
3949 1267 4022 1333 μὴ

2438 1350 2596 1421 ἔχων,
2645 1352 2790 1405 καθά
2834 1369 2966 1421 φησι
3020 1352 3112 1406 τοῦ
3149 1353 3399 1423 Σωτῆρος
3444 1354 3473 1404 6
3528 1352 3815 1425 μαθητής;
3883 1354 4023 1405 Ἀλλ’

2437 1442 2532 1509 ἦτε
2565 1440 2575 1511 [
2606 1442 2689 1495 ίσ.
2728 1442 2761 1512 ἦ
2804 1442 2908 1515 γε]
2940 1444 3035 1513 τῆς
3067 1444 3323 1515 ἀληθείας
3366 1444 3592 1514 δύναμις
3628 1449 3738 1508 τοῖς
3789 1448 3927 1510 σοῖς,
3977 1440 4021 1499 ὦ

2438 1523 2611 1593 οὗτος,
2642 1532 2982 1595 ὰντιτάξεται
3008 1533 3203 1601 λόγοις.
3233 1532 3685 1602 Διῖσχυριζόμεθα
3717 1535 3829 1605 γὰρ
3860 1535 4022 1587 αὐτὸν

2438 1624 2530 1675 τὸν
2565 1625 2626 1675 ὲκ
2661 1623 2793 1676 Θεοῦ
2839 1624 3049 1695 Πατρὸς
3093 1625 3264 1691 Λόγον
3309 1624 3658 1679 ἐπιλαϐέσθαι
3704 1628 4022 1696 σπέρματος

2452 1714 2719 1785 Ἀϐραὰμ,
2769 1716 2861 1768 καὶ
2913 1716 3039 1768 ῐδιον
3082 1715 3407 1786 ποιήσασθαι
3459 1716 3616 1786 σῶμα
3657 1718 3839 1787 ψυχήν
3885 1717 4021 1785 ἔχων

2441 1806 2560 1878 [ἵσ.
2600 1806 2754 1878 ἔχον]
2804 1806 2901 1878 τὴν
2940 1808 3183 1878 λογικὴν,
3228 1810 3287 1861 τὺ
3317 1811 3379 1862 ὲκ
3409 1810 3505 1879 τῆς
3533 1809 3691 1876 ἁγίας
3736 1809 4019 1879 Παρθένου

767 1923 916 1980 ptum
957 1928 970 1964 :
1005 1913 1185 1978 itaque
1218 1921 1312 1978 per
1349 1922 1530 1961 veram
1559 1905 1811 1959 unionem
1840 1919 2006 1979 unum
2055 1903 2333 1956 eumdem-

2439 1900 2638 1966 ληφθὲν
2669 1900 2847 1968 σῶμα.
2888 1902 2997 1953 Καὶ
3022 1900 3084 1969 δὴ
3124 1900 3246 1952 καθ’
3276 1901 3467 1954 ἕνωσιν
3489 1901 3684 1972 ἀληθῆ,
3716 1902 3815 1954 ἕνα
3842 1919 3903 1953 τε
3930 1903 4020 1953 καὶ

766 2016 870 2071 que
897 2001 1123 2054 dicimus
1154 2013 1276 2053 esse
1308 1999 1457 2051 illum
1501 1998 1614 2052 heri
1643 2007 1699 2051 et
1722 1996 1883 2051 hodie
1936 2003 1992 2050 et
2027 1995 2079 2047 in
2111 1993 2331 2058 saecula,

768 2094 857 2163 qui
894 2093 1186 2145 secundum
1240 2091 1576 2143 divinitatem
1617 2098 1739 2141 erat
1782 2096 1909 2140 ante
1956 2085 2253 2147 Abraham,
2282 2096 2336 2138 et

767 2186 855 2256 qui
896 2194 1079 2253 postea
1130 2182 1308 2237 factus
1368 2189 1452 2236 est
1484 2182 1669 2244 homo,
1723 2189 1777 2233 et
1820 2177 2223 2247 generationem
2269 2190 2335 2229 ex

769 2277 995 2330 muliere
1049 2274 1239 2328 subiit.
1307 2272 1420 2325 Non
1478 2285 1610 2339 ergo
1666 2269 1925 2323 mentitur
1975 2281 2097 2320 cum
2151 2266 2331 2322 dicit:

773 2385 791 2417 ι
828 2367 999 2419 Amen
1034 2364 1156 2418 dico
1190 2364 1341 2418 vobis
1368 2400 1381 2425 ,
1434 2363 1750 2431 priusquam
1808 2360 2085 2413 Abraham
2147 2357 2333 2421 ﬂeret,

766 2472 867 2528 ego
898 2470 1036 2510 sum.
1083 2472 1103 2507 ›
1144 2452 1249 2508 Sed
1278 2454 1397 2508 iste
1421 2467 1643 2522 prorsus
1676 2466 1782 2505 non
1808 2449 2333 2518 intelligitquiduam

768 2548 897 2601 illud
924 2547 1014 2611 sit,
1051 2545 1165 2598 heri
1190 2553 1245 2598 et
1291 2544 1454 2598 hodie
1501 2551 1555 2597 et
1584 2542 1637 2596 in
1694 2542 1891 2597 saecula
1919 2558 1933 2595 :
1963 2540 2071 2610 76
2126 2555 2247 2593 nam
2281 2550 2338 2593 ut

765 2648 1026 2693 aeternum
1062 2650 1187 2690 esse
1231 2645 1287 2689 et
1321 2634 1511 2689 eodem
1564 2634 1723 2688 modo
1780 2635 1981 2688 habere
2029 2637 2332 2687 secundum

769 2738 1041 2788 naturam,
1072 2740 1247 2795 neque
1298 2725 1662 2789 conversioni,
1709 2726 2111 2791 mutationique
2156 2723 2339 2791 subju-

767 2830 890 2871 ccre
919 2815 1010 2868 Dei
1047 2812 1278 2869 Verbum
1310 2816 1641 2877 05tenderet,
1685 2815 1848 2867 etiam
1885 2816 1931 2868 si
1968 2816 2142 2867 factus
2167 2815 2327 2866 homo

765 2906 880 2970 sit,
935 2912 1149 2973 tempus
1188 2918 1347 2959 omne
1403 2902 1657 2957 distinxit
1705 2904 1757 2957 in
1809 2903 1907 2957 tria
1961 2916 2203 2973 tempora
2232 2946 2246 2970 ,
2280 2912 2335 2957 et

767 2996 905 3061 heri,
938 2996 1003 3048 de
1050 2994 1321 3063 praeterito
1360 2993 1536 3060 dixit;
1572 2995 1637 3049 de
1688 2996 1937 3063 praesenti
1967 3033 1983 3058 ,
2022 2996 2179 3049 hodie
2217 3010 2231 3058 ;
2272 2998 2336 3048 de

767 3088 986 3149 futuro,
1018 3086 1070 3139 in
1102 3084 1354 3139 saeculum
1402 3102 1416 3139 :
1452 3084 1557 3137 iste
1602 3100 1732 3139 vero
1769 3084 2072 3152 imperitus,
2109 3084 2225 3137 heri
2277 3095 2335 3138 et

767 3181 926 3259 hodie
958 3188 1211 3248 tanquam
1242 3178 1307 3231 de
1337 3178 1611 3230 communi
1646 3176 1865 3230 homine
1888 3177 1955 3228 ab
1982 3190 2047 3229 eo
2081 3175 2318 3239 dicatur,

764 3270 1086 3340 insipienter
1125 3267 1402 3331 aﬂirmat,
1464 3283 1567 3321 non
1623 3266 1930 3336 intelligens
1970 3279 2194 3335 prorsus
2242 3280 2333 3318 au-

764 3356 1051 3420 tiquioreut
1080 3354 1226 3407 illum
1272 3363 1327 3408 et
1359 3356 1592 3422 priorem
1628 3368 1723 3409 sua
1776 3354 1942 3423 ipsius
1984 3354 2333 3421 generatione

763 3461 795 3499 ι
828 3460 889 3500 se
912 3445 1271 3514 pronuntiari,
1302 3445 1570 3513 siquidem
1602 3451 1721 3499 erat
1744 3444 1967 3498 ontuiuo
1992 3444 2159 3496 etiam
2190 3443 2331 3506 heri,

759 3540 904 3607 quod
930 3537 1183 3606 praeteriti
1209 3536 1467 3602 temporis
1483 3536 1934 3605 signiﬁcationem
1955 3534 2137 3587 habet.
2165 3531 2335 3586 Porro

766 3644 872 3682 non
922 3642 1042 3682 esse
1076 3627 1239 3681 alium
1282 3626 1432 3681 illum
1483 3626 1598 3679 heri
1653 3636 1706 3678 et
1737 3625 1893 3678 hodie
1944 3621 2129 3679 Jesum
2176 3621 2335 3677 Chri-

764 3730 930 3782 stum,
960 3720 1124 3772 alium
1162 3732 1288 3772 vero
1315 3733 1434 3772 eum
1466 3718 1556 3786 qui
1587 3716 1715 3771 dicit
1749 3733 1762 3767 :
1794 3733 1812 3765 ι
1842 3716 2141 3782 Antequam
2164 3715 2335 3767 Abra-

768 3813 888 3863 ham
917 3812 1087 3872 lieret,
1118 3823 1216 3877 ego
1252 3823 1394 3870 sum,
1422 3827 1439 3858 ι
1471 3808 1564 3860 sed
1592 3822 1754 3859 unum
1780 3816 1834 3859 et
1868 3804 2113 3857 eumdem
2147 3818 2335 3858 secun-

763 3902 892 3953 dum
921 3914 1102 3953 veram
1135 3898 1411 3961 unionem,
1444 3911 1565 3949 cum
1606 3894 1748 3948 Deus
1784 3893 2015 3947 Verbum
2058 3893 2129 3945 sit
2175 3892 2335 3945 homo

761 3993 944 4043 Iactus
987 3989 1154 4042 nostri
1192 3988 1423 4051 similis,
1481 3998 1535 4039 et
1562 4002 1673 4039 suae
1721 3995 1924 4038 natura:
1973 3983 2333 4037 conditlonetn

762 4082 911 4135 illam
942 4095 1045 4148 qua
1072 4079 1340 4147 principio
1376 4080 1635 4144 temporis
1665 4085 1837 4142 caret,
1894 4076 2130 4130 servarit
2164 4076 2331 4129 etiam

756 4190 886 4228 cum
918 4174 1090 4228 factus
1129 4182 1212 4227 est
1241 4186 1392 4234 caro,
1455 4172 1707 4224 facillime
1743 4171 1971 4237 quisque
2028 4183 2095 4221 ex
2158 4168 2333 4222 sacris

767 4264 962 4319 litteris
1003 4262 1310 4331 perspiciet.
1359 4260 1449 4311 Ait
1475 4261 1619 4312 enim
1669 4258 1911 4312 Joannes
1944 4258 2135 4311 beatus
2168 4269 2335 4309 evan-

766 4356 955 4424 gelista
983 4355 1048 4406 de
1069 4353 1309 4406 omnium
1342 4352 1622 4406 Salvatore
1646 4350 1865 4405 Christo
1905 4366 1917 4403 :
1955 4348 2198 4412 Joannes
2248 4357 2331 4401 te-

764 4442 1078 4494 stimomum
1104 4440 1351 4507 perhibet
1369 4440 1433 4492 de
1453 4440 1589 4505 ipso,
1616 4449 1668 4492 et
1688 4438 1907 4501 clamat,
1928 4438 2112 4491 dicens
2137 4453 2151 4488 :
2180 4453 2198 4487 ι
2230 4435 2334 4501 Qui

2438 1990 2528 2041 τὸν
2569 1991 2732 2043 αὐτὸν
2766 1986 2904 2044 εἷναί
2945 2009 3125 2060 φαμεν
3152 1994 3242 2045 τὸν
3272 1993 3394 2062 χθὲς
3427 1995 3518 2047 καὶ
3549 1995 3787 2063 σήμερον
3818 1995 3915 2047 καὶ
3942 1996 4019 2056 είς

2438 2083 2565 2145 τοὺς
2589 2081 2812 2147 αἰῶνας,
2844 2082 2971 2136 ὄντα
2992 2100 3049 2135 τε
3082 2082 3187 2153 πρό
3236 2081 3485 2153 Ἀϐραὰμ
3519 2082 3732 2146 θεῖκῶς,
3750 2085 4019 2151 γεγονότα

2436 2171 2492 2224 δὲ
2526 2173 2619 2224 καὶ
2650 2174 2787 2243 μετὰ
2817 2172 2975 2227 τοῦτο
3006 2173 3307 2245 ἄνθρωπον,
3343 2173 3436 2226 καὶ
3460 2174 3707 2242 γέννησιν
3722 2175 4017 2243 ὑπομεῖναι

2437 2266 2534 2334 τὴν
2579 2266 2643 2317 ὲκ
2696 2266 2972 2332 γυναικός.
3016 2265 3224 2318 Οὐκοῦν
3272 2267 3331 2318 ού
3386 2264 3739 2334 ψευδοεπήσει
3803 2265 4013 2333 λέγων·

2445 2377 2462 2408 ε
2511 2359 2680 2427 Ἀμὴν
2734 2357 2876 2424 λέγω
2918 2358 3065 2427 ὑμῖν,
3116 2359 3244 2425 πρὶν
3301 2356 3550 2426 Ἀϐραὰμ
3608 2356 3860 2423 γενέσθαι
3910 2356 4018 2423 ἐγώ

2437 2450 2569 2517 εἰμι.
2603 2467 2618 2497 ι
2672 2448 2807 2501 Ἀλλ’
2851 2449 2911 2501 ού
2972 2448 3217 2516 συνίησιν
3248 2446 3402 2509 ὅλως,
3458 2446 3485 2499 ὃ
3525 2445 3577 2498 τί
3634 2445 3764 2499 ποτέ
3804 2448 3926 2499 ἐστι
3960 2446 4018 2497 τὸ

2438 2538 2562 2607 χθὲς
2600 2538 2693 2589 καὶ
2751 2539 3024 2607 σήμερον,
3065 2536 3159 2588 καὶ
3207 2538 3285 2598 είς
3324 2536 3449 2599 τοὺς
3491 2534 3725 2597 αἰῶνας·
3780 2536 3868 2588 ἴνα
3912 2536 4017 2604 γὰρ

2438 2625 2605 2679 ἀΐδιον
2640 2626 2788 2689 ὄντα,
2838 2627 2931 2679 καὶ
2972 2626 3233 2689 ὡσαύτως
3285 2625 3475 2695 ἔχοντα
3517 2626 3659 2679 κατὰ
3699 2626 3881 2694 φύσιν,
3924 2629 4015 2679 καὶ

2437 2718 2642 2787 τροπῆς
2676 2717 2882 2785 ἀμείνω
2922 2717 3015 2767 καὶ
3062 2716 3361 2784 μεταόολῆς
3401 2715 3492 2767 τὸν
3536 2714 3630 2767 τοῦ
3663 2714 3801 2769 Θεοῦ
3847 2733 4013 2769 κατα-

2436 2807 2584 2876 δείξῃ
2618 2807 2807 2870 Λόγον,
2842 2805 2945 2859 κᾶν
2967 2808 3018 2858 εί
3056 2806 3274 2873 γέγονεν
3320 2806 3621 2875 ἄνθρωπος,
3676 2809 3755 2869 είς
3790 2808 4012 2877 καιροὺς

2443 2899 2539 2967 μὲν
2566 2900 2816 2969 διέστησε
2865 2900 3015 2968 τρεῖς
3042 2898 3132 2951 τὸν
3166 2898 3378 2951 ᾶπαντα
3408 2897 3599 2967 χρόνον
3624 2914 3635 2927 ·
3671 2896 3854 2967 τίθησι
3877 2896 3931 2950 δὲ
3955 2898 4013 2951 τὸ

2441 2988 2539 3055 μὲν
2578 2986 2725 3054 χθὲς,
2759 2987 2851 3039 ἐπὶ
2889 2987 2981 3039 τοῦ
3028 2987 3438 3057 παρῳχηκότος,
3485 2987 3577 3038 ἐπὶ
3608 2988 3665 3040 δέ
3692 3004 3756 3054 γε
3791 2987 3887 3040 τοῦ
3927 2988 4009 3039 ιν-

2443 3078 2760 3147 εστηκότος,
2817 3078 2879 3131 τὸ
2923 3070 3213 3149 σήμερονί
3247 3081 3341 3132 καὶ
3380 3080 3471 3132 ἐπὶ
3504 3079 3809 3149 μέλλοντος,
3838 3079 3899 3134 τὸ
3934 3079 4011 3141 είς

2438 3169 2639 3233 αἰῶνας
2667 3186 2681 3201 ·
2710 3171 2740 3222 ὀ
2771 3171 2826 3224 δὲ
2851 3171 3107 3241 ἄγροικος
3139 3171 3344 3236 οὑτοσὶ,
3378 3172 3438 3224 τὸ
3476 3170 3599 3241 χθὲς
3630 3172 3723 3224 καὶ
3750 3172 4007 3242 σήμερον,

2436 3261 2510 3323 ὡς
2538 3262 2623 3334 ᾂπ’
2665 3261 2956 3332 ἀνθρώπου
2984 3263 3201 3331 λέγεται
3232 3265 3366 3333 παρ’
3401 3261 3567 3315 αὐτοῦ
3612 3260 3793 3314 κοινοῦ
3832 3278 4011 3331 παρα-

2433 3352 2603 3420 λόγοις
2633 3351 2833 3422 Ῐλείπει
2864 3353 2985 3425 τι]·
3039 3354 3138 3407 οὐκ
3164 3354 3380 3421 ἐννοῶν,
3418 3356 3501 3407 ὅτι
3546 3353 3918 3425 πρεσϐύτερόν
3954 3370 4009 3405 τε

2436 3445 2528 3496 καὶ
2576 3446 2995 3515 προϋπάρχοντα
3029 3446 3126 3515 τῆς
3160 3445 3354 3499 ἑαυτοῦ
3402 3448 3706 3516 γεννήσεως
3746 3446 4013 3515 ἀποφανεί

2436 3535 2612 3604 πάντη
2644 3553 2703 3587 τε
2741 3540 2835 3588 καὶ
2865 3536 3101 3599 πάντως,
3143 3537 3301 3607 εἷπερ
3329 3532 3397 3609 ἦν
3430 3539 3567 3601 ὅλως
3602 3539 3696 3591 καὶ
3741 3537 3885 3591 κατὰ
3915 3536 4011 3601 τὴν

2436 3622 2581 3690 χθὲς,
2615 3624 2752 3692 ὅπερ
2786 3624 2901 3675 ἐστὶ
2936 3624 3030 3675 τοῦ
3068 3625 3462 3694 παρῳχηκότος
3505 3625 3699 3695 καιροῦ
3748 3643 4012 3696 σημαντι-

2437 3712 2549 3764 κόν.
2585 3713 2707 3764 Ὅτι
2733 3714 2829 3781 μὲν
2858 3712 2959 3782 οὐχ
2985 3713 3173 3779 ἕτερος
3205 3715 3233 3765 ὀ
3260 3714 3385 3781 χθὲς
3409 3715 3501 3765 καὶ
3529 3716 3765 3783 σήμερον
3809 3713 4009 3784 Ἰησοῦς

2436 3803 2691 3872 Χριστὸς,
2726 3803 2911 3871 ἕτερος
2939 3803 2996 3855 δὲ
3037 3804 3066 3854 ὀ
3115 3802 3306 3871 λέγων,
3348 3822 3364 3853 ι
3397 3805 3533 3873 Πρὶν
3565 3806 3815 3875 Ἀϐραὰμ
3864 3805 4010 3872 γενέ-

2437 3895 2583 3957 σθαι,
2622 3894 2731 3961 ἐγώ
2759 3897 2893 3963 ειμι,
2926 3914 2943 3944 ι
2981 3894 3095 3947 ἀλλ’
3127 3890 3207 3958 εἷς
3230 3912 3289 3947 τε
3313 3896 3406 3947 καὶ
3429 3897 3456 3947 6
3489 3895 3649 3959 αὐτὸς
3675 3898 3798 3950 καθ’
3820 3898 4011 3951 ἕνωσιν

2438 3986 2608 4055 ἀληθῆ
2637 3984 2922 4054 ἀνθρώπου
2955 3986 3076 4038 καθ’
3100 3988 3249 4055 ἡμᾶς
3274 3987 3558 4055 γεγονότος
3587 3987 3681 4040 τοῦ
3704 3989 3900 4056 Λόγου,
3922 3989 4011 4042 καὶ

2436 4079 2501 4146 τῇ
2531 4076 2636 4147 ἰδία
2668 4076 2825 4145 φύσει
2855 4077 3245 4147 τετηρηκότος,
3292 4079 3385 4129 καὶ
3408 4078 3497 4130 ὅτε
3531 4079 3720 4145 γέγονε
3755 4078 3914 4149 σὰρξ,
3954 4076 4012 4128 τὸ

2437 4168 2670 4237 ἄναρχον
2698 4168 2753 4219 ὲν
2784 4169 2981 4237 χρόνῳ,
3034 4166 3375 4238 καταθρήσαι
3421 4186 3503 4231 τις
3539 4169 3626 4233 ἂν,
3671 4170 3763 4221 καὶ
3796 4169 4011 4222 ἀταλαι-

2439 4258 2636 4327 πώρως
2682 4258 2876 4327 κομιδῆ
2924 4257 3011 4311 διά
3059 4275 3121 4325 γε
3165 4259 3260 4328 τῆς
3302 4259 3661 4313 Οεοπνεύστου
3702 4259 3953 4330 Γραφῆς’
3984 4258 4010 4310 6

2438 4364 2570 4416 φησι
2599 4347 2648 4417 [ὃ
2680 4345 2984 4417 παρέλκει]
3009 4348 3105 4416 μὲν
3129 4347 3236 4417 γὰρ
3263 4349 3290 4399 6
3315 4348 3581 4417 μακάριος
3622 4347 4006 4415 εύαγγελιστὴς

2450 4438 2700 4505 Ἰωάννης
2733 4439 2859 4506 περὶ
2892 4438 2987 4489 τοῦ
3024 4438 3239 4491 πάντων
3271 4438 3428 4508 ήμῶν
3459 4438 3707 4510 Σωτῆρος
3734 4436 4001 4509 Χριστοῦ*

767 4542 888 4596 post
911 4546 994 4585 me
1024 4533 1190 4594 venit,
1224 4540 1349 4584 ante
1380 4545 1463 4583 me
1492 4531 1668 4584 lactus
1700 4538 1782 4582 est
1812 4569 1829 4595 ,
1879 4529 2007 4597 quia
2054 4529 2203 4597 prior
2250 4542 2333 4581 me

2450 4527 2701 4597 Ἰωάννης
2736 4530 3004 4597 μαρτυρεῖ
3027 4532 3155 4599 περὶ
3187 4527 3372 4593 αὑτοῦ,
3405 4528 3501 4580 καὶ
3537 4528 3776 4597 κέκραγε
3802 4526 4001 4595 λέγων·

765 4631 883 4676 erat
903 4621 999 4685 ";i
1023 4633 1077 4676 et
1101 4622 1297 4673 iterum
1328 4638 1339 4672 :
1376 4639 1393 4671 ι
1421 4621 1604 4675 Altera
1627 4620 1712 4673 die
1739 4620 1882 4673 videt
1907 4617 2089 4672 Jesum
2114 4619 2334 4673 venien-

768 4724 872 4765 tem
901 4712 967 4764 ad
1000 4725 1078 4773 se,
1115 4719 1171 4764 et
1197 4710 1271 4762 ait
1304 4726 1318 4761 :
1352 4710 1489 4763 Ecce
1520 4711 1705 4777 Agnus
1734 4710 1847 4773 Dei,
1884 4709 1973 4775 qui
2027 4708 2164 4762 tollit
2209 4722 2337 4776 pec-

768 4814 946 4859 catum
987 4802 1207 4864 mundi;
1234 4802 1321 4855 hic
1358 4811 1441 4855 εει
1480 4800 1545 4853 de
1568 4814 1673 4870 quo
1711 4800 1820 4853 dixi
1854 4816 1865 4851 :
1897 4798 2023 4853 Post
2053 4813 2137 4852 me
2187 4800 2337 4854 venit

767 4897 850 4948 vir
882 4895 974 4964 qui
1001 4902 1125 4947 ante
1160 4908 1245 4948 me
1279 4892 1452 4947 lactus
1486 4901 1588 4957 est,
1617 4892 1741 4959 quia
1776 4892 1923 4961 prior
1954 4905 2039 4945 me
2062 4901 2179 4944 erat
2202 4890 2267 4942 “.
2309 4910 2327 4942 ι

770 4988 930 5041 Vides
955 4987 1118 5055 igitur
1158 4996 1342 5053 aperte
1384 4984 1837 5052 quemadmodum
1877 4982 2214 5037 admirabilis
2247 4982 2334 5036 ille

769 5077 1008 5146 Baptista
1048 5075 1320 5129 hominem
1370 5074 1513 5126 dicat
1541 5072 1749 5136 Jesum,
1781 5082 1836 5126 et
1880 5082 2002 5140 post
2039 5074 2243 5135 venire,
2278 5082 2335 5126 ut

769 5168 1115 5238 posteriorem
1147 5174 1275 5219 natu
1310 5175 1362 5219 et
1387 5175 1507 5233 post
1554 5166 1727 5233 ipsum
1751 5202 1765 5226 ,
1817 5164 1967 5233 prius
1997 5174 2173 5217 tamen
2214 5178 2333 5218 esse

766 5260 1017 5327 cmpisse,
1050 5256 1306 5325 priusque
1331 5255 1605 5309 exstitisse
1648 5272 1660 5308 :
1706 5254 1755 5308 id
1795 5255 1971 5317 enim,
2010 5264 2071 5307 ut
2107 5254 2325 5322 opinor,

769 5349 1053 5417 signiﬁcat,
1093 5365 1109 5397 ι
1145 5346 1279 5411 Quia
1321 5346 1469 5412 prior
1504 5358 1588 5398 me
1618 5353 1757 5408 erat,
1790 5353 1844 5398 et
1870 5354 1992 5397 ante
2026 5358 2109 5398 me
2153 5343 2329 5399 factus

764 5451 870 5493 εει.
909 5458 925 5490 ι
963 5438 1123 5507 Atqui
1148 5439 1189 5491 si
1228 5439 1388 5491 homo
1423 5442 1529 5500 est,
1556 5436 1826 5505 quomodo
1862 5437 2013 5506 prius
2061 5437 2338 5492 exstitisse

772 5531 1111 5598 intelligitur,
1143 5538 1236 5581 aut
1268 5528 1417 5599 prius
1453 5541 1576 5581 esse
1617 5527 1849 5595 coepisse
1893 5528 2092 5583 dicitur
2133 5541 2199 5583 eo
2248 5529 2337 5596 qui

774 5634 1009 5690 tempore
1041 5622 1186 5689 prior
1221 5628 1358 5684 erat,
1400 5627 1454 5673 et
1494 5619 1645 5688 prior
1699 5629 1825 5672 natu
1876 5621 2168 5673 secundum
2223 5636 2339 5673 car-

842 5797 885 5823 “
921 5799 1070 5849 Joan.
1102 5811 1207 5859 XIV,
1231 5795 1282 5848 9.
1362 5795 1405 5825 δ’
1442 5793 1543 5847 lsa.
1574 5810 1701 5858 Lxu,
1734 5797 1778 5857 l,
1801 5796 1862 5861 2;
1899 5795 2028 5849 Luc.
2057 5810 2127 5859 tv,
2158 5793 2241 5849 l8.
2275 5794 2355 5847 l9.

2444 4635 2462 4668 ι
2500 4618 2557 4671 '0
2582 4618 2756 4670 ὀπίσω
2791 4635 2892 4688 μου
2933 4618 3243 4689 ἐρχόμενος,
3290 4617 3598 4688 ἔμπροσθέν
3636 4635 3736 4687 μου
3765 4619 4005 4686 γέγονεν,

2438 4709 2519 4761 ὅτι
2550 4708 2763 4779 πρῶτός
2789 4726 2888 4779 μου
2909 4703 2994 4779 ἦν*
3012 4727 3028 4759 ι
3064 4708 3158 4760 καὶ
3186 4707 3347 4760 πάλιν
3369 4723 3381 4736 ⁸
3413 4706 3519 4777 «Τῇ
3542 4708 3802 4777 ἐπαύριον
3827 4708 4005 4779 βλέπει

2440 4798 2529 4850 τὸν
2572 4798 2776 4867 Ἰησοῦν
2812 4798 3103 4869 ἐρχόμενον
3137 4798 3274 4869 πρὸς
3313 4797 3475 4850 αὐτὸν
3497 4798 3591 4849 καὶ
3628 4797 3814 4866 λέγει·
3849 4800 3950 4852 Ἴδε
3980 4800 4006 4849 6

2454 4891 2646 4960 Ἀμνὸς
2683 4890 2775 4941 τοῦ
2811 4890 2943 4941 Θεοῦ
2972 4892 2999 4943 ὀ
3029 4890 3198 4959 αἴρων
3230 4889 3329 4959 τὴν
3360 4889 3633 4960 ἁμαρτίαν
3658 4889 3749 4942 τοῦ
3780 4892 3999 4960 κόσμου’

2442 4975 2595 5042 οὗτός
2626 4983 2738 5034 ἐστι
2779 4979 2904 5051 περὶ
2938 4973 2997 5032 οὗ
3025 4980 3136 5048 ἐγὼ
3176 4976 3359 5045 εἷπον,
3404 4980 3606 5033 Ὀπίσω
3650 4997 3750 5051 μου
3794 4981 4002 5052 ἔρχεται

2444 5073 2602 5142 ἀνὴρ,
2649 5071 2706 5135 ὃς
2751 5070 3058 5141 ἔμπροσθέν
3105 5088 3206 5140 μου
3245 5071 3488 5138 γέγονεν,
3529 5072 3609 5124 ὅτι
3648 5071 3865 5140 πρῶτός
3908 5085 3998 5140 μου

2441 5158 2526 5231 ἦν.
2561 5181 2577 5211 ι
2618 5162 2775 5230 Ὁρᾷς
2800 5158 2892 5212 οὖν
2919 5160 3027 5229 ἄρα
3071 5160 3163 5211 καὶ
3201 5158 3346 5228 μάλα
3375 5175 3559 5227 σαφως
3587 5158 3679 5211 τὸν
3721 5158 3999 5212 θεσπέσιον

2444 5252 2754 5322 Βαπτιστὴν
2791 5251 2958 5321 ἄνδρα
3005 5251 3231 5319 λέγοντα
3273 5250 3363 5303 τὸν
3416 5249 3640 5321 Ἰησοῦν,
3682 5250 3778 5303 καὶ
3836 5250 3999 5303 ὀπίσω

2442 5346 2543 5414 μὲν
2604 5344 2915 5413 ἐρχόμενον,
2972 5342 3046 5404 ὡς
3101 5340 3325 5409 ὀψιγενῆ
3388 5356 3446 5393 τε
3492 5340 3584 5394 καὶ
3642 5340 3758 5410 μετ’
3812 5341 3995 5394 αὐτόν’

2442 5433 2864 5506 προῦπάρχοντά
2895 5450 2958 5497 γε
3004 5432 3110 5502 μὴν
3155 5430 3337 5495 αὐτοῦ,
3389 5431 3480 5483 καί
3519 5431 3995 5502 ’προϋφεστηπότα⁹

2441 5528 2589 5598 δηλοῖ
2632 5526 2741 5596 γὰρ
2770 5522 2923 5595 οἶμαι
2956 5526 3125 5588 τουτὶ,
3170 5523 3248 5585 τὸ,
3289 5541 3310 5575 v
3338 5523 3461 5576 Ὀτι
3512 5523 3725 5594 πρῶτός
3775 5541 3878 5595 μου
3919 5518 3997 5592 ἦν,

2445 5621 2537 5670 καὶ
2564 5615 2870 5687 ἔμπροσθέν
2902 5632 3002 5686 μου
3033 5615 3272 5683 γέγονεν.
3302 5633 3319 5665 ι
3354 5611 3483 5668 Εἶτα
3518 5614 3652 5679 πῶς,
3682 5614 3842 5687 εἴπερ
3868 5614 3999 5670 ιστὶν

2432 5795 2476 5824 ι’
2516 5791 2664 5845 tuan.
2696 5806 2729 5854 ι,
2764 5788 2844 5844 t5.
2924 5790 2967 5820 δι
3006 5789 3367 5859 tbid.29,30.
3476 5770 3479 5772 ’
