4112 6494
163 408 238 464 157
1281 411 1652 471 ADVERSUS
1685 409 2091 469 NESTORIUM
2131 411 2259 468 LIB.
2305 412 2390 466 lll.

3320 417 3420 472 138

155 523 284 594 ἀνὴρ,
319 527 793 598 προῦφεστηκὼς
820 531 1037 596 νοεῖται,
1068 532 1164 585 καὶ
1188 531 1558 604 προῦπάρχων
1589 532 1731 600 λέγε-

1848 547 1969 588 nem
1993 533 2017 586 9
2044 532 2175 586 Nam
2201 533 2244 586 si
2280 535 2346 586 de
2376 533 2554 602 aliquo
2583 543 2826 587 nostrum
2861 533 2961 588 hoc
2993 532 3222 590 fortasse
3249 537 3416 601 dicat,

151 629 221 664 ται
242 612 328 664 τοῦ
360 614 797 687 προειληφότος
831 619 972 674 κατά
1003 620 1093 674 τὸν
1122 622 1334 694 χρόνον,
1369 625 1463 677 καὶ
1503 623 1741 692 πρεσϐυ-

146 700 282 772 τέραν
305 700 530 771 ἔχοντος
575 707 694 777 τὴν
731 711 874 764 κατά
898 711 1074 781 σάρκα
1123 711 1376 784 γέννησιν
1423 711 1628 779 αὐτοῦς
1677 712 1743 767 Ei

146 793 226 861 μὲν
263 796 367 864 γὰρ
412 796 515 848 ἐπί
575 815 746 878 τινος
803 801 913 856 τῶν
959 804 1079 858 καθ’
1142 805 1289 877 ἡμᾶς
1334 806 1488 860 τουτὶ
1535 804 1745 873 λέγοιτο

141 882 299 951 furati,
327 885 701 957 ἀπορήσειεν
729 891 816 958 ἀν,
841 889 1013 964 οἶμαι,
1037 895 1132 948 καὶ
1149 894 1482 949 ἀπαστισοῦν
1507 897 1587 958 είς
1609 896 1744 949 ἀπο-

137 975 322 1041 λογίαν·
346 977 444 1030 έπὶ
466 978 532 1032 δέ
563 998 634 1049 γε
660 982 762 1036 τοῦ
785 985 1000 1038 πάντων
1023 986 1184 1056 ημῶν
1210 986 1459 1058 Σωτῆρος
1480 989 1738 1057 Χριστοῦ.

137 1065 186 1116 τὸ
213 1066 465 1135 ἐμποδὼν
498 1073 688 1126 οὐδέν
711 1090 723 1103 ·
753 1075 1052 1130 οἰκειοῦται
1089 1077 1189 1145 μὲν
1220 1077 1328 1148 γὰρ
1349 1080 1379 1130 ὁ
1405 1078 1470 1130 ὲκ
1484 1078 1619 1131 Θεοῦ
1639 1079 1741 1148 τῆς

133 1158 249 1221 ἰδίας
277 1162 494 1230 σαρκὸς
533 1164 650 1236 τὴν
704 1165 955 1238 γέννησιν
977 1184 990 1197 ·
1031 1168 1173 1240 πλὴν
1209 1169 1311 1222 οὐκ
1343 1169 1615 1240 ἠγνόηκεν
1656 1171 1739 1222 ὅτι

131 1250 220 1302 τῶν
272 1253 497 1308 αἰώνων
554 1259 694 1311 ἐστὶ
755 1261 1006 1332 ποιητὴς,
1062 1261 1160 1316 καὶ
1201 1261 1614 1332 προῦφέστηκεν
1663 1261 1739 1325 ὡς

125 1343 258 1406 Θεὸς,
287 1345 383 1397 καὶ
409 1345 498 1416 τῷ
528 1347 667 1420 ίδίῳ
690 1351 864 1421 Πατρὶ
896 1353 1184 1416 συναῖδιος.
1203 1353 1278 1406 Οὐ
1301 1352 1409 1424 γάρ
1429 1352 1512 1406 τοί
1533 1369 1735 1424 φαμεν,

125 1435 284 1503 ὅτιτῇ
331 1439 620 1509 γεννήσει
667 1441 762 1494 τοῦ
812 1443 943 1496 ίδίου
989 1443 1244 1513 σώματος
1287 1443 1582 1516 σύγχρονον
1626 1443 1738 1513 ἔχει

122 1523 206 1591 τὴν
235 1521 518 1598 ὕπαρξιν,
553 1528 685 1582 ἀλλ’
707 1525 797 1600 ἦν,
823 1531 898 1593 ὡς
924 1532 1082 1600 ἔφην,
1117 1534 1182 1586 ὲκ
1216 1534 1314 1603 τῆς
1353 1534 1448 1587 τοῦ
1481 1532 1619 1586 Θεοῦ
1643 1535 1739 1587 καὶ

122 1614 319 1684 [ἰατρὸς
368 1618 587 1683 οὐσίας
653 1621 982 1692 ἀπορρήτως
1053 1626 1472 1695 γεγεννημένος.
1528 1624 1739 1678 Οὐκοῦν

1847 623 2117 678 neminem
2150 633 2281 690 puto
2313 622 2440 689 quid
2484 625 2810 693 respondeat
2835 623 3150 677 habiturum
3181 641 3195 676 :
3229 626 3322 680 sed
3364 627 3416 680 in

1843 715 2085 770 omnium
2125 724 2370 769 nostrum
2395 712 2550 767 Salva
2563 723 2677 768 tore
2703 713 2926 768 Christo
2951 715 3084 769 nihil
3105 716 3362 784 impediet
3399 735 3413 771 :

1845 818 1970 857 nam
2000 802 2171 871 ipsum
2213 800 2306 856 Dei
2362 801 2593 856 Verbum
2627 816 2737 856 sum
2793 803 2973 857 carnis
3007 805 3415 872 generationem

1842 892 1944 948 sibi
1986 903 2239 961 tanquam
2272 891 2546 961 propriam
2587 893 2830 948 vindicat
2861 909 2871 941 ε
2913 909 3012 950 nec
3045 904 3224 951 tamen
3262 897 3418 967 igno-

1845 983 1987 1038 ravit
2030 984 2181 1037 illum
2214 997 2340 1040 esse
2363 985 2696 1039 conditorem
2748 983 3100 1051 saeculorum,
3161 995 3215 1041 et
3267 987 3417 1054 prius

1843 1075 2150 1139 exstitisse,
2187 1085 2372 1144 utpote
2412 1075 2610 1141 Deum,
2656 1086 2711 1130 et
2741 1091 2840 1131 suo
2873 1074 3022 1131 Patri
3059 1089 3412 1134 coarternum.

1845 1165 2031 1233 Neque
2076 1166 2224 1219 enim
2258 1166 2409 1218 illum
2443 1165 2675 1221 dicimus
2727 1183 2954 1235 corpore
3013 1170 3280 1224 nativitati
3321 1185 3415 1225 co-

1840 1271 2014 1311 aevum
2068 1257 2270 1311 habere
2319 1256 2530 1310 initium
2585 1259 2950 1314 subsistentia:
2977 1300 2991 1326 ,
3029 1262 3123 1316 sed
3167 1272 3319 1326 crat,
3355 1272 3416 1316 ut

1842 1347 1978 1412 dixi,
2011 1363 2074 1402 ex
2109 1349 2220 1416 ipsa
2265 1347 2358 1402 Dei
2419 1349 2524 1418 77
2564 1357 2617 1404 et
2662 1349 2837 1405 Patris
2883 1342 3120 1406 essentia
3170 1353 3416 1409 ineffabi—

1842 1439 1965 1494 liter
1989 1441 2219 1505 genitus.
2259 1438 2403 1508 Ergo
2434 1456 2554 1496 cum
2585 1442 2655 1496 sit
2680 1452 2805 1497 ante
2843 1444 3120 1499 Abraham
3155 1457 3213 1499 ut
3249 1447 3410 1509 Deus.

1845 1526 2064 1579 tametsi
2093 1525 2270 1580 factus
2312 1529 2382 1580 sit
2437 1529 2621 1596 homo,
2664 1545 2767 1585 non
2827 1534 3123 1588 mentietur
3163 1535 3353 1590 dicens
3396 1555 3409 1589 :

1845 1634 1865 1668 ι
1903 1616 2207 1686 Antequam
2229 1628 2374 1674 esset
2395 1620 2694 1684 Abraham,
2721 1637 2821 1692 ego
2846 1639 2989 1690 sum,
3020 1644 3042 1679 ι
3069 1635 3127 1678 ιιι
3156 1629 3245 1693 qui
3274 1643 3414 1681 unus

117 1704 242 1774 ἔχων
273 1707 336 1760 τὸ
363 1705 521 1763 εἶναι
559 1713 680 1782 πρὸ
726 1713 978 1784 Ἀϐραὰμ
1011 1715 1086 1780 ὡς
1111 1715 1265 1779 Θεὸς,
1299 1717 1404 1770 κᾶν
1434 1719 1482 1769 εί
1512 1717 1731 1785 γέγονεν

1842 1721 1970 1762 vere
2010 1709 2080 1762 sit
2113 1709 2285 1764 Filius
2331 1719 2386 1766 et
2435 1712 2714 1767 Dominus.
2759 1713 2943 1782 Neque
2992 1730 3124 1770 vero
3171 1716 3411 1779 mireris,

117 1799 419 1867 bepwnog,
474 1805 594 1857 οὐκ
624 1804 692 1858 ἂν
720 1805 1074 1876 διαψεύσαιτο
1095 1808 1294 1877 λέγων,
1314 1809 1392 1873 ώς
1416 1803 1498 1872 εἷς
1521 1809 1731 1879 ἀληθῶς

1843 1803 1886 1855 si
1924 1803 2029 1855 hoc
2064 1802 2242 1870 ipsum
2285 1803 2431 1872 quod
2477 1814 2561 1857 est
2595 1813 2722 1857 ante
2763 1806 3033 1859 Abraham
3064 1821 3175 1861 sua:
3205 1816 3415 1861 naturae

117 1893 198 1943 καὶ
233 1892 363 1956 Υἱὸς
398 1894 507 1948 καὶ
539 1895 780 1967 Κύριοςο
821 1915 840 1947 ε
866 1898 1002 1969 Πρὶν
1053 1898 1306 1969 Ἀϐραὰμ
1327 1900 1601 1969 γενέσθαι,
1623 1899 1731 1968 ἐγώ

1841 1892 2029 1947 tribuit
2060 1909 2074 1946 :
2122 1893 2217 1947 sed
2246 1893 2373 1947 illud
2409 1894 2587 1962 potius
2629 1904 2839 1962 reputa,
2867 1896 3032 1964 quod,
3059 1896 3185 1951 licet
3215 1913 3414 1967 corpus

116 1985 240 2050 είμι.
275 2001 294 2032 ι
337 1986 462 2038 Καὶ
514 1988 603 2056 μή
648 2003 728 2039 τοι
770 1987 1058 2059 Θαυμάσῃς
1104 1989 1155 2041 εἰ
1199 1992 1270 2061 τῇ
1321 1989 1425 2064 ίδίᾳ
1467 1991 1731 2062 τετίμηκε

1842 1983 2142 2052 accepisset
2169 1997 2202 2036 e
2234 1993 2422 2037 sancta
2458 1983 2702 2054 Virgine,
2733 1984 2870 2039 dixit
2903 1987 2970 2039 ad
3005 1987 3358 2043 Nicodemum
3392 2007 3408 2043 :

117 2068 233 2142 [ισ.
279 2076 622 2150 νενέμηκε]
682 2077 842 2147 φύσει
863 2078 925 2132 τὸ
948 2075 1088 2132 εἶναι
1114 2079 1220 2152 πρὸ
1243 2081 1494 2153 Ἀϐραάμ
1517 2099 1530 2112 ’
1558 2083 1734 2135 διαλο-

114 2163 258 2227 γῐζου
291 2165 352 2217 δὲ
391 2166 648 2235 μᾶλλον,
691 2168 776 2221 ὅτι
816 2167 989 2221 καίτοι
1025 2170 1086 2222 τὸ
1136 2169 1298 2241 σῶμα
1337 2171 1517 2226 λαϐὼν
1543 2175 1609 2226 ἐκ
1632 2174 1733 2242 τῆς

117 2252 265 2319 ἁγίας
297 2256 639 2325 Παρθένου,
688 2260 793 2330 ἔφη
836 2261 974 2332 πρὸς
1004 2262 1095 2315 τὸν
1122 2263 1435 2334 Νικόδημον
1459 2280 1474 2294 '
1516 2283 1534 2316 ι
1566 2267 1628 2320 Ei
1664 2270 1731 2318 τὰ

116 2346 327 2411 ἐπίγεια
345 2344 522 2402 εἷπον
544 2351 706 2420 ὑμῖν,
732 2351 827 2405 καὶ
850 2353 911 2405 οὐ
940 2354 1225 2408 πιστεύετε
1245 2370 1260 2384 ·
1299 2355 1435 2416 πῶς.
1468 2357 1561 2409 ἐὰν
1593 2357 1732 2410 εῐπω

118 2435 240 2504 ὑμῖν
281 2438 356 2491 τὰ
387 2441 740 2512 ἐπουράνια,
775 2444 1128 2510 πιστεύσετε;
1166 2446 1277 2498 Καὶ
1330 2446 1504 2510 οὐδεὶς
1537 2448 1731 2500 ἀναδέ-

118 2525 276 2596 6ηκεν
306 2531 394 2591 είς
420 2530 526 2584 τὸν
547 2532 807 2600 οὐρανὸν,
831 2535 880 2584 εἰ
909 2533 985 2602 μὴ
1017 2535 1046 2586 ὀ
1073 2536 1138 2587 ἐκ
1176 2534 1271 2587 τοῦ
1304 2534 1534 2604 οὐρανοῦ
1562 2553 1731 2590 κατα-

118 2617 227 2681 εὰς,
258 2619 288 2669 ὁ
320 2620 462 2684 Υἱὸς
498 2621 606 2674 τοῦ
636 2621 927 2692 ἀνθρώπου
952 2639 964 2652 °
989 2643 1007 2674 ι
1037 2624 1216 2677 καίτοι
1235 2624 1612 2695 κεχρημάτικε
1640 2626 1730 2678 καὶ

120 2706 236 2770 Υἱὸς
260 2709 608 2782 ἀνθρώπου,
647 2711 928 2783 γεννηθεὶς
958 2716 1022 2767 ὲκ
1056 2715 1325 2783 γυναικὸς
1355 2716 1496 2768 κατὰ
1528 2717 1725 2785 σάρκα.

121 2797 482 2870 Ψευδοεπήσε
496 2820 518 2853 ι
538 2800 604 2872 δὴ
619 2799 733 2868 οὖν,
765 2803 1198 2875 καταὸεὸηκέναι
1214 2804 1388 2874 λέγων
1419 2804 1479 2870 ἐξ
1497 2805 1729 2876 οὐρανοῦ

123 2887 203 2940 τὸν
248 2888 386 2942 Υἰδν
454 2890 594 2953 τοῦ,
648 2892 964 2962 ἀνθρώπου,
1023 2893 1302 2947 τουτέστιν
1364 2894 1596 2962 έαυτόν;
1653 2895 1730 2964 μὴ

125 2978 322 3043 γένοιτο
352 2997 366 3010 ⁸
425 2983 540 3036 καὶ
573 2984 683 3051 γάρ
711 2983 861 3036 ἐστιν
900 2984 1062 3048 αὐτὸς
1091 2987 1125 3055 ἡ
1172 2983 1419 3055 ἀλήθεια.
1469 2985 1591 3047 Πῶς
1633 2982 1725 3038 οὖν

126 3069 321 3126 ἀνωθεν
349 3076 381 3126 ὁ
409 3076 554 3138 Υἱὸς
583 3075 676 3128 τοῦ
709 3073 1001 3145 ἀνθρώπου
1029 3077 1190 3130 νοοῖτ⁹
1216 3076 1281 3130 ἂν
1299 3077 1525 3139 εἰκότως
1549 3092 1564 3141 ;
1603 3075 1724 3129 Ὅτι

127 3157 248 3222 Θεὸς
281 3162 360 3215 ὣν
397 3165 430 3215 ὁ
471 3164 674 3231 Λόγος,
701 3163 796 3215 καὶ
819 3165 884 3216 ὲκ
904 3163 1004 3233 τῆς
1025 3164 1287 3218 ἀνωτάτω
1307 3165 1495 3218 πασῶν
1517 3163 1724 3229 οὐσίας,

1849 2093 1867 2124 ε
1895 2076 1951 2128 Si
1982 2085 2197 2131 terrena
2233 2074 2342 2129 dixi
2385 2077 2539 2130 vobis
2564 2085 2618 2130 et
2650 2089 2754 2128 non
2801 2077 3046 2142 creditis,
3071 2080 3339 2148 quomodo
3368 2081 3414 2134 si

1841 2166 2033 2222 dixero
2063 2167 2216 2221 vobis
2255 2166 2521 2231 crelestia,
2561 2167 2831 2223 credetis?
2866 2169 2933 2223 Et
2961 2184 3118 2224 nemo
3167 2171 3414 2226 ascendit

1847 2258 1898 2311 in
1939 2257 2162 2324 coelum,
2209 2256 2311 2312 nisi
2350 2257 2442 2327 qui
2489 2259 2555 2313 de
2598 2257 2737 2313 cmlo
2773 2259 3059 2314 descendit
3097 2259 3268 2316 Filius
3310 2263 3410 2316 bo-

1843 2350 2096 2416 minis“;
2134 2368 2152 2402 ι
2181 2349 2329 2420 atqui
2362 2349 2661 2421 appellatus
2690 2359 2774 2406 est
2795 2349 2964 2406 Filius
2986 2351 3243 2416 hominis,
3272 2367 3408 2422 qua-

1842 2449 2001 2495 tenus
2032 2450 2116 2496 est
2138 2455 2203 2494 ex
2227 2439 2453 2495 muliere
2478 2440 2773 2494 secundum
2805 2455 3046 2495 carnem.
3081 2439 3218 2506 Quid
3246 2443 3412 2510 ergo?

1840 2533 2201 2588 mentieturne
2283 2547 2406 2587 cum
2463 2532 2614 2595 dicit,
2660 2531 2853 2585 Filium
2897 2533 3152 2595 hominis,
3206 2534 3257 2588 id
3301 2543 3408 2596 est,

1839 2624 2074 2692 seipsum
2111 2623 2460 2678 descendisse
2495 2623 2561 2678 de
2602 2623 2779 2678 οωιοῖ
2812 2624 2952 2678 absit
2978 2641 2990 2674 :
3015 2635 3098 2678 est
3130 2625 3272 2678 enim
3321 2625 3408 2680 illa

1838 2712 1954 2783 ipsa
1991 2713 2215 2769 veritas.
2253 2714 2533 2780 Quomodo
2559 2715 2725 2785 igitur
2755 2729 2990 2783 superne
3032 2715 3202 2770 Filius
3235 2716 3411 2771 homi-

1839 2806 1922 2860 nis
1953 2806 2303 2861 descendisse
2334 2806 2558 2877 intelligi
2588 2808 2972 2862 convenienter
3012 2808 3230 2877 potest?
3257 2808 3406 2877 quia,

1836 2912 1958 2952 cum
1990 2894 2132 2950 Deus
2160 2905 2306 2951 esset
2371 2895 2602 2951 Verbum
2649 2906 2704 2951 et
2750 2911 2816 2950 ex
2874 2895 2960 2950 illa
3001 2911 3249 2965 suprema
3289 2912 3410 2952 out-

1839 2985 1985 3039 nium
2020 2986 2275 3050 essentia,
2306 2986 2658 3042 descendisse
2679 2986 2878 3040 dicitur
2905 2997 2959 3040 et
2999 2985 3231 3042 formam
3259 2989 3405 3044 servi

1838 3071 2138 3138 accepisse.
2171 3072 2374 3127 Deinde
2406 3073 2689 3128 nobiscum
2733 3073 2975 3144 loquitur
3001 3090 3110 3129 non
3147 3086 3408 3146 tanquam

1838 3161 2037 3214 nudum
2064 3161 2242 3216 adhuc
2271 3162 2530 3227 Verbum,
2562 3165 2654 3218 sed
2691 3174 2944 3234 tanquam
2981 3165 3144 3220 homo
3167 3179 3197 3219 e
3229 3167 3409 3232 nobis,

130 3252 581 3325 καταϐεϐηκέναι
616 3253 854 3322 λέγεται,
899 3254 993 3306 καὶ
1037 3253 1224 3306 δούλου
1268 3254 1482 3325 μορφὴν
1529 3253 1730 3306 ἀναλα-

1836 3259 1887 3304 et
1921 3253 2009 3319 qui
2044 3267 2180 3306 unus
2203 3250 2312 3320 jam
2345 3267 2466 3306 cum
2500 3255 2649 3307 unita
2682 3256 2784 3309 sibi
2832 3271 2997 3310 carne
3040 3256 3396 3327 intelligatur.

133 3340 256 3397 δεῖν.
289 3340 433 3400 Εἶτα
467 3345 784 3412 διαλέγεται
818 3346 955 3415 πρὸς
984 3346 1152 3414 ημᾶς,
1197 3345 1297 3415 οὐχ
1324 3345 1401 3408 ὡς
1425 3343 1630 3414 γυμνὸς
1651 3342 1730 3395 ἔτι

132 3434 314 3502 Λόγος,
347 3439 476 3492 ἀλλ’
519 3437 596 3500 ὡς
618 3437 906 3508 ἄνθρωπος
938 3437 1060 3492 καθ’
1089 3438 1260 3508 ἡμᾶς,
1292 3437 1387 3488 καὶ
1414 3435 1489 3499 ὡς
1519 3430 1602 3498 εἷς
1629 3435 1728 3504 ἤδη

133 3527 418 3597 νοούμενος
448 3530 596 3600 μετὰ
621 3529 719 3599 τῆς
745 3528 1040 3598 ένωθείσης
1077 3526 1226 3597 αὐτῷ
1260 3525 1461 3596 σαρκός
1495 3541 1510 3556 ο
1541 3525 1730 3593 ὥσπερ

134 3615 184 3669 δὲ
207 3619 293 3672 διὰ
332 3623 394 3675 τὸ
429 3623 506 3691 τῇ
540 3618 770 3673 κενώσει
817 3619 1047 3690 πρέπον,
1104 3615 1406 3671 οἰκειοῦται
1452 3617 1629 3670 πάντα
1662 3619 1730 3670 τά

136 3708 218 3761 τοῦ
260 3712 397 3764 ἰδίου
447 3711 731 3780 σώματος,
770 3710 945 3763 καίτοι
976 3711 1075 3779 τὴν
1106 3707 1267 3777 φύσιν
1295 3705 1586 3776 ἀσώματος
1630 3707 1726 3771 ὢν,

137 3799 265 3856 οὕτω
305 3804 411 3856 καὶ
441 3802 654 3857 ἀνωθεν
683 3800 757 3854 ὢν
785 3799 947 3863 αὐτὸς
992 3801 1087 3853 καὶ
1125 3798 1186 3862 έξ
1214 3798 1466 3870 οὐρανοῦ,
1495 3797 1555 3850 τὸ
1586 3798 1723 3850 ἄνω-

140 3889 220 3945 θεν
258 3896 430 3966 ἣκειν
482 3894 751 3964 ἀπονέμει
800 3893 960 3946 πάλιν
1013 3892 1191 3962 ἐαυτῷ
1239 3891 1333 3944 καὶ⁵
1367 3892 1456 3943 ὅτε
1507 3889 1728 3958 γέγονεν

140 3981 449 4058 ἄνθρωπος,
481 3986 587 4040 κᾶν
615 3987 664 4038 εί
695 3986 1018 4054 γεγέννηται
1050 3985 1191 4037 κατά
1221 3984 1399 4054 σάρκα
1429 3981 1548 4051 μεθ’
1571 3983 1727 4051 ἡμῶν

140 4075 195 4128 ὲκ
226 4078 522 4145 γυναικός.
561 4076 758 4144 Γέγονε
791 4075 972 4130 τοίνυν
1013 4077 1120 4128 ίδια
1164 4076 1263 4144 μὲν
1304 4072 1400 4126 τοῦ
1430 4071 1626 4139 Λόγου,
1659 4071 1726 4124 τὰ

139 4165 224 4236 τῆς
245 4166 681 4238 ἀνθρωπότητος
703 4182 715 4194 ’
749 4165 857 4219 ίδια
886 4165 942 4219 δὲ
973 4164 1135 4217 πάλιν
1159 4165 1257 4233 τῆς
1285 4160 1722 4232 ἀνθρωπότητος,

139 4261 200 4310 τὰ
228 4259 403 4313 αὑτοῦ
437 4258 536 4311 τοῦ
571 4258 766 4323 Λόγου.
806 4250 901 4319 Εἷς
933 4257 1043 4326 γὰρ
1069 4255 1212 4308 οὕτω
1249 4256 1448 4306 νοεῖται
1490 4251 1726 4320 Χριστὸς

141 4351 222 4402 καὶ
243 4352 379 4413 Υἱὸς
417 4350 514 4402 καὶ
545 4348 770 4418 Κύριος.
808 4347 1029 4417 Ἐπειδη
1058 4347 1114 4399 δὲ
1142 4345 1531 4417 προστέθεικεν
1556 4346 1584 4396 ὁ
1607 4362 1725 4398 και-

140 4444 360 4511 νοτομος
389 4441 601 4499 οὑτοσὶ.
635 4440 718 4491 ὅτι
753 4458 771 4490 ι
818 4439 1047 4508 "Opem;
1098 4440 1212 4499 τοῖς
1272 4436 1520 4505 ἀδελφοῖς
1584 4435 1726 4488 κατὰ

143 4531 329 4594 πάντα,
367 4550 386 4582 ι
428 4533 459 4583 ὁ
494 4530 674 4599 ψυχῆς
701 4529 1048 4600 ἀνθρωπίνης
1077 4528 1172 4580 καὶ
1197 4526 1399 4597 σαρκὸς
1442 4524 1723 4579 ἀναλαῦὼν

140 4623 495 4692 ἀδελφότητα,
526 4622 626 4691 οὐχ
661 4622 690 4673 ὁ
711 4620 906 4688 λέγων,
938 4640 956 4670 ι
977 4620 1036 4672 '0
1075 4619 1336 4688 ἑωρακὼς
1365 4619 1483 4688 ἐμὲ,
1512 4616 1724 4687 ἑώρακε

139 4715 214 4768 τὸν
249 4715 519 4785 Πατέρα·
548 4730 568 4762 ›
597 4711 728 4781 φέρε
757 4709 821 4780 δὴ
843 4711 1007 4763 πάλιν
1037 4711 1064 4763 ὃ
1089 4711 1141 4762 τί
1172 4710 1303 4762 ποτέ
1333 4711 1480 4761 εστιν
1506 4710 1534 4761 ὅ
1561 4726 1724 4779 φησιν

139 4808 184 4857 ὲν
229 4807 457 4868 τούτοις
510 4804 588 4866 ὡς
641 4804 721 4856 Evr.
766 4803 1252 4873 περιαθρήσωμεν.
1290 4803 1411 4854 Ὅτι
1464 4803 1561 4870 μὲν
1615 4802 1724 4872 γὰρ

138 4897 289 4951 εἰκών
333 4899 456 4950 ἐστι
507 4894 616 4950 καί
642 4893 930 4965 χαρακτὴρ
985 4892 1080 4946 τοῦ
1120 4892 1256 4944 Θεοῦ
1303 4891 1396 4943 καὶ
1436 4891 1646 4961 Πατρὸς
1698 4895 1727 4944 ὁ

139 4988 277 5052 Υἱὸς,
309 4987 695 5057 διωμολόγηκε
720 4985 815 5038 καὶ
845 4984 1029 5046 αὑτός.
1074 4984 1169 5046 Τίς
1194 4983 1240 5035 δ’
1271 4983 1338 5036 ἂν
1365 4981 1452 5052 είη
1479 4982 1664 5034 λοιπὸν
1695 4985 1723 5034 ὁ

136 5077 306 5148 ψυχῆς
343 5076 699 5146 ἀνθρωπίνης
747 5076 842 5127 καὶ
891 5073 1144 5142 σώματος
1173 5071 1463 5126 ἀναλαϐὼν
1491 5071 1719 5138 ἀδελφό-

136 5184 289 5238 τητα.
320 5168 484 5237 δῆλον
513 5167 570 5218 δὲ
601 5167 683 5218 ὅτι
711 5165 810 5234 τὴν
838 5164 974 5233 πρὸς
998 5165 1163 5236 ἡμᾶς,
1189 5161 1483 5214 διδασκέτω
1516 5159 1719 5229 παρελα

138 5262 257 5315 (ἐών.
289 5265 365 5315 οὐ
407 5262 520 5331 γάρ
555 5278 658 5313 που
687 5259 822 5328 φαίη
849 5276 930 5320 τις
959 5257 1023 5311 ἂν
1051 5257 1124 5320 ὡς
1157 5259 1184 5308 ὁ
1215 5255 1338 5308 καθ’
1362 5255 1508 5323 ἡμᾶς
1532 5254 1719 5320 φαινό-

143 5373 292 5424 μενος
335 5355 646 5424 ἄνθρωπος,
691 5347 823 5414 οἷον,
874 5349 1158 5420 Βαρνάϐας
1201 5346 1383 5416 τυχὸν,
1418 5345 1449 5414 ἢ
1485 5345 1716 5408 Παῦλος,

141 5449 294 5512 ἤγουν
326 5447 516 5515 ἕτερός
544 5462 628 5508 τις
654 5443 774 5524 τῶν.
788 5442 1086 5495 τελούντων
1111 5444 1168 5492 ἐν
1191 5438 1520 5510 ἀνθρώποις,
1542 5436 1720 5505 ψυχῆς

142 5539 475 5610 ἀνθρωπίνης
505 5538 602 5590 καὶ
637 5535 891 5604 σώματος
933 5533 1328 5602 ἀνθρωπότητα
1353 5527 1471 5599 [ιον.
1501 5528 1721 5594 ἀδελφό-

145 5631 297 5703 τητα]
357 5630 544 5686 λαϐεῖν
571 5628 779 5696 λέγοιτ’
819 5629 906 5691 ἂν,
951 5627 1025 5688 ὡς
1063 5625 1251 5694 ἕτερόν
1286 5641 1335 5675 τι
1373 5622 1525 5693 παρὰ
1563 5620 1720 5672 τοῦτο

1836 3340 1906 3397 Ut
1938 3352 2124 3397 autem
2175 3353 2394 3413 propter
2441 3344 2490 3398 id
2540 3346 2682 3413 quod
2715 3346 3068 3401 exinanitioni
3109 3349 3408 3416 convenit,

1832 3436 2013 3489 ornnia
2045 3431 2130 3488 sui
2161 3436 2407 3505 corporis
2439 3445 2694 3506 tanquam
2731 3439 2832 3492 sibi
2865 3440 3081 3508 propria
3135 3440 3398 3506 vindicat,

1833 3525 1960 3581 licet
1988 3540 2053 3579 ex
2110 3537 2300 3580 natura
2357 3528 2426 3580 sit
2471 3528 2862 3596 incorporeus;
2909 3530 2981 3584 ita
3033 3546 3246 3603 quoque
3279 3549 3403 3590 cum

1833 3617 1952 3684 ipse
1983 3633 2219 3685 superne
2249 3619 2322 3673 sit
2354 3628 2409 3672 et
2443 3633 2476 3672 e
2508 3619 2668 3684 caelo,
2705 3621 2806 3675 hoc
2839 3622 3013 3690 ipsum
3044 3638 3277 3694 superne
3305 3640 3403 3681 ve-

1833 3706 1951 3759 nire
1987 3705 2088 3760 sibi
2127 3707 2227 3775 ipsi
2259 3723 2472 3763 rursum
2509 3709 2696 3763 tribuit
2742 3718 2853 3765 tum
2897 3726 3112 3781 quoque
3145 3729 3266 3769 cum
3318 3716 3403 3770 fa-

1830 3807 1951 3852 ctus
1977 3809 2061 3852 est
2096 3799 2278 3863 homo,
2310 3801 2435 3854 licet
2492 3810 2652 3854 natus
2697 3803 2765 3855 sit
2796 3803 3075 3858 nobiscum
3107 3809 3401 3861 secundum

1829 3903 2048 3942 carnem
2069 3904 2132 3943 ex
2164 3890 2410 3945 muliere.
2438 3889 2602 3944 Facta
2631 3901 2760 3945 sunt
2788 3892 2949 3962 igitur
2977 3893 3134 3950 Verbi
3162 3899 3403 3966 propria,

1829 3993 1952 4046 quze
2006 3989 2129 4031 sunt
2204 3979 2562 4034 humanitatis
2594 4018 2609 4043 ,
2675 3995 3000 4051 rursumque
3048 3983 3405 4041 humanitatis

1833 4066 2078 4134 propria,
2109 4082 2229 4136 quae
2260 4077 2385 4122 sunt
2425 4068 2594 4138 ipsius
2634 4066 2818 4124 Verbi.
2869 4069 2962 4125 Sic
2994 4086 3227 4142 namque
3266 4091 3404 4130 unus

1829 4157 2080 4212 Christus
2115 4169 2170 4212 et
2193 4157 2363 4213 Filius
2392 4169 2446 4214 et
2483 4159 2744 4215 Dominus
2771 4161 3114 4232 intelligitur.
3147 4163 3254 4219 Sed
3275 4167 3404 4236 quia

1831 4249 1917 4303 hic
1935 4258 2160 4303 novalor
2177 4249 2404 4319 adjecit:
2429 4268 2446 4301 ι
2463 4251 2664 4306 Similis
2684 4252 2940 4308 fratribus
2969 4269 3064 4323 per
3085 4257 3267 4311 omnia
3298 4259 3366 4323 δ’,
3383 4278 3400 4310 ι

1827 4341 1916 4408 qui
1938 4340 2183 4394 humanae
2205 4341 2396 4397 anima:
2419 4342 2707 4411 carnisque
2733 4343 3127 4400 fraternitatem
3144 4349 3404 4416 suscepit,

1828 4445 1934 4484 non
1979 4430 2069 4484 ille
2122 4431 2215 4499 qui
2267 4432 2402 4484 dixit
2452 4447 2520 4485 τι
2555 4432 2654 4499 Qui
2699 4435 2832 4488 vidit
2868 4450 2972 4500 me,
3011 4436 3148 4490 vidit
3195 4447 3249 4491 et
3296 4437 3403 4491 Pa-

1833 4532 1968 4576 trem
1992 4522 2070 4576 ’τε
2098 4541 2114 4573 ι
2147 4537 2246 4591 age
2268 4523 2379 4592 jam
2417 4539 2605 4578 rursus
2635 4524 2760 4592 quid
2792 4527 3004 4580 tandem
3031 4526 3084 4580 in
3119 4528 3202 4583 his
3227 4530 3406 4582 verbis

1831 4613 1934 4667 sibi
1963 4613 2113 4679 velit,
2148 4625 2203 4667 ut
2237 4614 2419 4670 licebit
2450 4616 2878 4672 consideremus.
2913 4619 2988 4671 Ac
3041 4618 3238 4674 Filium
3283 4635 3405 4676 esse

1830 4707 1922 4760 Dei
1955 4718 2008 4760 et
2032 4706 2209 4760 Patris
2241 4707 2532 4776 imaginem
2555 4719 2610 4761 et
2648 4707 2898 4775 figuram,
2924 4709 3038 4776 ipse
3069 4723 3284 4779 quoque
3319 4708 3404 4763 fa-

1831 4781 1973 4851 tetur
2003 4813 2015 4848 :
2049 4798 2304 4868 quisquis
2339 4813 2502 4866 porro
2537 4799 2786 4852 humana:
2821 4797 3016 4851 anima)
3052 4799 3403 4866 corporisque

1831 4889 2230 4944 fraternitatem
2285 4890 2631 4956 susceperit,
2682 4887 2824 4941 illam
2849 4887 3056 4942 scilicet
3081 4903 3184 4956 qua
3221 4888 3404 4943 nobis-

1829 4994 1952 5033 cum
1994 4978 2262 5049 jungitur,
2306 4981 2532 5049 prodeat
2597 4995 2661 5033 ac
2697 4981 2862 5033 dicat.
2907 4977 3192 5048 Nunquam
3257 4979 3401 5034 enim

1827 5070 2113 5138 quisquam
2163 5069 2340 5133 dicet,
2380 5069 2652 5123 hominem
2703 5069 2794 5140 qui
2840 5069 3008 5122 nostri
3045 5069 3237 5123 similis
3283 5084 3402 5123 esse

1826 5162 2093 5222 cernitur,
2125 5161 2273 5216 verbi
2303 5161 2497 5232 gratia,
2518 5159 2825 5214 Barnabam
2865 5161 3112 5222 fortasse,
3147 5161 3229 5213 vel
3261 5159 3400 5213 Pau-

1830 5251 1962 5316 lum,
1996 5262 2090 5305 aut
2126 5251 2292 5305 alium
2317 5252 2624 5320 quempiam
2655 5251 2743 5319 qui
2777 5263 3067 5303 censeatur
3116 5251 3257 5302 inter
3306 5251 3402 5302 ho-

1831 5343 2027 5406 mines,
2056 5341 2159 5396 dici
2191 5357 2347 5411 posse
2377 5344 2627 5395 humana:
2673 5341 2868 5393 animm
2912 5339 3268 5406 corporisque
3301 5338 3402 5389 ira.

1832 5437 2141 5489 ternitatem
2175 5436 2486 5504 suscepisse
2514 5475 2529 5500 ,
2560 5434 2711 5503 quasi
2749 5434 2794 5486 is
2824 5432 2970 5485 aliud
3019 5431 3273 5498 quiddam
3325 5433 3396 5481 sit

1830 5527 1896 5581 ab
1929 5527 2029 5580 hoc
2063 5525 2358 5588 diversum,
2392 5528 2533 5594 quod
2564 5534 2746 5593 postea
2780 5524 3082 5583 snseeperit
3123 5541 3134 5574 :
3169 5522 3261 5574 sed
3288 5520 3398 5588 78

1832 5616 2013 5685 potius
2041 5626 2146 5679 est,
2181 5617 2304 5670 dum
2332 5617 2383 5669 in
2411 5630 2474 5671 eo
2529 5625 2711 5669 manet
2763 5615 2906 5682 quod
2949 5624 3031 5669 est
3065 5631 3077 5666 :
3121 5627 3224 5665 non
3274 5625 3401 5678 ergo

208 5809 244 5837 ³⁵
274 5809 532 5868 103mm,
567 5806 658 5866 1'2,
685 5804 776 5856 13.
854 5803 899 5831 ⁸⁸
938 5801 1096 5856 llebr.
1127 5817 1187 5866 It,
1219 5801 1299 5853 17.
1381 5799 1423 5828 ⁸⁷
1463 5797 1751 5859 Juau.x1v,
1782 5797 1835 5849 9.

353 5903 637 5960 Parnm“
672 5896 794 5960 \Gn.
839 5894 1070 5958 LXXVI

3073 5878 3101 5936 5
