4104 6486
689 415 788 471 139

1663 404 1724 460 S.
1767 400 2042 459 CYRILLI
2080 393 2553 456 ALEXANDRINI
2593 393 2913 451 ARCIIIEP.

3836 392 3937 444 HD

689 538 847 590 homo
871 531 1066 603 aliquis
1093 530 1204 601 jam
1233 528 1526 590 exsistcns,
1558 525 1808 597 accipere
1845 525 2078 594 idipsum
2109 522 2254 592 quod

2371 518 2638 590 Βπάρχων,
2672 512 2773 571 εἶθ’
2817 516 2963 571 οὑτω
3006 517 3223 571 λαϐών·
3273 517 3388 569 ἔστι
3421 517 3476 570 δὲ
3521 516 3724 587 μᾶλλον
3766 515 3822 573 ἓν
3876 532 3942 583 γι

685 636 790 690 est,
829 623 981 694 quasi
1013 622 1158 676 aliud
1210 619 1467 688 quiddam
1524 631 1552 670 a
1606 631 1664 671 se
1714 616 2012 680 diversum,
2052 613 2255 668 intelli-

686 717 889 785 gendus
922 722 1042 768 est:
1080 711 1172 767 sed
1200 711 1378 780 potius
1406 709 1483 762 illi
1533 723 1599 762 ex
1646 709 1756 761 Deo
1808 706 1992 775 genito
2027 703 2204 759 Verbo
2235 741 2252 768 ,

685 808 775 875 qui
823 803 1116 858 secundum
1165 815 1278 855 suae
1327 806 1533 852 natura:
1583 797 1826 850 rationes
1875 793 2156 849 nobiscum
2199 792 2254 846 in

684 894 930 950 eumdem
960 907 1180 948 censum
1227 888 1421 945 referri
1449 902 1554 942 non
1604 895 1809 956 potest,
1864 883 2119 940 convenit
2155 884 2255 937 hu-

686 1001 858 1041 mana:
889 986 1082 1039 animae
1106 993 1160 1038 et
1200 981 1443 1051 corporis
1486 981 1880 1035 fraternitatem
1914 992 2017 1047 qua
2067 975 2254 1031 nobis-

685 1095 803 1133 cum
830 1079 1105 1147 jungatur,
1139 1073 1434 1142 accepisse.
1475 1072 1540 1126 Et
1573 1071 1701 1126 huic
1734 1081 1932 1125 nostra
1972 1068 2255 1124 sententiae

687 1181 797 1223 tum
847 1169 961 1239 ipsa
993 1166 1242 1222 veritatis
1297 1164 1437 1218 ratio
1489 1162 1886 1232 patrocinatur,
1941 1170 2052 1214 tum
2088 1161 2252 1214 etiam

686 1264 904 1330 integrae
939 1258 1059 1312 ﬁdei
1091 1256 1333 1310 traditio.
1376 1254 1600 1308 Constat
1633 1266 1762 1322 ergo
1795 1252 1848 1305 in
1879 1250 2048 1305 forma
2080 1251 2169 1304 Dei
2197 1258 2252 1304 et

683 1353 859 1407 Patris
889 1351 1053 1405 Deum
1085 1347 1317 1404 Verbum
1342 1344 1566 1401 fratrem
1599 1345 1754 1398 nobis
1783 1343 1984 1397 factum
2013 1357 2134 1396 esse
2159 1356 2256 1409 per

687 1444 891 1509 omnia,
924 1442 1176 1496 humanae
1207 1438 1400 1491 anima:
1425 1433 1746 1504 etcorporis
1770 1431 2114 1487 fraternitate
2130 1447 2250 1485 sus-

685 1546 839 1604 cepta
895 1546 1071 1601 neque
1117 1529 1376 1585 mentitur
1421 1541 1542 1581 cuin
1593 1525 1670 1579 ait
1714 1540 1726 1573 :
1769 1542 1786 1576 ι
1828 1523 1926 1590 Qui
1970 1523 2101 1575 vidit
2147 1535 2252 1588 me,

683 1625 816 1680 vidit
850 1634 902 1678 et
926 1623 1166 1676 Patrem.
1205 1638 1224 1671 ι
1257 1616 1390 1671 Nam
1423 1616 1467 1670 si
1497 1615 1620 1683 quis
1651 1623 1898 1668 nostrum
1927 1611 1992 1666 ad
2013 1625 2133 1666 eam
2165 1627 2254 1664 us-

683 1731 788 1786 que
815 1713 1200 1781 cogitationum
1226 1706 1554 1763 dementiam
1583 1705 1765 1774 lapsus
1787 1712 1955 1768 esset,
2001 1711 2059 1756 ut
2093 1711 2247 1772 puta-

683 1819 764 1864 ret
792 1809 954 1862 etiam
990 1804 1164 1873 ipsum
1199 1801 1288 1871 qui
1313 1799 1364 1854 in
1392 1798 1547 1853 caelis
1597 1806 1681 1851 est
1727 1795 1941 1850 Patrem
1978 1809 2042 1848 ac
2079 1792 2248 1847 Deum

2354 610 2435 682 τῷ
2467 608 2609 664 εἶναι
2633 610 2778 664 τοῦθ’
2801 612 2938 682 ὅπερ
2963 611 3134 664 ἐστίν.
3180 608 3390 663 Οὐκοῦν
3417 609 3518 662 οὑκ
3546 607 3836 678 ἄνθρωπός
3861 624 3946 670 τις

2357 703 2641 775 ὑπάρχων,
2697 703 2775 767 ὡς
2828 703 3014 775 ἕτερόν
3060 721 3113 756 τι
3167 704 3295 771 παρ’
3350 701 3568 767 ἑαυτὸν,
3635 701 3824 754 λαὸεῐν
3878 700 3944 751 ἂν

2357 798 2527 849 νοοῖτο
2550 795 2612 848 τὸ
2642 790 2778 848 εἶναι
2807 795 2836 848 ὅ
2863 796 2980 848 ἐστι
3006 812 3020 826 ο
3069 796 3270 866 πρέποι
3310 794 3354 846 δ’
3403 793 3468 847 ἂν
3522 794 3725 864 μᾶλλον
3756 793 3836 863 τῷ
3875 797 3945 846 ὲκ

2356 883 2492 938 Θεοῦ
2515 885 2670 953 φύντι
2693 885 2870 955 Λόγῳ,
2903 884 2965 937 τὸ
2997 883 3337 938 ἀσύντακτον
3369 884 3543 954 ἔχοντι
3591 883 3728 954 πρὸς
3769 883 3944 952 ἡμᾶς,

2357 976 2500 1030 κατά
2533 993 2597 1045 γε
2623 977 2749 1038 τοὺς
2782 977 2882 1047 τῆς
2931 976 3068 1040 ιδίας
3099 976 3315 1046 φύσεως
3359 975 3572 1043 λόγους,
3619 975 3802 1045 ψυχῆς
3852 975 3950 1026 ἀν-

2359 1065 2640 1137 θρωπίνης
2683 1066 2780 1118 καὶ
2811 1065 3062 1135 σώματος
3104 1066 3203 1137 τὴν
3235 1065 3374 1137 πρὸς
3413 1067 3564 1135 ἡμᾶς
3608 1065 3948 1134 ἀδελφότητα

2358 1156 2564 1212 λαϐεῖν.
2592 1157 2702 1210 Kal
2728 1157 2862 1228 πρός
2896 1173 2960 1225 γε
2997 1157 3155 1209 τοῦτο
3179 1158 3308 1228 ἡμῖν
3338 1157 3366 1208 6
3397 1156 3496 1227 τῆς
3536 1156 3795 1228 ἀληθείας
3849 1158 3948 1208 s1:-

2358 1249 2858 1318 αγωνιείταιλόγος,
2876 1249 2970 1303 καὶ
2997 1250 3095 1319 τῆς
3116 1251 3417 1320 ἀμωμήτου
3443 1249 3677 1312 πίστεως
3705 1251 3738 1319 ἡ
3766 1250 3948 1320 παράο

2357 1344 2522 1407 δοσις.
2561 1345 2800 1414 ΙἈραρεν
2833 1340 2924 1397 οὖν
2954 1345 3037 1396 ὅτι
3075 1345 3132 1395 ὲν
3167 1346 3348 1413 μορφῇ
3392 1342 3486 1395 τοῦ
3521 1341 3654 1395 Θεοῦ
3705 1342 3800 1394 καὶ
3839 1343 3953 1394 Πα-

2357 1437 2505 1506 τρὸς,
2532 1436 2664 1498 Θεὸς
2697 1436 2869 1504 Λόγος
2910 1436 3139 1504 ἀδελφὸς
3171 1439 3305 1506 ἡμῖν
3345 1437 3488 1490 κατά
3519 1436 3697 1489 πάντα
3730 1436 3951 1504 γέγονε,

2356 1527 2532 1596 ψυχῆς
2576 1525 2925 1596 ἀνθρωπίνης
2957 1527 3051 1580 καὶ
3094 1525 3346 1596 σώματος
3377 1526 3710 1598 ἀδελφότητα
3739 1526 3949 1590 λαϐὼν,

2357 1616 2453 1668 καὶ
2498 1616 2596 1668 οὑκ
2648 1616 2714 1670 ἂν
2753 1616 3103 1679 διαψεύσαιτο
3152 1617 3348 1685 λέγων,
3397 1636 3414 1668 ι
3439 1618 3496 1670 '0
3531 1617 3790 1686 ἑωρακὼς
3823 1618 3951 1687 ἐμὲ,

2359 1706 2572 1779 ἑώρακε
2601 1707 2693 1763 τὸν
2732 1708 2971 1778 Πατέρα.
2997 1727 3014 1759 ι
3069 1709 3132 1760 Ei
3178 1709 3276 1778 μὲν
3303 1708 3413 1777 γάρ
3440 1725 3523 1771 τις
3539 1710 3664 1774 ,τῶν
3695 1710 3753 1761 ὲν
3793 1710 3951 1779 ἡμῖν,

2358 1800 2605 1870 ἀμαθίας
2651 1802 2729 1863 εἰς
2769 1800 2928 1854 τοῦτο
2959 1800 3296 1856 κατώλισθεν
3335 1801 3575 1866 ἐννοιῶν,
3622 1803 3698 1864 ὡς
3741 1802 3958 1854 οἴεσθαι

682 1915 746 1952 eo
781 1870 1160 1965 dejiciendum,
1198 1870 1256 1944 ut
1301 1889 1524 1944 omnino
1555 1894 1797 1942 nostram
1840 1883 2251 1939 similitudinem

2371 1894 2452 1945 sal
2475 1893 2635 1945 αὑτὸν
2656 1893 2747 1945 τὸν
2778 1894 2836 1944 ἐν
2861 1895 2973 1954 τοῖς
2997 1894 3244 1962 οὐρανοῖς
3272 1893 3490 1963 Πατέρα
3510 1893 3603 1946 καὶ
3628 1893 3761 1946 Θεὸν
3783 1910 3960 1946 κατα-

684 1979 899 2052 Ιιιιὺέιιι,
955 1997 1272 2054 corpoream
1315 1979 1597 2043 nimirum,
1646 1987 1792 2030 recte
1839 1983 2131 2038 metueret,
2164 1986 2252 2038 ne,

683 2084 808 2136 dum
843 2079 1092 2134 Christus
1126 2074 1297 2128 dicit:
1334 2090 1351 2121 ι
1407 2069 1509 2136 Qui
1557 2067 1691 2120 vidit
1729 2081 1834 2131 me,
1895 2065 2028 2116 vidit
2052 2074 2107 2116 ct
2151 2062 2255 2115 Pa-

686 2186 846 2234 trem,
887 2190 902 2221 ι
943 2170 1116 2237 ipsum
1170 2176 1389 2233 quoque
1438 2175 1505 2214 ex
1551 2173 1658 2228 quo
1712 2167 1794 2212 est
1837 2158 2016 2225 specie
2069 2166 2254 2209 nostra

685 2279 805 2318 esse
836 2272 888 2316 et
917 2261 1116 2329 figuras
1160 2252 1408 2324 corporis
1457 2252 1656 2304 habere
1706 2248 2098 2317 suspicaretur.
2148 2244 2256 2298 Sed

685 2359 808 2426 quia
850 2355 1014 2410 etiam
1055 2349 1223 2405 Filius
1264 2344 1498 2400 hominis
1533 2341 1731 2404 factus,
1790 2342 1894 2393 hoc
1937 2337 2078 2407 quod
2115 2338 2256 2392 Deus

685 2456 800 2503 erat
829 2441 1086 2506 servavit,
1118 2449 1172 2495 et
1205 2451 1315 2492 suae
1338 2444 1544 2490 naturae
1575 2430 2030 2500 pulchritudinem
2061 2430 2257 2483 immu~

690 2538 905 2592 tabiieur
939 2531 1153 2594 retinet,
1187 2528 1334 2583 nullo
1365 2526 1524 2580 modo
1573 2525 1802 2576 verebor
1851 2524 2054 2584 dicere,
2079 2554 2081 2561 ι
2105 2520 2258 2573 illum

687 2644 807 2686 esse
835 2627 1000 2681 etiam
1032 2622 1266 2678 similem
1295 2617 1452 2673 nobis
1481 2629 1587 2684 qua
1617 2614 1780 2667 homo
1802 2625 1908 2673 est,
1951 2621 2010 2663 ut
2034 2625 2132 2664 nos
2161 2625 2256 2663 su-

688 2736 808 2776 mus
845 2732 911 2772 ex
943 2716 1122 2769 auirna
1150 2709 1311 2766 simul
1359 2721 1414 2764 ct
1461 2719 1712 2774 corpore,
1766 2702 2015 2772 quamvis
2067 2713 2259 2755 natura

687 2815 760 2869 sit
803 2812 963 2876 Deus,
1007 2818 1062 2862 et
1092 2807 1261 2877 ﬁgura
1303 2806 1622 2860 substantiae
1654 2803 1932 2859 Genitoris
1983 2801 2050 2854 ⁵⁸.
2109 2799 2260 2854 Unus

687 2907 855 2976 igitur
890 2903 1137 2968 ideruque
1167 2897 1360 2954 similis
1391 2908 1473 2952 est
1506 2897 1764 2950 fratribus
1801 2894 2101 2948 secundum
2136 2907 2258 2946 car-

688 3008 809 3050 nem
836 3004 889 3047 et
918 2993 972 3046 in
1013 3007 1106 3047 sua
1145 2998 1338 3045 natura
1361 3003 1465 3058 qua
1499 2988 1639 3041 Deus
1668 2995 1776 3048 est,
1831 2987 2004 3054 ipsum
2047 2999 2262 3053 quoque

687 3085 905 3141 Patrem
951 3082 1209 3138 ostendit.
1266 3079 1363 3135 ilic
1421 3095 1552 3134 vero
1601 3079 1651 3132 id
1698 3093 1802 3132 non
1859 3077 2107 3146 intelligit
2157 3075 2262 3129 ullo

2359 1983 2680 2053 κομίζεσθαι
2735 1985 2867 2049 δεῖν,
2910 1986 2987 2047 εἷς
3028 2002 3093 2053 γε
3142 1986 3202 2038 τὸ
3238 1987 3455 2056 χρῆναι,
3501 1987 3666 2056 φημὶ,
3699 1985 3797 2055 τὴν
3827 1985 3958 2038 καθ’

2360 2077 2507 2144 ἡμᾶς
2531 2076 2788 2145 ὁμοίωσιν
2834 2077 3000 2146 ἔχειν,
3047 2077 3206 2146 δῆλον
3235 2079 3290 2130 δὲ
3327 2078 3408 2131 ὅτι
3459 2081 3558 2147 τὴν
3603 2080 3957 2148 σωματικὴν,

2359 2167 2536 2238 ὀρθῶς
2580 2168 2792 2232 ἐδεδίει,
2847 2169 2921 2239 μὴ
2969 2171 3076 2238 ἄρα
3122 2187 3223 2222 που
3274 2169 3521 2236 λέγοντος
3563 2169 3658 2221 τοῦ
3692 2169 3961 2238 Χριστοῦ,

2367 2277 2384 2310 ι
2427 2259 2485 2311 '0
2511 2257 2774 2330 ἑωρακὼς
2812 2260 2932 2329 ἐμὲ,
2966 2258 3177 2328 ἑώρακε
3204 2260 3294 2313 τὸν
3329 2261 3569 2331 Πατέρα,
3603 2279 3620 2311 ι
3667 2264 3761 2314 καὶ
3785 2262 3957 2315 αὑτὸν

2361 2351 2726 2421 ὑποτοπήσειε
2751 2351 2841 2403 τὸν
2871 2352 2929 2417 ἐξ
2968 2347 3139 2422 οὗπέρ
3167 2353 3335 2414 ἐστιν,
3371 2354 3428 2406 ἐν
3462 2353 3589 2405 εῖδει
3620 2370 3675 2405 τε
3699 2349 3835 2406 εἶναι
3876 2352 3961 2423 τῷ

2361 2441 2482 2494 καθ’
2519 2443 2685 2511 ἡμᾶς,
2738 2442 2831 2494 καὶ
2877 2445 2934 2494 ὲν
2977 2445 3088 2504 τοῖς
3138 2443 3280 2496 κατά
3315 2443 3474 2512 σῶμα
3525 2446 3960 2512 σχηματισμοῖς.

2375 2533 2593 2603 Ἐπειδὴ
2644 2533 2701 2584 δὲ
2744 2535 2838 2585 καὶ
2887 2533 3014 2596 Υἱὸς
3067 2533 3357 2600 ἀνθρώπου
3387 2532 3646 2600 γεγονὼς,
3701 2533 3762 2585 τὸ
3816 2529 3964 2585 εἶναι

2363 2625 2496 2689 Θεὸς
2546 2624 2858 2690 διεσώσατο,
2913 2625 3103 2678 καὶτὸ
3153 2625 3254 2696 τῆς
3297 2627 3436 2689 ιδίας
3493 2627 3708 2694 φύσεως
3761 2625 3965 2689 καλλος

2362 2718 2781 2788 ἀπαραποίητον
2805 2719 2938 2789 ἔχει,
2964 2719 3368 2787 κατοκνήσαιμ*
3392 2717 3456 2770 ἂν
3482 2719 3731 2788 οὐδαμῶς
3756 2720 3962 2780 εἰπεῖν,

2363 2807 2445 2860 ὅτι
2479 2808 2573 2861 καὶ
2606 2809 2706 2879 τὴν
2741 2809 2877 2878 πρὸς
2917 2810 3068 2878 ἡμᾶς
3105 2809 3364 2878 ὁμοίωσιν
3407 2809 3542 2880 ἔχει,
3595 2810 3738 2862 κατά
3784 2827 3847 2877 ys
3901 2810 3967 2862 τὸ

2365 2897 2502 2953 εἶναι
2528 2900 2650 2952 καθ’
2684 2902 2831 2970 ἡμᾶς
2860 2900 2955 2954 ἄνθ
2967 2919 3168 2970 ρωπος,
3195 2904 3224 2954 6
3257 2905 3320 2954 ἐκ
3349 2902 3528 2972 ψυχῆς
3559 2904 3652 2955 καὶ
3678 2901 3963 2971 σώματος,

2366 2993 2543 3044 καίτοι
2574 2993 2706 3052 Θεὸς
2739 2992 2814 3045 ὣν
2839 2993 3000 3061 φύσει
3032 2994 3127 3046 xal
3164 2993 3453 3063 χαρακτὴρ
3483 2997 3580 3062 τῆς
3604 2995 3968 3057 ὑποστάσεως

2365 3082 2458 3136 τοῦ
2490 3083 2902 3152 γεγεννηκότος.
2942 3080 3033 3145 Εἷς
3066 3079 3157 3136 οὑν
3207 3084 3316 3153 ἄρα
3364 3084 3455 3135 καὶ
3495 3086 3519 3136 6
3552 3084 3732 3146 αὑτὸς,
3776 3100 3966 3154 παρα-

691 3179 894 3241 modo,
956 3176 1049 3229 sed
1102 3185 1303 3228 rectam
1354 3185 1652 3240 puramque
1705 3167 1944 3236 mysterii
1999 3166 2260 3220 rationem

2372 3174 2603 3245 πλήσιος
2633 3175 2732 3243 μὲν
2759 3177 2872 3238 τοῖς
2902 3175 3148 3244 ἀδελφοῖς
3187 3175 3326 3228 κατά
3364 3175 3561 3244 σάρκα,
3597 3172 3860 3226 δεικνύων
3907 3174 3968 3226 δὲ

692 3271 1026 3331 adulterans,
1064 3266 1227 3319 alium
1253 3263 1408 3318 nobis
1439 3272 1493 3316 et
1527 3261 1690 3313 alium
1725 3261 1929 3312 inducit
1955 3259 2262 3320 Christum,

691 3373 746 3418 et
787 3360 1133 3416 Judaicorum
1183 3357 1472 3410 criminum
1526 3354 1731 3420 laqueis
1769 3362 1982 3418 captus,
2031 3350 2120 3403 ubi
2171 3349 2264 3411 sit,

692 3459 746 3503 et
776 3462 881 3517 quo
928 3445 1192 3498 maiorum
1231 3444 1441 3494 venerit
1478 3442 1697 3492 minime
1731 3440 1914 3493 sentit.
1957 3439 2266 3493 Audiebant

693 3541 836 3596 enim
863 3537 952 3608 qui
990 3538 1055 3590 de
1081 3547 1275 3603 genere
1312 3529 1474 3585 Israel
1504 3540 1687 3593 erant,
1721 3531 1884 3582 Deum
1934 3530 2266 3582 clamantem

693 3648 789 3703 per
815 3633 1101 3700 quemdam
1159 3636 1470 3680 sanctorum
1510 3624 1896 3691 prophetarum
1957 3622 2024 3675 de
2056 3623 2270 3675 Emma-

696 3724 867 3779 nuel:
907 3740 924 3772 ι
962 3720 1029 3774 Et
1071 3729 1157 3782 tu,
1204 3715 1514 3769 Bethlehem
1569 3716 1760 3767 dornns
1809 3711 2122 3782 Ephratlia,
2173 3712 2272 3766 mi-

697 3820 843 3872 nima
891 3829 950 3868 es
1000 3817 1052 3866 iu
1108 3811 1344 3864 millibus
1390 3807 1522 3860 Juda
1561 3826 1575 3860 :
1613 3821 1677 3859 ex
1718 3816 1769 3859 te
1816 3804 1944 3857 mihi
2002 3806 2172 3857 exibit
2218 3813 2275 3857 ut

698 3909 769 3964 sit
802 3908 1052 3977 princeps
1081 3903 1132 3956 in
1164 3899 1349 3960 Israel,
1386 3908 1438 3951 et
1466 3897 1644 3952 exitus
1692 3896 1807 3964 ejus
1847 3910 1873 3945 a
1908 3894 2174 3962 principio
2206 3907 2270 3946 ex

699 3999 891 4056 diebus
923 3994 1244 4049 aeternitatis
1279 3991 1343 4042 δ’.
1383 4010 1399 4040 ι
1439 3989 1503 4042 Et
1522 4002 1751 4041 rursus:
1788 4003 1806 4036 ι
1850 3985 2271 4040 Geuerationem

697 4091 815 4158 ejus
859 4088 979 4156 quis
1025 4081 1345 4138 euarrabit?
1391 4080 1515 4149 quia
1573 4076 1781 4131 tollitur
1837 4077 1901 4130 de
1965 4085 2107 4129 terra
2161 4075 2271 4128 vita

698 4184 815 4252 ejus
843 4180 909 4232 ⁸ο.
936 4199 953 4229 ι
995 4177 1191 4228 Deinde
1221 4189 1340 4226 cum
1394 4185 1619 4240 prorsus
1655 4169 1801 4223 nullo
1855 4166 2016 4222 modo
2071 4179 2273 4236 myste-

700 4280 838 4332 rium
893 4271 1255 4339 intelligerent
1287 4306 1301 4330 ,
1358 4279 1533 4333 neque
1576 4263 1781 4317 scirent
1812 4260 1984 4327 illum,
2025 4260 2273 4329 quamvis

701 4369 841 4421 Deus
861 4372 1006 4418 esset
1038 4378 1101 4414 ex
1123 4369 1311 4411 natura
1339 4367 1393 4410 et
1417 4355 1782 4410 subsistentia:
1806 4368 1916 4406 suae
1946 4353 2160 4405 initium
2192 4353 2273 4404 in-

700 4458 808 4529 79
845 4453 1050 4509 visibilc
1074 4461 1128 4504 et
1161 4445 1705 4516 incomprehensibilc
1727 4445 1973 4507 haberet,
2019 4454 2270 4498 vocatum

2371 3269 2465 3320 καὶ
2482 3268 2643 3321 αὑτὸν
2661 3270 2717 3319 ἐν
2739 3269 2845 3339 ἰδίᾳ
2868 3270 3026 3337 φύσει
3051 3270 3142 3320 τὸν
3169 3269 3489 3336 Γεννήτορα,
3511 3266 3652 3319 κατά
3674 3283 3761 3334 γε,
3790 3267 3966 3334 φημὶ,

2375 3360 2436 3412 τὸ
2482 3355 2620 3413 εἶναι
2663 3361 2824 3423 Θεός·
2863 3362 2890 3411 6
2929 3361 2984 3411 δὲ
3028 3361 3187 3413 τοῦτο
3242 3361 3340 3428 μὲν
3391 3361 3450 3411 οὑ
3507 3358 3719 3427 συνίησι
3749 3358 3923 3410 ποθεν
3949 3372 3967 3387 ο

2380 3453 2817 3520 παρασημαίνων
2842 3453 2898 3504 δὲ
2929 3451 3117 3520 ὥσπερ
3139 3453 3228 3503 τὸν
3256 3452 3428 3521 ὀρθῶς
3453 3468 3511 3502 τε
3541 3452 3631 3502 καὶ
3656 3449 3972 3520 ἀκιδδήὶως

2373 3545 2564 3613 ἔχοντα
2591 3544 2683 3595 τοῦ
2723 3545 3021 3614 μυστηρίου
3058 3543 3235 3610 λόγον,
3273 3545 3458 3610 ἕτερον
3485 3543 3617 3611 ἡμῖν
3645 3543 3739 3594 καὶ
3773 3541 3970 3610 ἕτερον

2373 3635 2678 3706 εἰσκομίζει
2709 3638 2943 3706 Χριστόν
2968 3653 2980 3665 ο
3019 3638 3110 3689 καὶ
3141 3638 3253 3698 τοῖς
3289 3635 3593 3697 Ἰουδαϊκοῖς
3615 3633 3971 3702 ἐγκλήμασιν

2375 3728 2632 3790 ὲναλοῦς,
2679 3729 2798 3780 οὑδὲ
2852 3729 3083 3798 ὄποιπέρ
3145 3730 3291 3790 ἐστι,
3343 3728 3435 3779 καὶ
3497 3727 3562 3778 ἶν’
3612 3727 3736 3796 ἥκει
3773 3724 3972 3776 κακῶν

2374 3820 2708 3872 αἰσθάνεται.
2754 3821 2987 3871 ’Ἤκουον
3010 3820 3104 3886 μὲν
3153 3820 3260 3888 γὰρ
3301 3821 3349 3869 οἱ
3385 3819 3440 3883 ἐξ
3460 3817 3689 3886 αἵματος
3722 3815 3971 3884 Ἰσραὴλ,

2375 3911 2512 3964 Θεοῦ
2552 3910 2973 3981 διακεκραγὸτος
3019 3911 3086 3961 δι’
3133 3910 3249 3972 ἑνὸς
3293 3899 3400 3961 τῶν
3441 3909 3611 3977 ἁγίων
3664 3907 3970 3978 προφητῶν

2378 4005 2504 4072 περὶ
2531 4001 2622 4055 τοῦ
2672 4003 3017 4071 Ἐμμανουήλ
3041 4017 3052 4030 ·
3093 4022 3109 4052 ι
3141 4003 3250 4054 Kal
3271 4002 3358 4063 σὺ,
3392 4001 3656 4070 Βηθλεὲμ,
3693 3997 3843 4060 οἶκος
3870 3999 3973 4051 τοῦ

2389 4091 2655 4161 Ἐφραθᾶ,
2685 4089 2964 4157 ὀλιγοστὸς
2991 4085 3043 4141 εἴ
3081 4091 3174 4141 τοῦ
3205 4085 3346 4141 εἶναι
3382 4091 3438 4141 ἐν
3470 4090 3703 4158 χιλιάσιν
3747 4089 3926 4141 Ἰούδα
3954 4107 3968 4120 ο

2377 4185 2441 4236 ὲκ
2471 4182 2564 4235 σοῦ
2597 4200 2687 4251 μοι
2722 4181 3063 4244 ἐξελεύσεται
3109 4180 3201 4232 τοῦ
3237 4177 3375 4232 εἶναι
3416 4183 3497 4242 εἰς
3526 4181 3761 4248 ἄρχοντα
3795 4181 3854 4230 ὲν
3888 4178 3971 4246 τῷ

2391 4275 2639 4345 Ίσραήλσ
2689 4275 2784 4328 καὶ
2821 4275 2877 4327 ai
2909 4273 3075 4340 ἔξοδοι
3111 4272 3276 4325 αὑτοῦ
3321 4273 3416 4324 ἀπ’
3448 4273 3621 4343 ἀρχῆς
3651 4271 3707 4337 ἐξ
3738 4271 3972 4340 ἡμερῶν

2378 4367 2590 4430 αἰῶνος.
2607 4386 2623 4418 ι
2644 4367 2753 4419 Kal
2771 4366 2950 4420 πάλιν·
2972 4386 2989 4417 ι
3004 4367 3113 4437 Τὴν
3135 4364 3327 4433 γενεὰν
3349 4363 3512 4416 αὑτοῦ
3530 4364 3608 4424 τίς
3622 4364 3971 4432 διηγήσεταις

2380 4462 2460 4514 ὃτι
2492 4461 2704 4530 αἴρεται
2730 4460 2837 4512 ἀπὸ
2864 4461 2958 4529 τῆς
2979 4462 3080 4528 γῆς
3106 4457 3268 4526 ἠξωὴ
3285 4456 3470 4510 αὑτοῦ.
3487 4475 3503 4506 ι
3533 4450 3660 4506 Εἶτα
3687 4453 3969 4513 συνιέντες

701 4567 820 4605 esse
849 4557 1027 4601 tamen
1058 4541 1482 4602 Bethleemitam,
1517 4546 1700 4604 utpote
1735 4550 1796 4588 ex
1828 4534 2008 4588 radice
2033 4534 2184 4589 Jesse
2213 4548 2264 4586 at

2384 4552 2636 4623 οὐδαμῶς
2667 4552 2726 4604 τὸ
2762 4553 3076 4621 μυστήριον,
3121 4549 3243 4601 οὗτε
3288 4548 3394 4618 μὴν
3425 4547 3622 4608 ειδότες
3651 4547 3731 4598 ὅτι
3783 4545 3972 4596 καίτοι

705 4641 952 4705 David“,
980 4639 1049 4691 ibi
1066 4635 1358 4690 secundum
1383 4645 1599 4685 carnem
1619 4628 1882 4695 genitum,
1901 4628 2040 4680 inter
2064 4642 2121 4680 se
2139 4627 2281 4679 dice-

707 4738 834 4789 bant
863 4752 875 4786 :
908 4753 924 4783 ι
971 4729 1159 4783 Nonne
1187 4729 1273 4780 hic
1299 4734 1374 4779 est
1410 4739 1568 4792 quem
1598 4724 1912 4789 quaerebant
1949 4717 2279 4772 interficere?

707 4827 849 4881 Ecce
874 4825 1043 4892 palam
1098 4819 1355 4886 loquitur,
1387 4826 1441 4868 ct
1494 4814 1624 4867 nihil
1682 4813 1732 4866 ei
1781 4813 2004 4865 dicunt:
2043 4808 2282 4877 nunquid

710 4910 1364 4988 cognoveruutprincipcs
1392 4908 1515 4974 quia
1563 4907 1648 4960 hic
1705 4916 1788 4958 est
1835 4903 2130 4956 Christus?
2177 4901 2282 4954 Sed

712 5016 856 5067 hunc
881 5008 1082 5062 scimus
1104 5004 1243 5056 unde
1262 5004 1365 5054 sit:
1402 5000 1653 5052 Christus
1685 5007 1861 5050 autem
1895 5011 2016 5049 cum
2046 4995 2282 5058 venerit,

714 5102 991 5160 nemoscit
1026 5097 1164 5151 unde
1194 5094 1352 5148 sit".
1392 5111 1409 5141 ι
1459 5090 1758 5144 Audiebant
1815 5091 1982 5151 enim,
2040 5099 2096 5141 ut
2145 5086 2279 5151 dixi,

717 5196 1031 5264 prophetam
1063 5191 1245 5241 dicere
1290 5184 1574 5255 perspicue
1609 5199 1619 5233 :
1663 5199 1680 5232 ι
1710 5180 2128 5235 Geucrationem
2163 5179 2280 5246 ejus

719 5289 840 5358 quis
885 5281 1204 5337 enat-rabit?
1241 5297 1258 5328 ι
1297 5287 1370 5340 et,
1425 5274 1568 5342 quod
1635 5275 1834 5334 exitus,
1877 5272 1926 5324 id
1951 5281 2052 5336 est,
2084 5287 2278 5325 essen-

719 5405 804 5454 tne
845 5398 1050 5451 initium
1078 5403 1204 5447 ante
1232 5392 1411 5446 omnia
1465 5386 1658 5441 saecula
1714 5386 1953 5438 haberet.
1998 5382 2114 5436 Jam
2159 5396 2286 5435 vero

716 5502 949 5561 quantus
979 5487 1140 5540 luerit
1160 5483 1462 5537 Judzeorum
1491 5491 1699 5547 stupor,
1737 5492 1944 5530 rursum
1975 5476 2285 5528 consideres

716 5586 899 5636 velim.
923 5583 1055 5635 Cum
1093 5580 1234 5632 enim
1262 5575 1504 5629 dicerent
1534 5594 1544 5625 :
1582 5591 1598 5622 ι
1636 5571 1881 5625 Christus
1906 5583 2024 5621 cum
2055 5567 2282 5627 venerit,

722 5691 877 5732 neruo
900 5675 1002 5727 scit
1070 5672 1210 5724 unde
1270 5669 1360 5728 sit,
1405 5685 1422 5716 ι
1461 5678 1644 5717 rursus
1695 5665 1833 5714 inter
1885 5677 1941 5713 se
1991 5659 2282 5712 dicebant:

792 5858 836 5890 "
877 5855 1037 5910 Hebr.
1070 5869 1104 5916 ι,
1129 5853 1161 5903 3
1256 5849 1300 5880 δ’
1338 5846 1493 5900 Μιυιι.
1525 5859 1572 5905 v,
1606 5841 1657 5894 2.
1735 5842 1780 5870 ⁵ο
1816 5838 1911 5891 Isa.
1941 5853 2053 5902 ι.ιιι,
2081 5838 2132 5892 8.

2237 5835 2277 5865 "
2323 5835 2420 5887 isa.
2454 5849 2525 5894 λι,
2560 5834 2604 5884 1.

2385 4642 2516 4704 Θεὸς
2544 4640 2618 4693 ῶν
2649 4640 2828 4708 φύσει,
2884 4643 2976 4691 καὶ
3023 4639 3120 4707 τῆς
3161 4637 3447 4708 ὑπάρξεως
3488 4636 3586 4705 τὴν
3625 4635 3801 4704 ἀρχὴν
3857 4635 3972 4686 ἄπο

2387 4734 2555 4786 οπτόν
2585 4749 2643 4783 τε
2675 4732 2768 4783 καὶ
2810 4730 3193 4799 ἀκατάληπτον
3237 4730 3396 4798 ἔχων,
3428 4728 3806 4796 κεχρημάτικε
3858 4725 3974 4792 Βη-

2389 4825 2700 4894 θλεεμίτης,
2737 4823 2809 4885 ῶς
2843 4823 2904 4874 ὲκ
2936 4821 3092 4891 ῥίζης
3135 4820 3331 4872 Ἰεσσαὶ
3363 4820 3456 4872 καὶ
3484 4816 3665 4877 Δασιδ,
3689 4817 3806 4867 ἐκεῖ
3839 4831 3972 4882 γεν-

2388 4918 2570 4987 νηθεὶς
2598 4916 2736 4968 κατά
2782 4915 2976 4984 σάρκα,
3011 4913 3144 4982 πρὸς
3177 4910 3435 4980 ἀλλήλους
3482 4909 3753 4977 ἔφασκον
3793 4926 3811 4956 ι
3855 4908 3978 4976 Οὑχ

2395 5002 2549 5072 οὗτός
2607 5011 2755 5060 ἐστιν
2794 5007 2851 5059 δν
2917 5005 3169 5074 ζητοῦσιν
3213 5005 3570 5064 ἀποκτεῖναι;
3608 5000 3713 5052 Ἰδε
3753 5002 3981 5069 παρρη-

2394 5103 2485 5172 σία
2523 5101 2695 5163 λαλεῖ,
2735 5099 2826 5150 καὶ
2859 5097 3008 5149 οὐδὲν
3058 5095 3204 5165 αὐτῷ
3234 5095 3491 5162 λέγουσι’
3529 5093 3602 5161 μή
3638 5106 3767 5142 ποτε
3799 5089 3979 5155 ἔγνω-

2392 5211 2491 5247 σαν
2536 5194 2583 5244 οἱ
2629 5192 2906 5262 ἄρχοντες,
2942 5190 3023 5240 ὅτι
3055 5183 3205 5250 οὑτὸς
3239 5189 3386 5239 ἐστιν
3430 5187 3458 5236 6
3486 5182 3750 5254 Χριστός;
3811 5181 3984 5234 Ἀλλά

2385 5287 2572 5340 τοῦτον
2599 5285 2817 5353 οἴδαμεν
2843 5282 3003 5335 πόθεν
3032 5281 3176 5333 ἐστίν
3198 5296 3210 5308 °
3244 5282 3271 5332 6
3301 5279 3357 5332 δὲ
3381 5277 3614 5348 Χριστὸς
3645 5277 3775 5328 ὅταν
3807 5275 3982 5344 ἕρκη-

2385 5393 2494 5438 ται,
2524 5375 2696 5435 οὐδεὶς
2732 5371 2989 5438 γινώσκει
3024 5370 3186 5423 πόθεν
3209 5369 3375 5422 ἐστίν.
3403 5387 3420 5419 ι
3454 5369 3689 5420 Ἤκουον
3723 5365 3852 5436 γὰρ,
3904 5367 3982 5430 ὡς

2385 5468 2543 5535 ἔφην,
2583 5463 2676 5516 τοῦ
2721 5464 2996 5532 προφήτου
3047 5462 3295 5527 λέγοντος
3337 5459 3617 5530 ἐναργῶς·
3666 5478 3684 5508 ι
3728 5457 3840 5526 Τὴν
3882 5475 3979 5525 γε-

2391 5559 2517 5610 νεὰν
2539 5553 2700 5607 αὑτοῦ
2721 5553 2798 5614 τίς
2817 5553 3133 5621 διηγήσεται
3158 5567 3171 5615 ;
3198 5573 3216 5601 ι
3239 5551 3331 5603 καὶ
3356 5551 3436 5601 ὅτι
3465 5549 3561 5610 τὰς
3590 5547 3824 5612 ἐξόδους,
3856 5547 3981 5614 ἤτοι

2393 5649 2490 5719 τὴν
2518 5646 2750 5716 ὓπαρξιν
2785 5646 2888 5713 πρὸ
2926 5643 3122 5705 παντὸς
3150 5641 3342 5704 αἰῶνος
3383 5640 3515 5709 ἔχει.
3549 5638 3743 5708 ’Δθρει
3786 5637 3850 5708 δή
3892 5655 3984 5708 μοι

2686 5833 2729 5859 δ’
2766 5829 2920 5880 Ιιιξιιι.
2957 5844 3044 5892 t‘tt,
3078 5826 3263 5878 359.7.
