4104 6462
165 397 242 450 Nl
1209 391 1575 452 ADVERSUS
1610 385 2010 445 NESTORIUM
2056 386 2185 442 LIB.
2229 385 2315 439 111.

3261 374 3362 428 112

160 515 295 568 πάλιν
323 515 418 584 τῆς
458 515 737 570 Ἰουδαίων
769 516 1164 589 ὲμϐροντησίας
1200 519 1261 571 τὸ
1292 514 1518 587 μέγεθος
1538 528 1552 540 ·
1591 513 1693 580 φά-

1806 529 1822 561 ι
1862 510 1957 564 Hic
1979 519 2061 565 est
2093 523 2215 564 vere
2253 505 2512 577 propheta
2543 518 2556 555 :
2591 499 2682 556 alii
2712 511 2839 554 vero
2871 494 3142 561 dicebant,
3166 493 3362 561 inquit,

161 623 350 669 σκοντες
379 606 485 677 γάρ
510 626 523 640 ο
561 626 578 658 ι
630 609 692 660 'U
724 609 957 680 Χριστὸς
982 610 1109 662 ὅταν
1137 609 1380 680 ἔρχηται,
1407 604 1580 667 οὐδεὶς
1609 621 1694 672 γι-

159 698 326 750 νώσκει
352 697 511 750 πόθεν
536 698 692 751 ὲστίο
731 717 751 751 ι
794 700 953 753 πάλιν
998 700 1131 771 πρὸς
1173 698 1434 770 ἀλλήλους
1475 695 1691 765 ἔλεγονο

165 810 178 839 ι
207 784 352 852 Οὗτός
381 791 528 842 ἐστιν
556 791 776 860 ἀληθῶς
812 792 841 843 6
875 793 1155 863 προφήτης
1180 809 1193 823 ·
1223 791 1370 846 ἄλλοι
1397 790 1454 843 δὲ
1490 789 1694 857 ἔλεγον,

159 882 315 950 φησιν,
341 882 420 934 ὅτι
450 881 625 945 Αὐτός
650 885 798 936 ἐστιν
825 885 853 936 6
891 885 1123 955 Χριστός
1143 900 1156 912 ’
1195 885 1243 937 οί
1278 883 1334 936 δὲ
1362 881 1568 950 ἔλεγον·
1604 879 1696 950 Μὴ

156 973 247 1042 γὰρ
287 973 346 1024 ἐκ
387 974 485 1043 τῆς
535 973 833 1038 Γαλιλαίας
879 977 907 1027 6
938 975 1172 1044 Χριστὸς
1211 975 1460 1046 ἔρχεται;
1510 972 1629 1042 οὐχὶ
1662 973 1696 1042 ὴ

158 1063 319 1131 Γραφὴ
359 1058 510 1117 εἶπεν
538 1065 623 1117 ὅτι
652 1067 716 1117 ἐκ
752 1064 1067 1136 σπέρματος
1103 1065 1288 1126 Δαϐὶδ,
1316 1064 1411 1118 καὶ
1455 1063 1561 1117 ἀπὸ
1594 1063 1699 1133 Βη-

156 1154 296 1223 Θλεὲμ
321 1155 418 1226 τῆς
460 1155 680 1226 κώμης,
729 1157 864 1209 ὅπου
901 1153 968 1227 ἦν
997 1156 1179 1222 Δαόὶδ,
1219 1158 1248 1210 6
1282 1155 1512 1227 Χριστὸς
1540 1155 1698 1225 ἔρχε-

155 1263 257 1310 ται;
296 1266 312 1297 ›
371 1248 531 1318 Ὁρᾷς
579 1244 678 1302 οὖν
723 1249 871 1312 ὅπως
919 1251 1013 1303 καὶ
1045 1249 1470 1320 καταμεθὺουσι,
1506 1248 1596 1301 καὶ
1638 1247 1699 1300 τὸ

154 1339 357 1408 ἄναρχον
390 1337 608 1402 θεῖκῶς,
645 1338 738 1392 καὶ
771 1338 870 1410 τὴν
907 1341 965 1392 ὲν
1003 1340 1178 1410 χρόνῳ
1221 1339 1471 1410 γέννησιν
1510 1354 1699 1408 σαρκι-

155 1432 241 1496 κὴν
270 1430 652 1499 ὁμολογοῦντες
688 1433 886 1498 αὐτοῦς
955 1433 1092 1486 Ἀλλ’
1141 1433 1241 1486 οὐκ
1283 1431 1349 1486 ἂν
1397 1433 1477 1494 είς
1528 1431 1700 1493 οὕτως

157 1520 393 1584 ὲκτόπους
435 1523 836 1594 ἀπεκομίζοντο
888 1523 1230 1588 δυσϐουλίας,
1292 1524 1449 1595 εῐπερ
1505 1523 1700 1593 ᾔδεσαν

152 1612 357 1680 ἀληθῶς,
391 1614 468 1667 ὅτι
507 1614 646 1677 Θεὸς
677 1614 752 1667 ὢν
797 1617 826 1668 6
850 1617 1039 1685 Λόγος,
1069 1618 1132 1670 ὲκ
1167 1615 1323 1687 ῥίζης
1362 1615 1462 1685 τῆς
1505 1614 1701 1667 Ἰεσσαὶ

152 1702 230 1754 καὶ
252 1703 422 1767 Δαδιδ,
458 1705 553 1756 καὶ
583 1706 686 1774 τῆς
710 1706 868 1774 ἁγίας
902 1707 1177 1777 Παρθένου
1201 1705 1468 1776 προῆλθεν
1495 1705 1702 1777 ἀνθρω-

152 1811 250 1858 πος,
294 1796 604 1867 ὠνόμασται
637 1798 694 1850 δὲ
741 1799 834 1851 καὶ
867 1797 1255 1868 Βηθλεεμίτης,
1288 1799 1317 1851 6
1363 1799 1468 1868 γῆς
1515 1813 1574 1850 τε
1609 1797 1703 1850 καὶ

1802 601 1896 655 Hic
1937 612 2020 656 est
2064 601 2340 661 Christus;
2392 596 2478 649 alii
2519 591 2767 649 dicebant
2800 607 2814 644 :
2843 586 2979 641 Num
3024 601 3090 640 ex
3147 583 3361 640 Galilera

1797 694 2046 747 Christus
2085 689 2267 745 venit?
2293 699 2467 741 nonne
2507 683 2787 752 Scriptura
2829 680 2977 740 dicit,
3010 677 3150 745 quod
3185 690 3247 729 ex
3280 688 3364 727 se.

1799 784 1938 837 mine
1963 782 2123 835 David
2152 792 2204 834 et
2223 783 2288 834 de
2305 777 2616 831 Bethlehem
2645 771 2887 834 castello,
2922 770 3008 824 ubi
3034 775 3150 823 erat
3173 767 3361 827 David,

1797 875 2044 930 Christus
2076 872 2219 927 venit
2242 870 2400 922 "°“?
2429 889 2446 920 ι
2484 867 2640 920 Vides
2677 876 2733 917 ut
2764 861 3058 923 insaniunt,
3087 859 3212 912 dum
3245 856 3363 925 eius

1800 975 2045 1021 naturam
2079 965 2230 1018 initio
2253 971 2545 1023 carentem,
2576 956 2717 1026 quod
2751 955 2817 1009 ad
2851 952 3185 1006 divinitatem
3233 949 3361 1001 atti-

1800 1067 1911 1120 net,
1938 1066 1990 1110 et
2011 1055 2280 1110 carnalem
2306 1053 2359 1106 in
2393 1060 2630 1118 tempore
2655 1044 3052 1115 generationem
3099 1037 3365 1094 fatentur?

1800 1148 1904 1204 Sed
1931 1161 2200 1217 nunquam
2233 1146 2285 1199 in
2318 1157 2423 1198 tam
2445 1140 2706 1196 absurdas
2729 1139 3043 1204 ineptasque
3068 1131 3366 1186 sententias

1799 1239 2012 1294 abducti
2031 1246 2231 1302 essent,
2255 1237 2300 1291 si
2333 1249 2456 1289 vere
2477 1230 2886 1292 intellexissent,
2908 1229 3078 1294 ipsmn
3105 1221 3364 1283 Verbum,

1800 1343 1921 1383 cum
1969 1336 2112 1382 esset
2157 1327 2318 1387 Deus,
2359 1338 2425 1377 ex
2483 1320 2666 1375 radice
2691 1317 2844 1373 Jesse
2883 1324 2938 1369 et
2989 1313 3150 1368 David
3210 1321 3264 1364 et
3295 1325 3365 1364 ex

1802 1428 1990 1473 sancta
2041 1417 2256 1488 Virgine
2289 1415 2561 1470 hominem
2617 1411 2900 1479 prodiisse,
2933 1404 3366 1475 appellatumque

1801 1527 1918 1566 esse
1953 1507 2354 1565 Bethleemitam
2385 1507 2558 1574 ipsum
2580 1515 2757 1567 terrae,
2782 1500 2903 1554 cmli
2965 1497 3367 1551 universorum-

1801 1617 1905 1672 que
1921 1601 2227 1657 Dominum.
2255 1617 2273 1650 ι
2293 1597 2580 1652 Nobiscum
2608 1595 2750 1648 enim
2773 1591 2929 1647 simul
2955 1603 3153 1658 egenus
3178 1596 3262 1641 est
3289 1586 3369 1638 fa-

1801 1705 1944 1757 ctus,
1972 1707 2092 1746 cum
2120 1691 2269 1744 dives
2285 1699 2481 1753 esset,»
2506 1698 2562 1740 ut
2587 1685 2845 1754 scriptum
2864 1693 2946 1738 est
2965 1681 3029 1733 ⁸⁵.
3055 1678 3370 1746 Quidigitur

1806 1784 1856 1837 in
1881 1781 2186 1838 Judatorum
2215 1795 2382 1850 nugas
2413 1789 2462 1833 te
2486 1782 2598 1846 ipse
2630 1775 2875 1842 conjicis,
2912 1783 2962 1827 et
2997 1787 3058 1825 ea
3092 1770 3258 1823 sentis
3307 1783 3371 1819 ac

150 1885 351 1953 οὐρανοῦ
402 1887 494 1939 καὶ
542 1887 655 1942 τῶν
702 1888 839 1941 ὅλων
870 1889 1176 1960 Δεσπότηςο
1217 1907 1236 1940 ι
1289 1888 1701 1958 Συνεπτώχευσε

1807 1873 1961 1934 dicis,
1980 1886 2097 1939 quae
2132 1884 2303 1939 neque
2330 1867 2506 1936 eloqui
2535 1865 2615 1920 fas
2637 1876 2741 1926 est,
2774 1872 2827 1916 et
2874 1863 3190 1915 damnosum
3223 1857 3368 1925 cogi-

149 1977 238 2047 γὰρ
267 1979 390 2046 ἡμῖν
420 1979 680 2043 πλούσιος
711 1979 808 2044 ὢν,
851 2000 870 2032 ι
910 1980 1050 2034 κατὰ
1093 1966 1592 2049 τὸ’γεγραμμένον.
1642 1980 1705 2036 Τί

149 2068 408 2137 τοιγαροῦν
447 2073 570 2133 ταῖς
595 2070 708 2123 τῶν
754 2070 1022 2125 Ἰουδαίων
1053 2069 1362 2140 τερθρείαις
1399 2069 1559 2122 αὑτὸν
1592 2067 1702 2140 [ῖσ.

150 2156 339 2228 σαυτὸν]
380 2159 565 2223 ἐνιεὶς,
609 2159 959 2232 πεφρόντικάς
998 2175 1058 2212 τε
1123 2159 1218 2212 καὶ⁸
1263 2159 1442 2228 λέγεις
1474 2158 1509 2212 ἃ.
1568 2161 1704 2229 μήτε

150 2248 282 2315 θέμις
315 2251 506 2317 εἰπεῖν,
542 2253 682 2323 μήτε
730 2252 834 2323 μὴν
881 2254 1084 2306 ἐννοεῖν
1115 2249 1381 2322 ἀζήμιον;
1415 2251 1549 2303 Ἕνα
1585 2249 1705 2320 μεθ’

149 2340 281 2406 ἡμῶν
309 2341 557 2410 ὁμολόγει
593 2342 860 2414 Χριστόν
892 2343 985 2396 καὶ
1017 2343 1094 2413 μὴ
1137 2341 1438 2412 διατέμνων
1491 2343 1570 2404 είς
1614 2340 1707 2394 δύο

147 2427 198 2495 δη
241 2430 391 2482 πάλιν
423 2433 606 2485 ἐκεῖνο
634 2431 794 2499 λέγε’
842 2431 1143 2502 Ἀπεστάλη
1177 2432 1205 2484 6
1242 2433 1369 2503 ἡμῖν
1402 2431 1702 2502 όμοούσιος,

150 2522 226 2571 καὶ
263 2521 539 2592 κέχρισται
591 2522 877 2594 κηρύττων
927 2521 1298 2593 αἰχμαλώτοις
1343 2523 1556 2591 ἄφεσιν,
1613 2523 1706 2575 καὶ

148 2609 340 2673 τύφλοῖς
374 2612 700 2682 ἀνάϐλεψιν.
757 2607 891 2665 Εῐτα
937 2614 1060 2666 ὅποι
1109 2613 1241 2666 ποτὲ
1286 2612 1547 2683 βαδιεῖται
1598 2611 1706 2664 τῶν

150 2697 398 2770 θεηγὸρων
432 2703 461 2754 6
493 2702 674 2769 λόγος,
710 2701 758 2754 οἳ
795 2702 1144 2771 μυσταγωγοὶ
1174 2701 1426 2770 γεγόνασι
1474 2701 1572 2770 τῆς
1615 2701 1704 2752 ὑπ’

149 2791 382 2860 οὐρανόνς
417 2793 594 2846 Αὐτὸν
626 2793 734 2863 γὰρ
766 2792 1159 2865 διακεκράγασι
1198 2793 1290 2845 τὸν
1319 2794 1381 2844 ὲκ
1421 2791 1556 2845 Θεοῦ
1591 2792 1704 2844 Πα-

149 2883 255 2950 τρὸς
280 2885 466 2950 Λόγον,
504 2885 737 2954 Σωτῆρα
782 2883 889 2936 τῶν
918 2883 1055 2936 ὅλων
1084 2883 1334 2951 γενέσθαι
1367 2883 1460 2936 καὶ
1482 2884 1705 2954 Λυτρω-

149 2976 249 3041 την,
275 2974 366 3057 οὐχ
394 2974 470 3036 ὡς
501 2973 794 3044 ἀνθρώπου
829 2973 1204 3044 μεσιτεύοντος
1237 2975 1364 3045 παρ’
1391 2974 1553 3027 αὑτὸν
1590 2977 1707 3028 ὲτέ-

153 3065 512 3136 ρου,καθάπερ
547 3065 742 3135 ἀμέλει
777 3066 868 3117 καὶ
900 3067 928 3118 6
949 3065 1172 3135 Μωσῆς,
1191 3066 1247 3116 ὲν
1276 3065 1480 3118 εῖδειδὲ
1505 3066 1705 3134 μᾶλλον

149 3157 228 3206 καὶ
269 3157 574 3226 ὁμοιώματι
626 3154 926 3244 σωματικῷ
976 3156 1112 3226 πρὸς
1155 3157 1304 3226 ἡμᾶς
1355 3156 1702 3226 καθιγμένον.
1734 3187 1775 3244 C

150 3245 421 3316 Κέχρισται
451 3247 566 3317 γὰρ
593 3241 749 3308 οὗτος
777 3248 856 3310 είς
900 3246 1186 3318 Ἀρχιερέα
1212 3249 1302 3300 καὶ
1347 3249 1666 3301 Ἀπόστολον
1687 3266 1702 3282 ·

149 3339 226 3390 καὶ
252 3338 375 3405 γοῦν
421 3338 702 3400 Ἰουδαίοις
731 3339 984 3408 ἐπετίμα,
1013 3338 1214 3406 λέγων’
1253 3357 1271 3388 ι
1308 3339 1419 3391 Οὐκ
1465 3339 1579 3392 ἔστι
1609 3358 1704 3408 γε·

149 3429 441 3498 γραμμένον
470 3432 529 3484 ὲν
561 3428 642 3500 τῷ
670 3429 817 3499 νόμῳ
845 3428 1019 3500 ὑμῶν·
1054 3428 1194 3496 Ἐγὼ
1207 3426 1360 3482 εἶπαο
1386 3430 1508 3482 Θεοί
1540 3432 1662 3484 ἐστε
1686 3448 1701 3495 ;

149 3519 201 3572 Et
228 3521 459 3584 ἐκείνους
503 3519 628 3574 εἶπε
672 3521 824 3584 θεοὺς
856 3521 994 3592 πρὸς
1036 3520 1128 3584 οὓς
1166 3524 1196 3574 6
1238 3520 1395 3590 λόγος
1443 3518 1537 3575 τοῦ
1571 3522 1702 3574 Θεοῦ

150 3612 359 3677 ἐγένετο,
390 3615 486 3667 καὶ
515 3615 579 3666 οῦ
610 3613 834 3667 δύναται
865 3613 1090 3684 λυθῆναι
1138 3616 1172 3684 ὴ
1202 3613 1412 3685 Γραφὴ,
1443 3613 1500 3666 ὃν
1530 3617 1558 3668 6
1591 3616 1705 3669 Πα-

149 3703 235 3772 τὴρ
275 3705 466 3773 ήγίασε
511 3705 610 3757 καὶ
648 3704 966 3758 ἀπέστειλεν
1014 3705 1096 3768 είς
1141 3705 1232 3757 τὸν
1281 3705 1516 3775 κόσμον,
1549 3705 1705 3775 ὑμεῖς

149 3795 335 3864 λέγετε,
367 3799 449 3851 ὅτι
487 3798 864 3867 Βλασφημεῖς,
912 3797 994 3867 ὅτι
1030 3790 1217 3849 εἶπον·
1255 3796 1382 3859 Υἱὸς
1427 3796 1522 3850 τοῦ
1567 3795 1702 3850 Θεοῦ

148 3889 277 3956 είμι;
313 3909 330 3940 ι
381 3889 526 3942 Ἀνθ’
575 3889 700 3942 ὅτου
728 3866 789 3940 δὲ
835 3887 898 3959 δὴ
938 3866 1030 3940 τον
1062 3886 1252 3941 ἑαυτὸν
1285 3887 1522 3941 καθέντα
1569 3887 1704 3957 πρὸς

149 3979 352 4033 κένωσιν
404 3981 494 4032 ῖνα
545 3977 699 4050 σώσῃ
738 3977 836 4048 τὴν
886 3977 977 4030 ὑπ’
1006 3976 1255 4046 οὐρανὸν,
1300 3977 1408 4030 τῶν
1440 3979 1520 4040 εις
1558 3979 1704 4047 ἡμᾶς

148 4072 422 4137 γεγονότων
453 4068 966 4140 θεοπρεπεστάτων,
993 4068 1090 4122 καὶ
1118 4067 1462 4136 ἀξιαγάστων
1489 4068 1702 4139 ἀληθῶς

147 4165 574 4234 κατορθωμάτων
603 4161 978 4232 ἐκπέμψομεν,
1002 4160 1336 4214 ἀπεστάλθαι
1363 4159 1609 4228 λέγοντες
1629 4160 1704 4222 ὠς

146 4255 307 4325 ἕτερόν
333 4273 454 4309 τινα
491 4254 624 4325 παρ’
652 4254 814 4306 αὐτὸν
847 4253 978 4323 ἡμῖν
1009 4251 1329 4321 όμοούσιον;
1367 4252 1555 4304 Καίτοι
1587 4251 1705 4313 πῶς

144 4348 226 4399 οῦκ
248 4349 466 4416 ἄμεινον
503 4347 694 4407 εἰπεῖν,
727 4344 822 4397 καὶ
852 4343 958 4414 μὴν
992 4344 1086 4397 καὶ
1117 4342 1330 4396 ἑλέσθαι
1362 4345 1598 4412 φρονεῖν,
1629 4342 1703 4405 ὡς

145 4439 453 4493 ἀπέσταλταί
475 4455 537 4490 τε
565 4439 658 4490 καὶ¹
679 4437 904 4504 γέγονεν
926 4437 1056 4506 ἡμῖν
1077 4435 1376 4506 όμοούσιος,
1405 4435 1700 4497 τουτέστιν,

1808 1962 1963 2016 tare?
1993 1961 2164 2016 Unum
2201 1961 2477 2014 nobiscum
2526 1958 2825 2011 consistere
2870 1955 3163 2017 Christum,
3198 1963 3372 2019 neque

1809 2058 1860 2110 in
1890 2056 1994 2109 duo
2021 2069 2234 2108 rursum
2270 2051 2516 2107 dividens
2537 2052 2686 2105 dicas
2717 2063 2730 2102 :
2764 2048 2960 2102 Missus
2993 2056 3074 2100 est
3099 2045 3186 2099 ille
3217 2043 3371 2098 nobis

1806 2143 2302 2208 consubstantialis,
2331 2152 2385 2198 et
2441 2154 2636 2197 unctus
2684 2151 2766 2194 est
2811 2139 3108 2206 praedicans
3147 2136 3371 2205 captivis

1809 2238 2131 2300 libertatem,
2181 2243 2236 2289 et.
2286 2233 2445 2289 caecis
2485 2232 2656 2285 visum
2689 2231 2753 2282 ".
2785 2229 2942 2296 Atqui
2996 2243 3103 2295 quo
3152 2225 3368 2278 tandem

1807 2328 1959 2382 ibunt
1983 2327 2351 2396 theologorum
2375 2325 2560 2387 verba,
2585 2323 2674 2392 qui
2712 2322 2960 2374 doctores
2989 2316 3138 2371 orbis
3196 2325 3370 2369 terra-

1809 2436 1923 2474 rum
1962 2418 2210 2472 fnerttnt?
2230 2417 2408 2487 Ipsum
2434 2428 2665 2484 namque
2695 2428 2758 2466 ex
2783 2413 2892 2466 Deo
2922 2411 3082 2464 Patre
3136 2408 3368 2463 Verbum

1808 2512 2141 2568 Salvatorem
2164 2525 2226 2564 ac
2250 2510 2662 2577 Redemptorem
2687 2506 2928 2560 omnium
2947 2503 3373 2572 praedicaverunt

1809 2620 1913 2658 non
1944 2604 2100 2673 quasi
2133 2603 2294 2656 homo
2324 2601 2470 2654 abeo
2503 2598 2746 2653 diversus
2773 2593 3086 2662 interiectus
3138 2593 3206 2648 sit
3256 2605 3370 2643 nte-

1807 2697 2000 2758 diator,
2051 2703 2106 2746 ut
2166 2692 2324 2760 plane
2375 2689 2568 2752 Moses,
2623 2688 2713 2742 sed
2763 2687 2939 2755 potius
2969 2684 3110 2752 quod
3137 2684 3222 2737 illc
3254 2683 3372 2751 ipse

1808 2787 1987 2855 specie
2009 2800 2071 2839 ac
2099 2780 2451 2839 similitudine
2473 2794 2732 2850 corporea
2766 2779 2831 2832 ad
2879 2792 2977 2830 nos
3010 2776 3367 2830 desvenderit.

1809 2879 1905 2937 Hic
1944 2891 2173 2945 namque
2208 2876 2261 2930 in
2288 2873 2602 2944 Apostolum
2630 2883 2684 2926 et
2712 2870 3019 2924 Puntilicem
3034 2879 3115 2922 est
3140 2877 3332 2921 unctus
3356 2884 3370 2920 :

1810 2974 1990 3040 itaque
2022 2969 2233 3024 Judmns
2261 2963 2614 3032 coarguebat,
2641 2961 2825 3014 dicens
2864 2975 2878 3012 :
2952 2977 2969 3008 ι
3009 2955 3194 3010 Nonne
3246 2956 3373 3008 scri-

1809 3077 1954 3134 ptunt
1977 3065 2129 3118 estin
2166 3065 2280 3132 lege
2307 3065 2479 3116 vestra
2517 3069 2532 3114 ι
2567 3053 2674 3122 Ego
2692 3052 2824 3113 dixi.
2858 3048 2937 3103 Dii
2977 3047 3144 3103 estis?
3176 3046 3230 3100 Si
3259 3047 3376 3099 illos

1811 3158 1942 3212 dixit
1965 3159 2111 3220 deos,
2141 3155 2205 3208 ad
2229 3168 2363 3222 quos
2398 3167 2574 3207 sermo
2613 3143 2698 3204 Dei
2732 3143 2904 3201 lactus
2936 3153 3036 3204 est,
3067 3151 3120 3194 et
3149 3155 3250 3192 non
3285 3153 3378 3207 pn-

1814 3258 1917 3302 test
1956 3247 2086 3300 solvi
2115 3245 2421 3314 Scriptura;
2473 3243 2584 3312 80
2607 3257 2763 3310 quem
2815 3239 2975 3294 Pater
3016 3227 3376 3291 sancliﬁcavit

1811 3348 1864 3392 et
1909 3339 2052 3390 misit
2103 3337 2153 3386 in
2203 3332 2495 3394 mundum,
2558 3346 2650 3383 vos
2710 3329 2888 3382 dicitis
2929 3344 2942 3380 :
2984 3326 3372 3394 Blasphemas,

1810 3431 1933 3498 quia
1955 3427 2086 3489 dixi,
2122 3425 2285 3478 Filius
2314 3424 2403 3477 Dei
2429 3438 2547 3477 sum
2578 3422 2666 3473 ‘7?
2700 3440 2718 3472 ι
2754 3421 2866 3485 Qua
2937 3435 3062 3474 vero
3108 3420 3173 3473 de
3209 3434 3372 3472 causa

1813 3521 1957 3573 illum
1979 3518 2067 3585 qui
2097 3532 2156 3569 se
2183 3517 2247 3568 ad
2277 3512 2697 3568 exinaniliouem
2729 3510 2946 3564 demisit
2979 3519 3032 3561 ιιι
3053 3510 3238 3562 orbem
3267 3519 3376 3561 ter-

1813 3624 1992 3664 rarum
2019 3608 2223 3660 salvum
2269 3606 2489 3663 faceret,
2539 3619 2567 3656 a
2625 3604 2783 3656 rebus
2810 3617 2936 3671 erga
2973 3617 3066 3655 nos
3117 3603 3377 3657 divinitus

1810 3701 1966 3770 plane
1999 3707 2054 3751 et
2086 3695 2473 3750 admirabiliter
2502 3696 2667 3763 gestis
2724 3695 3093 3760 exeludemus,
3153 3696 3374 3748 missum

1810 3792 1976 3846 fuisse
2001 3791 2239 3844 dicentes
2273 3787 2420 3840 illum
2453 3786 2608 3839 nobis
2639 3785 3177 3850 consubstantialem,
3214 3789 3368 3854 quasi

1810 3885 1971 3936 alium
2004 3881 2070 3934 ab
2096 3894 2160 3934 eo
2189 3877 2497 3931 diversum?
2529 3878 2690 3944 Atqui
2727 3892 2902 3930 nonne
2925 3878 3092 3930 satius
3141 3890 3258 3930 erat
3297 3879 3376 3930 di-

1809 3987 1952 4034 cere,
1991 3970 2096 4023 imo
2117 3982 2242 4022 vero
2269 3979 2336 4019 ex
2365 3967 2546 4018 animo
2593 3965 2814 4030 sentire,
2867 3966 3086 4018 missum
3148 3966 3366 4033 quidem

1809 4077 1928 4116 esse
1954 4061 2173 4114 illumet
2208 4057 2407 4112 factum
2479 4055 2994 4110 consubstantialem
3046 4056 3220 4121 nobis,
3274 4057 3376 4110 hoc

1810 4166 1913 4220 est,
1935 4153 2240 4214 hominem;
2273 4150 2366 4204 sed
2396 4149 2660 4202 mansisse
2679 4156 2854 4199 tamen
2881 4148 2977 4215 ipsi
3006 4147 3111 4200 Deo
3141 4163 3206 4200 ac
3234 4147 3377 4203 Patri

1811 4241 2348 4303 consubstantialem,
2382 4255 2485 4308 qtta
2513 4250 2567 4294 et
2597 4241 2885 4306 cogitatur,
2919 4250 2972 4292 et
3025 4251 3162 4305 erat,
3194 4251 3250 4293 et
3299 4254 3381 4294 est

1815 4334 1984 4387 Deus?
2020 4333 2111 4386 Est
2152 4344 2405 4397 namque,
2447 4338 2552 4394 est,
2596 4329 2834 4396 inquam,
2875 4329 3012 4396 quod
3051 4339 3186 4391 erat,
3215 4331 3378 4382 etiam

1811 4442 1931 4482 cum
1958 4424 2246 4493 assumpsit
2275 4433 2518 4476 naturam
2555 4421 2863 4483 humanam,
2919 4429 2973 4473 et
3000 4423 3243 4475 eamdem
3291 4437 3380 4473 es-

143 4530 402 4599 ἄνθρωπος
426 4549 441 4562 ο
497 4528 789 4599 ιδμοούσιος⁵
823 4528 880 4581 δὲ
930 4525 1258 4598 μεμενηκὼς
1308 4529 1402 4580 καὶ
1438 4526 1588 4596 αῦτῷ
1629 4524 1704 4594 τῷ

1812 4517 2036 4573 sentiam
2069 4516 2273 4568 habens
2297 4529 2417 4567 cum
2444 4512 2604 4564 Patre
2631 4511 2718 4578 qui
2745 4520 2829 4564 est
2890 4511 2940 4563 in
2977 4513 3128 4564 caelis
3157 4527 3220 4566 ac
3249 4511 3376 4575 Deo,

144 4619 244 4688 Θεῷ
289 4623 380 4675 καὶ
415 4620 618 4690 Πατρὶ,
669 4618 804 4671 καθὸ
847 4617 940 4671 καὶ
981 4620 1200 4682 νοεῖται,
1245 4618 1339 4671 καὶ
1374 4613 1441 4688 ἦν
1487 4635 1569 4679 τε,
1613 4617 1704 4669 καὶ

1810 4605 2044 4672 suscepit
2073 4603 2300 4671 sapienti
2327 4600 2552 4654 consilio
2584 4610 2820 4654 nostram
2856 4614 3070 4668 quoque
3127 4601 3380 4655 similitu-

143 4712 240 4765 ἔστι
268 4713 433 4777 Oak;
473 4712 591 4764 ἐστι
618 4713 746 4782 γὰρ,
779 4709 964 4762 Ἔστιν
991 4708 1020 4761 ὃ
1053 4704 1142 4779 ἦν,
1171 4707 1618 4779 καὶ-προσλαϐὼν
1647 4707 1704 4758 τὸ

1810 4699 2009 4750 dinem.
2037 4694 2164 4762 quin
2189 4697 2351 4747 etiam
2405 4692 2610 4760 positus
2671 4699 2754 4745 est.
2801 4692 3085 4755 mediator,
3136 4695 3224 4760 qui
3280 4711 3378 4764 per

143 4806 502 4874 ἀνθρώπινον,
556 4804 694 4873 ἒχων
758 4800 814 4853 δὲ
866 4800 964 4870 τὴν
1019 4800 1321 4869 ταυτότητα
1374 4799 1472 4868 τῆς
1519 4798 1707 4859 οὐσίας

142 4897 261 4967 πρὸς
294 4898 386 4949 τὸν
417 4899 485 4949 ὲν
527 4897 638 4957 τοῖς
665 4893 907 4963 οὐρανοῖς
948 4891 1166 4961 Πατέρα
1197 4891 1291 4942 καὶ
1320 4889 1470 4949 Θεὸν.
1505 4888 1704 4941 ἐπελά-

143 4986 248 5039 6ετο
279 4987 460 5057 σοφῶς
493 4987 586 5038 καὶ
619 4985 720 5054 τῆς
751 4983 885 5053 πρὸς
912 4984 1057 5052 ἡμᾶς
1089 4981 1405 5051 ὁμοιότητος
1424 4998 1437 5011 ·
1468 4979 1703 5032 τέθειται

139 5079 186 5132 δὲ
209 5082 294 5133 καὶ
324 5080 580 5150 μεσίτης,
612 5076 843 5129 συνδέων
863 5076 928 5127 δι’
949 5073 1141 5127 ἑαυτοῦ
1169 5074 1304 5143 πρὸς
1330 5073 1556 5142 ἑνότητα
1581 5087 1704 5139 σχε-

139 5171 279 5240 τικὴν
325 5171 395 5222 τὰ
431 5172 548 5231 τοῖς
587 5168 687 5236 τῆς
721 5166 935 5234 φύσεως
979 5165 1159 5231 λόγοις
1207 5163 1510 5232 όλοτρόπως
1542 5159 1704 5229 ἀλλή-

143 5259 235 5312 λων
269 5258 598 5332 διῃρημένα.
640 5257 833 5321 Γέγονε
879 5255 1006 5324 γὰρ,
1046 5253 1176 5314 Θεὸς
1207 5252 1282 5304 ὢν
1328 5251 1508 5320 φύσει,
1563 5251 1703 5303 κατά

143 5354 384 5422 ἀλήθειαν
446 5350 753 5420 ἄνθρωπος,
802 5347 888 5398 ἴνα
933 5349 1024 5398 καὶ
1072 5348 1231 5416 ἡμεῖς
1275 5344 1704 5414 χρηματίσωμεν

141 5444 300 5506 γένος,
331 5439 519 5492 οὐκέτι
541 5436 632 5489 τοῦ
662 5436 896 5505 πρώτου,
926 5435 1191 5498 τουτέστι,
1213 5433 1308 5486 τοῦ
1338 5431 1540 5502 χοϊκοῦ,
1568 5430 1704 5500 πρὸς

139 5531 190 5580 ὃν
215 5533 426 5599 εἴρηται
479 5528 628 5598 παρά
677 5526 835 5590 Θεοῦ,
885 5546 901 5576 ι
945 5527 1020 5595 Γῆ
1047 5525 1118 5590 εἰ,
1177 5543 1267 5578 και
1312 5527 1391 5586 εἰς
1439 5524 1540 5594 γῆν
1591 5523 1701 5574 ἀπ-

142 5619 340 5691 ελεύσῃ,
364 5642 381 5671 ι
403 5619 498 5672 τοῦ
532 5619 624 5670 καὶ
669 5619 747 5681 είς
791 5615 1016 5670 θάνατον
1047 5615 1530 5686 παραπέμποντος*
1563 5611 1700 5666 ἀλλὰ

1809 4790 2043 4854 seipsum
2070 4789 2135 4839 ad
2174 4783 2524 4854 respectivam
2562 4783 2820 4834 unitatem
2853 4783 3131 4849 colligaret
3157 4799 3220 4837 ea
3252 4801 3376 4854 quae

1809 4889 2014 4932 natura?
2055 4877 2348 4930 rationibus
2374 4875 2585 4946 penitus
2609 4884 2760 4927 erant
2788 4876 2925 4928 inter
2966 4890 3023 4928 se
3085 4877 3371 4946 disjuncta.

1812 4969 1944 5023 Nam
1970 4969 2059 5038 qui
2094 4970 2229 5022 Deus
2253 4978 2371 5022 erat
2397 4982 2462 5020 ex
2497 4975 2707 5029 natura,
2743 4964 2914 5020 fat-tus
2965 4980 3046 5020 est
3080 4967 3240 5022 homo
3288 4986 3376 5024 se-

1812 5062 2043 5116 cundum
2078 5061 2380 5122 veritatem,
2409 5067 2467 5110 ιιι
2491 5071 2584 5110 nos
2619 5072 2834 5126 quoque
2862 5057 3030 5111 simus
3076 5073 3242 5129 genus
3269 5077 3374 5129 non

1797 5153 1909 5220 jam
1947 5153 2088 5206 illius
2113 5152 2295 5220 primi,
2324 5152 2425 5203 hoc
2474 5157 2577 5213 est,
2616 5150 2835 5212 terreni,
2894 5151 2958 5202 ad
2988 5166 3144 5218 quem
3171 5124 3371 5205 dictum

1805 5255 1890 5298 est
1927 5259 1955 5297 a
1989 5245 2113 5297 Deo.
2154 5261 2172 5291 ι
2241 5241 2406 5295 Terra
2460 5256 2540 5305 es,
2565 5253 2618 5295 et
2673 5244 2724 5296 in
2771 5251 2974 5294 terram
3007 5243 3108 5295 ibis
3129 5241 3195 5308 ³⁸,
3237 5260 3254 5292 ι
3281 5243 3370 5311 qui

1805 5335 1968 5389 etiam
2007 5332 2388 5387 transmittitin
2421 5343 2681 5395 mortem;
2722 5332 2816 5386 sed
2841 5331 2985 5383 illius
3030 5330 3249 5384 secundi
3280 5332 3371 5399 qui

1805 5436 1888 5481 est
1909 5439 2142 5495 superne
2162 5433 2214 5480 et
2244 5440 2274 5479 e
2309 5426 2467 5489 coelo,
2494 5423 2722 5488 Christi,
2762 5424 3005 5490 inquam,
3042 5423 3131 5492 qui
3166 5439 3262 5476 nos
3309 5425 3374 5476 ad

1807 5517 2168 5573 immortalem
2200 5516 2362 5571 vitam
2391 5517 2626 5578 reduxit,
2656 5525 2710 5570 et
2755 5523 3000 5568 naturam
3052 5515 3209 5567 morti
3272 5515 3374 5567 ob-

1803 5611 2041 5674 noxiam,
2072 5608 2250 5664 ell‘ecit
2281 5609 2760 5680 incorruptibilem,
2791 5618 2843 5662 et
2877 5605 3112 5677 peccatis
3146 5605 3374 5660 exsolvit

167 5799 276 5831 si.»
312 5800 469 5855 Jomh
507 5796 792 5862 "No.12,
836 5795 938 5849 Mn
980 5795 1103 5848 cur,
1147 5794 1328 5856 τηυξ).
1407 5792 1449 5821 ⁵⁵
1490 5789 1591 5844 lsa.
1627 5802 1704 5840 ιιι

1823 5804 1834 5852 ;
1873 5784 2002 5841 an.
2034 5796 2104 5852 tv,
2143 5785 2226 5844 19.
2304 5782 2348 5815 ⁸⁷
2387 5781 2541 5838 Juan.
2576 5799 2628 5847 x,
2663 5782 2844 5836 3156.
2925 5781 2967 5815 ⁵⁸
3008 5780 3136 5833 Gen.
3172 5794 3248 5837 ιιι,
3289 5777 3373 5832 19.
