4104 6518
667 425 768 478 143
1661 416 1718 473 S.
1761 410 2026 470 CYRILLI
2064 403 2525 464 ALEXANDRINI
2565 401 2883 458 ARCHIEP.
3785 401 3890 452 M4

665 539 866 607 peccati
897 535 1103 603 laqueis
1138 533 1484 602 implicatam.
1508 533 1596 585 Sic
1623 548 1754 587 sane
1792 534 1904 600 ipse
1945 531 2106 585 Pater
2133 530 2212 582 al-
2244 539 2286 595 Α

2268 524 2410 595 ιτοῦ
2441 522 2714 592 δευτέρου,
2764 519 2853 574 τοῦ
2887 519 3094 573 ἄνωθεν
3137 535 3228 571 και
3259 517 3319 583 ἐξ
3347 517 3596 588 οὐρανοῦ,
3639 517 3781 586 φημὶ
3824 517 3889 584 δὴ

665 629 897 698 loquitur
917 625 1106 680 Filium
1134 643 1146 678 :
1173 644 1190 676 ι
1217 625 1351 678 Ecce
1367 625 1483 677 dedi
1505 633 1555 677 te
1571 618 1649 694 [in
1675 623 1846 678 findus
1877 621 2138 693 generis,]
2163 622 2213 674 in

2319 611 2575 682 Χριστοῦ,
2605 610 2698 663 τοῦ
2727 610 2861 679 πρὸς
2893 609 3037 680 ζωὴν
3075 609 3220 678 ἡμᾶς
3244 609 3340 678 τὴν
3378 610 3655 678 ἀκήρατον
3682 609 3892 676 ἀναφέ-

664 719 836 772 lucem
865 718 1121 782 gentium,
1143 718 1450 785 utaperires
1476 717 1659 770 oculos
1693 729 1979 777 cmcorum,
2008 723 2066 768 ut
2087 715 2217 768 edu-

2323 719 2525 773 ροντος,
2559 701 2655 754 καὶ
2685 699 2961 770 ἄφθαρτον
2991 698 3378 766 ἀποφαίνοντος
3421 699 3482 749 τὸ
3513 698 3728 766 θανάτῳ
3757 698 3894 750 κάτ-

663 823 814 864 ceres
843 809 1048 862 vinctos
1066 821 1131 860 ex
1169 807 1420 865 vinculis.
1440 817 1493 860 et
1530 821 1596 860 ex
1638 808 1797 861 domo
1845 806 2078 860 carceris
2133 819 2220 858 se-

2318 810 2463 862 οχον,
2499 791 2592 845 καὶ
2614 789 3044 850 ἀπαλλάττοντος
3085 789 3368 858 ἁμαρτιῶν
3395 789 3456 840 τὸ
3480 789 3580 857 τῆς
3617 788 3895 858 ἁμαρτίας

663 901 848 955 dentes
877 902 926 953 in
949 901 1181 953 tenebris
1209 901 1274 952 ".
1314 916 1333 949 ι
1369 900 1436 953 Et
1459 900 1650 953 iterum
1687 913 1782 969 per
1805 897 1956 953 Isaiae
1985 912 2169 952 vocem
2199 913 2214 950 :

2321 883 2534 953 βρόχοις
2564 880 2971 951 ἐνειλημμένον.
2997 879 3153 934 Οὕτω
3182 897 3282 933 που
3308 882 3443 951 πρὸς
3463 882 3552 934 τὸν
3576 883 3702 934 Υἰὺν
3729 883 3898 942 αὑτός

668 1009 688 1042 ι
730 990 1054 1044 Benediceut
1078 1005 1160 1044 me
1196 991 1379 1044 bestiae
1410 991 1546 1060 agri,
1580 991 1772 1046 sirenae
1797 999 1850 1044 et
1928 991 2048 1044 ﬁliae
2073 1003 2217 1044 stru-

2321 990 2486 1043 φησιν
2529 974 2557 1024 ὁ
2591 973 2813 1042 Πατήρο
2853 989 2872 1022 ι
2925 970 3053 1024 Ἰδοὺ
3087 971 3292 1024 δέδωκά
3343 989 3401 1023 σε
3440 974 3519 1035 είς
3553 973 3667 1040 φῶς
3698 973 3895 1028 ἐθνῶν.

663 1083 907 1136 thionum
933 1096 947 1133 :
983 1080 1107 1149 quia
1131 1080 1252 1136 dedi
1285 1081 1338 1133 in
1369 1081 1584 1136 deserto
1606 1095 1825 1150 aquam,
1854 1090 1909 1136 et
1941 1083 2131 1137 ﬂuvios
2167 1083 2218 1136 in

2320 1062 2526 1125 ἀνοῖξαι
2555 1061 2865 1131 ὀφθαλμοὺς
2881 1061 3115 1129 τυφλῶν,
3145 1063 3430 1131 ἐξαγαγεῖν
3467 1065 3531 1117 ὲκ
3563 1064 3776 1134 δεσμῶν
3809 1065 3902 1117 δε-

667 1181 807 1224 terra
837 1169 1118 1237 inaquosa,
1153 1182 1211 1224 ut
1248 1181 1428 1239 potum
1455 1172 1641 1226 darem
1673 1174 1856 1244 generi
1887 1187 2006 1228 meo
2023 1175 2217 1237 electo,

2319 1153 2607 1223 δεμένους,
2669 1155 2762 1206 καὶ
2814 1153 2874 1216 ἐξ
2929 1153 3078 1206 οἴκου
3137 1154 3383 1224 φυλακῆς
3433 1155 3775 1225 καθημένους
3844 1155 3902 1206 ὲν

665 1261 859 1329 popqu
879 1275 1036 1330 quem
1065 1263 1323 1330 acquisivi
1367 1273 1424 1316 ut
1451 1263 1672 1318 virtutes
1707 1279 1854 1319 meas
1879 1275 2062 1320 narret
2090 1265 2155 1317 ‘°.
2195 1284 2213 1316 ι

2322 1245 2502 1297 σκότει
2520 1283 2533 1297 .
2563 1264 2580 1296 ι
2602 1246 2712 1298 Καὶ
2741 1245 2899 1298 πάλιν
2925 1245 3012 1298 διά
3038 1247 3220 1316 φωνῆς
3256 1247 3478 1300 Ἡσαΐου
3497 1265 3511 1277 ·
3547 1265 3564 1298 ι
3599 1249 3901 1318 Εὐλογήσει

666 1351 818 1417 Quod
840 1367 958 1405 cum
982 1351 1146 1420 probe
1173 1352 1491 1420 intelligeret
1512 1353 1701 1409 beatus
1725 1354 2016 1419 Petrus,iis
2045 1356 2133 1423 qui
2153 1370 2220 1409 ex

2325 1352 2391 1405 με
2438 1337 2505 1388 τά
2555 1333 2718 1406 θηρία
2766 1334 2859 1386 τοῦ
2910 1335 3114 1404 ἀγροῦ,
3161 1337 3408 1408 σειρῆνες
3459 1337 3551 1390 καὶ
3601 1337 3904 1408 Θυγατέρες

668 1441 912 1510 gentibus
944 1455 1040 1510 per
1067 1441 1222 1496 [idem
1257 1445 1322 1495 ad
1353 1457 1532 1497 veram
1565 1443 1656 1499 Dei
1713 1444 2070 1515 cognitionem
2129 1460 2223 1499 vo-

2324 1425 2635 1498 στρουθῶν⁸
2665 1428 2747 1479 ὅτι
2770 1428 2948 1480 ἔδωκα
2986 1432 3044 1480 ἐν
3077 1431 3141 1498 τῇ
3173 1430 3362 1500 ἐρήμῳ
3396 1429 3559 1500 ὕδωρ,
3607 1431 3700 1483 καὶ
3731 1448 3904 1484 ποτα-

668 1531 774 1586 cati
813 1541 966 1586 erant
997 1531 1259 1595 scribens,
1288 1534 1404 1586 ait:
1441 1554 1460 1583 ι
1503 1534 1607 1588 Vos
1655 1544 1833 1589 autem
1893 1549 2060 1603 genus
2111 1538 2222 1592 ele-

2325 1517 2456 1586 μοὺς
2485 1517 2542 1568 ὲν
2572 1518 2643 1586 γῇ
2689 1516 2920 1585 ἀνύδρῳ,
2971 1518 3186 1571 ποτίσαι
3217 1519 3276 1571 τὸ
3312 1520 3467 1586 γένος
3499 1539 3599 1588 μου
3650 1522 3708 1573 τὸ
3744 1523 3902 1574 ἐκλε-

668 1631 835 1684 ctum,
872 1622 1048 1691 regale
1075 1623 1461 1686 sacerdotium,
1499 1638 1631 1694 gens
1657 1635 1868 1691 sancta,
1918 1627 2142 1696 populus
2167 1628 2221 1681 in

2325 1607 2448 1658 κτόν
2471 1623 2484 1637 ι
2526 1606 2672 1671 λαὸν,
2707 1607 2764 1658 ὃν
2795 1610 3268 1679 περιεποιησάμην
3311 1611 3408 1673 τὰς
3441 1613 3640 1681 ἀρετάς
3685 1630 3789 1682 μου
3821 1615 3901 1665 δι-

671 1715 1104 1784 acquisitionem,
1132 1714 1431 1770 utvirtules
1461 1717 1792 1771 annuutietis
1823 1716 1961 1785 ejus,
2000 1720 2091 1788 qui
2127 1734 2223 1774 vos

2322 1697 2591 1766 ηγεῖσθαι.
2619 1717 2637 1747 ι
2680 1699 2744 1749 Ὀ
2778 1697 2841 1769 δὴ
2871 1700 2963 1750 καὶ
2997 1701 3195 1764 συνιεὶς
3217 1697 3276 1754 εὖ
3314 1701 3478 1772 μάλα,
3502 1706 3612 1767 τοῖς
3633 1704 3692 1768 ἐξ
3723 1705 3901 1758 ἐθνῶν

670 1808 736 1859 de
769 1806 1003 1860 tenebris
1025 1806 1236 1860 vocavit
1259 1805 1310 1858 in
1339 1805 1653 1861 admirabile
1679 1807 1860 1862 lumen
1911 1824 2065 1864 suum
2091 1828 2105 1863 :
2131 1811 2221 1880 qui
2255 1867 2291 1880 _

2280 1789 2410 1880 ’διὰ
2459 1790 2692 1852 πίστεως
2743 1791 3134 1860 κεκλημένοις,
3203 1797 3284 1857 είς
3339 1794 3664 1864 θεογνωσίαν
3717 1797 3901 1867 ἀληθῆ

672 1895 959 1964 aliquando
998 1910 1100 1949 non
1129 1895 1374 1965 populus,
1429 1910 1570 1949 nunc
1622 1905 1800 1951 autem
1842 1898 2064 1967 pepulus
2095 1867 2162 1950 “2
2198 1918 2217 1950 ι
2255 1867 2293 1922 Π

2283 1868 2297 1921 ι
2325 1879 2523 1948 γράφει
2549 1880 2642 1932 καί
2675 1896 2837 1950 φησιν
2866 1884 2894 1933 ὁ
2923 1881 3203 1946 θεσπέσιος
3252 1885 3455 1955 Πέτρος
3480 1903 3492 1916 ·
3532 1906 3550 1937 r
3614 1887 3801 1956 Ὑμεῖς
3843 1888 3904 1940 δὲ

671 1986 821 2050 Quod
852 1985 897 2038 si
948 1986 1394 2052 quemadmodum
1456 1986 1550 2039 tibi
1612 1987 1712 2057 ipsi
1798 1997 1852 2041 et
1913 1989 2115 2044 sentire
2171 1999 2227 2043 et

2321 1969 2478 2036 γένος
2512 1969 2783 2035 ἐκλεκτὸν,
2835 1970 3102 2039 βασίλειον
3146 1976 3477 2045 ἱεράτευμα,
3519 1977 3670 2041 ἔθνος
3719 1980 3899 2046 ᾰγιον,

671 2078 850 2131 dicere
927 2078 1116 2145 placet,
1197 2077 1393 2131 missus
1485 2083 1567 2132 est
1631 2078 1720 2132 ille
1789 2079 1943 2134 nobis
1994 2081 2228 2136 consubo

2324 2061 2449 2124 λαὸς
2498 2065 2577 2125 εἰς
2623 2063 3004 2133 περιποίησιν,
3041 2066 3130 2118 ἴνα
3173 2067 3271 2130 τὰς
3307 2068 3509 2139 ἀρετάς
3548 2068 3903 2140 ἐξαγγείλητε

671 2168 957 2231 stautialis,
1007 2184 1111 2223 non
1178 2169 1280 2237 ipsi
1345 2169 1516 2236 Patri,
1561 2170 1709 2224 nullo
1781 2171 1940 2224 modo
1989 2185 2088 2225 uos
2143 2170 2226 2224 fa-

2323 2151 2417 2204 τοῦ
2463 2153 2526 2205 ὲκ
2572 2153 2794 2215 σκότους
2848 2154 2988 2222 ὑμᾶς
3020 2154 3310 2219 καλοῦντος
3354 2159 3447 2211 ἐπὶ
3491 2160 3552 2213 τὸ
3589 2160 3904 2230 θαυμαστὸν

670 2262 740 2314 cti
807 2274 993 2314 sumus
1047 2258 1242 2314 divina:
1295 2269 1497 2314 natura:
1526 2269 1841 2316 consortes:
1905 2263 2227 2328 mansimus,

2325 2242 2489 2294 αὑτοῦ
2517 2243 2651 2310 φῶς,
2672 2244 2726 2296 οἵ
2755 2261 2881 2296 ποτε
2903 2245 2964 2296 οὐ
2986 2245 3134 2311 λαὸς,
3164 2248 3256 2301 νῦν
3279 2249 3334 2302 δὲ
3362 2251 3506 2313 λαός.
3523 2271 3541 2302 ι
3573 2254 3635 2305 Ei
3657 2253 3714 2306 δὲ
3739 2254 3905 2307 καθά-

669 2350 774 2420 81
808 2359 866 2403 ut
922 2349 1056 2416 dixi,
1105 2357 1160 2404 et
1197 2349 1372 2404 adhuc
1440 2365 1625 2404 sumus
1671 2366 1838 2420 genus
1877 2352 2017 2408 illius
2044 2355 2225 2424 primi,

2328 2349 2433 2402 περ
2477 2333 2625 2402 αὐτῷ
2673 2350 2755 2386 σοι
2801 2334 2949 2388 δοκεί
3001 2339 3094 2390 καὶ
3137 2344 3352 2408 φρονεῖν
3402 2347 3494 2394 καὶ
3535 2344 3731 2410 λέγειν,
3797 2348 3907 2397 ἀπ-

670 2442 760 2508 qui
794 2441 846 2494 in
880 2440 1305 2494 maledictionem
1339 2455 1402 2495 ac
1429 2453 1654 2496 mortem
1689 2443 2028 2507 transmittit,
2047 2455 2101 2498 et
2129 2446 2227 2498 sub

2327 2423 2524 2492 εστάλη
2554 2425 2581 2475 ό
2619 2425 2747 2494 ἡμῖν
2777 2426 3077 2495 δμοούσιος,
3104 2431 3284 2483 οὐκέτι
3313 2432 3368 2484 δὲ
3400 2435 3489 2486 καὶ
3519 2434 3668 2504 αὐτῷ
3687 2437 3762 2505 τῷ
3787 2438 3906 2490 Πα-

672 2527 876 2596 peccati
902 2535 1126 2582 reatum.
1148 2526 1306 2581 Stulti
1330 2542 1458 2597 ergo
1482 2527 1608 2582 facti
1663 2544 1866 2594 sumus,
1896 2540 1949 2584 et
1983 2533 2048 2586 iis
2086 2547 2228 2587 nunc

2328 2515 2435 2580 τρὶ,
2468 2515 2587 2567 κατ’
2629 2515 2816 2567 οὐδένα
2845 2519 3044 2586 τρόπον
3076 2520 3233 2588 ἡμεῖς
3260 2522 3404 2585 θείας
3435 2525 3646 2592 φύσεως
3673 2529 3909 2595 γεγόνα-

673 2632 882 2686 quoque
908 2617 1253 2672 nihilominus
1279 2625 1543 2681 tenemur,
1611 2618 1663 2672 iu
1695 2620 1890 2687 quibus
1943 2621 2070 2674 olim
2107 2637 2230 2676 era-

2331 2621 2428 2672 μεν
2485 2606 2761 2658 κοινωνοί·
2813 2610 3220 2679 μεμενήκαμεν,
3269 2613 3343 2677 ὼς
3390 2615 3543 2686 ἔφην,
3589 2621 3682 2671 καὶ
3734 2621 3908 2689 ἐσμὲν

675 2721 796 2761 mus
834 2717 958 2761 ante
983 2706 1125 2760 illius
1154 2707 1466 2764 adventum.
1491 2706 1770 2773 Quomodo
1809 2711 2096 2778 igiturjam
2130 2727 2226 2764 ve-

2330 2697 2408 2746 ἐτι
2440 2697 2592 2762 γένος
2624 2696 2714 2748 τοῦ
2747 2699 2986 2767 πρώτου,
3026 2702 3117 2753 τοῦ
3151 2707 3609 2775 παραπέμποντος
3652 2711 3732 2772 είς
3761 2711 3910 2780 ἀρὰν

675 2806 787 2850 tera
841 2797 1193 2861 transierunt,
1225 2807 1282 2851 et
1337 2813 1463 2852 ecce
1499 2798 1636 2852 facta
1683 2809 1811 2851 sunt
1848 2815 1982 2853 nova
2012 2802 2100 2853 “7
2127 2801 2230 2856 Ubi

2329 2790 2422 2842 καὶ
2455 2788 2704 2854 θάνατον,
2743 2792 2834 2845 καὶ
2868 2790 2971 2845 ὑπὸ
3002 2794 3187 2865 ποινὴν
3234 2798 3523 2868 ἁμαρτίας.
3569 2801 3908 2870 Μεματαιώ-

673 2901 802 2940 vero
832 2886 958 2941 illud
992 2902 1006 2938 :
1043 2904 1062 2937 ι
1099 2885 1155 2941 Si
1188 2888 1309 2954 quis
1343 2887 1396 2940 in
1425 2887 1660 2950 Christo,
1699 2903 1834 2942 nova
1885 2891 2180 2945 creatura?
2205 2910 2223 2941 ο

2333 2882 2472 2951 μεθα
2504 2883 2568 2953 δὴ
2611 2879 2723 2948 οὖν,
2765 2885 2859 2937 καὶ
2888 2887 3052 2956 ἐσμὲν
3080 2889 3232 2940 οὐδὲν
3270 2885 3432 2961 ἦττον
3474 2894 3569 2949 καὶ
3600 2894 3694 2949 νῦν
3720 2898 3778 2949 ἐν
3825 2892 3908 2960 οἷς

677 2978 781 3032 Sed
813 2978 1085 3032 erubescis
1120 2978 1283 3032 Deum
1305 2978 1553 3033 conﬁteri
1603 2979 1831 3034 similem
1865 2982 2037 3048 nobis,
2061 2983 2233 3037 homi-

2329 2968 2472 3042 ἦμεν
2515 2975 2702 3037 πάλαι,
2735 2977 2829 3028 καὶ
2860 2978 2963 3047 πρὸ
2993 2980 3089 3048 τῆς
3116 2981 3428 3051 ἐπιδημίας.
3459 2985 3581 3048 Πῶς
3608 2983 3698 3039 οὖν
3723 2989 3805 3040 ἔτι
3837 2989 3909 3040 τά

677 3087 795 3122 nem
822 3066 1018 3124 factum
1055 3071 1223 3138 ipsum
1260 3069 1353 3124 Dei
1401 3068 1670 3125 Verbum?
1699 3071 1949 3142 lncrepas
2007 3088 2135 3143 ergo
2177 3075 2234 3127 il-

2331 3065 2532 3132 ἀρχαῖα
2576 3067 2866 3137 παρῆλθεν,
2915 3073 3004 3122 καὶ
3049 3071 3160 3125 ίδοὺ
3199 3073 3387 3142 γέγονε
3421 3081 3620 3144 καινά;
3661 3081 3770 3134 Ποῦ
3812 3083 3869 3134 δέ
3894 3102 3907 3113 ο

677 3160 806 3225 lum,
838 3175 934 3214 nec
964 3161 1238 3229 sapienter
1269 3161 1602 3216 consultasse
1628 3162 1766 3218 dicis
1800 3165 1939 3232 quod
1963 3181 2020 3219 se
2056 3168 2230 3233 ipsum
2257 3196 2298 3254 ο

2287 3198 2300 3252 ι
2338 3171 2356 3201 ι
2397 3155 2463 3206 Εἴ
2482 3171 2564 3215 τις
2612 3157 2670 3208 ὲν
2702 3157 2939 3228 Χριστῷ,
2976 3162 3133 3230 καινὴ
3167 3164 3371 3230 κτίσις;
3413 3186 3430 3216 ι
3493 3169 3630 3221 Ἀλλ’
3675 3172 3908 3243 αἰσχύνῃ

674 3260 894 3320 propter
929 3267 1025 3305 nos
1067 3251 1360 3308 exinauivit
1391 3253 1456 3306 ".
1485 3254 1684 3309 Audies
1729 3257 1890 3324 igitur
1919 3257 2186 3311 dicentem
2213 3273 2226 3310 :
2260 3243 2295 3254 “

2291 3243 2300 3252 ’
2334 3243 2465 3296 Θεὸν
2498 3246 2775 3314 ὁμολογεῖν
2811 3250 2929 3302 καθ’
2959 3253 3106 3320 ἡμεῖς
3147 3257 3432 3324 γενόμενον
3475 3259 3780 3329 ἄνθρωπον,
3819 3264 3912 3314 τὸν

682 3361 699 3393 ι
738 3342 877 3396 Vade
904 3352 1021 3410 post
1048 3359 1153 3408 me,
1179 3340 1398 3403 Sataua.
1423 3346 1733 3399 scandalum
1793 3362 1852 3401 es
1914 3348 2069 3413 tnihi,
2107 3351 2233 3418 quia

2333 3336 2426 3389 τοῦ
2472 3336 2607 3389 Θεοῦ
2648 3340 2853 3407 Λόγονς
2908 3343 3288 3414 Ἐπιπλήττεις
3333 3345 3426 3400 οὖν
3480 3352 3660 3411 αὑτὸν,
3708 3356 3803 3405 καὶ
3846 3373 3911 3407 ου

677 3455 782 3493 non
807 3439 951 3506 sapis
984 3453 1044 3491 ea
1075 3451 1193 3506 qua:
1209 3433 1302 3492 Dei
1335 3437 1578 3504 sunt,sed
1605 3453 1667 3494 ea
1695 3455 1812 3509 qua:
1829 3440 2102 3497 hominum
2132 3444 2230 3498 ⁸⁸.»

2338 3430 2475 3499 σοφά
2515 3430 2896 3501 βεϐουλεῦσθαι
2949 3436 3075 3503 φὴς,
3128 3437 3210 3492 ὅτι
3252 3441 3554 3496 κεκένωκεν
3601 3445 3792 3497 ἑαυτὸν
3841 3447 3911 3498 δι’

681 3531 935 3585 Scrutare
962 3533 1239 3586 nobiscum
1275 3546 1459 3587 sacras
1490 3532 1742 3586 Litteras.
1775 3535 2036 3602 Apparuit
2059 3552 2236 3604 quon-

2335 3524 2501 3592 ἡμᾶς.
2539 3522 2744 3576 Οὐκοῦν
2795 3525 3002 3598 ἀκούσῃ
3057 3526 3335 3597 λέγοντος·
3393 3552 3410 3583 ι
3467 3533 3683 3601 ’Υπαγε
3733 3534 3912 3587 ὀπίσω

679 3625 799 3674 dam
831 3621 990 3674 etiam
1019 3622 1336 3688 patriarcha:
1356 3619 1524 3678 Jacub
1552 3623 1616 3676 de
1640 3622 1821 3678 Laban
1851 3625 2054 3682 uadibus
2114 3645 2239 3697 pro-

2341 3633 2463 3686 μου,
2490 3617 2722 3682 Σατανᾶ,
2775 3619 3068 3677 σκάνδαλον
3107 3639 3206 3690 μου
3237 3619 3305 3686 el;
3343 3625 3422 3676 ὅτι
3467 3626 3526 3677 οὐ
3579 3630 3793 3696 φρονεῖς
3844 3631 3914 3680 τὰ

683 3709 962 3773 licisccuti,
1004 3710 1250 3778 cumjam
1279 3711 1344 3763 ad
1375 3711 1489 3780 ipsa
1517 3709 1688 3767 Jaboc
1725 3715 1856 3768 vada
1881 3719 2235 3783 pervenisset,

2337 3707 2428 3758 τοῦ
2449 3707 2605 3768 Θεοῦ,
2625 3709 2760 3760 ἀλλά
2784 3710 2851 3761 τὰ
2882 3711 2988 3762 τῶν
3018 3713 3335 3781 ἀνθρώπων.
3380 3734 3398 3764 ι
3439 3717 3758 3786 Ἐρεύνησον
3792 3719 3913 3787 μεθ’

680 3799 820 3852 sicut
848 3798 1104 3866 scriptum
1139 3809 1221 3852 est
1251 3813 1264 3850 :
1303 3816 1321 3848 ι
1344 3796 1584 3852 Relictus
1608 3806 1690 3852 cst
1715 3798 2040 3855 eniniJacob
2069 3805 2234 3866 solus,

2341 3796 2495 3865 ἡμῶν
2539 3798 2634 3866 τὴν
2671 3798 3023 3851 θεόπνευστον
3059 3801 3298 3871 Γραφήν.
3345 3803 3521 3875 Ὠφθη
3553 3807 3678 3857 ποτὲ
3712 3809 3803 3860 καὶ
3835 3809 3917 3876 τῷ

681 3898 734 3942 et
759 3889 1063 3942 luctabatur
1104 3888 1187 3942 vir
1226 3903 1349 3942 cum
1387 3889 1502 3958 ipso
1535 3905 1704 3960 usque
1737 3907 1912 3946 tuane.
1959 3892 2102 3946 Vidit
2141 3910 2236 3946 au-

2342 3889 2652 3958 πατριάρχῃ
2705 3889 2894 3942 Ἰακὼϐ
2933 3891 3027 3960 τῆς
3064 3893 3161 3962 μὲν
3191 3893 3282 3945 τοῦ
3315 3896 3498 3948 Λάϐαν
3532 3900 3713 3962 ἑστίας
3744 3902 3918 3952 ἀπαί-

685 3990 790 4034 tem
808 3981 948 4048 quod
978 3995 1100 4035 eum
1133 3995 1388 4049 superare
1412 3997 1515 4035 non
1552 3993 1754 4051 posset,
1785 3995 1838 4038 et
1867 3982 2038 4054 tetigit
2059 3985 2242 4038 latitu.

2344 3996 2512 4048 ροντι.
2549 3982 2682 4047 πρὸς
2716 3983 2906 4044 αὑταῖς
2951 3983 3008 4036 δὲ
3055 3987 3298 4053 γεγονότι
3348 3992 3465 4052 ταῖς
3496 3991 3775 4045 διαϐάσεσι
3819 3993 3915 4046 τοῦ

684 4071 861 4125 dinem
907 4071 1127 4126 femoris
1165 4070 1303 4138 ejus,
1341 4080 1395 4124 et
1441 4075 1709 4128 emarcuit
1757 4074 1982 4130 latitudo
2022 4075 2242 4130 tenuioris

2355 4068 2568 4136 Ἰαϐὼκ,
2605 4074 2752 4124 καθά
2782 4073 3111 4144 γέγραπταιο
3154 4095 3171 4128 ι
3228 4077 3553 4150 ’Υπελεῖφθη
3577 4081 3683 4152 γάρ
3724 4081 3919 4134 Ἰακὼϐ

683 4163 868 4228 Jacob,
910 4164 1032 4218 duut
1067 4174 1329 4233 pugnaret
1357 4179 1479 4218 cum
1514 4165 1677 4235 ipso:
1713 4168 1848 4222 dixit
1885 4177 2062 4221 autem
2107 4168 2181 4222 illi
2224 4185 2236 4221 :

2346 4161 2536 4230 μόνος,
2595 4165 2690 4216 καὶ
2736 4165 2997 4218 ἐπάλαιεν
3049 4168 3334 4238 ἄνθρωπος
3394 4171 3508 4240 μετ’
3561 4170 3762 4235 αὑτοῦ,
3813 4173 3920 4233 ἓως

686 4255 908 4309 Dimitte
939 4269 1043 4318 me,
1080 4256 1326 4310 ascendit
1355 4256 1498 4310 enim
1523 4257 1812 4312 diluculum
1837 4275 1850 4310 :
1878 4259 1968 4313 ille
1995 4273 2125 4313 vero
2154 4259 2241 4312 di-

2345 4256 2510 4321 πρωΐ.
2544 4250 2664 4309 Οἵδε
2693 4257 2806 4328 [ῐσ.
2844 4254 2974 4330 εἶδε]
3002 4259 3077 4324 δὲ,
3109 4260 3189 4312 ὅτι
3220 4261 3279 4312 οὺ
3317 4261 3535 4314 δύναται
3566 4263 3698 4331 πρὸς
3733 4263 3920 4324 αὐτὸν,

687 4346 804 4401 xit:
837 4345 953 4399 Non
984 4355 1036 4400 te
1063 4346 1326 4400 dimittam
1380 4346 1480 4401 nisi
1504 4347 1842 4402 benedixeris
1871 4349 1998 4402 mihi
2031 4350 2097 4402 ⁸⁵.
2129 4367 2146 4401 ι
2182 4349 2247 4403 Et

2345 4348 2438 4399 καὶ
2471 4347 2646 4419 ἥψατο
2682 4349 2776 4400 τοῦ
2808 4350 3041 4411 πλάτους
3073 4350 3166 4402 τοῦ
3203 4351 3378 4420 μηροῦ
3412 4352 3596 4415 αὑτοῦ,
3629 4355 3724 4404 καὶ
3763 4355 3925 4425 ἐνάρ-

687 4446 810 4506 post
849 4436 950 4491 alia
994 4451 1228 4491 rursus:
1271 4455 1288 4489 ι
1333 4437 1395 4491 Ει
1446 4439 1662 4492 vocavit
1706 4437 1873 4494 Jacob
1920 4455 2114 4494 nomen
2143 4440 2244 4494 loci

2348 4455 2482 4507 κησε
2512 4439 2574 4490 τὸ
2605 4439 2803 4501 πλάτος
2844 4439 2937 4491 τοῦ
2975 4441 3150 4510 μηροῦ
3199 4440 3415 4504 Ἰακὼϐ,
3459 4443 3518 4496 ὲν
3549 4442 3626 4512 τῷ
3671 4444 3925 4500 παλαίειν

691 4528 833 4582 illius
868 4544 883 4582 :
911 4527 1129 4598 Species
1165 4528 1293 4594 Del;
1327 4530 1507 4597 aspexi
1532 4530 1672 4584 enim
1705 4529 1872 4584 Deum
1894 4529 2033 4586 facie
2069 4532 2134 4585 ad
2164 4531 2248 4585 fa-
2281 4522 2312 4577 Ι]

2303 4523 2322 4575 )
2353 4529 2511 4582 αὑτὸν
2552 4529 2668 4598 μετ’
2700 4531 2886 4585 αὑτοῦ.
2944 4529 3078 4584 Εἷπε
3128 4533 3185 4584 δὲ
3219 4532 3394 4602 αὐτῷ·
3435 4535 3776 4587 Ἀπόστειλον
3811 4555 3881 4605 με
3909 4551 3924 4565 ⁸

691 4619 849 4684 ciem,
883 4627 936 4672 et
965 4618 1109 4672 salva
1172 4619 1314 4673 facta
1374 4629 1459 4674 est
1506 4620 1684 4674 anima
1714 4635 1852 4677 mea.
1907 4621 2137 4676 Exortus
2161 4631 2248 4676 est

2351 4619 2516 4690 ἀνέϐη
2555 4619 2662 4690 γάρ
2711 4623 2739 4673 δ
2781 4621 3008 4693 ὄρθρος·
3060 4624 3088 4674 ὁ
3132 4623 3188 4675 δὲ
3235 4619 3420 4677 εἶπεν·
3464 4627 3537 4678 Οὐ
3569 4627 3642 4694 μή
3680 4642 3739 4677 σε
3789 4629 3928 4680 ἁπο-

691 4719 864 4764 autem
893 4709 964 4764 illi
989 4709 1068 4763 sol
1099 4723 1219 4762 cum
1250 4710 1631 4777 pertransisset
1661 4708 1907 4778 Speciem
1949 4712 2041 4766 Dei
2105 4711 2170 4766 “.
2222 4730 2242 4764 ι

2351 4711 2563 4772 στείλω,
2604 4711 2696 4764 ἐὰν
2733 4713 2807 4783 μή
2845 4730 2912 4781 με
2948 4714 3265 4786 εὐλογήσῃς.
3294 4734 3311 4765 ι
3347 4716 3454 4768 Καὶ
3487 4715 3602 4784 μεθ’
3633 4715 3796 4786 ἔτερα
3824 4720 3930 4770 πά·-

691 4799 930 4867 lntellige
958 4798 1138 4867 igitur,
1159 4811 1264 4851 non
1293 4807 1350 4849 ut
1390 4797 1763 4866 incorporeum
1821 4810 1874 4854 et
1907 4799 2250 4869 impalpabile

2351 4801 2466 4854 λιν·
2521 4820 2539 4853 ι
2594 4803 2700 4856 Καὶ
2745 4804 3000 4856 ἐκάλεσεν
3047 4805 3239 4857 Ἰακὼϐ
3286 4805 3346 4858 τὸ
3393 4807 3560 4875 ὄνομα
3613 4806 3708 4859 τοῦ
3754 4809 3929 4862 τόπου

697 4888 925 4941 Verbum
952 4902 1212 4955 apparere
1243 4888 1563 4955 patriarcha:
1583 4903 1646 4941 eo
1699 4899 1938 4958 tempore
1992 4892 2247 4955 voluisse,

2352 4892 2580 4954 ἐκείνου,
2607 4888 2755 4955 Εἶδος
2791 4894 2925 4946 Θεοῦ
2945 4909 2956 4922 ·
2991 4890 3143 4948 Εἶδον
3179 4896 3287 4965 γὰρ
3313 4895 3444 4948 Θεὸν
3471 4897 3758 4966 πρόσωπον
3790 4900 3929 4969 πρὸς

695 4990 750 5031 ιιι
787 4979 859 5031 illi
895 4979 1133 5047 mysterii
1183 4989 1364 5049 typum
1416 4989 1858 5048 praaumustraret
1889 5000 1903 5036 :
1941 4983 2037 5037 sed
2092 4983 2253 5039 homo

2353 4984 2660 5054 πρόσωπον,
2697 4986 2789 5036 καὶ
2816 4984 2993 5054 ἐσώθη
3023 5003 3124 5055 μου
3158 4989 3189 5057 ὴ
3215 4987 3382 5057 ψυχή.
3414 4989 3669 5041 Ἀνέτειλε
3697 4989 3752 5042 δὲ
3779 4991 3933 5061 αὐτῷ

695 5078 810 5123 erat
829 5071 915 5137 qui
943 5068 1266 5134 luctabatur,
1297 5078 1350 5122 et
1379 5079 1542 5122 totam
1572 5070 1624 5123 in
1643 5085 1706 5123 ea
1744 5086 1799 5124 re
1823 5081 2033 5126 noctem
2072 5082 2254 5126 trans-

2355 5077 2384 5127 δ
2415 5076 2582 5146 ἥλιος,
2631 5078 2791 5147 ἡνίκα
2826 5077 3065 5147 παρῆλθε
3094 5080 3154 5130 τὸ
3197 5076 3336 5141 εἶδος
3362 5079 3454 5132 τοῦ
3497 5080 3654 5134 Θεοῦ.
3707 5101 3725 5132 ι
3763 5084 3931 5145 Σύνες

698 5161 848 5230 egit:
906 5159 1249 5213 illucescente
1275 5169 1454 5212 autem
1512 5161 1618 5226 die,
1668 5171 1827 5231 atque
1871 5178 2062 5217 aurora
2095 5165 2256 5217 adve-

2357 5164 2448 5221 οὖν
2481 5170 2645 5233 ὅπως,
2698 5169 2796 5238 οὐχ
2843 5169 2918 5232 ὼς
2965 5170 3253 5238 ἀσώματός
3298 5187 3356 5222 τε
3387 5171 3480 5224 καὶ
3509 5173 3722 5240 ἀναφὴς
3753 5175 3932 5241 Λόγος

700 5255 898 5316 niente,
940 5269 958 5302 ι
1013 5250 1232 5304 Dimitte
1287 5266 1390 5315 me,
1429 5270 1447 5303 ι
1514 5252 1726 5319 inquit;
1777 5254 1916 5319 quod
1980 5254 2256 5307 evidenter

2357 5258 2511 5328 ⁴ἠξίου
2543 5260 2826 5327 φαίνεσθαι
2863 5261 2940 5330 τῷ
2969 5263 3280 5334 πατριάρχῃ
3328 5265 3665 5333 τοτηνικάδε,
3705 5266 3798 5317 τὸν
3834 5267 3930 5318 τοῦ

699 5350 817 5396 erat
849 5358 876 5395 a
904 5343 1041 5397 lucta
1075 5342 1533 5397 desisteutis..iam
1556 5358 1676 5410 qua:
1726 5343 1798 5396 sit
1849 5345 2091 5414 mySterii
2121 5347 2261 5400 ratio

2365 5350 2661 5418 μυστηρίου
2691 5350 2857 5402 τύπον
2907 5351 3320 5419 προαναφαίνων
3358 5352 3542 5420 αὐτῷ·
3585 5353 3700 5406 ἀλλ’
3731 5350 3800 5424 ἦν
3840 5355 3931 5406 ἄν-

703 5437 881 5489 dicere
910 5450 1130 5489 necesse
1156 5444 1238 5489 est
1268 5453 1281 5487 :
1311 5450 1431 5487 cum
1465 5434 1547 5487 his
1574 5434 1714 5486 enim
1743 5435 1830 5502 qui
1871 5436 1921 5486 in
1957 5444 2110 5489 nocte
2129 5436 2257 5490 etin

2363 5437 2576 5506 θρωπος
2627 5439 2654 5489 δ
2701 5437 2956 5502 παλαίων,
2998 5440 3089 5490 καὶ
3121 5440 3248 5510 ὃλην
3291 5442 3368 5500 είς
3413 5440 3570 5494 τοῦτο
3617 5442 3933 5510 δαπανήσας

711 5525 942 5582 tenebris
973 5527 1192 5592 degunt,
1216 5540 1443 5593 quorum
1469 5524 1663 5576 animis
1681 5534 1730 5576 et
1779 5525 2032 5578 cordibus
2087 5527 2261 5594 caligo

2361 5529 2459 5598 τὴν
2499 5529 2695 5581 νύκται
2734 5530 2871 5597 πλὴν
2915 5529 3311 5598 διαυγαζούσης
3356 5532 3595 5600 ἡμέρας,
3643 5532 3839 5602 ὄρθρου
3874 5549 3932 5583 τε

774 5727 816 5756 ³⁹
859 5724 957 5777 Isa.
988 5737 1124 5785 ml,
1154 5721 1206 5794 θ,
1240 5722 1289 5775 7.
1329 5792 1338 5794 4
1395 5722 1442 5794 ⁸ξ
1476 5721 1575 5774 lsa.
1619 5719 2008 5794 [Lithg‘OLQL
2079 5722 2160 5794 ﬂ“
2202 5722 2220 5774 I
2260 5719 2395 5794 Petr.

2305 5731 2405 5794 (ιιι.
2447 5737 2504 5777 ιι.
2536 5722 2587 5787 9,
2623 5722 2706 5774 l0.
2823 5724 2866 5753 "
2908 5724 2945 5776 ll
2987 5724 3108 5780 Cor.
3154 5741 3202 5786 ι’,
3242 5725 3328 5777 17.
3443 5724 3488 5756 ⁸³
3530 5724 3828 5794 Philipp.lt,
3872 5725 3922 5780 7.

707 5800 746 5826 “
789 5795 973 5848 Matth.
1003 5808 1110 5848 xu.
1158 5792 1246 5846 25.
1323 5792 1366 5823 "
1406 5791 1542 5846 Gen.
1579 5806 1747 5843 χχχιι.
1781 5787 1970 5843 22-26.
2073 5792 2117 5821 “
2157 5794 2284 5844 ibid.
2315 5791 2404 5849 50,
2437 5794 2500 5846 31
