4104 6504
184 446 258 502 145

1167 459 1539 517 ADVERSUS
1574 462 1981 525 NESTORIUM
2025 469 2153 526 LIB.
2194 472 2275 528 lli.

3246 478 3345 530 “6

179 564 513 663 γεγενημένου,
561 567 643 627 τὸ,
682 586 700 618 ι
750 570 1086 626 ’Δπόστειλόν
1127 593 1217 645 με,
1260 596 1280 629 s
1324 582 1505 651 φησὶν,
1549 583 1683 655 ὅπερ

1791 589 2049 658 spiritalis
2080 588 2252 645 oll‘usa
2268 601 2352 645 est
2377 599 2431 645 et
2466 592 2702 646 nondum
2732 593 2847 660 ejus
2878 594 3188 663 mysterium
3252 610 3345 647 va-

179 654 227 726 ἦν
249 658 459 727 ὲναργῶς
503 660 859 725 καταλύοντος
889 664 985 735 τὴν
1030 668 1225 739 πάλην.
1267 673 1377 726 Καὶ
1414 674 1498 738 τίς
1527 676 1556 727 6
1586 654 1680 730 τοῦ

180 743 426 818 μυστηρίου
461 748 643 817 λόγος,
694 755 869 807 εἰπεῖν
917 757 1241 826 ἀναγκαῖον
1289 767 1401 828 τοῖς
1448 767 1546 836 μὲν
1574 769 1682 840 γὰρ

176 839 233 899 ὡς
256 841 302 890 ὲν
330 840 467 892 νυκτὶ
498 841 585 893 καὶ
624 844 807 895 σκότει
834 844 1154 913 διατελοῦσι,
1188 852 1280 905 καὶ
1305 855 1473 925 ἀχλὺν
1501 839 1682 929 ἔχουσι

177 928 251 992 τὴν
295 932 466 1000 νοητὴν
511 933 587 995 είς
624 934 747 987 νοῦν
798 937 892 988 καὶ
946 939 1191 1009 καρδίαν,
1238 943 1388 999 οὔπω
1434 964 1494 1001 τε
1544 928 1683 1005 νοεῖν

178 1016 375 1084 ἰσχύουσι
405 1020 461 1072 τὸ
506 1022 591 1073 ἐπ’
633 1024 781 1094 αὐτῷ
831 1030 1146 1100 μυστήριον,
1187 1034 1439 1090 παλαίειν
1478 1056 1537 1093 τε
1589 1043 1685 1096 καὶ

178 1106 397 1174 μάχεσθαι
424 1113 511 1163 καὶ
539 1115 693 1185 νικᾷν
726 1115 846 1179 ἔθος
877 1120 1023 1192 αὐτῷ
1040 1138 1056 1153 ο
1093 1127 1205 1189 τοῖς
1230 1142 1293 1195 γε
1325 1130 1432 1200 μὴν
1460 1131 1519 1185 ὲν
1546 1136 1685 1203 φωτὶ

175 1203 395 1295 γεγονοσι,
422 1205 508 1259 καὶ
534 1207 607 1271 ὡς
648 1210 706 1261 ὲν
749 1209 929 1283 ὄρθρῳ
955 1213 1032 1284 τῷ
1057 1217 1253 1288 νοητῷ,
1286 1221 1380 1274 καὶ
1406 1225 1683 1295 νενοηκὸσι

174 1287 218 1341 εὖ
248 1294 369 1359 μάλα
392 1298 444 1348 τὸ
472 1300 783 1369 μυστήριον,
809 1303 908 1357 οὐκ
949 1287 1297 1364 ἑπιπαλαίειν
1322 1312 1481 1378 ἀξιοῖ,
1510 1287 1685 1369 δίανέ-

173 1398 243 1447 μει
274 1382 320 1436 δὲ
358 1387 543 1453 μᾶλλον
586 1392 830 1459 εὐλογίας
879 1401 1267 1467 πνευματικὰς.
1322 1404 1547 1470 Οὐκοῦν,
1582 1407 1685 1461 κᾶν

171 1473 367 1565 ὀψὲ-καὶ
421 1480 565 1565 μολις
626 1484 887 1552 είσγένοιο
914 1489 1023 1541 ’καὶ
1059 1490 1219 1554 αὐτὸς
1260 1493 1380 1561 μεθ’
1428 1497 1581 1565 ἡμῶν
1628 1500 1685 1551 ὲν

171 1563 296 1656 φωτί,
325 1566 409 1617 καὶ
435 1562 539 1621 οἷον
566 1571 625 1623 ἐν
652 1573 853 1645 ὄρθρῳ,
895 1578 1233 1635 πεπαύσεται
1267 1598 1347 1636 σοι
1381 1562 1685 1656 μαχόμενος

413 1660 589 1715 νικῶν.
624 1663 733 1717 Θέα
759 1665 815 1718 δὲ
843 1666 990 1732 ὅπως
1022 1669 1306 1742 ἀνθρώπου
1348 1654 1683 1745 παλαίοντος,

169 1744 189 1791 ὁ
218 1744 465 1838 θεσπέσιος
505 1753 697 1807 Ἰακὼό
736 1757 1037 1827 ἑωρακέναι
1083 1764 1215 1832 φησι
1241 1764 1332 1817 τὸν
1359 1766 1491 1819 Θεὸν
1519 1744 1686 1838 πρόσέ

1782 679 1895 734 ient
1922 681 2253 752 intelligere,
2286 681 2477 735 luctari
2508 697 2855 753 pugnamque
2889 684 2977 739 ille
3026 694 3082 738 et
3128 686 3346 739 vincere

1782 769 1918 824 solet
1948 784 1963 821 :
1993 786 2113 824 cum
2146 772 2231 827 his
2264 786 2391 826 vero
2422 773 2510 840 qui
2537 773 2589 826 in
2614 774 2734 828 luce
2754 784 2881 829 sunt
2901 784 2955 829 et
3000 774 3227 843 spiritali
3252 774 3339 829 di-

1783 860 1983 926 luculo,
2003 870 2055 915 et
2076 863 2242 932 probe
2270 862 2581 933 mysterium
2611 862 2938 934 intelligunt.
2962 879 3068 918 non
3096 864 3195 919 sibi
3224 879 3344 919 esse

1784 952 2129 1021 pugnandum
2163 961 2373 1015 censet,
2426 952 2520 1007 sed
2554 952 2729 1021 potius
2752 951 3021 1021 spiritales
3053 952 3159 1007 illis
3182 955 3344 1007 bene-

1784 1039 2047 1095 dictiones
2067 1040 2272 1095 tribuit.
2302 1040 2356 1095 Si
2384 1043 2544 1111 igitur
2568 1042 2651 1096 vel
2669 1056 2791 1097 sero
2816 1043 3028 1098 tandem
3060 1044 3345 1098 nobiscum

1787 1128 1840 1183 in
1873 1129 2073 1185 lumine
2106 1139 2352 1185 versatus
2371 1128 2558 1195 fueris,
2581 1139 2635 1183 et
2689 1139 2939 1201 tanquam
2997 1130 3051 1185 in
3086 1131 3344 1198 diluculo,

1787 1220 1930 1275 illico
1961 1227 2137 1276 tecum
2190 1235 2429 1290 pugnare
2491 1222 2716 1278 desistet
2765 1223 2856 1293 qui
2919 1222 3086 1275 vincit
3130 1234 3343 1276 omnes.

1786 1312 1956 1368 Velim
1992 1322 2169 1367 autem
2201 1313 2536 1377 consideres,
2579 1324 2848 1383 pugnante
2909 1314 3123 1367 homine
3144 1313 3345 1366 dixisse

1786 1403 2002 1457 beatum
2028 1400 2195 1456 Iacob
2212 1415 2272 1456 se
2292 1402 2489 1457 vidisse
2519 1401 2685 1456 Deum
2716 1400 2852 1456 facie
2880 1402 2946 1455 ad
2976 1400 3168 1455 faciem
3193 1418 3207 1467 ;
3234 1398 3343 1469 82

1785 1492 1990 1547 addidit
2016 1492 2177 1545 etiam
2200 1505 2351 1545 sacra
2373 1488 2692 1560 Scriptura:
2729 1508 2748 1541 ι
2800 1488 2968 1544 Ortus
3010 1499 3093 1545 est
3143 1490 3216 1543 illi
3264 1488 3345 1543 soi

1786 1583 2001 1651 quando
2057 1580 2368 1650 pertransiit
2398 1580 2643 1649 Speciem
2709 1580 2823 1635 Dei.
2861 1598 2879 1632 ι
2930 1579 3045 1646 Qua
3102 1594 3232 1650 ergo
3275 1579 3343 1632 de

1787 1687 1944 1728 causa
1974 1670 2251 1727 erubescis
2272 1671 2337 1725 de
2359 1670 2746 1725 exinanitionis
2769 1683 3043 1733 mensura,
3068 1685 3188 1725 cum
3215 1668 3343 1722 illud

1785 1777 1849 1817 ex
1890 1762 1995 1815 Deo
2019 1760 2179 1815 Patre
2207 1758 2439 1815 Verbum
2498 1761 2830 1814 incarnatum
2868 1760 3036 1814 fuisse
3091 1769 3146 1813 et
3178 1759 3348 1814 horni-

326 1837 447 1929 πρὸς
479 1844 784 1911 πρόσωπον.
842 1848 1199 1916 Προστέθεικε
1260 1855 1316 1907 δὲ
1358 1855 1419 1909 τὸ
1447 1837 1684 1929 Γραμμα

1791 1868 1907 1905 nem
1928 1850 2146 1915 factum,
2166 1860 2225 1903 ut
2256 1851 2463 1917 Opinor,
2504 1852 2757 1919 praedicet
2778 1852 3027 1919 quisquis
3050 1861 3256 1904 rectam
3285 1849 3349 1903 ti-

167 1923 211 1972 τὸ
252 1924 396 2019 ίερὸν,
430 1929 542 2019 ηὸτι
594 1951 613 1981 ι
685 1934 977 1989 Ἀνέτειλεν
1022 1938 1169 2010 αὖτῷ
1224 1945 1252 1996 6
1298 1923 1681 2019 “tog-$6)“:

1791 1944 1908 1998 dem
1939 1950 2105 2004 tenet,
2129 1951 2182 1994 et
2209 1951 2457 1995 accurate
2495 1954 2769 1995 sacrarum
2832 1940 3160 1994 Litterarum
3212 1956 3339 2009 pro-

165 2014 363 2110 παρῆλθε
396 2017 451 2071 τὸ
492 2014 632 2085 εἶδος
684 2024 778 2078 τοῦ
824 2025 979 2081 Θεοῦ.
1038 2049 1056 2080 ι
1114 2032 1255 2087 ’Δνθ⁹
1303 2037 1426 2090 ὅτου
1469 2014 1553 2110 δὴν
1590 2037 1681 2094 οὖν

166 2104 442 2195 ίπερυθριᾷς
473 2113 587 2175 τοῖς
627 2114 728 2182 τῆς
772 2117 1054 2184 κενώσεως
1103 2124 1341 2195 μέτροις,
1370 2104 1544 2183 καίτοι
1590 2132 1683 2186 τὸν

164 2195 215 2294 ἐκ
234 2194 350 2248 Θεοῦ
386 2199 793 2294 ΠατρὸςᾼΔόγον
822 2213 1171 2283 σαρκωθῆναί
1197 2194 1255 2269 τε
1285 2220 1379 2272 καὶ
1411 2221 1681 2292 ὲνανθρωο

165 2291 320 2382 trina,
345 2294 550 2382 παντὸς,
571 2291 747 2365 οἶμαι,
767 2299 1015 2367 λέγοντος
1033 2305 1126 2357 τοῦ
1152 2308 1243 2360 καὶ
1270 2308 1437 2381 ὀρθὴν
1468 2291 1681 2382 ἔχοντος

165 2374 326 2441 πίστιν,
368 2380 451 2431 καὶ
491 2380 874 2451 βασανίζοντος
912 2390 1153 2459 ἁκριὸὦς
1184 2393 1283 2461 τῆς
1307 2374 1681 2451 ’θεοπνεῦστου

163 2462 343 2536 Γραφῆς
372 2470 457 2522 τὸν
492 2476 729 2539 σκοπόνς
775 2476 830 2529 ὐ
860 2480 1034 2532 τοίνυν
1065 2484 1196 2552 ἡμῖν
1219 2485 1521 2554 ὀμοούσιος.
1549 2490 1683 2542 καθὸ

162 2555 345 2651 γέγονεν
366 2562 673 2632 ἄνθρωπος·
708 2569 799 2619 καὶ
827 2569 974 2640 αὐτῷ
997 2570 1055 2624 δὲ
1084 2573 1162 2644 τῷ
1187 2575 1382 2645 Πατρὶ,
1414 2580 1554 2633 καθά
1591 2598 1686 2651 με·

163 2646 435 2747 μίνηκελκαὶ
467 2655 846 2728 ἀνθρωπότητι
869 2663 976 2716 εἰσ.
1006 2664 1066 2716 ὲν
1093 2665 1494 2742 ἁνθρωπότητι]
1531 2646 1682 2737 Θεὸς,

159 2742 393 2813 ἀπεστάλη
447 2747 739 2816 κηρύσσων
789 2754 1155 2823 αἰχμαλώτοις
1201 2758 1415 2826 ἄφεσιν,
1456 2763 1549 2815 καὶ
1599 2780 1687 2815 τυ-

160 2830 279 2923 φλοῖς
317 2835 625 2910 ἅνάὄλεψιν,
659 2844 907 2899 ἰάσασθαί
938 2864 997 2900 τε
1029 2848 1155 2911 τοὺς
1186 2854 1686 2923 συντετριμμένους

159 2922 234 2990 τὴν
275 2928 503 2999 δαρδίαν,
545 2934 773 2988 καλέσαι
807 2935 863 2989 δὲ
914 2938 1008 2990 καὶ
1056 2941 1298 2994 ἐνιαυτὸν
1346 2922 1549 3013 Κυρίου
1600 2946 1687 2998 δε-

158 3016 273 3070 κτόν.
326 3023 491 3076 Αὑτοῦ
538 3024 651 3096 γὰρ
705 3027 865 3095 μόνου
922 3028 1016 3081 καὶ
1058 3031 1153 3099 οὐχ
1201 3032 1388 3102 ἐτέρου
1438 3035 1580 3097 τινὸς
1621 3036 1688 3089 τὰ

158 3109 301 3160 τοιάδε
338 3113 552 3178 γέγονεν
589 3118 670 3177 εἰς
701 3120 845 3186 ἡμᾶς
886 3121 1319 3190 κατορθώματα·
1352 3125 1445 3175 καὶ
1484 3125 1687 3177 πιστώ-

156 3200 277 3252 αεταί
318 3218 395 3265 τις
428 3203 535 3257 τῶν
587 3206 761 3274 ἁγίων
812 3212 1124 3280 προφητῶν,
1152 3210 1295 3265 οὕτω
1318 3212 1522 3279 λέγων·
1569 3215 1686 3267 (οὑ

157 3288 374 3355 πρέσϐυς,
442 3294 541 3346 οὐκ
579 3296 830 3363 ἄγγελος,
865 3300 979 3352 ἀλλ’
1048 3300 1207 3364 αὐτὸς
1254 3304 1282 3354 6
1317 3303 1520 3372 Κύριος
1553 3304 1689 3357 ἔσω-

156 3390 227 3427 σεν
250 3378 381 3447 ἡμᾶς
402 3396 414 3409 ·
457 3400 474 3432 ι
513 3382 542 3434 6
570 3383 667 3435 καὶ
697 3384 1069 3455 ἐναργέστατα
1101 3386 1302 3454 λέγων·
1348 3406 1365 3439 ι
1405 3387 1500 3441 Διὰ
1533 3388 1690 3443 τοῦτο

154 3465 382 3528 γνώσεται
423 3473 450 3523 6
500 3472 632 3534 λαός
688 3490 787 3541 μου
830 3473 891 3525 τὸ
934 3475 1104 3543 δνομά
1151 3494 1251 3545 μου
1299 3478 1356 3528 ἐν
1402 3481 1467 3548 τῇ
1509 3479 1692 3550 ἡμέρᾳ.

152 3556 335 3630 ἐκείνῃο
366 3561 527 3627 αὐτὸς
557 3567 587 3616 6
637 3563 830 3626 λαλῶν,
868 3566 1121 3636 πάρειμι.
1164 3587 1182 3619 ι
1227 3569 1417 3621 Καίτοι
1447 3571 1582 3635 πῶς,
1616 3570 1691 3622 εῖ-

154 3665 236 3718 περ
264 3648 325 3721 ἦν
355 3671 435 3717 τις
468 3652 759 3724 ἄνθρωπος
788 3656 975 3719 ἁπλῶς
1012 3660 1041 3712 6
1071 3658 1496 3727 ἀπεσταλμένος,
1531 3662 1691 3726 αὐτὸς

150 3738 203 3790 ἄν
229 3746 400 3807 νοοῖτο,
437 3746 535 3798 καὶ
572 3745 663 3798 τὸν
700 3746 867 3799 πάλαι
902 3750 1016 3812 τοῖς
1062 3752 1436 3819 ἀρχαιοτέροις
1488 3769 1690 3823 κεχρη-

152 3831 467 3901 σμῳδημένον
516 3836 759 3903 λαλήσας
814 3838 1004 3906 νόμον;
1067 3840 1139 3890 Οὐ
1188 3840 1295 3910 γάρ
1340 3857 1393 3892 τι
1430 3840 1538 3912 [Im
1583 3843 1696 3915 τοιῖ

151 3924 302 3993 προὼν
331 3926 402 3991 ὠς
441 3929 731 3999 ἄνθρωπος
775 3931 1101 4002 γεγενῆσθαι
1138 3932 1333 4001 λέγοιτ’
1368 3936 1454 3997 ἂν,
1494 3935 1579 3987 ἵνα
1615 3936 1689 4005 μὴ

148 4010 225 4075 τῆς
264 4013 339 4078 είς
360 4014 421 4070 τὸ
464 4013 609 4070 εἶναι
642 4018 893 4085 παρόδου,
927 4021 1309 4092 πρεσϐυτέραν
1343 4024 1481 4091 ἔχων
1517 4022 1691 4092 ὁρῷτο

149 4102 225 4169 τὴν
258 4103 499 4176 ὓπαρξιν·
538 4108 656 4161 ἀλλ’
704 4108 778 4171 ὡς
810 4108 942 4172 Θεὸς
986 4109 1387 4180 προῦπὰρχων,
1428 4111 1690 4181 λελάληκε

149 4190 227 4268 μὲν
248 4196 331 4248 τὸν
356 4198 543 4267 νόμον,
573 4198 823 4269 παρεῖναι
844 4198 898 4250 δέ
924 4215 1055 4267 φησι
1084 4198 1247 4263 ξένως
1276 4218 1333 4253 τε
1384 4204 1475 4253 καὶ¹
1531 4203 1692 4255 ἁσυνο

151 4282 272 4349 ήθως
305 4288 389 4340 ὅτε
441 4288 673 4356 γέγονεν
718 4288 1038 4358 ἄνθρωπος’
1072 4288 1207 4341 ἀλλὰ
1256 4290 1365 4353 ναὶ,
1417 4291 1571 4361 φησὶ,
1622 4292 1693 4344 τὰ

146 4374 295 4429 πάντα
330 4378 533 4448 πληροῖ
568 4377 699 4441 Θεὸς
729 4378 805 4431 ὢν
848 4381 877 4432 6
917 4381 1123 4447 Λόγοςο
1156 4381 1271 4445 πῶς
1318 4378 1412 4435 οὖν
1446 4382 1554 4452 ἄρα
1600 4385 1692 4436 καὶ

148 4464 429 4539 ἀπεστάλης
468 4469 577 4522 ποῦ
611 4469 719 4539 γὰρ
749 4470 848 4522 οὐκ
870 4465 937 4539 ἦν
962 4470 989 4521 6
1017 4472 1192 4524 πάντα
1224 4471 1481 4543 πληρῶνς
1514 4474 1579 4525 Τί
1610 4473 1691 4536 δὲ,

1790 2036 2018 2106 positum
2057 2033 2323 2103 exquirit?
2352 2032 2441 2086 ille
2471 2032 2631 2100 igitur
2663 2031 3141 2086 consubstantialis
3174 2031 3350 2095 nobis,

1789 2142 1891 2195 qua
1916 2126 2087 2181 factus
2103 2134 2187 2181 est
2216 2126 2395 2183 homo.
2426 2132 2481 2177 et
2516 2124 2613 2192 ipsi
2646 2122 2827 2178 itidem
2862 2122 3025 2186 Patri,
3054 2137 3156 2191 qua
3189 2122 3348 2176 etiam

1790 2220 1842 2273 in
1875 2219 1986 2287 ipsa
2004 2216 2337 2272 humanitate
2376 2213 2517 2269 Deus
2538 2213 2757 2279 mansit,
2798 2212 2993 2267 missus
3020 2221 3103 2267 est
3161 2211 3353 2279 praedi-

1789 2323 1913 2363 care
1940 2307 2167 2375 captivis
2200 2304 2597 2366 remissionem,
2631 2311 2685 2357 et
2715 2301 2872 2356 caecis
2904 2301 3098 2366 visum,
3152 2308 3207 2354 et
3239 2314 3351 2354 me-

1788 2399 1904 2454 deri
1931 2397 2173 2454 contritis
2209 2397 2394 2461 corde,
2426 2406 2480 2449 et
2512 2394 2745 2448 indicere
2773 2407 2973 2447 annum
3024 2392 3234 2461 Domini
3263 2405 3345 2445 ac-

1791 2488 2104 2558 ceptabilem
2130 2487 2173 2519 "
2210 2502 2225 2538 :
2259 2486 2425 2556 ipsius
2459 2498 2693 2553 namque
2725 2482 2913 2548 solius,
2965 2496 3069 2537 non
3124 2480 3352 2549 alicujus

1794 2579 2017 2634 alterius
2052 2573 2549 2644 fueruntejusmodi
2594 2570 2851 2641 praeclara
2909 2576 3055 2638 gesta
3095 2582 3221 2638 erga
3254 2582 3353 2622 nos

1794 2680 2120 2743 perpetrata.
2146 2669 2242 2723 Cui
2279 2667 2355 2723 rei
2391 2667 2549 2722 iidem
2607 2664 2769 2719 faciet
2819 2661 3097 2732 quidema
3152 2659 3354 2715 sanctis

1793 2762 2091 2831 prophetis,
2116 2759 2207 2827 qui
2239 2759 2368 2812 dicit
2397 2775 2411 2810 :
2438 2775 2456 2808 ι
2490 2755 2601 2811 Νοη
2660 2756 2886 2823 legatus,
2948 2768 3052 2808 non
3114 2750 3352 2820 angelus,

1795 2853 1887 2907 sed
1926 2852 2039 2919 ipse
2058 2848 2314 2902 Dominus
2337 2844 2781 2910 salvavitnos“;
2821 2861 2840 2893 ι
2879 2844 2967 2912 qui
3003 2843 3167 2898 etiam
3197 2856 3351 2910 aper-

1798 2944 2004 2997 tissime
2041 2940 2213 2994 dicit:
2249 2956 2268 2990 ι
2300 2936 2525 3006 Propter
2596 2936 2699 2990 hoc
2745 2935 2880 2989 sciet
2928 2934 3155 3004 populus
3199 2948 3349 2987 meus

1797 3048 1990 3089 nomen
2021 3047 2197 3085 meum
2223 3032 2274 3084 in
2311 3030 2397 3084 die
2423 3028 2535 3094 illa,
2560 3029 2685 3097 quia
2714 3042 2814 3097 ego
2848 3026 2961 3094 ipse
2984 3026 3074 3093 qui
3099 3024 3356 3094 loquebar

1796 3130 1983 3177 adsum
2014 3122 2077 3173 “.
2120 3138 2138 3170 ο
2178 3119 2338 3187 Atqui
2364 3120 2407 3173 si
2438 3118 2523 3172 ille
2562 3117 2757 3171 missus
2792 3116 2953 3169 homo
2982 3114 3177 3181 aliquis
3204 3128 3320 3167 com
3340 3142 3354 3152 -

1798 3209 1977 3262 munis
1999 3219 2160 3275 esset,
2194 3208 2463 3277 quomodo
2486 3206 2601 3275 ipse
2623 3205 2763 3258 idem
2791 3219 2911 3260 esse
2944 3204 3355 3273 intelligeretur,

1796 3299 1886 3368 qui
1927 3299 2199 3354 veteribus
2232 3297 2333 3351 illis
2364 3297 2532 3367 legem
2560 3296 2686 3351 olim
2702 3294 2904 3350 edidit?
2937 3292 3121 3362 Neque
3185 3293 3355 3355 enim,

1795 3391 1837 3444 si
1863 3399 1919 3443 ut
1951 3390 2112 3444 homo
2142 3390 2290 3456 prius
2328 3398 2493 3452 esset,
2548 3389 2709 3443 homo
2756 3386 2930 3441 factus
2968 3397 3088 3440 esse
3120 3398 3357 3453 unquam

1794 3481 1897 3535 dici
1925 3490 2126 3549 posset,
2159 3494 2223 3534 ne
2244 3478 2645 3533 subsistentiam
2685 3476 3045 3546 antiquiorem
3075 3474 3226 3527 initio
3251 3487 3358 3543 quo

1795 3586 1916 3625 esse
1948 3570 2136 3638 cmpit,
2162 3570 2363 3634 habere
2386 3569 2668 3623 videatur:
2703 3567 2797 3621 sed
2859 3580 2978 3621 cum
3016 3563 3357 3634 prmexsiste—

1795 3670 1875 3714 ret
1909 3669 1963 3713 ut
1991 3660 2148 3723 Deus,
2175 3660 2383 3714 locutus
2400 3659 2613 3725 quidem
2643 3668 2729 3712 est
2788 3657 2978 3727 legem,
3027 3670 3085 3710 se
3115 3670 3244 3709 vero
3266 3654 3358 3706 ad-

1792 3766 1912 3807 esse
1960 3752 2034 3804 ait
2078 3766 2217 3805 novo
2266 3752 2583 3818 insuetaque
2642 3750 2821 3813 modo,
2868 3762 2991 3802 cum
3058 3746 3233 3800 factus
3276 3752 3360 3797 est

1783 3844 1973 3903 homo.
1999 3842 2182 3912 Atqui,
2212 3842 2406 3909 inquit,
2440 3841 2619 3896 omnia
2676 3839 2909 3909 complet
2945 3837 3201 3900 Verbum,
3233 3851 3354 3889 cum

1794 3933 1865 3986 sit
1892 3932 2064 3987 Deus:
2089 3932 2355 4001 quomodo
2385 3932 2545 4000 igitur
2573 3930 2735 3985 etiam
2756 3933 2953 3984 missus
2973 3928 3097 3982 est?
3123 3941 3241 3980 nam
3266 3925 3355 3977 ubi

1794 4037 1898 4077 non
1946 4031 2064 4075 erat
2101 4021 2190 4089 qui
2222 4020 2449 4089 complet
2482 4015 2699 4073 omnia?
2736 4018 2871 4085 Quid
2908 4032 3055 4086 ergo,
3082 4016 3167 4070 dic
3199 4016 3352 4078 mihi,

1794 4112 2029 4167 divinam
2071 4120 2421 4180 sanctamque
2457 4109 2772 4165 Trinitatem
2820 4117 3221 4164 eoarctatamne
3264 4122 3361 4174 pu-

1794 4206 2050 4268 tabimus,
2076 4221 2140 4257 an
2165 4220 2261 4273 per
2298 4201 2477 4259 omnia
2504 4202 2713 4256 dilatari
2767 4212 2821 4255 et
2848 4201 3025 4255 omnia
3054 4200 3362 4268 complere?

1797 4297 1851 4353 ld
1874 4298 1917 4352 si
1961 4299 2031 4351 ita
2067 4307 2169 4358 est,
2202 4296 2468 4364 quomodo
2492 4309 2716 4363 magnus
2744 4292 2835 4346 ille
2860 4291 3058 4355 Moses,
3082 4306 3203 4345 cum
3242 4290 3363 4359 qui-

1795 4391 1918 4443 dam
1949 4406 1977 4441 e
2004 4388 2195 4457 priscis
2230 4387 2536 4441 hominibus
2569 4384 2756 4437 turrim
2775 4383 3106 4438 aediﬁcarent
3127 4382 3192 4436 ad
3246 4396 3362 4437 cat-

1798 4482 1907 4534 lum
1936 4494 2104 4548 usque
2140 4478 2554 4546 pertingentem,
2596 4476 2806 4529 induxit
2843 4474 3110 4528 dicentem
3137 4472 3305 4527 Deum
3346 4489 3359 4525 :

144 4558 243 4609 είπέ
272 4576 374 4626 μοι,
410 4560 519 4631 τὴν
544 4560 690 4613 θείαν
726 4560 820 4612 καὶ
848 4560 1129 4629 ὀμοούσιον
1156 4562 1363 4632 Τριάδα
1403 4564 1691 4617 συνεστάλ-

1802 4592 1818 4623 ι
1860 4571 2071 4633 Venite,
2098 4570 2489 4623 descendamus
2509 4576 2565 4621 et
2606 4566 2998 4621 confundamus
3050 4563 3123 4619 ibi
3155 4562 3365 4632 linguas

145 4643 217 4697 θαι
256 4649 521 4721 δώσομεν,
570 4651 603 4722 ἢ
673 4651 1098 4720 κατευρύνεσθαί
1151 4670 1211 4705 τε
1249 4653 1357 4707 τῶν
1403 4653 1559 4719 ὅλων,
1594 4657 1691 4709 καὶ

143 4740 293 4791 πάντα
338 4742 619 4813 πληροῦνς
672 4738 805 4796 Εἶτα
855 4742 974 4807 πῶς
1020 4746 1154 4813 ἡμῖν
1197 4747 1226 4798 ὁ
1260 4745 1431 4816 μέγας
1464 4748 1690 4816 Μωσῆς,

142 4828 209 4878 Et:
243 4830 322 4882 τὸν
350 4832 711 4902 οὐρανομήκη
743 4832 950 4903 πύργον
998 4831 1347 4903 ἀνεδείμαντό
1395 4851 1538 4897 τινες
1582 4835 1691 4887 τῶν

143 4918 517 4992 ἀρχαιοτέρων,
540 4924 885 4994 εἰσκεκόμικε
912 4924 1135 4991 λέγοντα
1163 4925 1255 4978 τὸν
1275 4925 1404 4979 Θεόν
1460 4945 1478 4977 ι
1505 4926 1692 4991 Δεῦτε,

143 5010 220 5059 καὶ
254 5014 597 5075 καταϐάντες
632 5015 950 5085 συγχέωμεν
998 5017 1114 5069 ἐκεῖ
1155 5016 1254 5079 τὰς
1299 5016 1548 5085 γλώσσας
1594 5018 1693 5073 αὑ-

1799 4677 1985 4717 eorum
2019 4661 2104 4713 ⁷⁸2
2140 4680 2157 4711 ι
2204 4658 2445 4724 Quanam
2476 4654 2830 4711 descensione
2856 4670 2991 4724 opus
3016 4654 3249 4708 habebat
3271 4654 3363 4708 illa

1800 4766 1919 4820 quas
1943 4750 2136 4806 coelum
2170 4765 2234 4804 ac
2279 4757 2451 4803 terras
2476 4745 2708 4817 complet
2739 4737 2963 4798 natura?
2985 4742 3255 4811 Scriptum
3280 4753 3363 4797 est

1800 4844 1959 4898 etiam
1983 4842 2049 4898 de
2078 4850 2265 4895 sancto
2282 4838 2483 4909 Spiritu
2518 4857 2530 4893 :
2564 4856 2583 4888 ι
2624 4838 2860 4908 Spiritus
2910 4836 3119 4890 Domini
3146 4835 3369 4904 replevit

1801 4936 1989 4989 urbem
2016 4944 2282 4987 terrarum
2307 4932 2373 4984 τί.
2411 4950 2427 4982 ι
2468 4928 2656 4985 Psallit
2687 4940 2947 4998 praeterea
2967 4928 3154 4982 beatus
3173 4926 3358 4991 David,

1803 5039 1867 5080 ac
1891 5028 1956 5078 de
1983 5024 2065 5076 his
2097 5022 2184 5089 qui
2228 5022 2281 5074 in
2332 5020 2491 5074 terris
2525 5028 2649 5074 sunt
2677 5019 2854 5087 positi,
2880 5033 2999 5071 cmn
3052 5018 3158 5069 Deo
3188 5015 3364 5083 loqui-

142 5099 262 5167 τώνς
304 5121 321 5154 ι
357 5104 532 5166 Ποίας
578 5104 747 5157 ἐδεῖτο
776 5105 1125 5170 καταϐάσεως
1170 5110 1202 5178 ἡ
1233 5109 1458 5176 οὐρανόν
1494 5126 1553 5163 τε
1600 5109 1691 5163 καὶ

1804 5128 1907 5181 tur,
1940 5117 2030 5185 qui
2060 5114 2329 5167 viviticare
2361 5121 2534 5181 potest
2563 5127 2581 5164 :
2621 5128 2638 5160 ι
2667 5110 2887 5163 Emittes
2914 5107 3171 5177 Spiritum
3193 5116 3363 5169 tuum,

140 5192 227 5259 γῆν
260 5196 663 5263 ἁναπιμπλᾶσα
718 5198 906 5265 φύσιςς
954 5198 1266 5270 Γέγραπται
1315 5200 1369 5253 δὲ
1427 5201 1519 5253 καὶ
1568 5201 1691 5271 περὶ

1802 5216 1856 5262 et
1886 5205 2230 5269 crealmntur,
2266 5212 2318 5256 et
2345 5201 2626 5257 renovabis
2649 5198 2838 5253 faciem
2872 5210 3028 5252 terra:
3050 5198 3131 5261 ";
3186 5214 3204 5248 ι
3234 5212 3365 5263 quo-

140 5283 217 5333 τοῦ
251 5288 401 5354 ἁγίου
442 5288 782 5355 Πνεύματος,
808 5289 888 5341 ὅτι
918 5308 934 5339 ι
980 5289 1201 5360 Πνεῦμα
1249 5292 1452 5362 Κυρίου
1489 5293 1691 5363 πεπλή‹

1802 5300 1960 5353 modo
1989 5297 2219 5350 mittitur
2254 5295 2343 5363 qui
2390 5294 2622 5363 complet
2670 5291 2891 5347 omnia?
2914 5289 2991 5343 Ne
3053 5290 3212 5359 igitur
3246 5301 3364 5340 tan-

138 5388 261 5437 ρωκε
296 5377 393 5447 τὴν
419 5378 770 5449 οἰκουμένην.
799 5399 815 5429 ι
840 5380 1043 5434 Ψὰλλει
1062 5382 1155 5434 καί
1184 5400 1346 5453 φησιν
1380 5386 1409 5436 6
1432 5386 1691 5455 μακάριος

1798 5401 1957 5455 quam
2036 5394 2250 5437 acutqu
2308 5381 2562 5449 quiddam
2612 5389 2665 5433 ct
2741 5379 3159 5448 inexpugnabile
3233 5390 3361 5443 pro-

138 5465 281 5519 Δασὶδ
313 5470 446 5538 περὶ
490 5468 599 5522 τῶν
629 5468 687 5520 ὲν
720 5472 791 5539 γῇ
837 5472 1100 5541 κειμένων
1130 5474 1265 5543 πρὸς
1296 5476 1384 5528 τὸν
1416 5478 1691 5541 ζωοποιεῖν

1794 5475 2041 5545 ponendo
2110 5474 2271 5537 illud,
2357 5486 2423 5526 ex
2479 5470 2589 5526 Deo
2671 5467 2830 5523 Patre
2904 5468 3163 5532 Verbum,
3240 5481 3361 5519 cum

137 5557 375 5624 ἰσχύοντα
408 5560 545 5614 Θεόν
566 5577 581 5591 ·
618 5580 636 5614 ι
682 5560 1088 5628 Ἐξαποστελεῖς
1124 5566 1184 5619 τὸ
1226 5566 1450 5638 Πνεῦμα
1479 5585 1571 5621 σου
1602 5568 1691 5621 καὶ

1793 5567 1971 5623 omnia
2065 5565 2233 5635 possit
2320 5562 2639 5631 complere,
2702 5560 2846 5614 nullo
2941 5559 3098 5613 modo
3178 5557 3361 5622 mitti,

2480 5758 2524 5787 ’°
2564 5756 2697 5811 Gen.
2730 5774 2802 5821 ιι,
2834 5758 2884 5811 7.
2989 5758 3028 5787 "
3074 5757 3199 5824 δίῳ.
3237 5768 3275 5818 ι,
3305 5754 3359 5808 7.

194 5758 234 5830 ⁸]
274 5756 377 5815 lsa.
413 5776 525 5823 ut,
580 5764 630 5820 l.
680 5762 743 5827 2;
776 5759 906 5821 Luc.
966 5778 1038 5830 Iv,
1094 5764 1174 5830 l8,
1215 5766 1294 5820 l9.
1401 5767 1443 5796 ⁶⁸
1482 5768 1585 5822 lsa.
1620 5782 1683 5820 ιχ

1802 5765 1852 5819 9.
1961 5763 2009 5795 ⁶⁹
2045 5762 2145 5817 lsa.
2200 5778 2295 5825 ιιι,
2324 5760 2375 5811 6.

131 5823 171 5854 ’³
204 5824 345 5883 Pati.
389 5846 507 5896 cm,
535 5830 623 5886 50.

1401 5767 1443 5796 ⁶⁸
1482 5768 1585 5822 lsa.
1620 5780 1773 5831 um,
1802 5765 1852 5819 9.
