4112 6484
727 442 827 498 M7

1718 444 1777 500 S.
1818 443 2093 500 CYRILLI
2132 443 2601 501 ALEXANDRINI
2640 445 2959 502 ARClllEP.

3883 439 3985 495 148

723 562 834 632 83
866 563 1079 617 coneris
1129 563 1414 618 veritatem
1447 562 1742 627 inﬁrmare,
1778 572 1832 617 et
1874 562 2118 633 mysterii
2183 563 2291 616 vim

2412 565 2820 636 ιτισθήσονται,
2878 564 2972 616 καὶ
3032 563 3364 625 ἀνακαινιεῖς
3414 561 3474 613 τὸ
3534 561 3828 630 πρόσωπον
3882 560 3984 624 τῆς

725 668 971 711 evertere
1007 675 1022 723 ;
1055 657 1148 712 sed
1178 655 1305 711 illud
1360 657 1537 726 potius
1567 655 1764 723 cogita,
1804 669 1892 710 res
1933 655 2143 709 divinas
2193 655 2297 708 dici

727 749 943 813 quidem
978 750 1212 802 humano
1243 763 1411 810 inore,
1451 749 1528 802 sic
1556 758 1735 801 autem
1770 761 1799 801 a
1841 745 1996 802 nobis
2044 745 2294 814 intelligi,

728 848 784 889 nt
819 836 962 890 Deus
993 838 1106 906 ipse
1134 837 1281 891 solus
1313 837 1436 902 scit,
1471 847 1524 891 et
1557 845 1615 890 ut
1657 836 1734 890 illi
1779 833 1958 890 facere
1997 835 2163 891 moris
2191 845 2292 889 est.

729 925 834 978 Sed
861 926 982 992 quia
1010 927 1316 980 unctionem
1358 938 1414 980 ut
1449 941 1560 980 rem
1611 925 1861 993 exiguam
1919 933 1973 979 et
2018 923 2298 989 humilem,

728 1026 780 1068 et
807 1012 1077 1080 Unigeniti
1107 1017 1275 1084 gloria
1323 1017 1476 1086 longe
1521 1016 1793 1085 indignam
1840 1023 2012 1083 putat,
2037 1028 2157 1083 age,
2200 1015 2301 1068 hac

729 1111 794 1164 de
831 1126 886 1164 re
906 1126 1029 1179 qua:
1058 1125 1294 1164 consona
1327 1120 1454 1165 sunt
1483 1112 1748 1173 dicamus,
1776 1115 1833 1161 ut
1863 1105 2106 1162 scandali
2133 1119 2299 1159 occa-

729 1203 910 1256 siones
944 1202 1300 1272 praedicamus
1330 1223 1341 1257 :
1373 1203 1512 1273 Ergo
1539 1201 1585 1256 si
1630 1201 1794 1255 honto
1833 1213 1939 1254 non
1972 1207 2057 1253 est
2102 1195 2299 1260 factus,

730 1292 962 1348 humana
1032 1295 1265 1362 rejiciat,
1313 1294 1775 1362 dispensationem
1831 1299 2042 1348 recuset
2082 1299 2142 1344 ut
2183 1303 2302 1360 qua:

731 1387 996 1441 minorem
1033 1387 1178 1441 illum
1207 1387 1390 1452 faciat,
1421 1396 1474 1442 et
1506 1402 1535 1439 a
1564 1401 1817 1456 suprema
1852 1385 1938 1440 illa
1974 1384 2144 1454 gloria
2177 1381 2303 1436 divi-

730 1491 907 1545 naque
949 1479 1270 1533 excellentia
1305 1480 1374 1533 sit
1413 1479 1570 1548 longe
1625 1487 1828 1532 remota
1862 1495 1874 1530 :
1913 1477 2106 1545 exigua
2153 1489 2302 1528 nam-

729 1583 834 1635 que
858 1578 984 1622 sunt
1009 1570 1106 1638 ipsi
1139 1569 1311 1624 Verbo
1341 1580 1523 1625 nostra
1560 1569 1764 1624 omnia.
1799 1569 1906 1624 Sed
1937 1569 2063 1637 quia
2088 1569 2304 1639 sapien-

731 1661 801 1713 tia
832 1660 1044 1728 plenum
1088 1673 1171 1717 est
1205 1664 1307 1717 hoc
1346 1664 1686 1734 mysterium,
1738 1677 1910 1731 neque
1937 1661 2012 1716 illi
2045 1662 2301 1731 rejicien-

732 1753 856 1804 dum
880 1754 1269 1807 exinanitionis
1309 1771 1467 1823 opus,
1519 1770 1616 1809 cur
1647 1770 1708 1808 ea
1737 1768 1856 1822 qua:
1905 1763 2052 1808 recte
2084 1756 2300 1819 habent,

729 1843 993 1898 audacter
1025 1859 1268 1908 accusas,
1303 1856 1356 1899 et
1393 1845 1537 1914 quod
1589 1845 1732 1898 illius
1772 1843 1979 1912 judicio
2031 1859 2307 1899 commen-

732 1935 914 2000 datur,
973 1947 1032 1988 ut
1095 1937 1409 1990 indecorum
1479 1935 1798 1991 aversaris?
1832 1933 2029 1990 Vidisti
2088 1928 2382 1988 unctumB

732 2025 967 2080 humano
1031 2042 1182 2081 more
1224 2027 1396 2083 ivide
1464 2029 1715 2082 eumdem
1770 2026 2027 2082 divinitus
2088 2041 2306 2093 ungere.

733 2117 1009 2186 Scriptum
1044 2128 1128 2172 est
1152 2119 1332 2172 enim:
1358 2138 1376 2170 ι
1413 2117 1817 2173 Testimonium
1842 2118 2116 2188 perhibuit
2145 2116 2311 2174 Joan-

732 2222 847 2270 nes,
889 2209 1076 2262 dicens
1117 2226 1131 2261 :
1179 2209 1314 2274 Quia
1372 2209 1481 2263 vidi
1542 2209 1804 2279 Spiritum
1889 2208 2307 2263 descendentem

734 2300 887 2366 quasi
935 2299 1258 2365 columbam,
1308 2311 1360 2355 et
1410 2310 1713 2354 manentem
1777 2313 1940 2369 super
2001 2300 2220 2369 ipsum;
2257 2311 2312 2355 et

737 2405 838 2460 ego
862 2392 1168 2446 nesciebam
1197 2409 1342 2456 eum,
1368 2393 1460 2447 sed
1489 2393 1579 2460 qui
1618 2393 1768 2446 misit
1819 2408 1905 2446 me
1935 2392 2215 2462 baptizare
2256 2393 2311 2446 in

738 2498 898 2551 aqua,
926 2483 1010 2537 ille
1034 2484 1161 2537 mihi
1196 2485 1368 2538 dixit:
1392 2485 1568 2553 Super
1607 2499 1766 2552 quem
1801 2484 2004 2538 videris
2051 2483 2310 2552 Spiritum

739 2574 1158 2628 descendentem
1193 2584 1248 2629 et
1279 2585 1586 2629 manentem
1611 2590 1776 2643 super
1809 2589 1955 2638 eum,
1987 2575 2076 2628 hic
2101 2585 2184 2629 est
2219 2575 2311 2644 qui

738 2667 975 2734 liaptizat
1007 2667 1057 2720 in
1096 2665 1299 2737 Spiritu
1334 2678 1565 2733 sancto;
1602 2676 1655 2722 et
1690 2668 1818 2730 vidi,
1848 2676 1902 2720 et
1949 2669 2310 2721 testimonium

738 2760 1002 2827 perhibui,
1031 2763 1155 2828 quia
1179 2760 1264 2813 hic
1285 2770 1367 2814 est
1406 2758 1575 2813 Filius
1620 2758 1711 2812 Dei
1739 2759 1878 2813 7"".
1916 2776 1934 2810 ι
1962 2757 2098 2824 Quid
2130 2758 2314 2812 enim?

739 2852 1164 2906 humanitatisne
1207 2866 1342 2919 opus
1385 2865 1506 2905 esse
1552 2849 1689 2903 dicis
1745 2849 2021 2916 baptizare
2063 2862 2220 2915 posse
2258 2847 2311 2900 iu

736 2937 944 3008 spiritu
994 2951 1186 2996 sancto
1243 2940 1582 2996 credentes?
1646 2940 1806 3007 Atqui
1886 2937 2155 3007 quomodo
2208 2952 2310 2991 non

734 3031 961 3086 Stultum
1009 3034 1081 3088 sit
1128 3043 1319 3100 putare
1372 3031 1487 3086 hzrc
1527 3031 1598 3085 ita
1646 3047 1706 3085 se
1751 3029 1948 3084 habere
1979 3030 2002 3081 ?
2033 3029 2313 3094 Quomodo

734 3124 902 3189 enim,
935 3125 1078 3192 quod
1115 3126 1290 3178 minus
1324 3136 1428 3186 est,
1487 3121 1955 3192 participationem
2015 3123 2088 3174 rei
2154 3120 2313 3189 longe

2404 660 2538 728 γῆς·
2580 677 2598 708 ι
2637 659 2752 721 πῶς
2787 655 3234 722 ἐξαποστέλλεται
3264 654 3325 706 τὸ
3364 653 3542 707 πάντα
3571 650 3842 722 πληροῦν;
3889 651 3987 718 Μὴ

2404 748 2588 800 τοίνυν
2631 747 2706 810 ώς
2751 747 2912 816 σοφόν
2965 763 3024 799 τε
3080 745 3175 798 καὶ
3227 741 3430 796 δυσανά
3463 741 3534 813 (l)
3567 739 3842 810 προτιθεὶς
3890 739 3988 790 τὸν

2406 841 2583 895 πάντα
2622 838 2861 909 πληροῦν
2903 836 3188 908 ἰσχύοντα,
3227 835 3320 888 τὸν
3369 835 3433 886 ἐκ
3470 832 3602 886 Θεοῦ
3635 831 3847 901 Πατρὸς
3878 829 3989 883 Λό-

2407 949 2524 1001 γον,
2561 931 2847 999 ἀνέφικτον
2878 929 3019 999 ἔχειν
3051 928 3150 996 τὴν
3182 924 3467 993 ἐπιστολὴν
3495 921 3602 994 [ῑσ.
3626 918 3986 990 ἀποστολὴν],

2408 1023 2706 1095 παραλύειν
2727 1022 2947 1090 ἐπείγου
2971 1021 3032 1074 τὸ
3063 1018 3282 1091 ἀληθὲς,
3315 1017 3410 1071 καὶ
3430 1016 3528 1086 τὴν
3557 1014 3651 1068 τοῦ
3679 1012 3989 1084 μυστηρίου

2407 1117 2638 1188 δύναμιν
2660 1115 2986 1187 ἀνατρέπειν
3006 1131 3019 1145 °
3041 1113 3281 1168 ἐννόειδέ
3305 1112 3523 1183 μᾶλλον,
3542 1111 3621 1164 ὅτι
3642 1109 3860 1177 λέγεται
3886 1108 3992 1177 μὲν

2415 1210 2771 1280 ἀνθρωπίνως
2824 1207 2892 1261 τὰ
2933 1207 3062 1278 περί
3104 1205 3239 1259 Θεοῦ
3263 1222 3276 1236 ο
3321 1206 3523 1258 νοεῖται
3573 1202 3628 1256 δὲ
3663 1201 3806 1254 οῦτω
3846 1198 3992 1270 πρὸς

2409 1303 2578 1373 ἡμᾶς,
2601 1300 2676 1365 ώς
2701 1300 2768 1354 ἂν
2789 1299 2950 1363 αὑτός
2983 1315 3043 1351 τε
3066 1297 3232 1368 εἰδείη
3256 1296 3350 1350 καὶ
3383 1294 3565 1366 μόνος,
3583 1293 3678 1348 καὶ
3695 1293 3829 1364 δρᾷν
3863 1291 3994 1353 ἔθος

2409 1392 2576 1464 αύτῷ.
2619 1391 2837 1461 Ἐπειδὴ
2869 1391 2925 1444 δὲ
2954 1389 3028 1451 ὡς
3059 1388 3232 1459 βραχὺ
3262 1386 3355 1440 καί⁵
3384 1385 3742 1455 ἀνθρώπινον,
3769 1381 3994 1450 καὶτῆς

2407 1485 2503 1540 τοῦ
2536 1483 2873 1552 Μονογενοῦς
2916 1481 3074 1548 ἀξίας
3112 1478 3444 1552 ἡττώμενον,
3474 1477 3728 1548 ἀμέτρως
3766 1474 3992 1544 δέχεται

2409 1577 2508 1648 τὴν
2529 1576 2725 1647 χρῆσιν
2753 1573 2862 1646 [ῑσ.
2893 1571 3118 1645 χρίσιν],
3151 1571 3282 1643 φέρε
3304 1571 3373 1625 τά
3393 1571 3576 1623 εἰκότα
3600 1568 3692 1622 καὶ
3716 1568 3794 1630 είς
3825 1564 3994 1619 τοῦτο

2410 1669 2676 1740 λέγωμεν,
2709 1667 2807 1731 τὰς
2858 1666 2953 1720 τοῦ
3005 1665 3298 1719 σκανδάλου
3331 1663 3549 1724 λύοντες
3600 1659 3880 1730 ἀφορμάς.
3925 1657 3994 1710 El

2414 1761 2514 1830 μὲν
2541 1756 2635 1814 οῦν
2663 1759 2723 1812 οὐ
2748 1759 2968 1828 γέγονεν
2995 1757 3298 1825 ἄνθρωπος,
3323 1753 3660 1808 ἀποσειέσθω
3679 1752 3748 1804 τά
3776 1749 3999 1820 ἀνθρώ-

2412 1869 2566 1914 πινα,
2616 1848 2989 1920 παραιτείσθω
3038 1847 3136 1920 τὴν
3171 1845 3502 1915 οἰκονομίαν,
3535 1842 3609 1905 ώς
3654 1843 3712 1894 ἐν
3761 1838 3997 1909 μειώσει

2410 1941 2654 1995 τιθεῖσαν
2693 1940 2878 2003 αὑτὸν,
2911 1939 3007 1992 καὶ
3035 1939 3133 2005 τῆς
3162 1937 3422 1990 ἀνωτάτω
3453 1932 3610 2004 δόξης
3639 1932 3732 1984 καὶ
3762 1929 4002 1999 θεοπρε-

2411 2031 2548 2094 ποῦς
2570 2031 2843 2102 ὑπεροχῆς
2870 2029 3098 2083 κατόπιν
3123 2029 3292 2080 ἱεῖσαν
3314 2042 3327 2054 ’
3357 2024 3565 2094 σμικρὰ
3588 2023 3695 2092 γὰρ
3725 2021 3800 2091 τῷ
3829 2022 4001 2090 Λόγῳ

2411 2125 2479 2178 τὰ
2511 2124 2631 2177 καθ’
2659 2125 2826 2193 ἡμᾶς.
2858 2120 3076 2192 Ἐπειδὴ
3107 2120 3164 2174 δὲ
3219 2118 3382 2188 σοφὸν
3428 2115 3642 2184 ἀληθῶς
3675 2115 3736 2167 τὸ
3769 2115 4002 2184 μυστὴ-

2414 2232 2551 2286 ριον,
2574 2217 2667 2268 καί
2698 2215 2798 2268 ούκ
2821 2213 3126 2283 ἀπόϐλητον
3159 2209 3307 2281 αὐτῷ
3330 2209 3392 2262 τὸ
3418 2209 3516 2280 τῆς
3542 2206 3825 2269 κενώσεως
3853 2205 4002 2276 χρῆ-

2416 2324 2512 2377 μα,
2535 2305 2588 2358 τί
2612 2307 2719 2368 τοῖς
2746 2303 2920 2376 ὀρθῶς
2943 2299 3148 2372 ἔχουσι,
3176 2299 3559 2372 ῥιψοκινδύνως
3587 2299 3870 2368 ἐπιτιμᾷς,
3895 2297 4002 2351 καὶ

2411 2397 2473 2450 τὸ
2501 2398 2620 2460 ταῖς
2672 2394 2836 2449 αὑτοῦ
2891 2395 3091 2464 ψήφοις
3151 2390 3604 2462 στεφανούμενον,
3647 2389 3724 2452 ώς
3755 2387 4003 2451 ἀκαλλὲς

2412 2487 2736 2558 ἀποτρέπῃς
2775 2482 2928 2548 Εἶδες
2971 2485 3256 2555 χριόμενον
3287 2482 3680 2554 ἀνθρωπίνως;
3744 2481 3850 2551 δρα
3900 2479 4005 2533 τὸν

2413 2579 2575 2632 αὑτὸν
2604 2579 2701 2632 καὶ
2747 2577 2969 2648 χρίοντα
3007 2576 3236 2640 θεῖκῶς·
3268 2576 3574 2647 γέγραπται
3611 2574 3740 2646 γὰρ,
3779 2575 3863 2628 ὅτι
3898 2575 4006 2629 καὶ

2420 2691 2439 2723 ι
2475 2671 2889 2743 Ἐμαρτύρησεν
2929 2669 3202 2740 Ἰωάννης,
3227 2669 3432 2736 λέγων’
3469 2669 3592 2720 Ὅτι
3629 2667 3896 2736 τεθέαμαι
3937 2667 4006 2719 τὸ

2415 2765 2639 2834 Πνεῦμα
2673 2764 3002 2817 καταϐαῖνον
3038 2763 3170 2814 ώσεί
3212 2760 3564 2832 περιστερὰν,
3589 2761 3683 2812 καὶ
3713 2759 3878 2828 μένον
3906 2759 4004 2811 ἐπ’

2415 2856 2577 2910 αὐτόν
2598 2873 2611 2886 ·
2645 2855 2798 2921 κάγὼ
2824 2855 2925 2908 οὐκ
2954 2854 3100 2924 ᾔδειν
3123 2853 3289 2907 αὐτόν
3306 2869 3321 2884 ο
3349 2852 3464 2906 ἀλλ’
3485 2855 3513 2906 ό
3548 2851 3770 2923 πέμψας
3799 2868 3869 2921 με
3901 2850 4008 2922 βα-

2415 2947 2624 3011 πτίζειν
2650 2949 2708 3000 ἐν
2731 2946 2902 3012 ῦδατι,
2920 2946 3122 3008 ἐκεῖνός
3147 2963 3236 3015 μοι
3264 2940 3415 2996 εἶπεν
3435 2961 3450 2976 ·
3483 2945 3596 3014 Ἐφ’
3613 2944 3672 2996 ὃν
3701 2943 3767 2996 ἂν
3797 2941 3916 3014 ῖδῃς
3941 2942 4009 2995 τὸ

2415 3037 2638 3106 Πνεῦμα
2667 3037 2991 3090 καταϐαῖνον
3019 3036 3112 3089 καὶ
3130 3036 3287 3106 μένον
3310 3035 3399 3087 ἐπ’
3424 3035 3605 3097 αὐτὸν,
3624 3026 3780 3096 οὗτός
3796 3033 3952 3087 ἐστιν
3976 3035 4008 3086 ὁ

2417 3129 2692 3198 βαπτίζων
2723 3129 2781 3182 ἐν
2813 3127 2890 3198 τῷ
2910 3127 3189 3197 Πνεύματι
3219 3127 3295 3196 τῷ
3319 3127 3487 3196 ἀγίῳο
3520 3126 3615 3179 καὶ
3634 3125 3880 3196 ἑώρακα,
3904 3127 4009 3180 καὶ

735 3217 960 3286 majoris
1005 3217 1268 3286 largietur
1298 3217 1324 3268 ?
1357 3215 1490 3269 illud
1536 3215 1700 3268 etiam
1759 3212 2072 3267 consideres
2127 3212 2309 3274 velim,

2418 3219 2842 3292 μεμαρτύρηκα,
2891 3220 2971 3272 ὅτι
3029 3213 3182 3281 οὗτός
3230 3219 3377 3271 ἐστιν
3414 3218 3443 3269 ὁ
3477 3216 3603 3280 Υἰὸς
3645 3216 3738 3270 τοῦ
3781 3216 3947 3270 Θεοῦ.
3981 3236 4002 3270 ι

737 3309 885 3364 illum
913 3310 1088 3378 ipsum
1125 3324 1289 3377 super
1325 3322 1485 3376 quem
1521 3306 1757 3376 Spiritus
1788 3305 2069 3359 advolasse
2113 3305 2312 3358 dicitur

738 3413 792 3457 et
824 3403 1086 3458 mansisse
1111 3417 1274 3471 super
1302 3417 1448 3465 eum,
1479 3401 1531 3454 in
1570 3398 1772 3467 Spiritu
1801 3408 1990 3452 sancto
2015 3397 2310 3463 baptizare,

736 3495 879 3563 quod
911 3493 1159 3548 videlicet
1191 3503 1246 3547 ttt
1270 3493 1408 3547 Deus
1437 3493 1721 3547 credentes
1761 3504 1859 3542 suo
1889 3487 2092 3558 Spiritu
2119 3501 2312 3555 perun-

734 3594 864 3650 gat;
899 3585 1081 3652 itaque
1099 3584 1294 3638 revixit
1321 3597 1352 3638 e
1386 3582 1633 3644 mortuis,
1663 3591 1717 3636 et
1740 3579 2035 3635 insulllavit
2067 3580 2118 3632 in
2148 3577 2313 3632 disci-

735 3672 912 3740 pulos,
965 3674 1187 3728 diccns:
1219 3691 1237 3724 ι
1292 3673 1535 3741 Accipite
1582 3671 1845 3740 Spiritum
1887 3679 2135 3724 sanctum
2166 3668 2255 3733 ";
2290 3685 2308 3719 ι

736 3779 898 3833 quem
947 3765 1036 3832 qui
1080 3773 1422 3833 acceperant,
1458 3764 1753 3818 dicebant:
1789 3779 1808 3812 ι
1857 3759 1964 3814 Nos
1993 3769 2172 3813 autem
2207 3774 2312 3812 non

737 3858 989 3926 spiritum
1043 3857 1202 3926 hujus
1231 3857 1415 3911 mundi
1447 3856 1779 3925 accepimus,
1804 3854 1898 3908 sed
1921 3851 2184 3920 Spiritum
2220 3851 2312 3920 qui

737 3965 804 4002 ex
836 3949 944 4003 Deo
966 3959 1068 4013 est,
1101 3957 1158 4003 ut
1189 3950 1426 4006 sciamus
1458 3964 1579 4017 qua:
1615 3963 1644 4001 a
1695 3948 1805 4000 Deo
1841 3946 2036 4000 donata
2064 3955 2192 4000 sunt
2215 3960 2312 4000 no-

739 4041 824 4095 bis
846 4041 915 4093 ".
954 4059 970 4092 ι
1000 4039 1201 4095 Scribit
1235 4041 1397 4094 etiam
1427 4041 1621 4094 beatus
1655 4038 1895 4092 Paulus:
1932 4055 1950 4088 ι
1988 4037 2088 4102 Qui
2131 4047 2312 4091 autem

739 4132 792 4186 in
821 4146 984 4186 carne
1030 4142 1174 4198 sunt,
1219 4130 1331 4188 Deo
1359 4132 1570 4202 placere
1600 4145 1704 4184 non
1738 4139 1978 4199 possunt.
2005 4128 2112 4182 Vos
2136 4137 2312 4183 autem

737 4238 846 4278 non
906 4224 1036 4278 estis
1066 4224 1118 4277 in
1155 4238 1339 4287 carne,
1389 4223 1484 4277 sed
1528 4224 1578 4276 in
1622 4220 1836 4290 spiritu,
1895 4219 2159 4287 siquidem
2195 4217 2316 4286 Spi-

738 4315 878 4368 ritus
909 4314 1000 4370 Dei
1039 4315 1249 4369 h‘abitat
1289 4314 1342 4368 in
1376 4315 1548 4367 vobis.
1584 4313 1640 4366 Si
1684 4313 1804 4380 quis
1838 4320 2018 4365 autem
2052 4309 2314 4378 Spiritum

739 4406 940 4461 Christi
970 4421 1073 4458 non
1101 4406 1281 4469 habet,
1307 4405 1396 4459 hic
1423 4420 1530 4460 non
1557 4417 1640 4459 est
1667 4403 1783 4470 ejus
1810 4404 1878 4459 ⁷⁷.
1904 4421 1923 4455 ι
1956 4403 2133 4471 Atque
2148 4400 2313 4454 etiam

2415 3309 2560 3382 'Apa.
2589 3310 2697 3382 γὰρ
2732 3311 3146 3382 ἀνθρωπότητος
3169 3311 3325 3380 ἔργον
3370 3305 3506 3362 εἶναι
3553 3309 3659 3377 φὴς
3699 3309 3760 3362 τδ
3802 3309 4010 3378 βαπτίο

2416 3403 2529 3466 ζειν
2563 3401 2824 3453 δύνασθαι
2856 3403 2980 3462 τοὺς
3017 3400 3372 3461 πιστεύοντας
3420 3399 3475 3450 ἐν
3511 3397 3650 3467 ἁγίῳ
3679 3396 4006 3464 Πνεύματι;

2416 3493 2594 3545 καίτοι
2623 3491 2738 3553 πῶς
2763 3493 2862 3543 ούκ
2897 3491 3091 3562 εὔηθες
3118 3492 3178 3544 τὸ
3215 3490 3358 3543 οῦτω
3397 3489 3540 3559 ἔχειν
3564 3489 3772 3542 οἴεσθαι
3799 3490 3967 3542 ταυτί
3993 3506 4007 3552 ;

2393 3583 2540 3646 ’Πῶς
2571 3584 2680 3655 γάρ
2714 3587 2774 3636 τὸ
2819 3587 2968 3654 μεῖον
3009 3585 3108 3652 τὴν
3143 3583 3238 3636 τοῦ
3272 3581 3604 3652 προύχοντος
3644 3581 4013 3652 ἀσυγκρίτως

2415 3680 2683 3745 χαριεῖται
2711 3675 2955 3746 μέθεξιν;
2987 3675 3175 3744 Ἀθρει
3196 3674 3250 3727 δὲ
3283 3675 3364 3727 ὅτι
3391 3673 3548 3734 αὐτὸς
3567 3674 3792 3734 ἐκεῖνος,
3827 3673 3916 3740 ἐφ’
3950 3672 4014 3723 ὃν

2417 3767 2764 3835 καταπτῆναι
2791 3767 2851 3819 τὸ
2882 3764 3106 3835 Πνεῦμα
3134 3765 3372 3832 λέγεται,
3405 3762 3584 3832 μεῖναί
3608 3779 3666 3814 τε
3698 3762 3784 3812 ἐπ’
3813 3761 4010 3822 αὑτὸν,

2418 3856 2476 3907 ἐν
2507 3857 2646 3927 ἀγίῳ
2684 3857 2937 3925 βαπτίζει
2970 3857 3247 3927 Πνεύματι
3273 3898 3287 3921 ,
3323 3855 3636 3926 καταχρίων
3667 3855 3723 3907 δὲ
3759 3855 4014 3924 δηλονότι

2416 3949 2544 4010 τοὺς
2574 3950 2927 4012 πιστεύοντας
2961 3950 3036 4012 ὠς
3081 3950 3213 4011 Θεὸς
3265 3947 3344 4019 τῷ
3403 3948 3518 4019 ἰδίῳ
3556 3948 3834 4016 Πνεύματι
3859 3963 3871 3975 ·
3908 3947 4016 3999 καὶ

2418 4045 2550 4113 γοῦν
2582 4045 2781 4098 ἀνεϐίω
2815 4045 2914 4114 μὲν
2950 4047 3012 4098 ὲκ
3047 4044 3279 4116 νεκρῶν,
3319 4044 3623 4114 ἐνεφύσησε
3647 4043 3704 4096 δὲ
3737 4045 3851 4105 τοῖς
3894 4059 4016 4111 μα-

2421 4136 2630 4205 θηταῖς,
2673 4137 2847 4204 λέγων
2868 4153 2880 4165 ·
2912 4157 2929 4188 ι
2953 4136 3160 4192 Λάϐετε
3194 4135 3417 4207 Πνεῦμα
3454 4135 3643 4203 ἅγιονο
3678 4153 3694 4186 t
3733 4135 3782 4186 oi
3810 4133 3869 4186 δέ
3905 4134 4016 4186 λα-

2419 4224 2606 4286 ϐόντες
2637 4225 2830 4290 φασίνο
2870 4243 2888 4276 ι
2912 4224 3101 4294 Ἡμεῖς
3133 4223 3192 4278 δέ
3225 4224 3285 4276 ού
3333 4223 3396 4276 τδ
3417 4222 3632 4292 πνεῦμα
3667 4220 3760 4274 τοῦ
3791 4221 4016 4292 κόσμου

2418 4315 2706 4387 ἐλάϐομεν,
2737 4317 2874 4370 ἀλλά
2904 4316 2961 4370 τὸ
2991 4315 3214 4386 Πνεῦμα
3239 4316 3300 4369 τὸ
3331 4317 3395 4368 ἐκ
3423 4315 3519 4369 τοῦ
3547 4313 3705 4377 Θεοῦ,
3735 4315 3821 4367 ἵνα
3850 4315 4021 4367 είδῶ-

2423 4426 2520 4478 μεν
2544 4409 2611 4461 τά
2642 4409 2706 4460 ἐκ
2727 4408 2821 4461 τοῦ
2853 4406 2988 4460 Θεοῦ
3016 4406 3344 4477 χαρισθέντα
3371 4407 3525 4475 ἡμῖν.
3555 4424 3573 4456 ι
3602 4404 3805 4474 Γράφει
3826 4403 3883 4456 δὲ
3912 4406 4020 4458 καὶ

739 4498 866 4552 alibi
915 4515 928 4550 :
980 4515 998 4547 ι
1066 4498 1391 4566 Quicunque
1437 4498 1630 4564 spiritu
1668 4495 1759 4550 Dei
1786 4504 2040 4563 aguntur,
2098 4493 2152 4546 hi
2190 4503 2309 4546 sunt

2418 4497 2446 4549 ὁ
2476 4495 2788 4564 σοφώτατος
2825 4496 3068 4567 Παῦλος·
3112 4498 3214 4548 «Oi
3262 4495 3319 4548 δὲ
3365 4496 3424 4548 ἐν
3456 4495 3620 4566 σαρκί
3661 4494 3835 4556 ὄντες,
3884 4496 4019 4567 Θεῷ

738 4589 834 4645 ﬁlii
870 4589 962 4644 Dei
990 4590 1055 4642 ".
1097 4610 1114 4640 ι
1151 4590 1289 4660 Ergo
1320 4605 1440 4645 cum
1473 4589 1675 4644 videris
1700 4602 1822 4642 eum
1857 4586 2075 4656 pr0prio
2098 4593 2309 4639 unctum

2423 4589 2618 4658 ἀρέσαι
2648 4591 2710 4642 ού
2747 4588 3022 4642 δύνανται.
3079 4589 3268 4659 Ὑμεῖς
3315 4589 3372 4641 δὲ
3415 4589 3516 4641 οὐκ
3557 4588 3679 4640 ἐστέ
3718 4589 3775 4640 ἐν
3813 4591 4015 4659 σαρκὶ,

748 4680 981 4747 Spiritu,
1012 4688 1286 4735 memento
1333 4679 1478 4734 illius
1537 4680 1588 4732 in
1651 4695 1816 4733 carne
1869 4677 2309 4748 dispensationis,

2426 4681 2541 4734 ἀλλ’
2573 4683 2629 4734 ἐν
2655 4681 2952 4750 Πνεύματι,
2983 4683 3140 4752 είπερ
3175 4679 3402 4752 Πνεῦμα
3437 4678 3570 4733 Θεοῦ
3597 4682 3734 4733 οἰκεῖ
3762 4682 3819 4733 ἐν
3853 4681 4016 4750 ὑμῖν.

741 4771 854 4843 84
909 4782 962 4826 et
1000 4773 1175 4842 cogita
1208 4773 1499 4826 humanam
1536 4781 1785 4825 naturam
1824 4789 1838 4826 :
1873 4785 1993 4824 cum
2019 4769 2222 4824 videris
2253 4771 2309 4824 ab

2425 4772 2488 4824 Εἰ
2522 4771 2578 4824 δέ
2608 4789 2692 4835 τις
2722 4771 2944 4842 Πνεῦμα
2981 4770 3221 4842 Χριστοῦ
3251 4771 3350 4823 οὐκ
3379 4770 3514 4840 ἔχει,
3545 4764 3694 4832 οὗτος
3729 4768 3830 4822 οὐκ
3859 4768 4020 4822 ἐστιν

740 4876 806 4914 eo
849 4859 1115 4930 Spiritum
1148 4861 1286 4925 dari,
1324 4875 1445 4914 cum
1496 4860 1599 4914 hoc
1639 4858 1798 4913 simul
1857 4859 2127 4912 admirare
2172 4858 2309 4911 illum

2424 4862 2611 4917 αὑτοῦ.
2644 4882 2660 4914 ι
2689 4863 2797 4918 Καὶ
2821 4863 2926 4934 μὴν
2955 4864 3050 4916 καί
3074 4864 3298 4934 ἑτέρωθι
3319 4880 3330 4892 ·
3361 4882 3379 4914 ι
3406 4864 3560 4915 Ὅσοι
3589 4859 3698 4930 γὰρ
3730 4859 4025 4930 Πνεύματι

741 4953 906 5006 etiam
967 4953 1018 5006 in
1069 4953 1404 5006 humanitate
1451 4953 1638 5007 Deum.
1674 4951 1780 5006 Sed
1817 4953 1918 5005 iste
1948 4953 2309 5006 contentiosus

2425 4954 2561 5007 Θεοῦ
2601 4957 2844 5023 ἄγονται,
2889 4952 3034 5010 οὗτοί
3080 4958 3218 5009 εἰσιν
3251 4957 3357 5009 υἰοὶ
3394 4953 3551 5008 Θεοῦ.
3577 4973 3594 5004 ι
3628 4952 3839 5006 Οὐκοῦν
3862 4948 4022 5006 ὅταν

743 5042 878 5097 nihil
914 5045 1102 5096 horum
1128 5055 1404 5109 reputans,
1435 5045 1513 5097 sic
1541 5059 1729 5096 rursus
1752 5045 1827 5095 ait
1862 5060 1874 5094 :

2426 5047 2540 5116 ἴδῃς
2570 5049 2730 5100 αὑτὸν
2762 5048 2839 5117 τῷ
2874 5048 2985 5118 ἰδίῳ
3015 5051 3298 5120 χριόμενον
3330 5049 3628 5118 Πνεύματι,
3663 5048 4022 5116 διαμέμνησο

743 5135 844 5199 τῆς
874 5135 1010 5203 μετά
1041 5136 1242 5207 σαρκὸς
1271 5137 1601 5205 οἰκονομίας,
1634 5138 1726 5188 καὶ
1779 5138 2137 5205 καταλογίςου
2201 5138 2261 5190 τὸ
2328 5140 2702 5208 ἀνθρώπινον·
2736 5145 2864 5197 ὅταν
2943 5145 3058 5214 ἴδῃς
3110 5145 3169 5196 τὸ
3208 5143 3432 5214 Πνεῦμα
3481 5142 3710 5204 διδόντα,
3758 5140 4018 5209 θαύμαζε

747 5230 887 5300 μετά
913 5231 1103 5284 τούτου
1134 5232 1224 5284 τὸν
1245 5233 1340 5286 καὶ
1374 5234 1431 5284 ἐν
1461 5231 1842 5304 ἀνθρωπότητι
1905 5232 2056 5287 Θεόν.
2095 5233 2234 5285 Ἀλλ’
2303 5235 2457 5288 οὐδὲν
2497 5238 2604 5289 τῶν
2641 5239 2900 5293 τοιούτων
2967 5239 3418 5309 ὑπολογιζόμενος
3454 5239 3482 5291 ό
3527 5237 3743 5306 δύσερις
3800 5233 4018 5296 οὐτοσὶ,

743 5327 909 5380 πάλιν
932 5320 1034 5380 ὦδέ
1060 5344 1246 5392 φησιν’

815 5417 1076 5491 [Νεετοιι.
1103 5419 1195 5473 llic
1223 5419 1308 5472 ille
1329 5420 1498 5474 ﬁdelis
1520 5420 1627 5472 Deo
1658 5418 1830 5474 factus
1852 5420 2087 5489 pontifex
2111 5421 2303 5490 (factus

741 5523 824 5567 est
855 5513 1029 5578 enim,
1057 5529 1158 5565 non
1183 5515 1249 5567 ab
1277 5525 1480 5568 aeterno
1507 5523 1677 5576 erat);
1708 5513 1794 5567 hic
1822 5513 2102 5582 paulatim,
2131 5515 2301 5567 hatre-

2486 5414 2677 5494 [Οὗτος
2711 5422 2738 5473 ὁ
2784 5420 2973 5482 πιστὸς
3012 5420 3090 5489 τῷ
3142 5418 3261 5485 Θεῷ
3310 5419 3674 5488 γεγενημένος
3713 5417 4018 5489 ’ἀρχιερεὺς

2413 5512 2652 5583 (ἐγένετο
2677 5511 2805 5581 γάρ,
2831 5511 2931 5564 οὐκ
2959 5510 3167 5579 ἀῖδίως)
3211 5505 3306 5581 ἦν,
3354 5501 3509 5571 οὗτος
3542 5508 3570 5559 ὁ
3613 5510 3755 5562 κατά
3789 5507 4018 5591 μικρὸν,

815 5672 931 5703 τιτι
969 5669 1122 5724 Jun".
1160 5689 1197 5735 ι,
1231 5670 1319 5724 52,
1397 5672 1441 5701 ⁷⁸
1482 5669 1636 5725 Joan.
1674 5685 1762 5735 xx,
1811 5669 1902 5722 22.
1981 5669 2025 5698 ⁷⁸
2066 5667 2082 5720 1
2125 5671 2250 5724 Cor.
2300 5685 2309 5722 I

2412 5669 2480 5725 i2.
2555 5669 2598 5700 ⁷⁷
2642 5668 2797 5724 Rom.
2831 5684 2948 5732 vm,
2987 5666 3040 5732 8,
3075 5669 3126 5724 θ.
3204 5667 3250 5697 ’⁸
3289 5665 3420 5721 ibid.
3459 5664 3544 5719 15.

1397 5672 1441 5701 ⁷⁸
1482 5669 1636 5725 Joan.
1674 5685 1762 5736 xx,
1811 5669 1902 5722 ‘22.
1981 5669 2025 5698 ⁷⁸
2066 5667 2082 5720 l
2125 5671 2250 5724 Cor.
2300 5685 2357 5736 ιι,
2396 5669 2480 5725 1‘2.
2555 5669 2598 5700 ⁷⁷
2642 5668 2797 5724 Rom.
2831 5684 2948 5732 vm,
2987 5666 3040 5732 8,
3075 5669 3126 5724 9.

820 5829 895 5895 (ι)
941 5827 1075 5896 Lege
1126 5827 1472 5897 δυσάντητον,
1512 5825 1926 5896 inexpugnabile,
1978 5835 2032 5880 ut
2063 5828 2191 5881 vidit
2238 5828 2309 5881 inl

2419 5842 2522 5881 res.
2559 5827 2712 5881 ἰείη-τ.
