4112 6512
141 423 214 476 H9
1170 431 1542 488 ADVERSUS
1580 432 1980 491 NESTURIUM
2017 436 2144 492 LIB.
2185 437 2266 492 ΙΙΙ.

3243 433 3344 490 150

140 546 356 615 αἱρετικὲ,
404 549 485 610 εἰς
518 548 842 622 ἀρχιερέως
902 554 1173 625 προκόψας
1205 555 1441 626 ἀξίωμα.
1487 557 1681 608 Ἀκουε

1802 556 1912 621 κῆρε,
1940 557 2004 612 ad
2048 557 2316 626 pontificis
2358 555 2669 625 dignitatem
2697 565 3030 623 progressus.
3062 551 3196 604 Audi
3237 551 3346 606 cla-

145 637 436 705 ςειςρεστέρας
464 655 548 692 σοι
576 641 897 712 διαϐοὼσης
922 647 1101 714 φωνῆς
1119 662 1132 674 ⁸
1159 665 1176 697 ‹
1209 649 1304 709 Ὃς
1327 648 1384 698 ὲν
1410 648 1527 710 ταῖς
1553 646 1685 716 ἡμέ-

141 743 250 793 ραις,
276 730 423 795 φησὶ,
451 731 556 797 τῆς
600 733 816 801 σαρκὸς
848 733 1031 796 αὐτοῦ,
1065 735 1275 804 δεήσεις
1299 753 1360 788 τε
1390 737 1482 789 καὶ
1508 737 1686 807 ἱκετη-

141 817 232 882 ρίας
266 819 395 886 πρὸς
441 819 535 871 τὸν
566 819 880 891 δυνάμενον
905 822 1100 886 σώζειν
1127 824 1290 877 αὑτὸν
1325 826 1390 878 ὲκ
1434 825 1685 890 θανάτου,

141 907 248 974 μετά
277 909 519 978 κραυγῆς
574 912 816 983 ἰσχυρᾶς
863 914 957 966 καὶ
1001 915 1251 986 δακρύων
1297 915 1684 986 προσενέγκας,

141 999 214 1049 καὶ
254 1000 634 1065 εἰσακουσθεὶς
677 1005 786 1057 ἀπὸ
833 1006 931 1075 τῆς
970 1007 1288 1070 εὐλαϐείας⁸
1315 1026 1333 1059 ι
1383 1008 1583 1078 καίπερ
1614 1007 1690 1061 ὢν

145 1090 258 1154 Υἱὸς,
275 1091 471 1161 ἔμαθεν
497 1096 596 1164 ἀφ’
622 1089 706 1149 ὧν
734 1097 904 1150 ἔπαθε
928 1099 1026 1169 τὴν
1060 1099 1329 1170 ὑπακοὴν,
1365 1100 1458 1152 καὶ
1482 1100 1692 1152 τελειω-

141 1182 245 1245 551;,
287 1184 500 1252 ἐγένετο
527 1190 650 1249 τοῖς
694 1188 1061 1241 ὑπακούουσιν
1106 1189 1254 1260 αὑτῷ
1306 1192 1471 1243 πᾶσιν
1519 1190 1692 1254 αἴτιος

142 1273 376 1342 σωτηρίας
431 1276 810 1333 ἀκαταλύτου.
855 1279 1166 1334 Τελειοῦται
1202 1284 1295 1336 καὶ
1322 1283 1384 1336 τὸ
1428 1286 1570 1337 κατά
1599 1303 1690 1354 μι-

142 1363 246 1432 κρὸν
265 1367 598 1434 προκόπτον,
626 1371 874 1440 αἱρετικέ
892 1389 904 1400 ·
930 1374 1059 1434 περὶ
1089 1365 1150 1425 οῦ
1177 1375 1275 1428 καὶ
1303 1375 1556 1445 Ἰωάννης
1579 1375 1690 1446 (‘21)

142 1455 185 1504 ὲν
209 1457 306 1516 τοῖς
335 1458 702 1526 Εὑαγγελίοις
729 1460 828 1532 βοᾷ
850 1477 864 1491 ο
911 1481 929 1514 ι
967 1463 1174 1533 Ἰησοῦς
1206 1465 1542 1536 προέκοπτεν
1573 1465 1694 1537 ὴλί-

1788 647 1981 702 riorem
2035 648 2126 702 tibi
2176 648 2512 703 insonantem
2562 658 2745 698 vocem
2783 657 2844 696 ιι
2885 642 2983 709 Qui
3029 642 3082 696 in
3135 642 3344 707 diebus,

1787 736 1981 804 inquit,
2011 738 2193 791 carnis
2220 752 2330 791 sua:
2357 751 2546 804 preces
2591 733 3116 805 supplicationesque
3136 731 3200 783 ad
3223 745 3343 784 eum

1786 827 1877 895 qui
1908 835 2092 896 posset
2113 841 2232 880 enm
2264 826 2467 881 salvum
2489 825 2669 880 facere
2697 839 2724 877 a
2743 832 2937 889 morte,
2966 838 3086 878 eum
3114 822 3349 876 clamore

1789 918 1962 972 valido
1995 928 2050 972 et
2083 919 2338 989 lacrymis
2385 917 2638 978 oti'erens,
2680 924 2735 968 et
2781 913 3068 968 exauditus
3119 926 3216 981 pro
3251 925 3347 964 sua

1790 1011 2089 1064 reverentia
2121 1011 2167 1042 "
2200 1026 2214 1073 ;
2249 1028 2266 1061 ι
2299 1017 2351 1063 et
2379 1008 2591 1077 quidem
2623 1021 2743 1061 cum
2766 1013 2911 1060 esset
2939 1004 3126 1068 Filius,
3164 1002 3350 1057 didicit

1789 1099 1857 1154 ab
1888 1099 1971 1154 his
1999 1114 2117 1168 qua
2147 1114 2337 1168 passus
2371 1106 2453 1152 est
2501 1096 2881 1158 obedientiam,
2912 1102 2968 1148 et
3007 1105 3345 1148 consumma-

1793 1199 1896 1256 tus,
1930 1189 2104 1244 factus
2134 1199 2218 1244 est
2263 1187 2762 1258 obtemperantibus
2812 1183 2914 1240 sibi
2952 1198 3114 1239 causa
3161 1181 3352 1237 salutis

1791 1290 2024 1335 aeternae.
2066 1279 2478 1335 Consummatur
2494 1286 2673 1332 autem
2701 1277 2752 1331 id
2781 1275 2921 1344 quod
2945 1274 3203 1344 paulatim
3226 1286 3354 1341 pro-

1795 1371 1928 1434 ficit,
1961 1370 2212 1424 haeretice
2241 1386 2256 1434 ;
2290 1371 2356 1424 de
2385 1369 2491 1439 quo
2517 1368 2755 1424 Joannes
2797 1369 2851 1421 in
2905 1363 3210 1435 Evangeliis
3237 1361 3352 1416 cla-

1795 1470 1907 1515 mat
1937 1475 1952 1514 :
1987 1480 2005 1513 ι
2033 1459 2189 1515 Iesus
2216 1460 2530 1530 proficiebat
2565 1468 2724 1515 aetate
2762 1467 2816 1514 et
2853 1456 3116 1526 sapientia
3150 1463 3204 1508 et
3227 1467 3356 1522 gra-

143 1544 215 1615 κίᾳ
234 1546 318 1599 καὶ
345 1550 530 1619 σοφία,
563 1554 666 1605 καὶ
689 1553 871 1622 χάριτι
891 1569 904 1582 ⁸
932 1573 950 1605 ι
971 1549 1053 1618 οἷς
1076 1557 1342 1626 σύμφωνα
1367 1558 1463 1611 καὶ
1484 1558 1696 1622 Παῦλος

1802 1551 1978 1605 tia":
2043 1571 2062 1603 ι
2114 1550 2320 1617 Quibus
2371 1551 2551 1605 verbis
2600 1563 2835 1604 consona
2883 1546 3081 1600 Paulus
3122 1545 3353 1628 dicens:

143 1636 498 1708 φθεγγόμενος,
539 1661 562 1694 ‹
614 1642 955 1708 Τελειωθεὶς,
1002 1647 1188 1715 φησιν,
1215 1647 1427 1714 ἐγένετο
1452 1650 1564 1712 τοῖς
1594 1649 1696 1701 ὑπ-

1802 1660 1820 1693 ι
1856 1642 2298 1704 Consummatus,
2321 1642 2511 1710 inquit,
2559 1640 2734 1695 factus
2759 1650 2843 1694 est
2862 1637 3113 1692 omnibus
3140 1636 3352 1690 obtem-

143 1726 396 1783 ακούουσιν
445 1732 608 1802 αὖτῷ
647 1735 838 1799 πᾶσιν,
894 1736 1066 1796 αῑτιος
1114 1737 1385 1807 σωτηρίας
1439 1737 1691 1791 αἰωνίου’

1802 1734 2116 1800 perantibus
2152 1734 2253 1787 sibi
2302 1748 2464 1787 causa
2503 1731 2691 1786 salutis
2736 1738 2974 1792 aeternae,
3000 1727 3296 1796 appellatus
3325 1741 3354 1778 a

142 1825 578 1891 προσαγορευθεὶς
632 1826 742 1877 ὑπὸ
795 1825 890 1878 τοῦ
927 1826 1060 1879 Θεοῦ
1095 1828 1383 1898 ἀρχιερεὺς
1414 1830 1556 1882 κατὰ
1598 1829 1695 1899 τὴν

1802 1819 1910 1875 Deo
1938 1822 2190 1876 sacerdos
2209 1822 2502 1877 secundum
2526 1821 2770 1876 ordinem
2804 1815 3259 1874 Melchisedech“
3285 1831 3302 1882 ;
3335 1836 3353 1868 ι

143 1911 267 1978 τάξιν
303 1889 686 1983 Μελχισεδέκ·
729 1935 746 1967 ι
786 1913 937 1982 οὗτος
984 1920 1012 1971 6
1057 1889 1228 1990 Μωσῇ
1259 1889 1407 1974 κατνά
1451 1921 1543 1974 τὸν
1597 1889 1692 1991 της

1802 1912 1887 1966 hic
1916 1911 2004 1965 ille
2024 1928 2142 1966 cum
2172 1911 2320 1966 Mose
2345 1911 2487 1980 quod
2516 1911 2583 1965 ad
2622 1911 2851 1964 ducendi
2879 1908 3154 1963 exercitus
3178 1916 3358 1977 typum

145 2006 446 2076 στρατηγίας
509 2011 945 2078 συγκρινόμενος
998 2009 1201 2061 τύπονσ
1247 2012 1274 2061 6
1326 2010 1543 2079 σπέρμα
1599 2011 1695 2063 τοῦ

1802 2011 2166 2069 comparatus,
2196 2001 2280 2056 ille
2314 2015 2496 2056 semen
2550 2001 2818 2055 Abraham
2882 2010 3125 2062 vocatus,
3155 1998 3243 2052 ille
3269 2012 3363 2065 per

152 2095 371 2165 ’Δϐραάμ
410 2100 765 2170 κεκλημένος
789 2116 800 2128 '
845 2100 873 2150 6
919 2098 1059 2152 κατά
1089 2101 1268 2154 πάντα
1308 2103 1420 2164 τοῖς
1447 2101 1697 2170 ἀδελφοῖς

145 2187 492 2255 παραπλήσιος
516 2205 528 2217 ·
571 2190 609 2240 ὁ
643 2190 818 2259 χρόνῳ
850 2190 1140 2260 γενόμενος
1185 2191 1476 2262 ἀρχιερεύς
1497 2208 1510 2222 ι
1552 2195 1580 2244 ὁ
1610 2193 1698 2245 διὰ

147 2275 452 2346 παθημάτων
485 2280 807 2344 τελειωθείς
825 2299 838 2312 ο
871 2283 899 2334 6
930 2284 988 2334 ὲν
1016 2276 1060 2351 ᾧ
1089 2282 1356 2335 πέπονθεν
1384 2282 1548 2346 αύτὸς
1580 2300 1699 2335 πει-

149 2367 334 2434 ρασθεὶς
373 2369 685 2440 δυνάμενος
713 2373 826 2434 τοῖς
873 2373 1289 2442 πειραζομένοις
1332 2373 1631 2444 βοηθῆσαιο
1672 2375 1701 2427 6

148 2457 265 2510 κατὰ
293 2459 388 2529 τὴν
431 2461 599 2526 τάξιν
634 2462 970 2532 Μελχισεδὲκ
1010 2462 1299 2532 ἀρχιερεὺς
1339 2462 1697 2531 κεκλημένος.

146 2546 299 2604 τίοῦν
327 2553 768 2624 ἀνθερμηνεύεις
810 2554 884 2623 τῷ
940 2554 1154 2624 Παύλῳ,
1210 2555 1302 2606 τὸν
1347 2553 1532 2622 ἀπαθῆ
1570 2553 1700 2606 Θεὸν

149 2639 287 2708 Λόγον
337 2643 578 2713 ἐπιγείῳ
639 2643 978 2713 καταμιγνὺς
1027 2642 1267 2713 σώματι,
1324 2642 1419 2696 καὶ
1462 2641 1702 2712 παθητὸν

151 2732 372 2805 ἀρχιερέα
398 2736 581 2789 ποιῶν
606 2739 648 2807 ;]

733 2870 978 2922 ΚΕΦᾹΛ.
1035 2873 1105 2922 Δ¹.

214 3007 290 3069 Ὧς
316 3007 701 3075 ἀκμαιοτάτην
723 3046 736 3065 ,
768 3000 812 3058 ὦ
840 3008 955 3058 ’τᾶν
976 3046 989 3070 ,
1012 3006 1106 3057 καὶ
1126 3005 1270 3074 μάλα
1312 3006 1563 3076 νεανικὴν
1596 3005 1704 3058 τῶν

157 3096 232 3165 τῆς
259 3099 541 3161 εὐσεϐείας
577 3097 865 3167 δογμάτων
911 3099 1153 3166 ἐποιήσω
1200 3098 1298 3167 τὴν
1329 3098 1702 3167 καταδρομήν.

1797 2093 1979 2145 omnia
2011 2092 2202 2147 similis
2233 2093 2492 2148 fratribus
2522 2093 2567 2125 θ’
2598 2110 2614 2159 ;
2647 2092 2736 2144 ille
2768 2100 3008 2160 tempore
3042 2090 3215 2144 factus
3233 2103 3366 2159 pon-

1802 2181 1952 2248 tifex,
2014 2182 2100 2238 ille
2126 2196 2222 2253 per
2266 2183 2546 2252 passiones
2599 2191 3020 2247 consummatus,
3079 2179 3167 2234 ille
3197 2179 3363 2249 Quiin

1800 2286 1906 2340 quo
1937 2287 2128 2340 passus
2158 2282 2241 2327 est
2291 2274 2408 2342 ipse
2459 2279 2713 2336 tentatus,
2753 2279 2929 2339 potest
2962 2269 3182 2324 tentatis
3212 2269 3366 2322 auxi-

1802 2360 1938 2425 liari,
1977 2363 2066 2416 ille
2088 2364 2382 2417 secundum
2423 2362 2667 2417 ordinem
2711 2360 3095 2415 Melchisedech
3129 2357 3365 2428 pontifex

1803 2453 2122 2521 appellatus.
2156 2453 2292 2519 Quid
2322 2452 2483 2523 igitur
2531 2452 2790 2506 adversus
2820 2449 3041 2503 Paulum
3094 2449 3364 2519 interpre-

1806 2543 1959 2608 taris,
1991 2542 2429 2612 impassibileque
2465 2541 2554 2595 Dei
2597 2539 2833 2594 Verbum
2888 2549 3104 2594 terreno
3155 2537 3368 2609 corpori

1805 2633 2121 2698 perinisces,
2157 2643 2209 2686 et
2254 2632 2566 2702 passibilem
2597 2631 2934 2686 sacerdotem
2964 2628 3096 2686 facis
3119 2627 3175 2701 1’]

2427 2875 2601 2934 .CAP.
2629 2875 2719 2932 IV.

1879 3007 2116 3062 Fortiter
2144 3022 2295 3071 sane,
2345 3009 2429 3061 vir
2479 3011 2713 3080 egregie,
2756 3019 2812 3064 et
2839 3010 3122 3064 admodum
3155 3015 3374 3064 strenue

1816 3098 1868 3150 in
1906 3099 2156 3167 dogmata
2181 3097 2398 3165 pietatis
2448 3100 2816 3155 incursionem
2866 3101 3018 3154 facis.
3075 3100 3151 3154 Ac
3185 3099 3375 3153 beatus

155 3188 242 3241 Καὶ
270 3193 296 3243 6
320 3192 418 3261 μὲν
458 3191 758 3251 θεσπέσιος
793 3190 1026 3258 Βαροὺχ,
1072 3188 1164 3240 τὸν
1211 3188 1304 3241 τοῦ
1339 3186 1474 3239 Θεοῦ
1514 3188 1703 3255 Λόγον,

1815 3187 2026 3257 quidem
2053 3185 2283 3248 Baruch,
2319 3188 2407 3241 Dei
2442 3187 2677 3241 Verbum
2709 3188 2817 3254 jam
2843 3187 3116 3241 hominem
3150 3185 3373 3247 factum,

153 3279 593 3354 ίνηνθρωπηκότα
612 3282 668 3334 δὲ
690 3282 812 3350 ἤδη,
836 3281 930 3332 καὶ
956 3280 1014 3331 ὲν
1041 3279 1294 3340 ὁμοιώσει
1318 3281 1382 3348 τῇ
1400 3278 1528 3330 καθ’
1559 3280 1708 3349 ἡμᾶς

156 3372 397 3439 πεφηνότα
423 3371 820 3432 καταδεικνὺς.
860 3389 876 3420 ι
903 3363 1089 3432 υῦτος,
1111 3368 1296 3438 φησὶν,
1317 3369 1344 3419 6
1366 3368 1499 3431 Θεὸς
1527 3367 1703 3438 ἡμῶν,

154 3459 603 3530 οὺλογισθήσεται
653 3461 838 3528 ἕτερος
884 3459 1020 3527 πρὸς
1051 3461 1245 3511 αὐτόν’
1296 3459 1483 3528 ἐξεῦρε
1526 3460 1706 3511 πᾶσαν

154 3547 246 3599 ὁδὸν
273 3551 611 3618 ἐπιστήμης,
647 3551 736 3601 καὶ
781 3547 975 3601 ἔδωκεν
1009 3550 1177 3618 αὐτὴν
1212 3548 1403 3601 Ἰακὼϐ
1443 3549 1520 3618 τῷ
1558 3548 1707 3600 παιδὶ

155 3637 428 3703 αὑτοῦ,καὶ
475 3637 695 3708 Ἰσραὴλ
738 3637 817 3707 τῷ
863 3637 1207 3706 ἠγαπημένῳ
1251 3637 1340 3688 ὑπ’
1375 3636 1536 3689 αὑτοῦ
1566 3653 1580 3667 ·
1615 3634 1710 3688 καὶ

158 3731 442 3797 μεταταῦτα
493 3731 589 3784 ἐπὶ
625 3730 725 3799 τῆς
772 3729 873 3799 γῆς
903 3727 1078 3796 ὤφθη,
1127 3727 1222 3780 καὶ
1251 3730 1362 3789 τοῖς
1405 3723 1710 3796 ἀνθρώποις

159 3822 584 3893 σννανεστράφη.
602 3839 619 3871 ι
649 3821 720 3872 ΣΞ)
747 3819 803 3871 δὲ
826 3811 1090 3882 τὸ,οῦτος,
1111 3819 1203 3870 καὶ
1225 3818 1369 3888 μάλα
1395 3818 1706 3883 πλειστάκις

156 3909 449 3978 ἀναφωνῶν,
484 3910 768 3980 μονονουχὶ
798 3912 892 3962 καὶ
924 3911 1079 3978 χεῖρα
1110 3909 1428 3978 προτείνων,
1454 3909 1576 3962 τίνα
1597 3913 1708 3973 τοῖς

157 4005 528 4058 πεπιστευκόσι
555 4001 819 4069 καθίστης
847 3999 1072 4070 ἐναργῆ,
1096 3999 1189 4052 καὶ
1223 3999 1328 4067 μὴν
1360 3999 1452 4051 καὶ
1479 3999 1709 4067 ὁρᾶσθαι

156 4098 320 4159 ποιεῖς,
367 4097 477 4150 καὶ
499 4095 563 4163 δὴ
591 4093 685 4145 καὶ
718 4090 986 4161 προκόψαι
1018 4087 1123 4159 φὴς
1149 4091 1228 4152 εἰς
1251 4089 1511 4160 ἀρχιερέα
1539 4107 1711 4142 κατα-

157 4182 334 4257 ams;
395 4184 572 4246 Ἀλλ’,
612 4179 764 4252 οἶμαί
790 4199 917 4246 που,
951 4181 1166 4243 πάντως
1217 4181 1456 4244 ἐκεῖνον,
1513 4179 1572 4232 ὂν
1617 4182 1711 4234 καὶ

157 4277 349 4347 ἔναγχος
383 4272 944 4344 παραδειγματξζων,
991 4271 1229 4340 ἔφασκεν
1267 4270 1378 4342 [ἵσ.
1413 4271 1671 4344 ἔφασκες]
1695 4288 1708 4303 ·

157 4367 332 4422 Οὐκοῦν
373 4373 402 4422 6
436 4366 650 4429 παθὼν,
695 4364 984 4434 ἀρχιερεὺς
1033 4362 1314 4431 ἐλεήμων,
1363 4363 1461 4431 οὐχ
1503 4363 1531 4415 6
1575 4361 1712 4425 ζωο-

1807 3276 1944 3329 etin
1993 3287 2177 3330 nostra
2226 3277 2578 3333 similitudine
2640 3288 2986 3348 apparentem
3035 3275 3373 3332 ostendens:

1815 3387 1834 3419 ε
1865 3367 1960 3423 llic
2003 3380 2106 3434 est,
2164 3371 2354 3438 inquit,
2407 3373 2547 3425 Dens
2601 3383 2801 3437 noster,
2859 3388 2962 3425 non
3022 3371 3377 3426 aestimabitur

1809 3461 1946 3515 alius
1998 3461 2065 3513 ad
2126 3475 2272 3523 eum,
2326 3461 2530 3516 invenit
2574 3477 2786 3516 onmem
2841 3463 2981 3515 viam
3033 3460 3295 3524 scientiae,
3323 3468 3378 3514 et

1811 3551 1960 3604 dedit
1991 3550 2135 3604 illam
2164 3549 2333 3605 Iacob
2361 3565 2529 3618 puero
2561 3568 2679 3616 suo,
2725 3563 2777 3606 et
2808 3552 2969 3606 Israel
3001 3551 3194 3607 dilecto
3232 3564 3333 3605 suo
3362 3569 3376 3605 :

1789 3647 2005 3709 etpost
2030 3640 2144 3694 haec
2172 3638 2222 3693 in
2255 3642 2414 3695 terris
2454 3642 2601 3695 visus
2652 3651 2754 3702 est,
2789 3653 2842 3696 et
2883 3658 3004 3696 cum
3061 3640 3375 3696 hominibus

1811 3740 2164 3786 conversatus
2188 3729 2234 3761 ⁸³
2297 3749 2313 3782 ι
2368 3731 2444 3784 Tu
2501 3747 2650 3796 vero,
2694 3747 2876 3786 vocem
2927 3733 3033 3796 hic,
3070 3742 3124 3786 et
3163 3731 3378 3800 quidem

1809 3819 2003 3888 saepius
2051 3819 2353 3882 intendens,
2395 3835 2460 3874 ac
2501 3819 2884 3888 propemodum
2940 3835 3154 3873 manum
3207 3820 3382 3873 inten-

1812 3911 1969 3972 dens,
2025 3924 2311 3978 quemnam
2356 3909 2703 3964 credentibus
2747 3911 3012 3975 ostendis,
3062 3921 3116 3964 et
3160 3909 3381 3978 subjicis

1811 4000 2001 4064 oculis,
2056 4010 2220 4070 atque
2243 4000 2404 4055 etiam
2436 4000 2692 4070 paulatim
2726 4015 3068 4071 progressum
3104 4004 3170 4055 ad
3202 4018 3381 4057 sacer-

1811 4090 2017 4144 dotium
2048 4091 2244 4144 asseris
2276 4090 2472 4144 ?lllum
2518 4105 2742 4160 prorsus
2782 4091 3020 4146 arbitror
3062 4091 3171 4161 85
3222 4107 3378 4160 quem

1815 4180 2013 4235 dudum
2043 4181 2333 4236 ostendens
2367 4182 2551 4236 aiebas
2590 4199 2604 4236 :
2638 4180 2804 4250 Igitur
2829 4181 2918 4235 ille
2946 4181 3246 4250 quipassus
3275 4189 3380 4244 est,

1813 4271 2053 4340 pontifex
2099 4282 2181 4326 est
2216 4272 2544 4337 misericors,
2600 4287 2703 4326 non
2751 4271 2837 4325 ille
2896 4272 3036 4339 passi
3084 4272 3383 4326 viviticator

1820 4364 1980 4416 Deus.
2008 4362 2202 4416 Semen
2251 4362 2522 4416 Abraham
2547 4363 2633 4418 Ille
2663 4363 2775 4418 lteri
2806 4373 2861 4418 et
2890 4357 3066 4427 hodie,
3100 4372 3160 4418 ut
3189 4363 3384 4419 Paulus

159 4461 284 4522 ωιὸς
312 4461 412 4514 τοῦ
447 4457 781 4518 πεπονθότος
813 4455 962 4516 Θεός.
991 4453 1220 4523 Σπέρμα
1257 4452 1507 4523 Ἀϐραὰμ
1531 4455 1560 4504 6
1589 4453 1703 4523 χθὲς

1815 4453 2038 4514 dicit”,
2061 4469 2164 4507 non
2191 4453 2278 4507 ille
2307 4455 2395 4524 qui
2415 4455 2543 4508 dixit
2571 4473 2583 4508 :
2618 4474 2636 4506 ι
2665 4457 2968 4524 Antequam
2989 4455 3260 4510 Abraham
3292 4457 3386 4511 fie-

159 4552 234 4603 καὶ
261 4555 524 4622 σήμερον,
551 4546 694 4600 κατά
718 4545 814 4617 τὴν
840 4545 931 4598 τοῦ
966 4544 1176 4597 Παύλου
1204 4543 1383 4614 φωνὴν
1404 4585 1419 4609 ,
1449 4546 1545 4614 οὐχ
1571 4545 1600 4596 6
1627 4545 1703 4596 λέ-

1821 4553 1924 4609 ret,
1948 4561 2045 4614 ego
2072 4561 2188 4598 sum
2217 4545 2282 4599 3‘.
2309 4565 2325 4596 ι
2362 4543 2565 4600 Similis
2599 4559 2681 4600 est
2709 4545 2965 4600 fratribus
2995 4561 3090 4616 per
3129 4547 3308 4601 omnia
3341 4548 3386 4602 is

158 4657 264 4705 των·
294 4662 310 4693 ι
353 4641 500 4711 Πρὶν
544 4637 795 4708 Ἀϐραὰμ
834 4635 1111 4704 γενέσθαι,
1138 4634 1248 4702 ἐγώ
1274 4637 1411 4704 είμι.
1440 4655 1457 4685 ι
1489 4638 1703 4705 ’Ὀμοιος

1814 4637 1903 4705 qui
1943 4637 2190 4689 humana:
2227 4637 2421 4688 anima:
2467 4647 2518 4691 et
2548 4638 2728 4690 carnis
2763 4636 3163 4690 fraternitatem
3200 4653 3386 4692 susce-

158 4737 246 4796 τοίς
272 4733 529 4801 ἀδελφοῖς
565 4730 703 4783 κατὰ
731 4729 925 4792 πάντα,
971 4730 999 4780 6
1038 4726 1219 4796 ψυχῆς
1249 4726 1594 4796 ἀνθρωπίνης
1622 4729 1703 4780 καῖ

1819 4730 1914 4796 pit,
1942 4745 2043 4780 non
2077 4728 2169 4798 qui
2200 4729 2374 4783 dicit:
2416 4748 2432 4778 ι
2489 4727 2594 4793 Qui
2650 4729 2782 4781 vidit
2833 4745 2938 4790 tne,
2997 4728 3131 4783 vidit
3177 4738 3232 4783 et
3285 4729 3386 4782 Ρη·-

160 4827 331 4893 σειρκκ
384 4820 679 4876 ἀναλαϐὼν
728 4819 1097 4887 ἀδελφότητα,
1130 4817 1227 4885 οὐχ
1270 4820 1297 4869 6
1345 4817 1552 4883 λέγων’
1598 4837 1615 4868 ι
1658 4819 1703 4871 'C

1816 4826 1951 4872 trem
1977 4819 2042 4872 ⁸⁸.
2091 4840 2109 4869 ι
2179 4819 2352 4888 Atque
2399 4820 2548 4872 ineo
2590 4820 2729 4886 quod
2770 4820 2970 4872 asseris
3025 4819 3189 4872 Deum
3243 4822 3384 4887 passi

158 4909 394 4981 ἑωρακὼς
442 4910 569 4978 ἐμὲ,
611 4906 822 4977 ἑώρακε
869 4908 961 4959 τὸν
1010 4904 1250 4974 Πατέρα.
1287 4922 1306 4956 ι
1350 4905 1457 4956 Καὶ
1492 4906 1572 4956 ὅτι
1618 4907 1703 4976 μὲι

1817 4926 1936 4964 esse
1975 4911 2150 4976 ipsum
2188 4911 2468 4964 vivificaris
2510 4910 2599 4962 Dei
2651 4908 2907 4970 Verbum,
2968 4919 3018 4964 te
3060 4912 3387 4965 inevitabilis

158 5001 233 5053 τοῦ
259 5001 595 5060 πεπονθότος
627 4999 758 5052 Θεὸν
791 4999 878 5049 τὸν
929 4996 1192 5060 ζωοποιὸν
1235 4994 1330 5046 τοῦ
1375 4994 1508 5048 Θεοῦ
1544 4997 1703 5067 Λόγοι

1821 5001 2167 5070 blasphemiae
2188 5003 2390 5055 crimen
2412 5001 2726 5062 incurrisse,
2751 5001 3091 5070 graviterque
3111 5017 3384 5070 peccasse,

161 5092 398 5164 ἐπάρχειν
441 5086 943 5155 διαϐεϐαιούμενος,
975 5085 1081 5146 τοῖς
1097 5085 1196 5152 τῆς
1237 5080 1481 5150 ἀφύκτου
1510 5082 1703 5154 δυσφη-

1821 5090 2020 5144 cﬂicaci
2081 5092 2286 5144 ratione
2342 5093 2768 5145 detnonstratum
2827 5099 2928 5144 est.
2983 5091 3146 5145 Miror
3203 5103 3383 5146 autem

165 5183 271 5251 μίας
295 5184 608 5253 ἐγκλήμασι
633 5179 853 5231 σεαυτὸν
881 5176 1062 5238 ἐνιεὶς,
1093 5174 1359 5243 ἠδίκηκας
1377 5172 1437 5225 οὐ
1460 5175 1703 5244 μετρίως,

1824 5182 1966 5249 quod
2019 5191 2228 5235 tuarum
2280 5196 2469 5236 vocum
2496 5182 2712 5245 oblitus,
2743 5181 2996 5250 paulatim
3037 5196 3382 5251 progressum

216 5327 256 5356 τ’
297 5325 454 5377 llehr.
492 5336 546 5379 ν,
583 5320 636 5372 7.
743 5316 788 5346 '°
830 5312 960 5372 lmu.
997 5310 1128 5364 Luc.
1162 5327 1219 5382 ιι.
1251 5311 1338 5382 52.
1406 5311 1481 5382 ﬁ“
1527 5309 1686 5364 Hebr.

1811 5311 1863 5377 9,
1895 5312 1979 5366 l0.
2087 5313 2334 5369 “'Ilcbr.
2363 5329 2421 5379 ιι,
2464 5314 2549 5367 17.
2689 5314 2734 5345 ⁸³
2772 5313 2982 5370 Baruch
3037 5330 3097 5371 Ill
3124 5355 3141 5382 ,
3196 5316 3379 5372 36-58.

163 5392 214 5424 “‘
242 5395 393 5451 Hebr.
422 5407 541 5455 xm,
576 5390 632 5445 8.
712 5386 760 5418 ”
793 5383 949 5438 Joan.
981 5396 1098 5444 vni,
1151 5381 1239 5436 58.
1317 5381 1360 5412 ⁸⁸
1397 5380 1552 5436 Juau.
1587 5397 1694 5443 xw,
1723 5382 1774 5435 9.

1421 5497 1574 5551 ANT.
1619 5496 1893 5554 AGELLII
1931 5495 2161 5553 ΝΟΤᾹΞ.

222 5654 320 5718 (2t)
357 5656 444 5710 Vel
475 5650 823 5709 notariorum
851 5657 1002 5718 error
1032 5651 1131 5706 est,
1165 5641 1273 5718 vel_
1296 5643 1478 5718 lapsus
1503 5639 1717 5718 est_1_‘ie-

168 5710 351 5795 storias,
377 5726 466 5795 qni
501 5722 674 5795 verba
706 5721 824 5769 hrec
855 5712 1010 5792 Ducat
1037 5725 1159 5781 cap.
1184 5710 1437 5795 tt‘Joauni
1469 5712 1713 5795 ascribit.

169 5793 253 5848 Sed
288 5781 407 5866 quia
456 5798 607 5851 hunc
641 5791 856 5856 lapsum
885 5783 939 5836 in
970 5795 1063 5836 sua
1119 5782 1439 5838 refutatione
1483 5781 1719 5852 Cyrillus

1824 5657 1931 5697 non
1968 5641 2233 5710 coarguit,
2260 5649 2311 5693 et
2341 5639 2555 5710 beatum
2583 5635 2781 5710 Lu'cam
2812 5647 3088 5695 auctorem
3121 5637 3384 5710 agnoscit,

1825 5710 2051 5768 notariis
2092 5707 2321 5766 fortasse
2347 5708 2549 5779 iustius
2586 5707 2903 5764 aseribetur.
