4112 6494
713 413 809 467 151

1693 408 1751 464 S.
1791 404 2070 463 CYRILLI
2107 403 2572 462 ALEXANDRINI
2612 403 2924 458 ARCHIEP.

3855 382 3960 435 152

710 529 776 582 ad
816 526 1084 598 pontificis
1119 528 1462 597 dignitatem,
1522 527 1702 582 dicere
1757 528 1916 583 simul
1964 538 2018 584 et
2069 529 2272 584 sentire

2396 526 2635 596 ίποχρῶν
2662 527 2793 596 ἡμῖν
2825 523 3046 588 διέδειξε
3090 519 3265 588 λόγος.
3298 511 3571 584 Θαυμάζω
3601 508 3680 567 δὲ,
3726 506 3806 598 ὅτι
3844 501 3959 553 τῶν

709 621 898 685 audes,
934 634 1092 690 quem
1148 621 1312 674 etiam
1357 620 1522 674 Deum
1553 634 1674 675 esse
1700 622 1902 675 asseris
1928 621 2273 692 omnipoten-

710 721 839 767 tem.
862 709 995 767 Nam
1015 713 1291 782 preposita
1307 713 1403 767 tibi
1429 713 1664 783 Epistola
1686 713 1752 767 ad
1779 712 2032 768 Hebraeos
2049 714 2273 782 scripta,

711 805 914 859 teneris
953 803 1330 860 dixisse:Sed
1374 805 1461 859 hic
1516 804 1731 858 lsraelis
1777 813 2040 875 cognatus
2086 819 2277 858 secun-

708 895 836 950 dum
867 909 1112 957 carnem.
1150 896 1446 952 secundum
1477 895 1859 966 aspectabilem
1893 905 2139 950 naturam
2175 896 2274 949 ho-

710 1000 818 1051 mo,
854 1001 923 1040 ex
978 987 1186 1041 semine
1239 985 1407 1040 David
1449 985 1626 1041 factus
1689 986 1985 1042 secundum
2034 1001 2275 1051 carnem,

709 1075 824 1143 ipsa
904 1078 1288 1146 conjunctione
1361 1078 1502 1135 Deus
1557 1080 1925 1150 omnipotens.
1998 1079 2280 1147 Quomodo

711 1163 876 1231 igitur
906 1179 1223 1236 progressus
1260 1176 1365 1231 est,
1421 1178 1482 1222 ut
1513 1179 1715 1224 temere
1743 1168 2024 1234 fabularis,
2058 1169 2124 1223 ad
2147 1183 2281 1239 pon-

712 1253 870 1308 tificis
902 1255 1243 1324 dignitatem,
1267 1272 1391 1313 cum
1432 1260 1573 1315 Deus
1607 1261 1678 1316 sit
1703 1261 2048 1331 omnipotens
2064 1269 2280 1315 tuorum

710 1359 923 1414 quoque
969 1348 1257 1403 verborum
1309 1352 1673 1407 testimonio?
1717 1352 1781 1408 Et
1836 1353 2087 1423 quamvis
2133 1352 2280 1406 illam

711 1434 1023 1503 ignobilem,
1085 1448 1143 1493 et
1168 1453 1197 1492 a
1234 1447 1287 1495 te
1314 1440 1428 1497 solo
1471 1443 1655 1498 nescio
1697 1444 1968 1515 quomodo
2006 1444 2284 1515 excogita-

711 1531 821 1577 tam
852 1525 1288 1595 conjunctionem
1312 1544 1732 1599 commemores,
1757 1536 1980 1590 missum
2012 1535 2065 1590 id
2087 1535 2282 1592 faciam

709 1616 776 1668 ad
818 1631 1096 1685 prasens;
1143 1620 1275 1676 illud
1324 1631 1501 1679 tamen
1556 1623 1892 1695 eﬂlagitabo,
1937 1636 1997 1681 ut
2044 1627 2285 1684 secundo

710 1720 872 1760 cursu
902 1704 1111 1763 feratur
1138 1711 1336 1776 oratio,
1371 1719 1424 1766 et
1447 1711 1514 1766 ad
1547 1725 1771 1783 smpum
1801 1713 1902 1768 sibi
1954 1713 2286 1768 convenien-

712 1800 818 1845 tem
845 1801 901 1846 et
937 1808 968 1847 a
1008 1797 1286 1866 proposito
1326 1799 1465 1853 haud
1492 1799 1726 1856 alienum
1755 1801 1957 1856 tendat.
1984 1800 2120 1857 Num
2141 1803 2285 1873 quod

2383 593 2714 676 temaeste}
2745 611 3139 682 ἁμνημονήσας
3179 605 3393 676 φωνῶν,
3428 601 3571 654 κατά
3609 593 3782 666 βραχῦ
3817 606 3958 658 τερθ-

2377 707 2549 760 ελθεῖν
2574 709 2655 769 είς
2686 702 2991 775 ἀρχιερέως
3019 699 3237 768 ἀξίωμα
3274 697 3436 765 φάναι
3463 708 3522 744 τε
3543 691 3700 760 ὁμοῦ,
3726 688 3822 741 καὶ⁵
3849 685 3961 755 μὴν

2378 798 2473 849 καὶ
2503 797 2719 865 φρονεῖν
2740 792 2932 858 ἀξιοῖς,
2959 791 3018 843 δν
3053 789 3145 842 καὶ
3165 787 3300 840 Θεὸν
3333 779 3470 836 εἶναι
3501 781 3607 851 φὴς
3642 775 3963 845 παντοκρά-

2377 903 2531 958 τορα.
2563 883 2937 956 Προκειμένης
2969 880 3078 951 γάρ
3105 895 3187 931 σοι
3215 876 3317 946 τῆς
3350 873 3623 943 Ἑϐραίοις
3648 867 3964 940 γραφείσης

2391 976 2727 1046 Ἐπιστολῆς.
2760 975 2956 1043 ἁλίσκῃ
2987 972 3161 1039 λέγων
3189 985 3202 999 ·
3234 967 3374 1020 ’Δ).λ’
3393 961 3545 1027 οὗτος
3565 963 3594 1014 6
3610 960 3752 1014 κατά
3773 960 3966 1028 σάρκα

2377 1066 2471 1119 τοῦ
2506 1064 2720 1135 Ἰσραὴλ
2737 1063 3026 1131 συγγενὴς,
3039 1059 3216 1113 ὁκατά
3234 1058 3296 1112 τὸ
3311 1056 3629 1126 φαινόμενον
3647 1051 3744 1106 ἀνθ
3751 1065 3966 1122 ρωπος,

2379 1160 2408 1210 ὁ
2440 1157 2579 1210 κατά
2602 1156 2700 1226 τὴν
2730 1154 2941 1207 Παύλου
2978 1151 3192 1222 φωνὴν,
3245 1152 3309 1202 ὲκ
3351 1147 3661 1216 σπέρματος
3696 1157 3966 1210 γεγεννη-

2385 1249 2543 1318 μένος
2583 1245 2769 1312 Δαὸὶδ,
2809 1243 3211 1315 παντοκράτωρ
3241 1243 3309 1312 τῇ
3348 1236 3614 1307 συναφείᾳ
3643 1233 3797 1296 Θεός.
3837 1228 3968 1290 Πῶς

2382 1342 2464 1394 ἔτι
2499 1339 2767 1413 προέκοψε
2810 1337 2957 1392 κατὰ
2983 1337 3084 1408 τὴν
3119 1332 3500 1405 είκαιομυθίαν
3544 1331 3624 1392 είς
3655 1324 3970 1396 ἀρχιερέως

2381 1433 2620 1503 ἀξίωμα,
2651 1431 2829 1486 καίτοι
2869 1429 3001 1494 Θεὸς
3043 1427 3442 1500 παντοκράτωρ
3479 1422 3573 1475 καὶ
3621 1418 3709 1472 διά
3733 1416 3836 1486 τῆς
3866 1414 3972 1482 σῆς

2385 1524 2568 1593 φωνῆς
2597 1521 3077 1594 μαρτυρούμενος;
3111 1520 3229 1574 Κᾶν
3256 1517 3354 1588 τὴν
3381 1514 3573 1580 ἀκλεᾶ,
3594 1510 3688 1564 καὶ
3715 1509 3838 1577 τὴν,
3862 1507 3972 1560 οὐκ

2383 1612 2478 1670 οἷδ’
2497 1617 2668 1679 ὅπως,
2692 1613 3063 1685 ἐξευρημένην
3090 1609 3241 1680 αύτῷ
3275 1626 3357 1662 σοι
3383 1607 3477 1661 καὶ
3502 1605 3648 1678 μόνῳ
3665 1602 3972 1668 συνάφειαν

2386 1705 2679 1775 όνομάζῃς,
2713 1704 2948 1776 παρήσω
2981 1700 3134 1754 νυνί·
3167 1698 3308 1770 πλὴν
3340 1697 3631 1769 ἐρήσομαι,
3663 1692 3808 1746 κατά
3839 1689 3974 1761 ῥοῦν

2391 1797 2523 1849 ίέναι
2546 1794 2635 1848 τὸν
2658 1794 2806 1865 αύτῷ
2830 1792 3108 1864 πρέποντα
3128 1808 3188 1843 τε
3219 1791 3310 1845 καί⁵
3331 1786 3693 1860 προκείμενον
3713 1782 3794 1853 τῷ
3823 1782 3975 1850 λόγῳ

709 1883 776 1937 ad
843 1886 1209 1942 sacerdotium
1267 1901 1620 1957 promovetur
1655 1899 1713 1946 et
1752 1891 2000 1962 gloriam,
2049 1872 2172 1947 non,
2210 1895 2277 1948 ad

2396 1887 2580 1940 τκοπὸν
2597 1886 2786 1954 ἐφιείς
2805 1882 2930 1956 'Ap‘
2941 1885 3060 1954 ούχ¹ι
3072 1883 3130 1936 τὸ
3143 1881 3448 1953 προκόπτον
3463 1880 3541 1942 είς
3560 1878 3602 1930 ίε
3613 1875 3861 1947 ρωσύνην
3874 1872 3977 1925 καὶ

708 1972 933 2031 meliora
994 1981 1489 2051 praestantioraque
1515 1982 1742 2049 gradum
1776 1983 1928 2048 facit,
1958 1993 2051 2039 aut
2100 1984 2283 2040 incre-

707 2077 952 2121 mentum
994 2070 1160 2125 sumit
1185 2071 1210 2125 Ἰ
1231 2080 1286 2127 et
1313 2074 1558 2142 quisnam
1592 2074 1753 2145 hujus
1783 2075 2065 2130 sententiae
2087 2076 2286 2130 verita-

711 2163 821 2212 tem
882 2171 985 2214 suo
1037 2161 1296 2233 suffragio
1344 2179 1449 2219 non
1513 2164 1760 2233 probet?
1796 2164 1964 2233 Maius
2015 2174 2100 2221 est
2155 2180 2285 2236 ergo

708 2249 1002 2305 sacerdotii
1031 2266 1245 2316 munus,
1276 2267 1437 2323 quam
1478 2255 1642 2310 Deum
1667 2270 1789 2312 esse
1813 2255 2234 2324 omnipotentem
2267 2271 2282 2309 :

709 2336 814 2394 hoc
853 2339 902 2394 si
938 2340 1014 2395 ita
1064 2350 1170 2406 est,
1215 2346 1491 2413 quomodo
1528 2347 1619 2417 qui
1672 2348 1980 2404 sacerdotio
2020 2347 2284 2418 fungitur,

713 2429 989 2486 ministrat
1043 2443 1101 2487 et
1149 2445 1292 2488 astat
1325 2445 1383 2490 ut
1440 2438 1694 2493 minister
1724 2439 1854 2505 Deo,
1899 2447 1953 2493 et
1975 2447 2032 2492 ut
2053 2436 2288 2493 famulus

713 2520 961 2587 Domino,
1023 2524 1214 2579 solitas
1256 2542 1320 2581 ac
1356 2538 1530 2583 statas
1588 2529 1892 2585 oblationes
1945 2528 2202 2594 offerens,
2234 2522 2290 2584 et

713 2615 922 2670 hostias
951 2615 1254 2686 imponens,
1292 2619 1384 2673 ille
1406 2634 1535 2674 vero
1572 2630 1823 2690 tanquam
1846 2635 2095 2690 suprema
2127 2635 2288 2675 orna-

717 2717 803 2759 tus
837 2707 1010 2777 gloria
1045 2709 1524 2776 admittithostias,
1549 2723 1605 2766 et
1646 2713 1942 2767 honoratur
1986 2713 2290 2782 obsequio?

711 2796 870 2863 Illud,
903 2801 1116 2870 Opinor,
1147 2801 1312 2866 dices,
1351 2802 1516 2856 Deum
1560 2804 1984 2872 omnipotentem
2041 2805 2288 2859 eumdem

715 2889 921 2944 factum
980 2906 1100 2947 esse
1157 2894 1490 2961 pontificem.
1549 2893 1691 2966 Ergo
1741 2897 2050 2952 exinanitus
2097 2905 2201 2962 est,
2235 2906 2292 2951 et

714 2981 957 3049 seipsum
991 2983 1315 3045 humiliavit.
1354 2986 1420 3040 ad
1453 2987 1663 3042 minora
1700 3003 1761 3044 se
1805 2989 2085 3057 dejiciens.
2143 2990 2290 3057 Quo-

715 3072 875 3126 modo
915 3073 1078 3143 igitur
1107 3077 1172 3129 ad
1210 3077 1526 3146 dignitatem
1575 3093 1893 3149 progressus
1928 3092 2010 3135 est
2040 3084 2292 3136 sacerdos

716 3162 942 3220 factus?
970 3165 1281 3221 Recordare
1330 3168 1443 3238 jam
1488 3185 1675 3226 rursus
1713 3179 1926 3225 tuorum
1959 3174 2244 3227 verborum
2275 3189 2290 3238 ;

2384 1978 2562 2042 δόξαν,
2593 1978 2691 2048 τὴν
2708 1978 2790 2040 είς
2812 1975 2880 2030 τὰ
2905 1974 3113 2047 ἀμείνω
3125 1973 3219 2028 καὶ
3231 1971 3535 2045 προύχοντα
3561 1970 3795 2022 ποιεῖται
3820 1963 3980 2034 βάδι-

2386 2086 2491 2134 σιν,
2505 2069 2672 2139 ῆγουν
2688 2068 2928 2121 ἐπίδοσιν
2942 2066 3156 2134 ;Καίτοι
3173 2064 3289 2128 πῶς
3307 2063 3405 2133 οὐχ
3421 2055 3976 2128 ἀπαστισοῦνὲπιψη-

2385 2163 2587 2231 φιεῖται
2599 2158 2675 2230 τῷ
2693 2159 2834 2230 λόγῳ
2845 2158 2906 2212 τὸ
2919 2157 3134 2228 ἀληθῶς
3148 2155 3256 2228 [τον.
3271 2151 3516 2226 ἀληθές];
3532 2153 3733 2214 Μεῖζον
3749 2144 3845 2204 οὖν
3860 2149 3981 2221 ἄρα

2385 2249 2481 2304 τοῦ
2505 2246 2641 2303 εἶναι
2652 2248 2785 2302 Θεὸν
2801 2247 3236 2318 παντοκράτορα,
3251 2245 3348 2316 τῆς
3367 2243 3667 2317 ἱερωσύνης
3681 2241 3861 2312 τὸχρῆ
3870 2257 3978 2312 μα.

2386 2338 2520 2396 Εἶτα
2541 2342 2678 2405 πῶς,
2705 2342 2734 2394 6
2762 2341 2860 2413 μὲν
2886 2339 3135 2412 ἱερᾶσθαι
3175 2335 3356 2408 λαχὼν
3371 2336 3676 2407 λειτουργεῖ
3709 2333 3807 2387 καὶ
3829 2349 3983 2402 παρ-

2387 2435 2615 2504 έστηκεν
2632 2433 2708 2494 ὡς
2722 2433 2820 2487 λάτ
2829 2449 2926 2503 ρης
2938 2431 3077 2502 Θεῷ.
3092 2431 3188 2484 καὶ
3199 2429 3274 2493 ὡς
3285 2427 3503 2497 οἰκέτης
3517 2426 3782 2496 Δεσπότῃ,
3808 2439 3988 2494 προσ-

2389 2525 2630 2594 κομίζων
2649 2523 2717 2577 τά
2731 2522 3116 2593 νενομισμένα,
3136 2519 3431 2584 καὶθυσίας
3455 2517 3747 2580 ἀνατιθείς·
3773 2515 3871 2569 ὁδὲ
3897 2513 3983 2577 ὡς

2389 2616 2513 2688 δόξῃ
2540 2619 2604 2686 τῇ
2625 2615 2910 2685 ύπερτάτῃ
2930 2613 3367 2682 κατεστεμμένος
3381 2610 3737 2681 προσδέχεται
3763 2607 3866 2669 τάς
3878 2606 3985 2658 Θυο-

2393 2707 2535 2769 σίας,
2566 2706 2658 2758 καὶ
2687 2703 3366 2774 τιμᾶταιθεραπευόμενος
3385 2719 3400 2768 ;
3419 2700 3556 2754 Ἀλλ’
3573 2700 3772 2760 έκεῖνο,
3791 2693 3982 2766 οῐμαι,

2393 2800 2519 2869 φής·
2555 2799 2634 2852 ὅτι
2651 2797 2784 2861 Θεὸς
2796 2797 3195 2867 παντοκράτωρ
3211 2796 3494 2866 ὑπάρχων,
3512 2795 3541 2847 6
3557 2792 3718 2853 αὐτὸς
3745 2790 3985 2859 γέγονεν

2393 2888 2700 2958 ἀρχιερεύς.
2724 2886 3016 2940 Κεκένωκε
3034 2885 3096 2957 δὴ
3118 2881 3230 2946 οὖν,
3251 2888 3344 2938 καὶ
3359 2885 3756 2938 τεταπείνωκεν
3783 2882 3987 2934 ἑαυτὸν

2393 2980 2580 3044 καθεὶς
2591 2983 2648 3033 ὲν
2669 2978 2865 3050 μείοσι.
2887 2977 3010 3040 Πῶς
3029 2971 3120 3029 οὖν
3135 2975 3214 3030 ἔτι
3233 2977 3535 3046 προέκοψεν
3556 2978 3633 3037 είς
3647 2972 3866 3042 ἀξίωμα
3884 2988 3988 3038 γε-

2393 3069 2565 3138 γονὼς
2593 3069 2808 3141 ίερεύς;
2839 3070 3193 3140 Διαμέμνησο
3216 3070 3280 3138 δὴ
3323 3068 3484 3121 πάλιν
3514 3065 3621 3119 τῶν
3645 3063 3844 3118 σαυτοῦ
3897 3062 3992 3114 λό-

2394 3181 2506 3231 γων
2526 3180 2540 3194 ο
2573 3162 2710 3233 ἔφης
2738 3161 2845 3231 γὰρ
2872 3160 3045 3224 οὕτως
3082 3163 3139 3214 ὲν
3159 3164 3270 3223 τοῖς
3299 3159 3557 3230 ἀνωτέρω
3593 3156 3766 3228 βραχύ
3792 3171 3807 3184 ⁸
3833 3155 3898 3207 Εἰ
3927 3153 3991 3206 δὲ

717 3254 798 3307 sic
831 3268 1062 3324 namque
1097 3258 1254 3325 paulo
1277 3259 1529 3328 superius
1584 3262 1764 3317 dixisti
1805 3279 1820 3316 :
1855 3262 2009 3328 Quod
2031 3265 2074 3317 si
2102 3278 2286 3317 sacer-

2396 3255 2682 3326 ἀρχιερεὺς
2714 3253 2748 3325 ἡ
2773 3253 2995 3323 Θεότης,
3020 3252 3100 3316 τίς
3124 3253 3152 3305 6
3175 3251 3328 3322 παρὰ
3348 3254 3412 3321 νῇ
3441 3251 3541 3320 τῆς
3569 3246 3992 3320 ἀρχιερωσύνης

719 3345 819 3399 dos
852 3353 936 3400 est
979 3346 1091 3416 ipsa
1125 3347 1408 3412 Divinitas,
1452 3350 1701 3419 quisnam
1739 3359 1824 3406 est
1877 3351 1967 3420 qui
2005 3352 2292 3406 sacerdotii

718 3435 979 3506 obsequio
1014 3437 1212 3492 colitur
1242 3439 1266 3492 τ
1295 3440 1341 3495 si
1376 3440 1518 3495 Deus
1544 3441 1745 3510 estqui
1777 3440 1955 3505 offert,
2009 3456 2168 3495 nemo
2214 3452 2297 3495 est

721 3527 808 3581 cui
852 3527 966 3600 86
997 3528 1280 3585 offeratur.
1304 3529 1441 3597 Quid
1473 3531 1617 3586 enim
1643 3531 1716 3585 sit
1742 3531 2027 3586 Divinitate
2051 3532 2295 3600 dignum,

720 3617 889 3672 utilla
927 3628 1182 3687 tanquam
1218 3619 1444 3675 inferior
1471 3621 1658 3688 majori
1693 3621 1938 3675 offerat?
1974 3622 2118 3678 Siste
2157 3636 2299 3675 nunc

723 3709 915 3765 saltem
963 3710 1017 3766 in
1059 3711 1166 3767 tuis
1216 3711 1386 3781 ipsius
1427 3712 1652 3767 vocibus
1687 3730 1701 3779 ;
1735 3712 1828 3768 sed
1869 3713 1920 3766 id
1955 3712 2133 3767 facere
2158 3728 2301 3766 nun-

723 3815 886 3867 quam
915 3800 1138 3870 poteris,
1174 3815 1296 3855 cum
1359 3801 1507 3855 omni
1555 3811 1715 3855 vento
1763 3801 2194 3868 circumferaris,
2246 3810 2300 3856 et

724 3899 780 3944 te
804 3890 945 3944 ultro
967 3891 1214 3960 citroque
1245 3891 1439 3960 jactari
1471 3907 1577 3945 non
1616 3893 1847 3956 sentias,
1894 3908 2035 3948 nunc
2088 3909 2151 3949 ex
2193 3894 2300 3948 illis

724 3982 792 4035 ad
841 3981 978 4047 haec,
1032 3997 1177 4037 nunc
1226 3983 1466 4037 vicissim
1494 3997 1562 4038 ex
1613 3985 1698 4038 his
1735 3985 1801 4038 ad
1830 3985 1916 4038 illa
1947 3985 2297 4052 transiliens;

723 4087 904 4145 neque
952 4075 1061 4130 ullo
1098 4076 1258 4130 modo
1303 4074 1646 4144 pertimescis
1671 4076 1822 4144 illud,
1849 4080 1993 4147 quod
2032 4087 2115 4134 εει
2150 4079 2299 4134 Pauli

721 4180 858 4222 voce
915 4166 1162 4221 dictum:
1198 4183 1217 4220 ι
1258 4165 1314 4221 Si
1339 4169 1485 4222 enim
1525 4182 1644 4237 quae
1671 4169 1936 4234 destruxi,
1969 4169 2086 4225 haec
2113 4185 2303 4225 rursus

723 4255 954 4320 aedifico,
981 4257 1453 4325 praevaricatorem
1478 4260 1740 4328 meipsum
1758 4260 2033 4315 constituo
2056 4261 2120 4316 ⁸⁸.
2157 4280 2175 4313 ι
2197 4262 2303 4317 Sed

721 4345 956 4402 fortasse
984 4345 1225 4402 dicturus
1251 4361 1312 4401 es
1336 4347 1465 4401 illud
1490 4367 1502 4403 :
1541 4348 1673 4403 Cum
1705 4357 1757 4402 tu
1789 4349 1903 4417 ipse
1927 4353 2126 4422 ubique
2155 4353 2307 4408 Chri-

723 4447 869 4495 stum
907 4453 1072 4492 unum
1118 4447 1173 4494 et
1208 4439 1401 4494 Filium
1459 4452 1514 4494 et
1559 4441 1840 4495 Dominum
1893 4457 2017 4498 esse
2066 4443 2304 4499 affirmes

723 4535 856 4591 illud
894 4549 962 4590 ex
1022 4536 1132 4590 Deo
1182 4535 1346 4589 Patre
1393 4535 1624 4590 Verbum
1659 4552 1780 4591 cum
1808 4553 1903 4593 sua
1935 4553 2119 4603 carne,
2161 4554 2299 4607 quo-

724 4629 887 4685 modo
915 4628 1116 4685 asseris
1171 4627 1480 4696 pontificem
1511 4629 1744 4697 positum
1780 4628 1950 4684 fuisse
1978 4638 2031 4684 et
2086 4642 2302 4698 aposto-

724 4719 834 4775 lum
855 4761 870 4784 ,
905 4720 977 4773 ita
1009 4727 1089 4785 ut,
1117 4734 1238 4774 cum
1268 4719 1320 4772 id
1357 4719 1527 4783 dicas,
1558 4733 1663 4773 non
1700 4733 1965 4774 summam
1988 4723 2103 4789 ejus
2125 4721 2302 4790 digni-

725 4820 894 4865 tatem
926 4810 1129 4866 afﬁcias
1157 4811 1484 4866 contumelia
1518 4811 1540 4864 ?
1576 4812 1733 4877 Quia,
1785 4813 2026 4879 inquam,
2051 4813 2133 4866 vir
2162 4813 2304 4881 opli~

725 4917 836 4967 me,
860 4903 1196 4974 unigenitum
1223 4903 1351 4956 illud
1381 4903 1471 4958 Dei
1506 4902 1736 4958 Verbum
1780 4903 1979 4958 factum
2008 4914 2092 4959 est
2119 4906 2300 4968 homo,

726 5005 784 5051 et
831 4996 1122 5052 sacerdotii
1165 5011 1362 5050 munus
1422 4995 1774 5050 humanitatis
1825 5012 2130 5051 mensuram
2160 4998 2301 5050 haud

727 5089 977 5153 dedecet,
1006 5098 1064 5141 ut
1099 5087 1226 5145 item
1281 5088 1425 5157 quod
1482 5089 1680 5144 missus
1730 5102 1852 5143 esse
1895 5090 2110 5144 dicitur.
2162 5087 2304 5142 Con-

728 5177 1002 5235 fusionem
1033 5177 1178 5233 enim
1227 5179 1571 5247 contempsit,
1603 5189 1660 5231 ut
1693 5178 1886 5233 beatus
1901 5177 2101 5232 Paulus
2140 5178 2302 5242 ait",

728 5284 854 5323 eum
891 5270 978 5323 liis
1030 5269 1194 5324 etiam
1243 5267 1459 5324 utiliora
1489 5279 1545 5324 et
1596 5269 1897 5340 indigniora
1951 5283 2168 5340 pr0pter
2210 5285 2306 5323 nos

729 5358 1037 5429 pertulerit.
1061 5358 1216 5414 Dedit
1242 5361 1385 5414 enim
1422 5361 1641 5416 dorsum
1672 5361 1726 5416 in
1767 5361 2002 5431 ﬂagella,
2029 5371 2086 5415 et
2111 5361 2304 5416 faciem

730 5464 883 5504 suam
919 5463 1024 5503 non
1059 5449 1259 5504 avertit
1291 5463 1322 5502 a
1345 5451 1664 5506 confusione
1695 5462 1972 5519 sputorum
2007 5451 2051 5482 ⁸⁸
2077 5491 2092 5516 ,
2140 5462 2191 5506 et
2214 5451 2308 5507 Ju-

732 5543 972 5598 daaorum
1002 5543 1356 5598 contumelias
1385 5544 1649 5613 patienter
1680 5544 1951 5598 sustinuit.
1975 5544 2079 5598 Sed
2110 5543 2311 5614 refugis

733 5635 1072 5691 sacerdotem
1099 5635 1298 5690 dicere.
1317 5645 1374 5688 ut
1409 5636 1498 5703 qui
1529 5637 1596 5690 sit
1619 5635 1802 5690 Deus?
1833 5636 2070 5690 Admitte
2092 5636 2305 5707 dispen-

805 5818 852 5852 ”
890 5818 1068 5874 Gal-al.
1120 5835 1178 5882 ιι,
1217 5819 1297 5872 l8.
1377 5819 1420 5850 ⁸⁷
1463 5817 1626 5872 llebr.
1667 5831 1762 5881 xu,
1797 5815 1846 5870 '2.

2397 3343 2709 3413 λειτουργίᾳ
2763 3342 3238 3412 Θεραπευόμενος;
3271 3342 3318 3393 εί
3369 3340 3501 3403 Θεὸς
3554 3340 3582 3390 6
3629 3337 3988 3408 προσφέρων,

2397 3431 2570 3493 οὐδεὶς
2601 3423 2646 3498 ᾧ
2675 3432 3046 3501 προσφέρεται
3067 3447 3080 3460 ·
3105 3429 3158 3482 τί
3184 3429 3293 3498 γὰρ
3325 3429 3591 3499 Θεότητος
3621 3428 3790 3493 ἀξιον,
3817 3425 3887 3478 ἶν’
3910 3425 3992 3487 ὡς

2398 3524 2635 3577 ἐλάττων
2682 3525 2966 3597 προσφέρῃ
2995 3523 3074 3593 τῷ
3117 3523 3360 3595 μείζονι;
3397 3523 3562 3594 Στῆθι
3599 3521 3693 3576 νῦν
3731 3522 3824 3575 καὶ
3852 3519 3993 3588 γοῦν

2399 3619 2455 3668 ἐν
2483 3620 2612 3679 ταῖς
2643 3616 2837 3669 ἑαυτοῦ
2871 3618 3076 3684 φωναῖς
3099 3633 3112 3646 ·
3149 3615 3285 3669 ἀλλὰ
3310 3613 3467 3666 τοῦτο
3499 3614 3617 3684 μὲν,
3651 3612 3751 3682 ούχ
3778 3605 3890 3674 οἷός
3926 3627 3994 3662 τε

2400 3706 2500 3778 ἔσῃ
2547 3706 2712 3775 δρᾷν·
2754 3706 3027 3776 περιφέρῃ
3066 3705 3123 3757 δὲ
3174 3704 3362 3773 ὥσπερ
3416 3703 3602 3778 ἀνέμῳ
3653 3700 3852 3764 παντὶ,
3889 3701 3994 3752 καὶ

2398 3797 2888 3868 διαρῤιπτούμενος
2919 3798 3018 3849 ούκ
3048 3796 3304 3866 αἰσθάνῃ,
3349 3795 3479 3848 ποτὲ
3521 3794 3640 3864 μὲν,
3671 3792 3730 3857 ἐξ
3759 3792 3994 3845 ἐκείνων

2402 3893 2482 3953 είς
2515 3887 2689 3942 ταῦτα
2710 3929 2724 3952 ,
2755 3890 2884 3942 ποτὲ
2918 3890 2974 3942 δὲ
3010 3888 3173 3941 πάλιν
3203 3890 3267 3942 ἐκ
3307 3887 3510 3940 τούτων
3542 3888 3621 3951 είς
3666 3886 3852 3938 ἐκεῖνα
3893 3902 4000 3955 με-

2402 3980 2661 4050 ταπηδῶν
2684 3997 2698 4010 ·
2727 3980 2903 4044 δέδιας
2951 3980 3008 4034 δὲ
3051 3981 3172 4034 κατ’
3205 3978 3399 4032 ούδένα
3433 3977 3634 4048 τρόπον
3668 3977 3727 4029 τὸ
3770 3976 3861 4030 διά
3887 3977 3996 4046 τῆς

2402 4076 2498 4128 τοῦ
2530 4075 2738 4130 Παύλου
2757 4077 2938 4148 φωνῆς
2957 4094 2970 4107 ·
3003 4098 3022 4128 ‹
3054 4077 3116 4130 Ei
3138 4076 3248 4148 γὰρ
3270 4075 3306 4129 ἂ
3332 4075 3635 4140 κατέλυσα,
3673 4072 3850 4128 ταῦτα
3876 4072 3995 4127 πάι

2403 4169 2487 4222 λιν
2533 4171 2898 4243 οἰκοδομήσω,
2954 4170 3280 4242 παραὸάτην
3325 4171 3567 4242 ἐμαυτὸν
3602 4170 3931 4224 συνιστάνω.
3973 4191 3993 4222 ι

2418 4261 2591 4332 Ἐρεῖς
2641 4261 2699 4315 δὲ
2740 4263 2869 4324 ἴσως
2902 4262 3105 4315 ἐκεῖνοσ
3162 4263 3399 4332 Χριστὸν
3449 4263 3545 4315 ἕνα
3590 4261 3684 4314 καὶ
3723 4259 3853 4313 Υίὸν
3896 4262 4002 4314 καὶ

2407 4351 2613 4420 Κύριον
2647 4351 3115 4422 διισχυριζόμενος
3149 4346 3287 4405 εἷναι
3322 4351 3594 4421 πανταχοῦ
3632 4351 3724 4404 τὸν
3759 4351 3824 4402 ὲκ
3853 4349 4000 4403 Θεοῦ

2409 4447 2618 4518 Πατρὸς
2649 4443 2840 4512 Λόγον,
2884 4443 3021 4513 μετά
3059 4443 3158 4513 τῆς
3188 4444 3322 4506 ἰδίας
3367 4444 3592 4514 σαρκὸς,
3631 4443 3747 4507 πῶς
3779 4442 3846 4512 δὴ
3885 4443 4003 4512 φὴς

2410 4540 2487 4600 είς
2517 4535 2779 4609 ἀρχιερέα
2833 4531 3112 4588 τεθεῖσθαι
3157 4535 3251 4586 καὶ
3299 4533 3631 4600 ἀπόστολον;
3661 4529 3779 4586 εἶτα
3825 4532 4000 4587 τοῦτο

2408 4629 2599 4695 λέγων,
2635 4628 2730 4696 οὐχ
2764 4624 3018 4697 ύόριεῖ[ς]
3045 4625 3142 4695 τῆς
3171 4624 3318 4689 Θείας
3347 4623 3514 4678 αὑτοῦ
3539 4625 3695 4694 δόξης
3725 4624 3785 4677 τὸ
3819 4624 4001 4696 ύπερ-

2411 4719 2573 4790 φερὲς
2600 4716 2848 4787 ἀξίωμας
2883 4719 3024 4780 Ὅτι,
3055 4710 3100 4769 ὧ
3149 4715 3410 4785 βέλτιστε,
3445 4718 3610 4787 φαίην
3649 4716 3734 4780 ἂν,
3763 4714 4002 4784 γέγονεν

2412 4812 2506 4863 ἄνθ
2518 4826 2696 4878 ρωπος
2719 4809 2747 4859 6
2779 4807 3073 4877 μονογενὴς
3101 4805 3195 4858 τοῦ
3222 4806 3358 4860 Θεοῦ
3393 4808 3585 4875 Λόγος,
3611 4807 3707 4859 καὶ
3733 4808 3848 4868 τοῖς
3893 4808 4005 4878 τῆς

2414 4900 2829 4970 ἀνΘρωπότητος
2881 4898 3134 4968 μέτροις,
3168 4899 3268 4950 ούκ
3321 4899 3657 4968 ἀνάρμοστον
3694 4895 3760 4949 ἂν
3790 4897 3881 4968 εἴη
3936 4901 4004 4950 τὸ

2414 4995 2601 5062 χρῆμα
2631 4991 2728 5060 τῆς
2776 4988 3093 5060 ἱερωσύνης,
3155 4988 3249 5040 καὶ
3292 4987 3396 5058 μὴν
3428 4989 3521 5040 καὶ
3559 4986 3620 5039 τὸ
3650 4987 4001 5040 ἀπεστάλθαι

2412 5086 2593 5150 λέγειν
2626 5083 2806 5137 αὐτόν.
2849 5081 3238 5152 Κατεφρὸνησε
3269 5079 3377 5151 γὰρ
3425 5078 3703 5148 αἰσχύνης,
3726 5077 3802 5139 ὡς
3841 5079 3872 5128 6
3901 5076 4002 5130 θε-

2416 5174 2634 5234 σπέσιος
2661 5173 2860 5240 γράφει
2885 5170 3113 5234 Παῦλος,
3148 5171 3240 5223 καὶ
3273 5170 3340 5221 τά
3374 5169 3455 5219 ἔτι
3487 5167 3619 5236 μείω
3640 5183 3698 5219 τε
3738 5168 3829 5218 καὶ
3881 5170 3997 5220 ἁπ-

2415 5267 2686 5334 ηχέστερα
2717 5264 2781 5316 δι’
2807 5266 2952 5334 ἡμᾶς
2981 5262 3300 5332 ὑπομείνας.
3323 5259 3536 5314 Δέδωκε
3568 5259 3676 5328 γὰρ
3701 5258 3792 5311 τὸν
3822 5259 3999 5312 νῶτον

2413 5361 2491 5421 είς
2525 5360 2812 5427 μάστιγας,
2840 5359 2900 5409 τὸ
2932 5357 2988 5409 δὲ
3020 5357 3312 5430 πρόσωπον
3339 5353 3503 5408 αὑτοῦ
3537 5354 3634 5404 οὐκ
3660 5353 3995 5423 ἀπεστράφη

2413 5451 2523 5505 ἀπὸ
2564 5451 2825 5520 αἰσχύνης
2848 5451 3276 5520 ἑμπτυσμάτων,
3309 5447 3401 5500 καὶ
3426 5446 3524 5510 τάς
3557 5444 3826 5499 Ἰουδαίων
3848 5462 3997 5514 παρ-

2413 5542 2582 5604 οινίας
2611 5541 2906 5612 τληπαθῶς
2937 5541 3213 5611 ἠνέσχετο.
3247 5537 3384 5592 Ἀλλ’
3405 5537 3505 5589 οὑκ
3531 5535 3702 5600 ἀξιοῖς
3732 5535 3885 5607 ἱερέα
3913 5535 4001 5588 λέ·

2415 5651 2533 5702 γειν
2569 5634 2644 5696 ὡς
2667 5633 2984 5705 ὑπάρχοντα
3006 5629 3173 5698 Θεόν;
3201 5629 3368 5699 Δέχου
3399 5629 3496 5701 τῆς
3521 5627 3837 5698 οίκονομίας
3869 5629 3996 5693 τοὺς

1925 5817 1970 5848 ⁸⁸
2012 5817 2110 5872 lsa.
2148 5834 2195 5882 ι..
2221 5818 2292 5882 -6;
2327 5816 2513 5870 Matth.
2547 5834 2693 5882 xm,
2731 5820 2818 5875 67.
