4112 6506
136 411 208 469 533
1274 442 1649 500 ADVERSUS
1684 443 2086 500 NESTORIUM
2131 445 2258 501 LIB.
2296 447 2380 502 Ill.
3356 455 3459 509 154

142 543 319 663 λζόιξυς·
374 549 759 623 δια-λογίζου
837 562 948 634 τὴν
976 564 1235 619 κένωσιν⁶
1292 566 1389 639 τὴν
1441 570 1520 631 είς
1551 571 1650 640 τὴν
1696 568 1769 622 τοι

1894 570 2118 624 sationis
2179 569 2469 634 rationem,
2528 569 2702 639 cogita
2756 568 3198 634 exinanitionem,
3232 571 3457 627 descen-

158 639 302 756 ὼὺλον
330 646 576 756 ξοριρὴν
613 654 1078 724 καταφοίτησιν.
1110 657 1183 709 Οὐ
1209 657 1272 726 δὴ
1300 659 1571 730 προκόψαι
1602 639 1769 730 φαμὲι

1887 677 2115 731 sumque
2160 662 2226 715 ad
2282 660 2422 715 servi
2476 659 2726 715 formant.
2776 660 2889 715 Non
2949 662 3112 732 igitur
3165 662 3457 731 profecisse

168 735 239 786 ut
260 735 330 844 εἰς
355 737 605 809 ἀξίωμα
638 742 909 815 δραμεῖν
953 747 1042 800 τὸν
1074 749 1168 802 τοῦ
1218 750 1354 803 Θεοῦ
1396 752 1592 820 Λόγον,
1619 754 1668 806 εί
1694 771 1769 806 κε·

1886 755 2137 817 dicimus,
2196 760 2249 807 et
2307 753 2374 805 ad
2420 751 2737 817 dignitatem
2790 753 3101 820 pervenisse
3150 754 3323 822 ipsum
3365 754 3453 808 Dei

176 834 497 935 χρηαάτικεν
540 834 723 903 ἡμῶν
774 838 1110 911 ἀρχιερεὺς,
1142 842 1467 897 καθικέσθαι
1496 844 1552 897 δὲ
1582 845 1769 915 μᾶλλοι

1892 846 2144 909 Verbum,
2175 861 2296 900 cum
2327 842 2567 913 pontifex
2606 854 2788 898 noster
2818 854 2903 898 est
2931 843 3125 910 factus,
3160 846 3251 899 sed
3277 846 3456 913 potius

180 923 257 974 ιαὶ
279 923 364 974 διὰ
401 924 618 978 τούτου
664 929 818 998 πρὸς
856 930 1120 984 κένωσιν·
1155 934 1277 986 ἐπεὶ
1313 936 1429 999 πῶς
1460 938 1769 1005 κεκένωται,

1885 939 2047 993 etiam
2082 952 2147 991 ex
2176 937 2277 991 hac
2316 946 2469 1004 parte
2502 935 2571 988 ad
2600 935 3030 989 exinanitionem
3074 934 3451 989 descendisse:

182 1014 262 1065 καὶ
278 1010 790 1084 ἱτεὶταπεινῶσθαι
807 1020 1028 1089 λέγεται
1044 1024 1237 1081 ,καίτοι
1251 1026 1312 1078 τὸ
1328 1026 1600 1096 ἄτρεπτον
1619 1029 1769 1099 ἔχων,

1885 1031 2107 1099 alioqui,
2159 1030 2428 1098 quomodo
2461 1028 2772 1082 exinanitus
2803 1036 2858 1080 et
2892 1026 3208 1080 humiliatus
3236 1025 3454 1089 dicitur,

183 1108 270 1160 καὶ
295 1108 572 1179 ὑπάρχων
610 1114 673 1164 ὲν
712 1116 902 1183 μορφῇ
932 1117 1023 1168 καὶ
1053 1117 1260 1186 ίσότητι
1288 1118 1430 1172 κατὰ
1459 1123 1567 1175 πᾶν
1604 1121 1769 1175 ὁτιοῦι

1884 1138 2005 1177 cum
2039 1129 2185 1174 esset
2236 1117 2593 1172 immutabilis
2621 1125 2675 1170 et
2707 1118 2760 1170 io
2798 1115 2968 1170 forma
3000 1115 3115 1180 Dei,
3150 1124 3205 1168 et
3236 1113 3456 1181 aequali-

185 1196 312 1267 πρὸς
337 1198 433 1251 τδν
476 1200 691 1254 ἑαυτοῦ
726 1203 1074 1275 Γεννήτορα;
1117 1205 1232 1270 πῶς
1275 1208 1333 1261 δὲ
1378 1211 1471 1263 καὶ
1509 1212 1769 1283 προέκοψε

1886 1223 2049 1267 tatem
2071 1212 2325 1265 omnibus
2356 1210 2409 1263 in
2447 1208 2607 1262 rebus
2625 1223 2746 1262 cum
2777 1223 2874 1261 suo
2899 1206 3156 1263 Genitore
3179 1203 3456 1259 servaret?

181 1290 321 1342 κατὰ
350 1289 560 1361 βραχὺ,
600 1295 701 1346 καλ⁵
743 1295 926 1358 τοῦτο,
964 1298 1108 1351 καθὰ
1136 1300 1241 1370 φὴς
1278 1301 1461 1365 αὐτὸς,
1492 1306 1571 1366 εἰς
1591 1305 1653 1357 τὸ
1680 1305 1769 1377 τῆς

1882 1303 2155 1374 quomodo
2185 1302 2347 1357 etiam
2391 1299 2645 1368 paulatim
2676 1296 2926 1368 profecit,
2950 1298 3131 1367 idque,
3169 1307 3227 1350 ut
3262 1306 3318 1349 tu
3350 1295 3452 1361 ais,

174 1381 609 1455 ἀρχιερωσύνης
654 1387 915 1455 άξίωμας
964 1388 1123 1443 ποίαν
1175 1393 1257 1453 είς
1291 1392 1449 1446 τοῦτο
1493 1395 1769 1466 δεχόμενος

1883 1395 1949 1448 ad
1980 1394 2267 1448 sacerdotii
2298 1391 2614 1461 dignitatem
2646 1391 2670 1444 ‘l
2697 1392 2855 1459 quale
2880 1390 2945 1444 ad
2970 1404 3090 1443 eam
3121 1401 3234 1444 rem
3275 1389 3455 1441 incre-

169 1473 276 1543 τὴν
316 1475 615 1542 ἑπίδοσιν;
651 1468 713 1530 El
751 1480 848 1548 μὲν
901 1476 997 1533 οὖν
1040 1482 1139 1549 τὴν
1188 1482 1472 1552 σώματος,
1510 1488 1769 1558 ἐρήσομαι

1883 1496 2127 1541 mentum
2159 1483 2419 1552 accepit?
2452 1482 2581 1536 Nam
2625 1485 2668 1537 si
2713 1483 2958 1553 corporis
3016 1483 3189 1547 dicas,
3252 1480 3453 1550 rogabo

167 1564 373 1617 πάλιν·
406 1562 569 1637 ’Δρα
596 1569 707 1641 γὰρ
746 1572 777 1641 ἠ
818 1570 1068 1643 σώματος
1091 1573 1318 1646 αὔξησις
1366 1577 1504 1647 πρὸς
1548 1578 1647 1648 τὴν
1680 1582 1769 1650 τῆς

1884 1591 2123 1630 rursus:
2172 1575 2309 1628 Nam
2346 1576 2595 1644 corporis
2645 1584 2993 1641 augmentum
3048 1575 3113 1627 ad
3163 1572 3453 1628 sacerdotii

168 1657 499 1727 ἱερωσύνης
528 1660 854 1731 ἀνακομίζει
872 1663 1061 1729 δόξανς
1098 1665 1308 1718 Οὐκοῦν
1341 1667 1481 1720 ἔστω
1505 1666 1564 1720 τὸ
1588 1669 1769 1739 χρῆμα

1882 1671 2105 1740 gloriam
2142 1670 2387 1737 perducit
2418 1667 2441 1720 ?
2475 1667 2616 1735 Ergo
2655 1667 2962 1721 communis
2996 1667 3069 1719 sit
3099 1679 3162 1720 ea
3198 1664 3450 1734 dignitas,

164 1749 368 1801 κοινόν
391 1767 406 1779 ·
446 1752 548 1803 καὶ
582 1752 611 1803 6
646 1751 736 1815 σὸς
775 1754 956 1806 οὑτοσὶ
980 1754 1117 1807 κατὰ
1148 1756 1347 1819 παντὸς
1374 1757 1470 1810 ίτω
1503 1758 1658 1825 λόγος
1679 1762 1769 1813 τοῦ

1879 1772 1932 1816 et
1960 1762 2073 1815 baac
2103 1771 2193 1812 tua
2250 1760 2390 1812 ratio
2442 1774 2537 1827 per
2596 1771 2785 1811 omnes
2812 1765 2901 1808 eat
2963 1756 3055 1823 qui
3102 1753 3456 1823 corporaliter

162 1842 606 1910 προκόπτοντος
671 1842 1026 1912 σωματικῶςο
1080 1845 1217 1898 ἀλλὰ
1281 1848 1386 1917 μὴν
1439 1848 1539 1919 οὐχ
1601 1850 1769 1905 ἅπασι

1881 1864 2169 1922 augentur,
2228 1849 2378 1919 atqui
2440 1864 2545 1902 non
2600 1848 2853 1902 omnibus
2896 1847 2986 1916 qui
3022 1846 3088 1901 ad
3147 1846 3452 1900 auctionem

162 1932 293 1992 τοῖς
318 1933 409 1993 είς
466 1930 701 2001 αὔξησιν
735 1931 833 2003 τὴν
874 1935 1190 2006 σωματικὴν
1233 1937 1527 2008 ἀναφοιτᾷν
1560 1940 1769 1994 εἰωθόσι

1879 1941 2215 2011 corporalem
2252 1940 2539 2009 pervenire
2562 1940 2757 2001 solent,
2792 1938 3094 1992 sacerdotio
3135 1935 3282 2007 fungi
3325 1952 3455 1992 con-

162 2019 231 2123 Eb
294 2022 562 2091 ἱερᾶσθαι
618 2020 856 2091 πρέπει·
895 2022 1013 2086 πῶς
1048 2019 1142 2077 οὖν
1203 2026 1336 2094 ἡμῖν
1383 2027 1462 2088 είς
1504 2026 1769 2093 ἀπόδειξιν

1882 2033 2029 2088 venit
2057 2052 2071 2087 :
2102 2032 2375 2101 quomodo
2409 2030 2573 2099 igitur
2608 2030 2671 2083 ad
2708 2030 2796 2085 illa
2840 2045 2961 2100 qure
3017 2029 3197 2083 dixisti
3229 2028 3457 2083 demon-

160 2112 248 2164 ὢν
306 2112 455 2182 ἔφης
498 2114 823 2183 παρατιθεὶς
873 2116 974 2169 οὐκ
1012 2115 1302 2187 ἐρυθριᾷς,
1344 2117 1407 2171 τὸ
1458 2118 1546 2171 διά
1590 2120 1775 2188 φωνῆς

160 2203 481 2272 είρημένον
518 2202 613 2256 τοῦ
659 2202 947 2257 θεσπεσίου
979 2206 1164 2259 Λουκᾶ
1188 2222 1202 2236 ο
1256 2224 1276 2259 ι
1316 2208 1521 2279 Ἰησοῦς
1559 2209 1615 2262 δὲ
1642 2226 1775 2279 προ-

158 2293 414 2347 ἔκοπτεν
443 2294 633 2366 ἡλικίᾳ
660 2294 755 2348 καὶ
785 2295 947 2367 σοφίᾳ
969 2298 1061 2349 καὶ
1083 2299 1265 2368 χάριτι
1289 2317 1303 2365 ;
1335 2319 1354 2351 ι
1389 2301 1527 2354 Ἀλλ’
1557 2301 1634 2365 ὼς
1658 2300 1769 2374 [ῖσ.

160 2384 277 2457 είς]
318 2388 529 2455 σοφίαν
561 2387 670 2457 φὴς
700 2387 954 2456 γενέσθαι
997 2388 1095 2460 τὴν
1126 2391 1393 2446 ὲπίδοσιν’
1430 2395 1606 2449 καίτοι
1655 2396 1772 2461 πῶς

1876 2125 2126 2190 stranda,
2151 2140 2213 2178 ea
2250 2123 2448 2177 afferre
2471 2123 2873 2175 nonerubescis
2929 2136 3046 2188 quae
3090 2118 3271 2174 verbis
3310 2119 3452 2174 beati

1877 2214 2038 2269 Luca:
2072 2216 2213 2268 dicta
2242 2222 2410 2268 sunt:
2446 2228 2465 2261 ι
2504 2208 2663 2265 Iesus
2708 2219 2886 2262 autem
2938 2207 3252 2278 proﬁciebat
3297 2216 3456 2261 aetate

1875 2318 1929 2362 et
1985 2304 2250 2376 sapientia
2305 2312 2359 2356 et
2414 2303 2586 2369 gratia
2615 2301 2760 2354 ⁸⁸2»
2796 2301 2866 2353 At
2892 2300 3036 2354 enim
3088 2300 3139 2354 in
3190 2298 3453 2368 sapientia

1874 2397 2077 2451 factum
2101 2409 2223 2449 esse
2266 2395 2665 2448 incrementum
2698 2391 2834 2445 dicis
2868 2409 2881 2444 :
2927 2388 3142 2443 tametsi
3187 2388 3456 2457 quomodo

160 2474 334 2527 τοῦτο
371 2475 481 2527 οὐκ
531 2475 781 2542 ἀμαθές;
832 2478 1286 2550 Πεπιστεύκαμεν
1330 2480 1437 2551 γὰρ
1485 2483 1549 2535 ὲκ
1581 2484 1773 2554 νηδύος

162 2567 349 2638 αὐτῆς
402 2567 505 2620 καὶ
556 2569 770 2637 μήτρας
813 2569 909 2639 τῆς
955 2571 1289 2643 παρθενικῆς
1335 2573 1466 2627 Θεὸν
1498 2575 1626 2629 ὄντα
1681 2577 1771 2631 τὸν

175 2658 571 2729 Ἑμμανουὴλ,
611 2659 898 2730 ἄνθρωπον
940 2662 1240 2731 προελθεῖν,
1279 2666 1459 2737 πλήρη
1486 2685 1587 2720 που
1636 2669 1771 2722 πάν-

162 2766 277 2813 τως
305 2753 511 2821 σοφίας
546 2756 641 2806 καὶ
672 2753 897 2823 χάριτος
934 2753 1033 2822 τῆς
1068 2756 1294 2825 ἐνούσης
1327 2758 1476 2828 αὑτῷ
1505 2762 1766 2826 φυσικῶς.

164 2845 338 2898 Ποίαν
366 2842 469 2899 οὖν
490 2846 798 2910 ὲπιδέξαιτο
819 2846 918 2917 τὴν
940 2846 1182 2901 ἐπίδοσιν
1206 2848 1233 2899 6
1260 2850 1319 2900 ἐν
1344 2842 1387 2917 ᾧ
1411 2852 1611 2915 πάντες
1634 2855 1769 2907 εἰσὶν

164 2937 214 2988 oi
257 2938 541 3007 θησαυροὶ
586 2939 685 3006 τῆς
717 2938 925 3005 σοφίας,
957 2941 985 2992 ό
1009 2939 1109 3009 τῆς
1150 2939 1357 2993 ἄνωθεν
1386 2943 1606 3013 χάριτος
1641 2962 1769 2998 συν-

163 3029 336 3099 δοτὴρ
372 3029 456 3099 τῷ
498 3028 621 3097 Θεῷ
660 3030 752 3081 καὶ
782 3030 990 3099 Πατρίς
1022 3030 1147 3093 Πῶς
1175 3028 1267 3085 οὖν
1291 3034 1398 3103 ἄρα
1438 3038 1769 3105 προκόπτειν

166 3123 435 3193 εἴρηταις
469 3122 946 3192 Συμμετροῦντος,
971 3121 1044 3186 ὣς
1077 3140 1140 3190 γε
1169 3120 1342 3193 οἶμαι,
1383 3126 1474 3178 τοῦ
1509 3128 1644 3180 Θεοῦ
1668 3131 1767 3183 Λό‹

1873 2491 1982 2561 87
2006 2490 2054 2543 id
2087 2504 2190 2542 non
2212 2487 2432 2542 stultum
2458 2486 2566 2540 sit?
2584 2484 2858 2538 credimus
2877 2482 3022 2539 enim
3046 2497 3112 2535 ex
3134 2483 3249 2550 ipso
3267 2490 3456 2535 ventre

1874 2594 2037 2651 atque
2081 2592 2233 2634 utero
2270 2579 2534 2647 virgineo,
2573 2576 2748 2646 ipsum
2775 2573 3114 2636 Emmanuel,
3158 2586 3278 2627 cum
3315 2570 3456 2625 Deus

1872 2680 2035 2734 esset,
2070 2670 2344 2724 hominem
2384 2667 2670 2736 prodiisse,
2704 2665 2922 2735 plenum
2958 2662 3142 2733 procul
3174 2662 3335 2716 dubio
3368 2675 3458 2714 sa-

1874 2760 2073 2831 pientia
2106 2770 2159 2813 et
2187 2757 2361 2829 gratia
2396 2772 2517 2826 qua:
2549 2755 2623 2810 illi
2669 2754 2988 2808 naturaliter
3032 2755 3227 2807 inerat.
3278 2751 3458 2818 Quod-

1874 2870 1995 2907 nam
2040 2852 2202 2921 igitur
2232 2853 2276 2904 is
2309 2851 2700 2903 incrementum
2731 2846 3050 2914 susciperet,
3089 2846 3141 2898 in
3181 2857 3287 2913 quo
3332 2849 3458 2897 sunt

1870 2960 2058 3000 omnes
2090 2941 2324 2997 thesauri
2362 2941 2639 3009 sapientia:
2664 2941 2735 3001 ⁹⁰,
2764 2940 2853 3006 qui
2895 2952 3141 3005 supernae
3166 2933 3354 3005 gratia!
3380 2934 3455 2987 si-

1871 3036 1978 3091 mul
2012 3050 2131 3090 cum
2164 3034 2274 3087 Deo
2306 3041 2362 3086 et
2397 3029 2560 3084 Patre
2587 3028 2816 3097 largitor
2843 3026 2968 3081 est?
2991 3024 3270 3088 Ouomodo
3296 3021 3458 3086 igitur

1870 3127 2132 3197 prolicere
2180 3126 2359 3181 dictus
2392 3123 2513 3178 est?
2562 3120 2632 3176 Ut
2679 3136 2778 3191 ego
2831 3120 3084 3182 arbitror,
3135 3114 3259 3184 quia
3318 3114 3459 3167 Deus

167 3233 291 3281 γου,
326 3217 400 3286 τῇ
430 3213 529 3267 τοῦ
583 3212 713 3266 ίδίου
748 3212 1003 3283 σώματος
1032 3215 1171 3287 αὔξῃ
1199 3234 1258 3269 τε
1298 3218 1393 3271 καὶ
1431 3219 1633 3292 ἡλικίᾳ,
1658 3223 1766 3276 τῶν

1874 3216 2137 3277 Verbum,
2176 3231 2273 3283 pro
2302 3215 2643 3267 incremento
2668 3218 2723 3263 et
2743 3218 2904 3263 aztate
2927 3207 3009 3260 sui
3027 3204 3292 3273 corporis,
3323 3201 3460 3256 divi-

170 3279 408 3361 ένόντων
431 3305 588 3376 αὐτῷ
611 3279 1094 3378 θεοπρεττεστάτων
1117 3279 1337 3378 άναθῶν
1363 3279 1461 3384 τὴν
1483 3279 1759 3383 ἔκφανσιν.

1872 3323 2061 3363 normn
2104 3307 2317 3360 illorum
2358 3306 2621 3358 bonorum
2667 3316 2785 3368 qnze
2818 3300 2918 3354 sibi
2948 3300 3182 3360 inerant,
3226 3292 3457 3348 manife-

182 3398 498 3467 Ἑννοιῖιμεν
548 3395 656 3465 γάρ
680 3398 781 3456 ὅτι.
828 3398 1005 3451 καίτοι
1056 3401 1177 3453 καθ’
1222 3404 1366 3472 ἡμᾶς
1404 3406 1643 3472 γεγονὼς
1670 3407 1764 3460 ἀν-

169 3489 419 3559 θρωπος,
463 3487 754 3541 λανθάνειν
799 3489 1131 3555 ἐσπούδαζεν
1174 3494 1233 3545 ὲν
1265 3495 1463 3563 ἀρχαῖς
1485 3535 1499 3556 ,
1532 3497 1628 3548 καὶ
1654 3493 1765 3550 οἷον

175 3581 427 3649 ἀψοφητὶ
471 3578 572 3631 καὶ
602 3579 980 3649 σεσιγημένως
1011 3581 1106 3651 τὴν
1143 3582 1235 3637 τοῦ
1268 3585 1569 3654 μυστηρίου
1605 3587 1765 3640 δύνα-

175 3691 265 3741 μιν
307 3670 460 3726 κατὰ
507 3670 681 3741 βραχὺ
727 3669 1128 3740 διοικούμενος·
1162 3674 1257 3727 καὶ
1301 3675 1437 3745 πρός
1492 3692 1555 3744 γε
1610 3678 1767 3731 τοῦτο

170 3766 320 3833 ἡμᾶς
368 3762 540 3825 αὐτὸς
590 3763 620 3813 6
647 3762 781 3827 Θεὸς
815 3765 909 3817 καὶ
939 3765 1128 3835 Πατὴρ
1186 3767 1519 3821 πιστώσεται
1552 3768 1724 3836 λέγων
1748 3788 1764 3803 ·

178 3875 195 3905 ι
240 3854 453 3909 Ἰακὼό
488 3855 518 3907 6
558 3857 687 3918 παῖς
731 3872 854 3925 μου,
895 3856 1259 3927 ἀντιλήψομαι
1305 3858 1506 3913 αὐτοῦ’
1553 3861 1767 3932 Ἰσραὴλ

170 3954 197 4004 ό
240 3950 511 4013 ἐκλεκτός
559 3968 684 4020 μου,
745 3950 1104 4021 προσεδέξατο
1150 3953 1313 4005 αὐτὸν
1364 3956 1397 4025 ἡ
1443 3954 1586 4025 ψυχή
1625 3974 1763 4025 μου·

173 4045 350 4097 ἔδωκα
386 4044 450 4097 τὸ
472 4043 698 4111 πνεῦμά
738 4060 836 4111 μου
858 4044 943 4094 ἐπ’
978 4044 1139 4096 αὐτόν
1162 4060 1173 4071 ·
1207 4045 1389 4113 κρίσιν
1419 4048 1530 4108 τοῖς
1561 4047 1767 4101 ἔθνεσιν

174 4132 403 4196 ἐξοίσειο
429 4133 494 4185 ού
542 4130 894 4201 κεκράξεται,
928 4131 1047 4184 οὐδὲ
1082 4132 1307 4195 ἀνοίσει,
1338 4133 1458 4185 οὐδὲ
1494 4136 1769 4207 ἀκουσθή-

177 4226 389 4291 σεταιὴ
438 4221 598 4291 φωνὴ
646 4220 810 4275 αὑτοῦ
850 4217 985 4285 ἔξωο
1017 4222 1264 4292 κάλαμον
1308 4224 1769 4295 συντεθλασμένον

174 4313 232 4365 οὗ
257 4312 583 4384 συντρξψεν
618 4311 711 4366 καὶ
744 4311 887 4364 λίνον
911 4313 1214 4383 τυφόμενον
1259 4313 1320 4366 οὐ
1346 4315 1549 4370 σϐέσει.
1585 4335 1604 4367 ι
1643 4317 1769 4371 Ἐπ-

174 4405 338 4473 ετίμα
366 4406 427 4457 δέ
466 4421 573 4458 που
615 4404 707 4457 καὶ
750 4404 933 4467 αὐτοῖς
976 4407 1085 4468 τοῖς
1118 4404 1295 4473 ἁγίοις
1315 4408 1653 4473 ἀποστόλοις,
1684 4411 1769 4465 ἵνα

180 4500 253 4567 μὴ
286 4498 536 4567 φανερὸν
566 4496 729 4549 αὐτὸν
762 4495 1009 4551 ποιῶσιν.
1045 4495 1254 4550 Οὐκοῦν
1282 4497 1496 4569 ἐδείχθη
1537 4500 1602 4553 ἂν
1629 4502 1769 4556 ἃπα-

178 4606 259 4641 σιν
288 4589 461 4659 ἄηθες
489 4605 547 4640 τε
576 4587 765 4657 χρῆμα
798 4588 892 4641 καὶ
922 4586 1090 4653 ξένον,
1119 4590 1214 4641 καὶ
1240 4593 1561 4661 περιεργίας
1597 4593 1764 4659 ἄξιον,
1803 4621 1844 4674 ο

176 4684 222 4734 εί
253 4682 461 4751 βρέφος
492 4679 569 4731 ὣν
605 4678 707 4741 ἔτι,
743 4678 1021 4748 θεοπρεπῆ
1050 4680 1150 4749 τῆς
1188 4682 1379 4749 σοφίας
1414 4683 1650 4736 ἐποιεῖτο
1669 4685 1768 4756 τὴν

177 4774 401 4838 ἔνδειξιν
421 4792 435 4803 ο
472 4771 619 4825 κατὰ
648 4773 818 4841 βραχὺ
845 4772 901 4825 δὲ
933 4776 1028 4825 καὶ
1054 4773 1333 4841 άναλῖγως
1358 4776 1423 4845 τῇ
1456 4774 1549 4828 τοῦ
1582 4776 1769 4845 σώμα-

177 4880 262 4927 τος
307 4864 508 4934 ἡλικίᾳ
558 4861 907 4932 κατευρύνων
962 4863 1154 4932 αὐτὴν,
1215 4864 1429 4935 ἐμφανῆ
1483 4881 1544 4917 τε
1594 4864 1766 4920 ἅπασι

178 4952 478 5015 καθιστῶν,
504 4951 837 5021 προκόπτειν
872 4951 935 5003 ἂν
956 4951 1185 5018 λέγοιτο,
1214 4954 1307 5006 καὶ
1339 4954 1485 5023 μάλα
1516 4956 1761 5019 εἰκότως.

178 5043 299 5107 Πῶς
326 5040 423 5097 οὖν
452 5044 562 5113 ἄρα
599 5041 741 5095 κατὰ
773 5044 965 5112 μικρὸν
997 5044 1300 5114 προέκοψεν
1329 5047 1408 5109 είς
1439 5048 1760 5118 ἱερωσύνην,

180 5138 313 5186 κατὰ
347 5134 574 5207 ἀρετὴν,
611 5136 736 5187 είπέ
783 5152 893 5203 μοι,
932 5135 1350 5207 τελειούμενος;
1394 5134 1513 5191 εἶτα
1561 5139 1677 5203 πῶς
1702 5139 1769 5194 ἂν

183 5224 212 5293 ἢ
245 5226 403 5279 πόθεν
422 5225 723 5280 ἑνδοιάσειέ
749 5243 854 5289 τις,
879 5227 959 5281 ὅτι
985 5228 1044 5280 τὸ
1070 5228 1408 5298 ἡμαρτηκὸς,
1437 5230 1530 5281 τοῦ
1552 5229 1769 5293 τελείως

187 5316 387 5383 ἔχοντος
421 5320 565 5372 κατὰ
596 5317 823 5391 ἀρετὴν,
857 5318 961 5371 ὑπὸ
1010 5318 1197 5388 μῶμον
1227 5318 1399 5384 ἔσται,
1433 5323 1527 5374 καὶ
1554 5321 1655 5375 οὐκ
1689 5323 1769 5384 είς

188 5406 320 5460 ἆπαν
362 5409 822 5481 τεθαυμασμένον
847 5448 861 5471 ,
896 5410 1094 5477 μᾶλλον
1120 5410 1174 5462 δὲ
1214 5411 1354 5481 τάχα
1390 5431 1490 5466 που
1532 5414 1626 5466 καὶ
1665 5415 1769 5467 ὑπὸ

189 5503 386 5571 γραφὴν
439 5502 768 5573 ἁμαρτίας
815 5501 974 5554 Ἀλλὰ
1034 5502 1142 5572 μὴν
1189 5503 1409 5574 ἀληθὲς,
1453 5504 1529 5569 ὡς
1563 5506 1624 5558 οὐ
1666 5523 1761 5558 πε-

185 5592 391 5665 ποίηκεν
429 5594 745 5665 ἁμαρτίαν,
776 5592 895 5644 οὐδὲ
935 5592 1129 5657 εύρέθτι
1154 5594 1301 5657 δόλος
1339 5596 1398 5648 ὲν
1434 5597 1502 5665 τῷ
1535 5596 1760 5665 στόματι

1866 3399 2154 3456 stationem
2213 3395 2667 3451 admetiebantur.
2718 3390 3139 3446 Consideremus
3190 3387 3332 3441 enim
3393 3386 3460 3438 il-

1867 3491 2003 3552 lum,
2042 3488 2292 3557 quamvis
2325 3485 2618 3554 bomojam
2651 3482 2819 3537 nostri
2853 3480 3051 3535 similis
3091 3478 3266 3532 factus
3294 3486 3458 3530 esset.

1869 3579 2025 3634 initio
2081 3578 2249 3632 latere
2308 3576 2618 3635 studuisse,
2682 3574 2847 3626 veluti
2920 3573 3037 3626 sine
3101 3570 3331 3639 strepitu
3394 3581 3461 3621 ac

1871 3671 2036 3725 tacite
2108 3667 2367 3736 paulatim
2429 3664 2674 3735 mysterii
2747 3662 2852 3716 vim
2923 3662 3297 3731 disponentem
3345 3676 3359 3713 :
3407 3674 3462 3715 et

1869 3760 1935 3815 ad
1987 3758 2145 3825 ltujns
2201 3758 2275 3811 rei
2327 3756 2487 3809 (idem
2541 3754 2682 3807 Deus
2734 3768 2797 3807 ac
2845 3751 3006 3805 Pater
3040 3749 3196 3804 nobis
3229 3748 3333 3802 erit
3379 3747 3462 3801 ιυ-

1870 3854 2053 3920 cuples
2084 3861 2275 3905 auctor
2321 3863 2440 3903 cum
2477 3848 2609 3903 dicit
2642 3865 2655 3899 :
2696 3865 2713 3896 ι
2746 3844 2913 3899 Jacob
2969 3858 3103 3913 puer
3135 3857 3306 3904 meus.
3337 3856 3459 3894 sus-

1869 3944 2065 4013 cipiam
2111 3956 2234 3995 eum
2283 3938 2516 3999 :.lsrael
2558 3937 2767 3995 electus
2811 3950 2996 3999 meus,
3041 3936 3300 4002 suscipiet
3332 3948 3455 3986 eum

1869 4034 2047 4087 anima
2084 4045 2200 4084 mea
2228 4047 2241 4083 :
2266 4029 2387 4083 dedi
2420 4027 2669 4096 spiritqu
2694 4042 2872 4079 meum
2905 4039 3073 4093 super
3126 4039 3250 4077 eum
3281 4021 3457 4091 :judi-

1870 4125 2011 4180 cium
2054 4122 2310 4193 gentibus
2356 4118 2593 4190 proferet
2637 4135 2651 4171 :
2689 4133 2795 4171 non
2832 4116 3108 4179 clamabit,
3152 4130 3328 4182 neque
3360 4129 3458 4167 vo-

1870 4216 2203 4278 ciferabitur,
2235 4227 2407 4281 neque
2429 4211 2688 4264 audietur
2713 4223 2812 4262 vox
2839 4207 2954 4273 ejus
2979 4205 3113 4261 foris
3145 4224 3159 4260 :
3188 4205 3457 4258 calamum

1872 4316 2191 4376 quassatum
2244 4318 2348 4357 non
2400 4309 2672 4365 conteret,
2714 4308 2771 4352 et
2820 4299 2985 4351 linum
3037 4297 3306 4365 fumigans
3351 4301 3456 4349 nOn

1871 4398 2181 4465 exStinguet
2205 4394 2272 4447 εί.
2312 4411 2330 4444 ι
2365 4392 2680 4460 increpabat
2710 4391 2871 4442 etiam
2907 4387 3053 4457 ipsos
3081 4398 3299 4441 sanctos
3330 4401 3457 4453 apo-

1871 4488 2060 4552 stolos,
2097 4502 2164 4540 ne
2187 4500 2309 4538 eum
2352 4483 2698 4537 manifestum
2741 4480 3000 4534 facerent.
3036 4478 3174 4548 Ergo
3204 4494 3337 4531 nova
3373 4494 3459 4532 res

1872 4589 1926 4633 et
1961 4578 2173 4632 insolita
2204 4583 2418 4630 ostensa
2451 4583 2616 4636 esset.
2648 4582 2703 4626 et
2735 4588 2855 4642 (tua:
2886 4572 3155 4625 curiosius
3190 4580 3330 4623 esset
3361 4585 3459 4621 u-

1872 4670 2156 4741 quirenda,
2178 4668 2222 4722 si
2252 4667 2427 4721 adbnc
2450 4665 2627 4720 infans
2653 4667 2889 4720 divinam
2916 4666 3196 4733 sapientia:
3222 4663 3456 4731 speciem

1873 4763 2200 4818 ostendisset
2226 4761 2293 4815 ".
2324 4759 2429 4815 Sed
2457 4773 2580 4812 cum
2605 4756 2862 4824 paulatim
2893 4757 3036 4811 illam
3063 4765 3118 4810 ct
3147 4771 3241 4824 pro
3264 4770 3458 4823 corpo-

1878 4870 1981 4908 reae
2009 4854 2181 4909 mtatis
2206 4852 2415 4906 ratione
2448 4850 2828 4918 ampliﬁcaret,
2859 4848 3217 4915 omnibusque
3245 4846 3457 4915 perspi-

1872 4963 2028 5001 cuam
2082 4945 2318 5007 faceret,
2372 4944 2758 4996 convenienter
2809 4939 3101 4994 admodum
3159 4936 3458 5007 profecisse

1872 5040 1977 5093 dici
2025 5046 2222 5107 potest.
2262 5034 2544 5102 Quomodo
2598 5034 2764 5103 igitur
2813 5032 3073 5103 paulatim
3126 5032 3353 5100 profecit
3401 5034 3456 5087 in

1869 5128 2263 5193 sacerdotium,
2310 5128 2363 5180 in
2398 5127 2687 5189 virtutene,
2740 5139 2870 5195 rogo
2903 5132 2975 5187 te,
3009 5124 3461 5179 consummatus?

1869 5221 2009 5292 quod
2045 5222 2087 5275 si
2120 5231 2227 5284 est,
2261 5235 2365 5288 qua
2400 5219 2615 5270 ratione
2646 5216 2933 5284 quisquam
2962 5214 3223 5284 ambiget,
3260 5214 3403 5283 quod
3426 5228 3457 5266 a

1871 5310 2197 5381 perfectione
2249 5310 2467 5364 virtutis
2518 5309 2707 5372 abest,
2762 5308 2813 5360 id
2874 5320 2996 5361 esse
3045 5305 3453 5375 reprehensioni

1869 5405 2184 5468 obnoxium,
2234 5416 2408 5470 neque
2442 5415 2539 5468 per
2565 5401 2747 5453 omnia
2790 5399 3142 5463 laudandum,
3188 5398 3298 5452 imo
3330 5412 3458 5452 vero

1868 5496 2033 5550 etiam
2064 5495 2298 5573 fortasse
2327 5495 2394 5548 de
2421 5494 2630 5563 peccati
2661 5494 2890 5548 crimine
2912 5492 3259 5561 culpandum.
3291 5492 3455 5561 Atqui

1869 5605 2057 5643 verum
2092 5598 2311 5643 estnon
2359 5588 2553 5643 fecisse
2596 5597 2899 5655 peccatum.
2952 5601 3126 5654 neque
3177 5587 3454 5637 inventum

234 5792 273 5821 "
311 5791 440 5849 an.
490 5808 557 5857 ιι,
596 5789 695 5844 52.
776 5788 821 5818 '°
864 5788 1071 5844 Coloss.
1108 5805 1166 5853 ll,
1203 5790 1251 5844 3.
1336 5792 1381 5821 ἰ
1422 5790 1526 5847 lsa.
1567 5807 1697 5857 xw,
1734 5791 1769 5845 l-

1904 5788 2095 5845 lllattlt.
2129 5805 2229 5855 χιι,
2272 5789 2455 5845 18-20.
2534 5790 2579 5820 "
2623 5788 2807 5841 Matth.
2846 5804 2955 5848 χγι,
2994 5786 3099 5853 ‘20;
3137 5789 3301 5843 Marc.
3336 5805 3451 5855 vm,

169 5863 225 5915 50
