4112 6482
695 386 794 443 155

1703 396 1760 450 S.
1803 396 2076 451 CYRILIJ
2120 398 2587 455 ALEXANDRINI
2627 402 2945 458 ARCHIEP.

3842 398 3947 455 155

692 507 857 562 fuisse
887 507 1064 564 dolum
1094 510 1146 564 in
1174 524 1267 565 ore
1292 512 1426 579 ejus.
1459 521 1518 568 ut
1559 514 1816 584 scriptum
1845 526 1930 572 est
1966 518 2030 570 ’³.
2070 516 2259 572 Perfe-

2379 521 2548 584 ιύτοῦ,
2593 523 2736 575 καθά
2783 522 3108 593 γέγραπται.
3163 521 3480 585 Παντέλειος
3522 517 3617 575 οὖν
3661 522 3691 573 6
3739 516 3948 570 τοιόσδε

689 599 965 652 ctissimus
1005 615 1132 669 ergo
1179 612 1298 656 erat
1340 605 1484 657 omni
1540 620 1602 659 ex
1641 614 1793 674 parte
1837 607 2103 675 ejusmodi
2155 609 2256 673 vir,

691 707 864 758 neque
893 693 996 747 ullo
1026 696 1187 750 modo
1218 697 1507 766 quidquam
1540 699 1612 752 illi
1645 701 1831 755 deerat
1868 704 1933 756 ad
1961 703 2260 758 absolutam

690 784 1092 853 perfectamque
1131 787 1402 843 virtutem.
1453 789 1680 856 Quando
1723 803 1901 848 autem
1944 795 2040 849 l'uit
2087 797 2263 852 minus

693 874 745 925 in
789 875 986 929 virtute
1017 876 1309 945 perfectus,
1338 882 1430 951 qui
1459 883 1622 937 etiam
1658 885 1708 938 in
1743 895 1895 941 utero
1933 888 2075 942 Deus
2105 889 2264 943 eral?

691 965 756 1017 de
783 981 887 1032 quo
917 969 1077 1022 etiam
1124 973 1381 1039 propheta
1429 973 1561 1028 dicit
1599 976 1763 1032 Isaias
1799 996 1812 1031 :
1849 997 1867 1030 ι
1903 979 2158 1051 Butyrum
2208 989 2263 1035 et

692 1056 793 1107 mel
825 1060 1104 1115 comedet:
1141 1074 1427 1132 antequam
1459 1066 1596 1119 sciat
1622 1067 1702 1120 vel
1725 1069 1885 1138 eligat
1913 1072 2073 1132 mala.
2104 1072 2265 1141 eliget

690 1147 887 1201 bonum
911 1151 999 1204 ’δε
1038 1171 1058 1203 ι
1099 1156 1218 1221 quia
1256 1167 1542 1227 antequam
1605 1161 1738 1214 sciat
1773 1176 1906 1230 puer
1939 1163 2133 1217 bonum
2172 1173 2265 1218 aut

690 1242 911 1308 malum,
952 1249 1272 1313 repugnabit
1337 1251 1689 1319 improbitati.
1727 1265 1788 1309 ut
1830 1256 1998 1324 eligat
2035 1258 2259 1310 bonum.

691 1331 966 1387 Undenam
989 1335 1152 1402 igitur
1177 1339 1266 1392 tibi
1300 1344 1535 1409 suppetit
1563 1345 1776 1401 virtutis
1806 1347 2263 1417 imperfectionem

689 1421 742 1473 in
771 1422 985 1476 Christo
1011 1425 1124 1495 88
1151 1427 1561 1485 demonstrare?
1585 1447 1758 1501 quave
1784 1436 1868 1491 ille
1893 1441 2267 1508 progressione

691 1513 913 1581 indiget,
948 1519 1038 1584 qui
1067 1520 1200 1571 adeo
1229 1532 1313 1572 est
1344 1522 1648 1589 absolutus,
1679 1536 1738 1579 ut
1769 1528 2035 1584 universa:
2065 1531 2268 1599 impro-

690 1601 842 1656 hitati
897 1616 1176 1674 repugnet,
1234 1608 1591 1679 preferatque
1634 1614 1735 1681 illi,
1787 1617 1892 1671 imo
1937 1635 2065 1674 vero
2097 1623 2265 1675 solam

689 1691 852 1762 eligat
883 1695 1173 1750 \‘irttttettt'!
1205 1697 1308 1752 Sed
1351 1703 1538 1756 nescio
1565 1718 1668 1772 qua
1714 1706 1918 1760 ratione
1947 1710 2038 1777 qui
2074 1714 2266 1764 asserit

689 1799 754 1837 ac
786 1786 959 1840 dicit:
997 1789 1094 1841 Hic
1123 1791 1212 1857 qui
1262 1792 1521 1859 paulatim
1565 1795 1791 1862 profecit
1831 1800 1897 1850 ad
1932 1801 2125 1852 summi
2171 1815 2262 1854 sa-

689 1876 914 1929 cerdmii
956 1878 1291 1947 dignitatem,
1333 1893 1386 1936 et
1433 1885 1500 1937 ad
1547 1900 1644 1939 sua
1695 1888 1854 1941 verba
1903 1889 2270 1944 confirmanda

690 1968 914 2036 protulit
956 1970 1084 2023 illud
1125 1989 1138 2025 :
1179 1990 1196 2023 ι
1226 1971 1384 2028 Jcsus
1417 1986 1596 2029 autem
1645 1977 1962 2044 proficiebat
2007 1991 2166 2034 :ctate
2219 1994 2272 2036 et

690 2058 953 2126 sapientia
1003 2070 1057 2112 et
1104 2063 1312 2128 gratia;
1349 2082 1367 2114 ι
1425 2067 1809 2133 propemodum
1860 2084 1954 2123 sua
2003 2071 2164 2124 verba
2215 2083 2272 2124 ut

691 2165 880 2218 parum
929 2152 1182 2205 decenter
1217 2154 1358 2207 dicta
1405 2158 1796 2222 condemnatis,
1842 2169 1896 2213 et
1924 2175 2108 2216 eorum
2136 2162 2272 2217 oblio

693 2250 779 2295 tus
802 2258 919 2310 quae
945 2244 1080 2296 bene
1112 2245 1309 2299 habere
1337 2257 1641 2316 putaverat,
1675 2251 2027 2318 perfectionis
2056 2255 2271 2309 modum

691 2331 794 2384 alia
823 2334 1030 2388 ratione
1061 2335 1364 2390 absolutum
1412 2337 1581 2392 fuisse
1620 2338 1870 2407 affirmat,
1902 2342 2090 2398 dicens
2120 2359 2134 2396 :
2177 2345 2275 2400 Hic

693 2424 780 2478 ille
817 2427 1072 2494 temporis
1105 2443 1326 2483 accessu
1363 2427 1539 2483 factus
1583 2430 1848 2497 pontifex.
1888 2432 1977 2487 ille
2013 2449 2115 2503 per
2143 2450 2271 2505 pas-

692 2516 874 2571 siones
899 2531 1329 2574 consummatus.
1371 2519 1563 2575 Nonne
1595 2523 1696 2577 hoc
1736 2525 2006 2594 perspiciti
2038 2527 2276 2595 stuporis

691 2617 804 2672 est;
838 2607 944 2660 imo
978 2623 1106 2663 vero
1132 2625 1356 2664 summa:
1387 2613 1637 2667 versutia:
1659 2613 1950 2669 indicium?
1987 2615 2117 2670 Nam
2143 2633 2274 2672 con-

693 2710 994 2753 summatus
1016 2711 1097 2755 est
1117 2702 1335 2770 quidem
1362 2720 1456 2772 per
1486 2705 1768 2774 passiones
1800 2707 2056 2762 Dominus
2090 2719 2274 2765 noster

691 2789 851 2844 Jesus
879 2792 1128 2846 Christus
1152 2812 1166 2849 :
1189 2797 1289 2848 iste
1323 2809 1469 2860 vero,
1507 2795 1861 2853 lii-etmodutn
1890 2817 1994 2868 quo
2028 2810 2110 2855 est
2143 2818 2274 2856 con-

693 2893 993 2937 summatus
1059 2899 1162 2939 non
1218 2887 1449 2956 ignoret,
1503 2889 1891 2957 simpliciorum
1947 2893 2156 2948 animos
2209 2896 2274 2948 ad

694 2983 932 3027 remotos
976 2977 1234 3040 quosdam
1280 2979 1668 3048 cogitationum
1705 2981 1981 3037 anfractus
2031 2986 2271 3046 abducit.

695 3064 1068 3134 etqtrofecisse
1120 3069 1250 3122 dicit
1283 3069 1331 3121 in
1361 3073 1719 3137 sacerdmem,
1748 3087 1803 3127 et
1833 3077 1884 3127 in
1924 3077 2026 3130 hoc
2068 3079 2118 3130 in
2150 3094 2272 3140 eum

696 3169 1122 3212 consummatum
1174 3159 1360 3223 fuisse,
1404 3164 1545 3230 quod
1579 3180 1699 3218 cum
1735 3165 1909 3220 factus
1944 3179 2044 3226 est.
2079 3169 2275 3223 dicitur
2302 3193 2343 3250 ρ

696 3250 1021 3305 exinanitus.
1079 3253 1197 3307 Jatn
1262 3271 1388 3309 vero
1449 3267 1702 3324 tanquam
1760 3259 1894 3312 satis
1949 3260 2278 3313 ostendisset

698 3343 870 3412 ipsum
902 3343 993 3399 Dei
1032 3344 1262 3400 Verbum
1297 3364 1470 3416 neque
1505 3365 1723 3404 carnem
1759 3350 1958 3404 factum
1994 3367 2135 3415 esse,
2174 3369 2272 3408 ne-

698 3449 805 3504 que
836 3436 1106 3492 hominem
1139 3453 1202 3492 ex
1243 3439 1466 3494 muliere
1490 3443 1776 3509 prodiisse,
1804 3458 1898 3496 eos
1933 3445 2022 3513 qui
2069 3446 2148 3501 sic
2192 3462 2281 3499 sa-

700 3528 853 3596 piunt
887 3529 1145 3596 increpat,
1176 3530 1404 3586 dicens:
1440 3532 1575 3600 Quid
1601 3551 1730 3604 ergo
1765 3536 2024 3591 adversus
2052 3536 2278 3592 Paulum

702 3617 1098 3685 interpretaris,
1127 3621 1252 3676 dum
1291 3622 1620 3691 impussibile
1667 3629 1755 3683 Dei
1793 3629 2027 3682 Verbum
2066 3640 2280 3686 terreno

701 3709 976 3764 immisces
1019 3715 1253 3779 corpori,
1299 3724 1350 3768 et
1385 3717 1697 3783 passibilem
1750 3720 2058 3788 pontificem
2107 3722 2284 3779 facis?

702 3801 840 3853 Audi
876 3802 1040 3867 igitur
1069 3818 1098 3856 a
1132 3805 1306 3870 nobis,
1337 3809 1535 3875 quibus
1573 3809 1734 3863 etiam
1777 3813 1995 3866 charior
2027 3821 2110 3866 est
2138 3814 2280 3866 veri-

706 3903 788 3948 tas
815 3913 828 3948 :
860 3910 958 3948 cur
999 3912 1248 3964 perverse
1294 3899 1513 3956 Paulum
1557 3905 1953 3974 interpretaris,
2001 3909 2109 3961 imo
2154 3925 2283 3964 vero

705 3989 984 4042 universas
1014 3989 1248 4045 Litteras
1270 4008 1454 4047 sacras
1479 3995 1847 4059 calumniaris,
1877 3998 2000 4051 dum
2032 3998 2123 4054 Dei
2152 3999 2288 4055 Ver-

707 4081 832 4133 bum
871 4095 900 4132 a
938 4081 1114 4134 carnis
1148 4081 1554 4150 dispensatione
1601 4087 1875 4151 subducis,
1923 4098 1976 4141 ct
2012 4090 2283 4144 hominem

708 4171 865 4224 nobis
900 4173 1040 4224 nuda
1065 4172 1443 4242 conjunctione
1472 4176 1815 4230 honestatum
1849 4180 2079 4245 praeficis
2107 4197 2285 4237 sacer-

708 4263 909 4328 dotem,
955 4264 1077 4318 licet
1123 4266 1367 4319 eumdem
1411 4269 1601 4322 audias
1642 4268 1956 4337 pontificem
2003 4272 2185 4337 simul,
2232 4283 2287 4328 et

708 4369 828 4405 cum
864 4352 971 4407 Deo
1015 4364 1066 4408 et
1098 4355 1259 4409 Patre
1306 4357 1356 4409 in
1399 4360 1586 4412 eodem
1623 4359 1758 4412 solio
1789 4362 2182 4430 considentem,
2229 4376 2288 4419 ut

709 4446 867 4511 paulo
924 4453 1048 4499 ante
1098 4447 1365 4513 diximus;
1414 4464 1536 4502 nam
1585 4448 1781 4504 Paulus
1836 4452 2011 4506 dixit:
2051 4471 2069 4504 ι
2101 4455 2284 4508 Talem

2364 613 2498 682 πρὸς
2535 615 2641 666 πᾶν
2672 613 2866 676 ὁτιοῦν,
2902 614 2994 665 καὶ
3032 614 3152 665 κατ’
3205 613 3395 666 οὐδένα
3417 612 3618 682 τρόπον
3643 609 3708 664 ἂν
3739 609 3853 677 ἔχοι
3885 606 3948 658 τὸ

2364 705 2548 767 ἐνδεὲς
2581 705 2675 758 τοῦ
2713 706 2911 775 ἀρτίως
2951 705 3164 773 ἔχοντος
3210 704 3291 767 είς
3335 702 3673 774 κατόρθωσιν
3717 698 3943 768 ἀρετῆς.

2366 793 2500 845 Πότε
2531 793 2583 845 δὲ
2609 789 2677 863 ἦν
2710 794 2769 845 οὐ
2810 793 3011 854 τέλειος
3053 795 3130 854 είς
3158 791 3218 844 τὸ
3254 791 3456 859 ἀγαθὸν
3483 792 3511 842 6
3536 791 3629 843 καὶ
3662 791 3717 842 ὲν
3758 790 3944 858 μήτρᾳ

2364 883 2516 947 Θεὸς,
2545 885 2672 954 περὶ
2696 877 2756 937 οῦ
2781 884 2875 937 καὶ
2896 886 2923 936 6
2949 885 3232 955 προφήτης
3265 883 3428 952 φησιν
3465 883 3690 943 Ἦσαῖας
3715 897 3727 909 ·
3761 900 3779 930 ι
3812 879 3944 932 Βού-

2365 993 2527 1043 τυρον
2562 977 2654 1029 καὶ
2688 976 2806 1046 μέλι
2837 976 3090 1044 φάγεται·
3123 974 3288 1044 πρινὴ
3311 973 3510 1041 γνῶναι
3541 972 3703 1025 αὑτὸν
3737 972 3769 1041 ἢ
3809 986 3947 1039 προ-

2365 1068 2581 1121 ελέσθαι
2632 1068 2863 1137 πονηρὰ,
2903 1064 3179 1130 ὲκλέξεται
3220 1065 3280 1118 τδ
3308 1064 3542 1132 ἀγαθόν;
3575 1082 3592 1114 ι
3615 1062 3748 1115 διότι
3775 1059 3946 1130 πρινὴ

2365 1159 2568 1228 γνῶναι
2597 1159 2658 1212 τὸ
2698 1157 2905 1212 παιδίον
2949 1157 3171 1225 ἀγαθὸν,
3208 1157 3240 1225 ἢ
3273 1156 3464 1218 κακδν,
3516 1153 3733 1207 ἀπειθεῖ
3771 1168 3946 1220 πονη-

2368 1252 2490 1322 ρίᾳ,
2519 1250 2609 1304 τοῦ
2643 1249 2966 1314 ἐκλέξασθαι
2994 1249 3054 1302 τὸ
3083 1248 3305 1316 ἀγαθόν.
3347 1246 3458 1300 Ποῦ
3486 1247 3666 1299 τοίνυν
3701 1245 3768 1298 ἂν
3812 1244 3946 1315 ἔχῃς

2367 1342 2629 1406 ἐπιδεῖξαι
2670 1340 2906 1411 Χριστοῦ
2947 1341 3008 1393 τὸ
3049 1341 3236 1404 ἀτελὲς
3279 1340 3359 1392 ἔτι
3422 1339 3554 1408 πρὸς
3597 1337 3658 1389 τὸ
3695 1334 3943 1401 ἀγαθόν;

2366 1433 2400 1504 ἢ
2433 1434 2591 1496 ποίας
2629 1434 2694 1487 ἂν
2719 1432 2891 1486 δέοιτο
2934 1432 3234 1502 προκοπῆς,
3265 1433 3293 1484 6
3333 1430 3504 1492 οὔτως
3535 1427 3736 1499 ἀρτίως
3779 1425 3945 1494 ἔχων,

2366 1524 2442 1588 ὡς
2472 1524 2656 1594 ἁπάσῃ
2688 1525 2786 1594 μὲν
2825 1523 3072 1577 ἀπειθεῖν
3111 1521 3366 1592 πονηρίᾳ,
3406 1521 3728 1592 προτάττειν
3759 1519 3816 1571 δὲ
3852 1518 3951 1570 αύ-

2366 1615 2485 1684 τῆς,
2518 1615 2612 1667 καὶ
2659 1615 2766 1682 μὴν
2799 1614 2892 1666 καὶ
2921 1612 3079 1682 μόνον
3126 1612 3398 1681 αἱρεῖσθαι
3433 1611 3493 1663 τὸ
3523 1609 3758 1677 ἀγαθόν;
3803 1606 3951 1660 Ἀλλ’

2369 1705 2467 1757 οὐκ
2499 1701 2595 1757 οἷδ’
2623 1705 2770 1766 ὅπως
2794 1705 2820 1756 6
2851 1702 3324 1772 διαϐεϐαιούμενός
3343 1719 3401 1754 τε
3430 1701 3523 1755 καὶ
3549 1700 3746 1768 λέγων,
3775 1691 3951 1759 Οὗτος

2372 1797 2400 1848 ό
2422 1795 2560 1847 κατά
2592 1794 2786 1864 μικρὸν
2834 1793 3114 1864 προκόψας
3143 1795 3221 1855 εις
3250 1793 3548 1864 ἀρχιερέως
3587 1790 3823 1859 ἀξίωμα,
3854 1788 3952 1840 καὶ

2375 1884 2726 1954 παρενεγκὼν
2777 1886 2858 1946 είς
2901 1884 3176 1950 ἀπόδειξιν
3227 1884 3336 1935 τῶν
3388 1882 3580 1935 ἑαυτοῦ
3619 1881 3816 1948 λόγων,
3864 1877 3946 1935 τὸ.

2382 1998 2400 2029 ι
2431 1978 2635 2048 Ἰησοῦς
2663 1978 2719 2030 δὲ
2751 1979 3084 2048 προέκοπτεν
3112 1975 3295 2045 ἡλικίᾳ
3317 1975 3409 2027 καὶ
3425 1973 3590 2042 σοφία
3605 1971 3948 2041 καὶχάριτι,›

2378 2072 2660 2142 μονονουχὶ
2707 2071 2816 2123 τῶν
2861 2070 3056 2124 ἑαυτοῦ
3101 2069 3274 2136 λόγων
3330 2065 3633 2136 καθορίζων
3676 2063 3737 2117 τὸ
3784 2064 3956 2131 ἀτερ-

2376 2165 2474 2226 πὲς
2491 2162 2596 2234 [ἵσ.
2620 2161 2907 2233 ἀπρεπὲςῇ
2929 2163 3022 2214 καὶ
3042 2155 3116 2214 ὧν
3134 2155 3192 2213 εὖ
3211 2159 3354 2230 ἔχειν
3371 2158 3668 2228 ὑπείληφεν
3683 2157 3762 2217 είς
3777 2152 3957 2222 λήθην

2374 2252 2709 2322 ὑπενεχθεὶς,
2738 2252 2828 2304 τὸν
2855 2252 2954 2322 τῆς
2995 2249 3326 2312 τελειώσεως
3359 2248 3557 2318 τρόπον
3597 2245 3792 2314 ἑτέρως
3817 2242 3957 2312 ἡμῖν

2375 2345 2690 2416 πεπρᾶχθαι
2734 2344 3121 2415 διισχυρίζεται
3164 2343 3337 2410 λέγων
3358 2357 3371 2369 ·
3409 2331 3577 2400 Οὗτος
3599 2336 3629 2390 6
3652 2334 3829 2408 χρόνῳ
3858 2349 3960 2400 γε-

2374 2435 2676 2504 γενημένος
2722 2434 3027 2505 ἀρχιερεὺς,
3057 2431 3195 2485 όδιά
3234 2427 3574 2499 παθημάτων
3619 2422 3954 2484 τελειωθείς.

2372 2522 2497 2597 Ἆρ’
2523 2527 2622 2580 οὐκ
2643 2526 2877 2596 ἐναργὴς
2895 2523 3206 2594 ἀποπληξία
3233 2522 3387 2576 τοῦτό
3413 2539 3472 2590 γε
3497 2538 3511 2587 ;
3545 2520 3741 2591 μᾶλλον
3767 2518 3826 2569 δὲ
3848 2517 3953 2585 οὐχ

2376 2620 2592 2689 ἀπάσης
2625 2616 2970 2688 ῥᾳδιουργίας
2999 2615 3249 2685 ἐλεγχος;
3304 2612 3656 2666 Τετελείωται
3702 2609 3800 2679 μὲν
3844 2607 3958 2677 γὰρ

2373 2711 2462 2766 διὰ
2491 2710 2825 2781 παθημάτων
2864 2711 2892 2763 6
2938 2708 3140 2779 Κύριος
3187 2705 3344 2776 ἡμῶν
3383 2702 3590 2773 Ἰησοῦς
3625 2699 3894 2770 Χριστόςο
3930 2699 3961 2749 6

2374 2805 2453 2866 δὲ,
2487 2803 2662 2856 καίτοι
2689 2802 2782 2855 τοῦ
2821 2799 3140 2854 τελειῶσθαι
3166 2793 3602 2869 [τετελειῶσθαι]
3632 2794 3724 2845 τὸν
3750 2790 3960 2862 τρόπον

2376 2897 2477 2949 οὐκ
2503 2893 2809 2964 ἡγνοηκὼς,
2827 2893 2921 2955 τὸν
2947 2892 3055 2945 τῶν
3078 2889 3461 2959 ἁπλουστέρων
3481 2883 3803 2955 ἀποκομίζει
3833 2879 3963 2935 νοῦν

2376 2991 2455 3052 είς
2481 2986 2743 3048 ὲκτόπους
2772 2985 2922 3048 τινὰς
2985 2981 3203 3035 ὲννοιῶν
3247 2978 3625 3051 περιαγωγὰς,
3677 2974 3773 3027 καὶ
3827 2989 3962 3042 προ-

2375 3079 2539 3148 κόψαι
2572 3078 2736 3148 φησιν
2757 3078 2835 3139 εἰς
2858 3075 3140 3146 ἀρχιερέα,
3162 3074 3255 3127 καὶ
3282 3071 3598 3126 τελειῶσθαι
3626 3068 3761 3139 πρδς
3776 3065 3962 3130 τοῦτο,

2377 3171 2488 3232 τὸν,
2512 3171 2592 3222 ὅτι
2616 3168 2773 3238 τοῦτο
2795 3168 3009 3235 γέγονε,
3041 3165 3374 3220 κεκενῶσθαι
3409 3162 3719 3232 λεγόμενον.
3749 3160 3964 3226 Ὥσπερ

2380 3260 2437 3313 δὲ
2457 3258 2696 3328 διαρκῶς
2742 3259 3049 3326 ἀποφήνας,
3077 3257 3159 3308 ὅτι
3213 3255 3346 3324 μηδὲ
3389 3253 3580 3322 γέγονε
3623 3250 3760 3320 σάρξ
3803 3250 3834 3301 6
3867 3244 3964 3299 τοῦ

2381 3350 2517 3404 Θεοῦ
2554 3350 2743 3417 Λόγος,
2776 3351 2909 3420 μήτε
2945 3348 3050 3419 μὴν
3081 3346 3322 3419 προῆλθε
3355 3345 3638 3415 ἄνθρωπος
3669 3345 3732 3395 ὲκ
3767 3357 3963 3408 γυναι-

2384 3440 2500 3506 κὸς,
2531 3443 2645 3505 τοῖς
2672 3440 2738 3494 τὰ
2778 3441 2954 3496 τοιάδε
2989 3440 3208 3514 φρονεῖν
3247 3437 3544 3509 ᾑρημένοις
3587 3435 3837 3506 ἐπιτιμᾷ.
3874 3434 3967 3486 καί

2384 3550 2546 3602 φησι·
2587 3531 2767 3586 Τίοῦν
2807 3533 3190 3606 ἀνθερμηνεύῃ
3236 3532 3314 3606 τῷ
3364 3530 3586 3602 Παύλῳ,
3638 3529 3730 3587 τὸν
3776 3525 3968 3607 ἀπαθῆ

2383 3625 2515 3676 Θεὸν
2541 3625 2713 3692 Λόγον
2760 3628 2986 3695 ὲπιγείῳ
3016 3627 3356 3695 καταμιγνὺς
3394 3626 3628 3695 σώματι,
3655 3626 3750 3679 καὶ
3779 3626 3966 3698 παθη-

2383 3717 2473 3769 τὸν
2504 3718 2764 3788 ἀρχιερέα
2805 3719 3006 3782 ποιῶν;
3039 3718 3248 3771 Οὐκοῦν
3282 3720 3444 3772 ἄκουε
3483 3719 3576 3771 καὶ
3616 3718 3753 3789 πρὸς
3781 3718 3964 3789 ἡμῶν,

2383 3800 2463 3868 οἷς
2492 3806 2554 3874 δὴ
2583 3806 2673 3857 καὶ
2705 3806 2900 3875 μᾶλλον
2927 3807 3211 3876 ήιάλήθεια
3232 3807 3360 3875 φίλη
3380 3823 3393 3836 ο
3427 3808 3491 3859 Τί
3523 3808 3968 3878 παρερμηνεύεις

2383 3897 2473 3949 τὸν
2528 3897 2772 3961 Παῦλον,
2829 3897 3026 3967 μᾶλλον
3080 3897 3135 3949 δὲ
3185 3898 3404 3950 ἃπασαν
3452 3903 3807 3968 συκοφαντεῖς
3868 3901 3968 3968 τὴν

2386 3989 2738 4042 θεόπνευστον
2767 3987 3003 4058 Γραφὴν,
3038 3987 3324 4053 ύπεξάγων
3353 3988 3451 4056 τῆς
3488 3987 3624 4056 μετά
3655 3988 3863 4058 σαρκὸς
3887 3991 3968 4041 οἰ-

2386 4082 2644 4150 κονομίας
2662 4079 2752 4131 τὸν
2767 4079 2859 4131 τοῦ
2877 4077 3011 4130 Θεοῦ
3026 4078 3216 4146 Λόγον,
3239 4079 3334 4132 καὶ
3358 4078 3640 4149 ἄνθρωπον
3685 4080 3815 4148 ἡμῖν
3843 4096 3942 4130 συν
3957 4107 3972 4120 ο

2387 4173 2556 4243 αφείᾳ
2584 4171 2712 4241 ψιλῇ
2742 4171 3049 4240 τιμώμενον
3073 4171 3297 4239 ὲφιστᾷς
3343 4169 3515 4240 ἱερέα,
3544 4169 3720 4223 καίτοι
3749 4169 3847 4221 τὸν
3874 4169 3973 4223 αὑ-

2386 4265 2476 4318 τὸν
2505 4264 2718 4317 ἀκούων
2752 4262 3013 4332 ἀρχιερέα
3042 4278 3098 4312 τε
3127 4260 3263 4330 ὁμοῦ
3302 4262 3395 4312 καὶ
3423 4260 3710 4331 σύνθρονον
3737 4259 3868 4313 ὅντα
3893 4261 3970 4331 τῷ

2387 4354 2506 4426 Θεῷ
2556 4356 2647 4408 καὶ
2673 4355 2866 4423 Πατρὶ,
2903 4353 3151 4423 καθάπερ
3195 4353 3296 4424 ἤδη
3351 4353 3655 4422 φθάσαντες
3703 4354 3966 4423 εῐπομενς

2390 4443 2494 4514 ἔφη
2528 4445 2634 4514 γὰρ
2654 4446 2680 4496 6
2699 4444 2926 4508 Παῦλος,
2956 4445 3037 4497 ὅτι
3057 4463 3074 4494 ι
3097 4444 3348 4497 Τοιοῦτον
3377 4443 3573 4514 ἔχομεν
3603 4445 3891 4515 ἀρχιερέα,
3913 4446 3971 4506 ὃς

712 4535 971 4586 habemus
1027 4535 1359 4600 pontificem,
1415 4539 1502 4603 qui
1563 4538 1701 4591 sedit
1755 4539 1806 4591 in
1868 4540 2090 4594 dextera
2139 4541 2277 4613 sedis

2387 4537 2638 4590 ἐκάθισεν
2669 4538 2725 4588 ὲν
2775 4535 2926 4604 δεξιᾷ
2963 4535 3057 4588 τοῦ
3086 4535 3276 4607 θρόνου
3323 4535 3422 4605 τῆς
3469 4533 3860 4604 μεγαλωσύνης
3914 4537 3970 4587 ἐν

713 4624 1097 4689 magnitudinis
1119 4625 1170 4676 in
1197 4623 1350 4677 caelis
1373 4626 1455 4678 "?
1479 4645 1497 4677 ι
1533 4625 1666 4678 Nam
1697 4628 1806 4695 ipse
1838 4627 2134 4696 impatibile
2162 4630 2288 4685 illud

709 4730 773 4768 ex
812 4714 919 4767 Deo
955 4714 1112 4767 Patre
1145 4713 1402 4778 Verbum,
1435 4716 1607 4770 cuivis
1641 4718 1826 4788 utique
1872 4731 2120 4786 apertum
2160 4732 2284 4778 est:

707 4819 925 4865 passum
969 4819 1093 4856 vero
1123 4818 1285 4857 carne
1318 4818 1414 4872 pro
1446 4806 1600 4858 nobis
1637 4807 1745 4874 ipsa
1781 4823 1881 4862 vox
1915 4811 2288 4881 theologorum

715 4910 837 4946 vere
866 4895 970 4948 dici
1011 4894 1370 4950 confirmabit.
1400 4896 1549 4962 Quod
1581 4899 1623 4951 si
1665 4899 1752 4951 Dei
1784 4897 2017 4955 Verbum
2054 4904 2237 4959 aufers
2260 4921 2288 4958 ιι

715 4990 930 5038 terreno
965 5001 1214 5054 corpore,
1261 4987 1508 5040 universa
1555 4990 1618 5040 ad
1670 4990 1892 5044 nihilum
1941 4995 2229 5049 concident
2275 5015 2287 5050 :

717 5091 836 5126 nam
878 5076 922 5128 si
972 5077 1131 5128 homo
1171 5078 1345 5131 factus
1392 5094 1494 5131 non
1528 5088 1634 5140 est.
1686 5097 1750 5134 ne
1783 5093 2027 5136 mortuus
2069 5086 2286 5154 quidem

716 5176 798 5220 est
823 5180 917 5231 pro
949 5168 1132 5232 nobis;
1168 5176 1221 5220 et
1244 5169 1288 5220 si
1326 5169 1484 5223 morti
1517 5171 1792 5239 proprium
1830 5188 2025 5242 corpus
2057 5193 2161 5230 non
2192 5179 2288 5231 de-

718 5259 812 5315 dit.
850 5259 1118 5326 quomodo
1165 5259 1363 5313 dicitur
1409 5263 1804 5331 primogenitus
1829 5280 1894 5319 ex
1933 5268 2158 5322 mortuis
2203 5269 2249 5299 "
2273 5269 2296 5308 ⁸)

723 5349 860 5417 Ergo
883 5364 1057 5416 neque
1084 5360 1326 5406 mortuus
1352 5363 1453 5418 est,
1483 5369 1654 5423 neque
1679 5355 1791 5425 89
1813 5359 2106 5411 resurrexit
2133 5359 2291 5414 Chri.

720 5451 857 5495 stus.
907 5439 1134 5495 Prodeat
1167 5458 1298 5513 ergo
1346 5443 1398 5497 in
1451 5446 1684 5499 medium
1736 5449 1924 5500 beatus
1963 5447 2180 5513 Paulus,
2236 5461 2291 5505 et

721 5531 916 5586 clamet
951 5548 1013 5588 ac
1044 5534 1227 5589 dicat:
1273 5553 1291 5587 ι
1323 5537 1378 5592 Si
1404 5537 1599 5592 mortui
1635 5553 1738 5593 non
1776 5551 2080 5611 resurgunt,
2117 5557 2291 5611 neque

721 5623 974 5680 Christus
1018 5627 1344 5695 resurrexit;
1391 5643 1524 5682 vana
1572 5640 1656 5684 est
1704 5630 1835 5686 fides
1869 5643 2069 5699 vestra,
2113 5635 2290 5691 adhuc

792 5811 838 5842 ’³
879 5808 976 5864 lsa.
1014 5825 1127 5876 ι.ιιι,
1161 5809 1226 5877 9;
1266 5810 1283 5866 l
1323 5810 1462 5868 Petr.
1501 5827 1556 5880 ιι,
1586 5809 1677 5866 ‘22.
1753 5811 1798 5848 ⁸⁸
1835 5810 1938 5869 lsa.
1963 5827 2055 5880 vn,
2094 5812 2182 5882 15,
2221 5813 2306 5870 16.

2390 4631 2501 4690 τοῖς
2526 4628 2809 4697 οὖρανοῖςς
2839 4645 2857 4678 ι
2888 4628 3009 4679 Ὅτι
3037 4626 3136 4697 μὲν
3167 4626 3275 4696 γὰρ
3298 4625 3513 4695 ἀπαθὴς
3544 4627 3572 4677 6
3600 4626 3664 4677 ἐκ
3691 4624 3829 4677 Θεοῦ
3863 4626 3975 4678 Πα-

2391 4720 2517 4789 τρὸς
2551 4720 2743 4785 Λόγος,
2779 4718 2943 4772 παντί
2994 4735 3097 4770 που
3124 4717 3280 4786 δῆλον
3323 4716 3389 4770 ἂν
3432 4716 3517 4787 εἴη
3553 4715 3854 4786 δήπουθεν·
3892 4719 3975 4771 ὃτι

2391 4807 2448 4859 δὲ
2478 4807 2743 4859 πέπονθεν
2777 4808 2918 4877 ὑπὲρ
2960 4805 3120 4876 ἡμῶν
3151 4805 3337 4875 σαρκὶ,
3384 4807 3789 4874 κατασφραγιεῖ
3839 4805 3976 4876 πρὸς

2391 4898 2647 4966 ἀλήθειαν
2672 4897 2834 4966 ἡτῶν
2869 4896 3145 4966 θεηγόρων
3171 4897 3342 4965 φωνή.
3369 4896 3430 4947 Εἰ
3466 4895 3523 4948 δὲ
3547 4896 3854 4965 ἀποφέρεις
3875 4898 3977 4950 αύο

2390 4991 2479 5053 τὸς
2509 4989 2747 5057 ἐπιγείου
2791 4989 3042 5058 σώματος
3069 4989 3159 5040 τὸν
3200 4990 3262 5040 ὲκ
3299 4988 3434 5040 Θεοῦ
3461 4988 3651 5055 Λόγον,
3691 4989 3975 5058 οἰχήσεταί

2393 5098 2475 5133 σοι
2510 5081 2569 5133 τὸ
2599 5081 2816 5150 σύμπαν
2851 5081 2930 5142 είς
2962 5078 3023 5131 τὸ
3054 5079 3250 5148 μηδέν’
3285 5080 3332 5130 εἰ
3365 5077 3476 5148 γάρ
3509 5078 3582 5148 μὴ
3625 5079 3851 5147 γέγονεν
3878 5080 3974 5132 ἀν-

2392 5173 2629 5242 θρωπος,
2680 5171 2798 5225 οὐδὲ
2842 5170 3110 5225 ἀπέθανεν
3163 5171 3303 5242 ὑπὲρ
3332 5169 3522 5241 ἡμῶν·
3556 5170 3651 5223 καὶ
3696 5172 3743 5222 εί
3775 5171 3854 5240 μὴ
3883 5170 3973 5223 δέ-

2390 5266 2527 5319 δωκε
2557 5266 2633 5336 τῷ
2679 5265 2894 5334 θανάτῳ
2924 5265 2984 5317 τὸ
3020 5264 3149 5317 ἴδιον
3200 5263 3376 5331 σῶμα,
3407 5262 3525 5325 πῶς
3563 5259 3702 5315 εἶναι
3751 5261 3974 5332 λέγεται

2398 5357 2739 5427 πρωτότοκος
2764 5358 2828 5408 ὲκ
2854 5355 3092 5422 νεκρῶν;
3129 5352 3336 5406 Οὐκοῦν
3369 5351 3492 5404 οὒτε
3523 5351 3815 5414 ἀπέθανεν,
3848 5350 3974 5404 οὗτε

2396 5448 2597 5500 ἀνεϐίω
2641 5447 2897 5518 Χριστός.
2935 5447 3061 5499 Ἰτω
3091 5445 3157 5516 δὴ
3183 5441 3273 5496 οὖν
3310 5445 3390 5507 είς
3421 5443 3585 5514 μέσον
3621 5445 3649 5496 ό
3684 5442 3974 5506 θεσπέσιος

2397 5540 2628 5604 Παῦλος,
2686 5540 3128 5608 ἀνακεκραγέτω,
3183 5536 3385 5602 λέγων’
3439 5555 3457 5586 ι
3505 5535 3568 5588 Εἰ
3625 5535 3810 5604 νεκροὶ
3874 5535 3972 5587 οὐκ

2395 5634 2721 5704 ἐγείρονται,
2755 5631 2875 5685 οὐδὲ
2929 5629 3157 5700 Χριστὸς
3199 5629 3526 5698 ἐγήγερται*
3557 5628 3606 5680 εἰ
3641 5626 3696 5679 δὲ
3737 5626 3970 5697 Χριστὸς

2381 5813 2426 5891 "_
2468 5808 2632 5868 llebr.
2667 5825 2783 5876 vnt,
2815 5808 2861 5864 ι.
2938 5808 2982 5840 ’⁸
3018 5804 3223 5863 Coloss,
3257 5819 3294 5869 ι,
3332 5802 3417 5858 13,
