4112 6532
167 455 250 512 l5“!
1271 472 1643 530 onensus
1682 475 2080 534 NESTORlUM
2120 479 2246 536 LIB.
2293 481 2378 536 ιιι.
3369 480 3470 536 iss

176 579 266 632 οὐκ
319 580 666 654 ἐγήγερται,
723 590 946 657 ματαία
995 590 1245 659 ἡπίστις
1298 592 1485 662 ὑμῶν·
1542 594 1620 647 ἔτι
1673 595 1766 648 ἐστ

1897 599 2026 652 estis
2059 599 2109 653 in
2154 599 2389 669 peccatis
2427 600 2638 652 veSIris.
2687 596 2829 667 Ergo
2881 597 2976 665 qui
3023 595 3357 649 dormierunt
3413 596 3464 648 in

185 676 234 726 ὲν
257 677 370 737 ταῖς
407 677 732 747 ἁμαρτίαις
755 682 940 752 ὑομών.
975 677 1119 754 ΊΓΛρα
1152 685 1246 737 καὶ
1272 685 1320 736 οἱ
1345 687 1696 757 κοιμηθέντες
1730 687 1769 739 ἐκ

1894 686 2128 754 Christo,
2179 690 2456 757 perierunt
2476 688 2614 740 '7?»
2665 686 2768 742 Sed
2822 687 3115 740 resurrexit
3149 685 3394 740 Christus
3436 700 3465 738 a

188 768 401 839 Χριστῷ
459 770 798 836 (immovit-0;
849 793 866 824 ι
915 775 1052 827 Ἀλλ’
1098 777 1392 847 ἐγήγερται
1444 779 1678 847 Χριστὸς
1723 781 1769 833 ὲ)

1896 781 2142 845 mortuis,
2170 782 2292 849 quia
2325 781 2524 835 factum
2555 775 2637 834 est
2665 781 2828 833 homo
2859 777 2986 831 illud
3015 776 3348 844 unigenitum
3371 775 3466 831 Dei

190 861 422 931 νεκρῶν*
457 863 664 930 γέγονε
695 865 810 935 γάρ
852 866 1135 936 ἄνθρωπος
1160 871 1187 922 6
1223 871 1512 941 μονογενὴς
1535 871 1627 924 τοῦ
1651 871 1785 925 Θεοῦ

189 953 382 1017 Λόγος,
420 954 520 1005 καὶ
548 954 748 1024 γήϊνον
778 955 938 1027 σῶμα
967 958 1166 1021 λαϐὼν,
1191 960 1396 1023 ἐνώσας
1421 977 1480 1013 τε
1505 960 1626 1013 καθ’
1652 962 1784 1014 ὑπό-

189 1062 382 1098 στασιν
429 1047 635 1117 ἑαυτῷ,
672 1049 858 1119 χάριτι
901 1050 1052 1114 Θεοῦ,
1099 1053 1240 1106 κατά
1271 1053 1332 1105 τὸ
1379 1055 1783 1124 γεγραμμένον,

182 1138 329 1209 ὑπὲρ
357 1139 570 1202 παντὸς
599 1141 867 1208 ἐγεύσατο
893 1143 1122 1196 θανάτου
1145 1161 1158 1174 ·
1191 1145 1563 1215 κεχρημάτικε
1598 1145 1654 1197 δὲ
1691 1145 1785 1199 καὶ

178 1230 423 1300 ἀπαρχὴ
457 1233 570 1283 τῶν
602 1234 1040 1302 κεκοιμημένων,
1066 1235 1439 1306 ἐγηγερμένος
1463 1235 1528 1289 ὲκ
1550 1236 1781 1306 νεκρῶν.

188 1318 488 1390 ’Δσφαλὴς
527 1316 621 1373 οὖν
669 1321 775 1391 ἄρα
805 1322 899 1374 καὶ
936 1323 996 1375 οὐ
1047 1324 1248 1393 ματαία
1301 1324 1483 1377 λοιπὸν
1521 1326 1552 1395 ἡ
1603 1325 1784 1389 πίστις

170 1410 373 1478 ἡμῶν,
411 1413 480 1480 ἢν
507 1411 584 1474 ὡς
623 1413 869 1485 ἄγκυραν
898 1414 1092 1484 ἔχομεν
1125 1415 1224 1484 τῆς
1255 1414 1434 1485 ψυχῆς
1469 1417 1686 1486 ἀσφαλῆ
1727 1435 1785 1470 τε

170 1500 276 1551 καὶ
321 1499 583 1569 βεϐαίαν,
619 1503 761 1556 κατά
804 1504 863 1557 τὸ
893 1506 1298 1574 γεγραμμένον.
1330 1507 1539 1578 Ὥσπερ
1563 1507 1618 1559 δὲ
1665 1509 1785 1561 κατ’

166 1593 386 1645 οὐδένα
417 1597 623 1664 τρόπον
648 1597 926 1667 ἠδικηκὼς
956 1598 1056 1667 τῆς
1089 1599 1225 1669 μετά
1255 1599 1456 1669 σαρκὸς
1475 1602 1784 1672 οἰκονομίας

165 1685 310 1748 τοὺς
341 1685 568 1753 λόγους,
599 1686 689 1739 διὰ
717 1705 780 1756 γε
828 1689 922 1742 τοῦ
970 1689 1135 1758 φάναι
1179 1691 1356 1755 ταυτὶ,
1391 1693 1485 1744 καὶ
1529 1691 1636 1744 τῶν
1685 1693 1783 1763 τῆς

166 1773 455 1844 ἀληθείας
488 1777 776 1847 δογμάτων
825 1781 1040 1851 ἀκρατῆ
1070 1799 1129 1833 τε
1153 1783 1246 1834 καὶ
1269 1782 1652 1854 βδελυρότατον
1682 1801 1778 1836 κα-

167 1866 385 1931 ταχέαι
429 1865 526 1918 τὸν
553 1867 765 1936 ἔμετον,
807 1869 892 1937 ἐφ’
939 1869 1132 1939 ἑτέραν
1170 1869 1388 1938 ἔρχεται
1433 1869 1775 1934 δυσϐουλίαν,

167 1954 400 2035 μᾶλλον
428 1956 487 2007 δὲ
521 1956 837 2010 δυσσέϐειαν
874 1961 1100 2030 ἐναργῆ,
1135 1960 1226 2013 καί
1254 1977 1418 2030 φησιν
1438 1978 1450 1992 ’

253 2044 275 2115 [
309 2046 515 2109 Ὄντος
547 2043 642 2101 οὖν
678 2050 811 2119 ἡμῖν
841 2049 1031 2102 τούτου
1079 2049 1240 2121 μόνου
1285 2051 1605 2122 ἀρχιερέως,
1639 2066 1777 2122 συμι.

173 2138 424 2203 παθοῦς,
465 2143 561 2194 καὶ
609 2141 925 2209 συγγενοῦς,
962 2145 1054 2196 καὶ
1089 2143 1330 2213 βεϐαίου,
1368 2147 1465 2213 τῆς
1503 2146 1581 2206 εἰς
1615 2145 1778 2197 αὑτὸν

179 2231 258 2299 μὴ
336 2233 764 2302 παρατρέπεσθε
829 2235 1095 2298 πίστεως·
1142 2235 1302 2298 αὐτὸς
1353 2235 1462 2305 γὰρ
1521 2237 1650 2304 ἡμῖν
1680 2235 1778 2305 τῆς

178 2323 618 2394 ἐπηγγελμένης
643 2325 895 2393 εὐλογίας
925 2328 989 2378 ὲκ
1023 2327 1336 2398 σπέρματος
1371 2327 1620 2395 Ἀϐραὰμ
1672 2327 1776 2380 ἀπ·-

177 2415 422 2485 εστὰλη,
460 2415 537 2478 ὡς
582 2417 722 2486 ὑπὲρ
775 2417 971 2471 ἑαυτοῦ
1003 2418 1096 2470 καὶ
1140 2417 1234 2470 τοῦ
1287 2418 1495 2486 γένους,
1533 2419 1632 2490 τὴν
1679 2417 1772 2472 τοῦ

182 2504 444 2574 σώματος
481 2505 672 2561 θυσίαν
705 2507 1165 2578 συνεπαγόμενος.
1198 2505 1220 2578 ]

792 2617 1042 2670 ΚΕΦΑΛ.
1085 2618 1160 2670 Ε’.

265 2702 562 2773 Ἀρχιερέα
595 2706 774 2758 τοίνυν
819 2709 949 2777 ἡμῖν
994 2709 1255 2779 συμπαθῆ
1304 2726 1363 2762 τε
1398 2711 1491 2763 καὶ
1532 2711 1771 2782 συγγενῆ

181 2794 274 2846 καὶ
315 2795 559 2864 βέϐαιον,
601 2798 695 2848 καὶ
738 2798 963 2867 προσέτι
1009 2799 1168 2866 μόνον
1216 2802 1421 2854 ἐκεῖνον
1456 2799 1592 2855 εἶναι
1642 2803 1769 2872 φὴς,

182 2887 239 2938 ὃν
272 2887 483 2956 ἀρτίως
517 2889 647 2956 ἡμῖν
673 2891 702 2940 6
734 2889 821 2950 σὸς
854 2890 1098 2961 ἐναργῶς
1127 2891 1384 2958 διεδίδαξε
1412 2893 1567 2961 λόγος
1589 2910 1603 2925 ·
1636 2893 1772 2964 ἔφης

182 2976 286 3045 γάρ
309 2992 322 3004 ’
363 2975 598 3046 Σπέρμα
634 2976 883 3047 Ἀϐραὰμ
905 2981 932 3031 ὀ
957 2978 1084 3048 χθὲς
1111 2981 1203 3034 καὶ
1235 2981 1475 3050 σήμερον
1502 2981 1644 3035 κατὰ
1670 2984 1769 3052 τὴν

180 3067 270 3119 τοῦ
326 3068 545 3121 Παύλου
575 3071 793 3139 φωνήν·
828 3071 925 3140 οὐχ
967 3072 994 3124 6
1042 3071 1245 3139 λέγων·
1283 3091 1301 3123 ι
1348 3073 1482 3144 Πρὶν
1522 3074 1771 3146 Ἀϐραὰμ

180 3161 436 3226 γενέσθαι
467 3162 579 3228 ἐγώ
603 3163 719 3231 εἰμι
740 3179 752 3190 ’
770 3181 787 3211 ι
813 3164 998 3232 ὅμοιος
1022 3165 1133 3224 τοῖς
1151 3163 1397 3230 ἀδελφοῖς
1415 3164 1555 3216 κατά
1571 3167 1765 3229 πάντα,

179 3256 204 3304 ὁ
230 3253 411 3322 ψυχῆς
462 3255 814 3323 ἀνθρωπίνης
853 3254 948 3308 καὶ
983 3256 1186 3326 σαρκὸς
1219 3256 1503 3310 ἀναλαϐὼν
1546 3257 1769 3325 ἀδελφό-

1895 870 2152 935 Verbum,
2188 883 2262 933 et,
2304 880 2517 939 sumpto
2551 881 2764 924 terreno
2792 881 3021 936 corpore
3056 869 3314 936 unitoque
3364 866 3467 921 sibi

1890 964 2184 1016 secundum
2241 964 2596 1034 hypostasim,
2639 962 2812 1031 gratia
2872 961 2986 1023 Dei,
3021 960 3160 1012 sicut
3205 959 3465 1028 scriptum

1893 1061 1998 1114 est,
2032 1068 2126 1120 pro
2154 1054 2402 1107 omnibus
2437 1054 2670 1121 gustavit
2697 1060 2923 1104 mortem
2951 1066 2964 1100 :
2993 1048 3164 1101 factus
3189 1057 3270 1101 est
3302 1048 3464 1100 etiam

1893 1144 2144 1212 primitiae
2172 1143 2555 1198 d0rmientium
2579 1141 2647 1209 ",
2677 1158 2798 1196 cum
2841 1141 3227 1194 resurrexisset
3256 1155 3287 1193 a
3324 1154 3467 1192 mor-

1895 1235 2021 1288 tuis.
2049 1235 2237 1289 ‘Firma
2275 1235 2458 1306 igitur,
2504 1251 2608 1289 non
2645 1249 2781 1287 vana
2807 1232 3023 1299 estiam
3076 1232 3208 1285 lides
3254 1240 3463 1294 nostra,

1889 1341 2052 1394 quam
2099 1326 2241 1380 velut
2280 1327 2569 1379 anchoram
2627 1327 2887 1379 habemus
2942 1324 3133 1376 animze
3183 1333 3352 1376 tutam
3403 1338 3467 1374 ac

1889 1418 2120 1480 lirmam,
2154 1428 2210 1469 ut
2274 1427 2355 1472 est
2385 1416 2438 1470 in
2487 1418 2658 1471 sacris
2692 1416 2911 1470 Litteris
2934 1416 2979 1447 θ’
3037 1414 3155 1469 Jam
3194 1429 3316 1469 vero
3341 1429 3463 1468 eum

1887 1509 2000 1562 haec
2025 1509 2243 1573 dixerit,
2273 1519 2327 1563 et
2364 1510 2415 1562 in
2448 1510 2695 1578 dogmata
2737 1509 2980 1562 veritatis
3014 1507 3462 1575 intemperantem

1884 1611 1939 1652 et
1962 1600 2351 1653 exsecrandum
2381 1601 2432 1653 in
2471 1600 2663 1669 primis
2696 1600 2953 1652 vomitum
2998 1597 3266 1660 effuderit,
3306 1599 3460 1666 quasi

1887 1689 2033 1744 nullo
2061 1691 2218 1744 modo
2248 1691 2480 1744 rationes
2515 1690 2658 1744 illius
2690 1705 2810 1743 cum
2845 1703 3008 1742 carne
3045 1689 3461 1757 dispensationis

1885 1781 2160 1846 violasset,
2184 1782 2249 1835 ad
2278 1781 2435 1834 aliam
2461 1781 2748 1844 insaniam,
2785 1781 2891 1835 imo
2925 1796 3052 1835 vero
3079 1791 3324 1849 apertam
3364 1780 3464 1833 im-

1885 1874 2138 1942 pietatem
2167 1875 2383 1937 transit,
2409 1884 2461 1927 et
2501 1876 2612 1928 ait:

1951 2049 2216 2122 [Νεετοιι.
2250 2050 2382 2105 Cum
2411 2050 2572 2119 igitur
2605 2048 2754 2104 solus
2794 2049 2877 2102 hic
2926 2046 3082 2102 nobis
3119 2051 3192 2101 sit
3221 2046 3458 2116 pontifex

1881 2144 2213 2209 misericors,
2245 2152 2296 2196 et
2322 2152 2600 2210 cognatus,
2629 2151 2683 2196 et
2708 2141 2919 2205 ﬁrmus,
2944 2150 3131 2193 cavete
3157 2156 3224 2194 ne
3250 2139 3316 2193 ab
3341 2140 3459 2208 ejus

1880 2235 1982 2288 tlde
2014 2233 2390 2288 dimoveamini
2422 2253 2434 2287 :
2471 2233 2585 2302 ipse
2621 2246 2852 2299 namque
2876 2232 3030 2284 nobis
3064 2233 3342 2299 promissa:
3371 2232 3462 2284 he-

1876 2326 2203 2380 nedictionis
2226 2341 2292 2379 ex
2318 2325 2523 2381 semine
2549 2323 2818 2378 Abraham
2848 2332 2930 2376 est
2956 2323 3173 2388 missus,
3203 2333 3456 2389 tanquam

1874 2432 1974 2486 pro
2005 2419 2184 2485 seipso
2214 2427 2267 2471 et
2298 2433 2394 2486 pro
2421 2431 2619 2487 genere
2645 2430 2743 2469 suo
2775 2415 3021 2482 corporis
3046 2414 3128 2468 sui
3183 2413 3457 2467 victimam

1873 2510 2036 2565 simul
2064 2508 2316 2564 aliercns.
2345 2507 2364 2579 ]

2535 2620 2617 2676 CA
2627 2621 2688 2676 P.
2727 2619 2791 2673 γ.

1945 2716 2087 2785 Ergo
2124 2714 2443 2770 Pontiﬁcem
2487 2713 2918 2774 misericordem,
2956 2719 3011 2764 et
3051 2716 3366 2779 cognatum,
3400 2716 3456 2763 et

1873 2807 2107 2872 firmum,
2154 2816 2207 2861 et
2258 2817 2517 2875 praeterea
2565 2806 2760 2872 solum,
2810 2805 2958 2859 illum
3002 2817 3123 2858 esse
3170 2802 3250 2856 ais
3292 2816 3456 2870 quem

1872 2914 2041 2969 nuper
2065 2898 2218 2953 nobis
2235 2909 2422 2970 aperte
2445 2910 2530 2952 tua
2557 2897 2793 2952 ostendit
2819 2896 2993 2949 oratio
3017 2910 3032 2956 ;
3058 2893 3239 2947 dixisti
3267 2893 3410 2946 enim
3436 2909 3452 2944 :

1872 2991 2065 3046 Semen
2097 2992 2371 3047 Abraham
2421 2990 2510 3044 ille
2541 2988 2654 3043 heri
2688 2997 2737 3041 et
2782 2986 2939 3040 hodie
2973 2985 3122 3054 juxta
3169 2982 3317 3036 Pauli
3363 2997 3456 3036 vo-

1871 3099 1985 3137 cem
2008 3087 2046 3150 ¹,
2069 3099 2170 3138 ιιοιι
2200 3085 2286 3138 ille
2305 3084 2394 3152 qui
2419 3082 2590 3136 dixit:
2619 3101 2636 3132 ι
2657 3081 2960 3148 Antequam
2982 3077 3251 3132 Abraham
3280 3075 3451 3138 ﬁeret,

1870 3193 1968 3245 ego
2012 3193 2128 3230 sum
2157 3179 2212 3239 ²;
2247 3196 2265 3228 ι
2305 3177 2500 3230 similis
2537 3174 2797 3227 fratribus
2845 3185 2941 3240 per
2985 3169 3207 3224 omnia‘
3249 3168 3336 3221 ille
3362 3167 3453 3232 qui

1870 3270 2064 3324 animae
2103 3269 2351 3322 humana:
2381 3267 2673 3333 carnisque
2710 3263 3107 3316 fraternitatem
3135 3259 3450 3326 assumpsit;

179 3363 346 3413 τητα·
373 3348 475 3415 οὐχ
503 3349 530 3398 6
570 3346 743 3412 λέγων
766 3362 779 3375 '
817 3364 835 3395 ι
883 3347 939 3399 '0
970 3347 1230 3417 ἑωρακὼς
1271 3349 1390 3417 ἐμὲ,
1434 3349 1645 3418 ἑώρακε
1674 3351 1765 3402 τὸν

1872 3380 1975 3418 non
2008 3363 2096 3431 qui
2141 3362 2272 3415 dicit
2297 3377 2312 3414 :
2358 3379 2375 3410 ι
2405 3359 2506 3425 Qui
2537 3357 2670 3411 vidit
2699 3369 2807 3418 me,
2843 3355 2976 3407 vi'dit
3002 3363 3056 3407 et
3084 3353 3298 3405 Patrem
3325 3350 3347 3381 ‘
3374 3367 3386 3404 :
3428 3370 3446 3401 ι

182 3440 432 3509 Πατέρα·
482 3458 501 3491 ι
535 3440 815 3511 ἀπεστάλη
864 3442 891 3494 6
921 3443 1051 3512 ἡμῖν
1096 3441 1399 3511 όμοούσιος,
1437 3443 1531 3495 καὶ
1579 3441 1764 3511 κέχρι-

182 3547 298 3582 σται
351 3529 652 3599 κηρύσσων
708 3532 1072 3602 αἰχμαλώτοις
1121 3533 1344 3600 ἄφεσιν,
1394 3535 1486 3586 καὶ
1540 3535 1763 3602 τυφλοῖς

180 3621 500 3689 ἀνάϐλεψιν.
547 3618 718 3685 Οὗτος
765 3618 857 3674 οὖν
890 3624 994 3692 ἄρα
1029 3623 1121 3675 καὶ
1175 3623 1442 3692 συγγενὴς
1469 3623 1537 3676 ἀν
1592 3628 1763 3677 νοοῖτο

179 3715 286 3773 τοῖς
315 3715 412 3765 ἐπὶ
443 3713 547 3783 τῆς
569 3715 691 3783 γῆς,
737 3715 830 3766 καὶΙ
858 3715 953 3784 οὐχ
980 3715 1054 3778 ὡς
1091 3715 1154 3767 σὺ
1189 3715 1314 3786 φὴς,
1341 3715 1369 3766 6
1393 3715 1566 3783 λέγων
1587 3733 1601 3748 ·
1630 3735 1648 3767 ι
1705 3718 1761 3770 Ὀ

181 3806 444 3874 ἑωρακὼς
491 3806 614 3874 ἐμὲ.
647 3803 859 3876 ἑώρακε
893 3807 982 3859 τὸν
1014 3808 1253 3878 Πατέρα.
1277 3828 1293 3859 ι
1326 3810 1386 3862 Εἰ
1415 3808 1515 3878 μὲν
1543 3809 1651 3880 γὰρ
1684 3810 1764 3872 εἰς

180 3895 236 3947 ἓν
263 3898 435 3966 ἄμφω
464 3895 741 3963 συλλέγων
767 3897 888 3950 καθ’
909 3899 1100 3952 ἕνωσιν
1119 3899 1318 3969 ἀληθῆ,
1340 3901 1436 3952 ἕνα
1461 3899 1577 3969 μεθ’
1608 3899 1762 3970 ἡμῶν

179 3991 460 4058 ὁμολογεῖς
519 3988 670 4053 Υἰὸν,
703 3989 1006 4060 πεποίηκας
1041 3990 1216 4062 μάτην
1268 3991 1375 4061 ἰδίᾳ
1423 4008 1482 4043 τε
1519 3991 1611 4043 καὶ
1659 3990 1763 4044 ἀνά

377 4081 643 4151 ἑκάτερον
686 4082 994 4152 ἀποφέρων,
1026 4083 1355 4136 ὑποστάσεσί
1382 4099 1440 4135 τε
1470 4081 1564 4135 καὶ
1591 4099 1763 4151 προσ-

180 4170 347 4233 ὡποις
395 4171 610 4235 διιστὰς
639 4173 982 4244 ἀλλοτρόπως
1003 4191 1014 4202 '
1050 4173 1170 4243 ούχὶ
1198 4172 1258 4226 τὸ
1289 4171 1398 4244 [ῖσ.
1432 4173 1535 4244 τῷ]
1561 4173 1763 4226 εἰδέναι

182 4263 340 4329 μόνον
365 4263 451 4314 ὅτι
481 4263 684 4332 σαρκὸς
740 4263 836 4331 μὲν
878 4263 1037 4332 φύσις
1067 4266 1229 4335 ἑτέρα
1264 4266 1415 4335 παρὰ
1459 4266 1558 4334 τὴν
1588 4265 1758 4330 θείαν,

181 4354 381 4424 συνόδῳ
413 4371 482 4422 γε
521 4355 628 4422 μὴν
661 4355 729 4424 τῇ
761 4354 881 4407 καθ’
925 4356 1117 4408 ἕνωσιν
1147 4355 1342 4427 ἀληθῆ,
1386 4356 1493 4409 ἰδία
1539 4356 1762 4424 γέγονεν

178 4442 364 4510 αὐτῆς.
403 4444 468 4495 Εἰ
506 4444 565 4496 δὲ
601 4442 913 4512 ἀσύμϐατος
941 4444 1050 4515 [plan
1081 4444 1418 4516 ἀσύμϐατον]
1458 4447 1590 4516 ἡμῖν
1622 4446 1763 4498 κατὰ.

177 4534 271 4603 τὴν
302 4533 470 4598 δόξαν
503 4533 734 4601 ὁρᾶσθαι
783 4535 969 4599 Θέλων,
1004 4536 1096 4589 καὶ
1134 4536 1567 4608 παραιτούμενος
1621 4554 1757 4590 πανο

1866 3455 2063 3508 missns
2093 3461 2175 3506 est
2205 3452 2293 3504 ille
2324 3452 2481 3505 nobis
2514 3445 3015 3508 consubstantialis,
3048 3453 3102 3497 et
3139 3452 3332 3495 unctus
3367 3450 3452 3494 est

1864 3545 2162 3613 prmdicans
2191 3541 2421 3612 captivis
2469 3541 2772 3594 libertatem
2797 3578 2812 3601 ,
2854 3547 2911 3592 et
2953 3536 3112 3590 caecis
3161 3534 3332 3588 visum
3355 3534 3398 3588 ⁸.
3424 3551 3445 3586 ι

1865 3634 1963 3688 Hic
1988 3648 2115 3703 ergo
2136 3634 2300 3686 etiam
2331 3641 2595 3702 cognatus
2626 3628 2943 3697 intelligitur
2974 3627 3058 3680 his
3089 3626 3178 3699 qui
3215 3626 3266 3677 in
3291 3625 3450 3678 terris

1864 3736 2011 3790 sunt,
2046 3740 2152 3779 non
2190 3734 2248 3779 ut
2288 3735 2340 3777 tu
2397 3724 2615 3787 asseris,
2656 3722 2744 3777 ille
2776 3722 2865 3789 qui
2909 3719 3038 3774 dicit
3079 3737 3091 3772 :
3132 3736 3151 3769 ι
3179 3717 3279 3783 Qui
3317 3719 3448 3771 vidit

1865 3831 1972 3880 me,
2007 3816 2145 3870 vidit
2187 3823 2241 3868 et
2286 3813 2526 3869 Patrem.
2563 3831 2583 3865 ι
2622 3811 2754 3866 Nam
2799 3811 2845 3864 si
2888 3819 3174 3877 utrumque
3203 3810 3256 3863 in
3283 3824 3447 3862 unum

1864 3924 1960 3979 per
1984 3924 2165 3964 veram
2192 3908 2444 3962 unionem
2467 3903 2790 3973 colligendo,
2819 3917 2984 3955 unum
3013 3900 3292 3954 nobiscum
3315 3913 3449 3953 con-

1865 3999 2034 4053 ﬁteris
2065 3999 2230 4052 Deum
2276 3997 2497 4061 Filium,
2544 3995 2716 4049 fecisti
2761 4004 2965 4048 temere
3005 4002 3064 4046 ut
3103 3992 3351 4060 privatim
3381 4007 3447 4046 ac

1864 4092 2092 4147 seorsim
2136 4091 2456 4144 alterutrum
2502 4087 2844 4155 adjungeres,
2886 4092 2937 4138 et
2979 4083 3446 4153 hypostasibuset

1865 4181 2110 4251 personis
2140 4180 2357 4234 diverso
2389 4177 2548 4231 modo
2583 4174 2966 4243 distingueres,
3013 4187 3115 4224 non
3159 4181 3218 4224 ut
3245 4170 3446 4224 intelli-

1863 4283 2019 4340 geres
2061 4268 2436 4326 tantummodo
2475 4265 2635 4318 aliam
2676 4263 2892 4330 quidem
2950 4275 3073 4314 esse
3121 4261 3303 4313 carnis
3346 4276 3444 4310 na-

1864 4369 2040 4412 turam
2069 4372 2098 4410 a
2126 4358 2328 4415 divina,
2365 4355 2458 4408 sed
2486 4367 2580 4422 per
2605 4365 2785 4405 veram
2817 4350 3068 4402 unionem
3097 4364 3215 4402 esse
3247 4348 3441 4402 laetam

1864 4449 2004 4504 illius
2047 4447 2343 4517 propriam.
2379 4444 2474 4499 Sin
2509 4442 2679 4497 videri
2724 4442 2947 4495 studens
2975 4440 3123 4492 nullo
3157 4440 3315 4493 modo
3342 4454 3443 4492 no-

1863 4540 2068 4594 hiscum
2095 4539 2148 4592 in
2184 4536 2450 4592 sententia
2476 4533 2773 4590 convenire
2803 4531 2901 4601 (Ι),
2939 4539 2992 4585 ει
3028 4531 3229 4600 ubique
3262 4531 3444 4584 unita-

174 4625 316 4695 ταχῆ
355 4626 461 4697 τὴν
491 4627 704 4692 ἕνωσιν,
737 4629 921 4698 ἕτερον
953 4624 1092 4681 εἶναι
1123 4629 1228 4698 φὴς
1275 4628 1369 4681 καὶ
1396 4628 1584 4699 ἕτερον
1608 4645 1622 4660 ο
1662 4630 1759 4682 καὶ

1871 4640 1969 4685 lem
2006 4628 2296 4698 refugiens,
2326 4627 2551 4681 alterum
2580 4635 2743 4694 atque
2795 4624 3019 4676 alterum
3062 4637 3182 4676 esse
3219 4623 3440 4686 asseris,

175 4716 261 4768 τὸν
314 4719 440 4788 μὲν,
472 4721 535 4772 ὲκ
561 4717 695 4770 Θεοῦ
737 4720 1098 4790 γεγεννῆσθαι
1132 4719 1374 4788 Πατρός·
1405 4719 1497 4773 τὸν
1525 4719 1601 4785 δὲ,
1637 4737 1759 4788 συγ-

177 4806 310 4876 γενῆ
331 4823 392 4859 τε
420 4807 690 4876 ὑπάρχειν
709 4809 842 4878 ἡμῖν
863 4811 955 4862 καὶ
975 4808 1260 4879 ὀμοούσιον
1278 4825 1292 4838 ·
1331 4807 1448 4871 πῶς
1469 4808 1533 4880 δὴ
1560 4809 1755 4878 χρῆναι

178 4899 277 4967 φὴς
307 4901 408 4969 τῆς
437 4900 518 4961 εἰς
552 4885 713 4953 αὐτὸν
746 4900 821 4970 μὴ
861 4901 1314 4970 παρατρέπεσθαι
1345 4901 1600 4966 πίστεως,
1634 4900 1755 4954 εἰπέ

181 5006 287 5057 μοι,
325 4991 423 5044 καὶ
451 4992 686 5061 συγγενῆ
718 4991 1101 5060 πιστεύσομεν,
1139 4991 1366 5060 ἀφέντες
1389 4992 1479 5044 τὸν
1504 4991 1751 5059 λέγονταο

184 5098 200 5128 ι
232 5081 369 5151 Πρὶν
409 5080 664 5151 Ἀϐραὰμ
699 5081 970 5148 γενέσθαι,
1022 5082 1131 5150 ἐγώ
1170 5084 1304 5151 εἰμι.
1344 5101 1361 5133 ι
1407 5082 1756 5152 Ἐπιγραψὼ-

185 5171 317 5238 μεθα
343 5171 480 5224 Θεὸν
509 5171 601 5226 τὸν
629 5170 809 5241 ψυχῆς
853 5171 1200 5243 ἀνθρωπίνης
1233 5172 1328 5226 καὶ
1372 5173 1576 5243 σαρκὸς
1624 5172 1755 5226 ἀναο

181 5259 407 5315 λαϐόντα
457 5259 595 5331 πρὸς
645 5262 789 5330 ἡμᾶς
835 5261 1190 5331 ἀδελφότητα,
1240 5263 1506 5331 παρέντες
1540 5261 1628 5313 τὸν
1676 5262 1756 5314 λέ-

186 5368 359 5417 γοντα·
404 5372 422 5403 ι
480 5352 540 5405 Ὀ
588 5351 849 5422 ἑωρακὼς
896 5353 1016 5421 ἐμὲ,
1059 5351 1271 5423 ἑώρακε
1310 5352 1402 5406 τὸν
1448 5352 1687 5423 Πατέρα.
1729 5371 1748 5405 ι

190 5444 366 5497 Καίτοι
406 5445 574 5514 φησιν
608 5443 804 5504 αὐτός’
842 5460 860 5493 ι
900 5443 1056 5497 Οὕτω
1083 5444 1191 5515 γὰρ
1240 5445 1528 5516 ἠγάπησεν
1565 5449 1594 5499 6
1621 5446 1754 5510 Θεὸς

192 5535 269 5587 τὸν
295 5539 515 5608 κόσμον,
548 5536 690 5590 ὥστε
724 5536 818 5589 τὸν
852 5536 980 5592 Υἱὸν
1008 5537 1174 5591 αὑτοῦ
1204 5538 1297 5592 τὸν
1326 5541 1588 5610 μονογενῆ
1631 5539 1755 5592 ἐδω-

1863 4732 1916 4777 ει
1944 4736 2105 4775 unum
2138 4735 2202 4775 ex
2247 4720 2353 4773 Deo
2394 4717 2506 4787 90
2554 4715 2713 4769 Patre
2750 4714 3010 4783 genitum,
3056 4713 3286 4766 alterum
3345 4729 3441 4767 co-

1863 4822 2084 4881 gnatum
2112 4826 2232 4865 esse
2260 4810 2419 4864 nobis
2442 4819 2498 4862 et
2525 4804 3074 4866 consubstantialem,
3099 4817 3308 4870 expone
3335 4803 3440 4856 mi-

1863 4905 1938 4967 hi,
1969 4919 2174 4973 quaeso,
2220 4917 2454 4972 quonam
2481 4899 2639 4954 modo
2658 4898 2807 4952 dicas
2828 4913 2930 4950 non
2960 4893 3163 4949 esseab
3198 4893 3313 4962 eius
3336 4893 3441 4947 ﬁde

1859 4997 2256 5060 declinandum,
2303 5005 2356 5049 et
2398 5001 2681 5062 cognatum
2729 4990 3036 5051 credemus,
3081 4986 3171 5040 illo
3213 4987 3439 5040 dimisso

1860 5089 1949 5155 qui
1996 5089 2072 5141 ait
2111 5106 2124 5142 :
2158 5105 2176 5137 ι
2212 5089 2513 5155 Antequam
2550 5083 2823 5137 Abraham
2857 5080 3030 5143 ﬂeret,
3084 5094 3185 5146 ego
3236 5093 3376 5130 sum.
3411 5096 3430 5126 ι

1858 5177 2010 5231 illum
2047 5177 2380 5230 ascribemus
2415 5173 2570 5228 nobis
2619 5172 2786 5226 Deum
2829 5170 2921 5240 qui
2962 5168 3156 5221 animae
3186 5166 3437 5219 humanm

1858 5267 2148 5336 carnisque
2193 5267 2473 5321 nobiscum
2533 5263 2934 5318 fraternitatem
2989 5257 3249 5324 susevpit,
3297 5255 3435 5319 abji-

1856 5359 2060 5412 cientes
2091 5371 2212 5410 eum
2245 5355 2338 5425 qui
2376 5355 2509 5410 dixit
2541 5372 2553 5408 :
2596 5372 2616 5405 ι
2646 5353 2744 5419 Qui
2781 5351 2910 5404 vidit
2943 5364 3048 5412 me,
3087 5347 3216 5400 vidit
3244 5356 3296 5399 ct
3333 5344 3434 5397 l’a-

1858 5458 2030 5515 trem;
2070 5467 2088 5499 ι
2127 5449 2379 5517 quamvis
2426 5447 2540 5516 ipse
2587 5445 2783 5500 dixerit
2825 5460 2838 5496 :
2874 5461 2891 5493 ι
2926 5441 3018 5494 Sic
3067 5441 3206 5493 Dens
3250 5439 3435 5491 dilexit

1863 5539 2145 5605 mundum,
2172 5547 2230 5593 ut
2255 5537 2449 5593 Filium
2477 5552 2631 5592 suum
2670 5535 3003 5604 unigenitum
3039 5533 3210 5596 daret,
3236 5540 3292 5582 ut
3317 5547 3434 5584 om-

254 5677 292 5710 "
309 5678 429 5734 Cor.
452 5695 544 5746 xv,
581 5679 668 5746 l6,
703 5676 790 5733 18.
848 5677 894 5710 ’⁸
933 5677 952 5730 1
991 5677 1116 5732 Cor.
1153 5692 1230 5741 ιι,
1260 5675 1353 5733 20.
1427 5679 1474 5710 ’⁸
1516 5676 1677 5732 Hebr.
1717 5693 1765 5732 vt

1871 5679 1913 5734 3.
1994 5678 2010 5709 ⁸
2054 5677 2218 5734 llehr.
2251 5694 2370 5744 xm,
2407 5676 2461 5732 8.
2538 5679 2558 5709 ²
2597 5674 2754 5731 Joan.
2788 5690 2902 5740 Vill,
2940 5674 3026 5730 58.
3106 5672 3124 5703 ³
3169 5670 3330 5723 llehr.
3365 5683 3430 5736 ιι,

201 5746 270 5800 Π-
335 5751 356 5781 δ
391 5751 547 5808 Joau.
583 5766 700 5815 τιν,
731 5747 788 5804 9.
859 5748 880 5779 ³
921 5747 1022 5803 lsa.
1050 5763 1159 5812 ut,
1200 5748 1252 5813 1,
1283 5748 1347 5813 2;
1376 5746 1506 5803 Luc.
1541 5764 1616 5815 tv,
1654 5749 1741 5808 i8.
1771 5749 1858 5804 19.

254 5889 314 5958 Η)
349 5889 456 5948 ι’ςι.
498 5889 599 5946 Sin
641 5885 834 5941 volens
869 5885 1011 5941 nullo
1040 5887 1196 5944 modo
1229 5887 1366 5944 inter
1391 5902 1449 5944 se
1478 5887 1530 5944 in
1563 5887 1732 5959 gloria
1773 5887 2082 5944 convenire.
