4112 6480
678 418 784 476 159

1671 413 1732 467 S.
1775 406 2047 464 CYRILLI
2087 399 2554 459 ALEXANDRINI
2595 395 2915 452 ARCHIEP.

3855 386 3960 441 160

680 533 763 587 nis
790 530 879 600 qui
909 530 1083 586 credit
1118 531 1171 586 in
1210 530 1411 601 ipsum,
1452 544 1556 584 non
1584 537 1793 599 pereat,
1823 527 1916 581 sed
1956 528 2148 580 haheat
2188 523 2257 577 vi-

2369 536 2487 583 κεν,
2519 520 2606 572 ἵνα
2646 522 2756 582 πᾶς
2789 520 2818 571 6
2865 514 3141 569 πιστεύων
3176 516 3256 577 είς
3304 513 3485 577 αὑτὸν,
3532 513 3608 582 μὴ
3656 511 3960 581 ἀπόληται,

682 635 789 674 tam
818 628 1076 675 aeternam
1104 620 1158 687 ⁶;
1192 639 1211 671 ι
1235 629 1290 675 et
1314 636 1529 675 rursum
1557 639 1570 675 :
1611 639 1629 671 ι
1650 620 1750 686 Qui
1782 618 1954 672 credit
1986 617 2037 670 in
2064 617 2259 685 ipsum,

681 727 785 766 nou
815 711 1121 778 iudicatur;
1152 710 1242 779 qui
1277 719 1457 766 autem
1490 724 1595 764 non
1626 709 1819 772 credit,
1846 706 1957 775 jam
1989 706 2263 776 judicatus

678 808 792 867 est,
842 801 965 871 quia
1016 816 1121 856 non
1173 802 1404 856 credidit
1451 802 1503 856 in
1558 802 1777 856 nomine
1824 799 2084 869 unigeniti
2139 796 2263 851 Filii

680 892 774 947 Dei
806 894 848 947 τ.
882 911 902 945 ι
940 891 1077 946 Num
1126 908 1255 963 ergo
1291 894 1522 948 seorsim
1552 908 1616 946 ac
1648 891 1797 946 solus
1830 888 1919 945 ille
1948 906 2015 945 ex
2056 889 2262 944 semine

680 984 953 1038 Abraham
995 999 1116 1038 esse
1170 984 1492 1053 intelligitur
1526 984 1857 1053 unigenitus,
1909 998 2030 1037 cum
2077 991 2263 1051 aperte

683 1074 1226 1143 scripseritJoannes
1274 1094 1288 1131 :
1346 1094 1364 1127 ι
1401 1073 1719 1145 Unigenitus
1757 1074 1926 1130 Filius
1966 1075 2056 1145 qui
2092 1086 2176 1129 est
2208 1074 2260 1129 in

683 1166 803 1220 sinu
835 1166 1034 1230 Patris,
1062 1168 1151 1222 ille
1178 1166 1456 1221 enarravit
1480 1164 1536 1232 ';
1570 1184 1589 1217 ι
1615 1180 1679 1219 ac
1702 1174 1960 1235 praeterea
1988 1165 2090 1218 alia
2122 1180 2260 1234 quo-

680 1271 788 1328 que
815 1271 967 1312 sacra
1006 1256 1285 1326 Scriptura
1323 1275 1336 1313 :
1372 1276 1390 1309 ι
1422 1257 1555 1312 Cum
1588 1266 1768 1311 autem
1810 1256 2109 1311 introducit
2141 1256 2262 1311 Pri-

681 1348 1015 1417 mogcnitum
1049 1349 1103 1403 in
1148 1349 1331 1404 orbem
1360 1358 1519 1404 terra:
1562 1349 1695 1404 dicit
1734 1366 1747 1401 :
1785 1343 1852 1401 Et
1880 1350 2104 1403 adorent
2137 1365 2259 1404 eum

679 1448 872 1490 omnes
902 1436 1075 1506 angeli
1118 1439 1292 1503 Dei’;
1326 1457 1344 1490 ι
1380 1437 1772 1506 primogenitus
1814 1449 1995 1493 autem
2041 1455 2262 1510 prorsus

679 1538 763 1582 est
806 1529 893 1584 ille
932 1530 983 1584 in
1034 1528 1213 1584 Inutilis
1261 1531 1542 1595 fratribus,
1582 1547 1687 1585 nun
1727 1532 1815 1587 ille
1855 1534 2003 1587 solus
2040 1550 2104 1588 ex
2147 1535 2262 1590 solo

681 1617 792 1674 Deo
817 1635 881 1675 ac
909 1621 1066 1676 Patre
1091 1622 1327 1692 genitus.
1361 1621 1653 1693 Sequimur
1684 1625 1829 1679 enim
1866 1625 2080 1679 interim
2118 1636 2260 1691 tuas,

680 1710 764 1763 vir
805 1713 1040 1782 egregie,
1091 1714 1489 1781 distinctiones,
1532 1729 1596 1768 ac
1638 1727 1950 1783 spectamus
1992 1718 2261 1783 consulto,

678 1815 787 1870 quo
819 1804 1029 1858 tandem
1058 1807 1215 1860 verba
1249 1808 1557 1863 deveniam.
1600 1807 1742 1879 Ergo
1788 1810 1929 1880 (jam
1963 1812 2106 1865 enim
2137 1827 2262 1865 ora-

2367 612 2481 665 ἀλλ’
2508 612 2607 682 ἔχῃ
2642 610 2786 680 ζωὴν
2816 608 3064 663 αἰώνιον·
3109 626 3126 657 ι
3175 605 3270 658 καὶ
3309 605 3490 669 πάλιν,
3522 622 3541 655 ι
3590 603 3651 656 '0
3680 602 3963 655 πιστεύων

2364 704 2446 764 είς
2472 702 2657 760 αὑτὸν,
2690 702 2753 753 οὑ
2806 702 3049 770 κρίνεται
3073 714 3089 727 ⁶
3117 699 3145 751 6
3171 697 3228 750 δὲ
3279 695 3352 766 μὴ
3400 694 3693 755 πιστεύων,
3731 693 3836 763 ήδη
3865 692 3966 745 κέ-

2366 811 2548 864 κριται
2568 810 2580 821 ·
2611 795 2694 847 ὅτι
2742 792 2817 862 μὴ
2847 790 3214 843 πεπίστευκεν
3242 789 3323 850 είς
3346 787 3408 840 τὸ
3444 787 3613 856 ὄνομα
3656 783 3753 838 τοῦ
3794 800 3963 853 μονο-

2364 883 2553 951 γενοῦς
2573 882 2704 936 Υίοῦ
2724 880 2821 935 τοῦ
2849 879 3039 934 Θεοῦ.»
3065 875 3195 949 'Ap‘
3218 873 3310 931 οὖν
3338 877 3602 949 ὑπάρχειν
3623 878 3827 932 νοεῖται
3861 891 3967 943 μο-

2364 974 2591 1043 νογενὴς
2620 972 2727 1043 ίδίᾳ
2757 989 2818 1024 τε
2861 972 2954 1024 καὶ
2984 970 3144 1040 μόνος
3176 970 3204 1022 6
3225 970 3290 1021 ὲκ
3324 968 3641 1037 σπέρματος
3675 963 3964 1035 Ἀϐραὰμ,

2364 1065 2540 1120 καίτοι
2592 1062 2927 1133 γεγραφότος
2962 1062 3211 1114 Ἰωάννου
3248 1057 3437 1128 σαφῶς
3462 1076 3475 1090 ·
3503 1077 3522 1110 ι
3574 1057 3631 1111 '0
3659 1055 3967 1127 μονογενὴς

2365 1158 2514 1222 Υἱὸς,
2546 1157 2575 1209 6
2602 1155 2678 1208 ὢν
2716 1157 2796 1219 είς
2828 1152 2921 1207 τὸν
2961 1152 3161 1206 κόλπον
3201 1150 3295 1205 τοῦ
3329 1147 3561 1219 Πατρὸς,
3613 1149 3821 1208 ἐκεῖνος
3869 1144 3967 1208 ἑξ-

2364 1249 2639 1319 ηγήσατο·
2679 1265 2698 1298 ι
2751 1245 2845 1299 καὶ
2882 1244 2989 1315 μὴν
3022 1245 3115 1297 καὶ
3148 1243 3339 1313 ἑτέρου
3381 1240 3714 1313 Γράμματος
3759 1238 3915 1309 ίεροῦ
3946 1254 3960 1265 ·

2370 1356 2389 1391 ι
2428 1340 2597 1393 Ὅταν
2634 1337 2691 1390 δὲ
2723 1338 2994 1406 εἰσαγάγῃ
3034 1335 3125 1388 τὸν
3152 1334 3505 1406 Πρωτότοκον
3532 1335 3613 1396 είς
3646 1330 3743 1403 τὴν
3771 1331 3968 1383 οίκουο

2370 1431 2565 1502 μένην,
2619 1429 2798 1497 λέγει·
2836 1429 2946 1482 Καὶ
2971 1424 3513 1496 προσκυνησάτωσαν
3556 1421 3707 1492 αὑτῷ
3750 1420 3969 1482 πάντες

2364 1521 2586 1590 ἄγγελοι
2613 1518 2769 1573 Θεοῦ.
2800 1538 2818 1570 ι
2847 1517 3197 1588 Πρωτότοκος
3220 1515 3277 1569 δὲ
3303 1516 3481 1584 πάντη
3504 1530 3562 1567 τε
3589 1512 3685 1566 καὶ
3738 1513 3965 1573 πάντως

2366 1616 2451 1685 εἴη
2481 1615 2549 1668 ἂν
2582 1616 2610 1668 6
2634 1614 2693 1667 δν
2729 1610 2941 1675 πολλοῖς
2984 1610 3255 1677 ἀδελφοῖς,
3282 1610 3381 1679 οὑχ
3424 1610 3452 1661 6
3489 1608 3647 1678 μόνος
3675 1607 3739 1659 ὲκ
3792 1604 3967 1674 μόνου

2366 1706 2762 1777 γεγεννημένος
2796 1703 2889 1757 τοῦ
2918 1699 3056 1756 Θεοῦ
3104 1701 3197 1755 καὶ
3245 1698 3479 1770 Πατρός.
3522 1696 3800 1767 Ἐψόμεθα
3847 1696 3969 1766 γὰρ

2363 1798 2506 1861 τέως
2536 1800 2657 1860 ταῖς
2692 1798 2831 1860 σαῖς,
2863 1789 2909 1849 ὦ
2938 1786 3116 1857 οὗτος,
3148 1790 3489 1854 διαστολαῖς,
3521 1787 3968 1861 καραδοκοῦντες

681 1891 880 1947 tionem
922 1895 986 1946 ad
1034 1896 1183 1948 initia
1224 1898 1527 1966 revocabo)
1567 1900 1657 1967 qui
1703 1900 1950 1954 humanae
1978 1902 2170 1956 anima:
2210 1914 2257 1956 et

2367 1889 2728 1959 οἰκονομικῶς
2764 1890 2888 1941 ὅποι
2938 1888 3067 1939 ποτὲ
3101 1887 3232 1956 ἡμῖν
3272 1883 3646 1937 διεκπαίουσιν
3691 1881 3741 1933 οί
3780 1878 3965 1947 λόγοι.

677 1983 860 2039 carnis
885 1986 1284 2041 fraternitatem
1319 1990 1602 2043 nobiscum
1628 1991 1887 2059 suscepit,
1912 2000 1966 2045 et
1995 1999 2155 2046 natus
2177 2006 2257 2048 est

2365 1981 2574 2036 Οὐκοῦν
2607 1978 2951 2050 (ἀνακομίσω
2983 1977 3092 2048 γάρ
3119 1976 3214 2030 τὸν
3241 1976 3399 2042 λόγον
3430 1976 3512 2036 είς
3534 1973 3594 2027 τὺ
3624 1972 3721 2026 ἀπ’
3749 1972 3965 2042 ἀρχῆς)

677 2089 744 2128 ex
784 2076 991 2130 semine
1028 2079 1323 2142 Abraham,
1377 2080 1423 2132 is
1471 2081 1861 2149 primogenitus
1900 2082 2008 2137 erit
2053 2085 2257 2153 utique,

678 2174 737 2219 ut
766 2166 819 2219 in
852 2167 1035 2221 multis
1057 2168 1319 2225 fratribus
1355 2187 1369 2225 :
1398 2170 1488 2225 ille
1518 2187 1645 2226 vero
1675 2174 1726 2226 iu
1773 2174 1892 2227 sinu
1939 2175 2029 2228 Dei
2060 2185 2117 2228 et
2154 2174 2260 2229 Pa-

678 2256 799 2319 tris,
837 2259 1145 2326 unigenitus
1198 2258 1340 2316 Dens
1395 2260 1649 2317 Verbum.
1710 2264 1871 2334 Atqui
1929 2282 2049 2321 cum
2103 2282 2258 2323 sacra

678 2346 955 2417 Scriptura
989 2349 1130 2403 dicat
1174 2350 1226 2406 in
1256 2350 1451 2406 Filium
1492 2352 1583 2407 Dei
1616 2352 1951 2423 unigenitum
1987 2373 2109 2414 esse
2136 2373 2258 2415 cre-

675 2435 933 2501 dendum,
969 2451 1075 2504 qua
1109 2438 1177 2493 de
1209 2452 1370 2493 causa
1414 2441 1571 2497 nobis
1605 2454 1893 2513 cognatum
1927 2456 2090 2517 atque
2124 2465 2259 2505 con-

674 2522 1087 2580 substantiaiem
1127 2543 1249 2581 cum
1291 2534 1665 2601 proposueris,
1698 2536 1834 2591 dicis
1864 2552 1969 2594 non
2006 2551 2260 2609 oportere

673 2614 742 2668 ab
764 2613 881 2683 ejus
913 2616 1172 2673 dimoveri
1207 2620 1357 2675 fide?
1394 2622 1535 2693 Ergo
1558 2639 1782 2682 necesse
1805 2639 1889 2683 est
1931 2629 2259 2701 conjungere

676 2704 729 2757 in
755 2719 919 2758 unum
953 2707 1237 2763 Dominum
1264 2720 1317 2764 et
1347 2710 1646 2779 Christum,
1676 2718 2063 2787 conjunctione
2093 2723 2257 2777 ninni-

674 2808 793 2847 rum
820 2798 1115 2852 secuudum
1147 2801 1483 2871 hypostasin,
1522 2814 1578 2859 ut
1607 2806 1660 2861 in
1692 2810 1882 2863 eodem
1926 2812 2259 2883 intelligatur

675 2884 1003 2956 unigenitus,
1041 2898 1099 2943 et
1126 2893 1521 2961 primogenitus
1578 2896 1761 2966 idem;
1805 2914 1869 2956 eo
1903 2906 2044 2972 quod
2082 2907 2255 2973 ipsum

672 2992 737 3031 ex
781 2978 889 3034 Deo
934 2980 1095 3036 Patre
1127 2982 1360 3039 Verbum
1392 3002 1513 3043 cmn
1564 3002 1710 3047 esset
1749 3008 1815 3047 ex
1866 3006 2058 3050 natura
2093 2997 2254 3063 Deus,

674 3075 875 3130 factum
907 3088 988 3131 est
1023 3079 1185 3134 homo
1217 3084 1388 3138 nostri
1415 3084 1633 3151 similis,
1665 3098 1720 3143 et
1752 3104 1816 3143 ex
1851 3090 2060 3146 semine
2082 3093 2252 3146 Abra-

672 3168 821 3267 ham.-
873 3166 1086 3224 Etenim
1133 3184 1349 3228 acutum
1383 3178 1484 3231 sibi
1516 3182 1772 3247 quiddam
1804 3182 2077 3237 invenisse
2103 3187 2253 3239 vide-
2282 3210 2324 3267 ο

674 3269 777 3321 tur,
810 3261 990 3332 itaque
1014 3266 1094 3320 sic
1126 3282 1312 3321 rursus
1340 3269 1417 3322 ait
1448 3286 1461 3324 :

742 3529 1005 3602 lesroa.
1047 3532 1370 3590 Meministis
1414 3544 1592 3591 autem
1639 3553 1863 3607 prorsus
1907 3554 2094 3595 eorum
2133 3558 2253 3611 qua:

670 3638 814 3690 saepe
839 3624 951 3677 dixi
976 3623 1147 3688 vobis,
1177 3639 1299 3678 cum
1329 3630 1464 3681 duas
1489 3626 1542 3681 in
1570 3627 1789 3683 Christo
1812 3640 2033 3686 naturas
2060 3634 2254 3687 distin-

669 3729 890 3784 guerem
922 3734 936 3770 :
968 3717 1087 3770 due
1108 3726 1239 3771 sunt
1265 3718 1432 3782 enim,
1464 3720 1508 3773 si
1535 3729 1783 3773 naturam
1816 3732 2058 3790 spectes;
2093 3724 2137 3778 si
2174 3728 2254 3779 di-

670 3808 951 3870 gnitatem,
980 3805 1206 3875 simplex
1234 3823 1249 3859 :
1285 3818 1602 3863 naturarum
1636 3811 1780 3864 enim
1810 3813 2113 3869 auctoritas
2146 3831 2250 3869 una

668 3909 753 3954 est
800 3908 1020 3968 propter
1060 3898 1541 3969 coniunctionem,
1596 3901 1701 3973 91
1763 3906 1976 3960 naturis
2032 3908 2249 3974 quidem

669 4006 885 4061 semper
920 3991 972 4046 in
1000 4004 1099 4047 suo
1125 3993 1315 4047 ordine
1358 3998 1821 4063 permanantibus,
1862 3998 1956 4053 sed
1990 3999 2254 4069 dignitate

670 4084 979 4156 conjuncta,
1010 4091 1069 4138 ut
1096 4082 1207 4149 jam
1251 4084 1385 4149 disi,
1417 4085 1469 4138 in
1506 4086 1883 4141 auctoritatem
1911 4090 2147 4147 unicam.
2176 4090 2194 4162 J

1321 4221 1473 4277 CAP.
1512 4220 1601 4278 VI.

742 4353 848 4409 Sed
872 4353 1029 4409 facile
1047 4369 1271 4425 prorsus
1296 4356 1673 4421 lnteilexisses,
1708 4359 1752 4412 si
1780 4359 1992 4413 divinas
2018 4358 2253 4416 Litteras

667 4447 819 4516 sequi
845 4447 1131 4501 statuisses
1149 4488 1164 4512 ,
1191 4462 1313 4517 quas
1342 4463 1507 4501 unum
1532 4449 1720 4502 dicunt
1746 4449 2033 4503 Dominum
2064 4449 2249 4506 Jesum

2362 2078 2391 2128 6
2418 2074 2600 2143 ψυχῆς
2634 2070 2983 2143 ἀνθρωπίνης
3028 2070 3123 2123 καὶ
3160 2067 3363 2139 σαρκὸς
3398 2066 3537 2137 πρὸς
3566 2064 3714 2136 ἡμᾶς
3752 2064 3966 2118 ἀναλα-

2364 2164 2476 2217 ϐὼν
2496 2163 2855 2233 ἀδελφότητα,
2883 2159 3126 2231 γεγονὼς
3151 2159 3210 2213 δὲ
3233 2161 3297 2213 ὲκ
3325 2157 3641 2227 σπέρματος
3680 2155 3965 2224 Ἀϐραὰμ,

2362 2254 2705 2328 πρωτότοκος
2732 2254 2817 2322 εἴη
2844 2253 2910 2307 ἂν
2941 2251 3018 2312 ὡς
3038 2252 3097 2303 ὲν
3129 2248 3346 2313 πολλοῖς
3377 2248 3630 2316 ἀδελφοῖς
3655 2263 3669 2277 ·
3694 2247 3723 2299 ὅ
3744 2262 3811 2314 γε
3850 2246 3967 2315 μὴν

2362 2347 2421 2400 ἑν
2451 2345 2636 2414 κόλπῳ
2661 2342 2757 2397 τοῦ
2786 2340 2923 2397 Θεοῦ
2949 2342 3046 2396 καὶ
3077 2341 3314 2413 Πατρὺς,
3351 2339 3647 2412 μονογενὴς
3679 2336 3816 2391 Θεοῦ
3848 2336 3965 2390 Λό-

2362 2455 2475 2506 γος.
2500 2431 2633 2489 Εἶτα
2664 2436 2761 2505 τῆς
2793 2432 3155 2486 θεοπνεύστου
3188 2432 3437 2503 Γραφῆς,
3468 2432 3550 2494 είς
3585 2429 3677 2482 τὸν
3707 2428 3838 2481 Υίὺν
3859 2427 3963 2480 τοῦ

2360 2527 2496 2581 Θεοῦ
2523 2528 2613 2579 τὸν
2662 2523 2930 2597 μονογενῆ
2978 2521 3179 2593 χρῆναι
3216 2522 3483 2593 λεγούσης
3538 2518 3814 2574 ποιεῖσθαι
3854 2518 3966 2585 τὴν

2363 2622 2569 2683 πίστιν,
2603 2621 2692 2673 τὸν
2724 2617 2964 2687 συγγενῆ
3005 2634 3065 2670 τε
3093 2617 3190 2671 καὶ
3218 2618 3352 2687 ἡμῖν
3378 2613 3686 2685 όμοούσιον,
3722 2610 3964 2666 ἀνθότου

2360 2694 2701 2782 παρατιθεὶς,
2736 2711 2810 2781 μὴ
2837 2709 2902 2780 δὴ
2948 2709 3146 2779 χρῆναι
3184 2708 3292 2779 φὴς
3323 2705 3423 2777 τῆς
3460 2709 3543 2769 είς
3578 2705 3741 2759 αὑτὸν
3771 2720 3967 2772 παραο

2357 2804 2659 2876 τρέπεσθαι
2698 2802 2967 2867 πίστεως;
3003 2800 3214 2854 Οὑκοῦν
3242 2800 3459 2869 ἀνάγκη
3493 2798 3705 2851 συνδεῖν
3738 2798 3816 2858 είς
3857 2795 3964 2848 ἕνα

2360 2896 2567 2969 Κύριον
2598 2896 2694 2950 καὶ
2740 2895 3008 2968 Χριστόν·
3052 2896 3173 2948 κατ’
3203 2893 3417 2964 ἔνδησιν
3476 2892 3533 2945 δὲ
3576 2891 3820 2962 δηλονότι
3854 2890 3964 2960 τὴν

2358 2989 2482 3043 καθ’
2513 2991 2834 3050 ὑπόστασιν,
2870 2988 2959 3042 ἵνα
2987 2988 3043 3040 ὲν
3087 2984 3271 3054 ταυτῷ
3312 2986 3485 3037 νοοῖτο
3526 2981 3825 3053 μονογενὴς
3860 2984 3965 3034 καὶ

2356 3081 2702 3152 πρωτότοκος
2730 3081 2759 3132 6
2786 3079 2970 3145 αὐτὸς,
3011 3076 3148 3131 καθὸ
3174 3075 3334 3145 φύσει
3363 3074 3497 3138 Θεὸς
3538 3075 3801 3144 ὑπάρχων
3822 3076 3853 3127 6
3890 3076 3965 3126 ἐκ

2356 3172 2495 3225 Θεοῦ
2529 3171 2743 3241 Πατρὸς
2782 3171 2975 3238 Λόγος,
3026 3168 3252 3237 γέγονεν
3293 3166 3579 3237 ἄνθρωπος
3604 3165 3727 3219 καθ’
3776 3166 3958 3235 ἡμᾶς,

2358 3267 2451 3318 καὶ
2484 3267 2549 3317 ὲκ
2598 3264 2911 3333 σπέρματος
2963 3263 3240 3333 Ἀϐραάμ.
3295 3260 3456 3315 ’Δλλὰ
3502 3260 3611 3330 γὰρ
3651 3259 3965 3331 ἐξηύρηται

2358 3356 2599 3425 τισοφὸν
2629 3355 2802 3425 αὐτῷ,
2839 3355 3092 3426 καθάπερ
3132 3351 3225 3407 οὖν
3271 3353 3447 3408 οῖεται
3491 3352 3584 3405 καί
3617 3368 3779 3421 φησιν
3806 3351 3964 3404 οὕτω

2357 3446 2520 3499 πάλιν
2552 3461 2566 3475 ⁸

2427 3538 2759 3611 [Μέμνησθε
2791 3539 2848 3592 δέ
2897 3554 3002 3590 που
3036 3537 3253 3598 πάντως
3283 3535 3380 3589 καὶ
3432 3536 3497 3589 τά
3543 3534 3807 3597 πολλάκις
3854 3549 3958 3603 μοι

2355 3632 2495 3701 πρὸς
2524 3632 2669 3700 ὑμᾶς
2695 3630 2985 3701 εἰρημένα,
3015 3629 3114 3691 τὰς
3146 3628 3344 3689 διπλᾶς
3372 3626 3510 3699 πρὸς
3546 3626 3637 3679 τὸν
3665 3625 3961 3694 Δεσπότην

2354 3721 2594 3792 Χριστὸν
2626 3720 2959 3791 διακρίνοντι
2989 3719 3181 3786 φύσεις
3204 3733 3217 3746 ·
3251 3717 3438 3770 διπλαῖ
3469 3717 3569 3787 μὲν
3598 3716 3704 3787 γὰρ
3747 3718 3814 3786 τῇ
3850 3715 3961 3783 φύ-

2357 3823 2460 3869 σει,
2486 3809 2553 3877 τῇ
2586 3806 2644 3859 δὲ
2676 3806 2804 3876 ἀξίᾳ
2852 3806 3140 3876 μοναδικαί
3162 3821 3175 3835 ·
3211 3806 3244 3876 ή
3285 3806 3393 3876 γὰρ
3440 3804 3549 3858 τῶν
3582 3806 3797 3875 φύσεων
3846 3806 3958 3859 αὑο

2356 3896 2562 3960 θεντία,
2591 3897 2681 3950 διὰ
2710 3899 2812 3969 τὴν
2844 3898 3162 3965 συνάφειαν,
3194 3896 3293 3966 μία
3313 3914 3326 3928 ·
3363 3896 3470 3949 τῶν
3502 3896 3603 3967 μὲν
3640 3896 3861 3965 φύσεων
3892 3899 3959 3951 ὲν

2356 3992 2423 4061 τῇ
2462 3991 2642 4061 οίκεία
2665 3990 2817 4057 τάξει
2848 3988 2936 4041 διὰ
2976 3988 3178 4051 παντὸς
3220 3986 3531 4057 μενουσῶν·
3555 3986 3656 4058 τῆς
3696 3987 3753 4039 δὲ
3786 3987 3959 4054 ἀξίας

2358 4082 2730 4153 συνημμένης,
2753 4081 2829 4145 ὡς
2859 4082 3141 4150 προεῖπον,
3176 4081 3258 4142 είς
3282 4078 3571 4133 αὑθεντίαν
3602 4078 3956 4151 μοναδικήν.]

2957 4218 3205 4270 κΕψΑΑ.
3250 4220 3341 4285 (τ’.

2433 4340 2571 4406 Ἀλλ’
2601 4332 2745 4424 ἦσάά
2778 4371 2880 4407 που
2937 4354 3157 4418 πάντως
3196 4354 3465 4425 εὐμαθὴς,
3495 4360 3561 4424 τῇ
3602 4355 3957 4427 Θεοπνεύστῳ

2358 4445 2548 4514 Γραφῇ
2608 4441 3029 4494 κατακολουθεῖν
3075 4444 3372 4513 ᾑρημένος,
3414 4444 3510 4497 ἕνα
3556 4444 3791 4517 λεγούσῃ
3831 4446 3957 4499 Κύ-

665 4540 974 4604 Christum,
1002 4553 1107 4593 non
1151 4537 1495 4607 sejungentes
1546 4540 1690 4594 illum
1724 4556 1789 4595 ex
1834 4545 2041 4597 semine
2078 4544 2248 4597 Abra-

2360 4553 2474 4605 ριον
2520 4533 2729 4604 Ἰησοῦν
2769 4532 3023 4603 Χριστὸν,
3064 4536 3158 4587 καὶ
3207 4536 3308 4588 οὐκ
3358 4536 3463 4589 ἀνά
3519 4536 3685 4606 μέρος
3729 4536 3953 4610 τιθείσῃ

668 4632 815 4694 ham,
833 4638 887 4683 et
905 4628 1031 4689 illud
1048 4644 1111 4684 ex
1133 4631 1238 4683 Deo
1256 4630 1414 4684 Patre
1442 4629 1691 4685 Verbum.
1713 4634 1792 4684 Ad
1815 4633 1927 4686 haec
1943 4632 2068 4687 illttd
2088 4634 2251 4689 etiam

2360 4628 2453 4681 τὸν
2484 4629 2549 4679 ἐκ
2572 4626 2887 4697 σπέρματος
2933 4624 3208 4697 Ἀϐραὰμ,
3234 4627 3326 4680 καὶ
3358 4627 3449 4680 τὸν
3479 4629 3543 4682 ἐκ
3573 4626 3707 4680 Θεοῦ
3732 4628 3952 4700 Πατρός

665 4722 1012 4776 considerare
1031 4722 1305 4790 oportuit:
1337 4722 1436 4775 alia
1460 4734 1541 4776 est
1568 4724 1709 4777 enim
1741 4738 1824 4778 res
1841 4725 2115 4788 divinitas,
2144 4726 2247 4780 alia

2360 4718 2555 4786 Λόγον.
2592 4718 2701 4769 Καὶ
2739 4716 2875 4786 πρός
2913 4732 2979 4783 γε
3013 4715 3078 4786 δὴ
3124 4716 3317 4787 τούτῳ,
3352 4717 3575 4770 κάκεῖνο
3611 4716 3949 4771 διανοεῖσθαι

666 4823 864 4868 nostra!
889 4812 1084 4868 similis
1110 4814 1448 4876 humanitas,
1476 4817 1618 4883 quod
1644 4816 1710 4868 ad
1744 4817 2008 4871 rationem
2050 4817 2249 4873 attinet

666 4920 785 4972 qua:
804 4905 1013 4959 naturis
1040 4906 1177 4959 inest
1200 4922 1213 4959 :
1236 4920 1526 4974 congressu
1548 4916 1727 4960 autem
1748 4908 2042 4961 secundum
2061 4924 2245 4963 veram

668 4998 1097 5060 unionem,unus
1122 5007 1201 5052 est
1230 5012 1293 5051 ex
1314 4998 1557 5067 utrisque
1571 4996 1843 5062 Christus,
1869 5011 1923 5052 ut
1946 5015 2087 5069 smpe
2105 5002 2248 5054 dixi-

671 5103 823 5143 mus:
850 5089 1232 5159 hypostasihus
1261 5104 1405 5154 vero,
1437 5101 1493 5144 ut
1523 5100 1575 5142 tu
1610 5091 1710 5149 ais,
1744 5091 1794 5142 in
1823 5090 1928 5145 duo
1961 5092 2167 5154 divisis,
2196 5100 2251 5146 et

671 5180 898 5234 seorsim
931 5194 995 5234 ac
1025 5181 1271 5249 privatim
1320 5181 1585 5235 exsistere
1624 5182 1907 5236 intellectis
1929 5224 1943 5245 ,
1973 5183 2246 5250 quomodo

669 5287 993 5341 coagressus
1014 5274 1065 5327 in
1084 5287 1246 5326 unam
1270 5288 1554 5341 personam
1584 5272 1695 5339 fiet,
1724 5273 1823 5325 nisi
1848 5290 2012 5327 unum
2034 5273 2256 5329 alterius

670 5379 796 5420 esse
843 5366 1236 5435 quadammodo
1288 5366 1561 5433 proprium
1602 5366 1812 5421 dicatur
1838 5405 1852 5429 ,
1887 5377 1945 5420 ut
1996 5366 2249 5420 nimirum

676 5456 926 5510 humanas
969 5455 1162 5508 animae
1189 5457 1461 5524 proprium
1512 5457 1828 5525 intelligitur
1871 5456 1989 5525 ejus
2033 5472 2254 5527 corpus,

675 5543 925 5615 quamvis
976 5545 1204 5600 diversa:
1252 5546 1322 5600 sit
1353 5547 1421 5600 ab
1468 5560 1529 5599 ea
1571 5555 1776 5601 natura:
1814 5563 1828 5600 :
1870 5562 2042 5616 neque
2110 5548 2254 5602 enim

680 5639 818 5692 idem
839 5648 921 5691 cst
948 5641 1123 5691 anima
1149 5648 1200 5691 et
1222 5652 1437 5705 corpus.
1476 5636 1580 5692 Sed
1604 5639 1742 5692 dicet
1768 5636 1997 5692 fortasse
2027 5638 2217 5708 aliquis
2243 5657 2254 5693 :

2356 4813 2461 4881 χρή
2482 4826 2493 4838 °
2522 4809 2711 4878 ἕτερον
2748 4808 2847 4873 μὲν
2882 4807 2993 4877 γάρ
3026 4824 3078 4861 τι
3104 4807 3294 4877 χρῆμα
3340 4806 3554 4877 Θεότης,
3602 4808 3788 4877 ἕτερον
3816 4806 3878 4860 δὲ
3907 4812 3945 4881 ή

2358 4900 2479 4954 καθ’
2508 4901 2656 4969 ἡμᾶς
2686 4898 3062 4968 ἀνθρωπότης,
3088 4899 3229 4952 κατά
3264 4915 3327 4965 γε
3351 4900 3443 4951 τδν
3470 4900 3657 4953 ἐνόντα
3681 4903 3802 4963 ταῖς
3834 4901 3946 4970 φύ-

2359 5009 2475 5043 σεσι
2506 4991 2662 5059 λόγον
2682 5008 2694 5019 ·
2746 4990 3015 5060 συμσάσει
3049 4989 3106 5041 δὲ
3132 4992 3199 5059 τῇ
3240 4989 3363 5042 καθ’
3401 4990 3596 5044 ἕνωσιν
3629 4991 3827 5063 ἀληθῆ,
3859 4989 3948 5059 εἷς

2358 5081 2418 5145 ἐξ
2461 5082 2664 5151 ἀμφοῖν
2704 5082 2732 5133 6
2767 5079 3017 5151 Χριστὸς,
3048 5079 3191 5133 καθά
3236 5080 3553 5145 πλειστάκις
3602 5083 3947 5154 είρήκιιμενο

2356 5174 2465 5226 τῶν
2490 5190 2551 5240 ys
2590 5172 2695 5243 μὴν
2715 5172 3087 5234 ὑποστάσεων,
3117 5172 3192 5235 ὼς
3222 5174 3287 5225 σὺ
3310 5172 3439 5243 φὴς,
3471 5174 3820 5245 διῃρημένων
3859 5180 3947 5241 είς

2351 5267 2467 5326 δύο,
2510 5267 2604 5319 καὶ
2643 5263 2950 5333 νοουμένων
2979 5264 3248 5333 ὑπάρχειν
3279 5264 3385 5318 ἀνὰ
3423 5265 3590 5335 μέρος
3630 5283 3687 5320 τε
3714 5268 3809 5321 καὶ
3843 5262 3947 5321 l6:-

2358 5358 2490 5421 κῶς,
2526 5357 2641 5419 πῶς
2676 5357 2741 5409 ἂν
2774 5355 2984 5423 γένοιτο
3022 5354 3296 5425 σύμὸασις
3338 5356 3417 5418 είς
3449 5358 3740 5427 πρόσωπον
3770 5358 3852 5424 ἒν,
3890 5362 3945 5414 εί

2361 5450 2437 5521 μὴ
2462 5450 2569 5520 ἀρα
2595 5465 2711 5512 πως
2744 5449 2874 5502 ῐδιον
2914 5448 2973 5499 ἓν
3012 5446 3129 5510 ἑνὸς
3158 5446 3402 5513 λέγοιτο’
3446 5447 3700 5519 καθάπερ
3743 5450 3942 5520 ἀμέλει

2357 5543 2457 5611 τῆς
2487 5540 2773 5610 ἀνθρώπου
2803 5538 2981 5609 ψυχῆς
3014 5537 3143 5591 ἴδιον
3174 5538 3240 5591 ἂν
3268 5540 3439 5591 νοοῖτο
3465 5538 3527 5591 τὸ
3553 5540 3710 5610 σῶμα
3743 5542 3937 5612 αὐτῆς,

2363 5633 2542 5686 καίτοι
2574 5630 2710 5701 πρὸς
2746 5629 2911 5701 αὐτὴν
2939 5628 3180 5699 ὑπάρχον
3210 5628 3497 5699 ὲτεροςρυές
3522 5645 3535 5659 '
3572 5629 3633 5683 οὐ
3676 5630 3787 5702 γάρ
3834 5649 3939 5687 που

755 5820 774 5849 ⁸
812 5818 967 5874 Joan.
1016 5834 1097 5884 nt,
1136 5817 1217 5872 ιο.
1294 5818 1313 5850 ⁷
1355 5816 1483 5873 ibid.
1524 5817 1603 5873 l8.
1685 5818 1703 5848 ⁵
1744 5815 1898 5871 Joau.
1931 5833 1967 5883 I,
2012 5817 2094 5871 i8.
2176 5818 2194 5848 '
2240 5816 2402 5873 ilebr.
2441 5832 2474 5881 ι,
2510 5815 2563 5869 6.
