4104 6536
130 460 197 513 l6l
1235 452 1607 511 ADVERSUS
1650 452 2057 510 NESTORIUM
2100 453 2232 509 LIB.
2273 453 2363 508 [ΙΙ.

3315 455 3422 511 162

133 580 282 635 ταυτὸν
325 581 387 635 ἂν
432 582 537 653 εἴη
571 580 737 651 ψυχή
785 597 845 632 τε
879 579 974 633 καὶ
1017 579 1197 648 σῶμα.
1245 577 1388 631 Ἀλλ’
1437 578 1567 639 ῖσως
1613 578 1729 648 ἐρεῖ

1842 577 2113 645 Quomodo
2150 576 2240 630 illa
2275 587 2463 631 sancta
2494 584 2548 631 et
2599 576 2874 631 adoranda
2922 575 3161 632 Trinitas
3199 576 3254 631 in
3308 585 3422 631 tres

140 691 215 737 τις,
239 672 347 735 Πῶς
368 672 405 741 ἡ
438 672 591 739 ἁγία
618 672 717 725 καὶ
742 669 1198 742 προσκυνουμένη
1228 667 1399 740 Τριάς
1418 669 1717 739 διορίζεται

152 768 223 837 μὲν
248 768 313 828 εις
330 766 489 835 τρεῖς
532 762 901 824 ὑποστάσεις,
936 760 1067 829 μίαν
1092 759 1149 812 δὲ
1176 759 1433 829 θεότητος
1464 757 1722 810 ἀποτελεῖ

157 863 312 929 φύσινς
340 858 493 921 Ὀτι,
554 856 731 925 φαίην
783 856 872 918 ἂν,
903 855 970 923 τῇ
1018 851 1127 904 τῶν
1156 851 1375 921 φύσεων
1406 850 1516 923 [ἵσ.
1551 867 1721 923 προσρ

157 950 305 1011 ιὶιπων,
334 946 394 1013 ἢ,
412 941 810 1015 ὑποστάσεων]
824 943 1077 1012 διαφορᾷ,
1105 942 1167 995 τὸ
1206 941 1405 996 ταυτὸν
1437 942 1517 1005 εἰς
1533 943 1721 995 οὐσίαν

162 1037 435 1106 ἀναγκαίως
468 1036 770 1106 ἑπόμενον,
804 1037 882 1098 εις
916 1035 1048 1103 μίαν
1092 1034 1358 1104 Θεότητος
1398 1032 1722 1104 ἀνακομίζει

157 1133 289 1197 etiam
314 1128 419 1181 τῶν
444 1127 821 1180 πιστευόντων
877 1126 968 1178 τὸν
998 1124 1125 1177 νοῦν
1149 1140 1163 1153 ·
1189 1126 1283 1177 ἐπὶ
1302 1125 1361 1178 δέ
1395 1141 1458 1192 γε
1510 1125 1723 1194 Ἐμμα-

152 1224 310 1293 νουὴλ,
328 1220 522 1291 ἐπειδὴ
542 1218 735 1288 θεότης
762 1218 848 1270 ἒτε
858 1216 949 1287 ρόν
970 1234 1022 1271 τι
1040 1218 1191 1289 παρά
1210 1217 1311 1288 τὴν
1324 1215 1725 1287 ἀνθρωπότητά

148 1320 299 1377 ἐστιν,
341 1315 391 1365 ει
418 1314 495 1383 μή
527 1328 730 1381 φαμεν.
770 1310 899 1363 ἴδιον
923 1309 1180 1377 γενέσθαι
1214 1309 1274 1362 τὸ
1303 1309 1458 1379 σῶμα
1487 1307 1582 1361 τοῦ
1620 1307 1725 1361 Λό-

146 1424 229 1474 γου
259 1404 379 1460 καθ’
396 1405 595 1457 ἕνωσιν
621 1401 822 1473 ἀληθῆ,
846 1403 964 1466 πῶς
995 1402 1061 1456 ἂν
1085 1400 1143 1454 ἓν
1176 1401 1521 1455 ἀποτελεῖται
1554 1400 1725 1469 πρόσ-

143 1516 300 1560 ωπον,
349 1496 413 1547 τὸ
477 1496 682 1564 ἀμφοῖν
733 1493 1001 1562 ἑκατέρας
1052 1493 1183 1562 ἡμῖν
1228 1491 1581 1553 ὑποστάσεως
1634 1507 1728 1557 φε-

142 1589 336 1659 ρούσης
380 1586 514 1638 [διον
547 1586 622 1648 ὡς
673 1585 774 1637 ἀνὰ
821 1583 988 1653 μέρος
1045 1582 1348 1653 κειμένης;
1392 1582 1503 1636 Καὶ
1557 1583 1605 1634 εί
1654 1580 1729 1651 μὴ

140 1682 359 1749 γέγονεν
410 1679 544 1730 ἴδιον
600 1676 661 1728 τὸ
717 1674 923 1745 ληφθὲν
977 1674 1071 1726 τοῦ
1120 1674 1569 1745 προσειληφότος,
1629 1674 1730 1725 οὑκ

138 1772 360 1839 ἀρκέσει
400 1771 671 1837 συνάφεια
720 1766 863 1820 κατὰ
910 1766 1127 1819 σύνοδον
1180 1766 1388 1829 ἁπλῶς,
1436 1766 1535 1834 τὴν
1570 1766 1644 1829 ὼς
1673 1766 1729 1817 ὲν

139 1864 259 1933 ἀξίᾳ
283 1878 345 1913 τε
378 1860 517 1930 μόνῃ
546 1859 639 1911 καὶ
670 1856 950 1927 αὑθεντία,
998 1856 1089 1908 τὸν
1126 1857 1223 1910 ἕνα
1263 1856 1355 1910 καὶ
1406 1855 1566 1925 μόνον
1600 1856 1732 1925 ἡμῖν

140 1929 469 2005 ἀποτελέσαι
503 1950 763 2021 Χριστὸν,
810 1948 902 2001 τὸν
948 1950 1110 2001 αὑτὸν
1159 1949 1289 2003 ὄντα
1339 1948 1472 2001 Θεὸν
1507 1948 1645 2017 όμοῦ
1674 1966 1734 2002 τε
1766 1929 1806 1984 Β

142 2047 229 2098 καὶ
261 2043 576 2113 ἄνθρωπον.
610 2042 743 2095 Τότε
788 2042 918 2111 γὰρ,
948 2042 1067 2093 τότε
1111 2043 1201 2093 καὶ
1231 2040 1376 2108 μάλα
1411 2038 1627 2111 [λείπει
1654 2057 1732 2103 τι,

144 2140 222 2191 ίσ.
277 2138 583 2199 ἀναγκαῖον
614 2131 633 2203 1
662 2133 760 2203 τῆς
804 2135 881 2196 είς
929 2133 1090 2185 αὐτὸν
1145 2131 1598 2203 παρατρέπεσθαι
1649 2132 1737 2184 πί-

146 2243 329 2289 στεως,
364 2225 473 2277 κᾶν
519 2226 568 2276 εἰ
612 2226 677 2277 ἑκ
714 2224 1029 2294 σπέρματος
1079 2224 1329 2294 ’Δόραάμ
1374 2225 1546 2276 νοοῖτο
1594 2222 1737 2275 κατά

144 2320 234 2386 τὴν
265 2317 472 2387 σάρκα.
506 2317 736 2384 Ἕτερον
765 2316 821 2367 δὲ
868 2316 962 2367 καὶ
995 2316 1182 2386 ἕτερον
1205 2311 1346 2369 εἶναι
1372 2315 1568 2383 λέγων,
1617 2310 1739 2368 εἶτα

147 2409 257 2471 πῶς
308 2408 422 2479 lio.
457 2404 559 2477 τῷ]
592 2407 657 2458 ἐκ
709 2407 1025 2477 σπέρματος
1064 2405 1316 2476 Ἀϐραὰμ
1364 2404 1738 2477 προσκομίζε-

149 2500 261 2553 σθαι
283 2500 399 2550 δεῖν
437 2498 536 2567 τὴν
586 2498 771 2549 πίστιν
796 2495 1312 2566 διαϐεϐαιούμενος,
1342 2496 1453 2550 ῖσθι
1494 2514 1597 2559 τοι,
1644 2498 1740 2549 κα)⁸

150 2590 287 2658 μάλα
323 2588 670 2657 σαφῶς,-τῆς
703 2588 899 2639 ἑαυτοῦ
930 2588 1175 2658 κεφαλῆς
1221 2589 1290 2640 τὰ
1320 2588 1418 2658 τῆς
1452 2588 1740 2658 ἀνθρωπο-

147 2680 364 2751 inpia;
415 2679 703 2749 καταχέων
736 2680 1092 2748 ἐγκλήματα·
1134 2680 1311 2732 καίτοι
1363 2679 1740 2749 παραιτούμε-

150 2790 251 2836 νος,
284 2773 382 2824 καὶ
415 2771 536 2823 λίαν
556 2770 753 2841 ὀρθῶς,
785 2771 846 2824 τὸ
876 2771 1341 2843 ἀνθρωπολάτρης
1365 2768 1505 2825 εἶναι
1528 2772 1731 2826 δοκεῖν.

165 2864 297 2914 Ἀλλ’
322 2861 485 2926 ὀλίγα
517 2862 715 2931 κομιδῇ
746 2860 840 2913 τοῦ
864 2864 1062 2931 χρῆναι
1092 2863 1307 2931 φρονεῖν
1339 2862 1407 2913 τά
1440 2862 1626 2915 εἰκότα
1646 2878 1742 2913 πε-

153 2952 461 3023 φροντικὼς,
492 2953 823 3019 συκοφαντεῖ
873 2955 969 3003 καὶ
993 2951 1196 3021 ἑτέρως
1236 2951 1296 3004 τὸ
1333 2952 1477 3021 μέγα
1507 2951 1607 3021 τῆς
1647 2951 1741 3003 εὐ-

155 3045 363 3107 σεὸείας
395 3047 717 3114 μυστήριον.
738 3044 1022 3114 Ἐπιφέρει
1067 3045 1176 3116 γὰρ
1214 3044 1407 3107 εὐθὺς·
1438 3045 1607 3106 Αὐτὸς
1633 3044 1741 3114 γὰρ

152 3139 278 3205 ἡμῖν
330 3136 435 3205 τῆς
505 3136 924 3206 ἐπηγγελμένης
998 3135 1251 3203 εὐλογίας
1309 3137 1374 3188 ἐκ
1426 3138 1742 3206 σπέρματος

172 3229 416 3298 Ἀϐραὰμ
454 3228 761 3296 ἀπεστάλη,
785 3228 860 3290 ὡς
899 3227 1041 3299 ὑπὲρ
1081 3228 1273 3282 ἑαυτοῦ
1300 3218 1395 3281 καὶ
1430 3227 1523 3282 τοῦ
1550 3227 1742 3295 γένους

156 3322 248 3386 τὴν
268 3318 364 3370 τοῦ
394 3318 648 3385 σώματος
676 3317 868 3370 θυσίαν
903 3318 1368 3388 συνεπαγόμενος.
1405 3318 1527 3386 Ὑφ’
1556 3319 1743 3388 ἀμαρ-

299 3406 396 3488 οὖν
424 3404 535 3479 ἆρα
570 3410 663 3461 καὶ
692 3409 853 3472 αὐτὸς,
898 3410 1124 3477 γέγονεν
1152 3413 1181 3463 6
1220 3411 1477 3482 Χριστὸς,
1509 3412 1574 3465 δι’
1602 3406 1662 3465 οὗ
1687 3412 1749 3464 τὸ

158 3500 270 3555 καθ’
320 3498 611 3571 ἡμᾶς(2’2)
659 3501 756 3567 τῆς
799 3500 1075 3571 ἁμαρτίας
1123 3502 1497 3571 ὲμφράττεται
1549 3502 1745 3573 στόμα,

158 3596 291 3645 κατά
330 3593 434 3663 τὴν
462 3592 557 3644 τοῦ
583 3592 894 3653 Ψάλλοντος
930 3594 1148 3662 φωνήνς
1177 3589 1288 3662 ἆρα
1316 3595 1410 3646 καὶ
1453 3592 1619 3646 αὑτοῦ
1652 3592 1748 3646 τοῦ

156 3685 323 3750 φωτὸς
358 3684 459 3736 τοῦ
513 3681 772 3753 ἀληθινοῦ
826 3682 887 3735 τὸ
930 3683 1031 3753 τῆς
1083 3684 1364 3754 δπαράτου
1412 3685 1751 3755 φαυλότητος

151 3778 322 3846 ἤφατο
358 3776 591 3840 σκάτοςὶ
634 3771 743 3844 ἆρα
787 3773 906 3844 μεθ’
946 3774 1103 3844 ἡμῶν
1150 3776 1346 3845 ἐδεήθη
1391 3776 1485 3828 τοῦ
1517 3775 1747 3846 λυτρου⁴

151 3869 314 3935 μένου
344 3868 452 3921 καὶ
478 3866 749 3930 σώζοντος
784 3868 813 3918 6
838 3864 907 3918 δι’
949 3860 1010 3919 οὗ
1040 3868 1189 3920 πᾶσα
1220 3866 1492 3936 λύτρωσις
1519 3867 1616 3920 καὶ
1645 3884 1750 3924 σω-

144 3961 343 4029 τηρίας
370 3959 566 4023 ἐλπίς;
612 3958 819 4028 Πρέποι
848 3959 893 4011 δ’
924 3958 990 4009 ἂν
1015 3958 1186 4028 αὐτῷ,
1215 3960 1357 4012 κατά
1393 3976 1456 4026 γε
1485 3958 1545 4011 τὸ
1576 3959 1748 4023 εἰκὸς,

144 4053 265 4121 μεθ’
297 4055 331 4123 ἡ
344 4051 471 4121 μῶν
515 4050 811 4121 ἀναφέρειν
840 4051 909 4103 τά
942 4054 1294 4120 χαριστήρια,
1330 4050 1466 4103 Θεοῦ
1501 4050 1751 4118 λέγοντος

137 4143 557 4215 ἁμνησικάκως
582 4161 594 4173 ο
629 4161 649 4194 t
684 4142 826 4209 Ἐγώ
845 4146 960 4212 είμι
983 4143 1011 4195 6
1033 4141 1331 4210 ὲξαλείφων
1352 4142 1451 4205 τὰς
1474 4142 1753 4213 ἁμαρτίας

136 4254 256 4299 σου,
293 4238 399 4289 καὶ
426 4237 491 4289 οὐ
532 4236 606 4305 μὴ
642 4236 1060 4305 μνησθήσομαι·
1097 4254 1115 4285 ι
1156 4234 1631 4306 καταγορεύσειδὲ
1656 4236 1753 4289 καὶ

130 4328 334 4392 αὑτοῦ,
373 4325 532 4379 καθά
563 4327 657 4378 καὶ
683 4325 863 4396 ἡμῶν,
884 4327 914 4376 6
945 4326 1043 4396 τῆς
1072 4326 1347 4397 ἁμαρτίας
1377 4328 1582 4397 πατήρ.
1621 4323 1754 4380 Εἶτα

124 4417 254 4480 πῶς
285 4418 358 4470 οὐ
391 4415 790 4485 ψευδοεπήσει,
816 4409 1012 4484 λέγων·
1053 4434 1073 4466 σ
1110 4415 1369 4488 Ἔρχεται
1398 4417 1427 4468 ὁ
1451 4418 1636 4488 ἄρχων
1660 4415 1752 4469 τοῦ

118 4508 339 4569 αἰῶνος
375 4504 605 4565 τούτου,
641 4505 734 4556 καὶ
774 4504 832 4555 ὲν
858 4504 983 4573 ἐμοὶ
1008 4505 1233 4575 εὑρήσει
1276 4505 1466 4571 οὐδέν;
1503 4526 1521 4557 ι
1558 4506 1755 4559 Δεδυσ-

1823 670 2143 739 hypostases
2216 667 2597 734 distinguitur,
2648 678 2703 721 et
2758 684 2920 726 unam
2973 678 3150 723 tamen
3204 668 3423 725 deitatis

1822 759 2051 815 absolvit
2102 768 2352 813 naturam
2388 759 2410 813 l
2441 759 2609 826 Quia,
2666 775 2781 815 mea
2834 760 3051 832 quidem
3110 760 3421 825 sententia,

1824 869 1945 908 cum
1971 853 2157 908 eadem
2187 852 2420 907 essentia
2457 852 2763 906 necessario
2787 866 3141 918 personarttm
3168 848 3425 906 diﬂeren-

1826 948 1954 1000 tiam
1986 954 2276 1014 sequatur,
2305 944 2642 997 credentium
2693 943 3101 1011 intelligentiam
3153 942 3218 999 ad
3257 957 3422 998 unam

1826 1035 2134 1091 Divinitatis
2154 1046 2402 1089 naturam
2434 1034 2682 1103 perducit
2715 1051 2728 1086 :
2762 1035 2812 1088 in
2839 1034 3190 1089 Emmanuele
3221 1042 3422 1098 autem,

1833 1131 1959 1199 quia
1998 1130 2171 1183 deitas
2200 1128 2344 1181 aliud
2386 1128 2641 1197 quiddam
2691 1136 2775 1183 cst
2806 1129 2871 1183 ab
2910 1128 3281 1191 humanitate,
3324 1125 3424 1180 nisi

1829 1222 2127 1276 dixerimus
2186 1226 2461 1291 proprium
2521 1222 2722 1275 factum
2773 1219 2943 1274 fuisse
2996 1234 3196 1290 corpus
3253 1218 3426 1290 ipsius

1830 1312 1990 1368 Verbi
2018 1328 2112 1382 per
2148 1328 2327 1366 veram
2353 1313 2627 1374 unionem,
2655 1312 2923 1379 quomodo
2955 1326 3059 1363 una
3108 1310 3426 1364 absolvetur

1830 1417 1898 1456 ex
1926 1414 2160 1471 utroque
2192 1416 2421 1470 persona
2446 1441 2459 1465 ,
2492 1415 2613 1455 cum
2650 1400 2909 1454 alterutra
2962 1397 3265 1454 substantia
3304 1412 3429 1467 pro-

1831 1493 2003 1563 priam
2043 1494 2258 1561 utrique
2304 1494 2476 1556 ferat,
2507 1503 2692 1561 utpote
2753 1490 2980 1545 seorsim
3027 1489 3199 1560 posita
3262 1496 3428 1558 atque

1832 1584 2124 1652 sejuncta?
2176 1586 2288 1640 Etsi
2338 1585 2387 1639 id
2412 1586 2554 1656 quod
2595 1595 2869 1653 sumptmn
2910 1594 3018 1647 est,
3058 1597 3163 1638 non
3193 1580 3266 1636 sit
3304 1594 3431 1651 pro-

1836 1679 2011 1748 prium
2056 1678 2385 1732 assumentis
2418 1678 2618 1730 factum
2647 1714 2662 1739 ,
2690 1691 2793 1727 non
2824 1677 2960 1731 satis
2986 1674 3086 1729 erit
3118 1671 3433 1739 coniunctio

1834 1785 1933 1838 per
1992 1768 2293 1837 simplicem
2386 1768 2667 1838 dignitatis
2740 1766 2910 1821 solius
2974 1776 3029 1819 et
3097 1762 3436 1819 auctoritatis

1836 1860 2126 1916 coitionem
2153 1900 2169 1926 ,
2205 1861 2271 1913 ad
2303 1875 2468 1914 unum
2518 1874 2580 1912 ac
2613 1858 2785 1913 solum
2839 1856 2993 1910 nobis
3024 1855 3301 1912 Christum
3340 1854 3435 1909 ab-

1837 1952 2178 2017 solvendum,
2217 1950 2311 2021 qui
2344 1950 2484 2005 idem
2519 1948 2679 2004 simul
2711 1950 2850 2003 Deus
2879 1949 2949 2002 sit
2972 1957 3026 2002 et
3048 1949 3233 2003 homo.
3284 1945 3437 2001 Tunc

1839 2047 1981 2101 enim
2034 2044 2277 2115 profecto
2329 2044 2396 2097 ab
2438 2041 2556 2110 ejus
2608 2042 2711 2095 ﬁde
2740 2040 3001 2096 dimoveri
3057 2054 3280 2095 necesse
3327 2049 3435 2102 est,

1839 2140 2003 2194 etiam
2066 2139 2113 2193 si
2165 2153 2229 2192 ex
2270 2136 2478 2191 semine
2534 2134 2807 2188 Abraham
2868 2131 3164 2186 secundum
3206 2146 3432 2184 carnem

1842 2231 2195 2302 intelligatur.
2254 2229 2392 2284 Cant
2440 2240 2570 2279 vero
2606 2224 2771 2279 alium
2815 2234 2868 2278 et
2900 2225 3062 2277 alium
3091 2237 3213 2278 esse
3263 2222 3435 2290 dicas,

1842 2324 2103 2378 deindein
2138 2324 2287 2377 illum
2323 2322 2411 2392 qui
2436 2329 2521 2376 est
2555 2334 2619 2373 ex
2649 2319 2859 2374 semine
2901 2318 3093 2377 David.
3124 2317 3283 2373 ﬁdem
3311 2330 3437 2371 esse

1843 2414 2177 2469 ail‘erendam
2207 2413 2441 2469 allirmes
2462 2452 2474 2476 ,
2510 2424 2561 2466 te
2595 2414 2647 2465 in
2674 2422 2821 2464 tuum
2860 2409 3026 2476 ipsius
3046 2418 3207 2476 caput
3231 2408 3436 2463 crimen

1841 2506 2077 2579 hominis
2116 2506 2327 2559 colendi
2364 2502 2737 2569 adorandique
2765 2500 3034 2565 conjicere
3066 2506 3217 2552 certo
3268 2497 3435 2563 scias,

1842 2601 2058 2655 tametsi
2087 2609 2233 2656 recte
2253 2600 2541 2653 admodum
2569 2596 2808 2664 refugias
2832 2609 2899 2648 ne
2919 2591 3243 2647 hominicola
3264 2590 3443 2648 videa-

1842 2693 1940 2748 ris.
1969 2692 2074 2747 Sed
2107 2708 2297 2762 parum
2320 2690 2612 2745 admodum
2645 2700 2841 2742 curans
2872 2685 2936 2738 de
2965 2693 3109 2739 recta
3144 2682 3439 2749 sententia,

1845 2782 2004 2837 aliter
2039 2797 2253 2851 quoque
2307 2780 2684 2835 calumniatur
2728 2777 2855 2829 illud
2910 2789 3163 2841 magnum
3221 2772 3444 2842 pietatis

1844 2883 2265 2928 sacramentum.
2323 2870 2554 2937 Subjicit
2614 2869 2757 2923 cnim
2802 2867 2946 2920 illico
2987 2880 3002 2918 :
3042 2864 3159 2933 Ipse
3211 2877 3443 2932 namque

1846 2965 2001 3020 nobis
2030 2965 2311 3034 promissa:
2355 2960 2757 3019 benedictionis
2786 2974 2854 3014 ex
2888 2957 3096 3013 semine
3123 2955 3232 3026 92
3264 2954 3443 3009 Abra—

1848 3058 1971 3112 ham
1993 3067 2076 3112 est
2108 3059 2309 3111 missus
2334 3095 2348 3118 ,
2392 3064 2650 3122 tanquam
2701 3066 2799 3121 pro
2830 3052 3007 3120 seipso
3038 3058 3087 3105 et
3119 3062 3317 3118 genere
3345 3060 3447 3101 suo

1847 3149 2092 3216 corporis
2137 3148 2219 3201 sui
2259 3147 2533 3200 victimam
2573 3146 2730 3199 simul
2784 3143 3017 3198 adurens
3077 3141 3288 3209 Ergone
3330 3138 3446 3208 ipse

1848 3252 2063 3308 quoque
2090 3236 2339 3291 Christus
2372 3234 2547 3288 factus
2573 3244 2655 3288 est
2699 3236 2799 3288 sub
2842 3241 3065 3300 peccato
3088 3270 3101 3292 ,
3135 3243 3233 3300 per
3280 3243 3444 3297 quem

1850 3345 1914 3385 os
1964 3330 2135 3397 ipsum
2194 3326 2398 3396 peccati
2435 3326 2720 3379 adversum
2758 3337 2857 3377 nos
2899 3321 3236 3383 obstruitur,
3265 3328 3323 3373 ut
3365 3328 3447 3374 cst

1855 3418 1907 3474 in
1965 3419 2196 3473 Psalmis
2238 3417 2282 3448 ¹⁶
2317 3417 2341 3470 ?
2376 3431 2580 3482 ergone
2642 3415 2813 3483 ipsam
2863 3427 3080 3482 quoque
3134 3410 3307 3464 lucem
3351 3425 3445 3462 ve-

1852 3526 1969 3565 ram
2027 3510 2381 3563 exsecranda:
2433 3506 2734 3580 iniquitatis
2785 3503 3023 3562 tenebrae
3055 3497 3452 3568 contigerunt?

1853 3616 2053 3673 ergone
2103 3602 2385 3655 nobiscum
2444 3600 2746 3655 redimente
2812 3607 2978 3665 atque
3037 3593 3281 3649 salvante
3313 3604 3450 3657 opus

1854 3692 2045 3747 habuit
2081 3690 2188 3751 ille.
2226 3706 2321 3759 per
2360 3705 2519 3759 quem
2567 3698 2646 3740 est
2697 3686 2878 3745 omnis
2919 3683 3218 3752 redemptio
3248 3690 3301 3735 et
3328 3694 3451 3748 spes

1852 3785 2042 3843 salutis
2074 3784 2387 3840 ?Convenit
2421 3780 2585 3848 igitur
2613 3778 2790 3832 eidem
2818 3818 2833 3839 .
2864 3785 2921 3830 ut
2956 3785 3040 3830 est
3088 3786 3449 3841 consequens,

1854 3877 2134 3934 nobiscum
2185 3873 2385 3929 offerre
2444 3872 2741 3941 gratiarum
2801 3868 3084 3931 actiones,
3137 3882 3258 3919 cum
3308 3865 3451 3921 Deus

1852 3970 1996 4023 dicat
2030 3966 2229 4021 oblitus
2266 3965 2475 4033 injurias
2506 3981 2519 4017 :
2566 3980 2583 4012 ι
2632 3960 2740 4029 Ego
2772 3975 2889 4013 smn
2930 3958 3021 4027 qui
3060 3957 3213 4013 deleo
3248 3957 3451 4026 iniqui-

1857 4070 1995 4114 tates
2067 4072 2219 4121 tuas,
2276 4066 2332 4111 et
2412 4071 2517 4110 non
2605 4052 3053 4115 recordahor”;
3094 4069 3114 4103 ι
3178 4052 3456 4107 accusabit

1855 4153 2019 4205 etiam
2078 4150 2275 4218 ipsum,
2337 4156 2397 4202 ut
2443 4162 2541 4202 nos
2577 4153 2819 4207 accusat,
2867 4144 2956 4198 ille
3015 4153 3167 4213 pater
3221 4140 3450 4211 peccati,

1856 4241 2007 4309 Quod
2034 4241 2080 4297 si
2114 4242 2186 4294 ita
2218 4250 2319 4306 est,
2356 4238 2627 4307 quomodo
2653 4252 2759 4293 non
2804 4235 3094 4290 mentietur
3121 4247 3243 4288 cum
3273 4232 3404 4286 dicit
3435 4249 3451 4290 :

1863 4351 1883 4388 ι
1920 4332 2081 4385 Venit
2119 4332 2370 4399 princeps
2422 4328 2605 4382 mundi
2652 4326 2829 4393 huius,
2883 4337 2937 4380 et
2981 4325 3036 4378 in
3085 4338 3170 4377 me
3215 4322 3454 4377 inveniet

1858 4422 1993 4477 nihil
2024 4422 2122 4475 “‘l
2164 4440 2183 4473 ι
2235 4420 2374 4473 Olim
2410 4418 2768 4474 contumelias
2820 4416 2873 4469 in
2927 4430 3049 4469 eum
3106 4413 3457 4482 conjecernnt

1859 4515 2023 4569 etiam
2104 4511 2177 4566 ilii
2261 4508 2566 4582 Synagoga:
2627 4506 2937 4562 Judaeorum
2988 4504 3247 4573 praesides
3283 4520 3297 4557 :
3331 4519 3454 4558 nam

115 4594 459 4665 φημήκασί
490 4609 625 4645 ποτε
674 4593 796 4645 κατ’
839 4593 1027 4657 αὐτοῦ,
1063 4595 1285 4664 καὶτῆς
1324 4595 1590 4649 Ἰουδαίων
1632 4611 1739 4649 συν

1862 4621 1983 4663 Cum
2041 4603 2265 4658 invidia!
2321 4600 2523 4657 aculeis
2581 4599 3086 4662 exstituularentnr,
3129 4596 3272 4663 quod
3314 4609 3455 4666 pra:-

110 4686 381 4755 ἀγωγῆς
444 4684 496 4735 οἱ
524 4684 927 4753 προεστηκότες
946 4700 960 4713 ·
989 4684 1179 4755 ἐπειδὴ
1216 4686 1325 4755 γὰρ
1362 4689 1475 4748 τοῖς
1499 4686 1595 4738 τοῦ
1626 4686 1739 4755 φθό-

1866 4706 1949 4750 ter
1980 4695 2285 4765 Opinionem
2315 4705 2561 4748 curatum
2614 4691 2869 4745 videbant
2922 4688 3071 4741 illum
3109 4703 3137 4741 a
3177 4686 3458 4741 nativitate

108 4795 218 4828 νου
256 4777 472 4845 βέλεσι
508 4773 924 4843 κατετρύχοντο,
959 4774 1429 4845 τεθεραπευμένον
1475 4777 1739 4847 ἀδοκήτως

1867 4801 2107 4851 ειιτςιιιῐι,
2161 4785 2323 4853 impie
2374 4784 2674 4839 dicebant:
2720 4801 2738 4837 ι
2784 4781 2855 4833 Da
2910 4779 3135 4849 gloriam
3174 4778 3283 4834 Deo
3314 4795 3328 4843 ;
3361 4792 3459 4832 nos

106 4866 393 4934 ὁρῶντες
455 4863 551 4914 τὸν
574 4864 639 4914 ὲκ
672 4862 897 4931 γενετῆς
942 4864 1163 4931 τυφλὸν,
1214 4866 1444 4927 ἀνοσίως
1478 4866 1720 4936 ἔφασκον

1866 4878 2091 4940 scimus,
2138 4880 2261 4945 quia
2317 4878 2419 4929 istc
2468 4876 2629 4929 homo
2673 4881 2925 4942 peccator
2949 4882 3030 4926 est
3063 4870 3105 4900 "
3132 4908 3147 4925 .
3178 4888 3196 4919 ι
3234 4870 3303 4923 At
3328 4884 3457 4921 vero

114 4978 133 5007 ι
174 4960 297 5020 Δὸς
350 4956 529 5019 δόξαν
567 4954 644 5023 τῷ
671 4953 820 5022 Θεῴο
861 4956 1024 5023 ἡμεῖς
1073 4954 1315 5024 οῖδαμεν,
1343 4957 1425 5009 ὅτι
1454 4953 1609 5019 οὗτος
1659 4958 1739 5010 ἀνι

1868 4969 2129 5023 Dominus
2179 4977 2365 5023 noster
2414 4966 2570 5022 Jesns
2610 4966 2858 5020 Christus
2904 4964 3248 5017 olilocutores
3298 4974 3456 5014 coar-

107 5050 375 5116 θρωπος
438 5046 763 5117 ἁμαρτωλός
792 5050 959 5099 ἐστιν.
997 5067 1015 5098 ι
1056 5050 1113 5102 '0
1156 5049 1212 5100 δέ
1259 5066 1323 5117 γε
1382 5049 1583 5119 Κύριος
1606 5048 1739 5119 ἡμῶν

1864 5075 2055 5137 gneus,
2089 5068 2273 5129 aperte
2306 5057 2517 5111 dicebat
2549 5073 2563 5109 :
2601 5074 2619 5105 ι
2652 5055 2786 5121 Quis
2837 5068 2904 5109 ex
2947 5053 3097 5126 vobis
3152 5048 3333 5117 arguit
3377 5066 3457 5101 me

122 5140 377 5210 Ἰησοῦς
414 5138 677 5210 Χριστὸς,
720 5139 1225 5212 ἀθυροστομΟὖντας
1265 5140 1507 5211 ἐλέγχων
1536 5140 1734 5212 διαρρή

1865 5154 1930 5211 de
1979 5150 2248 5221 peccato?
2293 5149 2347 5203 Si
2408 5150 2691 5202 veritatem
2750 5146 2891 5209 dico,
2926 5158 3096 5213 quare
3133 5156 3237 5194 non
3280 5140 3457 5194 credi-

109 5233 227 5302 δην
266 5236 502 5303 ἔφασκε
526 5252 539 5264 ·
569 5254 588 5285 ‹
628 5234 725 5297 Τίς
767 5234 827 5301 ἐξ
857 5236 1012 5305 ὑμῶν
1056 5236 1270 5305 ἐλέγχει
1302 5252 1369 5305 με
1416 5234 1547 5304 περὶ
1578 5235 1728 5304 ἁμαρ

1865 5241 1934 5292 tis
1963 5240 2093 5293 mihi
2136 5239 2180 5269 “
2210 5240 2233 5292 τ
2261 5258 2279 5290 ι
2308 5238 2474 5308 Igitur
2523 5238 2567 5291 si
2603 5236 2800 5291 obtulit
2846 5234 3109 5288 hostiam.
3132 5244 3236 5285 oon
3283 5227 3455 5281 solum

114 5328 298 5393 τίαςς
336 5329 413 5382 El
447 5327 504 5380 δὲ
530 5328 792 5397 ἀλήθειαν
825 5329 989 5397 λέγω,
1016 5328 1157 5382 διατί
1194 5330 1351 5398 ὑμεῖς
1376 5328 1439 5381 οὐ
1469 5328 1739 5381 πιστεύετε

1869 5346 1965 5400 pro
2001 5329 2189 5393 nobis,
2223 5345 2407 5383 verum
2436 5330 2599 5383 etiam
2636 5344 2735 5396 pro
2764 5342 2823 5381 se
2856 5328 2996 5395 ipso,
3030 5324 3215 5391 utique
3270 5334 3455 5373 neces-

127 5435 269 5485 μοι;
310 5440 333 5470 ι
373 5420 594 5474 Οὐκοῦν
616 5422 667 5473 εἰ
716 5420 1123 5491 προσκεκόμικε
1150 5420 1249 5489 τὴν
1288 5420 1498 5485 θυσίαν,
1531 5422 1673 5491 ὑπέρ
1704 5438 1732 5473 τ

1870 5422 2018 5475 sario
2043 5420 2129 5474 illa
2157 5420 2384 5490 indiguit
2405 5462 2421 5487 ,
2452 5429 2509 5475 ut
2530 5420 2699 5475 etiam
2722 5433 2819 5472 nos
2848 5417 2939 5485 qui
2970 5416 3069 5469 sub
3091 5415 3220 5483 jngo
3248 5410 3455 5482 peccati

214 5573 267 5605 “
318 5575 471 5631 Psal.
505 5592 614 5640 εισι,
655 5575 747 5629 42.
826 5578 868 5607 ¹¹
910 5575 1011 5631 lsa.
1040 5591 1197 5641 XLIII,
1232 5574 1320 5628 25.
1402 5576 1444 5606 ”
1483 5573 1617 5630 Joan
1656 5591 1764 5643 xiv,
1794 5575 1906 5631 30..
1986 5576 2032 5608 ¹⁸
2070 5575 2227 5629 Joan.
2256 5592 2332 5643 is,
2371 5576 2463 5629 Eli.
2544 5577 2585 5611 ’⁵
2624 5575 2784 5630 Joan.
2825 5589 2942 5639 vni,
2975 5574 3066 5628 46.

1447 5731 1605 5787 At‘tT.
1647 5730 1923 5787 AGELLII
1966 5730 2199 5788 NOTAE.

221 5868 346 5941 (τε)
392 5870 617 5927 Videtur
646 5871 957 5941 legendum,
994 5885 1055 5921 το
1089 5865 1213 5920 καθ’
1244 5866 1417 5937 ἡμῶν.
