4112 6500
691 415 796 473 165

689 618 1034 681 sacriﬁcavit,
1057 616 1282 672 ostende
1311 615 1466 669 simul
1495 614 1656 669 etiam
1682 615 1960 668 nobiscum
1991 628 2263 684 peccasse.

691 715 880 766 Pastor
898 710 987 764 ille
1007 710 1178 763 bonus
1203 723 1296 778 pro
1314 721 1544 776 quonam
1573 705 1749 774 posuit
1775 706 2006 758 animam
2031 720 2182 758 suam
2200 704 2264 771 ",

689 818 786 870 pro
817 816 906 866 se,
942 817 1007 854 an
1039 815 1136 870 pro
1173 800 1284 854 suis
1313 797 1553 852 ovibus?
1583 795 1763 850 Audio
1799 796 1947 849 lllum
1999 795 2266 849 dicentem

689 897 752 946 de
785 892 940 947 nobis
973 911 986 946 :
1027 910 1044 943 ‹
1073 890 1173 944 Pro
1206 891 1333 958 ipsis
1369 904 1470 957 ego
1509 887 1786 943 sanctil‘tco
1829 888 2091 956 meipsum
2120 886 2164 917 ”
2194 903 2209 953 ;
2245 905 2262 938 ι

690 996 775 1049 et,
811 996 868 1039 ut
892 986 1067 1054 inquit
1097 982 1496 1040 beatusPaulus
1527 998 1540 1035 :
1572 1000 1590 1032 ‹
1627 979 1812 1036 Gratia
1848 979 1940 1033 Dei
1971 995 2066 1050 pro
2098 979 2271 1033 omni-

690 1078 792 1132 bus
843 1076 1079 1144 gustavit
1116 1085 1344 1129 mortem
1379 1074 1418 1104 "
1455 1089 1469 1137 ;
1510 1091 1528 1124 ι
1577 1083 1627 1125 et
1674 1072 1866 1125 iterum
1905 1088 1918 1123 :
1963 1090 1981 1122 ι
2019 1069 2271 1123 Traditus

691 1177 776 1222 est
825 1176 1044 1236 propter
1089 1165 1284 1220 delicta
1337 1174 1559 1226 nostra,
1591 1171 1646 1216 et
1700 1162 2002 1215 resurrexit
2054 1170 2274 1230 propter

688 1256 1129 1326 justiﬁcationem
1190 1265 1432 1309 nostram
1475 1254 1516 1286 ¹³
1553 1271 1568 1318 ;
1615 1273 1633 1304 ι
1672 1264 1726 1308 et
1754 1255 1892 1308 sicut
1921 1253 2051 1306 dicit
2107 1251 2274 1304 Isaias

693 1333 953 1417 propheta
988 1362 1007 1401 :
1044 1365 1061 1398 ι
1100 1345 1392 1414 Disciplina
1445 1346 1593 1416 pacis
1621 1355 1824 1399 nostra:
1858 1359 2019 1413 super
2044 1360 2189 1409 eum,
2221 1353 2274 1397 et

695 1437 867 1493 livore
899 1436 1018 1505 ejus
1051 1438 1228 1492 sanati
1256 1452 1444 1491 sumus
1475 1437 1518 1467 ¹⁹
1553 1453 1567 1502 ;
1610 1455 1629 1486 ο
1669 1451 1774 1489 non
1818 1437 1932 1504 ipse
1966 1449 2077 1489 sua:
2108 1433 2275 1504 ipsius

695 1530 870 1584 carnis
931 1529 1183 1599 passione
1242 1530 1417 1584 obiter
1466 1539 1546 1582 est
1590 1539 1833 1582 curatus.
1882 1526 2139 1580 Traditus
2195 1537 2276 1581 est

695 1630 916 1692 propter
963 1621 1159 1675 delicta
1205 1631 1422 1682 nostra,
1458 1635 1563 1673 non
1615 1627 1831 1688 pr0pter
1876 1633 1970 1672 sua
2009 1636 2023 1684 ;
2057 1618 2276 1671 minime

695 1713 934 1767 onmium
977 1733 988 1767 :
1030 1723 1278 1766 naturam
1317 1726 1547 1780 namque
1573 1711 1808 1764 hominis
1828 1723 2017 1764 omnes
2043 1707 2277 1761 fatemur

695 1816 762 1856 ex
792 1800 880 1855 illa
913 1802 966 1855 in
1008 1803 1178 1856 Adam
1214 1802 1641 1868 transgressione
1662 1802 1714 1854 in
1750 1799 2180 1854 maledictionem
2212 1812 2276 1852 ac

1681 408 1741 462 S.
1780 404 2055 472 CYRILLI
2096 405 2570 462 ALEXANDRINI
2608 404 2930 462 ARCHIEP.

688 543 894 586 sumus.
925 527 1104 597 Argue
1138 524 1301 595 igitur
1331 523 1480 579 illum
1509 523 1576 579 de
1611 533 1829 593 peccato
1865 541 1878 577 :
1915 523 1962 578 si
1983 523 2265 577 nobiscum
2295 558 2342 614 Α

3855 405 4001 458 164.

2371 523 2529 595 ἡμῶν
2559 523 2761 589 αὐτῶν,
2801 523 2895 577 καὶ
2928 525 3155 594 προσέτι
3194 524 3288 577 καὶ
3315 524 3532 588 ἑαυτοῦ,
3569 525 3820 595 δεδέηταί
3853 548 3964 584 που

2377 615 2593 679 πάντως
2639 616 2954 684 ἀναγκαίως
2999 617 3191 686 αὐτῆς,
3238 615 3380 669 καθά
3432 620 3526 671 καὶ
3559 619 3718 688 ἡμεῖς
3762 622 3811 672 oi
3856 623 3968 675 ὑπὸ

2377 707 2538 776 ζυγὸν
2569 708 2865 779 ἁμαρτίας.
2905 707 3164 774 Ἐλεγξον
3197 707 3375 761 τοίνυν
3414 708 3578 762 αὑτὸν
3621 712 3751 781 περὶ
3777 712 3970 780 ἁμαρ-

2374 800 2495 862 τίας
2518 815 2531 828 ⁶
2567 801 2614 852 εί
2643 800 2838 852 τέθυκε
2859 799 2916 852 δὲ
2950 799 3068 869 μεθ’
3099 798 3276 870 ἡμῶν.
3313 799 3483 866 δεῖξον
3514 803 3644 871 ⁴ἡμῖν
3677 819 3970 871 συνημαρ-

2375 891 2603 960 τηκὸτα.
2633 891 2847 960 Ποιμὴν
2871 889 3130 960 ὑπάρχων
3157 889 3379 957 ἀγαθὸς,
3407 889 3548 960 ὑπὲρ
3573 892 3715 952 τίνος
3745 891 3970 944 τέθεικε

2378 982 2476 1053 τὴν
2513 982 2648 1035 ίδίαν
2686 983 2896 1052 ψυχήνς
2925 982 3065 1050 ὑπὲρ
3096 980 3288 1033 ἑαυτοῦ
3337 982 3556 1050 μᾶλλον,
3588 983 3620 1053 ἦ
3655 983 3794 1053 ὑπὲρ
3852 983 3971 1035 τῶν
4010 1028 4013 1029 ,

2381 1074 2703 1142 προϐάτων;
2736 1073 2945 1126 Ἀκούω
2970 1072 3218 1139 λέγοντος
3248 1073 3373 1140 περὶ
3405 1071 3587 1140 ἡμῶν
3621 1089 3640 1123 ι
3670 1072 3843 1143 ’Υπὲρ
3866 1074 3973 1126 αὑ-

2378 1167 2486 1220 τῶν
2517 1165 2628 1234 ἐγὼ
2656 1166 2866 1234 ἁγιάζω
2911 1165 3145 1235 ἐμαυτόν
3168 1181 3181 1196 ·
3226 1183 3244 1215 ι
3280 1163 3375 1216 καὶ
3409 1163 3551 1217 καθά
3602 1182 3766 1234 φησιν
3808 1167 3838 1216 6
3878 1167 3972 1218 Oe-

2383 1259 2600 1322 σπέσιος
2652 1258 2883 1319 Παῦλος,
2919 1276 2935 1308 t
2974 1256 3172 1326 Χάριτι
3211 1255 3346 1308 Θεοῦ
3379 1255 3519 1325 ὑπὲρ
3562 1255 3759 1319 παντὸς
3804 1255 3972 1324 ἐγεύ-

2384 1367 2515 1405 σατο
2562 1349 2832 1404 θανάτου·
2878 1368 2896 1400 ι
2952 1348 3048 1401 καὶ
3101 1346 3300 1411 πάλιν,
3345 1367 3364 1398 ί
3419 1347 3692 1416 Παρεδόθη
3750 1347 3839 1400 διά
3895 1349 3972 1400 τὰ

2383 1437 2805 1511 παραπτώματα
2841 1437 3014 1509 ἡμῶν,
3045 1437 3139 1490 καὶ
3180 1437 3388 1508 ἠγέρθη
3426 1437 3513 1489 διά
3556 1438 3650 1507 τὴν
3677 1428 3972 1490 δικαίωσιν

2383 1530 2570 1598 ἡμῶν*
2612 1549 2628 1581 ι
2663 1529 2756 1581 καὶ
2782 1529 2923 1581 καθά
2942 1545 3105 1599 φησιν
3126 1530 3153 1579 ὁ
3181 1532 3464 1598 προφήτης
3500 1528 3747 1591 Ἡσαΐας,
3781 1546 3799 1578 ι
3840 1529 3974 1580 Παι-

2382 1621 2498 1674 δεία
2546 1622 2766 1691 εἰρήνης
2804 1618 2958 1689 ἡμῶν
3015 1619 3101 1671 ἐπ’
3146 1619 3329 1681 αὑτὸν,
3379 1618 3457 1688 τῷ
3511 1617 3737 1687 μώλωπι
3793 1619 3968 1671 αὑτοῦ

2381 1714 2544 1782 ἡμεῖς
2588 1710 2852 1781 ίάθημενο
2896 1729 2913 1761 ι
2957 1711 3057 1763 οὐκ
3105 1710 3265 1772 αὐτὸς
3295 1710 3355 1763 τὸ
3386 1709 3494 1781 [τοο.
3538 1709 3638 1781 τῷ]
3693 1711 3791 1780 τῆς
3826 1711 3974 1773 ἰδίας

2387 1802 2586 1874 σαρκὸς
2609 1801 3128 1873 παραθεραπεύεται
3160 1801 3341 1855 πάθει.
3367 1801 3645 1871 Παρεδόθη
3667 1801 3754 1854 διὰ
3773 1801 3844 1854 τὰ
3869 1820 3977 1853 παο

697 1902 928 1946 mortem
988 1891 1153 1947 fuisse
1201 1892 1527 1958 devolutam,
1560 1892 1626 1945 ad
1661 1893 1774 1945 hmo
1806 1892 2080 1945 laborasse
2112 1893 2274 1946 etiam

2389 1891 2730 1963 ραπτώματα
2771 1892 2928 1962 ἡμῶν
2951 1907 2963 1920 ·
2993 1894 3051 1944 οὐ
3081 1891 3171 1944 διά
3201 1908 3264 1960 γε
3295 1891 3364 1946 τά
3409 1893 3602 1945 ἑαυτοῦ
3622 1908 3635 1920 ·
3671 1892 3874 1944 πολλοῦ
3901 1909 3974 1959 γε

695 1983 960 2039 facilitate
1026 1987 1280 2054 peccandi
1344 1985 1397 2038 in
1449 1998 1650 2048 carne,
1683 1992 1741 2037 ut
1787 1983 2105 2053 justiﬁcatio
2149 1984 2281 2054 legis

697 2077 805 2148 93
840 2077 1154 2146 impleretur
1186 2078 1240 2132 in
1291 2077 1469 2142 nobis,
1518 2078 1608 2145 qui
1665 2091 1770 2131 non
1811 2079 2107 2131 secundum
2154 2092 2278 2131 car-

701 2186 822 2224 nem
862 2169 1225 2235 ambulamus,
1269 2171 1361 2224 sed
1408 2169 1705 2224 secundum
1755 2169 2000 2238 spiritum
2029 2169 2118 2220 "z
2156 2184 2278 2222 nam

700 2271 986 2330 propterea
1044 2262 1370 2314 novissimus
1421 2261 1590 2312 Adam
1646 2269 1729 2314 est
1787 2260 2117 2330 appellatus,
2174 2277 2279 2314 non

699 2353 848 2422 quod
881 2351 1081 2420 prioris
1121 2352 1264 2406 illius
1296 2352 1443 2405 vitiis
1491 2352 1772 2417 laborarit,
1801 2355 1893 2405 sed
1925 2355 2067 2420 quod
2106 2355 2156 2406 in
2191 2370 2279 2407 se.

703 2443 839 2511 ipso,
876 2445 1168 2511 etquidem
1201 2446 1394 2513 primo,
1427 2444 1662 2498 hominis
1684 2455 1932 2498 naturam
1969 2455 2280 2515 transgres-

702 2535 871 2589 sionis
893 2533 1037 2589 illius
1061 2539 1261 2589 veteris
1286 2537 1513 2589 crimine
1545 2535 1783 2589 liberarit
1816 2553 1828 2589 :
1859 2537 2107 2604 quamvis
2136 2538 2279 2590 euiut

703 2625 792 2679 illa
821 2624 982 2680 fuerit
1020 2627 1070 2678 in
1123 2626 1291 2680 Adam
1349 2627 1625 2688 damnata,
1676 2636 1732 2678 at
1776 2635 1923 2680 certe
1973 2626 2025 2679 in
2063 2624 2282 2680 Christo

702 2718 1088 2786 probatissima
1111 2726 1164 2770 et
1199 2716 1470 2786 imprimis
1496 2717 1833 2771 admirabilis
1875 2721 2145 2787 apparuit.
2187 2717 2282 2771 Est

703 2823 836 2878 ergo
857 2809 947 2863 ille
973 2811 1188 2879 quidem
1214 2818 1481 2872 terrenus,
1510 2809 1760 2862 Christus
1787 2823 1912 2862 vero
1938 2810 2176 2863 cwlestis
2197 2811 2240 2840 ”
2263 2827 2278 2862 :

702 2911 758 2956 et
780 2899 911 2955 licet
941 2901 1085 2970 lapsa
1117 2899 1188 2955 sit
1218 2901 1269 2954 in
1312 2900 1404 2953 illo
1433 2900 1637 2969 priore,
1671 2909 1725 2951 et
1761 2902 1827 2954 ad
1860 2901 2279 2954 inobedicntiant

702 2990 935 3060 dejecta,
961 2994 1105 3060 quod
1132 3002 1218 3045 est
1259 3000 1560 3060 peccatum,
1593 3000 1771 3044 tamen
1811 3000 2009 3045 statum
2042 3008 2070 3042 a
2103 3001 2280 3045 trans-

703 3084 986 3154 gressione
1027 3083 1253 3136 liberum
1292 3087 1342 3136 in
1378 3083 1594 3138 Christo
1625 3084 1863 3138 servavit
1887 3121 1902 3146 ,
1935 3092 1989 3136 et
2025 3094 2279 3153 tanquam

703 3177 760 3232 in
791 3177 961 3232 altero
993 3177 1162 3230 nostri
1192 3179 1407 3247 generis
1448 3176 1606 3232 initio
1633 3191 1664 3230 a
1699 3177 1906 3245 peccati
1943 3175 2163 3232 vulnere
2199 3177 2282 3230 in-

2383 1986 2476 2037 καὶ
2496 1985 2575 2037 δεῖ
2595 2001 2606 2013 ·
2636 1986 3030 2053 κατενήνεκται
3059 1985 3156 2053 μὲν
3189 1985 3296 2054 γὰρ
3325 1984 3772 2052 ὁμολογουμένως
3807 1986 3842 2052 ἡ
3875 1986 3975 2036 ἁν-

2383 2076 2602 2145 θρώπου
2632 2077 2792 2144 φύσις
2817 2079 2879 2128 ἐκ
2905 2080 3001 2146 τῆς
3031 2078 3088 2129 ὲν
3127 2076 3297 2145 ’Λδὰμ
3327 2075 3690 2143 παραϐάσεως
3718 2078 3796 2137 εἰς
3825 2076 3974 2143 ἀρὰν

2382 2169 2477 2222 καὶ
2506 2168 2734 2222 θάνατον
2757 2184 2769 2197 ·
2804 2167 3235 2240 κατηρρώστησε
3261 2167 3316 2219 δὲ
3355 2167 3492 2237 πρὸς
3523 2167 3731 2229 τούτοις
3781 2168 3877 2219 καὶ
3907 2168 3976 2219 τὸ

2382 2260 2601 2312 εῠκολον
2614 2261 2691 2321 είς
2716 2260 2987 2328 ἁμαρτίαν
3007 2261 3063 2311 ὲν
3084 2263 3149 2327 τῇ
3166 2260 3327 2329 σαρκί
3347 2276 3358 2286 ’
3387 2259 3474 2311 ἵνα
3493 2259 3552 2311 τὸ
3572 2258 3847 2327 δικαίωμα
3872 2259 3974 2311 τοῦ

2383 2351 2550 2420 νόμου
2578 2350 2844 2420 πληρωθῇ
2871 2352 2928 2400 ὲν
2951 2350 3081 2418 ἡμῖν
3109 2353 3218 2411 τοῖς
3247 2350 3321 2419 μὴ
3352 2351 3494 2402 κατὰ
3513 2352 3691 2419 σάρκα
3730 2367 3973 2420 περιπα-

2380 2442 2737 2510 τοῦσιν,,ἀλλά
2758 2442 2898 2494 κατὰ
2923 2441 3560 2512 πνεῦμα.Κεχρημάτικε
3582 2441 3688 2512 γὰρ
3703 2442 3788 2494 διὰ
3816 2443 3975 2495 τοῦτο

2383 2535 2477 2588 καλ⁵
2505 2533 2732 2603 ἔσχατος
2773 2533 2945 2601 Ἀδάμ
2966 2549 2978 2560 ·
3003 2535 3062 2584 οὐ
3098 2535 3164 2584 τὰ
3197 2532 3290 2584 τοῦ
3326 2533 3544 2602 πρώτου
3571 2536 3746 2586 νοσεῖν
3775 2534 3978 2603 ἀνεχό-

2386 2642 2565 2694 μενος,
2601 2623 2958 2677 ἀπαλλάττων
3003 2624 3059 2676 δὲ
3109 2623 3306 2693 μᾶλλον
3354 2624 3430 2687 ὡς
3473 2627 3530 2676 ἐν
3558 2625 3736 2692 ἐαυτῷ
3768 2642 3827 2676 τε
3873 2628 3976 2679 καὶ

2385 2714 2585 2787 πρώτῳ
2637 2715 2734 2786 τὴν
2776 2714 3068 2785 ἀνθρώπου
3118 2715 3278 2785 φύσιν
3321 2716 3429 2768 τῶν
3477 2717 3542 2767 ἐκ
3593 2716 3974 2786 παραϐάσεως

2382 2808 2613 2879 ἀρχαίας
2642 2807 2856 2875 ὲκείνης
2890 2807 3230 2877 αίτιαμάτων
3252 2823 3263 2835 ⁸
3313 2806 3670 2876 κατεγνώσθη
3719 2809 3820 2877 μὲν
3854 2809 3973 2880 γὰρ

2385 2901 2592 2969 Ἀδάμ·
2658 2900 2774 2951 ἀλλ’
2818 2899 2977 2968 ὤφθη
3019 2899 3364 2970 δοκιμωτάτη
3397 2899 3868 2968 καὶ-ἀξιάγαστος
3908 2905 3976 2955 ὲν

2382 2991 2628 3061 Χριστῷ.
2661 2991 2857 3053 Χοῖκὺς
2899 2987 2994 3045 οὖν
3031 2994 3272 3057 ἐκεῖνος,
3320 2993 3644 3062 ἐπουράνιος
3679 2993 3737 3046 δὲ
3767 2996 3794 3046 6
3831 2995 3978 3066 Χρι-

2385 3082 2529 3146 στός.
2565 3083 2676 3135 Kal.
2719 3084 2990 3156 ὲνετράπη
3045 3085 3144 3155 μὲν
3187 3087 3243 3137 ὲν
3287 3083 3364 3154 τῷ
3398 3084 3619 3155 πρώτῳ,
3662 3103 3979 3157 κατακομι-

2386 3173 2572 3226 σθεῖσα
2605 3175 2742 3244 πρὸς
2772 3175 3079 3246 παρακοὴν,
3124 3177 3261 3246 ὅπερ
3295 3177 3443 3228 ἐστὶν
3492 3178 3738 3248 ἀμαρτία
3758 3195 3772 3209 ο
3807 3183 3979 3248 τετή-

703 3280 854 3339 tegra
887 3269 1170 3339 apparuit,
1205 3279 1260 3323 et
1303 3269 1680 3323 maledictione
1723 3269 2180 3338 damuationeque
2226 3277 2280 3324 et

2388 3280 2527 3333 ρηκε
2554 3264 2609 3322 δὲ
2648 3267 2711 3318 τὸ
2754 3266 3110 3336 ἀπαράϐατον
3141 3268 3198 3319 ὲν
3244 3267 3484 3337 Χριστῷ,
3531 3267 3624 3319 καὶ
3657 3265 3731 3330 ὡς
3774 3269 3834 3321 ὲν
3864 3271 3981 3321 ἀπ-

705 3373 877 3418 morte
902 3371 1064 3430 atque
1086 3361 1433 3431 corruptione
1462 3361 1746 3415 valentior.
1775 3360 2074 3414 Conﬁrmat
2095 3369 2277 3414 autem

705 3468 806 3512 nos
849 3456 1038 3508 beatus
1070 3453 1292 3517 Paulus,
1325 3453 1415 3520 qui
1461 3452 1538 3506 sic
1589 3453 1850 3521 scripsit:
1888 3469 1906 3501 ι
1944 3451 2095 3504 Sicut
2137 3452 2281 3506 enim

705 3562 803 3616 per
833 3546 1250 3600 inobedientiam
1282 3546 1441 3598 unius
1476 3544 1708 3598 hominis
1736 3554 2048 3613 peccatores
2077 3545 2283 3598 consti-

706 3624 962 3691 tutisnnt
996 3637 1183 3691 multi:
1218 3637 1290 3690 ita
1321 3647 1374 3688 et
1411 3651 1505 3706 per
1534 3636 1697 3689 unius
1753 3636 2116 3690 obedientiam
2151 3636 2283 3705 justi

705 3729 1110 3783 constituentur
1144 3728 1295 3781 multi
1337 3729 1402 3779 ".
1441 3746 1458 3777 ι
1491 3727 1699 3794 lndiget
1748 3727 1910 3792 igitur
1958 3726 2134 3779 hostia
2187 3742 2285 3796 pro

706 3820 819 3873 suis
877 3819 1088 3873 delictis
1139 3818 1387 3887 quisquis
1441 3816 1646 3885 peccati
1711 3825 1859 3869 reatu
1916 3824 2167 3871 tenetur:
2226 3826 2284 3872 et

705 3909 900 3964 obtulit
923 3912 1157 3974 seipsum
1193 3907 1442 3961 Christus
1477 3919 1574 3973 pro
1606 3919 1804 3975 genere
1828 3905 2126 3959 secundum
2158 3921 2284 3961 car-

708 4018 849 4066 nem,
906 4003 1006 4055 hoc
1040 4011 1141 4064 est,
1193 4015 1288 4068 pro
1337 4001 1512 4063 nobis,
1565 4015 1670 4054 non
1723 4011 1904 4053 autem
1939 4015 2036 4066 pro
2081 4000 2283 4067 seipso,

707 4110 828 4149 cum
869 4103 1092 4162 peccato
1129 4095 1375 4160 superior
1411 4101 1589 4154 esset,
1627 4100 1811 4160 utpote
1849 4094 1989 4145 Deus
2078 4105 2201 4143 nam
2239 4089 2285 4143 si

706 4191 924 4253 propter
970 4197 1028 4236 se
1076 4192 1160 4236 est
1194 4181 1535 4245 immolatus,
1576 4193 1704 4248 ergo
1745 4194 1849 4231 non
1892 4177 1991 4230 soli
2034 4191 2130 4230 nos
2167 4174 2285 4243 ejus

706 4275 967 4345 sanguine
999 4274 1163 4342 empti
1190 4287 1376 4326 sumus
1399 4272 1467 4337 ",
1502 4273 1797 4325 secundum
1827 4267 2161 4336 Scripturas,
2189 4267 2286 4321 sed

709 4369 986 4421 nobiscmn
1016 4367 1121 4420 erit
1150 4365 1312 4420 simul
1354 4366 1469 4434 ipse
1520 4365 1864 4431 redemptus;
1913 4375 2089 4429 neque
2129 4359 2285 4428 juxta

707 4459 857 4514 Isaiae
883 4473 1093 4522 vocem,
1132 4457 1387 4511 Dominus
1426 4455 1648 4509 tradidit
1695 4456 1869 4524 ipsum
1902 4454 2141 4522 peccatis
2189 4466 2287 4505 no-

2386 3356 2528 3424 αρχῇ
2555 3353 2787 3426 δευτέρᾳ.
2821 3355 2917 3407 τοῦ
2950 3357 3164 3423 γένους,
3198 3356 3354 3424 ὤφθη
3399 3374 3457 3408 τε
3492 3356 3741 3426 ἄτρωτος
3783 3359 3978 3430 ἀμαρ-

2385 3443 2552 3506 τίαις,
2588 3446 2684 3497 καὶ
2710 3445 2976 3514 κρείττων
3004 3447 3143 3517 ἀρᾶς
3167 3447 3261 3498 καὶ
3297 3445 3452 3515 δίκης
3484 3448 3578 3498 καὶ
3608 3447 3842 3501 θανάτου
3875 3452 3981 3504 καὶ

2389 3537 2616 3607 φθορᾶς.
2651 3540 3027 3610 Προσεμπεδοῖ
3059 3540 3114 3592 δὲ
3145 3542 3290 3610 ἡμᾶς
3317 3542 3345 3593 6
3382 3540 3691 3608 σοφώτατος
3719 3539 3937 3604 Παῦλος
3960 3584 3977 3606 ,

2388 3627 2486 3680 ὡδὶ
2512 3629 2805 3698 γεγραφώς
2828 3645 2840 3658 ·
2882 3649 2900 3680 ι
2937 3630 3148 3699 Ὥσπερ
3177 3630 3284 3699 γάρ
3313 3631 3401 3682 διά
3432 3631 3530 3699 τῆς
3562 3633 3852 3703 παρακοῆς
3874 3635 3980 3687 τοῦ

2387 3719 2504 3782 ἐνὸς
2535 3719 2842 3791 ἀνθρώπους
2877 3722 3195 3792 ἁμαρτωλοὶ
3242 3724 3655 3792 κατεστάθησαν
3683 3725 3733 3776 οἱ
3760 3725 3978 3792 πολλοὶ,

2385 3809 2529 3864 οὕτω
2557 3814 2653 3865 καὶ
2705 3813 2794 3865 διά
2840 3814 2940 3884 τῆς
2974 3814 3220 3884 ὑπακοῆς
3263 3813 3356 3867 τοῦ
3400 3815 3539 3881 ἑνὸς,
3575 3816 3769 3871 δίκαιοι
3802 3835 3983 3872 κατα-

2389 3903 2746 3975 σταθήσονται
2787 3909 2836 3959 οἱ
2872 3906 3076 3961 πολλοί.
3112 3927 3130 3958 ι
3168 3911 3349 3960 Δεῖται
3389 3908 3452 3980 δὴ
3486 3904 3580 3963 οὖν
3616 3909 3828 3977 θυσίας,
3871 3914 3982 3984 τῆς

2388 3997 2527 4066 ὑπέρ
2557 4013 2619 4066 γε
2644 3998 2751 4050 τῶν
2783 3999 2927 4051 ίδίων
2952 3999 3472 4071 πλημμελημάτων,
3491 4004 3598 4066 πᾶς
3621 4005 3675 4056 εί
3696 4021 3780 4067 τις
3811 4006 3982 4072 γέγο⁹

2385 4106 2476 4142 νεν
2507 4090 2784 4160 ἁμαρτίας
2819 4091 2998 4160 ἔνοχος
3023 4108 3036 4121 °
3069 4094 3162 4146 καὶ
3205 4095 3613 4166 προσκεκομικε
3648 4100 3748 4166 μὲν
3777 4097 3983 4149 ἑαυτὸν

2384 4183 2413 4234 6
2443 4181 2674 4251 Χριστὸς
2703 4183 2842 4254 ὑπὲρ
2875 4183 2970 4236 τοῦ
3017 4185 3161 4238 κατά
3195 4186 3377 4258 σάρκα
3404 4189 3596 4255 γένους
3621 4227 3636 4252 ,
3665 4189 3980 4252 τουτέστιν,

2386 4273 2530 4344 ὑπὲρ
2587 4275 2776 4342 ήμῶψ
2852 4275 2992 4345 ὑπὲρ
3059 4275 3256 4328 ἑαυτοῦ
3319 4276 3395 4339 δὲ,
3444 4279 3649 4340 οὐκέτι,
3703 4278 3983 4348 κρείττων

2389 4365 2664 4436 ἁμαρτίας
2710 4368 2992 4436 ὑπάρχων,
3039 4367 3113 4429 ὼς
3175 4366 3328 4429 Θεός.
3375 4369 3436 4420 Et
3472 4370 3598 4438 γὰρ
3636 4368 3858 4421 τέθυται
3903 4369 3981 4422 δι’

2387 4457 2601 4522 ἑαυτὸν,
2655 4457 2754 4526 οὐχ
2806 4461 2965 4528 ἡμεῖς
3015 4458 3407 4530 ἡγοράσθημεν
3459 4460 3610 4531 μόνοι
3653 4460 3729 4531 τῷ
3774 4462 3984 4530 αἵματι

709 4550 840 4602 stris
869 4549 946 4613 ",
980 4550 1070 4602 sed
1103 4563 1200 4616 pro
1232 4549 1343 4602 suis
1373 4545 1531 4602 etiam
1565 4555 1650 4601 est
1679 4547 1857 4599 datus.
1893 4544 1998 4600 Ubi
2027 4544 2170 4599 enim
2205 4552 2280 4597 est

2389 4549 2577 4610 αὐτοῦ.
2630 4551 2771 4602 κατὰ
2804 4550 2902 4614 τὰς
2952 4551 2988 4603 Γ
2997 4553 3174 4621 ραφάς
3194 4569 3208 4583 ο
3239 4552 3354 4605 ἀλλ’
3389 4551 3477 4622 εἴη
3506 4553 3550 4606 δ’
3577 4553 3644 4607 ἂν
3672 4555 3766 4608 καὶ
3805 4556 3983 4620 αὐτὸς

709 4641 882 4694 hostia
907 4649 961 4692 et
988 4639 1212 4701 oblatio,
1249 4638 1318 4692 ibi
1362 4652 1585 4706 prorsus
1630 4637 1883 4692 remissio
1913 4646 2280 4706 peccatorum.

2391 4644 2522 4711 ἡμῖν
2554 4643 3060 4712 συνηγορασμένος,
3089 4643 3274 4697 οὐκέτι
3308 4645 3448 4697 κατὰ
3483 4647 3582 4713 τὴν
3608 4645 3702 4698 τοῦ
3745 4647 3983 4700 Ἡσαΐου

713 4732 932 4800 Decepit
963 4730 1129 4800 igitur
1167 4741 1334 4784 totum
1376 4731 1562 4783 orbem
1605 4738 1870 4783 terrarum
1915 4729 2105 4782 beatus
2141 4726 2284 4780 Pau-

709 4823 814 4886 lus,
839 4823 931 4890 qui
964 4826 1028 4876 de
1061 4821 1152 4875 illo
1175 4821 1392 4890 scripsit
1423 4837 1436 4873 :
1482 4839 1499 4871 ι
1531 4820 1678 4874 Talis
1707 4823 1851 4874 enim
1881 4822 2035 4876 nobis
2061 4821 2288 4875 decebat

709 4926 769 4968 ut
799 4923 941 4968 esset
989 4911 1263 4983 pontifex,
1313 4921 1557 4976 sanctus,
1618 4914 1897 4979 innocens,
1950 4912 2282 4981 impollutus,

710 5015 1022 5076 segregatus
1045 5021 1071 5058 a
1101 5006 1499 5076 peccatoribus,
1523 5017 1579 5059 et
1604 5007 1874 5060 excelsior
1897 5007 2048 5060 caelis
2074 5006 2281 5067 lactus;

709 5099 798 5166 qui
833 5113 938 5150 non
991 5100 1153 5152 habet
1195 5099 1436 5167 quotidie
1485 5099 1881 5163 necessitatem,
1930 5098 2282 5166 quemadmo-

710 5189 835 5240 dum
881 5190 1211 5249 sacerdotes,
1250 5189 1399 5257 prius
1435 5206 1529 5258 pro
1565 5192 1678 5243 suis
1709 5190 1918 5244 delictis
1954 5191 2156 5242 hostias
2200 5190 2283 5242 of-

713 5280 874 5345 ferre,
911 5280 1101 5333 deinde
1129 5295 1224 5347 pro
1254 5283 1432 5350 pupilli
1466 5301 1478 5334 :
1520 5284 1619 5336 hoc
1646 5286 1790 5336 enim
1823 5283 1950 5335 fecit
1982 5281 2148 5336 semel
2196 5297 2286 5336 se-

711 5374 886 5440 ipsum
913 5373 1167 5426 oll'erens.
1201 5374 1310 5427 Lex
1331 5376 1471 5429 enim
1501 5375 1745 5429 homines
1777 5375 2062 5430 constituit
2087 5389 2288 5428 sacer-

709 5466 862 5518 dotes
894 5465 1263 5518 iulirmitatem
1299 5467 1562 5520 habentes
1593 5484 1606 5518 :
1638 5481 1817 5521 sermo
1851 5478 2033 5521 autem
2059 5465 2290 5535 jurisju-

712 5555 863 5609 ramli
895 5556 1037 5623 quod
1069 5565 1190 5621 post
1223 5555 1394 5625 legem
1434 5567 1538 5623 cst,
1569 5556 1763 5612 Filium
1793 5558 1846 5612 in
1875 5569 2134 5612 :eternum
2165 5573 2290 5628 per-

782 5757 825 5788 ¹⁵
863 5755 1016 5809 Juan.
1055 5774 1105 5817 at,
1142 5757 1227 5810 13.

710 5828 865 5882 Rom.
908 5842 1023 5894 \lll,
1058 5829 1106 5880 ί.
1185 5829 1225 5858 ⁸³
1272 5830 1284 5881 Ι
1327 5831 1451 5882 Cor.
1484 5847 1569 5894 xv,
1604 5832 1688 5884 47.

1308 5759 1349 5790 ¹⁶
1387 5757 1539 5813 Jouu.
1578 5776 1707 5819 xvtt,
1743 5759 1823 5813 ις).
1907 5761 1946 5792 ¹⁷
1991 5760 2152 5814 Hebr.
2200 5777 2258 5825 tt,

2428 5761 2471 5789 ⁸⁸
2513 5757 2617 5814 lsa.
2652 5777 2766 5813 LIII.
2803 5759 2870 5818 ὗς
2904 5758 3057 5810 Ιζθιιι.
3098 5775 3171 5818 ιν,
3209 5758 3298 5810 ἳῖί.

1768 5833 1809 5861 ³³
1853 5831 2006 5885 limit.
2046 5847 2094 5895 ν,
2135 5833 2215 5886 I9.
2294 5831 2340 5861 ’³
2382 5831 2511 5884 ibid.
2543 5832 2596 5884 9.

2390 4737 2597 4802 φωνὴν,
2650 4752 2667 4783 σ
2701 4733 2903 4802 Κύριος
2956 4734 3270 4803 παρέδωκεν
3319 4735 3482 4787 αὑτὸν
3521 4741 3638 4798 ταῖς
3671 4738 3982 4805 ἁμαρτίαις

2390 4827 2548 4896 ἡμῶν
2570 4844 2582 4856 ·
2623 4845 2642 4876 ι
2677 4825 2885 4878 δέδοται
2911 4824 2968 4877 δὲ
2999 4825 3200 4894 μᾶλλον
3228 4827 3322 4880 καὶ
3351 4827 3490 4897 ὑπὲρ
3523 4829 3634 4880 τῶν
3671 4829 3846 4881 ἰδίων.
3894 4826 3980 4882 Οὗ

2389 4919 2498 4989 γὰρ
2527 4919 2662 4982 ὅλως
2707 4919 2867 4971 θυσία
2913 4920 3008 4971 καὶ
3043 4919 3377 4990 προσαγωγὴ
3407 4960 3420 4984 ,
3459 4922 3575 4972 ἐκεῖ
3615 4939 3715 4973 που
3749 4923 3982 4986 πάντως

2390 5013 2483 5063 καὶ
2511 5012 2706 5078 ἄφεσις
2728 5012 3033 5082 ἁμαρτιῶν.
3061 5013 3434 5080 Πεφενάκικεν
3457 5009 3551 5065 οὖν
3579 5014 3686 5080 ἄρα
3714 5015 3840 5076 τοὺς
3866 5015 3982 5067 ἀνὰ

2392 5107 2574 5158 πᾶσαν
2619 5105 2718 5173 τὴν
2750 5105 2838 5156 ὑπ’
2881 5103 3108 5172 οὐρανὸν
3151 5105 3179 5155 6
3226 5103 3513 5165 θεσπέσιος
3560 5102 3803 5164 Παῦλος,
3841 5107 3981 5174 περὶ

2394 5195 2559 5249 αὐτοῦ
2589 5195 2881 5265 γεγραφώς
2902 5211 2914 5222 ο
2953 5213 2970 5244 ι
3008 5193 3261 5254 Τοιοῦτος
3289 5192 3397 5262 γὰρ
3432 5193 3564 5262 ἡμῖν
3601 5191 3840 5261 ἔπρεπεν
3871 5194 3980 5263 ἀρ-

2391 5288 2629 5356 χιερεὺς,
2660 5288 2823 5351 ὅσιος,
2860 5286 3085 5348 ἄκακος,
3117 5285 3402 5355 ἀμίαντος,
3433 5282 3838 5354 κεχωρισμένος
3864 5285 3984 5337 ἀπὸ

2390 5379 2499 5431 τῶν
2540 5378 2901 5448 ἁμαρτωλῶν,
2931 5379 3024 5430 καὶ
3054 5377 3383 5445 ὑψηλότερος
3413 5374 3520 5428 τῶν
3542 5375 3790 5445 οὐρανῶν
3819 5378 3984 5444 γενό-

2396 5484 2583 5539 μενος·
2610 5469 2668 5531 ὃς
2691 5469 2791 5520 οὐκ
2822 5466 2936 5537 ἔχει
2979 5467 3099 5520 καθ’
3142 5465 3352 5536 ἡμέραν
3381 5465 3647 5534 ἀνάγκην,
3691 5463 3886 5535 ὥσπερ
3927 5469 3982 5520 οί

2390 5558 2668 5629 ἀρχιερεῖς
2688 5596 2702 5622 ,
2734 5557 2999 5628 πρότερον
3033 5556 3171 5626 ὑπὲρ
3200 5555 3308 5607 τῶν
3361 5554 3506 5607 ἰδίων
3555 5555 3982 5625 ἁμαρτημάτων

3381 5757 3422 5787 ¹⁹
3463 5758 3564 5808 lsa.
3599 5772 3713 5820 LIII,
3740 5755 3797 5809 5.

2681 5832 2725 5861 "
2760 5829 3008 5894 lsa.Lttt,
3055 5829 3149 5896 lii;
3197 5829 3210 5880 Ι
3259 5830 3362 5880 Cor
3422 5843 3509 5889 xv,
3541 5827 3593 5878 ὃ.
