4112 6480
183 405 261 459 165
1234 417 1600 476 ADVERSUS
1638 420 1720 476 NE

1825 424 2046 483 OlllUM
2083 429 2210 486 LIB.
2255 429 2341 486 ΙΙΙ.

3308 449 3413 504 166

179 523 334 588 θυσίας
361 525 690 598 ἀναφέρειν,
722 530 927 586 ἔπειτα
960 533 1070 587 τῶν
1110 536 1203 590 τοῦ
1233 537 1361 590 λαοῦ
1382 556 1396 569 ο
1436 540 1594 594 τοῦτο
1631 542 1720 615 γὰε

1843 545 2039 603 lectum
2069 551 2134 604 ’⁸.
2175 570 2194 603 ι
2240 551 2520 618 Quomodo
2568 555 2734 626 igitur
2775 554 2998 615 sanctus
3043 571 3126 619 est
3170 568 3410 634 pontifex

177 617 393 684 ἐποίησεν
426 620 659 687 ἐφάπαξ
690 623 898 677 ἑαυτὸν
923 627 1308 697 προσενέγκας.
1349 630 1406 683 '0
1437 632 1598 701 νόμος
1632 634 1738 705 γὰρ

172 709 464 779 ἀνθρώπους
495 712 847 784 καθίστησιν
874 718 1145 788 ἀρχιερεῖς
1173 719 1392 789 ἔχοντας
1420 722 1701 788 ἀσθενείας
1721 742 1736 757 ·

171 800 356 867 ὀλόγος
386 803 442 854 δὲ
473 803 580 873 τῆς
611 805 979 876 ὁρκωμοσίας
1008 809 1108 878 τῆς
1136 812 1273 879 μετὰ
1298 813 1388 865 τὸν
1418 813 1739 884 νόμον,Υίὸν

166 891 230 953 είς
270 892 354 944 τὸν
402 893 583 946 αἰῶνα
625 897 1077 968 τετελειωμένον.
1116 920 1135 951 ι
1167 902 1290 966 Πῶς
1327 900 1419 957 οὖν
1464 906 1605 968 ὅσιος
1633 909 1734 978 ἀρ-

163 984 352 1051 χιερεὺς
376 986 404 1036 ό
439 985 701 1053 Χριστός
735 1005 749 1053 ;
783 989 814 1059 ἢ
846 990 984 1042 κατὰ
1011 991 1133 1044 τίνα
1158 993 1358 1063 τρόπον
1389 996 1594 1060 ἄκακος
1642 1000 1736 1051 καὶ

159 1073 413 1143 ἀμίαντος,
445 1079 497 1128 εί
528 1078 732 1133 δέεται
764 1080 883 1151 μεθ’
908 1082 1066 1151 ἡμῶν
1087 1085 1186 1154 τῆς
1217 1084 1404 1150 Θυσίας
1439 1106 1735 1166 προσκεκοτ

159 1167 373 1234 μημένος
425 1165 584 1239 [τσ..
612 1174 1218 1248 προσκεκομισμένης]
1263 1180 1342 1241 είς
1388 1181 1580 1249 ἄφεσιν
1626 1165 1733 1236 τῶν

160 1254 672 1329 πλημμελημάτων,
723 1263 817 1317 καὶ
867 1266 947 1327 είς
981 1264 1262 1320 δικαίωσιν
1288 1269 1396 1321 τῶν
1422 1273 1734 1342 ἡμαρτηκό-

153 1363 273 1412 των;
301 1349 424 1412 Πῶς
455 1350 811 1422 κεχώρισται
829 1354 936 1408 τῶν
966 1357 1323 1428 ἁμαρτωλῶν,
1352 1362 1400 1413 εί
1430 1361 1730 1417 δικαιοῦται

155 1441 235 1492 σὺν
268 1442 474 1505 αὐτοῖς,
507 1445 620 1515 οὐχ
657 1447 850 1518 ἐτέρου
879 1466 974 1502 του
1034 1451 1196 1522 χάριν
1218 1453 1316 1523 τῆς
1343 1453 1532 1518 θυσίας
1559 1473 1729 1526 προσ-

149 1532 546 1606 κεκομισμένης
576 1576 593 1600 ,
653 1537 689 1607 ἢ
732 1539 939 1593 τούτων
972 1543 1182 1612 αὐτῶν;
1218 1547 1490 1617 Θαυμάζω
1533 1548 1610 1613 δὲ,
1648 1551 1730 1602 ὅτι

147 1622 565 1695 διακεκραγότος
612 1630 716 1683 τοῦ
767 1633 1006 1699 Παύλου,
1053 1623 1329 1708 καὶμάλα
1379 1640 1585 1707 σαφῶς,
1630 1643 1728 1694 οὐκ

145 1709 269 1765 εἶναι
309 1718 721 1789 παραπλήσιον
759 1724 872 1786 τοῖς
905 1724 1044 1797 ὑπὲρ
1081 1727 1190 1780 τῶν
1233 1729 1379 1782 ίδίων
1413 1731 1729 1801 πλημμελη-

147 1804 313 1871 μάτων
341 1812 764 1881 προσ-κομίζειν
788 1815 1259 1888 κεκελευσμένοις,
1285 1821 1474 1875 ἔπειτα
1499 1823 1606 1875 τῶν
1629 1823 1724 1876 τοῦ

1841 637 2124 695 Christus?
2166 643 2249 696 vel
2281 646 2548 712 quomodo
2593 647 2852 704 innocens
2887 659 2941 706 et
2979 651 3323 722 impollutus,
3366 663 3414 714 si

1841 731 2124 785 nobiscum
2155 732 2355 804 indiget
2383 738 2556 791 hostia
2589 755 2684 808 pro
2710 745 2945 809 peccatis
2982 747 3317 803 remittendis
3363 758 3411 804 el

1841 818 1905 872 ad
1950 832 2262 887 peccatores
2295 824 2670 892 justiﬁcandos
2711 830 2959 885 oblatus?
3001 833 3280 899 Quomodo
3327 855 3410 890 se-

1839 919 2089 977 gregatus
2116 926 2144 964 a
2178 917 2569 982 peccatoribus,
2600 920 2644 972 si
2674 935 2775 972 una
2805 937 2924 974 cum
2956 927 3083 991 ipsis
3118 926 3228 997 94
3250 929 3381 995 justi

1840 999 2109 1067 ficabitur,
2149 1019 2271 1057 cum
2322 1007 2498 1061 hostia
2526 1023 2629 1062 non
2676 1011 2777 1064 alia
2824 1016 2888 1067 de
2917 1028 3076 1068 causa
3128 1019 3406 1086 offeratur,

1835 1105 1994 1158 quam
2019 1109 2115 1160 pro
2151 1095 2266 1150 istis
2303 1097 2472 1164 ipsis?
2515 1100 2679 1154 Miror
2718 1111 2897 1158 autem
2937 1111 3100 1174 quod,
3143 1112 3408 1166 clamante

1834 1180 2020 1246 Paulo,
2048 1195 2099 1238 et
2125 1187 2341 1253 quidem
2374 1193 2738 1256 apertissime,
2774 1211 2878 1248 non
2911 1212 3030 1251 esse
3060 1199 3203 1254 illum
3236 1206 3406 1269 persi-

1835 1273 2014 1327 milem
2077 1275 2160 1329 liis
2201 1279 2396 1347 quibus
2435 1296 2532 1350 pro
2573 1285 2689 1338 suis
2727 1286 2937 1341 delictis
2975 1288 3178 1344 hostias
3215 1293 3407 1349 ollerre

1833 1365 1904 1419 sit
1928 1366 2167 1434 jussum,
2225 1372 2418 1427 deinde
2449 1389 2546 1442 pro
2576 1377 2788 1433 deliCtis
2827 1383 3043 1449 pepuli,
3081 1372 3184 1436 n'on
3216 1386 3406 1440 timeas

1831 1456 2101 1510 contraria
2126 1460 2420 1524 praedicare
2453 1461 2516 1514 iis
2545 1478 2661 1531 quae
2704 1464 2791 1516 ille
2831 1467 2984 1531 dixit,
3016 1470 3106 1520 sed
3159 1484 3406 1523 asserere

1831 1546 2051 1609 audeas,
2081 1561 2175 1614 pro
2208 1546 2418 1601 illorum
2455 1550 2809 1606 similitudine
2855 1555 2944 1620 qui
2998 1555 3291 1608 secundum
3328 1555 3403 1608 le-

1830 1649 1948 1704 gem
1979 1634 2196 1690 fuerunt
2218 1640 2545 1704 sacerdotes,
2569 1642 2728 1694 etiam
2763 1644 2930 1711 ipsum
2960 1659 3054 1711 pro
3082 1661 3143 1700 se
3173 1645 3400 1700 hostiam

1830 1725 2042 1780 offerre.
2089 1727 2156 1780 Et
2208 1730 2252 1781 si
2290 1744 2474 1782 verum
2505 1743 2584 1785 est
2619 1733 2731 1802 lege
2782 1735 3039 1789 constitui
3091 1739 3402 1791 sacerdotes

1832 1815 2090 1869 habentes
2127 1815 2513 1881 infirmitatem,
2556 1836 2804 1876 sermone
2835 1834 3011 1876 autem
3046 1822 3402 1895 jurisjurandi

143 1893 257 1947 λαοῦ
285 1897 656 1965 πρεσϐεύειν,
697 1904 758 1956 οὐ
787 1905 963 1970 δέδιας
986 1946 1001 1970 ,
1032 1905 1114 1972 οἷς
1139 1910 1243 1980 ἔφη
1275 1914 1529 1966 τάναντία
1560 1916 1720 1982 φάναι

1827 1908 1968 1972 quod
2001 1917 2119 1974 post
2153 1906 2322 1975 legem
2353 1919 2455 1971 est,
2485 1908 2678 1963 Filium
2704 1912 2756 1965 in
2785 1922 3047 1966 aeternum
3079 1893 3398 1981 perfectum,

141 2001 191 2036 τε
219 1987 423 2058 τολμᾷς
475 1989 496 2060 [
523 1992 628 2044 τοῦ
663 1993 817 2057 λαοῦ,
864 1998 1189 2067 πρεσϐεύειν
1215 2003 1273 2055 οὐ
1301 2004 1474 2067 δέδιας
1503 2001 1582 2068 οἷς
1620 2007 1722 2078 ἔφη

142 2077 383 2169 τάναντία
408 2118 425 2142 ,
470 2083 654 2150 φάναι
693 2101 749 2136 τε
785 2087 989 2158 τολμᾷς
1014 2089 1063 2162 ],
1119 2093 1242 2146 καθ’
1291 2097 1586 2167 ὁμοιότητα
1625 2077 1726 2169 τὴν

143 2166 369 2233 ἐκείνων,
406 2172 460 2223 οἶ
512 2173 667 2226 κα.τά
694 2174 856 2244 νόμον
898 2181 1187 2247 γεγόνασιν
1219 2186 1403 2256 ίερεῖς,
1443 2166 1532 2241 καὶ
1562 2166 1725 2244 αὐτόν

142 2257 263 2327 ὑπὲρ
310 2261 516 2314 ἑαυτου
574 2267 884 2334 προσάγειν
945 2269 1155 2328 θυσίαν.
1217 2276 1326 2328 Καὶ
1374 2277 1532 2346 εἴπερ
1578 2279 1741 2332 ἐστὶν·

141 2347 340 2441 ἀληθὲς,
359 2350 438 2414 ὼς
467 2355 497 2405 6
521 2354 697 2426 νόμος
729 2359 829 2426 μὲν
857 2360 1178 2432 καθίστησιν
1199 2367 1476 2440 ἀρχιερεῖς
1501 2371 1724 2441 ἔχοντας

142 2438 407 2501 ἀσθενείας
427 2459 442 2472 ο
478 2445 510 2494 6
535 2443 704 2512 λόγος
743 2447 798 2500 δὲ
827 2449 928 2518 τῆς
961 2454 1307 2524 ὁρκωμοσίας
1337 2438 1435 2529 τῆς
1471 2438 1609 2533 μετὰ
1634 2464 1724 2517 τὸν

143 2531 310 2599 νόμον,
342 2533 480 2587 Υίὺν
533 2537 623 2598 εἰς
673 2537 763 2589 τὸν
807 2539 976 2593 αίῶνα
1021 2531 1481 2618 τετελειωμένον-Ἴ
1520 2554 1571 2604 τί
1613 2558 1724 2617 τοῖς

143 2619 369 2672 ἀσθενεῖν
399 2623 636 2676 εἰωθόσι
667 2629 844 2678 ποιεῖν
872 2627 980 2698 fta.
1020 2634 1216 2704 ποιεῖς]
1245 2639 1597 2710 συναρίθμιον
1634 2641 1723 2696 τὸν

143 2711 226 2780 τῆς
257 2711 485 2804 ἐκείνων
537 2714 785 2784 πληθύος
816 2717 1174 2792 ἐξῃρημένον,
1206 2729 1302 2781 καὶ
1336 2730 1433 2801 τὴν
1467 2732 1606 2804 ὑπὲρ
1641 2736 1724 2788 νό-

145 2818 231 2868 μον
272 2803 468 2872 ἔχοντα
499 2807 813 2874 τελείωσιν,
863 2815 1075 2869 οἴκοθέν
1117 2837 1175 2872 τε
1227 2824 1493 2879 καὶκατὰ
1539 2803 1720 2896 φύσιν,

146 2891 286 2962 εἴπερ
315 2896 468 2948 ἐστὶν
497 2896 637 2960 Υίὸς
670 2897 905 2968 ἀληθῶς,
938 2906 1032 2957 καὶ¹
1059 2906 1145 2960 διὰ
1178 2910 1337 2966 τοῦτο
1374 2891 1724 2982 Θεός;,”’ῐδιι›ὲ

149 2997 236 3048 μεν
262 2983 316 3035 δὲ
339 2985 438 3037 καὶ
470 2988 544 3039 ἐκ
577 2987 669 3040 τοῦ
703 2992 931 3059 νομικοῦ
962 2998 1055 3048 καὶ⁵
1076 3000 1432 3074 ἀρχαιοτέρου
1462 3010 1723 3079 γράμμα·

146 3086 245 3135 τος,
279 3075 402 3127 τίνα
438 3078 510 3148 δὴ
554 3078 760 3146 τρόπον
807 3084 898 3135 καὶ
945 3085 1085 3155 ὑπὲρ
1135 3089 1296 3144 τίνων
1341 3097 1723 3167 είσκεκόμικεν

149 3163 320 3258 ἑαυτὸν
342 3169 371 3219 6
413 3169 778 3241 Ἐμμανουὴλ
801 3175 880 3235 είς
906 3174 1081 3246 ὀσμὴν
1109 3180 1333 3245 εὐωδίας
1363 3186 1441 3255 τῷ
1487 3163 1604 3258 Θεῷ
1630 3193 1720 3243 καὶ⁵

150 3251 324 3351 Hirpi.
367 3258 511 3310 Σκιὰ
561 3259 662 3327 μὲν
716 3262 826 3331 γὰρ
867 3265 1309 3338 ὁμολογουμένως
1356 3277 1384 3327 ό
1412 3251 1592 3346 ’νόμος
1631 3277 1719 3351 ἦν,

151 3340 271 3409 πλὴν
301 3345 666 3400 ὑποτύπωσιν
695 3348 808 3419 ἔχει
836 3357 1137 3425 μυστηρίου
1174 3361 1265 3413 τοῦ
1301 3365 1443 3418 κατά
1464 3340 1720 3439 Χριστόν,

149 3429 230 3481 καὶ
259 3433 356 3501 τῆς
379 3434 650 3505 ἀληθείας
677 3438 854 3492 ὠδίνει
880 3442 980 3513 τὴν
1011 3446 1312 3532 μόρφωσιν.
1330 3454 1437 3507 Καὶ
1461 3429 1590 3525 γοῦν
1618 3429 1720 3534 ἔφη

152 3537 239 3572 που
286 3525 531 3595 Χριστὸς
583 3532 692 3592 τοῖς
729 3531 1003 3598 Ἰουδαίοις
1055 3528 1376 3608 προσλαλῶν
1399 3563 1413 3578 υ
1451 3567 1469 3598 ι
1500 3549 1562 3603 Εί
1598 3525 1721 3606 ἐπι-ί

153 3612 349 3667 στεύετε
378 3619 563 3687 Μωσῇ
592 3661 609 3683 ,
656 3620 970 3676 ἐπιστεύετε
1009 3626 1074 3678 ἂν
1101 3630 1256 3697 ἐμοί’
1290 3635 1417 3703 περὶ
1445 3639 1556 3710 γὰρ
1585 3644 1719 3713 ἐμοῦ

153 3705 337 3770 ἐκεῖνος
381 3709 619 3778 ἔγραψε.
653 3729 668 3760 ο
704 3711 829 3775 Πῶς
854 3710 943 3766 οὖν
970 3715 1090 3786 ἀρα·
1115 3720 1375 3777 τεθύκασι
1403 3728 1494 3781 τὸν
1522 3705 1716 3802 ἀμνὸν,

155 3791 421 3892 μέλλοντες
481 3799 582 3869 τῆς
627 3802 940 3870 Αίγυπτίων
986 3808 1243 3879 ἀπαίρειν
1283 3816 1330 3867 oi
1379 3818 1438 3883 ἐξ
1490 3791 1719 3892 αἵματος

164 3883 400 3983 ῖῐσραήλ;
457 3890 600 3960 ὑπὲρ
629 3893 841 3945 ἐαυτῶν
877 3892 987 3966 ἆρα
1017 3901 1111 3951 καὶ
1143 3903 1340 3970 μόνων,
1394 3908 1425 3977 ἢ
1455 3883 1717 3988 καὶνύπέρ

155 3975 380 4076 iduum?)
404 3985 501 4036 τοῦ
521 3985 698 4053 ἀμνοῦ
716 4003 730 4052 ;
752 3988 914 4052 Τίνας
934 3991 1223 4063 ἐλυτροῦτο
1237 3997 1326 4051 διὰ
1342 3975 1434 4053 τού
1455 3975 1714 4076 αἵματοςξ

155 4062 245 4136 ἆρα
268 4073 392 4135 τοὺς
425 4073 535 4126 ὑπὸ
562 4074 726 4142 ζυγὸν
754 4077 1015 4144 δουλείας,
1056 4062 1148 4136 καὶ
1175 4086 1452 4142 δύσοιστον
1480 4062 1716 4151 ἀνατλάν

155 4152 247 4224 [ισ.
279 4161 647 4233 ἀνατλάντας]
683 4164 778 4235 τὴν
807 4167 869 4218 ἐκ
891 4169 1000 4221 τῶν
1029 4171 1343 4239 Αἰγυπτίων
1378 4153 1711 4252 πλεονεξίαν,

153 4244 287 4341 ﬁmi
315 4252 556 4317 ἐαυτόν;
590 4255 735 4319 τίνος
767 4257 1026 4312 ἀπεσόϐει
1050 4262 1141 4314 τὸν
1175 4264 1536 4341 όλοθρευτήν;
1573 4244 1715 4330 τίσιν

153 4334 367 4404 ἔφασκεν
409 4345 441 4396 6
478 4344 587 4396 τῶν
640 4345 778 4400 ὅλων
816 4349 947 4415 Θεὸς
970 4392 984 4416 ,
1022 4372 1041 4405 ι
1079 4356 1188 4408 Καὶ
1225 4334 1425 4430 ὄψομαι
1454 4334 1710 4440 τὸῖαίμα,

153 4429 521 4533 καὶισκεπάσω
547 4436 724 4506 ὑμᾶς;
759 4458 777 4491 ι
805 4437 912 4512 ἆρα
945 4446 1056 4508 τοῖς
1088 4446 1238 4518 δεδεη
1248 4453 1425 4522 μένοις
1455 4458 1555 4527 τῆς
1583 4429 1711 4533 παρ’

1828 2010 1925 2048 cur
1955 1996 2005 2050 in
2046 2011 2232 2050 eorum
2277 2016 2500 2054 numero
2548 2001 2638 2070 qui
2691 2003 2888 2056 iutirtui
2942 2019 3059 2058 esse
3103 2021 3399 2087 consueve-

1829 2098 1974 2156 runt,
2007 2105 2258 2147 recenses
2287 2093 2457 2159 illum,
2485 2098 2553 2148 ab
2584 2111 2773 2150 eorum
2811 2100 2964 2152 turba
2991 2109 3272 2169 exceptum
3295 2139 3311 2165 ,
3343 2110 3400 2156 et

1826 2181 2158 2249 perfectione
2201 2199 2321 2253 qua:
2352 2199 2514 2255 supra
2561 2187 2730 2257 legem
2777 2198 2857 2242 est
2897 2199 2950 2243 et
3003 2191 3290 2248 intrinseCa
3345 2200 3400 2244 et

1827 2275 2120 2329 secundum
2162 2288 2405 2330 naturam
2456 2278 2616 2332 insita
2672 2281 2985 2347 praeditum,
3019 2295 3139 2340 cum
3173 2281 3242 2335 sit
3271 2295 3402 2337 vere

1825 2363 2015 2430 Filius,
2055 2376 2109 2420 et
2159 2370 2226 2421 ob
2280 2383 2398 2422 eam
2445 2383 2662 2422 causam
2719 2370 2894 2424 Deus?
2945 2372 3049 2427 Sed
3115 2374 3394 2430 videamus

1825 2457 1988 2509 etiam
2024 2473 2088 2511 ex
2117 2458 2269 2527 legali
2298 2468 2351 2512 et
2389 2462 2554 2515 veteri
2588 2462 2792 2531 scripto
2814 2504 2827 2528 ,
2863 2465 3313 2531 quemadmodum
3344 2477 3401 2520 et

1827 2563 1923 2616 pro
1956 2551 2150 2616 quibus
2192 2551 2297 2604 Deo
2325 2561 2378 2604 et
2410 2551 2553 2605 l’atri
2598 2552 2832 2619 seipsnm
2881 2554 3137 2609 obtulerit
3181 2556 3399 2608 Emma-

1827 2639 1948 2694 nuel
2004 2641 2056 2695 in
2103 2645 2320 2696 odorem
2364 2645 2730 2699 suavitatis".
2781 2644 2982 2699 Umbra
3009 2644 3261 2717 'natnque
3309 2648 3394 2703 lex

1825 2742 1939 2786 erat
1980 2734 2164 2800 procul
2198 2736 2380 2799 dubio,
2415 2739 2506 2789 sed
2555 2746 2731 2789 tamen
2778 2735 2978 2790 Christi
3027 2739 3266 2807 mysterii
3315 2739 3398 2792 in-

1826 2823 2201 2877 formationem
2257 2825 2418 2878 habet
2462 2827 2540 2888 ",
2599 2841 2660 2879 ac
2716 2828 2956 2879 veritatis
3015 2827 3390 2882 formationem

1827 2919 2073 2984 parturit.
2107 2918 2289 2985 Itaque
2316 2916 2588 2978 Christus,
2623 2933 2743 2970 cum
2775 2918 2987 2972 Judaaos
3010 2921 3394 2988 alloqueretur,

1824 3005 1960 3058 dixit
1994 3025 2008 3057 :
2044 3022 2062 3054 ι
2101 3004 2155 3056 Si
2183 3005 2480 3058 crederetis
2512 3005 2662 3066 Mosi.
2694 3008 2985 3061 crederetis
3020 3009 3182 3062 etiam
3218 3010 3347 3062 tnilti
3378 3029 3391 3064 :

1825 3097 1889 3149 de
1919 3110 2001 3149 me
2024 3097 2168 3150 enim
2207 3098 2292 3152 ille
2314 3099 2533 3167 scripsit
2561 3098 2627 3150 “.
2662 3117 2679 3148 ι
2714 3101 2991 3163 Quomodo
3029 3099 3190 3168 igitur
3226 3099 3396 3156 lsrae-

1827 3187 1931 3240 litaa
1961 3189 2026 3240 de
2051 3187 2428 3258 [Egyptiorunt
2459 3189 2618 3243 terris
2652 3190 2929 3259 migraturi
2969 3205 3165 3260 agnum
3202 3193 3394 3244 immo-

1827 3279 2114 3332 laverunt?
2158 3297 2280 3333 nutn
2313 3297 2407 3348 pro
2439 3297 2495 3335 se
2545 3281 2674 3347 ipsis
2712 3291 2938 3348 tantum,
2975 3298 3039 3335 an
3090 3285 3251 3337 etiam
3299 3299 3396 3350 pro

1825 3369 1940 3437 ipso
1969 3371 2150 3438 agno?
2179 3387 2438 3439 quosnam
2489 3372 2787 3426 redimebat
2831 3389 2924 3442 per
2972 3389 3128 3427 suum
3178 3377 3397 3443 sangui-

1827 3460 1986 3513 nem?
2015 3476 2139 3513 num
2169 3476 2261 3516 eos
2286 3464 2375 3531 qui
2410 3465 2508 3515 sub
2532 3463 2662 3532 jugo
2691 3466 2970 3520 servitutis
2992 3475 3167 3531 erant,
3194 3475 3249 3521 et
3274 3483 3398 3536 gra-

1825 3550 2044 3604 vissimo
2072 3552 2459 3620 premebantur
2488 3552 2867 3623 Aigyptiorum
2902 3557 3198 3625 dominatu,
3234 3573 3300 3612 an
3337 3575 3396 3614 se

1823 3641 1997 3711 ipsum
2024 3642 2188 3696 etiam
2210 3644 2233 3696 ?
2258 3658 2286 3696 a
2308 3659 2545 3712 quonam
2571 3646 2848 3700 avertebat
2881 3649 3396 3704 exterminatorem?

1822 3733 2082 3803 quibusve
2120 3734 2254 3787 dixit
2286 3735 2374 3788 ille
2412 3736 2552 3790 Deus
2593 3737 2968 3792 universorum
3000 3757 3013 3792 :
3056 3758 3075 3790 ι
3105 3740 3168 3793 Et
3201 3743 3394 3795 videbo

1822 3826 2159 3896 sanguinem,
2190 3837 2243 3880 et
2275 3835 2550 3896 protegam
2583 3841 2678 3880 vos
2704 3829 2788 3880 ὀἳ
2823 3848 2839 3881 ι
2875 3829 3008 3883 Num
3042 3832 3125 3884 his
3153 3833 3240 3900 qui
3271 3849 3396 3901 pro-

1825 3921 2055 3975 tectione
2103 3919 2433 3988 indigebant,
2484 3935 2548 3972 an
2597 3920 2694 3988 ipsi
2743 3921 2906 3974 etiam
2958 3925 3138 3990 agno?
3175 3923 3390 3978 Hostias

1819 4011 1961 4064 enim
1999 4025 2094 4078 pro
2121 4021 2341 4078 peccato
2371 4010 2748 4075 immolandas,
2781 4011 2834 4064 in
2877 4012 2991 4082 lege
3038 4023 3290 4082 tanquam
3337 4018 3386 4069 in

1822 4102 1998 4156 tabula
2029 4100 2342 4172 designabat
2371 4101 2510 4155 Deus
2541 4118 2602 4156 ac
2633 4102 2812 4167 Pater,
2851 4105 3025 4158 adhuc
3059 4107 3387 4161 adutnbrans

1819 4193 2020 4248 Christi
2056 4194 2410 4263 mysterium;
2449 4193 2582 4246 dixit
2622 4203 2800 4248 autem
2852 4195 2928 4249 sic
2964 4197 3030 4250 ad
3077 4196 3257 4251 Mosen
3303 4215 3391 4251 sa-

1819 4299 2032 4336 crorum
2064 4284 2409 4353 interpretem
2445 4298 2458 4312 '
2497 4302 2515 4335 ι
2553 4285 2607 4338 Si
2645 4299 2772 4338 vero
2805 4289 3053 4341 universa
3092 4301 3390 4360 congrega-

1820 4374 1895 4427 tio
1925 4373 2151 4427 lilinrum
2183 4374 2345 4428 lsrael
2384 4377 2710 4444 ignoraverit
2741 4391 2842 4430 non
2872 4388 3061 4447 sponte
3083 4419 3099 4445 ,
3130 4392 3182 4433 et
3215 4381 3390 4436 latue-

1818 4466 1888 4519 rit
1941 4465 2162 4519 verbum
2205 4466 2388 4520 oculos
2422 4466 2736 4536 Synagogar,
2770 4478 2824 4523 et
2855 4469 3081 4524 fecerint
3124 4487 3286 4524 unum
3323 4474 3391 4527 ab

154 4509 293 4626 αξιίοῦ
338 4528 575 4600 σκέπης,
623 4532 791 4600 ἤγουν
816 4509 909 4589 καὶ
936 4539 1085 4610 αύτῷ
1119 4543 1196 4614 τῷ
1224 4509 1417 4617 ἀμνῷξ
1449 4509 1710 4609 Argoargo

1949 4509 2162 4519 ww"...
2206 4509 2387 4520 vc...“
2423 4509 2736 4536 ηαυδυοκ,
2771 4509 2824 4523 ν.
2855 4509 3081 4524 ww”...
3323 4509 3390 4527 ..υ

1825 4557 2068 4610 omnibus
2113 4557 2378 4610 mandatis
2426 4557 2638 4610 Domini
2682 4559 2822 4626 quod
2867 4573 2969 4612 non
3003 4558 3123 4622 fiet,
3165 4572 3219 4615 et
3259 4563 3390 4615 deli-

156 4613 368 4712 ,γὰρ
397 4620 501 4712 τᾲς
535 4622 675 4695 ὺπέρ
722 4630 830 4682 τῶν
870 4613 1173 4704 ἁμαρτιῶν
1203 4613 1470 4696 ποιεῖσθαι
1500 4643 1708 4712 θυσίας,

154 4705 380 4798 ξαθάστερ
430 4711 488 4762 ἐν
532 4713 723 4768 πίνακι
767 4718 845 4788 τῷ
896 4721 1066 4793 νόμῳ,
1116 4730 1470 4798 σκιαγραφῶν
1525 4733 1602 4786 ἐτι

152 4791 366 4893 Χριστοῦ
407 4804 709 4874 μυστήριον
737 4810 765 4861 6
795 4809 928 4874 Θεὸς
953 4791 1048 4866 καὶ
1084 4791 1308 4890 Πατήρ-ο
1349 4791 1452 4893 ἐφη
1486 4825 1540 4878 δὲ
1571 4825 1710 4880 οὓτω

154 4888 264 4955 πρὸς
298 4892 391 4944 τὸν
443 4894 770 4968 ἱεροφάντην
813 4902 1016 4956 Μωσέα
1038 4921 1050 4932 ·
1090 4925 1107 4956 ι
1162 4888 1288 4961 Ἐάν
1323 4888 1558 4968 δὲ-πᾶσα
1587 4935 1711 4970 συν-

153 4982 320 5054 αγωγὴ
357 4984 494 5038 υίῶν
546 4988 761 5060 Ἰσραὴλ
810 4994 1053 5069 ἀγνοήσῃ
1098 4999 1405 5068 ἀκουσίως,
1447 5009 1539 5059 καὶ
1571 5008 1706 5080 λάθῃ

154 5073 381 5173 ῥῆμα-ἐξ
412 5080 713 5173 ὀφθαλμῶν
755 5087 852 5156 τῆς
898 5090 1260 5165 Συναγωγῆς,
1298 5101 1389 5152 καὶ
1437 5073 1707 5173 ποιήσωσί

151 5166 260 5230 μίαν
287 5170 397 5222 ἀπὸ
430 5172 621 5224 πασῶν
646 5174 755 5227 τῶν
783 5178 1014 5233 ἐντολῶν
1049 5185 1143 5237 τοῦ
1175 5187 1398 5258 Κυρίου,
1435 5192 1466 5261 ἢ
1505 5166 1614 5262 [τό.
1645 5194 1706 5266 ἢ]

152 5259 198 5309 οὗ
242 5261 621 5331 ποιηθῄσεται,
692 5269 786 5320 καὶ
836 5270 1291 5343 πλημμελήσωσι,
1348 5259 1705 5356 καὶ-γνωσθῇ

151 5348 308 5411 αὐτοῖς
338 5352 372 5420 ὴ
394 5352 675 5445 *ἁμαρ-τίω
706 5354 772 5424 ἢν
805 5357 1047 5428 ἥμαρτον
1069 5362 1206 5433 αύτῇ
1230 5380 1242 5393 ⁶
1275 5368 1368 5420 καὶ
1392 5348 1703 5445 προσάξειῆ

153 5442 420 5513 συναγωγὴ
448 5444 653 5512 μόσχον
682 5446 746 5498 ἐκ
774 5446 912 5516 βοῶν
941 5452 1172 5520 ἄμωμον
1202 5460 1329 5528 περὶ
1351 5461 1644 5531 ἁμαρτίας.

152 5530 262 5584 Τίνα
306 5534 362 5585 δὲ
413 5537 619 5603 τρόπον
665 5537 735 5588 τὰ
777 5535 887 5608 τῆς¹
925 5540 1115 5604 θυσίας
1161 5530 1520 5606 ἐπιτελεῖσθαι
1577 5557 1703 5627 χρὴ,

1815 4648 2051 4716 querint,
2084 4656 2135 4700 et
2170 4656 2351 4700 notum
2386 4647 2582 4700 factum
2618 4646 2775 4702 fuerit
2809 4649 2913 4702 illis
2936 4661 3213 4718 peccatum
3247 4660 3388 4720 quod

1815 4748 2199 4804 peccaverunt;
2256 4747 2308 4792 et
2363 4737 2592 4792 adducet
2659 4740 3006 4807 congregatio
3047 4741 3270 4793 vitulum
3324 4760 3389 4796 ex

1814 4827 1986 4882 bobus
2060 4828 2464 4882 immaculatum
2521 4844 2621 4897 pro
2652 4839 2874 4898 peccato
2911 4830 2978 4884 ³⁰.
3019 4849 3037 4880 ι
3081 4831 3185 4885 Sed
3241 4845 3388 4902 post-

1812 4934 2038 4988 eaquaut
2090 4923 2338 4988 exposuit
2383 4937 2615 4990 quonam
2669 4923 2826 4975 modo
2875 4922 3048 4976 hostia
3103 4925 3174 4978 sit
3253 4943 3385 4978 cou-

1818 5011 2157 5074 summattda,
2216 5014 2490 5082 subjungit
2551 5022 2602 5067 et
2651 5015 2762 5066 ait:
2831 5030 2851 5063 ι
2888 5013 2953 5066 Ει
3008 5015 3389 5084 propitiahitur

1813 5103 1920 5173 95
1980 5119 2074 5172 pro
2130 5103 2259 5172 ipsis
2303 5107 2582 5167 sacerdos,
2617 5117 2670 5158 et
2724 5106 3029 5159 remittetur
3067 5108 3145 5160 eis
3197 5123 3353 5175 pccca

1818 5204 1927 5248 tum
1957 5196 2020 5249 ³¹.
2065 5213 2083 5246 ι
2121 5193 2238 5248 Jam
2287 5210 2415 5264 ergo
2440 5199 2750 5251 consideres
2793 5197 2990 5263 velim,
3033 5197 3212 5252 ali'erri
3263 5201 3384 5268 qui-

1817 5289 1935 5342 dem
1981 5288 2204 5341 vitulum
2246 5288 2297 5340 in
2340 5297 2464 5357 typo
2501 5287 2701 5343 Christi
2741 5288 2882 5343 illius
2925 5290 3294 5352 mundissimi.
3332 5300 3386 5346 et

1816 5380 2078 5433 maculam
2112 5381 2310 5433 nullam
2337 5382 2607 5446 habentis,
2641 5384 2732 5436 sed
2774 5382 3062 5437 afferentes
3092 5398 3118 5434 a
3144 5384 3255 5437 suis
3277 5385 3386 5437 cri-

1818 5469 2051 5524 minibus
2085 5469 2335 5535 liberari,
2382 5473 2744 5526 nonivitulum
2787 5489 3025 5542 prorsus.
3071 5472 3382 5527 immolatus

1817 5575 2049 5629 namque
2077 5572 2160 5616 est
2191 5578 2294 5618 non
2337 5579 2432 5634 pro
2471 5579 2552 5627 se,
2585 5575 2643 5618 ut
2678 5575 2732 5619 ιιι
2766 5565 2921 5630 dicis,
2958 5565 3050 5620 sed
3097 5581 3194 5632 pro
3234 5565 3383 5620 inlir-

209 5729 810 5829 η1ῐίρῇηιέινξῖὗῗδῦἓθ.
890 5735 936 5766 "
977 5733 1172 5802 Ephcs.
1209 5755 1259 5808 ν,
1290 5743 1343 5797 2.
1387 5746 1430 5778 ³⁷
1475 5746 1636 5805 Hebr.
1669 5767 1720 5817 κ,

1883 5755 1927 5787 ³⁸
1968 5753 2124 5811 Juan.
2169 5774 2218 5825 ν,
2268 5759 2355 5814 46.
2433 5760 2477 5792 "
2515 5759 2685 5819 Exod.
2723 5777 2823 5829 xu,
2855 5761 2935 5817 l3.
3017 5761 3060 5792 ³⁸
3105 5761 3276 5817 ιρι-ῆι.
3300 5776 3375 5829 tv,

156 5799 328 5861 13,”.
420 5801 466 5831 ³¹
519 5802 656 5854 ibid.
689 5802 781 5853 20.
