4112 6480
663 427 765 479 167

1663 421 1721 475 S.
1765 416 2044 475 CYRILLI
2084 410 2554 471 ALEXANDRINI
2594 408 2913 468 ARCHIEP.

3834 396 3944 452 168

666 544 789 608 niis,
818 553 916 613 pro
958 536 1155 608 quibus
1196 535 1387 606 legalis
1430 536 1521 591 ille
1570 536 1812 608 pontifex
1864 533 2093 589 faciebat
2132 546 2253 603 pre—

2386 528 2579 584 ιειπὼν
2630 523 2692 582 εὖ
2746 527 2929 598 μάλα,
2977 522 3356 613 προσεπάγει,
3401 518 3496 575 καί
3543 530 3707 587 φησι·
3764 533 3781 564 ι
3826 512 3948 567 Καὶ

664 647 799 689 ces:
850 640 907 687 ut
938 646 1129 684 rursus
1169 630 1570 683 animadvertas
1600 628 1922 685 advocatum
1961 625 2107 679 illum
2152 638 2248 693 pro

665 722 826 780 nobis
850 721 1050 777 factum
1076 722 1143 785 ³³,
1177 720 1635 793 innocentemque
1680 728 1734 773 et
1776 728 2028 774 sanctum
2073 714 2251 784 ponti—

666 816 859 875 lieem,
899 821 1240 880 segregatum
1294 826 1324 865 a
1375 809 1749 879 peccatoribus
1797 807 1863 865 ³³.
1911 806 2078 879 Igitur
2126 819 2249 861 cum

664 920 848 959 sermo
878 902 1177 957 adversarii
1228 903 1464 971 undique
1509 899 1847 956 absurditate
1885 898 2112 961 laboret,
2156 909 2253 951 nos

667 994 981 1062 pontiﬁcem
1006 1005 1060 1049 et
1098 994 1402 1063 apostolum
1430 991 1791 1047 confessionis
1820 1002 2017 1046 nostra;
2050 988 2261 1042 factum

668 1103 790 1144 esse
820 1086 1051 1140 dicimus
1082 1085 1261 1155 ipsum
1296 1100 1363 1139 ex
1409 1085 1518 1138 Deo
1564 1082 1725 1137 Patre
1761 1081 1995 1137 Verbum
2024 1079 2090 1143 “,
2126 1095 2252 1133 cmn

672 1178 849 1233 factus
888 1178 1070 1239 homo,
1108 1191 1168 1232 se
1192 1177 1259 1231 ad
1291 1176 1719 1230 exinanitionem
1756 1172 1955 1244 dejecit
1982 1172 2049 1234 ³⁸,
2077 1179 2132 1225 et
2161 1186 2256 1224 no-

672 1279 784 1327 stra
817 1269 1133 1339 assumpsit,
1168 1278 1227 1323 ut
1253 1268 1491 1338 seipsum
1526 1269 1688 1323 etiam
1720 1283 1818 1337 pro
1849 1264 2102 1321 omnibus
2134 1262 2259 1317 υσε-

671 1379 798 1419 rens
827 1361 975 1417 Patri
1015 1363 1068 1417 in
1107 1362 1333 1417 odorem
1383 1362 1670 1418 suavitatis
1700 1361 1769 1426 ⁸⁸,
1819 1358 2126 1429 acquireret
2168 1372 2261 1409 oro

672 1455 795 1511 bem
850 1466 1138 1521 terrarum,
1192 1456 1461 1512 eximeret
1497 1456 1777 1511 veteribus
1830 1451 2026 1522 culpis,
2086 1448 2259 1521 gratia

668 1547 1000 1616 jttstiliearet
1033 1564 1127 1618 per
1161 1548 1321 1603 iidem
1354 1550 1423 1609 ³⁷,
1467 1549 1658 1603 mortis
1696 1558 1858 1616 atque
1895 1542 2260 1613 cormptionis

677 1639 915 1697 victores
940 1640 1201 1702 eﬂiceret,
1243 1657 1433 1696 sacros
1471 1644 1633 1696 etiam
1672 1650 1835 1709 atque
1872 1637 2258 1701 sanetilicatos,

677 1744 732 1785 et
763 1733 816 1786 in
847 1734 992 1786 omni
1030 1734 1249 1789 virtutis
1286 1750 1483 1805 genere
1514 1733 1784 1803 perfectos
1819 1732 2087 1792 redderet.
2113 1728 2261 1782 illum

679 1823 1019 1879 Salvatorem
1051 1840 1113 1878 ac
1147 1824 1569 1894 Redemptorem
1602 1826 1945 1884 conﬁtentes,
1971 1835 2069 1892 per
2099 1834 2260 1888 quem

2352 622 2663 687 ὲξιλάσεται
2690 619 2820 690 περὶ
2855 617 3036 672 αὐτῶν
3065 618 3092 670 6
3122 606 3320 687 ίερεὺς,
3350 612 3446 665 καὶ
3470 608 3810 679 ἀφεθήσεται
3841 607 3949 658 αὑ-

2351 715 2465 777 τοῖς
2501 714 2535 783 ἡ
2568 710 2831 783 ἁμαρτία.
2868 728 2887 763 ι
2923 707 3114 778 Ἀθρει
3143 705 3208 775 δὴ
3232 700 3349 766 οὖν,
3378 702 3461 758 ὅτι
3498 696 3951 771 προσεκομίξετο

2356 804 2457 880 μὲν
2495 807 2523 857 6
2578 803 2778 873 μόσχος
2812 802 2871 854 ὲν
2901 800 3060 868 τύπῳ
3089 795 3325 870 Χριστοῦ
3370 792 3464 847 τοῦ
3504 788 3811 858 πανάγνου,
3844 786 3953 839 καὶ

2357 875 2549 967 μῶμον
2586 895 2681 949 τοῦ
2720 892 2830 965 (25)
2886 890 2964 962 μὴ
3011 888 3225 960 ἔχοντος
3244 903 3259 920 ·
3294 883 3699 956 ἀπηλλάττοντο
3731 878 3790 931 δὲ
3830 875 3953 930 τῶν

2358 984 2506 1039 ιδίων
2552 981 2891 1052 αίτιαμάτων
2922 982 2970 1034 oi
3001 974 3499 1051 προσκομίζοντες,
3539 971 3633 1024 καὶ
3676 968 3793 1022 οῦτι
3836 982 3953 1018 που

2359 1077 2506 1148 μάλα
2550 1077 2578 1129 ό
2626 1075 2847 1145 μόσχος.
2876 1072 3112 1126 Τέθυται
3142 1068 3251 1139 γὰρ
3297 1068 3398 1133 οὐχ
3439 1066 3582 1134 ὑπέρ
3624 1079 3687 1131 γε
3738 1058 3955 1131 μᾶλλον

2357 1168 2734 1233 ἑαυτοῦ,καθά
2765 1168 2829 1220 σὺ
2858 1164 3115 1235 φὴς,ἀλλῖ
3140 1162 3279 1232 ὑπέρ
3307 1177 3369 1229 γε
3392 1157 3505 1212 τῶν
3533 1152 3954 1228 ἠσθενηκότων,

2358 1266 2499 1335 ὑπὲρ
2520 1256 2595 1317 ὧν
2622 1262 2857 1316 ἐποιεῖτο
2881 1260 2979 1326 τὰς
2999 1257 3153 1321 λιτὰς
3182 1257 3211 1307 6
3240 1253 3382 1308 κατὰ
3409 1250 3609 1321 νόμους
3624 1244 3953 1319 ἀρχιερεύς.

2360 1359 2449 1413 ἵνα
2503 1356 2666 1411 πάλιν
2708 1356 2896 1424 ἐννοῇς
2937 1352 3029 1405 τὸν
3076 1349 3219 1420 ὑπὲρ
3251 1346 3412 1421 ἡμῶν
3455 1340 3722 1411 γεγονότα
3765 1336 3961 1408 παρά-

2360 1451 2581 1520 κλητον,
2599 1447 2832 1518 ἀμωμόν
2853 1462 2913 1497 τε
2937 1444 3033 1498 καὶ
3059 1444 3205 1495 ὅσιον
3234 1437 3517 1513 ἀρχιερέα,
3537 1430 3961 1505 κεχωρισμένον

2362 1542 2471 1598 τῶν
2501 1538 2867 1612 ἁμαρτωλῶν.
2899 1535 3246 1607 Πανταχόθεν
3279 1527 3569 1601 τοιγαροῦν
3594 1526 3963 1599 ηρῤωστηκό-

2363 1651 2455 1698 τος
2490 1633 2586 1687 τοῦ
2611 1632 2771 1700 λόγου
2814 1629 2876 1682 τὸ
2913 1626 3150 1690 ἀκαλλὲς
3182 1624 3261 1697 τῷ
3290 1623 3357 1676 δι’
3383 1619 3654 1682 ἐναντίας,
3684 1614 3965 1686 ἀρχιερέα

2365 1722 2462 1777 καί
2510 1719 2810 1773 ἀπόστολον
2840 1717 2941 1788 τῆς
2970 1714 3262 1785 ὁμολογίας
3288 1708 3445 1780 ἡμῶν
3487 1705 3740 1776 γενέσθαι
3770 1702 3967 1772 φαμὲν

2366 1812 2533 1867 αὐτὸν
2576 1812 2667 1865 τὸν
2714 1811 2777 1862 ἐκ
2806 1808 2942 1861 Θεοῦ
2984 1804 3201 1875 Πατρὸς
3247 1802 3442 1870 Λόγον,
3472 1800 3561 1852 ὅτε
3591 1798 3819 1866 γέγονεν
3861 1792 3970 1846 άν-

678 1926 735 1972 et
759 1931 882 1970 ctnn
908 1932 1015 1984 quo
1056 1918 1163 1971 Deo
1189 1927 1244 1974 et
1273 1918 1421 1973 Patri
1462 1918 1636 1989 gloria
1664 1933 1789 1971 cum
1822 1927 2012 1972 sancto
2052 1912 2258 1983 Spiritu

2381 1905 2608 1977 ὶρωπος,
2639 1901 2829 1963 καθεὶς
2860 1898 3053 1953 ἑαυτὸν
3082 1897 3165 1958 εἱς
3193 1894 3451 1954 κένωσιν,
3473 1890 3567 1945 καὶ
3598 1889 3658 1940 ὲν
3688 1888 3801 1947 τοῖς
3833 1882 3967 1937 καθ’

679 2007 735 2061 in
755 2007 970 2063 secula.
1019 2011 1212 2066 Amen.

2368 1976 2538 2068 ἡμᾶς,
2568 1996 2656 2049 ἵνα
2682 1995 2775 2047 καὶ
2800 1993 2941 2062 ὑπὲρ
2967 1989 3186 2044 πάντων
3208 1986 3285 2050 εις
3311 1982 3487 2055 ὀσμὴν
3507 1980 3733 2043 εὐωδίας
3760 1976 3968 2031 ἑαυτὸν

679 2104 901 2170 ἀναθεὶς
927 2106 1005 2177 τῷ
1037 2108 1245 2177 Πατρὶ,
1278 2104 1699 2174 κατακτήσηται
1744 2101 1846 2173 τὴν
1889 2100 1983 2152 ὑπ’
2032 2095 2286 2168 οὐρανὸν,
2330 2093 2584 2163 ἐξέληται
2622 2091 2733 2143 τῶν
2765 2087 3012 2177 ἀρχαίων
3073 2082 3438 2152 αιτιαμάτων,
3466 2074 3733 2146 δικαιώσῃ
3862 2068 3974 2177 xc}-

685 2212 792 2264 ριτι
839 2160 1245 2263 δίάγθπίστεωςί
1300 2160 1535 2252 θανάτου
1588 2160 1685 2250 irai.
1740 2160 1947 2266 φθορᾶς
2003 2160 2279 2261 ἀποφήνὩ-
2336 2160 2651 2257 κρείττονας
2681 2222 2695 2245 ν
2748 2179 2925 2252 ἱερούς
2972 2172 3034 2231 τέ
3087 2177 3185 2231 καὶ
3230 2170 3620 2266 ἡγιασμένους,
3688 2164 3792 2266 ,καὶ

683 2245 823 2355 εἶδος
867 2292 1068 2362 ἀρετῆς
1117 2287 1176 2345 εὖ
1197 2245 1368 2360 νμάλα
2177 2245 2188 2261 ι
2210 2245 2307 2336 κωαὶ
2376 2245 2685 2348 λυτρωτὴν
2731 2245 3129 2344 ὁμολογοῦντας
3161 2267 3359 2321 αὐτόν·
3401 2264 3469 2318 δι’
3512 2255 3574 2315 οῦ
3616 2258 3713 2313 καὶ
3745 2256 3867 2328 μεθ’
3899 2245 3973 2305 οὗ

681 2384 762 2454 τῷ
797 2383 918 2454 Θεῷ
949 2385 1043 2437 καὶ
1079 2384 1249 2454 Πατρὶ
1285 2384 1320 2453 ἠ
1348 2382 1495 2447 δόξα,
1546 2383 1645 2435 σὺν
1681 2380 1823 2450 ἁγίῳ
1871 2377 2149 2448 Πνεύματι
2188 2377 2271 2439 είς¹
2304 2374 2432 2435 τοὺς
2459 2370 2681 2432 αἰῶνας.
2728 2367 2920 2437 Ἀμήν.

932 2534 1335 2626 TOMUS
1419 2532 2009 2637 QUARTUS.

756 2710 951 2764 Beatus
982 2706 1179 2763 Paulus
1222 2721 1343 2760 cum
1374 2704 1512 2775 legis
1544 2700 1791 2758 umbram
1842 2700 1983 2756 haud
2023 2700 2268 2756 inutilem

689 2800 1002 2857 hominibus
1036 2799 1122 2864 pie
1149 2798 1334 2851 vivere
1377 2796 1790 2853 instituentibus
1835 2794 2144 2848 ostenderet
2166 2832 2181 2855 ,
2214 2796 2271 2845 et

685 2910 749 2950 ea
781 2908 900 2963 qua:
948 2891 1076 2946 olim
1126 2888 1319 2960 priscis
1361 2889 1670 2944 hominibus
1716 2887 2091 2957 contigissent,
2126 2885 2272 2937 velut

692 2984 929 3041 tabulam
970 2980 1260 3053 quamdam
1301 2990 1355 3035 et
1403 2996 1583 3034 rerum
1621 2980 1893 3033 veriorum
1949 2977 2272 3045 descriptio-

2635 2507 3021 2596 TOMOZ
3094 2497 3691 2589 ΤΕΤΑΡΤΟΣ.

2457 2692 2518 2746 ὐ
2549 2688 2835 2749 Θεσπέσιος
2880 2683 3117 2745 Παῦλος,
3169 2681 3271 2733 οὐκ
3300 2675 3566 2745 ἀσυντελῆ
3607 2673 3742 2743 πρὸς
3772 2672 3973 2741 ὄνησιν

2373 2790 2486 2850 τοῖς
2530 2783 2774 2838 εὐσεϐεῖν
2803 2778 3123 2851 ᾑρημένοις,
3166 2774 3265 2845 τὴν
3301 2771 3357 2824 ἐν
3389 2787 3453 2838 γε
3497 2767 3574 2839 τῷ
3620 2766 3770 2835 νόμῳ
3801 2768 3973 2817 σκιάν

2379 2878 2721 2946 ἀποφαίνων,
2773 2873 2868 2924 καὶ
2916 2868 3023 2939 μὴν
3076 2866 3171 2920 καὶ
3214 2863 3283 2916 τὰ
3331 2861 3503 2915 πάλαι
3549 2861 3662 2921 τοῖς
3710 2855 3974 2927 ἀρχαίοις

2382 2966 2787 3037 συμεεὸηκότα,
2816 2961 3069 3029 καθάπερ
3095 2958 3214 3010 τινὰ
3258 2955 3464 3006 πίνακα
3487 2953 3579 3003 καὶ
3607 2948 3823 3019 γραφὴν
3856 2945 3975 2999 τῶν

690 3091 814 3131 nem
887 3075 1130 3131 onmium
1198 3072 1395 3125 animis
1467 3071 1811 3141 apertissime
1884 3077 2270 3140 proponeret:

2381 3060 2639 3130 ἀληθεστέ
2651 3077 2758 3128 ρων
2790 3057 2907 3117 ταῖς
2941 3052 3196 3105 ἀπάντων
3222 3046 3482 3107 διανοίαις
3525 3039 3583 3096 εὖ
3611 3040 3757 3112 μάλα
3784 3056 3977 3108 παρα-

696 3187 717 3220 (
758 3168 903 3233 Hac,
947 3166 1142 3235 inquit,
1170 3164 1352 3221 omnia
1392 3165 1443 3219 in
1493 3166 1661 3234 ligura
1709 3162 2102 3230 contingebant
2145 3160 2271 3225 illis,

693 3261 893 3329 scripta
943 3266 1069 3312 sunt
1110 3267 1287 3310 autem
1343 3255 1411 3308 ad
1463 3254 1857 3323 eorreptiunem
1910 3262 2172 3315 nostram,
2220 3250 2274 3302 in

693 3368 830 3424 quos
868 3353 1001 3404 lines
1043 3348 1362 3403 saeculorum
1407 3348 1739 3400 devenerunt
1769 3343 1833 3395 ³⁸.
1873 3362 1890 3393 ι
1933 3343 2044 3409 Age
2090 3341 2273 3411 igitur,

694 3462 759 3500 ex
797 3444 1053 3513 legalibus
1093 3439 1312 3494 Litteris
1342 3440 1627 3505 desumpto
1666 3437 1782 3489 loco
1823 3433 2102 3496 dicamus,
2136 3431 2276 3486 lilios

695 3536 861 3592 Israel
883 3533 1012 3588 olim
1043 3547 1105 3586 ex
1139 3528 1516 3599 Egyptiorum
1553 3525 1712 3582 terris
1758 3524 2083 3579 excellentes
2106 3562 2120 3584 ,
2154 3536 2274 3574 cum

698 3630 751 3681 in
793 3638 990 3680 terram
1027 3619 1404 3691 promissionis
1446 3624 1833 3691 properarent,
1875 3614 1928 3667 in
1965 3626 2148 3665 eremo
2198 3611 2278 3663 di-

697 3727 945 3774 versatos
981 3714 1146 3769 fuisse
1174 3731 1187 3765 :
1219 3725 1454 3781 cumque
1501 3720 1776 3779 geswrum
1813 3708 1864 3760 in
1911 3704 2141 3776 Egypto
2181 3706 2282 3757 ini-

699 3808 1005 3864 raeulorum
1039 3804 1283 3858 infelices
1306 3802 1482 3867 obliti,
1514 3811 1569 3854 et
1606 3801 1868 3854 memoria
1904 3796 2190 3852 charitatis
2228 3797 2278 3849 in

701 3900 870 3954 Deum
917 3897 1123 3965 abiecta
1166 3894 1329 3964 impie
1361 3901 1787 3956 murmurarent,
1833 3905 1862 3942 a
1912 3889 2293 3957 Sct‘pettlibtts,_

702 4000 762 4044 ut
795 3992 1053 4057 scriptum
1091 3996 1196 4049 est,
1238 3986 1514 4055 perierunt
1542 3983 1607 4035 ”.
1646 3981 1752 4036 Sed
1799 3996 2011 4035 morsus
2043 3992 2282 4035 venena-

705 4092 878 4135 tarum
904 4078 1138 4133 ferarum
1164 4074 1513 4144 elIugiehant,
1548 4086 1670 4125 cum
1707 4071 1797 4124 Dei
1824 4071 2064 4124 omnium
2095 4068 2281 4121 Salva-

705 4173 839 4225 toris
864 4169 1085 4224 oraculo
1133 4170 1369 4221 monitus
1402 4164 1575 4220 Moses
1599 4170 1904 4231 serpentem
1938 4159 2043 4213 illis
2071 4173 2283 4214 aeneum

704 4262 898 4317 erexit.
923 4259 1034 4330 96
1060 4276 1076 4308 ι
1110 4256 1218 4311 Fat:
1246 4256 1363 4320 tibi.
1421 4255 1621 4324 inquit,
1681 4263 2012 4322 serpentem,
2059 4263 2113 4306 et
2146 4265 2286 4320 pone

707 4354 852 4409 illum
903 4352 954 4405 in
999 4351 1259 4418 signum:
1309 4357 1364 4403 et
1413 4348 1540 4409 erit,
1580 4346 1623 4398 si
1682 4344 2034 4398 momorderit
2063 4355 2288 4410 serpens

708 4444 1005 4504 hominem,
1045 4441 1293 4509 quisquis
1323 4453 1535 4493 morsus
1571 4437 1752 4497 fuerit,
1791 4434 1980 4487 videns
2019 4433 2167 4487 illum
2208 4433 2285 4485 vi-
2323 4460 2368 4515 ι)

708 4533 882 4587 vet“.
919 4550 937 4581 ι
972 4528 1097 4584 llzec
1146 4544 1275 4599 ergo
1322 4527 1491 4597 ﬁgura
1543 4526 1860 4597 mysterium
1908 4524 2109 4577 Christi
2148 4530 2287 4578 erat.

706 4626 839 4677 Cum
873 4621 1017 4675 enim
1059 4622 1198 4674 Deus
1245 4628 1395 4673 esset
1425 4617 1757 4686 unigenitum
1804 4614 1894 4667 Dei
1938 4614 2203 4678 Verbum,
2238 4624 2291 4667 et

707 4727 802 4777 per
842 4721 1093 4763 naturam
1127 4710 1326 4761 bonum
1380 4722 1444 4759 ex
1483 4708 1623 4759 bono
1669 4705 1863 4769 Patre,
1899 4705 2168 4773 particeps
2214 4703 2293 4756 la-

708 4812 853 4853 etum
904 4810 987 4855 est
1034 4799 1317 4867 Sanguinis
1346 4808 1400 4853 et
1450 4800 1653 4860 carnis,
1691 4799 1793 4854 hoc
1832 4808 1931 4857 est,
1975 4798 2175 4851 factum
2214 4806 2295 4851 est

713 4896 893 4957 homo,
928 4906 981 4947 et
1015 4893 1171 4948 nobis
1200 4893 1291 4961 qui
1324 4892 1447 4947 mali
1481 4908 1727 4955 eramus,
1761 4889 1934 4946 amnis
1961 4932 1977 4957 ,
2025 4902 2295 4961 quatenus

712 4997 860 5039 certe
899 4988 1059 5039 homo
1098 4984 1269 5040 nostri
1301 4983 1497 5038 similis
1535 4982 1680 5037 luit:
1726 4985 1957 5051 positum
2003 4992 2088 5037 est
2128 4983 2293 5037 etiam

713 5076 767 5129 in
817 5077 1067 5141 sublime,
1124 5078 1228 5131 hoc
1267 5086 1373 5138 est,
1429 5090 1644 5129 crucem
1700 5074 1913 5140 pertulit
1966 5075 2016 5128 in
2050 5074 2215 5143 ligno,
2242 5082 2299 5128 et

716 5177 942 5220 mortem
984 5170 1282 5221 secundum
1318 5181 1561 5231 carnem,
1605 5166 1705 5220 etsi
1753 5166 1947 5219 I‘CVlXIl
1986 5164 2075 5218 die
2112 5163 2295 5231 tertia,

715 5259 923 5313 calcato
962 5260 1149 5316 mortis
1183 5262 1408 5329 imperio
1438 5260 1503 5314 “.
1546 5259 1679 5313 Cum
1711 5261 1875 5330 igitur
1899 5263 2160 5317 adversus
2188 5262 2299 5317 dis-

716 5353 1088 5416 pensationem
1144 5354 1325 5407 carnis
1384 5356 1710 5408 stultissime
1784 5353 2170 5423 obloquimur,
2244 5361 2298 5409 et

788 5492 831 5521 ³¹
871 5490 1030 5546 Juan.
1062 5506 1121 5551 ιι,
1155 5493 1203 5547 1.
1283 5492 1328 5524 ³³
1373 5492 1533 5545 llebr.
1578 5509 1671 5556 \‘ll,
1699 5493 1790 5547 26.
1870 5494 1912 5523 ³⁸
1957 5492 2120 5547 Hebr.
2156 5508 2237 5557 ιιι,
2273 5495 2321 5547 l.

719 5562 763 5592 ³⁸
806 5562 822 5615 l
866 5564 990 5616 (lor.
1036 5579 1086 5628 χ,
1126 5563 1209 5617 ll.
1288 5564 1331 5595 ³³
1374 5562 1532 5618 Num.
1570 5581 1680 5625 nt,
1719 5568 1971 5631 (iseqq;
2010 5566 2026 5616 l
2065 5565 2191 5620 Cor.
2226 5581 2275 5628 Χ,

2441 5566 2485 5596 ἰο
2531 5562 2685 5618 Nunt.
2725 5578 2839 5628 XXI,
2878 5566 2932 5627 8,
2972 5567 3025 5619 9.

2382 3151 2584 3211 τιθείς·
2650 3143 2878 3196 ιΤαῦτα
2923 3141 2981 3192 δὲ
3021 3137 3152 3208 [iam
3198 3135 3416 3195 λείπει,
3465 3126 3663 3200 φησὶ,Ῑ
3719 3124 3980 3185 τυπικῶς

2386 3239 2702 3295 ωνέὸαινεν
2771 3232 3033 3294 ἐκείνοις·
3083 3227 3303 3298 ἐγράφη
3366 3222 3423 3275 δὲ
3485 3221 3619 3291 πρὸς
3682 3216 3982 3270 νουθεσίαν

2384 3333 2562 3404 ἡμῶν,
2604 3332 2682 3391 εἰς
2730 3326 2823 3389 οὒς
2864 3324 2933 3377 τά
2978 3321 3105 3391 τέλη
3155 3319 3264 3372 τῶν
3309 3315 3522 3370 αἰώνων
3576 3314 3917 3382 κατήντηκε.
3956 3328 3977 3359 ι

2382 3399 2519 3494 φερε
2546 3421 2611 3491 δὴ
2642 3414 2735 3471 οὖν
2776 3418 2839 3469 ὲκ
2880 3411 3121 3483 νομικῶν
3149 3406 3501 3479 Γραμμάτων
3530 3402 3763 3465 ἑλόντες,
3794 3399 3982 3468 λέγω·

2388 3493 2599 3585 μεν,ώς
2624 3507 3013 3578 κατηυλίζοντο
3043 3504 3141 3574 μὲν
3164 3502 3263 3571 ὲρή
3275 3516 3358 3569 μῳ
3382 3498 3512 3551 ποτὲ
3534 3494 3633 3563 τῆς
3652 3493 3985 3561 Αἰγυπτίων

2388 3586 2721 3674 ἀπαίροντες
2750 3604 2799 3653 oi
2826 3599 2887 3663 ἐξ
2922 3594 3164 3667 Ἰσραὴλ,
3212 3593 3306 3645 καὶ
3336 3594 3417 3654 εἰς
3461 3588 3559 3658 τὴν
3589 3588 3691 3658 τῆς
3733 3589 3987 3654 ἐπαγγε-

2387 3700 2506 3761 λίας
2542 3694 2953 3753 διασπεύδοντες
2991 3688 3124 3759 γῆν·
3156 3683 3344 3754 ἐπειδὴ
3375 3682 3432 3736 δὲ
3462 3680 3571 3733 τῶν
3607 3682 3666 3733 ὲν
3708 3678 3987 3746 Αἰγύπτῳ

2392 3792 2683 3863 θαυμάτων
2718 3782 3160 3856 ἀμνημονοῦντες
3208 3778 3257 3831 οῑ
3302 3775 3569 3837 τάλανες,
3618 3772 3714 3825 καὶ
3756 3771 3857 3839 τῆς
3898 3772 3989 3832 είς

2390 3862 2525 3939 Θεὸν
2562 3884 2783 3949 ἀγάπης
2811 3872 3324 3946 ἀμνημονήσαντες,
3343 3863 3694 3933 διεγόγγυζον
3719 3862 3985 3922 ἀνοσίως,

2393 3978 2498 4031 ὑπὸ
2526 3974 2636 4028 τῶν
2669 3973 2846 4042 ὄφεων
2880 3964 3198 4021 ἀπώλλυντο
3224 4002 3237 4026 ,
3275 3957 3419 4013 κατὰ
3467 3957 3528 4008 τὸ
3565 3956 3987 4025 γεγραμμένον.

2394 4067 2629 4134 Διέδρων
2661 4080 2723 4131 γε
2756 4060 2862 4131 μὴν
2896 4058 2963 4111 τὰ
3006 4057 3115 4109 τῶν
3150 4052 3371 4107 ἰοϐόλων
3400 4050 3692 4120 δήγματα,
3726 4046 3818 4098 τὸν
3853 4044 3990 4111 ὅφιν

2395 4159 2575 4219 αὐτοῖς
2621 4156 2713 4208 τὸν
2765 4148 2999 4221 χαλκοῦν
3040 4142 3524 4212 ἀναστηλώσαντος
3573 4138 3667 4192 τοῦ
3708 4136 3989 4201 Μωσέως,

2393 4251 2488 4305 τοῦ
2514 4252 2733 4303 πάντων
2754 4246 3009 4313 Σωτῆρος
3030 4237 3166 4292 Θεοῦ
3188 4233 3743 4306 κεχρησμῳδηκότος’
3770 4250 3787 4282 ι
3812 4230 3994 4301 Ποίηο

2398 4361 2489 4396 σον
2520 4338 2703 4409 σαυτῷ
2728 4338 2873 4406 ὅφιν,
2896 4335 2992 4388 καὶ
3013 4332 3103 4395 θὲς
3134 4327 3297 4382 αὑτὸν
3327 4326 3419 4379 ἐπὶ
3446 4327 3691 4396 σημεῖον·
3708 4323 3802 4375 καὶ
3824 4322 3993 4373 ἔσται

2394 4434 2487 4487 ἐὰν
2515 4432 2657 4502 δάκῃ
2680 4430 2803 4499 ὄφις
2834 4426 3145 4497 ἄνθρωπον,
3178 4421 3284 4484 πᾶς
3320 4421 3347 4472 6
3377 4416 3705 4488 δεδηγμένος
3737 4414 3863 4467 ίδὼν
3886 4415 3996 4467 αὑ-

2394 4526 2486 4579 τὸν
2518 4524 2765 4593 ζήσεται.
2809 4539 2827 4572 ι
2861 4517 3178 4586 Μυστήριον
3202 4512 3258 4565 δὲ
3286 4511 3397 4581 άρα
3426 4509 3486 4561 τὸ
3514 4508 3654 4561 κατὰ
3684 4505 3922 4577 Χριστὸν
3956 4508 3995 4576 ἡ

2395 4617 2639 4678 τύπωσις
2664 4610 2749 4683 ἦν.
2770 4613 2902 4675 Θεὸς
2925 4614 3034 4683 γὰρ
3061 4614 3323 4683 ὑπάρχων
3350 4613 3379 4665 6
3409 4610 3705 4681 μονογενὴς
3724 4606 3819 4661 τοῦ
3845 4607 3998 4663 Θεοῦ

2398 4709 2591 4778 Λόγος,
2636 4708 2732 4760 καὶ
2780 4707 2840 4772 ἐξ
2878 4704 3086 4773 ἀγαθοῦ
3117 4704 3334 4776 Πατρδς
3380 4702 3583 4770 ἀγαθὸς
3625 4700 3767 4755 κατὰ
3796 4700 4000 4770 φύσιν,

2401 4799 2667 4871 μετέσχεν
2689 4799 2925 4868 αἵματος
2952 4798 3046 4850 καὶ
3074 4797 3295 4874 σαρκὸς,
3343 4794 3613 4857 τουτέστι,
3646 4792 3870 4861 γέγονεν
3894 4792 4001 4845 ἀν-

2400 4893 2638 4963 θρωπος,
2666 4894 2795 4963 ἡμῖν
2825 4908 2885 4943 τε
2915 4893 3027 4953 τοῖς
3059 4880 3314 4961 πονηροῖς
3337 4887 3739 4959 παραπλήσιος,
3759 4886 3904 4938 κατά
3927 4903 3999 4950 γε

2398 4985 2460 5038 τὸ
2484 4980 2623 5037 εἶναι
2650 4984 2773 5038 καθ’
2806 4984 2954 5053 ἡμᾶς
3000 4981 3288 5052 ἄνθρωπος
3331 4980 3597 5050 δηλονότι.
3640 4976 3892 5031 Τέθειται
3935 4978 4001 5029 δὲ

2400 5079 2494 5132 καὶ
2521 5078 2606 5147 ἐφ’
2639 5077 2845 5149 ὑψηλοῦ
2868 5095 2881 5107 ·
2921 5079 3191 5142 τουτέστι,
3222 5075 3461 5144 σταυρὸν
3504 5071 3701 5142 ἀνέτλη
3750 5070 3845 5122 τὸν
3895 5071 4001 5123 ἐπὶ

2403 5171 2582 5236 ξύλου,
2614 5172 2708 5225 καὶ
2753 5171 2845 5225 τὸν
2878 5171 3019 5226 κατὰ
3071 5170 3251 5241 σάρκα
3281 5169 3532 5229 θάνατον,
3560 5168 3610 5220 ει
3657 5164 3751 5218 καὶ
3784 5162 4001 5217 ἀνεϐίω

2401 5264 2700 5333 τριήμερος
2725 5303 2739 5326 ,
2768 5263 2829 5316 τὸ
2864 5263 2957 5316 τοῦ
2986 5261 3222 5315 θανάτου
3257 5261 3510 5329 πατήσας
3562 5258 3785 5329 κράτος.
3816 5256 4000 5307 Ὅταν

2402 5357 2585 5410 τοίνυν
2617 5358 2681 5411 ἐκ
2712 5357 2913 5424 πολλῆς
2942 5356 3083 5424 ἄγαν
3111 5355 3402 5417 ἀσυνεσίας
3425 5392 3440 5415 ,
3482 5355 3579 5419 τῆς
3618 5350 3756 5422 μετὰ
3786 5349 4000 5420 σαρκὸς

2404 5495 2445 5525 ³⁸
2489 5495 2720 5565 Philipp.
2756 5511 2813 5556 ιι,
2844 5496 2873 5546 7
2981 5496 3029 5529 ³6
3062 5495 3259 5559 Ephes.
3295 5509 3346 5552 ν.
3377 5493 3434 5544 ‘2.
3514 5491 3561 5565 _"A
3603 5489 3782 5557 Ephes
3844 5502 3906 5554 ιι,
3939 5485 3998 5540 8.

3104 5569 3146 5597 “
3192 5564 3354 5618 Hebr.
3403 5580 3464 5625 ιι,
3508 5563 3591 5614 Η.

1982 5718 2139 5772 ANT.
2184 5718 2458 5774 AGELLII
2501 5720 2707 5773 ΝΟΤᾸἾ

792 5853 900 5925 (25)
930 5852 1086 5907 Forte
1122 5854 1310 5924 μῶμόν
1340 5870 1435 5905 που
