4112 6504
101 409 167 469 ίθθ

1224 416 1588 476 ADVERSUS
1627 416 2027 476 NESTORIUM
2063 418 2191 473 LIB.
2232 418 2319 473 IV.

3276 420 3377 474 {70

110 533 364 605 οἰκονομίας
405 538 997 607 καταγογγύζοντες
1023 577 1035 601 ,
1073 536 1165 590 καὶ
1200 536 1258 590 τὸ
1283 538 1515 601 ἀκαλλὲς
1552 537 1720 607 αὐτῆς

1840 554 2033 607 .urpem
2069 538 2211 591 illam
2241 544 2491 605 putantes
2532 533 2901 590 erubescimus
2933 540 3023 588 aut
3056 534 3254 592 sentire
3292 542 3381 587 aut

118 622 492 697 κιθαρίζοντες,
521 628 968 699 αἰσχυνώμεθα
999 629 1210 698 φρονεῖν
1239 629 1271 697 ἢ
1297 628 1719 697 λέγειν,άνθρω-

121 737 194 773 πον
233 719 500 787 γενέσθαι
543 720 690 774 καθ’
747 719 908 790 ἡμᾶς
945 718 1033 771 τὸν
1083 719 1173 772 τοῦ
1218 718 1351 771 Θεοῦ
1396 719 1587 785 Λόγον,
1629 719 1722 770 καὶ

125 812 357 882 ίνωθῆναι
407 814 600 882 σαρκὶ
660 813 821 864 κατά
882 809 1163 880 ἀλήθειαν,
1200 810 1323 862 τότε
1370 814 1463 863 καὶ
1508 810 1722 879 δράκων

127 905 246 974 ἡμᾶς
269 906 297 956 ό
318 903 666 972 ἀρχέκακος
708 904 1023 963 ἀποκτενεῖ,
1043 901 1140 969 τῆς
1172 901 1367 953 ἑαυτοῦ
1398 901 1723 966 δυστροπίας

127 998 192 1047 ίδν
222 996 417 1065 ὥσπερ
444 993 589 1047 τινὰ
616 997 750 1055 ταῖς
796 991 1093 1061 ἡμετέραις
1120 990 1381 1052 διανοίαις
1424 991 1585 1052 ἐνιεὶς
1623 990 1722 1059 τὴν

129 1086 414 1155 πὰάνησιν·
464 1079 896 1150 διαφευξόμεθα
948 1077 1041 1140 δὲ,
1092 1078 1185 1132 καὶ
1239 1077 1308 1129 τὰ
1363 1076 1462 1145 τῆς
1515 1075 1721 1128 ἐκείνου

132 1178 449 1246 σκαιότητος
490 1169 947 1243 διακρουσάμεθα
979 1167 1174 1239 βλάϐη,
1219 1170 1325 1232 τοῖς
1373 1168 1467 1236 τῆς
1499 1166 1723 1236 καρδίας

128 1270 368 1339 ιμμασιν
416 1260 849 1335 ἐνορῶντες-τῷ
873 1260 1029 1328 δφειο
1065 1258 1334 1321 τουτέστι,
1384 1259 1444 1310 τὸ
1488 1256 1723 1326 Χριστοῦ

126 1363 438 1431 μυστήριον
491 1355 722 1428 ἀκριϐεῖ
764 1352 973 1422 διανοίᾳ
1026 1350 1550 1419 κατασκεπτόμενοι.
1591 1347 1725 1399 Τότε

123 1458 253 1523 γάρ,
284 1452 417 1504 τότε
448 1447 787 1520 φρονοῦντες
809 1443 967 1514 ὀρθὰ,
994 1440 1383 1502 ἀνενὼιάστως
1402 1439 1727 1509 ῥμολογήσο-

123 1562 225 1612 μεν
247 1546 335 1597 δτι
370 1542 579 1609 γέγονε
611 1537 752 1608 σὰρξ
778 1539 807 1589 ό
836 1533 930 1589 τοῦ
958 1531 1090 1595 Θεοῦ
1114 1532 1306 1599 Λόγος,
1330 1531 1425 1583 καὶ
1446 1528 1719 1599 προῆλθεν

120 1638 184 1688 ἐκ
225 1631 510 1702 γυναικὸς
545 1628 689 1699 μετά
712 1626 807 1685 τοῦ
845 1628 1021 1695 μεῖναι
1044 1624 1199 1687 Θεὸς,
1228 1623 1321 1675 καὶ
1342 1621 1486 1674 ἔστιν
1510 1622 1537 1673 ὁ
1567 1619 1727 1687 αὐτὸς

118 1726 261 1789 Θεὸς
288 1742 354 1778 τε
399 1722 547 1793 ὁμοῦ
595 1721 691 1774 καὶ
722 1718 1002 1788 ἄνθρωπος
1024 1732 1037 1745 ·
1088 1714 1213 1768 οὔτε
1242 1715 1349 1775 τοῖς
1384 1713 1483 1781 τῆς
1517 1710 1729 1781 ἀνθρωτ

123 1816 375 1885 πάτητος
418 1813 651 1883 μέτροις
678 1807 1019 1879 ὲπερυθριῶν
1065 1807 1153 1860 διά
1188 1823 1247 1858 τε
1284 1805 1401 1875 [τσ.
1438 1804 1526 1857 διά
1551 1802 1635 1873 γε]
1671 1802 1732 1853 τὸ

1824 631 2002 683 dicere
2039 630 2209 698 ipsum
2244 627 2335 682 Dei
2362 626 2594 681 Verbum
2638 624 2837 681 factum
2869 638 2991 682 esse
3029 624 3196 677 nostri
3233 624 3384 681 sinti—

1825 720 1926 773 lem
1959 718 2254 778 hominem,
2289 724 2342 769 et
2391 715 2539 768 carni
2596 713 2886 767 secundum
2945 712 3229 767 veritatem
3265 711 3384 772 uni-

1825 819 1959 869 tum.
2007 821 2117 861 tum
2161 807 2389 874 denique
2431 807 2593 863 draco
2638 806 2724 858 ille
2776 803 3038 858 malorum
3086 803 3238 872 origo
3287 814 3385 863 nos

1823 898 2051 958 occidet,
2089 897 2142 951 iu
2195 904 2408 958 nostros
2447 894 2654 948 animos
2700 892 3052 961 malignitatis
3078 906 3189 946 suae
3228 890 3387 943 sedu-

1825 988 2059 1045 ctionetn
2090 984 2240 1053 quasi
2274 997 2541 1039 venenum
2580 982 2905 1046 infundens;
2935 979 3256 1050 elfugiemus
3292 992 3388 1030 au-

1828 1087 1956 1143 tem,
2014 1085 2069 1131 et
2121 1074 2323 1129 illatam
2379 1074 2447 1127 ab
2503 1073 2645 1133 illius
2686 1071 3043 1140 perversitate
3096 1069 3384 1137 perniciem

1826 1168 2162 1227 amoliemur,
2197 1165 2242 1219 si
2274 1164 2451 1220 cordis
2481 1162 2664 1218 oculos
2697 1163 2749 1216 in
2798 1170 3102 1231 serpentem
3141 1158 3389 1226 coniece-

1829 1263 2017 1324 rimus,
2052 1260 2153 1314 boc
2182 1258 2346 1321 est,si
2369 1255 2568 1310 Christi
2594 1254 2907 1325 mysterium
2942 1252 3184 1323 diligenti
3212 1252 3386 1305 anim-

1827 1354 2142 1409 adversione
2180 1350 2721 1407 consideraverimus.
2768 1345 2904 1400 Tum
2948 1346 3180 1412 denique
3242 1351 3391 1395 recte

1828 1449 2128 1504 sentientes
2186 1443 2332 1498 omni
2386 1442 2725 1496 dubitatione
2780 1446 2984 1493 remota
3019 1434 3392 1492 conﬁtebimur

1830 1538 2004 1606 ipsum
2047 1534 2136 1591 Dei
2173 1531 2405 1586 Verbum
2446 1531 2645 1584 factum
2677 1542 2799 1583 esse
2837 1540 3081 1589 carnem,
3112 1534 3167 1578 et
3209 1524 3278 1578 ita
3322 1536 3387 1575 ex

1830 1625 2053 1682 muliere
2097 1622 2380 1693 prodiisse,
2411 1631 2469 1674 ut
2528 1627 2770 1675 maneret
2826 1617 2990 1679 Deus,
3035 1615 3393 1682 eumdemqus

1832 1716 2000 1770 Deum
2031 1714 2189 1768 simul
2216 1720 2270 1767 et
2302 1711 2575 1766 hominem
2605 1723 2746 1773 esse,
2776 1722 2948 1776 neque
2983 1708 3051 1760 de
3080 1704 3390 1759 humanita-

1833 1806 1901 1858 tis
1934 1806 2200 1858 mensuris
2235 1803 2641 1857 erubescentem
2679 1807 2896 1867 propter
2938 1796 3272 1851 excellentite
3315 1796 3394 1850 di-

122 1910 224 1979 τῆς
275 1908 572 1979 ὑπεροχῆς
622 1904 868 1975 ἀξίωμα’
918 1902 1040 1955 οὕτε
1088 1902 1193 1970 μὴν
1237 1900 1336 1968 τῆς
1393 1896 1727 1967 θεοπρεποῦς

1840 1896 2110 1964 gnitatem,
2146 1908 2317 1961 neque
2350 1906 2535 1946 rursus
2577 1891 2773 1945 divina:
2820 1889 2962 1943 illius
3014 1886 3299 1957 potestatis
3340 1897 3395 1939 et

124 1999 418 2065 ἐξουσίας,
474 1998 573 2051 καὶ
620 1994 929 2064 ὑπερτάτης
959 1991 1205 2053 εὐκλείας
1251 1989 1611 2059 ὲστερημένος
1641 1986 1728 2040 διὰ

124 2095 187 2145 τὸ
222 2090 611 2158 ἀνθρώπινον.
660 2087 722 2140 Οἱ
769 2085 827 2138 δὲ
874 2083 938 2153 δὴ
980 2082 1049 2136 τὰ
1097 2080 1276 2136 τοιάδε
1325 2078 1622 2152 διακρίνειν
1668 2072 1728 2130 εῦ

130 2184 284 2253 μάλα
329 2177 759 2250 κατηθισμένοι,
786 2175 852 2227 δι’
876 2175 1080 2245 ἀμφοῖν
1127 2172 1219 2224 τὸν
1262 2170 1379 2234 ἕνα,
1407 2169 1503 2226 καὶ
1546 2168 1605 2219 τὸ
1642 2168 1728 2218 ἐπ’

132 2274 288 2344 αὺτῷ
328 2272 645 2343 μυστήριον
680 2267 873 2337 ίσχνῶς
908 2267 998 2318 καὶ
1022 2261 1405 2332 ὲξητασμένως
1438 2259 1726 2320 συνιέντες,

133 2368 431 2433 λέγουσιν’
474 2381 494 2412 ι
532 2362 597 2411 Ὦ
630 2359 791 2429 βάθος
836 2355 1068 2409 πλούτου
1104 2353 1197 2407 καὶ
1226 2351 1418 2419 σοφίας
1468 2350 1558 2400 καὶ
1595 2347 1730 2413 γνὼ-

139 2475 276 2519 σεως
308 2453 479 2518 Θεοῦ,
515 2452 591 2514 ὡς
619 2447 1016 2518 ἀνεξερεύνητα
1045 2445 1113 2497 τά
1139 2443 1379 2513 κρίματα
1412 2436 1598 2503 αὐτοῦ,
1640 2436 1733 2490 καὶ

139 2545 563 2617 ἀνεξιχνίαστοι
586 2544 645 2594 at
668 2540 779 2593 ὁδοὶ
807 2536 995 2591 αὐτοῦ.
1034 2534 1128 2595 Τίς
1160 2531 1268 2601 γὰρ
1296 2530 1436 2598 ἔγνω
1468 2527 1592 2582 νοῦν
1615 2529 1732 2582 Κυι-

144 2639 295 2706 ρίους
335 2655 355 2686 ι
408 2634 555 2687 Ἀλλ’
609 2632 709 2683 οὐκ
753 2623 849 2681 οἷδ’
899 2627 1044 2687 ὅπως
1092 2623 1165 2686 ὡς
1216 2621 1484 2689 ἀνέφικτα
1531 2636 1592 2672 τε
1642 2618 1737 2670 καὶ

144 2729 361 2798 ἀκαλλῆ
398 2726 568 2780 ταυτὶ
618 2718 973 2789 διωθούμενος
994 2756 1009 2781 ,
1043 2714 1142 2785 τῆς
1176 2713 1268 2767 τοῦ
1296 2713 1543 2781 Σωτῆρος
1581 2709 1735 2780 ἡμῶν

148 2820 407 2882 εὐκλείας
430 2819 531 2871 καὶ
566 2814 867 2884 ὑπεροχῆς,
896 2810 956 2862 οὐ
994 2807 1229 2879 μετρίως
1256 2804 1438 2858 οὑτοσὶ
1466 2802 1737 2855 ποιεῖσθαι

149 2913 475 2982 κατατολμᾷ
518 2908 620 2979 τὴν
666 2905 1001 2973 κατάρῤυσιν
1033 2900 1161 2972 Ila.
1195 2892 1570 2969 κατάρῤησιν]
1594 2912 1605 2924 υ
1645 2893 1738 2946 καὶ

153 3010 349 3077 μέτρον
393 3004 595 3071 ὥσπερ
648 2996 795 3065 αὐτῷ
839 2996 903 3048 τὸ
945 2994 1064 3048 καθ’
1112 2992 1260 3063 ἡμᾶς
1302 2988 1609 3057 ἀπονέμων,
1647 2984 1739 3039 καὶ

150 3076 334 3170 ἕτερον
357 3095 540 3156 οὐδὲν,
570 3087 889 3153 δεδοξάσθαι
918 3084 1082 3155 cpan
1102 3081 1262 3135 αὑτὸν
1290 3078 1440 3150 παρὰ
1470 3077 1560 3129 τοῦ
1586 3076 1737 3143 ἁγίου

1831 1998 2051 2038 summa:
2084 1983 2265 2052 gloriae
2294 1992 2567 2050 expertem
2600 1989 2823 2062 propter
2853 1980 3262 2033 humanitatem.
3292 1976 3394 2043 Qui

1833 2074 1994 2144 igitur
2020 2072 2283 2142 ejusmodi
2310 2087 2395 2127 res
2418 2071 2585 2141 probe
2621 2070 2936 2128 discernere
2972 2079 3392 2132 consueverunt,

1834 2173 1892 2218 ut
1915 2179 2011 2233 per
2042 2176 2327 2231 utrumque
2355 2177 2541 2227 unum,
2574 2173 2627 2215 et
2662 2161 2778 2227 ejus
2825 2160 3139 2228 mysterium
3188 2158 3397 2215 subtili-

1836 2260 1915 2305 ter
1940 2261 1994 2304 et
2025 2261 2277 2305 accurate
2308 2250 2634 2318 intelligant,
2665 2249 2849 2303 dicunt
2880 2267 2893 2300 :
2935 2265 2955 2298 ι
2991 2244 3037 2302 Ο
3065 2246 3292 2301 altitudo
3316 2246 3399 2299 di-

1832 2341 2081 2395 vitiarutn
2107 2351 2161 2394 et
2185 2340 2459 2409 sapientia:
2486 2349 2545 2393 et
2569 2340 2804 2395 scientia:
2832 2337 2925 2393 Dei
2955 2352 2970 2389 :
3001 2352 3165 2407 quam
3196 2338 3401 2390 incom-

1834 2431 2213 2501 prehensibilia
2276 2440 2400 2486 sunt
2441 2430 2646 2499 judicia
2698 2429 2836 2497 ejus,
2888 2438 2944 2484 et
2997 2427 3399 2503 investigabiles

1834 2524 1933 2578 vite
1962 2523 2108 2596 ejus!
2148 2521 2279 2588 Quis
2307 2522 2452 2576 enim
2485 2521 2735 2590 cognovit
2766 2534 2982 2575 sensum
3030 2518 3333 2573 Domini“?
3376 2538 3394 2570 ι

1836 2616 1941 2672 Sed
1969 2616 2147 2669 nescio
2173 2628 2277 2681 qua
2305 2614 2370 2667 de
2396 2626 2557 2667 causa
2582 2612 2685 2667 iste
2713 2612 2872 2666 bomo
2904 2610 2985 2665 bis
3020 2612 3180 2665 rebus
3198 2648 3213 2674 ,
3246 2610 3402 2679 quasi

1837 2707 2195 2779 impossibiles
2217 2707 2391 2762 sintet
2407 2706 2676 2772 absurdae,
2696 2704 2929 2773 rejectis,
2955 2704 3187 2771 superbe
3207 2703 3404 2757 audeat

1837 2802 2134 2856 Salvatoris
2158 2798 2329 2866 nostri
2367 2798 2553 2867 gloria.-
2582 2806 2636 2855 et
2658 2794 2989 2851 excellentia:
3014 2795 3322 2867 detrahere,
3346 2801 3403 2844 et

1840 2905 2145 2946 mensuram
2182 2890 2257 2942 illi
2294 2897 2536 2941 nostram
2568 2886 2829 2951 tribuens,
2864 2896 2919 2939 et
2947 2894 3209 2954 praeterea
3245 2865 3403 2947 niltil,

1839 2982 2195 3051 glorilicatum
2222 2993 2344 3033 eum
2372 2976 2565 3033 dicata
2598 2974 2799 3046 Spiritu
2823 2985 3031 3039 sancto,
3061 2974 3179 3043 ejus
3207 2974 3405 3028 virtute

1840 3090 1943 3127 non
1978 3084 2033 3127 ut
2064 3072 2277 3141 propria
2304 3078 2561 3134 utentem,
2599 3077 2652 3123 et
2684 3066 2862 3123 divina
2902 3066 3054 3134 signa
3081 3064 3277 3130 facere,
3310 3067 3404 3119 sed

153 3157 500 3259 Πνέύματος,
548 3185 649 3251 οὐχ
689 3181 763 3244 ὡς
816 3179 923 3249 ίδία
974 3175 1197 3246 δυνάμει
1239 3170 1539 3246 χρώμενον,
1572 3170 1640 3238 τῇ
1672 3168 1736 3219 δι’

1842 3166 1907 3219 ad
1964 3163 2222 3218 miracula
2284 3162 2510 3225 edenda,
2562 3160 2866 3216 extrinseca
2906 3157 3300 3221 et,adventitia
3350 3157 3403 3210 vi

2227 3263 2237 3270 .
2357 3268 2383 3270 η
2700 3259 2879 3270 _-_.__
2912 3248 3018 3270 ..-
3062 3263 3205 3270 ..-η
3245 3260 3368 3270 -..--

152 3282 340 3343 αὑτοῦ,
374 3280 475 3333 καὶ
512 3272 753 3343 πληροῦν
778 3270 848 3323 τὰ
874 3269 972 3339 τῆς
1007 3264 1353 3335 θεοσημείας,
1399 3262 1513 3313 ἀλλ’
1543 3259 1740 3322 ἔξωθεν

154 3374 245 3427 καὶ
276 3366 727 3436 είσκεκριμένως
758 3360 1138 3429 κερδαίνοντα,
1163 3357 1224 3408 τὸ
1252 3352 1548 3423 κατορθοῦν
1581 3350 1741 3404 δύνα-

156 3465 277 3517 σθαι
315 3480 375 3514 τι
414 3458 530 3510 τῶν
582 3450 1076 3521 τεθαυμασμένων’
1120 3448 1209 3502 ίνα
1239 3446 1304 3515 δὴ
1340 3446 1581 3514 φαίνοιτο
1622 3441 1744 3494 καθ’

153 3557 299 3625 ἡμᾶς
344 3550 604 3621 ἰαμάτων
638 3564 736 3599 που
771 3545 908 3613 τάχα
953 3541 1200 3612 χάρισμα
1247 3537 1445 3601 λαϐὼν,
1487 3535 1653 3604 φάναι
1685 3549 1744 3585 τε

155 3622 409 3713 facilem,
461 3639 609 3691 κατά
658 3635 749 3688 τδν
805 3632 1071 3702 μακάριον
1112 3628 1350 3683 Παῦλονο
1398 3644 1416 3677 ι
1454 3626 1649 3694 Χάριτι
1688 3622 1745 3675 δὲ

156 3734 289 3787 Θεοῦ
321 3735 449 3802 εἰμι
483 3729 513 3783 δ
537 3730 672 3796 εἶμι.
712 3745 729 3775 ι
769 3718 863 3785 Οἷς
888 3722 994 3790 γὰρ
1028 3718 1262 3771 ἐπακτὸν
1297 3717 1391 3771 καὶ
1425 3713 1657 3783 θύραθεν
1687 3715 1745 3765 τὸ

159 3823 295 3881 είναί
341 3842 398 3877 τι
433 3821 533 3874 καὶ
572 3816 832 3871 δύνασθαι
863 3810 1181 3881 κατορθοῦν,
1214 3806 1359 3864 οῦτοι
1392 3809 1549 3876 φαῖεν
1584 3806 1649 3858 ἂν
1680 3805 1748 3856 εί-

160 3921 334 3980 κότως
354 3915 454 3967 καὶ
486 3912 587 3982 τὴν
605 3907 813 3962 τοιάνδε
845 3906 1050 3975 φωνήν.
1088 3902 1267 3966 Δεῖξαι
1305 3901 1434 3969 γὰρ,
1462 3896 1536 3961 ὡς
1551 3897 1747 3958 οἴεται,

163 4006 457 4078 βουληθεὶς
500 3999 757 4068 ίσουργδν
789 4000 868 4060 είς
914 3997 1128 4050 ἅπαντα
1182 3993 1280 4064 τὴν
1311 3989 1473 4058 ἁγίαν
1518 3987 1744 4058 Τριάδα,

164 4100 329 4152 πάλιν
362 4091 471 4148 ὦδέ
508 4108 694 4163 φησιν’

233 4189 252 4260 l
283 4190 346 4240 '0
372 4184 513 4247 Θεὸς
560 4182 731 4249 Λόγος
776 4178 989 4245 ἐγένετο
1040 4174 1196 4244 σὰρξ,
1234 4172 1329 4225 καὶ
1352 4170 1659 4238 ἐσκήνωσεν
1692 4166 1748 4217 ὲν

161 4256 320 4351 ἡμῖν.
354 4273 725 4330 Συνεκάθισεν
749 4268 924 4339 ἑαυτῷ
945 4267 1042 4338 τὴν
1072 4262 1475 4334 ἀναληφθεῖσαν
1503 4262 1531 4312 ὁ
1558 4256 1751 4326 Πατὴρ

164 4375 593 4444 ἀνθρωπότητα.
630 4386 648 4418 ι
692 4362 821 4418 Εῐπε
848 4366 975 4432 γὰρ,
1018 4362 1202 4430 φησιν,
1235 4361 1263 4410 ό
1296 4356 1498 4426 Κύριος
1534 4352 1610 4421 τῷ
1635 4352 1749 4404 Κυ-

1844 3255 2149 3325 ριιεᾱὶιυη),
2187 3263 2244 3306 ut
2280 3251 2389 3319 jam
2420 3252 2666 3305 videatur
2698 3259 2884 3305 nostro
2911 3248 3018 3318 97
3061 3263 3209 3301 more
3241 3260 3405 3301 cura-

1845 3347 2048 3401 tionum
2076 3343 2304 3411 gratiam
2346 3341 2644 3409 accepisse,
2686 3349 2739 3393 et
2768 3352 2890 3392 cum
2922 3339 3080 3392 beato
3125 3335 3291 3392 Paulo
3326 3335 3407 3389 di.

1844 3451 1969 3492 cere
1999 3437 2231 3489 debere:
2256 3452 2273 3484 ι
2296 3432 2479 3487 Gratia
2517 3431 2606 3486 Dei
2630 3445 2748 3485 sum
2784 3428 2836 3484 id
2867 3429 3011 3499 quod
3048 3444 3167 3483 sum
3202 3427 3338 3480 “-“.
3384 3447 3401 3477 ι

1845 3524 2049 3592 Quibus
2093 3525 2238 3577 enim
2275 3522 2626 3576 adventitium
2661 3530 2744 3574 est
2774 3528 2830 3573 et
2877 3516 3027 3587 quasi
3072 3517 3410 3574 extrinsecus

1846 3615 2178 3683 impertitum
2208 3623 2264 3665 ut
2295 3612 2491 3679 aliquid
2532 3611 2661 3677 sint,
2705 3624 2768 3664 ac
2802 3610 3059 3679 perlicere
3098 3608 3333 3677 possint,
3372 3608 3411 3662 ii

1848 3707 2039 3762 merito
2080 3708 2214 3759 hanc
2240 3720 2423 3758 vocem
2456 3705 2705 3757 emittere
2736 3711 3003 3771 poterunt.
3040 3700 3237 3756 Volens
3259 3700 3405 3756 enim

1847 3798 2152 3859 ostendere,
2180 3805 2243 3849 ut
2269 3804 2441 3863 putat,
2489 3794 2556 3847 ad
2597 3793 2775 3846 omnia
2823 3792 2967 3860 paris
3015 3804 3137 3845 esse
3161 3788 3412 3844 efﬁcacia

1849 3896 2089 3942 sanctam
2144 3884 2507 3949 Trinitatem,
2539 3898 2728 3937 rursus
2768 3882 2821 3935 in
2871 3884 3014 3935 hunc
3069 3881 3284 3935 modum
3332 3881 3414 3934 di-

1848 3991 1955 4034 Cll:

1921 4157 2156 4213 Nssron.
2192 4153 2359 4225 [Deus
2387 4152 2617 4208 Verbum
2670 4152 2867 4206 factum
2914 4159 2998 4205 est
3039 4163 3187 4213 caro,
3218 4156 3274 4203 et
3319 4150 3418 4205 lia—

1854 4251 2044 4307 bitavit
2080 4251 2131 4302 in
2162 4247 2317 4303 nobis
2339 4246 2404 4300 ".
2434 4245 2630 4301 Secum
2661 4244 2943 4299 considere
2973 4241 3100 4295 fecit
3140 4240 3298 4295 Pater
3326 4256 3413 4294 as-

1854 4351 2123 4409 sumptam
2155 4336 2542 4392 humanitatem
2577 4351 2589 4386 :
2628 4355 2645 4384 ι
2686 4333 2829 4387 Dixit
2859 4333 3001 4386 enim
3027 4372 3040 4395 ,
3070 4332 3283 4401 inquit,
3315 4330 3416 4383 Do-

441 4418 630 4514 kiifiou
654 4457 718 4509 ὲκ
730 4418 1060 4522 δεξιιῦνιμού.
1126 4418 1236 4517 Την
1248 4444 1341 4499 τοῦ
1355 4418 1736 4513 ἀναληφθέντος

1856 4434 2034 4486 minus
2061 4428 2287 4483 Domino
2315 4441 2437 4480 meo
2467 4448 2475 4478 :
2515 4424 2652 4478 Sede
2687 4439 2714 4476 a
2745 4424 2950 4477 dextris
2978 4423 3112 4475 meis
3133 4422 3199 4475 ⁸³.
3236 4440 3254 4473 ι
3288 4418 3417 4477 Glo-

1890 4524 1902 4534 ι
2269 4520 2302 4535 ,ι
2364 4516 2415 4535 t',
2442 4517 2595 4535 8-2.“-
2657 4513 2980 4535 ,I----..-I.._-
3048 4511 3374 4535 ..Α-..ιιιι-ηιάι
3404 4526 3417 4535 .

164 4511 514 4622 :5.ljveatxa
564 4546 836 4601 κατελθὼν
892 4542 1252 4611 συνεκρότησε
1304 4536 1483 4599 δόξαν.
1532 4552 1550 4582 ι
1589 4532 1736 4585 Ὅτω

1862 4524 1994 4579 riam
2045 4520 2305 4588 assumpti
2364 4516 2599 4585 Spiritus
2652 4513 2984 4567 descendens
3046 4511 3418 4577 comparavit:

1922 4616 1953 4622 Α.
2248 4612 2279 4622 ,Α
2350 4610 2358 4620 -
2483 4610 2513 4622 -,
2591 4604 2622 4622 ﬁ
2669 4604 2820 4622 '_'.,-_
2870 4603 3112 4622 _.__!.-.2-
3194 4600 3277 4622 ζΙΙΔ
3338 4616 3418 4622 _..,.

167 4649 299 4717 γὰρ,
340 4645 535 4715 φησιν,
570 4640 698 4709 ἔλθῃ
738 4638 799 4689 τὸ
836 4634 1057 4704 Πνεῦμα
1098 4633 1197 4701 τῆς
1230 4626 1508 4699 ἀληθείας,
1547 4625 1749 4683 ἐκεῖνος

170 4715 269 4807 ἐμὲ
295 4737 543 4801 δοξάσει.
585 4750 601 4781 ι
642 4729 826 4783 Βούλει
866 4727 958 4780 καὶ
994 4724 1160 4793 ἀλλην
1186 4721 1281 4774 ἐπὶ
1326 4719 1537 4779 τούτοις
1570 4715 1750 4776 αὐτοῖς

201 4804 264 4891 ἧς
292 4826 531 4891 Τριάδος
568 4823 879 4891 ὲνέργειαν;
909 4817 1210 4886 Ἐνῲκησεν
1240 4815 1269 4865 ό
1295 4812 1419 4874 Υἱὸς
1449 4812 1504 4862 ἐν
1540 4807 1618 4877 τῷ
1646 4804 1751 4858 σώ-

177 4937 308 4985 ματι
330 4935 343 4948 ·
383 4916 716 4985 συνέστησεν
739 4914 768 4965 ό
800 4910 985 4980 Πατὴρ
1014 4906 1432 4977 βαπτιζόμενον·
1470 4898 1753 4952 διέπλασεν

171 5012 232 5060 ἐν
252 5007 524 5079 Παρθένῳ
544 5006 605 5058 τὸ
628 5001 895 5073 Πνεῦμα.]
927 4998 1070 5055 Εἶτα
1093 4996 1280 5050 πάλιν
1303 4993 1450 5063 φησὶ
1476 4990 1605 5057 περὶ
1629 4986 1745 5041 τῶν

178 5104 363 5171 tile
396 5098 757 5152 ἀποστόλων
781 5112 793 5125 ο
824 5093 915 5166 ['0
938 5093 1062 5154 Υἱὸς
1084 5088 1383 5155 ἐξελέξατο.
1410 5106 1426 5136 ι
1452 5083 1590 5151 Ἐγὼ
1619 5081 1746 5151 γὰρ,

182 5194 372 5261 φησιν,
390 5193 539 5261 ὑμᾶς
557 5187 909 5259 ἐξελεξάμην.
944 5205 961 5237 ι
997 5187 1053 5237 Ὀ
1072 5182 1257 5252 Πατὴρ
1274 5179 1467 5250 ήγίασε
1488 5195 1501 5207 ·
1528 5196 1545 5228 ι
1572 5176 1751 5244 Πάτερ

186 5286 314 5353 γὰρ.
349 5284 539 5352 φησὶν,
580 5280 803 5349 ἁγίασον
838 5277 1032 5339 αὐτοὺς
1060 5278 1117 5328 ὲν
1145 5276 1211 5343 τῇ
1243 5270 1466 5341 ἀληθείᾳ
1492 5287 1602 5321 σου.
1632 5286 1649 5317 ι
1686 5266 1757 5317 Τὸ

192 5374 411 5444 Πνεῦμα
448 5369 817 5425 κατεσκεύασε
853 5362 1134 5438 ῥήτορας]

789 5476 1037 5533 ΚΕΦᾹΔ.
1080 5477 1160 5530 A'.

262 5597 379 5651 Ὅτι
410 5599 509 5669 μὲν
531 5592 625 5650 οῦν
648 5593 850 5661 ἄσοφός
874 5608 930 5643 τε
962 5590 1056 5641 καὶ
1078 5585 1321 5656 ἀτερπὴς
1352 5584 1378 5634 ό
1414 5581 1631 5651 σύμπας
1660 5576 1755 5630 αύ-

1865 4638 1880 4667 ι
1915 4616 2049 4671 Cum
2080 4612 2307 4676 venerit,
2349 4610 2541 4677 inquit,
2591 4604 2823 4672 Spiritus
2870 4603 3135 4665 veritatis,
3194 4600 3281 4655 ille
3338 4616 3422 4654 me

1859 4703 2267 4777 gloriﬁcabit".
2309 4720 2327 4753 ι
2365 4699 2529 4754 Visne
2576 4698 2739 4751 etiam
2773 4694 2931 4747 aliam
2968 4694 3032 4746 ad
3058 4693 3169 4745 hec
3204 4692 3422 4759 adjicia.

1862 4816 1979 4853 mus
2004 4795 2286 4850 Trinitatis
2316 4790 2652 4847 elﬁcientiam
2672 4788 2694 4839 ἲ
2718 4785 2989 4839 Habitavit
3018 4783 3183 4839 Filius
3217 4784 3268 4837 in
3298 4799 3422 4838 cor-

1863 4904 2030 4959 pore:
2068 4882 2464 4941 commendavit
2510 4878 2832 4947 baptizatum
2880 4873 3075 4939 Pater;
3123 4870 3427 4926 eﬂ‘ormavit

1863 4996 1982 5036 eum
2013 4981 2063 5033 iu
2098 4976 2313 5045 Virgine
2345 4968 2625 5045 Spiritus.|
2655 4964 2847 5019 Deinde
2884 4980 3064 5017 rursus
3101 4965 3174 5015 ait
3204 4964 3267 5017 de
3298 4980 3422 5017 san-

1859 5074 1955 5128 ctis
1984 5069 2272 5140 apostolis:
2304 5063 2498 5136 [Filius
2530 5060 2691 5128 elegit
2721 5073 2736 5111 :
2775 5076 2791 5108 ι
2832 5058 2941 5126 Ego
2989 5058 3133 5110 enim
3156 5096 3169 5119 ,
3212 5056 3423 5127 inquit,

1861 5163 1994 5232 elegi
2018 5175 2110 5213 vos
2131 5159 2175 5190 “
2196 5195 2209 5208 .
2238 5176 2255 5207 ι
2282 5153 2443 5208 Pater
2465 5147 2847 5205 sanctiﬁcavit:
2873 5144 3287 5213 «Pater,inquit,
3306 5162 3428 5200 san-

1864 5256 2042 5309 ctifica
2076 5265 2169 5305 eos
2196 5249 2249 5303 in
2281 5248 2505 5299 veritate
2535 5252 2619 5295 tua
2653 5242 2718 5297 δ’.
2757 5260 2775 5291 ›
2820 5238 3056 5307 Spiritus
3095 5237 3273 5291 etiecit
3306 5252 3429 5291 ora-

1868 5342 2072 5414 tores.]

2529 5442 2682 5498 CAP.
2724 5442 2765 5497 I.

1937 5571 2129 5625 Totum
2191 5564 2405 5634 quidem
2470 5570 2775 5615 sermonem
2814 5554 2882 5610 ab
2934 5568 3000 5609 eo
3049 5552 3326 5613 habitum,
3375 5557 3428 5600 et

263 5756 305 5788 "
340 5755 493 5811 Rom.
525 5769 601 5815 ιι.
632 5751 725 5806 35.
804 5748 921 5778 “M‘
960 5745 978 5799 l
1017 5746 1141 5800 Cor.
1183 5758 1273 5807 xv,
1310 5740 1388 5794 IO.
1468 5739 1514 5769 "
1552 5736 1702 5791 Joan.

1855 5730 1903 5785 4,
1984 5726 2027 5759 ⁸⁸
2068 5723 2203 5780 Psal.
2242 5735 2349 5785 cur,
2381 5721 2428 5773 l.
2508 5716 2549 5749 δ’
2591 5714 2741 5771 Joan.
2779 5706 3115 5775 “1,15,”.
3194 5705 3237 5735 “
3276 5700 3430 5759 Joau.

486 5830 531 5856 "
566 5824 732 5879 Joatt.
768 5833 898 5883 XVII,
929 5816 1018 5870 17.

415 5923 698 5983 Parnm.
750 5911 869 5972 Gn.
909 5905 1183 5970 LXXVI.

226 5841 301 5888 xv,
334 5830 412 5883 ili.

3006 5862 3040 5929 6
