  <div class='ocr_page' id='page_1' title='image "/cluster/home/n/w/nwhite01/storage/ocr_20150623/76/uva.x030486937/095.png"; bbox 0 0 4106 6506; ppageno 0'>
   <div class='ocr_carea' id='block_1_1' title="bbox 670 447 771 504">
    <p class='ocr_par' dir='ltr' id='par_1_1' title="bbox 670 447 771 504">
     <span class='ocr_line' id='line_1_1' title="bbox 670 447 771 504; baseline -0.04 0"><span class='ocrx_word' id='word_1_1' title='bbox 670 447 771 504; x_wconf 72' lang='grc'><strong>171</strong></span> 
     </span>
    </p>
   </div>
   <div class='ocr_carea' id='block_1_2' title="bbox 1701 402 2952 483">
    <p class='ocr_par' dir='ltr' id='par_1_2' title="bbox 1701 402 2952 483">
     <span class='ocr_line' id='line_1_2' title="bbox 1701 402 2952 483; baseline -0.022 1"><span class='ocrx_word' id='word_1_2' title='bbox 1701 427 1758 483; x_wconf 91' lang='lat' dir='ltr'><strong>S.</strong></span> <span class='ocrx_word' id='word_1_3' title='bbox 1799 421 2078 482; x_wconf 74' lang='lat' dir='ltr'><strong>CVRILLI</strong></span> <span class='ocrx_word' id='word_1_4' title='bbox 2119 411 2592 474; x_wconf 67' lang='lat' dir='ltr'><strong>ALEXANDRINI</strong></span> <span class='ocrx_word' id='word_1_5' title='bbox 2633 402 2952 463; x_wconf 81' lang='lat' dir='ltr'><strong>ARCHIEP.</strong></span> 
     </span>
    </p>
   </div>
   <div class='ocr_carea' id='block_1_3' title="bbox 3815 388 3923 443">
    <p class='ocr_par' dir='ltr' id='par_1_3' title="bbox 3815 388 3923 443">
     <span class='ocr_line' id='line_1_3' title="bbox 3815 388 3923 443; baseline -0.028 0"><span class='ocrx_word' id='word_1_6' title='bbox 3815 388 3923 443; x_wconf 68' lang='grc' dir='ltr'>ηε</span> 
     </span>
    </p>
   </div>
   <div class='ocr_carea' id='block_1_4' title="bbox 672 503 2268 634">
    <p class='ocr_par' dir='ltr' id='par_1_4' title="bbox 672 549 2238 634">
     <span class='ocr_line' id='line_1_4' title="bbox 672 549 2238 634; baseline -0.016 -13"><span class='ocrx_word' id='word_1_7' title='bbox 672 563 985 634; x_wconf 91' lang='lat' dir='ltr'><strong>imperitum</strong></span> <span class='ocrx_word' id='word_1_8' title='bbox 1011 575 1132 616; x_wconf 90' lang='lat' dir='ltr'><strong>esse</strong></span> <span class='ocrx_word' id='word_1_9' title='bbox 1184 566 1240 614; x_wconf 91' lang='lat' dir='ltr'><strong>et</strong></span> <span class='ocrx_word' id='word_1_10' title='bbox 1279 555 1561 612; x_wconf 89' lang='lat' dir='ltr'><strong>molestum</strong></span> <span class='ocrx_word' id='word_1_11' title='bbox 1593 591 1608 618; x_wconf 86' lang='lat'><strong>,</strong></span> <span class='ocrx_word' id='word_1_12' title='bbox 1661 549 1975 604; x_wconf 75' lang='lat' dir='ltr'><strong>facillimum</strong></span> <span class='ocrx_word' id='word_1_13' title='bbox 2021 553 2102 599; x_wconf 92' lang='lat' dir='ltr'><strong>est</strong></span> <span class='ocrx_word' id='word_1_14' title='bbox 2147 558 2238 598; x_wconf 87' lang='lat' dir='ltr'><strong>os-</strong></span> 
     </span>
    </p>
   </div>
   <div class='ocr_carea' id='block_1_5' title="bbox 2370 503 3921 634">
    <p class='ocr_par' dir='ltr' id='par_1_5' title="bbox 2370 503 3921 634">
     <span class='ocr_line' id='line_1_5' title="bbox 2370 503 3921 608; baseline -0.021 -17"><span class='ocrx_word' id='word_1_15' title='bbox 2370 538 2421 608; x_wconf 62' lang='lat'><strong>(9</strong></span> <span class='ocrx_word' id='word_1_16' title='bbox 2449 533 2748 603; x_wconf 85' lang='grc' dir='ltr'>πεποίηται</span> <span class='ocrx_word' id='word_1_17' title='bbox 2771 528 2950 595; x_wconf 85' lang='grc' dir='ltr'>λόγος,</span> <span class='ocrx_word' id='word_1_18' title='bbox 2983 516 3293 581; x_wconf 79' lang='grc' dir='ltr'>καταδεῖξαι</span> <span class='ocrx_word' id='word_1_19' title='bbox 3336 515 3484 585; x_wconf 60' lang='grc' dir='ltr'>ῥᾷον</span> <span class='ocrx_word' id='word_1_20' title='bbox 3525 503 3831 580; x_wconf 76' lang='grc' dir='ltr'><strong>παραπαίει</strong></span> <span class='ocrx_word' id='word_1_21' title='bbox 3864 504 3921 558; x_wconf 83' lang='grc' dir='ltr'><strong>δέ</strong></span> 
     </span>
     <span class='ocr_line' id='line_1_6' title="bbox 2554 597 3921 634; baseline -0.015 16"><span class='ocrx_word' id='word_1_22' title='bbox 2554 626 2566 634; x_wconf 86' lang='grc'><strong>·</strong></span> <span class='ocrx_word' id='word_1_23' title='bbox 2786 620 2801 634; x_wconf 67' lang='grc' dir='ltr'><strong>ε</strong></span> <span class='ocrx_word' id='word_1_24' title='bbox 2841 619 2864 632; x_wconf 83' lang='lat'><strong><em>~</em></strong></span> <span class='ocrx_word' id='word_1_25' title='bbox 2970 631 2986 634; x_wconf 78' lang='grc'><strong>-</strong></span> <span class='ocrx_word' id='word_1_26' title='bbox 3047 610 3149 634; x_wconf 60' lang='lat'><strong>1-:</strong></span> <span class='ocrx_word' id='word_1_27' title='bbox 3209 607 3320 634; x_wconf 66' lang='grc' dir='ltr'><strong>ιιι..</strong></span> <span class='ocrx_word' id='word_1_28' title='bbox 3372 603 3469 634; x_wconf 71' lang='grc' dir='ltr'><strong>..λυ</strong></span> <span class='ocrx_word' id='word_1_29' title='bbox 3510 601 3620 634; x_wconf 62' lang='lat' dir='ltr'><strong>wh.</strong></span> <span class='ocrx_word' id='word_1_30' title='bbox 3667 597 3921 634; x_wconf 58' lang='lat' dir='ltr'><strong>Hellen-[nc</strong></span> 
     </span>
    </p>
   </div>
   <div class='ocr_carea' id='block_1_6' title="bbox 674 638 2236 715">
    <p class='ocr_par' dir='ltr' id='par_1_6' title="bbox 674 638 2236 715">
     <span class='ocr_line' id='line_1_7' title="bbox 674 638 2236 715; baseline -0.013 -7"><span class='ocrx_word' id='word_1_31' title='bbox 674 654 945 710; x_wconf 79' lang='lat' dir='ltr'><strong>tendere:</strong></span> <span class='ocrx_word' id='word_1_32' title='bbox 991 652 1086 706; x_wconf 92' lang='lat' dir='ltr'><strong>sed</strong></span> <span class='ocrx_word' id='word_1_33' title='bbox 1113 651 1166 703; x_wconf 91' lang='lat' dir='ltr'><strong>in</strong></span> <span class='ocrx_word' id='word_1_34' title='bbox 1222 662 1289 703; x_wconf 90' lang='lat' dir='ltr'><strong>eo</strong></span> <span class='ocrx_word' id='word_1_35' title='bbox 1341 644 1609 715; x_wconf 90' lang='lat' dir='ltr'><strong>quomodo</strong></span> <span class='ocrx_word' id='word_1_36' title='bbox 1655 642 1824 696; x_wconf 91' lang='lat' dir='ltr'><strong>etiam</strong></span> <span class='ocrx_word' id='word_1_37' title='bbox 1871 638 2102 691; x_wconf 91' lang='lat' dir='ltr'><strong>insaniat</strong></span> <span class='ocrx_word' id='word_1_38' title='bbox 2143 650 2236 688; x_wconf 82' lang='lat' dir='ltr'><strong>cx-</strong></span> 
     </span>
    </p>
   </div>
   <div class='ocr_carea' id='block_1_7' title="bbox 673 726 2238 815">
    <p class='ocr_par' dir='ltr' id='par_1_7' title="bbox 673 726 2238 815">
     <span class='ocr_line' id='line_1_8' title="bbox 673 726 2238 815; baseline -0.015 -13"><span class='ocrx_word' id='word_1_39' title='bbox 673 760 896 815; x_wconf 85' lang='lat' dir='ltr'><strong>ponam.</strong></span> <span class='ocrx_word' id='word_1_40' title='bbox 937 744 1053 799; x_wconf 87' lang='lat' dir='ltr'><strong>Una</strong></span> <span class='ocrx_word' id='word_1_41' title='bbox 1076 751 1160 797; x_wconf 90' lang='lat' dir='ltr'><strong>est</strong></span> <span class='ocrx_word' id='word_1_42' title='bbox 1188 740 1332 795; x_wconf 86' lang='lat' dir='ltr'><strong>enim</strong></span> <span class='ocrx_word' id='word_1_43' title='bbox 1365 735 1663 792; x_wconf 75' lang='lat' dir='ltr'><strong>divinitatis</strong></span> <span class='ocrx_word' id='word_1_44' title='bbox 1695 742 1910 795; x_wconf 86' lang='lat' dir='ltr'><strong>natura,</strong></span> <span class='ocrx_word' id='word_1_45' title='bbox 1946 728 2038 782; x_wconf 88' lang='lat' dir='ltr'><strong>sed</strong></span> <span class='ocrx_word' id='word_1_46' title='bbox 2064 726 2238 781; x_wconf 86' lang='lat' dir='ltr'><strong>subsi-</strong></span> 
     </span>
    </p>
   </div>
   <div class='ocr_carea' id='block_1_8' title="bbox 675 819 2241 904">
    <p class='ocr_par' dir='ltr' id='par_1_8' title="bbox 675 819 2241 904">
     <span class='ocr_line' id='line_1_9' title="bbox 675 819 2241 904; baseline -0.015 -13"><span class='ocrx_word' id='word_1_47' title='bbox 675 837 769 891; x_wconf 88' lang='lat' dir='ltr'><strong>stit</strong></span> <span class='ocrx_word' id='word_1_48' title='bbox 802 834 1020 904; x_wconf 82' lang='lat' dir='ltr'><strong>proprie</strong></span> <span class='ocrx_word' id='word_1_49' title='bbox 1056 847 1118 887; x_wconf 91' lang='lat' dir='ltr'><strong>ac</strong></span> <span class='ocrx_word' id='word_1_50' title='bbox 1149 829 1493 898; x_wconf 88' lang='lat' dir='ltr'><strong>singulariter</strong></span> <span class='ocrx_word' id='word_1_51' title='bbox 1515 825 1699 888; x_wconf 89' lang='lat' dir='ltr'><strong>Pater,</strong></span> <span class='ocrx_word' id='word_1_52' title='bbox 1721 832 1776 878; x_wconf 89' lang='lat' dir='ltr'><strong>et</strong></span> <span class='ocrx_word' id='word_1_53' title='bbox 1803 820 1994 882; x_wconf 88' lang='lat' dir='ltr'><strong>Filius,</strong></span> <span class='ocrx_word' id='word_1_54' title='bbox 2030 819 2241 872; x_wconf 88' lang='lat' dir='ltr'><strong>itidem-</strong></span> 
     </span>
    </p>
   </div>
   <div class='ocr_carea' id='block_1_9' title="bbox 677 909 2245 998">
    <p class='ocr_par' dir='ltr' id='par_1_9' title="bbox 677 909 2245 998">
     <span class='ocr_line' id='line_1_10' title="bbox 677 909 2245 998; baseline -0.015 -14"><span class='ocrx_word' id='word_1_55' title='bbox 677 943 784 998; x_wconf 86' lang='lat' dir='ltr'><strong>que</strong></span> <span class='ocrx_word' id='word_1_56' title='bbox 815 927 1054 995; x_wconf 84' lang='lat' dir='ltr'><strong>Spiritus</strong></span> <span class='ocrx_word' id='word_1_57' title='bbox 1085 943 1099 979; x_wconf 89' lang='lat'><strong>:</strong></span> <span class='ocrx_word' id='word_1_58' title='bbox 1126 923 1432 979; x_wconf 82' lang='lat' dir='ltr'><strong>eﬂiciuntur</strong></span> <span class='ocrx_word' id='word_1_59' title='bbox 1459 927 1642 972; x_wconf 89' lang='lat' dir='ltr'><strong>autem</strong></span> <span class='ocrx_word' id='word_1_60' title='bbox 1677 914 1860 970; x_wconf 84' lang='lat' dir='ltr'><strong>omnia</strong></span> <span class='ocrx_word' id='word_1_61' title='bbox 1889 926 1918 965; x_wconf 92' lang='lat' dir='ltr'><strong>a</strong></span> <span class='ocrx_word' id='word_1_62' title='bbox 1968 909 2151 974; x_wconf 83' lang='lat' dir='ltr'><strong>Patre,</strong></span> <span class='ocrx_word' id='word_1_63' title='bbox 2189 917 2245 962; x_wconf 90' lang='lat' dir='ltr'><strong>et</strong></span> 
     </span>
    </p>
   </div>
   <div class='ocr_carea' id='block_1_10' title="bbox 678 996 2246 1087">
    <p class='ocr_par' dir='ltr' id='par_1_10' title="bbox 678 996 2246 1087">
     <span class='ocr_line' id='line_1_11' title="bbox 678 996 2246 1087; baseline -0.015 -13"><span class='ocrx_word' id='word_1_64' title='bbox 678 996 776 1087; x_wconf 79' lang='lat' dir='ltr'><strong>per</strong></span> <span class='ocrx_word' id='word_1_65' title='bbox 801 1018 997 1072; x_wconf 82' lang='lat' dir='ltr'><strong>Filium</strong></span> <span class='ocrx_word' id='word_1_66' title='bbox 1045 1017 1099 1071; x_wconf 90' lang='lat' dir='ltr'><strong>in</strong></span> <span class='ocrx_word' id='word_1_67' title='bbox 1144 1013 1384 1083; x_wconf 88' lang='lat' dir='ltr'><strong>Spiritu;</strong></span> <span class='ocrx_word' id='word_1_68' title='bbox 1433 1019 1488 1066; x_wconf 89' lang='lat' dir='ltr'><strong>et</strong></span> <span class='ocrx_word' id='word_1_69' title='bbox 1529 1009 1652 1063; x_wconf 89' lang='lat' dir='ltr'><strong>dum</strong></span> <span class='ocrx_word' id='word_1_70' title='bbox 1681 1005 1839 1060; x_wconf 89' lang='lat' dir='ltr'><strong>Pater</strong></span> <span class='ocrx_word' id='word_1_71' title='bbox 1889 1009 2137 1056; x_wconf 83' lang='lat' dir='ltr'><strong>movetur</strong></span> <span class='ocrx_word' id='word_1_72' title='bbox 2177 996 2246 1051; x_wconf 87' lang='lat' dir='ltr'><strong>ad</strong></span> 
     </span>
    </p>
   </div>
   <div class='ocr_carea' id='block_1_11' title="bbox 679 1087 2246 1174">
    <p class='ocr_par' dir='ltr' id='par_1_11' title="bbox 679 1087 2246 1174">
     <span class='ocr_line' id='line_1_12' title="bbox 679 1087 2246 1174; baseline -0.013 -14"><span class='ocrx_word' id='word_1_73' title='bbox 679 1105 1357 1174; x_wconf 81' lang='lat' dir='ltr'><strong>ellicientiamaliquorum,</strong></span> <span class='ocrx_word' id='word_1_74' title='bbox 1380 1097 1570 1168; x_wconf 84' lang='lat' dir='ltr'><strong>procul</strong></span> <span class='ocrx_word' id='word_1_75' title='bbox 1603 1095 1763 1151; x_wconf 90' lang='lat' dir='ltr'><strong>dubio</strong></span> <span class='ocrx_word' id='word_1_76' title='bbox 1795 1091 1952 1146; x_wconf 77' lang='lat' dir='ltr'><strong>eﬂicit</strong></span> <span class='ocrx_word' id='word_1_77' title='bbox 1993 1088 2164 1143; x_wconf 88' lang='lat' dir='ltr'><strong>Filius</strong></span> <span class='ocrx_word' id='word_1_78' title='bbox 2193 1087 2246 1140; x_wconf 89' lang='lat' dir='ltr'><strong>in</strong></span> 
     </span>
    </p>
   </div>
   <div class='ocr_carea' id='block_1_12' title="bbox 683 1178 2248 1264">
    <p class='ocr_par' dir='ltr' id='par_1_12' title="bbox 683 1178 2248 1264">
     <span class='ocr_line' id='line_1_13' title="bbox 683 1178 2248 1264; baseline -0.012 -14"><span class='ocrx_word' id='word_1_79' title='bbox 683 1196 891 1264; x_wconf 82' lang='lat' dir='ltr'><strong>Spiritu</strong></span> <span class='ocrx_word' id='word_1_80' title='bbox 932 1213 944 1249; x_wconf 91' lang='lat'>:</span> <span class='ocrx_word' id='word_1_81' title='bbox 973 1204 1028 1249; x_wconf 90' lang='lat' dir='ltr'><strong>et</strong></span> <span class='ocrx_word' id='word_1_82' title='bbox 1053 1194 1098 1250; x_wconf 90' lang='lat' dir='ltr'><strong>si</strong></span> <span class='ocrx_word' id='word_1_83' title='bbox 1125 1193 1253 1263; x_wconf 88' lang='lat' dir='ltr'><strong>quid</strong></span> <span class='ocrx_word' id='word_1_84' title='bbox 1282 1191 1450 1246; x_wconf 87' lang='lat' dir='ltr'><strong>Filius</strong></span> <span class='ocrx_word' id='word_1_85' title='bbox 1476 1187 1746 1256; x_wconf 90' lang='lat' dir='ltr'><strong>complere</strong></span> <span class='ocrx_word' id='word_1_86' title='bbox 1767 1183 1964 1238; x_wconf 89' lang='lat' dir='ltr'><strong>dicitur</strong></span> <span class='ocrx_word' id='word_1_87' title='bbox 2001 1189 2094 1234; x_wconf 92' lang='lat' dir='ltr'><strong>aut</strong></span> <span class='ocrx_word' id='word_1_88' title='bbox 2125 1178 2248 1247; x_wconf 90' lang='lat' dir='ltr'><strong>Spi-</strong></span> 
     </span>
    </p>
   </div>
   <div class='ocr_carea' id='block_1_13' title="bbox 684 1277 2246 1352">
    <p class='ocr_par' dir='ltr' id='par_1_13' title="bbox 684 1277 2246 1352">
     <span class='ocr_line' id='line_1_14' title="bbox 684 1277 2246 1352; baseline -0.012 -11"><span class='ocrx_word' id='word_1_89' title='bbox 684 1287 844 1350; x_wconf 85' lang='lat' dir='ltr'><strong>ritus,</strong></span> <span class='ocrx_word' id='word_1_90' title='bbox 879 1287 981 1340; x_wconf 90' lang='lat' dir='ltr'><strong>hoc</strong></span> <span class='ocrx_word' id='word_1_91' title='bbox 1013 1298 1144 1338; x_wconf 84' lang='lat' dir='ltr'><strong>sane</strong></span> <span class='ocrx_word' id='word_1_92' title='bbox 1173 1295 1396 1352; x_wconf 88' lang='lat' dir='ltr'><strong>prorsus</strong></span> <span class='ocrx_word' id='word_1_93' title='bbox 1423 1289 1595 1334; x_wconf 81' lang='lat' dir='ltr'><strong>estex</strong></span> <span class='ocrx_word' id='word_1_94' title='bbox 1624 1277 1800 1338; x_wconf 86' lang='lat' dir='ltr'><strong>Patre,</strong></span> <span class='ocrx_word' id='word_1_95' title='bbox 1850 1289 1913 1327; x_wconf 91' lang='lat' dir='ltr'><strong>ac</strong></span> <span class='ocrx_word' id='word_1_96' title='bbox 1954 1287 2050 1341; x_wconf 92' lang='lat' dir='ltr'><strong>per</strong></span> <span class='ocrx_word' id='word_1_97' title='bbox 2079 1281 2246 1325; x_wconf 89' lang='lat' dir='ltr'><strong>totam</strong></span> 
     </span>
    </p>
   </div>
   <div class='ocr_carea' id='block_1_14' title="bbox 687 1363 2247 1444">
    <p class='ocr_par' dir='ltr' id='par_1_14' title="bbox 687 1363 2247 1444">
     <span class='ocr_line' id='line_1_15' title="bbox 687 1363 2247 1444; baseline -0.009 -15"><span class='ocrx_word' id='word_1_98' title='bbox 687 1375 863 1444; x_wconf 82' lang='lat' dir='ltr'><strong>pergit</strong></span> <span class='ocrx_word' id='word_1_99' title='bbox 901 1383 1145 1428; x_wconf 88' lang='lat' dir='ltr'><strong>sanctam</strong></span> <span class='ocrx_word' id='word_1_100' title='bbox 1180 1382 1235 1426; x_wconf 89' lang='lat' dir='ltr'><strong>et</strong></span> <span class='ocrx_word' id='word_1_101' title='bbox 1283 1367 1796 1425; x_wconf 86' lang='lat' dir='ltr'><strong>consubstantialem</strong></span> <span class='ocrx_word' id='word_1_102' title='bbox 1837 1364 2154 1418; x_wconf 88' lang='lat' dir='ltr'><strong>Trinitatem</strong></span> <span class='ocrx_word' id='word_1_103' title='bbox 2193 1363 2247 1415; x_wconf 92' lang='lat' dir='ltr'><strong>in</strong></span> 
     </span>
    </p>
   </div>
   <div class='ocr_carea' id='block_1_15' title="bbox 684 1455 2248 1534">
    <p class='ocr_par' dir='ltr' id='par_1_15' title="bbox 684 1455 2248 1534">
     <span class='ocr_line' id='line_1_16' title="bbox 684 1455 2248 1534; baseline -0.009 -14"><span class='ocrx_word' id='word_1_104' title='bbox 684 1479 1068 1534; x_wconf 82' lang='lat' dir='ltr'><strong>quamcunque</strong></span> <span class='ocrx_word' id='word_1_105' title='bbox 1105 1478 1218 1518; x_wconf 90' lang='lat' dir='ltr'><strong>rem</strong></span> <span class='ocrx_word' id='word_1_106' title='bbox 1249 1463 1472 1517; x_wconf 86' lang='lat' dir='ltr'><strong>tendens</strong></span> <span class='ocrx_word' id='word_1_107' title='bbox 1502 1459 1744 1529; x_wconf 86' lang='lat' dir='ltr'><strong>operatio</strong></span> <span class='ocrx_word' id='word_1_108' title='bbox 1775 1467 1939 1525; x_wconf 88' lang='lat' dir='ltr'><strong>atque</strong></span> <span class='ocrx_word' id='word_1_109' title='bbox 1980 1455 2248 1510; x_wconf 82' lang='lat' dir='ltr'><strong>voluntas.</strong></span> 
     </span>
    </p>
   </div>
   <div class='ocr_carea' id='block_1_16' title="bbox 687 1545 2253 1612">
    <p class='ocr_par' dir='ltr' id='par_1_16' title="bbox 687 1545 2253 1612">
     <span class='ocr_line' id='line_1_17' title="bbox 687 1545 2253 1612; baseline -0.008 -2"><span class='ocrx_word' id='word_1_110' title='bbox 687 1556 1072 1612; x_wconf 82' lang='lat' dir='ltr'><strong>Verumtamen</strong></span> <span class='ocrx_word' id='word_1_111' title='bbox 1101 1555 1156 1608; x_wconf 90' lang='lat' dir='ltr'><strong>in</strong></span> <span class='ocrx_word' id='word_1_112' title='bbox 1189 1553 1274 1607; x_wconf 87' lang='lat' dir='ltr'><strong>his</strong></span> <span class='ocrx_word' id='word_1_113' title='bbox 1309 1552 1436 1606; x_wconf 90' lang='lat' dir='ltr'><strong>illud</strong></span> <span class='ocrx_word' id='word_1_114' title='bbox 1470 1551 1758 1606; x_wconf 90' lang='lat' dir='ltr'><strong>dicendum</strong></span> <span class='ocrx_word' id='word_1_115' title='bbox 1805 1556 1907 1602; x_wconf 90' lang='lat' dir='ltr'><strong>est.</strong></span> <span class='ocrx_word' id='word_1_116' title='bbox 1954 1545 2088 1600; x_wconf 90' lang='lat' dir='ltr'><strong>Vide</strong></span> <span class='ocrx_word' id='word_1_117' title='bbox 2134 1560 2253 1598; x_wconf 78' lang='lat' dir='ltr'><strong>rur-</strong></span> 
     </span>
    </p>
   </div>
   <div class='ocr_carea' id='block_1_17' title="bbox 684 1635 2253 1714">
    <p class='ocr_par' dir='ltr' id='par_1_17' title="bbox 684 1635 2253 1714">
     <span class='ocr_line' id='line_1_18' title="bbox 684 1635 2253 1714; baseline -0.008 -14"><span class='ocrx_word' id='word_1_118' title='bbox 684 1662 803 1700; x_wconf 90' lang='lat' dir='ltr'><strong>sum</strong></span> <span class='ocrx_word' id='word_1_119' title='bbox 840 1655 899 1700; x_wconf 90' lang='lat' dir='ltr'><strong>ut</strong></span> <span class='ocrx_word' id='word_1_120' title='bbox 931 1655 1115 1714; x_wconf 89' lang='lat' dir='ltr'><strong>aperte</strong></span> <span class='ocrx_word' id='word_1_121' title='bbox 1163 1651 1218 1698; x_wconf 89' lang='lat' dir='ltr'><strong>et</strong></span> <span class='ocrx_word' id='word_1_122' title='bbox 1248 1643 1549 1705; x_wconf 87' lang='lat' dir='ltr'><strong>evidenter,</strong></span> <span class='ocrx_word' id='word_1_123' title='bbox 1585 1639 1832 1707; x_wconf 89' lang='lat' dir='ltr'><strong>quamvis</strong></span> <span class='ocrx_word' id='word_1_124' title='bbox 1879 1636 2008 1691; x_wconf 89' lang='lat' dir='ltr'><strong>illud</strong></span> <span class='ocrx_word' id='word_1_125' title='bbox 2032 1651 2098 1690; x_wconf 83' lang='lat' dir='ltr'><strong>cx</strong></span> <span class='ocrx_word' id='word_1_126' title='bbox 2146 1635 2253 1688; x_wconf 88' lang='lat' dir='ltr'><strong>Deo</strong></span> 
     </span>
    </p>
   </div>
   <div class='ocr_carea' id='block_1_18' title="bbox 686 1731 2252 1793">
    <p class='ocr_par' dir='ltr' id='par_1_18' title="bbox 686 1731 2252 1793">
     <span class='ocr_line' id='line_1_19' title="bbox 686 1731 2252 1793; baseline -0.008 -3"><span class='ocrx_word' id='word_1_127' title='bbox 686 1737 844 1790; x_wconf 87' lang='lat' dir='ltr'><strong>Patre</strong></span> <span class='ocrx_word' id='word_1_128' title='bbox 875 1737 1108 1790; x_wconf 86' lang='lat' dir='ltr'><strong>Verbum</strong></span> <span class='ocrx_word' id='word_1_129' title='bbox 1163 1735 1364 1789; x_wconf 84' lang='lat' dir='ltr'><strong>factum</strong></span> <span class='ocrx_word' id='word_1_130' title='bbox 1417 1747 1540 1788; x_wconf 90' lang='lat' dir='ltr'><strong>esse</strong></span> <span class='ocrx_word' id='word_1_131' title='bbox 1584 1744 1801 1786; x_wconf 88' lang='lat' dir='ltr'><strong>carnem</strong></span> <span class='ocrx_word' id='word_1_132' title='bbox 1847 1731 2026 1793; x_wconf 86' lang='lat' dir='ltr'><strong>dicat,</strong></span> <span class='ocrx_word' id='word_1_133' title='bbox 2076 1738 2252 1781; x_wconf 88' lang='lat' dir='ltr'><strong>tamen</strong></span> 
     </span>
    </p>
   </div>
   <div class='ocr_carea' id='block_1_19' title="bbox 688 1818 2256 1895">
    <p class='ocr_par' dir='ltr' id='par_1_19' title="bbox 688 1818 2256 1895">
     <span class='ocr_line' id='line_1_20' title="bbox 688 1818 2256 1895; baseline -0.005 -15"><span class='ocrx_word' id='word_1_134' title='bbox 688 1834 998 1895; x_wconf 85' lang='lat' dir='ltr'><strong>corrumpat</strong></span> <span class='ocrx_word' id='word_1_135' title='bbox 1046 1825 1152 1878; x_wconf 91' lang='lat' dir='ltr'><strong>vim</strong></span> <span class='ocrx_word' id='word_1_136' title='bbox 1207 1823 1600 1880; x_wconf 85' lang='lat' dir='ltr'><strong>sententiarum</strong></span> <span class='ocrx_word' id='word_1_137' title='bbox 1657 1830 1712 1875; x_wconf 90' lang='lat' dir='ltr'><strong>et</strong></span> <span class='ocrx_word' id='word_1_138' title='bbox 1763 1835 1793 1874; x_wconf 89' lang='lat' dir='ltr'><strong>a</strong></span> <span class='ocrx_word' id='word_1_139' title='bbox 1842 1829 1992 1874; x_wconf 90' lang='lat' dir='ltr'><strong>recto</strong></span> <span class='ocrx_word' id='word_1_140' title='bbox 2040 1818 2256 1872; x_wconf 85' lang='lat' dir='ltr'><strong>tramite</strong></span> 
     </span>
    </p>
   </div>
   <div class='ocr_carea' id='block_1_20' title="bbox 2341 597 3923 694">
    <p class='ocr_par' dir='ltr' id='par_1_20' title="bbox 2341 597 3923 694">
     <span class='ocr_line' id='line_1_21' title="bbox 2341 597 3923 694; baseline -0.026 -8"><span class='ocrx_word' id='word_1_141' title='bbox 2341 597 2443 687; x_wconf 61' lang='lat' dir='ltr'><strong>xciv</strong></span> <span class='ocrx_word' id='word_1_142' title='bbox 2477 597 2674 694; x_wconf 67' lang='grc' dir='ltr'>τούτω,</span> <span class='ocrx_word' id='word_1_143' title='bbox 2715 620 2810 674; x_wconf 72' lang='grc' dir='ltr'>καὶ</span> <span class='ocrx_word' id='word_1_144' title='bbox 2838 619 3008 680; x_wconf 85' lang='grc' dir='ltr'>ὅπως,</span> <span class='ocrx_word' id='word_1_145' title='bbox 3044 610 3173 682; x_wconf 83' lang='grc' dir='ltr'><strong>ἐρῶ.</strong></span> <span class='ocrx_word' id='word_1_146' title='bbox 3209 607 3325 661; x_wconf 80' lang='grc' dir='ltr'><strong>Μία</strong></span> <span class='ocrx_word' id='word_1_147' title='bbox 3358 603 3469 694; x_wconf 82' lang='grc' dir='ltr'><strong>μὲν</strong></span> <span class='ocrx_word' id='word_1_148' title='bbox 3510 601 3621 694; x_wconf 62' lang='grc' dir='ltr'><strong>γαρ</strong></span> <span class='ocrx_word' id='word_1_149' title='bbox 3667 597 3923 694; x_wconf 72' lang='grc' dir='ltr'>θεότητος</span> 
     </span>
    </p>
   </div>
   <div class='ocr_carea' id='block_1_21' title="bbox 2342 683 3926 790">
    <p class='ocr_par' dir='ltr' id='par_1_21' title="bbox 2342 683 3926 790">
     <span class='ocr_line' id='line_1_22' title="bbox 2342 683 3926 790; baseline -0.027 -15"><span class='ocrx_word' id='word_1_150' title='bbox 2342 683 2524 790; x_wconf 68' lang='grc' dir='ltr'>ιρύσις,</span> <span class='ocrx_word' id='word_1_151' title='bbox 2556 683 2829 782; x_wconf 61' lang='grc' dir='ltr'>ὑφέστηκε</span> <span class='ocrx_word' id='word_1_152' title='bbox 2861 706 2916 759; x_wconf 87' lang='grc' dir='ltr'><strong>δέ</strong></span> <span class='ocrx_word' id='word_1_153' title='bbox 2955 699 3137 762; x_wconf 84' lang='grc' dir='ltr'>ίδικῶς</span> <span class='ocrx_word' id='word_1_154' title='bbox 3172 698 3203 748; x_wconf 99' lang='lat'><strong>6</strong></span> <span class='ocrx_word' id='word_1_155' title='bbox 3223 693 3446 790; x_wconf 59' lang='grc' dir='ltr'>ρατὴρ,</span> <span class='ocrx_word' id='word_1_156' title='bbox 3473 689 3569 790; x_wconf 75' lang='grc' dir='ltr'><strong>καὶ</strong></span> <span class='ocrx_word' id='word_1_157' title='bbox 3618 687 3803 790; x_wconf 55' lang='grc' dir='ltr'>μέντοι</span> <span class='ocrx_word' id='word_1_158' title='bbox 3833 683 3926 790; x_wconf 58' lang='grc' dir='ltr'>καὶ</span> 
     </span>
    </p>
   </div>
   <div class='ocr_carea' id='block_1_22' title="bbox 2342 772 3925 874">
    <p class='ocr_par' dir='ltr' id='par_1_22' title="bbox 2342 772 3925 874">
     <span class='ocr_line' id='line_1_23' title="bbox 2342 772 3925 874; baseline -0.027 -9"><span class='ocrx_word' id='word_1_159' title='bbox 2342 772 2370 866; x_wconf 73' lang='lat'><strong>6</strong></span> <span class='ocrx_word' id='word_1_160' title='bbox 2397 772 2544 870; x_wconf 65' lang='grc' dir='ltr'>Υἱός,</span> <span class='ocrx_word' id='word_1_161' title='bbox 2585 772 2784 874; x_wconf 65' lang='grc' dir='ltr'>δμοίως</span> <span class='ocrx_word' id='word_1_162' title='bbox 2813 799 2868 851; x_wconf 77' lang='grc' dir='ltr'>δὲ</span> <span class='ocrx_word' id='word_1_163' title='bbox 2898 794 2992 848; x_wconf 73' lang='grc' dir='ltr'>καὶ</span> <span class='ocrx_word' id='word_1_164' title='bbox 3018 791 3081 844; x_wconf 79' lang='grc' dir='ltr'><strong>τὸ</strong></span> <span class='ocrx_word' id='word_1_165' title='bbox 3110 786 3352 856; x_wconf 79' lang='grc' dir='ltr'><strong>Πνεῦμα.</strong></span> <span class='ocrx_word' id='word_1_166' title='bbox 3388 776 3696 874; x_wconf 69' lang='grc' dir='ltr'>Πράττεταί</span> <span class='ocrx_word' id='word_1_167' title='bbox 3723 791 3788 874; x_wconf 83' lang='grc' dir='ltr'><strong>γε</strong></span> <span class='ocrx_word' id='word_1_168' title='bbox 3818 772 3925 842; x_wconf 72' lang='grc' dir='ltr'><strong>μὴν</strong></span> 
     </span>
    </p>
   </div>
   <div class='ocr_carea' id='block_1_23' title="bbox 2343 867 3925 963">
    <p class='ocr_par' dir='ltr' id='par_1_23' title="bbox 2343 867 3925 963">
     <span class='ocr_line' id='line_1_24' title="bbox 2343 867 3925 963; baseline -0.028 -5"><span class='ocrx_word' id='word_1_169' title='bbox 2343 904 2414 958; x_wconf 82' lang='grc' dir='ltr'>τὰ</span> <span class='ocrx_word' id='word_1_170' title='bbox 2446 867 2632 953; x_wconf 41' lang='grc' dir='ltr'>πάντα.</span> <span class='ocrx_word' id='word_1_171' title='bbox 2655 889 2808 963; x_wconf 80' lang='grc' dir='ltr'><strong>παρὰ</strong></span> <span class='ocrx_word' id='word_1_172' title='bbox 2853 883 3088 955; x_wconf 76' lang='grc' dir='ltr'>Πατρός,</span> <span class='ocrx_word' id='word_1_173' title='bbox 3116 879 3212 934; x_wconf 72' lang='grc' dir='ltr'><strong>καὶ</strong></span> <span class='ocrx_word' id='word_1_174' title='bbox 3244 878 3311 930; x_wconf 82' lang='grc' dir='ltr'>δι’</span> <span class='ocrx_word' id='word_1_175' title='bbox 3344 872 3476 928; x_wconf 84' lang='grc' dir='ltr'>Υίοῦ</span> <span class='ocrx_word' id='word_1_176' title='bbox 3523 867 3925 963; x_wconf 34' lang='grc' dir='ltr'>ἐν-Πνεύματι·</span> 
     </span>
    </p>
   </div>
   <div class='ocr_carea' id='block_1_24' title="bbox 2346 953 3929 1049">
    <p class='ocr_par' dir='ltr' id='par_1_24' title="bbox 2346 953 3929 1049">
     <span class='ocr_line' id='line_1_25' title="bbox 2346 953 3929 1049; baseline -0.027 -2"><span class='ocrx_word' id='word_1_177' title='bbox 2346 953 2441 1047; x_wconf 73' lang='grc' dir='ltr'>καὶ</span> <span class='ocrx_word' id='word_1_178' title='bbox 2474 984 2586 1042; x_wconf 76' lang='grc' dir='ltr'>οἷον</span> <span class='ocrx_word' id='word_1_179' title='bbox 2635 953 3000 1049; x_wconf 64' lang='grc' dir='ltr'>κεκίνημένου</span> <span class='ocrx_word' id='word_1_180' title='bbox 3032 971 3127 1026; x_wconf 90' lang='grc' dir='ltr'><strong>τοῦ</strong></span> <span class='ocrx_word' id='word_1_181' title='bbox 3163 965 3378 1036; x_wconf 70' lang='grc' dir='ltr'>Πατρός</span> <span class='ocrx_word' id='word_1_182' title='bbox 3406 965 3486 1026; x_wconf 84' lang='grc' dir='ltr'>εἰς</span> <span class='ocrx_word' id='word_1_183' title='bbox 3522 960 3805 1029; x_wconf 73' lang='grc' dir='ltr'><strong>ἐνέργειαν</strong></span> <span class='ocrx_word' id='word_1_184' title='bbox 3829 953 3929 1023; x_wconf 79' lang='grc' dir='ltr'><strong>τὴν</strong></span> 
     </span>
    </p>
   </div>
   <div class='ocr_carea' id='block_1_25' title="bbox 2348 1050 3928 1146">
    <p class='ocr_par' dir='ltr' id='par_1_25' title="bbox 2348 1050 3928 1146">
     <span class='ocr_line' id='line_1_26' title="bbox 2348 1050 3928 1146; baseline -0.027 -6"><span class='ocrx_word' id='word_1_185' title='bbox 2348 1085 2439 1140; x_wconf 88' lang='grc' dir='ltr'><strong>ἐπί</strong></span> <span class='ocrx_word' id='word_1_186' title='bbox 2478 1095 2642 1146; x_wconf 86' lang='grc' dir='ltr'>τισιν,</span> <span class='ocrx_word' id='word_1_187' title='bbox 2686 1073 2901 1144; x_wconf 90' lang='grc' dir='ltr'>ἐνεργεῖ</span> <span class='ocrx_word' id='word_1_188' title='bbox 2934 1069 2990 1122; x_wconf 79' lang='grc' dir='ltr'>δὲ</span> <span class='ocrx_word' id='word_1_189' title='bbox 3031 1066 3247 1127; x_wconf 83' lang='grc' dir='ltr'>πάντως</span> <span class='ocrx_word' id='word_1_190' title='bbox 3288 1061 3316 1113; x_wconf 92' lang='lat'><strong>6</strong></span> <span class='ocrx_word' id='word_1_191' title='bbox 3348 1057 3473 1119; x_wconf 78' lang='grc' dir='ltr'>Υἱὸς</span> <span class='ocrx_word' id='word_1_192' title='bbox 3513 1056 3570 1108; x_wconf 93' lang='grc' dir='ltr'><strong>ἐν</strong></span> <span class='ocrx_word' id='word_1_193' title='bbox 3600 1050 3928 1146; x_wconf 61' lang='grc' dir='ltr'>ῌνεύματιο</span> 
     </span>
    </p>
   </div>
   <div class='ocr_carea' id='block_1_26' title="bbox 2347 1140 3930 1234">
    <p class='ocr_par' dir='ltr' id='par_1_26' title="bbox 2347 1140 3930 1234">
     <span class='ocr_line' id='line_1_27' title="bbox 2347 1140 3930 1234; baseline -0.027 -1"><span class='ocrx_word' id='word_1_194' title='bbox 2347 1179 2452 1233; x_wconf 72' lang='grc' dir='ltr'><strong>κᾶν</strong></span> <span class='ocrx_word' id='word_1_195' title='bbox 2499 1173 2551 1226; x_wconf 87' lang='grc' dir='ltr'><strong>εῐ</strong></span> <span class='ocrx_word' id='word_1_196' title='bbox 2597 1140 2653 1223; x_wconf 77' lang='grc' dir='ltr'><strong>τί</strong></span> <span class='ocrx_word' id='word_1_197' title='bbox 2697 1140 2910 1234; x_wconf 80' lang='grc' dir='ltr'>λέγοιτο</span> <span class='ocrx_word' id='word_1_198' title='bbox 2945 1155 3189 1231; x_wconf 81' lang='grc' dir='ltr'><strong>πληροῦν</strong></span> <span class='ocrx_word' id='word_1_199' title='bbox 3241 1154 3270 1205; x_wconf 92' lang='lat'><strong>6</strong></span> <span class='ocrx_word' id='word_1_200' title='bbox 3305 1149 3436 1211; x_wconf 77' lang='grc' dir='ltr'>Υἱὸς</span> <span class='ocrx_word' id='word_1_201' title='bbox 3481 1147 3517 1216; x_wconf 77' lang='grc' dir='ltr'><strong>ἦ</strong></span> <span class='ocrx_word' id='word_1_202' title='bbox 3563 1144 3626 1199; x_wconf 80' lang='grc' dir='ltr'><strong>τὸ</strong></span> <span class='ocrx_word' id='word_1_203' title='bbox 3681 1140 3930 1210; x_wconf 80' lang='grc' dir='ltr'><strong>Πνεῦμα,</strong></span> 
     </span>
    </p>
   </div>
   <div class='ocr_carea' id='block_1_27' title="bbox 2348 1241 3935 1337">
    <p class='ocr_par' dir='ltr' id='par_1_27' title="bbox 2348 1241 3935 1337">
     <span class='ocr_line' id='line_1_28' title="bbox 2348 1241 3935 1337; baseline -0.023 -12"><span class='ocrx_word' id='word_1_204' title='bbox 2348 1271 2506 1337; x_wconf 76' lang='grc' dir='ltr'>τοῦτο</span> <span class='ocrx_word' id='word_1_205' title='bbox 2551 1267 2617 1337; x_wconf 78' lang='grc' dir='ltr'>δὴ</span> <span class='ocrx_word' id='word_1_206' title='bbox 2647 1263 2865 1323; x_wconf 81' lang='grc' dir='ltr'>πάντως</span> <span class='ocrx_word' id='word_1_207' title='bbox 2910 1256 3059 1310; x_wconf 72' lang='grc' dir='ltr'>ἐστὶν</span> <span class='ocrx_word' id='word_1_208' title='bbox 3096 1255 3160 1306; x_wconf 86' lang='grc' dir='ltr'><strong>ἐκ</strong></span> <span class='ocrx_word' id='word_1_209' title='bbox 3201 1249 3435 1322; x_wconf 72' lang='grc' dir='ltr'>Πατρός,</span> <span class='ocrx_word' id='word_1_210' title='bbox 3474 1247 3566 1300; x_wconf 78' lang='grc' dir='ltr'><strong>καὶ</strong></span> <span class='ocrx_word' id='word_1_211' title='bbox 3612 1242 3701 1296; x_wconf 82' lang='grc' dir='ltr'><strong>διὰ</strong></span> <span class='ocrx_word' id='word_1_212' title='bbox 3748 1241 3935 1337; x_wconf 75' lang='grc' dir='ltr'>πάσης</span> 
     </span>
    </p>
   </div>
   <div class='ocr_carea' id='block_1_28' title="bbox 2351 1331 3933 1430">
    <p class='ocr_par' dir='ltr' id='par_1_28' title="bbox 2351 1331 3933 1430">
     <span class='ocr_line' id='line_1_29' title="bbox 2351 1331 3933 1430; baseline -0.023 -16"><span class='ocrx_word' id='word_1_213' title='bbox 2351 1332 2573 1430; x_wconf 61' lang='grc' dir='ltr'>ἔργεται</span> <span class='ocrx_word' id='word_1_214' title='bbox 2603 1331 2727 1425; x_wconf 47' lang='grc' dir='ltr'>’τῆς</span> <span class='ocrx_word' id='word_1_215' title='bbox 2781 1349 2946 1419; x_wconf 80' lang='grc' dir='ltr'>ἁγίας</span> <span class='ocrx_word' id='word_1_216' title='bbox 2992 1345 3089 1400; x_wconf 73' lang='grc' dir='ltr'>καὶ</span> <span class='ocrx_word' id='word_1_217' title='bbox 3139 1341 3428 1413; x_wconf 86' lang='grc' dir='ltr'>όμοουσίου</span> <span class='ocrx_word' id='word_1_218' title='bbox 3462 1334 3722 1430; x_wconf 79' lang='grc' dir='ltr'>Τριάδος,</span> <span class='ocrx_word' id='word_1_219' title='bbox 3768 1332 3803 1430; x_wconf 63' lang='grc' dir='ltr'><strong>η</strong></span> <span class='ocrx_word' id='word_1_220' title='bbox 3852 1331 3933 1390; x_wconf 78' lang='grc' dir='ltr'><strong>είς</strong></span> 
     </span>
    </p>
   </div>
   <div class='ocr_carea' id='block_1_29' title="bbox 2359 1422 3935 1512">
    <p class='ocr_par' dir='ltr' id='par_1_29' title="bbox 2359 1422 3935 1512">
     <span class='ocr_line' id='line_1_30' title="bbox 2359 1422 3935 1512; baseline -0.023 -6"><span class='ocrx_word' id='word_1_221' title='bbox 2511 1422 2692 1502; x_wconf 84' lang='grc' dir='ltr'>ὁτιοῦν</span> <span class='ocrx_word' id='word_1_222' title='bbox 2719 1439 2970 1512; x_wconf 83' lang='grc' dir='ltr'>ἐνέργειά</span> <span class='ocrx_word' id='word_1_223' title='bbox 3021 1453 3082 1489; x_wconf 89' lang='grc' dir='ltr'><strong>τε</strong></span> <span class='ocrx_word' id='word_1_224' title='bbox 3128 1434 3224 1488; x_wconf 75' lang='grc' dir='ltr'><strong>καὶ</strong></span> <span class='ocrx_word' id='word_1_225' title='bbox 3271 1431 3544 1502; x_wconf 83' lang='grc' dir='ltr'>βούλησις.</span> <span class='ocrx_word' id='word_1_226' title='bbox 3580 1425 3725 1495; x_wconf 82' lang='grc' dir='ltr'>Πλὴν</span> <span class='ocrx_word' id='word_1_227' title='bbox 3773 1422 3831 1473; x_wconf 78' lang='grc' dir='ltr'><strong>ἐν</strong></span> <span class='ocrx_word' id='word_1_228' title='bbox 3871 1436 3935 1512; x_wconf 74' lang='grc' dir='ltr'><strong>γε</strong></span> 
     </span>
    </p>
   </div>
   <div class='ocr_carea' id='block_1_30' title="bbox 2352 1511 3936 1601">
    <p class='ocr_par' dir='ltr' id='par_1_30' title="bbox 2352 1511 3936 1601">
     <span class='ocr_line' id='line_1_31' title="bbox 2352 1511 3936 1601; baseline -0.021 -6"><span class='ocrx_word' id='word_1_229' title='bbox 2352 1541 2562 1601; x_wconf 81' lang='grc' dir='ltr'><strong>τούτοις</strong></span> <span class='ocrx_word' id='word_1_230' title='bbox 2601 1533 2777 1589; x_wconf 82' lang='grc' dir='ltr'>ἐκεῖνό</span> <span class='ocrx_word' id='word_1_231' title='bbox 2816 1511 3020 1600; x_wconf 15' lang='grc' dir='ltr'>Ϋφαμεν.</span> <span class='ocrx_word' id='word_1_232' title='bbox 3060 1525 3250 1595; x_wconf 75' lang='grc' dir='ltr'><strong>⁸’Λθρει</strong></span> <span class='ocrx_word' id='word_1_233' title='bbox 3290 1523 3354 1592; x_wconf 81' lang='grc' dir='ltr'>δὴ</span> <span class='ocrx_word' id='word_1_234' title='bbox 3384 1519 3544 1574; x_wconf 79' lang='grc' dir='ltr'>πάλιν</span> <span class='ocrx_word' id='word_1_235' title='bbox 3567 1555 3582 1581; x_wconf 97' lang='grc'><strong>,</strong></span> <span class='ocrx_word' id='word_1_236' title='bbox 3628 1515 3702 1577; x_wconf 85' lang='grc' dir='ltr'>ὼς</span> <span class='ocrx_word' id='word_1_237' title='bbox 3745 1511 3936 1601; x_wconf 72' lang='grc' dir='ltr'>σαφῶς</span> 
     </span>
    </p>
   </div>
   <div class='ocr_carea' id='block_1_31' title="bbox 2353 1600 3938 1696">
    <p class='ocr_par' dir='ltr' id='par_1_31' title="bbox 2353 1600 3938 1696">
     <span class='ocr_line' id='line_1_32' title="bbox 2353 1600 3938 1696; baseline -0.021 -11"><span class='ocrx_word' id='word_1_238' title='bbox 2353 1650 2412 1685; x_wconf 87' lang='grc' dir='ltr'><strong>τε</strong></span> <span class='ocrx_word' id='word_1_239' title='bbox 2458 1600 2553 1683; x_wconf 65' lang='grc' dir='ltr'><strong>καί</strong></span> <span class='ocrx_word' id='word_1_240' title='bbox 2593 1623 2874 1696; x_wconf 81' lang='grc' dir='ltr'>ἐναργῶς,</span> <span class='ocrx_word' id='word_1_241' title='bbox 2913 1620 3091 1673; x_wconf 88' lang='grc' dir='ltr'>καίτοι</span> <span class='ocrx_word' id='word_1_242' title='bbox 3127 1615 3307 1685; x_wconf 78' lang='grc' dir='ltr'>σάρκα</span> <span class='ocrx_word' id='word_1_243' title='bbox 3348 1611 3523 1678; x_wconf 87' lang='grc' dir='ltr'>λέγων</span> <span class='ocrx_word' id='word_1_244' title='bbox 3567 1607 3656 1661; x_wconf 83' lang='grc' dir='ltr'><strong>τὸν</strong></span> <span class='ocrx_word' id='word_1_245' title='bbox 3701 1607 3767 1656; x_wconf 88' lang='grc' dir='ltr'><strong>ἐκ</strong></span> <span class='ocrx_word' id='word_1_246' title='bbox 3797 1600 3938 1696; x_wconf 80' lang='grc' dir='ltr'>Θεοῦ</span> 
     </span>
    </p>
   </div>
   <div class='ocr_carea' id='block_1_32' title="bbox 2356 1692 3940 1788">
    <p class='ocr_par' dir='ltr' id='par_1_32' title="bbox 2356 1692 3940 1788">
     <span class='ocr_line' id='line_1_33' title="bbox 2356 1692 3940 1788; baseline -0.02 -15"><span class='ocrx_word' id='word_1_247' title='bbox 2356 1692 2923 1788; x_wconf 34' lang='grc' dir='ltr'>γεγενῆσθαι-Λόγον,</span> <span class='ocrx_word' id='word_1_248' title='bbox 2955 1709 3055 1777; x_wconf 77' lang='grc' dir='ltr'><strong>τὴν</strong></span> <span class='ocrx_word' id='word_1_249' title='bbox 3091 1705 3200 1758; x_wconf 85' lang='grc' dir='ltr'>τῶν</span> <span class='ocrx_word' id='word_1_250' title='bbox 3253 1701 3471 1757; x_wconf 83' lang='grc' dir='ltr'>ἐννοιῶν</span> <span class='ocrx_word' id='word_1_251' title='bbox 3524 1692 3940 1768; x_wconf 78' lang='grc' dir='ltr'>παρασημαίνει</span> 
     </span>
    </p>
   </div>
   <div class='ocr_carea' id='block_1_33' title="bbox 2357 1784 3940 1881">
    <p class='ocr_par' dir='ltr' id='par_1_33' title="bbox 2357 1784 3940 1881">
     <span class='ocr_line' id='line_1_34' title="bbox 2357 1784 3940 1881; baseline -0.021 -15"><span class='ocrx_word' id='word_1_252' title='bbox 2357 1784 2606 1881; x_wconf 67' lang='grc' dir='ltr'>δύναμίν,</span> <span class='ocrx_word' id='word_1_253' title='bbox 2634 1805 2848 1872; x_wconf 73' lang='grc' dir='ltr'>καὶτῆς</span> <span class='ocrx_word' id='word_1_254' title='bbox 2870 1800 3160 1872; x_wconf 84' lang='grc' dir='ltr'>ὀρθότητος</span> <span class='ocrx_word' id='word_1_255' title='bbox 3188 1793 3456 1862; x_wconf 75' lang='grc' dir='ltr'><strong>ἀποφέρει</strong></span> <span class='ocrx_word' id='word_1_256' title='bbox 3488 1788 3722 1881; x_wconf 42' lang='grc' dir='ltr'>μακράνῖ</span> <span class='ocrx_word' id='word_1_257' title='bbox 3758 1784 3940 1881; x_wconf 37' lang='lat' dir='ltr'><strong>(naev-</strong></span> 
     </span>
    </p>
   </div>
   <div class='ocr_carea' id='block_1_34' title="bbox 686 1874 2268 1986">
    <p class='ocr_par' dir='ltr' id='par_1_34' title="bbox 686 1874 2253 1986">
     <span class='ocr_line' id='line_1_35' title="bbox 695 1874 1676 1895; baseline -0.005 -17"><span class='ocrx_word' id='word_1_258' title='bbox 695 1874 997 1895; x_wconf 51' lang='grc' dir='ltr'><strong>--η----τη</strong></span> <span class='ocrx_word' id='word_1_259' title='bbox 1207 1874 1439 1880; x_wconf 58' lang='lat'><strong>_-___,,,_-</strong></span> <span class='ocrx_word' id='word_1_260' title='bbox 1482 1874 1525 1876; x_wconf 39' lang='grc' dir='ltr'><strong>π</strong></span> <span class='ocrx_word' id='word_1_261' title='bbox 1673 1874 1676 1875; x_wconf 28' lang='grc' dir='ltr'><strong>ν</strong></span> 
     </span>
     <span class='ocr_line' id='line_1_36' title="bbox 686 1910 2253 1986; baseline -0.004 -15"><span class='ocrx_word' id='word_1_262' title='bbox 686 1917 899 1986; x_wconf 82' lang='lat' dir='ltr'><strong>longius</strong></span> <span class='ocrx_word' id='word_1_263' title='bbox 950 1917 1220 1978; x_wconf 86' lang='lat' dir='ltr'><strong>abducat,</strong></span> <span class='ocrx_word' id='word_1_264' title='bbox 1267 1913 1392 1967; x_wconf 91' lang='lat' dir='ltr'><strong>dum</strong></span> <span class='ocrx_word' id='word_1_265' title='bbox 1440 1913 1610 1981; x_wconf 87' lang='lat' dir='ltr'><strong>ipsam</strong></span> <span class='ocrx_word' id='word_1_266' title='bbox 1653 1910 2084 1964; x_wconf 83' lang='lat' dir='ltr'><strong>incarnationem</strong></span> <span class='ocrx_word' id='word_1_267' title='bbox 2133 1924 2253 1964; x_wconf 89' lang='lat' dir='ltr'><strong>esse</strong></span> 
     </span>
    </p>
   </div>
   <div class='ocr_carea' id='block_1_35' title="bbox 2370 1874 3942 1986">
    <p class='ocr_par' dir='ltr' id='par_1_35' title="bbox 2370 1874 3942 1986">
     <span class='ocr_line' id='line_1_37' title="bbox 2370 1874 3942 1986; baseline -0.022 -27"><span class='ocrx_word' id='word_1_268' title='bbox 2370 1874 2575 1977; x_wconf 67' lang='grc' dir='ltr'>Ξργείαν</span> <span class='ocrx_word' id='word_1_269' title='bbox 2587 1898 2753 1955; x_wconf 79' lang='grc' dir='ltr'>αὑτοῦ</span> <span class='ocrx_word' id='word_1_270' title='bbox 2770 1896 2867 1966; x_wconf 83' lang='grc' dir='ltr'>τὴν</span> <span class='ocrx_word' id='word_1_271' title='bbox 2887 1894 3161 1963; x_wconf 85' lang='grc' dir='ltr'>σάρκωοιν</span> <span class='ocrx_word' id='word_1_272' title='bbox 3178 1885 3514 1954; x_wconf 79' lang='grc' dir='ltr'><strong>ἀποφαίνων.</strong></span> <span class='ocrx_word' id='word_1_273' title='bbox 3533 1877 3814 1986; x_wconf 45' lang='grc' dir='ltr'>Ἐπιφῗει</span> <span class='ocrx_word' id='word_1_274' title='bbox 3824 1874 3942 1986; x_wconf 49' lang='grc' dir='ltr'>ἷὲιρ</span> 
     </span>
    </p>
   </div>
   <div class='ocr_carea' id='block_1_36' title="bbox 687 1998 2253 2076">
    <p class='ocr_par' dir='ltr' id='par_1_36' title="bbox 687 1998 2253 2076">
     <span class='ocr_line' id='line_1_38' title="bbox 687 1998 2253 2076; baseline -0.005 -17"><span class='ocrx_word' id='word_1_275' title='bbox 687 2016 941 2076; x_wconf 88' lang='lat' dir='ltr'><strong>tanquam</strong></span> <span class='ocrx_word' id='word_1_276' title='bbox 969 2006 1085 2075; x_wconf 86' lang='lat' dir='ltr'><strong>ejus</strong></span> <span class='ocrx_word' id='word_1_277' title='bbox 1119 2003 1461 2060; x_wconf 79' lang='lat' dir='ltr'><strong>ellicientiam</strong></span> <span class='ocrx_word' id='word_1_278' title='bbox 1489 1999 1830 2071; x_wconf 89' lang='lat' dir='ltr'><strong>pronuntiat;</strong></span> <span class='ocrx_word' id='word_1_279' title='bbox 1864 1998 2084 2067; x_wconf 73' lang='lat' dir='ltr'><strong>subiicit</strong></span> <span class='ocrx_word' id='word_1_280' title='bbox 2109 1999 2253 2053; x_wconf 91' lang='lat' dir='ltr'><strong>enim</strong></span> 
     </span>
    </p>
   </div>
   <div class='ocr_carea' id='block_1_37' title="bbox 687 2090 2258 2160">
    <p class='ocr_par' dir='ltr' id='par_1_37' title="bbox 687 2090 2258 2160">
     <span class='ocr_line' id='line_1_39' title="bbox 687 2090 2258 2160; baseline -0.006 -6"><span class='ocrx_word' id='word_1_281' title='bbox 687 2098 831 2154; x_wconf 86' lang='lat' dir='ltr'><strong>illico</strong></span> <span class='ocrx_word' id='word_1_282' title='bbox 863 2116 876 2151; x_wconf 88' lang='lat'><strong>:</strong></span> <span class='ocrx_word' id='word_1_283' title='bbox 917 2116 933 2148; x_wconf 79' lang='grc' dir='ltr'><strong>ι</strong></span> <span class='ocrx_word' id='word_1_284' title='bbox 967 2095 1128 2150; x_wconf 87' lang='lat' dir='ltr'><strong>Visne</strong></span> <span class='ocrx_word' id='word_1_285' title='bbox 1157 2095 1320 2149; x_wconf 89' lang='lat' dir='ltr'><strong>etiam</strong></span> <span class='ocrx_word' id='word_1_286' title='bbox 1352 2093 1514 2146; x_wconf 87' lang='lat' dir='ltr'><strong>aliam</strong></span> <span class='ocrx_word' id='word_1_287' title='bbox 1539 2093 1606 2145; x_wconf 89' lang='lat' dir='ltr'><strong>ad</strong></span> <span class='ocrx_word' id='word_1_288' title='bbox 1647 2093 1762 2146; x_wconf 63' lang='lat' dir='ltr'><strong>haec</strong></span> <span class='ocrx_word' id='word_1_289' title='bbox 1791 2091 1962 2160; x_wconf 83' lang='lat' dir='ltr'><strong>ipsius</strong></span> <span class='ocrx_word' id='word_1_290' title='bbox 1978 2090 2258 2144; x_wconf 85' lang='lat' dir='ltr'><strong>Trinitatis</strong></span> 
     </span>
    </p>
   </div>
   <div class='ocr_carea' id='block_1_38' title="bbox 687 2178 2259 2254">
    <p class='ocr_par' dir='ltr' id='par_1_38' title="bbox 687 2178 2259 2254">
     <span class='ocr_line' id='line_1_40' title="bbox 687 2178 2259 2254; baseline -0.006 -11"><span class='ocrx_word' id='word_1_291' title='bbox 687 2185 1243 2254; x_wconf 67' lang='lat' dir='ltr'><strong>elliclentiam?»quasi</strong></span> <span class='ocrx_word' id='word_1_292' title='bbox 1255 2184 1362 2254; x_wconf 85' lang='lat' dir='ltr'><strong>jam</strong></span> <span class='ocrx_word' id='word_1_293' title='bbox 1379 2183 1615 2252; x_wconf 88' lang='lat' dir='ltr'><strong>priorem</strong></span> <span class='ocrx_word' id='word_1_294' title='bbox 1630 2178 1890 2236; x_wconf 84' lang='lat' dir='ltr'><strong>DeiVerbi</strong></span> <span class='ocrx_word' id='word_1_295' title='bbox 1903 2180 2065 2236; x_wconf 81' lang='lat' dir='ltr'><strong>fuisse</strong></span> <span class='ocrx_word' id='word_1_296' title='bbox 2079 2191 2259 2236; x_wconf 88' lang='lat' dir='ltr'><strong>osten-</strong></span> 
     </span>
    </p>
   </div>
   <div class='ocr_carea' id='block_1_39' title="bbox 688 2271 2256 2344">
    <p class='ocr_par' dir='ltr' id='par_1_39' title="bbox 688 2271 2256 2344">
     <span class='ocr_line' id='line_1_41' title="bbox 688 2271 2256 2344; baseline -0.005 -12"><span class='ocrx_word' id='word_1_297' title='bbox 688 2281 828 2334; x_wconf 91' lang='lat' dir='ltr'><strong>derit</strong></span> <span class='ocrx_word' id='word_1_298' title='bbox 862 2277 1236 2339; x_wconf 85' lang='lat' dir='ltr'><strong>elIicientiam,</strong></span> <span class='ocrx_word' id='word_1_299' title='bbox 1263 2275 1314 2328; x_wconf 88' lang='lat' dir='ltr'><strong>id</strong></span> <span class='ocrx_word' id='word_1_300' title='bbox 1344 2275 1519 2344; x_wconf 91' lang='lat' dir='ltr'><strong>ipsum</strong></span> <span class='ocrx_word' id='word_1_301' title='bbox 1564 2273 1706 2343; x_wconf 88' lang='lat' dir='ltr'><strong>quod</strong></span> <span class='ocrx_word' id='word_1_302' title='bbox 1761 2287 1892 2327; x_wconf 89' lang='lat' dir='ltr'><strong>caro</strong></span> <span class='ocrx_word' id='word_1_303' title='bbox 1924 2271 2126 2326; x_wconf 80' lang='lat' dir='ltr'><strong>factum</strong></span> <span class='ocrx_word' id='word_1_304' title='bbox 2153 2281 2256 2338; x_wconf 89' lang='lat' dir='ltr'><strong>est,</strong></span> 
     </span>
    </p>
   </div>
   <div class='ocr_carea' id='block_1_40' title="bbox 690 2365 2262 2436">
    <p class='ocr_par' dir='ltr' id='par_1_40' title="bbox 690 2365 2262 2436">
     <span class='ocr_line' id='line_1_42' title="bbox 690 2365 2262 2436; baseline -0.006 -9"><span class='ocrx_word' id='word_1_305' title='bbox 690 2371 985 2426; x_wconf 85' lang='lat' dir='ltr'><strong>secundum</strong></span> <span class='ocrx_word' id='word_1_306' title='bbox 1006 2368 1316 2436; x_wconf 87' lang='lat' dir='ltr'><strong>Scripturas</strong></span> <span class='ocrx_word' id='word_1_307' title='bbox 1337 2380 1351 2418; x_wconf 89' lang='lat'><strong>:</strong></span> <span class='ocrx_word' id='word_1_308' title='bbox 1373 2375 1427 2420; x_wconf 92' lang='lat' dir='ltr'><strong>et</strong></span> <span class='ocrx_word' id='word_1_309' title='bbox 1450 2379 1700 2435; x_wconf 66' lang='lat' dir='ltr'><strong>quaenam</strong></span> <span class='ocrx_word' id='word_1_310' title='bbox 1726 2366 1796 2418; x_wconf 90' lang='lat' dir='ltr'><strong>sit</strong></span> <span class='ocrx_word' id='word_1_311' title='bbox 1829 2365 1914 2417; x_wconf 94' lang='lat' dir='ltr'><strong>illa</strong></span> <span class='ocrx_word' id='word_1_312' title='bbox 1938 2365 2107 2417; x_wconf 88' lang='lat' dir='ltr'><strong>altera</strong></span> <span class='ocrx_word' id='word_1_313' title='bbox 2142 2373 2262 2432; x_wconf 90' lang='lat' dir='ltr'><strong>post</strong></span> 
     </span>
    </p>
   </div>
   <div class='ocr_carea' id='block_1_41' title="bbox 694 2457 2258 2529">
    <p class='ocr_par' dir='ltr' id='par_1_41' title="bbox 694 2457 2258 2529">
     <span class='ocr_line' id='line_1_43' title="bbox 694 2457 2258 2529; baseline -0.005 -13"><span class='ocrx_word' id='word_1_314' title='bbox 694 2461 837 2516; x_wconf 88' lang='lat' dir='ltr'><strong>illam</strong></span> <span class='ocrx_word' id='word_1_315' title='bbox 876 2461 1112 2529; x_wconf 91' lang='lat' dir='ltr'><strong>priorem</strong></span> <span class='ocrx_word' id='word_1_316' title='bbox 1140 2457 1451 2521; x_wconf 81' lang='lat' dir='ltr'><strong>cﬂicientia,</strong></span> <span class='ocrx_word' id='word_1_317' title='bbox 1482 2457 1840 2523; x_wconf 88' lang='lat' dir='ltr'><strong>demonstrat,</strong></span> <span class='ocrx_word' id='word_1_318' title='bbox 1870 2467 1927 2510; x_wconf 90' lang='lat' dir='ltr'><strong>ut</strong></span> <span class='ocrx_word' id='word_1_319' title='bbox 1949 2457 2062 2526; x_wconf 88' lang='lat' dir='ltr'><strong>ipse</strong></span> <span class='ocrx_word' id='word_1_320' title='bbox 2086 2468 2258 2525; x_wconf 85' lang='lat' dir='ltr'><strong>putat.</strong></span> 
     </span>
    </p>
   </div>
   <div class='ocr_carea' id='block_1_42' title="bbox 693 2547 2265 2618">
    <p class='ocr_par' dir='ltr' id='par_1_42' title="bbox 693 2547 2265 2618">
     <span class='ocr_line' id='line_1_44' title="bbox 693 2547 2265 2618; baseline -0.001 -14"><span class='ocrx_word' id='word_1_321' title='bbox 693 2567 758 2607; x_wconf 87' lang='lat' dir='ltr'><strong>ac</strong></span> <span class='ocrx_word' id='word_1_322' title='bbox 790 2552 940 2606; x_wconf 88' lang='lat' dir='ltr'><strong>dicit:</strong></span> <span class='ocrx_word' id='word_1_323' title='bbox 964 2567 981 2600; x_wconf 87' lang='grc' dir='ltr'><strong>ι</strong></span> <span class='ocrx_word' id='word_1_324' title='bbox 1017 2548 1290 2603; x_wconf 80' lang='lat' dir='ltr'><strong>Habitavit</strong></span> <span class='ocrx_word' id='word_1_325' title='bbox 1317 2547 1486 2603; x_wconf 87' lang='lat' dir='ltr'><strong>Filius</strong></span> <span class='ocrx_word' id='word_1_326' title='bbox 1515 2549 1569 2602; x_wconf 92' lang='lat' dir='ltr'><strong>in</strong></span> <span class='ocrx_word' id='word_1_327' title='bbox 1601 2562 1846 2618; x_wconf 90' lang='lat' dir='ltr'><strong>corpore.</strong></span> <span class='ocrx_word' id='word_1_328' title='bbox 1878 2568 1897 2599; x_wconf 68' lang='grc' dir='ltr'><strong><em>υ</em></strong></span> <span class='ocrx_word' id='word_1_329' title='bbox 1925 2548 2064 2618; x_wconf 85' lang='lat' dir='ltr'><strong>Ergo</strong></span> <span class='ocrx_word' id='word_1_330' title='bbox 2086 2548 2265 2602; x_wconf 83' lang='lat' dir='ltr'><strong>Deifer</strong></span> 
     </span>
    </p>
   </div>
   <div class='ocr_carea' id='block_1_43' title="bbox 696 2639 2265 2698">
    <p class='ocr_par' dir='ltr' id='par_1_43' title="bbox 696 2639 2265 2698">
     <span class='ocr_line' id='line_1_45' title="bbox 696 2639 2265 2698; baseline -0.001 0"><span class='ocrx_word' id='word_1_331' title='bbox 696 2647 855 2698; x_wconf 90' lang='lat' dir='ltr'><strong>homo</strong></span> <span class='ocrx_word' id='word_1_332' title='bbox 895 2642 1000 2698; x_wconf 89' lang='lat' dir='ltr'><strong>erit</strong></span> <span class='ocrx_word' id='word_1_333' title='bbox 1039 2641 1335 2696; x_wconf 88' lang='lat' dir='ltr'><strong>Christus:</strong></span> <span class='ocrx_word' id='word_1_334' title='bbox 1370 2640 1564 2695; x_wconf 87' lang='lat' dir='ltr'><strong>deinde</strong></span> <span class='ocrx_word' id='word_1_335' title='bbox 1610 2640 1663 2694; x_wconf 92' lang='lat' dir='ltr'><strong>id</strong></span> <span class='ocrx_word' id='word_1_336' title='bbox 1719 2639 1894 2696; x_wconf 90' lang='lat' dir='ltr'><strong>solum</strong></span> <span class='ocrx_word' id='word_1_337' title='bbox 1939 2641 1993 2695; x_wconf 90' lang='lat' dir='ltr'><strong>in</strong></span> <span class='ocrx_word' id='word_1_338' title='bbox 2047 2642 2265 2698; x_wconf 87' lang='lat' dir='ltr'><strong>homine</strong></span> 
     </span>
    </p>
   </div>
   <div class='ocr_carea' id='block_1_44' title="bbox 692 2730 2263 2801">
    <p class='ocr_par' dir='ltr' id='par_1_44' title="bbox 692 2730 2263 2801">
     <span class='ocr_line' id='line_1_46' title="bbox 692 2730 2263 2801; baseline -0.001 -13"><span class='ocrx_word' id='word_1_339' title='bbox 692 2735 937 2789; x_wconf 76' lang='lat' dir='ltr'><strong>olfecisse</strong></span> <span class='ocrx_word' id='word_1_340' title='bbox 965 2732 1058 2786; x_wconf 90' lang='lat' dir='ltr'><strong>Dei</strong></span> <span class='ocrx_word' id='word_1_341' title='bbox 1086 2732 1369 2801; x_wconf 88' lang='lat' dir='ltr'><strong>Patrisque</strong></span> <span class='ocrx_word' id='word_1_342' title='bbox 1401 2730 1641 2787; x_wconf 88' lang='lat' dir='ltr'><strong>Verbum</strong></span> <span class='ocrx_word' id='word_1_343' title='bbox 1667 2773 1682 2796; x_wconf 94' lang='lat'><strong>,</strong></span> <span class='ocrx_word' id='word_1_344' title='bbox 1737 2733 2081 2801; x_wconf 91' lang='lat' dir='ltr'><strong>perspicuum</strong></span> <span class='ocrx_word' id='word_1_345' title='bbox 2116 2734 2219 2788; x_wconf 90' lang='lat' dir='ltr'><strong>erit</strong></span> <span class='ocrx_word' id='word_1_346' title='bbox 2248 2750 2263 2799; x_wconf 88' lang='lat'><strong>;</strong></span> 
     </span>
    </p>
   </div>
   <div class='ocr_carea' id='block_1_45' title="bbox 695 2822 2268 2894">
    <p class='ocr_par' dir='ltr' id='par_1_45' title="bbox 695 2822 2268 2894">
     <span class='ocr_line' id='line_1_47' title="bbox 695 2822 2268 2894; baseline -0.001 -14"><span class='ocrx_word' id='word_1_347' title='bbox 695 2828 876 2894; x_wconf 86' lang='lat' dir='ltr'><strong>itaque</strong></span> <span class='ocrx_word' id='word_1_348' title='bbox 899 2825 1146 2894; x_wconf 82' lang='lat' dir='ltr'><strong>quamvis</strong></span> <span class='ocrx_word' id='word_1_349' title='bbox 1173 2824 1317 2878; x_wconf 89' lang='lat' dir='ltr'><strong>dicat</strong></span> <span class='ocrx_word' id='word_1_350' title='bbox 1346 2824 1534 2878; x_wconf 87' lang='lat' dir='ltr'><strong>beatus</strong></span> <span class='ocrx_word' id='word_1_351' title='bbox 1556 2822 1884 2893; x_wconf 79' lang='lat' dir='ltr'><strong>evangelista</strong></span> <span class='ocrx_word' id='word_1_352' title='bbox 1908 2839 1920 2874; x_wconf 91' lang='lat'><strong>:</strong></span> <span class='ocrx_word' id='word_1_353' title='bbox 1944 2823 2056 2893; x_wconf 76' lang='lat'><strong>98</strong></span> <span class='ocrx_word' id='word_1_354' title='bbox 2087 2844 2105 2876; x_wconf 83' lang='grc'><strong>‹</strong></span> <span class='ocrx_word' id='word_1_355' title='bbox 2138 2823 2268 2878; x_wconf 89' lang='lat' dir='ltr'><strong>Ver-</strong></span> 
     </span>
    </p>
   </div>
   <div class='ocr_carea' id='block_1_46' title="bbox 696 2914 2267 2980">
    <p class='ocr_par' dir='ltr' id='par_1_46' title="bbox 696 2914 2267 2980">
     <span class='ocr_line' id='line_1_48' title="bbox 696 2914 2267 2980; baseline 0.001 -13"><span class='ocrx_word' id='word_1_356' title='bbox 696 2915 822 2968; x_wconf 87' lang='lat' dir='ltr'><strong>bum</strong></span> <span class='ocrx_word' id='word_1_357' title='bbox 858 2930 985 2969; x_wconf 86' lang='lat' dir='ltr'><strong>caro</strong></span> <span class='ocrx_word' id='word_1_358' title='bbox 1021 2915 1219 2968; x_wconf 81' lang='lat' dir='ltr'><strong>factum</strong></span> <span class='ocrx_word' id='word_1_359' title='bbox 1256 2923 1362 2980; x_wconf 85' lang='lat' dir='ltr'><strong>est,</strong></span> <span class='ocrx_word' id='word_1_360' title='bbox 1419 2924 1476 2968; x_wconf 90' lang='lat' dir='ltr'><strong>et</strong></span> <span class='ocrx_word' id='word_1_361' title='bbox 1525 2914 1789 2969; x_wconf 85' lang='lat' dir='ltr'><strong>habitavit</strong></span> <span class='ocrx_word' id='word_1_362' title='bbox 1842 2915 1894 2969; x_wconf 90' lang='lat' dir='ltr'><strong>in</strong></span> <span class='ocrx_word' id='word_1_363' title='bbox 1925 2916 2100 2979; x_wconf 89' lang='lat' dir='ltr'><strong>nobis,</strong></span> <span class='ocrx_word' id='word_1_364' title='bbox 2135 2934 2154 2967; x_wconf 72' lang='grc' dir='ltr'><strong>ι</strong></span> <span class='ocrx_word' id='word_1_365' title='bbox 2193 2915 2267 2969; x_wconf 90' lang='lat' dir='ltr'><strong>nil</strong></span> 
     </span>
    </p>
   </div>
   <div class='ocr_carea' id='block_1_47' title="bbox 698 3006 2266 3077">
    <p class='ocr_par' dir='ltr' id='par_1_47' title="bbox 698 3006 2266 3077">
     <span class='ocr_line' id='line_1_49' title="bbox 698 3006 2266 3077; baseline 0.001 -16"><span class='ocrx_word' id='word_1_366' title='bbox 698 3007 841 3062; x_wconf 88' lang='lat' dir='ltr'><strong>aliud</strong></span> <span class='ocrx_word' id='word_1_367' title='bbox 872 3007 1075 3064; x_wconf 88' lang='lat' dir='ltr'><strong>indicat</strong></span> <span class='ocrx_word' id='word_1_368' title='bbox 1097 3006 1200 3062; x_wconf 86' lang='lat' dir='ltr'><strong>nisi</strong></span> <span class='ocrx_word' id='word_1_369' title='bbox 1235 3006 1365 3061; x_wconf 85' lang='lat' dir='ltr'><strong>illud</strong></span> <span class='ocrx_word' id='word_1_370' title='bbox 1384 3006 1580 3072; x_wconf 89' lang='lat' dir='ltr'><strong>solum,</strong></span> <span class='ocrx_word' id='word_1_371' title='bbox 1616 3007 1872 3061; x_wconf 91' lang='lat' dir='ltr'><strong>nimirum</strong></span> <span class='ocrx_word' id='word_1_372' title='bbox 1905 3008 2077 3077; x_wconf 90' lang='lat' dir='ltr'><strong>ipsum</strong></span> <span class='ocrx_word' id='word_1_373' title='bbox 2101 3007 2266 3062; x_wconf 88' lang='lat' dir='ltr'><strong>Deum</strong></span> 
     </span>
    </p>
   </div>
   <div class='ocr_carea' id='block_1_48' title="bbox 700 3097 2268 3164">
    <p class='ocr_par' dir='ltr' id='par_1_48' title="bbox 700 3097 2268 3164">
     <span class='ocr_line' id='line_1_50' title="bbox 700 3097 2268 3164; baseline 0.003 -12"><span class='ocrx_word' id='word_1_374' title='bbox 700 3099 937 3153; x_wconf 89' lang='lat' dir='ltr'><strong>Verbum</strong></span> <span class='ocrx_word' id='word_1_375' title='bbox 982 3099 1034 3152; x_wconf 92' lang='lat' dir='ltr'><strong>in</strong></span> <span class='ocrx_word' id='word_1_376' title='bbox 1082 3098 1304 3153; x_wconf 87' lang='lat' dir='ltr'><strong>homine</strong></span> <span class='ocrx_word' id='word_1_377' title='bbox 1357 3097 1654 3164; x_wconf 87' lang='lat' dir='ltr'><strong>habitasse,</strong></span> <span class='ocrx_word' id='word_1_378' title='bbox 1700 3107 1762 3153; x_wconf 83' lang='lat' dir='ltr'><strong>ut</strong></span> <span class='ocrx_word' id='word_1_379' title='bbox 1797 3099 1959 3153; x_wconf 86' lang='lat' dir='ltr'><strong>etiam</strong></span> <span class='ocrx_word' id='word_1_380' title='bbox 2012 3101 2065 3154; x_wconf 91' lang='lat' dir='ltr'><strong>in</strong></span> <span class='ocrx_word' id='word_1_381' title='bbox 2113 3101 2268 3156; x_wconf 88' lang='lat' dir='ltr'><strong>nobis</strong></span> 
     </span>
    </p>
   </div>
   <div class='ocr_carea' id='block_1_49' title="bbox 700 3187 2264 3256">
    <p class='ocr_par' dir='ltr' id='par_1_49' title="bbox 700 3187 2264 3256">
     <span class='ocr_line' id='line_1_51' title="bbox 700 3187 2264 3256; baseline 0.001 -15"><span class='ocrx_word' id='word_1_382' title='bbox 700 3187 852 3256; x_wconf 88' lang='lat' dir='ltr'><strong>ipsis.</strong></span> <span class='ocrx_word' id='word_1_383' title='bbox 910 3187 1130 3256; x_wconf 87' lang='lat' dir='ltr'><strong>Templa</strong></span> <span class='ocrx_word' id='word_1_384' title='bbox 1186 3202 1416 3256; x_wconf 87' lang='lat' dir='ltr'><strong>namque</strong></span> <span class='ocrx_word' id='word_1_385' title='bbox 1471 3203 1661 3243; x_wconf 88' lang='lat' dir='ltr'><strong>sumus</strong></span> <span class='ocrx_word' id='word_1_386' title='bbox 1717 3187 1806 3241; x_wconf 86' lang='lat' dir='ltr'><strong>Dei</strong></span> <span class='ocrx_word' id='word_1_387' title='bbox 1842 3189 2070 3244; x_wconf 88' lang='lat' dir='ltr'><strong>viventis</strong></span> <span class='ocrx_word' id='word_1_388' title='bbox 2099 3190 2264 3254; x_wconf 73' lang='lat' dir='ltr'><strong>&#39;°;et</strong></span> 
     </span>
    </p>
   </div>
   <div class='ocr_carea' id='block_1_50' title="bbox 703 3256 2268 3348">
    <p class='ocr_par' dir='ltr' id='par_1_50' title="bbox 703 3277 2268 3348">
     <span class='ocr_line' id='line_1_52' title="bbox 703 3277 2268 3348; baseline 0.002 -16"><span class='ocrx_word' id='word_1_389' title='bbox 703 3279 758 3332; x_wconf 90' lang='lat' dir='ltr'><strong>in</strong></span> <span class='ocrx_word' id='word_1_390' title='bbox 787 3279 888 3332; x_wconf 91' lang='lat' dir='ltr'><strong>hoc</strong></span> <span class='ocrx_word' id='word_1_391' title='bbox 915 3279 1297 3345; x_wconf 88' lang='lat' dir='ltr'><strong>cognoscimus</strong></span> <span class='ocrx_word' id='word_1_392' title='bbox 1322 3280 1462 3346; x_wconf 89' lang='lat' dir='ltr'><strong>quod</strong></span> <span class='ocrx_word' id='word_1_393' title='bbox 1492 3280 1543 3332; x_wconf 94' lang='lat' dir='ltr'><strong>in</strong></span> <span class='ocrx_word' id='word_1_394' title='bbox 1569 3277 1724 3332; x_wconf 86' lang='lat' dir='ltr'><strong>nobis</strong></span> <span class='ocrx_word' id='word_1_395' title='bbox 1755 3287 1858 3343; x_wconf 90' lang='lat' dir='ltr'><strong>est,</strong></span> <span class='ocrx_word' id='word_1_396' title='bbox 1887 3281 2014 3348; x_wconf 88' lang='lat' dir='ltr'><strong>quia</strong></span> <span class='ocrx_word' id='word_1_397' title='bbox 2043 3295 2110 3335; x_wconf 76' lang='lat' dir='ltr'><strong>ex</strong></span> <span class='ocrx_word' id='word_1_398' title='bbox 2147 3281 2268 3348; x_wconf 92' lang='lat' dir='ltr'><strong>Spi-</strong></span> 
     </span>
    </p>
   </div>
   <div class='ocr_carea' id='block_1_51' title="bbox 2370 3256 2911 3348">
    <p class='ocr_par' dir='ltr' id='par_1_51' title="bbox 2374 3256 2911 3335">
     <span class='ocr_line' id='line_1_53' title="bbox 2374 3256 2911 3335; baseline -0.022 -15"><span class='ocrx_word' id='word_1_399' title='bbox 2374 3265 2513 3321; x_wconf 88' lang='grc' dir='ltr'>Πνεύ</span> <span class='ocrx_word' id='word_1_400' title='bbox 2522 3279 2690 3335; x_wconf 89' lang='grc' dir='ltr'>ματος</span> <span class='ocrx_word' id='word_1_401' title='bbox 2744 3256 2911 3312; x_wconf 84' lang='grc' dir='ltr'>αὐτοῦ</span> 
     </span>
    </p>
   </div>
   <div class='ocr_carea' id='block_1_52' title="bbox 705 3367 2274 3425">
    <p class='ocr_par' dir='ltr' id='par_1_52' title="bbox 705 3367 2274 3425">
     <span class='ocr_line' id='line_1_54' title="bbox 705 3367 2274 3425; baseline 0.003 -5"><span class='ocrx_word' id='word_1_402' title='bbox 705 3369 807 3421; x_wconf 89' lang='lat' dir='ltr'><strong>ritu</strong></span> <span class='ocrx_word' id='word_1_403' title='bbox 867 3383 964 3421; x_wconf 90' lang='lat' dir='ltr'><strong>suo</strong></span> <span class='ocrx_word' id='word_1_404' title='bbox 1004 3369 1150 3422; x_wconf 89' lang='lat' dir='ltr'><strong>dedit</strong></span> <span class='ocrx_word' id='word_1_405' title='bbox 1206 3367 1364 3422; x_wconf 87' lang='lat' dir='ltr'><strong>nobis</strong></span> <span class='ocrx_word' id='word_1_406' title='bbox 1420 3369 1486 3423; x_wconf 83' lang='lat'><strong>“.</strong></span> <span class='ocrx_word' id='word_1_407' title='bbox 1525 3367 1630 3422; x_wconf 87' lang='lat' dir='ltr'><strong>Sed</strong></span> <span class='ocrx_word' id='word_1_408' title='bbox 1687 3367 1739 3422; x_wconf 87' lang='lat' dir='ltr'><strong>id</strong></span> <span class='ocrx_word' id='word_1_409' title='bbox 1779 3367 2010 3424; x_wconf 80' lang='lat' dir='ltr'><strong>fortasse</strong></span> <span class='ocrx_word' id='word_1_410' title='bbox 2053 3371 2274 3425; x_wconf 88' lang='lat' dir='ltr'><strong>minime</strong></span> 
     </span>
    </p>
   </div>
   <div class='ocr_carea' id='block_1_53' title="bbox 701 3459 2272 3528">
    <p class='ocr_par' dir='ltr' id='par_1_53' title="bbox 701 3459 2272 3528">
     <span class='ocr_line' id='line_1_55' title="bbox 701 3459 2272 3528; baseline 0.002 -15"><span class='ocrx_word' id='word_1_411' title='bbox 701 3460 892 3525; x_wconf 88' lang='lat' dir='ltr'><strong>dices,</strong></span> <span class='ocrx_word' id='word_1_412' title='bbox 955 3460 1348 3528; x_wconf 86' lang='lat' dir='ltr'><strong>blasphemiam</strong></span> <span class='ocrx_word' id='word_1_413' title='bbox 1396 3459 1761 3514; x_wconf 77' lang='lat' dir='ltr'><strong>reformidans</strong></span> <span class='ocrx_word' id='word_1_414' title='bbox 1813 3477 1826 3514; x_wconf 90' lang='lat'>:</span> <span class='ocrx_word' id='word_1_415' title='bbox 1871 3475 1934 3515; x_wconf 89' lang='lat' dir='ltr'><strong>ac</strong></span> <span class='ocrx_word' id='word_1_416' title='bbox 1991 3463 2272 3516; x_wconf 88' lang='lat' dir='ltr'><strong>nobiscum</strong></span> 
     </span>
    </p>
   </div>
   <div class='ocr_carea' id='block_1_54' title="bbox 703 3551 2271 3619">
    <p class='ocr_par' dir='ltr' id='par_1_54' title="bbox 703 3551 2271 3619">
     <span class='ocr_line' id='line_1_56' title="bbox 703 3551 2271 3619; baseline 0.001 -15"><span class='ocrx_word' id='word_1_417' title='bbox 703 3551 1052 3604; x_wconf 80' lang='lat' dir='ltr'><strong>conﬁteberis</strong></span> <span class='ocrx_word' id='word_1_418' title='bbox 1088 3553 1260 3619; x_wconf 90' lang='lat' dir='ltr'><strong>ipsum</strong></span> <span class='ocrx_word' id='word_1_419' title='bbox 1293 3551 1384 3604; x_wconf 87' lang='lat' dir='ltr'><strong>Dei</strong></span> <span class='ocrx_word' id='word_1_420' title='bbox 1426 3551 1661 3604; x_wconf 88' lang='lat' dir='ltr'><strong>Verbum</strong></span> <span class='ocrx_word' id='word_1_421' title='bbox 1702 3552 1976 3606; x_wconf 89' lang='lat' dir='ltr'><strong>hominem</strong></span> <span class='ocrx_word' id='word_1_422' title='bbox 2011 3553 2214 3606; x_wconf 79' lang='lat' dir='ltr'><strong>factum</strong></span> <span class='ocrx_word' id='word_1_423' title='bbox 2259 3571 2271 3606; x_wconf 92' lang='lat'><strong>:</strong></span> 
     </span>
    </p>
   </div>
   <div class='ocr_carea' id='block_1_55' title="bbox 707 3641 2277 3709">
    <p class='ocr_par' dir='ltr' id='par_1_55' title="bbox 707 3641 2277 3709">
     <span class='ocr_line' id='line_1_57' title="bbox 707 3641 2277 3709; baseline 0.001 -13"><span class='ocrx_word' id='word_1_424' title='bbox 707 3641 867 3709; x_wconf 86' lang='lat' dir='ltr'><strong>idque</strong></span> <span class='ocrx_word' id='word_1_425' title='bbox 894 3656 1016 3697; x_wconf 78' lang='lat' dir='ltr'><strong>esse</strong></span> <span class='ocrx_word' id='word_1_426' title='bbox 1047 3643 1474 3695; x_wconf 86' lang='lat' dir='ltr'><strong>incarnationem</strong></span> <span class='ocrx_word' id='word_1_427' title='bbox 1521 3656 1536 3696; x_wconf 88' lang='lat'><strong>:</strong></span> <span class='ocrx_word' id='word_1_428' title='bbox 1582 3645 1886 3698; x_wconf 85' lang='lat' dir='ltr'><strong>consenties</strong></span> <span class='ocrx_word' id='word_1_429' title='bbox 1919 3647 2083 3698; x_wconf 90' lang='lat' dir='ltr'><strong>etiam</strong></span> <span class='ocrx_word' id='word_1_430' title='bbox 2126 3661 2277 3700; x_wconf 88' lang='lat' dir='ltr'><strong>man-</strong></span> 
     </span>
    </p>
   </div>
   <div class='ocr_carea' id='block_1_56' title="bbox 707 3734 2277 3805">
    <p class='ocr_par' dir='ltr' id='par_1_56' title="bbox 707 3734 2277 3805">
     <span class='ocr_line' id='line_1_58' title="bbox 707 3734 2277 3805; baseline 0.001 -17"><span class='ocrx_word' id='word_1_431' title='bbox 707 3734 844 3788; x_wconf 89' lang='lat' dir='ltr'><strong>sisse</strong></span> <span class='ocrx_word' id='word_1_432' title='bbox 873 3734 1065 3799; x_wconf 89' lang='lat' dir='ltr'><strong>Deum,</strong></span> <span class='ocrx_word' id='word_1_433' title='bbox 1100 3740 1152 3785; x_wconf 91' lang='lat' dir='ltr'><strong>et</strong></span> <span class='ocrx_word' id='word_1_434' title='bbox 1185 3747 1296 3786; x_wconf 68' lang='lat' dir='ltr'><strong>suae</strong></span> <span class='ocrx_word' id='word_1_435' title='bbox 1323 3742 1530 3786; x_wconf 74' lang='lat' dir='ltr'><strong>natura:</strong></span> <span class='ocrx_word' id='word_1_436' title='bbox 1560 3734 1728 3788; x_wconf 87' lang='lat' dir='ltr'><strong>decus</strong></span> <span class='ocrx_word' id='word_1_437' title='bbox 1780 3749 2048 3801; x_wconf 89' lang='lat' dir='ltr'><strong>servasse,</strong></span> <span class='ocrx_word' id='word_1_438' title='bbox 2085 3749 2277 3805; x_wconf 90' lang='lat' dir='ltr'><strong>quam-</strong></span> 
     </span>
    </p>
   </div>
   <div class='ocr_carea' id='block_1_57' title="bbox 707 3822 2298 3896">
    <p class='ocr_par' dir='ltr' id='par_1_57' title="bbox 707 3822 2298 3896">
     <span class='ocr_line' id='line_1_59' title="bbox 707 3822 2298 3896; baseline 0.003 -20"><span class='ocrx_word' id='word_1_439' title='bbox 707 3824 790 3878; x_wconf 87' lang='lat' dir='ltr'><strong>vis</strong></span> <span class='ocrx_word' id='word_1_440' title='bbox 825 3824 1127 3892; x_wconf 84' lang='lat' dir='ltr'><strong>appellatus</strong></span> <span class='ocrx_word' id='word_1_441' title='bbox 1156 3824 1226 3877; x_wconf 91' lang='lat' dir='ltr'><strong>sit</strong></span> <span class='ocrx_word' id='word_1_442' title='bbox 1256 3822 1427 3877; x_wconf 88' lang='lat' dir='ltr'><strong>Filius</strong></span> <span class='ocrx_word' id='word_1_443' title='bbox 1475 3823 1730 3889; x_wconf 90' lang='lat' dir='ltr'><strong>hominis,</strong></span> <span class='ocrx_word' id='word_1_444' title='bbox 1777 3824 1936 3896; x_wconf 90' lang='lat' dir='ltr'><strong>idque</strong></span> <span class='ocrx_word' id='word_1_445' title='bbox 1982 3828 2298 3881; x_wconf 35' lang='lat' dir='ltr'><strong>secundum.</strong></span> 
     </span>
    </p>
   </div>
   <div class='ocr_carea' id='block_1_58' title="bbox 707 3913 2280 3981">
    <p class='ocr_par' dir='ltr' id='par_1_58' title="bbox 707 3913 2280 3981">
     <span class='ocr_line' id='line_1_60' title="bbox 707 3913 2280 3981; baseline -0.001 -11"><span class='ocrx_word' id='word_1_446' title='bbox 707 3915 989 3970; x_wconf 89' lang='lat' dir='ltr'><strong>veritatem</strong></span> <span class='ocrx_word' id='word_1_447' title='bbox 1021 3914 1203 3966; x_wconf 80' lang='lat' dir='ltr'><strong>fuerit.</strong></span> <span class='ocrx_word' id='word_1_448' title='bbox 1236 3913 1376 3978; x_wconf 85' lang='lat' dir='ltr'><strong>Quid</strong></span> <span class='ocrx_word' id='word_1_449' title='bbox 1407 3913 1698 3981; x_wconf 83' lang='lat' dir='ltr'><strong>igiturjam</strong></span> <span class='ocrx_word' id='word_1_450' title='bbox 1733 3913 1824 3968; x_wconf 87' lang='lat' dir='ltr'><strong>tibi</strong></span> <span class='ocrx_word' id='word_1_451' title='bbox 1862 3916 2082 3980; x_wconf 90' lang='lat' dir='ltr'><strong>accidit,</strong></span> <span class='ocrx_word' id='word_1_452' title='bbox 2116 3926 2174 3969; x_wconf 89' lang='lat' dir='ltr'><strong>ut</strong></span> <span class='ocrx_word' id='word_1_453' title='bbox 2199 3915 2280 3969; x_wconf 87' lang='lat' dir='ltr'><strong>di-</strong></span> 
     </span>
    </p>
   </div>
   <div class='ocr_carea' id='block_1_59' title="bbox 710 4002 2280 4074">
    <p class='ocr_par' dir='ltr' id='par_1_59' title="bbox 710 4002 2280 4074">
     <span class='ocr_line' id='line_1_61' title="bbox 710 4002 2280 4074; baseline 0 -14"><span class='ocrx_word' id='word_1_454' title='bbox 710 4020 863 4060; x_wconf 92' lang='lat' dir='ltr'><strong>ceres</strong></span> <span class='ocrx_word' id='word_1_455' title='bbox 893 4004 1063 4074; x_wconf 89' lang='lat' dir='ltr'><strong>ipsum</strong></span> <span class='ocrx_word' id='word_1_456' title='bbox 1095 4002 1313 4059; x_wconf 86' lang='lat' dir='ltr'><strong>Patrem</strong></span> <span class='ocrx_word' id='word_1_457' title='bbox 1346 4004 1506 4057; x_wconf 91' lang='lat' dir='ltr'><strong>simul</strong></span> <span class='ocrx_word' id='word_1_458' title='bbox 1536 4018 1721 4058; x_wconf 91' lang='lat' dir='ltr'><strong>secum</strong></span> <span class='ocrx_word' id='word_1_459' title='bbox 1757 4005 2042 4061; x_wconf 88' lang='lat' dir='ltr'><strong>considere</strong></span> <span class='ocrx_word' id='word_1_460' title='bbox 2085 4005 2280 4061; x_wconf 79' lang='lat' dir='ltr'><strong>fecisse</strong></span> 
     </span>
    </p>
   </div>
   <div class='ocr_carea' id='block_1_60' title="bbox 711 4096 2282 4166">
    <p class='ocr_par' dir='ltr' id='par_1_60' title="bbox 711 4096 2282 4166">
     <span class='ocr_line' id='line_1_62' title="bbox 711 4096 2282 4166; baseline 0.001 -16"><span class='ocrx_word' id='word_1_461' title='bbox 711 4096 1103 4150; x_wconf 86' lang='lat' dir='ltr'><strong>humanitatem</strong></span> <span class='ocrx_word' id='word_1_462' title='bbox 1148 4104 1481 4165; x_wconf 80' lang='lat' dir='ltr'><strong>assumptant</strong></span> <span class='ocrx_word' id='word_1_463' title='bbox 1511 4135 1525 4160; x_wconf 91' lang='lat'><strong>,</strong></span> <span class='ocrx_word' id='word_1_464' title='bbox 1563 4110 1627 4150; x_wconf 90' lang='lat' dir='ltr'><strong>ac</strong></span> <span class='ocrx_word' id='word_1_465' title='bbox 1681 4111 1789 4150; x_wconf 92' lang='lat' dir='ltr'><strong>non</strong></span> <span class='ocrx_word' id='word_1_466' title='bbox 1838 4097 2014 4166; x_wconf 88' lang='lat' dir='ltr'><strong>potius</strong></span> <span class='ocrx_word' id='word_1_467' title='bbox 2060 4097 2114 4152; x_wconf 89' lang='lat' dir='ltr'><strong>in</strong></span> <span class='ocrx_word' id='word_1_468' title='bbox 2170 4114 2282 4152; x_wconf 85' lang='lat' dir='ltr'><strong>suae</strong></span> 
     </span>
    </p>
   </div>
   <div class='ocr_carea' id='block_1_61' title="bbox 709 4185 2282 4256">
    <p class='ocr_par' dir='ltr' id='par_1_61' title="bbox 709 4185 2282 4256">
     <span class='ocr_line' id='line_1_63' title="bbox 709 4185 2282 4256; baseline 0.002 -16"><span class='ocrx_word' id='word_1_469' title='bbox 709 4188 878 4256; x_wconf 83' lang='lat' dir='ltr'><strong>ipsius</strong></span> <span class='ocrx_word' id='word_1_470' title='bbox 909 4187 1209 4240; x_wconf 87' lang='lat' dir='ltr'><strong>divinitatis</strong></span> <span class='ocrx_word' id='word_1_471' title='bbox 1241 4185 1460 4241; x_wconf 90' lang='lat' dir='ltr'><strong>sedibus</strong></span> <span class='ocrx_word' id='word_1_472' title='bbox 1507 4187 1816 4242; x_wconf 87' lang='lat' dir='ltr'><strong>constitisse</strong></span> <span class='ocrx_word' id='word_1_473' title='bbox 1860 4203 1924 4241; x_wconf 83' lang='lat' dir='ltr'><strong>ex</strong></span> <span class='ocrx_word' id='word_1_474' title='bbox 1961 4189 2048 4243; x_wconf 89' lang='lat' dir='ltr'><strong>Dei</strong></span> <span class='ocrx_word' id='word_1_475' title='bbox 2080 4188 2282 4243; x_wconf 83' lang='lat' dir='ltr'><strong>Patris-</strong></span> 
     </span>
    </p>
   </div>
   <div class='ocr_carea' id='block_1_62' title="bbox 710 4278 2284 4349">
    <p class='ocr_par' dir='ltr' id='par_1_62' title="bbox 710 4278 2284 4349">
     <span class='ocr_line' id='line_1_64' title="bbox 710 4278 2284 4349; baseline 0.001 -19"><span class='ocrx_word' id='word_1_476' title='bbox 710 4293 814 4346; x_wconf 91' lang='lat' dir='ltr'><strong>que</strong></span> <span class='ocrx_word' id='word_1_477' title='bbox 840 4278 1194 4346; x_wconf 86' lang='lat' dir='ltr'><strong>beneplacito,</strong></span> <span class='ocrx_word' id='word_1_478' title='bbox 1228 4287 1406 4332; x_wconf 91' lang='lat' dir='ltr'><strong>ortum</strong></span> <span class='ocrx_word' id='word_1_479' title='bbox 1431 4293 1495 4332; x_wconf 78' lang='lat' dir='ltr'><strong>ex</strong></span> <span class='ocrx_word' id='word_1_480' title='bbox 1523 4292 1588 4332; x_wconf 89' lang='lat' dir='ltr'><strong>eo</strong></span> <span class='ocrx_word' id='word_1_481' title='bbox 1622 4278 1852 4333; x_wconf 88' lang='lat' dir='ltr'><strong>Verbum</strong></span> <span class='ocrx_word' id='word_1_482' title='bbox 1878 4281 2040 4332; x_wconf 91' lang='lat' dir='ltr'><strong>etiam</strong></span> <span class='ocrx_word' id='word_1_483' title='bbox 2068 4292 2284 4349; x_wconf 79' lang='lat' dir='ltr'><strong>postca-</strong></span> 
     </span>
    </p>
   </div>
   <div class='ocr_carea' id='block_1_63' title="bbox 711 4362 2284 4434">
    <p class='ocr_par' dir='ltr' id='par_1_63' title="bbox 711 4362 2284 4434">
     <span class='ocr_line' id='line_1_65' title="bbox 711 4362 2284 4434; baseline 0.001 -19"><span class='ocrx_word' id='word_1_484' title='bbox 711 4380 873 4434; x_wconf 87' lang='lat' dir='ltr'><strong>quam</strong></span> <span class='ocrx_word' id='word_1_485' title='bbox 911 4362 1110 4417; x_wconf 81' lang='lat' dir='ltr'><strong>factum</strong></span> <span class='ocrx_word' id='word_1_486' title='bbox 1143 4374 1226 4417; x_wconf 83' lang='lat' dir='ltr'><strong>est</strong></span> <span class='ocrx_word' id='word_1_487' title='bbox 1256 4364 1417 4417; x_wconf 89' lang='lat' dir='ltr'><strong>homo</strong></span> <span class='ocrx_word' id='word_1_488' title='bbox 1442 4400 1457 4426; x_wconf 92' lang='lat'><strong>,</strong></span> <span class='ocrx_word' id='word_1_489' title='bbox 1492 4377 1560 4417; x_wconf 90' lang='lat' dir='ltr'><strong>ne</strong></span> <span class='ocrx_word' id='word_1_490' title='bbox 1600 4363 1769 4432; x_wconf 89' lang='lat' dir='ltr'><strong>ipsius</strong></span> <span class='ocrx_word' id='word_1_491' title='bbox 1808 4365 2116 4419; x_wconf 87' lang='lat' dir='ltr'><strong>humanitas</strong></span> <span class='ocrx_word' id='word_1_492' title='bbox 2165 4375 2284 4418; x_wconf 84' lang='lat' dir='ltr'><strong>tan-</strong></span> 
     </span>
    </p>
   </div>
   <div class='ocr_carea' id='block_1_64' title="bbox 711 4453 2280 4525">
    <p class='ocr_par' dir='ltr' id='par_1_64' title="bbox 711 4453 2280 4525">
     <span class='ocr_line' id='line_1_66' title="bbox 711 4453 2280 4525; baseline 0.001 -16"><span class='ocrx_word' id='word_1_493' title='bbox 711 4471 874 4524; x_wconf 89' lang='lat' dir='ltr'><strong>quam</strong></span> <span class='ocrx_word' id='word_1_494' title='bbox 904 4453 1052 4510; x_wconf 81' lang='lat' dir='ltr'><strong>abeo</strong></span> <span class='ocrx_word' id='word_1_495' title='bbox 1077 4457 1287 4510; x_wconf 87' lang='lat' dir='ltr'><strong>diversa</strong></span> <span class='ocrx_word' id='word_1_496' title='bbox 1320 4456 1654 4525; x_wconf 81' lang='lat' dir='ltr'><strong>intelligatur</strong></span> <span class='ocrx_word' id='word_1_497' title='bbox 1679 4466 1772 4510; x_wconf 87' lang='lat' dir='ltr'><strong>aut</strong></span> <span class='ocrx_word' id='word_1_498' title='bbox 1803 4457 2020 4511; x_wconf 85' lang='lat' dir='ltr'><strong>dicatur</strong></span> <span class='ocrx_word' id='word_1_499' title='bbox 2047 4472 2075 4510; x_wconf 92' lang='lat' dir='ltr'><strong>a</strong></span> <span class='ocrx_word' id='word_1_500' title='bbox 2103 4458 2280 4520; x_wconf 85' lang='lat' dir='ltr'><strong>nobis,</strong></span> 
     </span>
    </p>
   </div>
   <div class='ocr_carea' id='block_1_65' title="bbox 711 4547 2285 4602">
    <p class='ocr_par' dir='ltr' id='par_1_65' title="bbox 711 4547 2285 4602">
     <span class='ocr_line' id='line_1_67' title="bbox 711 4547 2285 4602; baseline 0.001 -1"><span class='ocrx_word' id='word_1_501' title='bbox 711 4562 833 4601; x_wconf 89' lang='lat' dir='ltr'><strong>cum</strong></span> <span class='ocrx_word' id='word_1_502' title='bbox 873 4562 996 4601; x_wconf 87' lang='lat' dir='ltr'><strong>vera</strong></span> <span class='ocrx_word' id='word_1_503' title='bbox 1031 4548 1160 4600; x_wconf 90' lang='lat' dir='ltr'><strong>unio</strong></span> <span class='ocrx_word' id='word_1_504' title='bbox 1186 4557 1243 4601; x_wconf 81' lang='lat' dir='ltr'><strong>et</strong></span> <span class='ocrx_word' id='word_1_505' title='bbox 1283 4563 1445 4601; x_wconf 90' lang='lat' dir='ltr'><strong>unum</strong></span> <span class='ocrx_word' id='word_1_506' title='bbox 1475 4563 1594 4602; x_wconf 89' lang='lat' dir='ltr'><strong>esse</strong></span> <span class='ocrx_word' id='word_1_507' title='bbox 1634 4547 1786 4600; x_wconf 90' lang='lat' dir='ltr'><strong>illum</strong></span> <span class='ocrx_word' id='word_1_508' title='bbox 1835 4549 2084 4601; x_wconf 89' lang='lat' dir='ltr'><strong>ostendat</strong></span> <span class='ocrx_word' id='word_1_509' title='bbox 2129 4550 2285 4602; x_wconf 87' lang='lat' dir='ltr'><strong>nobis</strong></span> 
     </span>
    </p>
   </div>
   <div class='ocr_carea' id='block_1_66' title="bbox 711 4637 2279 4706">
    <p class='ocr_par' dir='ltr' id='par_1_66' title="bbox 711 4637 2279 4706">
     <span class='ocr_line' id='line_1_68' title="bbox 711 4637 2279 4706; baseline -0.001 -14"><span class='ocrx_word' id='word_1_510' title='bbox 711 4648 766 4692; x_wconf 90' lang='lat' dir='ltr'><strong>ct</strong></span> <span class='ocrx_word' id='word_1_511' title='bbox 799 4637 914 4706; x_wconf 85' lang='lat' dir='ltr'><strong>ejus</strong></span> <span class='ocrx_word' id='word_1_512' title='bbox 953 4652 1170 4692; x_wconf 87' lang='lat' dir='ltr'><strong>carnem</strong></span> <span class='ocrx_word' id='word_1_513' title='bbox 1204 4653 1307 4693; x_wconf 92' lang='lat' dir='ltr'><strong>non</strong></span> <span class='ocrx_word' id='word_1_514' title='bbox 1354 4654 1473 4693; x_wconf 92' lang='lat' dir='ltr'><strong>esse</strong></span> <span class='ocrx_word' id='word_1_515' title='bbox 1507 4640 1574 4693; x_wconf 87' lang='lat' dir='ltr'><strong>ab</strong></span> <span class='ocrx_word' id='word_1_516' title='bbox 1604 4654 1667 4693; x_wconf 83' lang='lat' dir='ltr'><strong>eo</strong></span> <span class='ocrx_word' id='word_1_517' title='bbox 1715 4639 1996 4694; x_wconf 87' lang='lat' dir='ltr'><strong>alienam?</strong></span> <span class='ocrx_word' id='word_1_518' title='bbox 2043 4641 2279 4694; x_wconf 82' lang='lat' dir='ltr'><strong>Convin-</strong></span> 
     </span>
    </p>
   </div>
   <div class='ocr_carea' id='block_1_67' title="bbox 715 4729 2285 4797">
    <p class='ocr_par' dir='ltr' id='par_1_67' title="bbox 715 4729 2285 4797">
     <span class='ocr_line' id='line_1_69' title="bbox 715 4729 2285 4797; baseline -0.001 -15"><span class='ocrx_word' id='word_1_519' title='bbox 715 4729 854 4785; x_wconf 85' lang='lat' dir='ltr'><strong>ceris</strong></span> <span class='ocrx_word' id='word_1_520' title='bbox 882 4744 1010 4796; x_wconf 89' lang='lat' dir='ltr'><strong>ergo</strong></span> <span class='ocrx_word' id='word_1_521' title='bbox 1041 4729 1091 4782; x_wconf 91' lang='lat' dir='ltr'><strong>in</strong></span> <span class='ocrx_word' id='word_1_522' title='bbox 1118 4730 1218 4782; x_wconf 91' lang='lat' dir='ltr'><strong>hoc</strong></span> <span class='ocrx_word' id='word_1_523' title='bbox 1247 4744 1465 4797; x_wconf 87' lang='lat' dir='ltr'><strong>quoque</strong></span> <span class='ocrx_word' id='word_1_524' title='bbox 1500 4730 1758 4793; x_wconf 79' lang='lat' dir='ltr'><strong>mendax,</strong></span> <span class='ocrx_word' id='word_1_525' title='bbox 1793 4740 1846 4784; x_wconf 90' lang='lat' dir='ltr'><strong>et</strong></span> <span class='ocrx_word' id='word_1_526' title='bbox 1875 4746 1903 4783; x_wconf 89' lang='lat' dir='ltr'><strong>a</strong></span> <span class='ocrx_word' id='word_1_527' title='bbox 1937 4741 2082 4786; x_wconf 86' lang='lat' dir='ltr'><strong>recta</strong></span> <span class='ocrx_word' id='word_1_528' title='bbox 2117 4732 2285 4785; x_wconf 86' lang='lat' dir='ltr'><strong>ratio-</strong></span> 
     </span>
    </p>
   </div>
   <div class='ocr_carea' id='block_1_68' title="bbox 715 4819 2284 4887">
    <p class='ocr_par' dir='ltr' id='par_1_68' title="bbox 715 4819 2284 4887">
     <span class='ocr_line' id='line_1_70' title="bbox 715 4819 2284 4887; baseline 0.001 -16"><span class='ocrx_word' id='word_1_529' title='bbox 715 4819 986 4873; x_wconf 88' lang='lat' dir='ltr'><strong>cinatione</strong></span> <span class='ocrx_word' id='word_1_530' title='bbox 1037 4834 1141 4871; x_wconf 91' lang='lat' dir='ltr'><strong>non</strong></span> <span class='ocrx_word' id='word_1_531' title='bbox 1184 4835 1372 4887; x_wconf 89' lang='lat' dir='ltr'><strong>parum</strong></span> <span class='ocrx_word' id='word_1_532' title='bbox 1420 4820 1702 4873; x_wconf 87' lang='lat' dir='ltr'><strong>abcrrans.</strong></span> <span class='ocrx_word' id='word_1_533' title='bbox 1746 4820 1824 4872; x_wconf 82' lang='lat' dir='ltr'><strong>Ac</strong></span> <span class='ocrx_word' id='word_1_534' title='bbox 1870 4821 1913 4874; x_wconf 92' lang='lat' dir='ltr'><strong>si</strong></span> <span class='ocrx_word' id='word_1_535' title='bbox 1963 4821 2096 4874; x_wconf 88' lang='lat' dir='ltr'><strong>nihil</strong></span> <span class='ocrx_word' id='word_1_536' title='bbox 2141 4820 2284 4874; x_wconf 86' lang='lat' dir='ltr'><strong>aliud</strong></span> 
     </span>
    </p>
   </div>
   <div class='ocr_carea' id='block_1_69' title="bbox 715 4908 2285 4979">
    <p class='ocr_par' dir='ltr' id='par_1_69' title="bbox 715 4908 2285 4979">
     <span class='ocr_line' id='line_1_71' title="bbox 715 4908 2285 4979; baseline 0.001 -16"><span class='ocrx_word' id='word_1_537' title='bbox 715 4918 795 4964; x_wconf 84' lang='lat' dir='ltr'><strong>est</strong></span> <span class='ocrx_word' id='word_1_538' title='bbox 828 4909 1010 4963; x_wconf 89' lang='lat' dir='ltr'><strong>dicere</strong></span> <span class='ocrx_word' id='word_1_539' title='bbox 1039 4908 1272 4962; x_wconf 83' lang='lat' dir='ltr'><strong>Verbum</strong></span> <span class='ocrx_word' id='word_1_540' title='bbox 1314 4909 1512 4962; x_wconf 79' lang='lat' dir='ltr'><strong>factum</strong></span> <span class='ocrx_word' id='word_1_541' title='bbox 1558 4924 1679 4964; x_wconf 87' lang='lat' dir='ltr'><strong>esse</strong></span> <span class='ocrx_word' id='word_1_542' title='bbox 1705 4922 1923 4963; x_wconf 89' lang='lat' dir='ltr'><strong>carnem</strong></span> <span class='ocrx_word' id='word_1_543' title='bbox 1952 4951 1966 4976; x_wconf 95' lang='lat'><strong>,</strong></span> <span class='ocrx_word' id='word_1_544' title='bbox 2013 4912 2113 4965; x_wconf 92' lang='lat' dir='ltr'><strong>nisi</strong></span> <span class='ocrx_word' id='word_1_545' title='bbox 2146 4913 2285 4979; x_wconf 88' lang='lat' dir='ltr'><strong>quod</strong></span> 
     </span>
    </p>
   </div>
   <div class='ocr_carea' id='block_1_70' title="bbox 718 5002 2286 5068">
    <p class='ocr_par' dir='ltr' id='par_1_70' title="bbox 718 5002 2286 5068">
     <span class='ocr_line' id='line_1_72' title="bbox 718 5002 2286 5068; baseline 0.001 -14"><span class='ocrx_word' id='word_1_546' title='bbox 718 5003 919 5057; x_wconf 81' lang='lat' dir='ltr'><strong>factum</strong></span> <span class='ocrx_word' id='word_1_547' title='bbox 948 5011 1030 5056; x_wconf 89' lang='lat' dir='ltr'><strong>est</strong></span> <span class='ocrx_word' id='word_1_548' title='bbox 1080 5003 1238 5056; x_wconf 89' lang='lat' dir='ltr'><strong>homo</strong></span> <span class='ocrx_word' id='word_1_549' title='bbox 1267 5040 1282 5066; x_wconf 93' lang='lat'><strong>,</strong></span> <span class='ocrx_word' id='word_1_550' title='bbox 1337 5013 1546 5054; x_wconf 87' lang='lat' dir='ltr'><strong>servata</strong></span> <span class='ocrx_word' id='word_1_551' title='bbox 1603 5002 1924 5057; x_wconf 75' lang='lat' dir='ltr'><strong>excellentia</strong></span> <span class='ocrx_word' id='word_1_552' title='bbox 1971 5003 2286 5068; x_wconf 90' lang='lat' dir='ltr'><strong>divinitatis,</strong></span> 
     </span>
    </p>
   </div>
   <div class='ocr_carea' id='block_1_71' title="bbox 720 5089 2284 5160">
    <p class='ocr_par' dir='ltr' id='par_1_71' title="bbox 720 5089 2284 5160">
     <span class='ocr_line' id='line_1_73' title="bbox 720 5089 2284 5160; baseline 0.001 -18"><span class='ocrx_word' id='word_1_553' title='bbox 720 5104 1049 5159; x_wconf 90' lang='lat' dir='ltr'><strong>manensque</strong></span> <span class='ocrx_word' id='word_1_554' title='bbox 1076 5089 1217 5158; x_wconf 89' lang='lat' dir='ltr'><strong>quod</strong></span> <span class='ocrx_word' id='word_1_555' title='bbox 1248 5099 1385 5153; x_wconf 87' lang='lat' dir='ltr'><strong>erat,</strong></span> <span class='ocrx_word' id='word_1_556' title='bbox 1420 5105 1652 5157; x_wconf 88' lang='lat' dir='ltr'><strong>quanam</strong></span> <span class='ocrx_word' id='word_1_557' title='bbox 1688 5101 1913 5146; x_wconf 83' lang='lat' dir='ltr'><strong>externa</strong></span> <span class='ocrx_word' id='word_1_558' title='bbox 1944 5091 2111 5158; x_wconf 87' lang='lat' dir='ltr'><strong>gloria</strong></span> <span class='ocrx_word' id='word_1_559' title='bbox 2149 5107 2284 5160; x_wconf 86' lang='lat' dir='ltr'><strong>opus</strong></span> 
     </span>
    </p>
   </div>
   <div class='ocr_carea' id='block_1_72' title="bbox 721 5181 2287 5250">
    <p class='ocr_par' dir='ltr' id='par_1_72' title="bbox 721 5181 2287 5250">
     <span class='ocr_line' id='line_1_74' title="bbox 721 5181 2287 5250; baseline -0.001 -16"><span class='ocrx_word' id='word_1_560' title='bbox 721 5181 925 5241; x_wconf 86' lang='lat' dir='ltr'><strong>habuit.</strong></span> <span class='ocrx_word' id='word_1_561' title='bbox 946 5197 1067 5234; x_wconf 89' lang='lat' dir='ltr'><strong>cum</strong></span> <span class='ocrx_word' id='word_1_562' title='bbox 1097 5183 1211 5250; x_wconf 86' lang='lat' dir='ltr'><strong>ipse</strong></span> <span class='ocrx_word' id='word_1_563' title='bbox 1239 5181 1497 5235; x_wconf 89' lang='lat' dir='ltr'><strong>Dominus</strong></span> <span class='ocrx_word' id='word_1_564' title='bbox 1526 5191 1669 5235; x_wconf 90' lang='lat' dir='ltr'><strong>esset</strong></span> <span class='ocrx_word' id='word_1_565' title='bbox 1692 5182 1873 5250; x_wconf 68' lang='lat' dir='ltr'><strong>gloriae</strong></span> <span class='ocrx_word' id='word_1_566' title='bbox 1894 5183 1915 5233; x_wconf 70' lang='grc' dir='ltr'><strong>’ἰ</strong></span> <span class='ocrx_word' id='word_1_567' title='bbox 1937 5181 2287 5236; x_wconf 84' lang='lat' dir='ltr'><strong>Glorilicaba-</strong></span> 
     </span>
    </p>
   </div>
   <div class='ocr_carea' id='block_1_73' title="bbox 724 5273 2284 5345">
    <p class='ocr_par' dir='ltr' id='par_1_73' title="bbox 724 5273 2284 5345">
     <span class='ocr_line' id='line_1_75' title="bbox 724 5273 2284 5345; baseline 0 -21"><span class='ocrx_word' id='word_1_568' title='bbox 724 5282 809 5325; x_wconf 92' lang='lat' dir='ltr'><strong>tur</strong></span> <span class='ocrx_word' id='word_1_569' title='bbox 829 5273 972 5325; x_wconf 89' lang='lat' dir='ltr'><strong>enim</strong></span> <span class='ocrx_word' id='word_1_570' title='bbox 1004 5273 1120 5325; x_wconf 90' lang='lat' dir='ltr'><strong>sine</strong></span> <span class='ocrx_word' id='word_1_571' title='bbox 1147 5273 1329 5335; x_wconf 87' lang='lat' dir='ltr'><strong>dubio,</strong></span> <span class='ocrx_word' id='word_1_572' title='bbox 1359 5273 1566 5339; x_wconf 84' lang='lat' dir='ltr'><strong>Spiritu</strong></span> <span class='ocrx_word' id='word_1_573' title='bbox 1595 5273 1776 5326; x_wconf 87' lang='lat' dir='ltr'><strong>divina</strong></span> <span class='ocrx_word' id='word_1_574' title='bbox 1803 5274 2068 5328; x_wconf 81' lang='lat' dir='ltr'><strong>eﬂlciente</strong></span> <span class='ocrx_word' id='word_1_575' title='bbox 2104 5277 2284 5345; x_wconf 80' lang='lat' dir='ltr'><strong>signa,</strong></span> 
     </span>
    </p>
   </div>
   <div class='ocr_carea' id='block_1_74' title="bbox 723 5364 2287 5434">
    <p class='ocr_par' dir='ltr' id='par_1_74' title="bbox 723 5364 2287 5434">
     <span class='ocr_line' id='line_1_76' title="bbox 723 5364 2287 5434; baseline 0 -18"><span class='ocrx_word' id='word_1_576' title='bbox 723 5377 827 5418; x_wconf 88' lang='lat' dir='ltr'><strong>non</strong></span> <span class='ocrx_word' id='word_1_577' title='bbox 865 5373 920 5417; x_wconf 90' lang='lat' dir='ltr'><strong>ut</strong></span> <span class='ocrx_word' id='word_1_578' title='bbox 957 5364 1133 5418; x_wconf 80' lang='lat' dir='ltr'><strong>Deiler</strong></span> <span class='ocrx_word' id='word_1_579' title='bbox 1169 5365 1348 5426; x_wconf 91' lang='lat' dir='ltr'><strong>homo,</strong></span> <span class='ocrx_word' id='word_1_580' title='bbox 1386 5366 1452 5417; x_wconf 87' lang='lat' dir='ltr'><strong>ab</strong></span> <span class='ocrx_word' id='word_1_581' title='bbox 1488 5374 1716 5418; x_wconf 85' lang='lat' dir='ltr'><strong>externa</strong></span> <span class='ocrx_word' id='word_1_582' title='bbox 1759 5366 2146 5434; x_wconf 86' lang='lat' dir='ltr'><strong>superiorcque</strong></span> <span class='ocrx_word' id='word_1_583' title='bbox 2195 5382 2287 5417; x_wconf 85' lang='lat' dir='ltr'><strong>na-</strong></span> 
     </span>
    </p>
   </div>
   <div class='ocr_carea' id='block_1_75' title="bbox 725 5456 2292 5524">
    <p class='ocr_par' dir='ltr' id='par_1_75' title="bbox 725 5456 2292 5524">
     <span class='ocr_line' id='line_1_77' title="bbox 725 5456 2292 5524; baseline 0.003 -16"><span class='ocrx_word' id='word_1_584' title='bbox 725 5469 846 5508; x_wconf 86' lang='lat' dir='ltr'><strong>tura</strong></span> <span class='ocrx_word' id='word_1_585' title='bbox 875 5470 938 5511; x_wconf 89' lang='lat' dir='ltr'><strong>eo</strong></span> <span class='ocrx_word' id='word_1_586' title='bbox 971 5471 1197 5510; x_wconf 78' lang='lat' dir='ltr'><strong>munere</strong></span> <span class='ocrx_word' id='word_1_587' title='bbox 1244 5464 1554 5524; x_wconf 87' lang='lat' dir='ltr'><strong>comparato</strong></span> <span class='ocrx_word' id='word_1_588' title='bbox 1585 5498 1599 5522; x_wconf 94' lang='lat'><strong>,</strong></span> <span class='ocrx_word' id='word_1_589' title='bbox 1638 5466 1694 5510; x_wconf 91' lang='lat' dir='ltr'><strong>ut</strong></span> <span class='ocrx_word' id='word_1_590' title='bbox 1741 5456 1896 5511; x_wconf 87' lang='lat' dir='ltr'><strong>nobis</strong></span> <span class='ocrx_word' id='word_1_591' title='bbox 1937 5457 2161 5519; x_wconf 90' lang='lat' dir='ltr'><strong>accidit,</strong></span> <span class='ocrx_word' id='word_1_592' title='bbox 2200 5460 2292 5512; x_wconf 87' lang='lat' dir='ltr'><strong>sed</strong></span> 
     </span>
    </p>
   </div>
   <div class='ocr_carea' id='block_1_76' title="bbox 728 5545 2291 5615">
    <p class='ocr_par' dir='ltr' id='par_1_76' title="bbox 728 5545 2291 5615">
     <span class='ocr_line' id='line_1_78' title="bbox 728 5545 2291 5615; baseline 0.003 -18"><span class='ocrx_word' id='word_1_593' title='bbox 728 5545 930 5615; x_wconf 85' lang='lat' dir='ltr'><strong>Spiritu</strong></span> <span class='ocrx_word' id='word_1_594' title='bbox 964 5557 1212 5613; x_wconf 89' lang='lat' dir='ltr'><strong>tanquam</strong></span> <span class='ocrx_word' id='word_1_595' title='bbox 1248 5545 1465 5614; x_wconf 88' lang='lat' dir='ltr'><strong>proprio</strong></span> <span class='ocrx_word' id='word_1_596' title='bbox 1491 5561 1642 5599; x_wconf 90' lang='lat' dir='ltr'><strong>usus.</strong></span> <span class='ocrx_word' id='word_1_597' title='bbox 1699 5547 1834 5600; x_wconf 89' lang='lat' dir='ltr'><strong>Deus</strong></span> <span class='ocrx_word' id='word_1_598' title='bbox 1886 5547 2028 5600; x_wconf 89' lang='lat' dir='ltr'><strong>enim</strong></span> <span class='ocrx_word' id='word_1_599' title='bbox 2068 5559 2185 5601; x_wconf 91' lang='lat' dir='ltr'><strong>erat</strong></span> <span class='ocrx_word' id='word_1_600' title='bbox 2227 5566 2291 5601; x_wconf 81' lang='lat' dir='ltr'><strong>ex</strong></span> 
     </span>
    </p>
   </div>
   <div class='ocr_carea' id='block_1_77' title="bbox 730 5637 2289 5705">
    <p class='ocr_par' dir='ltr' id='par_1_77' title="bbox 730 5637 2289 5705">
     <span class='ocr_line' id='line_1_79' title="bbox 730 5637 2289 5705; baseline 0.004 -17"><span class='ocrx_word' id='word_1_601' title='bbox 730 5646 948 5700; x_wconf 87' lang='lat' dir='ltr'><strong>natura;</strong></span> <span class='ocrx_word' id='word_1_602' title='bbox 976 5637 1205 5705; x_wconf 85' lang='lat' dir='ltr'><strong>ideoque</strong></span> <span class='ocrx_word' id='word_1_603' title='bbox 1235 5637 1464 5705; x_wconf 87' lang='lat' dir='ltr'><strong>Spiritus</strong></span> <span class='ocrx_word' id='word_1_604' title='bbox 1498 5637 1611 5705; x_wconf 85' lang='lat' dir='ltr'><strong>ejus</strong></span> <span class='ocrx_word' id='word_1_605' title='bbox 1645 5641 1708 5690; x_wconf 86' lang='lat' dir='ltr'><strong>ab</strong></span> <span class='ocrx_word' id='word_1_606' title='bbox 1739 5655 1802 5692; x_wconf 89' lang='lat' dir='ltr'><strong>co</strong></span> <span class='ocrx_word' id='word_1_607' title='bbox 1849 5655 1953 5692; x_wconf 88' lang='lat' dir='ltr'><strong>non</strong></span> <span class='ocrx_word' id='word_1_608' title='bbox 1998 5651 2114 5694; x_wconf 86' lang='lat' dir='ltr'><strong>erat</strong></span> <span class='ocrx_word' id='word_1_609' title='bbox 2159 5642 2289 5694; x_wconf 90' lang='lat' dir='ltr'><strong>alic-</strong></span> 
     </span>
    </p>
   </div>
   <div class='ocr_carea' id='block_1_78' title="bbox 797 5794 1861 5863">
    <p class='ocr_par' dir='ltr' id='par_1_78' title="bbox 797 5794 1861 5863">
     <span class='ocr_line' id='line_1_80' title="bbox 797 5794 1861 5863; baseline 0 -15"><span class='ocrx_word' id='word_1_610' title='bbox 797 5795 844 5827; x_wconf 84' lang='grc'>⁸⁰</span> <span class='ocrx_word' id='word_1_611' title='bbox 882 5794 900 5848; x_wconf 95' lang='lat' dir='ltr'><strong>l</strong></span> <span class='ocrx_word' id='word_1_612' title='bbox 939 5794 1061 5851; x_wconf 87' lang='lat' dir='ltr'><strong>Cor.</strong></span> <span class='ocrx_word' id='word_1_613' title='bbox 1089 5811 1164 5862; x_wconf 83' lang='lat' dir='ltr'><strong>vt,</strong></span> <span class='ocrx_word' id='word_1_614' title='bbox 1190 5796 1274 5848; x_wconf 77' lang='grc'><strong>16.</strong></span> <span class='ocrx_word' id='word_1_615' title='bbox 1352 5797 1392 5827; x_wconf 72' lang='grc' dir='ltr'><strong>δι</strong></span> <span class='ocrx_word' id='word_1_616' title='bbox 1435 5795 1452 5848; x_wconf 87' lang='grc'><strong>1</strong></span> <span class='ocrx_word' id='word_1_617' title='bbox 1487 5795 1639 5850; x_wconf 85' lang='lat' dir='ltr'><strong>Joan.</strong></span> <span class='ocrx_word' id='word_1_618' title='bbox 1670 5811 1739 5863; x_wconf 81' lang='lat' dir='ltr'><strong>iv,</strong></span> <span class='ocrx_word' id='word_1_619' title='bbox 1775 5797 1861 5848; x_wconf 79' lang='grc'><strong>15.</strong></span> 
     </span>
    </p>
   </div>
   <div class='ocr_carea' id='block_1_79' title="bbox 2358 1966 3944 2056">
    <p class='ocr_par' dir='ltr' id='par_1_79' title="bbox 2358 1966 3944 2056">
     <span class='ocr_line' id='line_1_81' title="bbox 2358 1966 3944 2056; baseline -0.021 -7"><span class='ocrx_word' id='word_1_620' title='bbox 2358 1966 2540 2056; x_wconf 66' lang='grc' dir='ltr'>εῦθύςο</span> <span class='ocrx_word' id='word_1_621' title='bbox 2551 2011 2568 2044; x_wconf 80' lang='grc' dir='ltr'><strong>ι</strong></span> <span class='ocrx_word' id='word_1_622' title='bbox 2582 1989 2770 2043; x_wconf 82' lang='grc' dir='ltr'>Βούλει</span> <span class='ocrx_word' id='word_1_623' title='bbox 2783 1986 2876 2039; x_wconf 70' lang='grc' dir='ltr'>καὶ</span> <span class='ocrx_word' id='word_1_624' title='bbox 2888 1982 3054 2049; x_wconf 83' lang='grc' dir='ltr'>ἄλλην</span> <span class='ocrx_word' id='word_1_625' title='bbox 3069 1979 3159 2032; x_wconf 74' lang='grc' dir='ltr'>ἐπὶ</span> <span class='ocrx_word' id='word_1_626' title='bbox 3172 1977 3385 2038; x_wconf 77' lang='grc' dir='ltr'>τούτοις</span> <span class='ocrx_word' id='word_1_627' title='bbox 3402 1973 3583 2034; x_wconf 77' lang='grc' dir='ltr'>αὐτοῖς</span> <span class='ocrx_word' id='word_1_628' title='bbox 3597 1969 3696 2038; x_wconf 81' lang='grc' dir='ltr'>τῆς</span> <span class='ocrx_word' id='word_1_629' title='bbox 3708 1966 3944 2038; x_wconf 79' lang='grc' dir='ltr'>Τριάδος</span> 
     </span>
    </p>
   </div>
   <div class='ocr_carea' id='block_1_80' title="bbox 2359 2059 3944 2155">
    <p class='ocr_par' dir='ltr' id='par_1_80' title="bbox 2359 2059 3944 2155">
     <span class='ocr_line' id='line_1_82' title="bbox 2359 2059 3944 2155; baseline -0.019 -17"><span class='ocrx_word' id='word_1_630' title='bbox 2359 2085 2671 2155; x_wconf 88' lang='grc' dir='ltr'>ἐνέργειαν;</span> <span class='ocrx_word' id='word_1_631' title='bbox 2715 2099 2734 2131; x_wconf 81' lang='grc'><strong>›</strong></span> <span class='ocrx_word' id='word_1_632' title='bbox 2762 2077 2836 2139; x_wconf 88' lang='grc' dir='ltr'><strong>ώς</strong></span> <span class='ocrx_word' id='word_1_633' title='bbox 2866 2075 2968 2145; x_wconf 71' lang='grc' dir='ltr'>ήδη</span> <span class='ocrx_word' id='word_1_634' title='bbox 3001 2071 3224 2142; x_wconf 86' lang='grc' dir='ltr'>πρώτην</span> <span class='ocrx_word' id='word_1_635' title='bbox 3268 2062 3622 2134; x_wconf 72' lang='grc' dir='ltr'>ἀποδεδειχὼς</span> <span class='ocrx_word' id='word_1_636' title='bbox 3656 2059 3944 2155; x_wconf 75' lang='grc' dir='ltr'>ἐνέργειαν</span> 
     </span>
    </p>
   </div>
   <div class='ocr_carea' id='block_1_81' title="bbox 2359 2149 3942 2235">
    <p class='ocr_par' dir='ltr' id='par_1_81' title="bbox 2359 2149 3942 2235">
     <span class='ocr_line' id='line_1_83' title="bbox 2359 2149 3942 2235; baseline -0.018 -6"><span class='ocrx_word' id='word_1_637' title='bbox 2359 2149 2608 2228; x_wconf 25' lang='grc' dir='ltr'>τοῦίΘεοῦ</span> <span class='ocrx_word' id='word_1_638' title='bbox 2631 2172 2826 2235; x_wconf 81' lang='grc' dir='ltr'>Λόγου,</span> <span class='ocrx_word' id='word_1_639' title='bbox 2850 2166 2908 2219; x_wconf 81' lang='grc' dir='ltr'><strong>τὸ</strong></span> <span class='ocrx_word' id='word_1_640' title='bbox 2927 2165 3104 2233; x_wconf 82' lang='grc' dir='ltr'>σάρκα</span> <span class='ocrx_word' id='word_1_641' title='bbox 3128 2157 3406 2228; x_wconf 81' lang='grc' dir='ltr'>γενέσθαι,</span> <span class='ocrx_word' id='word_1_642' title='bbox 3423 2155 3562 2209; x_wconf 80' lang='grc' dir='ltr'>κατὰ</span> <span class='ocrx_word' id='word_1_643' title='bbox 3576 2153 3675 2215; x_wconf 83' lang='grc' dir='ltr'>τὰς</span> <span class='ocrx_word' id='word_1_644' title='bbox 3691 2149 3942 2222; x_wconf 77' lang='grc' dir='ltr'>Γραφάς.</span> 
     </span>
    </p>
   </div>
   <div class='ocr_carea' id='block_1_82' title="bbox 2363 2241 3944 2332">
    <p class='ocr_par' dir='ltr' id='par_1_82' title="bbox 2363 2241 3944 2332">
     <span class='ocr_line' id='line_1_84' title="bbox 2363 2241 3944 2332; baseline -0.017 -14"><span class='ocrx_word' id='word_1_645' title='bbox 2363 2265 2472 2318; x_wconf 78' lang='grc' dir='ltr'><strong>Καὶ</strong></span> <span class='ocrx_word' id='word_1_646' title='bbox 2489 2265 2571 2326; x_wconf 89' lang='grc' dir='ltr'><strong>τίς</strong></span> <span class='ocrx_word' id='word_1_647' title='bbox 2605 2264 2639 2332; x_wconf 82' lang='grc' dir='ltr'>ἡ</span> <span class='ocrx_word' id='word_1_648' title='bbox 2669 2259 2832 2329; x_wconf 79' lang='grc' dir='ltr'>ἑτέρα</span> <span class='ocrx_word' id='word_1_649' title='bbox 2867 2254 3005 2325; x_wconf 76' lang='grc' dir='ltr'>μετὰ</span> <span class='ocrx_word' id='word_1_650' title='bbox 3027 2252 3125 2323; x_wconf 80' lang='grc' dir='ltr'>τὴν</span> <span class='ocrx_word' id='word_1_651' title='bbox 3149 2249 3374 2320; x_wconf 76' lang='grc' dir='ltr'>πρώτην</span> <span class='ocrx_word' id='word_1_652' title='bbox 3391 2245 3671 2316; x_wconf 81' lang='grc' dir='ltr'>ἐνέργειαν</span> <span class='ocrx_word' id='word_1_653' title='bbox 3701 2241 3944 2294; x_wconf 80' lang='grc' dir='ltr'>διαδείκ-</span> 
     </span>
    </p>
   </div>
   <div class='ocr_carea' id='block_1_83' title="bbox 2363 2333 3946 2425">
    <p class='ocr_par' dir='ltr' id='par_1_83' title="bbox 2363 2333 3946 2425">
     <span class='ocr_line' id='line_1_85' title="bbox 2363 2333 3946 2425; baseline -0.017 -14"><span class='ocrx_word' id='word_1_654' title='bbox 2363 2374 2517 2410; x_wconf 91' lang='grc' dir='ltr'>νυσιν</span> <span class='ocrx_word' id='word_1_655' title='bbox 2541 2355 2652 2425; x_wconf 70' lang='grc' dir='ltr'><strong>[τον.</strong></span> <span class='ocrx_word' id='word_1_656' title='bbox 2675 2347 2936 2419; x_wconf 85' lang='grc' dir='ltr'>δεικνύς],</span> <span class='ocrx_word' id='word_1_657' title='bbox 2960 2345 3146 2414; x_wconf 78' lang='grc' dir='ltr'>ὥσπερ</span> <span class='ocrx_word' id='word_1_658' title='bbox 3169 2343 3360 2405; x_wconf 76' lang='grc' dir='ltr'>οἴεται,</span> <span class='ocrx_word' id='word_1_659' title='bbox 3391 2337 3575 2408; x_wconf 74' lang='grc' dir='ltr'><strong>φησίν⁸</strong></span> <span class='ocrx_word' id='word_1_660' title='bbox 3596 2354 3614 2386; x_wconf 84' lang='grc' dir='ltr'><strong>ι</strong></span> <span class='ocrx_word' id='word_1_661' title='bbox 3637 2333 3946 2403; x_wconf 79' lang='grc' dir='ltr'>Ἐνῴκησεν</span> 
     </span>
    </p>
   </div>
   <div class='ocr_carea' id='block_1_84' title="bbox 2362 2426 3946 2514">
    <p class='ocr_par' dir='ltr' id='par_1_84' title="bbox 2362 2426 3946 2514">
     <span class='ocr_line' id='line_1_86' title="bbox 2362 2426 3946 2514; baseline -0.017 -11"><span class='ocrx_word' id='word_1_662' title='bbox 2362 2451 2390 2502; x_wconf 90' lang='lat'><strong>6</strong></span> <span class='ocrx_word' id='word_1_663' title='bbox 2410 2450 2534 2511; x_wconf 78' lang='grc' dir='ltr'>Υἱὸς</span> <span class='ocrx_word' id='word_1_664' title='bbox 2557 2448 2612 2499; x_wconf 85' lang='grc' dir='ltr'><strong>ἐν</strong></span> <span class='ocrx_word' id='word_1_665' title='bbox 2628 2444 2705 2514; x_wconf 84' lang='grc' dir='ltr'>τῷ</span> <span class='ocrx_word' id='word_1_666' title='bbox 2728 2443 2959 2511; x_wconf 88' lang='grc' dir='ltr'>σώματι.</span> <span class='ocrx_word' id='word_1_667' title='bbox 2995 2459 3012 2489; x_wconf 75' lang='grc' dir='ltr'><strong>ι</strong></span> <span class='ocrx_word' id='word_1_668' title='bbox 3039 2436 3306 2505; x_wconf 80' lang='grc' dir='ltr'>Θεοφόρος</span> <span class='ocrx_word' id='word_1_669' title='bbox 3331 2429 3424 2484; x_wconf 79' lang='grc' dir='ltr'><strong>οὖν</strong></span> <span class='ocrx_word' id='word_1_670' title='bbox 3454 2430 3741 2500; x_wconf 75' lang='grc' dir='ltr'>ἅνθρωπος</span> <span class='ocrx_word' id='word_1_671' title='bbox 3759 2429 3786 2479; x_wconf 98' lang='lat'><strong>6</strong></span> <span class='ocrx_word' id='word_1_672' title='bbox 3808 2426 3946 2495; x_wconf 80' lang='grc' dir='ltr'>Χρι-</span> 
     </span>
    </p>
   </div>
   <div class='ocr_carea' id='block_1_85' title="bbox 2365 2517 3948 2602">
    <p class='ocr_par' dir='ltr' id='par_1_85' title="bbox 2365 2517 3948 2602">
     <span class='ocr_line' id='line_1_87' title="bbox 2365 2517 3948 2602; baseline -0.018 -8"><span class='ocrx_word' id='word_1_673' title='bbox 2365 2541 2508 2602; x_wconf 89' lang='grc' dir='ltr'>στός.</span> <span class='ocrx_word' id='word_1_674' title='bbox 2534 2533 2666 2590; x_wconf 70' lang='grc' dir='ltr'>Εἶτα</span> <span class='ocrx_word' id='word_1_675' title='bbox 2687 2534 2781 2588; x_wconf 68' lang='grc' dir='ltr'>καὶ</span> <span class='ocrx_word' id='word_1_676' title='bbox 2807 2532 2965 2601; x_wconf 88' lang='grc' dir='ltr'>μόνον</span> <span class='ocrx_word' id='word_1_677' title='bbox 3000 2527 3158 2580; x_wconf 89' lang='grc' dir='ltr'>τοῦτο</span> <span class='ocrx_word' id='word_1_678' title='bbox 3191 2524 3495 2594; x_wconf 84' lang='grc' dir='ltr'>ἐνεργήσας</span> <span class='ocrx_word' id='word_1_679' title='bbox 3535 2521 3614 2582; x_wconf 88' lang='grc' dir='ltr'><strong>είς</strong></span> <span class='ocrx_word' id='word_1_680' title='bbox 3657 2517 3948 2586; x_wconf 79' lang='grc' dir='ltr'>ἄνθρωπον</span> 
     </span>
    </p>
   </div>
   <div class='ocr_carea' id='block_1_86' title="bbox 2364 2607 3948 2689">
    <p class='ocr_par' dir='ltr' id='par_1_86' title="bbox 2364 2607 3948 2689">
     <span class='ocr_line' id='line_1_88' title="bbox 2364 2607 3948 2689; baseline -0.017 -6"><span class='ocrx_word' id='word_1_681' title='bbox 2364 2631 2393 2682; x_wconf 86' lang='grc' dir='ltr'><strong>ὁ</strong></span> <span class='ocrx_word' id='word_1_682' title='bbox 2417 2628 2509 2682; x_wconf 87' lang='grc' dir='ltr'><strong>τοῦ</strong></span> <span class='ocrx_word' id='word_1_683' title='bbox 2537 2624 2673 2679; x_wconf 90' lang='grc' dir='ltr'>Θεοῦ</span> <span class='ocrx_word' id='word_1_684' title='bbox 2704 2623 2798 2675; x_wconf 72' lang='grc' dir='ltr'><strong>καὶ</strong></span> <span class='ocrx_word' id='word_1_685' title='bbox 2830 2617 3040 2689; x_wconf 70' lang='grc' dir='ltr'>[ἰατρὸς</span> <span class='ocrx_word' id='word_1_686' title='bbox 3059 2613 3399 2682; x_wconf 76' lang='grc' dir='ltr'>διαφαίνεται</span> <span class='ocrx_word' id='word_1_687' title='bbox 3429 2610 3622 2678; x_wconf 86' lang='grc' dir='ltr'>Λόγος·</span> <span class='ocrx_word' id='word_1_688' title='bbox 3644 2607 3807 2669; x_wconf 81' lang='grc' dir='ltr'>ὥστε,</span> <span class='ocrx_word' id='word_1_689' title='bbox 3840 2607 3948 2657; x_wconf 76' lang='grc' dir='ltr'><strong>κᾶν</strong></span> 
     </span>
    </p>
   </div>
   <div class='ocr_carea' id='block_1_87' title="bbox 2367 2696 3949 2786">
    <p class='ocr_par' dir='ltr' id='par_1_87' title="bbox 2367 2696 3949 2786">
     <span class='ocr_line' id='line_1_89' title="bbox 2367 2696 3949 2786; baseline -0.018 -12"><span class='ocrx_word' id='word_1_690' title='bbox 2367 2723 2415 2774; x_wconf 90' lang='grc' dir='ltr'><strong>εί</strong></span> <span class='ocrx_word' id='word_1_691' title='bbox 2445 2719 2591 2786; x_wconf 83' lang='grc' dir='ltr'>λέγοι</span> <span class='ocrx_word' id='word_1_692' title='bbox 2626 2713 2787 2784; x_wconf 71' lang='grc' dir='ltr'>τυχὸν</span> <span class='ocrx_word' id='word_1_693' title='bbox 2813 2712 2842 2763; x_wconf 88' lang='lat'><strong>6</strong></span> <span class='ocrx_word' id='word_1_694' title='bbox 2884 2707 3152 2780; x_wconf 88' lang='grc' dir='ltr'>μακάριος</span> <span class='ocrx_word' id='word_1_695' title='bbox 3186 2700 3595 2772; x_wconf 81' lang='grc' dir='ltr'>εύαγγελιστὴς,</span> <span class='ocrx_word' id='word_1_696' title='bbox 3632 2717 3650 2749; x_wconf 79' lang='grc' dir='ltr'><strong>ι</strong></span> <span class='ocrx_word' id='word_1_697' title='bbox 3686 2698 3745 2748; x_wconf 91' lang='lat'><strong>&#39;0</strong></span> <span class='ocrx_word' id='word_1_698' title='bbox 3773 2696 3949 2763; x_wconf 86' lang='grc' dir='ltr'>Λόγος</span> 
     </span>
    </p>
   </div>
   <div class='ocr_carea' id='block_1_88' title="bbox 2369 2787 3949 2881">
    <p class='ocr_par' dir='ltr' id='par_1_88' title="bbox 2369 2787 3949 2881">
     <span class='ocr_line' id='line_1_90' title="bbox 2369 2787 3949 2881; baseline -0.017 -17"><span class='ocrx_word' id='word_1_699' title='bbox 2369 2811 2508 2881; x_wconf 75' lang='grc' dir='ltr'>σὰρξ</span> <span class='ocrx_word' id='word_1_700' title='bbox 2528 2806 2764 2875; x_wconf 87' lang='grc' dir='ltr'>ἐγένετο,</span> <span class='ocrx_word' id='word_1_701' title='bbox 2803 2801 2896 2854; x_wconf 78' lang='grc' dir='ltr'><strong>καὶ</strong></span> <span class='ocrx_word' id='word_1_702' title='bbox 2918 2799 3228 2868; x_wconf 79' lang='grc' dir='ltr'>ἐσκήνωσεν</span> <span class='ocrx_word' id='word_1_703' title='bbox 3263 2797 3320 2847; x_wconf 91' lang='grc' dir='ltr'><strong>ἐν</strong></span> <span class='ocrx_word' id='word_1_704' title='bbox 3367 2794 3522 2862; x_wconf 76' lang='grc' dir='ltr'>ἡμῖν,</span> <span class='ocrx_word' id='word_1_705' title='bbox 3555 2810 3573 2842; x_wconf 72' lang='grc' dir='ltr'><strong>ι</strong></span> <span class='ocrx_word' id='word_1_706' title='bbox 3608 2787 3949 2858; x_wconf 84' lang='grc' dir='ltr'>καταδηλοῦν</span> 
     </span>
    </p>
   </div>
   <div class='ocr_carea' id='block_1_89' title="bbox 2368 2880 3949 2972">
    <p class='ocr_par' dir='ltr' id='par_1_89' title="bbox 2368 2880 3949 2972">
     <span class='ocr_line' id='line_1_91' title="bbox 2368 2880 3949 2972; baseline -0.016 -17"><span class='ocrx_word' id='word_1_707' title='bbox 2368 2880 2501 2972; x_wconf 82' lang='grc' dir='ltr'>ἡμῖν</span> <span class='ocrx_word' id='word_1_708' title='bbox 2537 2899 2727 2968; x_wconf 75' lang='grc' dir='ltr'>ἕτερον</span> <span class='ocrx_word' id='word_1_709' title='bbox 2759 2894 2931 2958; x_wconf 76' lang='grc' dir='ltr'>οὐδὲν,</span> <span class='ocrx_word' id='word_1_710' title='bbox 2960 2888 3100 2958; x_wconf 78' lang='grc' dir='ltr'>πλὴν</span> <span class='ocrx_word' id='word_1_711' title='bbox 3135 2888 3311 2940; x_wconf 84' lang='grc' dir='ltr'>ἐκεῖνο</span> <span class='ocrx_word' id='word_1_712' title='bbox 3361 2882 3455 2936; x_wconf 72' lang='grc' dir='ltr'>καὶ</span> <span class='ocrx_word' id='word_1_713' title='bbox 3493 2881 3674 2953; x_wconf 88' lang='grc' dir='ltr'>μόνον,</span> <span class='ocrx_word' id='word_1_714' title='bbox 3700 2880 3781 2932; x_wconf 83' lang='grc' dir='ltr'>ὅτι</span> <span class='ocrx_word' id='word_1_715' title='bbox 3811 2894 3949 2930; x_wconf 59' lang='grc' dir='ltr'>κατ’</span> 
     </span>
    </p>
   </div>
   <div class='ocr_carea' id='block_1_90' title="bbox 2369 2970 3951 3063">
    <p class='ocr_par' dir='ltr' id='par_1_90' title="bbox 2369 2970 3951 3063">
     <span class='ocr_line' id='line_1_92' title="bbox 2369 2970 3951 3063; baseline -0.015 -17"><span class='ocrx_word' id='word_1_716' title='bbox 2369 2970 2585 3063; x_wconf 75' lang='grc' dir='ltr'>ᾤκησεν</span> <span class='ocrx_word' id='word_1_717' title='bbox 2615 2990 2674 3042; x_wconf 81' lang='grc' dir='ltr'><strong>ἐν</strong></span> <span class='ocrx_word' id='word_1_718' title='bbox 2692 2983 2965 3056; x_wconf 83' lang='grc' dir='ltr'>ἀνθρώπῳ</span> <span class='ocrx_word' id='word_1_719' title='bbox 2997 2980 3130 3042; x_wconf 77' lang='grc' dir='ltr'>Θεὸς</span> <span class='ocrx_word' id='word_1_720' title='bbox 3161 2977 3238 3029; x_wconf 80' lang='grc' dir='ltr'><strong>ὢν</strong></span> <span class='ocrx_word' id='word_1_721' title='bbox 3269 2978 3298 3028; x_wconf 92' lang='lat'><strong>6</strong></span> <span class='ocrx_word' id='word_1_722' title='bbox 3336 2977 3529 3042; x_wconf 89' lang='grc' dir='ltr'>Λόγος,</span> <span class='ocrx_word' id='word_1_723' title='bbox 3569 2971 3715 3025; x_wconf 81' lang='grc' dir='ltr'>καθὰ</span> <span class='ocrx_word' id='word_1_724' title='bbox 3753 2970 3844 3023; x_wconf 72' lang='grc' dir='ltr'>καὶ</span> <span class='ocrx_word' id='word_1_725' title='bbox 3891 2971 3951 3023; x_wconf 83' lang='grc' dir='ltr'><strong>ἐν</strong></span> 
     </span>
    </p>
   </div>
   <div class='ocr_carea' id='block_1_91' title="bbox 2371 3061 3954 3157">
    <p class='ocr_par' dir='ltr' id='par_1_91' title="bbox 2371 3061 3954 3157">
     <span class='ocr_line' id='line_1_93' title="bbox 2371 3061 3954 3157; baseline -0.017 -19"><span class='ocrx_word' id='word_1_726' title='bbox 2371 3061 2503 3157; x_wconf 66' lang='grc' dir='ltr'>ημῖν</span> <span class='ocrx_word' id='word_1_727' title='bbox 2555 3082 2758 3142; x_wconf 79' lang='grc' dir='ltr'>αὐτοῖς.</span> <span class='ocrx_word' id='word_1_728' title='bbox 2797 3074 2936 3130; x_wconf 87' lang='grc' dir='ltr'>Ναο“ι</span> <span class='ocrx_word' id='word_1_729' title='bbox 2967 3072 3078 3142; x_wconf 84' lang='grc' dir='ltr'>γάρ</span> <span class='ocrx_word' id='word_1_730' title='bbox 3114 3073 3283 3138; x_wconf 91' lang='grc' dir='ltr'>ἐσμεν</span> <span class='ocrx_word' id='word_1_731' title='bbox 3313 3064 3450 3119; x_wconf 91' lang='grc' dir='ltr'>Θεοῦ</span> <span class='ocrx_word' id='word_1_732' title='bbox 3497 3062 3700 3128; x_wconf 78' lang='grc' dir='ltr'>ζῶντος</span> <span class='ocrx_word' id='word_1_733' title='bbox 3722 3101 3737 3125; x_wconf 96' lang='grc'><strong>,</strong></span> <span class='ocrx_word' id='word_1_734' title='bbox 3770 3061 3870 3114; x_wconf 75' lang='grc' dir='ltr'><strong>καὶ</strong></span> <span class='ocrx_word' id='word_1_735' title='bbox 3894 3061 3954 3157; x_wconf 65' lang='grc' dir='ltr'><strong>ἐν</strong></span> 
     </span>
    </p>
   </div>
   <div class='ocr_carea' id='block_1_92' title="bbox 2371 3150 3954 3242">
    <p class='ocr_par' dir='ltr' id='par_1_92' title="bbox 2371 3150 3954 3242">
     <span class='ocr_line' id='line_1_94' title="bbox 2371 3150 3954 3242; baseline -0.015 -14"><span class='ocrx_word' id='word_1_736' title='bbox 2371 3176 2549 3242; x_wconf 88' lang='grc' dir='ltr'>τούτῳ</span> <span class='ocrx_word' id='word_1_737' title='bbox 2601 3169 2946 3240; x_wconf 82' lang='grc' dir='ltr'>γινώσκομεν</span> <span class='ocrx_word' id='word_1_738' title='bbox 2991 3165 3072 3216; x_wconf 82' lang='grc' dir='ltr'>ὅτι</span> <span class='ocrx_word' id='word_1_739' title='bbox 3126 3163 3184 3213; x_wconf 91' lang='grc' dir='ltr'><strong>ἐν</strong></span> <span class='ocrx_word' id='word_1_740' title='bbox 3229 3161 3365 3230; x_wconf 78' lang='grc' dir='ltr'>ἡμῖν</span> <span class='ocrx_word' id='word_1_741' title='bbox 3400 3158 3568 3221; x_wconf 82' lang='grc' dir='ltr'>ἐστιν,</span> <span class='ocrx_word' id='word_1_742' title='bbox 3599 3156 3682 3209; x_wconf 84' lang='grc' dir='ltr'>ὅτι</span> <span class='ocrx_word' id='word_1_743' title='bbox 3732 3153 3797 3207; x_wconf 82' lang='grc' dir='ltr'><strong>ἐκ</strong></span> <span class='ocrx_word' id='word_1_744' title='bbox 3856 3150 3954 3205; x_wconf 87' lang='grc' dir='ltr'><strong>τοῦ</strong></span> 
     </span>
    </p>
   </div>
   <div class='ocr_carea' id='block_1_93' title="bbox 2955 3245 3956 3316">
    <p class='ocr_par' dir='ltr' id='par_1_93' title="bbox 2955 3245 3956 3316">
     <span class='ocr_line' id='line_1_95' title="bbox 2955 3245 3956 3316; baseline -0.013 -8"><span class='ocrx_word' id='word_1_745' title='bbox 2955 3250 3359 3308; x_wconf 76' lang='grc' dir='ltr'>ἔδωκεν.¹⁹Αλλ⁹</span> <span class='ocrx_word' id='word_1_746' title='bbox 3389 3250 3449 3301; x_wconf 81' lang='grc' dir='ltr'><strong>οὐ</strong></span> <span class='ocrx_word' id='word_1_747' title='bbox 3482 3248 3642 3302; x_wconf 88' lang='grc' dir='ltr'>τοῦτο</span> <span class='ocrx_word' id='word_1_748' title='bbox 3682 3247 3782 3316; x_wconf 85' lang='grc' dir='ltr'><strong>μὲν</strong></span> <span class='ocrx_word' id='word_1_749' title='bbox 3823 3245 3956 3306; x_wconf 79' lang='grc' dir='ltr'>ἴσως</span> 
     </span>
    </p>
   </div>
   <div class='ocr_carea' id='block_1_94' title="bbox 2374 3336 3956 3426">
    <p class='ocr_par' dir='ltr' id='par_1_94' title="bbox 2374 3336 3956 3426">
     <span class='ocr_line' id='line_1_96' title="bbox 2374 3336 3956 3426; baseline -0.015 -17"><span class='ocrx_word' id='word_1_750' title='bbox 2374 3359 2538 3426; x_wconf 85' lang='grc' dir='ltr'>ἐρεῖς,</span> <span class='ocrx_word' id='word_1_751' title='bbox 2583 3349 3008 3419; x_wconf 85' lang='grc' dir='ltr'>καταναρκήσας</span> <span class='ocrx_word' id='word_1_752' title='bbox 3062 3344 3162 3413; x_wconf 83' lang='grc' dir='ltr'><strong>τὴν</strong></span> <span class='ocrx_word' id='word_1_753' title='bbox 3203 3340 3557 3411; x_wconf 75' lang='grc' dir='ltr'>δυσφημίανο</span> <span class='ocrx_word' id='word_1_754' title='bbox 3593 3336 3956 3407; x_wconf 72' lang='grc' dir='ltr'>ὁμολογήσεις</span> 
     </span>
    </p>
   </div>
   <div class='ocr_carea' id='block_1_95' title="bbox 2373 3428 3957 3515">
    <p class='ocr_par' dir='ltr' id='par_1_95' title="bbox 2373 3428 3957 3515">
     <span class='ocr_line' id='line_1_97' title="bbox 2373 3428 3957 3515; baseline -0.011 -17"><span class='ocrx_word' id='word_1_755' title='bbox 2373 3446 2429 3498; x_wconf 86' lang='grc' dir='ltr'>δὲ</span> <span class='ocrx_word' id='word_1_756' title='bbox 2464 3444 2583 3515; x_wconf 73' lang='grc' dir='ltr'>μεθ’</span> <span class='ocrx_word' id='word_1_757' title='bbox 2604 3442 2783 3514; x_wconf 83' lang='grc' dir='ltr'>ἡμῶν,</span> <span class='ocrx_word' id='word_1_758' title='bbox 2813 3443 2895 3496; x_wconf 87' lang='grc' dir='ltr'>ὅτι</span> <span class='ocrx_word' id='word_1_759' title='bbox 2923 3441 3149 3509; x_wconf 89' lang='grc' dir='ltr'>γέγονεν</span> <span class='ocrx_word' id='word_1_760' title='bbox 3176 3436 3463 3507; x_wconf 83' lang='grc' dir='ltr'>ἄνθρωπος</span> <span class='ocrx_word' id='word_1_761' title='bbox 3488 3435 3517 3485; x_wconf 93' lang='lat'><strong>6</strong></span> <span class='ocrx_word' id='word_1_762' title='bbox 3547 3431 3642 3485; x_wconf 89' lang='grc' dir='ltr'><strong>τοῦ</strong></span> <span class='ocrx_word' id='word_1_763' title='bbox 3673 3428 3808 3483; x_wconf 90' lang='grc' dir='ltr'>Θεοῦ</span> <span class='ocrx_word' id='word_1_764' title='bbox 3850 3428 3957 3482; x_wconf 79' lang='lat' dir='ltr'><strong>A6-</strong></span> 
     </span>
    </p>
   </div>
   <div class='ocr_carea' id='block_1_96' title="bbox 2375 3520 3959 3601">
    <p class='ocr_par' dir='ltr' id='par_1_96' title="bbox 2375 3520 3959 3601">
     <span class='ocr_line' id='line_1_98' title="bbox 2375 3520 3959 3601; baseline -0.008 -17"><span class='ocrx_word' id='word_1_765' title='bbox 2375 3549 2469 3601; x_wconf 86' lang='grc' dir='ltr'><strong>γος</strong></span> <span class='ocrx_word' id='word_1_766' title='bbox 2492 3549 2506 3562; x_wconf 75' lang='grc' dir='ltr'><strong>ο</strong></span> <span class='ocrx_word' id='word_1_767' title='bbox 2537 3536 2630 3586; x_wconf 72' lang='grc' dir='ltr'>καὶ</span> <span class='ocrx_word' id='word_1_768' title='bbox 2688 3531 2847 3584; x_wconf 87' lang='grc' dir='ltr'>τοῦτό</span> <span class='ocrx_word' id='word_1_769' title='bbox 2888 3533 3037 3583; x_wconf 81' lang='grc' dir='ltr'>ἐστιν</span> <span class='ocrx_word' id='word_1_770' title='bbox 3063 3531 3096 3599; x_wconf 78' lang='grc' dir='ltr'>ἡ</span> <span class='ocrx_word' id='word_1_771' title='bbox 3135 3529 3436 3598; x_wconf 85' lang='grc' dir='ltr'>σάρκωσις.</span> <span class='ocrx_word' id='word_1_772' title='bbox 3478 3522 3730 3594; x_wconf 75' lang='grc' dir='ltr'>Συνθήσῃ</span> <span class='ocrx_word' id='word_1_773' title='bbox 3768 3520 3845 3586; x_wconf 77' lang='grc' dir='ltr'><strong>δὲ,</strong></span> <span class='ocrx_word' id='word_1_774' title='bbox 3873 3522 3959 3572; x_wconf 81' lang='grc' dir='ltr'>ὅτι</span> 
     </span>
    </p>
   </div>
   <div class='ocr_carea' id='block_1_97' title="bbox 2380 3612 3960 3693">
    <p class='ocr_par' dir='ltr' id='par_1_97' title="bbox 2380 3612 3960 3693">
     <span class='ocr_line' id='line_1_99' title="bbox 2380 3612 3960 3693; baseline -0.007 -19"><span class='ocrx_word' id='word_1_775' title='bbox 2380 3625 2660 3693; x_wconf 81' lang='grc' dir='ltr'>μεμένηκε</span> <span class='ocrx_word' id='word_1_776' title='bbox 2692 3623 2846 3687; x_wconf 83' lang='grc' dir='ltr'>Θεὸς,</span> <span class='ocrx_word' id='word_1_777' title='bbox 2878 3623 2972 3676; x_wconf 73' lang='grc' dir='ltr'>καὶ</span> <span class='ocrx_word' id='word_1_778' title='bbox 3001 3621 3063 3674; x_wconf 84' lang='grc' dir='ltr'><strong>τὸ</strong></span> <span class='ocrx_word' id='word_1_779' title='bbox 3096 3621 3196 3690; x_wconf 86' lang='grc' dir='ltr'>τῆς</span> <span class='ocrx_word' id='word_1_780' title='bbox 3243 3619 3380 3680; x_wconf 75' lang='grc' dir='ltr'>ιδίας</span> <span class='ocrx_word' id='word_1_781' title='bbox 3419 3616 3635 3685; x_wconf 81' lang='grc' dir='ltr'>φύσεως</span> <span class='ocrx_word' id='word_1_782' title='bbox 3659 3612 3960 3667; x_wconf 79' lang='grc' dir='ltr'>διεσώσατο</span> 
     </span>
    </p>
   </div>
   <div class='ocr_carea' id='block_1_98' title="bbox 2379 3703 3958 3783">
    <p class='ocr_par' dir='ltr' id='par_1_98' title="bbox 2379 3703 3958 3783">
     <span class='ocr_line' id='line_1_100' title="bbox 2379 3703 3958 3783; baseline -0.009 -15"><span class='ocrx_word' id='word_1_783' title='bbox 2379 3715 2606 3779; x_wconf 75' lang='grc' dir='ltr'>κάλλος’</span> <span class='ocrx_word' id='word_1_784' title='bbox 2643 3715 2748 3767; x_wconf 78' lang='grc' dir='ltr'><strong>κᾶν</strong></span> <span class='ocrx_word' id='word_1_785' title='bbox 2790 3715 2839 3766; x_wconf 82' lang='grc' dir='ltr'><strong>εί</strong></span> <span class='ocrx_word' id='word_1_786' title='bbox 2890 3713 3299 3783; x_wconf 82' lang='grc' dir='ltr'>κεχρημάτικεν</span> <span class='ocrx_word' id='word_1_787' title='bbox 3346 3709 3475 3772; x_wconf 83' lang='grc' dir='ltr'>Υἱὸς</span> <span class='ocrx_word' id='word_1_788' title='bbox 3520 3704 3831 3777; x_wconf 65' lang='grc' dir='ltr'>ἀνθρώπου,</span> <span class='ocrx_word' id='word_1_789' title='bbox 3863 3703 3958 3770; x_wconf 70' lang='grc' dir='ltr'>γέι</span> 
     </span>
    </p>
   </div>
   <div class='ocr_carea' id='block_1_99' title="bbox 2378 3795 3959 3875">
    <p class='ocr_par' dir='ltr' id='par_1_99' title="bbox 2378 3795 3959 3875">
     <span class='ocr_line' id='line_1_101' title="bbox 2378 3795 3959 3875; baseline -0.009 -16"><span class='ocrx_word' id='word_1_790' title='bbox 2378 3808 2502 3875; x_wconf 91' lang='grc' dir='ltr'>γονέ</span> <span class='ocrx_word' id='word_1_791' title='bbox 2530 3823 2589 3858; x_wconf 89' lang='grc' dir='ltr'><strong>τε</strong></span> <span class='ocrx_word' id='word_1_792' title='bbox 2611 3804 2770 3858; x_wconf 88' lang='grc' dir='ltr'>τοῦτο</span> <span class='ocrx_word' id='word_1_793' title='bbox 2790 3805 2930 3858; x_wconf 81' lang='grc' dir='ltr'>κατὰ</span> <span class='ocrx_word' id='word_1_794' title='bbox 2951 3804 3230 3873; x_wconf 84' lang='grc' dir='ltr'>ἀλήθειαν.</span> <span class='ocrx_word' id='word_1_795' title='bbox 3247 3795 3379 3854; x_wconf 74' lang='grc' dir='ltr'><strong>Εἶτα</strong></span> <span class='ocrx_word' id='word_1_796' title='bbox 3411 3800 3465 3852; x_wconf 85' lang='grc' dir='ltr'><strong>τί</strong></span> <span class='ocrx_word' id='word_1_797' title='bbox 3496 3796 3684 3868; x_wconf 86' lang='grc' dir='ltr'>μαθὼν</span> <span class='ocrx_word' id='word_1_798' title='bbox 3712 3796 3823 3867; x_wconf 84' lang='grc' dir='ltr'>ιισ.</span> <span class='ocrx_word' id='word_1_799' title='bbox 3849 3812 3959 3846; x_wconf 78' lang='grc' dir='ltr'><strong>πα-</strong></span> 
     </span>
    </p>
   </div>
   <div class='ocr_carea' id='block_1_100' title="bbox 2382 3887 3960 3965">
    <p class='ocr_par' dir='ltr' id='par_1_100' title="bbox 2382 3887 3960 3965">
     <span class='ocr_line' id='line_1_102' title="bbox 2382 3887 3960 3965; baseline -0.006 -19"><span class='ocrx_word' id='word_1_800' title='bbox 2382 3895 2536 3965; x_wconf 80' lang='grc' dir='ltr'>θὼν],</span> <span class='ocrx_word' id='word_1_801' title='bbox 2575 3894 2904 3962; x_wconf 77' lang='grc' dir='ltr'>συγκαθίσαι</span> <span class='ocrx_word' id='word_1_802' title='bbox 2941 3893 3047 3962; x_wconf 78' lang='grc' dir='ltr'><strong>φὴς</strong></span> <span class='ocrx_word' id='word_1_803' title='bbox 3081 3890 3260 3961; x_wconf 82' lang='grc' dir='ltr'>ἐαυτῷ</span> <span class='ocrx_word' id='word_1_804' title='bbox 3300 3889 3392 3942; x_wconf 80' lang='grc' dir='ltr'><strong>τὸν</strong></span> <span class='ocrx_word' id='word_1_805' title='bbox 3429 3887 3669 3959; x_wconf 84' lang='grc' dir='ltr'>Πατέρα,</span> <span class='ocrx_word' id='word_1_806' title='bbox 3697 3887 3797 3955; x_wconf 82' lang='grc' dir='ltr'>τὴν</span> <span class='ocrx_word' id='word_1_807' title='bbox 3829 3887 3960 3938; x_wconf 83' lang='grc' dir='ltr'>ἁνα-</span> 
     </span>
    </p>
   </div>
   <div class='ocr_carea' id='block_1_101' title="bbox 2382 3976 3960 4053">
    <p class='ocr_par' dir='ltr' id='par_1_101' title="bbox 2382 3976 3960 4053">
     <span class='ocr_line' id='line_1_103' title="bbox 2382 3976 3960 4053; baseline -0.004 -19"><span class='ocrx_word' id='word_1_808' title='bbox 2382 3983 2680 4052; x_wconf 67' lang='grc' dir='ltr'>ληςρθεῖσαν</span> <span class='ocrx_word' id='word_1_809' title='bbox 2722 3982 3138 4053; x_wconf 83' lang='grc' dir='ltr'>ἅνθρωπότητα,</span> <span class='ocrx_word' id='word_1_810' title='bbox 3175 3981 3272 4033; x_wconf 73' lang='grc' dir='ltr'>καὶ</span> <span class='ocrx_word' id='word_1_811' title='bbox 3321 3979 3441 4049; x_wconf 77' lang='grc' dir='ltr'>οὐχὶ</span> <span class='ocrx_word' id='word_1_812' title='bbox 3475 3979 3538 4048; x_wconf 80' lang='grc' dir='ltr'>δὴ</span> <span class='ocrx_word' id='word_1_813' title='bbox 3571 3976 3790 4047; x_wconf 82' lang='grc' dir='ltr'>μᾶλλον,</span> <span class='ocrx_word' id='word_1_814' title='bbox 3845 3979 3960 4038; x_wconf 78' lang='grc' dir='ltr'>τοῖς</span> 
     </span>
    </p>
   </div>
   <div class='ocr_carea' id='block_1_102' title="bbox 2381 4066 3960 4144">
    <p class='ocr_par' dir='ltr' id='par_1_102' title="bbox 2381 4066 3960 4144">
     <span class='ocr_line' id='line_1_104' title="bbox 2381 4066 3960 4144; baseline -0.005 -18"><span class='ocrx_word' id='word_1_815' title='bbox 2381 4076 2478 4144; x_wconf 83' lang='grc' dir='ltr'>τῆς</span> <span class='ocrx_word' id='word_1_816' title='bbox 2514 4073 2646 4136; x_wconf 86' lang='grc' dir='ltr'>ίδίας</span> <span class='ocrx_word' id='word_1_817' title='bbox 2679 4073 2935 4142; x_wconf 88' lang='grc' dir='ltr'>θεότητος</span> <span class='ocrx_word' id='word_1_818' title='bbox 2955 4071 3263 4142; x_wconf 81' lang='grc' dir='ltr'>ἐνιδρύσθαι</span> <span class='ocrx_word' id='word_1_819' title='bbox 3293 4070 3514 4132; x_wconf 88' lang='grc' dir='ltr'>θώκοις,</span> <span class='ocrx_word' id='word_1_820' title='bbox 3541 4069 3598 4120; x_wconf 86' lang='grc' dir='ltr'><strong>ἐν</strong></span> <span class='ocrx_word' id='word_1_821' title='bbox 3619 4066 3841 4136; x_wconf 82' lang='grc' dir='ltr'>εύδοκίᾳ</span> <span class='ocrx_word' id='word_1_822' title='bbox 3862 4066 3960 4119; x_wconf 89' lang='grc' dir='ltr'><strong>τοῦ</strong></span> 
     </span>
    </p>
   </div>
   <div class='ocr_carea' id='block_1_103' title="bbox 2381 4156 3962 4233">
    <p class='ocr_par' dir='ltr' id='par_1_103' title="bbox 2381 4156 3962 4233">
     <span class='ocr_line' id='line_1_105' title="bbox 2381 4156 3962 4233; baseline -0.007 -16"><span class='ocrx_word' id='word_1_823' title='bbox 2381 4164 2518 4217; x_wconf 84' lang='grc' dir='ltr'>Θεοῦ</span> <span class='ocrx_word' id='word_1_824' title='bbox 2574 4165 2665 4217; x_wconf 72' lang='grc' dir='ltr'><strong>καὶ</strong></span> <span class='ocrx_word' id='word_1_825' title='bbox 2703 4163 2914 4233; x_wconf 79' lang='grc' dir='ltr'>[ἰατρὸς</span> <span class='ocrx_word' id='word_1_826' title='bbox 2940 4202 2954 4226; x_wconf 97' lang='grc'><strong>,</strong></span> <span class='ocrx_word' id='word_1_827' title='bbox 2992 4163 3084 4214; x_wconf 71' lang='grc' dir='ltr'>καὶ</span> <span class='ocrx_word' id='word_1_828' title='bbox 3122 4161 3410 4230; x_wconf 78' lang='grc' dir='ltr'>ἄνθρωπον</span> <span class='ocrx_word' id='word_1_829' title='bbox 3452 4157 3709 4225; x_wconf 80' lang='grc' dir='ltr'>γεγονότα</span> <span class='ocrx_word' id='word_1_830' title='bbox 3761 4156 3856 4208; x_wconf 81' lang='grc' dir='ltr'><strong>τὸν</strong></span> <span class='ocrx_word' id='word_1_831' title='bbox 3900 4156 3962 4219; x_wconf 78' lang='grc' dir='ltr'><strong>ἐξ</strong></span> 
     </span>
    </p>
   </div>
   <div class='ocr_carea' id='block_1_104' title="bbox 2385 4245 3962 4325">
    <p class='ocr_par' dir='ltr' id='par_1_104' title="bbox 2385 4245 3962 4325">
     <span class='ocr_line' id='line_1_106' title="bbox 2385 4245 3962 4325; baseline -0.008 -16"><span class='ocrx_word' id='word_1_832' title='bbox 2385 4255 2552 4310; x_wconf 81' lang='grc' dir='ltr'>αὐτοῦ</span> <span class='ocrx_word' id='word_1_833' title='bbox 2579 4256 2753 4325; x_wconf 85' lang='grc' dir='ltr'>φύντα</span> <span class='ocrx_word' id='word_1_834' title='bbox 2787 4254 2980 4322; x_wconf 86' lang='grc' dir='ltr'>Λόγον,</span> <span class='ocrx_word' id='word_1_835' title='bbox 3015 4253 3100 4304; x_wconf 85' lang='grc' dir='ltr'><strong>ἴνα</strong></span> <span class='ocrx_word' id='word_1_836' title='bbox 3137 4252 3212 4322; x_wconf 79' lang='grc' dir='ltr'>μὴ</span> <span class='ocrx_word' id='word_1_837' title='bbox 3235 4251 3312 4313; x_wconf 84' lang='grc' dir='ltr'>ὡς</span> <span class='ocrx_word' id='word_1_838' title='bbox 3335 4249 3499 4319; x_wconf 75' lang='grc' dir='ltr'>ἑτέρα</span> <span class='ocrx_word' id='word_1_839' title='bbox 3527 4265 3610 4310; x_wconf 88' lang='grc' dir='ltr'><strong>τις</strong></span> <span class='ocrx_word' id='word_1_840' title='bbox 3639 4248 3769 4315; x_wconf 80' lang='grc' dir='ltr'>παρ’</span> <span class='ocrx_word' id='word_1_841' title='bbox 3796 4245 3962 4299; x_wconf 73' lang='grc' dir='ltr'>αὐτὸν</span> 
     </span>
    </p>
   </div>
   <div class='ocr_carea' id='block_1_105' title="bbox 2385 4337 3960 4416">
    <p class='ocr_par' dir='ltr' id='par_1_105' title="bbox 2385 4337 3960 4416">
     <span class='ocr_line' id='line_1_107' title="bbox 2385 4337 3960 4416; baseline -0.006 -18"><span class='ocrx_word' id='word_1_842' title='bbox 2385 4347 2418 4416; x_wconf 78' lang='grc' dir='ltr'>ἠ</span> <span class='ocrx_word' id='word_1_843' title='bbox 2447 4345 2801 4416; x_wconf 82' lang='grc' dir='ltr'>ἀνθρωπότης</span> <span class='ocrx_word' id='word_1_844' title='bbox 2827 4341 2992 4396; x_wconf 80' lang='grc' dir='ltr'>αὑτοῦ</span> <span class='ocrx_word' id='word_1_845' title='bbox 3032 4342 3170 4414; x_wconf 82' lang='grc' dir='ltr'>πρὸς</span> <span class='ocrx_word' id='word_1_846' title='bbox 3209 4341 3364 4410; x_wconf 80' lang='grc' dir='ltr'>ἡμῶν</span> <span class='ocrx_word' id='word_1_847' title='bbox 3398 4341 3568 4392; x_wconf 81' lang='grc' dir='ltr'>νοοῖτο</span> <span class='ocrx_word' id='word_1_848' title='bbox 3602 4339 3693 4390; x_wconf 78' lang='grc' dir='ltr'>καὶ</span> <span class='ocrx_word' id='word_1_849' title='bbox 3726 4337 3960 4405; x_wconf 80' lang='grc' dir='ltr'>λέγοιτο,</span> 
     </span>
    </p>
   </div>
   <div class='ocr_carea' id='block_1_106' title="bbox 2387 4430 3965 4504">
    <p class='ocr_par' dir='ltr' id='par_1_106' title="bbox 2387 4430 3965 4504">
     <span class='ocr_line' id='line_1_108' title="bbox 2387 4430 3965 4504; baseline -0.006 -15"><span class='ocrx_word' id='word_1_850' title='bbox 2387 4436 2562 4489; x_wconf 86' lang='grc' dir='ltr'>καίτοι</span> <span class='ocrx_word' id='word_1_851' title='bbox 2581 4436 2680 4504; x_wconf 80' lang='grc' dir='ltr'>τῆς</span> <span class='ocrx_word' id='word_1_852' title='bbox 2704 4435 2844 4487; x_wconf 74' lang='grc' dir='ltr'>κατὰ</span> <span class='ocrx_word' id='word_1_853' title='bbox 2879 4435 3138 4503; x_wconf 82' lang='grc' dir='ltr'>ἀλήθειαν</span> <span class='ocrx_word' id='word_1_854' title='bbox 3174 4432 3436 4493; x_wconf 84' lang='grc' dir='ltr'>ἐνώσεως,</span> <span class='ocrx_word' id='word_1_855' title='bbox 3467 4430 3562 4482; x_wconf 74' lang='grc' dir='ltr'><strong>ἕνα</strong></span> <span class='ocrx_word' id='word_1_856' title='bbox 3583 4445 3644 4481; x_wconf 90' lang='grc' dir='ltr'><strong>τε</strong></span> <span class='ocrx_word' id='word_1_857' title='bbox 3671 4430 3802 4498; x_wconf 74' lang='grc' dir='ltr'>ἡμῖν</span> <span class='ocrx_word' id='word_1_858' title='bbox 3828 4430 3965 4480; x_wconf 72' lang='grc' dir='ltr'>ἁπο-</span> 
     </span>
    </p>
   </div>
   <div class='ocr_carea' id='block_1_107' title="bbox 2389 4519 3965 4596">
    <p class='ocr_par' dir='ltr' id='par_1_107' title="bbox 2389 4519 3965 4596">
     <span class='ocr_line' id='line_1_109' title="bbox 2389 4519 3965 4596; baseline -0.005 -17"><span class='ocrx_word' id='word_1_859' title='bbox 2389 4527 2684 4596; x_wconf 81' lang='grc' dir='ltr'>φαινούσης</span> <span class='ocrx_word' id='word_1_860' title='bbox 2708 4526 2891 4587; x_wconf 78' lang='grc' dir='ltr'>αὑτὸν,</span> <span class='ocrx_word' id='word_1_861' title='bbox 2916 4525 3011 4578; x_wconf 73' lang='grc' dir='ltr'><strong>καὶ</strong></span> <span class='ocrx_word' id='word_1_862' title='bbox 3034 4524 3133 4576; x_wconf 89' lang='grc' dir='ltr'><strong>ούκ</strong></span> <span class='ocrx_word' id='word_1_863' title='bbox 3155 4522 3437 4592; x_wconf 84' lang='grc' dir='ltr'>ἀλλότριον</span> <span class='ocrx_word' id='word_1_864' title='bbox 3468 4519 3634 4572; x_wconf 79' lang='grc' dir='ltr'>αὑτοῦ</span> <span class='ocrx_word' id='word_1_865' title='bbox 3663 4520 3762 4590; x_wconf 84' lang='grc' dir='ltr'>τὴν</span> <span class='ocrx_word' id='word_1_866' title='bbox 3785 4520 3965 4590; x_wconf 77' lang='grc' dir='ltr'>σάρκα</span> 
     </span>
    </p>
   </div>
   <div class='ocr_carea' id='block_1_108' title="bbox 2317 4605 3966 4683">
    <p class='ocr_par' dir='ltr' id='par_1_108' title="bbox 2317 4605 3966 4683">
     <span class='ocr_line' id='line_1_110' title="bbox 2317 4605 3966 4683; baseline -0.006 -13"><span class='ocrx_word' id='word_1_867' title='bbox 2317 4605 2362 4658; x_wconf 80' lang='grc' dir='ltr'><strong>Ῑ)</strong></span> <span class='ocrx_word' id='word_1_868' title='bbox 2391 4619 2587 4681; x_wconf 74' lang='grc' dir='ltr'>αὑτοῦ;</span> <span class='ocrx_word' id='word_1_869' title='bbox 2624 4614 2942 4683; x_wconf 74' lang='grc' dir='ltr'>Ψευδοεπὴς</span> <span class='ocrx_word' id='word_1_870' title='bbox 2969 4609 3061 4666; x_wconf 83' lang='grc' dir='ltr'><strong>οῦν</strong></span> <span class='ocrx_word' id='word_1_871' title='bbox 3105 4613 3236 4682; x_wconf 72' lang='grc' dir='ltr'>ἄρα,</span> <span class='ocrx_word' id='word_1_872' title='bbox 3269 4612 3364 4664; x_wconf 70' lang='grc' dir='ltr'><strong>καὶ</strong></span> <span class='ocrx_word' id='word_1_873' title='bbox 3403 4609 3667 4679; x_wconf 81' lang='grc' dir='ltr'>λογισμοῦ</span> <span class='ocrx_word' id='word_1_874' title='bbox 3692 4607 3800 4661; x_wconf 72' lang='grc' dir='ltr'><strong>τοῦ</strong></span> <span class='ocrx_word' id='word_1_875' title='bbox 3832 4609 3966 4663; x_wconf 86' lang='grc' dir='ltr'>καθ-</span> 
     </span>
    </p>
   </div>
   <div class='ocr_carea' id='block_1_109' title="bbox 2388 4700 3962 4780">
    <p class='ocr_par' dir='ltr' id='par_1_109' title="bbox 2388 4700 3962 4780">
     <span class='ocr_line' id='line_1_111' title="bbox 2388 4700 3962 4780; baseline -0.006 -18"><span class='ocrx_word' id='word_1_876' title='bbox 2388 4711 2615 4780; x_wconf 84' lang='grc' dir='ltr'>ήκοντος</span> <span class='ocrx_word' id='word_1_877' title='bbox 2637 4708 2697 4759; x_wconf 82' lang='grc' dir='ltr'><strong>οὐ</strong></span> <span class='ocrx_word' id='word_1_878' title='bbox 2734 4704 2969 4776; x_wconf 83' lang='grc' dir='ltr'>μετρίως</span> <span class='ocrx_word' id='word_1_879' title='bbox 2995 4701 3358 4774; x_wconf 68' lang='grc' dir='ltr'><strong>⁴ἡμαρτηκὼς,</strong></span> <span class='ocrx_word' id='word_1_880' title='bbox 3399 4701 3596 4770; x_wconf 79' lang='grc' dir='ltr'>ἁλίσκῃ</span> <span class='ocrx_word' id='word_1_881' title='bbox 3629 4701 3734 4752; x_wconf 82' lang='grc' dir='ltr'>κάν</span> <span class='ocrx_word' id='word_1_882' title='bbox 3763 4700 3962 4769; x_wconf 82' lang='grc' dir='ltr'>τούτῳ.</span> 
     </span>
    </p>
   </div>
   <div class='ocr_carea' id='block_1_110' title="bbox 2389 4791 3969 4868">
    <p class='ocr_par' dir='ltr' id='par_1_110' title="bbox 2389 4791 3969 4868">
     <span class='ocr_line' id='line_1_112' title="bbox 2389 4791 3969 4868; baseline -0.008 -14"><span class='ocrx_word' id='word_1_883' title='bbox 2389 4803 2498 4854; x_wconf 74' lang='grc' dir='ltr'><strong>Καὶ</strong></span> <span class='ocrx_word' id='word_1_884' title='bbox 2527 4802 2574 4852; x_wconf 85' lang='grc' dir='ltr'><strong>εί</strong></span> <span class='ocrx_word' id='word_1_885' title='bbox 2622 4799 2788 4868; x_wconf 85' lang='grc' dir='ltr'>μηδὲν</span> <span class='ocrx_word' id='word_1_886' title='bbox 2822 4797 3006 4867; x_wconf 74' lang='grc' dir='ltr'>ἕτερόν</span> <span class='ocrx_word' id='word_1_887' title='bbox 3048 4797 3164 4846; x_wconf 87' lang='grc' dir='ltr'>ἐστι</span> <span class='ocrx_word' id='word_1_888' title='bbox 3205 4793 3266 4845; x_wconf 73' lang='grc' dir='ltr'><strong>τὸ</strong></span> <span class='ocrx_word' id='word_1_889' title='bbox 3312 4793 3480 4860; x_wconf 81' lang='grc' dir='ltr'>φάναι</span> <span class='ocrx_word' id='word_1_890' title='bbox 3496 4791 3558 4861; x_wconf 84' lang='grc' dir='ltr'>δὴ</span> <span class='ocrx_word' id='word_1_891' title='bbox 3596 4791 3772 4860; x_wconf 81' lang='grc' dir='ltr'>σάρκα</span> <span class='ocrx_word' id='word_1_892' title='bbox 3802 4806 3969 4858; x_wconf 61' lang='grc' dir='ltr'>γεγε-</span> 
     </span>
    </p>
   </div>
   <div class='ocr_carea' id='block_1_111' title="bbox 2389 4884 3968 4962">
    <p class='ocr_par' dir='ltr' id='par_1_111' title="bbox 2389 4884 3968 4962">
     <span class='ocr_line' id='line_1_113' title="bbox 2389 4884 3968 4962; baseline -0.006 -17"><span class='ocrx_word' id='word_1_893' title='bbox 2389 4893 2583 4962; x_wconf 85' lang='grc' dir='ltr'>νῆσθαι</span> <span class='ocrx_word' id='word_1_894' title='bbox 2609 4891 2699 4943; x_wconf 76' lang='grc' dir='ltr'><strong>τὸν</strong></span> <span class='ocrx_word' id='word_1_895' title='bbox 2735 4890 2929 4956; x_wconf 87' lang='grc' dir='ltr'>Λόγον,</span> <span class='ocrx_word' id='word_1_896' title='bbox 2959 4889 2993 4958; x_wconf 85' lang='grc' dir='ltr'>ἢ</span> <span class='ocrx_word' id='word_1_897' title='bbox 3022 4888 3104 4940; x_wconf 90' lang='grc' dir='ltr'><strong>ὃτι</strong></span> <span class='ocrx_word' id='word_1_898' title='bbox 3137 4887 3362 4954; x_wconf 85' lang='grc' dir='ltr'>γέγονεν</span> <span class='ocrx_word' id='word_1_899' title='bbox 3392 4885 3677 4955; x_wconf 79' lang='grc' dir='ltr'>ἄνθρωπος</span> <span class='ocrx_word' id='word_1_900' title='bbox 3704 4885 3762 4936; x_wconf 80' lang='grc' dir='ltr'><strong>ἐν</strong></span> <span class='ocrx_word' id='word_1_901' title='bbox 3792 4884 3968 4954; x_wconf 81' lang='grc' dir='ltr'>ὑπερ-</span> 
     </span>
    </p>
   </div>
   <div class='ocr_carea' id='block_1_112' title="bbox 2390 4971 3970 5055">
    <p class='ocr_par' dir='ltr' id='par_1_112' title="bbox 2390 4971 3970 5055">
     <span class='ocr_line' id='line_1_114' title="bbox 2390 4971 3970 5055; baseline -0.008 -17"><span class='ocrx_word' id='word_1_902' title='bbox 2390 4987 2488 5055; x_wconf 78' lang='grc' dir='ltr'><strong>οχῇ</strong></span> <span class='ocrx_word' id='word_1_903' title='bbox 2513 4984 2764 5051; x_wconf 88' lang='grc' dir='ltr'>θεότητος</span> <span class='ocrx_word' id='word_1_904' title='bbox 2791 4981 2887 5045; x_wconf 84' lang='grc' dir='ltr'><strong>ὢν,</strong></span> <span class='ocrx_word' id='word_1_905' title='bbox 2919 4982 3013 5033; x_wconf 75' lang='grc' dir='ltr'><strong>καὶ</strong></span> <span class='ocrx_word' id='word_1_906' title='bbox 3055 4975 3382 5050; x_wconf 87' lang='grc' dir='ltr'>μεμενηκὼς</span> <span class='ocrx_word' id='word_1_907' title='bbox 3428 4977 3567 5045; x_wconf 83' lang='grc' dir='ltr'>ὅπερ</span> <span class='ocrx_word' id='word_1_908' title='bbox 3593 4971 3681 5045; x_wconf 79' lang='grc' dir='ltr'>ἦν,</span> <span class='ocrx_word' id='word_1_909' title='bbox 3707 4975 3870 5036; x_wconf 87' lang='grc' dir='ltr'>ποίας</span> <span class='ocrx_word' id='word_1_910' title='bbox 3904 4975 3970 5027; x_wconf 83' lang='grc' dir='ltr'><strong>ἂν</strong></span> 
     </span>
    </p>
   </div>
   <div class='ocr_carea' id='block_1_113' title="bbox 2395 5064 3970 5143">
    <p class='ocr_par' dir='ltr' id='par_1_113' title="bbox 2395 5064 3970 5143">
     <span class='ocr_line' id='line_1_115' title="bbox 2395 5064 3970 5143; baseline -0.006 -18"><span class='ocrx_word' id='word_1_911' title='bbox 2395 5074 2588 5143; x_wconf 81' lang='grc' dir='ltr'>ἐδεήθη</span> <span class='ocrx_word' id='word_1_912' title='bbox 2626 5073 2722 5142; x_wconf 79' lang='grc' dir='ltr'>τῆς</span> <span class='ocrx_word' id='word_1_913' title='bbox 2757 5071 2954 5136; x_wconf 74' lang='grc' dir='ltr'>ἔξωθεν</span> <span class='ocrx_word' id='word_1_914' title='bbox 2997 5070 3174 5138; x_wconf 81' lang='grc' dir='ltr'>δόξης,</span> <span class='ocrx_word' id='word_1_915' title='bbox 3216 5067 3391 5120; x_wconf 86' lang='grc' dir='ltr'>καίτοι</span> <span class='ocrx_word' id='word_1_916' title='bbox 3442 5066 3540 5134; x_wconf 81' lang='grc' dir='ltr'>τῆς</span> <span class='ocrx_word' id='word_1_917' title='bbox 3573 5066 3730 5135; x_wconf 77' lang='grc' dir='ltr'>δόξης</span> <span class='ocrx_word' id='word_1_918' title='bbox 3763 5064 3970 5138; x_wconf 79' lang='grc' dir='ltr'>Κύριος</span> 
     </span>
    </p>
   </div>
   <div class='ocr_carea' id='block_1_114' title="bbox 2394 5155 3972 5226">
    <p class='ocr_par' dir='ltr' id='par_1_114' title="bbox 2394 5155 3972 5226">
     <span class='ocr_line' id='line_1_116' title="bbox 2394 5155 3972 5226; baseline -0.007 -12"><span class='ocrx_word' id='word_1_919' title='bbox 2394 5162 2470 5214; x_wconf 81' lang='grc' dir='ltr'>ὢν</span> <span class='ocrx_word' id='word_1_920' title='bbox 2500 5162 2692 5225; x_wconf 84' lang='grc' dir='ltr'>αὑτός;</span> <span class='ocrx_word' id='word_1_921' title='bbox 2724 5159 3032 5225; x_wconf 75' lang='grc' dir='ltr'>Ἐδοξάζετο</span> <span class='ocrx_word' id='word_1_922' title='bbox 3059 5159 3154 5226; x_wconf 78' lang='grc' dir='ltr'><strong>μὲν</strong></span> <span class='ocrx_word' id='word_1_923' title='bbox 3184 5157 3290 5225; x_wconf 76' lang='grc' dir='ltr'>γὰρ</span> <span class='ocrx_word' id='word_1_924' title='bbox 3329 5155 3795 5224; x_wconf 77' lang='grc' dir='ltr'>ὁμολογουμένως,</span> <span class='ocrx_word' id='word_1_925' title='bbox 3819 5156 3972 5222; x_wconf 79' lang='grc' dir='ltr'>ἐνερ-</span> 
     </span>
    </p>
   </div>
   <div class='ocr_carea' id='block_1_115' title="bbox 2397 5243 3972 5321">
    <p class='ocr_par' dir='ltr' id='par_1_115' title="bbox 2397 5243 3972 5321">
     <span class='ocr_line' id='line_1_117' title="bbox 2397 5243 3972 5321; baseline -0.006 -17"><span class='ocrx_word' id='word_1_926' title='bbox 2397 5253 2619 5321; x_wconf 85' lang='grc' dir='ltr'>γοῦντος</span> <span class='ocrx_word' id='word_1_927' title='bbox 2645 5250 2738 5302; x_wconf 89' lang='grc' dir='ltr'><strong>τοῦ</strong></span> <span class='ocrx_word' id='word_1_928' title='bbox 2781 5250 3096 5318; x_wconf 83' lang='grc' dir='ltr'>Πνεύματος</span> <span class='ocrx_word' id='word_1_929' title='bbox 3123 5249 3218 5309; x_wconf 79' lang='grc' dir='ltr'><strong>τὰς</strong></span> <span class='ocrx_word' id='word_1_930' title='bbox 3253 5245 3582 5315; x_wconf 80' lang='grc' dir='ltr'>θεοσημίας·</span> <span class='ocrx_word' id='word_1_931' title='bbox 3618 5245 3731 5297; x_wconf 83' lang='grc' dir='ltr'>ἀλλ’</span> <span class='ocrx_word' id='word_1_932' title='bbox 3762 5244 3863 5314; x_wconf 79' lang='grc' dir='ltr'>οὐχ</span> <span class='ocrx_word' id='word_1_933' title='bbox 3897 5243 3972 5305; x_wconf 88' lang='grc' dir='ltr'><strong>ώς</strong></span> 
     </span>
    </p>
   </div>
   <div class='ocr_carea' id='block_1_116' title="bbox 2399 5336 3972 5413">
    <p class='ocr_par' dir='ltr' id='par_1_116' title="bbox 2399 5336 3972 5413">
     <span class='ocr_line' id='line_1_118' title="bbox 2399 5336 3972 5413; baseline -0.006 -17"><span class='ocrx_word' id='word_1_934' title='bbox 2399 5344 2679 5413; x_wconf 81' lang='grc' dir='ltr'>ἄνθρωπος</span> <span class='ocrx_word' id='word_1_935' title='bbox 2709 5343 2985 5411; x_wconf 69' lang='grc' dir='ltr'>θεοφόρος,</span> <span class='ocrx_word' id='word_1_936' title='bbox 3022 5341 3081 5404; x_wconf 78' lang='grc' dir='ltr'><strong>ἐξ</strong></span> <span class='ocrx_word' id='word_1_937' title='bbox 3112 5340 3323 5400; x_wconf 82' lang='grc' dir='ltr'>όθνείας</span> <span class='ocrx_word' id='word_1_938' title='bbox 3350 5355 3407 5390; x_wconf 89' lang='grc' dir='ltr'><strong>τε</strong></span> <span class='ocrx_word' id='word_1_939' title='bbox 3439 5338 3531 5388; x_wconf 74' lang='grc' dir='ltr'><strong>καὶ</strong></span> <span class='ocrx_word' id='word_1_940' title='bbox 3568 5336 3972 5406; x_wconf 84' lang='grc' dir='ltr'>ὑπερκειμένης</span> 
     </span>
    </p>
   </div>
   <div class='ocr_carea' id='block_1_117' title="bbox 2403 5427 3976 5504">
    <p class='ocr_par' dir='ltr' id='par_1_117' title="bbox 2403 5427 3976 5504">
     <span class='ocr_line' id='line_1_119' title="bbox 2403 5427 3976 5504; baseline -0.005 -19"><span class='ocrx_word' id='word_1_941' title='bbox 2403 5434 2615 5504; x_wconf 83' lang='grc' dir='ltr'>φύσεως</span> <span class='ocrx_word' id='word_1_942' title='bbox 2655 5433 2715 5485; x_wconf 83' lang='grc' dir='ltr'><strong>τὸ</strong></span> <span class='ocrx_word' id='word_1_943' title='bbox 2759 5433 2948 5503; x_wconf 75' lang='grc' dir='ltr'>χρῆμα</span> <span class='ocrx_word' id='word_1_944' title='bbox 3004 5430 3320 5500; x_wconf 82' lang='grc' dir='ltr'>κερδαίνων,</span> <span class='ocrx_word' id='word_1_945' title='bbox 3376 5428 3515 5480; x_wconf 81' lang='grc' dir='ltr'>καθὰ</span> <span class='ocrx_word' id='word_1_946' title='bbox 3549 5427 3640 5479; x_wconf 68' lang='grc' dir='ltr'>καὶ</span> <span class='ocrx_word' id='word_1_947' title='bbox 3674 5429 3865 5495; x_wconf 76' lang='grc' dir='ltr'>ἡμεῖς’</span> <span class='ocrx_word' id='word_1_948' title='bbox 3900 5427 3976 5485; x_wconf 82' lang='grc' dir='ltr'><strong>ὡς</strong></span> 
     </span>
    </p>
   </div>
   <div class='ocr_carea' id='block_1_118' title="bbox 2407 5518 3976 5596">
    <p class='ocr_par' dir='ltr' id='par_1_118' title="bbox 2407 5518 3976 5596">
     <span class='ocr_line' id='line_1_120' title="bbox 2407 5518 3976 5596; baseline -0.006 -19"><span class='ocrx_word' id='word_1_949' title='bbox 2407 5527 2520 5596; x_wconf 82' lang='grc' dir='ltr'>ἰδίῳ</span> <span class='ocrx_word' id='word_1_950' title='bbox 2548 5526 2603 5578; x_wconf 82' lang='grc' dir='ltr'>δὲ</span> <span class='ocrx_word' id='word_1_951' title='bbox 2645 5526 2844 5596; x_wconf 78' lang='grc' dir='ltr'>μᾶλλον</span> <span class='ocrx_word' id='word_1_952' title='bbox 2877 5523 3217 5594; x_wconf 79' lang='grc' dir='ltr'>κεχρημένος</span> <span class='ocrx_word' id='word_1_953' title='bbox 3255 5521 3331 5590; x_wconf 80' lang='grc' dir='ltr'><strong>τῷ</strong></span> <span class='ocrx_word' id='word_1_954' title='bbox 3372 5520 3673 5588; x_wconf 77' lang='grc' dir='ltr'>Πνεύματι.</span> <span class='ocrx_word' id='word_1_955' title='bbox 3706 5519 3838 5581; x_wconf 77' lang='grc' dir='ltr'>Θεὸς</span> <span class='ocrx_word' id='word_1_956' title='bbox 3870 5518 3976 5586; x_wconf 78' lang='grc' dir='ltr'>γὰρ</span> 
     </span>
    </p>
   </div>
   <div class='ocr_carea' id='block_1_119' title="bbox 2403 5608 3976 5689">
    <p class='ocr_par' dir='ltr' id='par_1_119' title="bbox 2403 5608 3976 5689">
     <span class='ocr_line' id='line_1_121' title="bbox 2403 5608 3976 5689; baseline -0.006 -18"><span class='ocrx_word' id='word_1_957' title='bbox 2403 5615 2469 5689; x_wconf 80' lang='grc' dir='ltr'>ἦν</span> <span class='ocrx_word' id='word_1_958' title='bbox 2519 5618 2718 5688; x_wconf 82' lang='grc' dir='ltr'>φύσει,</span> <span class='ocrx_word' id='word_1_959' title='bbox 2783 5619 2876 5672; x_wconf 71' lang='grc' dir='ltr'><strong>καὶ</strong></span> <span class='ocrx_word' id='word_1_960' title='bbox 2919 5619 3017 5670; x_wconf 77' lang='grc' dir='ltr'><strong>οὐκ</strong></span> <span class='ocrx_word' id='word_1_961' title='bbox 3070 5616 3348 5685; x_wconf 80' lang='grc' dir='ltr'>ἀλλότριον</span> <span class='ocrx_word' id='word_1_962' title='bbox 3407 5612 3570 5666; x_wconf 74' lang='grc' dir='ltr'>αὑτοῦ</span> <span class='ocrx_word' id='word_1_963' title='bbox 3629 5613 3688 5665; x_wconf 80' lang='grc' dir='ltr'><strong>τὸ</strong></span> <span class='ocrx_word' id='word_1_964' title='bbox 3751 5608 3976 5666; x_wconf 75' lang='grc' dir='ltr'>Πνεῦμα</span> 
     </span>
    </p>
   </div>
  </div>
