4106 6460
161 414 244 470 173

1215 403 1583 460 ADVERSUS
1622 402 2023 460 NESTORIUM
2065 403 2194 458 LIB.
2239 405 2327 458 IV.

3253 412 3352 467 I76

158 526 315 582 αὑτοῦ.
345 523 548 578 Οὐκοῦν
584 524 689 578 οὐκ
714 522 932 589 ἔξωθεν,
959 521 1075 575 οὐδὲ
1101 520 1584 591 είσποίητονάὑτῷ
1607 520 1689 572 δε-

1801 538 1919 576 nus.
1950 522 2060 575 Non
2084 523 2246 592 igitur
2273 522 2628 588 extrinsecus,
2667 539 2842 593 neque
2884 526 3104 583 ascitam
3137 529 3352 589 aliunde

157 619 312 672 δόσθαι
349 617 523 686 φαμὲν
561 615 661 668 τοῦ
696 613 1009 684 Πνεύματος
1052 613 1152 683 τὴν
1200 612 1510 682 ἐνέργειαν,
1551 611 1690 664 καθά

159 710 234 761 καὶ
261 710 383 778 ἡμῖν
433 706 644 771 αὐτοῖς,
676 707 844 776 ἧγουν
873 706 985 766 τοῖς
1017 704 1190 771 ἁγίοις
1221 703 1558 764 ἀποστόλοις.
1595 704 1689 753 Δε-

156 802 361 870 δώρηται
391 799 498 870 γάρ
527 799 717 860 αὐτοῖς
739 796 983 861 ἐξουσίαν
1011 797 1040 848 6
1071 793 1302 865 Χριστὸς
1342 792 1483 846 κατὰ
1524 810 1688 845 πνευ-

159 892 316 960 μάτων
337 889 683 959 ἀκαθάρτων,
699 887 840 940 ὥστε
866 885 1146 939 ἐκϐάλλειν
1166 885 1307 937 αὐτά
1321 900 1334 914 ·
1358 884 1691 954 προστέταχε

155 983 202 1034 δέ
235 979 565 1052 θεραπεύειν,
606 979 703 1032 καὶ
740 979 921 1030 πᾶσαν
947 976 1134 1042 νόσον,
1171 975 1266 1028 καὶ
1307 977 1486 1028 πᾶσαν
1522 974 1693 1044 μαλα-

159 1072 262 1123 κίαν
289 1073 341 1123 ἐν
366 1070 443 1140 τῷ
470 1070 609 1140 λαῷ.
646 1068 866 1122 Οίκοθεν
891 1062 984 1120 οὖν
1013 1066 1123 1137 ἄρα
1149 1066 1243 1120 καὶ
1274 1065 1401 1135 παρ’
1435 1064 1602 1118 αὑτοῦ
1629 1065 1690 1117 τὸ

157 1161 352 1232 Πνεῦμα
381 1161 569 1216 αὑτοῦ.
601 1160 712 1214 Καὶ
739 1158 928 1212 τούτου
965 1156 1142 1228 σαφὴς
1166 1155 1436 1221 ἀπόδειξις
1485 1156 1570 1225 είη
1599 1156 1687 1216 ἂν,

156 1254 204 1304 τὸ
230 1253 313 1304 καὶ
337 1253 541 1321 ἑτέροις
592 1249 850 1305 δύνασθαι
883 1249 1138 1320 χορηγεῖν
1171 1245 1322 1309 αὐτὸ,
1361 1247 1455 1299 καὶ
1492 1246 1594 1298 οὐκ
1626 1247 1690 1298 ἐκ

156 1344 350 1414 μέτρου,
380 1342 523 1395 καθά
559 1359 726 1412 φησιν
759 1342 788 1393 6
825 1338 1093 1410 μακάριος
1135 1335 1558 1405 εὐαγγελιστήςο
1596 1337 1692 1388 ἐπ-

155 1435 393 1503 εμέτρησε
424 1434 526 1502 μὲν
558 1433 670 1503 γάρ
695 1429 996 1498 τοῖςάγίοις
1013 1428 1110 1499 τὴν
1141 1426 1229 1480 διὰ
1256 1426 1348 1479 τοῦ
1375 1425 1689 1495 Πνεύματος

155 1523 290 1593 χάριν
314 1523 340 1575 6
364 1522 469 1573 τῶν
493 1522 635 1574 ὅλων
658 1520 789 1583 Θεός
811 1536 825 1550 ο
854 1519 950 1572 καὶ
977 1511 1021 1584 ᾧ
1063 1518 1158 1587 μὲν
1194 1517 1362 1569 ἔδωκε
1407 1515 1563 1583 λόγον
1602 1532 1689 1567 σου

155 1616 286 1681 φίας·
327 1614 466 1684 άλλῳ
506 1613 564 1665 δὲ
614 1612 770 1680 λόγον
806 1609 1094 1680 γνώσεως·
1132 1607 1304 1677 ἑτέρῳ
1335 1606 1392 1660 δὲ
1444 1607 1689 1676 χάρισμα

153 1704 373 1774 ίαμάτων
397 1720 411 1734 ’
435 1705 530 1756 καί
555 1700 735 1767 τοῦτο,
760 1697 938 1772 οἶμαι,
962 1699 1076 1752 ἐστι
1101 1698 1261 1762 τὸ,ὼς
1293 1699 1357 1749 ἐκ
1385 1697 1581 1766 μέτρου
1600 1696 1689 1748 δύ-

153 1797 320 1849 νασθαι
339 1796 459 1857 τοὺς
483 1794 707 1864 ἔχοντας
733 1793 1033 1863 ἐνέργειαν.
1051 1790 1108 1842 '0
1128 1788 1187 1841 δέ
1214 1805 1277 1856 γε
1301 1787 1502 1857 Κύριος
1531 1787 1686 1858 ἡμῶν

1797 612 2025 666 dicimus
2070 613 2168 680 ipsi
2219 613 2396 666 datam
2440 612 2675 681 Spiritus
2714 616 3053 672 efﬁcientiam
3096 623 3354 679 similiter

1797 714 1860 752 ac
1892 700 2046 753 nobis
2092 701 2244 767 ipsis,
2300 710 2391 753 aut
2434 703 2592 755 etiam
2643 706 2844 759 sanctis
2881 709 3158 776 apostolis.
3197 712 3354 768 Dedit

1795 784 1937 836 enim
1969 784 2075 838 illis
2106 785 2353 841 Christus
2375 797 2696 856 potestatem
2719 793 2975 849 adversus
3012 798 3234 864 spiritus
3262 801 3355 856 im-

1798 875 2025 928 mundos
2071 885 2130 928 ut
2175 890 2268 930 eos
2296 876 2553 945 ejicerent
2584 898 2597 934 :
2627 881 2786 950 jussit
2817 887 2979 940 etiam
3014 899 3071 942 ut
3098 905 3356 950 curarent

1797 981 2010 1020 omnem
2055 967 2417 1022 inﬁrmitatem
2449 981 2736 1027 etomnem
2798 975 3108 1047 languorem
3160 984 3212 1037 in
3259 1001 3353 1054 po-

1795 1060 1920 1130 pulo
1950 1061 2015 1113 ".
2049 1062 2377 1118 lntrinsecus
2407 1064 2569 1132 igitur
2617 1076 2669 1120 et
2722 1067 2789 1121 ab
2841 1071 2956 1138 ipso
2994 1084 3077 1128 est
3119 1073 3356 1144 Spiritus

1795 1150 1909 1218 ejus
1938 1170 1950 1205 :
1985 1152 2138 1221 cujus
2170 1154 2245 1207 rei
2276 1157 2626 1225 perspicuum
2671 1170 2754 1213 est
2783 1175 3180 1231 argumentum,
3210 1173 3351 1235 quod

1795 1243 1957 1296 etiam
1988 1244 2106 1298 aliis
2150 1244 2295 1298 illum
2321 1247 2558 1301 tribuere
2591 1259 2787 1317 potest,
2841 1262 2896 1307 et
2938 1271 3041 1309 non
3079 1272 3147 1313 ex
3199 1275 3354 1316 men-

1794 1347 1942 1399 sura,
1981 1344 2039 1388 ut
2083 1336 2159 1389 ait
2204 1337 2393 1391 beatus
2450 1342 2775 1411 evangelista
2803 1345 2888 1409 5';
2947 1363 3066 1402 nam
3106 1350 3194 1405 ille
3240 1367 3356 1406 om»

1799 1424 1945 1477 nium
1967 1426 2106 1480 Deus
2129 1429 2193 1481 ad
2210 1443 2510 1483 mensuram
2536 1433 2749 1499 quidem
2780 1437 2964 1492 tribuit
2991 1444 3191 1498 sanctis
3219 1445 3352 1501 viris

1801 1515 2033 1582 Spiritus
2064 1519 2234 1572 sancti
2259 1521 2508 1586 gratiam,
2537 1532 2592 1576 et
2614 1522 2702 1576 alii
2740 1525 2954 1594 quidem
2977 1530 3119 1585 dedit
3141 1547 3350 1589 sermo-

1797 1619 1914 1658 nem
1933 1607 2222 1673 sapientiae,
2246 1607 2334 1660 alii
2353 1623 2650 1663 sermonem
2667 1612 2923 1679 scientiae,
2943 1616 3095 1671 alteri
3118 1622 3348 1688 gratiam

1794 1694 2131 1749 curationum
2162 1697 2208 1727 ”
2258 1696 2476 1773 :idque
2503 1709 2604 1764 est,
2661 1710 2719 1755 ut
2776 1704 2986 1772 opinor,
3040 1711 3181 1775 quod
3236 1723 3354 1765 tan-

1794 1801 1952 1852 quam
1981 1801 2046 1840 ex
2066 1801 2314 1842 mensura
2337 1799 2558 1856 possunt
2590 1790 2626 1844 ii
2653 1793 2744 1860 qui
2771 1794 2968 1849 habent
2990 1797 3350 1854 ellicientiam.

164 1885 346 1954 Ἰησοῦς
385 1885 646 1956 Χριστὸς,
701 1883 762 1946 ἐξ
816 1882 944 1935 ίδίου
980 1877 1347 1950 πληρώματος
1381 1879 1591 1949 προῖεὶς
1631 1879 1689 1932 τὸ

1793 1876 1902 1946 99
1925 1877 1996 1930 At
2024 1892 2152 1931 vero
2187 1877 2447 1934 Dominus
2477 1891 2658 1936 noster
2687 1883 2842 1939 Jesus
2871 1886 3123 1945 Christus
3146 1906 3209 1944 ex
3258 1908 3354 1946 sua

153 1976 366 2046 Πνεῦμα,
387 1974 535 2029 καθά
571 1975 665 2028 καὶ
686 1971 848 2036 αὐτὸς
879 1972 908 2024 ὁ
940 1971 1151 2040 Πατὴρ,
1178 1970 1275 2039 οὐχ
1306 1969 1380 2030 ὼς
1402 1970 1466 2021 ἐκ
1494 1967 1692 2038 μέτρου

150 2067 336 2120 δίδωσιν
362 2068 494 2120 αὐτὸ
528 2069 646 2129 τοῖς
695 2064 866 2129 ἀξίοις
913 2062 1074 2116 ἐλεῖν.
1115 2060 1361 2115 ’Δνθότου
1393 2060 1456 2131 δὴ
1494 2056 1610 2123 οὖν,
1649 2053 1694 2114 ὦ

152 2159 386 2228 βέλτιστε,
415 2160 510 2212 τὸν
544 2159 646 2212 οὐκ
679 2159 742 2210 ἐκ
776 2158 975 2226 μέτρου
1005 2153 1215 2206 διδόντα
1233 2153 1293 2206 τὸ
1326 2153 1550 2221 Πνεῦμα
1581 2155 1694 2216 τοῖς

155 2253 539 2322 μεμετρημένον
567 2252 785 2322 ἔχουσιν
818 2249 949 2305 αὐτὸ
982 2250 1154 2311 ποιεῖς
1184 2245 1498 2316 ἐναρίθμιον
1523 2262 1537 2312 ;
1566 2260 1696 2311 συγ-

152 2339 488 2410 κεκροτῆσθαι
517 2339 697 2407 λέγων
729 2339 880 2408 παρά
913 2336 1005 2390 τοῦ
1047 2335 1364 2406 Πνεύματος
1394 2335 1494 2405 τὴν
1534 2334 1695 2400 δόξαν

152 2430 315 2492 αὑτοῦ,
332 2431 425 2484 καὶ
450 2429 792 2501 ἐνηργῆσθαι
817 2428 1034 2499 μᾶλλον,
1049 2428 1124 2490 ὼς
1142 2426 1236 2479 ἕνα
1258 2425 1366 2478 τῶν
1387 2424 1505 2479 καθ’
1526 2426 1691 2494 ἡμᾶς,

153 2522 203 2573 ἐν
227 2520 437 2591 χάριτος
481 2522 641 2585 τάξει
685 2520 918 2573 λαϐόντα
955 2519 1055 2588 τὴν
1093 2516 1223 2586 παρ’
1254 2514 1420 2568 αὑτοῦ
1460 2514 1695 2584 συγκρό-

153 2629 306 2680 τησιν,
339 2613 508 2682 ἤγουν
549 2611 846 2682 ἐνεργῆσαι
889 2608 1086 2679 μᾶλλον
1113 2608 1188 2670 ὼς
1239 2606 1305 2659 δι’
1342 2606 1474 2659 ίδίου
1521 2602 1696 2659 IIsz-

155 2720 298 2771 ματος
325 2704 422 2766 τὰς
452 2701 782 2772 θεοσημίας.
828 2699 1071 2753 Ἰουδαῖοι
1109 2698 1207 2767 μὲν
1248 2696 1356 2766 γὰρ
1392 2697 1438 2750 οἱ
1465 2696 1695 2750 πάντολ-

154 2809 248 2860 μοι.
278 2794 477 2863 πικράν
509 2793 604 2847 ἐπ’
642 2791 794 2862 αὐτῷ
837 2791 1234 2862 καταθήγοντες
1268 2790 1532 2856 γλῶτταν,
1573 2791 1697 2842 ἀνο-

154 2883 264 2946 σίως
293 2884 529 2952 ἔφασκον
548 2900 562 2913 ⁸
602 2901 621 2935 t
650 2878 815 2946 Οὗτος
845 2883 945 2936 οὑκ
971 2880 1223 2935 ἐκϐάλλει
1247 2880 1316 2933 τὰ
1341 2880 1614 2952 δαιμόνια,
1645 2881 1695 2932 εί

153 2972 216 3039 μὴ
238 2973 289 3023 ἐν
309 2972 382 3042 τῷ
422 2970 758 3036 Βεελζεὸοὺλ
785 2973 1004 3042 ἄρχοντι
1038 2971 1144 3024 τῶν
1174 2970 1490 3040 δαιμονίων·
1525 2989 1544 3022 ι
1579 2972 1608 3024 ό
1640 2969 1695 3022 δέ

153 3077 204 3127 γε
225 3062 416 3131 Κύριος
436 3064 468 3132 ἡ
479 3061 603 3132 μῶν
637 3056 842 3133 Ἰησοῦς
870 3065 898 3115 6
921 3059 1177 3131 Χριστὸς.
1210 3060 1605 3130 άμαθαίνοντας
1632 3060 1692 3113 οὐ

151 3154 356 3224 μικρῶς,
398 3153 606 3224 μᾶλλον
637 3153 694 3206 δέ
736 3153 827 3206 καὶ
869 3151 1259 3215 δυσσεὸοὖντας
1300 3152 1554 3222 ἐλέγχων,
1587 3169 1606 3202 t
1633 3153 1694 3205 Εἰ

1795 1970 2124 2036 plenitudine
2143 1970 2474 2038 profundens
2494 1972 2775 2041 Spiritum,
2793 1987 2851 2030 ut
2878 1979 3041 2032 etiam
3074 1981 3149 2050 (l)
3174 1980 3241 2034 Pa
3254 1992 3355 2045 ter,

1795 2074 1900 2113 non
1931 2059 2076 2113 illum
2110 2063 2202 2114 dat
2250 2070 2500 2131 tanquam
2561 2079 2624 2118 ex
2667 2081 2917 2122 mensura
2969 2070 3033 2124 iis
3070 2075 3158 2141 qui
3211 2078 3355 2143 digni

1793 2159 1918 2203 sunt
1946 2149 2211 2217 accipere.
2240 2150 2480 2217 Quanam
2511 2154 2673 2222 igitur
2699 2159 2765 2212 de
2794 2174 2979 2223 causa,
3003 2163 3085 2214 vir
3116 2169 3354 2234 egregie,

1793 2253 1914 2292 eum
1941 2239 2030 2307 qui
2066 2255 2169 2293 non
2201 2253 2266 2293 ex
2315 2256 2566 2297 mensura
2614 2245 2706 2298 dat
2751 2245 3034 2316 Spiritum,
3088 2252 3139 2304 in
3167 2269 3354 2308 eorum

1795 2343 2075 2382 numerum
2109 2330 2282 2385 refers
2310 2332 2400 2400 qui
2437 2333 2739 2389 dimensum
2776 2337 2924 2392 illum
2956 2340 3195 2407 habent,
3229 2343 3354 2398 dum

1794 2430 2160 2488 comparatam
2201 2437 2231 2476 a
2271 2423 2476 2492 Spiritu
2509 2425 2624 2493 ejus
2651 2425 2877 2495 gloriam
2914 2430 3071 2498 dicis,
3118 2443 3176 2487 et
3213 2434 3354 2490 illius

1794 2510 2092 2566 ellieientiae
2144 2513 2442 2583 subjectum
2466 2517 2662 2584 potius,
2698 2529 2756 2572 ut
2783 2535 2946 2574 unum
2995 2537 3024 2575 e
3048 2526 3201 2579 nobis
3229 2543 3325 2595 gra

1798 2601 1887 2655 tia:
1916 2601 2032 2656 loco
2054 2603 2168 2671 ejus
2214 2605 2646 2673 cooperationem
2686 2611 2960 2678 accepisse
2985 2653 3000 2678 ,
3041 2630 3202 2683 quam
3232 2633 3355 2685 pro-

1794 2691 1914 2758 prio
1945 2690 2145 2760 Spiritu
2178 2694 2354 2747 divina
2391 2695 2544 2764 signa
2581 2696 2862 2755 effecisse?
2897 2700 3063 2758 Judaei
3096 2709 3352 2776 namque,

1794 2780 1860 2833 ad
1888 2782 2069 2837 omnia
2104 2782 2451 2839 audacissimi
2486 2799 2609 2840 cum
2638 2800 2959 2846 venenatam
2988 2792 3222 2865 linguam
3259 2800 3354 2850 ad-

1796 2886 1986 2926 versus
2020 2872 2166 2926 illum
2183 2886 2535 2941 exacuerent,
2563 2878 2727 2948 impie
2748 2880 3031 2939 dicebant:
3063 2904 3083 2937 ι
3121 2885 3216 2941 Hie
3251 2903 3356 2942 non

1795 2961 1945 3031 ejieit
2001 2964 2264 3019 dazmonia
2307 2965 2406 3019 nisi
2431 2969 2483 3020 in
2521 2967 2842 3037 Beelzebub,
2872 2974 3115 3044 principe
3160 2978 3354 3033 deamo-

1796 3053 2010 3108 niorum
2042 3055 2108 3108 ⁸⁵.
2151 3075 2170 3108 ι
2206 3057 2466 3116 Dominus
2505 3074 2635 3116 vero
2685 3071 2867 3117 noster
2913 3062 3068 3122 Jesus
3109 3065 3356 3126 Christus

1797 3142 1918 3197 illos
1948 3158 2052 3198 non
2084 3147 2291 3201 modica
2327 3149 2562 3214 inscitia,
2595 3153 2704 3207 imo
2731 3168 2860 3208 vero
2885 3156 3049 3210 etiam
3074 3157 3354 3228 impietate

150 3218 262 3312 ἐγὼ,
287 3218 466 3316 φησίν,
504 3248 566 3300 ἐν
618 3244 945 3308 Βεελζεδοὺλ
983 3243 1204 3314 ἄρχοντι
1250 3243 1358 3296 τῶν
1402 3218 1689 3314 δαιμονίων

1796 3233 2042 3290 laborare
2075 3251 2413 3309 coarguens:
2449 3258 2469 3292 ι
2508 3239 2566 3297 Si
2593 3257 2714 3314 ego,
2750 3244 2944 3314 inquit,
2975 3247 3027 3302 in
3051 3218 3356 3307 Beelzebub

148 3337 366 3392 ἐκϐάλλω
409 3339 479 3392 τά
526 3336 804 3408 δαιμόνια,
847 3338 895 3390 οἱ
929 3337 1032 3389 υίοὶ
1080 3335 1232 3406 ὑμῶν
1281 3337 1338 3388 ἐν
1378 3335 1483 3389 τίνι
1528 3333 1690 3388 ἐκϐα-

149 3426 308 3491 λοῦσις
333 3448 354 3480 ν
380 3427 774 3496 Τεθαύμασται
800 3426 907 3495 γὰρ
930 3428 956 3478 ὁ
977 3425 1228 3495 λαμπρὸς
1257 3427 1351 3479 καὶ
1385 3425 1556 3495 μέγας
1582 3425 1690 3478 τῶν

147 3517 294 3581 ἁγίων
320 3516 639 3570 ἀποστόλων
682 3514 865 3586 χορὸς,
897 3516 955 3566 ἐν
982 3515 1207 3583 ὀνόματι
1249 3514 1421 3584 Ἰησοῦ
1453 3513 1690 3583 Χριστοῦ

147 3605 224 3657 τοῦ
243 3606 566 3678 Ναζωραίου
595 3605 815 3676 πληρῶν
841 3605 908 3658 τά
959 3603 1266 3674 παράδοξαθ
1309 3604 1403 3657 καὶ
1435 3602 1563 3672 γοῦν
1591 3604 1694 3658 ὑπ-

146 3696 378 3766 έστρεφον
402 3697 696 3769 χαίροντές
723 3713 780 3750 τε
813 3697 904 3750 καὶ
929 3696 1178 3767 λέγοντες
1198 3713 1211 3726 ·
1237 3712 1256 3746 ι
1279 3694 1472 3765 Κύριε,
1502 3695 1596 3749 καὶ
1621 3696 1690 3751 τὰ

142 3786 368 3855 δαιμόνια
412 3791 550 3858 ἡμῖν
594 3786 960 3840 ὑποτάσσεται
999 3786 1091 3838 ἐπὶ
1127 3783 1205 3855 τῷ
1247 3785 1470 3854 ὀνόματί
1515 3804 1630 3840 σου.
1664 3805 1684 3840 ι

156 3875 273 3928 Ἀλλ’
297 3879 451 3950 εἴπερ
479 3877 633 3930 ἐστὶν
661 3877 882 3944 ἐφικτὸν
907 3877 962 3928 ἐν
989 3876 1214 3945 ὀνόματί
1240 3892 1383 3935 τινος
1405 3877 1513 3929 τῶν
1539 3879 1690 3948 ἐνερ-

145 3970 414 4038 γουμένων,
458 3969 560 4023 καὶ
602 3969 828 4037 ἐτέρους
869 3967 1130 4021 δύνασθαι
1175 3967 1241 4020 τὰ
1292 3968 1382 4021 ῐσα
1423 3969 1685 4039 πληροῦν,

143 4060 295 4126 ἡκέτω
314 4077 326 4090 ·
356 4059 620 4130 φραζέτω
664 4058 752 4112 διὰ
777 4057 934 4109 ποίαν
965 4050 1142 4108 αἰτίαν
1174 4055 1349 4118 οὐδεὶς
1379 4056 1435 4108 ἐν
1463 4052 1687 4124 ὀνόματι

141 4151 230 4202 τῶν
250 4153 411 4219 ἁγίων
449 4151 618 4212 τινὸς,
648 4149 682 4218 ἦ
713 4148 1044 4218 ἀκαθάρτοις
1065 4147 1335 4216 πνεύμασι
1356 4147 1685 4217 ἐπιτιμήσας

141 4234 487 4305 θαυμάζεται,
522 4236 691 4306 ἤγουν
720 4236 907 4305 ἐτερόν
935 4253 989 4288 τι
1014 4234 1121 4287 τῶν
1163 4235 1305 4304 πέρα
1343 4232 1502 4302 λόγου
1532 4251 1684 4288 τετε-

139 4327 304 4393 ὶεκὼς.
338 4328 490 4384 Ἀλλ’
520 4329 570 4381 oi
618 4328 717 4398 μέν
753 4328 1078 4398 ἐνήργηνται
1111 4323 1263 4394 παρὰ
1309 4325 1402 4376 τοῦ
1434 4324 1686 4395 Πνεύμα-

139 4435 230 4481 τος,
257 4424 344 4474 καὶ
376 4419 813 4490 μεμετρημένην
855 4418 1040 4486 ’έχουσι
1071 4414 1259 4485 χάριν
1282 4415 1310 4466 6
1334 4414 1410 4476 δέ,
1436 4413 1510 4478 ὡς
1552 4414 1684 4480 Θεὸς

1793 3326 1954 3395 ejicio
1984 3327 2266 3398 dmmonia,
2305 3332 2398 3386 lilii
2447 3335 2608 3387 vestri
2652 3336 2706 3389 in
2763 3350 2869 3404 quo
2921 3338 3146 3408 ejiciunt
3188 3341 3288 3397 ἰτ
3325 3360 3347 3394 ι

1792 3415 1921 3470 Erat
1961 3417 2104 3471 enim
2153 3419 2206 3472 in
2255 3419 2611 3476 admiratione
2657 3422 2835 3480 clarus
2883 3426 2972 3482 ille
3022 3438 3072 3482 et
3126 3445 3352 3502 magnus

1792 3517 2099 3562 sanctorum
2148 3511 2513 3578 apostolorum
2567 3514 2787 3584 ch0rus,
2836 3531 2957 3573 eum
3021 3520 3073 3575 in
3137 3523 3357 3580 nomine

1792 3596 1922 3652 Jesu
1954 3597 2155 3653 Christi
2189 3597 2451 3657 Nazareni
2482 3603 2665 3659 ederet
2712 3608 2976 3666 miracula
3004 3629 3019 3664 :
3055 3612 3235 3682 itaque
3270 3629 3355 3669 re-

1792 3689 2144 3744 vertebantur
2171 3693 2470 3761 gaudentes
2519 3708 2580 3746 ae
2611 3693 2896 3751 dicentes:
2936 3717 2955 3749 ι
3001 3693 3248 3764 Domine,
3301 3702 3355 3757 in

1789 3779 2006 3833 nomine
2037 3789 2126 3833 tuo
2160 3783 2321 3836 etiam
2353 3783 2616 3838 daemonia
2647 3786 3013 3854 subjiciuntur
3046 3791 3203 3847 nobis
3231 3794 3297 3847 ".
3329 3812 3349 3844 ι

1801 3867 1906 3922 Sed
1943 3869 1986 3922 si
2019 3870 2134 3923 ﬁeri
2168 3881 2345 3939 potest
2373 3882 2430 3926 ut
2466 3875 2517 3927 in
2548 3875 2764 3929 nomine
2791 3877 3023 3947 alicujus
3047 3896 3237 3936 eorum
3262 3884 3352 3953 qui

1787 3958 2198 4013 ademeiendum
2218 3963 2285 4016 ab
2302 3961 2406 4017 alio
2422 3974 2722 4031 moventur,
2737 3967 2899 4022 etiam
2917 3969 3003 4024 alii
3025 3972 3221 4030 similia
3239 3988 3354 4048 pos-

1787 4049 1894 4102 sint
1920 4049 2147 4115 cﬂicere,
2168 4054 2388 4119 prodeat
2416 4069 2479 4111 ac
2505 4055 2668 4123 dicat,
2691 4073 2851 4128 quam
2869 4061 2936 4115 ob
2959 4076 3173 4117 causam
3197 4080 3355 4121 nemo

1786 4139 2084 4194 celebretur
2107 4142 2247 4210 quod
2268 4143 2318 4197 in
2335 4143 2472 4199 illius
2487 4148 2656 4202 sancti
2675 4149 2775 4202 viri
2796 4152 3010 4207 nomine
3031 4153 3112 4208 vel
3130 4155 3356 4224 spiritus

1786 4231 2025 4300 impuros
2048 4232 2354 4301 increparit,
2378 4235 2458 4290 vel
2482 4237 2623 4291 aliud
2642 4240 2912 4310 quidpiam
2939 4246 3081 4311 quod
3099 4259 3256 4313 supra
3277 4264 3356 4301 ra-

1787 4325 1982 4378 tionem
2016 4326 2105 4391 sit,
2144 4328 2445 4397 perfecerit.
2488 4329 2592 4385 Sed
2645 4331 2719 4387 illi
2759 4335 2976 4403 quidem
3008 4351 3036 4389 a
3062 4335 3260 4406 Spiritu
3291 4342 3355 4395 ad

1784 4431 1917 4484 opus
1938 4416 2273 4473 eﬂiciendum
2332 4420 2694 4490 impelluntur,
2739 4425 2793 4480 e't
2819 4425 3115 4482 dimensam
3159 4429 3356 4486 habent

138 4510 338 4578 ἐνεργεῖ,
383 4508 490 4562 καί
521 4506 596 4569 ὡς
623 4506 688 4558 δι’
724 4505 853 4557 ίδίου
885 4504 1201 4573 ῐΙνεύματος
1225 4503 1461 4572 ἀμογητὶ
1489 4521 1683 4575 κατορ-

1793 4509 2042 4577 gratiam;
2067 4510 2154 4564 hic
2179 4525 2306 4566 vero
2335 4522 2392 4567 ut
2419 4514 2557 4568 Deus
2589 4525 2862 4583 operatur,
2889 4527 2942 4572 et
2978 4529 3228 4590 tanquam
3264 4538 3355 4590 per

139 4598 204 4649 Bai
230 4602 290 4652 τά
310 4601 374 4652 δι’
399 4593 486 4653 ὧν
511 4595 870 4667 θαυμάζεται.
903 4595 1013 4648 Καὶ
1046 4594 1176 4663 γοῦν
1205 4597 1238 4665 ἡ
1267 4596 1364 4665 τὴν
1390 4595 1480 4648 τοῦ
1512 4596 1678 4665 αἵμασι

137 4704 208 4750 τος
250 4690 400 4759 ῥύσιν
467 4687 868 4758 ἁρρωστήσασα
929 4685 1066 4755 γυνὴ
1127 4685 1504 4755 προσελοοῦσά
1551 4701 1682 4738 ποτε

134 4778 406 4850 λεληθότως
441 4779 551 4832 ἀπὸ
571 4777 791 4830 ὄπισθεν
812 4774 996 4844 αὑτοῦ,
1037 4777 1345 4847 γέγραπται
1372 4777 1485 4840 ὡδὶ,
1508 4777 1683 4847 ἥψατο

134 4873 212 4924 τοῦ
247 4873 561 4944 κρασπέδου
609 4868 702 4922 τοῦ
758 4869 969 4938 ἱματίου
997 4868 1185 4930 αὑτοῦ,
1214 4869 1307 4921 καὶ
1339 4869 1682 4940 παραχρῆμα

133 4965 302 5036 Emi)
347 4963 512 5036 ρύσις
555 4961 649 5015 τοῦ
691 4961 920 5031 αἵματος
951 4961 1144 5029 αὐτῆς.
1193 4962 1258 5013 '0
1304 4961 1369 5030 δὴ
1420 4963 1512 5012 καὶ
1561 4977 1682 5013 συν-

136 5061 217 5123 ιεὶς
261 5063 287 5114 6
328 5058 574 5132 Χριστὸς
599 5097 614 5121 ,
660 5076 678 5109 ι
717 5057 813 5118 Τίς
855 5058 883 5108 6
932 5055 1210 5126 ἁψάμενός
1247 5073 1387 5125 μους
1425 5075 1444 5106 ι
1496 5056 1680 5126 φησίν.

142 5148 335 5221 Ἐπειδὴ
359 5148 505 5220 πρὸς
534 5147 692 5201 τοῦτο
725 5148 964 5216 ἔφασκον
1009 5149 1057 5199 οί
1095 5146 1376 5199 θεσπέσιοι
1409 5147 1679 5216 μαθηταί·

135 5259 150 5289 ι
177 5242 487 5302 Ἐπιστάτα,
519 5238 759 5308 βλέπεις,
789 5239 838 5289 οἱ
865 5237 1009 5308 ὄχλοι
1033 5238 1314 5308 συνέχουσί
1338 5255 1396 5290 σε
1429 5239 1523 5291 καὶ
1545 5239 1681 5291 ἀπο-

131 5330 372 5385 θλέὁουσι⁹
402 5351 423 5382 ι
455 5329 619 5382 πάλιν
641 5329 877 5396 ἔφασκεν
903 5329 1062 5392 αὐτός
1083 5345 1095 5358 ⁸
1127 5348 1144 5380 ι
1171 5329 1386 5398 ’Ἥψατό
1411 5328 1513 5400 μού
1566 5346 1647 5390 τις
1666 5345 1678 5356 ο

132 5423 222 5488 ἐγὼ
240 5424 341 5493 γάρ
377 5425 551 5492 ἔγνων
578 5420 808 5491 δύναμιν
841 5420 1160 5486 ἐξελθοῦσαν
1197 5421 1289 5473 ἀπ’
1317 5420 1473 5491 ἐμοῦ.
1507 5439 1525 5472 ι
1559 5421 1682 5474 Συν-

1789 4601 2059 4668 proprium
2078 4602 2336 4672 Spiritum
2360 4605 2475 4658 sine
2496 4605 2678 4660 labore
2708 4608 2963 4662 miracula
2994 4610 3220 4677 perﬁcit.
3249 4613 3354 4668 De.

1790 4693 1949 4759 nique
1973 4693 2060 4746 illa
2081 4693 2273 4748 mulier
2297 4710 2415 4766 quae
2435 4697 2711 4764 sanguinis
2735 4696 2880 4752 ﬂuxu
2906 4701 3204 4774 laborabat,
3234 4719 3353 4759 cum

1791 4785 2106 4838 accessisset
2132 4785 2268 4840 clam
2297 4802 2327 4840 a
2352 4797 2522 4856 tergo,
2549 4788 2688 4843 sicut
2715 4791 2972 4861 scriptum
2994 4794 3153 4857 est",
3181 4797 3356 4866 tetigit

1792 4875 2056 4928 ﬁmbriam
2083 4876 2386 4931 vestimenti
2415 4877 2530 4946 ejus
2563 4895 2576 4930 :
2605 4888 2657 4933 et
2691 4881 2948 4934 continuo
2982 4885 3128 4938 stetit
3179 4883 3355 4942 ﬂuxus

1790 4965 2066 5032 sanguinis
2109 4965 2242 5032 ejus.
2272 4965 2388 5034 Quo
2430 4970 2647 5038 cognito
2686 4970 2934 5028 Christus
2968 4991 2981 5026 :
3035 4993 3052 5026 ι
3079 4974 3209 5042 Quis
3249 4993 3352 5042 me,

1794 5055 2000 5124 inquit,
2051 5058 2272 5128 tetigit?
2319 5077 2337 5110 ι
2385 5074 2616 5130 cumque
2663 5063 2730 5115 ad
2779 5064 2828 5116 id
2887 5065 3129 5120 dicerent
3179 5072 3351 5123 saneti

1789 5149 2012 5215 apostoli
2043 5165 2054 5199 :
2094 5168 2111 5198 ‹
2140 5148 2461 5219 Praeceptor,
2498 5153 2665 5216 vides,
2699 5154 2869 5208 turba
2904 5166 2954 5210 te
2985 5159 3349 5225 comprimunt

1787 5248 1839 5290 et
1872 5238 2154 5307 allligunt;
2193 5261 2210 5292 ι
2250 5257 2460 5295 rursum
2504 5245 2615 5311 ipse
2641 5244 2820 5297 dixit:
2860 5264 2876 5296 ε
2915 5247 3118 5316 Tetigit
3149 5266 3234 5303 me
3258 5251 3353 5302 ali-

1787 5329 1931 5398 quis,
1959 5345 2058 5396 ego
2088 5333 2229 5384 enim
2265 5333 2383 5386 novi
2418 5334 2669 5388 virtutem
2706 5351 2734 5389 a
2789 5353 2871 5391 me
2916 5339 3065 5392 exire
3105 5341 3168 5391 ".
3222 5360 3240 5390 ι
3281 5342 3353 5392 In.

1790 5422 1990 5491 telligis
2028 5437 2156 5492 ergo
2203 5425 2657 5494 quemadmodum
2706 5441 2810 5482 non
2853 5430 2959 5484 vim
3009 5433 3344 5486 extrinsecus

187 5584 225 5613 "
264 5583 445 5640 Matth,
483 5601 537 5646 τ,
571 5580 641 5656 8)-
664 5581 729 5656 9;
755 5579 884 5634 Luc.
916 5580 1090 5656 tx.__i.
1117 5649 1129 5656 _
1152 5580 1212 5656 _”
1248 5577 1752 5656 J_oan._1_n,_§l.m“
1790 5579 1806 5633 l
1849 5580 1971 5634 Cor.
2010 5596 2107 5645 xu,
2136 5581 2286 5637 8-10.
2364 5584 2408 5617 ⁵⁸
2433 5584 2615 5641 Matth.
2643 5602 2740 5656 xu,
2769 5587 2857 5644 εί.
2945 5589 2992 5622 ⁸⁸
3018 5589 3148 5645 ibid.
3175 5589 3269 5650 27.

131 5651 163 5678 "
191 5651 313 5710 Luc.
352 5670 403 5720 χ,
433 5655 520 5707 l7.
598 5651 644 5683 ⁸⁸
671 5651 804 5705 Luc.
835 5664 950 5714 vm,
978 5649 1069 5713 45,
1103 5649 1192 5704 44.
1271 5651 1315 5682 ⁵³
1351 5651 1480 5705 ibid.
1504 5649 1591 5715 45,
1625 5647 1712 5702 46.

187 5809 254 5876 (l)
289 5811 348 5865 Et
379 5811 460 5868 hic
497 5811 652 5866 locus
679 5814 869 5878 aperte
899 5803 1140 5861 declarat
1165 5803 1422 5874 Spiritum
1449 5819 1513 5861 ex
1541 5801 1673 5858 Filio
1713 5803 1874 5858 etiam
1913 5801 2226 5872 procedere.
