4104 6484
731 393 832 451 175
1729 401 1783 456 S.
1828 401 2098 458 CYRII.”
2137 398 2596 457 ALEXANDRINI
2636 399 2940 460 ARCHIEP.
3870 404 3990 460 176

727 509 974 576 ascitum,
1004 513 1098 568 sed
1133 514 1455 572 intrinsecus
1482 526 1530 571 et
1558 534 1621 571 ex
1646 519 1822 588 seipso
1847 520 2038 574 habeat
2071 530 2126 574 ut
2158 533 2283 589 ope-
2321 525 2348 576 Α

2391 517 2490 582 ιεὶς
2533 517 2766 589 [συνίης]
2800 514 2893 573 οὖν
2941 518 3087 581 ὅπως
3137 518 3234 571 οὐκ
3287 518 3699 590 είσκεκριμένον
3742 519 3979 585 ἔξωθεν,

728 604 834 657 rari
867 613 919 658 et
947 603 1154 660 cllicere
1189 607 1380 676 possit,
1416 617 1468 663 et
1500 609 1564 662 ab
1597 609 1999 666 inﬁrmitatibus
2031 610 2284 667 liberare.

2394 613 2504 666 ἀλλ’
2539 612 2750 665 οἴκοθεν
2777 611 2888 682 ἔχει
2913 612 3004 665 καὶ
3034 611 3093 676 ἐξ
3117 612 3279 666 αὑτοῦ
3313 612 3372 665 τὸ
3403 614 3644 684 ἐνεργεῖν
3675 611 3976 673 δύνασθαι,

729 688 928 746 Scribit
955 694 1118 748 etiam
1147 695 1339 749 alicubi
1377 697 1564 751 beatus
1597 698 1929 767 evangelista
1958 698 2239 755 Mattbaeus
2273 719 2284 753 :

2393 705 2482 757 καὶ
2521 704 2884 758 ἀπαλλάττειν
2907 705 3382 776 ἀρρωστημάτων.
3407 704 3614 776 Γράφει
3643 703 3700 757 δέ
3737 721 3842 758 που
3876 707 3983 758 καὶ

732 798 748 829 ι
797 780 858 835 Et
887 783 1065 838 omnis
1102 785 1254 840 turba
1292 787 1566 854 querebat
1603 803 1722 842 eum
1753 799 1996 858 tangere,
2021 791 2146 860 quia
2181 792 2286 844 vir.

2390 797 2418 848 6
2473 795 2742 866 μακάριος
2792 795 3187 864 εὐαγγελιστὴς
3231 794 3541 858 Ματθαϊος·
3584 815 3602 847 ι
3633 796 3744 849 Καὶ
3785 799 3898 857 πεῖ-ς
3949 802 3983 849 6

729 884 815 928 tus
860 876 925 931 de
972 875 1061 932 illo
1101 877 1302 943 exibat,
1363 888 1416 933 et
1465 879 1686 933 sanabat
1730 895 1919 936 omnes
1976 881 2038 933 ου.
2076 899 2094 932 ι
2134 881 2291 951 ιοο

2389 886 2543 956 ὄχλος
2563 887 2745 957 ἐζήτει
2769 886 3037 941 ἅπτεσθαι
3063 885 3250 953 αὑτοῦ,
3271 887 3353 940 ὅτι
3381 887 3609 956 δύναμις
3642 890 3772 959 παρ’
3797 888 3981 942 αὑτοῦ

727 961 912 1020 Virtus
945 978 1074 1037 ergo
1103 966 1218 1033 ejus
1263 976 1347 1022 est
1393 967 1508 1035 ejus
1549 967 1837 1038 Spiritus:
1881 968 2042 1038 idque
2090 971 2288 1024 contir-

2391 978 2668 1050 ἐξήρχετο,
2701 979 2797 1033 καὶ
2830 979 2946 1034 ίᾶτο
2985 979 3212 1042 πάντας.
3243 997 3262 1030 ο
3292 979 3528 1050 Δύναμις
3562 976 3653 1034 οὖν
3686 979 3879 1045 αὑτοῦ,
3914 981 3985 1031 τὸ

728 1063 838 1110 mat
867 1055 1057 1111 beatus
1091 1057 1254 1112 David
1281 1073 1404 1113 cum
1441 1058 1573 1114 dicit
1602 1075 1616 1112 :
1651 1077 1669 1110 ι
1712 1057 1886 1114 Verbo
1924 1058 2131 1114 Domini
2164 1059 2287 1115 caeli

2391 1069 2619 1140 Πνεῦμα
2666 1069 2861 1124 αὐτοῦ’
2914 1072 3009 1123 καὶ
3042 1069 3373 1123 πιστώσεται
3409 1069 3584 1137 λέγων
3609 1071 3637 1124 6
3675 1069 3982 1131 θεσπέσιος

729 1144 925 1199 ﬁrmati
971 1156 1117 1213 sunt,
1152 1157 1204 1202 et
1240 1149 1448 1216 Spiritu
1477 1151 1588 1205 oris
1637 1150 1751 1218 ejus
1779 1149 1958 1206 omnis
1991 1150 2161 1204 virtus
2192 1165 2285 1204 eo-

2391 1161 2552 1214 Δαδίδ
2572 1177 2584 1190 ’
2625 1179 2642 1212 ι
2681 1159 2772 1232 Τῷ
2798 1161 2941 1231 λόγῳ
2975 1160 3182 1232 Κυρίου
3204 1162 3253 1214 οἱ
3281 1160 3498 1232 οὐρανοὶ
3523 1159 3976 1230 ἐστερεώθησαν,

725 1249 843 1288 rum
878 1237 943 1290 σί.
995 1256 1012 1288 ι
1048 1237 1123 1292 Os
1160 1247 1339 1292 autem
1375 1239 1466 1294 Dei
1501 1254 1564 1295 ac
1614 1240 1790 1296 Patris
1824 1282 1838 1305 ,
1891 1242 2064 1310 ipsum
2117 1254 2181 1295 ex
2222 1256 2285 1297 eo

2392 1250 2488 1303 καὶ
2541 1250 2619 1319 τῷ
2648 1249 2923 1321 ΙΙνεύματι
2947 1250 3042 1304 τοῦ
3073 1251 3337 1322 στόματος
3365 1249 3530 1303 αὐτοῦ
3561 1251 3712 1303 πᾶσα
3744 1252 3774 1320 ὴ
3806 1249 3951 1302 δύνα

726 1325 960 1380 Verbum
1012 1327 1285 1396 appellat,
1328 1330 1482 1399 cujus
1529 1330 1731 1400 Spiritu
1759 1370 1774 1396 ,
1817 1347 1938 1402 qua:
1975 1347 2070 1401 per
2111 1333 2284 1402 ipsum

2394 1357 2485 1409 μις
2513 1341 2714 1394 αὐτῶν.
2751 1359 2769 1393 ι
2804 1341 2986 1412 Στόμα
3014 1342 3070 1395 δὲ
3100 1340 3194 1396 τοῦ
3230 1340 3369 1394 Θεοῦ
3401 1341 3495 1394 καὶ
3521 1341 3754 1411 Πατρὸς,
3784 1339 3882 1392 τὸν
3913 1339 3983 1404 ἐξ

724 1415 861 1470 facta
918 1427 1084 1480 sunt,
1133 1419 1480 1474 continentur
1539 1429 1597 1474 ut
1645 1422 1966 1477 subsistant.
2017 1422 2285 1478 Hactenus

2388 1431 2550 1486 αὐτοῦ
2601 1449 2736 1503 φησι
2785 1431 2990 1500 Λόγον,
3029 1425 3092 1485 οῦ
3142 1432 3223 1503 τῷ
3254 1430 3538 1501 Πνεύματι
3585 1430 3979 1500 διακρατεῖται

724 1504 882 1574 igitur
905 1503 1016 1560 dixi
1043 1507 1497 1577 quemadmodum
1525 1508 1745 1577 pietatis
1778 1513 2115 1581 mysterium,
2141 1515 2282 1583 quod

2388 1525 2523 1595 πρὸς
2549 1523 2802 1596 ὓπαρξιν,
2833 1525 2902 1580 τά
2939 1525 3006 1579 δι’
3047 1526 3212 1579 αὑτοῦ
3249 1526 3528 1595 γεγονότα.
3565 1525 3702 1594 Ἤδη
3741 1526 3843 1594 μὲν
3872 1521 3983 1578 οὖν

723 1595 820 1665 ipsi
856 1610 1068 1666 quoque
1119 1597 1456 1653 admirantur
1483 1600 1681 1671 angeli,
1739 1601 1804 1656 ad
1853 1603 2077 1657 nihilum
2120 1605 2284 1662 dedu-

2387 1618 2524 1687 ἔφην
2556 1618 2639 1671 ὅτι
2672 1595 2775 1688 τῆς
2797 1617 3079 1681 εὐσεϐείας
3101 1617 3162 1671 τὸ
3191 1619 3508 1690 μυστήριον,
3539 1617 3569 1670 ὃ
3598 1617 3688 1670 καὶ
3713 1617 3850 1686 παρ’
3871 1619 3983 1669 αὑ-

719 1697 828 1753 eat,
866 1697 921 1742 et
969 1688 1240 1761 negligens
1271 1689 1520 1760 dogmata
1557 1692 1830 1758 veritatis,
1887 1705 2162 1762 extenuet,
2200 1697 2280 1752 di-

2385 1711 2495 1771 τοῖς
2522 1708 2898 1778 τεθαύμασται
2931 1713 3046 1774 τοῖς
3077 1710 3251 1779 ἁγίοις
3295 1688 3568 1778 ἀγγέλοις,
3600 1710 3981 1779 κατακομίζει

721 1792 884 1833 cens:
922 1796 940 1830 ι
968 1779 1130 1835 Visne
1153 1789 1208 1836 et
1235 1780 1392 1835 aliam
1423 1782 1489 1836 ad
1524 1781 1638 1838 hrec
1659 1785 1976 1852 adjiciamus
2000 1784 2283 1843 Trinitatis

2388 1800 2522 1869 πρὸς
2559 1800 2620 1853 τὸ
2650 1801 2834 1870 μηδὲν,
2869 1801 2965 1854 καὶ
3004 1803 3114 1855 τῶν
3143 1803 3224 1865 είς
3261 1801 3520 1870 ἀλήθειαν
3567 1801 3857 1869 δογμάτων
3907 1802 3981 1852 οὐ

718 1871 1124 1940 operationem?
1166 1871 1493 1929 lnbabitavit
1524 1875 1694 1932 Filius
1734 1879 1785 1932 in
1815 1893 2041 1948 corpore
2080 1894 2095 1932 :
2129 1893 2276 1934 eom~
2313 1871 2339 1926 Ε

2386 1890 2785 1960 πεφροντικὼς,
2823 1892 3252 1963 κατασμικρύνει
3279 1931 3294 1956 ,
3324 1893 3533 1961 λέγων’
3571 1911 3592 1945 ι
3630 1893 3814 1946 Βούλει
3873 1897 3983 1945 καὶ

717 1962 989 2016 mendavit
1025 1964 1354 2032 baptizatum
1417 1964 1614 2020 Pater:
1653 1966 1903 2023 formavit
1949 1969 2001 2023 in
2055 1967 2275 2039 Virgine

2382 1979 2547 2050 ἀλλην
2597 1981 2690 2035 ἐπὶ
2731 1983 2943 2048 τούτοις
2992 1962 3177 2048 αὐτοῖς
3224 1985 3324 2054 τῆς
3369 1971 3604 2055 Τριάδος
3644 1985 3977 2054 ἐνέργειαν,

717 2053 970 2124 Spiritus.
1007 2074 1024 2107 ι
1072 2055 1238 2111 Porro
1270 2073 1390 2113 eum
1422 2059 1506 2114 his
1535 2074 1656 2129 quae
1680 2075 1708 2114 a
1759 2062 1914 2116 nobis
1936 2063 2077 2118 dicta
2127 2073 2274 2130 sunt,

2395 2067 2699 2139 Ἐνῲκησεν
2721 2072 2750 2124 6
2779 2071 2902 2136 Υἱὸς
2925 2073 2982 2125 ἐν
3002 2072 3080 2142 τῷ
3101 2053 3310 2144 σώματι
3328 2091 3340 2102 ·
3369 2053 3697 2144 συνέστησεν
3717 2073 3748 2127 ό
3768 2073 3980 2143 Πατὴρ

715 2159 1010 2216 congruere
1053 2147 1369 2217 veritatem,
1425 2165 1597 2221 neque
1651 2153 1910 2209 adversus
1945 2154 2061 2223 ejus
2113 2155 2274 2212 verba

2382 2158 2776 2233 βαπτιζόμενον
2799 2180 2814 2196 ο
2842 2163 3130 2218 διέπλασεν
3175 2165 3234 2217 ἐν
3266 2163 3528 2237 Παρθένῳ
3547 2164 3608 2219 τὸ
3651 2164 3906 2236 Πνεῦμα.
3949 2184 3973 2217 ι

717 2237 892 2292 tictam
928 2252 1026 2293 nos
1055 2243 1424 2310 composuisse
1455 2243 1932 2310 declamationem,
1973 2248 2067 2302 sed
2119 2261 2277 2318 aper-

2380 2252 2502 2305 Ὀτι
2526 2253 2580 2306 δὲ
2606 2256 2720 2319 τοῖς
2752 2255 2885 2324 πρὸς
2915 2255 3071 2326 ἡμῶν
3094 2256 3406 2327 εἰρημένοις
3436 2257 3626 2327 ἕψεται
3646 2257 3712 2327 δὴ
3737 2257 3976 2323 πάντως

715 2334 822 2380 tam
869 2340 1159 2397 veramque
1217 2333 1648 2401 redargutionem
1688 2375 1700 2399 ,
1760 2336 1875 2404 ipse
1929 2339 2273 2408 perSpicunm

2377 2341 2436 2394 τὸ
2460 2341 2680 2414 ἀληθὲς,
2721 2345 2817 2400 καὶ
2842 2345 2904 2399 οὐ
2934 2346 3096 2418 ψιλὴν
3137 2347 3478 2418 κατάρρυσιν
3508 2347 3624 2419 [ιον.
3662 2347 3979 2420 κατάρρηεο

716 2415 894 2480 faciet,
926 2431 1047 2472 cum
1081 2419 1204 2474 alibi
1240 2423 1316 2475 sic
1352 2423 1496 2477 dicat
1525 2442 1538 2478 :

2376 2431 2483 2503 σιν]
2517 2432 2623 2487 τῶν
2639 2435 2804 2490 αὑτοῦ
2825 2415 3169 2507 πεποιήμεθα
3195 2415 3389 2505 λόγων,
3411 2415 3630 2507 ἔλεγχον
3650 2435 3710 2490 δέ
3751 2415 3976 2506 μὰλλὸ»

2388 2524 2532 2595 σαῖΡῆ
2560 2543 2622 2578 τε
2655 2526 2750 2580 καὶ
2784 2528 2982 2599 ἀληθῆ,
3017 2527 3266 2593 διαδείξει
3305 2528 3362 2582 δέ
3392 2526 3505 2600 [Ion
3533 2527 3621 2602 δὴ]
3651 2528 3827 2597 λέγων
3865 2532 3979 2582 αὑ-

2382 2614 2471 2678 τδς
2491 2617 2548 2670 ἐν
2577 2617 2784 2687 ἑτέροις
2799 2619 2917 2674 ὡδί.

776 2682 1013 2740 Νιετοιι.
1061 2685 1259 2757 [Atque
1303 2691 1700 2759 cooperationis
1743 2692 1899 2760 hujus
1933 2697 2154 2753 evidens
2187 2711 2266 2754 est

2444 2706 2588 2778 [Καὶ
2617 2682 2719 2779 τῆς
2747 2712 3063 2783 συνεργείας
3085 2714 3119 2784 ὴ
3149 2713 3420 2780 ἀπόδειξις
3451 2713 3714 2786 πρόδηλος
3734 2729 3748 2742 ⁸
3777 2713 3810 2766 δ
3839 2715 3975 2780 Υἱὸς

710 2785 1084 2845 argumentum
1112 2794 1126 2831 :
1154 2779 1320 2834 Filius
1341 2793 1422 2836 est
1446 2781 1619 2839 factus
1649 2785 1830 2851 homo,
1865 2784 2024 2840 Pater
2048 2787 2099 2841 in
2124 2791 2268 2841 thro-

2379 2801 2822 2873 ἐνηνθρὼπησενο
2961 2779 3152 2876 Πατηρ
3207 2779 3564 2876 ἐνεθρόνησεο
3608 2779 3676 2862 τὸ
3725 2807 3973 2877 Πνεῦμα

710 2879 779 2919 no
794 2864 1105 2933 collocavit,
1137 2870 1369 2940 Spiritus
1399 2873 1566 2941 signis
1603 2874 1952 2947 honestavit.]

1335 2887 1369 2926 l8
1399 2873 1566 2941 signis
1603 2874 1952 2947 honestavit.]
2383 2864 2628 2964 σημείοις
2649 2864 2956 2967 ἐσέμνυνε]

1367 2985 1512 3040 CAP.
1548 2985 1607 3042 ll.
2981 3010 2988 3061 l

2981 3010 3229 3065 ΚΕΦΔΛ.
3275 3009 3345 3063 B’.

777 3107 857 3161 An
889 3119 1012 3159 vero
1050 3101 1275 3170 posthac
1324 3099 1559 3167 ambiget
1609 3100 1932 3171 quisquam,
1977 3107 2269 3162 sententia-

2451 3092 2576 3170 Ἆρ’
2621 3093 2715 3153 οὖν
2761 3099 3085 3153 ἐνδοιάσειεν
3132 3100 3199 3154 ἂν
3242 3101 3334 3153 καὶ
3372 3101 3512 3171 μετὰ
3544 3101 3696 3156 τοῦτό
3732 3119 3840 3168 τις,
3871 3103 3971 3158 ὅτι

708 3212 825 3252 rum
856 3194 971 3264 ejus
1006 3192 1365 3246 intentionem
1389 3189 1455 3242 ad
1509 3189 1780 3246 inscitiam
1826 3193 1986 3247 simul
2029 3196 2272 3267 impieta-
2301 3216 2329 3274 (ς

2381 3189 2486 3242 τῶν
2516 3189 2734 3244 ἐννοιῶν
2763 3193 2791 3244 6
2825 3191 3026 3255 σκοπὸς
3067 3191 3237 3262 αὐτῷ,
3262 3193 3398 3262 πρὸς
3431 3193 3671 3262 ἀμαθίαν
3700 3209 3761 3245 τε
3813 3195 3970 3264 ὁμοῦ

708 3298 922 3357 temque
951 3290 1215 3354 Spectare,
1250 3289 1303 3336 et
1333 3279 1592 3335 adversus
1620 3281 1839 3350 pietatis
1871 3285 2121 3353 dogmata
2146 3301 2268 3342 eum

2378 3281 2471 3336 καὶ
2509 3281 2832 3353 ἀνοσιότητα
2877 3281 3102 3352 βλέπει,
3141 3283 3237 3336 xui.
3275 3281 3384 3335 τῶν
3410 3282 3513 3352 τῆς
3551 3282 3836 3348 εὐσεϐείας
3864 3284 3969 3339 δι,-

707 3381 963 3434 audacter
990 3371 1305 3444 insurgere?
1357 3372 1448 3441 qui
1499 3372 1638 3427 sicut
1684 3372 1856 3441 ipsum
1889 3373 1984 3431 Dei
2037 3377 2268 3432 Verbum

2378 3371 2602 3441 γμάτων
2633 3371 3139 3444 καταθρασύνεταις
3179 3371 3368 3444 ὥσπερ
3399 3371 3459 3424 τὸ
3488 3372 3739 3440 γενέσθαι
3769 3373 3968 3444 σάρκα

707 3481 824 3522 esse
849 3477 1062 3520 carnem
1088 3461 1285 3516 factum
1313 3461 1475 3515 stulte
1496 3460 1770 3528 rejicicns,
1795 3473 2076 3533 operatum
2104 3465 2269 3523 fuisse

2376 3463 2465 3514 τὸν
2493 3461 2587 3516 τοῦ
2633 3461 2769 3534 Θεοῦ
2800 3462 2992 3535 Λόγον,
3025 3461 3299 3526 ἀσυνέτως
3337 3461 3604 3527 ἐκδαλὼν,
3654 3463 3965 3532 ἐνεργῆσαί

707 3560 781 3613 ait
811 3557 954 3612 illam
988 3552 1434 3610 inhabitationem
1459 3553 1510 3605 in
1549 3553 1799 3619 homine;
1846 3555 1917 3609 ita
1953 3573 2142 3612 rursus
2177 3574 2268 3614 ac-

2379 3569 2542 3623 φησιν
2572 3555 2651 3617 είς
2680 3553 2968 3624 ἄνθρωπον
2997 3552 3097 3624 τὴν
3118 3551 3412 3622 ἐνοίκησιν,
3443 3551 3586 3605 οὓτω
3610 3551 3673 3624 δὴ
3698 3551 3865 3605 πάλιν
3892 3554 3967 3606 τὸ

706 3649 836 3718 cipit
868 3646 1009 3718 quod
1046 3645 1208 3702 homo
1231 3643 1406 3698 factus
1432 3651 1512 3696 est
1549 3661 1560 3696 :
1593 3645 1838 3712 quamvis
1878 3647 2144 3704 universa:
2175 3667 2271 3718 per

2377 3644 2785 3718 ἐνανθρωπῆσαι
2807 3646 3019 3716 δέχεται
3035 3661 3047 3672 ·
3065 3645 3244 3700 καίτοι
3274 3642 3384 3696 τῶν
3405 3643 3509 3696 ἀνά
3534 3644 3712 3697 πᾶσαν
3732 3643 3831 3712 τὴν
3860 3644 3961 3696 ὑπ’

707 3741 890 3797 orbem
919 3749 1187 3794 terrarum
1237 3745 1438 3790 sanctae
1484 3734 1764 3803 Ecclesiae,
1809 3747 1863 3793 et
1904 3738 2003 3809 ipsi
2051 3755 2271 3796 venera-

2376 3735 2599 3804 οὐρανὸν
2633 3734 2803 3803 ἀγίων
2831 3734 3189 3807 Ἐκκλησιῶν,
3214 3734 3309 3786 καὶ
3335 3733 3514 3788 αὐτῶν
3537 3733 3592 3786 δὲ
3626 3733 3736 3786 τῶν
3775 3734 3961 3788 ἀοιδέ-

707 3833 840 3888 biles
872 3831 1060 3894 Patres
1089 3828 1178 3898 qui
1219 3835 1381 3882 rectae
1407 3834 1462 3881 et
1507 3826 1864 3884 immaculata:
1911 3831 2034 3886 fidei
2074 3832 2268 3887 deﬂui-

2381 3843 2496 3896 μων
2521 3825 2862 3896 Πατέρων,οἳ
2897 3827 2987 3878 τὸν
3015 3826 3113 3896 τῆς
3142 3824 3304 3897 ὀρθῆς
3331 3840 3389 3876 τε
3411 3825 3506 3876 καλ⁸
3524 3823 3829 3895 ἀμωμήτου
3860 3825 3962 3877 πί-

709 3925 907 3980 tionem
940 3921 1092 3976 nobis
1138 3919 1444 3983 ediderunt,
1499 3928 1690 3974 sancto
1713 3918 1917 3989 Spiritu
1962 3921 2014 3975 in
2061 3922 2140 3979 eis
2188 3923 2268 3978 lo-

2380 3932 2545 3978 στεως
2575 3915 2699 3985 ὅρον
2725 3916 2856 3985 ἡμῖν
2884 3913 3205 3986 ἐξήνεγκαν,
3237 3911 3525 3976 λαλοῦντος
3554 3914 3612 3966 ἐν
3640 3913 3825 3976 αὐτοῖς
3853 3913 3961 3966 τοῦ

707 4020 940 4084 quente,
994 4011 1330 4064 incarnatum
1361 4021 1482 4061 esse
1514 4017 1570 4061 et
1619 4006 1890 4062 hominem
1930 4009 2131 4065 factum
2177 4009 2266 4065 Dei

2377 4007 2532 4074 ἁγίου
2566 4005 2903 4076 Πνεύματος,
2941 4005 3003 4058 τὸ
3043 4004 3394 4076 σαρκωθῆναί
3429 4021 3489 4057 τε
3539 4003 3633 4057 καὶ
3675 4003 3961 4074 ἐνανθρω-

710 4103 963 4167 Verbum,
992 4115 1095 4154 non
1119 4099 1262 4152 aliud
1289 4110 1409 4150 esse
1434 4096 1754 4169 intelligant,
1785 4099 1886 4154 nisi
1924 4099 2123 4156 factum
2150 4116 2270 4158 esse

2377 4097 2546 4167 πῆσαι
2574 4097 2663 4148 τὸν
2690 4095 2783 4148 τοῦ
2816 4094 2950 4150 Θεοῦ
2980 4095 3174 4163 Λόγον,
3202 4093 3352 4147 οὐδὲν
3381 4093 3570 4163 ἕτερον
3605 4089 3747 4146 εῖναι
3771 4092 3964 4148 νοοῦν-

706 4194 871 4249 nostri
900 4191 1132 4246 similem
1167 4189 1434 4245 hominem
1463 4228 1478 4252 ,
1516 4199 1571 4243 et
1614 4191 1909 4244 secundum
1941 4205 2159 4245 carnem
2200 4208 2266 4246 ex

2373 4204 2501 4253 των,
2525 4185 2664 4257 πλὴν
2685 4187 2767 4238 ὅτι
2797 4185 2954 4256 μόνον
2976 4186 3035 4238 τὸ
3059 4183 3314 4255 γενέσθαι
3332 4182 3452 4236 καθ’
3480 4185 3623 4254 ἡμᾶς
3636 4182 3957 4254 ἄνθρωπον,

708 4281 932 4338 muliere
963 4289 1166 4343 uatum,
1200 4279 1322 4347 quia
1356 4279 1632 4335 nobiscum
1670 4278 1844 4336 factus
1877 4291 1962 4335 est
1991 4280 2092 4335 sub
2130 4281 2264 4352 lege,

2375 4275 2740 4346 ἀποτεχθὴναί
2785 4294 2844 4328 τε
2883 4276 3024 4329 κατὰ
3068 4275 3248 4344 σάρκα
3289 4274 3355 4326 ἐκ
3395 4272 3673 4340 γυναικὸς,
3715 4272 3796 4324 ὅτι
3853 4275 3962 4326 καὶ

704 4374 794 4443 qui
828 4381 1078 4439 tanquam
1109 4369 1248 4423 Deus
1271 4378 1353 4424 est
1380 4383 1539 4438 supra
1570 4370 1763 4440 legem.
1801 4371 2065 4437 Quoniam
2113 4388 2262 4440 vero,

2374 4365 2560 4435 γέγονε
2598 4366 2716 4437 μεθ’
2742 4365 2901 4438 ἡμῶν
2933 4365 3036 4419 ὑπὸ
3064 4365 3246 4435 νόμον,
3273 4367 3301 4418 6
3340 4363 3479 4434 ὑπὲρ
3500 4364 3663 4435 νόμον
3688 4363 3760 4427 ὼς
3786 4363 3952 4428 Θεός.

706 4475 760 4520 ιιι
790 4463 982 4533 saepius
1021 4460 1153 4525 dixi,
1183 4459 1234 4515 id
1265 4460 1365 4530 ipsi
1397 4461 1732 4531 propositum
1759 4472 1862 4525 est,
1897 4473 1952 4517 ut
1982 4467 2262 4520 veritatem

2386 4461 2601 4532 Ἐπειδὴ
2639 4461 2696 4514 δέ
2740 4462 2814 4524 ὡς
2855 4459 2953 4532 ἤδη
2992 4458 3309 4522 πλειστάκις
3357 4457 3516 4529 ἔφην,
3555 4455 3753 4521 σκοπὸς
3793 4457 3957 4527 αὐτῷ

707 4555 960 4619 inﬁrmet,
997 4555 1096 4609 hac
1119 4552 1184 4606 de
1215 4567 1375 4606 causa
1405 4561 1456 4607 et
1478 4553 1692 4622 quidem
1725 4554 1980 4608 audacter
2006 4556 2152 4610 solus
2179 4574 2263 4612 re-
2301 4566 2328 4624 ι

2337 4575 2347 4615 ι
2374 4553 2670 4626 παραλύειν
2697 4554 2793 4625 τὴν
2813 4553 3090 4626 ἀλήθειαν,
3114 4552 3287 4624 ταύτῃ
3303 4567 3382 4604 τοι
3399 4549 3496 4604 καὶ
3517 4548 3661 4620 μάλα
3681 4547 3958 4614 νεανικῶς

709 4649 977 4710 luctatur,
1028 4650 1081 4700 et
1126 4658 1248 4697 cum
1300 4644 1539 4698 omnium
1597 4644 1862 4698 sententia
1910 4657 2160 4721 pugnat,
2215 4658 2266 4703 et

2372 4645 2614 4716 ἀνταίρει
2667 4647 2862 4716 μόνος,
2911 4647 3002 4698 καὶ
3049 4646 3171 4708 ταῖς
3207 4643 3462 4697 ἀπάντων
3509 4641 3741 4711 μάχεται
3796 4641 3954 4706 γνὼ-

706 4740 966 4793 adversus
988 4732 1312 4790 ineﬂabilem
1351 4733 1574 4804 gloriam
1604 4749 1753 4788 arma
1784 4747 1998 4803 moret;
2041 4730 2260 4807 etquod

2375 4755 2523 4808 μαις,
2542 4739 2634 4790 καὶ
2663 4739 2801 4790 κατά
2823 4738 2919 4807 τῆς
2947 4737 3184 4809 ἀρρήτου
3205 4734 3360 4805 δόξης
3387 4734 3451 4786 τὰ
3481 4732 3619 4787 ὅπλα
3643 4733 3816 4783 κινεῖ’
3850 4735 3955 4784 καὶ

711 4829 810 4896 ipsi
865 4825 1072 4893 solique
1108 4822 1287 4892 placet
1343 4823 1487 4878 velut
1531 4824 1855 4896 quisquilias
1910 4829 2179 4895 quasdam
2217 4831 2265 4884 in

2370 4831 2432 4883 τὸ
2482 4829 2631 4900 αὐτῷ
2686 4831 2780 4882 καὶ
2833 4829 2977 4899 μόνῳ
3027 4826 3239 4890 δοκοῦν,
3278 4824 3544 4894 συρφετὸν
3599 4822 3784 4892 ὥσπερ
3820 4827 3954 4877 τινα

702 4918 796 4972 Dei
847 4914 1117 4970 Ecclesias
1174 4913 1428 4968 invehere
1504 4924 1780 4968 conatur:
1849 4915 2080 4974 aﬂirmat
2122 4922 2264 4974 enim

2372 4922 2490 4983 ταῖς
2525 4919 2875 4988 Ἐκκλησίαις
2907 4917 3000 4969 τοῦ
3030 4916 3166 4970 Θεοῦ
3200 4916 3611 4988 παρεισκρίνειν
3637 4916 3950 4986 ἐπιχειρεῖ·

701 5009 834 5064 nihil
887 5007 1027 5062 aliud
1054 5020 1174 5061 esse
1226 5006 1670 5061 ltumanationem
1751 5009 1853 5064 nisi
1922 5011 2267 5070 inhabitatio-

2370 5010 2759 5082 διῖσχυρίζεται
2809 5009 2916 5079 γὰρ
2953 5007 3224 5080 ἐνοίκησιν
3262 5003 3402 5062 εἶναι
3444 5006 3542 5077 τὴν
3595 5006 3954 5078 ἐνανθρὼπη-

702 5118 882 5168 nem,
966 5114 1068 5154 non
1121 5099 1262 5167 quod
1321 5098 1498 5151 carnis
1573 5107 1625 5150 et
1685 5101 1958 5168 sanguinis
2023 5104 2270 5160 similiter

2373 5119 2488 5154 σινο
2537 5103 2631 5157 καὶ
2676 5102 2796 5171 οὐχ).
2839 5101 2904 5169 δὴ
2941 5101 3138 5172 μᾶλλον
3164 5101 3244 5167 τὸ,
3293 5101 3523 5172 αἵματος
3571 5099 3664 5153 καὶ
3715 5097 3952 5166 σαρκὸς,

700 5208 763 5246 ac
813 5203 911 5243 nos
959 5187 1224 5256 particeps
1263 5185 1375 5240 fieri
1437 5186 1666 5241 voluerit
1736 5189 1908 5258 ipsum
1969 5191 2060 5247 Dei
2112 5193 2261 5262 ιοι

2369 5193 2765 5264 παραπλησίως
2815 5195 2949 5263 ἡμῖν
3003 5196 3294 5263 μετασχεῖν
3336 5192 3550 5250 ἑλέσθαι
3579 5191 3670 5244 τὸν
3712 5190 3775 5242 ἐκ
3804 5189 3949 5243 Θεοῦ

701 5280 936 5334 Verbum
991 5293 1006 5341 ;
1067 5276 1273 5330 tametsi
1352 5279 1404 5330 in
1463 5280 1712 5333 omnibus
1765 5283 1968 5336 sanetis
2031 5285 2266 5338 homini-

2368 5285 2538 5352 Λόγον
2560 5302 2574 5316 ο
2609 5285 2700 5337 καί
2727 5302 2806 5338 τοι
2836 5286 2967 5337 πᾶσι
3021 5285 3118 5355 μὲν
3163 5287 3272 5346 τοῖς
3307 5284 3481 5351 ἀγίοις
3511 5281 3852 5354 ἐνῳκηκότος
3885 5301 3947 5336 τε

698 5371 799 5427 bus
841 5367 1128 5432 habitarit,
1169 5376 1221 5420 et
1262 5367 1434 5424 adhuc
1476 5369 1738 5425 inhabitet
1779 5373 1954 5440 ipsum
1995 5373 2258 5444 Verbum,

2369 5379 2460 5430 καὶ
2493 5376 2824 5440 ἐνοικοῦντος
2851 5377 2929 5428 ἐτι
2955 5376 3046 5428 τοῦ
3079 5376 3281 5445 Λόγου”
3319 5373 3598 5443 γεγονότος
3627 5372 3682 5426 δέ
3713 5372 3864 5437 ἅπαξ
3888 5377 3950 5427 ἐν

699 5459 862 5516 semel
899 5468 1074 5511 autem
1112 5458 1182 5512 sit
1217 5457 1412 5510 factum
1447 5458 1497 5512 in
1534 5461 1755 5526 nostris,
1785 5469 1838 5515 et
1870 5462 2019 5516 carni
2054 5466 2141 5517 uni
2180 5480 2260 5518 se-

2370 5471 2480 5533 τοῖς
2515 5468 2633 5522 καθ’
2659 5470 2825 5539 ἡμᾶς,
2858 5469 2950 5521 καὶ
2983 5468 3144 5538 σαρκὶ
3174 5468 3269 5537 μιᾷ
3295 5465 3414 5518 καθ’
3438 5465 3736 5518 ὑπόστασιν
3766 5481 3948 5516 κεκοι-

698 5553 928 5606 cundum
968 5549 1296 5620 hypostasim
1332 5551 1832 5618 communicaverit,
1870 5553 1920 5607 in
1957 5568 2060 5622 qua
2096 5558 2255 5609 etiam

2369 5561 2688 5629 νωνηκότος,
2723 5561 2844 5614 καθ’
2873 5560 2938 5630 ἢν
2970 5560 3062 5613 καὶ
3090 5558 3228 5628 ὑπὲρ
3255 5557 3412 5628 ἡμῶν
3438 5555 3731 5610 ἀποθανεῖν
3766 5573 3825 5609 τε
3852 5559 3949 5609 καὶ

697 5660 793 5713 pro
839 5646 989 5698 nobis
1037 5653 1276 5697 mortuus
1319 5657 1437 5698 esse
1486 5653 1539 5698 et
1585 5649 1948 5704 resurrexisse
1995 5651 2255 5716 creditur,

2365 5652 2661 5724 ἐγηγέρθαι
2709 5653 3042 5722 πιστεύεται,
3075 5649 3236 5716 σαρκὶ
3270 5646 3534 5702 πέπονθεν
3566 5646 3862 5703 ἐκών.”οτι
3890 5648 3949 5700 δέ

771 5806 814 5836 εο
838 5800 945 5859 lmo
967 5801 1093 5858 Luc.
1129 5819 1200 5869 vr,
1238 5803 1320 5858 19.
1397 5805 1438 5837 ⁶¹
1471 5802 1610 5862 Psal.
1642 5821 1812 5872 χχχιι,
1839 5809 1890 5863 6.
