4106 6492
155 453 227 507 lTl
1139 453 1518 514 ADVERSUS
1556 454 1960 515 NESTORIUM
2003 455 2126 511 LIB.
2174 454 2263 512 IV.
3244 460 3344 516 I78

152 572 222 625 καὶ
262 571 372 642 είκῆ
414 573 782 644 παραρῤίπτει
813 572 1018 642 λόγους,
1048 576 1140 628 καὶ
1185 578 1284 647 τῆς
1328 577 1438 629 τῶν
1484 576 1674 646 φωνῶν
1707 581 1748 637 Α

1718 581 1748 637 Α
1781 584 1969 646 sponte
2005 590 2167 632 carne
2201 589 2392 645 passus
2423 582 2524 630 est.
2560 574 2724 629 Porro
2759 572 2904 628 illum
2943 580 3146 629 temere
3182 577 3339 631 verba

153 663 338 728 ἀτοπίας
376 665 526 732 ὀλίγα
561 664 958 734 πεφροντικὼς,
999 667 1244 736 σημείοις
1279 667 1412 737 φησὶ
1446 669 1557 730 τοῖς
1584 667 1672 721 διὰ
1772 724 1774 734 ι

1772 669 2000 737 jactare,
2025 675 2080 722 et
2103 668 2170 721 de
2195 681 2382 722 vocum
2409 665 2744 721 absurditate
2767 679 2955 733 parum
2981 679 3195 728 curare,
3221 680 3340 719 cum

152 752 225 806 τοῦ
259 754 550 824 Πνεύματος
581 756 1082 826 κατασεμνύνεσθαι
1113 757 1204 810 τὸν
1234 757 1486 829 Χριστὸν,
1518 758 1548 811 6
1579 773 1671 826 γε-

1775 761 1925 823 dicit,
1948 760 2116 828 signis
2143 773 2237 828 per
2260 758 2520 826 Spiritum
2544 757 2704 813 editis
2727 757 3001 811 honestari
3027 756 3339 824 Christum;

153 845 290 911 γονὼς
306 846 424 914 ἡμῖν
450 845 698 916 ἔναγχος,
724 847 819 901 καὶ⁵
842 847 1105 920 διαρκῶς,
1134 847 1209 913 ὥς
1226 865 1288 917 γε
1305 844 1478 919 οἶμαι,
1505 848 1670 914 ἔδειξε

1777 850 2018 916 proximo
2053 849 2315 918 superiori
2352 862 2601 903 sermone
2635 847 2791 908 satis,
2826 857 2883 900 ut
2916 847 3126 914 Opinor,
3163 857 3340 902 osten-

152 934 300 1002 λόγοςζ·
337 935 728 1007 βασανίζωμεν,
757 940 805 991 εί
832 939 996 1004 δοκεῖ,
1023 939 1120 1003 τὰς
1148 941 1342 1011 ἐτέρας
1368 940 1533 994 αὐτοῦ
1562 957 1672 1010 φω-

1776 942 1949 995 dimus
1989 957 2000 992 :
2041 941 2221 1007 itaque
2256 940 2487 1008 reliquas
2523 939 2639 1007 ejus
2674 953 2856 1004 voces,
2897 939 2940 992 si
2978 939 3181 1007 placet,
3215 953 3342 994 exa-

151 1031 241 1091 vi;.
265 1049 281 1080 ι
317 1031 370 1083 '0
394 1031 597 1102 Πατὴρ,
633 1034 783 1102 φησὶ,
815 1031 1110 1102 συνέστησε
1129 1048 1140 1062 °
1172 1051 1189 1084 ι
1217 1033 1279 1086 τὸ
1303 1033 1400 1102 μὲν
1417 1027 1529 1098 οῦν,
1551 1048 1672 1085 συν-

1776 1028 2278 1096 ιιιίιιειηιιε.ιΡιιιει’,
2304 1031 2497 1098 inquit,
2516 1031 2943 1096 commendavit;
2972 1049 2989 1082 ι
3023 1045 3084 1085 ac
3116 1032 3337 1085 verbum

153 1120 356 1189 ἐκησεν,
382 1122 410 1174 ὁ
439 1123 487 1174 τί
514 1124 646 1176 ποτέ
690 1125 838 1177 ἐστιν
880 1125 937 1177 ἐν
975 1124 1184 1188 τούτοις
1225 1125 1326 1177 οὐκ
1375 1123 1441 1176 ἂν
1493 1122 1671 1193 ἔχοιμι

1775 1125 2203 1189 commend-andi,
2235 1125 2488 1193 quidnam
2516 1125 2617 1180 huc
2644 1125 2761 1180 loco
2789 1126 2879 1187 sit,
2911 1125 3208 1194 intelligere
3236 1143 3337 1180 non

149 1212 282 1261 νοεῖν·
310 1209 526 1283 καὶγὰρ
553 1213 696 1265 ἐστιν
720 1213 1167 1284 ὁμολογουμένως
1220 1215 1453 1284 ἀγοραῖα
1489 1232 1548 1266 τε
1578 1214 1670 1267 καὶ

1774 1228 1987 1281 possum
2025 1232 2037 1266 :
2072 1228 2191 1266 nam
2227 1227 2288 1268 ea
2319 1227 2421 1268 vox
2453 1228 2483 1267 e
2518 1213 2706 1268 mediis
2743 1215 2994 1270 nundinis
3026 1223 3137 1279 est,
3170 1226 3223 1270 et
3252 1217 3339 1269 vili

149 1298 439 1370 ἀγνρτώδης,
486 1303 580 1356 καὶ
623 1303 907 1375 τερθρείας
965 1305 1238 1375 ἰδιωτικῆς
1287 1305 1588 1377 ἀνάμεστος
1638 1307 1669 1374 ἡ

1776 1304 2032 1358 concione
2073 1315 2128 1359 et
2190 1304 2400 1374 plebeia
2457 1306 2743 1376 nugatioue
2785 1305 2974 1375 plena;
3023 1309 3115 1363 sed
3160 1317 3339 1363 tamen

147 1389 297 1459 φωνή·
325 1390 454 1462 πλὴν
481 1387 637 1464 οἶμαι
656 1393 849 1465 δηλοῦν
887 1394 1096 1449 ἐθέλειν
1115 1397 1268 1463 αὐτὸ,
1285 1397 1366 1463 τὸ,
1384 1396 1666 1467 παρέθετο,

1773 1403 1899 1462 puto
1929 1393 2258 1463 signiﬁcare,
2291 1395 2558 1464 deposuit,
2588 1395 2739 1449 verbi
2764 1397 2954 1463 gratia,
2986 1397 3090 1461 vel,
3116 1406 3341 1452 testatus

146 1478 252 1546 φέρε
275 1480 453 1544 εἰπεῖν,
483 1483 652 1551 ἤγουν
683 1485 1096 1556 μεμαρτύρηκε.
1120 1486 1243 1549 Πῶς
1266 1482 1380 1551 οῦν,
1410 1487 1530 1539 εἰπέ
1557 1503 1666 1556 μοι,

1772 1493 1872 1539 est.
1912 1484 2190 1551 Quomodo
2233 1485 2413 1556 igitur,
2457 1501 2586 1556 rogo
2617 1497 2703 1557 te,
2743 1489 3142 1543 commendavit
3183 1489 3342 1543 I’alcr

147 1569 425 1641 συνέστησεν
452 1574 480 1626 6
508 1574 720 1644 Πατὴρ,
749 1575 1072 1645 ἐνοικήσεως
1099 1575 1246 1639 θείας
1279 1576 1609 1644 ὴξιωμένον;
1636 1575 1667 1645 ἢ

1773 1574 2043 1630 hominem
2075 1576 2462 1632 inhabitationc
2489 1578 2666 1632 divina
2696 1579 3014 1648 diguatum?
3039 1595 3106 1634 an
3134 1595 3260 1635 vero
3289 1580 3339 1634 id

145 1658 271 1711 τοῦτο
299 1661 388 1730 μὲν
410 1663 609 1733 ἥκιστά
640 1681 705 1733 γε
724 1681 740 1696 ⁸
775 1665 1046 1731 κατέδειξε
1082 1665 1137 1718 δὲ
1173 1667 1372 1735 μᾶλλον
1409 1666 1670 1737 ἐνανθρω-

1772 1666 2015 1731 minimc,
2043 1667 2137 1721 sed
2165 1668 2402 1722 ostendit
2432 1669 2612 1738 potius
2641 1672 2916 1741 proprium
2945 1669 3138 1724 Filium
3167 1670 3339 1725 homi-

147 1751 351 1820 πήσαντα
376 1753 461 1807 τὸν
491 1756 619 1808 ῐδιον
640 1757 788 1820 Υἱὸν,
816 1758 1163 1827 μεμενηκότα
1191 1758 1247 1811 δὲ
1279 1757 1373 1811 καὶ
1399 1759 1455 1810 ἐν
1484 1758 1666 1823 σαρκὶ,

1772 1768 1891 1809 nem
1936 1753 2167 1820 factum,
2211 1765 2516 1812 manentem
2561 1768 2736 1814 tamen
2781 1760 2944 1816 etiam
2988 1759 3042 1812 in
3086 1771 3249 1814 carne
3291 1760 3340 1813 id

145 1840 259 1894 τοῦθ’
288 1843 415 1913 ὅπερ
455 1841 525 1914 ἦν
561 1863 645 1910 τε,
682 1847 776 1900 καὶ
812 1848 946 1912 ἔστι,
983 1849 1077 1900 καί
1113 1848 1286 1908 ἕσται,
1319 1847 1454 1900 Θεὸν
1483 1848 1668 1919 δηλον-
1704 1915 1730 1919 Α

1719 1915 1730 1919 μ
1773 1844 1947 1912 ipsum
1987 1845 2127 1911 quod
2168 1855 2319 1909 erat,
2365 1855 2415 1902 et
2460 1856 2574 1912 est,
2618 1855 2674 1902 et
2718 1847 2853 1910 erit,
2901 1860 3092 1915 nempe
3137 1847 3340 1900 Deum?

145 1933 226 1986 ότι.
255 1934 486 2005 «Ἰησοῦς
534 1937 644 2009 γάρ
683 1940 915 2010 Χριστὸς
955 1943 984 1995 6
1029 1937 1176 2013 χθὲς,
1216 1942 1311 1995 καὶ
1357 1915 1614 2012 σήμερον,
1641 1943 1669 1994 6
1703 1915 1742 1970 Β

1719 1915 1742 1970 3
1778 1955 1796 1988 ι
1828 1935 1984 1992 Jesus
2011 1937 2262 1994 Christus
2289 1939 2434 1992 enim
2467 1938 2580 1993 heri
2610 1945 2664 1992 et
2697 1936 2878 2004 hodie,
2907 1937 3047 1992 idem
3075 1944 3132 1990 et
3159 1937 3210 1991 in
3239 1950 3340 1990 sa:-

143 2026 271 2089 151’);
293 2028 378 2081 καὶ
404 2029 481 2092 εἰς
502 2030 630 2093 τοὺς
649 2031 866 2096 αίῶνας.
893 2052 910 2085 ι
937 2035 1072 2104 Φέρε
1094 2033 1274 2087 τοίνυν
1300 2033 1397 2096 τὰς
1421 2033 1670 2104 ἐπάύτῷ

1771 2028 1888 2083 cuia
1910 2029 1976 2083 θ’.
2013 2048 2030 2080 ι
2060 2031 2170 2100 Age
2197 2030 2380 2097 igitur,
2408 2044 2566 2086 voces
2591 2030 2657 2085 de
2681 2043 2747 2083 eo
2771 2029 2944 2085 dictas
2970 2015 3333 2097 exquiramus.

143 2115 643 2191 πολυπραγμονῶμεν
673 2125 874 2192 φωνάς.
907 2126 973 2178 Τί
1007 2143 1171 2196 φησιν
1195 2129 1222 2180 6
1242 2127 1664 2198 εύαγγελιστήςς

1772 2119 1908 2186 Quid
1939 2133 2070 2188 ergo
2099 2120 2175 2174 ait
2200 2118 2563 2190 evangelista?
2598 2137 2616 2170 ι
2656 2117 2722 2172 Ει
2754 2117 3123 2173 testimonium
3155 2117 3337 2186 perhi-

143 2223 156 2252 ι
181 2206 270 2259 Καὶ
295 2208 671 2282 ἐμαρτύρησεν
693 2215 722 2266 6
747 2214 999 2284 Ἰωάννης
1027 2216 1230 2286 λέγων·
1258 2219 1381 2271 Ὅτι
1403 2219 1668 2288 τεθέαμαι

1772 2212 1882 2267 buit
1911 2213 2163 2278 Joannes,
2213 2213 2434 2277 dicens,
2483 2229 2502 2262 ι
2536 2208 2656 2265 Vidi
2700 2209 2960 2278 Spiritum
3009 2207 3338 2262 descenden-

140 2295 409 2369 τδυνεῦμα
441 2302 776 2357 καταϐαῖνον
815 2304 948 2357 ὡσεὶ
981 2307 1306 2377 περιστερὰν
1334 2308 1392 2376 ἐξ
1414 2308 1664 2379 ούρανοῦ,

1773 2312 1876 2357 tem
1926 2305 2065 2358 sicut
2109 2303 2413 2359 columbam
2461 2317 2492 2359 e
2535 2302 2694 2368 ccelo,
2740 2309 2796 2356 et
2837 2306 3142 2354 manentem
3175 2310 3337 2368 super

140 2389 210 2437 ni
256 2389 402 2458 μένον
450 2393 538 2446 ἐπ’
566 2395 758 2449 αὐτόν·
807 2391 959 2462 οὗτός
1005 2400 1152 2451 ἐστιν
1202 2401 1231 2453 6
1286 2399 1559 2469 βαπτίζων
1610 2404 1667 2455 ἐν

1770 2410 1890 2452 cum
1923 2413 1936 2451 :
1968 2395 2058 2452 hic
2086 2396 2288 2466 estqui
2320 2395 2560 2465 baptizat
2591 2396 2642 2449 in
2677 2394 2880 2463 Spiritu
2913 2398 3133 2456 sancto;
3162 2399 3215 2443 et
3239 2403 3339 2458 ego

139 2474 375 2565 Ιινεύματι
418 2483 558 2554 ἁγίῳ
584 2501 596 2513 ο
645 2487 802 2555 κάγὼ
850 2488 1070 2559 ἑώρακα
1117 2492 1211 2544 καὶ
1239 2493 1664 2565 μεμαρτύρηκα,

1771 2489 1900 2551 vidi,
1939 2497 1992 2542 et
2033 2487 2400 2542 testimonium
2443 2485 2713 2556 perhibui,
2756 2487 2882 2554 quia
2925 2483 3011 2536 hic
3051 2491 3135 2536 est
3173 2478 3342 2535 Filius

138 2567 200 2619 ὅτι
227 2563 364 2636 οὗτός
390 2575 537 2628 ἐστιν
562 2578 594 2629 6
625 2579 752 2641 Υίὸς
777 2579 873 2633 τοῦ
898 2581 1054 2636 Θεοῦ.
1081 2601 1100 2635 ι
1131 2584 1228 2653 Ei‘q
1263 2586 1361 2653 μὲν
1391 2563 1497 2656 γὰρ
1526 2563 1668 2639 οίκο-

1772 2581 1862 2635 Dei
1887 2580 1951 2635 ".
2001 2599 2020 2631 ι
2065 2579 2182 2634 Ibat
2218 2580 2360 2634 enim
2401 2577 2791 2647 dispensatoria
2835 2575 3043 2629 ratione
3081 2571 3339 2627 Dominus

139 2660 335 2725 νομικῶς
375 2663 621 2731 ἀγιάσων
647 2667 740 2719 τὸν
774 2668 1042 2741 Ἰορδάνην
1075 2671 1105 2723 6
1131 2673 1333 2741 Κύριος
1362 2674 1520 2742 ἡμῶν
1563 2675 1666 2744 Ίη’

1769 2676 1953 2723 noster
1979 2667 2137 2723 Iesus
2163 2668 2412 2723 Christus
2443 2676 2500 2722 ut
2527 2665 2814 2722 Iordanem
2848 2663 3234 2725 sanetilicaret,
3259 2660 3338 2715 di-

140 2747 233 2812 ποῦς
257 2751 282 2802 ὁ
308 2753 535 2825 Χριστός
556 2772 574 2789 ο
614 2759 869 2829 κατηξίου
895 2761 953 2814 δὲ
985 2763 1079 2816 σὺν
1125 2766 1257 2833 ἡμῖν
1290 2763 1665 2833 βαπτίζεσθαι,

1769 2770 2070 2831 gnatusque
2096 2768 2177 2814 est
2204 2759 2466 2828 baptizari
2498 2757 2800 2821 nobiscum,
2831 2765 2890 2810 ut
2921 2752 3238 2824 mysterium
3272 2751 3335 2804 il-

137 2839 210 2908 τῆς
247 2845 375 2898 κατὰ
423 2848 610 2916 σάρκα
641 2851 953 2922 οἰκονομίας
997 2853 1057 2906 τὸ
1102 2855 1403 2926 μυστήριον
1442 2855 1529 2909 διὰ
1560 2856 1666 2910 τῶν

1771 2853 1873 2908 lius
1898 2853 2192 2908 secundum
2217 2865 2437 2907 carnem
2464 2849 2883 2921 dispensationis
2911 2845 3081 2904 modis
3109 2846 3181 2900 illi
3210 2860 3333 2899 cou-

135 2930 239 3001 αὒτῇ
267 2937 574 3004 πρεπόντων
620 2941 988 3013 διοικούμενος
1016 2945 1409 3015 τρόπων.Ἔδει
1438 2947 1546 3017 γὰρ
1575 2947 1668 3002 ἀν-

1771 2945 2111 3001 venientibus
2145 2951 2534 3012 exsequeretur
2573 2960 2586 2996 :
2623 2941 2905 3011 oportebat
2939 2939 3082 2994 enim
3120 2947 3176 2991 ut
3210 2936 3337 2992 illud

134 3020 310 3088 θρωπον
345 3031 608 3096 γεγονότα
639 3031 1000 3098 γινώσκεσθαι
1032 3036 1124 3090 τὸν
1173 3038 1237 3091 ἐκ
1277 3037 1412 3091 Θεοῦ
1456 3039 1665 3110 Πατρὸς

1768 3052 1835 3092 ex
1870 3035 1978 3092 Deo
2010 3035 2171 3091 Patre
2199 3035 2432 3090 Verbum
2469 3033 2742 3088 hominem
2777 3045 2896 3087 esse
2933 3029 3130 3084 factum
3167 3042 3333 3098 agno-

133 3113 268 3180 Λὸγον
288 3133 302 3147 ·
327 3117 438 3171 ἀλλ’
465 3119 794 3184 ἐδαπτίζετο
823 3123 942 3194 μὲν,
971 3126 1046 3188 ώς
1072 3127 1375 3197 ἄνθρωπος,
1408 3129 1664 3194 ἐδάπτιζε

1771 3138 2015 3184 sceretur
2043 3144 2060 3181 :
2088 3127 2180 3181 sed
2210 3125 2585 3194 baptizabatur
2612 3123 2828 3191 quidem
2860 3131 2918 3176 ut
2948 3121 3130 3186 homo,
3160 3120 3332 3189 bapti-

132 3202 371 3302 item;
399 3213 458 3302 ἐξ
485 3213 634 3283 ἁγίῳ
664 3213 960 3284 Πνεῦματιο
1003 3217 1113 3270 Καὶ
1140 3216 1201 3269 οὐ
1230 3218 1293 3287 δή
1331 3218 1432 3271 πού
1468 3236 1664 3290 WE”
1695 3244 1738 3302 ϐ

1716 3244 1738 3302 χ
1773 3220 1929 3274 zabat
1959 3229 2134 3275 autem
2167 3228 2229 3272 ut
2260 3216 2400 3272 Deus
2434 3216 2486 3270 in
2521 3213 2726 3284 Spiritu
2760 3224 2970 3269 sancto.
3002 3211 3184 3281 Neque
3213 3226 3337 3266 vero

134 3292 155 3358 ἦ
182 3293 526 3368 ὑπῑὶνργικῶς,
563 3301 598 3371 ἦ
623 3303 696 3367 ὡς
729 3304 860 3375 παρ’
886 3305 1072 3376 ἐτέρου
1102 3307 1246 3370 τινὸς
1277 3309 1389 3372 τοῖς
1419 3309 1669 3378 βαπτιζο-
1700 3292 1738 3302 “

1714 3292 1738 3302 ’
1771 3308 2000 3363 dicimus
2031 3309 2114 3362 vel
2154 3320 2303 3362 more
2336 3303 2823 3368 subservientium,
2864 3300 2944 3355 vel
2979 3311 3234 3370 tanquam
3260 3301 3335 3354 ab

133 3387 278 3450 μένοις
307 3390 400 3460 τὴν
427 3392 524 3445 τοῦ
560 3392 720 3460 ἁγίου
745 3393 1054 3465 [ῐνεύματος
1082 3396 1382 3467 διηκονεῖτο
1411 3398 1626 3468 μέθεξιν
1650 3415 1661 3430 ·

1770 3401 1877 3456 alio
1913 3400 2166 3470 qu0piam
2211 3398 2449 3469 Spiritus
2486 3396 2661 3453 sancti
2700 3395 3170 3466 participationem
3213 3393 3335 3449 sub-

130 3471 335 3530 ἀπετέλει
361 3479 415 3532 δὲ
451 3482 659 3550 μᾶλλον
701 3485 1087 3555 ἡγιασμένους,
1117 3487 1192 3550 ὡς
1223 3487 1385 3556 φύσει
1413 3490 1548 3552 Θεὸς
1579 3491 1665 3542 ἐν·

1771 3492 2128 3557 miuistrasse,
2170 3489 2263 3546 sed
2305 3489 2486 3560 potius
2529 3499 2781 3558 tanquam
2825 3501 2890 3542 ex
2936 3493 3126 3540 natura
3169 3485 3333 3539 Deum

131 3563 207 3630 ιεὶς
231 3568 381 3634 αὐτὸς
404 3570 466 3636 ἐξ
497 3571 636 3626 ἰδίου
667 3573 1054 3646 πληρώματος.
1093 3578 1214 3642 Πῶς
1247 3573 1340 3632 οῦν
1370 3579 1666 3650 ἀφειδήσας

1769 3596 1834 3634 ex
1863 3579 2190 3650 plenitudine
2219 3594 2318 3634 sua
2345 3579 2736 3643 iul’undentem,
2766 3578 3131 3634 sanctificatos
3161 3575 3335 3631 reddi—

129 3655 211 3708 τῶν
243 3660 314 3724 είς
357 3661 634 3735 ὀρθότητα
681 3665 877 3734 λόγων,
907 3669 1003 3722 καὶ
1047 3670 1151 3739 μέν
1181 3687 1263 3724 τοι
1298 3670 1391 3724 καὶ
1424 3671 1665 3736 ἐννοιῶν,

1770 3671 1934 3726 disse.
1958 3670 2066 3726 Cur
2086 3685 2217 3739 ergo
2247 3671 2408 3726 rectis
2431 3669 2609 3725 verbis
2635 3669 3026 3739 sententiisque
3050 3667 3335 3738 neglectis,

130 3748 413 3833 ξνηργῆσθαι
443 3755 556 3828 φὴς
590 3757 650 3808 ἐν
671 3757 940 3830 ἀνθρώπῳ
966 3760 1064 3831 τὴν
1090 3761 1363 3832 ἐνοίκησιν
1394 3761 1546 3833 παρά
1574 3762 1665 3815 τοῦ

1769 3761 2010 3828 cﬂ‘ectam
2045 3776 2165 3816 esse
2199 3761 2399 3816 asseris
2436 3759 2883 3816 inhabitationem
2927 3760 2979 3814 in
3022 3760 3237 3815 homine
3269 3759 3334 3812 ab

129 3831 234 3887 Θεοῦ
258 3838 456 3907 Λόγου;
495 3844 678 3896 καίτοι
721 3845 989 3900 πλείστων
1023 3866 1082 3901 τε
1123 3831 1268 3902 ὅσων
1290 3831 1487 3918 ἁγίων,
1515 3851 1573 3906 ἐν
1604 3869 1665 3920 γε

1770 3855 1884 3922 ipso
1928 3853 2016 3908 Dei
2059 3851 2266 3918 Verbo;
2314 3852 2561 3922 quamvis
2598 3851 2981 3922 quamplurimi
3025 3850 3199 3906 sancti
3235 3849 3334 3904 viri

128 3923 174 3992 δὴ
215 3927 381 3998 σφίσιν
420 3933 612 3998 αὐτοῖς
656 3935 967 4007 ἐσχηκότων
1013 3939 1221 3995 ἐνοικον
1265 3942 1356 3997 τὸν
1391 3942 1501 3996 τῶν
1531 3943 1668 3998 ὅλων

1772 3945 2162 4000 inhabitantem
2199 3944 2253 3998 in
2291 3957 2353 3999 se
2390 3944 2521 4014 ipsis
2555 3943 2841 3999 habuerint
2875 3941 3021 3998 illum
3060 3942 3337 3997 universo-

126 4016 254 4069 (θεόν’
295 4021 663 4092 βαπτίσαντκ
716 4027 774 4081 δὲ
827 4028 1038 4096 οὐδενὸς
1088 4032 1146 4086 ἐν
1197 4031 1310 4102 [δίῳ
1361 4034 1662 4106 πνεύματι,

1770 4053 1886 4092 rum
1919 4038 2106 4101 Deum,
2133 4047 2188 4092 et
2214 4052 2280 4091 ex
2311 4035 2377 4092 iis
2405 4049 2568 4104 nemo
2597 4035 2648 4090 in
2682 4050 2780 4090 suo
2807 4035 2998 4103 spiritu
3029 4033 3337 4105 baptizave‘

125 4107 259 4203 ἤγουν
284 4115 486 4180 θεῖκῶς
511 4118 793 4190 ἐνοικῆσαί
818 4139 957 4176 τισιν
986 4126 1280 4196 εἰρημένου
1332 4129 1427 4184 καὶ
1454 4132 1664 4203 ἐνῳκηο

1770 4129 1868 4193 rit,
1906 4138 1993 4182 aut
2039 4128 2220 4183 divino
2262 4141 2410 4184 more
2449 4128 2502 4182 in
2545 4127 2813 4197 aliquibus
2853 4127 3204 4192 habitaverit,
3243 4136 3337 4180 aut

125 4201 272 4266 νότοςο
297 4207 384 4260 καὶ
405 4208 579 4272 αὐτὸς
604 4210 633 4263 6
660 4211 892 4280 Χριστὸς
923 4215 980 4268 ἐν
1007 4218 1141 4287 ἡμῖν
1163 4218 1441 4284 αὐλίζεται
1464 4221 1550 4274 διὰ
1571 4201 1666 4276 τοῦ

1770 4221 2103 4276 inhabitasse
2143 4220 2321 4275 dictus
2361 4220 2453 4288 sit,
2489 4234 2609 4275 cum
2651 4219 2764 4288 ipse
2805 4219 3054 4274 Christus
3091 4217 3245 4288 102
3283 4218 3333 4274 in

125 4292 249 4358 ἁγίου
277 4297 619 4369 Πνεύματος,
642 4301 778 4373 ὅπερ
804 4303 921 4356 ἐστὶ
946 4305 1037 4358 καὶ
1061 4306 1190 4361 ἴδιον
1215 4308 1399 4374 αὑτοῦ,
1421 4311 1667 4384 καθάπερ

1771 4312 1926 4366 nobis
1967 4311 2172 4367 habitet
2210 4327 2306 4380 per
2343 4323 2589 4366 sanetum
2633 4310 2925 4380 Spiritum,
2965 4309 3055 4378 qui
3097 4319 3182 4363 est
3218 4309 3333 4376 ejus

122 4387 278 4454 ἀμέλει
320 4393 410 4448 τοῦ
469 4394 606 4450 Θεοῦ
652 4397 744 4450 καὶ⁵
790 4399 1037 4468 Πατρός;
1080 4402 1190 4455 Καὶ
1227 4403 1362 4472 πρός
1407 4421 1470 4472 γε
1513 4405 1669 4459 τοῦτο

1771 4416 1983 4470 quoque
2013 4403 2284 4470 proprius,
2317 4409 2377 4454 ut
2406 4400 2569 4456 etiam
2603 4399 2787 4470 procul
2817 4399 2981 4456 dubio
3009 4399 3104 4455 Del
3137 4413 3201 4454 ac
3231 4397 3332 4452 Pa-

127 4481 247 4547 ἡμάς
272 4485 506 4555 ἐμπεδοϊ
538 4488 713 4556 λέγων
737 4490 898 4551 αὐτός
917 4509 928 4520 ·
961 4493 1162 4548 «Ὅταν
1187 4495 1244 4548 δὲ
1281 4494 1409 4567 ἔλθῃ
1433 4497 1460 4547 ὁ
1486 4497 1667 4569 Παρά-

1774 4492 1906 4547 tris?
1929 4493 1994 4546 Et
2020 4493 2071 4546 in
2097 4493 2195 4546 hac
2218 4493 2479 4548 sententia
2509 4492 2624 4562 ipse
2651 4506 2748 4546 nos
2775 4492 3080 4556 confirmat,
3107 4491 3290 4545 dicens
3319 4505 3331 4542 :

122 4570 299 4640 κλητος,
322 4577 380 4629 δν
431 4576 552 4643 ἐγὼ
603 4579 804 4649 πέμψω
843 4581 969 4651 ὑμῖν
999 4584 1150 4654 παρά
1193 4585 1287 4638 τοῦ
1341 4587 1574 4657 ΙΙατρδς,
1605 4588 1666 4642 τὸ
1701 4599 1741 4653 ι)

1711 4599 1741 4653 ι)
1778 4602 1792 4634 ι
1822 4583 1956 4638 Cum
1980 4584 2187 4638 venerit
2217 4583 2548 4648 Paracletus,
2579 4597 2737 4652 quom
2767 4596 2866 4652 ego
2894 4582 3098 4636 mittam
3127 4582 3278 4636 vobis
3306 4597 3332 4635 a

123 4661 309 4734 Πνεῦμα
328 4670 425 4738 τῆς
471 4667 748 4738 ἀληθείας,
771 4671 800 4724 ὃ
829 4673 978 4743 παρά
1001 4673 1093 4727 τοῦ
1125 4676 1337 4747 [ἰατρὸς
1368 4680 1661 4749 ἐκπορεύε-

1769 4674 1957 4739 Patre,
1989 4673 2223 4742 Spiritus
2252 4675 2523 4740 veritatis,
2560 4675 2648 4742 qui
2683 4687 2712 4727 a
2747 4674 2907 4727 l’atre
2941 4671 3214 4740 procedit,
3247 4673 3335 4726 ille

119 4768 203 4819 ut,
229 4758 426 4824 ἐκεῖνος
482 4763 822 4832 μαρτυρήσει
858 4765 986 4834 περὶ
1025 4765 1184 4835 ἐμοῦ.
1223 4767 1444 4838 ι’Λθρει
1472 4769 1537 4839 δὴ
1566 4766 1659 4822 οὖν

1779 4765 2142 4822 tcStimonium
2174 4765 2479 4835 perhibebit
2509 4765 2576 4821 de
2605 4780 2690 4819 me
2708 4765 2771 4818 “l.
2806 4784 2824 4816 ι
2849 4765 3143 4820 Considera
3176 4765 3336 4835 igitur

119 4844 236 4908 οπως
277 4850 336 4903 τὸ
381 4849 544 4918 παρὰ
575 4848 675 4902 τοῦ
704 4850 840 4904 Θεοῦ
871 4855 963 4906 καὶ
994 4855 1204 4925 Πατρδς
1232 4857 1664 4927 ἐκπορευόμενον

1766 4859 2216 4930 quemadmodqu
2251 4858 2509 4928 Spiritum
2543 4873 2572 4912 a
2610 4857 2721 4913 Deo
2750 4867 2805 4913 et
2839 4857 2999 4911 Patre
3037 4860 3330 4927 proceden-

119 4934 330 5006 Πνεῦμα,
362 4941 532 4996 τοῦτο
559 4942 654 4996 καὶ
681 4944 778 5013 τῆς
805 4944 1058 5015 ἀληθείας
1094 4949 1224 5001 ἴδιον
1251 4944 1387 5002 εῖναι
1416 4951 1522 5020 φής
1553 4949 1660 5020 [Ζσ.

1768 4959 1907 5014 tem,
1943 4950 2188 5005 eumdem
2222 4950 2384 5003 etiam
2420 4948 2664 5004 veritatis
2699 4949 2970 5018 proprium
3009 4961 3130 5003 esse
3165 4947 3328 5012 dicit;

120 5029 293 5101 maliv].
329 5032 509 5096 Αὐτὸς
535 5032 595 5086 δέ
633 5050 735 5086 που
768 5035 982 5100 πάντως
1010 5039 1158 5093 ἐστὶν
1191 5040 1224 5110 ἡ
1259 5040 1500 5111 ἀλήθεια.
1535 5037 1664 5095 Εἶτα

1765 5042 1878 5111 ipse
1915 5051 2092 5096 autem
2137 5056 2359 5113 prorsus
2398 5052 2481 5096 cst
2523 5029 2723 5096 veritas
2743 5040 2808 5092 “.
2854 5039 3013 5108 Atqui
3057 5040 3102 5095 si
3146 5054 3329 5095 revera

117 5117 228 5184 πῶς,
252 5123 410 5195 εἴπερ
466 5124 615 5179 ἐστὶν
661 5125 876 5195 ἀληθῶς
908 5129 1006 5183 οῦκ
1043 5132 1467 5203 ἐνανθρωπήσας
1509 5134 1660 5200 Θεὸς,

1765 5149 1870 5188 non
1903 5133 2043 5190 Deus
2073 5136 2236 5190 homo
2267 5133 2444 5190 factus
2470 5142 2581 5200 est,
2612 5132 2706 5188 sed
2740 5134 2900 5187 homo
2932 5133 3108 5202 potius
3137 5141 3222 5188 est
3251 5134 3324 5187 di-

116 5209 365 5280 ἄνθρωπος
411 5215 472 5267 δὲ
509 5216 728 5285 μᾶλλον,
759 5218 858 5289 τὴν
897 5218 1043 5276 θείαν
1077 5223 1371 5293 ἐνοίκησιν,
1401 5224 1475 5289 ὡς
1512 5227 1663 5297 ἐνέρ-

1764 5226 1942 5281 vinam
1971 5225 2415 5283 inhabitationem
2442 5235 2701 5296 tanquam
2731 5225 3098 5293 operationem
3122 5239 3227 5292 qua
3258 5226 3330 5278 ci-

115 5316 240 5365 γειαν
265 5304 427 5376 ἔχων,
447 5306 525 5369 ὡς
551 5307 678 5360 ἴδιον
707 5308 929 5380 Πνεῦμα
950 5312 1012 5365 τὸ
1034 5313 1129 5366 τοῦ
1159 5314 1290 5368 Θεοῦ
1320 5316 1411 5369 καὶ
1428 5317 1659 5388 Πατρος,

1764 5328 1917 5374 catur
1972 5318 2197 5386 habens,
2231 5319 2498 5389 quomodo
2534 5319 2588 5374 in
2627 5332 2687 5372 se
2719 5317 3065 5373 credentibus
3103 5316 3195 5372 Dei
3235 5317 3330 5370 Pa-

115 5395 202 5455 τοῖς
225 5399 573 5452 πιστεύουσιν
610 5400 689 5463 είς
725 5401 888 5457 αὑτὸν
923 5405 1300 5476 καταπέμψειν
1336 5409 1664 5478 ἐπαγγέλλε-

1766 5410 1967 5478 trisque
2008 5409 2266 5480 Spiritum
2315 5419 2567 5480 tanquam
2614 5411 2888 5477 proprium
2935 5424 2994 5464 se
3038 5409 3327 5464 missurum

114 5497 212 5548 :12;
256 5485 416 5541 ’Λλλά
446 5487 578 5559 γάρ,
608 5487 684 5554 ὡς
723 5490 880 5560 ἔφην,
906 5492 1004 5565 τὴν
1039 5493 1132 5548 τοῦ
1180 5499 1477 5568 μυστηρίου
1507 5499 1662 5565 δόξαν

1763 5501 2081 5569 pollicetur?
2111 5501 2244 5568 Sed,
2276 5512 2332 5557 ut
2355 5502 2468 5571 jam
2495 5501 2633 5566 dixi,
2671 5502 2805 5556 tanti
2839 5500 3078 5572 mystcrii
3115 5501 3323 5569 magni-

111 5581 360 5635 κατασείει
398 5581 534 5653 πρὸς
569 5583 633 5636 τὸ
664 5583 854 5654 μηδὲν,
885 5587 1122 5659 μερίζων
1151 5588 1336 5660 ὥσπερ
1363 5592 1459 5661 τῆς
1504 5592 1657 5658 ἁγίας

1764 5593 2003 5646 tudinem
2039 5593 2105 5648 ad
2141 5594 2366 5649 nihilum
2405 5595 2622 5664 dcjicit,
2657 5595 2899 5650 dividens
2934 5592 3321 5663 quodammodo

113 5665 310 5736 Τριαδος
338 5674 435 5746 τὴν
476 5676 568 5729 ἐπί
598 5693 706 5729 τισι
738 5677 845 5731 τῶν
875 5678 1166 5750 δρωμένων
1201 5683 1495 5753 ἐνέργειαν,
1535 5683 1660 5736 ὲκέι-

1765 5701 1855 5753 per
1889 5687 2131 5756 quaedam
2164 5702 2324 5757 opera
2361 5688 2504 5743 illam
2543 5697 2745 5745 sancta:
2777 5684 3057 5743 Trinitatis
3091 5683 3324 5741 cﬂlcicu-

169 5846 206 5875 ”
234 5847 388 5906 llcbr.
419 5870 538 5921 xm,
572 5855 625 5913 8.
709 5856 753 5887 "
783 5855 938 5912 Joan.
966 5872 1003 5921 ι,
1037 5857 1230 5924 35,34.
1309 5860 1351 5893 εδ
1382 5860 1535 5919 Joau.
1582 5878 1668 5930 xv,
1705 5861 1770 5917 ‘26

709 5856 753 5887 "
783 5855 938 5912 Joan.
966 5872 1003 5921 ι,
1037 5857 1230 5924 35,34.
1309 5860 1351 5893 εδ
1382 5860 1535 5919 Joau.
1582 5878 1668 5930 xv,
1705 5861 1770 5917 ‘26
1872 5862 1914 5893 υ
1941 5861 2092 5919 Joan.
2132 5879 2240 5932 ιιν,
2273 5865 2322 5919 (Ξ.
