4106 6488
711 485 814 538 179

1743 473 1800 527 S.
1847 466 2120 526 CYRlLLl
2160 463 2628 521 ALEXANDRINI
2671 456 2988 514 ARCHIEP.

3871 441 3978 494 180

713 602 867 660 tiam,
903 603 949 648 et
996 592 1189 661 cuique
1228 586 1503 660 hypostasi
1549 584 1798 652 privatim
1846 584 2108 644 tribuens,
2146 579 2286 647 quod

2413 591 2495 644 ι’τη
2529 591 2585 625 τε
2624 573 2731 625 τῶν
2765 566 3110 622 ὑποστάσεων
3145 557 3429 628 ἀπονέμων
3464 554 3663 615 ίδικῶς,
3697 552 3723 603 ὂ
3767 551 3843 621 μὴ
3877 552 3973 602 πέ-

2976 657 3004 661 ,-
3108 648 3199 661 --.
3432 649 3485 661 ,η
3516 647 3597 661 ν...
3662 646 3714 661 ..
3751 644 3845 661 ς..
3959 659 3968 661 _

714 705 821 740 non
864 685 989 739 fecit
1035 684 1224 737 altera.
1268 681 1474 734 Rursus
1515 679 1587 731 ita
1629 676 1763 729 dixit
1801 693 1813 728 :
1856 673 2046 744 [Filius
2085 670 2277 738 elegit;

718 797 734 825 ι
770 775 880 841 Ego
905 773 1070 833 enim.
1098 770 1293 838 inquit,
1320 783 1419 823 vos
1447 767 1604 834 elegi.
1642 785 1658 817 ι
1691 765 1851 818 Pater
1875 760 2233 817 sanetiticavit
2265 777 2276 810 :

717 865 946 930 Spiritus
969 861 1143 917 elIecit
1166 858 1456 928 oratores]
1481 858 1524 913 Ο
1550 856 1894 911 immodicam
1921 861 2110 908 emota:
2136 866 2282 904 men-

717 955 786 1006 tis
821 951 1118 1005 insaniam!
1160 949 1216 1002 Si
1250 948 1428 1004 omnia
1468 948 1604 1002 facta
1643 957 1771 1002 sunt
1806 962 1835 999 a
1872 945 2031 999 Patre
2067 958 2159 1011 per
2193 941 2283 994 Fi-

715 1045 843 1097 lium
878 1044 929 1096 in
964 1042 1166 1110 Spiritu
1187 1080 1202 1104 ,
1232 1054 1408 1110 neque
1438 1040 1639 1108 aliquid
1675 1037 1790 1091 ﬁeri
1826 1036 2088 1103 contingit
2119 1051 2147 1088 a
2177 1033 2285 1087 Deo

715 1145 771 1186 et
795 1133 975 1197 Patre,
1007 1131 1107 1184 nisi
1139 1131 1240 1185 hoc
1269 1131 1387 1198 ipso
1417 1131 1594 1194 modo,
1621 1129 1709 1195 qui
1743 1128 1857 1179 fieri
1889 1135 2066 1193 potest
2092 1133 2148 1177 ut
2180 1139 2283 1176 non

716 1227 784 1281 sit
814 1225 974 1294 plane
999 1221 1272 1290 stupidus,
1298 1221 1388 1290 qui
1418 1219 1738 1274 immortalis
1773 1217 1911 1270 illius
1939 1227 1993 1269 et
2023 1216 2179 1268 unius
2206 1213 2286 1266 di-

718 1316 962 1372 vinitatis
989 1314 1311 1383 quibusdam
1341 1311 1393 1368 in
1423 1313 1584 1365 rebus
1610 1308 1956 1378 operationes
1985 1303 2286 1374 bypostasi—

716 1408 818 1463 bus
854 1406 1106 1476 privatim
1143 1420 1206 1460 ac
1241 1404 1459 1474 proprie
1496 1401 1821 1471 iinpertitnr,
1859 1412 1956 1451 nec
1991 1397 2167 1464 potius
2205 1392 2284 1445 af—

719 1500 902 1553 firmat
931 1498 1139 1567 singula
1172 1512 1289 1565 qua:
1321 1504 1605 1564 geruntur,
1635 1509 1663 1545 a
1698 1493 1857 1546 Patre
1886 1504 1978 1557 per
2008 1487 2199 1540 Filium
2237 1487 2287 1538 in

720 1590 924 1660 Spiritu
959 1603 1078 1644 esse
1113 1586 1294 1641 facta?
1328 1586 1460 1638 Nam
1496 1586 1538 1639 si
1577 1593 1659 1638 est
1693 1583 1859 1636 Filius
1891 1591 1944 1634 et
1979 1578 2286 1638 consilium,

718 1690 772 1734 et
799 1678 1084 1746 sapientia,
1110 1685 1164 1730 et
1188 1676 1356 1728 virtus
1384 1674 1560 1727 Patris
1580 1674 1646 1737 “,
1676 1687 1901 1741 prorsus
1922 1670 2103 1723 omnia
2133 1667 2290 1721 Pater

721 1786 817 1837 per
847 1770 1042 1824 Filium
1078 1779 1334 1837 tanquam
1368 1781 1461 1835 per
1491 1765 1770 1820 consilium
1803 1772 1855 1818 et
1887 1761 2205 1827 sapientiam
2239 1767 2292 1811 et

721 1861 978 1914 virtutem
1018 1860 1351 1927 Operabitur.
1382 1855 1471 1910 Sic
1505 1857 1830 1924 Optitnoruut
1869 1852 2048 1906 habita
2086 1851 2292 1903 ratione

2389 684 2597 737 πραχεν
2631 667 2662 735 ἡ
2700 665 2881 730 ἑτέρα.
2908 657 3074 711 Πάλιν
3101 648 3200 707 ὧδὲ
3231 668 3414 720 φησιν.
3432 649 3488 700 Ὀ
3516 647 3638 708 Υίδς
3659 644 3971 709 ἐξελέξατο·

2391 735 2574 826 «Ἐγὼ
2628 757 2756 826 γὰρ,
2805 751 2990 822 φησὶν,
3034 748 3177 818 ὑμᾶς
3228 741 3588 808 ἐξελεξάμην
3623 757 3640 788 ι
3697 739 3726 786 ὁ
3779 735 3977 826 Πατὴρ

2386 853 2616 923 ἡγίασε·
2668 825 2730 898 τδ
2776 842 2998 910 Πνεῦμα
3046 835 3414 892 κατεσκεύασε
3466 833 3720 900 ῥήτορας.
3749 827 3815 877 Ὠ
3870 825 3974 893 τῆς

2388 915 2630 1013 ἀμέτρου
2668 933 3107 1008 φρενοϐλαϐείας.
3145 930 3212 981 Ei
3243 927 3421 979 πάντα
3454 921 3643 989 γέγονε
3682 917 3836 985 παρὰ
3874 915 3976 966 τοῦ

2391 1006 2603 1102 Πατρός
2639 1006 2870 1082 δι’-Υίοῦ
2901 1027 2957 1077 ἐν
2995 1021 3296 1088 Πνεὺματι,
3331 1016 3428 1067 καὶ
3456 1013 3555 1064 οὑκ
3599 1010 3662 1063 ἄν
3701 1027 3750 1061 τι
3797 1006 3985 1076 ὁρῷτο

2393 1099 2548 1195 παρὰ
2589 1121 2683 1174 τοῦ
2727 1117 2861 1172 Θεοῦ
2907 1116 3001 1167 καὶ
3046 1111 3280 1181 Πατρὸς,
3319 1107 3458 1175 πλὴν
3487 1105 3567 1156 ὃτι
3612 1099 3752 1153 κατά
3784 1099 3980 1149 τοῦτον

2392 1217 2552 1271 αὑτὸν
2583 1215 2673 1266 τὸν
2711 1211 2933 1282 τρόπον,
2963 1206 3080 1268 πῶς
3113 1204 3220 1256 οὑκ
3259 1199 3608 1266 ἀπόπληκτος
3648 1194 3731 1260 εἴη
3777 1190 3842 1242 ἂν
3877 1188 3976 1240 καὶ

2392 1311 2535 1382 μάλα
2561 1307 2803 1366 εἰκότως,
2826 1305 2854 1355 6
2879 1304 2994 1362 ταῖς
3025 1296 3351 1350 ὑποστάσεσι
3377 1285 3758 1357 καταμερίζων
3786 1280 3976 1342 ίδικῶς

2389 1401 2484 1461 τὰς
2517 1396 2605 1449 ἐπί
2637 1395 2700 1463 γὲ
2728 1409 2867 1444 τισιν
2898 1387 3194 1457 ἐνεργείας,
3229 1383 3329 1450 τῆς
3377 1376 3656 1447 ἀκηράτου
3702 1372 3794 1422 καὶ
3843 1370 3975 1437 μιᾶς

2391 1458 2674 1554 θεότητος-⁸
2713 1482 2801 1534 καὶ
2839 1480 2956 1546 οὑχδ⁹
2978 1478 3039 1547 δὴ
3079 1474 3275 1544 μᾶλλον
3303 1471 3510 1522 ἕκαστα
3545 1465 3652 1515 τῶν
3675 1458 3977 1530 δρωμένων

2391 1549 2701 1648 πεπρ-ἁχθαι
2736 1568 3214 1635 διαϐεϐαιούμενος
3254 1560 3398 1630 παρὰ
3424 1555 3635 1624 Πατρός
3661 1553 3727 1603 δι’
3759 1549 3891 1602 Tia-3
3919 1550 3988 1599 ἐν

2393 1638 2706 1736 Πνεῦμὰτη
2743 1664 2806 1716 Εί
2835 1661 2953 1727 γάρ,
2975 1660 3118 1709 ἐστιν
3157 1656 3186 1705 6
3222 1653 3350 1712 Υἱὸς
3378 1649 3471 1700 καὶ
3503 1644 3666 1714 βουλὴ
3692 1642 3783 1693 καὶ
3814 1638 3981 1705 σοφία

2391 1759 2486 1812 καὶ
2521 1757 2746 1826 δύναμις
2777 1751 2867 1804 τοῦ
2906 1749 3135 1818 Πατρὸς,
3173 1745 3352 1797 πάντα
3383 1757 3483 1791 που
3520 1736 3755 1793 πάντως,
3785 1730 3859 1791 ὡς
3889 1726 3984 1780 διὰ

2397 1850 2589 1919 βουλῆς
2617 1847 2711 1900 καὶ
2745 1843 2932 1911 σοφίας
2964 1839 3056 1892 καὶ
3086 1836 3367 1903 δυνάμεως
3400 1831 3427 1880 ὁ
3463 1826 3648 1894 Πατὴρ
3680 1822 3985 1892 ἐργάσεται

724 1949 1014 2017 discipulos
1041 1948 1222 2016 elegit,
1252 1947 1330 2001 sic
1351 1946 1459 2014 jam
1491 1944 1691 1999 electos
1720 1942 1946 2000 dicimus
1976 1939 2142 1992 fuisse
2168 1951 2291 1996 san-

2413 1947 2459 1997 it‘
2486 1941 2636 1994 Υίοῦ.
2663 1939 2848 1999 Οῦτως
2895 1931 3154 2005 ἀριστίνιῖ
3201 1925 3532 1983 ἀπολέκτους
3577 1919 3813 1970 ἐποιεῖτο
3852 1914 3986 1974 τοὺς

725 2041 1014 2100 ctiiicatos,
1041 2038 1117 2091 sic
1146 2038 1314 2090 factos
1338 2046 1603 2096 oratores,
1633 2044 1887 2100 tanquam
1917 2045 1980 2083 ex
2011 2043 2114 2080 una
2142 2028 2294 2078 vide-

727 2130 851 2184 licet
877 2131 1108 2192 deitate,
1134 2142 1162 2180 a
1193 2126 1353 2181 Patre
1381 2141 1472 2192 per
1497 2124 1687 2177 Filium
1719 2124 1768 2176 in
1800 2121 2027 2189 Spiritu.
2063 2136 2080 2168 ι
2116 2116 2293 2180 Pater,

729 2222 931 2290 inquit,
976 2230 1190 2284 sancte,
1235 2217 1511 2273 sanctifica
1565 2216 1684 2269 illos
1734 2216 1785 2267 in
1832 2212 2058 2265 veritate
2108 2218 2216 2264 tua.
2270 2226 2289 2258 ι

728 2312 1044 2368 Sanctiﬁcat
1077 2326 1206 2380 ergo
1244 2311 1356 2380 ipsa
1389 2307 1622 2372 Veritas,
1662 2307 1761 2360 boc
1796 2313 1896 2365 est,
1935 2302 2104 2355 Filius
2141 2316 2156 2354 :
2195 2299 2295 2352 im-

729 2402 895 2456 mittit
935 2402 1099 2457 etiam
1141 2409 1390 2455 sanctum
1433 2397 1693 2466 Spiritum
1741 2394 2009 2456 similiter,
2045 2400 2098 2445 et
2135 2388 2298 2442 ellicit

731 2496 1034 2563 sapientes,
1067 2507 1129 2546 ac
1162 2507 1257 2560 per
1288 2488 1462 2543 sancti
1499 2487 1731 2555 Spiritus
1764 2482 2131 2553 operationem
2172 2479 2298 2532 reli-

730 2587 879 2654 giose
908 2585 1238 2653 eloquentes.
1271 2581 1454 2649 Itaque
1485 2579 1538 2632 in
1573 2576 1808 2630 Mattbaei
1841 2572 2136 2641 Evangelio
2163 2569 2299 2624 dixit

732 2675 1011 2744 discipulis
1041 2673 1152 2728 suis
1182 2691 1198 2728 :
1236 2689 1254 2723 ι
1288 2672 1421 2726 Cum
1455 2668 1774 2724 tradiderint
1802 2679 1926 2729 vos,
1960 2663 2123 2718 nolite
2151 2661 2300 2730 cogi-

735 2776 847 2820 tare
867 2765 1135 2836 quomodo
1157 2774 1249 2818 aut
1271 2763 1396 2834 quid
1421 2760 1709 2831 loquamini
1729 2778 1744 2825 ;
1765 2758 1979 2813 dabitur
1992 2756 2132 2809 enim
2152 2753 2303 2807 vobis

735 2857 788 2910 in
821 2856 910 2910 illa
941 2857 1070 2910 bora
1099 2857 1228 2925 quid
1261 2855 1573 2923 loquamini.
1602 2852 1716 2906 Non
1749 2851 1896 2904 enim
1923 2865 2018 2903 vos
2049 2849 2181 2901 estis
2209 2844 2302 2913 qui

739 2947 1056 3017 loquimiui',
1086 2948 1179 3002 sed
1210 2947 1443 3014 Spiritus
1475 2945 1650 3000 Patris
1674 2944 1837 2999 vestri
1869 2943 1957 3012 qui
1991 2941 2223 3010 loquitur
2252 2941 2304 2991 in

741 3039 896 3110 103
924 3039 1152 3095 vobis".
1185 3058 1203 3091 ›
1232 3038 1287 3093 ln
1318 3038 1474 3092 Luca:
1503 3048 1678 3092 autem
1711 3035 2000 3105 Evangelio
2027 3052 2040 3088 :
2069 3053 2085 3084 ι
2119 3031 2307 3086 Ponite

737 3148 866 3202 ergo
901 3133 954 3188 in
990 3131 1243 3187 cordibus
1281 3132 1472 3186 vestris
1511 3145 1616 3184 non
1655 3129 2012 3200 prmmeditari
2048 3126 2306 3196 queinad-

739 3223 955 3278 modum
987 3222 1376 3291 reSpondeatis.
1403 3221 1513 3293 Ego
1539 3222 1680 3277 enim
1711 3222 1847 3276 dabo
1871 3220 2023 3273 vobis
2052 3235 2112 3274 os
2138 3227 2192 3271 et
2219 3232 2307 3271 sa-

738 3315 1016 3385 pientiam,
1044 3314 1126 3369 cui
1158 3330 1264 3370 non
1293 3324 1543 3383 poterunt
1571 3313 1945 3368 contradicere
1973 3321 2027 3365 et
2057 3310 2308 3365 resistere

738 3421 927 3461 omnes
968 3405 1261 3461 adversarii
1305 3406 1468 3477 vestri
1495 3405 1558 3458 '3.
1616 3423 1634 3455 ι
1680 3403 1918 3456 Audisne
1958 3401 2310 3468 quemadmo-

741 3501 890 3562 dum,
926 3497 1178 3567 loquente
1213 3497 1264 3550 in
1303 3497 1432 3565 ipsis
1466 3506 1654 3551 sancto
1692 3495 1919 3562 Spiritu,
1949 3495 2059 3562 ipse
2093 3494 2183 3545 dat
2215 3491 2313 3544 os?

741 3601 824 3645 est
856 3591 1000 3644 enim
1035 3587 1301 3643 sermonis
1336 3588 1490 3641 dator
1526 3595 1709 3654 utpote
1756 3585 1991 3638 Verbum
2039 3593 2097 3636 et
2136 3581 2312 3649 Spiri-

745 3693 830 3735 tus
871 3680 1126 3744 tributor,
1163 3688 1222 3732 ut
1256 3677 1346 3745 qui
1385 3677 1531 3730 illum
1567 3676 1839 3744 proprium
1865 3673 2184 3726 naturaliter
2220 3673 2312 3724 ba-

747 3775 889 3838 beat,
925 3770 1065 3826 sicut
1096 3771 1257 3826 etiam
1291 3769 1403 3836 ipse
1435 3767 1614 3821 Pater.
1647 3766 1842 3820 Eadem
1877 3765 2037 3832 igitur
2062 3772 2316 3832 operatur

745 3872 933 3918 sancta
966 3861 1228 3923 Trinitas,
1263 3871 1313 3915 et
1345 3873 1680 3929 quaecunque
1733 3857 1960 3925 gesserit
1994 3872 2056 3908 ac
2092 3854 2318 3908 voluerit

747 3955 907 4009 Pater
940 3953 1181 4015 edicere,
1217 3951 1404 4007 eadem
1440 3961 1494 4004 et
1531 3949 1696 4002 Filius
1732 3949 1922 4002 eodem
1962 3947 2117 4000 modo
2154 3945 2279 3998 facit
2303 3984 2317 4007 ,

749 4046 1108 4115 similiterque
1149 4043 1382 4112 Spiritus
1423 4053 1666 4098 sanctus.
1707 4041 1944 4110 Singulis
1981 4054 2109 4093 vero
2153 4039 2320 4107 hypo-

748 4138 986 4198 stasibus
1029 4137 1264 4191 tribuere
1306 4137 1534 4191 seorsim
1579 4135 1922 4203 operationcs
1964 4131 2158 4198 cuique
2199 4145 2323 4198 pro-

749 4229 918 4298 prias,
952 4228 1087 4280 nihil
1121 4237 1203 4282 est
1235 4227 1379 4280 aliud
1412 4242 1572 4295 quam
1609 4236 1717 4279 tres
1752 4224 1978 4278 seorsim
2013 4233 2067 4277 et
2101 4236 2323 4290 prorsus

752 4322 891 4374 inter
921 4335 980 4374 se
1011 4317 1302 4386 disjunctos
1333 4319 1460 4372 deos
1489 4317 1857 4386 pronuntiare.
1891 4313 2024 4366 Nam
2056 4314 2104 4365 in
2138 4321 2322 4366 sancta

753 4412 1039 4475 Trinitatc,
1072 4410 1160 4464 illa
1194 4408 1456 4463 naturalis
1488 4407 1712 4462 unitatis
1743 4405 1880 4459 ratio
1908 4419 2066 4457 unam
2101 4418 2325 4471 prorsus

755 4507 807 4558 in
835 4503 1087 4558 omnibus
1113 4502 1367 4572 operibus
1394 4499 1686 4554 motionem
1716 4498 1969 4553 OStcndit.
1995 4497 2146 4562 Quod
2172 4497 2215 4549 si
2245 4494 2328 4548 di-

756 4610 960 4658 camus,
993 4610 1114 4649 cum
1153 4609 1257 4647 una
1294 4592 1597 4661 bypostasis
1633 4601 1874 4644 movetur
1905 4589 1970 4641 ad
2006 4602 2161 4657 opus,
2199 4585 2307 4640 reli‘

2428 4594 2603 4656 θεοὺς.
2635 4593 2691 4645 ’0
2729 4591 2826 4660 μὲν
2871 4589 2979 4658 γὰρ
3018 4586 3117 4654 τῆς
3159 4582 3393 4653 φυσικῆς
3437 4579 3683 4646 ὲνότητος
3713 4574 3872 4640 λόγος

755 4704 890 4755 quas
920 4689 1050 4740 duas
1080 4685 1211 4739 nihil
1238 4698 1418 4753 agere,
1449 4683 1720 4752 quomodo
1753 4681 1937 4748 negari
1970 4680 2167 4748 poterit
2196 4677 2323 4744 quin

756 4793 1015 4850 corporea
1034 4777 1320 4831 inducatur
1335 4776 1525 4840 sectio,
1545 4774 1928 4844 propemodum
1949 4771 2123 4825 locum
2144 4784 2330 4837 quem-

758 4876 878 4926 dam
925 4869 1149 4937 singulis
1192 4867 1574 4938 ltypostasibus
1619 4865 1885 4927 tribuens,
1927 4878 1989 4916 eo
2034 4863 2147 4930 ipso
2189 4860 2328 4929 quod

757 4975 912 5017 extra
956 4963 1191 5030 reliquas
1229 4970 1284 5013 et
1325 4957 1571 5026 abjuncta
1614 4960 1900 5026 cogitatur,
1940 4971 2042 5008 non
2080 4969 2146 5007 eo
2189 4952 2327 5021 quod

763 5055 974 5124 proprie
1005 5053 1278 5115 subsistit,
1311 5051 1364 5105 id
1393 5051 1536 5104 enim
1566 5065 1689 5103 vere
1722 5048 1942 5113 dicitur,
1975 5045 2068 5100 sed
2101 5046 2243 5112 quod
2278 5045 2333 5095 in

763 5146 1018 5214 cujusque
1047 5144 1120 5197 rei
1150 5142 1481 5205 diversitate,
1511 5142 1772 5195 rationem
1801 5154 1918 5206 qua:
1941 5139 2007 5192 ad
2035 5135 2333 5189 naturalem

766 5239 1025 5307 pnitatem
1057 5237 1273 5306 colligat
1320 5249 1425 5289 non
1460 5234 1695 5303 patitur?
1725 5232 1835 5287 Una
1868 5233 2008 5286 enim
2038 5227 2335 5283 divinitatis

770 5340 961 5390 natura
992 5330 1044 5382 in
1077 5336 1263 5383 sancta
1293 5336 1348 5381 et
1377 5323 1819 5380 consubstantiali
1847 5321 2112 5375 'l‘rinitate
2145 5318 2334 5371 intelli-

767 5424 928 5491 giltlt‘.
959 5421 1058 5474 llic
1093 5429 1270 5473 autem
1310 5419 1482 5472 bonus
1515 5417 1593 5469 vir
1622 5416 1789 5469 Deum
1818 5412 2052 5467 Verbum
2092 5411 2198 5465 Deo
2235 5410 2336 5463 Pa-

770 5517 947 5583 trique
983 5511 1445 5566 consubstantiale
1484 5509 1706 5580 perinde
1737 5523 1800 5562 ac
1835 5507 1875 5561 si
1910 5507 2183 5575 ignoraret
2219 5518 2337 5556 esse

771 5606 968 5658 l'aetmn
997 5604 1291 5667 limnincm,
1321 5618 1424 5655 non
1455 5599 1758 5670 abjiciendo
1785 5599 1923 5667 quod
1955 5598 2091 5651 Deus
2119 5605 2220 5660 est,
2247 5595 2337 5647 sed

772 5695 945 5772 potius
978 5692 1302 5749 assumendo
1338 5692 1478 5762 quod
1515 5706 1618 5745 non
1658 5699 1796 5755 erat,
1830 5689 1988 5741 audet
2024 5697 2336 5739 extenuare.

848 5871 940 5938 εει
981 5873 1104 5935 Con
1143 5887 1178 5938 ῃ
1219 5869 1307 5924 at.
1388 5868 1648 5924 °7dkuHL
1693 5864 1989 5929 x,t9,20.

2401 2031 2643 2105 μαθητάς
2663 2046 2675 2058 ·
2705 2028 2876 2088 οὕτως
2906 2020 3164 2093 ἡγιάσθαι
3187 2035 3259 2085 φα
3269 2017 3367 2085 μὲν
3386 2013 3510 2073 τοὺς
3534 2006 3980 2105 ἐξειλεγμένουςο

2395 2127 2538 2178 οὑτω
2564 2117 2890 2190 γεγενῆσθαι
2925 2116 3178 2184 ῥήτορας,
3211 2109 3285 2170 ὡς
3319 2108 3382 2158 ὲκ
3420 2106 3545 2174 μιᾶς
3582 2098 3829 2168 δηλονότι
3862 2095 3988 2148 θεό-

2396 2234 2578 2288 τητος,
2607 2211 2758 2282 παρὰ
2788 2207 2998 2278 Πατρὸς
3043 2204 3108 2256 δι’
3138 2200 3272 2254 Υίοῦ
3311 2201 3368 2250 ἐν
3412 2193 3709 2262 Πνεῦματι.
3750 2210 3767 2240 ι
3802 2189 3996 2256 Πάτερ

2398 2281 2506 2378 γάρ
2537 2281 2895 2372 ἆγιε,φησὶν,
2918 2296 3144 2364 ἁγίασον
3169 2291 3367 2351 αὑτοὺς
3398 2288 3456 2339 ὲν
3475 2287 3542 2355 τῇ
3565 2281 3794 2351 ἀληθεία
3819 2296 3936 2330 σου.
3966 2296 3989 2326 ο

2412 2397 2651 2466 Ἀγιὰζει
2690 2395 2869 2446 τοίνυν
2897 2394 2929 2461 ἡ
2971 2383 3219 2456 ἀλήθεια,
3255 2378 3530 2434 τουτέστιν
3561 2378 3589 2428 6
3617 2373 3745 2435 Υἱός
3765 2387 3780 2400 ·
3812 2369 4001 2438 ἐνίησι

2399 2493 2457 2543 δὲ
2487 2492 2580 2543 καὶ
2605 2486 2804 2557 ὁμοίως
2835 2483 2928 2535 καὶ
2958 2475 3248 2544 ἀποφαίνει
3285 2471 3503 2538 σοφοὺς,
3536 2467 3628 2520 καὶ
3659 2464 3746 2518 διὰ
3770 2463 3868 2531 τῆς
3895 2460 3997 2512 τοῦ

2401 2582 2556 2650 ἁγίου
2588 2554 2901 2647 Πνεῦματος
2949 2570 3059 2642 [ἴον.
3087 2567 3149 2619 τὸ
3193 2566 3348 2632 ἆγιον
3375 2558 3624 2629 Πνεῦμα]
3682 2554 3991 2624 ἐνεργείας,

2403 2670 2664 2740 Θεοφιλῶς
2700 2658 3270 2733 κατεγλωττισμένους
3320 2654 3446 2724 [τσ.
3484 2644 3999 2714 κατευγλωττισμὲρ

2403 2763 2730 2836 νους].”Εφη
2760 2758 2885 2827 γοῦν
2923 2758 2980 2809 ὲν
3017 2753 3114 2824 μὲν
3144 2752 3211 2820 τῇ
3251 2746 3346 2801 τοῦ
3372 2742 3651 2800 Ματθαίου
3692 2739 3995 2836 συγγραφῇ

2406 2829 2692 2930 πρὸς-τοῦς
2721 2829 2921 2906 ἑαυτοῦ
2955 2843 3225 2919 μαθητὰς,
3270 2861 3288 2892 ι
3313 2841 3484 2891 Ὅταν
3521 2835 3579 2887 δὲ
3621 2829 4002 2930 παραδίδωσιΥ

2409 2919 2535 3003 [τοί
2556 2940 2952 3016 παραδιδῶσιν]
3004 2938 3180 3008 ὑμᾶς,
3219 2933 3292 3003 μὴ
3341 2927 3715 3001 μεριμνήσητε
3765 2921 3910 3016 πῶς,
3961 2919 3997 2987 ἦ

2407 3043 2459 3095 τί
2488 3014 2789 3109 λαλήσητε’
2826 3033 3108 3102 δοθήσεται
3140 3028 3250 3097 γὰρ
3279 3027 3407 3095 ὑμῖν
3445 3023 3502 3075 ἐν
3539 3020 3721 3087 ἐκείνῃ
3753 3019 3819 3085 τῇ
3849 3014 3999 3085 ὥρᾳ,

2391 3136 2462 3188 ’τί
2494 3105 2787 3202 λαλησετεο
2821 3128 2878 3181 οὑ
2914 3126 3023 3195 γὰρ
3054 3124 3208 3192 ὑμεῖς
3256 3122 3377 3172 ἐστε
3421 3118 3468 3168 οἱ
3515 3111 3824 3170 λαλοῦντες,
3857 3105 3997 3158 ἀλλὰ

2412 3226 2470 3279 τὸ
2520 3199 2742 3292 Πνεῦμα
2787 3219 2877 3272 τοῦ
2926 3215 3136 3285 Πατρός
3183 3209 3336 3281 ὑμῶν
3377 3207 3438 3259 τὸ
3479 3201 3672 3292 λαλοῦν
3699 3201 3756 3251 ὲν
3783 3199 3937 3266 ὑμῖν.
3974 3213 3998 3245 ι

2416 3316 2512 3369 Διὰ
2544 3315 2601 3368 δέ
2637 3301 2701 3380 γε
2743 3313 2839 3380 τῆς
2871 3307 2965 3361 τοῦ
3001 3305 3210 3358 Λουκᾶ’
3245 3321 3263 3352 ι
3292 3298 3463 3353 Θέσθε
3493 3290 3587 3348 οὖν
3619 3295 3675 3345 ἐν
3704 3293 3825 3352 ταῖς
3856 3306 4000 3357 καρ-

2414 3409 2551 3468 δίαις
2587 3403 2740 3474 ὑμῶν
2792 3400 2865 3470 μὴ
2898 3395 3234 3468 προμελετᾷν
3273 3387 3712 3458 ἀπολογηθῆναι·
3743 3382 3856 3451 ἐγὼ
3891 3381 4002 3448 γάρ

2415 3499 2570 3551 δώσω
2601 3497 2727 3566 ὑμῖν
2757 3494 2931 3562 στόμα
2973 3489 3066 3543 καὶ
3104 3487 3316 3554 σοφίαν,
3411 3483 3472 3535 οὑ
3517 3481 3836 3550 δυνήσονται
3872 3477 4001 3527 ἀντ-

2417 3593 2612 3651 ειπεῖν,
2643 3589 2676 3657 ἦ
2715 3587 3031 3653 ἀντιστῆναι
3069 3581 3266 3640 πάντες
3310 3577 3358 3629 οἱ
3389 3572 3752 3640 ἀντικείμενοι
3789 3568 3942 3635 ὑμῖν.
3980 3581 3999 3614 ι

2431 3681 2676 3742 Ἀκούεις
2702 3679 2848 3738 ὅπως
2880 3674 3165 3734 λαλοῦντος
3201 3675 3258 3723 ὲν
3284 3670 3465 3728 αὑτοῖς
3499 3662 3593 3716 τοῦ
3637 3662 3792 3728 ἁγίου
3825 3656 4005 3711 Πνεῦ-

2424 3789 2610 3843 ματος,
2647 3768 2806 3829 αὐτὸς
2835 3766 3018 3818 δίδωσι
3054 3764 3111 3816 τὸ
3141 3761 3344 3831 στέμα;
3378 3757 3540 3825 λόγου
3565 3753 3672 3823 γάρ
3699 3754 3815 3803 ἐστι
3839 3747 4006 3816 δοτὴρ

2421 3865 2496 3925 ὡς
2535 3862 2723 3929 Λόγος,
2762 3859 2856 3911 καὶ
2904 3856 3214 3924 Πνεῦματος
3259 3851 3511 3922 χορηγὸς,
3542 3846 3616 3907 ὡς
3670 3844 3800 3896 ἴδιον
3863 3839 4007 3908 ἔχων

2421 3953 2552 4006 αὑτὸ
2580 3949 2844 4020 φυσικῶς,
2878 3948 3018 4000 καθὰ
3050 3947 3145 3999 καὶ
3179 3944 3339 4003 αὑτὸς
3369 3943 3398 3993 6
3435 3932 4008 4008 Π-ατήρ.Ταυτοεργεί

2426 4046 2526 4114 μὲν
2561 4039 2652 4096 οῦν
2695 4046 2728 4112 ἡ
2776 4041 2907 4108 ἁγία
2938 4039 3128 4108 Τριάς,
3162 4036 3254 4089 καὶ
3280 4035 3422 4102 ἁπερ
3460 4031 3526 4083 ἂν
3551 4026 3696 4099 δρώῃ
3744 4024 3839 4076 καὶ
3875 4020 4006 4114 βοῦ-

2422 4111 2566 4188 λοιτο
2594 4111 2891 4202 κατορθοῦν
2925 4133 2952 4183 ό
2983 4128 3190 4197 Πατὴρ,
3221 4125 3394 4177 ταῦτα
3423 4122 3516 4175 καὶ
3547 4120 3574 4170 6
3596 4117 3721 4178 Υἱὸς
3741 4114 3888 4166 κατά
3912 4111 4008 4163 τὸν

2426 4229 2539 4280 ἴσον
2582 4227 2810 4296 τρόπον·
2847 4221 3049 4292 ὁμοίως
3083 4221 3141 4272 δὲ
3170 4219 3262 4270 καὶ
3291 4217 3351 4268 τὸ
3381 4211 3624 4281 Πνεῦμα.
3654 4208 3728 4260 Τό
3777 4223 3842 4272 γε
3896 4204 4012 4273 μὴν

2427 4321 2529 4375 ἀνὰ
2581 4320 2742 4390 μέρος
2773 4317 2970 4368 διδόναι
3003 4314 3102 4374 τὰς
3137 4308 3414 4379 ἐνεργείας
3461 4305 3665 4371 ἑκάστῃ
3715 4298 3822 4351 τῶν
3873 4297 4008 4347 ὑπο-

2428 4415 2671 4468 στάσεων
2705 4408 2906 4471 ίδικῶς,
2933 4405 3084 4459 οὐδὲν
3115 4401 3201 4454 ἕτε
3214 4401 3302 4470 ρόν
3331 4401 3500 4458 ἐστιν,
3528 4395 3560 4465 ἢ
3592 4394 3739 4462 τρεῖς
3767 4388 3873 4442 ἀνὰ
3909 4386 4008 4455 μὲ-

2432 4522 2519 4573 ρος
2547 4502 2639 4554 καὶ
2667 4483 2970 4569 ὁλοτρόπως
3012 4493 3257 4564 ἀλλήλων
3283 4487 3652 4557 διεστηκότας,
3681 4481 4010 4548 ἀποφαίνειν

3917 4569 4012 4622 ἐπὶ

2431 4688 2532 4756 τῆς
2557 4683 2719 4750 ἁγίας
2748 4680 2997 4750 Τριάδος,
3025 4677 3152 4746 μίαν
3187 4675 3248 4744 δή
3287 4690 3387 4725 που
3425 4671 3523 4739 τὴν
3564 4667 3647 4736 ἐφ’
3683 4666 3854 4718 ἅπασι
3896 4669 4012 4728 τοῖς

2435 4776 2730 4848 δρωμένοις
2761 4771 3048 4840 ἀποφαίνει
3078 4769 3307 4837 κίνησιν.
3348 4766 3408 4816 Εί
3438 4763 3496 4816 δὲ
3529 4762 3592 4830 δὴ
3621 4760 3897 4827 λέγοιμεν,
3931 4759 4013 4810 ὅτι

2439 4869 2566 4938 μιᾶς
2601 4865 2970 4924 ὑποστάσεως,
3000 4858 3108 4912 οἷον
3140 4861 3219 4920 εἰς
3247 4857 3383 4925 ἔργα
3418 4851 3801 4921 κεκινημένης,
3833 4849 4015 4918 ἀπρα-

2436 4958 2682 5025 κτήσειεν
2715 4953 2781 5005 ἂν
2819 4953 2872 5003 αἱ
2903 4949 3015 5010 δύο,
3054 4945 3168 5009 πῶς
3196 4946 3257 4997 οὑ
3289 4947 3486 5013 παχεῖα
3515 4941 3653 5010 τομὴ
3688 4938 4016 5008 παρεισκρί-

2437 5064 2608 5109 νεται,
2642 5044 2804 5096 τόπον
2845 5041 3032 5109 ὥσπερ
3081 5039 3203 5091 τινὰ
3251 5036 3358 5089 τῶν
3405 5031 3753 5087 ὑποστάσεων
3807 5030 4017 5097 ἑκάστῃ

2444 5139 2705 5209 νέμουσα,
2736 5136 2813 5199 τὸ,
2850 5134 2952 5196 ἔξω
2991 5150 3049 5184 τε
3098 5131 3192 5182 καὶ
3232 5123 3728 5195 ἀπεσχοινισμένως
3775 5117 4016 5172 νοεῖσθαι

2445 5231 2551 5284 τῶν
2605 5228 2800 5288 ἄλλων,
2839 5227 2900 5279 οὑ
2953 5224 3093 5278 κατὰ
3139 5240 3200 5290 γε
3249 5221 3309 5272 τὸ
3356 5218 3621 5287 ὑπάρχειν
3679 5213 4013 5279 ἱδιοστάτως,

2443 5319 2600 5372 τοῦτο
2622 5317 2726 5387 γὰρ
2752 5315 2977 5385 ἀληθές⁹
3007 5313 3120 5366 ἀλλ’
3147 5313 3221 5373 ὡς
3251 5313 3308 5361 ὲν
3331 5311 3395 5378 τῇ
3419 5306 3560 5359 κατὰ
3583 5304 3688 5356 πᾶν
3712 5301 4014 5370 ἑτερότητι,

2447 5413 2521 5482 μὴ
2559 5411 2859 5479 ἀνεχομένη
2902 5407 3058 5474 λόγου
3102 5404 3194 5457 τοῦ
3232 5399 3641 5470 συναγείίροντος
3682 5396 3758 5456 είς
3790 5393 4020 5460 ἑνότητα

2446 5503 2680 5572 φυσικήν
2703 5519 2716 5565 ;
2742 5500 2853 5554 Μία
2873 5499 2980 5568 γὰρ
3005 5497 3256 5566 θεότητος
3288 5493 3449 5562 φύσις
3471 5492 3528 5541 ὲν
3557 5486 3686 5554 ἁγίᾳ
3714 5483 3806 5572 καὶ
3835 5485 4019 5572 61100:)-

2447 5593 2547 5661 σίῳ
2580 5594 2779 5642 νοεῖται
2812 5587 3097 5656 Τριὰδι.⁹0
3123 5584 3179 5636 δὲ
3207 5579 3440 5652 χρηστὸς
3467 5573 3669 5635 οὑτοσὶ,
3703 5570 3794 5621 τὸν
3823 5565 4018 5634 ὁμοοὺ-

2449 5697 2560 5733 σιον
2600 5679 2678 5749 τῷ
2704 5678 2823 5749 Θεῷ
2846 5678 2938 5729 καὶ
2968 5675 3141 5746 Πατρὶ
3167 5673 3299 5727 Θεὸν
3326 5670 3515 5738 Λόγον,
3540 5665 3613 5727 ὼς
3643 5661 3743 5714 οὑκ
3762 5656 3915 5720 εἰδὼς
3938 5657 4020 5708 ὅτι

2070 5862 2110 5895 ω
2149 5861 2423 5923 ιυρ.χχυ
2471 5857 2667 5925 ιι,ιε.
