4106 6468
161 431 234 482 181
1154 443 1523 502 ADVERSUS
1561 443 1782 503 NESTO

1746 448 1963 507 ORIUM
2005 451 2133 506 LIB.
2173 451 2259 504 lV.
3263 459 3367 516 182

153 541 344 637 γέγονεν
377 543 692 637 ἄνθρωπος,
721 551 785 604 οὐ
830 553 892 607 τὸ
927 551 1064 610 εἶναι
1102 557 1234 621 Θεὸς
1279 560 1691 631 ἀποϐεϐληκὼς,
1726 564 1767 619 Α

1743 564 1767 619 ι
1797 563 1927 617 Nam
1963 580 2084 620 cum
2113 575 2300 621 sancto
2332 566 2575 636 Spiritui,
2611 575 2669 621 ut
2695 567 2896 623 dictum
2928 578 3029 633 est,
3061 570 3364 637 patrocine-

157 635 499 726 ιτροσειληφὼς
516 638 579 691 δὲ
611 642 817 710 μᾶλλον
840 647 977 718 ὅπερ
1000 648 1100 701 οὐκ
1124 643 1212 718 ἦν,
1237 651 1699 721 κατασμικρύνειν

1803 663 1908 720 tur,
1949 655 2140 710 Filium
2177 656 2334 712 allicit
2368 635 2596 726 injuria,
2629 658 2715 714 ubi
2753 659 3009 716 adversus
3040 635 3154 716 Arii
3193 671 3366 717 secta-

148 722 421 793 ἁποτολμᾷ.
475 726 844 800 Συναγορεύει
891 735 992 804 μὲν
1039 735 1180 807 γὰρ,
1232 737 1308 802 ὡς
1365 739 1596 809 εἴρηται,
1625 739 1702 808 τῷ

610 730 844 800 ιγορεύει
891 735 992 804 μὲν
1039 735 1180 807 γάρ,
1232 737 1308 802 ὡς
1365 739 1596 809 εἴρηται,
1625 739 1702 808 τῷ
1801 751 1946 801 tores
1975 747 2046 800 ita
2081 748 2231 803 dicit.

151 811 269 882 ἁγίῳ
293 815 585 885 Πνεῦματι,
620 823 966 894 περιυϐρίζει
993 826 1049 880 δὲ
1077 827 1168 881 τὸν
1189 829 1338 894 Υίὺν,
1359 831 1501 884 οὕτω
1529 831 1702 899 λέγων

152 917 168 950 π
185 901 266 969 ρός
292 919 434 968 τινας
460 905 571 959 τῶν
600 909 675 963 τά
706 912 916 982 Ἀρείου
947 919 1160 986 φρονεῖν
1188 919 1496 988 ᾑρημένων.

151 988 475 1090 ..[ῐΙλείονση⁸
511 999 678 1067 φησὶ,
729 1002 828 1073 τὴν
875 1005 954 1066 είς
997 1005 1158 1060 αὑτὸν
1199 1011 1698 1077 κατασκευάζοντες

1878 1007 2138 1079 [Νεετοιι.
2176 1009 2454 1078 Majorem,
2483 1009 2674 1076 inquit,
2703 1010 2754 1063 in
2783 1009 2957 1079 ipsum
2987 1019 3258 1067 struentes
3288 1012 3363 1066 in-

148 1079 305 1172 ῦϐριν.
320 1085 409 1136 καὶ
430 1085 490 1138 τὸ
507 1088 741 1160 Πνεῦμα
759 1094 856 1163 τῆς
876 1095 1024 1160 θείας
1044 1099 1438 1170 ἀποτέμνοντες
1461 1103 1695 1172 φύσεως,

1794 1098 2016 1167 jnriam.
2042 1108 2096 1153 et
2126 1099 2384 1166 Spiritum
2415 1113 2447 1151 a
2477 1101 2654 1154 divina
2686 1110 2873 1154 natura
2905 1111 3242 1170 separantes,
3268 1102 3361 1170 qui

148 1170 199 1223 τὸ
222 1171 310 1241 τὴν
347 1175 747 1252 ἀνθρωπότητα
771 1187 935 1239 αὐτοῦ
974 1187 1274 1244 διαπλάσαν
1298 1208 1313 1224 ο
1351 1211 1370 1244 ι
1401 1170 1482 1246 Τὸ-
1507 1195 1613 1264 γὰρ
1641 1197 1698 1249 ὲν

1801 1190 2188 1244 humanitatem
2216 1191 2332 1259 ejus
2361 1192 2610 1245 formavit
2642 1209 2655 1245 :
2692 1211 2710 1242 ‹
2743 1192 2894 1258 Quod
2919 1193 3062 1246 enim
3093 1193 3144 1246 in
3177 1193 3359 1258 Maria,

149 1264 202 1330 τῇ
221 1264 412 1353 Μαρίᾳ.
427 1270 582 1337 φησι,
611 1275 889 1345 γεννηθὲν,
904 1279 967 1332 ἐκ
984 1280 1297 1350 Πνεῦματός
1317 1283 1464 1336 ἐστιν
1485 1285 1660 1353 ἀγίου·
1674 1303 1692 1335 ι

1799 1276 1992 1346 inquit,
2026 1289 2204 1332 natum
2239 1289 2343 1343 est,
2379 1279 2445 1333 de
2475 1279 2678 1348 Spiritu
2710 1290 2894 1334 sancto
2925 1289 3005 1335 est
3029 1281 3241 1350 “pqui
3272 1294 3361 1335 se-

149 1353 267 1408 κατά
297 1352 402 1425 [ιον.
437 1358 499 1411 τὸ
533 1362 705 1433 κατὰ]
741 1364 1080 1439 δικαιοσύνην
1107 1370 1170 1422 τὸ
1193 1371 1428 1426 πλασθὲν
1463 1352 1696 1428 ἀνέπλα-

1797 1367 2028 1420 cundum
2061 1367 2326 1436 justitiam
2357 1370 2497 1436 quod
2530 1367 2816 1422 formatum
2851 1379 2971 1422 crat
3003 1369 3359 1423 reformavit:

150 1459 225 1495 σεν
264 1444 368 1534 [Δισ.
392 1448 739 1526 ἀναπλάσαν]
763 1474 776 1488 ε
819 1473 838 1507 ι
862 1457 1207 1530 Ἐφανερώθη
1250 1464 1378 1532 γὰρ,
1410 1465 1593 1534 φησὶν,
1642 1467 1700 1520 ἐν

1804 1475 1823 1510 ι
1857 1458 2253 1513 Manifestatum
2284 1459 2428 1512 enim
2457 1466 2560 1522 est,
2591 1458 2784 1526 inquit,
2815 1458 2866 1512 in
2896 1473 3080 1521 carne,
3103 1459 3363 1528 justiﬁca-

148 1532 291 1601 σαρκί
312 1534 638 1609 ’ἐδικαιώθη
671 1541 728 1593 ὲν
754 1543 1056 1614 Πνεῦματι·
1101 1565 1120 1599 ι
1155 1548 1216 1600 τὸ
1231 1532 1448 1618 δαίμοσι
1469 1532 1700 1620 ιροϐερὸν

1799 1555 1910 1602 tum
1941 1557 2024 1603 est
2053 1549 2106 1603 in
2130 1548 2334 1619 Spiritu
2357 1549 2431 1613 7°;
2459 1549 2550 1617 qui
2585 1556 2642 1601 ut
2672 1549 2949 1604 dzemoniis
2979 1558 3123 1604 esset
3152 1549 3361 1603 terribi-

149 1622 495 1694 ἐργασάμενον
514 1638 534 1655 ⁸
579 1646 599 1680 ι
624 1629 768 1698 Ἐγὼ
794 1632 920 1704 γὰρ,
949 1636 1132 1704 φησιν,
1167 1637 1224 1689 ὲν
1255 1636 1530 1709 Πνεῦματι
1563 1639 1697 1694 Θεοῦ

1799 1639 1863 1694 lis
1889 1638 2069 1694 ell'ecit
2097 1658 2111 1694 :
2147 1657 2166 1691 ι
2197 1639 2310 1709 Ego
2339 1639 2506 1702 enim,
2535 1637 2729 1706 inquit,
2759 1638 2813 1693 in
2843 1640 3050 1706 Spiritu
3083 1638 3175 1693 Dei
3206 1637 3371 1706 ejicio

145 1711 366 1768 ἐκϐάλλω
395 1718 464 1770 τά
489 1718 772 1790 δαιμόνια⁶
805 1742 823 1776 ι
854 1725 918 1778 τὸ
944 1726 1043 1797 τὴν
1069 1727 1234 1781 αὐτοῦ
1262 1730 1442 1800 σάρκα
1471 1748 1699 1802 πεποιη-

1799 1730 2164 1791 dtemonia“;
2210 1749 2228 1782 ι
2269 1731 2361 1800 qui
2400 1729 2542 1784 illius
2585 1745 2801 1785 carnem
2838 1731 3016 1786 eﬂ‘ecit
3053 1729 3306 1800 templum
3347 1748 3361 1782 :

148 1803 287 1868 μένον
309 1806 456 1860 ναόν⁶
489 1827 509 1860 ι
540 1810 822 1882 Τεθέαμαι
854 1814 981 1884 γὰρ,
1011 1817 1164 1887 φησὶ,
1189 1817 1251 1870 τὸ
1279 1819 1501 1888 Πνεῦμα
1527 1837 1698 1872 κατα-

1804 1836 1822 1868 ‹
1848 1819 1964 1873 Vidi
1992 1819 2162 1884 enim,
2192 1819 2386 1888 inquit,
2410 1819 2668 1888 Spiritum
2685 1819 3094 1876 descendentem
3125 1821 3364 1875 sicutco-

145 1888 306 1943 ϐαῖνον
334 1892 466 1947 ὡσεὶ
499 1899 858 1970 περιστερὰν,
889 1903 983 1956 καὶ
1010 1904 1315 1973 μεμένηκεν
1343 1907 1430 1957 ἐπ’
1463 1906 1646 1959 αὐτόν’
1670 1925 1688 1958 ι
1726 1906 1766 1961 Β

1739 1906 1767 1960 Β
1797 1909 2056 1972 lumbam,
2087 1918 2140 1962 et
2173 1908 2368 1963 mansit
2400 1924 2561 1977 super
2588 1924 2708 1964 eum
2734 1911 2814 1976 7';
2853 1927 2872 1962 ›
2907 1910 3000 1980 qui
3034 1911 3360 1978 assumptio-

146 1981 192 2031 τὸ
215 1983 306 2050 τὴν
337 1985 610 2058 ἀνάληψιν
641 1990 792 2061 αὑτῷ
819 1994 1180 2062 χαρισάμενον
1202 2010 1215 2024 ο
1251 2012 1269 2047 r
1294 1995 1698 2068 Ἐντειλάμενος

1799 2011 1922 2051 nem
1953 1996 2027 2052 illi
2057 1995 2282 2066 largitus
2309 2005 2389 2050 est
2421 2012 2435 2049 :
2474 2015 2493 2048 ι
2529 1995 2887 2066 Praeeipiens,
2919 1999 3128 2068 inquit,
3159 1999 3363 2055 sanctis

145 2070 255 2161 γὰρ.
290 2075 442 2144 φησι,
491 2081 609 2143 τοῖς
657 2080 836 2149 ἁγίοις
880 2083 1216 2148 ἀποστόλοις,
1248 2085 1342 2150 οὓς
1392 2087 1694 2156 ἐξελέξατο,

1797 2087 2076 2155 apostolis,
2108 2102 2242 2154 quos
2265 2086 2449 2154 elegit.
2486 2102 2580 2154 per
2614 2088 2874 2156 Spiritum
2913 2099 3179 2156 sanctum,
3207 2090 3365 2161 1M

141 2159 217 2212 διὰ
241 2161 550 2230 Πνεύματος
581 2169 764 2238 ἁγίου,
789 2171 1086 2243 ἀνελήφθη.
1109 2191 1128 2224 ι
1163 2173 1332 2228 Τοῦτο
1355 2175 1418 2247 δὴ
1449 2177 1512 2230 τὸ
1548 2179 1700 2248 τηλι-

1799 2186 2104 2246 assumptus
2135 2187 2218 2232 est
2243 2177 2308 2230 ".
2348 2195 2368 2228 ›
2408 2175 2560 2232 Hunc
2595 2179 2756 2246 igitur
2788 2180 2879 2249 qui
2914 2189 3115 2234 tantam
3149 2159 3375 2238 Christo.

145 2251 326 2324 καύτην
367 2257 594 2331 Χριστῷ
641 2265 1009 2336 χαρισάμενον
1054 2263 1230 2330 δόξαν,
1267 2266 1503 2338 Χριστοῦ
1529 2286 1698 2326 κατα-

145 2343 438 2410 σκευάζουσι
473 2349 713 2426 δοῦλονο]

1575 2287 1698 2326 ιτα·
1797 2267 2022 2336 gloriam
2052 2267 2274 2339 largitus
2301 2277 2408 2336 est,
2434 2268 2638 2326 Cbrisu
2669 2285 2884 2326 servum
2915 2269 3196 2342 elliciunt.]

145 2349 438 2406 σκευάζουσι
473 2349 686 2406 δοῦλον.

722 2492 970 2549 ΚΕΦᾹΛ.
1025 2497 1100 2550 Γ’.
1789 2522 1794 2532 ‘

1094 2535 1100 2549 .
1789 2522 1794 2532 ι
2442 2494 2595 2550 CAP.
2634 2492 2715 2549 Ill.

196 2617 262 2670 Τὸ
283 2619 377 2688 μὲν
395 2614 490 2675 οὖν
517 2622 624 2693 τῆς
649 2621 799 2688 θείας
824 2643 881 2678 τε
910 2627 1001 2680 καὶ
1025 2627 1304 2700 ἀκηράτου
1329 2630 1544 2700 φύσεως
1568 2633 1696 2688 ἀπο-

1866 2630 2082 2686 Audere
2111 2629 2326 2699 quidem
2353 2644 2384 2685 a
2413 2629 2596 2685 divina
2625 2629 2714 2683 illa
2747 2628 3145 2700 immortalique
3172 2639 3363 2687 natura

141 2707 326 2778 τέμνειν
344 2711 403 2764 τὸ
424 2712 658 2782 Πνεῦμα
688 2717 1050 2788 ητατολμᾷν,
1073 2719 1356 2793 μοχθηρᾶς
1385 2718 1526 2777 εἷναί
1547 2742 1692 2795 φημι

1797 2722 2061 2792 Spiritum
2091 2723 2435 2789 abscindere,
2465 2721 2696 2789 improbi
2725 2735 2849 2782 esse
2876 2731 2930 2778 et
2959 2722 3172 2778 scelesti
3199 2721 3365 2776 animi

141 2801 218 2852 καὶ
259 2802 534 2876 ἀλιτηρίου
587 2804 804 2876 φρενὸς,
839 2808 934 2862 καὶ
967 2810 1103 2866 πολὺ
1137 2813 1231 2867 τοῦ
1263 2813 1471 2879 είκότος
1507 2815 1696 2887 ἐξῳκι-

1794 2827 2014 2878 censeo,
2036 2821 2091 2868 et
2119 2813 2278 2883 longo
2307 2813 2589 2868 intervallo
2618 2814 2686 2868 ab
2713 2828 2780 2868 co
2809 2813 2950 2883 quod
2978 2813 3231 2868 convenit
3279 2825 3367 2866 re-

143 2892 679 2966 σμένης.’ομοούσιον
705 2896 814 2969 γάρ
849 2899 964 2953 ἐστι
994 2901 1074 2972 τῷ
1101 2902 1220 2973 Θεῷ
1247 2903 1342 2958 καὶ
1379 2905 1576 2976 Πατρὶ,
1600 2905 1696 2959 καὶ

1796 2903 1948 2959 moti.
1981 2903 2467 2960 Consubstantialis
2502 2911 2585 2958 est
2616 2902 2762 2957 enim
2802 2905 2910 2960 Deo
2945 2913 2999 2960 et
3033 2903 3202 2967 Patri,
3237 2902 3366 2970 quin

144 2984 232 3052 μὴν
255 2985 342 3039 καὶ
365 2986 520 3058 αὐτῷ
552 2986 636 3058 τῷ
661 2988 774 3058 Υίῷ
791 3003 807 3017 °
852 2991 946 3044 καὶ
991 2991 1123 3056 Θεὸς
1152 2991 1313 3060 εἶναι,
1341 2996 1436 3049 καὶ
1463 2996 1527 3049 ὲκ
1558 2996 1693 3050 Θεοῦ

1795 2995 1958 3050 etiam
1985 2995 2084 3061 ipsi
2112 3008 2324 3064 quoque
2349 2995 2507 3060 Filio,
2534 3005 2589 3052 et
2614 2997 2754 3052 Deus
2780 3011 2899 3051 esse
2925 3006 2981 3049 et
3009 3009 3076 3050 ex
3107 2994 3218 3048 Deo
3242 3007 3365 3048 cre-

143 3075 443 3136 πιστεῦεται.
485 3079 705 3152 Χρῆναι
750 3080 809 3134 δὲ
852 3076 1006 3152 οἶμαι
1044 3083 1203 3138 ταυτὶ
1233 3084 1497 3156 μεθέντας
1528 3087 1608 3150 είς
1634 3086 1695 3139 τὸ

1796 3086 1960 3139 ditur.
1985 3082 2092 3139 Sed
2118 3094 2368 3153 oportere
2391 3085 2648 3149 arbitror,
2677 3085 2742 3140 iis
2769 3087 2833 3138 ad
2862 3095 3100 3152 praesens
3124 3079 3364 3142 omissis,

145 3164 314 3242 παρὸν,
345 3167 434 3221 τὸν
457 3171 518 3221 ὲν
548 3171 738 3238 χερσὶν
770 3171 920 3239 ἡμῖν,
956 3172 1480 3246 πολυπραγμονῆσαι
1513 3175 1690 3244 λόγον,
1723 3230 1761 3246 η

1744 3230 1761 3246 _
1797 3175 1958 3229 verba
1996 3189 2116 3244 quae
2159 3189 2303 3231 nunc
2342 3184 2470 3230 sunt
2509 3176 2563 3230 in
2605 3175 2884 3240 manibus,
2928 3172 3267 3236 examinare,
3312 3179 3365 3226 et

145 3230 341 3310 καίόποι
361 3259 488 3312 ποτὲ
511 3230 1437 3332 βλέπει,νόῦνεχέσταταικατίδεῖνά
1463 3230 1693 3317 Πλείονα
1720 3230 1764 3289 G

1743 3230 1764 3289 ³
1799 3277 1906 3332 quo
1950 3273 2194 3331 spectent
2229 3272 2481 3318 accurate
2527 3264 2858 3333 perspicere.
2893 3280 2912 3313 ι
2947 3260 3232 3328 Majorem,
3285 3260 3364 3315 in-

141 3347 251 3417 γὰρ,
292 3351 443 3419 φησὶ,
478 3349 587 3420 τὴν
618 3351 698 3412 είς
737 3352 900 3405 αὑτὸν
945 3353 1446 3417 κατασκευάζοντες
1493 3353 1649 3425 ῦϐριν
1673 3369 1688 3385 ·

1799 3355 1937 3425 quit,
1962 3355 2014 3410 in
2043 3354 2215 3423 ipsum
2243 3362 2546 3411 statuentes
2572 3352 2823 3422 iniuriam
2849 3353 3122 3422 (nimirum
3156 3353 3208 3404 in
3232 3351 3365 3404 illud

143 3439 305 3506 δῆλον
320 3441 384 3493 δὲ
397 3441 487 3494 ὅτι
506 3441 616 3494 τὸν
629 3440 697 3495 ἐκ
713 3443 860 3498 Θεοῦ
873 3443 1102 3514 Πατρός
1118 3445 1329 3513 Λόγον·
1348 3444 1516 3498 καὶτὸ
1532 3445 1694 3498 Πνεῦ-

1798 3462 1862 3501 ex
1893 3445 1998 3500 Deo
2033 3444 2193 3499 Patre
2223 3445 2490 3515 Verbum),
2520 3454 2576 3500 et
2602 3443 2862 3511 Spiritum
2892 3458 2921 3497 a
2952 3443 3132 3496 divina
3167 3452 3364 3496 natura

147 3548 208 3597 μα
235 3529 323 3600 τῆς
365 3530 516 3596 θείας
558 3532 959 3604 ἀποτέμνοντες
992 3535 1224 3604 φύσεως,
1259 3535 1319 3588 τὸ
1353 3535 1454 3606 τὴν
1481 3535 1693 3607 ἀνθρω-

1798 3534 2243 3604 separantes,qui
2276 3535 2392 3604 ejus
2423 3535 2810 3588 humanitatem
2831 3531 3103 3587 territavit.
3127 3551 3145 3586 ι
3167 3531 3361 3600 Cujus-

145 3621 323 3690 τ’,ότητα
350 3621 516 3676 αὑτοῦ
532 3618 855 3676 όιαπλάσαν.
880 3624 1036 3695 ιΤὴν
1069 3620 1290 3691 τίνος,ὧ
1309 3627 1571 3696 βέλτιστε,
1588 3629 1694 3698 φὴς

1799 3636 1956 3689 nam,
1998 3624 2084 3676 vir
2124 3624 2364 3692 optime,
2408 3622 2612 3679 asseris
2655 3622 3044 3677 humanitatem
3087 3635 3119 3675 a
3164 3621 3363 3689 Spiritu

142 3708 511 3766 διαπεπλάσθαι
535 3711 928 3782 ἀνθρωπότητα
947 3714 1035 3768 διά
1059 3715 1154 3768 τοῦ
1183 3716 1529 3788 Πνεύματος;
1555 3720 1692 3772 Καί·

1800 3711 2123 3768 formatam?
2160 3714 2324 3782 Atqui
2368 3713 2567 3768 dudum
2609 3713 2675 3769 de
2713 3713 2831 3782 ipso
2875 3712 3161 3782 Unigenito
3202 3721 3257 3766 et
3296 3725 3362 3766 ex

144 3815 210 3850 τοι
237 3803 352 3865 τοὺς
383 3802 583 3870 λόγους
607 3802 738 3886 ἡμῖν
767 3803 969 3873 ἀρτίως
998 3805 1084 3859 ἐπ’
1109 3805 1259 3877 αὐτῷ
1289 3807 1584 3878 πεποίησαι
1614 3808 1691 3878 τῷ

1801 3801 1910 3856 Deo
1949 3801 2112 3858 Patre
2153 3803 2493 3860 ineﬂ'abiliter
2524 3813 2654 3858 nato
2686 3803 2848 3856 verba
2890 3803 3100 3858 feceras
3138 3819 3153 3856 :
3193 3803 3364 3872 ipsum

145 3891 425 3965 Μονογενεῖ,
458 3896 565 3949 καὶ
587 3897 652 3949 ὲκ
680 3895 814 3950 Θεοῦ
849 3897 1061 3968 Πατρὸς
1089 3898 1416 3972 ἀπορρήτως
1438 3917 1694 3972 γεγεννη-

1797 3891 1941 3948 enim
1975 3892 2214 3949 divinam
2247 3901 2493 3949 naturam
2528 3891 2838 3963 appellabas
2871 3911 2884 3947 :
2919 3893 3089 3961 ipsius
3123 3907 3274 3962 ergo,
3306 3901 3363 3946 ut

149 3985 300 4056 μένῳ·
334 3987 486 4041 θείαν
519 3987 634 4059 γὰρ
669 3988 734 4058 δὴ
777 3989 934 4057 φύσιν
979 3987 1257 4060 ὠνόμαζες
1302 3991 1497 4046 αὐτόν’
1525 3992 1690 4047 αὑτοῦ

1797 3983 2012 4053 Opinor,
2047 3998 2156 4040 non
2190 3984 2412 4040 alterius
2447 3985 2834 4040 humanitatem
2869 3983 3027 4039 dicis.
3060 3983 3363 4038 Recordare

146 4071 190 4126 δὲ
213 4070 348 4145 οἶμαι
379 4078 474 4131 καὶ
500 4078 604 4147 οὐχ
632 4077 816 4149 ἐτέρου
843 4078 940 4148 τὴν
977 4079 1372 4152 ἀνθρωπότητα
1397 4083 1521 4153 φής.
1547 4085 1691 4142 Οὐκ-

1797 4074 1962 4144 igitur
1983 4076 2270 4131 verborum
2299 4084 2511 4131 tuorum
2543 4094 2556 4130 :
2586 4076 2857 4146 propriam
2885 4075 3029 4130 enim
3058 4090 3176 4130 esse
3203 4074 3360 4128 Verbi

143 4165 219 4218 οὖν
241 4167 577 4239 διαμέμνησο
613 4167 724 4221 τῶν
755 4167 979 4221 σεαυτοῦ
1010 4171 1202 4238 φωνῶν
1221 4187 1234 4202 ·
1264 4172 1399 4225 ίδίαν
1420 4173 1527 4244 γάρ
1552 4169 1689 4226 εἶναι

1797 4165 1945 4219 illam
1977 4180 2198 4220 carnem
2221 4166 2380 4230 dicis,
2402 4166 2578 4221 anima
2615 4166 2864 4220 rationali
2901 4165 3176 4235 praeditam
3209 4163 3359 4219 scili-

147 4256 232 4323 φὴς
270 4255 356 4310 τοῦ
394 4259 578 4327 Λόγου
616 4257 712 4328 τὴν
745 4258 922 4329 σάρκα
949 4259 1126 4331 ψυχῆς
1157 4261 1384 4333 ἐνούσης
1409 4263 1546 4334 αὐτῇ
1589 4263 1690 4334 τῆς

1795 4263 1880 4308 cet
1916 4272 1930 4308 ε
1965 4254 2045 4309 sic
2081 4269 2314 4324 namque
2346 4255 2450 4310 erit
2481 4256 2599 4319 ejus
2633 4252 2960 4308 humanitas.
2997 4253 3160 4322 Atqui
3194 4253 3239 4306 si
3276 4252 3359 4322 ip-

147 4344 335 4417 λογικῆς
387 4347 638 4419 δηλονότι
663 4365 677 4379 ·
713 4348 868 4403 ἔσται
899 4349 1009 4420 ’γὰρ
1056 4350 1229 4415 οὕτως
1263 4353 1296 4423 ἡ
1335 4353 1688 4424 ἀνθρωπότης

1795 4359 1911 4398 sum
1935 4358 2000 4399 ex
2030 4344 2136 4400 Deo
2163 4344 2324 4400 Patre
2346 4343 2576 4401 Verbum
2603 4362 2768 4401 unum
2794 4351 2878 4400 est
2903 4359 3026 4400 cum
3051 4358 3149 4398 sua
3173 4358 3361 4408 carne,

145 4436 299 4490 αὑτοῦ.
327 4436 456 4494 Εἶτα
489 4438 632 4502 πῶς,
662 4439 816 4511 εἴπερ
848 4440 996 4494 ἐστὶν
1021 4441 1080 4495 ἒν
1111 4442 1249 4512 μετά
1273 4446 1369 4513 τῆς
1399 4443 1531 4507 ιδίας
1557 4461 1689 4513 σαρ-

1795 4438 2065 4506 quomodo
2091 4438 2284 4493 divinis
2308 4439 2515 4494 viribus
2543 4455 2666 4495 eum
2697 4439 2936 4509 indigere
2965 4447 3140 4506 putas,
3169 4445 3224 4491 et
3252 4445 3359 4490 ter-

146 4526 219 4590 κὸς
256 4532 280 4582 ό
319 4533 381 4585 ἐκ
426 4530 569 4585 Θεοῦ
601 4531 812 4603 Πατρὸς
844 4533 1036 4600 Λόγος,
1069 4533 1249 4604 ίσχύος
1280 4528 1419 4587 εἶναι
1447 4534 1685 4605 νομίζεις
1722 4583 1763 4605 η

1737 4583 1763 4605 η
1798 4529 2006 4585 ribilem
2037 4530 2314 4586 daemoniis
2340 4545 2371 4584 a
2403 4529 2606 4600 Spiritu
2637 4539 2826 4586 sancto
2859 4529 3081 4593 factum,
3113 4536 3173 4582 ut
3205 4527 3294 4596 qui
3327 4542 3358 4580 a

146 4618 279 4670 αὑτὸν
303 4622 396 4692 τῆς
420 4621 760 4691 θεοπρεποῦς
783 4622 991 4687 ἐπιδεᾶ,
1023 4623 1116 4676 καὶ
1141 4621 1367 4693 φοϐερὸν
1392 4623 1552 4676 αὑτὸν
1578 4624 1688 4694 είρο
1720 4617 1764 4640 ν

1741 4617 1764 4638 ¹
1793 4633 1889 4674 sua
1918 4630 2109 4676 natura
2135 4621 2188 4676 id
2217 4636 2322 4677 non
2351 4631 2536 4691 posset
2559 4621 2802 4686 ellicere;
2828 4620 3014 4673 adhazc
3039 4618 3226 4682 etiam,
3258 4617 3362 4670 hoc

145 4707 312 4772 γὰσθαι
341 4715 450 4774 τοῖς
483 4712 704 4782 δαίμοσι
729 4711 789 4765 τὺ
829 4713 1051 4784 Πνεῦμα
1076 4713 1138 4765 τὸ
1174 4713 1347 4782 ἀγιον,
1380 4713 1456 4778 ὡς
1483 4714 1590 4767 ἀπό
1621 4731 1682 4783 γε

1795 4711 1970 4780 ipsum
2005 4727 2166 4780 posse
2198 4723 2480 4769 conterere
2514 4711 2794 4774 Satanam,
2828 4711 2981 4780 quasi
3017 4711 3082 4764 ab
3119 4709 3225 4764 alio
3257 4709 3354 4764 da-

145 4798 223 4866 τῆς
250 4803 374 4865 ἰδίας
402 4803 622 4872 φύσεως
649 4803 750 4856 οὐκ
796 4802 988 4873 ἔχοντα
1029 4803 1187 4857 τοῦτο
1234 4803 1391 4874 δρᾷν⁶
1437 4804 1532 4858 καὶ
1575 4805 1682 4876 μὴν

1790 4811 1922 4866 ιυιη,
1957 4803 2151 4872 vixque
2181 4802 2320 4858 dono
2351 4801 2656 4871 acceptum?
2687 4801 2746 4857 Si
2779 4803 2945 4872 igitur
2977 4815 3082 4856 non
3116 4801 3355 4871 ignoras,

145 4892 220 4942 καὶ
248 4892 323 4957 τὸ,
351 4892 614 4946 δύνασθαι
660 4893 961 4963 συντρίϐειν
991 4893 1084 4946 τὸν
1127 4894 1390 4957 Σατανᾶν,
1421 4893 1498 4958 ὡς
1535 4895 1685 4947 δοτὸν

1789 4907 2046 4961 separare
2087 4891 2345 4962 Spiritum
2387 4909 2418 4948 a
2459 4893 2640 4948 divina
2683 4892 2800 4963 ejus
2843 4903 3066 4956 natura,
3112 4890 3356 4959 turpissi-

145 4985 251 5050 παρ’
270 4985 497 5056 ἑτέρου,
550 4983 646 5037 καὶ
695 4984 846 5054 μόλις
895 4983 1308 5055 ὲρανιζόμενον;
1337 4984 1401 5036 Et
1448 4983 1545 5052 μὲν
1589 4979 1684 5038 οὖν

1793 4999 1938 5037 mum
1968 4983 2272 5038 habendum
2299 4998 2420 5038 esse
2443 4985 2673 5050 crimen,
2697 4993 2752 5040 et
2775 4983 2992 5053 quidem
3015 4980 3158 5050 jure,
3188 4982 3355 5051 ipsius

144 5063 272 5124 οἶσθα
296 5075 374 5127 ὅτι
406 5074 473 5126 τὸ
500 5073 825 5143 ἀποτέμνειν
855 5074 916 5127 τὸ
945 5072 1168 5144 Πνεῦμα
1195 5073 1296 5142 τῆς
1336 5072 1484 5137 θείας
1517 5073 1682 5126 αὐτοῦ

1789 5074 1974 5142 procul
2003 5074 2164 5130 dubio
2195 5073 2431 5145 Spiritus
2458 5085 2562 5140 est,
2589 5084 2650 5130 ut
2679 5076 2769 5145 qui
2797 5090 2894 5146 per
2918 5073 3242 5132 ineffabilem
3271 5073 3352 5141 ip.

145 5161 347 5228 φύσεως,
383 5165 746 5237 ἐγκλημάτων
775 5165 1050 5237 αἴσχιστον
1081 5165 1165 5233 εἴη
1193 5164 1278 5232 ἂν,
1306 5164 1400 5219 καὶ
1429 5165 1573 5235 μαλα
1603 5165 1680 5217 εί-

1788 5165 1902 5219 sius
1935 5173 2180 5220 naturam
2215 5166 2490 5234 procedat,
2525 5174 2581 5223 et
2613 5165 2712 5236 ipsi
2745 5165 2819 5221 sit
2848 5161 3349 5230 consubstantialis.

199 5345 236 5375 ⁶⁹
266 5347 451 5402 Matth.
483 5361 520 5409 ι,
549 5347 636 5401 20.
713 5346 760 5377 ⁷⁸
791 5346 808 5400 ι
841 5346 981 5401 Tim.
1020 5361 1101 5412 ιιι,
1131 5345 1214 5399 id.
1291 5346 1332 5376 ⁷¹
1367 5343 1552 5399 Matth.
1593 5359 1684 5408 xu,
1713 5343 1801 5399 28.

1131 5345 1214 5399 16.
1291 5346 1332 5376 ⁷¹
1367 5343 1552 5399 Matth.
1593 5359 1684 5408 ιιι,
1713 5343 1801 5399 28.
1880 5345 1923 5376 "
1957 5344 2110 5399 Juan.
2146 5362 2182 5411 t,
2208 5345 2296 5402 52.
2375 5345 2420 5378 ⁷³
2446 5345 2566 5402 Act.
2602 5361 2642 5411 t,
2678 5346 2731 5400 2.

1365 5518 1524 5574 ANT.
1566 5519 1839 5576 AGELLII
1878 5520 2104 5578 ΝΟΤᾸεῖ.

203 5680 305 5750 (24)
342 5679 430 5750 Sic
457 5678 864 5750 distinguendus
897 5678 1106 5733 videtur
1134 5677 1302 5750 locus.
1335 5684 1394 5728 ut
1437 5683 1557 5750 apte
1585 5689 1676 5750 ca_-
1783 5679 2014 5733 ctioncm
2045 5677 2310 5750 improbat
2349 5677 2579 5750 Cyrillus
2612 5693 2731 5749 pag.
2774 5677 2895 5744 105,
2927 5685 2981 5734 et
3005 5675 3343 5736 ecclesiasti-

149 5745 223 5800 dat
264 5745 324 5803 ad
357 5747 582 5806 Nestorii
626 5745 1003 5818 sententiam;
1038 5747 1283 5818 quamvis
1328 5745 1559 5818 pessima
1597 5745 1678 5818 sit
1783 5763 1900 5804 cam
1931 5763 1995 5806 ac
2021 5749 2293 5818 vulgatam
2333 5745 2591 5818 sequitur.

154 5820 418 5888 distinctio,
445 5830 498 5877 et
531 5829 722 5878 contra
753 5834 912 5875 usum
954 5814 1238 5884 Ecclesiae;
1282 5829 1442 5884 quam
1486 5814 1676 5872 distin-
