4104 6492
709 427 810 484 185

1687 426 1743 484 S.
1785 425 2057 483 CYRILLI
2094 423 2564 482 ALEXANDRINI
2601 424 2925 482 ARCHIEP.

3847 427 3964 486 186

706 552 760 596 et
789 541 866 597 ita
895 541 1115 596 minime
1147 541 1377 611 indiguit
1410 541 1611 597 virtute
1640 543 1707 598 ab
1736 558 1801 598 eo
1830 543 1988 608 data,
2021 553 2269 614 tanquam

2393 542 2567 608 ιότως,
2602 541 2768 596 αὑτοῦ
2797 541 3039 613 δηλονότι
3067 542 3128 595 τὸ
3151 540 3372 612 Πνεῦμά
3393 542 3561 608 ἐστιν,
3590 541 3662 605 ὡς
3687 543 3754 595 δι’
3776 543 3963 614 αὐτῆς

703 643 929 688 externa
968 644 1022 688 et
1063 633 1279 688 aliunde
1317 635 1488 690 ascita
1525 651 1541 691 :
1581 635 1673 690 sed
1715 645 1897 689 utetur
1932 636 2108 704 potius
2149 645 2269 690 tan-

704 737 865 792 quam
909 724 1126 793 proprio
1171 723 1394 792 Spiritu,
1435 734 1488 779 et
1527 739 1622 794 per
1657 726 1829 795 ipsum
1877 727 2169 782 terribilem
2212 743 2270 782 se

707 816 988 871 daemoniis
1013 818 1278 872 ostendet.
1306 816 1400 872 Sin
1432 819 1524 872 tibi
1554 818 1730 886 placet
1754 833 1848 874 eos
1876 821 1964 886 qui
1995 830 2268 888 separant,

707 908 1004 976 impietatis
1036 907 1264 963 crimine
1297 909 1560 964 immunes
1591 909 1943 978 pronuntiare
1975 911 2274 978 :quomodo

708 1000 865 1076 nobis
893 999 1092 1054 dudum
1123 1013 1217 1055 eos
1245 999 1472 1069 injurios
1498 999 1803 1068 appellans,
1832 1008 2014 1069 postea
2045 1000 2271 1068 teipsum

710 1089 764 1144 in
788 1105 975 1145 eorum
1000 1104 1281 1145 numerum
1303 1090 1503 1145 referre
1520 1106 1627 1145 non
1648 1091 1850 1145 sentis?
1872 1091 2135 1160 siquidem
2159 1091 2278 1145 uni-

712 1191 824 1234 tum
847 1181 1000 1237 carni
1023 1181 1149 1235 illud
1170 1196 1236 1236 ex
1261 1181 1368 1235 Deo
1391 1180 1548 1236 Patre
1566 1177 1800 1238 Verbum
1824 1182 1968 1237 velut
1993 1197 2157 1237 unum
2180 1182 2277 1238 ali-

713 1285 868 1338 quem
897 1286 928 1325 e
953 1279 1137 1326 nostro
1160 1286 1409 1337 numero,
1435 1282 1487 1326 et
1509 1271 1781 1336 vulgarem
1810 1287 2050 1341 prorsus,
2078 1272 2276 1328 auxilio

713 1362 885 1416 sancti
917 1359 1151 1427 Spiritus
1177 1361 1466 1430 indiguisse
1493 1363 1646 1428 dicis,
1681 1373 1740 1417 ut
1766 1364 2020 1419 terribilis
2046 1363 2278 1417 immun-

715 1453 798 1508 dis
857 1452 1011 1523 105
1071 1453 1350 1514 spiritibus
1402 1455 1729 1509 videretur:
1794 1471 1917 1508 nam
1968 1455 2179 1512 etiamsi
2223 1455 2277 1510 in

717 1542 917 1605 Spiritu
960 1546 1050 1600 Dei
1079 1545 1208 1600 dicit
1237 1561 1296 1600 se
1327 1547 1528 1616 ejicere
1581 1548 1867 1611 daemonia,
1899 1564 2076 1604 annon
2110 1547 2278 1615 ipsam

715 1637 984 1692 sermonis
1012 1638 1460 1706 dispensationem
1500 1639 1633 1695 satis
1671 1639 2039 1699 admirabilem
2097 1641 2281 1697 videre

716 1727 1000 1794 oportuit?
1031 1725 1336 1784 Judaorum
1369 1729 1510 1783 enim
1547 1731 1715 1785 duces
1743 1745 1864 1783 cum
1894 1730 2077 1799 gloria:
2111 1732 2280 1786 nostri

720 1818 1014 1874 Salvatoris
1049 1818 1372 1885 inviderent,
1402 1831 1457 1874 et
1487 1821 1539 1873 in
1575 1834 1696 1873 eum
1722 1834 1782 1875 os
1808 1818 2127 1875 eﬂ'rcnatum
2154 1837 2279 1890 ape-

717 1908 909 1969 rirent,
964 1907 1341 1961 obtrectabant
1385 1907 1648 1973 infelices,
1698 1916 2006 1962 asserentes
2052 1921 2177 1962 eum
2226 1909 2277 1961 in

716 1993 1017 2050 Beelzebub
1058 1996 1300 2061 principe
1331 1997 1715 2050 dannoniorum
1756 1996 1957 2064 ejicere
1997 1997 2279 2051 daemonia.

722 2083 816 2140 ille
853 2101 1002 2152 vero,
1041 2087 1200 2140 insita
1234 2101 1364 2155 erga
1403 2101 1592 2141 omnes
1633 2100 1760 2141 usus
1784 2086 2190 2155 tranquillitate,
2227 2096 2284 2140 ut

717 2187 983 2241 errantes,
1009 2187 1167 2244 atque
1197 2177 1295 2245 ipsi
1326 2178 1583 2231 dieaciter
1613 2176 1900 2232 detrahere
1923 2175 2180 2242 volentes,
2216 2177 2284 2232 ad

721 2267 999 2322 meliorem
1044 2281 1266 2321 sensum
1320 2282 1384 2321 ac
1425 2269 1711 2322 veritatem
1749 2271 1918 2338 ipsam
1957 2269 2282 2333 traduceret,

720 2356 946 2427 gloriam
981 2365 1190 2426 partam
1229 2371 1295 2411 ex
1337 2356 1389 2409 vi
1438 2359 1750 2414 conterendi
1791 2358 2046 2413 Satanam
2089 2358 2162 2411 illi
2202 2373 2285 2413 se-

722 2450 956 2504 cundum
991 2457 1234 2502 naturam
1268 2447 1379 2503 Deo
1426 2449 1605 2517 potius
1636 2449 1931 2514 tribuebat,
1980 2451 2033 2504 in
2079 2451 2284 2520 Spiritu

725 2540 815 2595 Dei
869 2540 1054 2594 dicens
1113 2553 1171 2594 se
1216 2538 1491 2608 improbos
1554 2540 1774 2608 spiritus
1822 2541 2058 2609 ejicere;
2116 2554 2288 2608 neque

719 2630 954 2696 seipsum
1005 2629 1279 2696 abnegans
1317 2626 1481 2683 Deum
1522 2642 1644 2683 esse
1675 2629 1972 2683 secundum
2014 2637 2284 2692 naturam,

721 2730 776 2774 et
821 2720 1083 2784 Spiritum
1127 2729 1374 2775 sanctum
1442 2720 1718 2790 pr0prium
1767 2719 1967 2774 habere
2015 2731 2285 2772 asserens.

723 2809 829 2865 Sed
875 2815 1003 2874 quia
1043 2810 1399 2878 congruebat,
1447 2821 1500 2865 et
1560 2809 1742 2863 divino
1786 2807 2019 2865 artiﬁcio
2067 2808 2287 2879 dignum

723 2911 841 2955 erat
885 2900 1281 2966 parricidarum
1329 2901 1424 2956 ira:
1464 2903 1677 2965 cedere,
1709 2912 1765 2957 et
1798 2900 2074 2956 hominum
2107 2898 2198 2968 qui
2235 2900 2288 2953 in

724 3006 791 3046 co
838 2989 1289 3055 oliendebantur.
1339 2994 1655 3048 occasiones
1703 2991 2030 3061 przecidere;
2082 2990 2291 3046 adorie-

725 3086 920 3141 bantur
960 3086 1127 3144 enim.
1161 3087 1405 3142 dicentes
1437 3102 1450 3139 :
1484 3102 1502 3135 ι
1534 3085 1610 3141 De
1644 3086 1784 3141 bono
1813 3099 1974 3154 opere
2019 3101 2124 3141 non
2157 3085 2292 3154 lapi-

2372 631 2558 702 προῖδν
2590 631 2686 699 τῆς
2733 631 3049 701 ἀπορρήτου
3081 630 3293 699 φύσεως
3323 629 3510 694 αὑτοῦ,
3541 631 3634 684 καὶ
3661 631 3964 701 ὁμοούσιον

2371 724 2538 794 αὐτῷ,
2570 723 2662 776 καὶ
2691 723 2790 776 οὐκ
2817 722 2884 776 ἂν
2907 722 3102 792 ἐδεήθη
3137 723 3387 793 καθάπερ
3431 723 3576 786 τινὸς
3611 722 3713 792 τῆς
3746 722 3965 788 ιξωθέν

2370 831 2430 867 τε
2466 814 2553 866 καὶ
2580 814 2823 884 ἐπακτῆς
2857 813 3139 882 δυνάμεως
3167 813 3265 883 τῆς
3292 814 3420 883 παρ’
3450 813 3646 867 αὐτοῦ’
3681 814 3964 883 χρήσεται

2373 907 2428 958 δὲ
2455 905 2656 976 μᾶλλον
2674 905 2748 969 ὼς
2778 905 2893 975 ἰδίῳ
2921 905 3220 974 Πνεύματι,
3251 905 3344 958 καὶ
3370 903 3598 974 φοϐερὸν
3623 905 3816 958 ἐαυτὸν
3836 907 3963 966 τοῖς

2374 998 2624 1067 δαίμοσιν
2655 997 2926 1065 ἀποφανεῖ
2947 994 3014 1047 δι’
3041 994 3226 1048 αὐτοῦ.
3259 995 3322 1049 Εἰ
3356 995 3412 1047 δέ
3445 1010 3524 1047 σοι
3552 993 3700 1047 δοκεῖ
3728 993 3841 1047 τῶν
3869 997 3963 1056 εἰς

2375 1089 2690 1144 δυσσέσειαν
2713 1086 3072 1159 ἐγκλημάτων
3097 1087 3417 1154 ἀποφαίνειν
3431 1085 3800 1156 ὴμοιρηκότας
3819 1086 3960 1148 τοὺς

2377 1181 2796 1250 ἀποτέμνοντας,
2834 1179 2952 1242 πῶς
2986 1181 3117 1248 ἡμῖν
3149 1179 3348 1249 ἀρτίως
3380 1177 3639 1248 ὑϐριστάς
3660 1176 3961 1250 ὀνομάζεις

2379 1271 2487 1342 lla.
2514 1267 2819 1340 ὠνόμαζες]
2863 1268 3092 1335 αὐτούς;
3130 1264 3259 1320 Εἶτα
3288 1268 3500 1331 τούτοις
3538 1267 3732 1321 σαυτὸν
3760 1267 3959 1338 ἐναρίο

2379 1365 2536 1436 θμιον
2568 1367 2666 1418 οὐκ
2696 1363 2925 1433 αἰσθάνῃ
2960 1362 3150 1426 ποιῶν,
3188 1365 3344 1432 εἰπερ
3373 1361 3636 1414 ἐνωθέντα
3668 1361 3834 1426 σαρκὶ
3859 1359 3962 1411 τὺν

2379 1459 2443 1511 ἐκ
2474 1455 2609 1510 Θεοῦ
2636 1455 2846 1525 Πατρδς
2877 1454 3068 1521 Λόγον,
3105 1453 3354 1523 καθάπερ
3384 1443 3478 1506 ἕνα
3518 1451 3640 1504 τινά
3672 1451 3784 1503 τῶν
3814 1450 3928 1503 καθ

2380 1548 2546 1618 ἡμᾶς,
2574 1545 2668 1600 καὶ
2692 1544 2868 1600 κοινὸν
2908 1543 3112 1608 ἀπλῶς,
3136 1544 3234 1614 τῆς
3262 1541 3358 1594 τοῦ
3386 1541 3698 1611 Πνεύματος
3726 1542 3963 1592 ἐττικου⁶

2383 1641 2503 1713 ρίας
2550 1635 2830 1708 δεδεῆσθαι
2877 1637 3003 1707 φὴς,
3037 1637 3124 1690 ἴνα
3168 1633 3411 1705 ’φοϐερός
3459 1636 3571 1696 τοῖς
3615 1633 3962 1702 ἀκαθάρτοις

2381 1735 2554 1803 όρῳτο
2586 1729 2905 1799 πνεύμασιν.
2932 1729 2994 1780 Εἰ
3024 1727 3133 1796 γάρ
3160 1728 3252 1780 καὶ
3277 1728 3336 1778 ἐν
3365 1724 3639 1794 Πνεύματι
3669 1724 3808 1777 Θεοῦ
3839 1740 3962 1792 φη-

2386 1846 2471 1881 σιν
2506 1826 2698 1880 ἐαυτὸν
2725 1823 3006 1878 ἐκ6άλλειν
3030 1822 3098 1876 τά
3133 1821 3408 1891 δαιμόνια,
3445 1819 3560 1881 πῶς
3584 1817 3682 1871 οὐκ
3715 1816 3825 1869 ἔδει
3859 1813 3964 1867 τοῦ

2384 1920 2539 1987 λόγου
2566 1917 2663 1987 τὴν
2688 1914 3000 1985 οἰκονομίαν
3022 1912 3348 1979 ἀξιάγαστον
3374 1903 3537 1962 οὖσαν
3562 1907 3723 1970 ἰδεῖν;
3752 1907 3818 1959 Oi.
3853 1904 3962 1974 μὲν

2384 2011 2491 2081 γὰρ
2515 2010 2624 2063 τῶν
2656 2007 2920 2060 Ἰουδαίων
2949 2003 3280 2073 καθηγηταὶ,
3306 2003 3373 2071 τῇ
3400 1999 3493 2053 τοῦ
3517 1998 3764 2068 Σωτῆρος
3795 1993 3966 2066 ἡμῶν

2386 2101 2602 2170 εὐκλείᾳ
2633 2095 3065 2168 διεφθονηκότες,
3096 2094 3190 2148 καὶ
3221 2091 3501 2145 ἀπύλωτον
3539 2089 3626 2142 ἐπ’
3647 2085 3796 2150 αὐτῷ
3827 2086 3968 2140 διοι-

2385 2193 2606 2260 γνύντες
2634 2189 2828 2260 στόμα,
2855 2185 3264 2255 κατεφλυάρουν
3297 2183 3346 2235 οἰ
3377 2179 3620 2234 δείλαιοι.
3651 2177 3967 2244 φάσκοντες

2387 2283 2444 2334 ἐν
2474 2277 2802 2342 Βεελζεὸοὺλ
2840 2277 3061 2347 ἄρχοντι
3093 2271 3205 2325 τῶν
3235 2268 3530 2340 δαιμονίων
3574 2264 3860 2318 ἐκϐάλλειν
3889 2263 3969 2316 τά

2386 2371 2655 2439 δαιμόνια.
2696 2369 2753 2421 Ὁ
2784 2367 2840 2420 δὲ
2886 2368 2951 2436 τῇ
2998 2364 3224 2434 ἐμφύτῳ
3257 2361 3393 2433 πρὸς
3441 2360 3684 2421 ἅπαντας
3723 2355 3968 2425 γαληνό-

2389 2479 2508 2532 τητι
2540 2458 2895 2530 κεχρημένος,
2928 2457 3020 2509 καὶ
3051 2453 3310 2524 μεθιστὰς
3334 2453 3458 2514 τοὺς
3485 2446 3966 2515 πεπλανημένους,

2389 2556 2552 2624 ἢγουν
2600 2550 2990 2620 ἀθυροπομεῖν
3032 2546 3314 2606 ἐθέλοντας
3356 2542 3443 2595 ἐπ’
3489 2539 3666 2609 αὐτῷ,
3703 2538 3841 2609 πρὸς
3900 2535 3973 2588 τδ

2389 2643 2608 2715 ἄμεινόν
2642 2658 2704 2694 τε
2733 2639 2826 2693 καὶ
2853 2637 3074 2708 ἀληθὲς,
3099 2634 3220 2704 Θεῷ
3244 2633 3308 2704 δὴ
3352 2631 3551 2702 μᾶλλον
3582 2627 3660 2698 τῷ
3687 2626 3830 2679 κατά
3860 2625 3969 2692 φύ-

2394 2755 2495 2799 σιν,
2519 2734 2618 2803 τὴν
2656 2731 2749 2786 ἐπί
2779 2747 2842 2799 γε
2871 2730 2948 2800 τῷ
2973 2730 3233 2783 δύνασθαι
3263 2722 3569 2794 συντρίὸειν
3592 2719 3682 2772 τὸν
3710 2718 3971 2771 Σατανᾶν

2391 2825 2625 2883 ἀνετίθει
2648 2823 2804 2888 δόξαν
2822 2862 2836 2886 ,
2867 2822 2926 2875 ἐν
2953 2808 3232 2888 Πνεῦματι
3258 2813 3396 2868 Θεοῦ
3431 2812 3605 2881 λέγων
3634 2810 3702 2862 τά
3745 2806 3973 2876 πονηρὰ

2391 2913 2604 2973 διώκειν
2639 2923 2956 2985 πνεύματα·
2989 2913 3082 2965 καὶ
3123 2911 3223 2963 οὐκ
3271 2908 3376 2971 ἐξω
3423 2907 3590 2968 τιθεὶς
3625 2900 3816 2954 ἑαυτὸν
3865 2896 3972 2950 τοῦ

2395 3010 2535 3065 κατὰ
2562 3007 2724 3079 φύσιν
2750 3002 2887 3060 εἶναι
2915 3004 3065 3067 Θεὸν,
3097 3003 3190 3055 καὶ
3222 3001 3351 3052 ἴδιον
3378 2997 3523 3067 ἔχειν
3548 2995 3606 3048 τὸ
3643 2993 3870 3060 Πνεῦμα
3903 2988 3976 3040 τδ

2396 3101 2569 3169 ἇγιον.
2603 3098 2821 3167 Ἐπειδὴ
2848 3097 2905 3149 δέ
2931 3092 2998 3164 ἦν
3031 3092 3344 3154 ἀκόλουθον,
3377 3091 3471 3142 καὶ
3508 3082 3846 3155 θεοπρεποῦς
3875 3082 3975 3132 εὐ-

725 3181 914 3234 ilamus
948 3188 1019 3244 te,
1053 3179 1147 3234 sed
1200 3181 1265 3233 de
1306 3177 1666 3249 blasphemia,
1702 3178 1829 3246 quia
1876 3185 1932 3231 tu
1975 3178 2136 3232 homo
2163 3192 2284 3233 cum

2393 3191 2603 3261 τεχνίας
2632 3188 2802 3254 ἀξιον,
2829 3187 2926 3249 τάς
2957 3186 3065 3239 τῶν
3103 3182 3386 3252 φονώντων
3410 3175 3730 3248 ὑποτρέχειν
3763 3174 3972 3244 ὀργάς,

727 3270 822 3333 sis,
854 3268 988 3322 facis
1033 3268 1261 3338 teipsum
1302 3269 1470 3323 Deum
1491 3267 1576 3334 ";
1617 3287 1634 3320 ι
1672 3268 1812 3328 hanc
1841 3269 1909 3322 ob
1947 3283 2167 3324 causam
2198 3269 2290 3322 be-

728 3360 888 3431 nigne
941 3359 1228 3414 admodum
1280 3361 1347 3414 ad
1403 3362 1679 3416 hominum
1730 3360 1905 3415 adhuc
1958 3361 2292 3414 inﬁrmorum

727 3467 945 3507 sensum
990 3467 1049 3507 se
1099 3467 1448 3522 componens,
1483 3452 1577 3508 Dei
1611 3451 1870 3522 Spiritum
1907 3451 2100 3520 inquit,
2147 3452 2298 3505 novit

730 3544 872 3597 enim
907 3545 1096 3612 probe,
1147 3552 1204 3597 ut
1230 3543 1340 3611 jam
1371 3543 1504 3608 dixi,
1552 3545 1790 3613 seipsum
1835 3558 1958 3599 esse
1994 3559 2058 3598 ex
2104 3551 2295 3596 natura

732 3633 897 3689 Deum
934 3631 1093 3689 simul
1139 3647 1261 3688 cum
1288 3630 1471 3696 Patre,
1504 3643 1559 3688 et
1605 3633 1786 3688 omnia
1817 3649 1937 3703 qua:
1970 3632 2112 3687 illius
2149 3638 2292 3695 sunt,

731 3740 790 3779 se
831 3725 1050 3788 habere,
1091 3736 1450 3794 praeterquam
1503 3726 1554 3778 id
1608 3725 1779 3779 solum
1813 3725 1955 3793 quod
1990 3734 2071 3779 est
2112 3723 2294 3778 Pater.

731 3817 920 3888 itaque
956 3818 1118 3874 etiam
1155 3819 1371 3873 dicebat
1409 3819 1474 3872 ad
1513 3819 1659 3872 illum
1695 3838 1708 3873 :
1743 3839 1761 3870 ι
1792 3817 1982 3873 Omnia
2026 3831 2166 3880 mea,
2211 3829 2295 3870 tua

733 3918 878 3974 sunt,
912 3919 965 3963 et
1001 3919 1088 3962 tua
1126 3923 1267 3976 mea,
1307 3919 1359 3963 et
1390 3908 1718 3977 gloriﬁcatus
1753 3925 1871 3962 sum
1907 3909 1959 3961 in
2002 3907 2136 3975 ipsis
2158 3907 2241 3971 7';
2277 3925 2294 3956 ι

735 4013 788 4059 et
822 4002 887 4055 ad
927 4017 1029 4056 nos.
1058 4003 1202 4068 ipsos
1244 4013 1364 4054 cum
1393 4001 1459 4054 de
1493 4000 1695 4069 Spiritu
1737 4008 1923 4054 sancto
1951 4000 2114 4054 verba
2151 3998 2299 4051 face-

735 4105 819 4148 ret
849 4110 862 4148 :
904 4112 922 4145 ι
952 4091 1167 4154 Omnia,
1201 4093 1400 4161 inquit,
1425 4107 1544 4160 quae
1572 4093 1734 4146 habet
1764 4091 1947 4153 ['ater,
1984 4105 2099 4144 mea
2126 4100 2252 4144 sunt
2284 4108 2295 4142 :

737 4193 1020 4254 propterea
1054 4182 1164 4237 dixi
1201 4183 1352 4237 vobis
1385 4183 1511 4251 quia
1556 4181 1623 4236 de
1667 4197 1788 4236 meo
1815 4181 2061 4250 accipiet,
2115 4190 2170 4235 et
2213 4196 2296 4234 an-

738 4275 1006 4331 nuntiabit
1034 4272 1271 4329 vobis".
1306 4291 1323 4323 ι
1358 4270 1427 4328 Ut
1454 4273 1597 4328 enim
1632 4272 1869 4341 procedit
1900 4285 1962 4326 ex
1996 4269 2155 4326 Patre
2180 4270 2291 4339 Spi-

739 4371 871 4422 ritus
919 4367 1160 4430 sanctu’s,
1203 4381 1324 4420 cum
1373 4366 1444 4419 sit
1481 4365 1651 4433 ipsius
1681 4364 1976 4419 secundum
2027 4372 2300 4427 naturam,

2397 3283 2491 3337 καὶ
2526 3283 2621 3344 τὰς
2653 3282 2761 3333 τῶν
2790 3278 2874 3331 ἐπ’
2897 3275 3045 3345 αὑτῷ
3076 3271 3574 3341 σκανδαλιζομένων
3615 3262 3978 3334 περικόπτειν

2395 3372 2682 3443 ἀφορμάς·
2718 3368 3016 3438 ἐπεφύοντο
3069 3367 3177 3436 γὰρ
3233 3362 3515 3430 λέγοντεςο
3562 3375 3580 3407 ι
3611 3355 3746 3425 Περὶ⁸
3793 3349 3976 3405 καλοῦ

2398 3469 2558 3537 ἔργου
2586 3464 2645 3517 ού
2681 3459 2969 3531 λιθάζομέν
3005 3475 3085 3522 σε,
3128 3456 3263 3510 ἀλλά
3309 3452 3434 3519 περὶ
3471 3444 3977 3537 βλασφημίαςοὸτι

2401 3561 2483 3622 σὺ,
2509 3557 2788 3626 ἄνθρωπος
2809 3551 2905 3616 ὢν,
2929 3551 3099 3612 ποιεῖς
3126 3545 3350 3602 σεαυτὸν
3368 3543 3520 3596 Θεόν*
3536 3559 3555 3592 ι
3573 3538 3742 3608 ταύτῃ
3767 3553 3851 3589 τοι
3876 3536 3980 3588 καὶ

2401 3649 2536 3716 ἄγαν
2562 3646 2814 3708 ἀστείως,
2841 3646 2953 3705 τοῖς
2982 3637 3299 3696 ἀσθενοῦσιν
3321 3635 3402 3690 ἔτι
3435 3629 3976 3702 συγκαθιστάμενος,

2400 3736 2533 3790 Θεοῦ
2555 3737 2617 3788 τὸ
2640 3732 2857 3803 πνεῦμά
2879 3749 3042 3802 φησιν
3061 3748 3073 3759 ·
3102 3727 3210 3782 οἶδε
3242 3726 3351 3798 γάρ
3374 3721 3533 3789 οἶδεν,
3554 3724 3628 3786 ὡς
3657 3721 3814 3789 ἔφην,
3842 3720 3979 3772 ἐαυ-

2400 3829 2494 3883 τὸν
2546 3828 2676 3883 ὅντα
2723 3825 2882 3888 φύσει
2939 3823 3070 3875 Θεὸν
3117 3819 3254 3889 ὁμοῦ
3302 3817 3381 3886 τῷ
3436 3815 3830 3884 γεγεννηκότι,
3875 3830 3982 3864 και

2403 3923 2580 3974 πάντα
2617 3918 2809 3988 ἔχοντα
2840 3913 3024 3978 αὑτοῦ,
3070 3895 3190 3981 δίχα
3239 3909 3400 3980 μόνου
3435 3907 3530 3960 τοῦ
3573 3901 3710 3958 εἰναι
3752 3902 3976 3972 Πατήρ.

2403 4014 2691 4082 Τοιγάρτοι
2733 4010 2827 4063 καὶ
2859 4009 3064 4076 ἔφασκε
3119 4005 3256 4074 πρὸς
3291 4002 3482 4058 αὑτὸν.
3522 4018 3541 4050 t
3573 3999 3654 4052 ὅτι
3690 3996 3873 4050 Πάντα
3903 3995 3984 4047 τὰ

2405 4107 2531 4176 ὲμά,
2559 4103 2626 4157 σά
2655 4105 2793 4164 ἐστι,
2827 4100 2918 4152 καὶ
2944 4097 3014 4150 τά
3042 4095 3129 4158 σά,
3148 4091 3290 4164 ἐμά’
3319 4091 3410 4144 καὶ
3435 4087 3757 4176 δεδόξασμαι
3785 4087 3845 4137 ἐν
3875 4087 3984 4176 αὑ-

2402 4200 2533 4259 τοῖς.
2565 4215 2582 4244 ι
2627 4195 2734 4246 Καὶ
2774 4194 2909 4262 πρός
2955 4205 3019 4256 γε
3064 4185 3209 4264 ἡμᾶς
3249 4182 3442 4242 αυτοὺς
3493 4179 3619 4247 περὶ
3664 4175 3759 4228 τοῦ
3813 4175 3983 4241 ἁγίου

2405 4284 2719 4352 Πνεύματος
2749 4283 2873 4341 τοὺς
2900 4279 3090 4346 λόγους
3120 4285 3457 4342 ποιουμενος,
3496 4287 3514 4319 t
3547 4268 3752 4352 Πάντα,
3777 4265 3984 4332 φησὶν,

2404 4377 2503 4428 ὅσα
2534 4351 2642 4443 ἔχει
2677 4377 2706 4423 ό
2749 4369 2957 4439 Πατὴρ,
2993 4366 3103 4436 ἐμά
3130 4368 3279 4417 ἐστι’
3309 4361 3397 4414 διὰ
3430 4359 3585 4413 τοῦτο
3619 4351 3772 4408 εἷπον
3819 4355 3984 4423 ὑμῖν,

738 4462 927 4516 eodem
959 4473 1172 4529 quoque
1195 4457 1353 4512 modo
1379 4471 1473 4526 per
1499 4459 1669 4526 ipsum
1699 4456 1914 4521 Filium,
1946 4470 2066 4511 cum
2093 4455 2162 4510 sit
2183 4455 2289 4525 ejus

2405 4468 2485 4520 ὅτι
2513 4467 2576 4517 ἐκ
2606 4461 2701 4516 τοῦ
2723 4461 2863 4532 ἐμοῦ
2904 4458 3134 4530 λήψεται
3161 4455 3253 4509 καὶ
3296 4450 3584 4520 ἀναγγελεῖ
3614 4450 3759 4518 ὑμῖν.
3790 4464 3808 4496 ι
3844 4446 3991 4498 Ὥσ-

741 4526 1098 4614 ιιτιιυτειίιετ,
1118 4549 1328 4616 ipsique
1358 4547 1853 4602 consubstantialis.
1889 4546 2028 4614 Ergo
2054 4548 2289 4617 quamvit

2409 4575 2512 4628 περ
2541 4557 2649 4624 γὰρ
2678 4526 2921 4623 πρόεισιν
3042 4551 3135 4602 τοῦ
3160 4545 3371 4618 Πατρδς
3399 4545 3460 4596 τὸ
3488 4543 3714 4610 Πνεῦμα
3735 4539 3795 4591 τὸ
3818 4537 3990 4598 ams

741 4658 836 4711 per
867 4639 1128 4709 Spiritum
1154 4637 1510 4706 gloriﬁcetur,
1543 4639 1658 4706 ipse
1707 4649 1886 4692 tamen
1915 4638 2149 4708 seipsum
2180 4647 2289 4691 tan-

2408 4649 2570 4702 αὑτοῦ
2598 4645 2737 4699 κατά
2768 4643 2928 4712 φύσιν
2957 4640 3226 4711 ὑπάρχον·
3256 4637 3350 4690 καὶ
3381 4639 3522 4688 κατά
3544 4633 3638 4686 τὸν
3661 4633 3775 4685 ἴσον
3798 4647 3990 4698 τυυτῳ

741 4748 900 4801 quam
941 4746 1035 4800 per
1073 4732 1345 4798 proprium
1402 4728 1659 4798 Spiritum
1700 4730 2004 4796 gloriﬁcare
2053 4728 2289 4798 intelligit

2406 4740 2606 4811 τρόπον
2643 4738 2735 4789 καὶ
2765 4737 2831 4789 δι’
2871 4732 3035 4787 αὑτοῦ
3071 4731 3164 4785 τοῦ
3199 4727 3354 4793 Υἰοῦ,
3400 4724 3643 4795 φυσικῶς
3687 4723 3746 4777 ὃν
3781 4723 3987 4788 αὐτοῦ,

745 4837 867 4888 ιιιι·;
902 4836 1076 4891 neque
1118 4836 1182 4876 ea
1238 4836 1325 4876 res
1359 4820 1430 4873 illi
1476 4821 1812 4876 extrinsecus
1864 4820 2102 4885 advenit,
2144 4810 2289 4873 etian

2411 4810 2501 4883 καὶ
2528 4827 2810 4898 δμοούσιον
2858 4824 3026 4893 αύτῷ.
3051 4821 3260 4876 Οὐκοῦν
3289 4818 3390 4872 κᾶν
3428 4813 3716 4884 δοξάζηται
3754 4813 3844 4866 διά
3883 4815 3992 4866 τοῦ

745 4913 787 4966 si
822 4912 1014 4966 iactus.
1036 4911 1195 4965 homo
1226 4909 1396 4964 nostri
1426 4909 1620 4965 similis
1645 4910 1910 4964 videatur.
1937 4909 2287 4964 Peri‘culosun

2412 4920 2757 4989 Πνεύματος,
2798 4913 2958 4976 αὐτὸς
3007 4910 3215 4974 ἐαυτὸν,
3251 4908 3325 4973 ὡς
3373 4907 3440 4961 δι’
3485 4905 3614 4959 ἰδίου
3662 4903 3994 4974 Πνεύματος

747 5012 828 5060 est
855 5009 1033 5057 autem
1063 5002 1126 5055 ad
1162 5002 1264 5055 hoc
1289 5002 1450 5054 etiam
1491 5001 1618 5054 illud
1655 5001 1833 5055 dicere
1861 5000 1926 5054 de
1962 5009 2152 5055 sancto
2185 4999 2302 5067 Spi.

748 5097 875 5159 ritu,
907 5095 995 5161 qui
1027 5109 1244 5148 carnem
1282 5093 1449 5162 ipsius
1479 5092 1654 5145 eli'ecit
1690 5093 1943 5157 templum
1976 5111 1988 5145 :
2025 5101 2142 5146 erat
2165 5094 2309 5146 enim

749 5200 875 5240 caro
905 5184 1121 5251 propria
1150 5182 1331 5245 Verbi,
1386 5185 1545 5252 idque
1577 5182 1735 5252 paulo
1765 5193 1891 5237 ante
1939 5183 2056 5252 ipse
2101 5182 2313 5238 confes-

751 5293 841 5333 sus
880 5291 973 5339 es;
1014 5275 1180 5342 ipsius
1224 5275 1367 5328 enim
1413 5289 1536 5329 esse
1585 5274 1972 5328 humanitatem
2015 5274 2220 5341 dixisti,
2258 5286 2313 5329 et

751 5368 1010 5434 templum
1042 5367 1207 5434 ipsius
1234 5366 1332 5420 fuit
1366 5374 1612 5420 sanctum
1644 5366 1769 5421 illud
1805 5380 2001 5435 corpus
2025 5381 2089 5423 ex
2123 5377 2312 5422 sancta

756 5459 974 5528 Virgine
1019 5467 1310 5527 sumptum.
1347 5458 1506 5529 106
1530 5457 1784 5528 Proprius
1824 5459 1953 5514 item
2004 5459 2177 5527 ipsius
2227 5459 2315 5513 ille

752 5554 870 5621 ejus
899 5550 1152 5621 Spiritus,
1187 5566 1358 5621 neque
1385 5567 1619 5620 unquam
1655 5552 1783 5608 illud
1811 5553 1905 5608 Dei
1938 5550 2173 5606 Verbum
2201 5552 2314 5606 sine

757 5664 852 5704 suo
885 5647 1088 5716 Spiritu
1126 5645 1458 5716 intelligitur.
1493 5644 1718 5701 Praestat
1746 5646 1907 5715 igitur
1931 5661 1991 5702 ac
2021 5645 2315 5714 sapientius

2411 5014 2606 5064 νοεῖται
2629 5005 2888 5072 δοξάζων,
2914 5004 3006 5057 καὶ
3031 5004 3127 5073 οὐχ
3153 5003 3225 5064 ὼς
3251 4999 3482 5070 θύραθεν
3505 4997 3564 5051 τὸ
3590 4997 3780 5068 χρῆμα
3809 4997 3990 5067 αὐτῷ,

2417 5100 2519 5152 κᾶν
2551 5099 2599 5150 εἰ
2631 5097 2803 5168 ορῷτο
2853 5091 3094 5162 γεγονὼς
3126 5091 3410 5161 ἄνθρωπος
3458 5087 3581 5142 καθ’
3609 5087 3777 5156 ἡμᾶς.
3822 5085 3995 5139 Ἀνα-

2420 5189 2640 5258 σφαλεὶς
2673 5187 2784 5259 [Ion
2825 5181 3174 5255 Ἀνασφαλές]
3210 5183 3265 5236 δὲ
3292 5181 3425 5252 πρὸς
3453 5178 3626 5249 τούτῳ
3657 5180 3880 5232 κάκεῖνο
3910 5182 3996 5231 εἰ-

2417 5283 2535 5333 πεῖν
2565 5277 2692 5349 περί
2719 5277 2813 5331 τοῦ
2847 5276 3191 5346 Πνεῦματος,
3231 5273 3312 5338 τὸ,
3343 5271 3442 5342 τὴν
3470 5271 3649 5342 σάρκα
3675 5270 3775 5340 τὴν
3820 5269 3998 5323 αὐτοῦ

2416 5369 2778 5440 πεποιημένον
2817 5368 2944 5422 ναόν
2962 5385 2974 5397 ·
3019 5362 3088 5436 ἦν
3134 5364 3231 5435 μὲν
3261 5362 3366 5435 γὰρ
3391 5364 3423 5432 ἡ
3451 5361 3588 5433 σὰρξ
3615 5361 3721 5415 ἰδία
3760 5358 3855 5416 τοῦ
3883 5360 3990 5414 Λό-

2418 5477 2535 5528 γου,
2572 5459 2669 5512 καὶ
2711 5457 2868 5511 τοῦτο
2911 5459 3040 5527 ἡμῖν
3088 5454 3288 5526 ἀρτίως
3325 5453 3737 5524 διωμολόγηκας
3787 5453 3955 5515 αὑτός
3984 5475 3995 5485 -

2419 5549 2581 5603 αὑτοῦ
2625 5549 2733 5619 γὰρ
2776 5549 2908 5618 ἔφης
2943 5544 3210 5617 εἶναιτὴν
3260 5545 3685 5614 ἀνθρωπότητα,
3721 5546 3816 5598 καὶ
3865 5547 3994 5608 ναὸς

2420 5640 2578 5695 αὐτοῦ
2616 5642 3014 5712 κεχρημάτικεν
3063 5640 3118 5692 τὸ
3154 5641 3216 5694 ἐκ
3252 5638 3346 5708 τῆς
3373 5637 3534 5705 ἁγίας
3585 5636 3866 5705 Παρθένου
3897 5635 3970 5706 λη

909 5822 1059 5886 Joau.
1098 5837 1151 5889 ι,
1196 5823 1283 5878 53.
1317 5824 1360 5855 ⁷⁵
1397 5821 1547 5879 Juan.
1587 5827 1719 5890 1m,
1755 5820 1842 5877 10,
1920 5821 1963 5853 ⁷⁸
1999 5821 2149 5878 Joan.
2192 5837 2300 5887 xvi,
2334 5821 2414 5876 lii.
