4106 6474
187 425 273 478 185
1182 424 1554 484 Αονειιδυδ
1586 426 1737 481 ΝΕὸἹ

1816 427 1988 483 RIUM
2027 427 2151 483 LIB.
2194 428 2283 485 IV.

3295 436 3395 493 i86

186 537 294 605 φθὲν
330 537 478 605 άγιον
522 539 715 608 σῶμα·
753 540 881 592 ἴδιον
912 537 966 591 δὲ
1005 540 1162 593 πάλιν
1202 542 1367 594 αὑτοῦ
1410 544 1471 595 τὸ
1510 545 1730 613 Πνεῦμα

1834 554 1914 598 est
1949 545 2150 609 dicere,
2204 560 2400 614 corpus
2442 548 2656 615 quidem
2694 549 2950 617 templum
2982 562 3102 603 esse
3136 550 3291 605 Verbi
3340 562 3394 605 et

184 628 355 689 eximii,
400 628 492 680 καὶ
538 628 640 685 οὐκ
697 629 763 682 ἂν
798 632 965 682 νοοῖτο
1003 630 1218 685 πώποτε
1273 632 1394 701 δίχα
1449 633 1543 685 τοῦ
1596 635 1725 686 ίδίου

188 715 463 786 Ιίνεύματος
490 719 518 771 6
560 721 627 775 ἐκ
665 719 801 776 Θεοῦ
855 721 1064 790 Πατρδς
1101 721 1289 789 Λόγος.
1321 724 1580 793 Ἄμεινον
1632 720 1727 778 οὖν

183 811 269 877 ἄρα
303 810 389 861 καὶ
432 808 762 877 σοφώτερον,
810 812 935 865 ναὸν
971 812 1069 881 μὲν
1114 811 1208 865 τοῦ
1256 813 1429 882 Λόγου
1463 814 1523 866 τὸ
1568 816 1727 885 σῶμα

182 900 354 964 λέγειν,
381 900 473 952 καὶ
510 900 650 953 ἰδίαν
685 900 850 957 αὑτοῦ
880 901 976 972 τὴν
1001 902 1179 972 σάρκα
1198 918 1211 931 ο
1245 903 1519 956 πιστεύειν
1559 904 1615 956 δὲ
1643 905 1725 958 δτι

183 991 399 1043 σύνεστιν
442 992 529 1043 ἀεὶ
567 991 649 1062 τῷ
681 994 837 1061 Λόγῳ
865 993 926 1047 τὸ
976 992 1198 1062 Πνεῦμα
1234 993 1419 1058 αὐτοῦ,
1472 993 1725 1065 καθάπερ

180 1082 346 1150 ἀμέλει
390 1084 478 1134 καὶ
508 1082 661 1151 αὐτῷ
688 1082 765 1153 τῷ
801 1084 991 1153 Πατρί.
1019 1084 1133 1137 Οὐκ
1166 1084 1464 1154 ἀμώμητον
1494 1085 1550 1137 δὲ
1588 1086 1722 1156 πρὸς

176 1170 324 1239 τούτῳ
372 1171 533 1240 φαίην
576 1172 667 1237 ἂν,
708 1173 786 1239 τὸ,
828 1173 901 1235 ὡς
946 1174 1032 1224 ἐπ’
1074 1171 1360 1243 ἀνθρώπου
1408 1172 1586 1227 κοινοῦ
1625 1174 1722 1244 τὴν

176 1263 411 1331 ἀνάληψιν
457 1263 611 1333 αύτῷ
639 1266 737 1334 τὴν
768 1266 845 1327 είς
898 1264 1124 1337 οὐρανὸν
1170 1264 1506 1336 δεδωρῆσθαι
1540 1265 1721 1333 λέγειν

176 1352 304 1423 παρὰ
328 1352 416 1411 τοῦ
462 1354 811 1424 Πνεύματος·
844 1354 1159 1419 ἐπιλέκτους
1202 1357 1300 1427 μὲν
1336 1356 1443 1427 γάρ
1489 1357 1723 1409 ἐποιεῖτο

174 1446 277 1506 τοὺς
305 1444 544 1514 μαθητάς
573 1447 664 1499 διά
696 1446 790 1499 τοῦ
836 1447 995 1514 ἁγίου
1046 1447 1359 1516 Πνεύματος
1379 1487 1396 1511 ,
1445 1447 1719 1519 ἀνελήφθη

172 1555 223 1604 γε
252 1539 349 1607 μὴν
374 1539 446 1603 ὡς
469 1538 603 1602 Θεὸς
623 1556 639 1571 ο
666 1541 761 1609 οὐχ
792 1538 866 1603 ὡς
898 1541 1028 1609 παρ’
1056 1540 1243 1609 ἐτέρου
1269 1540 1419 1593 δοτδν
1445 1541 1507 1593 τὸ
1533 1541 1720 1611 χρῆμα

170 1628 326 1680 λαϐὼν
350 1644 361 1657 ·
415 1629 578 1693 αὐτὸς
628 1629 685 1681 δὲ
722 1629 792 1700 δὴ
829 1630 1027 1699 μᾶλλον
1080 1630 1405 1701 πρωτόλειον
1437 1631 1627 1702 ὥσπερ
1667 1649 1720 1685 τι

168 1719 249 1788 τῆς
293 1719 639 1791 ἀνθρωπίνης
685 1722 898 1789 φύσεως
942 1722 1340 1792 άνανεωθείσης
1381 1724 1459 1787 είς
1502 1723 1715 1796 ἀφθαρ-

171 1814 272 1866 σίαν
301 1814 431 1882 (25),
454 1812 776 1883 ἐμφανίσων
806 1815 997 1867 ἐαυτὸν
1025 1813 1102 1884 τῷ
1127 1814 1246 1883 Θεῷ
1272 1814 1366 1865 καὶ
1397 1815 1591 1883 Πατρὶ,
1625 1815 1715 1867 καὶ

1829 635 2096 702 propriam
2140 635 2307 703 ipsius
2348 651 2611 691 carnem:
2654 640 2877 694 credere
2918 640 3045 693 item
3083 641 3179 709 ipsi
3219 642 3392 696 Verbo

1826 737 2038 791 semper
2094 725 2287 779 adesse
2337 724 2596 794 Spiritum
2640 727 2830 797 ipsius,
2877 739 2933 783 ut
2989 730 3151 783 etiam
3210 733 3391 800 procul

1827 812 1991 866 dubio
2037 811 2207 867 Patri.
2261 815 2342 868 Ad
2387 817 2499 871 bzee
2549 831 2721 885 neque
2765 818 2894 872 illud
2940 821 3152 886 quidem
3200 836 3393 876 vacare

1826 902 1979 970 culpa
2016 902 2268 968 dixerim,
2316 906 2460 974 quod
2498 913 2750 975 tanquam
2804 909 2869 963 de
2904 910 3175 964 communi
3210 911 3392 980 vulga-

1829 993 1982 1060 rique
2005 993 2220 1048 homine
2236 995 2332 1059 ait,
2361 998 2787 1065 assumptiouem
2810 999 2860 1052 in
2886 1002 3081 1053 coelum
3106 1000 3204 1069 ipsi
3227 1001 3390 1055 fuisse

1826 1083 1965 1137 dono
1992 1084 2170 1139 datam
2201 1100 2229 1138 a
2269 1085 2476 1154 Spiritu
2512 1105 2525 1139 :
2559 1102 2681 1141 nam
2711 1089 2871 1159 elegit
2903 1092 3119 1160 quidem
3148 1093 3390 1162 discipu—

1826 1171 1905 1227 los
1936 1188 2031 1242 per
2073 1172 2335 1243 Spiritum
2371 1186 2620 1231 sanetum
2644 1178 2712 1241 ",
2756 1180 2850 1233 sed
2881 1192 3192 1250 assumptus
3222 1192 3302 1237 est
3334 1192 3393 1236 ut

1824 1262 1987 1330 Deus,
2018 1277 2122 1318 non
2153 1265 2305 1333 quasi
2351 1280 2472 1320 eam
2509 1282 2621 1321 rem
2651 1269 2718 1321 ab
2742 1268 2847 1323 alio
2878 1271 3057 1323 datam
3102 1273 3388 1342 acceperit,

1822 1357 1915 1408 sed
1948 1363 2005 1407 ut
2034 1353 2147 1422 ipse
2186 1354 2363 1423 potius
2392 1356 2554 1411 veluti
2584 1357 2837 1426 primitiae
2864 1360 3105 1429 qumdam
3141 1361 3391 1417 humana

1822 1455 2028 1501 naturae
2058 1447 2111 1500 in
2147 1447 2606 1516 incorruptionem
2634 1459 2902 1505 renovatis
2940 1452 3177 1521 seipsum
3210 1462 3390 1508 osten-

1820 1536 1971 1592 deret
2012 1537 2121 1594 Deo
2150 1548 2205 1593 et
2238 1537 2405 1603 Patri,
2448 1547 2509 1593 et
2546 1540 2702 1594 nobis
2730 1540 2969 1595 initiaret
3007 1542 3147 1596 viam
3190 1559 3387 1598 novam

1819 1638 1871 1683 et
1925 1629 2232 1694 viventem,
2292 1630 2682 1701 ingredientem
2747 1633 2800 1686 in
2860 1633 3113 1687 interiora
3166 1634 3388 1689 velami-

1821 1722 1906 1778 nis
1926 1722 1995 1787 ⁷⁸,
2024 1739 2043 1774 ι
2076 1737 2184 1792 quo
2220 1736 2522 1790 pra‘eursor
2544 1737 2639 1792 pro
2667 1721 2818 1777 nobis
2861 1723 3135 1793 ingressus
3159 1739 3283 1780 esse
3309 1726 3388 1779 di-

1819 1815 1997 1879 citur,
2045 1813 2340 1869 secundum
2403 1814 2647 1869 ordinem
2702 1812 3091 1870 Melchisedech
3140 1814 3386 1886 pontifex

168 1904 276 1973 ἡμῖν
298 1874 628 1971 ἐγκαινίζων
646 1905 765 1957 ὁδὸν
795 1874 1104 1973 πρόσφατον
1130 1874 1228 1955 καί
1254 1902 1456 1967 ζῶσαν,
1486 1874 1587 1959 καὶ,
1609 1905 1717 1955 εἱσ-

1819 1904 1994 1957 factus
2040 1904 2091 1957 in
2141 1904 2492 1956 aeternum".
2528 1924 2547 1956 ι
2600 1904 2656 1958 1η
2704 1906 2979 1974 superiora
3022 1916 3203 1960 autem
3236 1910 3387 1964 eunti

164 1994 434 2062 ερχομένην
470 1995 551 2057 είς
596 1993 659 2046 τδ
717 1992 981 2063 ἐσώτερον
1039 1993 1133 2045 τοῦ
1186 1992 1713 2063 καταπετάσματος,

168 2085 320 2137 «ὅπου
348 2084 656 2155 πρόδρομος
681 2085 817 2154 ὑπὲρ
840 2083 996 2155 ήμῶν
1018 2084 1280 2138 εἰσελθεῖν
1308 2084 1544 2153 λέγεται,
1575 2085 1714 2138 κατὰ

163 2176 242 2244 τὴν
266 2176 410 2241 τάξιν
438 2176 775 2245 Μελχισεδὲκ
812 2177 1102 2248 ἀρχιερεὺς
1141 2177 1431 2245 γενόμενος
1460 2177 1539 2239 είς
1584 2176 1711 2239 τοὺς

164 2268 352 2329 αἰῶνας.
378 2286 396 2318 ι
430 2269 553 2321 ’Ότι
582 2268 640 2321 δὲ
671 2270 808 2337 πρὸς
834 2256 903 2321 ’ἔά
928 2267 1041 2322 ἄνω
1071 2267 1338 2337 βαδίζοντι
1364 2266 1442 2335 τῷ
1469 2266 1711 2336 Χριστῷ,

163 2358 299 2411 πάλιν
324 2358 628 2428 ἐνυπῆρχεν
649 2358 725 2420 ὠς
756 2358 885 2411 ῐδιον
911 2357 1075 2412 αὑτοῦ
1105 2358 1166 2409 τὸ
1191 2356 1415 2424 Πνεῦμα
1446 2356 1506 2409 τὸ
1533 2357 1710 2424 ἅγιον,

161 2446 240 2497 οὐκ
274 2445 334 2498 ἂν
362 2445 655 2501 ἐνδοιάσειέ
688 2463 793 2509 τις.
819 2446 942 2509 Πῶς
974 2443 1067 2499 οὗν
1102 2446 1165 2497 ού
1210 2445 1406 2509 δέδιας,
1436 2446 1554 2499 είπέ
1597 2463 1709 2516 μοι,

161 2538 310 2605 λέγειν
326 2537 553 2592 ἰΤοῦτο
579 2537 644 2609 δὴ
669 2537 731 2591 τὸ
754 2537 1083 2608 τηλικαύτην
1106 2537 1326 2609 Χριστῷ
1349 2538 1714 2610 χαρισάμενον

161 2630 311 2694 δόξαν,
330 2630 569 2698 Χριστοῦ
598 2631 1064 2695 κατασκευάζουσι
1093 2629 1331 2684 δοῦλον.ι
1364 2632 1426 2685 Oi
1461 2631 1559 2701 μὲν
1594 2630 1714 2685 δοῦ-

162 2720 234 2771 λον
262 2721 383 2774 αὐτὸ
407 2721 915 2785 κατασκευάζοντες
952 2722 1047 2779 τοῦ
1074 2721 1332 2793 Χριστοῦ,
1361 2722 1711 2777 δυσσεϐοῦσιν

160 2809 598 2878 ὁμολογουμένως,
625 2809 721 2862 καὶ
747 2808 909 2861 αὑτὸν
938 2808 1263 2879 ἀτιμάζουσι
1304 2809 1394 2862 τὸν
1423 2808 1710 2878 ὀμοούσιον

161 2900 285 2971 σύτῷ
324 2900 441 2970 Θεῷ
485 2900 683 2967 Λόγον,
724 2902 837 2961 τοῖς
867 2899 1258 2970 δουλοπρεπέσι
1293 2900 1709 2971 περιδάλλοντες

163 2990 350 3058 μέτροις
389 2990 452 3041 τὸ
485 2989 621 3059 παρ’
648 2988 813 3045 αὑτοῦ
855 3006 915 3042 τε
968 2989 1061 3042 καὶ
1099 2989 1157 3040 ἐν
1182 2988 1330 3059 αύτῷ
1359 2989 1707 3058 κατὰφύσιν,

158 3081 237 3132 καὶ
270 3080 391 3134 ἴδιον
423 3081 626 3135 αὐτοῦ’
656 3083 718 3135 τὸ
742 3081 799 3135 δὲ
844 3082 1162 3152 κεχαρίσθαι
1206 3081 1383 3151 λέγειν
1423 3083 1572 3153 αὐτῷ
1611 3083 1710 3153 τὴν

1817 1996 2035 2051 Christo
2063 1995 2247 2049 itidem
2288 1992 2526 2049 adfuisse
2555 1995 2814 2064 Spiritum
2849 2005 3093 2050 sanctum
3126 2006 3383 2068 tanquam

1819 2088 1988 2156 ipsius
2016 2086 2311 2156 proprium,
2346 2100 2505 2141 nemo
2537 2100 2772 2155 unquam
2804 2088 3061 2157 ambigat.
3092 2088 3203 2143 Cur
3229 2104 3381 2159 ergo,

1816 2179 1903 2232 die
1929 2176 2080 2242 mihi,
2106 2191 2212 2231 non
2250 2177 2485 2231 metuisti
2520 2176 2701 2231 dicere
2735 2194 2748 2231 :
2778 2194 2797 2227 ι
2820 2175 2972 2231 llunc
3004 2192 3133 2247 ergo
3153 2179 3243 2247 qui
3268 2189 3386 2233 lano

1820 2282 1926 2324 tam
1975 2270 2196 2326 Christo
2227 2270 2451 2339 largitus
2497 2279 2581 2325 est
2628 2269 2875 2338 gloriam,
2909 2269 3115 2324 Christi
3165 2285 3383 2325 servum

1815 2359 2088 2415 efﬁciunt?
2129 2379 2148 2411 ι
2184 2360 2319 2415 Nam
2347 2361 2437 2430 qui
2474 2361 2622 2416 illum
2661 2360 2866 2418 Christi
2915 2375 3128 2416 servum
3157 2360 3382 2427 faciunt,

1815 2468 1919 2506 non
1952 2453 2171 2507 dubium
2219 2462 2300 2506 est
2342 2453 2468 2521 quin
2505 2454 2613 2508 sint
2656 2454 2827 2522 impii,
2862 2463 2917 2507 et
2962 2454 3134 2522 ipsum
3167 2469 3383 2523 quoque

1815 2544 1889 2598 illi
1942 2544 2405 2599 cousubstantiale
2442 2543 2535 2597 Dei
2586 2542 2821 2597 Verbum
2866 2545 3216 2611 dedecorent,
3257 2561 3381 2599 cum

1815 2637 1964 2692 illum
1991 2636 2081 2706 qui
2114 2644 2197 2691 est
2219 2636 2287 2691 ab
2318 2637 2454 2705 ipso,
2485 2644 2537 2691 et
2568 2636 2621 2690 in
2645 2636 2762 2705 ipso
2789 2638 3085 2691 secundum
3110 2646 3381 2701 naturam,

1813 2738 1867 2783 et
1918 2729 2089 2797 ipsius
2142 2731 2413 2798 preprius,
2471 2728 2654 2784 servili
2701 2742 2953 2784 mensura
3001 2728 3380 2782 cireumdeut:

1813 2830 2181 2877 verumtamen
2219 2821 2318 2889 ipsi
2359 2836 2388 2873 a
2418 2819 2625 2889 Spiritu
2663 2820 2803 2873 dono
2840 2819 3021 2873 datam
3066 2819 3233 2873 fuisse
3270 2821 3384 2888 glo-

1814 2915 1947 2968 riam
1996 2914 2200 2978 dicere,
2251 2923 2508 2969 extremae
2546 2912 2790 2967 stultitia:
2831 2913 3088 2967 indicium
3134 2922 3215 2967 est
3266 2915 3379 2967 evi-

1811 3004 1963 3057 dens.
2008 3003 2085 3056 Ac
2123 3002 2482 3071 nequidquam
2523 3001 2580 3055 in
2608 3001 2709 3055 hue
2742 3008 2970 3063 nugatus
3000 3013 3118 3055 esse
3154 3002 3380 3069 depren-

1813 3093 1981 3157 deris,
2024 3102 2078 3147 et
2116 3093 2233 3162 ejus
2275 3094 2350 3147 rei
2390 3093 2705 3163 mysterium
2758 3091 2981 3146 minime
3029 3090 3379 3153 intellexisse,

157 3171 288 3235 δέξαν
308 3174 456 3243 παρά
474 3174 578 3227 τοῦ
599 3171 931 3241 Πνεύματος,
947 3172 1272 3243 άὸελτηρίας
1294 3176 1409 3226 ἐστὶ
1433 3173 1533 3241 τῆς
1552 3176 1710 3242 ἐσχά-

1817 3187 1927 3238 imo
1960 3200 2089 3239 vero
2120 3185 2214 3239 tibi
2259 3185 2356 3253 ipsi
2391 3194 2448 3240 et
2496 3184 2722 3246 sentire,
2774 3193 2828 3237 et
2871 3183 3051 3238 dicere
3084 3184 3377 3236 contraria.

155 3277 236 3331 της
262 3264 527 3329 ἀπόδειξις
561 3263 813 3333 ἐναργής.
846 3264 980 3334 Είκῆ
1008 3264 1065 3317 δέ
1093 3264 1275 3335 ἁλώσῃ
1304 3262 1704 3334 πεφλυαρηκὼς

1814 3276 1944 3330 Nam
1998 3275 2042 3330 si
2090 3276 2268 3330 credis
2306 3276 2483 3344 ipsum
2539 3275 2799 3340 Verbum,
2848 3289 2969 3328 cum
3025 3274 3166 3328 Deus
3210 3283 3376 3338 esset,

156 3357 202 3405 ἐν
226 3356 403 3425 τούτῳ,
449 3356 546 3408 καὶ
581 3354 642 3407 τὸ
670 3352 756 3407 ἐπ’
780 3353 928 3423 αύτῷ
960 3356 1259 3426 μυστήριον
1289 3356 1350 3408 ού
1398 3355 1667 3424 νενοηκὼς
1688 3374 1701 3386 ·

158 3448 331 3513 μᾶλλον
349 3449 403 3501 δὲ
422 3446 609 3517 σαυτῷ
630 3447 727 3501 καὶ
744 3446 954 3517 φρονῶν
979 3448 1073 3500 καὶ
1101 3447 1274 3516 λέγων
1295 3448 1362 3501 τὰ
1384 3447 1620 3501 ἐναντία.
1642 3449 1703 3501 Εἰ

155 3539 244 3609 γάρ
283 3540 654 3602 πεπίστευκας
678 3541 760 3591 δτι
794 3537 926 3602 Θεὸς
958 3538 1035 3591 ὢν
1064 3542 1092 3593 6
1123 3540 1290 3606 Λόγος
1322 3540 1509 3607 γέγονε
1541 3538 1701 3606 σάρξο

154 3631 296 3683 αὑτοῦ
327 3631 432 3703 γάρ
462 3631 606 3701 ἐφης
634 3626 775 3683 εἶναι
801 3630 900 3700 τὴν
931 3630 1357 3699 ιάνθρωττότητα⁸
1387 3630 1439 3682 τί
1474 3630 1565 3682 τὸν
1604 3630 1705 3698 τῆς

153 3723 281 3790 δόξης
315 3722 541 3795 Κύριον,
571 3721 645 3782 ὡς
678 3721 777 3772 οὐκ
808 3720 1001 3790 ἔχοντα
1031 3719 1189 3784 δόξαν
1225 3721 1384 3783 ίδίαν,
1422 3721 1519 3789 τῆς
1553 3719 1704 3789 παρὰ

151 3812 228 3863 τοῦ
256 3814 566 3885 Πνεύματος
597 3812 879 3884 δεδεῆσθαι
914 3814 1017 3883 φὴς
1037 3852 1052 3875 ,
1096 3812 1192 3866 καὶ
1230 3813 1288 3864 ἐν
1326 3815 1438 3874 τοῖς
1468 3812 1565 3882 τῆς
1593 3812 1707 3864 κτί-

152 3918 266 3967 eam;
301 3902 637 3973 καταλογίζῃ
674 3904 913 3973 μέτροις,
1005 3904 1181 3957 πάντα
1210 3902 1359 3955 ἐστὶν
1392 3902 1593 3965 ἔξωθεν
1638 3902 1704 3956 τὰ

152 3990 225 4060 [io
267 3993 462 4059 ἔξωθέν
488 3991 579 4063 τε]
616 3994 707 4045 καὶ
735 3992 895 4059 δοτά;
928 4011 945 4043 ι
978 3993 1042 4045 Τί
1073 3992 1183 4063 γάρ
1218 3992 1383 4063 ἔχεις,
1407 3992 1436 4045 ὃ
1459 3993 1559 4045 ούκ
1583 3992 1707 4046 ἐλα-

150 4083 243 4147 εες,
270 4105 286 4135 ι
314 4086 518 4154 πρέποι
544 4083 610 4138 ἂν
632 4084 862 4145 ἀκοῦσαι
884 4087 949 4155 τῇ
974 4084 1168 4137 κτίσει.
1197 4084 1356 4137 Ἀλλὰ
1378 4084 1489 4146 ναὶ,
1518 4086 1702 4153 φησὶν,

151 4179 357 4246 ειρίσκω
384 4178 621 4246 λέγοντα
662 4178 754 4229 τὸν
790 4176 1160 4247 Ἐμμανουήλ⁹
1190 4195 1209 4228 t
1250 4176 1453 4245 Πάτερ,
1482 4175 1706 4242 δόξασόν

151 4286 226 4322 σου
256 4271 340 4323 τὸν
374 4272 527 4325 Υίὸν.
562 4290 578 4321 ι
613 4269 844 4333 Οὐκοῦν,
876 4270 1159 4341 προστίθει
1198 4269 1259 4322 τὸ
1300 4270 1510 4322 λεῖπον·
1549 4268 1706 4322 τοῦτο

149 4363 191 4411 δέ
214 4363 367 4427 ἐστιν,
404 4384 422 4415 ι
453 4364 581 4416 ἰνα
619 4362 711 4413 καὶ
737 4363 765 4414 6
794 4361 919 4424 Υίὸς
960 4378 1054 4414 σου
1092 4358 1291 4431 δοξάσῃ
1328 4377 1407 4413 σε.
1437 4379 1456 4412 ι
1508 4362 1569 4413 El
1606 4360 1705 4429 μὲν

148 4452 208 4511 ὡς
242 4452 387 4523 δόξης
434 4452 631 4508 ἐπιδεᾶ
675 4451 773 4521 τῆς
810 4452 960 4522 παρὰ
997 4453 1206 4523 [ἰατρὸς
1254 4451 1499 4521 ἐφίεσθαι
1546 4451 1701 4519 δόξης

1809 3369 2008 3423 factum
2036 3382 2160 3422 esse
2185 3381 2403 3422 carnem
2434 3366 2625 3437 (ipsius
2655 3366 2795 3420 enim
2837 3380 2958 3419 esse
2990 3365 3378 3419 humanitatem

1807 3455 2051 3525 dixisti),
2106 3470 2205 3509 cur
2262 3456 2407 3507 illum
2459 3456 2643 3523 gloriae
2692 3454 3015 3519 Dominum,
3067 3455 3219 3522 quasi
3271 3470 3378 3509 non

1810 3548 2004 3601 habeat
2034 3561 2208 3610 suam,
2234 3544 2404 3614 gloria
2434 3562 2462 3598 a
2496 3545 2700 3613 Spiritu
2728 3546 2850 3599 data
2874 3548 3010 3600 dicis
3044 3547 3340 3615 indiguisse
3360 3589 3374 3607 ,

1806 3649 1859 3692 et
1899 3652 2022 3693 eum
2076 3637 2220 3691 intra
2270 3651 2557 3691 mensuras
2604 3645 2885 3705 computas
2922 3648 3205 3702 creatura,
3254 3653 3375 3705 quae

1808 3725 1987 3780 omnia
2027 3726 2373 3780 extrinsecus
2415 3726 2600 3791 habet,
2630 3737 2791 3792 atque
2822 3726 3060 3780 donata?
3097 3726 3377 3782 Creatura

1808 3833 2039 3886 namque
2068 3816 2258 3872 audire
2295 3816 2553 3871 convenit
2581 3832 2597 3872 :
2633 3834 2652 3867 ι
2683 3817 2825 3883 Quid
2856 3818 3002 3871 enim
3046 3819 3210 3871 habes
3230 3820 3373 3887 quod

1808 3923 1913 3962 nou
1950 3908 2202 3975 accepisti
2222 3908 2309 3961 “7
2336 3927 2355 3959 ι
2398 3908 2468 3962 At
2496 3908 2665 3972 enim,
2705 3908 2901 3978 inquit,
2951 3910 3161 3976 reperio
3201 3911 3372 3978 ipsum

1806 3997 2121 4052 Emmanuel
2174 3998 2446 4055 dicentem
2506 4015 2520 4051 :
2577 4015 2597 4048 ι
2632 3996 2829 4063 Pater,
2885 3998 3123 4067 gloi-iliea
3184 3999 3375 4054 Filium

1809 4102 1997 4156 tuum;
2030 4109 2048 4143 ι
2104 4104 2235 4158 ergo
2287 4089 2457 4156 adiice
2507 4090 2797 4154 reliquum,
2850 4092 2953 4145 hoc
2992 4100 3075 4145 est
3107 4110 3118 4141 .-
3156 4110 3174 4141 ι
3214 4091 3280 4147 Ut
3323 4103 3379 4147 et

1806 4183 1972 4236 Filius
2022 4193 2143 4235 tuus
2188 4181 2452 4251 gloriﬁeet
2498 4190 2547 4236 te
2568 4182 2637 4236 ⁸-⁸.
2671 4202 2689 4234 ι
2726 4183 2881 4251 107
2910 4182 3040 4235 Nam
3090 4184 3133 4236 si
3182 4182 3375 4236 Filium

1805 4275 1956 4345 quasi
1999 4274 2181 4343 gloria:
2230 4275 2581 4342 indigentem,
2629 4290 2658 4327 a
2713 4274 2875 4328 Patre
2913 4284 3104 4341 Optare
3149 4274 3375 4340 gloriam

1806 4368 2065 4430 allirmas,
2109 4366 2236 4435 quid
2280 4366 2494 4420 tandem
2527 4367 2675 4421 dices
2708 4382 2829 4421 eum
2875 4366 3205 4436 gloriﬁcatur
3233 4367 3374 4422 idem

1808 4462 1965 4517 Pater
2004 4478 2033 4514 a
2088 4460 2259 4515 Filio?
2290 4459 2425 4514 Num
2472 4461 2542 4513 ita
2583 4459 2938 4529 gloriﬁcatur,
2967 4460 3119 4529 quasi
3148 4461 3375 4529 gloriam

146 4542 422 4615 διισχυρίζη
478 4544 575 4595 τὸν
604 4543 753 4608 Υἰὸν,
804 4543 859 4595 τί
916 4559 1045 4596 ποτε
1080 4543 1187 4612 ἄρα
1222 4542 1348 4612 φὴς,
1374 4543 1501 4595 ὅταν
1550 4541 1702 4605 δοξά-

1814 4572 1911 4608 non
1948 4552 2165 4616 habeat,
2197 4562 2289 4606 aut
2318 4553 2385 4605 ab
2419 4552 2527 4604 alio
2552 4550 2655 4605 sibi
2688 4551 2850 4604 tribui
2893 4550 3169 4618 indigeat?
3195 4551 3377 4619 Apage

150 4644 281 4697 θηται
314 4635 405 4687 καὶ
432 4632 599 4695 αὐτὸς
634 4636 661 4686 6
694 4633 881 4704 Πατὴρ
908 4634 1065 4706 παρὰ
1086 4634 1178 4691 τοῦ
1212 4634 1363 4697 nos,
1394 4631 1483 4702 ἆρ’
1510 4634 1583 4695 ὡς
1615 4632 1700 4685 δάε

147 4718 222 4781 ειν
246 4724 337 4777 οὐκ
376 4724 549 4793 ἔχων,
581 4723 613 4793 ἢ
646 4724 741 4794 τῆς
773 4724 901 4795 παρ’
920 4726 1107 4797 ἐτέρου
1136 4725 1487 4797 δεδεημένος;
1520 4725 1700 4807 ἇτπαγε

144 4814 223 4881 τῆς
254 4815 610 4879 δυσὸουλίας·
653 4816 904 4888 τερθρείαν
954 4818 1063 4889 γὰρ
1104 4820 1203 4889 ήδη
1246 4821 1403 4872 ταυτὶ
1437 4818 1531 4871 καὶ
1578 4819 1702 4871 ἀνο-

144 4905 302 4975 cndu};
330 4907 580 4973 ἐννοιῶν,
614 4910 705 4961 καὶ
729 4909 916 4978 ἕτερον
938 4903 1111 4964 οὐδέν.
1149 4910 1213 4964 Ἦ
1240 4912 1336 4980 μὲν
1362 4912 1468 4982 γὰρ
1494 4910 1612 4964 θεία
1639 4927 1698 4962 τε

146 4998 217 5045 xit
240 5001 338 5053 τῶν
359 5000 505 5053 ὅλων
532 5001 786 5055 ἐπέκεινα
815 5002 1049 5071 φύσεων,
1080 5003 1193 5073 φῶς
1218 5004 1509 5075 ἀπρόσιτον
1536 5004 1697 5067 οίκεί,

144 5088 217 5138 καὶ
250 5091 661 5157 κατεξουσιάζει
685 5092 793 5145 τῶν
833 5083 989 5157 ὅλων,
1025 5096 1299 5162 καὶδόξαν
1330 5096 1567 5165 ἀνῆπται
1600 5096 1697 5166 τὴν

140 5178 256 5249 αὐτῇ
280 5201 333 5236 τε
362 5183 464 5236 καὶ
494 5182 629 5254 μόνῃ
660 5186 1113 5257 πρεπωδεστάτην
1136 5206 1148 5219 ·
1176 5188 1361 5259 ἐπειδὴ
1387 5189 1441 5241 δὲ
1474 5188 1694 5257 γέγονεν

195 5357 366 5434 "ﬁet.
392 5380 431 5426 ι,
459 5363 494 5416 Ξ).
546 5381 693 5434 seqq.

144 5440 206 5493 ti,
232 5431 310 5483 ili.

773 5367 815 5397 ⁷⁸
845 5366 1005 5422 llebr.
1042 5384 1095 5434 x,
1125 5370 1194 5424 ‘20
1225 5384 1355 5437 seqq

1453 5369 1498 5398 '°
1532 5368 1691 5422 llebr.
1739 5383 1810 5427 vt,
1841 5368 1929 5421 ‘20.
2015 5367 2059 5397 "
2090 5366 2107 5419 l
2136 5366 2256 5420 Cor.
2299 5381 2369 5431 tv,
2406 5366 2452 5417 7.
2532 5367 2572 5395 ’“
2604 5363 2759 5420 Juan.
2802 5382 2931 5430 xvn,
2969 5366 3013 5417 ί.

1808 4645 1874 4696 ab
1912 4643 2015 4697 isto
2058 4641 2199 4695 malo
2236 4640 2464 4695 consilio
2498 4658 2510 4692 :
2543 4656 2697 4707 nugas
2729 4650 2855 4694 sunt
2908 4641 3041 4703 haec,
3076 4649 3128 4694 et
3173 4642 3377 4706 cogita-

1811 4740 2012 4789 tionum
2048 4733 2317 4801 impietas,
2350 4732 2492 4785 aliud
2528 4742 2791 4800 praeterea
2830 4731 2982 4784 nihil.
3020 4730 3149 4785 Nam
3193 4732 3374 4784 divina

1812 4826 1899 4878 illa
1939 4832 1995 4877 ct
2047 4824 2189 4877 ultra
2236 4836 2424 4876 omnes
2499 4821 2634 4875 alias
2678 4832 2902 4874 naturas
2947 4821 3117 4874 lucem
3157 4822 3374 4889 quidem

1812 4915 2020 4969 habitat
2067 4910 2585 4975 inaccessibilem",
2634 4919 2687 4965 et
2738 4911 3047 4964 dominatur
3085 4912 3371 4975 universis,

1804 5014 1857 5058 et
1889 5002 2056 5073 gloria
2092 5012 2177 5057 εει
2204 5001 2399 5055 amicta
2438 5000 2538 5069 ipsi
2578 5016 2638 5054 ae
2686 4999 2783 5053 soli
2814 4999 3193 5053 decentissima
3225 5016 3240 5052 :
3280 5000 3375 5053 sed

1803 5095 1927 5163 quia
1962 5092 2294 5161 unigenitum
2328 5091 2419 5147 Dei
2454 5091 2687 5146 Verbum
2730 5090 2935 5146 factum
2977 5101 3062 5143 est
3100 5092 3280 5155 homo,
3320 5102 3376 5143 et

1804 5187 1973 5250 gratia
2010 5186 2099 5238 Dei
2130 5199 2223 5253 per
2252 5198 2469 5238 carnem
2517 5199 2667 5237 suam
2704 5199 2799 5251 pro
2849 5183 3097 5234 omnibus
3146 5192 3371 5233 mortem

3096 5366 3135 5394 ⁸²
3169 5362 3187 5415 l
3230 5361 3370 5416 Titii.

1381 5592 1537 5649 ΑΝΤ.
1582 5590 1853 5649 AGELLll
1890 5592 2119 5651 NOTAE.

200 5747 307 5813 (233‘)
339 5749 472 5806 Fere
507 5750 698 5805 iisdem
738 5751 917 5807 verbis
943 5752 1129 5808 Latine
1172 5754 1307 5807 dixit
1348 5754 1536 5807 beatus
1564 5754 1689 5805 Am-

166 5819 359 5877 brosius
390 5839 401 5873 :
454 5822 677 5885 Sacrum
708 5838 893 5876 mimus
932 5840 1023 5888 pio
1070 5827 1325 5893 erunibus,
1356 5833 1403 5879 et
1434 5826 1579 5891 quasi
1619 5839 1700 5877 rea

1801 5762 1998 5833 parate:
2025 5754 2262 5823 qua‘dam
2292 5753 2397 5810 liba
2439 5762 2659 5805 natant.
2689 5749 2851 5806 Libro
2889 5753 2948 5805 de
2989 5752 3092 5821 ﬁde
3141 5766 3372 5807 resurre-

1808 5834 2013 5878 CUUIHS.
