4104 6478
674 422 774 480 187

1661 421 1719 475 S.
1763 417 2036 475 CYRILLI
2089 415 2561 474 ALEXANDRINI
2598 416 2916 474 ARCIIIEP.

3816 421 3927 477 188

672 544 791 589 erat
815 544 1174 607 gustaturum,
1206 546 1259 591 et
1291 537 1545 604 templum
1594 546 1749 592 suum
1790 548 1846 593 ut
1876 538 2016 592 Deus
2053 538 2229 591 viviti-

2370 537 2612 606 νορωπος
2649 539 2678 590 ὸ
2711 536 3009 607 μονογενὴς
3053 535 3151 589 τοῦ
3197 536 3339 591 Θεοῦ
3386 538 3561 605 Λόγος
3583 577 3598 604 ,
3630 537 3826 609 ἔμελλέ
3860 558 3929 592 τε

675 629 869 687 cando,
914 628 1101 681 mortis
1137 627 1551 699 inexpugnabile
1586 630 1748 682 robur
1773 643 2106 691 eversurum,
2144 628 2243 681 οι)-

677 717 1090 785 tenditquidem
1128 732 1342 785 precem
1380 726 1437 771 ut
1478 717 1659 782 homo,
1699 727 1753 771 et
1800 717 2107 771 consentire
2139 716 2240 769 sibi

682 804 893 861 Patrem
922 815 1092 875 optat,
1121 821 1270 861 suam
1308 808 1476 876 ipsius
1513 817 1760 863 naturam
1804 808 1856 859 in
1889 821 2010 859 eum
2041 812 2241 859 statum

679 896 1081 953 transformanti
1110 914 1217 968 quo
1254 900 1403 968 prius
1428 910 1567 962 erat,
1600 908 1653 953 et
1687 898 1753 950 ad
1781 896 2242 962 incorruptionem

683 989 981 1049 renovanti,
1021 1000 1075 1044 et
1105 992 1293 1045 mortis
1333 992 1543 1059 laqueis
1573 990 1932 1057 potentiorem
1978 986 2240 1051 reddenti,

680 1079 854 1132 soluta
887 1080 1093 1136 scilicet
1130 1083 1296 1137 veteri
1337 1082 1736 1144 maledictione,
1768 1080 2115 1148 vindictaque
2156 1076 2241 1130 illa

682 1184 800 1235 quae
834 1170 1061 1238 primum
1109 1171 1338 1226 formato
1382 1172 1585 1226 homini
1628 1171 1803 1225 fuerat
1845 1171 2103 1238 irrogata.
2139 1168 2245 1237 lgi-

685 1267 770 1311 tur
801 1260 925 1328 quia
961 1261 1123 1315 etiam
1156 1264 1279 1317 dum
1318 1264 1602 1317 videturin
1638 1278 1820 1327 carne,
1866 1272 2060 1314 natura
2096 1274 2245 1314 vere-

672 1355 787 1417 “que
816 1349 985 1406 Filius
1016 1352 1105 1407 Dei
1137 1368 1258 1408 esse
1294 1356 1613 1423 prmdicatur
1642 1372 1656 1408 :
1688 1371 1707 1405 ι
1737 1353 2012 1416 Glorilica,
2050 1352 2242 1421 inquit,

684 1451 852 1505 tuum,
884 1458 917 1497 ο
946 1444 1123 1508 Pater,
1169 1445 1378 1508 Filium,
1408 1465 1425 1496 ι
1464 1455 1714 1515 tanquam
1750 1445 2043 1510 hominem,
2074 1452 2246 1498 morte

681 1536 1135 1605 corruptioneqne
1181 1538 1534 1606 potentiorem
1576 1537 1827 1602 reddens,
1862 1545 1921 1590 ut
1960 1545 2080 1591 tuus
2125 1549 2246 1590 esse

680 1626 958 1692 credatur,
993 1642 1113 1680 cum
1159 1630 1229 1682 sit
1267 1628 1372 1681 vita
1408 1643 1502 1697 per
1536 1638 1781 1683 naturam
1815 1638 1872 1683 ut
1910 1628 2069 1692 Deus,
2100 1626 2245 1696 quod

682 1711 748 1764 ad
794 1713 1025 1781 propria:
1075 1726 1280 1769 natura
1332 1718 1593 1771 rationem
1646 1719 1840 1771 attinet
1885 1735 1899 1771 :
1946 1726 2056 1771 tum
2100 1716 2244 1771 enim

684 1801 797 1868 ipse
823 1818 1035 1873 quoque
1066 1806 1230 1861 Filius
1268 1818 1317 1861 te
1352 1808 1694 1876 gloriﬁcabit.
1727 1808 1923 1863 Gloriae
1954 1822 2139 1863 revera
2163 1817 2247 1863 est

2341 628 2524 697 χάριτι
2558 627 2692 680 Θεοῦ
2726 628 2813 681 διὰ
2838 629 2935 697 τῆς
2972 627 3106 691 ίδίας
3146 630 3346 701 σαρκὸς
3376 631 3517 702 ὑπὲρ
3550 634 3752 693 παντὸς
3786 633 3926 698 γεύ-

2342 718 2537 771 σασθαι
2579 717 2827 780 θανάτου,
2870 720 2964 769 καὶ
3014 719 3345 790 δυσάντητον
3392 720 3554 773 αὑτοῦ
3619 722 3934 792 παραλύειν

2343 810 2560 877 κράτος,
2593 808 2933 879 ζωοποιήσας
2962 810 3036 871 ὠς
3063 809 3194 873 Θεὸς
3222 810 3312 863 τὸν
3344 811 3473 864 ῐδιον
3499 811 3645 875 ναὸν,
3677 814 3932 882 σκήπτε-

2340 917 2429 950 ται
2465 899 2564 969 τὴν
2606 898 2769 968 εὐχὴν
2818 899 2891 961 ὡς
2932 899 3250 971 ἄνθρωπος,
3298 902 3392 953 καὶ
3434 903 3823 973 συνευὼκῆσαι
3870 903 3930 955 οἱ

2345 990 2592 1060 βούλεται
2624 990 2712 1042 τὸν
2762 990 2998 1060 Πατέρα.
3040 991 3139 1062 τήν
3171 991 3336 1045 αὑτοῦ
3373 992 3534 1061 φύσιν
3578 995 3928 1063 μετασκευά-

2342 1082 2487 1146 ζοντι
2512 1082 2647 1150 πρὸς
2669 1082 2729 1135 τὸ
2754 1083 2847 1135 ἀπ’
2868 1083 3064 1152 ἀρχῆς,
3089 1084 3185 1137 καὶ
3212 1083 3530 1137 ἀνανεοῦντι
3557 1085 3692 1155 πρὸς
3709 1086 3935 1155 ἀφθαρ-

2345 1174 2485 1238 σίαν,
2508 1175 2601 1227 καὶ
2626 1174 2733 1227 τῶν
2754 1175 2845 1227 τοῦ
2870 1174 3101 1227 Θανάτου
3129 1174 3343 1245 βρόχων
3364 1175 3716 1244 ἀποφαίνοντι
3744 1176 3933 1245 κρείτ-

2342 1282 2470 1319 τονα
2488 1281 2502 1295 ο
2532 1265 2830 1335 λελυμένης
2854 1264 3095 1332 δηλονότι
3128 1266 3225 1335 τῆς
3253 1267 3486 1336 ἀρχαίας
3512 1267 3730 1335 ἐκείνης
3756 1267 3929 1336 ἀρᾶς,

2344 1355 2439 1407 καὶ
2467 1354 2567 1422 τῆς
2598 1354 2688 1406 ἐπὶ
2711 1355 2789 1423 τῷ
2823 1353 3238 1423 πρωτοπλάστῳ
3264 1354 3439 1425 δίκης.
3471 1355 3678 1407 Οὐκοῦν
3712 1354 3933 1424 ἐπειδήο

2346 1460 2451 1514 περ
2493 1444 2588 1497 καὶ
2634 1446 2692 1497 ὲν
2734 1444 2899 1514 σαρκὶ
2952 1442 3375 1513 καθορώμενος,
3424 1444 3549 1507 Υἱὸς
3594 1439 3731 1496 εἶναι
3782 1443 3932 1495 Θεοῦ

2347 1534 2673 1604 κηρύττεται
2723 1533 2882 1602 φύσει
2929 1550 2989 1585 τε
3046 1534 3139 1586 καὶ
3172 1532 3434 1603 ἀληθείᾳ,
3482 1550 3500 1584 t
3532 1533 3763 1599 Δόξασόν
3802 1550 3930 1595 σου,

2347 1628 2531 1695 φησὶν,
2569 1621 2613 1677 ὧ
2644 1625 2844 1694 Πάτερ,
2892 1623 2984 1677 τὸν
3018 1624 3163 1689 Υίὸν,
3184 1642 3201 1675 ι
3244 1623 3321 1687 ὡς
3351 1624 3654 1697 ἄνθρωπον,
3693 1624 3789 1677 καὶ
3823 1623 3930 1675 θα-

2346 1718 2503 1769 νάτου
2537 1716 2840 1787 κρείττονα,
2872 1718 2965 1769 καὶ
2992 1717 3195 1786 φθορᾶς
3217 1716 3525 1786 ἀποφήνας,
3554 1717 3641 1770 ἴνα
3668 1717 3755 1778 σὸς
3780 1712 3931 1767 εἶναι

2350 1808 2691 1878 πιστεύηται,
2718 1808 2831 1878 ζωὴ
2861 1809 2999 1862 κατὰ
3026 1808 3186 1876 φύσιν
3215 1806 3475 1879 ὑπάρχων
3498 1807 3573 1871 ὡς
3598 1807 3748 1870 Θεὸς,
3778 1808 3931 1859 κατὰ

685 1892 793 1947 Dco
839 1909 903 1948 ac
953 1894 1120 1963 Patri,
1166 1900 1289 1952 dum
1341 1916 1369 1954 a
1418 1901 1573 1955 nullis
1632 1901 1872 1956 creditur
1921 1900 2065 1970 quod
2118 1914 2242 1953 cum

2368 1917 2412 1969 τε
2440 1900 2531 1952 τὸν
2575 1901 2674 1969 τῆς
2708 1899 2845 1964 ἰδίας
2892 1900 3107 1969 φύσεως
3138 1900 3331 1968 λόγον’
3365 1898 3489 1951 τότε
3527 1897 3634 1969 γάρ
3671 1915 3729 1950 σε
3764 1898 3863 1949 καὶ
3900 1900 3933 1950 ὁ

686 1984 824 2039 Dens
858 1986 932 2040 sit
972 2002 1149 2050 verus,
1190 1998 1240 2044 et
1272 1992 1377 2044 vita
1418 2000 1472 2044 et
1504 1993 1797 2054 viviﬁcans,
1833 2005 2019 2060 parem
2047 1990 2147 2044 sibi
2179 2004 2245 2044 ac

685 2088 782 2142 per
810 2077 987 2130 omnia
1019 2079 1276 2144 similem,
1302 2081 1746 2149 iuell'abiliterque
1765 2090 1821 2137 et
1841 2095 2003 2149 supra
2029 2095 2245 2135 omnem

689 2165 1097 2235 intelligentiam
1144 2172 1327 2240 genuit
1374 2172 1593 2236 Filium,
1638 2172 1731 2243 qui
1777 2186 1883 2227 non
1923 2171 2026 2226 fuit
2071 2172 2248 2226 minor

685 2258 848 2311 ctiam
888 2273 1009 2313 cum
1053 2261 1104 2315 in
1144 2276 1310 2317 carne
1340 2271 1496 2318 natus
1530 2274 1635 2328 est,
1666 2262 1759 2318 sed
1796 2269 2139 2332 praestantem
2179 2258 2247 2313 il-

688 2346 791 2399 lam
834 2351 1208 2421 egregiamqne
1262 2354 1520 2408 naturalis
1569 2351 1865 2407 nobilitatis
1921 2350 2024 2406 sibi
2075 2349 2251 2405 insitae

689 2439 1143 2506 pulchritudinem
1191 2443 1453 2513 integram
1506 2445 1725 2499 omnino
1762 2442 2022 2507 servavit,
2069 2442 2143 2496 ita
2194 2449 2257 2496 ut

692 2532 805 2599 ipse
839 2546 1052 2601 quoque
1084 2534 1154 2590 sit
1192 2535 1323 2598 vita,
1359 2544 1542 2604 utpote
1568 2550 1633 2589 ex
1664 2534 1795 2600 vita,
1823 2544 1879 2589 et
1908 2534 2091 2589 omnia
2129 2547 2255 2604 pos-

691 2624 785 2684 sit,
829 2632 883 2678 et
923 2623 1040 2678 sine
1086 2624 1267 2680 labore
1296 2626 1558 2696 perﬁciat,
1606 2634 1658 2681 et
1691 2627 1772 2681 his
1803 2626 1894 2696 qui
1934 2633 2060 2680 sunt
2094 2625 2254 2678 morti

692 2712 1134 2784 corruptionique
1168 2717 1409 2779 obnoxii.
1453 2717 1913 2785 incorruptionem
1944 2716 2127 2770 donet.
2156 2713 2258 2783 lgi-

695 2813 781 2856 tnr
810 2805 970 2857 etiam
1016 2806 1060 2860 si
1090 2807 1381 2874 gloriﬁcari
1422 2809 1635 2863 dicatur
1679 2824 1707 2862 a
1740 2808 1900 2863 Patre
1935 2806 2125 2871 Filius,
2159 2806 2257 2860 hu-

698 2895 971 2949 manitatis
1022 2911 1325 2951 mensuram
1374 2908 1603 2967 reputa:
1640 2912 1707 2951 ne
1750 2906 1872 2966 post
1906 2897 2159 2950 unionem
2206 2893 2258 2947 in

697 2987 802 3039 duo
829 2985 1037 3041 dividas
1079 3002 1243 3041 unum
1288 2987 1585 3051 Christum,
1632 2997 1685 3042 et
1719 2988 1937 3052 Filium,
1972 2997 2027 3043 et
2074 2988 2260 3042 Domi-

701 3091 862 3140 num;
912 3079 1007 3131 sed
1061 3093 1224 3131 unum
1273 3078 1628 3147 eamdemque
1683 3078 1935 3134 similiter
1977 3090 2030 3135 et
2078 3080 2263 3149 gloria:

704 3165 984 3220 Dominum
1015 3178 1069 3221 et
1102 3166 1268 3222 Deum
1317 3168 1575 3236 intellige,
1608 3178 1659 3224 et
1691 3170 1915 3239 gloriam
1954 3172 2262 3225 humanitus

704 3259 1078 3327 accipientem.
1109 3259 1293 3328 Cogita
1327 3260 1470 3314 enim
1504 3261 1650 3314 illum
1678 3261 1781 3317 etsi
1814 3272 2004 3317 natura
2033 3278 2267 3331 vereque

709 3351 846 3405 Deus
892 3352 981 3414 sit,
1031 3362 1085 3407 ct
1128 3369 1225 3409 rex
1273 3354 1645 3409 universorum
1678 3371 1741 3411 ac
1769 3354 2047 3420 Dominus,
2091 3365 2268 3410 tamen

706 3444 1059 3498 constitutum
1120 3460 1241 3501 esse
1295 3460 1472 3523 regem
1523 3447 1667 3511 dici,
1718 3462 1841 3501 cum
1889 3447 2065 3502 factus
2112 3450 2272 3503 homo

710 3536 877 3591 nostri
935 3537 1126 3592 similis
1175 3538 1473 3591 bumiliavit
1519 3540 1791 3608 seipsum,
1822 3540 1983 3609 108
2003 3547 2056 3593 et
2100 3538 2273 3595 factus

708 3637 793 3681 cst
818 3629 1075 3683 obedicns
1109 3629 1216 3684 Deo
1244 3639 1299 3683 et
1326 3628 1469 3683 Patri
1494 3629 1561 3696 ⁸³,
1598 3640 1653 3684 et
1689 3631 1968 3684 nobiscum
2008 3630 2109 3684 sub
2136 3629 2273 3699 lege.

714 3721 868 3777 Nullo
906 3722 1070 3792 igitur
1101 3723 1259 3776 modo
1292 3737 1412 3791 quae
1437 3722 1824 3777 exinanitionis
1851 3736 2118 3776 mensurze
2144 3736 2278 3776 con—

713 3814 953 3878 veniunt,
1014 3813 1285 3881 sapientes
1338 3814 1582 3869 homines
1629 3822 1683 3868 et
1731 3814 1935 3883 peritos
1984 3821 2039 3867 et
2080 3814 2131 3866 in
2174 3813 2279 3868 ﬁde

714 3905 1064 3961 conﬁrmatos
1090 3906 1513 3971 conturbabunt,
1552 3907 1645 3961 scd
1678 3922 1743 3960 ex
1777 3906 1842 3960 iis
1874 3906 2006 3975 ipsis
2038 3915 2091 3961 et
2117 3904 2279 3961 simul

716 4014 779 4052 ex
823 3998 906 4051 his
936 4013 1055 4066 quae
1090 3998 1285 4052 divina:
1332 4007 1538 4052 natum
1578 3998 1931 4062 conveniunt,
1983 4001 2154 4064 ipsum
2196 3996 2285 4052 Fi-

719 4092 845 4141 lium
880 4089 1042 4143 Dcum
1087 4103 1209 4143 esse
1257 4089 1505 4143 eumdem
1546 4098 1600 4142 et
1648 4089 1920 4143 hominem
1965 4098 2283 4158 agnoscent.

722 4181 827 4235 Sed
881 4180 1026 4233 sanis
1072 4179 1253 4233 verbis
1298 4194 1401 4233 non
1446 4179 1740 4247 acquiescit
1762 4179 1833 4244 ⁸⁵,
1864 4188 1919 4234 et
1962 4181 2028 4233 ad
2055 4179 2289 4233 eli'rena-

725 4282 835 4324 tum
867 4271 1123 4341 impetum
1167 4271 1455 4325 admodum
1494 4286 1715 4339 pronus,
1753 4271 1918 4326 stulte
1951 4271 2051 4325 sibi
2086 4266 2286 4340 placet,

722 4372 777 4416 ct
804 4378 923 4431 quae
954 4362 1069 4431 ipse
1098 4372 1149 4417 et
1177 4362 1391 4431 quidem
1419 4364 1563 4417 solus
1581 4363 1907 4431 probat,sed
1930 4371 2073 4417 recte
2092 4363 2292 4417 habere

724 4454 1017 4518 existimat,
1049 4468 1111 4507 ea
1148 4454 1425 4509 sentienda
1464 4464 1649 4509 censet
1681 4472 1694 4508 :
1725 4455 1905 4523 perdit
1938 4455 2099 4508 etiam
2131 4455 2288 4520 alios,

2352 1992 2479 2055 Υἱὸς
2518 1990 2750 2058 δοξάσει.
2781 1990 2918 2056 Δόξα
2957 1990 3171 2062 ἀληθῶς
3208 1990 3287 2061 τῷ
3324 1988 3442 2059 Θεῷ
3473 1991 3567 2044 καὶ
3605 1990 3804 2059 Πατρὶ,
3841 1988 3932 2053 τὸ,

2353 2082 2704 2137 πιστεύεσθαι
2731 2082 2867 2152 πρὸς
2890 2082 3071 2153 ἡμῶν,
3094 2082 3178 2135 ὅτι
3203 2080 3335 2143 Θεὸς
3363 2080 3625 2151 ὑπάρχων
3651 2079 3934 2150 ἀληθινὸς,

2354 2177 2449 2228 καὶ
2483 2173 2627 2242 ζωὴ,
2670 2173 2765 2226 καὶ
2807 2171 3087 2238 ζωοποιὸς,
3134 2172 3247 2226 ἴσον
3288 2190 3349 2225 τε
3389 2172 3483 2224 καὶ
3525 2173 3707 2241 ὅμοιον
3750 2170 3953 2239 ἑαυτῷ,

2356 2264 2497 2317 κατὰ
2531 2264 2638 2316 πᾶν
2669 2261 2866 2327 ὁτιοῦν,
2912 2262 3235 2333 ἀποῤῥήτως
3264 2278 3327 2314 τε
3361 2262 3455 2313 καὶ
3484 2261 3623 2331 ὑπὲρ
3652 2259 3799 2323 νοῦν,
3834 2260 3937 2312 ὲκ-

2355 2356 2545 2409 τέτοκε
2583 2354 2675 2407 τὸν
2707 2355 2855 2416 Υίὸν,
2884 2354 2945 2418 ὃς
2972 2350 3039 2424 ἦν
3068 2356 3169 2407 οὐκ
3198 2355 3256 2407 ὲν
3292 2353 3470 2424 μείοσι
3489 2391 3505 2416 ,
3554 2352 3650 2406 καὶ⁵
3679 2353 3738 2404 ὲν
3767 2353 3944 2421 σαρκὶ

2358 2445 2468 2516 [Ion
2496 2444 2589 2497 καὶ
2622 2444 2704 2497 ὅτι
2751 2445 2809 2497 ὲν
2861 2441 3049 2514 σαρκὶ]
3100 2443 3327 2512 γέγονεν
3350 2457 3365 2472 ’
3398 2440 3535 2493 ἀλλά
3563 2439 3663 2509 τῆς
3704 2438 3943 2507 ἐνούσης

2360 2536 2508 2606 αύτῷ
2538 2536 2768 2605 φυσικῆς
2798 2536 3072 2603 εὐγενείας
3093 2576 3108 2600 ,
3157 2532 3528 2603 ἀᾶιαλώὸητον
3561 2530 3845 2592 παντελῶς
3873 2532 3945 2581 τὸ

2363 2627 2635 2699 ὑπερφυὲς
2665 2627 2761 2681 καὶ
2793 2626 3067 2697 ἐξαίρετον
3095 2623 3395 2688 διεσώσατο
3436 2622 3655 2688 κάλλος,
3686 2620 3801 2689 ζωὴ
3840 2622 3957 2675 καὶ

2362 2718 2522 2781 αὐτὸς
2554 2719 2813 2789 ὑπάρχων
2851 2716 2926 2780 ὡς
2969 2718 3032 2769 ὲκ
3067 2715 3231 2785 ζωῆς,
3275 2714 3455 2767 πάντα
3488 2728 3548 2765 τε
3597 2710 3796 2781 ίσχύων
3841 2710 3948 2762 xui.

2364 2810 2598 2879 ἀμογητὶ
2630 2807 2929 2878 κατορθῶν,
2954 2806 3045 2860 καὶ
3070 2808 3183 2868 τοῖς
3208 2804 3311 2858 ὑπὸ
3342 2804 3571 2858 θάνατον
3604 2802 3697 2855 καὶ
3723 2801 3945 2871 φθορὰν

2364 2903 2463 2972 τὴν
2480 2900 2781 2971 ἀφθαρσίαν
2797 2899 3157 2971 δωρούμενος.
3184 2896 3394 2950 Οὐκοῦν
3413 2897 3517 2949 κᾶν
3540 2896 3592 2948 εί
3613 2892 3947 2960 δοξάζεσθαι

2366 2994 2577 3062 λέγοιτο
2604 2992 2755 3063 παρά
2795 2990 2891 3048 τοῦ
2923 2991 3133 3061 [ἰατρὸς
3170 2992 3199 3043 ὁ
3228 2988 3385 3053 Υἱὸς,
3419 2986 3482 3040 τὸ
3512 2987 3613 3052 τῆς
3657 2984 3953 3056 ἀνθροιιτιιό⁴

2366 3102 2528 3154 τητος
2557 3081 2871 3149 ἀναλογίζου
2907 3079 3133 3150 μέτρον³
3168 3078 3242 3149 μὴ
3270 3076 3530 3146 διατέμῃς
3564 3077 3642 3137 είς
3670 3074 3763 3127 δύο
3804 3074 3957 3143 μετὰ

2369 3176 2467 3247 τὴν
2503 3175 2717 3239 ἕνωσιν,
2760 3173 2849 3225 τὸν
2883 3172 2981 3225 ἕνα
3020 3169 3254 3240 Χριστὸν
3280 3168 3373 3221 καὶ
3415 3168 3542 3221 Υίὸν
3582 3166 3677 3219 καὶ
3703 3164 3914 3235 Κύριον
3936 3181 3953 3196 ο

2368 3267 2482 3321 ἀλλ’
2510 3267 2605 3319 ἕνα
2641 3267 2734 3318 καὶ
2764 3264 2855 3316 τὸν
2888 3262 3052 3316 αὑτὸν
3081 3260 3281 3330 ὁμοίως
3328 3258 3441 3328 (26)
3462 3297 3477 3322 ,
3525 3258 3619 3309 καὶ
3654 3256 3752 3326 τῆς
3784 3255 3956 3326 δόξης

2371 3356 2573 3427 Κύριον
2615 3354 2710 3409 καὶ
2751 3352 2904 3416 Θεὸν,
2934 3352 3028 3405 καὶ
3054 3350 3212 3416 δόξαν
3242 3349 3532 3418 δεχόμενον
3563 3344 3952 3416 ἀνθρωπίνως.

2385 3448 2586 3501 Ἐννόει
2617 3449 2724 3517 γὰρ
2768 3447 2870 3509 ὅτι,
2920 3443 3098 3495 καίτοι
3137 3442 3297 3509 φύσει
3349 3457 3409 3493 τε
3444 3439 3691 3509 ἀληθείᾳ,
3725 3436 3861 3499 Θεός
3889 3453 3962 3490 τε

2376 3538 2469 3592 καὶ
2502 3537 2748 3608 βασιλεὺς
2774 3534 2881 3588 τῶν
2911 3534 3046 3587 ὅλων
3078 3532 3342 3601 ὑπάρχων
3386 3530 3481 3583 καὶ
3509 3527 3736 3599 Κύριος,
3769 3544 3963 3596 κεχει-

2382 3629 2711 3703 ροτονεῖσθαι
2747 3628 2966 3693 λέγεται
3001 3624 3273 3694 βασιλεὺς.
3321 3621 3409 3674 ὅτε
3446 3618 3566 3673 καθ’
3612 3619 3760 3687 ἡμᾶς
3791 3615 3964 3681 γενόι

2382 3738 2541 3792 μενος
2584 3721 2870 3791 ἄνθρωπος
2916 3714 3315 3770 τεταπείνωκεν
3348 3708 3559 3774 ἑαυτὸν,
3606 3708 3700 3761 καί⁸
3732 3705 3967 3774 γέγονεν

2382 3814 2622 3884 ὑπήκοος
2652 3812 2730 3881 τῷ
2764 3808 2883 3879 Θεῴ
2914 3808 3009 3861 καὶ
3042 3805 3234 3873 Πατρὶ,
3267 3803 3363 3855 καὶ
3413 3800 3527 3871 μεθ’
3554 3797 3709 3869 ἡμῶν
3737 3796 3842 3848 ὑπὸ
3873 3796 3969 3849 νό-

2386 3924 2503 3976 μον.
2534 3903 2833 3973 Θορυὸήσει
2864 3900 2928 3970 δὴ
2954 3892 3047 3953 οὖν
3091 3897 3213 3950 κατ’
3237 3893 3429 3947 οὐδένα
3460 3890 3661 3961 τρόπον
3699 3887 3829 3976 τοὺς
3872 3903 3971 3940 σο-

2385 3974 2515 4066 φούς
2545 4011 2605 4047 τε
2635 3991 2730 4045 καὶ
2762 3989 3153 4058 ἐπιστήμονας,
3187 3984 3282 4037 καὶ
3313 3980 3636 4052 ἱδρυμένους
3666 3978 3723 4029 ὲν
3750 3974 3966 4037 πίστει,

2385 4087 2453 4141 τά
2489 4089 2601 4149 τοῖς
2643 4085 2743 4154 τῆς
2786 4080 3070 4142 κενώσεως
3111 4076 3391 4149 πρέποντα
3444 4072 3696 4144 μέτροις’
3741 4066 3859 4122 ἀλλ’
3901 4066 3976 4131 ἐξ

2388 4176 2564 4231 αὐτῶν
2604 4192 2664 4229 τε
2692 4172 2850 4244 ὁμοῦ,
2880 4172 2974 4226 καὶ
3016 4170 3125 4223 τῶν
3161 4170 3227 4237 τῇ
3260 4166 3379 4234 θεία
3416 4162 3730 4234 πρεπόντων
3776 4158 3984 4226 φύσειι

2388 4267 2521 4320 Θεὸν
2564 4265 2692 4318 ὅντα
2724 4264 2815 4317 τὸν
2866 4260 3028 4315 αὑτὸν
3066 4261 3160 4313 καὶ
3196 4256 3481 4326 ἄνθρωπον
3532 4249 3980 4319 ὲπιγινώσκουσι,

2388 4360 2479 4412 τὸν
2510 4358 2657 4411 Υίόν.
2696 4355 2853 4408 Ἀλλά
2889 4353 2996 4423 γὰρ
3045 4348 3342 4418 ὑγιαίνουσι
3379 4345 3478 4416 μὲν
3511 4344 3572 4396 ού
3599 4341 3978 4413 προσέρχεται

2391 4448 2567 4514 λόγοις
2584 4463 2597 4476 ·
2620 4442 2996 4503 ἀπονενευκὼς
3017 4439 3074 4493 δὲ
3098 4436 3215 4489 λίαν
3239 4436 3319 4497 είς
3344 4434 3404 4486 τὸ
3430 4432 3666 4501 ὲξήνιον,
3690 4430 3980 4491 ἀσυνέτως

726 4560 847 4598 cum
894 4554 1093 4613 praeter
1135 4545 1222 4598 illa
1266 4561 1385 4614 qua:
1437 4546 1595 4611 dixit,
1650 4560 1810 4599 unum
1868 4546 2147 4599 Dominum
2201 4560 2264 4598 nu

2398 4536 2836 4609 περιαυτίζεται,
2880 4532 2974 4584 καὶ
3000 4530 3070 4583 τὰ
3102 4528 3248 4597 αὺτῷ
3282 4524 3378 4579 καὶ
3424 4523 3570 4614 μόνῳ
3602 4520 3865 4614 δοκοῦντά

727 4650 898 4691 strum
924 4634 1111 4691 Jesum
1143 4636 1415 4691 Christum
1460 4637 1512 4690 in
1544 4638 1647 4691 duo
1691 4636 1957 4699 dividens,
2004 4637 2164 4690 etiam
2199 4650 2295 4689 no-

728 4736 900 4780 strum
928 4727 1101 4795 ipsum
1129 4726 1368 4781 divinum
1397 4726 1712 4796 mysterium
1737 4725 2118 4791 calumniatur,
2151 4726 2203 4779 in
2230 4740 2294 4781 eo

730 4819 871 4888 quod
902 4828 1113 4873 recusat
1141 4819 1417 4873 nobiscum
1448 4817 1718 4883 confiteri,
1755 4816 2029 4872 Christum
2071 4834 2176 4871 non
2217 4818 2293 4871 si-

732 4912 935 4966 militer
988 4919 1151 4977 atque
1196 4927 1358 4964 unmn
1394 4927 1424 4965 e
1466 4911 1673 4965 sanctis
1715 4910 1993 4978 prophetis
2040 4920 2131 4964 aut
2162 4926 2295 4979 apo-

731 5000 886 5055 stolis
910 5008 965 5053 et
992 5000 1339 5069 evangelistis
1370 4998 1642 5053 Deiferum
1676 4998 1945 5052 hominem
1978 4998 2167 5063 fuisse,
2204 4998 2296 5053 sed

738 5091 901 5142 Deum
946 5090 1215 5143 hominem
1259 5090 1481 5156 factum,
1513 5104 1576 5143 ac
1609 5103 1733 5143 vere
1780 5090 2132 5158 participasse
2176 5104 2297 5143 car-

737 5196 859 5232 nem
911 5188 966 5233 ct
998 5180 1338 5247 sanguinem.
1377 5180 1467 5233 Sic
1509 5190 1689 5234 autem
1738 5195 1950 5232 rursum
1983 5178 2140 5244 dixit,
2175 5193 2296 5232 cum

739 5281 990 5339 tanquam
1024 5286 1087 5322 ex
1120 5283 1346 5339 persona
1387 5270 1587 5324 Christi
1619 5273 1777 5323 verba
1808 5276 2152 5338 proponeret:

2396 4631 2489 4683 καὶ
2518 4623 2575 4681 εὖ
2604 4625 2746 4696 ἔχειν
2773 4619 3161 4691 ύπειλημμένα
3194 4618 3411 4689 φρονεῖν
3439 4612 3604 4679 ἀξιοῖ.
3637 4612 3887 4666 Διόλλυσι
3911 4610 3981 4664 δὲ

2396 4724 2491 4774 καὶ
2521 4720 2607 4772 ἑτέ
2618 4735 2742 4790 ρους
2768 4715 2901 4785 πρὸς
2925 4709 3007 4776 οἷς
3033 4712 3139 4781 ἔφη
3166 4709 3372 4771 διῖστάς
3397 4708 3477 4769 είς
3500 4704 3593 4758 δύο
3618 4703 3710 4756 τὸν
3736 4703 3831 4756 ἕνα
3860 4700 3985 4754 Κύ-

2400 4830 2513 4883 ριον
2547 4808 2752 4879 Ἰησοῦν
2774 4807 2863 4859 τὸν
2892 4804 3146 4875 Χριστὸν,
3194 4801 3288 4854 καὶ
3335 4798 3466 4853 αὑτὸ
3511 4796 3573 4849 τὸ
3622 4794 3771 4883 θεῖον
3812 4793 3987 4883 ἡμῶν

2402 4881 2751 4968 συκοφαντῶν
2792 4895 3112 4966 μυστήριον,
3159 4888 3268 4944 ἀπό
3302 4905 3364 4956 γε
3416 4883 3509 4939 τοῦ
3563 4884 3639 4954 μὴ
3682 4881 3989 4951 ἀνέχεσθαι

2408 4994 2525 5063 μεθ’
2553 4990 2708 5063 ἡμῶν
2753 4988 3054 5060 ὁμολογεῖν,
3102 4985 3185 5037 ὅτι
3220 4980 3344 5034 καθ’
3371 4979 3467 5031 ἕνα
3500 4975 3609 5047 [ισ.
3636 4975 3719 5027 ὅτι
3754 4974 3815 5025 οὐ
3854 4972 3990 5063 καθ’

2404 5062 2524 5155 ἕνα]
2572 5082 2679 5135 τῶν
2720 5082 2891 5150 ἁγίων
2943 5072 3260 5147 προφητῶν,
3310 5071 3476 5140 ήγουν
3522 5062 3993 5155 ἀποστόλωνκαὶ

2406 5154 2803 5243 εὐαγγελιστῶν
2830 5169 3084 5240 Θεοφόρος
3105 5165 3172 5237 ἦν
3197 5162 3479 5233 ἄνθρωπος
3501 5158 3530 5210 ὁ
3555 5155 3790 5228 Χριστός
3809 5171 3824 5185 ο
3847 5154 3992 5218 Θεὸς

2406 5266 2461 5318 δὲ
2500 5264 2697 5334 μᾶλλον
2734 5261 3023 5331 γενόμενος
3069 5256 3372 5327 ἄνθρωπος,
3407 5247 3712 5322 μετέσχηκὲ
3742 5264 3803 5301 τε
3839 5246 3992 5299 κατὰ

740 5364 999 5439 ἀλήθειαν
1026 5366 1255 5435 αἵματος
1300 5366 1393 5419 καὶ
1434 5368 1652 5437 σαρκός.
1682 5368 1826 5435 Ἔφη
1852 5366 1908 5417 δὲ
1940 5364 2080 5417 οὕτω
2109 5363 2292 5429 πάλιν,
2331 5362 2406 5425 ὼς
2436 5363 2499 5413 ὲκ
2528 5358 2819 5430 προσώπου
2849 5353 3084 5427 Χριστοῦ
3112 5346 3428 5422 παρατιθεὶς
3458 5342 3517 5397 τὸ
3543 5339 3727 5422 ῥητόν·

838 5523 858 5555 ³
886 5522 1119 5594 Philipp.
1158 5538 1217 5588 ιι,
1242 5522 1293 5577 8.
1372 5520 1460 5574 “l
1494 5521 1633 5577 Tim.
1655 5536 1727 5585 vr,
1755 5520 1807 5573 3.

2002 5652 2159 5706 ΛΝΤ.
2201 5644 2473 5704 ACELLII
2514 5641 2742 5698 NOTAE.

825 5819 936 5893 (26)
975 5819 1134 5877 Deest
1173 5820 1417 5886 verbum,
1449 5812 1572 5887 puta
1622 5815 1750 5881 νόει,
1778 5812 1859 5871 vel
1913 5808 2189 5881 ὁμολόγει,
2220 5820 2264 5861 γε

2368 5800 2541 5872 liquid
2589 5796 2782 5853 simile.
