4106 6482
198 465 282 518 189
1204 445 1567 505 ADVERSUS
1605 434 2002 496 NESTORIUM
2045 433 2174 490 LIB.
2216 432 2307 490 IV.

252 573 308 647 [ι
344 573 397 627 Ὀ
435 572 664 643 τρώγων
702 589 802 642 μου
841 571 942 641 τὴν
975 568 1148 638 σάρκα
1196 568 1288 619 καὶ
1322 566 1490 618 πίνων
1528 580 1628 634 μου
1677 558 1737 612 τδ
1767 563 1811 618 Α
1911 555 1927 626 Ῐ

195 663 331 732 αἷμα,
370 667 423 716 ὲν
456 665 579 734 ἐμοὶ
617 664 792 733 μένει,
825 661 979 729 κάγὼ
1012 662 1066 712 ὲν
1104 659 1269 729 αὐτῷ.
1301 679 1317 710 ι
1353 655 1738 725 Μνημόνευσον

194 758 260 809 ὅτι
283 755 514 826 περὶτῆς
538 754 743 824 σαρκὸς
769 753 830 804 1:6
849 752 1157 820 λεγόμενον.
1186 767 1205 801 t
1235 748 1430 809 Καθὼς
1454 742 1738 798 ἀπέστειλέ

196 861 250 912 με
275 846 299 895 6
331 844 431 907 ζῶν
463 843 678 912 Πατὴρ,
701 861 718 894 ι
759 842 859 910 ἐμὲ
887 841 979 892 τὸν
1012 839 1356 908 φαινόμενον.
1392 836 1534 888 Ἀλλ’
1567 833 1737 888 ἐνίοτε

195 934 586 1004 παρεομηνεὺω.
631 932 982 1002 ’Λκούσωμεν
1033 934 1097 984 ὲκ
1148 931 1256 985 τῶν
1308 929 1454 997 ἑξῆς.
1494 945 1513 977 ι
1543 923 1740 985 Καθὼς

194 1026 448 1079 ἀπέστειλέ
482 1043 549 1096 με
574 1026 603 1076 6
637 1025 745 1089 ζῶν
780 1025 990 1093 Πατήρ’
1016 1042 1034 1073 ι
1070 1024 1273 1083 ἐκεῖνος
1305 1019 1454 1086 λέγει
1491 1016 1589 1086 τὴν
1623 1015 1741 1068 θεό-

192 1130 326 1181 τητα,
368 1112 473 1181 ἐγὼ
505 1112 604 1183 τὴν
643 1113 1062 1182 ἀνθρωπότητα.
1098 1111 1323 1179 Ἷδωμεν
1357 1109 1438 1170 τίς
1466 1109 1494 1159 6
1527 1121 1734 1174 παρερο

195 1204 434 1272 μηνεύων.
466 1203 634 1271 Λέγει
675 1206 704 1256 ὁ
735 1203 1005 1273 αἱρετικὸς
1047 1201 1281 1254 ἐνταῦθα
1323 1200 1423 1270 τὴν
1470 1197 1733 1265 θεότητα’

191 1295 478 1350 ἀπέστειλεν
508 1297 610 1365 ἐμὲ
643 1295 736 1348 τον
766 1295 895 1348 Θεὸν
931 1295 1133 1361 Λόγον*
1170 1312 1188 1345 t
1215 1291 1414 1353 Καθὼς
1451 1285 1736 1343 ἀπέστειλέ

195 1406 250 1456 με
271 1390 296 1439 6
330 1387 430 1451 ζῶν
474 1387 690 1458 Πατὴρ,
723 1405 742 1439 ι
770 1389 887 1439 κατ’
918 1389 1122 1440 ἐκεῖνον
1158 1405 1174 1436 ι
1201 1384 1354 1452 κάγὼ
1376 1382 1472 1446 ζῶ,
1498 1400 1517 1432 ι
1553 1381 1580 1433 6
1607 1378 1738 1441 Θεὸς

191 1477 340 1543 Λόγος
373 1496 388 1528 ι
419 1478 506 1532 διὰ
536 1478 628 1530 τὸν
672 1477 907 1547 Πατέρα.
944 1497 961 1529 ι
987 1472 1121 1530 Εἶτα
1147 1475 1282 1546 μετά
1307 1474 1494 1527 τοῦτο·
1532 1491 1548 1522 ι
1574 1470 1683 1523 Καὶ
1710 1471 1738 1522 6

191 1570 389 1638 τρώγων
420 1588 506 1641 με,
538 1571 795 1632 κάκεῖνος
838 1571 1080 1634 ζήσεται.
1108 1587 1126 1620 ι
1172 1567 1302 1620 Τίνα
1338 1565 1608 1634 ὲσθέομεν,
1637 1561 1737 1634 τὴν

192 1659 410 1727 θεότητα,
441 1663 474 1732 ἢ
502 1662 602 1733 τὴν
640 1661 818 1732 σάρκα
839 1658 892 1731 ;]

762 1967 985 2022 ΚΕΦΔΛ
996 2002 1012 2017 .
1046 1969 1118 2020 A'.

248 2101 417 2168 Μόνην
440 2100 502 2169 δὴ
530 2095 626 2152 οὖν
657 2099 992 2152 ἀπεστάλθαι
1024 2095 1122 2167 τὴν
1155 2095 1332 2165 σάρκα
1368 2093 1492 2162 φὴς,
1523 2093 1617 2146 καὶ
1639 2093 1735 2146 αὐ-

186 2192 270 2262 τὴν
300 2187 432 2242 εἶναι
473 2189 808 2251 διαϐεϐαιοῖς
855 2189 944 2241 τὸν
997 2190 1356 2256 φαινόμενονο
1410 2185 1624 2253 ἀπόχρη
1671 2183 1734 2252 δὴ

187 2279 266 2336 οἷν
309 2283 398 2335 καὶ
440 2283 605 2345 μόνον
659 2281 791 2350 ἡμῖν
836 2281 914 2342 εἰς
947 2279 1007 2331 τὸ
1050 2277 1307 2331 δύνασθαι
1352 2275 1636 2339 ζωοποιεῖν
1675 2273 1736 2328 τὸ

189 2375 379 2443 θανάτῳ
414 2373 870 2443 τυραννούμενον.
895 2371 960 2424 Τί
999 2363 1092 2423 οὖν
1130 2369 1186 2421 αι
1228 2366 1569 2422 θεόπνευστοι
1594 2367 1736 2436 Γρα-

185 2463 268 2530 Qui
308 2463 622 2532 ῥαψωδοῦσι
659 2463 836 2532 μάτην
879 2461 1057 2530 σάρκα
1089 2457 1340 2527 γενέσθαι
1371 2457 1460 2509 τὸν
1489 2457 1554 2508 ἐκ
1599 2454 1734 2510 Θεοῦ

189 2554 374 2623 [ἰατρὸς
402 2552 599 2620 Λόγον,
647 2552 761 2606 ἀνω
800 2567 860 2603 τε
898 2551 992 2603 καὶ
1040 2551 1189 2601 κάτω
1240 2545 1732 2616 διισχυριζόμεναις

186 2644 303 2695 Ποία
339 2643 440 2714 γὰρ
472 2643 615 2706 ὅλως
653 2640 848 2710 γένοιτ’
873 2639 939 2692 ἂν
971 2637 1062 2691 τοῦ
1095 2638 1269 2704 Λόγον
1304 2635 1482 2706 χρεία,
1510 2634 1612 2703 τῆς
1641 2633 1737 2686 ἀν-

187 2733 435 2802 θρωπίνης
487 2733 706 2802 φύσεως
756 2728 1087 2801 ἀποχρώσης
1122 2730 1276 2798 ἡμῖν,
1324 2728 1427 2780 κᾶν
1469 2727 1516 2777 ει
1564 2727 1737 2778 νοοῖτο

190 2825 304 2891 μόνη
334 2825 423 2878 καὶ
455 2823 584 2877 καθ’
626 2823 846 2893 ἑαυτὴν,
881 2821 960 2885 εἷς
1000 2838 1063 2891 γε
1086 2821 1145 2873 τὸ
1165 2817 1422 2872 δύνασθαι
1455 2817 1734 2888 καταργῆ-

187 2932 262 2968 ar.
298 2915 539 2977 θάνατον,
577 2914 670 2966 καὶ
698 2913 759 2966 τὸ
792 2914 889 2980 τῆς
920 2912 1125 2983 φθορᾶς
1160 2897 1476 2980 παραλῦσαί
1498 2909 1731 2977 κράτοςς

189 3001 279 3052 Καὶ
306 3000 457 3070 εἴπερ
487 2999 660 3064 ἐστὶν,
691 2998 878 3068 ὥσπερ
905 2997 997 3051 οὖν
1021 3001 1120 3050 οἴει
1151 2999 1245 3051 καὶ
1275 2995 1516 3062 δοξάζειν
1541 2994 1734 3059 ἀξιοῖς,

184 3093 267 3160 uti;
291 3095 318 3143 6
343 3091 472 3154 Θεὸς
515 3091 694 3160 Λόγος
721 3091 751 3142 6
780 3089 1192 3158 ἀπεσταλμένος
1224 3087 1312 3138 διὰ
1349 3086 1441 3137 τοῦ
1486 3085 1736 3152 γενέσθαι

187 3182 470 3252 γαθήμᾶς,
511 3183 651 3254 μόνη
688 3183 765 3247 δὲ,
795 3182 870 3246 ὡς
903 3180 1060 3251 ἔφης,
1097 3178 1432 3234 ἀπέσταλται
1461 3176 1612 3246 παρά
1641 3175 1734 3230 τοῦ

187 3273 373 3343 Πατρὸς
395 3277 427 3343 ἡ
459 3274 766 3344 φαινομένη
795 3272 950 3344 σὰρξ,
985 3273 1099 3335 πῶς
1129 3272 1226 3341 οὐχ
1254 3270 1455 3324 ἅπασιν
1483 3267 1730 3338 ἐναργὲς,

183 3365 250 3416 ὅτι
287 3365 533 3436 σώματος
586 3365 950 3443 ἀνθρωπίνου,
1000 3365 1094 3416 καὶ
1139 3365 1246 3416 τῶν
1295 3347 1578 3433 ἡμετέρων
1614 3364 1732 3415 κατ’

183 3455 347 3507 οὐδένα
374 3453 658 3514 παντελῶς
689 3454 888 3521 τρόπον
921 3454 978 3505 ἐν
1015 3453 1226 3522 μεθέξει
1258 3452 1563 3520 γεγόναμεν
1595 3453 1729 3520 (9.7);

187 3546 289 3608 Πῶς
318 3541 407 3599 οὗν
432 3548 490 3598 ὲν
520 3542 734 3615 ἑτέροις
763 3542 1012 3614 διαγελᾷς
1041 3544 1164 3606 τοὺς
1191 3536 1291 3595 ὧδε
1322 3544 1732 3616 διακειμένους;

183 3640 297 3707 ﬁeri;
327 3639 430 3709 γὰρ
466 3638 634 3692 πάλιν
662 3653 677 3669 ⁶

238 3730 400 3801 [Ἐρὼ
431 3731 490 3784 δὲ
509 3731 609 3783 καὶ
641 3729 735 3783 τοῦ
760 3728 1052 3782 σκανδάλου
1093 3727 1160 3781 τὰ
1193 3730 1441 3799 ῥήματασ
1473 3729 1600 3798 περὶ
1633 3729 1732 3798 τῆς

179 3820 362 3882 οἰκείας
409 3819 615 3890 σαρκὸς
660 3819 688 3870 ό
733 3818 1005 3887 Δεσπότης
1053 3817 1294 3886 Χριστος
1341 3818 1475 3887 πρὸς
1533 3817 1731 3879 αὐτοὺς

179 3909 453 3978 διελέγετο*
501 3928 522 3961 t
549 3909 672 3962 Ἐὰν
706 3909 780 3978 μὴ
812 3908 1041 3976 φάγητε,
1075 3908 1227 3977 φησὶ,
1274 3907 1373 3977 τὴν
1416 3907 1594 3977 σάρκα
1637 3906 1729 3959 τοῦ

183 4002 291 4054 Υἱοῦ
331 4003 419 4056 τοῦ
453 4001 771 4072 ἀνθρώπου,
814 3999 909 4052 καὶ
955 3999 1114 4068 πίητε
1141 3998 1304 4051 αὐτοῦ
1338 3999 1399 4050 τὸ
1430 3994 1586 4067 αἷμα,
1632 4000 1732 4050 οὐκ

179 4092 307 4162 ἔχετε
336 4095 478 4163 ζωὴν
504 4094 566 4144 ὲν
596 4092 808 4151 ἑαυτοῖς
830 4105 844 4119 ο
869 4108 887 4141 ι
936 4090 1035 4141 οὐκ
1065 4090 1298 4159 ἤνεγκαν
1337 4088 1398 4140 τὸ
1441 4087 1550 4140 τῶν
1575 4087 1730 4154 λεγο-

183 4186 335 4250 μένων
366 4183 576 4254 ὑψηλὸν
618 4183 666 4234 οἱ
697 4179 1047 4244 ἀκούσαντες,
1082 4177 1328 4248 ἐνόμιζον
1361 4178 1465 4231 ὑπὸ
1493 4177 1733 4247 ἀμαθίας

179 4273 616 4346 ἀνθρωποφαγίαν
657 4269 960 4341 εἰσάγειν.]

752 4403 1004 4458 ΚΕΦΑΛ.
1056 4403 1095 4455 Ε
1116 4443 1129 4456 .

239 4518 357 4576 Εἶτα
379 4522 501 4584 πῶς
524 4519 585 4572 τὸ
613 4517 801 4589 χρῆμὰ
817 4518 962 4569 ἐστιν
987 4515 1086 4568 οὐκ
1111 4513 1346 4585 ἐναργὴς
1375 4513 1732 4585 ἀνθρωποφα-

180 4612 287 4674 γξσ;
331 4612 456 4664 τίνα
481 4609 761 4678 δὲτρόπον
795 4605 995 4675 ὑψηλὸν
1025 4603 1104 4657 ἔτι
1129 4604 1190 4656 τὸ
1222 4605 1539 4674 μυστήριον,
1575 4604 1623 4655 εἰ
1656 4603 1730 4674 μὴ

179 4702 496 4755 ἀπεστάλθαι
525 4698 703 4768 φαμὲν
730 4697 818 4749 τὸν
840 4697 904 4748 ὲκ
929 4693 1062 4748 Θεοῦ
1083 4693 1293 4764 Πατρὸς
1319 4694 1508 4760 Λόγον,
1533 4693 1624 4745 καὶ
1644 4693 1737 4745 τόν

179 4809 231 4856 γε
279 4794 363 4862 τῆς
403 4789 718 4857 ἀποστολῆς
769 4787 969 4857 τρόπον
1015 4783 1381 4855 ὁμολογοῦμεν
1443 4779 1584 4835 εἶναι
1640 4783 1737 4854 τὴν

179 4882 610 4954 ἑνανθρώπησινς
646 4878 782 4931 Τότε
821 4876 930 4947 γὰρ
970 4877 1093 4928 τότε
1137 4875 1553 4944 καταθρήσομεν
1604 4873 1738 4938 Cmo-

183 4977 336 5026 ποιεῖν
361 4973 655 5042 ἰσχύουσαν
686 4968 786 5039 τὴν
809 4966 1102 5020 ἐνωθεῖσαν
1131 4965 1277 5035 αὐτῷ
1301 4966 1501 5037 σάρκα,
1521 4964 1616 5018 καὶ
1641 4963 1738 5033 οὐχ

181 5066 347 5133 ἑτέρου
383 5065 590 5134 σάρκα,
640 5061 780 5130 πλήν
815 5059 897 5111 ὅτι
935 5059 1157 5125 γέγονεν
1198 5057 1300 5110 ἰδία
1332 5056 1425 5109 τοῦ
1454 5056 1519 5108 τά
1560 5056 1739 5109 πάντα

181 5159 444 5220 ζωοποιεῖν
503 5153 797 5226 ἰσχύοντος.
849 5152 912 5204 El
959 5151 1067 5220 γὰρ
1109 5150 1170 5203 τὸ
1222 5149 1332 5220 πῦρ
1359 5149 1421 5218 δὴ
1473 5147 1631 5201 τοῦτο
1677 5146 1738 5198 τὸ

181 5250 419 5320 αδσθητὸν
450 5248 549 5318 τῆς
589 5244 815 5316 ἐνούσης
860 5241 1008 5312 αὐτῷ
1052 5241 1285 5311 φυσικῆς
1322 5238 1602 5309 ἐνεργείας
1640 5235 1739 5307 τὴν

236 5399 454 5459 “Joan.
495 5415 578 5468 Vt,
610 5399 703 5455 57.
777 5397 823 5430 ⁸⁸
859 5395 992 5463 ibid,
1017 5393 1107 5450 58.
1183 5395 1226 5427 ⁸⁷
1267 5394 1376 5450 ibid
1476 5393 1521 5425 ’⁵⁸
1556 5391 1683 5446 ibid.
1724 5390 1813 5446 54.

3313 405 3412 460 I90

1946 555 2183 609 Nesron.
2230 569 2248 601 ι
2280 545 2380 614 Qui
2409 542 2700 597 manducat
2727 547 2902 589 meam
2933 541 3172 590 carnem,
3198 533 3249 576 ct
3274 522 3408 573 bibit

1841 661 2020 702 meum
2057 641 2398 712 sanguinem,
2434 635 2486 689 in
2537 645 2621 686 me
2650 636 2852 690 manet,
2879 633 2933 677 et
2959 636 3060 690 ego
3085 619 3136 671 in
3180 630 3246 669 eo
3266 615 3349 666 "z
3385 631 3403 662 ι

1840 745 2111 792 memento
2143 733 2209 788 de
2249 730 2392 785 illius
2436 737 2602 781 carne
2647 733 2768 775 esse
2821 725 3148 770 sermonem.
3206 725 3224 758 ι
3259 704 3409 759 Sicut

1841 828 1987 883 misit
2021 839 2105 880 me
2145 823 2332 876 vivens
2366 819 2526 874 Pater
2546 815 2617 878 ⁸⁸,
2651 837 2668 863 ι
2715 823 2802 864 me
2840 803 3125 859 visibilem.
3169 799 3236 852 At
3263 794 3407 850 enim

1840 929 2225 985 nonnunquam
2253 919 2449 982 praeter
2473 903 2797 964 sententiam
2835 897 3192 961 interpretor;
3223 887 3410 941 audia-

1840 1025 1959 1065 mus
2007 979 2288 1076 sequentia
2321 1021 2333 1057 :
2373 1020 2390 1051 ι
2421 1000 2572 1054 Sicut
2610 992 2759 1047 misit
2807 1003 2890 1041 me
2925 985 3110 1038 vivens
3154 979 3346 1042 Pater;
3382 991 3402 1026 ι

1840 1103 1929 1156 ille
1981 1074 2374 1169 interpretatur
2424 1090 2780 1148 divinitatem,
2831 1095 2931 1148 ego
2985 1074 3402 1130 humanitatem.

1838 1165 2145 1246 Videamus.
2173 1188 2420 1255 quisnam
2467 1189 2660 1249 praeter
2704 1170 3030 1229 sententiam
3085 1165 3406 1231 interprete-

1841 1293 1946 1337 tur.
2005 1281 2146 1334 Dicit
2192 1250 2490 1333 ‘hazreticus
2541 1272 2641 1324 hoc
2719 1259 3242 1331 loco,diviuitatcm.
3301 1250 3402 1303 Mi-

1837 1373 1908 1428 sit
1950 1389 2058 1436 me,
2105 1372 2278 1439 ipsum
2330 1367 2499 1420 Deunt
2555 1360 2807 1415 Verbum.
2866 1371 2884 1405 t
2920 1351 3071 1405 Sicut
3120 1345 3264 1401 misit
3321 1355 3407 1396 me

1841 1466 2027 1520 vivens
2066 1436 2244 1526 Pater,
2281 1479 2299 1512 ι
2336 1455 2561 1529 perinde
2594 1460 2756 1519 atque
2803 1447 2890 1501 ille
2919 1452 2972 1498 et
3027 1459 3044 1492 ι
3076 1454 3175 1508 ego
3206 1436 3346 1499 vivo,
3380 1450 3400 1484 ι

1843 1559 1982 1613 Deus
2038 1553 2299 1615 Verbum,
2344 1567 2362 1600 ε
2404 1555 2622 1616 propter
2667 1541 2900 1594 Patrem.
2936 1554 2954 1587 ι
3008 1531 3206 1586 Deinde
3253 1533 3404 1597 post-

1838 1651 1993 1704 haec:
2033 1664 2051 1699 ι
2083 1644 2147 1699 Et
2191 1641 2281 1711 qui
2330 1637 2619 1694 manducat
2665 1645 2788 1695 me,
2849 1637 2903 1682 et
2949 1626 3060 1694 ipse
3109 1617 3348 1682 vivet";
3376 1634 3396 1667 ι

1837 1751 1998 1808 quem
2045 1734 2260 1789 tandem
2305 1727 2715 1788 manducamus,
2761 1716 3119 1776 divinitatem,
3163 1724 3230 1764 an
3283 1722 3401 1764 car-

1837 1843 1958 1884 nem
1979 1826 2001 1881 ?
2017 1823 2041 1898 ]

2485 1949 2637 2008 CAP.
2683 1945 2772 2002 1V.

1907 2098 2087 2155 Solam
2122 2109 2250 2167 ergo
2277 2091 2499 2148 missam
2527 2090 2694 2144 fuisse
2725 2097 2944 2140 carnem
2964 2081 3119 2144 dicis,
3149 2087 3202 2132 et
3231 2076 3401 2146 ipsam

1835 2204 1955 2245 esse
1984 2188 2190 2244 asseris
2220 2200 2344 2240 eum
2381 2185 2474 2253 qui
2509 2175 2761 2236 videtur?
2798 2174 2942 2229 Satis
2967 2182 3048 2226 est
3083 2183 3210 2238 ergo
3241 2167 3403 2220 etiam

1838 2283 1890 2337 id
1927 2279 2100 2335 solum
2126 2275 2283 2332 nobis
2315 2274 2381 2328 ad
2418 2266 2794 2327 viviﬁcandam
2838 2273 3083 2317 naturam
3123 2257 3408 2328 tyrannide

1837 2370 2024 2428 mortis
2062 2379 2402 2437 Oppressam.
2451 2361 2591 2429 Quid
2636 2372 2766 2428 ergo
2812 2353 3007 2410 divina:
3045 2350 3261 2403 Litterae
3295 2346 3408 2437 fru-

1834 2475 1946 2518 stra
1990 2435 2263 2522 occinunt,
2303 2457 2430 2510 dum
2471 2467 2691 2508 carnem
2748 2448 2950 2502 factum
2997 2443 3168 2512 ipsum
3201 2454 3263 2491 ex
3298 2435 3407 2490 Deo

1835 2553 1996 2608 Patre
2049 2549 2308 2612 Verbum,
2354 2559 2568 2601 sursum
2613 2544 2866 2596 deorsum
2919 2531 3231 2590 affirmant?
3276 2529 3408 2595 Quis

1834 2641 1979 2698 enim
2026 2653 2250 2708 prorsus
2297 2634 2460 2690 Verbi
2496 2631 2660 2686 fuerit
2701 2645 2850 2693 usus,
2893 2627 2937 2682 si
2977 2625 3132 2680 nobis
3173 2623 3405 2676 humana

1834 2740 2052 2794 natura,
2077 2724 2292 2780 etiamsi
2326 2724 2437 2778 sola
2469 2733 2522 2777 et
2550 2736 2644 2790 per
2668 2734 2727 2774 se
2751 2718 3039 2785 cogitetur,
3070 2714 3202 2767 satis
3226 2720 3309 2764 est
3338 2710 3404 2762 ad

1834 2833 2062 2877 mortem
2111 2815 2494 2873 destruendam
2567 2823 2623 2868 et
2701 2806 3068 2877 corruptionis
3119 2802 3404 2872 imperium

1835 2908 2223 2968 avertendum?
2246 2908 2324 2961 Ac
2348 2906 2425 2970 si,
2459 2915 2518 2958 ut
2551 2914 2737 2971 putas,
2756 2910 2809 2956 et
2836 2901 3178 2954 sentiendum
3196 2909 3404 2958 censes,

1835 3004 2034 3058 missus
2080 3009 2162 3055 est
2213 3013 2321 3054 non
2373 2998 2488 3066 ipse
2538 2994 2680 3048 Deus
2722 2992 2980 3052 Verbum.
3022 3003 3088 3042 eo
3133 2987 3275 3056 quod
3324 2993 3408 3039 est

1837 3093 2008 3153 nostri
2038 3093 2212 3146 simile
2235 3090 2457 3151 factum,
2483 3087 2575 3141 sed
2599 3083 2736 3147 sola,
2763 3091 2820 3136 ut
2845 3080 3053 3143 dixisti,
3086 3080 3248 3132 missa
3272 3086 3355 3130 est
3376 3092 3407 3129 a

1761 3230 1803 3284 Ο
1844 3185 2002 3254 109
2038 3183 2198 3237 Patre
2237 3194 2366 3236 caro
2405 3175 2655 3240 visibilis,
2696 3173 2965 3243 quomodo
2990 3186 3094 3225 non
3130 3170 3202 3224 sit
3226 3167 3406 3223 omni-

1841 3282 1937 3331 bus
1964 3277 2330 3346 perspicuum,
2379 3271 2598 3325 humani
2630 3266 2876 3337 corporis
2907 3264 3408 3336 proprietatumtu

1836 3374 2140 3420 nostrarum
2174 3360 2321 3415 nullo
2350 3372 2570 3429 prorsus
2601 3357 2761 3410 modo
2795 3353 3257 3424 participationem
3293 3349 3406 3402 ha-

1835 3453 2190 3510 buisse?Cur
2236 3465 2365 3521 ergo
2401 3449 2528 3503 alibi
2583 3448 2778 3501 irrides
2811 3460 2905 3500 eos
2947 3446 3036 3512 qui
3091 3443 3246 3495 in'ea
3281 3447 3408 3498 sunt

1833 3544 2130 3614 Opinione?
2157 3558 2279 3596 nam
2318 3541 2497 3596 dixisti
2532 3555 2744 3593 rursum
2783 3555 2797 3592 :

1904 3719 1921 3792 [
1953 3720 2187 3774 Nesron.
2220 3717 2401 3772 Dicant
2451 3719 2611 3772 etiam
2667 3711 2807 3767 illius
2837 3708 3071 3766 scandali
3119 3706 3311 3770 verba;
3338 3708 3406 3760 de

1832 3827 1926 3865 sua
1964 3825 2125 3865 carne
2178 3811 2434 3863 Dominus
2465 3807 2711 3860 Christus
2745 3818 2870 3857 cum
2916 3800 3020 3854 illis
3055 3800 3352 3852 disserebat
3386 3814 3402 3853 :

1837 3920 1856 3954 ‹
1891 3900 2001 3955 Nisi
2036 3897 2509 3959 manducaveritis,
2535 3897 2726 3965 inquit,
2763 3907 2981 3949 carnem
3004 3889 3123 3944 Filii
3148 3890 3404 3957 hominis,

1830 4000 1886 4044 et
1933 3989 2176 4043 biberitis
2230 3989 2346 4057 ejus
2390 3987 2745 4057 sanguinem,
2779 3996 2884 4036 non
2934 3979 3198 4034 habebitis
3242 3979 3404 4032 vitam

1833 4080 1885 4134 in
1914 4079 2066 4134 vobis
2086 4079 2154 4132 ⁸⁸.
2196 4097 2216 4129 ι
2251 4077 2551 4133 Verborum
2579 4077 2956 4132 sublimitatem
2984 4071 3072 4138 qui
3102 4070 3406 4136 audierant,

1833 4186 1938 4225 non
1979 4171 2255 4224 tulerunt:
2291 4171 2550 4238 putabant
2574 4181 2641 4224 ex
2672 4165 2920 4223 inscitia.
2958 4161 3106 4216 illum
3166 4163 3397 4218 antliro-

1832 4261 2154 4331 pophagiam
2182 4260 2429 4314 suadere.
2469 4258 2491 4331 ]

2493 4391 2645 4448 CAP.
2683 4392 2742 4448 V.

1904 4507 2065 4576 Atqui
2089 4521 2151 4562 ea
2187 4521 2274 4560 res
2300 4506 2568 4575 quomodo
2600 4521 2704 4560 non
2741 4514 2887 4560 certa
2914 4506 2983 4560 sit
3007 4504 3406 4575 anthropopha-

1835 4602 1918 4672 gia
1940 4600 1963 4652 ?
1989 4614 2096 4667 quo
2126 4611 2254 4651 vero
2284 4597 2441 4651 modo
2468 4596 2699 4652 sublime
2725 4597 2900 4651 adhuc
2922 4596 3025 4650 erit
3048 4596 3173 4649 illud
3206 4605 3406 4665 myste-

1830 4693 2008 4753 rium,
2047 4690 2090 4744 si
2139 4704 2242 4743 non
2297 4689 2465 4758 ipsnm
2527 4703 2590 4744 ex
2632 4689 2741 4743 Deo
2793 4687 2955 4742 Patre
3010 4685 3246 4743 Verbum
3283 4701 3406 4741 esse

1834 4785 2054 4837 missum
2104 4780 2436 4844 dixerimus,
2477 4789 2532 4834 et
2577 4779 2849 4834 missionis
2902 4778 3117 4832 modum
3170 4776 3403 4832 confessi

1846 4876 2103 4931 fuerimus
2140 4889 2261 4929 esse
2325 4873 2495 4942 ipsam
2555 4871 2995 4927 bumanationem
3032 4869 3055 4922 ?
3086 4866 3221 4920 Tum
3259 4867 3403 4920 enim

1833 4965 2131 5019 videbimus
2169 4962 2476 5018 \‘ivilicandi
2521 4963 2626 5016 vim
2683 4963 2881 5017 habere
2917 4961 3121 5014 unitam
3154 4957 3253 5025 ipsi
3279 4971 3402 5010 car-

1834 5071 1990 5121 nem,
2035 5066 2088 5110 et
2133 5069 2236 5109 non
2292 5053 2521 5108 alterius
2583 5067 2840 5118 carnem,
2871 5051 2965 5106 sed
3016 5050 3212 5103 lactant
3261 5046 3406 5100 illius

1833 5145 2141 5214 propriam,
2179 5144 2268 5213 qui
2334 5142 2512 5198 omnia
2577 5142 2850 5197 viviﬁcare
2914 5149 3109 5209 potest.
3172 5137 3304 5191 Nam
3357 5139 3404 5192 si

1834 5236 1975 5307 ignis
2010 5236 2100 5291 hic
2144 5234 2416 5291 sensibilis
2457 5235 2562 5289 vim
2602 5248 2712 5290 sua:
2763 5233 3020 5288 naturalis
3069 5230 3402 5302 operationis

1413 5543 1573 5600 ANT.
1615 5542 1884 5598 AGELLII
1924 5541 2154 5597 NOT.E.

239 5705 343 5773 (27)
391 5700 739 5769 Caujeceram
796 5697 1048 5773 réyovav;
1091 5694 1183 5773 sed
1234 5691 1444 5773 videtur
1505 5687 1722 5773 mutilus

181 5759 407 5829 locus'et
456 5759 1041 5839 corruptusfdecsse’
1073 5768 1215 5820 enim
1269 5759 1719 5839 videtttr-aliquid

180 5827 306 5914 quod
343 5827 713 5916 pertineat'ad
739 5827 896 5895 Verbi
934 5847 1202 5901 naturam,
1225 5841 1280 5888 ut
1318 5831 1409 5884 καὶ
1448 5827 1554 5885 τῶν
1587 5829 1709 5897 ἡμε-

1827 5688 2022 5755 τέρων,
2056 5684 2248 5758 τῶνδὲ
2276 5686 2560 5758 θειοτέρων
2588 5688 2708 5740 κατ’
2736 5687 2922 5758 οὐδένα
2973 5686 3246 5749 παντελῶς
3275 5686 3397 5758 τρό-

1828 5755 2273 5844 ποννὲνημεθέξει
2320 5755 2620 5828 γεγόναμεν
2646 5776 2658 5788 ·
2701 5759 2784 5814 vel
2835 5757 2929 5812 τοῦ
2971 5758 3025 5811 δὲ
3055 5757 3189 5811 Θεοῦ
3221 5755 3394 5826 Λόγου

1828 5839 1945 5882 κατ’
1969 5839 2175 5894 ουοενα,
2208 5839 2311 5884 ctc.
