4104 6478
665 418 760 474 191

1651 415 1708 469 S.
1750 413 2026 472 CYRlLLl
2065 414 2537 475 ALEXANDRINI
2574 416 2891 472 ARCIIIEP.

3827 426 3941 481 192

663 531 714 583 in
772 524 1027 579 materias
1074 524 1311 579 immittit
1361 524 1426 580 ad
1460 539 1593 594 quas
1632 530 1955 590 accesserit.
2006 528 2140 583 adeo
2180 538 2231 582 ut

2340 528 2567 600 δύναμιν
2596 533 2716 593 ταῖς
2750 531 2901 595 ὕλαις
2930 532 3137 602 ἐνίησιν
3161 529 3246 597 αἷς
3273 536 3337 588 ἄν
3365 535 3607 603 φαίνοιτο
3650 554 3897 608 προσομι
3915 568 3938 577 -

660 632 851 686 aquam
887 617 1057 685 ipsam
1109 617 1323 671 tametsi
1372 632 1435 670 ex
1469 627 1660 671 natura
1713 633 1810 672 sua
1858 619 2146 689 frigidam,
2172 620 2238 673 ad

657 708 972 777 qualitatem
1004 722 1124 776 qua:
1168 719 1359 776 praeter
1386 719 1629 763 naturam
1662 709 1827 778 ipsius
1851 719 1969 773 est,
2009 709 2239 764 transfe-

661 805 763 861 rat,
793 807 848 853 et
891 798 1121 854 calidam
1166 799 1327 853 faciat
1360 815 1377 865 ;
1414 799 1541 867 quid
1580 799 1806 863 mirum,
1848 815 2023 870 quove
2079 800 2237 855 modo

659 886 972 943 incredibile
1005 888 1283 951 videatur,
1308 890 1351 944 si
1375 891 1547 953 ipsum
1577 904 1644 944 ex
1675 888 1784 945 Deo
1813 889 1971 945 Patre
2002 890 2236 945 Verbum

661 995 784 1037 cum
823 980 1031 1048 sitipsa
1083 980 1190 1036 vita
1221 982 1514 1035 secundum
1563 990 1831 1047 naturam,
1867 997 2087 1037 carnem
2136 983 2235 1037 sibi

662 1070 864 1124 unitam
888 1070 1152 1125 viviﬁcam
1186 1071 1417 1126 reddidit
1447 1072 1470 1125 ?
1498 1074 1709 1141 propria
1738 1088 1968 1142 namque
1994 1074 2109 1143 ejus
2132 1085 2233 1140 est,

659 1168 714 1213 et
748 1159 1101 1215 nonalterius
1127 1160 1423 1229 cuiuspiam
1455 1163 1520 1216 ab
1539 1177 1602 1217 eo
1627 1163 1844 1228 diversi,
1886 1164 1975 1232 qui
2003 1167 2230 1219 scorsim

662 1250 989 1319 intelligatur
1009 1290 1024 1314 ,
1056 1261 1109 1307 et
1138 1253 1537 1308 nniusenostro
1567 1270 1790 1311 numero
1814 1256 2066 1310 hominis.
2100 1257 2232 1311 Cum

659 1349 839 1394 autem
878 1341 944 1397 ab
982 1339 1067 1394 illa
1099 1356 1220 1395 cum
1251 1356 1475 1413 corpore
1508 1345 1733 1414 mystica
1772 1361 2006 1415 veraque
2037 1349 2236 1401 unione

660 1431 928 1487 vivjiicum
954 1430 1044 1486 Dei
1064 1429 1295 1487 Verbum
1318 1436 1636 1503 segregaris,
1660 1443 1713 1490 et
1733 1437 1953 1491 omnino
1967 1438 2235 1507 disjunxe-

662 1523 757 1586 ris,
777 1524 1046 1591 quomodo
1069 1524 1241 1594 ipsum
1265 1540 1459 1591 corpus
1477 1523 1650 1579 adhuc
1670 1524 1939 1580 viviﬂcum
1964 1528 2237 1581 ostendes?

660 1612 793 1678 Quis
824 1628 984 1683 porro
1014 1614 1100 1671 ille
1126 1624 1209 1670 est
1238 1617 1329 1684 qui
1363 1614 1494 1669 dicit
1523 1630 1536 1665 :
1574 1633 1593 1666 ι
1628 1615 1729 1681 Qui
1755 1617 2042 1673 manducat
2061 1635 2233 1673 meam

660 1718 911 1771 carnem,
941 1715 997 1760 et
1021 1705 1155 1760 bibit
1188 1721 1365 1760 meum
1416 1707 1731 1773 sanguinem
1760 1750 1774 1772 ,
1814 1708 1865 1761 in
1898 1723 1984 1763 me
2030 1721 2231 1774 manet,

659 1802 715 1847 et
753 1809 853 1863 ego
903 1796 955 1850 in
1000 1797 1103 1853 eo?
1137 1815 1154 1848 ι
1196 1795 1327 1851 Nam
1371 1798 1415 1851 si
1462 1797 1624 1852 homo
1676 1799 1943 1868 quispiam
1982 1801 2229 1865 scorsim,

660 1894 838 1938 etnon
879 1888 1057 1955 p0tius
1091 1888 1263 1956 ipsum
1295 1887 1387 1943 Dei
1422 1888 1651 1943 Verbum
1695 1863 1898 1945 iactum
1938 1901 2020 1946 est
2060 1893 2234 1947 simile
2266 1863 2305 1918 Β

660 1977 834 2041 nobis,
872 1993 959 2035 res
990 1979 1103 2046 ipsa
1136 1995 1254 2049 qua:
1277 1980 1503 2050 geritur,
1537 1984 2001 2061 :uithropOphagia
2026 1985 2149 2049 erit,
2182 1996 2232 2038 et

661 2064 863 2121 inutilis
893 2069 1114 2122 omnino
1152 2070 1239 2122 illa
1276 2070 1635 2137 participatio.
1686 2070 1861 2139 Ipsum
1892 2074 2035 2128 enim
2076 2073 2233 2128 Chri-

658 2164 799 2209 stum
822 2157 1086 2213 dicentem
1104 2159 1265 2214 audio
1292 2178 1305 2215 :
1335 2178 1353 2211 ι
1378 2158 1519 2215 Caro
1544 2177 1649 2215 non
1675 2163 1892 2230 prodest
1913 2163 2230 2233 quidquam,

660 2248 881 2315 spiritus
899 2257 979 2304 est
1017 2250 1108 2318 qui
1133 2250 1439 2306 viviﬁeat'”
1467 2253 1533 2306 ὀ.
1576 2270 1594 2302 ι
1635 2251 1791 2319 Quod
1838 2255 1980 2309 enim
2013 2257 2079 2311 ad
2117 2257 2233 2327 ejus

658 2348 903 2393 naturam
950 2341 1177 2405 attinet,
1201 2343 1568 2413 corruptibilis
1613 2344 1831 2414 quidem
1875 2356 1957 2402 cst
1986 2362 2113 2403 caro
2136 2388 2154 2415 ,
2182 2359 2235 2403 et

659 2427 806 2484 nullo
836 2432 994 2485 modo
1023 2431 1314 2488 viviﬁcabit
1348 2433 1509 2496 alios,
1545 2449 1668 2490 cum
1724 2437 2048 2498 intrinsecus
2081 2439 2233 2513 (28)

657 2522 1018 2591 corruptionis
1068 2526 1255 2580 morbo
1316 2526 1545 2583 laboret.
1604 2528 1755 2595 Quod
1784 2531 1828 2587 si
1861 2547 2056 2604 corpus
2105 2551 2231 2604 pro-

664 2610 839 2676 prium
879 2627 999 2667 esse
1053 2614 1221 2681 ipsius
1278 2616 1433 2671 Verbi
1472 2619 1643 2685 dicis,
1667 2620 1797 2689 quid
1824 2632 2131 2691 portentose
2172 2642 2233 2683 ac

661 2708 864 2758 temere
897 2705 1132 2775 loqueris
1155 2750 1170 2773 ,
1212 2720 1372 2779 atque
1401 2712 1684 2768 contendis
1711 2729 1817 2769 non
1844 2730 1963 2772 esse
2009 2719 2231 2773 missum

661 2794 831 2860 ipsmn
883 2812 946 2851 cx
993 2798 1101 2853 Deo
1152 2800 1310 2857 Patre
1348 2800 1578 2859 Verbum
1604 2844 1619 2871 ,
1652 2808 1746 2862 sed
1783 2808 1929 2863 illum
1966 2810 2229 2867 visibilem

660 2898 717 2938 ut
743 2886 811 2941 ab
839 2903 904 2943 eo
925 2890 1216 2957 diversum,
1245 2909 1338 2952 seu
1373 2909 1591 2950 carnem
1624 2897 1768 2952 illius
1799 2900 1960 2970 110
1985 2904 2232 2971 quamvis

660 2995 824 3032 unum
860 2980 1128 3036 Christum
1167 2986 1343 3049 divina
1397 2986 1673 3058 Scriptura
1708 2991 1905 3061 ubique
1954 2995 2230 3062 praedicet,

659 3081 713 3125 et
765 3073 1034 3128 hominem
1082 3079 1249 3133 nostri
1302 3079 1529 3135 similem
1594 3081 1791 3138 factum
1828 3099 1951 3140 esse
1997 3085 2230 3141 Verbum

2340 617 2465 672 λοῦν
2492 637 2504 651 ο
2555 622 2651 674 καὶ
2697 622 2829 676 αὐτὸ
2876 622 2933 676 δὲ
2978 622 3040 676 τὸ
3087 622 3256 695 ὕδωρ,
3310 626 3485 680 καίτοι
3530 628 3737 697 ψυχρὸν
3780 630 3937 682 κατὰ

2341 709 2501 777 φύσιν
2535 711 2798 781 ὑπάρχον,
2846 713 3132 783 μεθίστησι
3166 713 3302 784 πρὸς
3344 716 3403 767 τὸ
3430 717 3581 787 παρά
3613 718 3797 786 φύσιν,
3826 721 3935 773 καὶ

2341 800 2542 870 θερμὸν
2567 801 2855 854 ἀποτελεῖ·
2882 802 2935 855 τί
2965 801 3026 855 τὸ
3061 803 3364 873 παράδοξον
3386 844 3402 868 ,
3443 805 3747 861 ἀπιστείτω
3782 807 3800 880 [
3825 810 3926 862 ισ.

2348 891 2665 963 ἀπιποῖτο]
2691 893 2734 946 δ’
2766 893 2832 947 ἂν
2865 894 3007 949 κατά
3037 896 3160 949 τίνα
3213 896 3413 966 τρόπον
3438 898 3477 967 ἡ
3506 896 3629 968 [ἵσ,
3672 898 3756 970 εἰ]
3801 898 3933 969 ζωὴ

2340 984 2481 1037 κατά
2509 984 2671 1053 φύσιν
2698 984 2958 1056 ὑπάρχων
3000 987 3028 1039 6
3072 988 3137 1041 ὲκ
3184 988 3320 1041 Θεοῦ
3366 990 3577 1060 [ἰατρὸς
3605 991 3775 1059 Λόγος
3814 992 3931 1059 τὴν

2340 1073 2635 1126 ὲνωθεῖσαν
2676 1074 2823 1145 αὑτῷ
2871 1075 3073 1145 σάρκα,
3130 1073 3391 1139 ζωοποιὸν
3424 1077 3734 1148 ἀπέφηνεν;
3808 1078 3929 1130 ἰδία

2338 1166 2444 1235 γάρ
2472 1165 2618 1217 ἐστιν
2651 1165 2817 1218 αὐτοῦ
2866 1166 2960 1220 καὶ
3011 1166 3111 1235 οὐχ
3147 1166 3334 1237 ἐτέρου
3380 1166 3524 1231 τινὸς
3574 1168 3703 1237 παρ’
3747 1167 3927 1221 αὐτὸν

2338 1256 2442 1309 ἀνὰ
2472 1256 2635 1326 μέρος
2662 1273 2721 1309 τε
2751 1257 3069 1326 νοουμένου,
3120 1258 3216 1312 καὶ
3253 1257 3365 1314 τῶν
3403 1259 3526 1313 καθ’
3574 1261 3719 1329 ἡμᾶς
3766 1260 3921 1325 ἑνός.

2350 1348 2692 1417 ’Λποστήσας
2716 1346 2772 1400 δὲ
2804 1347 2907 1417 τῆς
2942 1349 3079 1419 πρὸς
3104 1349 3167 1404 τὸ
3197 1349 3358 1422 σῶμα
3390 1353 3659 1423 μυστικῆς
3705 1369 3764 1405 τε
3818 1353 3929 1406 καὶ

2337 1437 2570 1508 ἀληθοῦς
2599 1438 2847 1503 ἑνώσεως
2884 1439 2978 1494 τὸν
3000 1440 3266 1506 ζωοποιδν
3296 1442 3392 1496 τοῦ
3430 1441 3567 1497 Θεοῦ
3596 1444 3791 1512 Λόγον,
3820 1443 3928 1497 καὶ

2335 1529 2543 1594 διιστὰς
2580 1530 2910 1601 ὀλοτρόπως,
2962 1532 3081 1596 πῶς
3123 1533 3193 1587 ἂν
3236 1533 3371 1587 αὐτὸ
3418 1534 3786 1600 καταδείξειας
3832 1536 3925 1589 ἔτι

2338 1622 2600 1686 ζωοποιόν
2625 1641 2639 1689 ;
2669 1624 2763 1687 Τίς
2788 1623 2844 1676 δὲ
2872 1619 2948 1695 ἦν
2968 1626 2996 1677 6
3025 1623 3220 1693 λέγων,
3265 1646 3282 1677 t
3316 1625 3373 1679 '0
3401 1626 3629 1697 τρώγων
3669 1644 3772 1697 μου
3812 1629 3926 1698 τὴν

2338 1714 2536 1785 σάρκα,
2570 1715 2663 1769 καὶ
2695 1714 2863 1770 πίνων
2890 1732 2992 1784 μου
3026 1716 3087 1769 τὸ
3114 1711 3276 1787 αἷμα,
3316 1718 3374 1770 ὲν
3400 1718 3525 1788 ἐμοὶ
3552 1718 3723 1787 μένει,
3753 1718 3926 1786 κάγὼ

2337 1807 2395 1858 ὲν
2422 1806 2571 1875 αὐτῷ
2594 1824 2608 1872 ;
2641 1826 2659 1858 ι
2694 1809 2744 1860 εί
2769 1807 2867 1877 μὲν
2893 1803 2986 1861 οὖν
3011 1808 3298 1879 ἄνθρωπός
3321 1826 3406 1873 τις
3437 1810 3639 1875 ίδικῶς,
3669 1810 3763 1864 καὶ
3786 1810 3922 1880 οὐχὶ

2334 1898 2401 1968 δὴ
2456 1899 2657 1967 μᾶλλον
2707 1899 2899 1967 γέγονε
2968 1899 3091 1953 καθ’
3136 1901 3283 1971 ἡμᾶς
3333 1902 3361 1953 6
3402 1901 3497 1955 τοῦ
3533 1900 3669 1954 Θεοῦ
3712 1901 3918 1970 Λόγος.

2335 1990 2770 2062 ἀνθρωποφαγία
2804 1991 2865 2046 τὸ
2886 1992 3185 2065 δρώμενον,
3222 1994 3320 2047 καὶ
3345 1994 3602 2063 ἀνόνητος
3633 1992 3924 2056 παντελῶς

2337 2084 2369 2151 ὴ
2398 2082 2634 2152 μέθεξις.
2668 2083 2843 2137 Αὑτοῦ
2866 2083 2975 2155 γὰρ
3002 2086 3189 2139 ἀκούω
3220 2086 3473 2153 λέγοντος
3509 2085 3605 2138 τοῦ
3630 2084 3875 2156 Χριστοῦ
3903 2102 3915 2113 ·

2342 2193 2359 2223 ι
2385 2174 2448 2227 Ἡ
2477 2172 2613 2245 σάρξ
2637 2174 2738 2228 οὐκ
2767 2174 2969 2244 ὠφελεῖ
3001 2176 3157 2230 οὐδέν
3178 2194 3190 2207 ·
3219 2175 3282 2231 τὸ
3304 2176 3524 2247 πνεῦμά
3556 2177 3670 2229 ἐστι
3693 2176 3755 2229 τὸ
3774 2176 3923 2240 ζωο-

2336 2265 2593 2319 ποιοῦν.“ι
2618 2267 2742 2320 ὅσον
2767 2268 2875 2338 γὰρ
2896 2263 3030 2339 ἧκεν
3056 2271 3136 2331 εἰς
3168 2268 3307 2324 ίδίαν
3337 2270 3523 2338 φύσιν,
3559 2268 3776 2339 φθαρτὴ
3810 2266 3923 2335 μὲν

2336 2359 2369 2427 ἡ
2397 2357 2562 2427 σάρξ’
2612 2358 2941 2431 ζωοποιήσει
2977 2361 3033 2415 δὲ
3064 2363 3184 2415 κατ’
3213 2361 3405 2415 οὐδένα
3435 2361 3633 2429 τρόπον
3664 2360 3919 2430 ἑτέρους.

2334 2444 2547 2499 οἴκοθεν
2585 2448 2726 2518 αὑτὴ
2762 2447 2992 2505 νοσοῦσα
3028 2450 3127 2522 τὴν
3162 2449 3389 2522 φθοράν.
3422 2451 3485 2504 Ei
3524 2450 3581 2504 δὲ
3621 2450 3789 2504 αὑτοῦ
3818 2451 3921 2504 τοῦ

2334 2537 2509 2605 Λόγου
2541 2538 2603 2591 τὸ
2649 2538 2810 2609 σῶμα
2862 2541 2994 2594 ἴδιον
3044 2537 3183 2595 εἶναι
3232 2540 3360 2613 φὴς,
3406 2542 3459 2595 τί
3508 2542 3772 2614 τερατεύῃ
3820 2545 3924 2595 καὶ

2335 2630 2727 2700 εἰκαιομυθεῖς,
2781 2632 2882 2685 οὐκ
2937 2633 3101 2686 αὐτὸν
3152 2633 3490 2687 ἀπεστάλθαι
3535 2634 3625 2687 τὸν
3666 2635 3731 2687 ὲκ
3772 2634 3922 2686 Θεοῦ

2335 2720 2545 2789 Πατρὸς
2587 2717 2759 2789 Λόγον
2809 2722 3232 2794 διατεινόμενον,
3284 2723 3399 2781 ἀλλ’
3447 2726 3521 2789 ὡς
3570 2724 3755 2794 ἕτερόν
3789 2743 3922 2778 τινα

2335 2812 2463 2880 παρ’
2489 2811 2675 2877 αὐτὸν,
2711 2812 2804 2865 τὸν
2832 2812 3127 2885 ὁρώμενον,
3175 2816 3292 2885 ἦτοι
3336 2816 3436 2886 τὴν
3480 2816 3663 2885 σάρκα
3700 2816 3871 2868 αὑτοῦ
3904 2832 3917 2843 ⁸

2334 2903 2509 2956 καίτοι
2552 2903 2788 2975 Χριστὸν
2833 2905 2929 2958 ἕνα
2981 2910 3079 2977 τῆς
3118 2908 3477 2962 θεοπνεύστου
3530 2909 3752 2980 Γραφῆς
3795 2909 3924 2962 διαο

2335 2994 2546 3064 ϐοώσης
2576 2997 2874 3066 πανταχοῦ,
2911 2999 3004 3051 καὶ
3030 3000 3315 3070 ἄνθρωπον
3336 3000 3458 3053 καθ’
3480 3003 3631 3071 ἡμᾶς.
3656 3002 3922 3069 γενέσθαι

2332 3084 2425 3138 τὸν
2454 3086 2648 3154 Λόγον,
2676 3084 2737 3141 εὖ
2779 3088 2924 3156 μάλα
2956 3090 3464 3161 διαϐεϐαιουμένης,
3502 3093 3713 3163 καὶτῆς
3742 3093 3922 3163 ὀρθῆς

662 3178 877 3230 prorsus
903 3164 1132 3223 aﬂirmet
1154 3206 1170 3231 ,
1200 3181 1263 3222 ac
1309 3179 1465 3224 recta:
1507 3172 1627 3225 fidei
1673 3176 1889 3230 traditio
1915 3177 1997 3231 his
2023 3177 2223 3235 ﬁnibus

2335 3177 2573 3241 πίστεως
2598 3177 2697 3248 τὴν
2724 3181 3023 3248 παράδοσιν
3046 3182 3377 3253 ὁριζομένης
3400 3185 3459 3236 ἐν
3490 3161 3732 3249 actitare;
3770 3161 3924 3237 Ἃ).λ’

657 3254 997 3316 contineatur
1026 3256 1049 3308 ?
1084 3257 1187 3312 Sed
1221 3259 1383 3313 nimia
1407 3262 1691 3316 admodum
1728 3265 1990 3335 religione
2019 3282 2232 3336 permo-

659 3356 744 3401 tus
796 3347 1094 3412 erubescit,
1142 3361 1201 3403 ut
1248 3351 1540 3407 verisimile
1590 3364 1697 3419 est,
1726 3356 1791 3410 de
1845 3360 2232 3417 exinanitionis

658 3451 939 3504 mensura,
975 3451 1028 3493 et
1060 3440 1166 3495 Deo
1214 3452 1268 3496 et
1319 3440 1464 3497 Patri
1516 3454 1841 3502 coaeternum
1906 3447 2137 3517 Filium,
2176 3452 2229 3507 in

656 3527 843 3582 eadem
866 3543 986 3583 cum
1011 3529 1266 3588 Genitore
1287 3532 1453 3588 forma
1481 3545 1537 3590 et
1566 3539 1807 3592 oumium
1841 3555 2020 3596 rerum
2050 3559 2230 3614 mqua-

656 3618 835 3687 litate,
865 3621 1155 3676 demissum
1194 3626 1259 3679 ad
1291 3624 1646 3683 humilitatem
1688 3630 1869 3685 videre
1913 3650 2016 3687 non
2071 3640 2230 3691 susti-

657 3718 781 3775 net;
819 3722 1035 3766 accusat
1082 3722 1260 3767 autem
1314 3714 1806 3785 dispensationem,
1881 3733 1935 3778 et
1990 3725 2228 3781 divinum

658 3798 885 3854 fortasse
948 3802 1263 3865 Consilium,
1294 3814 1455 3873 atque
1508 3809 1889 3875 cogitationem
1942 3815 2229 3884 reprelien-

655 3901 806 3942 sione
836 3903 1027 3944 vacare
1063 3906 1165 3945 non
1198 3894 1418 3960 patitur.
1468 3896 1699 3954 Simulat
1736 3902 1878 3958 enim
1907 3906 2013 3960 vim
2042 3909 2228 3963 verbo-

653 3995 772 4034 rum
838 3980 1035 4038 Christi
1098 3998 1156 4037 se
1215 3988 1536 4055 exquirere,
1593 4008 1657 4046 ac
1713 3994 1872 4048 veluti
1946 3999 2225 4055 ruminans

624 4070 1071 4136 profunditatem
1124 4079 1513 4136 sententiarum
1538 4121 1554 4145 ,
1594 4083 1789 4138 deinde
1833 4088 1976 4155 quod
2018 4104 2046 4142 a
2076 4091 2228 4148 nobis

654 4161 849 4219 dicitur
888 4180 953 4219 eo
981 4167 1282 4233 perducens
1306 4209 1321 4236 ,
1353 4171 1496 4227 sicut
1536 4173 1649 4242 ipse
1700 4186 1884 4245 putat,
1920 4189 1977 4233 ut
1999 4183 2227 4240 absurde

652 4261 705 4303 et
764 4254 1010 4322 imperite
1045 4259 1249 4314 dictum
1282 4262 1548 4320 videatur.
1586 4284 1605 4318 ι
1648 4265 1973 4337 Videamus,
2022 4272 2220 4343 inquit,

654 4344 899 4411 quisnam
933 4359 1128 4413 praeter
1180 4355 1503 4409 sententiam
1544 4356 1972 4429 interpretetur:
2016 4382 2035 4414 ‹
2075 4363 2225 4420 Sicut

662 4454 678 4485 ι
709 4437 852 4491 misit
879 4454 962 4492 me
994 4441 1179 4495 vivens
1214 4442 1405 4510 Pater;
1442 4466 1460 4499 ι
1480 4462 1623 4502 nam
1647 4450 1896 4507 similiter
1926 4461 2086 4523 atque
2114 4456 2223 4522 ille,

2334 3272 2398 3323 ὲκ
2432 3270 2634 3342 πολλῆς
2659 3273 2800 3341 ἄγαν
2831 3274 3119 3339 εὐλαϐείας
3145 3275 3469 3347 ὲπερυθριᾷ,
3490 3276 3631 3330 κατά
3657 3278 3718 3331 τὸ
3741 3278 3921 3342 εἰκὸς,

2334 3364 2446 3425 τοῖς
2473 3363 2575 3431 τῆς
2602 3367 2886 3429 κενώσεως
2918 3368 3160 3437 μέτροις,
3194 3368 3286 3421 καὶ
3310 3368 3411 3421 οὐκ
3446 3370 3696 3439 ἀνέχεται
3719 3371 3811 3423 τὸν
3838 3372 3926 3442 τῷ

2334 3452 2453 3525 Θεῷ
2487 3456 2581 3509 καὶ
2620 3457 2796 3528 Πατρὶ
2845 3460 3117 3514 συναῖδιον
3155 3460 3304 3525 rev,
3354 3461 3444 3515 τὸν
3492 3464 3771 3536 ἐνλμορφῇ
3819 3468 3924 3521 καὶ

2336 3545 2540 3615 ἰσότητι
2579 3550 2645 3618 τῇ
2689 3550 2831 3603 κατὰ
2870 3552 2978 3605 πᾶν
3024 3553 3205 3609 ὁτιοῦν
3239 3553 3317 3623 τῷ
3369 3559 3746 3627 γεγεννηκότι,
3777 3562 3924 3614 καθ-

2336 3638 2559 3707 ιγμένον
2585 3640 2722 3693 ίδεῖνς
2745 3643 2825 3704 είς
2852 3645 3182 3697 ταπείνωσιν
3207 3659 3217 3670 ·
3262 3646 3531 3715 γράφεται
3556 3650 3610 3702 δὲ
3637 3652 3735 3721 τὴν
3768 3654 3924 3705 οίκο-

2334 3727 2546 3796 νομίαν,
2595 3731 2687 3781 καὶ
2733 3730 2833 3800 τὴν
2880 3731 3032 3785 θείαν
3094 3734 3233 3803 τάχα
3284 3752 3385 3787 που
3447 3736 3643 3807 βουλήν
3694 3755 3753 3790 τε
3820 3746 3922 3795 καὶ

2335 3820 2534 3890 σκῆψιν
2563 3820 2674 3892 (9.9)
2702 3824 3091 3879 ἀκαταιτίατον
3110 3826 3320 3898 οὑκνὲᾷ.
3341 3828 3648 3897 Σκήπτεται
3675 3830 3773 3897 μὲν
3800 3832 3922 3903 γάρ

2334 3910 2805 3991 πολυπραγμονεῖν
2836 3915 2948 3969 τῶν
2993 3917 3303 3987 εἰρημένων
3344 3919 3495 3991 παρά
3535 3921 3770 3990 Χριστοῦ
3812 3923 3921 3995 τὴν

2329 3999 2575 4071 δύναμιν,
2626 4006 2718 4057 καὶ
2763 4000 2876 4059 οἷον
2915 4008 3385 4079 ἀναμασσώμενος
3428 4012 3491 4063 τὸ
3536 4012 3648 4065 τῶν
3688 4012 3919 4068 ἐννοιῶν

2332 4092 2527 4161 βάθος·
2567 4089 2687 4149 εἶτα
2732 4097 3041 4167 περιιστάς,
3080 4099 3155 4164 ὡς
3194 4101 3387 4166 οἴεται,
3436 4101 3526 4156 τὸν
3579 4107 3710 4173 παρ’
3752 4105 3919 4175 ἡμῶν

2329 4184 2505 4253 λόγον,
2552 4188 2632 4250 είς
2678 4188 2738 4241 τὸ
2783 4190 3029 4255 ἐκτόπως
3074 4209 3133 4245 τε
3162 4193 3255 4247 καὶ¹
3302 4194 3529 4265 ἀμαθῶς
3579 4197 3917 4265 πεποιῆσθαι

2329 4277 2826 4350 δοκεῖν.ι”16ωμεν,
2856 4284 3011 4353 φησὶ,
3041 4284 3122 4346 τίς
3154 4285 3182 4336 6
3206 4287 3687 4357 παρερμηνεύων·ι
3707 4289 3916 4354 Καθὼς

2335 4388 2350 4419 ι
2388 4369 2677 4423 ἀπέστειλὲ
2707 4388 2772 4442 με
2806 4374 2833 4425 6
2864 4373 2973 4437 ζῶν
3006 4374 3195 4446 Πατήρ
3219 4391 3266 4428 ἰ
3306 4379 3426 4430 κατ’
3460 4378 3717 4444 ὲκεῖνον,«
3752 4379 3919 4447 κάγὼ

2334 4478 2350 4510 ι
2389 4459 2483 4526 ζῶ,
2516 4480 2532 4511 ι
2556 4460 2583 4511 6
2610 4462 2739 4526 Θεὸς
2771 4461 3002 4531 Δόγος,τ
3019 4462 3106 4517 διὰ
3122 4464 3217 4517 τὸν
3238 4465 3480 4536 Πατέραο
3500 4468 3592 4521 καὶ
3626 4468 3655 4519 6
3676 4468 3917 4539 τρώγων

659 4545 675 4573 ι
708 4530 959 4593 egovivo
997 4548 1013 4581 ι
1070 4531 1210 4588 Dens
1256 4532 1487 4590 Verbum
1533 4556 1551 4588 ι
1590 4547 1813 4610 propter
1853 4542 2113 4601 Patrem:
2171 4559 2225 4603 et

2341 4568 2356 4599 ι
2388 4566 2474 4618 με,
2503 4550 2753 4615 κάκεῖνος
2779 4552 3057 4621 ζήσεται.)
3087 4552 3220 4608 Τίνα
3246 4530 3518 4626 ἐσθίομεν.
3536 4557 3633 4628 τὴν
3651 4530 3911 4629 θεόττγτα,

662 4636 675 4666 ι
709 4618 1106 4685 quimanducat
1143 4640 1248 4688 me.
1282 4636 1336 4681 et
1362 4627 1450 4683 illo
1474 4630 1647 4699 vivet;
1690 4652 1708 4684 ι
1742 4649 1901 4703 quem
1929 4641 2221 4699 tnanduca~

656 4723 795 4772 mus,
818 4709 1275 4780 divinitatemran.
1289 4720 1549 4775 carnem?
1572 4740 1588 4773 ι
1626 4721 1761 4779 Num
1793 4727 2005 4782 tandem
2030 4733 2218 4797 sentis,

655 4802 944 4865 quoanon's
968 4812 1054 4859 tua
1082 4804 1155 4859 sit
1194 4807 1311 4862 loco
1348 4810 1371 4863 ?
1398 4827 1521 4866 nam
1552 4828 1608 4869 se
1632 4816 1852 4872 missum
1887 4834 2009 4875 esse
2039 4822 2222 4879 dicens

657 4891 830 4984 ipsum
860 4890 952 4984 Dei
992 4894 1246 4963 Verbum,
1282 4900 1409 4956 «Et.
1432 4905 1523 4972 qui
1547 4907 1841 4974 mandueat
1890 4928 1994 4979 me,
2024 4914 2217 4984 inquit,

654 4992 722 5032 et.
748 4980 837 5038 ille
869 4983 1027 5039 vivet.
1086 5004 1102 5037 ι
1135 4986 1519 5049 Manducamus
1560 5006 1737 5055 autem
1783 5014 2047 5067 nos,’non
2085 4980 2223 5073 quod

728 5135 774 5167 "
815 5137 859 5168 ⁹⁰
900 5137 1053 5194 Joan.
1088 5157 1161 5207 v1,
1199 5143 1284 5197 (Η.

2332 4638 2480 4710 ἢτὴν
2513 4642 2722 4712 σάρκας
2756 4662 2774 4695 ι
2814 4639 2939 4715 Ἆρ’
2974 4640 3066 4699 οῦν
3092 4646 3324 4717 αίσθάνῃ
3348 4647 3531 4723 λοιπὸν
3548 4650 3671 4703 ὅποι
3703 4667 3833 4704 ποτε
3860 4649 3921 4706 εἴ

2332 4732 2543 4799 φρενῶν
2572 4752 2584 4800 ;
2633 4735 2975 4789 ἀπεστάλθαι
3011 4736 3119 4807 γὰρ
3165 4737 3337 4806 λέγων
3377 4739 3567 4793 ἑαυτὸν
3591 4740 3619 4793 ὁ
3648 4740 3740 4793 τοῦ
3766 4741 3909 4796 θεοδ

2330 4823 2526 4890 Λόγος,
2564 4844 2583 4875 ι
2606 4826 2715 4878 Καὶ
2741 4829 2769 4879 6
2793 4827 3021 4897 τρώγων
3048 4845 3136 4897 με,
3154 4831 3311 4897 φησι,
3341 4829 3587 4893 κάκεῖνος
3617 4831 3903 4901 ζήσεται.»

2343 4914 2626 4986 Ἑσθίομεν
2674 4919 2731 4971 δὲ
2770 4921 2951 4989 ἡμεῖς,
3002 4920 3065 4972 οὐ
3116 4920 3215 4989 τὴν
3252 4920 3481 4992 Θεότητα
3531 4920 3908 4987 δαπανῶντες,

2339 5009 2515 5079 ἄπαγε
2569 5012 2663 5080 τῆς
2715 5010 3053 5077 δυσϐουλίας,
3089 5011 3221 5064 ἀλλά
3256 5012 3355 5083 τὴν
3401 5012 3532 5066 ἱδῖαν
3584 5012 3677 5066 τοῦ
3725 5013 3907 5082 Λόγου

1909 5284 2065 5340 ΛΝΤ.
2109 5288 2377 5343 AGELLII
2421 5292 2645 5347 NOTAE.

732 5437 845 5508 (‘28)
900 5437 1226 5517 Ιηιιὶηέεειιε
1297 5446 1479 5512 putavi
1541 5450 1820 5517 commode
1880 5449 2014 5501 verti
2089 5452 2229 5517 quod

658 5507 847 5560 Graece
899 5520 1003 5573 est,
1043 5507 1421 5581 oi'xoGequuo
1462 5515 1717 5569 adverbio
1772 5518 1940 5569 utitur
1983 5507 2230 5572 nonnun-

660 5588 1044 5656 quatii_au_(:tor
1068 5582 1123 5656 in
1172 5582 1269 5656 hac
1317 5585 1729 5656 signiﬁcatione,
1760 5597 1817 5638 ut
1854 5587 1946 5639 ltb.
1986 5601 2059 5651 tv,
2109 5604 2229 5656 pag.

662 5646 770 5725 98-:
795 5645 1005 5725 οἴκοθεν
1036 5646 1127 5703 οὖν
1164 5652 1271 5721 ἀρα
1305 5645 1397 5705 καὶ
1444 5655 1570 5724 παρ’
1604 5645 1767 5725 aptet")
1809 5657 1865 5707 τὸ
1899 5645 2230 5725 πνεῦιιαάδ-

666 5716 781 5793 τοῦ,
808 5718 1122 5793 intrinsecus
1150 5716 1297 5774 et'ab
1343 5725 1452 5789 ipso
1490 5716 1563 5776 est
1617 5722 1841 5793 Spiritus
1877 5716 2097 5792 ejusfet
2125 5730 2225 5782 θυι

665 5787 764 5840 οὐκ
808 5787 1215 5858 εἰσκεκριμένον
1264 5787 1479 5858 ἔξωθεν,
1516 5795 1628 5848 ἀλλ’
1656 5787 1868 5849 ὀἴκοθεν
1901 5787 2013 5865 ἔχει
2054 5798 2143 5849 καὶ
2174 5799 2230 5863 ἐξ

2332 5453 2496 5538 αὑτοῦ
2522 5457 2582 5507 τὸ
2612 5459 2849 5538 ἐνεργεῖν
2875 5459 3129 5538 δύνασθαι
3150 5503 3163 5521 ,
3194 5461 3501 5538 intrimccus
3524 5475 3572 5517 et
3598 5481 3670 5518 ea:
3701 5483 3758 5523 sc
3790 5468 3914 5538 ipso

2333 5524 2484 5597 habet
2528 5536 2580 5597 ut
2618 5524 2823 5591 operari
2856 5540 2902 5580 et
2933 5529 3141 5596 efﬁcere
3166 5532 3345 5597 possit.

2404 5592 2516 5661 (29)
2544 5596 2711 5669 Forte
2734 5597 2942 5665 σκέψιν,
2966 5592 3361 5667 "cogitationem
3402 5612 3553 5669 atque
3600 5608 3905 5661 considera-

2332 5664 2541 5746 tionem,
2574 5676 2631 5746 gl
2662 5666 2797 5746 libro
2824 5664 3075 5746 Sequenti
3097 5669 3367 5746 pagr‘l‘ZO,
3396 5664 3585 5744 ἐπειδὴ
3607 5674 3664 5726 δὲ
3689 5681 3908 5746 χρηστά

2338 5734 2639 5810 περ“ι.ῄμῶν
2671 5734 3063 5810 ὁνΔημιουργὺς
3093 5734 3375 5810 ἐσκέψατο,
3401 5734 3672 5810 postquam
3690 5734 3904 5807 "t'lo'no-

2334 5804 2408 5855 bis
2443 5805 2526 5858 ille
2551 5804 3047 5862 Conditor‘melto‘ra
3073 5804 3316 5876 cogitavit
