4104 6500
98 426 169 479 ‘93
1237 451 1602 509 ADVERSUS
1642 451 1762 508 NES

1874 453 2049 512 RIUM
2090 453 2218 511 LIB.
2252 460 2345 515 ιν.
3364 465 3466 521 194

105 565 241 655 δξίοκα
279 550 608 617 ξωοποιδν
647 563 1147 645 ’γεγενημένην,
1207 574 1287 628 δτι
1348 577 1571 646 γέγονεν
1622 580 1762 632 αὐτοῖ

1896 580 2064 649 ipsam
2101 581 2435 637 divinitatem
2467 597 2848 640 eonsumamus
2878 587 2893 655 (
2930 600 3094 656 apage
3128 586 3194 641 ab
3224 588 3324 642 ista
3360 589 3460 642 itu-

110 648 403 751 ξῶξῖοἴδιὰ
421 653 541 707 τὸν
578 659 879 751 ῌᾳτέρα
906 682 921 695 ο
958 666 1054 720 καὶ
1080 667 1177 737 οὐχ
1208 670 1290 721 ὅτι
1321 668 1445 739 [ῖσ.
1474 673 1568 724 καὶ
1600 672 1748 725 οὗτοι

1892 673 2174 743 pietate),
2208 676 2302 729 sed
2350 674 2493 728 illam
2540 676 2817 745 propriam
2870 678 3028 731 Verbi
3073 693 3292 734 cantem
3351 680 3463 749 iam

119 746 198 857 noxi
225 757 409 857 φαμεν
438 746 626 801 κατὰ
665 752 936 820 μέθεξιν
978 757 1078 828 τὴν
1116 757 1334 824 ἔξωθεν,
1377 762 1469 813 καὶ
1513 764 1759 834 είσκεκρι

1892 762 2157 817 vivificain
2194 763 2440 819 effectam
2466 808 2479 830 ,
2510 767 2633 835 quia
2667 766 2782 835 ejus
2812 769 2948 822 faeta
2979 778 3079 833 est,
3115 771 3202 838 qui
3247 746 3465 838 propter

132 834 807 941 itévtn;“§t001t0tetceat
867 846 964 900 τὸν
1004 847 1178 916 Λόγον
1222 854 1375 921 παρὰ
1411 853 1505 906 τοῦ
1552 854 1762 924 Πατρὸς

1892 853 2101 908 Patrem
2161 857 2289 909 vivit
2336 867 2438 911 :et
2493 866 2641 912 certe
2694 875 2797 913 non
2869 862 3097 915 dicimus
3157 864 3461 916 extrinseca

144 923 264 997 ζωὴν
292 926 353 979 δὲ
404 929 649 994 μᾶλλον
697 936 867 991 κατὰ
909 937 1073 1008 φύσιν
1114 934 1254 994 εἶναι
1290 923 1747 1015 διαϐεϐαιούμεθα

1890 946 2295 1013 participatione
2328 960 2384 1002 et
2417 949 2706 1003 adventitia
2746 952 3005 1006 vivificari
3036 951 3269 1007 Verbum
3305 967 3331 1006 a
3359 953 3461 1005 Pa-

154 1020 464 1091 γεγέννηται
484 1024 615 1095 γὰρ
651 1026 747 1091 ὡς
786 1030 859 1082 ἑκ
888 1028 1035 1101 ζωῆς
1053 1030 1147 1085 τοῦ
1172 1033 1401 1105 Πατρός.
1432 1037 1640 1108 Ὄνπερ
1679 1038 1762 1110 γάε

1889 1042 1992 1097 tre,
2016 1037 2107 1088 sed
2146 1035 2307 1089 vitam
2349 1038 2524 1105 potius
2554 1054 2648 1105 per
2675 1049 2921 1094 naturam
2949 1055 3070 1097 esse
3092 1042 3420 1097 aliirmamus
3450 1064 3462 1107 ;

158 1111 437 1220 196?OV‘16
476 1115 585 1168 τοῦ
634 1115 817 1187 ἡλίου
876 1121 1230 1192 πεμπόμενον
1271 1124 1450 1189 σέλας,
1495 1128 1543 1179 εί
1575 1127 1762 1198 λέγοιτ‹

1886 1126 2097 1193 genitus
2139 1136 2220 1181 est
2276 1129 2417 1183 enim
2464 1131 2528 1183 de
2577 1130 2736 1186 Patre
2793 1139 3051 1201 tanquam
3093 1132 3161 1187 de
3206 1134 3334 1187 vita.
3397 1131 3465 1188 Ut

170 1203 314 1316 τυχδῖ
338 1203 619 1279 λαμπρὸν
652 1205 807 1264 εἶναι
836 1212 928 1266 διὰ
960 1212 1053 1266 τόν
1091 1216 1439 1286 πεπομφότα,
1471 1220 1658 1290 ἤγουν,
1694 1221 1762 1275 τοι

1886 1217 2028 1270 enim
2063 1216 2239 1287 fulgor
2268 1234 2297 1272 a
2332 1218 2443 1274 sole
2479 1221 2707 1284 missus,
2751 1222 2793 1277 si
2818 1223 2961 1277 forte
2991 1222 3304 1290 splendidus
3345 1237 3466 1277 esse

164 1296 221 1360 ἐξ
254 1296 313 1351 οὗ
345 1299 665 1369 πάρεστιν,
696 1302 766 1354 οὐ
807 1304 951 1358 κατά
984 1306 1203 1376 μέθεξιν
1235 1308 1351 1379 ἔχει
1382 1309 1444 1363 τὸ
1467 1307 1609 1366 εἶναι
1642 1312 1762 1384 λαμι

1886 1309 2096 1362 dicatur
2125 1322 2344 1380 propter
2377 1311 2699 1376 mittentem,
2726 1314 2809 1368 vel
2848 1324 3073 1382 prapter
3103 1328 3226 1368 eum
3260 1326 3323 1368 ex
3354 1320 3463 1382 quo

168 1388 317 1458 πρὸν,
353 1389 476 1453 ἀλλ’
516 1387 644 1445 οἷον
674 1395 744 1446 ὲκ
775 1396 1016 1465 φυσικῆς
1040 1398 1341 1468 εὐγενείας,
1368 1401 1428 1456 τὺ
1448 1403 1543 1458 τοῦ
1576 1423 1762 1477 πεπομ

1886 1400 2161 1466 provenit,
2196 1414 2299 1454 non
2332 1414 2395 1454 ex
2425 1402 2834 1471 participatione
2885 1404 3044 1458 habet
3073 1413 3127 1458 ut
3152 1403 3458 1469 splendeat,

164 1480 344 1547 φάεος,
410 1482 594 1553 ἢγουν
646 1486 1115 1558 ἀπαστράψαντος
1157 1491 1537 1566 πλεονέκτημα
1588 1500 1746 1568 φορεῖ

1884 1493 1976 1546 sed
2002 1493 2395 1561 quodammodo
2428 1509 2490 1546 ex
2521 1494 2748 1549 naturali
2792 1496 3073 1549 nobilitate
3124 1496 3270 1550 illaut
3298 1495 3461 1549 emit-

163 1573 303 1625 κατὰ
328 1573 430 1626 τόν
462 1576 611 1639 ἴσον,
642 1570 825 1646 οἶμαι,
858 1580 1034 1652 τούτῳ
1056 1581 1258 1654 τρόπον
1283 1601 1343 1637 τε
1367 1586 1463 1639 καὶ
1478 1585 1656 1656 λόγον,
1677 1587 1762 1642 κᾶε

1886 1585 2045 1639 tentis
2090 1599 2183 1639 seu
2219 1584 2541 1654 fulgurantis
2583 1587 2954 1642 excellentiam
2990 1589 3197 1653 defert;
3239 1587 3463 1650 eodem,

157 1666 205 1717 εί
233 1662 393 1734 λέγοι
426 1668 537 1737 ζῇν
570 1669 774 1722 ἑαυτὸν
798 1672 827 1723 6
856 1672 980 1737 Υἱὸς
1002 1673 1097 1728 διὰ
1111 1676 1201 1730 τὸν
1222 1677 1467 1750 Πατέρα,
1494 1682 1762 1754 μαρτυρή·

1883 1678 2095 1745 opinor.
2128 1678 2309 1741 modo,
2343 1676 2644 1748 eademque
2689 1680 2896 1733 ratione
2936 1680 3149 1735 etiamsi
3196 1680 3377 1734 vivere
3405 1692 3465 1733 se

158 1774 304 1811 σειεν
337 1759 414 1813 ἂν
440 1762 633 1833 ἑαυτῷ
662 1764 763 1836 τὴν
793 1764 855 1817 ὲκ
886 1765 1097 1834 Πατρός
1124 1768 1428 1837 εὐγένειαν,
1463 1772 1556 1825 καὶ
1584 1774 1643 1826 οὐ
1668 1774 1762 1835 τοῖ,

1884 1770 2026 1823 dicat
2080 1769 2249 1825 Filius
2290 1782 2509 1840 propter
2562 1770 2815 1835 Patrem,
2853 1771 2952 1826 sibi
2989 1772 3133 1825 illaut
3181 1786 3247 1824 ex
3300 1770 3462 1825 Patre

152 1852 346 1916 ἄλλοις
409 1853 725 1925 κτίσμασιν
782 1856 1005 1927 ἀναμὶξ,
1059 1860 1305 1931 ἐπακτήν
1344 1879 1405 1917 τε
1452 1865 1545 1919 καὶ
1580 1864 1762 1933 ἔξωθει

1884 1860 2214 1914 nobilitatem
2248 1875 2345 1914 suo
2374 1862 2681 1916 testimonio
2706 1863 2941 1916 vindicat
2967 1903 2981 1926 ,
3004 1877 3107 1916 non
3143 1862 3301 1931 vulgo
3327 1861 3459 1915 alia-

149 1943 305 2013 ἔχειν
338 1945 692 2018 ὁμολογήσει
720 1947 822 2017 τὴν
857 1948 1023 2021 ζωήν.
1062 1951 1268 2024 Ὠσπερ
1299 1954 1357 2007 δὲ
1399 1957 1460 2009 τὸ
1485 1954 1650 2012 αὐτοῦ
1678 1958 1762 2012 toi

1882 1968 2002 2005 runt
2036 1962 2407 2006 creaturarum
2450 1954 2713 2009 admistus
2752 1954 3014 2007 invectam
3044 1965 3097 2009 et
3122 1956 3459 2009 extrinsecus

149 2036 342 2103 Λόγου
404 2037 578 2107 σῶμα
624 2039 887 2104 ζωοποιόν
939 2044 1103 2106 ἐστιν,
1153 2045 1284 2097 ἴδιον
1330 2048 1495 2101 αὐτοῦ
1543 2066 1762 2122 ποιησα-

1879 2052 2084 2113 partam
2109 2044 2308 2098 habere
2330 2057 2387 2098 se
2411 2044 2570 2097 vitam
2597 2044 2811 2098 fatetur.
2840 2046 3302 2111 Quemadmodum
3326 2059 3454 2098 vero

152 2126 331 2193 μένου
369 2129 503 2182 καθ’
526 2131 727 2184 ἕνωσιν
755 2131 934 2203 ἀληθῆ
959 2134 1058 2204 τὴν
1087 2135 1228 2208 ὑπὲρ
1251 2136 1375 2193 νοῦν
1398 2156 1458 2193 τε
1483 2142 1576 2195 καὶ
1599 2142 1762 2213 λόγον

1880 2134 2147 2190 vivificum
2176 2144 2256 2189 est
2278 2134 2403 2189 illud
2434 2135 2599 2203 ipsius
2624 2136 2779 2191 Verbi
2798 2151 3013 2204 corpus,
3040 2136 3181 2204 quod
3201 2136 3300 2190 sibi
3325 2150 3457 2205 pro-

148 2217 304 2271 οὕτω
362 2221 467 2273 καὶ
518 2223 683 2292 ἡμεῖς
714 2224 765 2275 οἱ
804 2225 867 2277 ἒν
912 2224 1129 2293 μεθέξει
1158 2231 1455 2301 γενοίμεθα
1487 2234 1586 2303 τῆς
1614 2235 1762 2304 ἁγίας

1879 2227 2054 2296 prium
2086 2225 2215 2283 fecit
2249 2242 2344 2296 per
2386 2238 2565 2280 veram
2605 2228 2853 2281 unionem
2878 2242 3030 2294 ,quae
3050 2236 3104 2279 et
3147 2227 3450 2295 intelligen-

155 2312 403 2379 σαρκὸς,
450 2311 555 2365 καὶ
589 2312 825 2383 αἵματος
857 2316 1049 2382 αὐτοῦ,
1098 2320 1277 2393 πάντῃ
1322 2340 1380 2376 τε
1417 2326 1512 2378 καὶ
1561 2326 1762 2391 πάντως

1880 2318 2008 2371 tiam
2026 2329 2078 2372 et
2105 2331 2406 2374 sermonem
2434 2327 2686 2386 superat,
2720 2317 2799 2371 sic
2816 2333 2913 2373 nos
2938 2325 3151 2387 quoque
3187 2318 3278 2387 qui
3308 2318 3450 2372 illius

152 2402 624 2474 ζυιοποιούμεθα,
657 2408 911 2477 μένοντος
952 2410 1009 2463 ἐν
1052 2410 1185 2481 ἡμίν
1234 2413 1327 2467 τοῦ
1368 2416 1541 2485 Λόγου
1580 2418 1762 2482 θεῖκῶς

1879 2418 2077 2463 sancta:
2118 2410 2299 2464 Carnis
2336 2419 2391 2464 et
2427 2409 2704 2477 sanguinis
2732 2409 2849 2478 ejus
2883 2410 3291 2478 participatione
3328 2407 3459 2461 frui-

158 2493 285 2560 μὲν,
330 2496 431 2549 διὰ
465 2498 568 2551 τοῦ
596 2500 754 2569 ἁγίου
795 2500 1133 2574 Πνεῦματος,
1182 2506 1541 2577 ἀνθρωπίνως
1581 2510 1638 2564 δὲ
1684 2508 1762 2565 αὖ,

1880 2518 2022 2564 mur,
2055 2504 2274 2556 omnino
2300 2502 2659 2565 vivificamur,
2683 2515 2804 2555 cum
2830 2501 2880 2554 in
2909 2501 3062 2556 nobis
3088 2512 3301 2555 maneat
3325 2498 3455 2555 νοτ.

158 2584 249 2637 διὰ
275 2588 390 2655 τῆς
414 2589 591 2655 ἁγίας
617 2591 823 2660 σαρκός
852 2595 947 2646 καὶ
982 2596 1074 2649 τοῦ
1105 2596 1285 2667 τιμίου
1328 2600 1583 2669 αἵματος.
1627 2604 1762 2657 Ἐπι·

1879 2594 2005 2649 bum
2030 2609 2131 2647 non
2157 2594 2329 2649 solum
2359 2593 2542 2647 divino
2570 2592 2731 2645 modo
2762 2605 2857 2660 per
2880 2602 3129 2647 sanctum
3173 2592 3455 2661 Spiritum,

159 2678 467 2784 ςῖηφιεῖται
496 2680 556 2733 δὲ
595 2676 677 2745 οἷς
702 2681 840 2754 ἔφην
867 2681 929 2737 τὸ
956 2686 1156 2758 ἀληθὲς
1173 2689 1202 2740 6
1227 2689 1518 2758 ἱερώτατος
1544 2693 1762 2758 Παῦλος

1884 2688 2037 2756 ιιι
2064 2699 2249 2739 verum
2286 2684 2448 2738 etiam
2482 2685 2736 2749 humano,
2771 2698 2866 2753 per
2883 2694 3125 2738 sanctam
3157 2682 3301 2737 illam
3335 2697 3452 2736 car-

162 2770 262 2821 est
313 2771 632 2841 γεγραφὼς
680 2776 793 2838 τοῖς
833 2775 892 2828 ἐν
941 2776 1195 2849 Κορίνθῳ
1242 2785 1666 2839 πεπιστευκόσιν
1699 2789 1762 2851 είς

1883 2788 2003 2833 nem
2064 2777 2473 2847 prctiosumque
2496 2776 2978 2847 ejus'sauguinem.
3008 2775 3131 2830 "me
3167 2790 3286 2844 qua:
3323 2775 3457 2837 dixi,

166 2860 257 2912 τὸν
292 2863 518 2933 Κύριον
552 2864 714 2935 ἡμῶν
772 2864 982 2938 Ἰησοῦν
1020 2868 1111 2922 τὸν
1142 2871 1378 2943 Χριστόν
1401 2890 1414 2903 ’
1450 2894 1469 2927 ι
1509 2876 1597 2941 Ὠς
1644 2896 1776 2951 φρο-

168 2951 350 3045 νίμοις
383 2955 562 3023 λέγω,
594 2958 820 3027 κρίνατε
850 2952 1009 3033 ὑμεῖς
1033 2963 1061 3015 ὃ
1086 2981 1263 3034 φημι·
1291 2966 1353 3018 τὸ
1388 2970 1647 3039 ποτήριον
1680 2972 1777 3045 τῆς

168 3044 435 3112 εὐλογίας
464 3046 496 3097 δ
521 3047 880 3119 εὐλογοῦμεν,
914 3053 1037 3123 οὐχὶ
1067 3057 1324 3109 κοινωνία
1353 3059 1466 3112 ἐστὶ
1489 3060 1583 3114 τοῦ
1613 3063 1777 3134 αἵμα-

169 3148 260 3194 τος
282 3134 387 3186 τοῦ
417 3134 701 3206 Χριστοῦ;
736 3141 827 3193 τὸν
856 3142 1019 3213 ἄρτον
1045 3142 1104 3198 ὃν
1129 3144 1368 3216 κλῶμεν,
1388 3147 1509 3219 οὐχὶ
1527 3155 1778 3208 κοινωνία

1880 2878 2005 2923 vera
2034 2883 2155 2923 esse
2193 2868 2382 2923 beatus
2413 2866 2606 2921 Paulus
2644 2878 2743 2923 suo
2764 2865 3020 2938 suifragio
3048 2869 3357 2930 confirmat,
3381 2867 3460 2918 sic

1881 2964 2124 3019 scribens
2155 2965 2220 3016 ad
2240 2976 2332 3017 eos
2365 2965 2454 3031 qui
2495 2961 2740 3017 Corinthi
2788 2961 2841 3013 in
2896 2959 3180 3013 Dominqu
3216 2960 3456 3013 nostrum

1879 3054 2062 3110 J‘esum
2086 3053 2362 3108 Christum
2392 3053 2742 3108 confidebant
2778 3063 2793 3105 :
2829 3070 2846 3103 ι
2885 3051 3163 3120 Tanquam
3225 3050 3460 3118 pruden-

1881 3145 2026 3198 tibus
2052 3144 2193 3208 dico,
2230 3143 2467 3211 iudicate
2492 3154 2590 3197 vos
2633 3142 2775 3211 quod
2808 3141 2969 3196 dico?
3021 3141 3173 3195 Calix
3234 3139 3459 3194 benedi~

167 3222 258 3275 τοῦ
293 3223 565 3296 σώματος
590 3226 686 3281 τοῦ
715 3228 957 3301 Χριστοῦ
998 3232 1177 3301 ὲστιν;
1212 3235 1295 3289 ὅτι
1330 3233 1411 3301 εἷς
1448 3239 1633 3309 ἄρτος,
1681 3245 1762 3298 καῖ

1882 3237 2081 3292 ctiouis
2102 3235 2189 3290 cui
2218 3234 2609 3297 benedicimns,
2647 3246 2825 3287 nonne
2879 3230 3297 3286 communicatio
3326 3245 3452 3285 san-

165 3314 223 3366 ἒν
266 3318 437 3389 σῶμα
485 3320 539 3372 oi
589 3320 778 3375 πολλοί
817 3322 1015 3393 ἐσμεν·
1058 3327 1107 3380 οί
1154 3328 1264 3399 γὰρ
1308 3330 1509 3395 πάντες
1560 3336 1622 3386 ὲκ
1679 3334 1771 3389 τοῦ

150 3407 287 3471 ’ἑνὸς
336 3409 518 3481 ἄρτου
562 3414 889 3485 μετέχομεν.
923 3435 941 3469 ι
998 3417 1317 3490 Πνεύματος
1368 3422 1470 3492 μὲν
1525 3423 1635 3496 γάρ
1677 3427 1771 3480 τοῦ

166 3502 328 3567 ἁγίου
383 3506 815 3573 μετεσχηκότες,
875 3509 1025 3579 αὐτῷ
1063 3528 1121 3564 τε
1168 3511 1245 3583 τῷ
1294 3515 1511 3569 πάντων
1556 3514 1770 3591 Σωτῆρι

166 3590 417 3662 Χριστῷ,
452 3596 551 3647 καὶ
594 3596 849 3667 ἀλλήλοις
875 3601 1142 3672 ἑνούμεθα
1167 3622 1181 3636 ·
1219 3606 1497 3678 σύσσωμοι
1528 3606 1584 3664 δὲ
1632 3590 1769 3667 κο.τά

167 3682 366 3738 τοῦτόν
403 3686 579 3755 ἐσμεν
603 3686 695 3741 τὸν
728 3690 952 3759 τρόπον,
1003 3708 1024 3743 ι
1050 3694 1134 3747 ὅτι
1178 3689 1260 3759 εἷς
1292 3697 1476 3767 ἄρτος,
1511 3701 1570 3753 ἒν
1609 3704 1769 3773 σῶμα

168 3774 213 3825 οἱ
248 3775 449 3829 πολλοί
490 3778 689 3849 ἐσμενο
733 3781 784 3832 oi
826 3784 936 3853 γὰρ
975 3784 1179 3849 πάντες
1210 3788 1275 3841 ἐκ
1320 3788 1415 3842 τοῦ
1457 3791 1575 3855 ἐνὸς
1604 3794 1769 3862 ἄρτου

171 3869 543 3937 μετέχομεν.»
584 3869 774 3924 Συνδετ
800 3873 909 3944 γὰρ
939 3874 1087 3945 ἡμᾶς
1111 3878 1190 3941 είς
1210 3878 1438 3951 ἑνότητα
1465 3881 1526 3935 τὸ
1546 3882 1604 3936 ἐν
1638 3883 1769 3955 ἡμῖν

170 3956 335 4026 σῶμα
368 3960 636 4030 Χριστοῦ,
676 3963 1007 4035 μεμέρισται
1052 3966 1109 4021 δὲ
1146 3970 1270 4024 κατ’
1313 3971 1503 4026 οὐδένα
1543 3975 1763 4045 τρόπον.

171 4052 295 4103 Ὀτι
325 4052 385 4105 δὲ
405 4054 511 4139 ’διὰ
544 4054 640 4107 τοῦ
684 4056 937 4125 σώματος
958 4059 1054 4113 τοῦ
1082 4062 1323 4134 Χριστοῦ
1360 4064 1498 4136 πρὸς
1540 4065 1766 4140 ἑνότητα

165 4140 265 4211 τὴν
304 4143 451 4213 πρὸς
487 4144 671 4210 αὐτὸν,
703 4146 798 4199 καὶ
823 4147 960 4216 πρός
994 4165 1056 4216 γε
1085 4153 1186 4221 τὴν
1214 4153 1293 4215 είς
1323 4152 1587 4225 ἀλλήλους
1635 4174 1758 4210 συνο

166 4232 479 4302 ενήγμεθα,
506 4232 840 4287 πιστώσεται
876 4240 1105 4306 γράφων
1129 4241 1157 4293 6
1198 4242 1469 4313 μακάριος
1509 4246 1721 4312 Παῦλος
1747 4265 1760 4278 ⁸

170 4341 187 4371 ι
207 4324 422 4378 Τούτου
455 4324 619 4397 χάριν
647 4325 763 4395 ἐγὼ
777 4327 991 4394 Παῦλος
1011 4331 1039 4383 6
1065 4331 1287 4403 δέσμιος
1326 4336 1501 4407 Ἰησοῦ
1523 4339 1763 4409 Χριστοῦ

166 4415 311 4487 ὑπὲρ
346 4417 504 4487 ὑμῶν
541 4416 655 4470 τῶν
683 4417 872 4484 ἐθνῶν,
918 4420 972 4473 εί
996 4438 1059 4490 γε
1090 4423 1367 4492 ἠκούσατε
1412 4427 1512 4500 τὴν
1554 4431 1762 4485 οἰκονο-

165 4507 300 4573 μίαν
346 4507 447 4577 τῆς
506 4509 733 4579 χάριτος
772 4510 867 4564 τοῦ
911 4512 1047 4567 Θεοῦ
1096 4515 1197 4587 τῆς
1238 4517 1488 4591 δοθείσης
1540 4539 1631 4592 μοι
1683 4524 1763 4587 εἰς

1877 3328 2052 3399 guinis
2100 3326 2299 3383 Christi
2354 3327 2476 3382 est?
2526 3326 2678 3395 panis
2702 3340 2860 3394 quem
2913 3324 3232 3392 frangimus,
3286 3338 3461 3377 nonne

1877 3420 2307 3475 communicatio
2336 3418 2583 3487 corporis
2623 3416 2827 3472 Christi
2860 3415 3269 3482 est?Quoniam
3322 3430 3459 3468 unus

1875 3511 2031 3582 panis
2060 3519 2110 3565 ct
2141 3522 2304 3566 unum
2330 3521 2526 3580 corpus
2562 3506 2712 3563 multi
2747 3518 2959 3569 sumus,
2996 3522 3186 3560 omnes
3212 3507 3354 3560 enim
3392 3507 3456 3558 de

1876 3620 1981 3660 uno
2007 3616 2145 3674 pane
2164 3604 2548 3674 participamus
2577 3601 2646 3654 ".
2684 3620 2701 3653 ι
2748 3599 3045 3669 Participes
3070 3612 3301 3667 namque
3330 3613 3455 3653 sau-

1876 3698 1946 3750 cti
1976 3695 2217 3763 Spiritus
2240 3692 2440 3759 effecti,
2481 3700 2537 3748 et
2578 3690 2679 3762 ipsi
2722 3692 2961 3747 omnium
2996 3690 3265 3744 Salvatori
3297 3688 3455 3744 Chri-

1875 3797 1977 3855 sto,
2018 3800 2070 3845 et
2093 3790 2233 3843 inter
2262 3803 2361 3843 nos
2390 3788 2643 3841 unimur:
2681 3783 3103 3854 concorporales
3154 3783 3317 3836 etiam
3346 3782 3450 3836 hoc

1873 3881 2032 3935 modo
2059 3895 2245 3935 sumus
2267 3918 2281 3942 ,
2315 3896 2334 3930 ι
2377 3879 2632 3948 quoniam
2658 3894 2796 3931 unus
2850 3877 3002 3947 panis
3064 3891 3226 3930 unum
3259 3890 3455 3942 corpus

1874 3971 2026 4026 multi
2087 3986 2329 4025 sumus:
2391 3985 2581 4024 omnes
2646 3968 2790 4023 enim
2833 3970 2898 4021 de
2967 3981 3075 4021 uno
3152 3980 3292 4035 pane
3332 3980 3454 4034 par-

1874 4065 2174 4133 ticipamus.
2223 4082 2242 4114 »
2276 4062 2527 4131 Couligat
2559 4076 2793 4131 namque
2826 4074 2920 4113 nos
2948 4059 3013 4112 ad
3047 4059 3308 4112 unitatem
3331 4072 3452 4111 cor-

1872 4172 1970 4227 pus
2002 4156 2202 4211 Christi
2226 4157 2370 4223 qnod
2397 4164 2482 4209 est
2512 4154 2564 4208 in
2596 4156 2769 4218 nobis,
2802 4164 2977 4220 neque
3011 4161 3091 4204 est
3142 4148 3249 4203 ulio
3292 4137 3451 4202 modo

1869 4249 2123 4303 divisum.
2158 4247 2329 4301 Porro
2362 4262 2456 4316 per
2489 4246 2691 4302 Christi
2718 4259 2914 4312 corpus
2943 4244 3009 4296 ad
3062 4243 3321 4297 unitatem
3353 4257 3449 4310 per

1868 4355 2030 4411 quam
2056 4350 2109 4395 et
2143 4355 2264 4394 cum
2302 4340 2420 4407 ipso
2468 4350 2521 4394 et
2545 4339 2685 4393 inter
2714 4352 2812 4391 nos
2846 4336 3143 4406 iungimur,
3191 4334 3450 4390 collectos

1868 4446 1987 4487 esse
2017 4432 2302 4485 conﬁrmat
2329 4431 2521 4486 beatus
2546 4430 2769 4492 Paulus,
2798 4443 2919 4483 cum
2950 4427 3137 4481 scribit
3166 4444 3178 4480 :
3215 4445 3233 4478 ι
3276 4423 3448 4496 Hujus

1869 4526 1943 4579 rei
1974 4524 2144 4594 gratia
2173 4538 2269 4593 ego
2287 4522 2485 4578 Paulus
2514 4523 2726 4577 vinctus
2752 4520 2951 4575 Christi
2986 4517 3110 4573 Jcsu
3140 4533 3238 4587 pro
3294 4517 3449 4571 vobis

163 4596 338 4665 ὑμᾶς,
368 4598 451 4650 ὅτι
494 4601 616 4651 κατ’
655 4600 997 4673 ἀποκάλυψιν
1023 4606 1328 4680 ἐγνωρίσθη
1358 4626 1449 4681 μοι
1471 4613 1529 4665 τὸ
1556 4618 1761 4686 μυστή-

1870 4617 2142 4686 gentibus,
2179 4616 2223 4670 si
2258 4625 2435 4669 tamen
2476 4613 2710 4668 audistis
2761 4612 3218 4681 dispensationem
3260 4611 3447 4679 gratite

164 4704 305 4757 ριον,
358 4689 546 4753 καθὼς
604 4694 929 4765 προέγραψα
969 4698 1025 4750 ἐν
1068 4696 1254 4770 ὀλίγῳ,
1300 4702 1437 4773 πρὸς
1477 4704 1504 4757 6
1529 4705 1757 4761 δύνασθε

162 4781 640 4849 ἀναγινώσκοντες
666 4785 856 4855 νοῆσαι
888 4788 985 4860 τὴν
1022 4789 1238 4843 σύνεσίν
1264 4810 1365 4861 μου
1383 4795 1441 4846 ὲν
1459 4795 1534 4865 τῷ
1559 4814 1759 4869 μυστη-

166 4871 267 4941 ρίῳ
296 4873 393 4925 τοῦ
422 4874 696 4944 Χριστοῦ·
745 4877 772 4929 ὅ
808 4878 1022 4949 ἑτέραις
1050 4884 1266 4950 γενεαῖς
1316 4885 1419 4939 οὐκ
1450 4887 1755 4961 ἐγνωρίσθη

166 4962 279 5025 τοῖς
307 4966 444 5027 υἱοῖς
486 4967 596 5017 τῶν
636 4966 957 5038 ἀνθρώπων,
1000 4973 1076 5035 ὠς
1112 4972 1207 5027 νῦν
1254 4976 1612 5050 ἀπεκαλύφθη
1645 4981 1757 5044 τοῖς

172 5052 346 5141 ἁγίοις
367 5056 688 5121 ἀποστόλοις
716 5059 880 5113 αὐτοῦ
912 5063 1009 5115 καὶ
1040 5066 1349 5137 προφήταις
1370 5069 1427 5121 ὲν
1451 5070 1753 5141 Πνεῦματι,

172 5138 314 5197 εἶναι
348 5146 413 5199 τὰ
447 5146 576 5217 ἔθνη
604 5150 1026 5223 συγκληρονόμα
1056 5155 1150 5207 καὶ
1183 5157 1469 5229 σύσσωμα,
1489 5162 1581 5215 καὶ
1602 5138 1754 5234 *συμ-

177 5235 379 5336 μέτοχα
408 5238 507 5309 τῆς
536 5241 871 5310 ἐπαγγελίας
896 5246 951 5298 ἐν
986 5246 1228 5318 Χριστῷ.
1259 5268 1278 5300 ι
1331 5250 1546 5324 Ἐπειδὴ
1581 5253 1755 5327 δὲτὴν

176 5332 265 5379 τοῦ
304 5332 602 5401 μυστηρίου
645 5334 946 5403 παράδοσιν
971 5355 1029 5390 τε
1060 5339 1155 5393 καὶ
1178 5339 1405 5412 δύναμιν
1425 5345 1754 5416 ἠγνοηκότες

180 5415 232 5466 ὲν
259 5420 396 5491 ἀρχῇ
429 5422 537 5475 τῶν
566 5425 975 5479 πιστευσάντων
1002 5429 1167 5495 τινὲς,
1200 5431 1305 5497 ἔξω
1328 5415 1625 5505 τρέπεσθαι
1660 5438 1753 5492 τοῦ

184 5510 378 5576 εἰκότος
410 5514 621 5585 ἤθελον,
652 5516 975 5582 πανδαισίας
998 5537 1057 5573 τε
1092 5520 1187 5575 καὶ
1226 5523 1577 5593 δημοθοινίας
1613 5529 1753 5601 πλη-

190 5601 387 5669 ροῦντες
429 5610 486 5659 έν
545 5610 889 5679 ἐκκλησίαις,
941 5614 1055 5675 τοῖς
1099 5613 1256 5666 τοῦτο
1301 5616 1434 5687 δρᾷν
1482 5619 1749 5687 εἰωθόσιν,

190 5689 397 5764 ἐπετίμα
443 5700 674 5770 γράφων
724 5701 754 5752 ό
809 5701 1080 5771 μακάριος
1132 5704 1382 5765 Παῦλος·
1432 5728 1448 5758 ι
1482 5708 1571 5781 Μὴ
1641 5713 1749 5784 γὰρ

249 5869 285 5899 ’ί
311 5872 329 5928 ι
357 5872 474 5932 Cor.
512 5892 591 5945 ιι,
629 5874 836 5942 16,17.
916 5877 960 5907 "
1001 5876 1197 5945 Ephes.
1248 5896 1325 5936 ill.
1376 5882 1491 5937 δοῦ.

1868 4705 1985 4771 Dei,
2018 4722 2138 4777 qum
2158 4707 2280 4759 data
2313 4716 2395 4760 est
2439 4706 2569 4759 mihi
2605 4706 2655 4758 in
2694 4719 2813 4765 vos,
2849 4703 3106 4771 quoniam
3150 4700 3445 4753 secundum

1868 4799 2255 4854 revelatioucm
2287 4808 2471 4853 uotqu
2506 4797 2636 4850 mihi
2676 4794 2875 4849 factum
2902 4803 2984 4848 est
3020 4801 3443 4849 sacramentum,

1866 4890 2007 4947 sicut
2034 4906 2193 4960 supra
2230 4890 2423 4959 scripsi
2456 4890 2506 4943 in
2530 4888 2702 4953 brevi,
2736 4897 2893 4957 prout
2940 4883 3168 4955 potestis
3207 4881 3447 4951 legentes

1866 4980 2170 5050 intelligere
2219 4981 2564 5050 prudentiam
2610 4993 2786 5033 meam
2834 4976 2885 5030 in
2935 4974 3190 5045 mysterio
3215 4971 3442 5034 Christi,

1866 5074 2006 5143 quod
2031 5073 2151 5127 aliis
2182 5070 2623 5141 generationibus
2660 5078 2861 5124 nonest
2910 5068 3148 5137 agnitum
3194 5063 3315 5118 ﬁliis
3345 5064 3440 5116 ho-

1866 5168 2092 5232 minum,
2126 5166 2285 5221 sicuti
2320 5180 2466 5219 nunc
2496 5162 2791 5217 revelatum
2818 5170 2901 5214 est
2945 5158 3146 5214 sanctis
3180 5155 3442 5225 apostolis

1863 5259 1979 5329 ejus
2012 5268 2065 5315 et
2093 5259 2373 5329 pr0phetis
2400 5258 2451 5311 in
2486 5255 2715 5327 Spiritu,
2744 5262 2930 5325 gentes
2954 5266 3073 5307 esse
3107 5248 3437 5309 cohteredes,

1862 5350 2298 5419 concorporales,
2328 5358 2382 5403 et
2411 5346 2823 5415 comparticipes
2843 5342 3222 5413 promissionis
3246 5339 3361 5409 ejus
3388 5340 3439 5391 in

1858 5442 2077 5498 Christo
2106 5443 2170 5495 η.
2208 5460 2228 5492 ι
2270 5441 2536 5507 Quoniam
2588 5453 2717 5494 vero
2745 5453 2774 5491 a
2818 5437 3085 5507 principio
3117 5433 3441 5491 nonnuliiex

1856 5536 1922 5591 iis
1952 5535 2041 5604 qui
2065 5536 2436 5599 crediderant,
2462 5534 2624 5603 hujus
2660 5532 2905 5603 mysterii
2965 5528 3307 5583 traditionem
3374 5540 3439 5579 ac

1855 5626 1961 5679 vim
1994 5626 2329 5697 ignorantes,
2366 5628 2430 5680 ab
2464 5639 2527 5679 eo
2565 5625 2706 5693 quod
2749 5621 3107 5678 conveniebat
3168 5619 3442 5673 divertere

1853 5718 2123 5784 volebant,
2152 5729 2203 5773 et
2238 5719 2486 5773 omnibus
2512 5718 2755 5787 exposita
2813 5714 3059 5772 convivia
3092 5722 3146 5769 et
3191 5710 3439 5780 publicas
