4104 6508
723 431 829 488 195

1707 428 1768 485 S.
1806 430 2081 487 CYRILLI
2112 426 2582 486 ALEXANDRINI
2621 425 2939 483 ARCHIEP.

3866 417 3979 475 196

720 541 910 616 epulas
945 547 997 600 in
1033 546 1278 603 ecclesiis
1306 545 1666 614 instruebant,
1698 549 1944 605 homines
1989 549 2080 618 qui
2115 549 2166 603 id
2207 549 2269 602 fa

2385 545 2558 609 οἰκίας
2610 545 2708 598 οὐκ
2745 544 2896 612 ἔχετε
2943 541 3023 605 είς
3063 539 3122 592 τὸ
3165 538 3365 592 ἐσθίειν
3407 537 3500 592 καὶ
3548 536 3756 604 πίνειν;
3801 538 3834 608 ἢ
3869 537 3981 608 τὴν

721 652 848 692 cere
873 647 1288 700 consueverant,
1341 638 1591 708 objurgat
1645 641 1833 695 beatus
1877 640 2092 705 Paulus,
2144 641 2282 694 scri-

721 729 905 784 bens:
952 749 969 781 ι
1012 728 1259 796 Nunquid
1315 730 1502 783 domos
1551 745 1658 785 non
1720 731 1932 784 habetis
1961 731 2025 784 ad
2057 731 2284 784 mandu-

719 820 952 873 caudum
970 828 1022 872 et
1056 818 1380 873 bibendum?
1407 829 1501 874 aut
1531 820 1816 874 ecclesiam
1853 820 1945 873 Dei
1978 820 2283 875 contemni-

721 911 813 976 tis,
843 919 894 963 et
921 910 1249 964 confunditis
1277 925 1370 965 eos
1394 911 1483 980 qui
1510 926 1612 966 non
1644 911 1882 965 habent?
1912 911 2049 977 Quid
2100 911 2278 966 dicam

719 1000 904 1054 vobis?
926 1000 1160 1052 Laudem
1188 999 1350 1054 vosin
1375 1001 1512 1054 hoc?
1538 1016 1642 1054 non
1666 1000 1852 1054 laudo.-
1875 1001 1988 1069 Ego
2015 1000 2158 1054 enim
2186 1014 2280 1054 ac-

716 1091 833 1158 cepi
866 1106 893 1143 a
923 1091 1168 1157 Domino,
1190 1093 1332 1160 quod
1365 1101 1419 1146 et
1444 1091 1635 1147 tradidi
1666 1093 1819 1147 vobis
1856 1107 1871 1145 :
1898 1093 2152 1161 quoniam
2176 1091 2280 1146 Do-

719 1181 896 1234 minus
925 1179 1078 1235 Jesus
1111 1180 1360 1236 Christus
1390 1181 1444 1235 in
1476 1197 1578 1251 qua
1609 1192 1766 1236 nocte
1795 1182 2020 1236 traditus
2050 1190 2156 1246 est,
2183 1195 2280 1235 ac-

714 1271 857 1339 cepit
885 1286 1097 1340 panem,
1127 1283 1184 1326 et
1208 1275 1406 1340 gratias
1443 1287 1607 1344 agens
1637 1272 1819 1342 fregit,
1864 1281 1917 1327 et
1945 1272 2082 1326 dixit
2111 1287 2125 1324 :
2156 1273 2276 1328 Hoc

711 1368 796 1413 cst
827 1374 1020 1428 corpus
1041 1373 1242 1424 meum,
1279 1361 1420 1430 quod
1451 1375 1549 1430 pro
1602 1361 1752 1416 vobis
1798 1378 1813 1414 :
1857 1364 1959 1416 hoc
2020 1360 2180 1416 facite
2223 1361 2278 1416 in

714 1464 886 1504 meam
914 1452 1776 1507 commemorationem.Similiter
1799 1461 1854 1506 et
1881 1452 2103 1507 calicem
2131 1461 2278 1522 post-

711 1558 871 1612 quam
904 1544 1059 1612 112
1092 1545 1352 1608 cmnavit,
1375 1545 1560 1600 dicens
1589 1559 1605 1597 :
1644 1543 1742 1599 llic
1773 1544 1910 1600 calix
1947 1560 2141 1600 novum
2174 1545 2276 1601 Te-

710 1645 1034 1690 stamentum
1071 1645 1155 1691 est
1209 1635 1264 1691 in
1293 1650 1411 1691 meo
1441 1636 1701 1706 sanguine
1735 1653 1749 1690 :
1783 1635 1887 1691 hoc
1930 1635 2114 1703 facite,
2142 1651 2277 1706 quo-

710 1727 1028 1795 tiescunque
1078 1728 1285 1792 facitis,
1331 1727 1386 1781 in
1451 1741 1627 1782 meam
1684 1728 2271 1785 commemorationem.

709 1816 1143 1887 Quotiescunque
1172 1818 1566 1874 manducabitis
1605 1832 1794 1886 panem
1832 1818 2000 1883 hunc,
2052 1829 2107 1873 et
2145 1817 2276 1873 cali-

2383 635 2680 706 ἐκκλησίαν
2706 632 2801 686 τοῦ
2826 631 2960 685 Θεοῦ
2995 632 3408 699 καταφρονεῖτε,
3447 627 3542 682 καὶ
3573 629 3979 698 καταισχύνετε

2385 727 2510 789 τοὺς
2541 727 2617 796 μὴ
2650 724 2900 794 ἔχοντας
2945 723 2997 777 τί
3037 722 3175 775 εἴπω
3209 722 3367 792 ύμίν;
3404 721 3679 774 ἐπαινέσω
3727 721 3875 790 ὑμᾶς
3903 721 3978 770 ἐν

2382 814 2585 884 τούτῳ;
2632 815 2729 867 οὐκ
2771 813 2997 866 ἐπαινῶ.
3054 811 3195 879 Ἐγὼ
3240 812 3351 883 γὰρ
3386 811 3691 883 παρέλαϐον
3729 811 3837 865 ἀπὸ
3867 809 3974 864 τοῦ

2385 908 2610 976 Κυρίου,
2645 906 2673 958 ὂ
2697 905 2790 959 καὶ
2820 905 3114 975 παρέδωκα
3144 904 3304 973 ὑμῖν·
3353 905 3492 958 ὅτιού
3517 904 3718 973 Κύριος
3756 900 3974 972 Ἰησοῦς

2383 997 2614 1068 Χριστὸς
2643 999 2701 1050 ἐν
2736 1000 2801 1068 τῇ
2829 996 2984 1049 νυκτὶ
3086 994 3378 1066 παρεδόθη,
3420 995 3611 1047 ἐλαϐεν
3637 994 3820 1064 ἄρτον,
3865 993 3975 1046 καὶ

2381 1089 2782 1158 εὐχαριστήσας
2822 1087 3040 1152 ἐκλασε,
3073 1086 3167 1139 καὶ⁵
3199 1083 3323 1138 εἷπε
3345 1102 3362 1120 ·
3398 1085 3568 1139 Τοῦτό
3601 1085 3700 1155 μού
3723 1084 3862 1150 ,ἐστι
3899 1085 3975 1138 τὸ

2383 1181 2542 1250 σῶμα
2575 1179 2636 1232 τὸ
2666 1179 2806 1250 ὑπὲρ
2853 1179 3044 1248 ήμῶν·
3094 1176 3252 1231 τοῦτο
3302 1179 3506 1230 ποιεῖτε
3555 1178 3635 1241 είς
3673 1177 3772 1247 τὴν
3817 1178 3972 1248 ἐμὴν

2381 1271 2707 1342 ἀνάμνησιν.
2766 1269 3040 1334 Ὡσαύτως
3074 1271 3168 1323 καὶ
3205 1269 3264 1322 τὸ
3307 1270 3563 1339 ποτήριον
3597 1269 3731 1340 μετὰ
3764 1269 3826 1321 τὸ
3851 1269 3969 1322 δει-

2384 1364 2607 1434 πνῆσαι,
2648 1362 2824 1430 λέγων
2845 1379 2859 1392 ο
2890 1362 3060 1415 Τοῦτο
3083 1363 3142 1414 τὸ
3174 1362 3429 1432 ποτήριον
3457 1362 3489 1431 ἡ
3525 1361 3686 1431 καινὴ
3713 1360 3968 1430 Διαθήκη

2378 1455 2546 1516 ἐστὶν,
2576 1454 2634 1506 ἐν
2659 1453 2734 1524 τῷ
2756 1455 2948 1524 αἵματι
2971 1453 3047 1523 τῷ
3074 1453 3192 1523 ἐμῷ
3208 1468 3220 1480 ·
3253 1452 3407 1505 τοῦτο
3431 1454 3654 1514 ποιεῖτε,
3682 1452 3871 1512 ὁσάκις
3894 1451 3971 1502 ἂν

2379 1547 2600 1608 ποιεῖτε,
2635 1546 2711 1609 είς
2737 1544 2836 1615 τὴν
2866 1545 3008 1616 ἐμὴν
3042 1544 3368 1612 ἀνάμνησιν.
3399 1540 3622 1603 Ὁσάκις
3649 1540 3714 1593 ἂν
3741 1538 3969 1609 ἐσθίητε

2377 1638 2469 1692 τὸν
2503 1639 2665 1708 ἄρτον
2693 1638 2903 1705 τοῦτον,
2938 1638 3033 1690 καὶ
3068 1635 3128 1690 τὸ
3157 1636 3416 1705 ποτήριον
3437 1634 3648 1703 πίνητε,
3673 1632 3763 1684 τὸν
3793 1631 3964 1684 θάνα·

2376 1749 2467 1785 τον
2501 1730 2594 1784 τοῦ
2621 1731 2827 1800 Κυρίου
2866 1729 3285 1798 καταγγέλλετε,
3325 1727 3485 1798 ἄχρις
3514 1721 3574 1780 οὗ
3618 1725 3803 1798 ἔλθῃ.»
3848 1725 3970 1777 Καὶ

2378 1822 2522 1876 θεῖον
2557 1823 2655 1894 μὲν
2688 1822 2852 1876 ὅτιτὸ
2883 1822 3202 1892 μυστήριον,
3241 1820 3334 1873 καὶ
3363 1818 3622 1884 ζωοποιδς
3650 1819 3682 1886 ή
3719 1815 3968 1886 μέθεξις,

706 1923 824 1962 cem
872 1908 1085 1972 bibetis,
1117 1919 1344 1964 mortem
1395 1909 1608 1964 Domini
1664 1909 2051 1965 aununtiabitis
2104 1909 2269 1964 donec

2377 1915 2469 1967 καὶ
2501 1913 2598 1984 τὴς
2625 1913 2964 1983 ἀναιμάκτου
2995 1911 3225 1981 ταυτησὶ
3267 1909 3455 1972 θυσίας
3481 1909 3514 1980 ή
3539 1907 3766 1976 δύναμις
3803 1905 3970 1974 παρὰ

704 1998 969 2052 veniat".
1009 2017 1027 2052 ι
1061 1999 1136 2052 Ac
1157 1999 1394 2054 divinum
1426 1999 1645 2069 quidem
1675 1998 1776 2054 hoc
1807 2013 1928 2055 esse
1957 1999 2268 2070 mysterium

704 2089 1281 2160 participationemque
1304 2089 1418 2158 ejus
1450 2092 1743 2157 viviﬁcam,
1781 2101 1833 2147 et
1863 2092 2158 2147 incruentze
2179 2092 2273 2147 hu-

699 2180 788 2249 jus
815 2182 1002 2238 hosﬁze
1025 2186 1130 2237 vim
1153 2183 1307 2250 longe
1330 2183 1418 2238 illo
1446 2183 1601 2252 legali
1633 2183 1780 2239 cultu
1812 2184 2265 2253 praestantiorem,

705 2272 967 2341 perfacile
1010 2283 1092 2328 est
1113 2275 1298 2328 videre
1323 2273 1404 2327 vel
1435 2274 1501 2328 ab
1526 2288 1591 2328 eo
1617 2275 1753 2343 ipso,
1790 2275 1934 2345 quod
1961 2275 2048 2329 illa
2079 2275 2270 2344 priscis

706 2364 1015 2419 hominibus
1063 2366 1268 2419 sancita
1312 2381 1409 2436 per
1462 2365 1666 2431 Mosen,
1727 2367 1918 2421 umbra
1997 2367 2267 2435 dicuntur,

703 2453 954 2509 Christus
1000 2470 1127 2510 vero
1154 2455 1376 2524 ejusque
1405 2458 1610 2519 omnia,
1660 2457 1867 2512 veritas
1899 2458 2266 2526 appellantur;

704 2544 770 2596 ad
795 2558 1022 2613 eamque
1047 2561 1162 2600 rem
1189 2548 1612 2601 conﬁrmandam
1643 2548 1796 2601 nobis
1821 2549 1926 2604 erit
1963 2549 2270 2616 adiumento

704 2634 895 2688 beatus
917 2634 1135 2702 Paulus,
1166 2637 1257 2705 qui
1290 2637 1372 2690 sic
1410 2638 1665 2706 scripsit:
1715 2655 1732 2688 ι
1771 2636 1983 2692 lrritam
2033 2640 2155 2708 quis
2189 2638 2267 2692 la-

701 2725 855 2779 cieus
875 2725 1044 2794 legem
1073 2725 1223 2791 Mosi,
1250 2727 1368 2782 sine
1399 2726 1504 2781 ulla
1538 2728 1891 2784 miseratione
1943 2729 2154 2786 duobus
2181 2731 2268 2786 vel

703 2816 874 2871 tribus
905 2817 1127 2872 testibus
1154 2820 1382 2873 moritur
1406 2838 1420 2872 :
1444 2829 1643 2887 quanto
1663 2822 1832 2890 magis
1888 2824 2090 2891 putatis
2125 2823 2271 2880 dete-

705 2909 846 2961 riora
882 2910 1076 2964 mereri
1105 2910 1389 2980 suppiieia,
1417 2911 1509 2980 qui
1536 2910 1730 2966 Filium
1777 2913 1871 2967 Dei
1921 2914 2269 2972 conculcave-

702 2999 790 3060 rit,
828 3009 883 3053 et
907 3000 1219 3067 sanguinem
1251 3001 1584 3057 Testamenti
1632 3003 1893 3072 pollutum
1939 3004 2170 3070 duxerit,
2217 3006 2269 3061 in

699 3104 808 3156 quo
833 3089 1200 3146 Sanctiﬁcatus
1222 3101 1324 3157 est,
1342 3101 1396 3148 et
1424 3092 1649 3163 Spiritui
1673 3097 1858 3164 gratiae
1885 3086 2279 3152 contumeliam'

697 3178 887 3235 fecerit
914 3181 1002 3235 9"‘2
1054 3198 1073 3233 ι
1138 3182 1381 3240 Edebant
1430 3187 1577 3242 enim
1643 3187 1720 3243 illi
1756 3195 1967 3243 veteres
2024 3188 2271 3243 homines

2375 2005 2510 2058 πολὺ
2549 2005 2648 2074 τῆς
2677 2004 2736 2057 ἐν
2765 2005 2915 2073 νόμῳ
2962 2000 3216 2072 λατρείας
3258 1999 3520 2070 ἀμείνων,
3573 1997 3971 2065 ἀταλαίπωρον

2377 2095 2523 2159 ἰδεῖν,
2565 2094 2659 2147 καὶ
2687 2094 2762 2156 ώς
2792 2094 2900 2147 ἀπό
2939 2110 3001 2161 γε
3030 2091 3124 2145 τοῦ
3163 2089 3414 2159 λέγεσθαι
3445 2090 3604 2142 σκιὰν
3637 2087 3736 2158 μὲν
3771 2088 3969 2141 ἐκεῖνα

2374 2187 2442 2240 τὰ
2494 2186 2581 2239 διὰ
2639 2187 2883 2251 Μωσέως
2936 2189 3047 2250 τοῖς
3098 2186 3475 2257 ἀρχαιοτέροις
3529 2181 3967 2252 τεθεσπισμένα,

2376 2277 2611 2348 Χριστόν
2643 2294 2707 2346 γε
2751 2278 2858 2348 μὴν
2895 2272 3035 2330 εἶναι
3071 2277 3164 2329 καὶ
3203 2275 3274 2329 τὰ
3316 2275 3481 2329 αὑτοῦ
3519 2273 3618 2344 τὴν
3652 2271 3919 2342 ἀλήθειαν
3947 2286 3966 2301 ο

2377 2367 2703 2439 συλλήψεται
2753 2368 2810 2421 δὲ
2855 2366 2992 2437 πρὸς
3034 2366 3193 2420 τοῦτο
3244 2368 3375 2437 ήμῖν
3423 2365 3518 2418 καὶ
3569 2366 3598 2416 6
3645 2362 3967 2430 σοφώτατος

2376 2456 2605 2521 Παῦλος,
2636 2456 2732 2510 ώδῒ
2758 2456 3048 2527 γεγραφώς
3069 2473 3082 2488 ·
3112 2476 3130 2508 ι
3173 2457 3471 2525 Ἀθετήσας
3497 2471 3582 2518 τις
3618 2453 3778 2524 νόμον
3823 2454 3966 2506 Μω-

2377 2549 2535 2614 σέως,
2578 2550 2749 2620 χωρὶς
2786 2547 3088 2618 οἰκτιρμῶν
3125 2548 3217 2601 ἐπὶ
3246 2547 3398 2602 δυσὶν
3428 2547 3462 2617 ἢ
3502 2546 3649 2619 τρισὶ
3691 2546 3967 2615 μάρτυσιν

2375 2638 2745 2708 ἀποθνήσκει·
2806 2638 2960 2706 πόσῳ
3018 2638 3226 2690 δοκεῖτε
3290 2637 3533 2708 χείρονος
3587 2635 3964 2704 ἀξιωθήσεται

2375 2728 2667 2799 τιμωρίας,
2699 2726 2727 2779 6
2759 2725 2849 2780 τὸν
2888 2726 3015 2780 Υίδν
3041 2726 3132 2779 τοῦ
3163 2725 3298 2780 Θεοῦ
3333 2726 3746 2796 καταπατήσας,
3768 2724 3866 2777 καὶ
3895 2723 3966 2777 τὸ

2376 2817 2516 2893 αἷμα
2533 2820 2634 2890 τῆς
2658 2820 2930 2891 Διαθήκης
2953 2818 3130 2872 κοινὸν
3153 2819 3519 2890 ἡγησάμενος,
3540 2818 3597 2871 ἐν
3627 2811 3668 2884 ᾧ
3693 2815 3962 2886 ήγιάσθη,

2380 2911 2473 2963 καὶ
2501 2910 2561 2962 τὸ
2592 2909 2818 2978 Πνεῦμα
2843 2908 2944 2977 τῆς
2975 2908 3196 2978 χάριτος
3223 2907 3543 2978 ἐνυϐρίσας
3566 2924 3584 2957 ι
3610 2904 3836 2959 Ἦσθιον
3857 2905 3967 2975 μὲν

2376 3003 2482 3074 γὰρ
2509 3003 2557 3055 οί
2583 3000 2752 3054 πάλαι
2780 2997 3141 3062 καταθύοντες
3184 2995 3276 3051 τὸν
3317 2998 3520 3068 ἀμνόνο
3569 2999 3601 3068 ή
3646 2997 3703 3051 δέ
3750 3013 3814 3066 γε
3857 2997 3967 3068 τῆς

2377 3091 2632 3167 βρώσεως
2684 3091 2952 3162 δύναμις,
3010 3090 3112 3144 οὐκ
3168 3092 3248 3154 είς
3302 3091 3463 3162 κόρον
3517 3089 3702 3154 ἁπλῶς
3755 3087 3967 3160 ἐχώρει

2376 3184 2630 3254 γαστρὸς,
2672 3183 2788 3238 ἀλλ’
2826 3183 2949 3236 οὐδὲ
2985 3184 3185 3254 ταύτης
3215 3184 3376 3237 ἕνεκα
3399 3184 3498 3253 τῆς
3529 3182 3707 3245 αίτίας
3741 3183 3810 3234 τὰ
3851 3181 3965 3250 τῆς

699 3286 896 3340 agnum
933 3274 1268 3331 immolatum
1300 3294 1313 3331 :
1341 3279 1435 3334 sed
1458 3279 1545 3334 illa
1575 3280 1658 3336 vis
1711 3279 1826 3346 ejus
1855 3293 1993 3334 escae
2045 3294 2152 3334 non
2200 3280 2268 3334 ad

2373 3274 2562 3339 θυσίας
2605 3274 2964 3345 ἐπετηδεύετο
3009 3276 3151 3332 κατά
3191 3277 3389 3347 νόμον·
3431 3275 3546 3330 ἀλλ’
3596 3275 3682 3327 ἵνα
3716 3273 3960 3327 θανάτου

698 3365 1002 3421 satietatem
1034 3369 1237 3423 ventris
1265 3374 1638 3427 tantummodo
1687 3373 1930 3438 cedebat,
1992 3386 2166 3442 neque
2204 3386 2269 3428 ea

699 3455 766 3511 de
790 3469 952 3512 causa
983 3460 1320 3515 sacriﬁcandi
1353 3463 1490 3518 ritus
1548 3464 1850 3520 secundum
1884 3465 2056 3535 legem
2084 3479 2269 3520 serva-

700 3548 886 3611 batur;
911 3549 1003 3603 sed
1040 3559 1092 3604 ut
1124 3560 1351 3606 mortem
1382 3553 1433 3605 in
1461 3554 1598 3609 alios
1622 3555 1965 3610 invadentem
2026 3555 2129 3625 ipsi
2175 3570 2268 3609 su-

697 3649 970 3706 perarent,
1030 3653 1084 3696 et
1138 3645 1610 3700 exterminatorem
1682 3645 2026 3716 effugerent:
2085 3647 2268 3716 itaque

700 3737 855 3780 nocte
880 3744 982 3782 una
1017 3731 1296 3786 interfecta
1332 3731 1843 3804 sunuEgyptiornm
1874 3735 2262 3804 primogenita:

699 3817 775 3869 illi
796 3833 920 3870 vero
947 3821 1084 3872 nuda
1119 3820 1284 3889 figura
1312 3824 1523 3887 muniti,
1552 3822 1740 3878 soliab
1776 3838 1840 3879 ea
1884 3826 2260 3891 servabantur,

697 3916 753 3961 et
777 3910 1020 3964 umbram
1050 3911 1248 3965 auxilio
1278 3911 1558 3980 habentes,
1582 3915 1742 3969 etiam
1786 3917 1901 3986 ipsa
1939 3927 2110 3972 morte
2173 3933 2263 3973 su-

697 4001 937 4068 periores
967 4011 1275 4057 evaserunt.
1301 4002 1442 4072 Ergo
1470 4008 1863 4060 conservabant
1911 4009 2039 4076 ipsa:
2082 4010 2265 4078 ﬁgura:

696 4106 790 4145 eos
812 4091 901 4161 qui
929 4103 1055 4146 ante
1086 4108 1183 4148 nos
1210 4092 1446 4150 fuerunt.
1477 4094 1687 4162 Quanto
1722 4097 1890 4168 igitur
1955 4113 2043 4153 res
2069 4108 2264 4154 nostrae

696 4191 824 4236 sunt
845 4183 1275 4251 excellentiores,
1301 4187 1494 4255 quibus
1519 4187 1632 4256 ipsa
1664 4190 1882 4252 veritas,
1915 4189 1965 4243 id
1988 4199 2070 4244 est
2103 4191 2263 4245 Chri-

695 4283 834 4338 stus,
869 4273 1069 4341 illuxit,
1098 4287 1452 4347 sanctamque
1477 4294 1632 4333 suam
1671 4294 1890 4336 carnem
1942 4282 2007 4334 ad
2041 4282 2264 4352 partici-

696 4365 929 4434 pandum
962 4369 1242 4437 apposuit?
1288 4372 1558 4440 quomodo
1619 4372 1670 4426 id
1719 4387 1824 4428 non
1888 4374 1961 4428 sit
2012 4376 2263 4430 omnibus

695 4454 1081 4524 perspicuum?
1116 4457 1281 4514 Multo
1308 4475 1541 4530 namque
1571 4472 1694 4517 sunt
1724 4463 1909 4532 procul
1933 4465 2094 4520 dubio
2127 4480 2264 4534 pra-

2371 3366 2482 3428 τοῖς
2538 3364 2720 3428 ἄλλοις
2766 3365 3206 3428 ἐκπεπτωκότος,
3261 3364 3542 3432 κρείττους
3584 3380 3643 3415 τε
3693 3357 3805 3414 εἷεν
3854 3362 3961 3415 τοῦ

2370 3453 2563 3507 παθεῖν
2591 3454 2765 3518 αὐτοὶ,
2797 3453 2892 3507 καὶ
2912 3453 3336 3524 διαδιδράσκοιεν
3356 3453 3445 3506 τὸν
3461 3451 3808 3523 ὁλοθρευτήν.
3841 3451 3962 3507 Καὶ

2369 3542 2500 3612 γοῦν
2549 3543 2819 3614 ἀνῄρηται
2878 3543 2976 3614 μὲν
3034 3545 3093 3596 ἐν
3149 3544 3248 3612 μιᾷ
3303 3545 3458 3596 νυκτὶ
3506 3543 3574 3596 τὰ
3630 3542 3961 3613 πρωτότοκα

2367 3635 2712 3703 Αἰγυπτίων·
2763 3635 2814 3687 οί
2864 3635 2920 3688 δὲ
2965 3635 3059 3688 καὶ
3089 3634 3228 3704 ψιλῷ
3272 3635 3351 3704 τῷ
3384 3636 3533 3704 τόπῳ
3577 3633 3708 3705 [Ion
3749 3631 3955 3706 τύπῳ]

2366 3726 2781 3797 τετειχισμένοι,
2843 3727 2993 3796 μόνοι
3041 3727 3171 3797 παρ’
3219 3725 3428 3780 ἐκείνου
3487 3725 3789 3791 ἐσώζοντο,
3856 3727 3960 3779 καὶ

2367 3816 2628 3870 σύνοπλον
2671 3817 2885 3887 ἔχοντες
2939 3817 3039 3886 τὴν
3106 3817 3288 3884 σκιάν,
3349 3817 3444 3872 καὶ
3500 3815 3666 3872 αὑτοῦ
3717 3817 3958 3871 θανάτου

2367 3908 2895 3979 κατευμεγεθοῦντες
2939 3910 3240 3978 ἐφαίνοντο.
3279 3907 3492 3964 Οὐκοῦν
3521 3907 3723 3972 ἔσωζον
3763 3907 3863 3978 μὲν
3901 3911 3960 3961 oi.

2364 4001 2526 4054 τύποι
2555 4002 2680 4064 τοὺς
2705 4001 2811 4071 πρὸ
2835 4001 3012 4072 ήμῶν.
3055 4002 3142 4054 Ἐν
3167 4001 3278 4054 τίσι
3318 4001 3373 4053 δέ
3394 3999 3504 4070 ἄρα
3528 3999 3595 4053 τὰ
3621 3999 3744 4052 καθ’
3775 4001 3955 4068 ἡμᾶς,

2364 4088 2446 4156 οἷς
2492 4092 2630 4164 αὑτὴ
2678 4091 2861 4146 λοιπὸν
2910 4091 3226 4162 ἐπέλαμψεν
3275 4092 3310 4161 ή
3363 4090 3632 4157 ἀλήθεια,
3696 4091 3960 4143 τουτέστι

2363 4184 2618 4255 Χριστὸς,
2658 4184 2757 4254 τὴν
2785 4181 3047 4248 ξωοποιὸν
3075 4182 3272 4236 ἑαυτοῦ
3303 4182 3481 4254 σάρκα
3512 4179 3835 4253 παρατιθεὶς
3863 4181 3955 4244 είς

2367 4275 2615 4349 μέθεξιν;
2649 4275 2766 4340 πῶς
2792 4277 2890 4348 οὐχ
2914 4277 3118 4331 ἄπασιν
3148 4275 3408 4345 ἐναργές;
3437 4275 3580 4328 Πολὺ
3606 4275 3715 4344 γάρ
3737 4273 3802 4342 δή
3831 4273 3959 4326 λίαν

2364 4371 2421 4423 ἐν
2445 4368 2714 4438 ἀμείνοσι,
2739 4367 2835 4420 καὶ
2865 4368 2923 4421 ὲν
2952 4371 3064 4431 τοῖς
3082 4368 3221 4434 ἄγαν
3246 4366 3684 4436 ὑπερκειμένοις.
3711 4363 3822 4417 Καὶ
3849 4366 3960 4433 τήν

2363 4477 2426 4529 γε
2457 4459 2552 4513 τοῦ
2581 4459 2882 4531 μυστηρίου
2907 4458 3137 4529 δύναμιν
3170 4456 3377 4527 ἐναργῆ
3407 4455 3670 4518 καθιστὰς
3695 4456 3722 4507 6
3741 4455 3957 4522 Κύριος

695 4545 1060 4601 stantioresae
1089 4551 1416 4617 superiores.
1446 4551 1623 4616 Atque
1646 4551 1805 4621 hujus
1861 4556 2102 4626 mysterii
2152 4557 2258 4611 vim

2373 4550 2520 4621 ήμῶν
2566 4548 2772 4620 Ἰησοῦς
2803 4550 2831 4600 6
2860 4549 3094 4620 Χριστός
3114 4565 3125 4578 ’
3159 4568 3177 4600 ι
3201 4548 3394 4619 Ἀμὴν,
3440 4548 3592 4618 φησὶ,
3622 4547 3764 4615 λέγω
3793 4546 3955 4614 ὑμῖν,

695 4635 1065 4692 utdeclararet
1093 4638 1350 4696 Dominus
1404 4653 1588 4696 noster
1633 4641 1790 4698 Jesus
1838 4644 2100 4710 Cbristus,
2139 4646 2258 4700 ait:

701 4747 720 4779 ι
751 4729 921 4784 Amen
963 4730 1087 4785 dico
1117 4732 1292 4797 vobis,
1323 4735 1411 4801 qui
1434 4735 1607 4790 credit
1637 4736 1686 4789 in
1724 4751 1830 4802 me,
1886 4738 2049 4792 habet
2099 4739 2260 4792 vitam

694 4830 973 4875 aeternam.
1001 4821 1110 4891 Ego
1138 4837 1256 4877 sum
1283 4825 1438 4892 panis
1462 4825 1602 4880 vitae.
1639 4825 1830 4883 Patres
1885 4829 2050 4883 vestri
2106 4844 2262 4883 mau-

698 4909 1245 4964 ducaveruntmanna
1277 4912 1330 4966 in
1349 4912 1589 4978 deserto,
1622 4925 1675 4969 et
1727 4918 1920 4971 mortui
1975 4928 2099 4971 sunt
2128 4935 2142 4971 :
2176 4919 2265 4973 hic

696 4996 954 5065 cstpauis
987 4996 1053 5051 de
1079 4997 1215 5052 caelo
1261 4999 1615 5066 descendens,
1662 5013 1721 5057 ut
1758 5004 1804 5058 si
1858 5006 1980 5074 quis
2031 5020 2095 5060 ex
2151 5007 2265 5075 ipso

699 5086 1001 5153 manducet,
1035 5103 1139 5142 non
1176 5090 1454 5145 moriatur.
1495 5091 1603 5162 Ego
1629 5108 1746 5147 sum
1801 5097 1955 5164 panis
1987 5097 2137 5151 vivus
2172 5097 2262 5166 qui

698 5177 764 5229 de
797 5175 935 5230 cmlo
961 5178 1233 5234 descendi.
1294 5181 1349 5236 Si
1403 5184 1523 5252 quis
1580 5185 1983 5242 manducaverit
2035 5202 2100 5242 ex
2164 5189 2264 5243 hoc

699 5281 856 5334 pane,
890 5268 1031 5323 vivet
1068 5271 1121 5324 in
1155 5281 1414 5326 aeternum
1443 5292 1455 5326 :
1497 5285 1549 5329 et
1571 5277 1724 5344 panis
1775 5292 1932 5346 quem
1964 5293 2062 5349 ego
2104 5279 2261 5343 dabo,

698 5371 826 5412 caro
859 5372 974 5411 mea
1008 5368 1088 5413 est
1112 5376 1214 5431 pro
1242 5365 1424 5418 mundi
1453 5366 1560 5418 vita
1590 5367 1658 5420 ".
1698 5386 1715 5418 ι
1749 5368 1879 5422 Nam
1911 5372 2033 5439 quia
2058 5384 2122 5422 ex
2176 5385 2266 5439 ge-

701 5462 828 5500 nere
857 5449 1019 5503 lsrael
1056 5453 1162 5505 nati
1187 5454 1252 5506 de
1283 5470 1478 5509 manna
1507 5459 1935 5526 suppeditatione
1962 5458 2144 5513 Mosen
2172 5460 2267 5513 ad-

701 5535 1055 5602 mirabantur,
1093 5541 1247 5610 113
1279 5546 1423 5612 quod
1493 5562 1614 5600 cum
1661 5562 1755 5616 per
1807 5549 2079 5603 desertqu
2147 5550 2266 5618 ejus

702 5631 956 5698 temporis
979 5633 1281 5692 hominibus
1317 5636 1604 5693 demissum
1632 5639 1844 5706 fuisset,
1880 5651 2060 5711 typum
2098 5643 2265 5711 gessit

2372 4645 2399 4697 6
2421 4643 2693 4697 πιστεύων
2720 4644 2798 4706 είς
2825 4643 2946 4713 ἐμὲ,
2989 4643 3104 4713 ἔχει
3143 4641 3290 4714 ζωήν
3325 4639 3563 4694 αἰώνιον.
3605 4639 3746 4708 Ἐγώ
3770 4641 3893 4710 εἰμι
3927 4644 3961 4696 6

2369 4733 2532 4803 ἄρτος
2570 4735 2667 4805 τῆς
2695 4734 2858 4803 ζωῆς.
2894 4735 2955 4787 Οἱ
2987 4733 3228 4803 πατέρες
3269 4733 3424 4802 ὑμῶν
3455 4732 3654 4800 ἔφαγον
3680 4732 3739 4784 τὸ
3768 4734 3958 4802 μάννα

2365 4828 2422 4880 ὲν
2450 4830 2517 4898 τῇ
2549 4828 2740 4898 ἐρήμῳ
2769 4826 2861 4879 καὶ
2887 4825 3155 4878 ἀπέθανον
3177 4841 3190 4853 ·
3237 4818 3388 4886 οὗτός
3419 4826 3565 4877 ἐστιν
3592 4824 3620 4875 6
3649 4821 3812 4894 ἄρτος
3834 4827 3861 4877 6
3887 4826 3960 4878 ἐκ

2365 4918 2458 4972 τοῦ
2489 4919 2716 4990 οὐρανοῦ
2741 4917 3103 4982 καταϐαίνων,
3131 4918 3219 4970 ἵνα
3261 4933 3344 4979 τις
3373 4915 3431 4982 ἐξ
3461 4914 3626 4970 αὐτοῦ
3658 4915 3832 4988 φάγῃ,
3856 4920 3960 4969 καί

2369 5011 2444 5080 μὴ
2494 5010 2762 5082 ἀποθάνῃ.
2819 5008 2960 5078 Ἐγώ
3000 5010 3118 5080 είμι
3157 5011 3185 5062 6
3240 5009 3405 5080 ἄρτος
3448 5011 3476 5061 6
3526 5008 3636 5072 ζῶν
3669 5009 3697 5060 6
3735 5010 3799 5061 ἐκ
3852 5008 3958 5062 τοῦ

2365 5102 2594 5172 ούρανοῦ
2648 5101 2913 5165 καταϐάς.
2987 5101 3116 5156 Ἐάν
3162 5119 3245 5165 τις
3287 5102 3352 5154 ἐκ
3403 5101 3592 5155 τούτου
3636 5101 3729 5154 τοῦ
3779 5101 3960 5170 ἄρτου

2368 5192 2538 5264 φάγῃ,
2579 5190 2805 5260 ζήσεται
2837 5193 2915 5254 είς
2937 5192 3028 5244 τὸν
3058 5191 3230 5245 αἰῶνα
3253 5208 3266 5220 ·
3291 5191 3384 5245 καὶ
3413 5194 3441 5245 6
3466 5194 3630 5263 ἄρτος
3658 5193 3715 5246 δὲ
3745 5193 3807 5245 ὃν
3838 5196 3962 5262 ἐγὼ

2367 5282 2542 5346 δώσω,
2594 5283 2627 5351 ή
2676 5282 2810 5350 σάρξ
2857 5282 2957 5351 μού
3011 5284 3226 5353 ἐστινή
3276 5283 3414 5354 ὑπὲρ
3460 5284 3557 5352 τῆς
3593 5285 3688 5337 τοῦ
3739 5285 3956 5354 κόσμου

2375 5373 2539 5443 ζωῆς.
2567 5393 2584 5424 ι
2641 5375 2856 5444 Ἐπειδὴ
2904 5377 3012 5445 γὰρ
3041 5379 3088 5428 οἱ
3117 5376 3177 5440 ἐξ
3211 5377 3438 5446 αἵματος
3490 5377 3702 5447 Ἰσραὴλ
3744 5379 3958 5432 Μωσέα

2373 5465 2750 5536 κατεθήπεσαν
2793 5469 2882 5520 ἐπὶ
2911 5470 2977 5538 τῇ
3008 5466 3101 5519 τοῦ
3137 5467 3311 5536 μάννα
3344 5468 3598 5538 χορηγίᾳ,
3622 5467 3956 5537 καθιεμένου

2377 5557 2474 5626 μὲν
2512 5559 2623 5619 τοῖς
2650 5558 2907 5627 τηνικάδε
2962 5556 3103 5610 κατά
3149 5556 3246 5625 τὴν
3291 5555 3523 5626 ἔρημον·
3561 5556 3955 5627 ἀποπληροῦν-

2371 5663 2462 5708 τες
2500 5644 2619 5716 [ῖσ.
2649 5642 3124 5719 ἀποπληροῦντος]
3184 5644 3239 5698 δὲ
3301 5642 3471 5698 τύπον
3522 5643 3620 5714 τῆς
3676 5644 3953 5716 μυστικῆς

773 5805 865 5861 "1
895 5807 1016 5864 Cor.
1052 5826 1125 5876 tt,
1154 5811 1340 5867 ‘29-‘26.
1416 5820 1460 5853 9‘
1492 5816 1652 5873 llcbr.
1698 5817 1860 5883 x,28,
1884 5817 1970 5873 99.
2049 5819 2093 5850 ’³
2127 5818 2279 5873 Joau.
2311 5835 2381 5884 ιι
2427 5821 2615 5876 47-52.
