4104 6496
151 418 215 475 197
1273 427 1642 486 Αονειιευε
1674 426 2074 484 NESTORIUM
2115 428 2243 484 LIB.
2283 425 2372 482 IV.

3357 422 3463 480 198

147 537 368 604 εὐλογίας·
431 540 607 595 σκιὰ
688 543 840 617 γὰρ
892 550 925 600 ὁ
985 547 1150 618 νόμος
1179 565 1191 578 ·
1243 551 1503 622 ταύτῃτοι
1544 553 1640 604 καὶ
1682 551 1793 604 λίαν

1907 552 2146 621 mysticae
2176 547 2600 605 benedictionis:
2657 545 2845 599 umbra
2897 559 3126 615 namque
3188 554 3307 599 erat
3345 545 3466 613 lex;

145 628 350 699 εὐτέχνως
389 632 421 684 6
460 631 751 704 Κύριος
788 639 976 709 ἡμῶν
1023 640 1229 710 Ἰησοῦς
1260 641 1496 712 Χριστὸς
1525 659 1795 712 κατασμι-

144 719 275 790 κρίνει
311 722 403 774 τὸν
438 723 705 790 τύπον,
770 731 1118 798 μετασοὸὦν
1156 733 1235 794 είς
1269 731 1549 802 ἀλήθειαν.
1584 734 1659 785 Οὐ
1690 733 1797 803 γάρ

144 811 197 863 ιοί
217 830 362 883 φησιν
402 814 685 881 ἐκεῖνος
734 815 908 872 εἶναι
943 820 1065 891 [Ion
1096 816 1197 891 ἦν]
1231 822 1259 873 6
1287 824 1387 891 τῆς
1428 821 1575 890 ζωῆς
1613 822 1795 890 ἄρτος,

146 905 225 957 ἀλλ’
261 906 366 974 ἐγὼ
421 909 691 977 μᾶλλον
761 913 798 964 ὁ
853 912 919 976 ἐξ
971 912 1220 983 οὐρανοῦ,
1262 913 1356 965 καί⁵
1409 911 1688 975 ζωοποιῶν
1730 912 1797 964 τὰ

148 1000 303 1063 πάντα,
343 1000 450 1053 καὶ⁵
516 1004 672 1066 τοῖς
715 1004 1023 1057 ἐσθίουσιν
1064 1004 1303 1074 ἐμαυτὸν
1341 1004 1526 1070 ἐνιεὶς,
1569 1005 1664 1057 καὶ
1709 1004 1799 1057 διὰ

155 1092 226 1161 τῆς
263 1091 590 1164 ἐνωθείσης
650 1095 816 1163 ἐμοὶ
863 1095 1098 1166 σαρκός·
1148 1095 1178 1147 ὂ
1217 1095 1281 1166 δὴ
1324 1095 1419 1148 καὶ
1464 1095 1798 1166 σαφέστερον

161 1183 292 1236 ἐποίει
325 1185 569 1253 λέγων’
647 1204 674 1238 α
722 1186 921 1256 ’Δμὴν
969 1186 1114 1256 λέγω
1159 1189 1309 1257 ὑμῖν,
1357 1187 1452 1240 ἐὰν
1483 1187 1557 1258 μὴ
1587 1187 1798 1256 φάγητε

162 1274 235 1340 τὴν
265 1276 445 1346 σάρκα
471 1278 590 1330 τοῦ
640 1277 804 1330 Υἱοῦ
843 1277 942 1329 τοῦ
968 1277 1280 1349 ἀνθρώπου,
1317 1280 1411 1332 κα)⁸
1444 1279 1601 1349 πίητε
1631 1277 1797 1332 αὑτοῦ

163 1364 206 1417 τὸ
231 1361 379 1435 αἷμα,
409 1368 531 1421 οὐκ
571 1367 771 1438 ἔχετε
805 1368 959 1440 ζωὴν
995 1371 1054 1422 ἐν
1092 1371 1303 1432 ἑαυτοῖς
1327 1387 1342 1402 ο
1387 1372 1415 1424 6
1441 1369 1666 1441 τρώγων
1696 1388 1796 1440 μου

164 1455 239 1524 τὴν
261 1457 468 1526 σάρκα,
493 1459 616 1511 καὶ
634 1459 840 1512 πίνων
863 1476 967 1530 μου
989 1459 1051 1512 τὸ
1072 1453 1229 1529 αἷμα,
1255 1458 1367 1528 ἔχει
1388 1457 1534 1529 ζωὴν
1559 1459 1796 1525 αίώνιον,

167 1545 293 1611 κάγὼ
318 1549 662 1618 ἀναστήσω
711 1549 893 1603 αὑτὸν
935 1551 992 1601 ἐν
1031 1553 1094 1620 τῇ
1125 1551 1331 1623 ἐσχάτῃ
1359 1551 1561 1622 ἡμέρᾳ.
1599 1551 1664 1603 'H
1693 1553 1798 1622 γάρ

171 1635 282 1706 σάρξ
331 1655 443 1706 μου
505 1639 760 1710 ἀληθής
807 1640 928 1692 ἐστι
972 1638 1205 1709 βρῶσις·
1256 1642 1351 1694 καὶ
1391 1641 1452 1694 τὸ
1491 1637 1633 1712 αἷμά
1673 1660 1795 1712 μου,

175 1728 353 1799 ἀληθής
397 1731 534 1782 ἐστι
571 1731 782 1794 πόσις.
829 1732 888 1784 Ὁ
920 1731 1151 1803 τρώγων
1186 1751 1288 1803 μου
1322 1734 1420 1806 τὴν
1462 1735 1670 1804 σάρκα,
1705 1735 1800 1788 καὶ

178 1820 322 1873 πίνων
359 1839 471 1892 μου
502 1821 577 1874 τὸ
615 1816 796 1892 αἷμα,
843 1822 902 1874 ἐν
945 1824 1066 1892 ἐμοὶ
1117 1824 1288 1892 μένει,
1330 1823 1485 1892 κάγὼ
1520 1826 1578 1876 ἐν
1623 1825 1793 1894 αὐτῷ.

1903 640 2023 693 ideo
2047 640 2340 708 prudenter
2396 636 2683 691 admodum
2740 634 2999 688 Dominus
3066 642 3250 688 noster
3310 632 3470 688 Jesus

1899 728 2146 784 Christus
2170 738 2352 800 typum
2376 733 2715 791 extenuat,ut
2740 726 2806 780 ad
2829 726 3112 779 veritatem
3145 726 3467 780 transferat.

1900 820 2085 888 Neque
2113 820 2279 884 enim,
2307 819 2498 888 inquit,
2532 818 2621 870 ille
2647 816 2744 870 fuit
2798 819 2955 886 panis
3014 817 3157 880 vitte,
3216 817 3308 870 sed
3371 832 3471 885 ego

1901 911 2076 979 potius
2106 911 2196 976 qui
2231 910 2296 964 de
2321 908 2456 964 caelo
2485 923 2626 972 sum,
2654 918 2708 960 et
2742 909 2922 960 omnia
2960 907 3190 971 viviﬁco,
3224 917 3278 960 et
3310 923 3393 960 me
3419 908 3469 959 in

1901 1003 2288 1057 manducantes
2309 1002 2470 1056 etiam
2504 1015 2598 1069 per
2629 1000 2832 1052 unitam
2854 999 2985 1052 mihi
3007 1013 3226 1052 carnem
3257 998 3468 1052 insero:

1901 1095 2046 1163 quod
2085 1094 2247 1147 etiam
2278 1092 2479 1147 clarius
2519 1089 2768 1156 reddidit,
2801 1089 2987 1142 dicens
3026 1105 3039 1140 :
3084 1105 3101 1137 ι
3134 1088 3307 1141 Amen
3346 1087 3471 1140 dico

1901 1185 2077 1252 vobis,
2114 1184 2212 1238 nisi
2235 1182 2684 1237 manducaveritis
2715 1194 2931 1234 carnem
2987 1177 3106 1231 Filii
3137 1177 3393 1241 hominis,
3417 1185 3475 1230 et

1902 1275 2148 1330 biberitis
2189 1273 2305 1341 ejus
2358 1274 2693 1341 sanguinem,
2728 1285 2832 1324 non
2892 1268 3159 1323 habebitis
3204 1268 3370 1322 vitam
3415 1269 3472 1320 in

1902 1367 2074 1422 vobis.
2096 1366 2195 1432 Qui
2223 1366 2699 1420 manducatmeam
2730 1377 2972 1427 carnem,
3014 1369 3071 1415 et
3115 1360 3249 1414 bibit
3294 1372 3470 1412 meum

1899 1458 2236 1528 sanguinem,
2267 1456 2428 1510 habet
2457 1457 2619 1509 vitam
2669 1465 2950 1515 mternam,
2981 1463 3036 1507 et
3095 1468 3195 1523 ego
3241 1451 3472 1514 resusci-

1902 1551 2026 1605 tabo
2049 1564 2167 1604 eum
2201 1551 2252 1602 in
2283 1549 2573 1603 novissimo
2595 1548 2699 1601 dic.
2739 1545 2871 1599 Nam
2901 1561 3026 1599 caro
3064 1560 3180 1598 mea
3203 1559 3326 1598 vere
3386 1552 3472 1598 est

1900 1643 2073 1708 cibus,
2100 1652 2153 1697 et
2179 1641 2400 1710 sanguis
2431 1655 2580 1694 meus
2602 1653 2727 1693 vere
2757 1647 2842 1692 est
2868 1649 3045 1708 potus.
3087 1637 3189 1704 Qui
3242 1636 3469 1690 mandu-

1901 1744 1987 1791 cat
2016 1750 2188 1789 meam
2213 1747 2454 1797 carnem,
2487 1742 2537 1786 et
2558 1731 2693 1785 bibit
2724 1744 2899 1784 meum
2931 1729 3270 1797 sanguinem,
3303 1727 3354 1780 in
3387 1739 3473 1780 me

1901 1834 2105 1892 manet,
2134 1835 2187 1879 et
2220 1840 2317 1894 ego
2342 1825 2393 1878 iu
2419 1839 2504 1877 eo.
2543 1821 2696 1877 Sicut
2725 1823 2871 1875 misit
2897 1837 2980 1874 me
3005 1822 3188 1874 vivens
3222 1818 3400 1882 Pater,
3418 1825 3472 1870 et

174 1911 354 1974 Καθὼς
395 1912 728 1966 ἀπέστειλέ
762 1930 830 1982 με
864 1916 890 1966 6
916 1912 1024 1975 ζῶν
1052 1913 1257 1984 Πατὴρ,
1287 1914 1442 1982 κάγὼ
1475 1914 1551 1978 ζῶ
1576 1916 1663 1968 διὰ
1702 1916 1791 1968 τὸν

1897 1929 1992 1984 ego
2019 1915 2139 1967 vivo
2172 1922 2390 1982 propter
2417 1913 2661 1978 Patrem;
2700 1922 2754 1966 et
2803 1912 2890 1979 qui
2927 1912 3214 1964 manducat
3261 1924 3367 1971 me,
3418 1917 3472 1961 et

175 2003 405 2073 Πατέρα,
439 2005 550 2056 καὶ
581 2005 615 2055 6
636 2003 878 2073 τρώγων
901 2021 989 2073 με,
1019 2004 1270 2068 κάκεῖνος
1293 2004 1571 2075 ζήσεται.»
1609 2004 1798 2074 Ἀθρει

175 2093 229 2163 δὴ
272 2089 368 2146 οὖν
415 2094 589 2156 ὅπως
628 2095 693 2146 ἐν
728 2097 863 2163 ἡμῖν
907 2095 1078 2166 μένει,
1114 2096 1208 2148 καὶ
1256 2094 1462 2167 φθορᾶς
1506 2096 1799 2164 ἀποφαίνει

175 2185 524 2254 κρείττονᾶς,
559 2187 685 2248 τοῖς
710 2186 1004 2256 ἡμετέροις
1027 2185 1272 2256 σώμασιν
1289 2186 1560 2255 ἐγκαθιεὶς
1583 2187 1796 2252 ἑαυτὸν,

173 2275 240 2339 ὡς
271 2278 442 2347 ἔφην,
497 2277 608 2330 καὶ
661 2277 750 2329 διὰ
793 2277 893 2346 τῆς
937 2277 1069 2341 ἰδίας
1107 2278 1328 2348 σαρκὸς,
1379 2281 1413 2348 ἢ
1460 2278 1552 2331 καὶ⁵
1595 2277 1800 2349 ἀληθής

172 2367 282 2419 ἐστι
315 2367 572 2436 βρῶσις,
609 2367 714 2437 τῆς
743 2368 800 2418 ἐν
838 2369 988 2438 νόμῳ
1021 2369 1199 2431 σκιᾶς,
1242 2368 1459 2436 καὶτῆς
1484 2370 1602 2420 κατ’
1627 2370 1801 2439 αὐτὴν

171 2459 439 2526 λατρείας
473 2460 588 2511 οὐκ
624 2459 859 2528 ἐχούσης
896 2459 994 2530 τὴν
1026 2460 1304 2528 ἀλήθειαν.
1352 2460 1462 2512 Καὶ
1507 2460 1536 2512 ὁ
1578 2459 1675 2528 μὲν
1701 2459 1797 2512 τοῦ

174 2551 496 2621 μυστηρίου
526 2551 716 2618 λόγος,
748 2551 952 2614 ἁπλοῦς
989 2568 1048 2604 τε
1075 2551 1170 2603 καὶ
1200 2550 1427 2622 ἀληθὴς,
1455 2551 1516 2604 οὐ
1539 2552 1801 2615 ποικίλοις

172 2643 398 2694 ἐννοιῶν
443 2643 770 2712 εὑρήμασιν
799 2644 880 2704 εἰς
916 2643 1239 2713 ἀνοσιότητα
1286 2646 1797 2716 περιειργασμένος,

172 2733 392 2798 ἁπλοῦς
423 2735 512 2798 δὲ,
546 2734 625 2796 ὡς
663 2733 818 2803 ἔφην.
859 2733 1196 2804 ΙΙιστεύομεν
1214 2735 1322 2807 γὰρ
1347 2737 1424 2800 ὡς
1451 2737 1527 2808 τῷ
1557 2737 1800 2807 τεχθέντι

170 2824 260 2877 διὰ
289 2827 399 2894 τῆς
427 2825 607 2893 ἁγίας
641 2824 926 2894 Παρθένου
973 2824 1206 2896 σώματι,
1245 2827 1425 2900 ψυχὴν
1452 2828 1626 2899 ἔχοντι
1659 2832 1804 2898 λογιο

172 2917 298 2986 χὴν,
336 2917 566 2981 ἑνώσας
609 2915 801 2968 ἑαυτὸν
829 2917 857 2969 ὁ
890 2917 954 2969 ἐκ
976 2916 1110 2970 Θεοῦ
1146 2919 1358 2990 Πατρδς
1381 2919 1587 2988 Λόγος·
1621 2922 1801 2995 ἀπόρ-

170 3013 344 3078 ρητος
391 3011 453 3062 δέ
491 3025 626 3073 που,
677 3008 772 3062 καὶ
809 3010 1048 3081 μυστικὴ
1095 3009 1312 3073 πάντως
1346 3013 1379 3082 ὴ
1418 3012 1612 3076 ἐνωσις
1664 3015 1801 3077 ζωο-

169 3099 336 3151 ποιὸν
369 3097 673 3168 ἀπέφηνεν
705 3098 857 3163 αὐτὸ,
891 3099 1004 3170 ζωὴ
1040 3099 1182 3153 κατά
1214 3100 1377 3168 φύσιν
1425 3101 1687 3172 ὑπάρχων
1725 3103 1802 3169 ὡς

1899 2005 2015 2073 ipse
2043 2005 2186 2059 vivet
2215 2005 2282 2057 “.
2323 2024 2340 2056 ι
2379 2001 2692 2073 Videigitur
2718 2001 3168 2071 quemadmodum
3227 2000 3279 2053 in
3316 2000 3471 2052 nobis

1901 2105 2081 2151 manet
2115 2105 2168 2150 et
2190 2096 2548 2164 corruptionis
2580 2096 2809 2149 victores
2831 2092 3013 2156 elIicit,
3049 2093 3172 2147 dum
3201 2107 3258 2146 se
3292 2091 3344 2145 in
3376 2107 3471 2144 uo-

1899 2191 2011 2235 stra
2034 2181 2537 2249 demittitcorpora,
2568 2193 2627 2235 ut
2660 2181 2792 2245 dixi,
2821 2182 2981 2235 etiam
3008 2194 3104 2248 per
3150 2194 3303 2233 suam
3346 2194 3470 2232 car-

1899 2289 2043 2338 nem,
2072 2289 2188 2342 quaa
2213 2287 2374 2327 verus
2393 2283 2476 2327 est
2508 2274 2686 2337 cibus,
2712 2288 2834 2327 cum
2862 2271 2946 2325 illa
2974 2271 3158 2339 legalis
3191 2271 3471 2333 umbra,ct

1900 2367 2078 2421 cultus
2107 2368 2392 2435 peripsam
2421 2367 2722 2428 institutus,
2761 2381 2865 2420 non
2919 2364 3116 2418 habeat
3161 2365 3467 2416 veritatem.

1899 2457 1963 2510 Et
1994 2459 2234 2528 mysterii
2268 2459 2481 2525 quidem
2506 2459 2640 2511 ratio
2675 2457 2901 2526 simplex
2930 2466 3011 2510 est
3060 2471 3123 2509 ac
3181 2470 3332 2518 vera,
3362 2470 3466 2507 nou

1898 2547 2063 2602 variis
2088 2548 2471 2618 cogitationum
2488 2548 2808 2611 commentis
2825 2548 2890 2600 ad
2923 2538 3253 2616 impietatem
3272 2547 3433 2615 exqui
3448 2575 3468 2586 -
3553 2603 3561 2611 ,

1898 2639 2002 2695 site
2024 2639 2340 2708 composita,
2357 2640 2470 2700 sed,
2504 2648 2560 2692 nt
2589 2637 2985 2707 dixi,simplex.
3011 2637 3294 2691 Credimus
3315 2652 3468 2690 nam-

1899 2746 2005 2800 que
2036 2730 2160 2785 illnd
2191 2745 2257 2785 ex
2295 2730 2403 2784 Deo
2437 2730 2594 2785 Patre
2620 2728 3014 2792 Verbum,cum
3046 2741 3105 2783 se
3134 2727 3345 2797 corpori
3371 2742 3469 2797 per

1899 2830 2141 2878 sanctam
2169 2821 2444 2890 Virginem
2474 2820 2638 2887 edito,
2659 2820 2989 2888 babentique
3005 2819 3318 2874 rationalem
3349 2818 3434 2872 ani
3455 2847 3467 2858 -

1900 2928 2046 2968 mam
2079 2912 2325 2978 uniisset,
2357 2911 2625 2979 quacunio
2662 2910 2946 2966 ineﬂabilis
2993 2925 3214 2980 prorsus
3255 2925 3316 2965 ac
3355 2925 3470 2981 my-

1899 3005 2032 3061 stica
2051 3003 2172 3070 fuit,
2201 3003 2374 3073 ipsum
2407 3019 2600 3072 corpus
2624 3001 2923 3056 reddidisse
2952 3001 3246 3067 viviﬁcum,
3272 3002 3470 3070 quippe

1900 3110 2021 3151 cum
2051 3097 2311 3159 Verbum,
2334 3106 2518 3166 utpote
2542 3094 2706 3158 Deus,
2750 3095 2854 3148 vita
2878 3094 2947 3148 sit
2967 3095 3265 3149 secundum
3297 3104 3466 3148 natu-

164 3187 336 3252 Θεὸς,
370 3190 468 3241 ἵνα
502 3189 660 3256 ἡμᾶς
690 3188 885 3240 ἐαυτοῦ
915 3188 1176 3258 μετόχους
1205 3191 1508 3257 ἀποτελῶν,
1556 3211 1793 3265 πνευμα-

1903 3203 2042 3252 ram,
2066 3197 2124 3242 ut
2159 3202 2259 3242 nos
2292 3204 2395 3241 non
2424 3185 2649 3256 spiritali
2675 3194 2907 3249 tantum,
2941 3199 3124 3238 verum
3158 3185 3318 3238 etiam
3347 3199 3464 3239 cor-

275 3279 304 3291 η

161 3279 353 3341 τικῶς
405 3295 468 3330 τε
505 3277 628 3347 ἅμα
659 3279 753 3330 καὶ
787 3281 1135 3348 σωματικῶς,
1178 3280 1273 3334 καὶ
1304 3282 1512 3353 φθορᾶς
1543 3285 1794 3358 ἀποφήνῃ

169 3371 541 3440 κρείττονας,
580 3369 676 3421 καὶ
703 3370 804 3438 τῆς
839 3370 1110 3440 ἁμαρτίας
1145 3372 1238 3423 τὸν
1280 3373 1443 3442 νόμον
1475 3375 1567 3428 τὸν
1599 3376 1657 3429 ἐν
1684 3381 1796 3441 τοῖς

170 3461 384 3528 μέλεσι
410 3461 520 3530 τῆς
559 3461 764 3530 σαρκὸς
788 3463 1112 3532 καταργήσῃ
1154 3462 1223 3516 δι’
1260 3464 1475 3529 ἑαυτοῦ,
1508 3470 1794 3539 κατέκρινε

167 3551 278 3619 τὴν
311 3551 614 3623 ἁμαρτίαν
656 3553 715 3605 ἐν
764 3553 948 3622 σαρκὶ,
1003 3554 1147 3607 καθὰ
1174 3556 1501 3626 γέγραπται.
1557 3561 1796 3614 Ἀνδάνει

169 3643 254 3708 δὲ,
290 3641 490 3714 οἶμαι,
519 3646 682 3698 ταυτὶ
713 3645 833 3698 κατ’
855 3645 1045 3697 οὐδένα
1073 3646 1274 3715 τρόπον
1295 3648 1373 3716 τῷ
1389 3651 1496 3701 τῶν
1515 3651 1649 3704 νέων
1667 3653 1796 3722 ἡμῖν

170 3733 536 3802 εὑρημάτων
562 3733 924 3804 δογματιστῇ,
943 3734 999 3796 ὂς
1021 3729 1110 3787 οἷά
1129 3751 1214 3798 τις
1238 3736 1437 3807 μόσχος
1460 3738 1796 3809 ἀτιμαγέ).ας

171 3826 273 3876 ἐπὶ
311 3826 489 3894 μόνον
523 3827 662 3878 ῐεται
690 3827 751 3879 τὸ
780 3825 923 3879 κατὰ
967 3825 1196 3897 γνώμην
1230 3828 1398 3898 αὐτῷ,
1452 3830 1543 3883 καὶ
1565 3832 1664 3903 τὴν
1699 3833 1794 3886 τοῦ

174 3919 517 3987 μυστηρίου
540 3917 774 3988 δύναμιν
802 3919 1257 3991 κατασμικρύνει,
1297 3919 1471 3989 λέγων
1498 3940 1511 3954 ⁸

252 4093 573 4163 ξἈκουσον
623 4097 719 4149 καὶ
755 4096 837 4160 τὸ,
866 4097 1092 4169 Κύριος,
1128 4099 1260 4152 ποτὲ
1297 4100 1418 4170 μὲν,
1452 4100 1545 4154 ἐπὶ
1570 4103 1671 4172 τῆς
1697 4104 1791 4157 ἀν-

175 4187 559 4259 θρωπότητος
593 4189 687 4240 τοῦ
716 4189 955 4258 Χριστοῦ
975 4201 990 4217 ⁸
1022 4191 1154 4244 ποτὲ
1178 4191 1258 4258 δὲ,
1294 4193 1387 4244 ἐπ)⁸
1410 4192 1508 4261 τῆς
1539 4192 1792 4264 θεότητος

175 4279 372 4330 αὑτοῦ
397 4296 411 4308 ⁸
452 4281 587 4333 ποτέ
618 4280 695 4344 δέ,
722 4281 809 4331 ἐπ’
841 4281 1171 4351 ἀμφοτέρων
1204 4283 1475 4353 κείμενον
1517 4303 1534 4336 t
1570 4285 1792 4350 Ὁσάκις

179 4370 250 4421 ειν
286 4371 522 4440 ἐσθίητε
554 4371 647 4422 τὸν
678 4372 842 4440 ἄρτον
868 4372 1081 4438 τοῦτον,
1114 4377 1208 4427 καὶ
1237 4375 1299 4428 τὸ
1345 4377 1607 4447 ποτήριον
1632 4379 1791 4433 τοῦτο

181 4463 421 4534 πίνητε,
474 4464 566 4516 τὸν
616 4462 844 4517 θάνατον
897 4464 991 4517 τοῦ
1042 4466 1248 4538 Κυρίου
1303 4471 1723 4537 καταγγέλλετε.
1767 4491 1784 4524 ι

1899 3277 2070 3346 porali
2103 3277 2262 3332 modo
2293 3278 2374 3330 sui
2396 3278 2683 3346 participes
2701 3275 2944 3337 ell'ectos,
2966 3274 3311 3344 corruptione
3337 3289 3472 3342 prae-

1899 3367 2189 3421 stantiorcs
2278 3367 2549 3428 redderet,
2622 3373 2674 3418 et
2749 3373 3005 3418 evacuata
3065 3379 3158 3432 per
3234 3364 3470 3431 seipsum

1900 3460 2101 3527 peccati
2136 3459 2248 3526 lege
2267 3459 2316 3511 in
2339 3456 2594 3511 membris
2625 3455 2804 3509 carnis
2824 3455 3019 3524 posita,
3042 3457 3322 3508 damnaret
3344 3469 3468 3523 pec-

1898 3561 2076 3603 catutn
2109 3550 2160 3603 in
2188 3561 2372 3610 carne,
2404 3549 2544 3602 sicut
2574 3549 2835 3615 scriptum
2868 3555 2949 3600 est
2975 3546 3043 3600 '7.
3064 3546 3167 3601 Sed
3200 3546 3330 3607 haec,
3365 3547 3470 3599 nisi

1897 3638 2074 3703 fallor,
2113 3647 2300 3693 nostro
2358 3652 2616 3692 novorum
2650 3647 3078 3692 commentorqu
3134 3637 3470 3707 dogmatista:

1898 3729 2044 3783 nullo
2063 3731 2221 3784 modo
2249 3728 2578 3799 placent,qui
2613 3738 2866 3799 tauquam
2898 3729 3099 3782 vitulus
3126 3737 3470 3797 contemptor

1896 3823 2246 3891 deserturque
2301 3821 2501 3892 gregis,
2577 3821 2734 3876 inid
2807 3820 2982 3877 solum
3065 3821 3241 3889 pergit
3325 3821 3468 3889 quod

1897 3911 1998 3966 sibi
2057 3912 2255 3982 placet,
2302 3923 2356 3968 et
2395 3910 2555 3981 hujus
2602 3912 2841 3983 mysterii
2902 3911 3008 3964 vim
3061 3907 3351 3976 imminuit,
3383 3911 3467 3965 di—

1896 4017 2025 4058 ςειιε
2057 4021 2072 4058 Ξ

1969 4091 2237 4164 [Νεετοιι.
2274 4092 2411 4148 Audi
2440 4094 2599 4148 etiam
2629 4095 2730 4148 hoc
2785 4107 3001 4156 nomen,
3063 4091 3307 4155 Domine,
3363 4093 3466 4146 alis

1894 4187 2112 4255 quando
2144 4185 2210 4240 de
2242 4186 2574 4241 humanitate
2604 4184 2828 4251 Christi,
2862 4184 3152 4254 aliquando
3182 4183 3247 4238 de
3271 4186 3468 4240 divini-

1894 4292 2003 4336 tate
2020 4282 2157 4350 ejus,
2190 4283 2478 4352 aliquando
2510 4282 2575 4336 de
2605 4293 2840 4350 utroque
2869 4280 3128 4350 positum.
3167 4298 3185 4331 ι
3215 4280 3468 4347 Quoties-

1893 4374 2127 4444 cunque'
2165 4373 2559 4429 manduCabitis
2583 4387 2774 4441 panem
2803 4372 2963 4432 hunc,
3023 4380 3076 4425 et
3130 4370 3355 4425 calicem
3388 4373 3468 4426 bi-

1897 4468 2054 4531 betis,
2084 4477 2307 4522 mortem
2344 4464 2550 4518 Domini
2589 4461 3060 4516 aununtiabitis“.
3099 4481 3115 4512 ι
3145 4461 3305 4534 114
3331 4463 3462 4516 Audi

186 4555 478 4608 ’Δκουσον
522 4557 588 4607 ἐκ
634 4555 741 4608 τῶν
794 4558 1224 4628 προηγουμένων
1263 4559 1362 4629 τὴν
1407 4561 1647 4630 ἀμαθίαν
1678 4564 1789 4617 τῶν

1897 4572 1959 4612 cx
2011 4557 2436 4624 praecedentibus
2489 4554 2813 4623 imperitiam
2868 4553 3264 4621 objicientium,
3323 4556 3464 4619 quod

184 4646 611 4711 ἁντιτιθέντων,
663 4645 738 4707 ώς
772 4645 1004 4716 ίσχυρὰν
1054 4646 1488 4715 ἀναγινώσκουσι
1538 4649 1632 4703 τοῦ
1687 4670 1789 4722 μυ-

188 4735 430 4804 στηρίου
485 4735 586 4805 τὴν
640 4734 928 4803 ὠφέλειαν,
985 4736 1081 4788 καὶ
1124 4736 1268 4800 τίνος
1320 4740 1434 4801 τοῖς
1479 4739 1788 4811 ἀνθρώποις

191 4827 508 4896 παρέχεται
555 4829 655 4894 τὴν
699 4829 1040 4900 ἀνάμνησινο
1097 4830 1191 4882 καὶ
1250 4831 1482 4886 ἄκουσον
1529 4834 1603 4906 μὴ
1655 4835 1787 4903 ἐμοῦ

189 4918 376 4972 ταῦτα
402 4921 675 4988 λέγοντος,
711 4921 846 4974 ἀλλά
878 4920 974 4973 τοῦ
1011 4923 1290 4993 μακαρίου
1321 4923 1568 4978 Παύλουο
1598 4945 1615 4976 ι
1641 4927 1791 4980 Ὁσά-

193 5025 284 5071 κις
319 5010 537 5080 ἐσθίητε
577 5012 670 5064 τὸν
703 5013 870 5082 ἄρτον
893 5012 1105 5066 τοῦτον.
1142 5031 1160 5063 ι
1202 5015 1316 5066 Οὐκ
1348 5010 1521 5080 εἶπεν,
1555 5017 1786 5082 ’Ὁσάκις

195 5099 261 5150 ειν
296 5103 516 5174 ἐσθίητε
547 5102 646 5174 τὴν
691 5103 922 5173 θεότητα
952 5103 1189 5174 ταύτηνο
1221 5105 1411 5168 ὁσάκις
1455 5107 1520 5159 ἂν
1569 5107 1784 5177 ἐσθίητε

196 5191 289 5242 τὸν
325 5196 487 5264 ἄρτον
514 5193 726 5247 τοῦτον.
751 5194 930 5246 Βλέπε
957 5196 1087 5264 περὶ
1119 5195 1212 5248 τοῦ
1251 5196 1500 5266 σώματος
1520 5199 1668 5268 αὐτῷ
1690 5200 1782 5252 τοῦ

198 5283 519 5340 δεσποτικοῦ
565 5287 628 5340 τὸ
674 5287 1062 5358 προκείμενον.
1114 5303 1135 5338 ‹
1183 5290 1408 5352 Ὁσάκις
1458 5290 1524 5343 ἂν
1567 5292 1781 5362 ἐσθίητε

201 5375 290 5424 τὸν
336 5377 496 5447 ἄρτον
542 5377 767 5442 τοῦτον,
810 5395 827 5427 ι
870 5369 932 5429 οῦ
980 5379 1097 5430 ἐστι
1149 5377 1208 5430 τὸ
1257 5378 1418 5447 σῶμα
1465 5381 1778 5433 ἀντίτυπον.

207 5466 429 5536 Ἱδωμεν
458 5468 552 5524 οὖν
581 5470 728 5533 τίνος
758 5472 787 5522 ὁ
816 5469 1076 5529 θάνατος’
1113 5489 1130 5520 ι
1181 5469 1400 5535 Ὁσάκις
1452 5471 1518 5524 ἂν
1564 5472 1780 5542 ἐσθίητε

207 5555 292 5606 τὸν
320 5559 474 5628 ἄρτον
503 5561 720 5623 τοῦτον,
754 5562 853 5614 καὶ
877 5561 939 5613 τὸ
968 5560 1226 5630 ποτήριον
1259 5559 1421 5613 τοῦτο
1447 5561 1662 5631 πίνητε,
1687 5563 1779 5615 τὸν

209 5646 426 5706 θάνατον
466 5655 559 5707 τοῦ
607 5653 823 5724 Κυρίου
875 5651 1298 5720 καταγγέλλετε.
1331 5671 1349 5702 ι
1385 5653 1650 5706 Ἄκουσον
1686 5653 1778 5706 καὶ

1899 4647 2188 4700 maximam
2209 4661 2329 4700 esse
2361 4644 2715 4715 legautbujus
2748 4645 2991 4712 mysterii
3045 4643 3358 4707 utilitatem,
3410 4657 3464 4699 et

1898 4739 2052 4806 cujus
2071 4739 2641 4791 commemorationem
2674 4736 2980 4790 hominibus
3037 4735 3266 4789 aiTerat:
3303 4743 3465 4804 atque

1896 4830 2020 4882 audi
2052 4845 2156 4882 non
2187 4843 2272 4882 me
2305 4831 2416 4882 lucc
2448 4828 2738 4890 dicentem,
2782 4829 2874 4880 sed
2921 4826 3138 4879 beatum
3194 4825 3416 4878 Paulum
3442 4844 3462 4883 :

1902 4937 1920 4970 ι
1958 4920 2392 4985 Quotiescunque
2424 4916 2813 4970 manducabitis
2841 4929 3029 4983 panem
3055 4915 3217 4968 hunc.
3274 4931 3292 4964 ι
3344 4913 3458 4969 Non

1896 5011 2031 5063 dixit
2070 5010 2328 5076 :Quoties
2351 5007 2742 5062 manducabitis
2758 5005 3088 5060 divinitatem
3119 5005 3286 5068 hanc;
3323 5020 3459 5074 quu-

1895 5104 1992 5157 tics
2022 5101 2415 5156 manducabitis
2441 5115 2629 5167 panem
2662 5100 2824 5153 hunc.
2849 5096 2980 5151 Vide
3002 5098 3068 5152 de
3105 5112 3331 5166 corpore
3357 5098 3459 5152 Do-

1891 5195 2090 5248 minico
2115 5195 2186 5248 illi
2220 5208 2339 5248 esse
2369 5193 2701 5262 propositum
2731 5208 2750 5246 :
2781 5207 2800 5242 ι
2839 5189 3281 5259 Quotiescunque
3304 5207 3458 5244 man-

1889 5289 2153 5341 dncabitis
2187 5301 2376 5354 panem
2436 5287 2597 5347 hunc,
2649 5301 2666 5334 ›
2707 5282 2861 5352 cujus
2906 5291 2986 5336 est
3039 5283 3212 5350 ipsqu
3262 5296 3456 5348 corpus

1886 5382 2205 5451 antitypum.
2248 5379 2533 5432 Videamus
2563 5390 2692 5445 ergo
2723 5374 2881 5442 cujus
2930 5388 3109 5426 mors:
3140 5391 3156 5423 ι
3203 5372 3456 5439 Quoties-

1886 5486 2096 5542 cunque
2115 5469 2513 5525 manducabitis
2543 5482 2733 5537 panem
2763 5467 2929 5528 hunc,
2958 5474 3011 5518 et
3036 5464 3260 5518 calicem
3314 5465 3455 5518 hunc

1887 5566 2103 5628 bihetis,
2127 5574 2350 5618 mortem
2385 5561 2591 5616 Domini
2628 5559 3034 5612 anuuutiabitis.
3059 5576 3086 5621 ,ι
3123 5557 3258 5610 Audi
3283 5557 3336 5610 in
3363 5572 3452 5612 se-

1883 5658 2172 5726 quentibus
2208 5657 2476 5726 apertius:
2520 5672 2537 5704 ι
2567 5653 2743 5709 Donec
2775 5653 2949 5708 veniat
2979 5652 3079 5706 θ’.»
3115 5649 3243 5717 Quis
3275 5660 3450 5704 autem

270 5830 313 5862 ’⁸
338 5833 484 5889 Joan.
517 5851 590 5899 vi,
633 5828 840 5887 54-58.
918 5830 962 5862 "’
990 5827 1145 5884 Rom.
1180 5844 1296 5897 vm,
1327 5830 1382 5888 5.
1459 5832 1505 5864 ’⁸
1539 5830 1556 5885 l
1588 5829 1714 5888 Cor.
1744 5846 1822 5901 ιιι,
1852 5830 1943 5887 ‘26.
2019 5832 2062 5864 ⁸⁹
2087 5832 2216 5889 ibid.
