4104 6500
721 432 825 491 199

1717 423 1775 480 S.
1812 423 2090 483 CYRILLI
2128 418 2597 479 ALEXANDRINI
2634 418 2953 477 ARCUIEP.

3863 430 3987 484 200

3558 536 3586 564 τ

722 542 1193 602 venitH'idebunt
1218 541 1411 597 Filium
1440 541 1671 598 hominis
1723 543 2026 598 venientem
2096 542 2147 595 in
2192 554 2287 593 nu-

2397 539 2453 590 ὲν
2480 540 2591 602 τοῖς
2620 540 2818 610 ἑφεξῆς
2846 539 3217 612 φανερώτερον
3239 558 3282 592 ἰ
3320 540 3511 614 Ἅχρις
3530 539 3590 599 οὗ
3628 543 3777 614 ἔλθῃ.
3819 563 3837 596 ι
3871 546 3983 608 Τίς

722 639 877 694 bibus
906 636 1028 692 coeli
1058 651 1178 690 cum
1212 635 1383 704 gloria
1415 633 1579 688 multa
1610 634 1666 688 ¹ι
1702 642 1757 687 et
1784 634 1927 702 quod
1971 632 2147 701 majus
2185 641 2289 693 est,

723 738 846 784 ante
913 726 1185 797 apostolos
1238 726 1502 796 propheta
1578 725 1916 780 manifestius
1984 722 2291 778 venientem

721 821 975 884 ostendit,
1004 829 1056 874 et
1084 818 1303 883 clamat,
1339 820 1404 872 de
1429 815 1627 871 Jndzis
1691 815 1876 869 dicens
1907 829 1921 867 :
1954 830 1973 864 ι
2026 811 2294 867 Videbunt

724 912 776 965 in
804 925 965 980 quem
1004 916 1435 977 compunxcrunt
1466 907 1513 959 ³.
1560 924 1577 956 ι
1640 904 1779 971 Quid
1822 900 2121 973 igiturillud
2150 914 2295 955 eom-

723 1009 977 1070 punctum
1004 997 1125 1052 est?
1156 996 1350 1061 Latus;
1384 995 1522 1050 latus
1559 1010 1687 1050 vero
1747 991 1990 1061 corporis
2047 999 2152 1059 est,
2186 1005 2291 1046 non

722 1088 1017 1144 divinitatis
1049 1087 1067 1160 ]

1396 1350 1546 1408 CAP.
1580 1350 1665 1407 Vl.

792 1499 999 1554 Rursus
1029 1511 1155 1567 ergo
1189 1509 1288 1550 nos
1329 1502 1543 1564 Oportet
1592 1482 1838 1546 veritatis
1885 1486 2151 1557 dogmatis
2198 1500 2293 1555 pa-

724 1592 933 1646 trocina
950 1588 1016 1655 ri,
1038 1590 1234 1653 cttuis,
1268 1588 1351 1641 vir
1383 1584 1620 1657 egregie,
1656 1584 1834 1638 verbis
1886 1582 2169 1644 obsistere,
2236 1590 2291 1634 et

723 1696 848 1738 ante
875 1694 1067 1738 caetera
1089 1680 1342 1736 studiosis
1366 1678 1494 1733 illud
1522 1677 1756 1749 praefari,
1808 1675 1902 1729 tibi
1960 1674 2288 1743 propositum

723 1788 863 1838 esse,
891 1774 944 1827 in
971 1772 1130 1840 idque
1164 1781 1214 1825 te
1243 1769 1527 1825 admodum
1552 1768 1673 1832 niti,
1713 1776 1769 1820 ut
1796 1765 1931 1818 duos
1984 1774 2171 1819 rursus
2205 1773 2291 1817 as-

722 1879 870 1919 seras
886 1863 1154 1925 Christos,
1181 1861 1372 1929 quibus
1406 1860 1631 1914 scorsim
1657 1855 1942 1913 conveniat
1970 1852 2291 1909 dominatio—
2326 1886 2366 1942 Β

722 1957 806 2010 nis
857 1954 1167 2023 appellatio.
1218 1952 1370 2018 Quod
1446 1958 1625 2006 autem
1676 1945 2081 2018 imperitissimo
2142 1943 2287 1998 inid

722 2047 1035 2110 contendas,
1075 2060 1179 2099 non
1214 2036 1594 2098 multolaitore
1646 2057 1675 2095 a
1731 2039 1887 2094 nobis
1952 2035 2285 2092 OStcndetu'r.

724 2138 855 2192 Nam
904 2137 1151 2208 agedum,
1182 2150 1413 2205 expone,
1462 2148 1664 2203 qumso,
1729 2145 2016 2203 quemnam
2065 2128 2290 2185 deﬁnias

720 2231 1019 2292 Christum,
1051 2230 1202 2299 cujus
1220 2238 1274 2284 et
1332 2227 1720 2282 httmaoitatem
1790 2234 1845 2278 et
1882 2223 2138 2277 deitatem
2169 2235 2289 2277 esse

721 2323 855 2377 dicis
882 2340 895 2374 :
928 2320 1194 2390 siquidem
1234 2319 1362 2373 illud
1386 2332 1448 2373 ex
1475 2318 1581 2372 Deo
1613 2316 1769 2371 Patre
1819 2313 2075 2380 Verbum,
2104 2312 2289 2383 aperte

723 2412 977 2470 fateberis
1007 2411 1255 2466 eumdem
1277 2418 1397 2465 esse
1420 2411 1582 2463 etiam
1613 2409 1885 2463 hominem
1914 2406 2115 2475 :ipsius
2144 2404 2285 2459 enim

719 2519 839 2559 esse
868 2502 1254 2558 humanitatem
1283 2500 1465 2555 dixisti
1509 2516 1523 2552 :
1563 2500 1649 2553 sin
1674 2496 1822 2554 illum
1867 2510 1932 2553 ex
1972 2496 2291 2565 Virgine,ut

724 2596 836 2665 ipse
865 2594 1087 2659 asseris,
1114 2592 1363 2648 eumdem
1389 2587 1737 2645 nihiiominus
1783 2602 1902 2642 esse
1925 2588 2086 2641 etiam
2124 2585 2287 2639 Deum

723 2686 1099 2758 pronuntiasse
1128 2683 1467 2739 convinceris
1497 2696 1515 2734 :
1547 2680 1716 2749 ipsius
1768 2678 1913 2733 cnim
1948 2691 2070 2732 esse
2107 2677 2288 2730 dixiSti

720 2775 882 2829 etiam
906 2774 1184 2830 deitatem.
1241 2769 1490 2840 Undique
1551 2769 1714 2840 igitur
1766 2767 2073 2837 compulsus
2125 2766 2289 2821 etia'm

722 2866 919 2921 invitus
981 2866 1046 2920 ad
1094 2865 1405 2927 veritatem,
1460 2874 1626 2915 unum
1689 2860 1969 2914 nobiscum
2032 2856 2291 2914 conﬁtere

720 2954 991 3009 Christum
1026 2963 1079 3008 et
1109 2953 1427 3018 Dominum;
1465 2950 1543 3006 sic
1560 2963 1793 3021 namque
1823 2948 2004 3006 ditere
2033 2946 2287 3004 desines:

727 3065 745 3097 ι
768 3045 902 3100 Audi
927 3045 1089 3099 etiam
1108 3046 1209 3099 hoc
1234 3057 1450 3108 nomen,
1474 3044 1750 3108 Dominus,
1779 3043 2066 3112 aliquando
2094 3042 2161 3098 de
2188 3043 2289 3098 hu-

723 3140 982 3193 manitate
1009 3137 1235 3201 Christi,
1296 3135 1585 3204 aliquando
1644 3136 1711 3190 de
1765 3134 2048 3189 divinitate
2100 3134 2289 3203 ipsius,

2395 627 2451 681 δὲ
2476 629 2506 681 ὁ
2536 630 2860 701 ἐρχόμενοςς
2898 650 2916 682 ι
2948 630 3208 701 Ὄψονται
3243 632 3335 686 τὸν
3368 633 3493 687 Υίὺν
3529 635 3621 687 τοῦ
3674 627 3982 707 ἀνθρὼίιιιου

2396 720 2689 793 ἐρχόμενον
2719 723 2811 775 ἐπὶ
2841 722 2949 775 τῶν
2980 724 3222 792 νεφελῶν
3258 724 3354 778 τοῦ
3384 727 3616 797 οὐρανοῦ
3643 729 3781 797 μετὰ
3808 728 3984 797 δόξης

2397 811 2619 882 πολλῆς·
2636 813 2757 865 »καὶ
2782 813 2843 866 τὸ
2864 814 2930 883 δὴ
2956 812 3160 885 μεῖζον,
3180 816 3286 887 πρὸ
3312 818 3420 871 τῶν
3445 818 3752 872 ἀποστόλῶν
3777 819 3806 871 ό
3836 835 3986 890 προ-

2397 903 2575 973 φήτης
2603 904 2935 976 σαφέστερον
2972 908 3064 961 τὸν
3106 908 3399 979 ἐρχόμενον
3430 909 3689 973 δείκνυσι,
3740 910 3837 963 καὶ
3876 910 3984 961 κέ-

2396 1007 2570 1062 κραγε
2616 993 2744 1063 περὶ
2784 995 3052 1049 Ἰουδαίων
3098 996 3270 1066 βοιῖιν·
3306 1018 3323 1049 ι
3358 998 3616 1066 Ὄψονται
3661 999 3739 1061 είς
3771 998 3834 1050 δν
3877 998 3981 1062 ἐξ·

2397 1085 2714 1156 εκέντησαν.
2753 1106 2771 1137 r
2808 1087 2903 1151 Τίς
2946 1082 3039 1140 οὖν
3070 1091 3219 1141 ἐστιν
3248 1092 3277 1141 δ
3303 1089 3581 1158 κεντηθείς
3601 1105 3613 1118 ·
3655 1093 3688 1161 ἡ
3723 1091 3945 1161 πλευρά
3965 1109 3979 1121 ·

2396 1176 2605 1249 πλευρά
2638 1177 2716 1244 δὲ,
2755 1177 3025 1247 σώματος,
3055 1180 3115 1232 οὗ
3148 1179 3404 1251 θεότητός
3431 1182 3570 1234 ἐστι.
3596 1179 3619 1251 1

2981 1360 3233 1414 ΚΕΦΔΛ.
3278 1362 3369 1428 ς’.

2464 1492 2556 1545 Δεῖ
2577 1491 2641 1562 δὴ
2665 1492 2826 1547 πάλιν
2856 1494 3002 1564 ἡμᾶς
3030 1495 3142 1556 τοῖς
3168 1490 3269 1564 τ’ἧς
3299 1492 3555 1563 ἀληθείας
3578 1494 3813 1564 δόγμασι
3846 1513 3982 1548 συν-

2394 1588 2588 1652 ειπεῖν,
2618 1586 2715 1638 καὶ
2740 1587 2853 1649 τοῖς
2879 1585 3013 1651 σοῖς,
3062 1580 3107 1639 ὦ
3134 1580 3306 1651 οὗτος,
3333 1584 3716 1658 ἀντιφέρεσθαι
3751 1587 3937 1655 λόγοις
3963 1604 3973 1615 ·

2396 1693 2491 1731 και
2528 1678 2636 1749 πρό
2684 1694 2748 1747 γε
2791 1696 2898 1731 των
2945 1675 3121 1732 ἄλλων
3152 1674 3261 1742 τοῖς
3308 1677 3761 1752 φιλακροάμοσιν,
3789 1678 3981 1731 ὲκείνο

2393 1772 2604 1835 εἰπεῖν,
2652 1771 2733 1824 ὅτι
2784 1787 2861 1823 σοι
2914 1769 3152 1833 σκοπὸς,
3203 1770 3299 1823 καὶ
3329 1770 3416 1823 διὰ
3447 1769 3683 1839 σπουδῆς
3729 1770 3979 1823 τέθειται

2403 1862 2635 1933 πολλῆς,
2680 1861 2773 1914 δύο
2801 1861 2867 1931 δὴ
2893 1858 3056 1914 πάλιν
3104 1858 3382 1931 ἀποφῆναι
3426 1862 3689 1931 Χριστοὺς
3713 1902 3727 1926 ,
3763 1854 3845 1923 οἷς
3880 1861 3981 1912 καὶ

2396 1952 2499 2008 ἀνά
2546 1953 2711 2023 μέρος
2743 1951 3035 2023 ἁρμόσειεν
3084 1951 3151 2005 ἂν
3186 1952 3219 2023 ὴ
3251 1952 3349 2022 τῆς
3401 1952 3719 2023 κυριότητος
3753 1951 3977 2020 κλῆσις.

2407 2040 2783 2112 ’Λμαθέστατα
2829 2040 2886 2092 δὲ
2926 2041 3023 2094 καὶ
3088 2040 3229 2110 πρός
3276 2057 3339 2108 γε
3385 2038 3542 2093 τοῦτο
3592 2035 3708 2102 ίῶν,
3757 2040 3822 2095 οὐ
3876 2041 3984 2091 σὺν

2394 2133 2579 2205 ίδρῶτι
2624 2130 2822 2204 μακρῷ
2860 2131 2997 2203 πρὸς
3046 2130 3202 2202 ἡμῶν
3252 2130 3609 2202 δειχθήσεται.
3653 2132 3789 2200 Φέρε
3841 2131 3981 2199 γὰρ,

2393 2226 2655 2296 ἐρωμένῳ
2681 2224 2907 2295 φράσον,
2940 2226 3093 2277 ποῖον
3124 2223 3235 2295 ἄρα
3258 2222 3467 2294 διορίζῃ
3495 2224 3748 2294 Χριστὸν,
3784 2216 3848 2276 οὗ
3877 2224 3983 2275 καὶ

2394 2318 2494 2388 τὴν
2524 2316 2923 2388 ἀνθρωπότητα
2951 2314 3045 2367 καὶ
3077 2314 3178 2384 μέν
3207 2332 3288 2367 τοι
3319 2313 3415 2367 καὶ
3441 2313 3539 2385 τὴν
3571 2309 3798 2383 θεότητα
3831 2306 3984 2365 εἶναι

2393 2408 2530 2476 φής’
2559 2408 2609 2459 εί
2642 2406 2741 2476 μὲν
2794 2406 2880 2458 τὸν
2910 2407 2973 2459 ὲκ
3002 2403 3134 2457 Θεοῦ
3162 2404 3376 2475 Πατρὸς
3408 2404 3601 2471 Λόγον,
3637 2402 3987 2473 διωμολόγη-

2394 2516 2494 2561 κας
2534 2500 2780 2569 ὲναργως
2813 2497 2904 2550 τὶν
2939 2496 3101 2549 αὐτὸν
3132 2492 3271 2549 εἶναι
3315 2496 3407 2549 καὶ
3448 2494 3766 2565 ἄνθρωπον·
3800 2494 3983 2548 αὑτοῦ

2394 2590 2502 2660 γὰρ
2532 2590 2665 2660 ἔφης
2692 2588 2790 2659 τὴν
2826 2584 3222 2659 ἀνθρωπότητα
3242 2603 3256 2617 ⁸
3294 2587 3343 2641 εί
3388 2588 3443 2641 δὲ
3473 2588 3564 2641 τὸν
3596 2589 3659 2641 ἐκ
3687 2589 3787 2657 τῆς
3825 2589 3985 2659 Παρ-

2395 2682 2546 2735 θένου
2601 2681 2744 2733 κατά
2793 2682 2852 2733 σὲ
2877 2721 2891 2745 ,
2930 2679 3022 2732 τὸν
3065 2680 3227 2734 αὺτὸν
3272 2680 3423 2734 οὐδὲν
3459 2674 3620 2750 ἦττον
3654 2678 3839 2749 ἀλώσῃ
3878 2682 3984 2732 καὶ

2393 2772 2524 2826 Θεὸν
2556 2773 2841 2842 ἀποφήνας
2863 2789 2877 2803 ο
2926 2771 3089 2825 αὐτοῦ
3120 2772 3226 2844 γὰρ
3254 2771 3390 2841 ἔφης
3419 2767 3560 2824 εἶναι
3594 2772 3687 2823 καὶ
3720 2771 3818 2837 τὴν
3850 2770 3983 2822 θεό-

2393 2863 2549 2933 τητα.
2576 2861 2917 2932 Πανταχόθεν
2940 2860 3009 2932 δὴ
3034 2878 3128 2916 ουν
3157 2860 3581 2931 συνωθούμενος,
3611 2855 3706 2914 καλ⁴
3733 2860 3982 2930 ἀϐουλή-

2394 2972 2502 3019 τως
2534 2956 2612 3018 είς
2638 2954 2919 3025 ἀλήθειαν,
2952 2955 3047 3007 ἕνα
3075 2950 3195 3024 μεθ’
3237 2954 3392 3024 ἡμῶν
3437 2953 3685 3023 ὁμολόγει
3732 2954 3982 3021 Χριστὸν

2396 3049 2493 3102 καὶ
2527 3048 2751 3120 Κύριον.
2792 3046 3059 3117 Πεπαύσῃ
3086 3046 3192 3117 γάρ
3218 3043 3360 3099 οὕτω
3390 3044 3589 3113 λέγων’
3618 3047 3896 3097 ιΑκουσον
3919 3045 3982 3098 δὲ

2397 3143 2488 3195 καὶ
2514 3142 2595 3207 τὸ,
2625 3140 2851 3210 Κύριος,
2881 3140 3012 3190 ποτὲ
3038 3141 3159 3209 μὲν,
3191 3138 3281 3191 ἐπὶ
3300 3134 3397 3209 τῆς
3426 3134 3847 3209 ἀνθρωπότητος
3876 3138 3980 3191 τοῦ

723 3232 1009 3303 aliquando
1042 3233 1106 3287 de
1133 3240 1362 3295 utroque
1391 3231 1626 3295 positam
1658 3247 1713 3283 ε»
1766 3246 1889 3284 nam
1925 3230 2012 3284 ubi
2043 3243 2183 3284 unus
2207 3238 2289 3283 est

2400 3234 2668 3304 Χριστοῦ·
2704 3233 2832 3288 ποτὲ
2862 3232 2940 3298 δὲ,
2970 3227 3063 3285 tiri
3088 3224 3185 3301 τῆς
3219 3229 3470 3301 θεότητος
3501 3230 3664 3283 αὑτοῦ
3683 3248 3697 3262 ο
3732 3232 3862 3283 ποτὲ
3892 3231 3979 3297 δὲ,

726 3324 911 3389 Filius,
946 3324 1215 3392 quomodo
1244 3323 1422 3376 locum
1450 3322 1674 3387 haheat,
1704 3324 1768 3376 de
1800 3331 2029 3391 utroque
2068 3321 2287 3375 dicere?

2397 3327 2482 3379 ἐπ’
2516 3326 2840 3399 ἀμφοτέρων
2880 3323 3157 3393 κείμενον
3192 3341 3210 3371 ι
3238 3321 3366 3375 ἔνθα
3392 3326 3500 3391 γάρ
3523 3321 3647 3385 Ῡίδς
3682 3317 3784 3386 εἷς,
3820 3326 3983 3377 ποῖον

722 3416 860 3481 Quid
889 3425 1066 3469 autem
1096 3423 1179 3469 est
1205 3414 1345 3483 quod
1374 3413 1517 3469 rides
1578 3428 1673 3467 eos
1715 3415 1805 3481 qui
1858 3413 2097 3466 divinum
2158 3412 2284 3466 illud

2397 3416 2462 3469 ἂν
2508 3416 2620 3487 ἔχοι
2659 3416 2825 3469 τόπον
2873 3414 2955 3481 τὸ,
2986 3412 3074 3467 ἐπ’
3110 3414 3311 3484 ἀμφοῖν
3356 3415 3560 3479 εἰπείν;
3594 3411 3983 3486 Καταμειδιᾷς

723 3506 1037 3576 mysterium
1069 3514 1309 3559 nostrum
1337 3503 1695 3566 admirantur,
1715 3502 2033 3572 impiissime
2053 3503 2245 3556 dicens
2267 3517 2284 3556 :

729 3617 747 3648 ι
786 3599 1226 3666 Quotiescunque
1260 3596 1653 3651 manducabitis
1677 3603 1866 3665 panem
1897 3597 2060 3657 hunc.
2082 3601 2135 3648 et
2153 3595 2285 3648 cali-

646 3742 649 3749 ,
731 3708 748 3737 ι
788 3702 900 3742 cem
923 3688 1061 3742 hunc
1103 3687 1317 3753 bibetis,
1340 3698 1566 3741 mortem
1593 3686 1798 3743 Domini
1828 3685 2237 3739 annnntiabitis.
2262 3703 2281 3736 ι

728 3777 884 3848 115
917 3778 1137 3832 Ahdiex
1172 3778 1598 3848 praecedentibus
1652 3777 1975 3846 imperitiam
2027 3776 2287 3845 objicien-

726 3868 1025 3937 tium,quod
1040 3868 1461 3922 maximamesse
1475 3867 1650 3935 legant
1664 3868 1901 3938 mystcrii
1921 3868 2077 3938 hujus
2091 3864 2289 3921 utilita-

726 3971 917 4021 tcm,et
935 3961 1085 4029 cujus
1108 3960 1416 4015 hominibus
1434 3961 2002 4015 commemorationem
2023 3958 2236 4014 afferat.
2264 3979 2282 4009 ι

724 4052 863 4105 Nihil
897 4066 1025 4121 ergo
1054 4050 1254 4121 egregii
1298 4050 1460 4104 habet
1505 4051 1784 4104 incruenta
1837 4049 1922 4103 illa
1960 4050 2201 4114 victima,
2234 4060 2289 4103 et

722 4145 969 4212 exiguam
1001 4136 1288 4195 admodum
1313 4140 1596 4194 utilitatem
1620 4139 1797 4207 affert,
1828 4148 1881 4194 et
1911 4140 2154 4195 utilitatis
2182 4142 2285 4193 vim

721 4235 1019 4290 continebit
1052 4246 1218 4303 usque
1249 4247 1313 4289 eo
1342 4233 1622 4298 duntaxat,
1654 4243 1711 4287 ut
1740 4244 2117 4286 annunttemus
2147 4248 2289 4286 mor-

723 4338 827 4383 tem
858 4328 1114 4392 homiiris,
1148 4335 1203 4381 et
1232 4326 1390 4381 unius
1422 4340 1453 4379 e
1482 4334 1666 4379 nostro
1697 4338 1922 4379 numero
1957 4336 2285 4377 commemo-

722 4422 985 4474 rationem
1018 4418 1299 4472 faciamus.
1330 4415 1588 4470 Mentitur
1616 4420 1745 4486 ergo
1779 4416 1907 4468 dum
1946 4415 2073 4468 iliud
2112 4413 2285 4468 viviti-

721 4526 841 4564 cum
873 4509 1002 4564 dicit
1032 4508 1123 4576 qui
1158 4508 1373 4562 mentiri
1408 4522 1511 4561 non
1550 4504 1718 4572 novit,
1752 4506 1853 4559 hoc
1891 4515 1974 4559 est
1994 4503 2238 4559 Christus
2271 4523 2282 4557 :

2394 3508 2451 3561 δὲ
2505 3508 2732 3561 ἀνοότου
2778 3505 2890 3558 τῶν
2931 3504 2993 3558 τὸ
3028 3503 3170 3558 θεῖον
3213 3503 3369 3575 ἡμῶν
3402 3504 3825 3574 τεθαυμακότων
3874 3524 3985 3577 μυ-

2399 3600 2642 3671 στήριον,
2682 3597 3025 3651 ἀνοσιώτατα
3071 3591 3274 3665 λέγων·
3315 3614 3333 3647 ι
3374 3596 3597 3659 Ὁσάκις
3639 3596 3705 3651 ἂν
3753 3595 3982 3667 ἐσθίητε

2403 3710 2420 3743 ι
2447 3691 2537 3743 τὸν
2552 3690 2714 3760 ἄρτον
2732 3688 2942 3752 τοῦτον,
2972 3688 3065 3743 καὶ
3093 3686 3153 3739 τὸ
3179 3688 3435 3757 ποτήριον
3464 3689 3623 3741 τοῦτο
3640 3690 3855 3759 πίνητε,
3882 3690 3983 3742 τὸν

2405 3803 2420 3833 ι
2435 3781 2663 3837 θάνατον
2682 3779 2775 3834 τοῦ
2794 3779 3001 3851 Κυρίου
3020 3780 3414 3850 καταγγέλλετε
3436 3798 3483 3847 ;›
3496 3782 3761 3834 ’Δκουσον
3777 3780 3842 3836 ἐκ
3865 3782 3984 3836 τῶν

2399 3874 2822 3946 προηγουμένων
2868 3870 2967 3942 τὴν
3026 3872 3266 3943 ἀμαθίαν
3317 3872 3424 3926 τῶν
3487 3861 3835 3939 ἀντιθέντων,
3898 3875 3984 3937 ὼς

2400 3964 2626 4036 ξσχυράν
2688 3966 3120 4032 ἀναγινωσκουσι
3165 3960 3258 4017 τοῦ
3319 3961 3619 4033 μυστηρίου
3678 3964 3779 4035 τὴν
3830 3959 3985 4032 ὠφέ-

2396 4058 2564 4120 λειαν,
2620 4057 2713 4109 καὶ
2780 4055 2925 4118 τίνος
2977 4057 3089 4117 τοῖς
3152 4054 3461 4126 ἀνθρώποις
3520 4054 3821 4125 παρέχεται
3871 4056 3982 4125 τὴν

2396 4150 2724 4220 ἀνάμνησιν.
2762 4166 2780 4198 ι
2817 4147 2987 4201 Οὐδὲν
3017 4142 3111 4202 οὖν
3135 4149 3242 4219 ἄρα
3270 4148 3332 4200 τὸ
3362 4145 3639 4219 ἐξαίρετον
3668 4148 3767 4217 τῆς
3810 4149 3981 4201 ἀναι-

2399 4241 2607 4311 μάκτου
2655 4238 2844 4303 θυσίας
2866 4282 2880 4307 ,
2912 4241 3098 4311 ὄνησις
3129 4241 3185 4293 δὲ
3233 4240 3427 4310 κομιδῆ
3476 4240 3705 4311 σμικρὰ,
3737 4240 3832 4292 καὶ
3871 4243 3980 4310 τῆς

2395 4333 2663 4402 ὠφελείας
2692 4333 2791 4404 τὴν
2833 4333 3064 4403 δύναμιν
3120 4334 3464 4405 περιποιήσει
3491 4334 3631 4403 τάχα
3664 4350 3767 4385 που
3804 4333 3980 4404 μέχρι

2396 4426 2459 4497 δὴ
2508 4423 2671 4495 μόνου
2717 4424 2809 4478 τοῦ
2854 4424 3210 4494 καταγγείλαι
3257 4425 3347 4478 τὸν
3393 4424 3681 4494 ἀνθρώπου
3717 4424 3978 4490 θάνατον,

2399 4517 2494 4569 καὶ
2526 4515 2632 4571 τῶν
2660 4515 2783 4570 καθ’
2808 4518 2958 4587 ἡμᾶς
3000 4516 3118 4581 ἐνὸς
3149 4514 3475 4587 ποιήσασθαι
3517 4514 3614 4586 τὴν
3641 4515 3975 4586 ἀνάμνησιν.

721 4604 925 4672 decepti
953 4616 1048 4656 nos
1080 4601 1242 4655 etiam
1274 4614 1480 4664 sumus,
1513 4613 1703 4653 vanam
1748 4600 1813 4653 de
1856 4598 1948 4653 illo
1980 4598 2286 4666 opinionem

2404 4607 2611 4663 Οὐκοῦν
2648 4584 2988 4676 διαψευδεται
3022 4584 3286 4671 ζωοποίὸν
3329 4606 3458 4660 αὐτὸ
3501 4584 3691 4675 λέγων,
3722 4584 3979 4675 otiae-685-

720 4696 1011 4761 habentes;
1042 4708 1184 4748 nunc
1223 4692 1384 4747 etiam
1421 4706 1545 4747 sero
1580 4693 1665 4745 vix
1703 4691 1916 4747 tandem
1957 4691 2023 4745 ad
2052 4693 2294 4748 veritatis

722 4789 1083 4844 inventionem
1116 4787 1582 4856 perductisumus,
1609 4786 1694 4840 ubi
1728 4786 1779 4839 in
1812 4795 1934 4843 tuos
1965 4788 2061 4841 hos
2085 4802 2293 4841 sermo-

720 4895 817 4936 nes
865 4879 1173 4933 incidimus.
1224 4876 1331 4931 Sed
1387 4878 1482 4930 tibi
1527 4878 1664 4932 hanc
1712 4878 2038 4933 sententiam
2078 4879 2297 4948 eiigenti

720 4972 1093 5044 propheticum
1143 4969 1268 5024 illud
1304 4984 1332 5021 a
1382 4968 1537 5024 nobis
1576 4968 1841 5026 referetur
1890 4991 1902 5026 :
1942 4992 1958 5024 ι
2003 4972 2139 5029 Ecce
2190 4989 2294 5029 non

719 5079 843 5122 sunt
869 5066 1011 5121 oouli
1038 5067 1114 5121 tui
1149 5081 1323 5136 neque
1356 5082 1449 5121 cor
1478 5077 1624 5119 tuum
1650 5066 1847 5119 bonum
1872 5064 1912 5119 ³.
1950 5083 1968 5116 ι
1997 5065 2111 5119 Νοιι
2148 5066 2287 5119 enim

721 5153 991 5223 intelligit,
1027 5156 1149 5209 dum
1189 5155 1573 5207 annuntiamus
1603 5152 1801 5209 Christi
1843 5166 2092 5221 mortem,
2127 5166 2181 5209 et
2212 5156 2291 5208 in-

721 5261 881 5314 super
922 5246 1038 5313 ejus
1074 5249 1524 5301 resurrectionem
1570 5245 1911 5312 conﬁtemur,
1942 5257 1994 5301 et
2032 5263 2096 5301 ex
2128 5263 2189 5302 ea
2233 5264 2290 5303 re

721 5336 1107 5406 perfectionem
1140 5338 1260 5393 ﬁdei
1284 5339 1689 5408 consequimur,
1716 5339 1908 5393 deinde
1931 5339 2123 5394 divina:
2153 5341 2296 5394 illius

720 5439 925 5484 natura:
955 5428 1244 5500 participes
1279 5430 1455 5486 effecti
1480 5432 1525 5497 ⁸,
1554 5433 1886 5487 consortium
1922 5435 2148 5488 unitatis
2181 5435 2296 5504 cjns

721 5522 1092 5591 adipiscimur,
1143 5524 1459 5592 spiritaliter
1503 5523 1664 5578 simul
1694 5534 1748 5578 et
1784 5528 2143 5595 corporaliter
2170 5540 2298 5579 san-

719 5613 944 5667 ctiﬁcari
1013 5628 1075 5668 ac
1112 5614 1391 5670 viviticari.
1437 5634 1455 5667 ι
1500 5613 1725 5685 Oportet
1760 5616 1901 5671 eiiim
1946 5617 2296 5686 corruptibiie

797 5843 811 5871 ⁸
846 5840 1010 5895 Matth
1068 5858 1211 5907 XXIV,
1235 5843 1302 5896 30

2400 4702 2523 4756 σθαι
2556 4700 2632 4773 μὴ
2664 4698 2843 4767 εἰδὼς,
2876 4699 3123 4754 τουτέστι
3147 4698 3378 4772 Χριστός
3397 4716 3411 4732 ’
3438 4699 3886 4768 πεφενακίσμεθα
3915 4701 3975 4754 δὲ

2399 4796 2491 4849 καὶ
2518 4795 2700 4863 ἡμεῖς,
2732 4793 2944 4847 είκαίαν
2990 4791 3203 4861 ἔχοντες
3230 4791 3316 4844 ἐπ’
3342 4788 3490 4861 αὑτῷ
3519 4789 3616 4861 τὴν
3641 4789 3827 4854 δόξαν·
3867 4808 3977 4845 πε-

2399 4876 2753 4959 ποδηγήμεθα
2776 4885 2833 4938 δὲ
2866 4886 2960 4938 νῦν
2993 4884 3093 4952 ὀψέ
3121 4900 3248 4936 ποτε
3274 4883 3367 4935 καὶ
3393 4882 3548 4952 μόλις
3575 4882 3655 4944 είς
3707 4880 3977 4952 ἀληθείας

2400 4979 2648 5050 εὕρεσιν,
2703 4978 2943 5031 τουτοισὶ
2996 4979 3109 5039 τοῖς
3162 4977 3273 5037 σοῖς
3332 4974 3712 5044 περιτυχόντες
3764 4973 3972 5042 λόγοις.

2414 5071 2576 5125 Ἀλλά
2606 5088 2687 5124 σοι
2721 5071 2873 5126 ταυτὶ
2905 5069 3125 5139 φρονεῖν
3152 5067 3432 5138 ᾑρημένῳ,
3466 5066 3603 5137 πρὸς
3626 5065 3785 5137 ἡμῶν
3816 5067 3972 5135 εἴρη-

2399 5182 2487 5218 ται
2514 5163 2574 5216 τὸ
2597 5164 2685 5216 διὰ
2716 5160 2815 5232 τῆς
2847 5163 3123 5233 προφήτου
3152 5159 3337 5228 φωνῆς
3358 5177 3370 5188 ·
3415 5177 3433 5209 ι
3458 5151 3585 5211 Ἰδοὺ
3618 5158 3718 5211 οὑκ
3748 5158 3889 5210 εἰσὶν
3921 5160 3974 5212 oi

2399 5256 2666 5326 ὀφθαλμοί
2713 5271 2829 5319 σου,
2879 5253 3001 5305 οὐδὲ
3040 5254 3073 5321 ἠ
3105 5251 3300 5321 καρδία
3344 5268 3439 5303 σου
3478 5248 3635 5319 καλή.
3674 5268 3693 5300 ι
3742 5248 3973 5319 Συνίησι

2394 5352 2502 5421 γὰρ
2528 5349 2799 5420 οὐδαμῶς,
2851 5349 2932 5401 ὅτι
2983 5347 3075 5400 τὸν
3110 5346 3338 5399 θάνατον
3374 5343 3835 5412 καταγγέλλοντες
3871 5344 3969 5397 τοῦ

2394 5442 2652 5513 Χριστοῦ,
2704 5439 3232 5512 προσομολογοῖιντες
3276 5439 3333 5491 δὲ
3378 5438 3476 5507 τὴν
3511 5436 3832 5501 ἀνάστασιν,
3875 5440 3970 5489 καὶ

2393 5534 2491 5605 τὴν
2544 5536 2602 5586 ὲν
2650 5534 2831 5586 πίστει
2880 5532 3157 5584 τελείωσιν
3199 5530 3285 5582 διὰ
3332 5529 3519 5581 τούτου
3569 5527 3968 5597 κερδαίνοντες,

2397 5619 2515 5676 εἶτα
2544 5624 2638 5693 τῆς
2671 5623 2820 5683 θείας
2851 5620 3016 5673 αὐτοῦ
3041 5619 3251 5689 φύσεως
3277 5618 3518 5671 κοινωνοὶ
3546 5617 3855 5685 γεγονότες,
3878 5616 3969 5667 καὶ

1399 5846 1415 5872 ³
1450 5843 1672 5897 Zachar.
1718 5859 1809 5905 xu,
1847 5844 1912 5899 10
2012 5845 2247 5903 'Jcrem.
2282 5849 2529 5916 “11,47.
2608 5848 2629 5878 ⁸
2660 5846 2699 5902 ll
2728 5845 2843 5901 I‘et.
2878 5860 2915 5909 ι,
2954 5845 3006 5899 ι.
