4106 6464
189 406 268 460 εοι
1162 412 1537 472 Αυγειιευε
1574 417 1687 474 mas

1795 421 1978 482 iRlUM
2019 427 2148 487 LIB.
2194 430 2258 484 γ.
3266 448 3371 504 202

187 517 255 570 διὰ
278 516 359 568 τοῦ
401 518 722 588 μεταλαχεῖν
754 524 854 592 τῆς
883 525 1017 594 πρὶς
1053 526 1213 580 αὐτὸν
1241 529 1506 601 ἐνότητος,
1551 550 1684 586 πνευ

1817 540 1918 596 hoc
1951 542 2172 601 induere
2194 549 2671 618 incorruptionem,
2704 562 2754 606 et
2777 554 2999 610 mortale
3027 555 3124 610 hoc
3149 558 3369 615 induere

187 609 393 678 ματικῶς
424 626 480 661 τε
516 611 632 680 ἃμα
667 613 759 664 καὶ
808 616 1136 684 σωματικῶς
1188 619 1523 690 άγιαζόμεθα
1546 662 1558 685 ,
1612 627 1687 677 κα¹

1812 628 2328 691 immortalitatem’.
2367 658 2391 691 ι
2440 637 2812 696 indumentum
2847 655 3025 699 autem
3055 647 3118 700 de
3148 647 3283 703 caelo
3315 662 3369 704 et

185 699 572 768 ζωοποιούμεθα.
624 721 643 752 ι
677 706 768 755 Δεῖ
800 705 906 776 γὰρ
934 707 993 758 τὸ
1027 708 1262 779 φθαρτὸν
1291 711 1448 764 τοῦτο
1481 713 1687 767 ἐνδῦσα⁴

1811 721 2216 793 incorruptibile
2244 739 2298 783 et
2329 732 2783 788 immortalitatem
2819 733 3056 791 eﬂicicns
3082 737 3256 793 factus
3287 753 3372 794 est

116 792 121 799 ’
184 793 283 846 σθαι
320 793 640 863 ἀφθαρσίαν,
693 797 787 849 καὶ
831 798 891 850 τὸ
936 797 1130 868 θνητὸν
1177 801 1335 855 τοῦτο
1387 804 1686 860 ἐνδύσασθα

1811 813 1962 867 nobis
1986 792 2265 884 Christus;
2300 821 2438 888 quod
2468 821 2812 879 beatissimus
2842 825 3042 881 Paulus
3066 792 3366 894 conﬁrmai,

180 883 460 935 ἀθανασίαν.
490 885 766 954 »Ἄμφιον
786 886 841 940 δέ
870 886 933 940 τὸ
967 888 1025 952 ἐξ
1046 891 1278 961 οὐρανοῦ
1308 895 1399 946 καὶ
1430 893 1687 963 ἄφθαρτοι

1809 917 1949 957 nunc
1972 907 2183 973 quidem
2209 912 2454 964 scribens
2487 930 2498 963 :
2534 931 2551 962 ι
2583 914 2786 969 lnduite
2816 914 3097 969 Dominum
3127 928 3368 972 nostrum

179 973 252 1024 καὶ
276 972 558 1036 ἀθανασίας
584 977 944 1047 ἐμποιητικὸν
971 982 1197 1047 γέγονεν
1227 985 1357 1053 ἡμῖν
1382 985 1409 1036 6
1429 985 1666 1055 Χριστός

1805 988 1986 1045 Jesum
2029 993 2302 1050 Christum
2340 1001 2395 1062 ⁶;
2442 1020 2460 1050 ο
2512 1018 2649 1056 nunc
2686 1019 2811 1058 vero
2858 1025 2872 1059 :
2914 1025 2932 1056 ι
2965 1007 3279 1076 Quicunque
3315 1009 3368 1062 in

178 1065 251 1114 καὶ
283 1065 596 1118 πιστώσεται
631 1069 858 1138 γράφων
893 1070 925 1122 6
961 1071 1250 1140 ἱερώτατος
1292 1074 1502 1138 Παῦλος
1524 1092 1535 1104 ·
1575 1077 1687 1130 ποτὶ

1805 1080 2077 1136 Christum
2107 1085 2356 1154 baptiuti
2387 1092 2543 1154 estis,
2569 1091 2842 1148 Christum
2885 1097 3132 1152 induistis
3158 1099 3176 1127 ⁷
3202 1115 3216 1161 ;
3249 1117 3268 1150 ο
3304 1098 3370 1151 ilo

1805 1169 1912 1225 lum
1947 1176 2036 1242 qui
2080 1178 2332 1233 divinitus
2360 1195 2591 1250 vereque
2629 1186 2798 1239 dicit:
2838 1205 2853 1236 ι
2894 1187 3000 1254 Ego
3032 1203 3147 1241 sum
3191 1204 3368 1242 resur-

1803 1265 1972 1319 rectio
2002 1275 2054 1320 et
2078 1268 2182 1322 vita
2209 1269 2250 1322 ⁸.
2286 1287 2307 1322 ι
2327 1272 2404 1324 Ad
2431 1274 2542 1326 hasc
2574 1275 2702 1328 nihil
2730 1277 2953 1340 veritus,
2990 1279 3369 1333 exsecrabilio-

1803 1368 1916 1409 rem
1947 1357 2108 1412 etiam
2139 1358 2520 1428 blasphemiam
2551 1367 2815 1431 enuntiat,
2860 1369 3118 1438 adjiciens
3147 1388 3158 1422 :
3190 1367 3367 1441 [Audi

1801 1457 1907 1499 non
1941 1461 2024 1501 me
2047 1448 2157 1503 ha:c
2188 1450 2478 1515 dicentem,
2511 1456 2605 1507 sed
2633 1455 2844 1510 beatum
2877 1457 3096 1511 Paulum
3132 1477 3146 1515 :
3179 1477 3196 1509 ι
3221 1457 3367 1524 Quo-

1804 1535 2115 1606 tiescunque
2168 1543 2555 1598 manducabitis
2599 1558 2789 1613 panem
2834 1547 2997 1610 hunc,
3035 1566 3053 1598 ι
3098 1547 3251 1614 cujus
3281 1557 3366 1602 cst

1799 1626 1973 1696 ipsum
2002 1644 2194 1696 corpus
2218 1633 2536 1702 antitypum.
2562 1635 2678 1690 iam
2717 1637 2874 1706 igitur
2900 1639 3177 1693 videmnus
3209 1637 3363 1707 cujus

168 1701 423 1773 ΓᾹκουσον
457 1704 531 1774 μὴ
560 1704 697 1774 ἐμοῦ
725 1704 897 1759 ταῦτα
922 1707 1191 1775 λέγοντος,
1226 1708 1363 1762 ἀλλὰ
1398 1708 1490 1761 τοῦ
1524 1727 1687 1778 μακα-

1798 1726 1879 1769 est
1899 1733 2093 1773 morsu
2122 1701 2556 1793 Quotiescunque
2583 1728 2978 1783 tnandncabitis
2993 1746 3181 1798 panem
3199 1729 3362 1795 hunc,

169 1795 265 1863 ρίου
307 1795 534 1848 Παύλου-
593 1816 611 1846 ι
655 1797 876 1860 Ὁσάκις
920 1798 965 1850 δ’
1011 1799 1077 1851 ἂν
1131 1799 1346 1868 ἐσθίητε
1394 1799 1482 1852 τὸν
1531 1801 1687 1870 ἄρτον

1798 1815 1852 1858 et
1885 1807 2107 1861 calicem
2143 1811 2284 1864 hunc
2312 1812 2532 1879 bibetis,
2560 1826 2783 1870 mortem
2830 1818 3036 1872 Domini
3068 1819 3360 1873 annuntia-

168 1884 342 1946 τοῦτον,
372 1905 390 1936 ι
434 1879 494 1938 οὗ
543 1889 662 1939 ἐστι
709 1889 769 1939 τὸ
800 1888 959 1957 σῶμα
989 1887 1294 1942 ἀντίτυπον.
1331 1889 1556 1959 ’Ίδωμεν
1601 1889 1687 1944 οὖν

1802 1892 1927 1946 bitis
1959 1913 1971 1947 :
2005 1913 2024 1946 ο
2050 1899 2173 1951 audi
2201 1901 2360 1953 etiam
2393 1903 2444 1954 in
2475 1907 2822 1972 sequentibus
2849 1912 3105 1974 apertius,
3138 1928 3157 1960 ι
3185 1911 3363 1965 Dunec

167 1976 254 2027 ἀπὸ
287 1976 463 2028 τούτου
512 1978 659 2038 τίνος
687 1978 716 2028 6
759 1975 1006 2040 Θάνατος.
1056 1996 1074 2028 ι
1115 1977 1334 2041 Ὁσάκις
1369 1979 1434 2032 ἂν
1478 1979 1687 2051 ἐσθίητε

1799 1983 1999 2038 veniat.
2031 2002 2051 2038 ι
2085 1986 2215 2053 Quis
2246 2001 2426 2046 autem
2466 1995 2650 2048 venit?
2685 2013 2702 2045 ι
2736 1996 2997 2051 Videbunt
3030 1999 3222 2052 Filium
3261 2001 3360 2053 ho-

166 2067 238 2119 τὸν
260 2068 410 2139 ἄρτον
430 2068 638 2132 τοῦτον,
672 2067 848 2122 καὶτὸ
882 2070 1138 2138 ποτήριον
1169 2068 1327 2123 τοῦτο
1357 2070 1568 2142 πίνητε,
1603 2075 1687 2126 τὸν

1803 2073 1964 2129 minis
2015 2079 2319 2135 venientem
2383 2083 2434 2135 in
2484 2086 2720 2139 nubibus
2771 2088 2889 2141 caeli
2951 2104 3070 2142 cum
3115 2089 3360 2144 claritate

163 2159 360 2214 θάνατον
387 2159 478 2213 τοῦ
508 2160 718 2231 Κυρίου
747 2159 1143 2229 καταγγέλλετε
1164 2179 1179 2193 ·
1216 2180 1234 2213 ι
1269 2161 1498 2216 ἄκουσον
1521 2164 1614 2218 καὶ
1639 2166 1687 2217 ἐν

1803 2178 1993 2234 magna
2028 2186 2042 2221 :
2079 2187 2096 2218 ι
2129 2179 2205 2233 et,
2251 2174 2395 2239 quod
2433 2174 2605 2242 majus
2636 2185 2734 2238 est,
2767 2185 2892 2232 ante
2923 2179 3192 2248 apostolos
3237 2195 3360 2248 pro-

164 2252 254 2312 τοῖς
288 2251 472 2321 ἐφεξῆς
521 2252 936 2321 φανερώτερον,
983 2270 1004 2303 ε
1039 2254 1228 2323 Ἀχρις
1260 2247 1321 2306 οὗ
1356 2255 1503 2325 ἔλθῃ,
1541 2275 1559 2307 ›
1601 2256 1687 2318 Τίς

1801 2254 1960 2320 pheta
1995 2259 2328 2313 manifestius
2360 2263 2657 2315 venientem
2681 2267 2939 2329 ostendit,
2965 2247 3024 2322 et
3055 2247 3268 2332 clamat,
3294 2269 3360 2322 de

177 1154 286 1225 μὲν,
330 1156 406 1208 ὅτι
459 1173 478 1208 ι
518 1157 840 1212 Ἐνδύσασθε
891 1161 982 1214 τὸν
1029 1161 1233 1233 Κύριον
1283 1167 1439 1234 ἡμῶν
1501 1167 1703 1236 Ἰησοῦν

173 1247 405 1316 Χριστόν·
439 1265 457 1298 ι
492 1249 583 1302 ὁτὲ
616 1249 674 1302 δέ
701 1246 791 1315 αὖ,
826 1271 844 1302 t
885 1252 1039 1306 Ὅσοι
1068 1254 1176 1323 γὰρ
1207 1256 1285 1317 είς
1313 1254 1546 1326 Χριστὸν
1580 1257 1704 1310 ἐϐα-

173 1337 421 1407 πτίσθητε,
453 1339 692 1409 Χριστὸν
715 1340 1062 1409 ἐνεδύσασθε,
1099 1363 1118 1396 ο
1145 1344 1236 1397 τὸν
1269 1345 1589 1418 θεοπρεπῶς
1616 1348 1702 1401 λέ-

172 1446 306 1495 γοντα
335 1431 423 1482 καὶ
451 1429 687 1500 άληθῶς
726 1451 744 1484 ι
785 1433 924 1502 Ἐγώ
956 1437 1070 1505 είμι
1120 1437 1152 1506 ἡ
1185 1437 1480 1502 ἀνάστασις
1523 1439 1616 1492 καὶ¹
1665 1440 1700 1510 ἡ

171 1518 281 1590 ζωή.
312 1537 330 1571 ι
376 1519 512 1590 Πρὸς
543 1521 610 1592 δὴ
641 1523 710 1575 τά
742 1523 919 1577 τοιάδε
953 1524 1278 1589 καταδείσας
1309 1525 1478 1590 οὐδὲν,
1512 1527 1700 1596 βδελυ-

170 1612 383 1682 ρωτέραν
414 1612 492 1664 ἐτι
525 1614 626 1684 τὴν
655 1613 969 1685 δυσφημίαν
1011 1615 1323 1685 ἀποφαίνει,
1350 1618 1660 1688 προστιθείς
1681 1633 1696 1648 ’

162 2334 237 2392 οὖν
262 2342 286 2392 6
309 2341 598 2410 ἐρχόμενος
620 2359 634 2406 ;
675 2353 695 2392 ‘t
733 2344 991 2412 Ὄψονται
1017 2343 1108 2395 τὸν
1138 2343 1261 2394 Υίὸν
1286 2343 1378 2396 τοῦ
1406 2343 1692 2414 ἀνθρώπου

163 2432 421 2501 ἐρχόμενον
455 2435 547 2487 ἐπὶ
573 2435 684 2486 τῶν
717 2435 953 2504 νεφελῶν
975 2433 1070 2487 τοῦ
1100 2433 1327 2504 οὐρανοῦ
1372 2435 1510 2504 μετὰ
1537 2434 1693 2504 δόξης

162 2521 364 2593 πολλῆς·
407 2542 426 2575 ι
460 2525 553 2577 καὶ
594 2524 655 2577 τὸ
696 2525 760 2596 δὴ
795 2524 1000 2595 μεῖζον,
1055 2525 1083 2575 6
1124 2525 1405 2596 προφήτης
1445 2525 1549 2595 πρὸ
1583 2523 1694 2577 τῶν

162 2612 434 2667 ἀποστόλων
467 2616 803 2685 σαφέστερον
826 2615 916 2668 τὸν
945 2615 1238 2686 ἐρχόμενον
1283 2615 1523 2669 δείκνυσι
1551 2656 1565 2682 ,
1599 2614 1694 2669 καὶ

161 2704 365 2776 κέκραγε
393 2710 518 2777 περὶ
556 2707 828 2761 Ἰουδαίων
865 2706 1001 2777 βοῶν
1021 2725 1032 2737 ·
1069 2728 1087 2760 ι
1123 2709 1381 2779 Ὄψονται
1411 2710 1489 2772 είς
1517 2709 1574 2761 ὃν
1603 2708 1688 2772 ἐξ·

161 2796 440 2867 εκέντησαν.
476 2819 494 2850 ι
535 2799 634 2862 Τίς
680 2797 771 2853 οὖν
801 2802 947 2854 ἐστιν
975 2805 1002 2855 6
1038 2803 1350 2874 κεντηθείς;
1386 2805 1419 2874 ἡ
1449 2803 1688 2873 πλευρά’

162 2887 335 2959 πλευρά
367 2889 418 2941 δὲ
451 2889 724 2960 σώματος,
755 2893 815 2944 οὐ
842 2892 1091 2966 θεότητός
1122 2896 1301 2967 ἐστι.]
1332 2895 1549 2966 Σμικρὰ
1581 2913 1691 2948 τοι-

159 2979 348 3047 γαροῦν,
381 2981 457 3044 ὡς
506 2982 668 3054 ἔφην,
697 2984 796 3053 τῆς
825 2985 1160 3055 ἀναιμάκτου
1207 2987 1393 3050 θυσίας
1420 2989 1453 3057 ὴ
1485 2987 1688 3054 ὄνησις,

157 3072 222 3122 ὅτι
247 3074 372 3142 τάχα
398 3091 498 3126 που
532 3074 612 3145 μὴ
647 3077 871 3142 γέγονεν
901 3078 1121 3144 ἐφικτὸν
1140 3078 1274 3147 ὁμοῦ
1306 3080 1371 3148 τῇ
1406 3080 1571 3147 σαρκὶ
1601 3080 1692 3130 καὶ

157 3167 234 3236 τὴν
272 3170 360 3232 τῆς
397 3170 654 3239 θεότητος
702 3169 1043 3222 δαπανᾶσθαι
1097 3172 1286 3239 φύσινο
1340 3173 1420 3223 ὅτι
1466 3172 1541 3240 μὴ
1583 3171 1691 3223 τῶν

155 3260 415 3328 ἀμηχάνων
441 3260 891 3330 κεκρατήκαμεν,
918 3260 1132 3315 ἐδεστὸν
1160 3261 1369 3331 ἔχοντες
1404 3262 1607 3331 γυμνὸν
1631 3261 1691 3314 τὸ

155 3350 428 3419 ἀσώματον.
473 3351 864 3421 Ἐπιλελῆσθαι
910 3352 965 3404 δέ
1019 3371 1107 3423 μοι
1137 3353 1331 3416 δοκεῖς,
1366 3354 1442 3416 ὡς
1489 3354 1690 3423 ἥκιστα

157 3441 236 3508 μὲν
275 3440 517 3514 θεότητος
560 3442 720 3512 φύσις
749 3443 866 3496 ἐστὶ
895 3443 955 3495 τὸ
989 3443 1348 3514 προκείμενον
1398 3444 1455 3495 ἐν
1505 3442 1692 3509 ἁγίαις

153 3532 415 3599 τραπέζαις
449 3532 810 3609 Ἐκκλησιῶν,
829 3532 967 3603 πλὴν
999 3531 1126 3586 ῐδ.ον
1153 3532 1309 3601 σῶμα
1338 3531 1431 3584 τοῦ
1455 3533 1519 3584 ἐκ
1553 3530 1689 3584 Θεοῦ

155 3620 334 3688 Harpe;
385 3623 589 3689 φύντος
627 3621 823 3688 Λόγου,
854 3620 983 3682 Θεὸς
1007 3621 1063 3672 δὲ
1091 3623 1249 3688 φύσει
1300 3623 1390 3673 καὶ
1420 3621 1635 3691 άληθῶς
1663 3624 1691 3674 6

153 3709 315 3775 Λόγος.
342 3711 404 3762 Τί
433 3711 621 3763 τοίνυν
654 3710 897 3772 ἅπαντας
927 3710 1040 3782 [ἴον.
1072 3710 1312 3781 ἅπαντα]
1333 3715 1570 3780 συγχεῖς,
1596 3712 1690 3762 καὶ

153 3797 390 3864 ἀσυνέτως
417 3801 712 3870 διακυκᾷς,
740 3800 831 3853 τὸν
863 3800 1025 3871 ἄρτον
1058 3802 1188 3871 ἡμῖν
1216 3801 1306 3854 τὸν
1345 3802 1404 3865 ἐξ
1438 3800 1687 3871 οὐρανοῦ,

153 3891 229 3943 καὶ
255 3891 387 3963 ζωὴν
413 3893 627 3945 διδόντα
657 3891 735 3960 τῷ
764 3893 953 3961 κόσμῳ
978 3895 1260 3961 μονονουχὶ
1289 3893 1378 3945 καὶ
1400 3893 1687 3960 διαγελῶν,

153 3982 215 4032 ὅτι
245 3985 309 4052 μὴ
341 3984 538 4053 θεότης
561 3981 875 4052 ὠνόμασται
903 3983 988 4035 διὰ
1015 3982 1114 4052 τῆς
1145 3983 1250 4035 τῶν
1278 3982 1553 4055 θεηγόρων
1579 4000 1692 4050 φω-

153 4070 248 4140 νῆς,
271 4072 420 4143 σῶμα
443 4073 502 4126 δὲ
547 4073 746 4142 μᾶλλον
776 4073 868 4126 τοῦ
900 4074 966 4126 δι’
1003 4076 1150 4143 ἡμᾶς
1184 4074 1686 4143 ἐνηνθρωπηκότος,

150 4165 410 4230 τουτέστιν,
451 4163 554 4218 τοῦ
605 4167 668 4217 ἐκ
717 4163 851 4217 Θεοῦ
907 4165 1118 4233 Πατρδς
1167 4164 1376 4232 Λόγου;
1431 4164 1595 4235 Σῶμα
1631 4164 1690 4218 δέ

150 4253 441 4309 Δεσποτικδν
471 4254 700 4310 άνθότου
734 4255 818 4324 δὴ,
850 4256 1079 4326 φράσον,
1108 4254 1396 4324 ὀνομάζεις
1437 4255 1604 4320 ὅλως,
1641 4257 1689 4308 εί

153 4343 211 4411 μὴ
242 4344 371 4399 θεῖον
399 4343 565 4400 οἶσθα
611 4345 703 4396 καὶ
747 4344 901 4397 θεοῦ.
970 4345 1142 4397 Δοῦλα
1183 4345 1290 4414 γάρ
1330 4345 1543 4397 ἅπαντα
1591 4343 1686 4397 τοῦ

151 4439 498 4507 πεποιηκότος.
546 4435 703 4488 Ἀλλὰ
731 4435 838 4505 γάρ
859 4435 958 4487 οὐκ
988 4434 1162 4505 ὀρθῶς
1186 4434 1297 4503 ἔχει
1329 4451 1411 4486 σοι
1450 4433 1519 4486 τά
1548 4433 1688 4486 κατά

1798 2339 1996 2396 Ιυάιείε
2019 2347 2202 2402 dicens
2229 2367 2242 2402 :
2279 2367 2297 2401 ι
2335 2349 2600 2406 Videbunt
2624 2355 2673 2408 in
2700 2371 2856 2424 quem
2877 2368 3356 2425 cumpunxerunta

1799 2428 2076 2494 Quodnam
2111 2436 2275 2505 igitur
2306 2439 2433 2492 illud
2468 2453 2844 2510 compunctum
2883 2446 3008 2499 est?
3038 2446 3239 2502 Latus:
3277 2448 3356 2502 ia-

1803 2529 1884 2577 tus
1908 2538 2032 2576 vero
2057 2529 2300 2596 corporis
2315 2542 2418 2594 est,
2439 2546 2540 2585 non
2577 2535 2919 2606 divinitatis.)
2945 2537 3144 2607 Exigua
3169 2549 3248 2592 est
3263 2539 3357 2607 igi-

1802 2621 1907 2677 tur,
1943 2616 2102 2687 116
2125 2630 2180 2672 ut
2206 2620 2332 2683 dixi,
2355 2621 2650 2679 incruenta:
2668 2626 2854 2682 hostia
2871 2629 3094 2696 utilitas,
3115 2633 3238 2699 quia
3275 2634 3359 2686 ni-

1801 2706 1994 2760 mirum
2022 2708 2101 2762 fus
2132 2724 2237 2764 non
2261 2724 2340 2765 est
2368 2721 2426 2765 ut
2450 2713 2611 2768 simul
2643 2730 2760 2770 cum
2789 2733 2949 2774 carne
2976 2723 3135 2774 etiam
3164 2723 3358 2776 divini-

1801 2794 1928 2848 tatis
1975 2805 2167 2850 natura
2203 2810 2775 2869 consumatur-meque
2811 2821 2871 2860 ea
2911 2809 3213 2864 obtinemus
3241 2825 3358 2878 qua:

1798 2893 1923 2939 sunt
1968 2886 2340 2956 impossibilia,
2377 2900 2433 2944 ut
2465 2891 2576 2960 ipsa
2623 2893 2934 2961 incorporea
2979 2911 3169 2952 natura
3215 2901 3355 2955 nuda

1800 2989 2098 3031 vescamur.
2146 2977 2251 3034 Sed
2293 2981 2488 3036 oblitus
2539 2983 2668 3037 mihi
2701 2985 2893 3039 videris
2933 2987 3072 3042 haud
3111 2999 3354 3043 naturam

1799 3067 2097 3124 divinitatis
2157 3071 2211 3124 id
2255 3086 2374 3126 esse
2431 3073 2575 3141 quod
2637 3075 2688 3126 in
2737 3078 2939 3130 sanctis
2993 3076 3356 3135 Ecclesiarum

1799 3159 1994 3212 mensis
2028 3163 2359 3230 proponitur,
2398 3165 2489 3216 sed
2543 3165 2816 3233 proprium
2859 3184 3053 3237 corpus
3089 3171 3245 3225 Verbi
3289 3186 3354 3226 ex

1796 3247 1955 3304 Patre
1985 3252 2170 3320 geniti,
2204 3257 2346 3320 quod
2381 3252 2610 3307 Verbum
2635 3270 2701 3309 ex
2731 3267 2920 3312 natura
2965 3272 3020 3313 et
3056 3270 3181 3314 vere
3212 3263 3350 3318 Deus

1791 3353 1895 3397 est.
1950 3342 2059 3396 Cur
2104 3344 2268 3415 igitur
2313 3346 2489 3399 omnia
2527 3347 2830 3415 confundis,
2885 3350 3356 3425 imprudenterque

1789 3433 2102 3499 permisces,
2132 3448 2323 3502 panem
2374 3435 2524 3488 illum
2557 3437 2622 3491 de
2666 3438 2824 3502 etelo,
2854 3450 2910 3494 et
2945 3441 3110 3496 vitam
3157 3447 3354 3500 mundo

1791 3525 2005 3579 dantem
2043 3526 2426 3596 propemodum
2461 3527 2623 3581 etiam
2665 3530 2933 3596 deridens,
2972 3536 3113 3602 quod
3149 3537 3354 3591 theolo-

1791 3631 1975 3684 gorum
2009 3633 2139 3671 voce
2171 3633 2276 3671 non
2310 3620 2379 3673 sit
2408 3619 2660 3675 divinitas
2688 3634 3078 3691 nuncupatum,
3115 3629 3208 3682 sed
3237 3643 3357 3684 cor-

1790 3719 1889 3772 pus
1916 3707 2097 3774 pmius
2139 3708 2281 3762 illius
2311 3712 2400 3778 qui
2443 3721 2660 3779 propter
2708 3728 2802 3767 nos
2841 3725 2922 3768 est
2966 3718 3125 3772 homo
3158 3717 3354 3788 factus,

1791 3792 1892 3846 hoc
1921 3803 2025 3858 est,
2055 3797 2195 3849 illius
2218 3813 2281 3850 ex
2310 3798 2466 3852 Patre
2498 3800 2693 3854 Verbi?
2717 3800 2833 3854 Jam
2869 3818 2997 3859 vero
3027 3807 3176 3862 dicas
3196 3809 3354 3864 velim

1789 3898 1951 3952 quam
1986 3886 2053 3937 ob
2081 3899 2296 3939 causam
2325 3889 2546 3942 omnino
2579 3903 2777 3959 corpus
2815 3891 3148 3950 Dominicum
3169 3913 3354 3964 vocas,

1791 3976 1835 4029 si
1873 3990 1975 4027 non
2005 3976 2242 4028 divinum
2273 3992 2391 4031 esse
2421 3979 2581 4043 nosti,
2620 3995 2682 4034 ac
2713 3982 2878 4049 ipsius
2913 3983 3040 4050 Dei;
3077 4003 3201 4042 nam
3239 4004 3355 4044 ser-

1790 4068 1943 4120 viunt
1967 4067 2183 4135 quidem
2204 4068 2381 4121 omnia
2411 4067 2686 4124 Conditori
2705 4073 2747 4126 '.
2775 4071 2879 4127 Sed
2905 4076 3048 4128 enim
3080 4091 3182 4131 non
3213 4087 3358 4135 recte

1791 4159 1991 4214 habent
2029 4173 2149 4228 quae
2198 4160 2251 4212 in
2289 4161 2471 4214 animo
2503 4177 2707 4227 versas,
2736 4174 2790 4218 et
2831 4165 3003 4235 ipsum
3046 4167 3357 4226 Emmanuel

1792 4244 2063 4302 hominem
2089 4257 2218 4302 esse
2239 4247 2508 4303 Deiferum
2531 4265 2754 4318 prorsus
2778 4255 2976 4309 credis.
3009 4255 3206 4314 Deinde
3235 4274 3358 4314 sen-

1793 4337 1976 4392 tentiis
2005 4354 2068 4391 ac
2109 4338 2309 4400 verbis,
2349 4353 2468 4406 qua:
2509 4355 2629 4394 cum
2675 4343 2872 4410 pietate
2900 4345 3182 4412 conjuncta
3208 4360 3354 4415 sunt,

1790 4429 2014 4482 omnino
2053 4429 2332 4497 neglectis,
2387 4429 2534 4482 illqu
2584 4433 2822 4488 veritatis
2865 4449 3078 4490 sacrum
3123 4440 3357 4494 adminio

146 4526 220 4577 τον
246 4529 380 4590 νοῦν,
426 4527 718 4597 ἄνθρωπον
751 4525 808 4578 δέ
845 4520 981 4577 εἶναι
1015 4524 1385 4586 πεπίστευκας
1431 4523 1687 4595 θεοφόρον

1795 4531 1963 4575 strum
1984 4520 2115 4588 (30),
2137 4522 2283 4574 illum
2309 4522 2604 4591 sapientem
2631 4526 2978 4581 architectum
3003 4538 3057 4582 et
3081 4531 3356 4588 doctorem

149 4616 304 4681 ἁπλῶς
328 4621 416 4672 τδν
455 4616 832 4687 Ἐμμανουήλ.
863 4612 993 4668 Εἶτα
1025 4615 1133 4668 τῶν
1161 4617 1240 4678 είς
1283 4615 1563 4666 εὐσέϐειαν
1602 4616 1689 4666 ἐν.

149 4709 278 4760 vutth
319 4726 375 4762 τε
409 4711 512 4762 καὶ
561 4708 735 4775 λόγων
769 4707 1064 4777 ἀφειδήσας
1119 4707 1416 4772 παντελῶς,
1461 4710 1554 4760 τὸν
1591 4709 1688 4777 τῆς

147 4797 367 4865 ἀληθείας
398 4799 710 4870 ίερουργδν,
747 4797 836 4850 τὸν
887 4799 1047 4865 σοφδν
1093 4799 1444 4866 ἀρχιτέκτονα
1483 4799 1577 4850 καὶ
1612 4797 1688 4848 δι-

144 4888 381 4947 δάσκαλον
411 4893 530 4945 τῶν
560 4890 750 4954 ἐθνῶν,
767 4890 857 4942 τὸν
892 4891 1033 4959 ἱερὸν
1056 4889 1270 4958 ἀληθῶς
1295 4890 1388 4942 καὶ
1412 4888 1686 4957 πάνσοφον

144 4981 330 5038 Παῦλον
397 4982 626 5039 ἔσεσθαί
689 4999 770 5034 σοι
845 4983 1194 5053 συλλήπτορα
1263 4981 1686 5050 συκοφαντοῦντι

145 5079 440 5150 προσδοκᾷς,
472 5077 576 5144 τῆς
605 5078 684 5139 εἰς
715 5075 842 5127 εὑθῦ
874 5079 967 5128 καὶ
990 5074 1368 5143 δοκιμωτάτης
1400 5075 1687 5144 ἀποφέρων

143 5166 261 5234 ὀδοῦ,
293 5171 398 5222 τῶν
426 5167 611 5239 ὀρθῶς
643 5183 702 5220 τε
747 5166 839 5219 καὶ
874 5164 1178 5235 άκιδδήλως
1220 5166 1523 5235 εἰρημένων
1558 5167 1685 5233 παρ’

143 5258 282 5313 αὐτοῦ
307 5264 404 5332 την
431 5259 686 5328 δῦναμιν.
720 5256 944 5328 ἰδωμεν
987 5255 1124 5318 γὰο,
1155 5257 1338 5326 φησὶν,
1367 5255 1472 5309 ἀπὸ
1497 5256 1684 5308 τούτου

1793 4611 2055 4679 gentium,
2082 4626 2294 4666 sacrum
2329 4628 2514 4666 revera
2550 4624 2604 4668 et
2639 4616 3092 4682 sapientissimum
3133 4621 3356 4676 Paulum

1794 4701 1887 4754 tibi
1933 4700 2284 4755 calumnianti
2315 4700 2428 4756 fore
2477 4703 2850 4757 auxiliatorcm
2885 4717 3060 4774 putas,
3094 4711 3218 4763 dum
3247 4711 3354 4764 vim

1791 4805 1975 4845 eorum
2001 4806 2119 4860 qua
2143 4802 2267 4846 sunt
2285 4794 2352 4844 ab
2373 4806 2439 4846 eo
2467 4802 2611 4847 recte
2631 4796 2947 4863 sincereque
2965 4799 3130 4862 dicta,
3148 4813 3176 4852 a
3209 4810 3356 4856 recta

1792 4890 2123 4956 probataque
2145 4889 2226 4941 via
2247 4888 2552 4956 detorques.
2577 4891 2860 4945 Videamus
2879 4895 3046 4958 enim,
3074 4895 3268 4964 inquit.
3290 4912 3356 4952 ex

1795 4981 1918 5041 huc,
1954 4979 2109 5047 cujus
2138 4978 2209 5031 sit
2251 4992 2397 5031 mors
2427 4995 2438 5030 :
2473 4998 2490 5028 ι
2529 4978 2708 5034 Donec
2738 4981 2954 5049 veniat;
2999 5002 3016 5034 ι
3042 4987 3166 5053 quis
3195 4999 3354 5054 porro

1795 5079 1877 5124 est
1901 5071 1990 5137 qui
2021 5069 2204 5121 venit!
2235 5066 2533 5122 «Videbunt
2565 5069 2615 5122 in
2650 5085 2808 5139 quem
2841 5085 3288 5143 compunxerunt.
3326 5093 3347 5125 ο

1774 5159 1986 5215 ’νειιὶει
2012 5159 2172 5228 igitur
2199 5159 2242 5212 is
2267 5160 2356 5228 qui
2386 5175 2452 5213 ex
2479 5161 2710 5214 humana
2753 5163 3060 5219 conditione
3100 5164 3354 5220 sustinuit

1797 5259 2048 5313 mortem,
2066 5257 2119 5301 et
2138 5249 2393 5302 divinitus
2418 5251 2733 5313 resurrexit,
2757 5252 2848 5318 qui
2873 5253 2923 5305 in
2954 5253 3146 5309 ccelum
3172 5254 3350 5318 rediit,

201 5416 219 5446 '
251 5415 416 5473 lCor.
447 5432 538 5481 xv,
567 5416 656 5470 53.
735 5416 754 5446 ⁸
785 5414 940 5469 lium.
979 5427 1102 5478 xm,
1135 5413 1219 5467 14.
1295 5415 1312 5443 ⁷
1373 5412 1546 5467 Galat.
1580 5427 1664 5473 nt,
1695 5410 1793 5473 27,-
1861 5411 1881 5442 ⁸
1903 5407 2057 5465 Joan.
2095 5424 2172 5464 ιι.
2210 5408 2299 5462 25.
2375 5411 2395 5440 '
2427 5406 2568 5462 Psal.
2595 5423 2779 5471 cxvitt,
2809 5409 2898 5463 9i.

1367 5565 1523 5620 ΑΝΓ.
1566 5561 1832 5620 AGELLH
1873 5561 2097 5616 ΝΟΪᾸΞ.

199 5708 297 5774 (30)
339 5708 581 5762 Veritatis
607 5721 814 5758 sacrum
842 5705 1225 5754 mlministrnm.
1260 5702 1391 5756 Nam
1425 5705 1475 5756 in
1497 5715 1678 5782 extre-

145 5794 214 5832 ma
241 5779 468 5849 Epistula
489 5781 552 5830 ad
587 5775 885 5835 Romanos,
914 5776 1339 5827 sanetilicantem
1386 5789 1478 5827 scu
1511 5775 1676 5828 sacri-

441 5871 718 5932 Pn‘noL.
768 5863 884 5927 Gn.
936 5865 1208 5926 LXXVI.

1790 5702 2038 5763 licuntem
2070 5700 2507 5768 Evangeiiuni_§e
2547 5699 2718 5768 ipsum
2752 5699 2886 5753 dixit
2918 5698 3225 5768 Apostolus,
3249 5698 3349 5750 hoc

1783 5783 1884 5834 est,
1921 5765 2299 5838 ἱερουργοῦντα
2335 5768 2392 5820 τὸ
2431 5765 2776 5833 Εὐαγγέλιον.

2965 5857 2995 5915 7
