4104 6504
707 437 812 494 203

1731 437 1785 492 S.
1829 435 2092 492 CYBILLI
2129 431 2600 490 ALEXANDBINI
2637 432 2954 488 AllCHlEP.

3847 432 3950 486 204

709 552 801 620 qui
822 551 982 606 etiam
1005 547 1293 604 inell‘abilis
1313 548 1533 604 deitatis
1553 561 1778 620 augusta
1809 550 2102 606 decoratur
2122 549 2261 613 sede1

2376 547 2522 610 τίνος
2557 550 2585 600 6
2617 547 2868 610 θάνατος.
2917 565 2935 597 ι
2970 548 3161 617 Ἀχρις
3191 541 3252 600 οῦ
3287 547 3443 619 ἔλθῃ.
3483 566 3503 599 ι
3533 548 3628 611 Τίς
3651 548 3707 600 δέ
3736 550 3886 601 ἐστιν
3924 548 3952 597 6

707 652 760 698 et
807 656 928 697 cum
975 640 1136 696 Patre
1177 640 1445 707 considet,
1489 640 1970 698 circumstantibus
2017 639 2269 694 nimirum

707 732 1086 801 Serapbim,et
1111 731 1380 800 supremis
1433 731 1540 787 illis
1588 730 1910 796 Virtutibus,
1965 743 2270 784 mensuram

704 839 816 881 sua:
843 823 1141 889 servitutis,
1172 837 1276 892 qua
1309 821 1381 876 illi
1416 821 1644 890 subjecti
1661 829 1805 883 sunt,
1838 834 1942 873 non
1977 817 2273 888 ignoranti-

704 917 824 980 bus,
857 915 1108 970 omnibus
1130 914 1293 967 etiam
1329 911 1693 966 Potestatibus
1721 909 1868 963 illum
1899 908 2266 970 adorantibus,

703 1004 1008 1059 Virtutibus
1053 1003 1215 1058 etiam
1264 1018 1327 1056 ac
1373 1000 1832 1057 Dominatiouibus
1874 1016 1889 1053 :
1939 1017 1958 1050 ι
1995 998 2093 1065 ipsi
2124 999 2268 1051 enim

701 1110 862 1150 omne
879 1109 1015 1163 genu
1036 1093 1300 1157 ﬂectetur,
1315 1093 1556 1147 etomnis
1572 1091 1746 1159 lingua
1765 1089 2269 1160 conﬁtebitur,‘quia

705 1185 961 1240 Dominus
991 1183 1168 1249 Jesus,
1199 1183 1249 1236 in
1274 1182 1495 1251 gloriam
1520 1180 1612 1235 Dei
1635 1179 1808 1234 Patris
1839 1179 1910 1244 ’°;
1938 1196 1956 1229 ι
1991 1187 2045 1232 et
2071 1179 2266 1243 veniet,

702 1281 761 1325 ut
794 1272 928 1336 dixi,
959 1287 1062 1324 non
1093 1273 1144 1324 in
1177 1278 1360 1324 nostra
1379 1269 1688 1324 humilitate
1715 1276 2063 1337 conspectus,
2094 1266 2187 1319 sed
2218 1266 2269 1318 iu

701 1362 868 1433 gloria
895 1361 1214 1425 divinitatis,
1249 1359 1386 1413 coelo
1445 1359 1760 1427 superisque
1816 1356 2100 1425 spiritibus
2146 1369 2268 1409 eum

699 1451 1042 1519 stipantibus,
1074 1458 1126 1503 et
1149 1448 1246 1517 ipsi
1275 1456 1331 1500 ut
1359 1448 1486 1510 Deo,
1530 1461 1592 1499 ac
1623 1444 1779 1514 Regi,
1816 1454 1871 1498 et
1894 1445 2270 1499 universorum

700 1541 928 1596 Domino
975 1539 1365 1595 assistentibus.
1418 1537 1473 1592 Si
1531 1536 1696 1607 igitur
1728 1552 1832 1590 non
1878 1537 2043 1590 estin
2085 1551 2267 1601 carne,

699 1635 805 1688 hoc
836 1642 938 1696 est,
968 1648 1072 1687 non
1107 1633 1266 1685 homo
1299 1630 1497 1684 factum
1540 1638 1622 1683 est
1669 1628 1759 1682 Dei
1795 1628 1974 1682 Patris
2009 1628 2270 1693 Verbum,

700 1723 793 1778 sed
857 1725 1016 1777 homo
1071 1721 1282 1786 Deiter,
1350 1720 1490 1773 latus
1543 1733 1861 1787 corporeum
1921 1719 2162 1785 habens,
2217 1729 2272 1774 et

694 1813 862 1882 117
918 1812 1387 1880 compunctionem
1434 1810 1618 1864 lateris
1651 1826 1861 1880 passus,
1906 1815 2174 1881 quomodo
2217 1813 2269 1865 in

2376 639 2700 707 ὲρχόμενος;
2740 657 2757 689 ι
2799 637 3057 707 Ὄψονται
3088 639 3166 701 εἰς
3211 638 3270 692 ὃν
3318 638 3696 709 ἐξεκέντησαν.
3735 657 3754 689 ι
3792 637 3952 701 ’Ἥξει

2374 731 2576 796 τοίνυν,
2625 733 2652 782 6
2699 728 2983 792 πεπονθὼς
3021 730 3118 799 μὲν
3158 729 3248 782 τὸν
3298 728 3524 782 θάνατον
3567 729 3952 799 ἀνθρωπίνως,

2375 819 2744 890 ἐγηγερμένος
2777 819 2834 872 δὲ
2865 818 3091 881 θεῖκῶς·
3134 819 3500 888 ἀναφοιτήσας
3528 819 3584 871 δὲ
3618 821 3712 872 καὶ
3748 822 3830 881 είς
3855 820 3952 871 οὑ-

2378 909 2576 978 ρανοὺς
2598 951 2611 972 ,
2635 908 2692 972 ὃς
2730 911 2823 962 καὶ
2851 911 2964 970 τοῖς
2985 907 3086 976 τῆς
3113 909 3354 977 ἀρρήτου
3381 907 3632 977 θεότητος
3659 908 3955 976 ἐναϐρύνε-

2373 1015 2462 1050 ται
2491 996 2708 1060 θώκοις,
2744 999 2837 1050 καὶ
2870 996 3179 1065 συνεδρεὺει
3212 995 3289 1065 τῷ
3325 994 3524 1064 Πατρὶ,
3563 993 3954 1063 περιεστώτων

2375 1090 2431 1142 ὲν
2464 1090 2647 1159 κύκλῳ
2679 1089 2919 1159 δηλονότι
2950 1089 3057 1141 τῶν
3084 1089 3335 1158 Σεραφὶμ
3358 1129 3372 1152 ,
3406 1087 3499 1139 καὶ
3545 1085 3653 1138 τῶν
3683 1086 3954 1138 ἀνωτάτω

2373 1178 2686 1246 Δυνάμεων,
2715 1178 2813 1229 οὑκ
2834 1175 3142 1244 ἀγνοουσῶν
3164 1175 3263 1243 τῆς
3293 1173 3384 1226 ὑπ’
3418 1171 3595 1224 αὑτῶν
3620 1170 3863 1232 δουλείας
3893 1170 3956 1221 τὸ

2377 1267 2596 1338 μέτρον·
2623 1266 3032 1338 προσκυνοὺσης
3056 1284 3113 1318 τε
3141 1265 3289 1334 αὑτῷ
3315 1265 3409 1318 καὶ
3426 1264 3700 1326 Ἐξουσίας
3726 1263 3955 1329 ἁπάσης

2373 1358 2665 1427 Δυνάμεώς
2704 1375 2762 1410 τε
2799 1358 2892 1410 καὶ
2944 1357 3310 1426 κυριότητος⁸
3355 1373 3372 1405 ι
3411 1354 3619 1423 κάμψει
3655 1353 3763 1421 γάρ
3796 1351 3952 1421 αὑτῷ

2374 1451 2481 1502 πᾶν
2521 1449 2671 1516 γόνυ,
2729 1447 2824 1501 καὶ
2871 1449 3020 1500 πᾶσα
3060 1446 3280 1513 γλῶσσα
3331 1444 3822 1514 ἐξομολογήσεται,
3865 1443 3952 1494 ὃτι

2374 1543 2579 1613 Κύριος
2595 1539 2818 1612 Ἰησοῦς,
2845 1541 2925 1603 είς
2953 1539 3108 1605 δόξαν
3137 1536 3271 1590 Θεοῦ
3294 1535 3733 1607 Πατρός.›”Ηξει
3757 1534 3836 1598 δὲ,
3871 1535 3952 1594 ὠς

2374 1632 2531 1703 ἔφην,
2559 1635 2655 1685 οὑκ
2684 1632 2739 1684 ἔν
2766 1650 2828 1700 γε
2853 1634 2920 1701 τῇ
2955 1629 3075 1684 καθ’
3111 1631 3259 1700 ἡμᾶς
3295 1627 3738 1698 σμικροπρεπείᾳ
3766 1624 3952 1694 φαινό-

2379 1741 2556 1795 μενος,
2589 1724 2648 1774 ὲν
2688 1723 2908 1792 εὑκλείᾳ
2935 1722 2991 1773 δὲ
3034 1721 3233 1790 μᾶλλον
3264 1723 3329 1790 τῇ
3361 1718 3834 1789 θεοπρεπεστάτῃ,
3861 1716 3951 1768 δο-

2378 1814 2739 1885 ρυφοροῦντος
2772 1812 3004 1882 οὐρανοῦ
3040 1812 3132 1864 καὶ
3177 1812 3287 1864 τῶν
3335 1811 3446 1866 ἄνω
3499 1809 3822 1880 πνευμάτων
3870 1808 3951 1869 ὡς

700 1907 828 1962 sede
870 1918 1134 1973 suprema:
1188 1901 1485 1956 divinitatis
1529 1901 1882 1970 conspicitur,
1913 1903 2060 1955 velut
2109 1917 2261 1970 quar-

2372 1904 2490 1974 Θεῷ
2522 1921 2576 1957 τε
2606 1903 2698 1957 καὶ
2725 1900 2964 1964 Βασιλεῖ,
2995 1901 3087 1954 καὶ
3113 1899 3191 1968 τῷ
3221 1900 3327 1952 τῶν
3356 1898 3492 1953 ὅλων
3517 1899 3765 1970 Δεσπότῃ
3797 1915 3948 1968 πσρ-

700 2007 789 2052 tus
839 1996 991 2050 nobis
1046 1994 1188 2048 Deus
1225 1994 1443 2060 quidam
1499 2006 1689 2046 recens
1729 2002 1848 2060 post
1874 2003 2116 2046 sanctam
2148 1993 2268 2046 Tri-

699 2088 922 2144 nitatem
986 2082 1399 2141 eﬂeCtusiNon
1469 2082 1658 2136 horres
1731 2081 1911 2137 dicere
1996 2082 2264 2152 vulgarem

699 2179 994 2243 hominem,
1021 2187 1283 2231 creaturae
1310 2174 1512 2228 cultum
1539 2172 1897 2228 exhibendum
1921 2174 2268 2244 excogitatis?

699 2270 918 2340 Ergone
968 2265 1240 2322 veteribus
1285 2264 1492 2334 laqueis
1526 2265 1826 2319 detinemur
1856 2265 1878 2317 ?
1911 2281 2111 2334 ergone
2157 2266 2266 2318 Deo

698 2361 950 2431 injuriam
999 2357 1181 2413 intulit
1231 2365 1286 2410 et
1333 2355 1612 2411 nobiscum
1663 2369 1846 2409 errore
1902 2356 2125 2410 seducta
2182 2364 2266 2410 est

697 2459 879 2507 sancta
928 2448 1014 2502 illa
1077 2445 1363 2500 multitudo
1413 2459 1765 2513 supernorum
1827 2446 2166 2516 spirituum?
2207 2447 2262 2500 Si

697 2542 867 2597 veteri
919 2552 1104 2594 errore
1155 2537 1366 2592 liberati
1422 2551 1609 2590 sumus
1655 2537 1710 2589 in
1767 2551 1833 2591 eo
1881 2540 2020 2606 quod
2060 2540 2266 2594 servire

699 2641 961 2688 creaturas
993 2639 1244 2698 tanquam
1306 2641 1418 2680 rem
1476 2625 1696 2696 impiam
1733 2627 2117 2693 recusavimus,
2169 2643 2267 2682 cur

698 2735 796 2774 nos
841 2720 893 2772 in
928 2728 1105 2772 vetera
1151 2717 1377 2771 crimina
1422 2716 1664 2783 conjicis,
1697 2725 1752 2770 et
1778 2718 2262 2773 ellicishominico-

2370 1993 2700 2064 εστηκότων.
2739 1991 2910 2061 Εἴπερ
2957 1985 3048 2044 οῦν
3099 1991 3246 2042 ἐστιν
3294 1989 3392 2041 οὑκ
3423 1990 3480 2040 ὲν
3517 1989 3680 2059 σαρκὶ
3714 1988 3946 2058 μᾶλλον,

2369 2085 2536 2154 ἤγουν
2567 2083 2853 2155 ἄνθρωπος
2881 2080 3117 2151 γεγονὼς
3143 2083 3170 2134 6
3200 2081 3294 2133 τοῦ
3331 2079 3466 2133 Θεοῦ
3499 2080 3718 2151 Πατρὸς
3744 2080 3947 2147 Λόγος,

2367 2178 2653 2250 ἄνθρωπος
2695 2177 2750 2229 δὲ
2778 2177 3044 2246 Θεοφόρος
3080 2175 3322 2247 πλευρὰν
3366 2174 3503 2244 ἔχων
3531 2173 3783 2244 σώματος
3806 2217 3820 2240 ,
3851 2175 3950 2228 καὶ

2369 2268 2665 2337 ὑπομείνας
2699 2267 2796 2337 τὴν
2830 2266 3189 2335 διακέντησιν,
3241 2265 3357 2328 πῶς
3388 2266 3443 2316 ὲν
3477 2264 3688 2334 θρόνοις
3717 2267 3944 2334 ὁρᾶται,

2366 2363 2464 2431 τῆς
2483 2360 2745 2412 ἀνωτάτω
2772 2357 3019 2424 θεότητος
3043 2356 3300 2426 τέταρτος
3319 2356 3507 2426 ὣσπερ
3535 2370 3615 2418 τις
3641 2357 3776 2424 ἡμῖν
3801 2355 3949 2426 μετὰ

2366 2455 2465 2521 τὴν
2513 2452 2672 2520 ἁγίαν
2706 2449 2910 2519 Τριάδα
2959 2448 3267 2518 πρόσφατος
3297 2449 3428 2511 Θεὸς
3456 2448 3943 2518 ἀναδεδειγμένοςς

2367 2542 2440 2594 Οὑ
2495 2539 2918 2607 καταπέφρικας
2973 2536 3150 2589 κοινὸν
3200 2537 3507 2607 ἄνθρωπον,
3540 2540 3604 2607 τῇ
3651 2539 3834 2591 κτίσει
3883 2539 3947 2590 τὸ

2368 2632 2532 2694 σέϐας
2557 2629 2818 2695 ὲπινοῶν;
2852 2625 2962 2700 ἆρα
2988 2631 3100 2691 τοῖς
3146 2627 3396 2700 ἀρχαίοις
3445 2628 3782 2699 ἐνισχήμεθα
3818 2628 3946 2699 βρό-

2365 2741 2509 2793 χοις;
2547 2718 2656 2793 ἆρα
2686 2720 3085 2790 πεπαρῴνηκεν
3131 2721 3209 2781 είς
3257 2718 3412 2783 Θεὸν,
3450 2720 3544 2772 καὶ
3592 2719 3943 2789 πεπλάνηται

698 2812 813 2867 las?
834 2810 942 2866 Nos
965 2811 1107 2864 enim
1133 2809 1333 2864 scimus
1360 2809 1701 2864 etcredimus
1722 2808 1850 2862 illud
1880 2824 1945 2864 ex
1973 2811 2078 2865 Deo
2104 2808 2261 2865 Patre

2368 2812 2487 2883 μεθ’
2518 2811 2697 2881 ἡμῶν,
2729 2812 2762 2879 ὴ
2794 2811 2924 2877 ἁγία
2955 2809 3063 2861 τῶν
3093 2808 3205 2861 ἂνω
3233 2808 3560 2878 πνευμάτων
3588 2809 3842 2879 πληθὺς;
3879 2809 3946 2863 El

697 2902 930 2957 Verbum
987 2914 1200 2953 carnem
1261 2909 1316 2952 et
1362 2897 1679 2968 sanguinem
1713 2900 2080 2968 assumpsisse
2116 2917 2129 2952 :
2168 2903 2261 2955 sed

2365 2903 2462 2972 τῆς
2497 2902 2727 2973 ἀρχαίας
2771 2901 2985 2970 ἀπάτης
3020 2899 3472 2971 ὲκλελυτρώμεθα
3497 2940 3512 2966 ,
3548 2900 3608 2952 τὸ
3641 2902 3707 2969 τῇ
3759 2901 3945 2953 κτίσει

697 2993 821 3062 quia
877 2991 1175 3062 permansit
1227 2989 1392 3053 idem,
1441 3004 1633 3058 nempe
1683 2989 1846 3055 Deus,
1896 3003 2047 3043 suam
2100 3006 2260 3061 supra

2365 2992 2645 3062 λατρεύειν
2671 2991 2745 3055 ὡς
2767 2990 3025 3054 δυσσεϐὲς
3051 2991 3501 3062 παραιτούμενοι,
3533 2991 3584 3043 τί
3607 2990 3769 3045 πάλιν
3791 2991 3948 3061 ἡμᾶς

696 3085 874 3141 omnia
906 3081 1415 3138 excellentissimam
1467 3080 1780 3152 dignitatem
1826 3083 2061 3136 servavit
2098 3084 2261 3137 etiam

2365 3087 2471 3146 τοῖς
2516 3084 2764 3154 ἀρχαίοις
2809 3083 3151 3153 ἐγκλήμασιν
3184 3083 3346 3144 ὲνιεὶς
3378 3082 3700 3150 ἀποφαίνεις
3733 3082 3948 3151 ἀνθρω-

695 3191 818 3231 cum
837 3174 1057 3244 perinde
1078 3187 1140 3225 ac
1172 3185 1269 3226 nos
1317 3179 1464 3226 esset
1507 3171 1562 3224 in
1609 3186 1794 3228 carne.
1844 3171 2012 3227 Porro
2037 3188 2157 3227 cum
2191 3173 2261 3228 sit

2366 3174 2676 3244 πολάτρας;
2724 3174 2917 3244 Ἡμεῖς
2950 3173 3050 3244 μὲν
3085 3173 3194 3244 γὰρ
3229 3173 3388 3242 ἴσμεν
3440 3173 3532 3226 καὶ
3563 3171 3948 3225 πεπιστεύκα-

696 3268 837 3322 Deus
892 3264 1241 3319 nihilominus
1272 3264 1372 3317 hoc
1403 3272 1642 3331 tempore
1700 3278 1860 3334 quam
1895 3263 2061 3318 fuerit
2107 3265 2256 3333 ollm,

2367 3282 2485 3334 μεν,
2514 3265 2595 3316 ὃτι
2629 3264 2850 3331 γέγονεν
2877 3266 2934 3316 ὲν
2963 3265 3266 3335 προσλήψει
3305 3265 3506 3334 σαρκός
3549 3281 3609 3316 τε
3641 3265 3735 3318 καὶ
3766 3264 3946 3334 αἵμα-

695 3358 942 3428 quamvis
989 3357 1148 3410 homo
1202 3355 1398 3418 factus,
1435 3362 1612 3409 tamen
1647 3356 1890 3410 serviens
1919 3356 2020 3410 sibi
2063 3357 2258 3409 caelum

2365 3372 2452 3418 τος
2479 3356 2506 3407 6
2537 3343 2600 3407 ὲκ
2632 3354 2766 3407 Θεοῦ
2799 3354 3012 3426 Πατρός
3042 3355 3212 3423 Λόγος
3234 3371 3246 3383 '
3294 3356 3484 3428 ἐπειδὴ
3532 3355 3590 3409 δὲ
3626 3356 3948 3426 μεμένηκεν

695 3449 879 3514 habet,
918 3449 1347 3515 adorantemque
1378 3456 1620 3512 terram;
1660 3447 1920 3516 scriptum
1952 3457 2036 3502 est
2064 3448 2206 3502 enim
2243 3465 2257 3500 :

701 3555 719 3588 ι
753 3536 936 3592 Laude
993 3536 1206 3591 Domini
1240 3535 1398 3604 plena
1455 3544 1540 3591 est
1593 3544 1785 3600 terra;
1823 3536 2039 3603 operuit
2094 3536 2261 3590 coctos

694 3630 860 3699 gloria
904 3639 1012 3694 tua,
1052 3628 1275 3682 Domine
1307 3628 1372 3678 υ.
1412 3645 1430 3678 ι
1473 3625 1555 3680 Tu
1582 3641 1713 3682 vero
1745 3640 1775 3681 e
1832 3627 2102 3682 contrario
2135 3642 2260 3682 eum

695 3720 785 3788 qui
840 3727 986 3773 tanta
1017 3727 1099 3771 est
1147 3725 1201 3771 et
1236 3724 1446 3770 natura:
1477 3725 1532 3770 et
1565 3715 1750 3784 gloria:
1790 3714 2158 3784 amplitudine,
2193 3730 2259 3770 ex

694 3811 859 3864 nimia
910 3809 1123 3866 inscitia
1180 3823 1288 3862 non
1349 3807 1534 3871 vides;
1565 3807 1748 3861 dixisti
1785 3808 1928 3862 enim
1966 3806 2138 3872 :Quis
2177 3816 2259 3861 est

693 3901 782 3970 qui
823 3902 970 3954 venit
998 3900 1022 3952 ’ἶ
1054 3917 1071 3950 ι
1098 3898 1365 3953 Videbunt
1392 3897 1584 3952 Filium
1613 3897 1845 3952 hominis
1872 3899 2171 3952 venientem
2197 3898 2257 3950 in

691 3992 1070 4047 nubibuscorli
1101 3992 1192 4055 ”;
1241 4010 1259 4042 ι
1323 3999 1576 4058 tanquam
1629 3991 1836 4046 scilicet
1899 4001 2145 4046 metuens
2191 4005 2259 4044 ne

692 4083 812 4153 quis
861 4082 1128 4137 difﬁderet
1191 4081 1390 4136 dicenti
1430 4080 1626 4136 Filium
1679 4081 1917 4137 hominis
1969 4097 2092 4135 eum
2139 4096 2259 4136 esse

689 4175 784 4246 qui
812 4175 990 4238 venit,
1021 4184 1074 4226 et
1097 4174 1409 4242 prophetico
1439 4173 1747 4228 testimonio
1774 4175 2069 4229 conﬁrmas
2101 4189 2260 4242 argu-

692 4274 952 4320 mentum.
991 4263 1260 4333 Scriptum
1315 4277 1437 4317 esse
1487 4279 1720 4330 namque
1767 4264 1847 4318 ais
1879 4281 1890 4316 :
1924 4281 1943 4315 ι
1989 4262 2257 4318 Videbunt

691 4357 744 4411 iu
775 4369 933 4424 quem
957 4362 1394 4422 compunxerunt
1423 4352 1465 4383 "
1495 4369 1511 4419 ;
1559 4370 1579 4403 ι
1607 4362 1661 4405 et
1690 4353 1829 4419 quod
1863 4363 2118 4420 praeterea
2141 4353 2257 4422 ipse

690 4446 887 4514 putasti
938 4458 1057 4499 esse
1108 4444 1174 4496 ad
1222 4443 1622 4509 coarguendum
1684 4440 1907 4506 ﬁrmius,
1943 4442 2254 4510 impruden-

2362 3448 2390 3498 6
2421 3447 2585 3509 αὑτὸς
2647 3446 2890 3516 δηλονότι
2932 3447 3083 3508 Θεὸς,
3130 3447 3230 3517 τῆς
3277 3447 3502 3515 ἐνούσης
3545 3448 3687 3500 κατὰ
3717 3448 3948 3501 πάντων

2363 3534 2637 3604 ὑπεροχῆς
2667 3534 2725 3586 τὸ
2754 3533 2973 3603 ἀξίωμα
3000 3533 3323 3587 διεσώσατοο
3381 3535 3582 3606 καίπερ
3633 3534 3706 3588 ὢν
3755 3535 3950 3606 σάρκα

2363 3623 2443 3696 [ἐν
2472 3622 2656 3697 σαρκὶ]
2688 3625 2808 3677 καθ’
2836 3627 3009 3695 ἡμᾶς.
3041 3625 3171 3689 Θεὸς
3193 3625 3250 3678 δὲ
3273 3625 3552 3696 ὑπάρχων,
3572 3625 3725 3680 οὐδὲν
3746 3621 3945 3700 ἦττον,

2362 3716 2394 3786 ἥ
2427 3717 2593 3771 πάλαι
2640 3718 2732 3770 καὶ
2765 3716 2878 3781 νῦν,
2928 3719 3030 3772 κᾶν
3061 3721 3109 3770 εί
3142 3719 3364 3786 γέγονεν
3391 3719 3699 3788 ἄνθρωπος,
3730 3719 3947 3792 λάτρην

2361 3809 2472 3878 ἕχει
2504 3811 2594 3861 τὸν
2617 3809 2844 3879 οὐρανὸν
2874 3809 2968 3861 καὶ
3000 3810 3414 3878 προσκυνοῦσαν
3437 3809 3533 3879 τὴν
3565 3811 3670 3879 γῆν
3691 3825 3704 3840 ⁸
3733 3813 3948 3881 γέγρα-

2363 3915 2494 3952 πται
2520 3899 2647 3970 γάρ,
2683 3901 2764 3953 ὅτι
2800 3921 2817 3952 ι
2858 3902 2968 3972 Τῆς
3001 3902 3262 3966 αἰνέσεως
3288 3902 3494 3974 Κυρίου
3526 3903 3741 3974 πλήρης
3770 3906 3802 3973 ἠ
3835 3904 3938 3974 γῆ·

2361 3991 2630 4059 ἐκάλυψεν
2679 3993 2999 4061 οὑρανοὺςή
3033 3994 3200 4064 ἀρετή
3235 4011 3349 4057 σου,
3389 3993 3584 4065 Κύριε.
3625 4013 3642 4046 ι
3677 3995 3749 4046 Σὶι
3780 3993 3838 4046 δὲ
3869 3993 3942 4064 δὴ

2362 4081 2522 4135 πάλιν
2557 4082 2646 4134 τὸν
2677 4081 2848 4145 οὕτως
2899 4083 3090 4154 ἔχοντα
3139 4083 3354 4153 φύσεώς
3396 4102 3456 4137 τε
3498 4087 3590 4139 καὶ
3635 4086 3825 4155 δόξης,
3872 4087 3944 4138 ἐκ

2360 4172 2561 4243 πολλῆς
2591 4173 2732 4241 ἄγαν
2755 4173 3104 4244 ἀϐελτηρίας,
3137 4175 3234 4243 οὑχ
3267 4176 3420 4244 ὁρᾷς.
3454 4175 3632 4245 Ἔφης
3659 4177 3768 4245 γάρ
3796 4175 3880 4236 τίς
3911 4178 3944 4228 6

2360 4262 2678 4331 ὲρχόμενος;
2731 4281 2749 4312 ι
2783 4265 3040 4332 Ὄψονται
3090 4265 3180 4316 τὸν
3214 4266 3344 4317 Υίὸν
3373 4265 3466 4318 τοῦ
3506 4265 3800 4336 ἀνθρώπου
3841 4269 3945 4336 sp-

2359 4353 2584 4424 χόμενον
2615 4354 2704 4407 ἐπὶ
2734 4353 2842 4407 τῶν
2869 4355 3107 4423 νεφελῶν
3137 4356 3230 4409 τοῦ
3264 4355 3496 4425 οὑρανοῦ
3517 4372 3530 4386 ·
3569 4375 3586 4408 ι
3620 4356 3812 4424 ὥσπερ
3846 4357 3944 4408 δε-

2357 4443 2485 4507 διὼς
2515 4445 2590 4514 μὴ
2621 4445 2730 4515 ἀρα
2750 4464 2832 4509 τις
2861 4447 3216 4517 ἀπιστήσειεν
3245 4447 3373 4501 Υίὸν
3403 4446 3690 4518 ἀνθρώπου
3719 4447 3944 4514 λέγοντι

689 4537 901 4592 tissime
931 4534 1189 4604 adjiciens
1219 4551 1232 4586 :
1261 4534 1522 4599 Quidnam
1563 4541 1667 4598 est,
1725 4532 1926 4600 inquis,
1954 4533 2084 4587 illud
2108 4549 2252 4589 com-

2365 4534 2449 4586 τὸν
2484 4536 2797 4605 ἐρχόμενον.
2838 4538 2946 4589 Καὶ
3003 4542 3314 4609 προφητικῇ
3372 4540 3646 4609 μαρτυρία
3688 4539 3944 4609 βεϐαιοῖς

688 4635 948 4697 punctum
979 4624 1002 4677 ‘l
1030 4623 1192 4676 Latus
1220 4621 1398 4687 ;latus
1441 4637 1568 4676 vero
1620 4622 1864 4689 corporis
1890 4631 1991 4684 est,
2029 4637 2094 4675 an
2119 4623 2254 4677 divi-

688 4716 915 4773 nitatis?
942 4714 1046 4768 Sed
1074 4713 1118 4767 si
1144 4713 1232 4781 qui
1254 4722 1436 4766 essent
1484 4712 1575 4780 qui
1603 4711 1864 4776 dicerent,
1892 4711 1985 4764 Dei
2014 4710 2250 4767 Verbum

684 4822 794 4862 non
857 4804 1056 4858 factum
1114 4800 1280 4856 fuisse
1336 4802 1603 4854 hominem
1666 4801 1837 4855 nostri
1871 4801 2122 4864 similem,
2158 4804 2249 4856 sed

688 4899 754 4952 ad
778 4896 1023 4951 homines
1040 4894 1128 4962 qui
1160 4901 1284 4947 sunt
1321 4894 1370 4945 in
1397 4892 1557 4946 terris
1616 4892 1898 4947 advenisse
1925 4892 2063 4946 nuda
2096 4907 2249 4947 usum

688 4989 987 5052 divinitate,
1043 4995 1134 5039 aut
1185 4987 1249 5038 ad
1283 4986 1453 5038 visum
1511 5001 1573 5038 ac
1596 4985 1856 5053 speciem,
1899 4994 1955 5039 et
1999 4994 2247 5054 tanquam

688 5083 741 5135 in
770 5081 984 5140 umbra,
1021 5084 1077 5130 ut
1123 5077 1443 5143 quibusdam
1503 5075 1682 5143 impiis
1724 5075 1996 5130 haereticis
2050 5077 2251 5130 sentire

687 5168 861 5220 visum
925 5173 1030 5228 est,
1065 5164 1290 5217 haberes
1352 5163 1584 5230 aliquam
1644 5162 1907 5231 ejusmodi
1966 5166 2252 5219 ratiocina-

690 5257 849 5308 tionis
908 5251 1279 5307 construenda:
1327 5251 1662 5304 occasionem
1720 5251 1859 5304 haud
1916 5251 2248 5306 absurdam:

681 5347 792 5415 jam
852 5361 978 5399 vero
1025 5358 1144 5396 cum
1204 5341 1508 5410 praedicatio
1565 5341 1806 5394 veritatis
1859 5343 2143 5411 perspicue
2199 5351 2253 5396 et

686 5437 962 5491 evidenter
996 5434 1168 5503 ipsum
1201 5431 1294 5485 Dei
1327 5429 1558 5485 Verbum
1589 5445 1804 5486 carnem
1844 5431 2046 5487 factum
2083 5434 2246 5497 dicat,

2359 4625 2458 4695 τὴν
2493 4625 2793 4692 ἀπόδειξιν’
2827 4627 3136 4698 γεγράφθαι
3175 4630 3283 4701 γὰρ
3317 4631 3458 4700 φής·
3497 4647 3515 4680 t
3551 4630 3812 4698 Ὄψονται
3849 4633 3941 4696 είς

2362 4709 2420 4763 ὃν
2469 4711 2862 4784 ἐξεκέντησαν·
2900 4734 2917 4765 ι
2976 4719 3069 4770 καὶ
3102 4717 3162 4770 τὸ
3195 4719 3287 4771 ἐπὶ
3325 4717 3550 4782 τούτων,
3607 4718 3796 4791 ὥσπερ
3836 4717 3942 4774 οὖν

2357 4802 2569 4874 ᾠήθης,
2629 4806 2708 4867 είς
2761 4807 3015 4876 ἐλέγχους
3074 4811 3487 4882 εὑσθενέστερον
3539 4811 3939 4868 ἀσυνετὼτατα

2359 4894 2705 4964 προστιθείς·
2740 4898 2835 4961 Τίς
2866 4896 2958 4952 οὖν
2993 4900 3108 4952 ἐστι
3133 4939 3147 4964 ,
3199 4902 3381 4971 φησὶν,
3425 4904 3452 4954 6
3504 4904 3817 4973 κεντηθείς;
3865 4907 3938 4960 Ἢ

2358 4983 2593 5054 πλευράν
2650 4986 2859 5056 πλευρὰ
2911 4989 2966 5040 δὲ
3022 4987 3270 5060 σώματός
3333 4995 3501 5059 ἐστιν,
3555 4993 3587 5061 ἤ
3633 4987 3936 5064 θεότητος;

2367 5076 2503 5128 Ἀλλ’
2541 5081 2588 5130 εἰ
2639 5079 2735 5147 μὲν
2780 5077 2920 5149 ἦσαν
2964 5083 3106 5146 τινὲς
3135 5086 3180 5136 οἱ
3214 5084 3480 5152 λέγοντες,
3531 5087 3606 5150 ὡς
3630 5089 3691 5140 οὑ
3729 5089 3936 5156 γέγονε

2350 5167 2477 5218 καθ’
2524 5169 2671 5237 ήμᾶς
2699 5169 2985 5240 ἄνθρωπος
3023 5175 3050 5225 6
3079 5174 3173 5227 τοῦ
3204 5177 3338 5228 Θεοῦ
3364 5177 3534 5245 Λόγος
3553 5193 3565 5207 ·
3593 5180 3936 5251 ὲπεφοίτησε

2355 5256 2409 5308 δὲ
2442 5260 2554 5320 τοῖς
2582 5260 2671 5310 ἐπὶ
2699 5260 2821 5328 γῆς,
2864 5265 3046 5331 γυμνῇ
3074 5267 3138 5333 τῇ
3169 5265 3380 5335 θεότητι
3423 5267 3724 5337 χρώμενος,
3757 5271 3936 5340 ἦγουν

2354 5349 2410 5398 ἐν
2438 5347 2651 5417 δοκήσει
2679 5351 2771 5403 καὶ
2808 5350 2882 5412 ὠς
2920 5354 2976 5402 ὲν
3012 5356 3157 5423 σκιᾷ,
3207 5356 3346 5409 καθά
3378 5362 3594 5426 φρονεῖν
3628 5359 3775 5425 ἔδοξέ
3816 5379 3936 5416 τισι

2351 5440 2459 5490 τῶν
2510 5440 2740 5492 ἀνοσίων
2785 5443 3096 5512 αἱρετικῶν,
3146 5442 3212 5516 ἦν
3259 5447 3322 5500 ἄν
3377 5465 3457 5500 σοι
3505 5451 3780 5520 πρόφασις
3829 5458 3935 5526 τῆς

685 5535 739 5580 et
765 5525 927 5578 fuisse
955 5521 1123 5577 nostri
1153 5521 1403 5585 similem,
1435 5527 1490 5574 et
1509 5519 1698 5574 Filium
1728 5523 1980 5586 hominis.
2010 5532 2064 5577 et
2088 5539 2250 5578 carne

2365 5530 2563 5582 τοιᾶσδε
2601 5530 2706 5583 τῶν
2754 5532 2927 5599 λόγων
2976 5537 3340 5606 κατασκευῆς,
3379 5540 3478 5592 οὑκ
3508 5541 3612 5607 ἔξω
3652 5519 3936 5616 τρέχουσα

686 5625 903 5683 prOptcr
930 5628 1030 5667 uos
1062 5628 1296 5682 passum,
1331 5613 1513 5681 sicque
1540 5621 1818 5667 venturum
1865 5623 1920 5667 ut
1949 5616 2006 5668 in
2049 5615 2246 5670 cmlum

2365 5618 2442 5669 τοῦ
2492 5621 2730 5682 εἰκότος·
2783 5623 2966 5694 ἐπειδὴ
3001 5625 3055 5677 δὲ
3106 5627 3164 5678 τὸ
3202 5627 3301 5695 τῆς
3348 5630 3603 5700 ἀληθείας
3636 5613 3932 5710 κήρνγμα.

719 5785 763 5817 ⁸ο
795 5785 1023 5854 Philipp.
1055 5800 1115 5849 tt,
1150 5784 1234 5851 10,
1263 5786 1347 5839 ll.
1426 5786 1466 5816 “
1498 5783 1799 5852 Habac.ttt,
1830 5789 1880 5843 5.
1961 5793 2001 5823 ¹¹
2032 5790 2221 5846 Matth.

2365 5811 2409 5859 v,
2451 5797 2536 5850 '50.
2621 5797 2912 5853 "Zacltar.
2939 5816 3042 5866 xu,
3082 5803 3162 5857 lO.
