4104 6514
141 474 223 528 205
1163 470 1531 528 ADVERSUS
1570 471 1671 526 NE!

1772 472 1969 529 )RIUM
2004 472 2131 529 LIB.
2176 472 2241 529 ν.

3230 472 3336 528 206

144 584 293 652 σιφῶς
321 600 373 637 τε
404 586 497 638 καὶ
530 586 792 657 ἐναργῶς
821 587 908 640 τὸν
930 586 1020 640 τοῦ
1042 586 1174 640 Θεοῦ
1207 589 1377 656 Λόγον
1413 592 1588 661 σάρκα
1613 607 1671 644 τε

1780 593 2040 659 ascendit,
2072 604 2129 647 ut
2163 591 2335 662 angeli
2378 603 2507 645 voce
2559 598 2809 646 testatum
2850 597 2933 645 est
2963 590 3028 657 “,
3072 603 3334 659 quosnam

140 674 369 741 γενέσθαι,
405 678 537 745 φησὶ
562 718 576 741 ,
616 679 961 749 χρηματίσαι
1004 679 1060 731 δὲ
1091 681 1214 732 καθ’
1246 680 1392 750 ἡμᾶς
1421 682 1514 735 καὶ
1546 683 1671 735 Υίὸν

139 764 407 835 ἀνθρώπου,
434 767 527 818 καὶ
561 768 764 821 παθεῖν
798 768 936 836 ὑπὲρ
961 768 1113 836 ἡμῶν
1146 769 1345 839 σαρκί·
1384 770 1673 837 ἀφίξεσθαι

137 857 179 907 δὲ
201 858 281 907 καὶ
305 856 471 920 οὕτως
504 858 701 921 αὑτὸν,
723 858 801 923 ὡς
828 858 1165 928 ἀναὸέὸηκεν
1189 861 1269 923 είς
1300 860 1390 913 τὸν
1423 863 1670 932 οὐρανόν·

139 944 249 1017 [ut]
282 950 412 999 κατὰ
444 949 545 1018 τὴν
578 949 681 1002 τοῦ
708 949 943 1016 ἀγγέλου
975 951 1178 1019 φωνὴν,
1210 951 1346 1021 πρὸς
1377 952 1525 1015 τίνας
1557 952 1671 1006 δια-

133 1039 421 1106 τεινόμενος,
456 1040 582 1092 εἰπέ
616 1057 728 1109 μοι,
758 1038 851 1093 καὶ
871 1040 968 1110 τὴν
994 1042 1136 1103 τίνος
1165 1041 1324 1107 δόξαν
1345 1043 1674 1114 κατακιϐδη-

134 1129 273 1181 λεύων
300 1130 369 1191 ὡς
400 1130 593 1199 ἀμαθῆ
627 1133 722 1183 καὶ
750 1131 1045 1201 ἀσύφηλον,
1074 1131 1359 1202 ἄνθρωπον
1386 1135 1517 1203 ἡμῖν
1538 1134 1676 1186 ἀπο-

133 1219 267 1287 φῆναι
310 1219 640 1287 φιλονεικεῖς
678 1222 768 1274 τὸν
815 1224 1143 1292 ἐρχόμενον,
1189 1212 1429 1295 πλευρὰν
1479 1225 1674 1295 ἔχοντα

135 1312 444 1379 σωματικὴν,
474 1314 579 1381 τὴν
615 1316 681 1383 τῇ
716 1313 884 1384 λόγχῃ
912 1314 1369 1385 διανενυγμένηνς
1403 1316 1563 1371 Ἀ).λά
1592 1334 1673 1370 σοι

134 1401 318 1463 σκοπὸς.
358 1402 430 1464 ὡς
463 1402 629 1474 ἔφην,
660 1404 941 1474 ἄνθρωπον
972 1407 1103 1474 ἡμῖν
1125 1405 1415 1476 Θεοφόρον,
1435 1408 1528 1460 καὶ
1552 1408 1674 1477 οὐχὶ

129 1494 177 1561 δὴ
217 1494 403 1562 μᾶλλον
446 1494 584 1548 Θεὸν
617 1496 1074 1565 ἐντινθρωπηκότα
1104 1537 1117 1560 ,
1157 1498 1555 1567 παρακομίζειν
1594 1502 1673 1561 είς

131 1586 264 1652 μέσον
295 1586 381 1638 τὸν
422 1586 799 1657 Ἐμμανουήλ.
836 1588 1029 1656 Γέγονε
1064 1588 1171 1659 γάρ
1204 1588 1487 1659 ἄνθρωπος
1518 1592 1547 1643 ό
1578 1590 1670 1644 τοῦ

126 1674 234 1724 θεοῦ
258 1675 417 1741 Λόγος
440 1691 453 1703 ·
485 1676 584 1728 καὶ
618 1677 801 1739 πίστις
821 1676 913 1746 ἥδε
941 1680 1061 1739 ταῖς
1093 1680 1262 1747 ἱεραῖς
1282 1694 1343 1731 τι
1373 1679 1467 1731 καὶ
1497 1679 1672 1742 θείαις

129 1761 465 1831 συμὸαξνουσα
499 1764 538 1813 Γ
545 1767 749 1834 ραφαῖς
772 1804 784 1825 ,
834 1766 927 1816 καὶ
954 1765 1057 1834 τῆς
1086 1765 1449 1834 ἀποστολικῆς
1478 1784 1539 1819 τε
1579 1768 1670 1819 καὶ

127 1854 452 1923 εὐαγγελικῆς
516 1854 869 1923 παραδόσεως
923 1854 1145 1916 σκοπὸς,
1200 1855 1279 1917 είς
1329 1855 1460 1907 αὐτὸ
1512 1854 1669 1909 τοῦτο

1777 697 2073 751 oppugnas,
2129 684 2216 737 dic
2264 683 2414 747 mihi,
2472 683 2689 752 cuiusve
2733 681 3037 749 opinionem
3083 691 3335 749 tanquam

1777 774 1994 827 stultam
2022 783 2076 827 et
2109 774 2341 840 ineptam
2380 772 2671 839 improbas,
2702 786 2824 825 cum
2871 786 2993 825 eunt
3039 772 3131 839 qui
3165 770 3332 834 venit,

1778 865 2049 919 hominem
2074 879 2196 919 esse
2231 864 2386 917 nobis
2440 863 2600 933 118
2653 863 2939 917 ostendere
2968 862 3172 925 niteris,
3213 875 3338 915 cor-

1778 970 1997 1024 poreum
2022 955 2163 1009 latus
2199 956 2482 1009 habentem
2530 956 2713 1008 lancea
2770 964 3143 1022 compunctum
3173 953 3195 1005 ‘l
3231 950 3338 1005 Sed

1783 1046 1876 1099 tibi
1914 1047 2244 1115 propositum
2278 1054 2379 1107 est,
2409 1054 2465 1098 ut
2512 1046 2642 1108 dixi,
2681 1045 2852 1113 ipsum
2888 1043 3201 1097 Emmanuel
3240 1044 3338 1096 ho-

1779 1139 1977 1192 minem
2010 1138 2165 1192 nobis
2200 1137 2464 1191 Deiferum
2493 1138 2545 1190 in
2580 1137 2811 1190 medium
2860 1138 3173 1204 producere,
3230 1150 3335 1188 non

1777 1228 1941 1283 Deum
1992 1230 2263 1284 hominem
2309 1230 2547 1283 factum:
2584 1245 2705 1283 nam
2759 1231 2930 1299 ipsum
2966 1228 3057 1284 Dei
3104 1229 3338 1283 Verbum

1777 1317 1975 1372 factum
2030 1330 2110 1373 est
2162 1319 2325 1372 homo
2357 1337 2369 1373 :
2402 1321 2621 1388 hachue
2656 1319 2787 1373 fides
2825 1335 2948 1373 cum
2994 1320 3163 1374 sacris
3193 1320 3333 1373 divi-

1778 1408 1967 1475 nisque
1988 1406 2211 1463 Litteris
2240 1409 2509 1478 congruit,
2543 1418 2598 1462 et
2646 1409 2953 1477 apostolica!
2979 1408 3337 1477 evangelicae-

1776 1510 1882 1563 que
1933 1497 2233 1551 traditionis
2280 1513 2473 1566 scopus
2524 1498 2577 1551 in
2638 1500 2736 1552 hoc
2784 1500 2954 1566 ipsum
3013 1499 3202 1553 tendit.
3256 1496 3337 1551 Tu

1776 1601 1906 1641 vero
1944 1603 2133 1643 rursus
2177 1589 2282 1643 alio
2328 1604 2541 1658 quoque
2568 1590 2725 1645 modo
2758 1592 2911 1645 nobis
2940 1598 3185 1660 portenta
3218 1603 3340 1643 ver-

1778 1677 1971 1730 borum
2001 1693 2210 1733 narras.
2262 1677 2497 1734 Simulas
2522 1682 2663 1733 enim
2707 1696 2802 1737 eos
2838 1682 3226 1751 reprehendere
3244 1682 3337 1750 qui

1774 1771 1958 1823 carnis
2000 1770 2403 1839 divinitatisque
2467 1782 2714 1825 naturam
2743 1773 2794 1825 in
2819 1788 2978 1825 unam
3015 1774 3339 1842 permiscent

1776 1858 2331 1923 essentiam,tametsi
2366 1874 2522 1914 nemo
2563 1860 2658 1925 sit,
2705 1870 2763 1914 ut
2817 1862 3032 1930 Opinor,
3097 1863 3186 1929 qui
3235 1862 3337 1915 ista

130 1944 443 1999 σνντείνεται.
496 1945 573 1996 Σὺ
609 1944 665 1997 δὲ
702 1944 764 2015 δὴ
806 1943 989 2009 πάλιν,
1025 1944 1120 1997 καὶ
1152 1944 1274 1997 καθ’
1321 1945 1505 2014 ἕτερον
1533 1946 1664 2015 ημῖν

1772 1948 2076 2011 confundat,
2116 1962 2209 2003 aut
2233 1953 2372 2004 inter
2397 1965 2453 2005 se
2477 1954 2846 2007 commisceat.
2874 1952 3058 2021 Itaque
3086 1954 3221 2007 dicis
3253 1971 3267 2005 :

125 2037 354 2108 τερατεύῃ
400 2038 645 2109 τρόπον’
682 2039 898 2110 σκήπτῃ
948 2039 1048 2108 μὲν
1097 2038 1205 2109 γάρ
1254 2040 1511 2110 ἐπιτιμᾷν
1543 2042 1655 2102 τοῖς
1696 2042 1775 2103 είς
1823 2042 1952 2110 μίαν
2016 2060 2415 2114 κατακιρνωσιν
2466 2046 2674 2111 οὐσίαν,
2734 2048 2832 2115 τήν
2862 2062 2919 2097 τε
2950 2046 3053 2114 τῆς
3098 2044 3334 2114 σαρκὸς,

127 2132 199 2183 καὶ
237 2133 325 2200 τὴν
366 2134 464 2203 τῆς
498 2133 757 2204 θεότητος
790 2133 983 2201 φύσιν*
1022 2134 1196 2187 καίτοι
1266 2133 1497 2204 μηδενὸς
1540 2133 1692 2198 ὄντος
1729 2135 1867 2190 ὥστε
1908 2132 2082 2208 οἶμαι,
2130 2138 2287 2191 ταυτὶ
2335 2138 2672 2207 συγχέοντος,
2720 2140 2858 2209 μήτε
2917 2138 3023 2209 μὴν
3089 2137 3338 2207 ἀλλήλοις

129 2229 467 2299 συμφύροντος
489 2246 504 2259 ο
542 2231 641 2282 καὶ
672 2230 737 2298 δὴ
772 2233 865 2284 καὶ
896 2231 1001 2300 φής
1027 2247 1043 2261 “

183 2320 336 2393 [Διατί
372 2322 449 2385 δὲ,
505 2322 605 2375 καὶ
650 2321 727 2385 ὠς
765 2321 965 2391 ἀρτίως
996 2323 1286 2391 ἠκούομεν,
1337 2324 1660 2394 ἀμφοτέρων

127 2414 240 2465 κατά
268 2414 324 2465 σὲ
353 2413 719 2483 κεκραμένων
739 2451 753 2475 ,
786 2414 813 2464 ὁ
846 2411 1051 2482 Κύριος
1086 2415 1183 2483 τὴν
1227 2413 1319 2466 τοῦ
1364 2416 1663 2485 μυστηρίου

128 2502 321 2573 όῦναμιν
353 2507 466 2568 τοῖς
504 2504 783 2574 μαθηταῖς
810 2503 1152 2574 παραδιδοὺς,
1198 2503 1340 2558 οὕτω
1365 2506 1527 2575 φησί;
1578 2505 1667 2557 λαο

130 2591 215 2644 ὃὼν
241 2594 323 2644 τὸν
359 2594 547 2661 ἄρτον,
578 2594 674 2645 καὶ
700 2594 1120 2663 εὐχαριστήσας,
1152 2593 1316 2646 ἔδωκε
1346 2598 1458 2658 τοῖς
1488 2594 1664 2665 μαθη-

129 2685 221 2745 sai;
249 2684 427 2748 αὐτοῦ,
457 2684 639 2751 λέγων
658 2701 671 2714 ε
700 2703 724 2735 ‹
757 2683 982 2744 Δάὸετε,
1017 2685 1219 2753 φάγετε
1247 2685 1450 2747 πάντες
1468 2704 1481 2717 ο
1510 2685 1666 2738 τοῦτο

131 2775 221 2841 γάρ
250 2774 342 2843 μού
372 2777 491 2827 ἐστι
520 2776 585 2828 τὸ
614 2776 827 2845 σῶμα.ι
861 2776 1011 2829 Διατί
1045 2777 1119 2847 μὴ
1149 2774 1290 2840 εἷπε,
1322 2777 1489 2829 Τοῦτό
1520 2778 1667 2829 ἐστιν

130 2864 155 2930 ἡ
184 2862 354 2933 θεότης
394 2883 499 2934 μου
527 2869 561 2935 ἠ
594 2866 735 2935 ὑπὲρ
769 2865 921 2935 ὑμῶν
947 2865 1229 2935 κλωμένη;
1267 2867 1378 2920 Καὶ
1419 2868 1578 2921 πάλιν
1608 2869 1669 2920 τὸ

134 2954 351 3023 ποτήριον
398 2954 509 3007 τῶν
563 2956 880 3025 μυστηρίων
924 2955 1117 3020 διδοὺς,
1161 2957 1259 3008 οὐκ
1310 2955 1464 3010 εἶπε·
1501 2958 1669 3011 Τοῦτό

133 3043 293 3113 ἐστινὴ
318 3045 508 3114 θεότης
529 3048 563 3117 ἡ
598 3047 736 3116 ὑπὲρ
766 3047 918 3116 ὑμῶν
945 3047 1264 3117 ὲκχεομένη·
1287 3048 1441 3110 ἀλλά,
1464 3068 1481 3100 ι
1499 3050 1669 3103 Τοῦτό

132 3135 220 3188 ἔστι
250 3136 303 3188 τὸ
332 3130 470 3207 αἷμά
522 3156 627 3208 μου
674 3138 735 3190 τὸ
776 3139 912 3209 ὑπὲρ
958 3137 1112 3208 ὑμῶν
1158 3138 1550 3210 ὲκχυνόμενον,
1592 3142 1671 3204 εἰς

134 3226 292 3291 ἄφεσιν
318 3230 629 3301 ἀμαρτιιῖη.
670 3228 718 3303 ο]

697 3344 948 3401 ΚΕΦΑΛ.
989 3344 1065 3398 Z'.

186 3470 291 3522 ὐτι
319 3475 415 3541 μὲν
433 3470 530 3527 οὖν
561 3474 757 3543 εῠηθες
777 3475 978 3544 κομιδῆ
1001 3478 1062 3528 τὸ
1085 3478 1465 3549 ἀντιτετάχθαι
1492 3481 1667 3533 δοκεῖν

134 3562 217 3620 τοῖς
246 3562 336 3612 οὐκ
368 3560 518 3616 οὖσιν
558 3563 697 3625 ὅλως
718 3606 731 3628 ,
774 3565 863 3615 καὶ
895 3562 1212 3631 ἀντεξάγειν
1244 3566 1364 3633 εἰκῆ
1394 3606 1408 3630 ,
1447 3565 1671 3635 δεχομέ-

134 3665 229 3711 νους
252 3655 323 3715 είς
348 3655 673 3707 ἀντίστασιν
729 3654 791 3707 τὸ
831 3653 1021 3724 μηδενί
1067 3670 1169 3705 που
1202 3655 1345 3723 τάχα
1389 3654 1598 3721 δοκοῦν,
1634 3657 1666 3726 ἢ

136 3746 328 3807 φρονεῖν,
360 3744 391 3812 ἢ
418 3745 628 3811 λέγειν,
664 3745 781 3806 πῶς
809 3746 905 3815 οὐχ
939 3746 1143 3800 ἀπασιν
1169 3747 1430 3816 ὲναργέςς
1463 3748 1524 3798 El
1558 3746 1668 3817 γὰρ

134 3826 179 3893 δή
218 3847 287 3891 τις
326 3834 495 3885 ἕλοιτο
528 3835 886 3901 φιλονεικεῖν,
938 3838 1019 3887 ὅτι
1062 3837 1136 3905 μὴ
1172 3837 1334 3896 ἵππος
1378 3837 1492 3887 ἐστὶ
1527 3836 1667 3889 κατά

137 3918 263 3981 φύσιν
287 3922 312 3972 ὀ
345 3922 469 3989 βοῦς
493 3963 507 3986 ,
551 3925 689 3993 μήτε
723 3924 828 3993 μὴν
868 3926 897 3978 ὁ
934 3922 1217 3995 ἄνθρωπος
1276 3926 1471 3990 ἵππος,
1512 3925 1669 3977 τοῦτο

138 4013 331 4074 φρονεῖν,
357 4014 387 4082 ἢ
419 4013 606 4081 λέγειν
638 4014 967 4083 ἀνεχομένου
994 4015 1240 4085 μηδενὸς,
1270 4015 1387 4078 πῶς
1416 4018 1476 4069 οὐ
1506 4034 1667 4069 καταο

136 4100 377 4167 γέλαστος,
408 4108 505 4158 καὶ
539 4108 676 4174 πρός
703 4123 765 4173 γε
796 4106 968 4177 τούτῳ
1001 4106 1372 4177 εἰκαιὸμυθος,
1418 4109 1497 4170 είς
1526 4108 1666 4177 ἀέρα

134 4187 307 4261 δτίρων,
348 4197 438 4248 καὶ
490 4196 779 4249 πυκτεύων
823 4199 907 4249 ἐπ’
939 4197 1191 4267 ἀδήλοις,
1243 4199 1337 4251 καὶ
1370 4199 1456 4251 ἐπ’
1491 4199 1665 4251 οὐδενὶ⁹

135 4280 214 4331 τῶν
254 4288 625 4358 προκειμένων
660 4287 890 4358 ἱδρῶτας
939 4289 1117 4359 ἑαυτῷ
1162 4290 1257 4343 καὶ
1308 4290 1497 4352 πόνους
1542 4291 1658 4342 ἑπι-

134 4360 265 4439 νὸὦη
294 4380 507 4449 Χρῆναι
538 4380 646 4448 γάρ
676 4380 853 4447 ἔγωγέ
879 4397 1020 4450 φημι
1076 4380 1506 4450 προῦποκεῖσθαί
1529 4398 1580 4433 τι
1606 4381 1665 4432 τὸ

134 4463 517 4539 ὡμολογημένον
537 4486 550 4498 ⁸
590 4471 654 4521 ἶν’
685 4472 742 4522 ὲν
777 4472 965 4539 κόσμῳ
1000 4470 1063 4541 δὴ
1099 4470 1218 4523 τότε
1244 4471 1312 4523 τά
1344 4473 1474 4541 παρ’
1505 4470 1664 4540 ἡμῶν

134 4556 466 4627 ἀντεπάγοιτο.
506 4562 653 4629 Πλὴν
684 4562 858 4613 ἐκεῖνο
886 4561 1056 4630 ῖωμεν
1106 4561 1224 4632 [ισ.
1258 4562 1542 4634 εἴπωμεν]
1570 4579 1581 4591 ·
1612 4566 1661 4615 εἰ

138 4644 209 4707 μὲν
230 4650 321 4717 γάρ
349 4668 427 4714 τις
463 4645 537 4721 ἦν
568 4653 597 4701 ό
624 4651 789 4718 φάναι
820 4650 1054 4719 τολμῶν,
1102 4654 1183 4714 είς
1228 4652 1327 4723 τὴν
1375 4652 1516 4707 κατά
1547 4652 1660 4724 (51)

134 4732 202 4783 τοῦ
242 4736 487 4807 σώματος
537 4738 1003 4808 μεταπεωιῆσθαι
1056 4739 1218 4807 φύσιν
1272 4741 1363 4793 τὸν
1413 4742 1477 4794 ἐκ
1525 4738 1659 4792 Θεοῖ

137 4823 284 4891 Λόγον,
330 4829 628 4897 ἑπαιτιῷτό
654 4846 737 4892 τις
782 4830 848 4882 ἂν
882 4831 976 4882 καὶ
1009 4828 1153 4899 μάλα
1187 4830 1431 4894 είκότως,
1466 4830 1547 4882 ὃτι
1586 4832 1659 4900 μὴ

137 4914 291 4971 μᾶλλον
320 4919 416 4989 ἔφη
447 4919 515 4970 τὸ
547 4919 704 4988 σῶμα
736 4919 939 4982 διδούς-
974 4920 1204 4985 Λάὸετε,
1244 4921 1468 4988 φάγετε,
1503 4920 1658 4972 τοῦτό

138 5004 210 5066 μού
232 5008 359 5061 ἐστιν
382 5012 413 5081 ἡ
439 5010 639 5079 θεότης
670 5013 703 5081 ἡ
734 5012 872 5080 ὑπὲρ
901 5011 1057 5081 ὑμῶν
1082 5012 1361 5082 κλωμένη,
1382 5014 1472 5065 καὶ
1501 5012 1659 5065 τοῦτό

137 5095 246 5149 ἐστιν
274 5102 326 5154 οὐ
354 5105 411 5156 τὸ
440 5097 589 5171 αἷμά
614 5118 716 5171 μου
755 5102 975 5169 μᾶλλον,
1006 5100 1124 5153 ἀλλ’
1158 5103 1189 5172 ἡ
1231 5101 1421 5172 θεότης
1449 5104 1481 5172 ὴ
1521 5102 1659 5169 ὑπὲρ

138 5185 253 5253 ὖμῶν
280 5195 595 5265 ἐκχεομένη.
638 5193 851 5262 Ἐπειδὴ
886 5193 944 5245 δὲ
970 5192 1102 5256 Θεὸς
1136 5192 1213 5245 ὢν
1244 5195 1272 5246 ό
1305 5194 1501 5261 Λόγος,
1531 5194 1662 5245 ίδιον

138 5276 375 5350 ἐποιήσατο
403 5285 570 5355 σῶμα
604 5284 665 5336 τὸ
694 5285 756 5335 ὲκ
782 5282 1058 5350 γυναικὸς,
1118 5284 1424 5349 ἀλλοίωσιν,
1461 5284 1493 5355 ἢ
1535 5300 1661 5353 τρο-

139 5370 217 5436 πὴν
259 5378 503 5449 οὐδεμίαν
552 5374 1027 5445 ὑπομεμενηκὼς,
1077 5374 1191 5439 πῶς
1238 5376 1335 5428 οὐκ
1380 5375 1486 5428 ἔδει
1526 5374 1662 5445 πρὸς

192 5528 226 5559 ’⁸
249 5532 351 5587 Act.
380 5534 527 5599 1,“.
602 5533 649 5565 ¹¹
679 5530 869 5585 Matth.
908 5528 1165 5589 xxvr,26.
1246 5530 1287 5560 ¹⁸
1322 5531 1448 5585 ibid.
1474 5529 1563 5583 27.

1838 2318 2079 2375 Nssron.
2111 2319 2259 2390 [Cur
2287 2328 2465 2375 autem
2499 2321 2682 2387 etiam,
2713 2329 2771 2373 ut
2802 2318 2959 2388 paulu
2993 2330 3116 2375 ante
3150 2322 3335 2376 audie-

1767 2407 1979 2473 bamus,
2025 2408 2072 2463 si
2103 2419 2350 2478 utraque,
2384 2419 2440 2460 ut
2491 2419 2543 2460 tu
2571 2409 2833 2477 opinaris,
2864 2408 3147 2463 commista
3179 2420 3334 2474 sunt,

1770 2500 2030 2554 Dominus
2063 2510 2250 2554 noster
2292 2517 2411 2555 cum
2448 2501 2690 2570 mysterii
2752 2502 2853 2554 vim
2905 2502 3182 2571 discipulis
3227 2513 3337 2557 tra-

1770 2594 1937 2655 deret,
1985 2593 2063 2646 sic
2109 2593 2239 2646 dicit
2273 2612 2285 2646 :
2323 2611 2340 2642 (
2377 2594 2637 2658 Accipite,
2662 2593 2925 2646 comedite
2969 2607 3158 2648 omnes
3190 2615 3202 2649 :
3236 2594 3335 2649 hoc

1773 2689 1855 2733 est
1883 2680 2025 2732 etaim
2055 2694 2249 2748 corpus
2274 2696 2445 2733 meum
2473 2681 2560 2733 "?
2592 2699 2610 2731 ι
2637 2696 2734 2735 cur
2769 2696 2871 2735 non
2900 2682 3030 2736 dixit
3060 2700 3075 2736 ε
3117 2681 3229 2737 Hoc
3255 2694 3336 2737 est

1773 2768 2024 2824 divinitas
2056 2783 2172 2823 mea
2206 2784 2324 2838 qua:
2350 2783 2447 2837 pro
2476 2769 2626 2824 vobis
2650 2769 2919 2839 frangitur
2944 2773 2968 2824 ?
2998 2774 3337 2843 Rursumque

1773 2876 1895 2915 cum
1947 2861 2195 2929 poculum
2246 2858 2627 2930 mysteriorum
2667 2861 2842 2926 daret,
2868 2876 2973 2916 non
3002 2862 3136 2917 dixit
3172 2881 3184 2917 :
3226 2863 3336 2918 Hoc

1775 2961 1857 3005 cst
1886 2953 2137 3005 divinitas
2167 2965 2285 3018 quae
2328 2963 2425 3018 pro
2474 2950 2623 3004 vobis
2647 2949 2959 3016 effunditur,
2994 2953 3091 3006 sed
3128 2970 3141 3006 :
3182 2970 3201 3003 ι
3235 2952 3333 3007 Hic

1774 3054 1857 3097 est
1898 3042 2116 3110 sanguis
2141 3055 2289 3095 meus
2313 3041 2402 3108 qui
2432 3055 2528 3109 pro
2556 3041 2705 3096 vobis
2745 3039 3041 3098 eﬂ'unditur
3061 3044 3113 3097 in
3144 3045 3335 3099 remis-

1776 3135 1977 3189 sionem
2004 3143 2343 3203 peccatorum
2380 3133 2441 3187 “.
2473 3131 2527 3203 ι]

2450 3331 2602 3387 CAP.
2640 3330 2749 3388 Vll.

1838 3466 2104 3536 Perquam
2141 3466 2361 3522 stultum
2413 3480 2545 3522 sane
2595 3480 2716 3521 esse
2761 3466 2825 3520 iis
2877 3468 3149 3522 adversari
3198 3469 3334 3524 velle

1769 3560 1858 3628 qui
1877 3558 2005 3612 nulli
2042 3569 2184 3621 sunt,
2210 3568 2261 3611 et
2287 3560 2478 3614 frustra
2504 3560 2844 3624 contendere,
2875 3559 3035 3629 idque
3067 3562 3131 3615 ad
3160 3576 3331 3629 oppu-

1770 3652 2039 3720 gnandum
2072 3664 2287 3704 sumere
2333 3653 2474 3719 quod
2535 3651 2763 3705 fortasse
2822 3653 3025 3705 nemini
3087 3667 3325 3722 unquam

1769 3752 1863 3796 aut
1884 3744 2106 3807 sentire,
2142 3751 2237 3796 aut
2265 3742 2440 3811 eloqui
2501 3742 2672 3795 visum
2704 3752 2805 3807 est,
2836 3743 3185 3822 perspicuum
3216 3759 3334 3799 om-

1769 3833 1926 3889 nibus
1970 3847 2091 3888 esse
2122 3832 2244 3902 quis
2275 3831 2481 3901 neget?
2515 3831 2647 3885 Nam
2693 3833 2737 3885 si
2773 3837 2895 3901 quis
2942 3834 3070 3887 velit
3109 3844 3332 3890 conten-

1772 3922 1911 3975 tiose
1955 3920 2195 3976 refutare
2224 3922 2415 3976 bovem
2461 3934 2565 3973 non
2616 3935 2737 3975 esse
2782 3936 2845 3974 ex
2882 3932 3069 3976 natura
3109 3938 3331 3991 equum.

1772 4026 1941 4081 neque
1968 4012 2241 4066 hominem
2301 4026 2517 4081 equum,
2577 4011 2787 4065 nemine
2830 4012 2881 4065 id
2927 4013 3195 4068 sentiente
3238 4025 3333 4068 aut

1767 4103 1998 4167 dicente,
2034 4119 2214 4158 nonne
2259 4104 2329 4157 sit
2365 4105 2643 4167 ridiculus,
2699 4116 2751 4159 et
2803 4116 3060 4176 prasterea
3106 4120 3331 4176 nugator

1766 4208 1956 4257 vanus,
1987 4208 2167 4248 aerem
2229 4194 2543 4259 verberans,
2582 4205 2635 4250 et
2673 4212 2913 4265 pugnans
2954 4199 3005 4251 in
3036 4198 3325 4263 incertum,

1766 4297 1822 4341 et
1848 4286 1991 4340 nulla
2057 4301 2117 4338 re
2172 4286 2445 4354 proposita
2502 4286 2604 4341 sibi
2658 4288 2935 4343 molestias
2991 4304 3055 4343 ac
3115 4291 3330 4345 labores

1767 4389 2045 4429 assumens
2070 4376 2093 4428 ?
2118 4374 2377 4443 Oportere
2399 4377 2541 4430 enim
2568 4377 2814 4446 equidem
2850 4387 2999 4447 puto,
3034 4380 3183 4447 prius
3212 4395 3332 4447 pro-

1768 4467 2002 4536 positum
2053 4480 2174 4521 esse
2232 4466 2431 4535 aliquid
2464 4468 2516 4521 in
2544 4467 2815 4531 confesso,
2870 4478 2928 4522 ut
2984 4470 3087 4524 rite
3148 4481 3259 4523 tum
3300 4486 3328 4523 a

1772 4557 1925 4610 nobis
1986 4556 2240 4611 refutatio
2323 4558 3120 4627 subjungatur;verumtamen
3202 4560 3331 4615 illud

1768 4647 2052 4701 dicendum
2116 4648 2330 4700 videtur
2363 4666 2375 4701 ε
2410 4664 2531 4701 nam
2568 4648 2611 4702 si
2638 4658 2779 4702 esset
2812 4651 2900 4717 qui
2938 4649 3121 4703 dicere
3161 4652 3329 4705 aude-

1768 4746 1869 4802 ret,
1900 4739 2070 4807 ipsum
2098 4736 2193 4793 Dei
2235 4736 2469 4793 Verbum
2524 4740 2575 4793 in
2634 4741 2876 4808 corporis
2930 4752 3175 4794 naturam
3209 4758 3331 4797 esse

1769 4839 2052 4894 mutatum,
2087 4840 2367 4885 accusaret
2387 4832 2669 4899 quispiam,
2700 4842 2753 4885 et
2783 4832 3155 4901 quidemjure,
3188 4834 3330 4901 quod

1772 4937 1878 4976 non
1916 4922 2140 4975 dixisset
2180 4936 2298 4974 cum
2358 4936 2552 4988 corpus
2598 4922 2749 4977 daret
2782 4939 2795 4975 :
2826 4923 3083 4991 Accipite,
3108 4924 3331 4977 mandu-

1768 5022 1909 5075 cate,
1933 5012 2033 5064 hoc
2061 5020 2143 5065 est
2172 5025 2286 5063 mea
2331 5011 2587 5064 divinitas
2621 5025 2741 5079 qua:
2806 5026 2904 5079 pro
2935 5012 3089 5065 vobis
3132 5011 3331 5080 frangi-

1772 5112 1877 5165 tur,
1912 5102 2080 5155 ethoc
2104 5109 2185 5154 est
2210 5116 2315 5154 non
2345 5101 2563 5169 sanguis
2605 5114 2779 5164 meus,
2814 5102 2904 5154 sed
2928 5100 3181 5154 divinitas
3210 5116 3331 5167 quae

1769 5205 1866 5261 pro
1920 5191 2070 5244 vobis
2133 5188 2426 5243 eﬂ'unditur
2454 5207 2466 5242 :
2494 5203 2635 5243 nunc
2678 5204 2806 5243 vero
2842 5204 2962 5242 cum
2994 5190 3165 5257 ipsum
3197 5188 3331 5242 Ver-

1770 5282 1916 5344 bum,
1954 5282 2094 5349 quod
2136 5281 2276 5333 Deus
2302 5289 2439 5342 erat,
2468 5280 2743 5349 proprium
2781 5280 2886 5333 sibi
2930 5280 3121 5333 fecerit
3172 5279 3331 5349 119

1768 5388 1963 5442 corpus
1996 5382 2177 5426 natum
2200 5387 2264 5425 cx
2313 5372 2555 5437 muliere,
2598 5386 2773 5443 neque
2802 5372 2962 5426 ullam
3005 5382 3093 5426 aut
3133 5372 3329 5426 altera-

1348 5680 1506 5735 ANT.
1548 5679 1635 5736 AG
1645 5678 1817 5735 ELLll
1858 5677 2086 5735 ΝΟΤΑει.

195 5835 281 5909 (3‘)
303 5838 607 5915 Prmpositio
642 5836 786 5893 κατά
824 5836 1035 5892 videtur
1062 5848 1413 5905 supervacua.
