4106 6472
716 429 821 485 207

721 650 932 704 aequum
1011 633 1111 687 fuit
1175 634 1292 688 sine
1352 632 1458 688 ullo
1515 635 1793 687 mendacio
1847 633 1998 686 nobis
2057 635 2286 687 dicere:

727 742 747 774 ι
777 724 1039 794 Accipite,
1070 724 1358 788 comedite,
1386 725 1488 779 hoc
1513 734 1593 779 est
1625 739 1821 794 corpus
1851 741 2026 779 meum
2055 726 2077 777 ?
2109 745 2126 775 ι
2156 724 2287 780 Cum

724 825 903 869 autem
963 823 1107 868 esset
1157 814 1268 867 vita
1310 823 1564 884 tanquam
1618 813 1782 878 Deus,
1815 815 1977 868 vitam
2016 815 2174 868 simul
2237 825 2292 868 et

726 905 993 958 viviﬁcum
1027 904 1157 958 illud
1204 902 1402 958 eIl'ecit.
1454 902 1624 974 Igitur
1647 904 1692 958 si
1731 903 2002 973 paululum
2051 905 2116 957 ad
2152 903 2290 958 veri-

729 1004 892 1048 tatem
912 993 1211 1062 aspexeris,
1234 1003 1286 1048 te
1315 994 1430 1062 ipse
1466 997 1532 1048 de
1566 994 2000 1062 supervacuitate
2025 996 2291 1048 sermonis

725 1085 1024 1147 accusabis,
1106 1099 1229 1138 cum
1300 1084 1498 1153 ubique
1570 1089 1810 1155 nngeris,
1887 1094 1941 1138 et
2006 1087 2290 1139 adversum

728 1177 976 1246 dogmata
1003 1176 1220 1245 pietatis
1252 1186 1398 1230 tuum
1427 1176 1568 1230 hunc
1591 1177 1951 1232 adulteratum
1984 1177 2292 1230 molestum-

727 1282 830 1334 que
855 1281 1157 1322 sermonem
1209 1267 1582 1336 imprudenter
1620 1282 1880 1338 opponas.

985 1397 1386 1490 TOMUS
1462 1399 2032 1504 QUINTUS.

797 1547 1072 1602 Gloriatur
1126 1549 1314 1601 beatus
1344 1545 1543 1600 Paulus
1575 1545 1640 1600 de
1670 1545 1870 1599 Christi
1932 1545 2294 1614 passionibus,

727 1648 782 1694 et
813 1640 888 1692 ait
940 1651 1083 1691 nunc
1122 1638 1336 1704 quidem
1367 1655 1380 1690 :
1413 1654 1430 1686 ι
1471 1635 1597 1689 Mihi
1625 1637 1767 1690 absit
1819 1637 2062 1707 gloriari,
2106 1639 2206 1692 nisi
2241 1639 2294 1692 in

729 1743 892 1784 cruce
915 1728 1138 1795 Christi,
1177 1743 1270 1797 per
1312 1743 1468 1796 quem
1539 1729 1670 1782 mihi
1716 1729 1948 1783 mundus
2008 1730 2298 1785 crucifixus

729 1831 1030 1891 est,etego
1061 1824 1258 1876 mundo
1297 1821 1375 1887 ¹⁷;
1418 1839 1437 1872 ι
1467 1835 1606 1874 nunc
1649 1835 1879 1875 rursus:
1916 1839 1934 1872 ι
1995 1821 2108 1877 Non
2152 1824 2294 1877 enim

1705 425 1763 479 S.
1805 424 2070 481 CYRILLI
2111 421 2574 481 ALEXANDRINI
2613 424 2928 481 ARCHIEP.

723 549 942 607 tionem,
977 552 1067 596 aut
1117 542 1470 596 mutationem
1518 541 1820 611 pertulerit,
1873 543 2142 610 quomodo
2184 557 2286 595 non

2401 544 2539 611 ἡμᾶς
2585 543 2645 594 οὑ
2696 541 3094 610 ψευδοεποῦντα
3153 542 3347 608 λέγειν,
3379 543 3458 594 ὅτι
3503 560 3521 592 t
3581 541 3806 605 Λάῦετε,

3849 426 3958 480 208

3864 542 3963 608 φά-

2393 651 2538 700 γετε,
2587 633 2745 685 τοῦτό
2775 634 2875 702 μού
2912 634 3024 684 ἐστι
3052 632 3112 683 τὸ
3147 633 3337 702 σῶμα;
3379 653 3396 682 ι
3434 633 3554 702 Ζωὴ
3600 633 3655 685 δὲ
3700 633 3967 702 ὑπάρχων

2393 725 2466 786 ὡς
2504 725 2654 786 Θεὸς,
2688 723 2831 794 ζωὴν
2863 725 2952 774 καὶ
2999 722 3260 785 ζωοποιὸν
3288 723 3568 792 ἀπέφηνεν
3593 724 3742 776 αὑτό.
3776 723 3966 791 Βραχὺ

2391 817 2680 887 τοιγαροῦν
2726 815 3011 883 ἁναμύσας
3060 815 3196 884 πρὸς
3227 816 3288 868 τὸ
3335 816 3553 885 ἀληθὲς,
3605 817 3758 876 αὑτὸ,
3785 812 3969 883 οἶμαι,

2394 909 2534 960 κατὰ
2587 905 2811 959 σεαυτοῦ
2860 905 2921 957 τὸ
2977 906 3226 975 περιττὸν
3275 909 3353 969 είς
3409 907 3598 973 λόγους
3661 905 3968 974 καθοριεῖς,

2396 997 2731 1068 βατταρίζων
2798 996 3105 1065 πανταχοῦ,
3173 998 3267 1049 καὶ
3339 1001 3452 1061 τοῖς
3521 1000 3621 1066 τῆς
3684 995 3972 1054 εὐσεϐείας

2393 1091 2661 1160 δόγμασιν
2697 1091 2971 1151 ἀσυνέτως
2996 1090 3320 1154 ἁντανιστὰς
3354 1091 3447 1143 τὸν
3480 1089 3814 1160 παράσημον
3847 1105 3971 1139 του.

2393 1181 2509 1235 τονὶ
2544 1181 2639 1234 καὶ
2673 1180 2888 1249 ατεοπῆ
2927 1197 3020 1234 σου
3053 1181 3231 1250 λόγον.

2678 1387 3061 1475 ΤΟΜΟΣ
3122 1387 3700 1475 ΠΕΜΠΤΟΣ.

2481 1543 2929 1614 Ἐπισεμνύνεται
2972 1543 3068 1612 μὲν
3097 1545 3125 1595 ό
3164 1542 3448 1605 θεσπέσιος
3472 1541 3683 1604 Παῦλος
3722 1543 3839 1604 τοῖς
3871 1555 3972 1593 παι

2399 1635 2605 1706 θὴμασι
2672 1635 2767 1688 τοῦ
2832 1635 3106 1706 Χριστοῦ,
3174 1636 3266 1688 καί
3321 1652 3485 1704 φησι,
3543 1634 3630 1687 ὁτὲ
3679 1634 3822 1704 μὲν,
3892 1634 3973 1686 ὅτι

2405 1747 2423 1780 ι
2447 1729 2602 1797 Ἐμοὶ
2636 1728 2733 1797 μὲν
2768 1727 2869 1800 [δὲ]
2905 1729 2979 1798 μὴ
3011 1729 3221 1796 γένοιτο
3246 1728 3569 1798 καυχᾶσθαι,
3599 1729 3646 1780 εί
3687 1728 3763 1798 μὴ
3804 1729 3863 1780 ὲν
3899 1726 3977 1796 τῷ

2403 1817 2621 1887 σταυρῷ
2644 1818 2736 1870 τοῦ
2761 1818 3018 1889 Χριστοῦ,
3043 1818 3109 1870 δι’
3140 1812 3199 1870 οῦ
3229 1818 3352 1886 ἐμοὶ
3383 1819 3584 1887 κόσμος
3609 1819 3974 1888 ἐσταύρωται,

729 1915 988 1968 erubesco
1023 1913 1409 1983 Evangeliutu;
1440 1913 1610 1968 virtus
1635 1915 1779 1967 enim
1824 1915 1914 1968 Dei
1959 1925 2043 1967 est
2073 1915 2124 1967 in
2153 1915 2296 1967 saltt-

2401 1906 2554 1974 κάγὼ
2595 1906 2672 1976 τῷ
2715 1887 2933 1976 κόσμῳ⁸
2978 1927 2994 1958 i
3022 1908 3110 1960 ὁτὲ
3169 1907 3223 1960 δὲ
3252 1903 3318 1962 αὖ
3343 1924 3357 1937 ·
3396 1926 3414 1957 r
3443 1909 3516 1961 Οὑ
3569 1907 3675 1980 γὰρ
3709 1887 3978 1976 ἐπαισχύο

733 2014 836 2058 tem
888 2004 1031 2059 omni
1075 2003 1342 2067 credenti,
1377 2000 1564 2057 Judaso
1620 2004 1848 2072 primum
1872 2014 1925 2058 et
1953 2005 2141 2060 Graeco
2171 2005 2236 2058 ¹⁸.
2272 2025 2291 2056 ι

729 2097 901 2166 Atque
938 2097 990 2150 in
1020 2098 1162 2151 hunc
1203 2099 1416 2151 modum
1463 2096 1552 2150 ille
1583 2096 1664 2149 vir
1705 2095 1908 2165 Spiritu
1965 2096 2054 2151 Dei
2105 2098 2297 2166 plenus

729 2201 783 2242 et
806 2188 904 2242 sibi
937 2188 1275 2242 sentiendum
1311 2188 1588 2252 censebat,
1613 2196 1668 2243 et
1697 2197 1923 2243 cmteros
1952 2190 2290 2244 imbuendus.

730 2277 914 2347 Neque
965 2278 1109 2331 enim
1166 2277 1281 2331 haec
1333 2277 1536 2332 frustra
1589 2279 1831 2348 scripsit,
1888 2280 1980 2332 sed
2036 2289 2093 2333 ut
2141 2283 2297 2335 nobis

732 2367 1104 2437 persuaderet,
1152 2376 1208 2421 ut
1240 2369 1612 2437 integritatem
1638 2371 1758 2440 ejus
1802 2386 1920 2438 quae
1964 2373 2018 2424 in
2063 2371 2154 2425 illo
2183 2383 2301 2426 erat

733 2458 852 2511 ﬁdei
912 2457 1192 2512 studentes
1249 2457 1514 2522 aemulari,
1571 2459 1638 2512 de
1708 2458 1909 2513 Christi
1958 2461 2300 2528 passionibus

731 2549 1039 2618 glorientur.
1066 2547 1170 2602 Sed
1199 2547 1440 2602 nonnulli
1466 2548 1530 2603 de
1548 2563 1709 2603 cruce
1732 2548 1932 2603 Christi
1949 2551 2296 2616 erubescunt,

732 2649 786 2694 et
812 2641 1123 2694 doctoribus
1152 2639 1243 2708 qui
1279 2654 1375 2707 per
1395 2638 1580 2692 orbem
1635 2650 1904 2694 terrarum
1946 2643 2296 2708 exstiterunt,

732 2736 854 2802 quia
910 2733 1181 2788 contraria
1228 2733 1438 2786 sentire
1483 2730 1712 2794 malunt,
1759 2733 1918 2801 impie
1971 2733 2298 2798 resistendo,

731 2825 932 2881 Christi
981 2826 1262 2894 passiones
1305 2823 1692 2894 propemodum
1749 2821 1979 2877 irrident
2010 2824 2216 2885 miseri,
2245 2835 2299 2878 et

731 2918 1058 2972 erubescunt
1083 2915 1288 2972 Christi
1334 2913 1712 2983 Evangeliutn,
1749 2928 1869 2969 cum
1901 2916 2120 2970 Judaica
2161 2916 2296 2969 stul-

735 3009 848 3062 titia
882 3008 1155 3069 laborent,
1205 3015 1260 3060 et
1301 3004 1407 3058 illis
1437 3003 1580 3057 nulla
1625 3020 1690 3057 ex
1722 3014 1877 3073 parte
1926 3007 2036 3060 sint
2086 3006 2298 3059 inscitia

735 3098 1041 3152 inferiores.
1097 3095 1242 3150 Crux
1299 3110 1531 3164 namque
1599 3095 1895 3152 Salvatoris
1969 3096 2138 3150 nostri
2194 3095 2298 3150 illis

2401 2017 2561 2068 νομαι
2585 1999 2643 2052 τὸ
2659 1999 3008 2068 Εὑαγγέλιον·
3037 1999 3268 2070 δύναμις
3297 2001 3404 2072 γὰρ
3432 2001 3567 2054 Θεοῦ
3598 2003 3746 2053 ἐστιν
3770 2003 3852 2062 εἰς
3877 2017 3979 2051 σω-

2397 2091 2592 2162 τηρίαν
2626 2094 2790 2144 παντὶ
2815 2092 2892 2161 τῷ
2923 2093 3252 2154 πιστεύοντι,
3300 2092 3535 2162 Ἰουδαίῳ
3561 2109 3617 2146 τε
3653 2091 3857 2162 πρώτῳ
3887 2092 3980 2144 καὶ

2403 2181 2644 2251 Ἕλληνι.
2683 2201 2701 2233 t
2755 2181 2889 2233 Ἀλλ’
2925 2176 3024 2234 ὦδε
3064 2183 3160 2251 μὲν
3193 2184 3221 2234 ὁ
3246 2183 3693 2253 Πνευματοιρόρος
3725 2183 3881 2252 ὴξίου
3921 2199 3980 2233 τε

2402 2275 2619 2341 φρονεῖν
2656 2272 2836 2338 αὑτὸς,
2870 2273 2964 2325 καὶ
3011 2272 3116 2343 μὴν
3164 2273 3255 2326 καὶ
3289 2275 3511 2345 ἐτέρους
3576 2275 3976 2342 μυσταγωγεῖν.

2400 2361 2650 2431 Γέγραφε
2683 2360 2790 2431 γὰρ
2827 2362 2888 2412 οὑ
2915 2360 3112 2430 μάτην,
3148 2360 3263 2413 ἀλλ’
3300 2362 3386 2415 ἵνα
3415 2363 3561 2432 ἡμᾶς
3587 2363 3858 2433 ἀναπείσῃ
3882 2361 3982 2430 τῆς

2400 2452 2624 2522 ἐνούσης
2649 2453 2796 2522 αὑτῷ
2814 2451 3051 2515 πίστεως
3074 2453 3172 2522 τὴν
3189 2453 3455 2524 ὀρθότητα
3476 2453 3671 2524 ζηλοῦν
3699 2456 3983 2525 ᾑρημένος

2405 2543 2513 2614 [τον.
2547 2543 2876 2616 ᾑρημένους]
2943 2547 3056 2607 τοῖς
3108 2545 3345 2616 Χριστοῦ
3390 2545 3706 2617 παθήμασιν
3747 2548 3983 2619 ἐναϐρύ-

2403 2637 2608 2691 νεσθαι.
2638 2637 3036 2707 ’Δπερυθριῶοι
3055 2637 3111 2689 δέ
3129 2655 3273 2700 τινες
3288 2637 3366 2706 τῷ
3384 2639 3620 2708 σταυρῷ,
3643 2640 3736 2691 καὶ
3756 2641 3868 2701 τοῖς
3887 2656 3983 2706 γε-

2396 2729 2584 2796 γονόσι
2608 2731 2720 2792 τοῖς
2755 2727 2865 2801 [ισ.
2891 2726 3012 2799 τῆς]
3046 2728 3134 2796 ὑφ’
3163 2729 3298 2798 ἡλίῳ
3318 2731 3721 2799 μυπαγωγοῖς,
3745 2730 3984 2792 ἀνοσίως

2405 2821 2952 2891 ἀντανιστάμενοιδιὰ
2967 2819 3061 2873 τοῦ
3081 2823 3294 2891 φρονεῖν
3315 2820 3528 2875 ἑλέσθαι
3551 2822 3618 2874 τὰ
3634 2822 3868 2886 ἐναντία,
3895 2839 3986 2891 μο-

2405 2914 2612 2982 νονουχὶ
2630 2912 3054 2982 καταμειδιὼσιν
3079 2913 3127 2964 οι
3160 2912 3386 2975 τάλανες
3407 2913 3510 2966 τῶν
3534 2913 3768 2983 Χριστοῦ
3809 2915 3987 2984 παθη-

2405 3005 2612 3074 μάτων,
2642 3003 2987 3074 αἰσχύνονται
3006 3020 3062 3055 τε
3096 3003 3154 3056 τὸ
3173 3003 3524 3072 Εὑαγγέλιον,
3566 3004 3860 3076 Ἰουδαῖκὴν
3893 3023 3986 3058 νο-

2403 3095 2621 3158 σοῦντες
2639 3094 2898 3165 ἀμαθίαν,
2926 3077 3130 3164 καὶτῆς
3159 3096 3381 3150 ἐκείνων
3403 3097 3729 3168 ἀδελτηρίας
3754 3099 3877 3151 κατ’
3896 3101 3987 3151 οὑ-

733 3190 872 3245 facta
913 3201 991 3244 est
1013 3187 1326 3244 scandalum
1362 3205 1373 3240 :
1418 3189 1601 3256 itaque
1627 3202 1750 3242 cum
1784 3186 1934 3240 illum
1960 3188 2084 3242 vita:
2115 3197 2296 3242 aucto-

2401 3186 2524 3238 δένα
2547 3187 2744 3255 τρόπον
2780 3186 3097 3256 ἡττώμενοι.
3139 3187 3334 3254 Γέγονε
3356 3188 3464 3258 γὰρ
3482 3189 3660 3252 αὑτοῖς
3684 3190 3985 3244 σκάνδαλον

734 3297 847 3336 rem
883 3281 1120 3351 legisque
1150 3278 1308 3332 linem
1364 3277 1507 3347 ligno
1555 3277 1803 3333 sufﬁxum
1864 3279 2130 3343 viderent,
2171 3295 2302 3349 qua-

739 3374 940 3428 tiebant
968 3371 1225 3425 adversus
1251 3384 1372 3424 eum
1404 3384 1570 3424 exosa
1601 3369 1709 3424 Deo
1739 3370 1939 3439 capita,
1971 3370 2116 3425 nullo
2147 3372 2304 3425 modo

737 3464 900 3520 Deum
935 3477 1122 3518 revera
1151 3476 1270 3517 esse
1293 3462 1578 3516 credentes
1611 3463 1700 3530 qui
1733 3463 1892 3516 homo
1932 3461 2109 3516 factus
2139 3471 2300 3527 esset,

736 3562 898 3624 atque
942 3553 1007 3606 ad
1059 3550 1482 3607 exinanitionetn
1529 3550 2042 3616 descendisset;sed
2079 3551 2178 3604 rati
2207 3567 2302 3620 po-

738 3645 844 3699 tius
888 3657 1050 3700 unum
1108 3643 1470 3712 promiscuee
1507 3650 1692 3695 nostro
1751 3655 1973 3694 numero
2031 3641 2301 3694 hominem

738 3739 884 3793 illum
913 3751 1052 3798 esse,
1079 3745 1134 3788 et
1161 3743 1412 3803 tanquam
1449 3748 1514 3787 ex
1546 3733 1689 3786 malo
1717 3732 1896 3787 cordis
1931 3731 2014 3787 sui
2049 3733 2304 3787 thesauro

736 3829 1068 3899 proferentes
1098 3826 1236 3880 mala
1269 3826 1331 3891 ι’,
1367 3825 1621 3882 dicebant
1655 3842 1666 3876 ε
1713 3843 1731 3875 ι
1764 3824 1865 3890 Qui
1899 3825 2136 3881 destruis
2173 3834 2304 3878 tent-

736 3922 880 3990 plum
935 3919 1048 3984 Dei,
1077 3927 1131 3973 et
1166 3918 1217 3972 in
1267 3917 1438 3972 tribus
1493 3914 1683 3970 diebus
1707 3915 1946 3970 aediﬁcas
1972 3915 2122 3981 illud,
2156 3917 2301 3970 salva

738 4016 1076 4082 temetipsum
1103 4030 1116 4067 :
1140 4013 1182 4068 si
1202 4009 1367 4066 Filius
1394 4010 1486 4064 Dei
1515 4025 1594 4075 es,
1621 4012 1890 4066 descende
1914 4012 1979 4066 de
2002 4012 2244 4066 cruce".
2277 4030 2296 4062 ι

735 4107 800 4162 Et
850 4110 1082 4161 iterum:
1119 4123 1136 4156 ι
1181 4104 1328 4157 Alios
1374 4103 1551 4158 salvos
1589 4103 1736 4168 fecit,
1798 4105 2034 4172 seipsum
2072 4120 2176 4159 non
2205 4119 2298 4174 po-

737 4208 840 4253 test
871 4199 1075 4251 salvum
1135 4194 1311 4248 facere
1343 4211 1356 4246 :
1393 4195 1434 4246 si
1497 4207 1590 4247 rex
1649 4193 1809 4248 Israel
1859 4203 1962 4259 est,
2013 4196 2304 4249 descendat

737 4303 876 4342 nunc
907 4287 970 4341 de
993 4298 1172 4347 cruce,
1198 4293 1251 4337 et
1281 4283 1561 4336 credemus
1594 4283 1753 4352 120
1785 4285 1835 4338 in
1863 4301 1986 4339 eum
2015 4286 2083 4341 ¹¹.
2127 4306 2144 4338 ι
2183 4284 2296 4340 Non

734 4380 876 4432 enim
946 4378 1115 4440 illum,
1155 4383 1212 4428 ut
1250 4373 1406 4429 modo
1460 4373 1590 4438 dixi,
1651 4373 1816 4428 Deum
1863 4391 1986 4432 esse
2039 4379 2302 4447 putabant

733 4471 1033 4526 secundum
1093 4476 1363 4532 naturam,
1417 4479 1592 4534 neque
1633 4466 1724 4519 Dei
1753 4477 1806 4520 et
1834 4467 2010 4523 Patris
2041 4485 2164 4526 vere
2208 4471 2298 4525 Fi-

2401 3279 2429 3330 ό
2457 3277 2549 3329 τοῦ
2580 3277 2826 3348 Σωτῆρος
2859 3278 3110 3347 σταυρός”
3141 3279 3234 3331 καὶ⁸
3265 3279 3396 3346 γοῦν
3418 3279 3494 3349 τῷ
3523 3279 3663 3349 ξύλῳ
3695 3283 3987 3352 προσηλω-

2404 3369 2561 3421 θέντα
2595 3369 2879 3436 βλέποντες
2897 3369 2988 3420 τὸν
3015 3370 3111 3437 τῆς
3139 3367 3282 3438 ζωῆς
3317 3370 3577 3442 ἀρχηγὸν,
3599 3371 3659 3423 τὸ
3687 3371 3780 3425 τοῦ
3815 3375 3988 3442 νόμου

2402 3458 2570 3522 τέλος,
2607 3458 2778 3511 ἔσειον
2827 3459 2924 3528 μὲν
2963 3460 3046 3510 ἐπ’
3080 3457 3349 3528 αὑτῷτάς
3400 3460 3672 3530 θεομισεῖς
3716 3463 3986 3530 κεφαλὰς,

2402 3554 2462 3604 οὑ
2487 3553 2618 3605 Θεὸν
2655 3548 2792 3604 εἶναι
2816 3552 3162 3616 πιστεύοντες
3185 3553 3402 3624 ἀληθῶς
3435 3554 3900 3626 ὲνηνθρωπηκότα
3929 3575 3986 3609 τε

2403 3643 2497 3696 καὶ
2525 3642 2856 3711 καθιγμένον
2886 3645 2965 3705 είς
2997 3644 3246 3707 κένωσιν,
3278 3644 3514 3713 οἰόμενοι
3543 3644 3596 3696 δὲ
3632 3645 3852 3713 μᾶλλον,
3893 3647 3988 3699 ἕνα

2401 3735 2510 3788 τῶν
2554 3735 2676 3788 καθ’
2715 3737 2861 3806 ἡμᾶς
2914 3735 3197 3806 ἄνθρωπον
3252 3736 3438 3799 ἁπλῶς
3474 3737 3739 3807 ὑπάρχειν
3784 3740 3980 3792 αὑτόν·

2404 3827 2642 3897 ἔφασκον
2672 3827 2754 3891 δὲ,
2801 3827 2874 3890 ὡς
2906 3829 2968 3879 ἐκ
3004 3826 3240 3897 πονηροῦ
3279 3827 3554 3898 θησαυροῦ
3602 3831 3699 3899 τῆς
3752 3831 3985 3900 καρδίας

2405 3920 2582 3972 αὑτῶν
2616 3922 2981 3991 προφέροντες
3025 3920 3094 3973 τὰ
3133 3921 3372 3991 πονηράο
3417 3939 3434 3972 t
3485 3921 3540 3973 '0
3577 3922 3860 3974 καταλύων
3891 3923 3983 3976 τὸν

2403 4014 2526 4064 ναὸν
2555 4013 2648 4065 τοῦ
2679 4013 2834 4073 Θεοῦ,
2872 4014 2962 4065 καὶ
2987 4015 3043 4065 ἐν
3084 4015 3262 4083 τρισὶν
3293 4013 3524 4083 ἡμέραις
3556 4013 3857 4084 οἰκοδομῶν
3889 4018 3986 4068 a5-

2402 4101 2515 4164 τὸν,
2549 4102 2723 4154 σῶσον
2766 4102 3008 4154 σεαυτόν·
3042 4103 3089 4154 εἰ
3123 4102 3247 4165 Υἱὸς
3285 4097 3336 4154 εἴ
3363 4102 3457 4155 τοῦ
3491 4102 3646 4163 Θεοῦ,
3685 4105 3779 4156 καὶ
3810 4107 3985 4159 κατά-

2403 4192 2528 4263 ϐηθι
2556 4193 2663 4245 ἀπὸ
2689 4193 2780 4245 τοῦ
2815 4192 3068 4262 σταυροῦ.
3103 4211 3120 4244 t
3149 4195 3256 4246 Καὶ
3291 4194 3453 4247 πάλιν
3474 4210 3486 4224 ⁸
3518 4213 3534 4244 ι
3576 4195 3800 4258 Ἄλλους
3843 4196 3982 4249 ἔσω-

2404 4301 2514 4348 σεν,
2561 4283 2752 4336 ἑαυτὸν
2785 4285 2845 4336 οὑ
2879 4282 3101 4337 δύναται
3139 4284 3304 4338 σῶσαι
3335 4302 3347 4314 ·
3388 4289 3435 4338 εί
3480 4286 3728 4355 βασιλεὺς
3767 4288 3984 4357 Ἰσραήλ

2403 4377 2540 4438 ἐστι,
2590 4374 2879 4428 καταϐάτω
2916 4373 3013 4428 νῦν
3050 4376 3156 4427 ἀπὸ
3202 4377 3296 4429 τοῦ
3326 4376 3581 4447 σταυροῦ,
3625 4379 3718 4430 καὶ
3761 4380 3983 4432 πιστεύ-

2402 4484 2566 4537 σομεν
2623 4468 2707 4519 ἐπ’
2758 4467 2940 4520 αὑτόν.
2975 4485 2992 4517 ι
3027 4467 3100 4520 Οὑ
3144 4468 3252 4538 γάρ
3274 4486 3378 4533 τοι,
3414 4469 3664 4540 καθάπερ
3725 4471 3863 4540 ἔφην
3893 4473 3983 4542 ἀρε

734 4562 888 4626 liutu,
925 4562 1018 4613 sed
1045 4559 1109 4613 de
1144 4573 1202 4613 se
1235 4557 1551 4628 praedicare,
1597 4565 1651 4610 et
1698 4557 1957 4612 audacter
2001 4561 2296 4617 divinitatis

2404 4559 2552 4621 τίως,
2589 4557 2719 4610 Θεὸν
2757 4557 2926 4627 ᾠοντο
2957 4556 3099 4610 κατὰ
3133 4556 3291 4625 φύσιν
3320 4559 3586 4630 ὑπάρχειν
3633 4560 3818 4625 αὑτὸν,
3858 4561 3980 4614 οῦτε

734 4652 1040 4721 Opinionem
1090 4648 1188 4703 sibi
1235 4661 1511 4716 arrogare.
1575 4645 1761 4716 Itaque
1810 4662 1950 4703 nunc
2011 4649 2298 4706 dicebant:

740 4763 758 4795 ι
795 4745 869 4798 De
902 4742 1046 4796 bono
1073 4753 1234 4809 opere
1262 4752 1367 4793 non
1391 4737 1691 4806 lapidamus
1723 4747 1795 4801 te,
1837 4740 1932 4794 sed
1956 4741 2019 4794 de
2050 4743 2301 4812 blasphe-

736 4833 865 4897 mia,
887 4831 1008 4900 quia
1041 4841 1092 4883 tu
1121 4830 1279 4884 homo
1297 4843 1418 4882 cum
1439 4828 1534 4891 sis,
1558 4827 1692 4883 facis
1725 4831 1951 4898 teipsum
1981 4830 2236 4900 Deum";
2270 4855 2286 4885 ι

735 4937 878 4980 nunc
938 4921 1002 4975 ad
1047 4919 1274 4974 Pilatum
1319 4918 1678 4983 adducebant,
1737 4929 1789 4973 ct
1841 4924 2080 4994 οι·υείῐίςὶ
2143 4941 2299 4995 roga-

733 5019 863 5072 bant
884 5015 927 5046 "
957 5029 971 5081 ;
1018 5012 1208 5066 deinde
1235 5026 1354 5065 cum
1385 5011 1452 5064 ab
1477 5025 1540 5066 eo
1566 5024 2010 5080 exposcerentur,
2051 5025 2106 5068 ut
2142 5026 2300 5071 tanta:

733 5107 988 5159 adversus
1016 5117 1138 5157 eum
1174 5099 1561 5156 malevolentiae
1595 5117 1790 5156 causas
1830 5105 2124 5172 edicerent,
2161 5108 2300 5161 illico

734 5191 1082 5253 accusabant,
1116 5201 1171 5244 et
1217 5190 1525 5244 clamabant
1565 5191 1803 5246 dicentes
1838 5210 1850 5245 :
1882 5212 1898 5244 ι
1936 5195 2066 5258 Quia
2107 5196 2296 5251 Filium

734 5284 825 5338 Dei
851 5298 908 5338 se
942 5283 1069 5336 fecit
1093 5282 1157 5332 ’³.
1191 5299 1210 5332 ο
1244 5280 1438 5334 Verum
1499 5293 1626 5334 ecce
1670 5281 1769 5335 hoc
1808 5298 2019 5351 quoque
2055 5296 2296 5355 tempore

734 5391 836 5429 non
855 5376 920 5428 ab
949 5373 1221 5436 Israelitis,
1249 5385 1419 5439 neque
1451 5386 1478 5425 a
1504 5371 1843 5428 multitudine
1879 5375 2293 5445 Pharisaeorum,

805 5513 844 5544 "
870 5511 1043 5564 Gal-al.
1081 5528 1153 5573 vt,
1195 5511 1281 5574 M,
1360 5507 1401 5539 ¹⁸
1439 5509 1592 5564 Ilont.
1637 5526 1672 5568 ι.
1710 5512 1796 5564 16.

733 5583 819 5636 33.
898 5583 941 5614 ’³
967 5582 1119 5636 Joau.
1155 5596 1267 5642 xix,
1297 5581 1347 5630 6.
1427 5581 1470 5609 ’δ
1511 5579 1640 5632 ibid.
1667 5579 1720 5632 7.

1878 5517 1916 5546 "
1955 5515 2144 5570 Matth.
2181 5534 2273 5581 xu,
2320 5519 2409 5573 35.

2406 4651 2512 4718 μὴν
2545 4649 2668 4703 Υίον
2695 4649 2910 4720 ἀληθῶς
2936 4651 3030 4703 τοῦ
3063 4651 3198 4704 Θεοῦ
3227 4653 3320 4704 καὶ
3356 4652 3588 4723 Πατρός
3640 4653 3983 4722 περιαυτίζες

2405 4740 2526 4792 σθαι
2556 4740 2612 4792 δὲ
2665 4740 2863 4810 μᾶλλον
2913 4741 3003 4792 καὶ
3033 4740 3130 4810 τὴν
3173 4741 3269 4811 τῆς
3312 4741 3559 4811 θεότητος
3611 4741 3765 4806 δόξαν
3803 4743 3982 4810 ἑαυτῷ

2415 4835 2743 4903 προσνέμειν
2800 4833 3132 4902 ἀποτολμᾷν.
3181 4833 3491 4902 Τοιγάρτοι,
3548 4834 3674 4885 ποτὲ
3714 4834 3812 4902 μὲν
3861 4835 3980 4901 ἔφα-

2407 4941 2568 4977 σκον·
2605 4943 2620 4974 t
2659 4926 2792 4994 Περὶ
2838 4922 3006 4976 καλοῦ
3053 4925 3214 4993 ἔργον
3251 4925 3310 4975 ού
3370 4923 3657 4992 λιθάζομέν
3712 4941 3791 4986 σε,
3847 4927 3978 4977 ἀλλὰ

2407 5017 2534 5086 περὶ
2570 5016 2938 5086 βλασφημίας,
2973 5019 3057 5069 ὅτι
3091 5017 3154 5068 σὺ
3187 5015 3468 5086 ἄνθρωπος
3497 5016 3592 5076 ὣν,
3631 5019 3801 5079 ποιεῖς
3828 5034 3980 5070 σεαυ-

2402 5105 2492 5156 τὸν
2520 5105 2671 5158 Θεόν.
2711 5125 2727 5155 t
2764 5105 2898 5157 Ποτὲ
2933 5105 2988 5157 δὲ
3020 5105 3234 5174 Πιλάτῳ
3266 5105 3560 5174 προσῆγον,
3588 5104 3679 5156 καὶ
3715 5105 3975 5175 σταυροῦ-

2406 5197 2528 5249 σθαι
2565 5196 2926 5266 παρεκάλουν.
2959 5192 3089 5248 Εἶτα
3115 5196 3212 5264 τῆς
3237 5195 3322 5246 ἐπ’
3350 5195 3496 5264 αὑτῷ
3529 5195 3850 5262 σκαιότητος
3885 5196 3977 5254 τὰς

2403 5289 2580 5350 αίτίας
2623 5291 2794 5340 εἰπεῖν
2846 5287 3241 5358 ἐξαιτούμενοι,
3290 5287 3626 5356 κατηγόρουν
3669 5286 3852 5349 εὐθὺς,
3888 5286 3974 5337 καὶ

2403 5381 2900 5450 κατακεκράγησαν
2954 5382 3063 5450 (52)
3106 5380 3376 5448 λέγοντες,
3431 5397 3449 5430 ι
3486 5379 3609 5431 Ὅτι
3660 5379 3787 5430 Υἱον
3842 5377 3972 5430 Θεοῦ

3215 5521 3257 5552 ⁸⁸
3291 5518 3421 5574 ibid.
3465 5519 3556 5572 42.

2504 5521 2549 5551 ’⁸
2592 5521 2784 5576 Matth.
2819 5537 2989 5585 xxvtt,
3019 5521 3106 5575 40.
3215 5521 3257 5552 ⁸⁸
3291 5518 3421 5574 ibid.
3465 5519 3556 5572 42.
3659 5520 3704 5550 ’³
3736 5517 3888 5574 Joan.
3919 5533 3968 5582 ι,

1984 5691 2144 5747 ΑΝΤ.
2185 5695 2456 5751 AGELLII
2497 5697 2727 5753 ΝΟΤιΕ.

805 5804 912 5878 (32)
942 5803 1188 5860 Fortasse
1222 5803 1524 5874 legendum,
1557 5803 2024 5872 κατακεκράγασι.
