4106 6508
148 462 223 518 909
1130 469 1501 526 ADVERSUS
1539 468 1942 527 NESTORIUM
1984 472 2112 530 LIB.
2145 475 2207 529 ν.

3219 481 3327 535 210

148 585 293 636 ἑαυτὸν
319 585 571 654 ἐποίησεν.
617 606 634 638 ι
679 586 818 640 Ἀλλ’
849 589 957 642 ίὸοὺ
990 589 1053 661 δὴ
1087 591 1176 644 καὶ
1204 591 1298 644 νῦν
1322 593 1382 645 ού
1409 593 1562 664 παρά
1591 609 1654 660 γε

1757 593 1850 647 sed
1905 594 1972 650 ab
2017 596 2084 651 iis
2118 597 2210 667 qui
2251 598 2499 653 videnlur
2532 614 2655 656 esse
2686 600 3002 666 Christiani,
3036 607 3090 653 et
3119 600 3168 652 in
3206 614 3293 651 ma

146 673 222 726 τῶν
249 675 296 739 ἐξ
333 676 553 748 Ἰσραὴλ,
583 677 706 731 οὔτε
751 681 856 749 μὴν
887 681 985 751 τῆς
1028 681 1137 734 τῶν
1162 684 1472 752 Φαρισαίων
1519 684 1655 754 πλη-

147 765 254 828 θύος,
289 767 388 820 ἀλλ’
421 771 479 821 ὲκ
525 770 634 822 τῶν
661 771 961 826 δοκούντων
994 769 1131 828 εἶναι
1163 777 1524 847 Χριστιανῶν,
1561 779 1655 830 καὶ

145 855 428 922 τεταγμένων
457 857 510 909 ὲν
539 856 899 927 διδασκάλοις,
935 864 1027 915 καὶ
1053 865 1110 916 ἐν
1133 868 1245 930 τοῖς
1265 866 1364 938 τὴν
1392 867 1542 922 θείαν
1566 868 1656 921 λαο

145 943 286 1010 χοῦσιν
314 946 625 1015 ἱερουργίαν,
655 950 723 1004 τὰ
747 947 838 1005 ἴσα
867 954 1094 1025 πάσχων
1121 958 1333 1026 ὁρᾶται.
1380 959 1652 1012 Ἀπιστεί-

142 1050 205 1086 ται
226 1037 332 1106 γὰρ,
360 1040 435 1091 ὅτι
473 1041 566 1094 καὶ
598 1043 730 1106 Θεὸς
761 1048 898 1099 κατά
935 1047 1096 1116 φύσιν
1142 1050 1312 1115 ἐστὶν,
1340 1045 1422 1115 εἷς
1467 1067 1527 1103 τε
1558 1052 1654 1104 καὶ

143 1128 263 1193 μόνος
287 1133 368 1184 καὶ
398 1131 606 1201 ἀληθῶς
640 1135 768 1200 Υἱὸς
800 1139 894 1191 τοῦ
931 1139 1065 1192 Θεοῦ
1115 1142 1210 1194 καὶ
1246 1144 1478 1212 Πατρός.
1513 1143 1654 1214 Πρό-

141 1237 264 1284 ςασις
283 1221 332 1274 δὲ
365 1222 458 1292 τῆς
491 1225 576 1276 ἐπ’
608 1227 757 1298 αύτῷ
776 1228 840 1299 δὴ
874 1229 1048 1300 τούτῳ
1079 1231 1397 1296 δυσὸουλίας
1449 1235 1649 1297 αύτοίς,

141 1311 182 1365 τὸ
203 1311 362 1364 παθεῖν
384 1313 594 1369 ἑλέσθαι
620 1318 784 1390 σαρκὶ
812 1322 907 1374 τὸν
935 1321 1001 1374 δι’
1030 1325 1179 1393 ἡμᾶς
1223 1323 1451 1377 θάνατον
1478 1342 1492 1356 ο
1529 1325 1652 1379 καί-

139 1401 288 1455 τοιδιὰ
316 1404 460 1459 τοῦτο
500 1409 829 1479 καθιγμένον
869 1414 947 1476 εἰς
992 1413 1222 1468 κένωσιν
1268 1415 1649 1486 οἰκονομικῶς,

139 1493 202 1544 ἵνα
225 1495 305 1546 καὶ
347 1497 522 1550 παθὼν
559 1501 700 1571 ὑπὲρ
741 1502 898 1571 ἡμῶν
929 1506 1113 1574 σαρκὶ,
1171 1508 1499 1580 καταργήσῃ
1552 1506 1648 1559 τοῦ

136 1583 318 1638 Θανάτου
363 1588 420 1641 τὸ
467 1591 687 1661 κράτος,
725 1594 819 1647 ἅτε
869 1594 932 1665 δὴ
986 1596 1248 1666 ύπάρχων
1298 1599 1437 1650 κατά
1488 1597 1650 1666 φύσιν

135 1672 233 1742 ζωὴ,
264 1677 342 1728 καὶ
362 1678 420 1730 ὲκ
439 1677 580 1750 ζωῆς
604 1682 813 1750 ἀναφὺς
844 1683 939 1737 τοῦ
969 1684 1104 1739 Θεοῦ
1125 1687 1218 1739 καὶ
1239 1687 1471 1757 Πατρός.
1507 1689 1651 1742 Κατ-

132 1760 403 1836 ηρρὡτησε
461 1769 568 1839 γὰρ
633 1772 666 1842 ή
720 1771 1011 1844 ἀνθρώπου
1059 1774 1221 1843 φύσις
1269 1777 1370 1846 τὴν
1417 1775 1647 1847 φθορὰν,

131 1853 186 1913 ὡς
204 1855 250 1904 ἐν
272 1856 474 1929 ἀπαρχῆ
499 1861 594 1912 καὶ
625 1861 751 1932 ῥίζῃ
774 1866 842 1932 τῇ
867 1863 1080 1936 πρώτῃ,
1115 1865 1412 1930 τουτέστιν,
1457 1866 1646 1935 Ἀδάμ.

1754 686 2044 752 sistrorum
2084 703 2310 745 numero
2357 700 2668 758 censentur,
2706 701 2763 747 et
2805 705 2991 747 eorum
3024 690 3116 760 qui
3150 690 3306 746 sortit

1754 785 1880 830 sunt
1941 775 2108 832 divini
2156 783 2444 837 sacerdotii
2510 798 2729 850 munus,
2789 785 2976 840 eadem
3057 783 3322 838 snstinere

1754 868 2106 939 conspicitur.
2160 869 2274 924 Non
2327 873 2471 927 enim
2502 873 2641 930 Deus
2683 889 2807 930 esse
2838 875 3131 931 secundum
3171 881 3310 926 natu-

1755 975 1894 1026 ram,
1915 969 1968 1014 et
1991 976 2129 1015 unus
2157 973 2210 1019 et
2235 963 2380 1019 solus
2403 975 2456 1019 et
2480 979 2603 1020 vere
2626 966 2719 1020 Dei
2744 974 2798 1021 et
2821 965 2994 1020 Patris
3020 965 3187 1018 Filius
3206 977 3309 1016 ere

1755 1050 1899 1105 ditur
1931 1069 1946 1106 :
1978 1067 2275 1124 eorumque
2303 1056 2353 1109 in
2392 1055 2494 1112 hac
2518 1071 2577 1112 re
2607 1056 2844 1126 perfidia
2865 1069 3028 1111 causa
3060 1065 3139 1109 est
3183 1053 3323 1121 quod

1754 1153 1982 1199 mortem
2012 1155 2230 1215 propter
2256 1163 2352 1201 nos
2389 1162 2552 1203 carne
2604 1149 2714 1217 pati
2748 1147 3001 1211 voluerit,
3069 1143 3322 1215 quamvis

1753 1247 1816 1287 ea
1848 1235 1914 1287 de
1945 1249 2106 1290 causa
2134 1238 2528 1307 dispensatoris
2560 1239 2625 1294 ad
2653 1239 3071 1293 exlnanitionem
3105 1239 3324 1290 descen-

1753 1319 1893 1375 derit
1939 1321 2006 1382 “,
2064 1333 2124 1377 ut
2167 1339 2335 1379 carne
2381 1340 2479 1396 pro
2539 1328 2695 1382 nobis
2753 1342 2962 1397 passus,
3024 1327 3326 1380 destrueret

1754 1412 1942 1466 mortis
1973 1413 2256 1481 imperium
2290 1418 2357 1480 ",
2398 1427 2581 1485 utpote
2608 1432 2731 1473 cum
2784 1418 2893 1472 vita
2950 1427 3092 1473 esset
3132 1429 3324 1470 secun-

1753 1497 1879 1551 dum
1905 1510 2178 1567 naturam,
2217 1507 2269 1556 et
2289 1517 2355 1558 ex
2389 1505 2518 1569 vita,
2542 1505 2641 1560 hoc
2674 1518 2776 1570 est,
2803 1507 2919 1575 ipso
2945 1505 3055 1560 Deo
3085 1520 3148 1558 ac
3165 1504 3324 1559 Patre

1750 1589 1968 1644 editus:
2004 1591 2280 1647 hominum
2320 1595 2516 1665 quippe
2562 1608 2753 1653 natura
2783 1607 3042 1668 tanquam
3073 1598 3124 1652 in
3171 1595 3332 1651 initio

1753 1679 2034 1749 primaque
2084 1686 2284 1752 radice,
2337 1687 2438 1742 hoc
2485 1688 2646 1742 estin
2695 1688 2889 1754 Adam,
2955 1688 3322 1757 corruptionis

1754 1770 1943 1823 morbo
1993 1769 2363 1828 laboraverat.
2421 1772 2521 1829 Ubi
2571 1775 2712 1830 enim
2765 1788 2864 1844 per
2904 1771 3322 1830 inobedlentiam

1753 1859 2113 1927 legislatorem
2139 1874 2194 1918 et
2218 1864 2386 1920 Deum
2410 1866 2651 1933 on‘endit,
2705 1876 2760 1922 et
2780 1867 2870 1937 qui
2901 1867 3048 1921 illum
3099 1873 3156 1920 ut
3183 1871 3326 1918 esset

140 1940 315 2011 Ἐπειδὴ
343 1945 444 2014 γὰρ
475 1948 886 2019 προσκέκρουκε
910 1951 999 2005 διὰ
1024 1954 1123 2022 τῆς
1147 1954 1432 2024 παρακοῆς
1461 1953 1536 2023 τῷ
1564 1969 1650 2007 νο-

1754 1951 2105 2020 produxerat,
2161 1956 2347 2009 statim
2399 1959 2498 2012 sub
2555 1959 2843 2013 maledicto
2895 1959 3017 2022 fuit,
3061 1965 3115 2012 et
3161 1956 3322 2009 morti

133 2031 290 2105 μοθέτῃ
321 2035 407 2088 καὶ
435 2036 550 2108 Θεῷ
590 2039 729 2110 (55),
761 2043 854 2094 καὶ
880 2045 1276 2112 παρενεγκόντι
1301 2044 1436 2116 πρὸς
1476 2045 1654 2117 ῦπαρ-

131 2121 204 2185 ξιν,
239 2125 490 2197 ἐπάρατος
519 2125 587 2200 ἦν
619 2132 804 2198 εὐθὺς,
834 2133 928 2187 καὶ
974 2135 1208 2190 Θανάτου
1258 2137 1486 2208 κάτοχος
1509 2155 1524 2169 ’
1557 2139 1654 2192 καὶ

131 2213 460 2279 βιδασίλευκεν
496 2221 524 2273 6
563 2221 792 2287 θάνατος
823 2225 930 2279 ἀπὸ
975 2227 1144 2298 Ἀδὰμ
1192 2229 1353 2301 μέχρι
1387 2231 1649 2294 Μωσέως,

129 2304 452 2378 ὲκτεινομένης
484 2313 566 2376 είς
611 2312 760 2369 ἆπαν
792 2316 856 2368 τὸ
884 2316 941 2384 ἐξ
978 2318 1143 2372 αὐτοῦ
1184 2321 1404 2390 σπέρμα
1445 2338 1504 2374 τε
1557 2323 1654 2374 καὶ

126 2397 261 2464 γένος,
293 2403 384 2472 τῆς
411 2403 502 2456 ἐπὶ
547 2405 686 2476 τῷδε
715 2406 891 2478 δίκης.
940 2410 1124 2481 Ῥίζης
1152 2411 1260 2483 γὰρ
1299 2412 1488 2485 ῶσπερ
1519 2415 1653 2468 ἀνα-

128 2487 282 2552 ςύντες
323 2491 587 2567 φθαρτῆς,
628 2498 860 2569 φθαρτοὶ
897 2502 991 2554 καὶ
1037 2503 1216 2572 ἡμεῖς,
1266 2504 1358 2557 καὶ
1398 2505 1512 2568 τοῖς
1558 2505 1652 2558 τοῦ

125 2579 310 2636 ίκινείτου
373 2585 591 2657 βρόχοις
643 2590 992 2660 ὲνισχημένοι
1047 2592 1392 2666 διετελοῦμεν
1445 2599 1494 2650 οἱ
1547 2598 1656 2650 δεί-

126 2669 250 2725 latet.
288 2676 498 2748 Ἐπειδὴ
525 2680 582 2732 δὲ
629 2681 842 2751 χρηστά
885 2685 1014 2753 περὶ
1058 2686 1215 2756 ἡμῶν
1248 2689 1276 2740 6
1323 2687 1655 2761 δημιουργὸς

123 2763 362 2835 ἐσκέψατο,
404 2771 496 2824 καὶ
525 2773 882 2844 ἀνῃρημένης
912 2777 1008 2847 τῆς
1040 2778 1245 2850 φθορᾶς
1273 2781 1655 2852 ἀναστοιχειῶ-

126 2871 190 2906 σπι
224 2859 343 2928 πρὸς
389 2862 448 2914 τὸ
487 2862 581 2914 ἀπ’
632 2865 810 2935 ἀρχῆς
852 2867 952 2939 τὴν
993 2867 1281 2941 ἀνθρώπου
1318 2872 1479 2942 φύσιν
1526 2873 1656 2944 ἠθέο

1755 2040 2031 2110 subjectus
2063 2063 2078 2100 :
2109 2056 2163 2100 et
2211 2048 2454 2118 regnavit
2512 2061 2660 2105 mors
2716 2049 2784 2105 ab
2816 2049 2988 2104 Adam
3043 2060 3212 2119 usque
3255 2048 3322 2101 ad

1753 2132 1934 2190 Mosen
1968 2137 2036 2201 ",
2072 2151 2192 2191 cum
2236 2136 2354 2206 ejus
2403 2139 2646 2195 criminis
2700 2154 2862 2209 poena
2910 2140 2962 2193 in
3016 2138 3323 2192 universum

1754 2241 1819 2279 ex
1857 2227 1947 2281 illo
1976 2240 2158 2282 semen
2187 2242 2248 2283 ac
2269 2243 2439 2298 genus
2468 2230 2855 2289 extenderetur
2885 2247 2898 2284 :
2928 2245 3048 2284 nam
3082 2229 3226 2286 velut
3251 2243 3319 2284 ex

1755 2328 2010 2388 corrupta
2064 2320 2248 2375 radice
2282 2321 2416 2386 nati,
2473 2321 2864 2390 corruptibiles
2895 2320 2995 2390 ipsi
3025 2333 3240 2388 quoque
3268 2329 3325 2372 et

1756 2416 1950 2469 mortis
2005 2415 2217 2483 laqueis
2272 2415 2551 2471 constricti
2613 2412 3060 2485 permanebamus
3120 2411 3322 2466 miseri.

1756 2506 1947 2561 Postea
1984 2521 2113 2560 vero
2161 2522 2320 2575 quam
2378 2508 2444 2561 de
2474 2507 2630 2561 nobis
2659 2505 2748 2560 ille
2800 2505 3047 2559 conditor
3102 2501 3325 2558 meliora

1756 2599 2103 2668 cogitavit,et
2136 2598 2484 2668 corruptione
2532 2597 2742 2652 sublata
2783 2596 3039 2662 hominis,
3075 2606 3325 2650 naturam

1757 2688 2056 2743 reformare
2083 2688 2147 2743 ad
2186 2689 2424 2758 priorem
2457 2688 2876 2750 statum'voluit.
2911 2688 3146 2743 radicem
3196 2701 3331 2756 quo-

1758 2779 2045 2833 dammodo
2083 2780 2240 2834 nobis
2271 2779 2496 2834 alteram
2529 2778 2776 2848 protulit,
2800 2793 2918 2847 qua:
2963 2777 3133 2832 teneri
3156 2787 3330 2831 morte

1760 2885 1863 2923 non
1901 2877 2102 2938 posset,
2163 2867 2332 2936 illum,
2363 2870 2605 2939 inquam,
2637 2884 2802 2923 unutn
2835 2867 3116 2924 Dominum
3148 2867 3328 2921 Jesum

123 2946 255 3015 λῃσε·
303 2950 455 3022 ῥίζαν
504 2952 699 3026 ῶσπερ
738 2957 870 3025 ἡμῖν
915 2959 1189 3032 ὲπήνθησε
1225 2961 1505 3034 δευτέραν,
1557 2965 1657 3019 ούκ

1757 2963 2056 3028 Christum,
2090 2961 2194 3016 hoc
2219 2971 2319 3027 est,
2358 2961 2508 3015 illum
2561 2976 2624 3014 cx
2658 2959 2826 3030 ipsius
2871 2960 3105 3015 essentia
3163 2956 3330 3014 Deum

124 3037 409 3127 ἀνεχομένην
440 3045 770 3116 κρατεῖσθαι
796 3048 1033 3120 θανάτῳ,
1058 3053 1149 3105 τὸν
1175 3054 1268 3107 ἕνα
1311 3055 1516 3127 Κύριον
1551 3057 1656 3126 Ἰη-

1760 3051 1998 3106 Verbum
2061 3052 2127 3105 ad
2164 3061 2405 3106 nostram
2454 3049 2861 3105 similitudinem
2909 3047 3110 3102 factum
3157 3046 3333 3102 homi-

124 3126 219 3178 σούν
245 3131 326 3183 τὸν
347 3133 602 3203 Χριστὸν,
636 3137 906 3200 τουτέστι,
944 3137 1035 3192 τὸν
1066 3141 1130 3193 ὲκ
1157 3143 1255 3212 τῆς
1286 3142 1472 3206 οὐσίας
1497 3143 1656 3197 αὑτοῦ

1761 3157 1908 3207 nem,
1940 3141 2147 3196 factum
2191 3156 2257 3197 ex
2318 3141 2544 3196 muliere
2564 3141 2630 3196 ".
2662 3139 2848 3212 Neque
2880 3139 3022 3194 enim
3062 3137 3331 3194 Deilerum

119 3217 221 3273 Θεὸν
250 3225 430 3291 Λόγον,
463 3227 588 3279 καθ’
636 3227 785 3298 ἡμᾶς
820 3231 1110 3301 γενόμενον
1141 3234 1450 3306 ἄνθρωπον,
1497 3235 1650 3302 γενό-

1760 3247 1880 3287 esse
1907 3233 2179 3286 hominem
2217 3233 2526 3301 promiscue
2566 3231 2824 3296 dicimus,
2855 3231 2946 3285 sed
2988 3229 3116 3284 illud
3160 3229 3333 3298 ipsum

119 3319 317 3386 μενονέκ
338 3323 618 3390 γυναικός.
651 3325 726 3377 Ού
753 3326 862 3398 γάρ
890 3345 971 3380 τοι
1000 3328 1272 3399 Θεοφόρον
1304 3323 1440 3382 εἷναί
1475 3346 1652 3398 φαμεν

1759 3325 2054 3380 secundum
2114 3325 2400 3379 veritatem
2448 3339 2511 3377 ex
2569 3323 2676 3376 Deo
2735 3321 2963 3377 Verbum
2999 3322 3149 3376 carni
3212 3322 3340 3375 uni-.

119 3409 356 3480 ἂνθρωπον
401 3415 618 3480 ἁπλῶς,
659 3416 794 3470 ἀλλὰ
839 3419 1162 3490 αὐτόχρημα
1205 3420 1347 3473 κατὰ
1398 3421 1654 3492 ἀλήθειαν

1761 3428 1869 3470 tum
1900 3417 2088 3478 fuisse,
2118 3424 2174 3470 ut
2207 3416 2428 3485 propria
2447 3414 2627 3467 anima
2649 3426 2746 3481 pro
2776 3411 2928 3466 nobis
2953 3411 3218 3481 posita,et
3241 3426 3338 3466 suo

119 3501 268 3554 τὶνὲκ
311 3503 442 3559 Θεοῦ
490 3507 668 3576 Λόγον
712 3508 956 3580 ἡνῶσθαι
1010 3513 1194 3583 σαρκὶ,
1230 3513 1318 3566 ἵνα
1367 3514 1464 3586 τὴν
1520 3514 1656 3567 ἰδίαν

1759 3523 1986 3577 corpore
2049 3508 2258 3561 ratione
2313 3507 2706 3574 dispensatoria
2759 3504 2917 3559 morti
2967 3512 3189 3572 propter
3241 3519 3340 3559 nos

117 3593 256 3666 ᾠδήν
284 3598 544 3664 τεθεικὼς
581 3601 722 3672 ὑπὲρ
752 3601 932 3670 ήμῶν,
960 3603 1055 3658 καὶ
1092 3604 1215 3669 δοὺς
1241 3605 1316 3676 τῷ
1351 3605 1566 3676 θανάτῳ
1596 3606 1660 3660 τὸ

1765 3599 1917 3667 121
1945 3596 2124 3651 oblato
2155 3614 2168 3663 ;
2203 3596 2402 3650 deinde
2451 3610 2546 3663 per
2604 3592 3058 3648 resurrectionem
3088 3607 3154 3646 ex
3187 3607 3335 3647 mor-

120 3686 277 3739 ίιυτοῦ
312 3690 467 3759 σῶμα
511 3691 586 3744 δι’
615 3693 762 3763 ἡμᾶς
793 3694 1174 3766 οἰκονομικῶς,
1243 3691 1361 3749 εἶτα
1411 3700 1659 3768 κρεῖττον

1762 3690 1869 3743 tuis
1904 3689 2112 3743 victore
2144 3688 2505 3755 corruptionis
2536 3685 2751 3749 effecto,
2773 3685 3024 3739 omnibus
3059 3685 3109 3739 in
3145 3700 3203 3738 se
3225 3699 3340 3738 cre-

118 3777 219 3831 «te
246 3780 334 3850 τῆς
371 3781 587 3855 φθορᾶς
625 3784 914 3854 ἀποφήνας
936 3784 1025 3838 διὰ
1068 3786 1168 3855 τῆς
1201 3787 1266 3840 ὲκ
1295 3789 1503 3857 νεκρῶν
1528 3788 1658 3842 ἁνα-

1762 3783 2015 3836 dentibus
2054 3780 2212 3835 tidem
2257 3780 2484 3843 faceret,
2539 3778 2653 3832 fore
2686 3790 2742 3831 nt
2772 3793 2869 3832 nos
2904 3777 3067 3831 etiam
3120 3776 3338 3836 excitet.

122 3868 339 3938 στάσεως,
369 3872 796 3945 πληροφορήσας
821 3877 930 3946 [ιον.
962 3875 1378 3949 πληροφορήσῃ]
1410 3877 1658 3949 σύμπαν-

1764 3888 1826 3929 ac
1859 3873 2049 3927 mortis
2087 3872 2315 3925 vinculis
2348 3871 2535 3926 reddat
2566 3869 2840 3934 fortiores,
2875 3875 2931 3920 et
2978 3865 3339 3934 corrUptionis

118 3977 190 4025 τις
217 3965 330 4028 τοὺς
359 3968 438 4029 είς
468 3966 640 4019 αὑτὸν
686 3967 1064 4032 πιστεύοντας,
1097 3969 1180 4022 ὅτι
1216 3970 1310 4022 καὶ
1346 3971 1496 4040 ἡμᾶς
1534 3972 1660 4038 ὲγε-

1766 3966 1900 4020 retia
1939 3963 2405 4035 parvipendentes.
2439 3960 2550 4017 Hac
2576 3962 2643 4017 de
2669 3976 2834 4017 causa
2871 3959 3085 4015 beatum
3126 3970 3338 4028 quoque

122 4055 199 4118 ρεϊ,
222 4055 304 4108 καὶ
327 4058 593 4127 ἀμείνους
619 4059 889 4129 ἀποφανεῖ
917 4060 1024 4114 τῶν
1049 4060 1143 4114 τοῦ
1167 4060 1397 4116 θανάτου
1423 4062 1658 4133 δεσμῶν,

1764 4055 1988 4111 Paulum
2020 4064 2148 4124 puto
2181 4055 2394 4125 plurimi
2418 4053 2610 4109 fecisse
2648 4063 2704 4107 et
2742 4051 2980 4106 maxime
3008 4049 3332 4103 admiratum

120 4143 190 4194 ui
215 4144 302 4214 τῆς
331 4147 545 4220 φθορᾶς
585 4148 808 4218 ἀρκύων
849 4149 1004 4218 ὀλίγα
1054 4152 1502 4222 πεφροντικότας.
1547 4153 1663 4205 Ἑν·

1766 4149 1934 4202 fuisse
1963 4147 2054 4201 Dei
2081 4157 2132 4201 et
2160 4145 2340 4200 Patris
2379 4147 2429 4200 in
2466 4160 2562 4200 nos
2612 4143 2957 4199 charitatetn.
3008 4139 3155 4196 Dixit
3191 4140 3335 4193 enim

119 4231 270 4286 τεῦθεν
296 4231 446 4308 οἶμαί
472 4255 581 4291 που
618 4238 823 4292 καὶτὸν
857 4238 1143 4296 θεσπέσιον
1171 4242 1381 4296 Παῦλον
1413 4243 1470 4296 ἐν
1503 4243 1665 4296 παντὶ

1769 4241 1870 4296 hoc
1903 4243 2102 4294 modo:
2134 4257 2151 4290 ι
2191 4237 2328 4305 Quid
2361 4253 2491 4306 ergo
2528 4237 2767 4290 dicemus
2804 4234 2871 4288 ad
2907 4231 3073 4287 haec?
3112 4229 3167 4286 Si
3203 4230 3341 4284 Deus

120 4325 350 4381 ποιεῖσθαι
392 4330 544 4401 λόγῳ
593 4330 687 4384 καὶ
719 4331 977 4403 θαύματι,
1009 4334 1103 4386 τοῦ
1138 4333 1274 4386 Θεοῦ
1322 4336 1415 4387 καὶ
1452 4337 1666 4405 Πατρδς

1769 4346 1866 4404 pro
1913 4330 2087 4396 nobis,
2138 4331 2259 4400 quis
2311 4337 2500 4383 contra
2536 4342 2632 4381 nos
2665 4325 2689 4379 i
2721 4325 2812 4395 qui
2841 4324 3056 4393 proprio
3082 4321 3221 4377 Filio
3244 4336 3342 4376 suo

119 4416 193 4481 τὴν
215 4421 284 4483 είς
304 4424 449 4492 ἡμᾶς
477 4423 726 4492 ἀγάπην.
764 4425 909 4495 Ἔφη
949 4426 1056 4497 γὰρ
1083 4419 1184 4479 ὦδε
1209 4442 1222 4456 ·
1260 4445 1278 4477 ι
1304 4426 1367 4480 Τί
1396 4422 1488 4481 οὖν
1514 4428 1667 4499 ἐροῦ-

1771 4438 1874 4478 ηοη
1907 4422 2166 4492 pepercit,
2201 4421 2294 4476 sed
2325 4434 2420 4490 pro
2440 4419 2594 4472 nobis
2620 4416 2869 4470 omnibus
2895 4413 3116 4468 tradidit
3142 4414 3339 4482 ipsum,

122 4523 201 4574 μεν
231 4512 357 4583 πρὸς
396 4513 622 4581 ταῦταξ
671 4516 732 4568 Εἰ
776 4519 804 4571 6
853 4516 986 4580 Θεὸς
1015 4518 1154 4591 ὑπὲρ
1199 4519 1376 4590 ἡμῶν,
1414 4520 1497 4594 τίς
1541 4518 1661 4574 καθ’

1771 4514 2039 4583 quomodo
2072 4527 2177 4567 non
2205 4511 2367 4566 etiam
2404 4525 2523 4562 cum
2574 4509 2688 4576 ipso
2743 4506 2921 4560 omnia
2967 4504 3121 4560 nobis
3173 4505 3341 4558 dona-

120 4598 279 4670 ἧμῶνς
305 4605 361 4668 ὃς
391 4623 455 4674 γε
492 4605 592 4658 τοῦ
626 4607 756 4662 ίδίου
787 4609 914 4662 Υίοῦ
951 4611 1050 4663 ούκ
1086 4610 1360 4678 ἐφείσατο,
1386 4610 1498 4663 ἀλλ’
1531 4609 1668 4680 ὑπὲρ

1774 4607 1854 4662 bit
1885 4606 1979 4659 ”?
2016 4625 2034 4658 ι
2070 4603 2328 4672 Quamvis
2363 4602 2508 4656 enim
2541 4597 2922 4668 quamplurimi
2954 4595 3199 4652 homines
3229 4609 3344 4664 gra-

121 4688 249 4758 ἠμῶν
287 4696 509 4751 πάντων
567 4698 880 4768 παρέδωκεν
910 4701 1091 4765 αὑτὸν,
1129 4703 1245 4764 πῶς
1287 4701 1406 4771 οὐχί
1449 4701 1543 4753 καὶ
1568 4701 1666 4754 σὺν

1774 4699 1845 4752 tia
1897 4706 1951 4752 et
2001 4697 2286 4765 adoptione
2327 4694 2494 4747 simus
2523 4689 2613 4743 lilii
2643 4687 2855 4759 (vocati
2891 4699 3118 4754 namque
3157 4699 3344 4738 sumus

119 4783 322 4852 αύτῴτά
356 4790 550 4842 πάντα
599 4791 732 4860 ἡμῖν
772 4791 1093 4863 χαρίσεται;
1135 4809 1154 4842 ›
1190 4792 1381 4846 Καίτοι
1428 4792 1668 4846 πλεῖστοι

1774 4789 1869 4852 (lii,
1903 4797 1956 4842 et
2001 4787 2093 4841 lilii
2125 4784 2337 4839 Excelsi
2384 4797 2571 4838 omnes
2597 4781 2698 4852 “),
2736 4793 2875 4834 unus
2909 4786 3084 4830 tamen
3117 4784 3172 4830 et
3197 4777 3344 4828 solus

121 4873 201 4940 μὶν
225 4877 351 4944 ὅσοι,
380 4881 576 4954 χάριτί
602 4897 661 4934 τε
693 4883 786 4935 καὶ
824 4861 962 4936 κατά
995 4884 1140 4937 θέσιν
1171 4882 1292 4937 Υίοί
1312 4901 1325 4914 ο
1356 4881 1668 4954 κεκλήμεθα

1774 4861 1864 4934 ille
1890 4889 1974 4934 est
2006 4879 2299 4936 secundum
2349 4883 2622 4936 naturam,
2678 4871 2900 4938 ejusque
2953 4867 3222 4938 proprius,
3257 4864 3344 4918 ille

116 4962 204 5033 γάρ
229 4967 356 5032 θεοὶ,
402 4971 504 5025 καὶ
546 4971 652 5024 υἱοὶ
693 4971 946 5042 Ὑψίστου
984 4971 1210 5036 πάντεςο
1245 4965 1326 5035 εἷς
1364 4970 1419 5023 δὲ
1449 4972 1543 5025 καὶ
1573 4970 1666 5040 μό-

1774 4969 2026 5022 nimirum
2063 4983 2129 5022 ex
2165 4967 2279 5035 ipso
2314 4963 2455 5018 Deus
2494 4960 2752 5025 Verbum,
2810 4972 2873 5011 eo
2935 4967 3148 5026 quoque
3210 4964 3345 5007 tem-

118 5071 187 5118 νη
227 5063 253 5113 6
297 5064 441 5118 κατά
497 5062 664 5133 φύσιν
695 5067 788 5118 καὶ
823 5065 949 5127 ἴδιος
991 5063 1180 5129 αὑτοῦ,
1224 5064 1519 5127 τουτέστιν,
1555 5064 1582 5114 6
1611 5062 1668 5127 ἐξ

1777 5073 1904 5129 pore
1932 5075 2050 5115 cum
2077 5058 2250 5112 factus
2279 5066 2362 5111 est
2391 5069 2538 5110 caro.
2579 5053 2670 5109 Sic
2708 5065 2940 5121 namque
2972 5049 3144 5117 ipsum
3179 5045 3342 5099 etiam

174 5213 212 5244 "
251 5215 480 5284 Philipp.
527 5229 586 5276 ll,
625 5215 676 5269 7.
755 5215 800 5248 "
831 5215 992 5273 Hebr.
1029 5234 1086 5280 tt.
1127 5216 1215 5271 Η.
1276 5216 1319 5248 ’⁷
1351 5213 1507 5269 Rom.
1547 5229 1598 5279 ν,
1637 5214 1655 5267 i

147 5281 206 5339 6:
235 5284 387 5339 Joan.
431 5303 488 5339 ι.
533 5285 620 5339 54.

1800 5213 1844 5245 ’⁸
1874 5212 2046 5268 Galat.
2079 5229 2150 5275 tv,
2179 5210 2231 5264 4.
2311 5209 2354 5239 ²⁹
2393 5209 2549 5265 Rom.
2576 5221 2692 5271 \‘lll,
2734 5199 2824 5259 3i.
2904 5203 2948 5236 '°
2975 5199 3116 5257 Psal.
3155 5214 3344 5266 utut,

196 5301 387 5346 ςδυςιη.
431 5303 488 5352 x,
534 5301 620 5339 oe.

1357 5430 1512 5490 ΑΝΤ.
1557 5429 1830 5488 AGELLII
1868 5429 2097 5487 NOTAE.

175 5599 381 5666 (55)οε
447 5604 674 5666 peccato
717 5595 941 5666 originis
987 5594 1056 5666 ita
1109 5602 1296 5666 aperte
1340 5590 1575 5653 disserit,
1609 5603 1667 5666 ut
1775 5591 1857 5645 his
1894 5606 2012 5666 quze
2058 5599 2248 5666 contra
2288 5587 2495 5666 Pelagii
2543 5587 2823 5666 Opiniones
2876 5590 3137 5666 pugnant,
3181 5590 3234 5635 et
3291 5598 3341 5633 ιη

117 5651 216 5722 fere
241 5651 596 5737 Kugnstinum
628 5651 1092 5737 legere'videaris.
1124 5651 1213 5730 qui
1251 5651 1664 5737 ejusAsetat‘e'vi-
1774 5651 2122 5737 processione
2161 5661 2389 5737 Spiritus
2427 5651 2640 5737 :sancii,
2681 5670 2840 5723 quem
2878 5651 2915 5707 7a
2952 5651 3088 5734 Filio
3131 5667 3342 5737 qnpqnc

117 5745 213 5801 xit;
248 5721 413 5808 iuquue
441 5753 543 5790 non
573 5721 749 5808 soloin
784 5735 834 5808 in
879 5734 985 5808 hoc
1010 5721 1256 5797 dogmate
1278 5721 1471 5785 'videre
1515 5732 1663 5808 licet.
1774 5721 2065 5808 procedere
2097 5721 2290 5783 asserit
2325 5738 2376 5780 ut
2415 5721 2760 5796 Augustinus,
2798 5735 2852 5777 ut
2885 5726 3161 5786 superiore
3205 5721 3341 5775 libro

121 5801 390 5861 maxim-int
441 5810 579 5862 inter
612 5807 753 5860 duos
803 5804 901 5856 hos
953 5801 1142 5856 Patres
1190 5816 1309 5856 csse
1354 5801 1668 5856 consensio-
1777 5803 2054 5858 dissentit.

121 5895 248 5938 ῑιιοηι,
280 5894 460 5931 verum
515 5879 680 5932 etiam
719 5875 772 5930 in
820 5873 1000 5929 multis
1027 5871 1168 5938 aliis,
1197 5885 1259 5925 ac
1309 5871 1571 5942 prmciptte
1613 5872 1668 5925 in
