4104 6472
764 453 861 507 8H

1746 445 1801 500 S.
1844 441 2115 500 CYRILLI
2156 439 2621 498 ALEXANDRINI
2663 445 2979 504 ARClllEP.

3911 431 4016 484 219.

767 586 863 638 pro
914 569 1162 624 omnibus
1194 567 1375 624 datum
1420 568 1675 630 dicimus,
1723 575 1782 620 ut
1837 567 1949 635 ipse
2002 565 2159 633 plane
2199 561 2319 615 ait:

2445 566 2602 619 ιύτοῦ
2627 567 2757 631 Θεὸς
2799 569 2991 635 Λόγος,
3028 567 3120 620 καὶ
3153 565 3241 618 ὅτε
3286 561 3480 629 γέγονε
3509 556 3670 626 σάρξ.
3704 551 3871 606 Οὕτω
3907 551 4018 618 γάρ

771 679 790 710 ι
826 660 913 713 Sic
943 660 1083 714 Deus
1114 659 1300 714 dilexit
1327 659 1606 722 mundum,
1637 665 1695 710 ut
1721 656 1915 711 Filium
1946 669 2100 710 suum
2136 653 2325 719 unige-

767 749 937 802 nitum
989 749 1168 814 daret,
1207 759 1264 805 ut
1312 750 1490 804 omnis
1525 750 1613 818 qui
1662 748 1836 803 credit
1881 747 1933 800 in
1978 746 2173 813 ipsum,
2220 757 2326 797 non

767 846 973 906 pereat,
1015 839 1107 893 sed
1149 840 1344 894 habeat
1377 841 1540 893 vitam
1568 849 1822 892 aeternam
1850 837 1913 889 ³¹.
1947 854 1966 888 ι
2011 835 2330 904 Unigenitns

768 938 849 982 est
888 945 1014 999 ergo
1046 931 1138 985 ille
1167 933 1323 986 datus
1357 949 1369 984 :
1403 947 1522 984 nam
1557 930 1730 986 solum
1759 938 1843 984 est
1883 943 1945 982 ex
1997 927 2090 980 Dei
2125 924 2330 978 Patris-

768 1034 874 1087 que
902 1028 1082 1072 natum
1131 1021 1366 1075 essentia
1398 1021 1526 1074 illud
1560 1035 1624 1074 ex
1653 1035 1717 1075 eo
1754 1029 1806 1072 et
1855 1018 1906 1071 in
1957 1032 2021 1072 eo
2067 1016 2328 1072 Verbum.

770 1108 879 1162 Sed
911 1111 1030 1177 quia
1071 1110 1272 1165 factum
1323 1118 1406 1165 est
1447 1113 1630 1174 homo,
1681 1125 1742 1165 ea
1797 1110 1863 1164 de
1918 1123 2078 1164 causa
2127 1107 2180 1161 in
2208 1120 2329 1160 eum

770 1200 1065 1263 credimus,
1090 1201 1234 1255 illius
1257 1202 1551 1256 secundum
1602 1217 1820 1256 carnem
1867 1200 2071 1254 obitam
2103 1207 2333 1252 mortem

755 1291 1260 1354 ‘annuntiantes,et
1295 1291 1450 1345 simul
1485 1293 1934 1348 resurrectionem
1962 1289 2280 1345 confitentes
2314 1305 2331 1353 ;

772 1381 1018 1434 eumdem
1067 1381 1300 1435 scientes
1329 1392 1381 1436 et
1430 1392 1554 1436 ante
1603 1383 1805 1436 saecula
1831 1380 2334 1445 Filium,etextre-

772 1471 877 1524 mis
907 1471 1238 1538 temporibus
1272 1473 1665 1541 dispensatorie
1699 1471 1991 1535 hominem,
2011 1482 2336 1539 pessumque

772 1569 992 1629 propter
1017 1575 1114 1615 nos
1151 1571 1374 1617 mortem
1409 1577 1592 1628 carne,
1620 1571 1675 1617 et
1704 1564 1993 1616 excitatum
2021 1576 2049 1613 a
2081 1559 2333 1616 mortuis.

775 1649 881 1705 Sed
930 1652 1114 1708 nescio
1135 1655 1403 1721 quomodo
1433 1655 1520 1708 hic
1554 1652 1859 1708 Iudaeorum
1889 1652 2129 1706 stultitia:
2155 1661 2336 1720 patro-

773 1755 875 1795 nus
904 1744 1104 1800 nostris
1143 1744 1322 1801 verbis
1366 1746 1712 1817 indignatur;
1750 1761 1874 1799 nam
1908 1757 2120 1800 rursum
2163 1741 2333 1797 dixit:

842 2006 1077 2064 stron.
1108 2008 1283 2081 [Quod
1320 2010 1373 2064 in
1421 2010 1700 2065 nativitate
1741 2023 1804 2064 ex
1837 2007 2035 2062 Christi
2078 2004 2339 2076 genitrice

773 2095 996 2164 Virgine
1025 2099 1207 2153 divina
1238 2099 1517 2168 Scriptura
1546 2111 1713 2170 ponat
1743 2099 1864 2152 Filii
1907 2111 2124 2160 nomen,
2155 2094 2338 2149 decla-

773 2187 1031 2242 ravimus.
1059 2188 1196 2242 Audi
1221 2189 1356 2258 jam,
1390 2190 1514 2244 etin
1557 2199 1752 2254 morte,
1792 2188 1961 2242 sicubi
1999 2187 2210 2241 tandem
2249 2185 2341 2240 Dei

775 2290 969 2328 nomen
994 2285 1075 2330 est
1099 2276 1352 2344 positum,
1382 2287 1438 2332 ut
1464 2279 1770 2347 passibilem
1795 2277 1958 2332 Deum
1983 2276 2298 2330 inducamus
2324 2290 2339 2328 :

781 2383 800 2413 ι
835 2363 967 2420 Cum
1008 2366 1211 2420 inimici
1241 2381 1503 2433 essemus,
1549 2369 1738 2437 inquit,
1780 2365 2112 2420 reconciliati
2155 2379 2342 2420 sumus

777 2454 886 2508 Deo
913 2468 1009 2524 per
1037 2465 1262 2510 mortem
1289 2457 1414 2514 Filii
1435 2458 1548 2528 ejus
1571 2460 1634 2512 ³³.
1676 2478 1693 2511 ι
1731 2458 1845 2513 Νοιι
1889 2459 2043 2524 dixit,
2075 2473 2173 2529 per
2199 2473 2343 2513 mor-

779 2554 883 2600 tem
913 2545 1008 2600 Dei
1038 2546 1247 2618 Verbi.)

1441 2690 1591 2747 CAP.
1636 2691 1674 2744 Ι.

848 2798 1046 2853 Verum
1073 2814 1208 2854 sane
1241 2801 1498 2870 scriptum
1535 2801 1665 2855 illud
1693 2809 1812 2855 est:
1847 2818 1865 2851 ι
1908 2799 2091 2854 Justus
2124 2800 2261 2870 perit
2289 2799 2340 2853 in

774 2887 980 2955 iustitia
1007 2905 1101 2945 sua
1125 2891 1189 2944 ³³.
1229 2908 1248 2941 ι
1287 2890 1418 2944 Nam
1448 2891 1609 2944 etiam
1645 2893 1858 2944 Iirmum
1887 2891 2206 2959 quandoque
2237 2889 2346 2942 ani-

779 2996 950 3044 mum,
986 2981 1052 3034 ab
1087 2996 1150 3035 eo
1177 2982 1320 3050 quod
1347 2996 1557 3050 :equum
1593 2991 1694 3046 est,
1728 2981 1923 3034 avertit
1959 2982 2120 3034 homo
2154 2981 2216 3034 ad
2249 2993 2345 3033 no-

777 3075 1004 3128 cendum
1025 3074 1634 3143 compositus(34),cum
1655 3073 1899 3128 utilitatis
1920 3075 2147 3142 speciem
2169 3074 2344 3126 laten-

781 3177 863 3220 ter
893 3166 1086 3219 induit.
1125 3166 1282 3219 Putat
1324 3167 1467 3220 enim
1505 3167 1645 3220 haud
1690 3167 2033 3220 mediocriter
2074 3180 2132 3218 se
2176 3165 2344 3233 pieta-

778 3269 887 3311 tem
929 3257 1123 3322 colere,
1161 3258 1282 3311 dum
1316 3259 1367 3310 id
1401 3258 1721 3312 confirmare
1750 3258 1940 3310 nititur
1969 3258 2109 3325 quod
2156 3271 2342 3310 omnes

779 3352 1104 3405 confitentur
1138 3367 1151 3404 :
1180 3360 1234 3405 et
1265 3352 1366 3405 hac
1398 3354 1465 3404 de
1495 3364 1654 3403 causa
1684 3348 1813 3402 dicit
1844 3348 1989 3401 illum
2015 3361 2080 3399 ex
2109 3347 2216 3398 Deo
2244 3347 2343 3399 Pa-

779 3453 864 3496 tre
914 3440 1111 3495 Filium
1174 3458 1240 3496 ex
1294 3451 1480 3495 natura
1544 3456 1638 3495 sna
1702 3441 1858 3508 longe
1917 3453 1946 3490 a
2005 3436 2346 3507 passinnibus

779 3537 988 3600 abesse,
1027 3535 1182 3604 122
1208 3544 1260 3589 et
1290 3535 1483 3589 tentari
1518 3545 1689 3588 morte
1719 3544 1775 3586 ut
1809 3533 1969 3587 Deum
2004 3531 2152 3584 nullo
2185 3531 2344 3596 modo

780 3644 961 3697 posse,
989 3644 1110 3681 nam
1143 3631 1254 3697 ipsa
1280 3629 1388 3680 vita
1420 3629 1603 3696 utique
1633 3628 1812 3694 aliquo
1843 3626 1998 3680 modo
2027 3633 2342 3678 moreretur.

782 3721 887 3774 Sed
929 3731 1189 3790 repugnat
1221 3730 1396 3773 tamen
1426 3720 1585 3772 etiam
1615 3733 1754 3771 nunc
1781 3716 2030 3770 Ecclesia:
2061 3715 2344 3783 dogmatis,

782 3811 925 3864 illam
956 3811 1227 3878 Unigeniti
1269 3825 1388 3864 cum
1427 3823 1590 3862 carne
1625 3808 2079 3876 dispensationem
2125 3806 2348 3859 omnino

781 3910 1156 3963 contemnens,
1192 3911 1246 3955 et
1275 3901 1406 3954 tanti
1457 3901 1701 3971 mysterii
1749 3898 2163 3968 profunditatem
2199 3895 2349 3950 nullo

783 3990 941 4042 modo
971 3989 1340 4043 considerans.
1384 3987 1544 4042 Certe
1589 3988 1630 4041 si
1678 3987 1760 4040 vcl
1795 3987 1893 4055 ipsi
1939 3984 2350 4054 quuireremus

781 4080 1082 4143 qualisnam
1125 4082 1194 4133 sit
1224 4080 1312 4132 illa
1357 4076 1514 4132 Verbi
1562 4088 1773 4144 natura,
1808 4078 1888 4130 vel
1921 4078 1962 4130 si
2005 4076 2125 4129 aliis
2158 4089 2349 4144 rogan-

783 4170 924 4222 tibus
971 4184 1032 4222 ac
1088 4169 1298 4223 discere
1358 4167 1696 4235 cupientibus
1743 4179 2158 4234 exponeremus,
2208 4173 2352 4216 esset

781 4257 964 4328 procul
1032 4257 1195 4310 dubio
1260 4271 1595 4326 consequens
1660 4273 1724 4311 ac
1779 4256 2189 4316 necessarium,
2258 4269 2353 4322 per

781 4364 970 4402 omnes
1009 4349 1284 4414 sapientes
1317 4363 1580 4417 verasque
1619 4346 1916 4401 sententias
1954 4345 2194 4399 studiose
2229 4359 2352 4412 pcr-

782 4439 1068 4498 currendo,
1109 4430 1310 4491 nullum
1342 4452 1461 4492 esse
1487 4439 1642 4492 morti
1671 4437 1737 4489 ad
1774 4435 1917 4489 illam
1947 4449 2220 4488 accessum
2247 4477 2260 4498 ,
2295 4444 2352 4487 et

2428 655 2590 708 αὑτὸν
2631 657 2724 708 καὶ
2767 657 2906 727 ὑπὲρ
2940 657 3156 710 πάντων
3181 651 3424 706 δεδόσθαι
3478 646 3680 715 φαμὲν,
3720 641 3876 695 καθά
3921 640 4016 690 καὶ

2430 748 2592 811 αὑτός
2625 747 2726 800 πού
2757 764 2918 817 φησιν
2943 763 2956 776 ο
2994 765 3012 797 ι
3049 744 3204 798 Οὕτω
3233 743 3340 812 γὰρ
3370 738 3655 808 ἠγάπησεν
3690 735 3718 787 6
3752 731 3894 793 Θεὸς
3925 730 4015 781 τὸν

2431 839 2656 908 κόσμον,
2688 838 2827 892 ὥστε
2870 838 2960 890 τὸν
2990 836 3117 889 Υἰδν
3157 832 3323 888 αὐτοῦ
3359 832 3449 884 τὸν
3488 828 3748 898 μονογενῆ
3783 824 4012 880 ἔδωκεν.

2433 929 2519 982 ἵνα
2553 931 2658 992 πᾶς
2687 931 2714 982 6
2747 928 3012 981 πιστεύων
3040 927 3118 988 εἰς
3147 924 3307 978 αὐτὸν
3339 923 3414 992 μὴ
3443 919 3732 986 ἀπόληται,
3767 913 3890 967 ἀλλ’
3918 913 4016 980 ἔχῃ

2434 1018 2578 1090 ζωὴν
2611 1018 2846 1072 αἰώνιον.
2887 1038 2906 1070 ›
2945 1016 3254 1085 Μονογενὴς
3288 1012 3385 1084 μὲν
3407 1007 3498 1064 οὖν
3526 1012 3554 1063 6
3589 1007 3769 1069 δοθείς
3792 1021 3808 1036 ο
3837 1003 4012 1070 ἀνέφυ

2433 1111 2541 1181 γὰρ
2576 1111 2734 1181 μόνος
2768 1114 2832 1164 ὲκ
2875 1111 2974 1180 τῆς
2999 1109 3090 1162 τοῦ
3123 1108 3258 1160 Θεοῦ
3298 1106 3390 1158 καὶ
3416 1102 3628 1171 Πατρδς
3665 1098 3863 1160 οὐσίας
3897 1097 3929 1148 6
3958 1093 4016 1158 ἐξ

2433 1201 2594 1254 αύτοῦ
2624 1218 2682 1254 τε
2713 1201 2806 1254 καὶ
2834 1201 2892 1252 ἰν
2921 1198 3069 1268 αύτῷ
3105 1198 3294 1266 Λόγος.
3339 1192 3558 1261 Ἐπειδὴ
3581 1191 3638 1243 δὲ
3667 1189 3902 1256 γέγονεν
3925 1184 4015 1238 άνο

2436 1293 2674 1362 θρωπος,
2697 1290 2872 1363 ταύτῃ
2899 1308 2978 1344 τοι.
3007 1288 3104 1359 τὴν
3143 1289 3223 1350 εἰς
3259 1286 3422 1339 αὒτδν
3454 1281 3758 1350 ποιούμεθα
3805 1279 4012 1339 πίστιν,

2434 1383 2526 1437 τὸν
2560 1381 2702 1435 κατὰ
2733 1381 2909 1452 σάρκα
2942 1381 3169 1434 θάνατον
3198 1376 3363 1431 αὑτοῦ
3401 1371 3890 1440 καταγγέλλοντες,
3924 1369 4015 1420 καὶ

2436 1471 2820 1544 ὁμολογοῦντες
2865 1471 2962 1541 τὴν
2996 1471 3292 1523 ἀνάστασιν
3314 1483 3326 1494 ·
3357 1465 3446 1519 τὸν
3484 1463 3644 1516 αὑτὸν
3683 1461 3892 1522 είδότες
3922 1458 4014 1510 καὶ

2436 1561 2763 1632 προαιὼνιον
2797 1560 2944 1623 Υἰδν,
2976 1560 3070 1614 καὶ
3099 1560 3158 1612 ὲν
3201 1557 3450 1627 ἐσχάτοις
3482 1554 3692 1623 καιροῖς
3719 1549 4014 1619 ἄνθρωπον

2437 1653 2815 1724 οἰκονομικῶς,
2860 1652 3098 1706 παθόντα
3142 1667 3202 1703 τε
3244 1648 3407 1719 σαρκὶ
3450 1646 3516 1698 δι’
3546 1645 3692 1714 ἡμᾶς
3723 1642 3820 1694 τὸν
3849 1640 4014 1692 θάνα-

2437 1761 2547 1807 τον,
2581 1743 2674 1795 καὶ
2695 1743 3062 1813 ἐγηγερμένον
3088 1744 3152 1794 ὲκ
3171 1740 3398 1808 νεκρῶν.
3438 1735 3579 1788 Ἀλλ’
3614 1736 3712 1786 οὐκ
3739 1727 3842 1784 οἷδ’
3869 1731 4014 1791 ὅπως

2439 1839 2551 1897 τοῖς
2583 1838 2712 1907 παρ’
2747 1836 2903 1906 ἡμῶν
2947 1833 3276 1904 ἐπασχάλλει
3304 1831 3484 1898 λόγοις
3521 1830 3550 1882 6
3594 1829 3692 1897 τῆς
3737 1822 4014 1878 Ἰουδαίων

2442 1927 2682 1997 ἀμαθίας
2712 1928 3008 1998 συνήγορος
3029 1942 3043 1956 ’
3074 1925 3179 1994 ἔφη
3217 1921 3326 1992 γὰρ
3355 1921 3515 1975 πάλιν
3535 1935 3550 1949 ο

2513 2018 2657 2089 [Ὅτι
2697 2019 2795 2088 μὲν
2820 2013 2911 2071 οὖν
2935 2017 3028 2070 εἰ,πί⁸
3056 2017 3158 2083 τῆς
3199 2015 3501 2082 γεννήσεως
3525 2008 3624 2078 τῆς
3656 2008 3719 2059 ὲκ
3751 2005 3858 2073 τῆς
3881 2004 4015 2072 Χριο

2442 2110 2695 2162 στοτόκου
2741 2108 3014 2180 Παρθένου
3041 2105 3224 2175 τίθησι
3265 2102 3345 2166 τὸ,
3380 2101 3530 2162 Υἱός,
3565 2100 3597 2167 ἠ
3631 2097 3752 2150 θεία
3799 2093 4012 2165 Γραφὴ,

2439 2201 2840 2272 δεδηλώκαμεν.
2875 2201 3140 2252 Ἀκουσον
3183 2195 3240 2248 δὲ
3273 2193 3367 2246 καὶ
3416 2189 3508 2244 ἐπὶ
3533 2187 3627 2242 τοῦ
3668 2185 3925 2247 θανάτου,
3966 2185 4012 2234 εἰ

2441 2294 2558 2346 ἐστι
2601 2291 2731 2345 ποτὲ
2767 2289 3018 2360 κείμενος
3061 2288 3089 2339 ὁ
3121 2285 3272 2348 Θεός,
3317 2282 3405 2335 ἵνα
3453 2277 3694 2347 παθητὸν
3739 2276 3834 2329 τὸν
3883 2273 4014 2326 Θεὸν

2442 2383 2822 2451 εἰσαγάγωμεν
2843 2396 2856 2410 ·
2892 2395 2910 2429 ι
2961 2376 3199 2447 Ἐχθροί,
3234 2371 3433 2443 φησιν,
3479 2369 3630 2431 ὅντες
3669 2364 4013 2437 κατηλλάγη·

2446 2487 2545 2542 μεν
2571 2470 2648 2540 τῷ
2671 2469 2789 2540 Θεῷ
2813 2467 2900 2521 διὰ
2924 2466 3021 2520 τοῦ
3055 2464 3283 2524 Θανάτου
3315 2459 3408 2514 τοῦ
3441 2456 3572 2512 Υἱοῦ
3606 2455 3796 2513 αὑτοῦ,
3845 2472 3864 2505 ι
3904 2451 4013 2504 Οὐκ

2444 2560 2586 2626 εἷπε,
2613 2562 2702 2615 διὰ
2725 2560 2816 2614 τοῦ
2853 2559 3081 2614 Θανάτου
3107 2554 3200 2609 τοῦ
3229 2553 3365 2606 Θεοῦ
3399 2547 3636 2620 Λόγου.]

3037 2692 3286 2748 ΚΕΦΑΛ.
3330 2691 3409 2743 A'.

2527 2812 2751 2884 Ἀληθὲς
2783 2813 2862 2865 ὅτι
2889 2809 3030 2864 κατὰ
3057 2808 3117 2862 τὺ
3150 2801 3536 2877 γεγραμμένον
3563 2797 3704 2850 ἐστί·
3741 2816 3758 2847 ι
3801 2795 4014 2884 Δίκαιος

2445 2882 2818 2975 ἀπολλύμενος
2864 2905 2919 2956 ἐν
2969 2899 3160 2970 δικαίῳ
3207 2893 3394 2950 αὐτοῦ.
3434 2912 3453 2946 ι
3497 2889 3788 2959 Ἀποφέρει
3837 2886 3893 2938 δὲ
3923 2882 4010 2937 τοῦ

2445 2999 2672 3062 εἰκότος,
2704 2997 2798 3050 καὶ
2825 2995 2914 3047 τὸν
2955 2989 3014 3047 εὖ
3057 2989 3327 3060 βεσηκότα
3375 2985 3520 3046 νοῦν,
3547 2983 3645 3051 τὴν
3687 2980 3779 3032 τοῦ
3815 2975 4011 3045 cup?!-

2448 3105 2630 3162 ροντος
2665 3088 2881 3157 δόκησιν
2909 3084 3218 3154 ὑποτρέχων
3257 3079 3366 3131 ἔσθ’
3391 3080 3500 3136 ὅτε,
3535 3076 3594 3128 τὸ
3622 3072 3866 3162 πεφυκὸς
3899 3067 4008 3162 66'.-

2448 3159 2583 3234 κεῖν.
2617 3179 2800 3231 Distat
2835 3176 2931 3246 μὲν
2961 3174 3068 3244 γὰρ
3097 3173 3155 3225 ού
3199 3169 3435 3242 μετρίως
3466 3164 3727 3225 ειῦσεὸεῖν,
3763 3160 3824 3212 τὸ
3854 3159 4008 3209 πᾶσιν

2447 3267 2874 3341 ὁμολογούμενον
2896 3265 3184 3336 κρατύνειν
3207 3259 3518 3330 ἐπιχειρῶνυ
3537 3256 3706 3324 ταύτῃ
3721 3269 3803 3306 τοι
3822 3250 4006 3316 λέγων,

2553 3361 2694 3414 κατὰ
2744 3357 2906 3427 φύσιν
2956 3355 3089 3409 ἰδίαν
3121 3351 3375 3406 ὲπέκεινά
3406 3349 3466 3401 τέ
3510 3350 3626 3401 ἐστι
3685 3342 3896 3401 παθῶν,
3923 3338 4008 3390 καὶ

2447 3452 2677 3505 θανάτου
2707 3449 2973 3519 κρείττων
3000 3447 3073 3509 ὡς
3103 3446 3234 3506 Θεὸς
3263 3446 3290 3496 6
3323 3443 3386 3494 ὲκ
3415 3439 3546 3492 Θεοῦ
3589 3436 3799 3505 Πατρδς
3827 3434 4007 3498 Λόγος

2446 3541 2665 3611 τεθναίη
2693 3542 2799 3610 γὰρ
2823 3539 2888 3592 ἂν
2913 3536 3055 3590 κατά
3083 3553 3203 3589 τινα
3226 3533 3426 3604 τρόπον
3453 3533 3485 3601 ή
3518 3529 3666 3598 ζωήέ
3693 3520 4008 3598 προσκρούει

2449 3649 2512 3700 γε
2545 3632 2648 3702 μὴν
2669 3632 2822 3684 οὐδὲν
2852 3624 3014 3699 ἦττον
3044 3627 3136 3680 καὶ
3180 3625 3273 3676 νῦν
3303 3627 3414 3686 τοῖς
3455 3623 3553 3690 τῆς
3589 3617 3909 3687 ’[ἰκλησίας
3935 3613 4010 3664 δό-

2448 3741 2645 3792 γμασι,
2673 3723 2771 3792 τῆς
2804 3721 2940 3790 μετὰ
2970 3718 3170 3789 σαρκὸς
3201 3715 3510 3785 οἰκονομίας
3543 3711 3634 3765 τοῦ
3683 3704 4009 3775 Μονογενοῦς

2449 3817 2527 3878 εἰς
2559 3815 2704 3869 ἆπαν
2751 3809 3083 3883 ἠφειδηκὼς,
3136 3807 3354 3862 καὶτοῦ
3399 3805 3695 3877 μυστηρίου
3737 3803 3798 3854 τὸ
3857 3797 4004 3869 βάθος

2449 3908 2570 3959 κατ’
2604 3906 2792 3958 ούδένα
2837 3903 3034 3974 τρόπον
3063 3900 3278 3954 ἐννοῶν.
3311 3899 3372 3952 Et
3413 3900 3506 3967 μὲν
3530 3893 3836 3962 ἐξετάζοιτο
3880 3887 4003 3958 πρὸς

2451 3994 2608 4064 ἡμῶν
2641 3993 2799 4046 ὁποία
2819 3992 2901 4052 τίς
2933 3993 3078 4043 ἐστιν
3109 3991 3141 4059 ὴ
3168 3987 3261 4040 τοῦ
3285 3987 3455 4054 Λόγου
3485 3984 3664 4052 φύσις,
3691 3985 3857 4052 ἤγουν
3883 3979 4005 4046 ἐρω-

2455 4087 2632 4157 μένοις
2675 4085 2768 4137 καὶ
2817 4082 3113 4151 άναμαθεῖν
3161 4079 3431 4132 ἐθέλουσιν
3473 4077 3696 4145 ἑτέροις,
3743 4074 3883 4142 ἡμᾶς
3929 4065 4001 4127 ἐξ

2452 4173 2699 4245 ηγεῖσθαι
2731 4173 2833 4243 χρή
2858 4189 2871 4202 ο
2914 4169 2980 4242 ἦν
3011 4171 3072 4242 δή
3111 4187 3212 4222 που
3245 4169 3460 4229 πάντως
3488 4165 3777 4219 ἀκόλουθόν
3819 4179 3876 4214 τε
3924 4158 4008 4210 καὶ

2453 4267 2768 4334 ἀναγκαῖον,
2809 4263 2895 4316 διά
2928 4265 3107 4332 πάσης
3136 4260 3341 4322 ἐννοίας
3381 4257 3550 4326 σοφῆς
3580 4272 3637 4307 τε
3671 4255 3766 4306 καὶ
3792 4245 4010 4318 ἀληθοῦς

2457 4357 2593 4409 ἰέναι
2641 4353 3059 4417 σπουδάζοντας,
3113 4351 3404 4422 ἀπρόσιτον
3453 4345 3619 4415 αὐτὴν
3671 4343 3753 4411 τῷ
3811 4338 4006 4401 θανάτῳ

2453 4446 2735 4507 δεικνύειν,
2767 4446 2860 4498 καὶ
2887 4443 3074 4497 παθῶν
3103 4444 3182 4505 εἰς
3209 4442 3352 4494 ἆπαν
3392 4436 3834 4507 ἀπηλλαγμένην.
3873 4428 4007 4482 Ἐπεὶ

784 4528 835 4579 in
859 4528 1166 4580 universum
1193 4543 1220 4579 a
1246 4527 1585 4596 passionibus
1606 4541 1724 4580 esse
1747 4534 2006 4580 remotam
2037 4526 2340 4579 ostendere.

2453 4542 2507 4593 δὲ
2538 4542 2564 4593 6
2587 4541 2684 4607 τῆς
2723 4538 3186 4607 ὲνανθρωπήσεως
3217 4534 3416 4604 τρόπος
3449 4532 3660 4584 δίδωσιν
3689 4527 3835 4597 αύτῷ
3862 4523 3917 4575 τό
3951 4536 4004 4585 γε

784 4618 1052 4682 Quoniam
1091 4633 1218 4671 vero
1248 4619 1437 4671 modus
1461 4633 1569 4685 quo
1593 4617 1682 4671 ille
1711 4615 1884 4670 factus
1916 4625 1997 4669 est
2027 4616 2207 4679 homo,
2237 4615 2350 4668 elli-

784 4710 893 4770 cit,
949 4709 1088 4776 quod
1146 4707 1213 4761 ad
1264 4708 1502 4760 rationes
1545 4706 1962 4776 dispensationis
2012 4705 2235 4768 attinet,
2294 4713 2352 4756 nt

783 4799 995 4850 etiamsi
1039 4811 1202 4852 carne
1254 4799 1388 4852 mori
1421 4798 1569 4862 velit,
1626 4797 1759 4851 nihil
1806 4798 1857 4851 in
1895 4797 2108 4865 propria
2163 4806 2349 4849 natura

787 4891 1022 4958 patiatur
1047 4906 1062 4954 ;
1094 4905 1190 4944 cur
1224 4905 1322 4944 nos
1347 4890 1546 4958 spolias
1575 4891 1954 4959 pulcherrimis
1980 4889 2354 4959 ornamentis?

784 4983 992 5037 Audisti
1031 4999 1263 5050 namque
1293 4985 1555 5038 dicentem
1587 4997 1599 5034 :
1644 5001 1661 5032 ι
1692 4981 1884 5036 Pastor
1915 4981 2088 5036 bonus
2117 4982 2350 5034 animam

786 5089 940 5127 suam
981 5075 1133 5142 ponit
1177 5089 1282 5141 pro
1302 5075 1493 5128 ovibus
1526 5075 1590 5128 “.
1633 5093 1651 5124 ι
1687 5072 1853 5142 Igitur
1910 5074 2120 5126 etiamsi
2166 5088 2355 5142 passus

785 5183 906 5222 esse
936 5167 1168 5230 dicatur,
1198 5165 1581 5235 bnpassibilem
1616 5166 1862 5220 novimus
1903 5173 1962 5216 nt
2013 5163 2200 5229 Deum,
2233 5179 2356 5234 pas-

792 5273 909 5311 sum
949 5272 1070 5311 vero
1107 5273 1223 5311 esse
1266 5267 1489 5310 mortem
1527 5255 1918 5324 dispensatorie
1949 5271 2040 5309 sua
2084 5269 2247 5309 carne
2277 5257 2357 5310 di-

786 5350 980 5413 cimus,
1013 5358 1089 5412 ut,
1151 5360 1321 5404 morte
1388 5348 1615 5411 calcata,
1658 5357 1712 5401 et
1757 5361 2044 5416 resurgens
2088 5357 2358 5415 quatenus

2453 4625 2586 4701 ἦκον
2612 4630 2691 4691 εἰς
2715 4628 2840 4688 τοὺς
2865 4626 2966 4695 τῆς
2993 4623 3302 4693 οἰκονομίας
3325 4621 3536 4688 λόγους,
3562 4619 3622 4670 τὸ
3651 4617 3756 4670 κᾶν
3783 4617 3829 4667 εἰ
3852 4613 4008 4663 ἕλοιτο

2453 4720 2706 4773 τεθνάναι
2753 4715 2936 4788 σαρκὶ,
2973 4714 3136 4785 μηδὲν
3185 4713 3260 4775 εἰς
3314 4711 3446 4762 ἰδίαν
3485 4709 3774 4776 ὑπομεῖναι
3824 4701 4002 4771 φύσιν·

2454 4812 2506 4862 τί
2536 4810 2643 4862 τῶν
2671 4808 2970 4860 καλλίστων
3001 4806 3146 4874 ἡμᾶς
3200 4801 3533 4872 αὐχημάτων
3567 4796 3908 4866 ἀποστερεῖςς
3933 4793 4008 4839 Δι’

2461 4900 2668 4952 επύθου
2702 4899 2809 4968 γὰρ
2831 4896 3097 4964 λέγοντος,
3128 4913 3145 4944 ι
3167 4894 3228 4945 Ὀ
3252 4893 3454 4962 ποιμὴν
3480 4891 3507 4942 6
3535 4889 3699 4951 καλὸς
3730 4887 3821 4956 τὴν
3849 4880 4006 4952 ψυχὴν

2459 4991 2656 5045 ἑαυτοῦ
2706 4989 2917 5058 τίθησιν
2959 4987 3100 5056 ὑπὲρ
3134 4984 3243 5036 τῶν
3284 4982 3591 5053 προϐάτων.
3626 4999 3644 5030 ι
3686 4975 3889 5032 Οὐκοῦν
3917 4970 4006 5067 κοᾶν

2458 5083 2506 5135 εί
2536 5081 2746 5147 λέγοιτο
2779 5078 2990 5139 παθεῖν,
3017 5076 3201 5144 ἀπαθῆ
3235 5074 3329 5144 μὲν
3355 5075 3511 5142 ίσμεν
3533 5072 3607 5134 ὼς
3647 5071 3801 5130 Θεὸν,
3827 5078 4003 5118 πεπονο

2461 5173 2614 5225 θέναι
2645 5171 2700 5223 δέ
2728 5187 2904 5239 φαμεν
2939 5165 3293 5237 οἰκονομικῶς
3329 5165 3436 5235 ἰδίᾳ
3468 5164 3633 5233 σαρκὶ
3662 5163 3754 5214 τὸν
3781 5158 4002 5211 θάνατον.

2461 5263 2830 5332 ῖνα.πατήσας
2862 5261 3040 5322 αὑτὸν,
3072 5259 3164 5312 καὶ
3195 5253 3581 5325 ἐγηγερμένος,
3615 5252 3750 5305 καθὸ
3787 5247 4002 5332 πέφυκεν

2461 5348 2597 5404 εἶναι
2624 5353 2736 5421 ζωὴ
2759 5350 2852 5404 καὶ
2879 5349 3160 5412 ζωοποιὸς,
3183 5341 3648 5416 μεταστοιχειώσῃ
3673 5340 3803 5413 πρὸς
3827 5331 4004 5403 ἀῆῦθαίζ

857 5505 899 5536 ³¹
936 5501 1094 5558 Joan.
1129 5517 1214 5569 ιιι,
1257 5501 1344 5556 16.
1422 5503 1466 5533 ³⁸
1496 5503 1652 5556 Rom.
1687 5517 1740 5569 ν,
1773 5503 1857 5558 l0.
1940 5504 1984 5535 ³³
2027 5505 2206 5560 Eccle.
2249 5521 2342 5570 vn.

2453 5545 2466 5560 .
2542 5504 2757 5561 “Joan.
2778 5523 2831 5573 ι,
2862 5505 2950 5560 ll.

2051 5658 2209 5714 ANT.
2241 5659 2509 5715 AGELLH
2542 5659 2775 5716 NOTAE.

859 5820 968 5892 ('54)
1001 5817 1182 5878 Melius
1235 5817 1463 5876 fortasse
1505 5828 1833 5884 verteretur,
1859 5819 1994 5885 quod
2031 5829 2212 5878 suamc
2249 5830 2436 5875 natura
2470 5822 2682 5875 noxium
2715 5827 2813 5875 cat.
