4104 6476
167 420 245 475 Si?)
1194 429 1566 488 ADVERSUS
1602 433 2002 494 NESTORIUM
2043 440 2173 496 LlB.
2215 442 2280 497 ν.

165 536 256 588 σίαν
283 535 333 588 τὸ
361 535 576 608 θανάτῳ
631 543 1104 614 τυραννούμενον,
1135 549 1398 614 τουτέστι,
1434 551 1494 603 τὸ
1527 551 1699 621 σῶμα.

1814 567 2001 626 suapte
2037 569 2227 616 natura
2266 562 2374 616 vita
2405 571 2488 618 est
2514 580 2574 620 ac
2605 567 2910 632 viviﬁcans,
2947 567 3263 627 rel'ormaret
3297 578 3362 630 ad

162 625 284 678 Οὕτω
307 643 359 678 τε
393 630 486 680 καὶ
531 634 616 694 εἰς
651 635 814 703 ἡμᾶς
843 638 876 705 ἡ
910 634 1000 688 τοῦ
1042 639 1457 709 κατορθώματος
1496 643 1712 713 διατρέ-

1813 647 2264 717 incorruptionem
2295 654 2344 707 id
2378 656 2518 724 quod
2544 659 2731 712 mortis
2760 660 3038 730 tyrannide
3062 662 3361 730 tenebatur,

158 733 219 786 χει
247 717 479 790 δύναμις,
527 723 615 785 είς
663 724 822 778 ἆπαν
872 728 1213 800 ἐκτεινομένη
1267 731 1324 782 τὸ
1372 732 1548 799 γένος.
1599 734 1699 786 Kal

1812 736 1860 789 id
1891 747 1974 792 est
2005 754 2218 810 corpus.
2250 741 2326 796 ita
2361 717 2412 797 in
2442 759 2539 800 nos
2572 746 2714 815 ipsos
2742 717 2952 819 quoque
2975 752 3055 806 vis
3083 752 3198 823 ejus
3235 717 3366 826 ope:

156 807 257 873 γοῦν
287 813 312 862 6
341 811 638 876 Θεσπέσιος
688 815 908 881 Παῦλος
928 836 941 849 ο
979 837 998 870 ι
1047 820 1185 888 Ἐγὼ
1211 822 1299 876 διὰ
1333 823 1520 893 νόμου,
1552 827 1703 896 φησὶ,

155 898 272 968 νόμῳ
309 900 604 965 ἀπέθανον,
643 904 746 958 ἵνα
771 906 888 978 Θεῷ
934 910 1082 976 ζήσω
1107 927 1121 939 ·
1153 912 1371 983 Χριστῷ
1416 916 1706 968 συνεσταύ-

153 1000 317 1073 ρωμαι.
344 987 428 1039 Ζῶ
447 988 529 1050 δὲ,
557 990 762 1045 οὐκέτι
801 995 931 1062 ἐγὼ,
968 997 1033 1067 ζῇ
1064 997 1119 1050 δὲ
1143 999 1200 1051 έν
1226 1001 1350 1069 ἐμοὶ
1375 1001 1402 1052 ὁ
1434 1003 1666 1073 Χριστός
1688 1022 1703 1037 ο

149 1069 256 1141 ᾦδὲ
303 1077 394 1130 νῦν
424 1079 528 1144 ζῶ,
568 1083 632 1135 ὲν
689 1085 874 1139 πίστει
917 1087 1012 1154 ζῶ,
1043 1090 1100 1142 ὲν
1135 1091 1298 1161 σαρκὶ
1325 1096 1392 1162 τῇ
1438 1069 1539 1147 τοῦ.
1571 1095 1701 1149 Υἱοῦ

149 1167 219 1218 τοῦ
243 1168 363 1222 Θεοῦ
389 1170 485 1223 τοῦ
516 1173 924 1244 ἀγαπήσαντός
962 1196 1050 1248 με,
1083 1182 1177 1234 καὶ
1206 1184 1537 1252 παραδόντος
1572 1188 1702 1238 ἑαυ-

147 1258 216 1310 τὸν
249 1261 376 1330 ὑπὲρ
403 1263 569 1331 ἐμοῦ.
602 1267 729 1320 Οὐκ
757 1269 931 1322 ἀθετῶ
957 1270 1053 1341 τὴν
1082 1273 1240 1342 χάριν
1258 1275 1351 1327 τοῦ
1382 1276 1537 1330 Θεοῦ.
1574 1297 1592 1329 ι
1628 1280 1702 1331 Οὐ

143 1348 228 1418 γάρ
269 1349 341 1402 ἔτι
373 1350 474 1421 τὴν
529 1353 684 1409 ίδίαν
728 1357 1000 1429 διαζῶμεν
1031 1359 1195 1433 ζωὴν,
1229 1365 1328 1436 τὴν
1373 1367 1608 1438 Χριστοῦ
1646 1370 1702 1423 δὲ

145 1438 335 1530 μᾶλλον,
377 1442 476 1494 καὶ
531 1443 700 1499 ἐστιν
747 1448 965 1520 ἀληθὲς,
994 1452 1069 1516 ὡς
1103 1473 1120 1505 ι
1150 1451 1245 1520 Εἷς
1293 1457 1432 1530 ὑπὲρ
1487 1461 1701 1516 πάντων

142 1529 400 1596 ἀπέθανεν,
438 1533 531 1587 ἵνα
560 1537 618 1589 οἱ
654 1537 858 1603 ζῶντες
889 1544 1084 1611 μηκέτι
1109 1545 1319 1610 ἑαυτοῖς
1348 1529 1532 1615 ζῶσιν,
1567 1552 1703 1607 ἀλλὰ

230 1621 360 1714 ὑπὲρ
388 1626 581 1681 αὐτῶν
631 1629 988 1698 ἀποθανόντι,
1031 1637 1127 1690 καὶ⁵
1170 1639 1465 1709 ἐγερθέντι.
1505 1661 1523 1694 ι
1567 1645 1703 1714 Πρὶν

142 1709 339 1783 μὲνγὰρ
362 1715 494 1784 ἡμῖν
536 1718 858 1790 ἐπιλάμψαι
883 1723 974 1778 τὸν
1015 1730 1275 1799 μονογενῆ
1306 1730 1400 1783 τοῦ
1440 1731 1574 1786 Θεοῦ
1607 1709 1703 1787 [ld-

139 1814 232 1894 γον,
264 1803 474 1876 ἀμαθία
506 1809 613 1862 καὶ
661 1810 840 1881 σκότῳ
883 1818 1301 1887 κεκρατημένοι,
1338 1822 1553 1876 καὶτὸν
1597 1826 1699 1894 τῆς

139 1892 376 1987 ἁμαρτίας
407 1897 642 1969 ἔχοντες
677 1900 862 1970 ζυγὸν,
888 1905 979 1957 καὶ
1002 1906 1334 1975 άνάπτοντες
1361 1913 1592 1980 ἀνοσίως
1626 1892 1691 1987 τῇ

139 1982 292 2077 κτίσει
311 1989 370 2039 τὸ
401 1990 600 2057 σέόας,
639 1993 791 2064 παρὰ
820 1994 910 2048 τὸν
939 1997 1163 2070 κτίστην
1190 2002 1285 2055 καὶ
1313 2007 1564 2077 ποιητὴν,
1601 1982 1694 2061 καί

138 2075 224 2165 πᾶν
245 2071 379 2141 εἶδος
409 2081 764 2154 φαυλότητος
804 2085 1222 2159 ἀνεπιπλήκτως
1267 2071 1692 2165 ὲπιτηδεῦοντες,

138 2163 182 2212 ὲν
222 2165 497 2223 διαστάσει
561 2173 909 2243 διετελοῦμεν
955 2179 1004 2229 οί
1053 2179 1303 2245 τάλανες,
1350 2185 1520 2254 ἐχθρὰ
1561 2163 1697 2258 φροέ

138 2254 326 2320 νοῦντες
370 2259 548 2330 αὐτῷ.
608 2263 1051 2336 Κατηλλάγμεθα
1098 2269 1155 2322 δὲ
1193 2271 1281 2323 διὰ
1319 2273 1414 2326 τοῦ
1463 2254 1693 2331 θανάτου

138 2345 210 2397 τοῦ
264 2347 390 2400 Υίοῦ
461 2352 679 2416 αὐτοῦ,
743 2354 882 2409 καθὰ
935 2358 1265 2428 γέγραπται.
1316 2365 1389 2419 Σὺ
1426 2364 1482 2418 δὲ
1535 2368 1695 2422 πάλιν

137 2435 434 2528 ίν-σμικρῷ
487 2444 792 2514 πεποίησαι
840 2447 998 2519 λόγῳ,
1047 2451 1106 2503 τὸ
1150 2453 1380 2524 άληθές’
1417 2457 1511 2509 καὶ
1560 2459 1696 2528 ἀχά-

139 2523 257 2578 λινον
309 2533 387 2592 είς
443 2533 730 2602 ὲξιτηλίαν
777 2538 1092 2607 ἀποφαίνων
1140 2544 1272 2612 ἡμῖν
1324 2545 1415 2598 τὸν
1466 2548 1693 2602 σεαυτοῦ

141 2615 305 2710 λόγον,
369 2623 756 2694 κατηλλάχθαι
820 2629 925 2698 φὴς
991 2632 1067 2702 τῷ
1137 2634 1254 2705 Θεῷ
1301 2638 1392 2689 τὸν
1456 2639 1691 2710 κόσμον,

141 2709 188 2759 ob
215 2709 294 2764 διά
334 2731 397 2780 γε
428 2715 528 2769 τοῦ
561 2718 919 2786 Μονογενοῦς,
966 2724 1229 2790 τουτέστι,
1265 2727 1357 2780 τοῦ
1391 2730 1455 2782 ὲκ
1485 2709 1695 2803 Πατρὸς

145 2798 310 2864 given;
342 2806 543 2873 Λόγου.
593 2809 831 2871 Ἀκούων
871 2811 925 2864 δὲ
976 2812 1205 2867 θάνατον
1236 2818 1328 2869 τοῦ
1381 2819 1531 2885 Υἱοῦ,
1577 2798 1695 2875 εἶτα

146 2892 444 2962 βασανίζων,
486 2899 568 2962 ὡς
609 2901 732 2966 οἴει,
781 2902 990 2966 λεπτῶς
1038 2906 1139 2970 τὰς
1167 2906 1260 2960 τοῦ
1292 2908 1552 2983 θεηγόρου
1585 2931 1696 2982 φω-

146 2982 240 3045 νὰς,
275 2986 332 3037 οὐ
367 2989 698 3055 κατέδεισας
736 2995 941 3047 εἰπεῖν’
980 2994 1113 3067 [Οὐκ
1162 2997 1287 3068 ἔφη,
1335 2999 1423 3054 διὰ
1461 2982 1557 3060 τοῦ
1597 3003 1697 3056 θα-

148 3071 280 3125 νάτου
306 3075 396 3128 τοῦ
432 3080 574 3133 Θεοῦ
615 3081 838 3152 Λόγου.]
873 3082 1003 3138 Εἶτα
1033 3086 1148 3149 πῶς
1174 3084 1264 3158 ἦν,
1299 3091 1419 3143 είπέ
1459 3109 1570 3161 μοι,
1606 3112 1691 3147 σο-

148 3162 259 3276 ξδςέ
311 3167 512 3234 μᾶλλον
580 3170 640 3224 δὲ
705 3173 822 3236 πῶς
874 3175 970 3244 οὐχ
1029 3176 1244 3248 ἁπάσης
1303 3181 1698 3253 ὲμόροντησίας
1725 3220 1766 3276 C

150 3251 368 3321 ἔμπλεως
394 3262 422 3312 6
459 3263 670 3316 τοιόσδε
705 3265 893 3332 λόγος;
922 3265 1146 3334 Θανάτῳ
1176 3269 1284 3339 γὰρ
1308 3272 1535 3342 κάτοχον
1563 3251 1695 3328 άπο-

151 3342 292 3412 φῆναι
330 3351 425 3420 τὴν
459 3351 630 3424 ζωὴν,
669 3355 787 3418 πῶς
821 3352 889 3426 ἦν
922 3357 1240 3426 ἀκόλουθον;
1281 3363 1402 3414 είπέ
1434 3381 1565 3433 μοι·
1603 3366 1696 3418 καὶ

151 3433 228 3526 τῆς
251 3439 314 3488 τὰ
335 3441 518 3495 πάντα
548 3445 920 3517 ζωογονούσης
953 3450 1167 3517 φύσεως
1199 3455 1569 3522 κατηγορῆσαι
1599 3456 1695 3526 τὴν

152 3524 350 3596 φθοράν,
385 3532 508 3594 πῶς
554 3535 654 3586 οὐκ
701 3536 1046 3607 ἀπόπληκτον
1081 3541 1296 3610 κομιδῇ,
1338 3543 1431 3594 καὶ
1477 3544 1574 3613 τῆς
1617 3524 1694 3608 είς

151 3612 274 3683 λῆξιν
301 3622 546 3694 ἡκούσης
577 3625 887 3698 δυσφημίας
929 3629 1205 3700 ἐπίϐλημα
1235 3632 1346 3701 (55)
1383 3612 1576 3701 γένοιτ’
1604 3637 1691 3702 ἂν,

154 3709 229 3758 καὶ
257 3713 394 3779 μάλα
428 3717 689 3782 είκότως;
724 3719 926 3773 Οὐκοῦν
959 3722 1156 3791 ἥκιστα
1188 3722 1285 3791 μὲν
1315 3726 1432 3786 ταῖς
1472 3728 1587 3788 σαῖς
1615 3728 1694 3789 είς

153 3798 283 3851 τοῦτο
304 3808 700 3875 περιεργείαις,
730 3810 900 3878 ήγουν
920 3813 1318 3881 εἰκαιομυθίαις
1338 3817 1365 3867 6
1393 3816 1502 3868 τῶν
1524 3818 1693 3884 ἁγίων

155 3887 311 3946 ἕπεται
342 3898 504 3962 νοῦς·
540 3896 645 3953 οἶδε
675 3901 750 3964 δὲ,
788 3899 894 3955 οἶδε
947 3903 1186 3957 παθόντα
1236 3907 1400 3975 σαρκὶ
1443 3907 1508 3958 δι’
1549 3910 1694 3976 ἡμᾶς

154 3978 226 4031 τόν
248 3987 334 4037 τοῦ
390 3989 532 4043 Θεοῦ
570 3993 761 4060 Λόγον,
808 3994 903 4047 καὶ
945 3995 1023 4065 τῷ
1057 3996 1269 4067 θανάτῳ
1297 3998 1391 4052 τοῦ
1428 4000 1557 4052 ἰδίου
1592 3999 1694 4052 σώ-

158 4084 296 4158 ματος
333 4077 637 4146 κεκληκότα
660 4081 749 4133 τὸν
779 4081 979 4152 κόσμον
1005 4085 1084 4146 είς
1113 4083 1404 4153 διαλλαγὰς
1437 4088 1533 4149 τὰς
1558 4090 1692 4158 πρός

157 4157 204 4219 γέ
228 4177 355 4229 φημι
381 4167 476 4218 τὸν
505 4168 561 4216 ὲν
581 4171 688 4230 τοῖς
711 4169 956 4238 οὐρανοῖς
988 4173 1224 4244 Πατέρα.
1263 4177 1368 4228 Καὶ
1409 4177 1540 4243 γοῦν
1586 4157 1688 4248 ἔφη

159 4261 242 4299 που
269 4253 388 4321 πρὸς
419 4256 525 4309 ἕνα
555 4257 661 4310 τῶν
684 4259 852 4326 ἁγίων
873 4262 1125 4332 μαθητῶν
1148 4265 1274 4328 τοὺς
1292 4264 1478 4332 λόγους
1507 4266 1691 4320 ποιού-

1809 829 1885 882 ris
1916 833 2172 895 recurrit,
2215 835 2336 886 dum
2373 835 2425 889 in
2474 837 2781 892 universum
2826 855 2994 909 genus
3037 845 3363 900 extenditur.

1807 920 1874 974 Et
1921 931 2070 978 certe
2112 924 2300 980 beatus
2334 925 2532 984 Paulus
2562 929 2639 983 ait
2670 946 2685 982 :
2718 948 2736 982 ι
2763 930 2873 998 Ego
2913 947 3010 1001 per
3043 934 3213 1005 legem
3261 937 3363 1007 legi

1807 1024 2050 1068 mortuus
2080 1031 2220 1081 sum,
2262 1026 2319 1071 ut
2361 1019 2534 1073 vivam
2567 1022 2672 1075 Deo
2702 1037 2714 1073 :
2765 1022 2979 1078 Christo
3020 1025 3180 1079 simul
3215 1031 3363 1084 cruci

1806 1104 2047 1159 conﬁxus
2077 1121 2218 1160 sum.
2261 1107 2387 1163 Vivo
2412 1118 2608 1176 autem,
2630 1111 2737 1180 jam
2771 1127 2875 1166 non
2903 1127 3032 1182 ego,
3067 1118 3197 1171 vivit
3236 1133 3365 1174 vero

1806 1193 1861 1247 in
1894 1210 1978 1250 me
2001 1196 2266 1253 Christus.
2298 1198 2447 1265 Quod
2472 1214 2597 1256 vero
2639 1217 2779 1256 nunc
2810 1203 2950 1269 vivo,
2988 1205 3043 1258 in
3088 1207 3191 1260 ﬁde
3218 1209 3362 1274 vivo,

1805 1283 1858 1337 in
1891 1299 2056 1340 carne
2095 1287 2180 1341 illa
2209 1288 2329 1342 Filii
2364 1290 2492 1356 Dei,
2527 1292 2620 1359 qui
2671 1292 2860 1348 dilexit
2903 1310 3015 1359 me,
3051 1307 3105 1350 et
3149 1299 3367 1354 tradidit

1804 1379 2150 1446 semetipsum
2191 1394 2290 1449 pro
2327 1396 2431 1435 me.
2465 1381 2578 1436 Non
2620 1382 2813 1449 abjicio
2849 1386 3075 1454 gratiam
3124 1387 3214 1441 Dei
3234 1385 3299 1441 ⁸⁸.
3340 1408 3357 1442 ι

1803 1465 1917 1521 Νοη
1941 1469 2085 1522 enim
2107 1470 2217 1539 jam
2242 1474 2454 1542 prapria
2486 1473 2713 1528 vivimus
2735 1475 2863 1539 vita,
2901 1476 2996 1531 sed
3027 1477 3244 1542 Christi,
3273 1493 3365 1534 ve-

1804 1572 2028 1627 rumque
2072 1560 2196 1614 illud
2237 1571 2340 1627 est,
2372 1580 2391 1614 ι
2427 1564 2604 1619 Unum
2638 1580 2737 1634 pro
2782 1567 3031 1621 omnibus
3058 1568 3361 1636 (mortuum,

1803 1655 1862 1700 ut
1899 1649 1989 1717 qui
2018 1651 2226 1715 vivunt,
2258 1667 2361 1706 non
2387 1653 2498 1722 jam
2538 1655 2638 1709 sibi
2681 1657 2877 1719 vivant,
2919 1658 3012 1712 sed
3060 1657 3108 1712 ei
3139 1659 3227 1726 qui
3267 1673 3365 1728 pro

1803 1734 1933 1802 ipsis
1973 1745 2215 1793 mortuus
2269 1748 2369 1805 est,
2404 1750 2459 1795 et
2505 1744 2798 1798 resurrexit
2823 1745 2889 1802 ".
2940 1763 2960 1798 ι
3009 1743 3166 1800 Prius
3217 1748 3358 1801 enim

1803 1841 1962 1894 quam
1999 1829 2278 1898 aﬂ‘ulgeret
2337 1834 2490 1887 nobis
2537 1834 2665 1888 illud
2707 1837 3040 1905 unigenitum
3095 1837 3186 1892 Dei
3227 1837 3361 1892 Ver-

1800 1917 1965 1983 bum,
2015 1919 2227 1975 inscitia
2279 1931 2333 1976 et
2388 1923 2624 1979 tenebris
2663 1927 3009 1992 tenebamur,
3054 1935 3109 1980 et
3155 1930 3358 1997 peccati

1793 2008 1925 2078 jugo
1955 2011 2148 2078 pressi.
2197 2020 2252 2066 et
2282 2021 2542 2068 creaturae
2587 2015 2787 2068 cultum
2826 2015 2985 2083 impie
3030 2017 3354 2084 tribuentes,

1801 2097 1988 2153 relicto
2011 2108 2255 2155 creatore
2282 2109 2440 2170 atque
2474 2101 2685 2170 Opiﬁce,
2722 2111 2773 2157 et
2800 2118 2962 2159 omne
3000 2103 3359 2172 improbitatis

1800 2205 1970 2258 genus
1995 2190 2164 2245 libere
2193 2201 2481 2258 sectantes,
2515 2195 2568 2246 in
2602 2195 2869 2248 discordia
2889 2195 3086 2250 miseri
3126 2196 3360 2266 degeba-

1800 2296 1942 2345 mus,
1975 2296 2095 2351 quae
2131 2282 2205 2337 illi
2241 2283 2456 2336 inimica
2484 2292 2640 2338 erant
2668 2293 3016 2352 expetentes;
3048 2284 3141 2339 sed
3169 2300 3361 2340 recon-

1800 2369 1965 2424 ciliati
2006 2385 2192 2426 sumus
2230 2387 2326 2441 per
2371 2381 2596 2428 mortem
2647 2372 2766 2428 Filii
2815 2374 2952 2443 ejus,
3002 2383 3060 2429 ut
3100 2375 3357 2445 scriptum

1800 2473 1883 2517 est
1905 2463 1970 2518 ".
2007 2463 2087 2518 Tu
2129 2479 2257 2518 vero
2285 2474 2502 2529 contra,
2539 2465 2744 2520 minimi
2786 2465 2919 2521 facis
2951 2467 3269 2533 veritatem,
3305 2477 3361 2522 et

1803 2563 1948 2609 tuum
1977 2569 2279 2610 sermonem
2311 2556 2374 2608 ad
2411 2556 2701 2611 vanitatem
2729 2555 2991 2612 eﬁ‘renato
3025 2572 3184 2613 cursu
3222 2572 3359 2626 prte-

1800 2645 2013 2714 cipitem
2046 2645 2342 2713 proferens,
2377 2647 2628 2700 mundum
2663 2661 2781 2701 esse
2818 2646 2928 2702 Deo
2959 2649 3356 2704 reconciliatum

1802 2736 2021 2800 asseris,
2055 2737 2210 2806 123
2243 2750 2346 2791 non
2378 2746 2555 2791 tamen
2585 2752 2678 2805 per
2718 2736 3082 2807 Unigenitum,
3109 2741 3209 2794 hoc
3241 2750 3321 2794 est
3342 2779 3358 2805 ,

1800 2841 1896 2895 per
1927 2825 2159 2880 Verbum
2184 2839 2250 2880 ex
2273 2823 2432 2879 Patre
2462 2826 2718 2895 genitum.
2747 2825 2850 2880 Sed
2881 2826 3104 2881 audiens
3131 2837 3357 2882 mortem

1801 2917 1941 2981 Filii,
1968 2916 2159 2972 deinde
2189 2916 2367 2970 verbis
2411 2916 2648 2985 Apostoli
2682 2917 2970 2982 subtiliter,
3009 2925 3068 2970 ut
3111 2918 3226 2987 ipse
3264 2933 3362 2986 pn-

1805 3017 1904 3070 tas,
1940 3005 2282 3070 examinatis,
2315 3019 2419 3058 non
2445 3019 2503 3057 es
2537 3005 2738 3059 veritus
2768 3005 2948 3060 dicere
2979 3022 2992 3058 :
3035 3006 3172 3077 [Non
3203 3006 3357 3074 dixit,

1801 3111 1899 3164 per
1934 3106 2160 3150 mortem
2205 3093 2297 3148 Dei
2341 3093 2549 3165 Verbi.]
2582 3095 2738 3163 Atqui
2785 3094 3052 3162 quomodo
3097 3095 3358 3166 ejusmodi

1803 3186 1978 3240 oratio
2005 3186 2295 3253 prudenter
2323 3184 2501 3238 eﬁ‘erri
2546 3184 2846 3253 potuisset?
2893 3185 3002 3239 imo
3050 3201 3177 3240 vero
3222 3202 3359 3257 quo-

1800 3276 1958 3329 modo
2004 3289 2106 3328 non
2153 3289 2376 3328 summae
2428 3273 2615 3328 fuisset
2661 3274 2883 3329 insanias
2927 3276 3139 3344 plena?
3186 3277 3359 3345 ipsam

1796 3365 1939 3420 enim
1977 3366 2139 3418 vitam
2172 3366 2328 3419 morti
2366 3367 2652 3420 obnoxiam
2679 3367 2878 3432 dicere,
2926 3366 3194 3436 quomodo
3225 3368 3360 3422 fuis-

1795 3465 1897 3520 set,
1932 3470 2060 3525 rogo
2093 3465 2164 3520 te,
2192 3455 2572 3523 consequens?
2606 3463 2660 3508 et
2707 3454 2775 3510 de
2820 3465 3009 3511 natura
3054 3457 3363 3513 viviﬁcante

1794 3548 1993 3611 omnia,
2011 3546 2404 3614 corruptionem
2421 3546 2721 3608 enuntiare,
2737 3547 3004 3614 quomodo
3017 3563 3121 3601 non
3139 3563 3362 3603 summa:

1795 3635 2074 3690 dementia:
2096 3635 2263 3690 fuisse
2298 3643 2350 3689 et
2379 3649 2602 3689 summa:
2631 3634 2975 3704 blasphemia:
3015 3637 3216 3690 crimen
3241 3637 3363 3706 jure

1794 3725 2144 3780 censeretur?
2162 3723 2277 3779 Non
2296 3739 2425 3795 ergo
2453 3724 2561 3778 tuis
2580 3724 2631 3778 in
2651 3724 2751 3779 hac
2775 3740 2832 3778 re
2855 3726 3260 3790 subtilitatibus,
3279 3728 3360 3782 vel

1792 3815 1946 3870 vanis
1974 3816 2356 3886 nugationibus
2377 3856 2392 3882 ,
2427 3825 2735 3870 sanctorum
2767 3815 3006 3871 virorum
3035 3817 3246 3871 animus
3275 3832 3365 3872 as-

1793 3906 2043 3969 sentitur,
2059 3905 2150 3960 sed
2179 3904 2429 3974 intelligit
2455 3921 2676 3974 prorsus
2695 3904 2787 3962 Dei
2810 3905 3042 3961 Verbum
3062 3920 3223 3962 carne
3240 3920 3363 3976 pro-

1792 4006 1911 4067 pter
1935 4011 2033 4051 nos
2058 4010 2306 4064 passum;
2331 4006 2385 4051 et
2406 4004 2575 4050 morte
2613 3996 2812 4066 proprii
2836 3999 3080 4067 corporis
3101 3998 3358 4052 mundum

1792 4090 1858 4140 ad
1889 4086 2338 4140 reconciliandam
2370 4100 2490 4140 cum
2521 4086 2680 4141 Patre
2716 4088 2805 4155 qui
2854 4087 2908 4142 in
2957 4087 3108 4144 ccelis
3145 4097 3226 4144 est
3266 4103 3359 4157 pa-

1791 4192 1929 4240 cem,
1961 4189 2203 4230 vocasse.
2229 4175 2413 4245 Itaque
2442 4191 2564 4231 cum
2593 4177 2875 4246 quemdam
2906 4193 2936 4232 e
2966 4179 3166 4234 sanctis
3205 4179 3360 4236 disci-

1792 4268 1928 4336 pulis
1962 4266 2344 4335 alloqueretur,
2374 4265 2507 4320 dixit
2535 4283 2548 4321 :
2594 4284 2613 4318 ‹
2647 4266 2758 4337 Ego
2788 4282 2904 4322 sum
2935 4270 3048 4332 via,
3077 4270 3274 4323 veritas
3303 4280 3358 4323 et

362 4362 381 4394 ι
436 4345 584 4412 Ἐγώ
633 4353 748 4418 εἰμι
793 4351 994 4419 ήόδὸς,
1040 4352 1132 4404 καὶ
1181 4355 1212 4423 ἡ
1263 4354 1487 4423 ἀλήθεια
1531 4357 1623 4410 καὶ
1656 4360 1688 4426 ή

1799 4359 1896 4411 vita
1927 4365 1982 4411 et
2002 4372 2158 4409 nemo
2173 4357 2400 4410 venitad
2431 4355 2772 4430 Patremjnisi
2797 4374 2890 4426 per
2911 4373 2994 4411 me
3015 4359 3079 4410 ³⁸.
3109 4358 3356 4414 »νοτίης

159 4426 266 4497 ζωὴ,
294 4435 381 4485 καὶ
411 4435 593 4498 οὐδεὶς
621 4437 835 4508 ἔρχεται
882 4440 1015 4508 πρὸς
1050 4441 1141 4493 τὸν
1168 4443 1385 4512 Πατέρα
1415 4445 1463 4496 εί
1505 4445 1579 4514 μὴ
1622 4445 1689 4496 δι’

1793 4456 1974 4499 autem
2000 4454 2055 4499 et
2079 4447 2184 4498 vita
2219 4455 2273 4500 et
2320 4447 2404 4499 via
2457 4448 2702 4515 quisnam
2750 4447 2821 4500 sit
2867 4446 3024 4510 alius,
3065 4447 3167 4500 nisi
3227 4447 3357 4500 illud

159 4516 282 4582 ἐμοῦ.
322 4541 339 4574 ι
389 4526 645 4595 Ἀλήθεια
677 4528 753 4590 δὲ,
785 4531 875 4581 καὶ
911 4530 1042 4602 ζωὴ,
1073 4533 1164 4584 καὶ
1191 4532 1325 4597 ὁδὸς,
1359 4535 1442 4597 τίς
1482 4535 1548 4587 ἂν
1578 4537 1690 4587 ἓτε-

1800 4536 2032 4590 Verhum
2065 4550 2128 4589 ex
2155 4535 2312 4589 Patre
2339 4539 2600 4605 genitum,
2642 4538 2854 4590 tametsi
2888 4537 3055 4590 nostri
3083 4535 3256 4590 simile
3287 4539 3361 4590 sit

161 4621 230 4672 ρος
251 4612 344 4682 εἴη,
381 4618 540 4685 παρά
583 4634 644 4684 γε
674 4618 762 4671 τὸν
807 4622 869 4671 ὲκ
911 4621 1042 4674 Θεοῦ
1071 4622 1242 4691 φύντα
1285 4626 1474 4693 Λόγον,
1514 4629 1561 4678 εί
1601 4629 1692 4680 καὶ

160 4698 312 4764 γέγονε
343 4707 466 4758 καθ’
502 4709 645 4776 ἡμᾶς
679 4710 888 4780 μορφὴν
918 4711 1102 4765 δούλου
1142 4713 1338 4768 λαϐὼν.
1377 4717 1495 4768 Ὅτι
1526 4717 1580 4769 δὲ
1624 4717 1690 4768 δι’

157 4789 286 4844 αὑτοῦ
315 4795 465 4860 θείας
513 4797 726 4866 φύσεως
773 4802 1196 4874 ἁποδεδείγμεθα
1226 4807 1489 4870 κοινωνοὶ,
1521 4808 1616 4859 καὶ
1641 4810 1691 4859 oi.

160 4881 261 4932 ποτὲ
309 4886 460 4948 ὄντες
516 4890 762 4960 μακρὰν,
821 4893 1120 4964 γεγόναμεν
1168 4896 1354 4964 ἐγγὺς,
1415 4897 1690 4966 ὲνούμενοι

161 4977 383 5039 σχετικῶς
421 4978 490 5030 δι’
522 4979 686 5031 αὑτοῦ
712 4982 788 5051 τῷ
829 4983 1022 5051 Πατρὶ,
1054 4985 1147 5036 καὶ
1188 4986 1292 5056 μὴν
1323 4987 1413 5039 καὶ
1445 4987 1691 5056 ἀλλήλοις

162 5060 217 5121 ὡς
258 5069 306 5117 ὲν
342 5071 523 5122 πίστει
573 5073 670 5140 μιᾷ
715 5072 806 5123 καὶ
845 5071 1113 5141 ὁμοψυχίᾳ
1160 5073 1248 5124 διὰ
1289 5073 1349 5125 τὸ
1398 5074 1514 5138 ὲνδς
1562 5092 1690 5144 μετ-

162 5159 412 5224 εσχηκέναι
445 5161 772 5230 πνεύματος,
807 5159 962 5224 αὐτὸς
997 5162 1344 5226 πιστώσεται,
1366 5163 1535 5232 λέγων
1559 5165 1691 5234 πρὸς

1798 4627 1996 4681 factum
2038 4628 2178 4680 servi
2229 4626 2397 4680 forma
2431 4626 2724 4695 suscepta?
2761 4625 2891 4680 Esse
2913 4635 3100 4681 autem
3137 4640 3234 4679 nos
3263 4641 3360 4694 per

1799 4719 1974 4787 ipsum
2005 4716 2224 4771 effectos
2254 4717 2445 4770 divinae
2469 4725 2676 4770 natura:
2709 4725 2987 4770 consortes
3014 4715 3079 4780 ",
3108 4725 3162 4769 et
3187 4716 3359 4771 factos

1799 4823 1966 4878 prope
2004 4811 2092 4875 qui
2133 4808 2288 4876 longe
2318 4807 2444 4861 olim
2492 4819 2730 4868 eramus,
2765 4806 2888 4858 dum
2921 4819 3015 4871 per
3047 4806 3219 4872 ipsum
3251 4803 3356 4856 Pa-

1800 4899 1865 4952 tri
1893 4913 1987 4968 per
2016 4899 2265 4953 affectum
2294 4908 2347 4951 et
2375 4896 2782 4958 habitudinem,
2816 4905 2974 4963 atque
3016 4895 3178 4948 etiam
3219 4895 3361 4949 inter

1798 5006 1894 5044 nos
1920 5005 2014 5059 per
2042 5005 2204 5044 unam
2236 4989 2393 5043 ﬁdem
2417 4997 2471 5042 et
2495 4987 2839 5041 concordiam
2864 4986 3101 5050 unimur,
3125 4999 3191 5039 eo
3215 4987 3357 5054 quod

1796 5096 1982 5134 sumus
2021 5082 2178 5134 unius
2208 5080 2428 5148 spiritus
2463 5077 2590 5131 facti
2622 5077 2928 5145 participes,
2958 5077 3070 5146 ipse
3093 5074 3250 5130 ﬁdem
3278 5074 3358 5129 fa-

1799 5171 1923 5234 ciet,
1949 5169 2135 5222 dicens
2166 5168 2230 5222 ad
2270 5167 2483 5222 Patrem
2523 5181 2587 5220 ac
2619 5165 2785 5219 Deum
2814 5166 2903 5234 qui
2946 5174 3031 5220 est
3073 5164 3128 5219 in
3160 5163 3309 5218 caelis
3340 5178 3354 5216 :

218 5332 252 5362 ³⁵
283 5335 451 5392 Galat.
496 5353 557 5404 tt,
597 5337 664 5392 19
694 5338 783 5390 21.
859 5339 902 5370 ³⁸
935 5338 974 5390 ΙΙ
1016 5339 1140 5394 Cor.
1173 5356 1222 5406 γ,
1266 5340 1346 5396 15.
1415 5342 1458 5372 ³⁷
1500 5342 1655 5397 Rom.
1694 5359 1699 5376 ε

1799 5344 1866 5399 0.
1942 5345 1985 5374 ³⁸
2026 5343 2182 5399 Joun.
2212 5361 2322 5409 xlv,
2356 5345 2405 5397 6.
2486 5343 2528 5374 ³⁸
2561 5341 2600 5398 ll
2642 5343 2783 5398 Petr.
2820 5359 2858 5409 ι,
2896 5343 2951 5399 4.

1387 5493 1541 5549 ΛΚΤ.
1585 5495 1856 5550 AGELLll
1899 5494 2130 5549 ΝΟΤᾹΞ.

221 5645 311 5712 (55)
343 5648 500 5704 Forte
547 5649 847 5718 ἐπίκλημα,
879 5649 978 5702 hoc
1020 5658 1103 5702 cst
1157 5649 1381 5714 crimen;
1413 5652 1554 5704 haud
1599 5653 1680 5704 in-

1787 5669 1937 5728 τισιν
1954 5654 2028 5717 ὡς
2055 5654 2152 5728 τῆς
2187 5651 2456 5728 Δἀληθείας
2480 5656 2874 5728 ’κατειρηκόσα
2906 5655 3217 5728 quibusdam
3257 5673 3351 5728 pro

171 5724 284 5795 fueta
310 5721 510 5795 auctori
541 5735 671 5783 vox,
701 5736 805 5786 qua
853 5720 1114 5795 utitAur‘itt
1147 5719 1243 5795 hac
1287 5720 1682 5795 signiﬁcatione
1789 5725 2004 5778 crimine
2039 5719 2216 5794 objicit
2243 5719 2394 5795 qimsi
2421 5719 2962 5782 adversita'v'entatein
2985 5727 3235 5784 dixerint.

172 5779 442 5845 hoccodem
491 5779 667 5857 libro,
697 5779 819 5859 pag.
873 5784 988 5855 132,
1021 5787 1299 5859 ἐπίκλημα
1337 5779 1395 5843 δὲ
1451 5791 1679 5844 ποιεῖταί
