4104 6478
709 432 813 485 215

1694 434 1749 483 3.
1791 429 2073 484 CYRlLLl.
2104 425 2573 482 ALEXANDRINI
2611 424 2930 481 ARCIIIEI’.

3857 409 3961 462 9.!6

718 564 735 596 ι
778 544 890 598 Non
931 558 1025 613 pro
1062 544 1148 598 his
1191 551 1396 599 tantum
1448 560 1601 615 rogo,
1641 546 1733 599 sed
1771 545 1931 599 etiam
1954 560 2050 614 pro
2080 545 2147 599 iis
2191 544 2278 613 qui

2394 546 2473 599 τὸν
2495 548 2552 598 ὲν
2580 545 2829 614 οὐρανοῖς
2862 542 3083 612 Πατέρα
3110 541 3199 594 καὶ
3225 539 3358 592 Θεόν
3380 554 3391 565 ’
3430 554 3448 588 ι
3491 536 3564 589 Οὐ
3599 535 3726 605 περὶ
3755 533 3960 586 τούτων

711 637 1060 692 crediderunt
1100 645 1317 705 propter
1369 651 1673 691 sermonem
1722 651 1907 691 eorum
1954 637 2008 690 in
2060 650 2165 697 me,
2220 644 2278 689 ut

712 740 901 780 omnes
929 741 1094 789 unum
1126 726 1258 788 sint,
1294 724 1437 779 sicut
1469 735 1547 788 tu,
1585 726 1766 789 Pater,
1801 724 1853 778 in
1880 737 1988 790 me,
2024 732 2080 779 et
2097 738 2195 792 ego
2223 723 2275 778 in

715 826 788 880 te,
819 824 875 868 ut
912 818 1071 868 ctiam
1108 815 1209 883 ipsi
1254 816 1304 868 in
1357 816 1511 869 nobis
1546 830 1708 867 unum
1758 815 1905 867 sint:
1953 824 2012 867 ut
2050 814 2279 868 mundus

714 908 924 977 credat,
959 905 1081 975 quia
1114 915 1166 959 tu
1200 919 1284 959 me
1318 905 1533 959 misisti.
1568 906 1632 960 Et
1659 919 1759 975 ego
1785 904 2082 960 claritatem
2119 919 2277 972 quam

715 998 907 1055 dedisti
943 997 1095 1053 mibi.
1149 996 1274 1051 dedi
1316 999 1417 1062 eis,
1480 1007 1535 1055 ut
1591 998 1702 1053 sint
1754 1012 1942 1052 unum.
1995 997 2135 1049 sicut
2185 1008 2283 1050 nos

717 1104 903 1153 unum,
942 1098 997 1142 et
1023 1102 1120 1157 ego
1150 1087 1204 1141 in
1243 1087 1342 1144 eis.
1370 1096 1425 1141 et
1453 1098 1507 1139 tu
1542 1089 1596 1140 in
1632 1101 1736 1151 me,
1783 1097 1842 1141 ut
1876 1087 1986 1139 sint
2025 1098 2282 1138 consum-

715 1178 844 1232 mati
882 1179 937 1233 in
971 1193 1132 1230 unum
1158 1177 1223 1231 ‘°.
1272 1195 1290 1230 ι
1345 1175 1585 1245 lntellige
1622 1177 1783 1243 igitur
1817 1174 1957 1245 quod
2007 1175 2120 1243 ipse
2160 1173 2281 1242 qui-

717 1268 838 1322 dem
883 1268 940 1322 iu
984 1281 1082 1322 suo
1131 1267 1295 1323 Patre
1336 1268 1406 1322 sit
1453 1268 1788 1334 naturaliter,
1847 1267 2111 1320 mediator
2157 1277 2285 1317 vero

717 1368 878 1426 atque
929 1358 1246 1413 conciliator
1295 1359 1636 1425 constitutus,
1689 1374 1754 1413 eo
1794 1359 1933 1428 quod
1986 1358 2160 1413 factus
2203 1365 2285 1411 est

718 1447 874 1502 nobis
905 1447 1116 1502 similis.
1152 1447 1207 1502 in
1250 1449 1403 1502 nobis
1443 1456 1547 1513 est,
1596 1458 1704 1501 tum
1745 1463 1839 1517 per
1873 1461 2024 1503 suam
2066 1461 2282 1501 carnem

720 1553 842 1608 qua:
875 1554 972 1592 nos
1002 1539 1239 1593 viviﬁcat
1270 1541 1320 1593 in
1380 1541 1589 1607 spiritu,
1640 1548 1751 1594 tum
1802 1554 1897 1608 per
1951 1539 2283 1594 consortium

720 1627 1028 1682 sanctitatis
1081 1627 1217 1697 ejus,
1256 1628 1507 1683 nimirum
1560 1643 1677 1683 eam
1713 1643 1830 1696 quae
1883 1642 1977 1695 per
2026 1626 2284 1695 Spiritum

720 1724 967 1769 sanctum
1008 1716 1321 1787 acquiritur.
1357 1717 1596 1770 Postulat
1628 1726 1804 1770 autem
1830 1732 1859 1769 a
1899 1715 2059 1769 Patre
2105 1714 2286 1784 glorizn

722 1819 787 1859 ac
824 1806 1032 1859 decoris
1060 1805 1193 1866 loco,
1228 1815 1284 1860 ut
1308 1822 1461 1861 suam
1490 1807 1646 1861 nobis
1672 1819 1919 1862 naturam
1946 1810 2283 1878 perspicuam

2378 636 2435 690 δὲ
2472 634 2657 706 ἐρωτῶ
2709 634 2887 703 μόνον,
2924 631 3057 684 ἀλλά
3090 629 3183 683 καὶ
3229 627 3356 698 περί
3400 624 3508 679 τῶν
3555 620 3961 706 πιστευσάντων

2378 728 2469 781 διὰ
2504 703 2607 778 τοῦ
2642 724 2797 791 λόγου
2843 722 3022 775 αὐτῶν
3066 720 3144 783 εἰς
3187 718 3305 788 ἐμὲ,
3343 717 3429 770 ἴνα
3478 717 3678 775 πάντες
3724 712 3784 764 ἓν
3836 703 3959 771 ὦσι,

2381 814 2565 879 καθὼς
2589 817 2675 878 σὺ,
2700 815 2905 883 Πάτερ,
2934 810 3155 882 ὲνζὲμοὶ,
3179 808 3332 877 κάγὼ
3362 809 3418 860 ἐν
3447 807 3547 860 σοί·
3568 806 3653 859 ἵνα
3683 806 3780 857 καὶ
3808 802 3961 856 αὐτοὶ

2382 910 2439 961 ὲν
2476 909 2609 979 ἡμῖν
2642 906 2699 957 ἓν
2736 899 2889 967 ὦσιν,
2922 903 3009 955 ἵνα
3040 903 3068 955 ὁ
3100 900 3302 970 κόσμος
3335 897 3619 966 πιστεύσῃ.
3654 896 3737 949 ὅτι
3786 894 3851 946 σύ
3898 910 3964 961 με

2384 998 2741 1061 ἀπέστειλας·
2793 994 2948 1063 κάγὼ
2990 995 3088 1063 τὴν
3122 992 3278 1058 δόξαν
3308 992 3375 1062 ἥν
3420 989 3659 1051 δέδωκάς
3710 1004 3826 1056 μοι,
3876 985 3963 1038 δέ-

2383 1092 2530 1144 δωκα
2564 1090 2765 1151 αὐτοῖς,
2799 1088 2885 1140 ἵνα
2916 1079 3045 1139 {now
3081 1083 3159 1146 ἒν,
3200 1080 3383 1146 καθὼς
3412 1082 3575 1151 ἡμεῖς
3608 1079 3685 1142 ἒν,
3718 1077 3878 1144 κάγὼ
3908 1079 3963 1129 ἐν

2385 1185 2587 1245 αὐτοῖς,
2620 1182 2713 1233 καὶ
2744 1180 2806 1233 σὺ
2857 1180 2915 1231 ὲν
2960 1177 3103 1247 ἐμοὶ,
3128 1175 3239 1227 ἰνα
3280 1167 3381 1226 ὦσι
3424 1168 3838 1237 τετελειωμένοι
3886 1167 3965 1227 εἰς

2384 1275 2462 1327 ἔν.
2506 1291 2524 1324 ι
2559 1270 2721 1327 Σύνες
2752 1264 2844 1323 οὖν
2877 1270 3045 1330 ὅπως,
3093 1265 3251 1328 αὐτὸς
3298 1263 3397 1334 μὲν
3446 1260 3557 1313 ἔστι
3610 1257 3858 1329 φυσικῶς
3906 1257 3963 1308 ὲν

2384 1364 2463 1435 τῷ
2499 1364 2613 1433 ἰδίῳ
2663 1360 2858 1432 Πατρὶ,
2904 1358 3129 1429 μεσίτης
3170 1357 3227 1409 δὲ
3270 1354 3361 1408 καὶ
3399 1350 3726 1419 διαλλακτὴς
3770 1347 3965 1401 ἀποδε-

2384 1454 2664 1525 δειγμένος
2688 1451 2777 1505 διὰ
2814 1449 2907 1509 τοῦ
2940 1450 3211 1519 γενέσθαι,
3232 1447 3350 1499 καθ’
3378 1445 3524 1513 ἡμᾶς
3546 1458 3557 1470 ·
3577 1443 3636 1493 ὲν
3660 1442 3794 1509 ἡμῖν
3826 1440 3961 1501 ἔστι,

2386 1547 2474 1601 διά
2504 1562 2563 1598 τε
2595 1545 2693 1613 τῆς
2728 1542 2864 1605 ἰδίας
2904 1541 3104 1612 σαρκὸς
3137 1536 3505 1606 ζωοποιούσης
3533 1533 3679 1603 ἡμᾶς
3707 1532 3767 1583 ὲν
3802 1526 3965 1581 πνεύο

2391 1653 2541 1707 ματι,
2573 1636 2667 1688 καὶ
2694 1633 2783 1688 διὰ
2827 1632 2919 1686 τοῦ
2964 1631 3283 1702 μταλαχεῖν
3318 1628 3421 1697 τῆς
3449 1625 3733 1693 ἁγιότητος
3773 1617 3961 1680 αὐτοῦ.

2386 1728 2543 1797 δῆλον
2574 1726 2631 1779 δὲ
2671 1726 2753 1779 ὅτι
2801 1722 2962 1778 πάλιν
2999 1723 3098 1792 τῆς
3140 1720 3228 1773 διά
3276 1719 3370 1771 τοῦ
3417 1718 3573 1785 ἁγίου
3624 1712 3964 1781 Πνεῦμα-τος.

2390 1821 2540 1872 Αἰτεί
2572 1818 2627 1871 δὲ
2667 1817 2742 1879 ὼς
2774 1814 2931 1881 δόξαν
2962 1814 3109 1885 παρὰ
3160 1811 3371 1881 Πατρός
3400 1808 3460 1861 τὸ
3503 1806 3601 1875 τὴν
3648 1803 3783 1857 ἰδίαν
3830 1800 3966 1871 ἡμῖν

721 1892 908 1955 faciat,
943 1892 1083 1961 quod
1119 1894 1327 1949 scilicet
1379 1895 1446 1948 sit
1496 1896 1821 1962 viviﬁcator,
1851 1906 1905 1950 et
1944 1897 2287 1966 corruptione

2394 1910 2593 1981 εναργῆ
2634 1906 2974 1975 καταστῆσαι
3012 1904 3195 1973 φύσιν,
3226 1904 3307 1956 ὅτι
3345 1917 3404 1953 τε
3435 1901 3520 1969 εἴη
3556 1894 3839 1961 ζωοποιδς,
3871 1894 3965 1947 καὶ

721 1984 967 2052 superior
996 1994 1249 2053 tanquam
1285 1987 1444 2051 Deus,
1488 1988 1666 2056 itaque
1705 2003 1892 2043 rursus
1915 1988 2048 2043 dixit
2082 2006 2095 2041 :
2127 2008 2145 2040 ι
2177 1989 2287 2056 Ego

722 2083 776 2129 te
799 2074 1087 2129 clariﬁcavi
1118 2088 1280 2144 super
1320 2084 1542 2141 terram,
1575 2078 1735 2150 124
1761 2094 1895 2149 Opus
1917 2082 2286 2135 consummavi

722 2166 865 2234 quod
893 2165 1091 2220 dedisti
1122 2166 1255 2222 mihi
1297 2176 1353 2220 ut
1390 2168 1583 2222 faciam
1619 2188 1633 2224 :
1663 2180 1717 2224 et
1756 2186 1895 2225 nunc
1926 2170 2157 2225 clarifica
2206 2184 2290 2225 me

722 2263 799 2317 tu,
837 2254 1019 2322 Pater,
1059 2257 1198 2324 apud
1230 2258 1608 2326 temetipsum,
1650 2259 1892 2317 claritate
1933 2277 2093 2329 quam
2128 2261 2287 2315 habui

723 2355 1015 2416 antequam
1047 2349 1277 2403 mundus
1305 2348 1479 2413 ﬁeret,
1525 2350 1663 2420 apud
1697 2359 1745 2403 te
1774 2352 1839 2404 δ’.
1876 2370 1895 2404 ι
1930 2351 2078 2421 Opus
2110 2360 2289 2406 autem

723 2448 1157 2493 consummatum
1186 2453 1374 2494 sumus
1398 2454 1517 2504 nos,
1549 2449 1802 2509 tanquam
1828 2444 1878 2494 in
1904 2443 2016 2510 ipso
2039 2450 2092 2499 et
2115 2443 2289 2509 primo

726 2526 1011 2583 vincentes
1045 2530 1480 2598 corruptionem,
1514 2538 1569 2584 et
1597 2530 1869 2585 calcantes
1895 2533 2085 2586 mortis
2118 2532 2289 2601 impe-

726 2616 892 2681 rium,
939 2618 1138 2672 revixit
1190 2620 1332 2673 enim
1388 2634 1461 2680 ex~
1502 2621 1753 2684 mortuis,
1791 2621 2069 2677 universos
2120 2622 2172 2675 in
2234 2634 2292 2675 se

726 2709 1029 2764 continens.
1059 2708 1164 2764 Sed
1197 2718 1249 2763 tu
1279 2711 1393 2767 hac
1421 2714 1584 2767 verba
1622 2712 1675 2766 in
1702 2712 1859 2767 aliam
1886 2713 2114 2769 fortasse
2138 2713 2292 2768 intel-

727 2798 1003 2868 ligentiam
1039 2800 1389 2870 detorquens,
1433 2817 1536 2856 non
1568 2806 1633 2856 de
1660 2804 1767 2857 Deo
1795 2803 1971 2859 Verbo
1996 2804 2111 2858 hmc
2138 2804 2295 2857 intel-

727 2888 939 2960 ligenda
969 2905 1182 2957 censes,
1216 2894 1309 2947 sed
1339 2894 1407 2948 ab
1430 2893 1521 2947 illo
1550 2892 1825 2958 auferens,
1859 2905 1913 2949 et
1948 2894 2173 2950 seorsim
2208 2909 2295 2949 se-

728 2994 925 3050 parans
952 2994 1075 3039 cum
1107 2982 1197 3050 qui
1222 2991 1304 3036 est
1327 2983 1392 3037 de
1427 2991 1609 3038 sancta
1644 2983 1864 3055 Virgine
1895 2984 2137 3053 genitus,
2175 2991 2294 3038 tan-

727 3084 888 3139 quam
929 3069 1092 3123 alium
1124 3071 1314 3134 lilium,
1345 3073 1418 3126 illi
1452 3073 1564 3128 haec
1606 3072 1731 3127 talia
1769 3074 2062 3129 convenire
2092 3084 2139 3127 et
2182 3074 2295 3142 ipse

729 3158 984 3225 aﬂirmas,
1033 3169 1090 3215 et
1141 3162 1259 3215 aliis
1291 3170 1345 3215 et
1391 3162 1553 3217 etiam
1594 3164 1920 3232 persuadere
1966 3163 2212 3227 conaris,
2240 3172 2297 3217 ut

729 3247 918 3304 eadem
954 3257 1127 3303 tecum
1156 3258 1211 3303 et
1241 3249 1477 3305 sentiant
1510 3258 1569 3307 et
1592 3250 1899 3321 loquantur.
1928 3252 2005 3306 Ac
2034 3254 2189 3321 plane
2219 3252 2297 3304 di-

730 3351 841 3403 ces,
875 3339 1209 3407 unigenitum
1249 3340 1339 3395 Dei
1368 3338 1625 3406 Verbum,
1649 3357 1770 3397 cum
1806 3343 1877 3398 sit
1908 3344 2163 3398 Dominus
2185 3343 2299 3412 glo-

731 3428 845 3492 τίω,
878 3444 1151 3498 nunquam
1183 3438 1434 3499 tanquam
1471 3432 1653 3501 gloriae
1685 3435 1922 3502 inopem,
1956 3434 2100 3487 illam
2134 3448 2164 3486 a
2201 3434 2297 3487 Pa-

732 3529 813 3579 νε
840 3520 1007 3573 fuisse
1039 3522 1356 3590 petiturum.
1395 3523 1595 3592 Accipe
1638 3526 1802 3593 igitur
1831 3526 1991 3580 etiam
2022 3541 2051 3579 a
2099 3526 2293 3580 nobis:

731 3609 776 3662 si
810 3625 913 3663 non
960 3610 1135 3679 ipsum
1167 3626 1292 3667 esse
1321 3612 1456 3667 dicis
1483 3613 1630 3669 illum
1658 3630 1723 3670 ex
1746 3614 1855 3671 Deo
1883 3617 2173 3672 secundum
2206 3632 2300 3670 na-

732 3710 906 3753 turam
930 3699 1125 3756 Filium
1154 3704 1508 3773 unigenitum,
1544 3706 1633 3774 qui
1665 3706 1718 3761 in
1759 3708 1843 3762 his
1868 3708 2046 3762 verbis
2074 3707 2299 3777 gloriam

731 3804 761 3846 a
790 3787 953 3844 Patre
984 3792 1234 3859 postulet,
1283 3794 1407 3861 quis
1458 3810 1588 3864 ergo
1633 3796 1719 3850 ille
1761 3807 1879 3852 erat
1906 3798 1997 3867 qui
2039 3798 2296 3852 dicebat:

736 3899 767 3941 ι
814 3880 1067 3937 Clariﬁca
1128 3897 1213 3937 me
1269 3885 1516 3940 claritate
1567 3900 1727 3953 quam
1788 3888 1950 3942 habui
2009 3898 2299 3958 antequam

737 3973 968 4027 mundus
1000 3973 1174 4039 fleret,
1206 3975 1344 4044 apud
1383 3975 1478 4030 te?
1522 3994 1540 4027 ι
1572 3976 1669 4031 Dic
1700 3991 1829 4047 ergo
1859 3979 1993 4033 mihi
2013 4019 2028 4043 ,
2067 3994 2299 4047 quonam

732 4068 892 4123 modo
926 4068 1015 4123 ille
1046 4082 1113 4122 ex
1138 4079 1322 4126 sancta
1342 4068 1584 4139 Virgine,
1611 4070 1793 4135 homo,
1826 4079 1885 4125 ut
1922 4081 1976 4125 tu
2012 4070 2262 4142 intelligis
2282 4112 2299 4137 ,

730 4162 957 4216 seorsim
1026 4163 1260 4231 positus,
1304 4172 1426 4217 ante
1475 4162 1733 4216 mundum
1782 4162 1942 4217 erat?
1988 4163 2177 4216 Annon
2225 4162 2301 4216 illi

731 4252 1045 4308 sucularum
1090 4252 1356 4308 conditori
1398 4253 1649 4308 convenit
1695 4255 1895 4309 mundo
1941 4255 2299 4323 antiquiorem

731 4342 929 4397 habere
980 4343 1409 4407 subsistentiam,
1466 4352 1521 4397 et
1569 4342 1715 4397 Patri
1759 4347 2124 4400 coaeternam?
2156 4356 2301 4404 certe

730 4450 892 4491 nemo
937 4449 1104 4490 nantis
1150 4435 1429 4490 dubitarit.
1490 4433 1715 4499 Quando
1763 4450 1892 4505 ergo
1949 4438 2296 4506 semetipsum

2389 2002 2593 2072 φθορᾶς
2647 1997 2887 2070 ἀμείνων
2928 1996 3002 2060 ὼς
3048 1996 3201 2058 Θεός.
3261 1993 3370 2047 Καὶ
3419 1991 3553 2059 γοῦν
3599 1988 3703 2058 ἔφη
3764 1987 3959 2039 πάλιν·

2394 2113 2412 2145 ι
2461 2091 2601 2159 Ἐγὼ
2631 2107 2690 2143 σε
2727 2088 2951 2152 ἐδόξασα
2974 2086 3064 2140 ἐπὶ
3092 2086 3193 2153 τῆς
3219 2087 3342 2155 γῆς,
3373 2082 3432 2134 τὺ
3463 2080 3621 2152 ἔργον
3652 2075 3961 2139 τελειώσας,

2388 2182 2416 2235 ὂ
2444 2182 2681 2247 δέδωκάς
2723 2196 2813 2250 μοι
2847 2179 2933 2231 ἵνα
2979 2177 3191 2247 ποιήσω
3212 2190 3225 2203 ⁸
3274 2174 3369 2227 καὶ
3401 2171 3496 2224 νῦν
3522 2168 3743 2234 δόξασόν
3779 2185 3847 2239 με
3877 2166 3960 2227 σὺ,

2391 2274 2596 2343 Πάτερ,
2625 2270 2774 2339 παρά
2823 2268 3030 2336 σεαυτῷ
3062 2270 3126 2337 τῇ
3156 2265 3281 2336 δόξῃ
3417 2259 3563 2333 εἰχον
3607 2259 3713 2331 πρὸ
3742 2256 3837 2315 τοῦ
3873 2254 3966 2307 τὸν

2394 2363 2596 2431 κόσμον
2629 2355 2792 2423 εἶναι,
2829 2358 2980 2429 παρὰ
3014 2357 3117 2410 σοί.
3158 2375 3176 2409 ι
3222 2357 3423 2426 Ἔργον
3454 2353 3510 2405 δὲ
3547 2346 3963 2418 τετελειωμένον

2392 2450 2556 2520 ἐσμὲν
2581 2450 2761 2519 ἡμεῖς,
2790 2448 2865 2510 ὡς
2898 2448 2955 2499 ὲν
2984 2443 3132 2514 αὑτῷ
3172 2443 3266 2496 καὶ
3296 2440 3497 2511 πρώτῳ
3533 2438 3796 2499 νικῶντες
3833 2434 3963 2504 φθο-

2396 2541 2513 2611 ρὰν,
2556 2542 2651 2592 καὶ
2676 2540 2736 2591 τὸ
2772 2536 2866 2590 τοῦ
2907 2536 3141 2590 θανάτου
3171 2532 3466 2595 πατοῦντες
3501 2532 3734 2600 κράτοςο
3770 2522 3965 2581 ἀνεϐίω

2391 2631 2499 2699 γὰρ
2547 2630 2612 2682 ὲκ
2649 2626 2879 2699 νεκρῶν,
2909 2626 3117 2687 πάντας
3164 2623 3299 2692 ἔχων
3346 2622 3403 2674 ἐν
3450 2619 3649 2688 ἑαυτῷ.
3695 2615 3836 2669 Ἀλλ’
3878 2614 3962 2681 ἐφ’

2394 2720 2584 2791 ἑτέρας
2614 2720 2743 2781 ἴσως
2773 2718 2982 2779 ἐννοίας
3034 2712 3383 2785 ἀποκομίζων
3418 2712 3479 2765 τδ
3513 2708 3822 2782 εἰρημένον,
3867 2708 3962 2760 οὐκ

2393 2812 2483 2867 ὲπί
2529 2827 2591 2878 γε
2635 2809 2724 2863 τοῦ
2763 2808 2896 2862 Θεοῦ
2945 2807 3120 2876 Λόγου
3164 2806 3323 2859 ταυτὶ
3368 2803 3431 2873 δὴ
3489 2802 3683 2872 χρῆναι
3730 2796 3962 2853 νοεῖσθαι

2394 2900 2573 2972 φαμέν
2608 2900 2717 2971 [ῑσ.
2751 2898 2854 2969 φὴς
2880 2897 3033 2969 μέν]ο
3067 2896 3358 2966 ἀποφέρων
3388 2895 3442 2947 δὲ
3488 2892 3651 2947 αὐτοῦ
3677 2893 3771 2946 καὶ
3800 2891 3963 2950 τιθεὶς

2394 2993 2496 3047 ἀννά
2525 2992 2687 3063 μέρος
2715 2991 2808 3043 τὸν
2856 2992 2920 3043 ἐκ
2943 2989 3042 3057 τῆς
3065 2988 3226 3055 ἁγίας
3254 2984 3535 3054 Παρθένου
3569 2982 3963 3053 γεγεννημένον

2395 3084 2471 3146 ὼς
2512 3083 2697 3151 ἓτερον
2726 3081 2861 3145 υἰδν,
2896 3077 3044 3147 αὐτῷ
3090 3076 3159 3131 τὰ
3205 3076 3385 3130 τοιάδε
3427 3076 3658 3147 πρέπειν
3698 3090 3760 3126 τε
3809 3070 3964 3132 αὐτὸς

2396 3172 2713 3236 διαὸεὸαιοϊ,
2750 3171 2843 3224 καὶ
2875 3170 2979 3241 μὴν
3008 3169 3102 3221 καὶ
3138 3168 3356 3238 ἑτέρους
3383 3165 3696 3221 ἀναπείθειν
3748 3162 3962 3233 ἐπείγῃ.

2397 3263 2571 3318 ταῦτά
2608 3263 2719 3335 [τον.
2767 3260 2962 3333 ταυτά]
3004 3278 3085 3314 σοι
3132 3261 3348 3331 φρονεῖν
3390 3259 3485 3311 καὶ
3530 3258 3734 3326 λέγειν.
3796 3255 3965 3324 Ἐρεῖς

2398 3356 2455 3409 δέ
2480 3373 2581 3409 που
2613 3354 2847 3416 πάντως,
2879 3353 2961 3405 ὅτι
2989 3352 3090 3423 τῆς
3113 3351 3269 3421 δόξης
3291 3348 3491 3419 Κύριος
3516 3348 3592 3401 ὢν
3622 3350 3651 3402 δ
3674 3343 3964 3417 μονογενὴς

2398 3448 2491 3501 τοῦ
2517 3446 2652 3499 Θεοῦ
2686 3445 2878 3513 Λόγος,
2907 3445 3007 3498 οὐκ
3048 3444 3113 3498 ἂν
3145 3444 3220 3507 ὼς
3247 3441 3403 3512 δόξης
3441 3440 3702 3513 ὑπάρχων
3732 3437 3961 3505 ἐπιδεὴς,

2400 3539 2630 3609 ἐζήτησε
2662 3536 2759 3609 τὴν
2789 3536 2941 3605 παρά
2982 3534 3216 3606 Πατρός.
3249 3536 3445 3587 Ἄκουε
3484 3533 3661 3586 τοίνυν
3701 3532 3795 3584 καὶ
3835 3524 3965 3597 πρὸς

2398 3628 2583 3699 ἡμῶν·
2616 3627 2664 3679 εἰ
2698 3626 2772 3697 μὴ
2814 3624 2973 3679 αὐτὸν
3004 3619 3143 3679 εῖναι
3181 3623 3287 3694 φὴς
3316 3622 3408 3675 τὸν
3442 3623 3505 3673 ἐκ
3531 3618 3664 3672 Θεοῦ
3704 3617 3845 3671 κατά
3872 3613 3966 3683 φύ-

2401 3739 2486 3775 σιν
2516 3720 2643 3772 Υίδν
2681 3717 2963 3788 μονογενῆ,
3003 3715 3161 3782 δόξαν
3204 3716 3261 3767 ὲν
3288 3712 3497 3773 τούτοις
3531 3707 3786 3762 αἰτοῦντα
3821 3704 3965 3774 παρά

2399 3813 2492 3867 τοῦ
2523 3811 2770 3882 Πατρδς,
2806 3808 2890 3871 τίς
2926 3804 2995 3878 ἦν
3027 3810 3056 3860 ό
3084 3806 3277 3874 λέγων,
3320 3824 3338 3857 ι
3375 3801 3606 3868 Δόξασόν
3647 3817 3713 3871 με
3746 3802 3812 3870 τῇ
3846 3798 3965 3869 δόξῃ

2401 3897 2436 3975 ᾖ
2459 3898 2602 3974 εἴχον
2630 3901 2735 3971 πρὸ
2759 3899 2855 3953 τοῦ
2892 3898 2983 3951 τὸν
3011 3898 3213 3967 κόσμον
3241 3892 3401 3960 εἶναι,
3447 3892 3597 3963 παρά
3637 3891 3753 3957 σοί;
3794 3909 3812 3942 ι
3847 3887 3964 3951 Πῶς

2400 3990 2512 4055 οὖν,
2545 3990 2665 4044 εἰπέ
2702 4006 2812 4060 μοι,
2839 3987 3173 4059 προκόσμιος
3197 3986 3225 4038 ό
3249 3988 3313 4040 ὲκ
3344 3986 3444 4055 τῆς
3487 3982 3649 4051 ἁγίας
3690 3980 3967 4051 Παρθένου

2401 4082 2541 4136 κατά
2570 4082 2629 4134 σὲ
2657 4079 2944 4149 νοούμενος
2971 4077 3255 4146 ἄνθρωπος
3284 4075 3464 4139 ἰδικῶς
3487 4091 3503 4141 ;
3540 4072 3669 4143 Ἆρ’
3692 4072 3813 4142 οὐχὶ
3840 4068 3964 4140 πρέο

2401 4189 2491 4225 ποι
2523 4171 2589 4224 ἂν
2620 4168 2697 4239 τῷ
2738 4168 2846 4222 τῶν
2877 4166 3088 4220 αἰώνων
3116 4163 3450 4235 δημιουργῷ,
3481 4162 3562 4228 τὸ,
3595 4159 3964 4233 πρεσόυτέραν

2401 4260 2547 4329 ἔχειν
2591 4257 2683 4310 τοῦ
2731 4258 2939 4325 κόσμου
2986 4253 3084 4323 τὴν
3132 4251 3384 4323 ὓπαρξιν,
3436 4252 3530 4303 καὶ
3584 4248 3853 4301 συναῖδιον
3891 4244 3964 4313 τῷ

2402 4350 2604 4420 Πατρί;
2633 4346 2748 4402 ἀλλ’
2778 4347 2878 4400 οὐκ
2920 4345 2987 4398 ἂν
3016 4343 3308 4398 ὲνδοιάσειέ
3357 4359 3441 4406 τις
3485 4340 3592 4394 τῶν
3637 4336 3697 4393 εὖ
3756 4340 3965 4409 φρονεῖν

2401 4438 2690 4492 εἰωθότων.
2720 4437 2845 4490 Ὅτε
2870 4435 3048 4489 τοίνυν
3077 4433 3267 4489 ἑαυτὸν
3294 4432 3567 4491 κεκένωκε
3608 4430 3820 4501 μορφὴν
3848 4426 3961 4482 eos-

730 4527 1050 4590 exinanivit,
1076 4527 1304 4583 formam
1342 4526 1480 4580 servi
1513 4526 1782 4595 accipiens
1800 4528 1884 4593 δ’,
1922 4536 2032 4581 tum
2070 4529 2291 4597 denique

2401 4532 2491 4584 λου
2529 4528 2730 4592 λαϐὼν,
2767 4528 2885 4581 τότε
2916 4526 3002 4597 δὴ,
3034 4526 3154 4579 τότε
3188 4525 3282 4581 καὶ
3315 4526 3395 4586 εἰς
3441 4523 3541 4594 τὴν
3567 4521 3794 4576 ἐνοῦσαν
3822 4516 3963 4589 αὐτῷ

734 4619 891 4673 etiam
926 4617 989 4673 ad
1015 4632 1133 4670 eam
1170 4618 1394 4684 gloriam
1423 4632 1542 4686 qua:
1572 4618 1674 4675 sibi
1713 4619 2007 4673 secundum
2053 4627 2298 4671 naturam

730 4712 925 4773 inerat,
950 4725 1070 4766 cum
1105 4709 1252 4763 unita
1281 4710 1380 4763 sibi
1418 4723 1632 4777 qnoque
1670 4723 1835 4764 carne
1880 4710 2058 4764 redire
2087 4708 2297 4770 volens,

727 4811 1030 4870 opportune
1080 4799 1311 4854 dixitzs
1352 4798 1599 4853 Clarilica
1664 4814 1749 4853 me
1809 4808 1886 4863 tu,
1946 4798 2126 4863 Pater,
2158 4798 2297 4867 apud

730 4900 1053 4959 temetpsum
1092 4889 1338 4942 claritate
1385 4904 1545 4957 quam
1591 4890 1754 4945 habui
1796 4891 2103 4958 priusquam
2139 4904 2296 4942 mun-

728 4989 827 5037 dus
860 4990 1024 5045 esset,
1053 4982 1192 5050 apud
1222 4992 1300 5046 te;
1341 4990 1400 5033 ut
1440 4980 1672 5035 mundus
1721 4982 1905 5036 credat
1951 4981 2073 5050 quia
2124 4991 2178 5035 tu
2211 4996 2297 5035 me

728 5070 950 5124 misisti.
988 5069 1050 5123 Et
1078 5084 1178 5139 ego
1205 5069 1503 5123 claritatem
1537 5085 1701 5139 quam
1742 5070 1938 5125 dedisti
1982 5071 2136 5133 mihi,
2172 5069 2292 5135 dedi

725 5164 826 5225 eis,
863 5170 923 5213 ut
944 5161 1056 5216 sint
1084 5176 1270 5225 unum,
1308 5161 1448 5215 sicut
1481 5176 1578 5215 nos
1611 5175 1800 5217 unum.
1834 5160 1945 5229 Ego
1974 5160 2025 5214 iu
2059 5161 2207 5229 ipsis,
2240 5171 2293 5215 et

728 5260 782 5301 tu
814 5251 867 5301 in
906 5264 1028 5314 me;
1078 5258 1136 5301 ut
1176 5248 1285 5302 sint
1327 5250 1681 5304 consummati
1728 5249 1781 5303 in
1826 5266 1991 5304 unum
2018 5250 2080 5303 ".
2125 5266 2145 5301 ι
2193 5250 2296 5303 Per

730 5340 902 5407 ipsum
941 5340 1105 5407 igitur
1134 5338 1623 5395 reconciliationem
1666 5342 2010 5409 accepimus:
2048 5341 2119 5394 ita
2150 5341 2293 5395 enim

728 5444 861 5500 opus
884 5432 1276 5486 consummavit
1313 5433 1452 5500 quod
1491 5432 1637 5486 dedit
1669 5432 1768 5502 ipsi
1819 5434 1882 5487 ad
1920 5448 2297 5489 consumman-

730 5522 854 5575 dum
892 5522 1069 5578 Pater.
1113 5525 1452 5577 Assertorem
1497 5538 1736 5578 meorum
1776 5525 2064 5579 verborum
2107 5540 2295 5578 rursus

730 5611 910 5666 citabo
940 5612 1151 5668 beatum
1178 5611 1401 5667 Paulum
1424 5614 1495 5668 ita
1524 5615 1849 5671 scribentem
1885 5616 1949 5670 ad
1980 5627 2199 5670 vocatos
2228 5630 2292 5670 ex

810 5787 849 5817 ‘°
888 5786 1045 5843 Joan,
1088 5804 1217 5854 xm,
1258 5788 1451 5846 20-25.
1528 5790 1570 5822 δι
1613 5792 1739 5846 ibid.
1772 5792 1887 5848 6'5.

2403 4620 2544 4676 κατά
2572 4620 2729 4687 φύσιν
2758 4616 3116 4687 ἅναφοιτῆσαι
3145 4613 3301 4679 δόξαν
3333 4613 3552 4675 ἐθέλων,
3586 4612 3677 4665 καί
3707 4611 3845 4682 μετά
3872 4609 3965 4676 τῆς

2401 4711 2691 4782 ἑνωθείσης
2719 4708 2865 4780 αὐτῷ
2892 4707 3090 4779 σαρκὸς
3131 4707 3222 4759 ἐπὶ
3249 4702 3438 4775 καιροῦ
3473 4720 3638 4773 φησισ
3673 4723 3692 4755 r
3741 4700 3963 4768 Δόξασόν

2404 4819 2469 4871 με
2516 4803 2601 4863 σὺ,
2638 4802 2841 4871 Πάτερ,
2883 4798 3034 4868 παρά
3079 4796 3290 4866 σεαυτῷ
3320 4798 3385 4865 τῇ
3420 4795 3545 4865 δόξῃ
3671 4789 3819 4864 εἰχον
3864 4791 3963 4861 πρὸ

2398 4889 2490 4942 τοῦ
2526 4890 2613 4942 τὸν
2654 4889 2856 4957 κόσμον
2902 4882 3043 4939 εἶναι
3090 4884 3240 4954 παρὰ
3292 4884 3391 4947 σοι,
3424 4885 3510 4936 ἶνα
3557 4884 3587 4935 ὀ
3630 4882 3835 4949 κόσμος
3875 4896 3959 4931 πιε

2406 4981 2602 5050 στεύσῃ
2636 4980 2717 5032 ὅτι
2748 4978 2811 5031 σύ
2847 4992 2913 5047 με
2953 4975 3309 5037 ἀπέστειλαςο
3347 4972 3501 5041 κάγὼ
3541 4973 3639 5043 τὴν
3683 4972 3843 5038 δόξαν
3885 4971 3946 5040 ἦν

2400 5073 2635 5133 δέδωκάς
2672 5087 2782 5139 μοι,
2833 5067 3040 5121 δέδωκα
3088 5066 3289 5129 αὐτοῖς,
3340 5066 3429 5119 ἵνα
3471 5058 3602 5118 ὦσιν
3652 5064 3731 5126 ἓν,
3784 5060 3957 5123 καθὼς

2398 5163 2561 5232 ἡμεῖς
2592 5162 2684 5213 ἓν·
2735 5159 2844 5228 ὲγὼ
2880 5161 2938 5211 ὲν
2978 5158 3160 5220 αὐτοῖς
3203 5156 3297 5209 καλ⁸
3343 5157 3405 5209 σὺ
3458 5157 3517 5210 ὲν
3565 5156 3708 5225 ἐμοὶ,
3747 5156 3834 5208 ἴνα
3865 5147 3956 5206 ὦσι

2398 5250 2806 5321 τετελειωμένοι
2840 5250 2920 5312 εἰς
2950 5248 3028 5301 ἓν.
3060 5266 3078 5299 ι
3105 5246 3181 5299 Δι’
3209 5246 3371 5299 αὑτοῦ
3402 5246 3686 5315 τοιγαροῦν
3708 5246 3809 5315 τὴν
3837 5258 3956 5296 κατα

2399 5342 2637 5413 αλλαγὴν
2667 5342 3000 5412 ἐσχήκαμεν·
3032 5339 3347 5392 τετελείωκε
3379 5339 3489 5409 γὰρ
3520 5338 3660 5390 οὕτω
3691 5337 3756 5389 τὸ
3785 5336 3952 5406 ἔργον.

2398 5436 2424 5489 ὃ
2449 5436 2675 5488 δέδωκεν
2704 5430 2852 5502 αὑτῷ
2881 5434 2961 5494 εἰς
2982 5430 3255 5484 τελείωσιν
3302 5432 3330 5482 ὁ
3373 5430 3581 5499 Πατήρ.
3614 5427 3954 5497 Συλλήπτορα

2397 5522 2452 5575 δὲ
2496 5525 2602 5575 τῶν
2634 5521 2781 5592 ὲμὼν
2811 5521 2984 5589 λόγων
3012 5522 3308 5590 ποιήσομαι
3356 5519 3516 5572 πάλιν
3552 5518 3641 5569 τὸν
3675 5516 3953 5587 ἱερώτατον

2399 5614 2628 5680 Παῦλον,
2660 5614 2754 5667 ὡδὶ
2780 5613 3093 5684 γεγραφότα
3123 5615 3231 5675 τοῖς
3269 5612 3326 5676 ἐξ
3377 5611 3543 5671 ἐθνῶν
3571 5610 3950 5681 κεκλημένοις

2040 5791 2269 5862 Philipp.
2310 5808 2365 5857 ιι,
2406 5792 2456 5849 6.
2536 5792 2576 5824 ω
2602 5790 2758 5847 toan.
2792 5788 3206 5857 xv1t,5,2l-25.
