4106 6464
147 441 231 496 2|?
1159 437 1532 494 ADVERSUS
1571 436 1990 495 NESTORIUM
2021 435 2146 491 LIB.
2189 437 2254 490 ν.
3253 431 3363 486 218

151 583 164 612 ι
196 560 312 614 Νυνὶ
337 559 388 611 δὲ
414 560 470 612 ὲν
498 559 725 629 Χριστῷ
765 557 937 628 Ἰησοῦ
974 559 1133 629 ὑμεῖς
1162 561 1212 612 οἰ
1246 561 1374 615 ποτὲ
1405 561 1554 624 ὄντες
1588 577 1690 631 μα·-
1717 565 1760 622 Α

1738 561 2041 631 lgentibus
2070 577 2083 614 :
2117 577 2134 612 ι
2183 557 2334 613 Nunc
2381 565 2560 611 autem
2605 555 2657 609 in
2707 553 2923 610 Christo
2964 552 3090 608 Jesu
3141 565 3234 606 vos
3271 548 3359 620 qui

147 651 279 719 κράν,
316 649 608 718 ἐγενήθητε
645 650 811 718 ἐγγὺς
851 651 908 701 ὲν
943 649 1024 718 τῷ
1074 649 1267 720 αἵματι
1298 650 1392 702 τοῦ
1427 650 1688 720 Χριστοῦ.

1796 653 1963 706 eratis
2011 653 2200 721 longe,
2248 649 2375 704 facti
2421 648 2552 703 estis
2602 661 2766 716 prope
2811 647 2861 700 in
2902 645 3165 713 sanguine
3200 640 3364 698 Chri-

147 744 288 806 Αὺτὸς
314 742 415 809 γάρ
440 743 588 792 ἑστιν
622 742 656 810 ἠ
691 742 877 810 εἰρήνη
921 740 1097 809 ἡμῶν,
1141 743 1168 794 ὁ
1198 742 1428 811 ποιήσας
1467 742 1535 794 τὰ
1582 742 1692 811 ἀμ-

1797 744 1886 798 sti.
1949 743 2066 812 lpse
2118 751 2201 796 est
2237 741 2379 796 enim
2434 754 2534 808 pax
2577 747 2781 802 nostra,
2823 752 2918 806 qut
2969 736 3094 790 fecit
3139 745 3367 803 utraque

147 836 316 903 φὸτερα
352 833 443 885 ἓν·
491 833 676 886 καὶτὸ
709 833 1023 905 μεσότοιχον
1064 832 1156 886 τοῦ
1204 833 1459 903 φραγμοῦ
1502 833 1689 895 λύσας,

1797 852 1998 900 unmn;
2061 845 2115 889 et
2175 834 2407 888 medium
2474 832 2730 902 parietem
2794 830 3042 883 maceriae
3108 833 3362 890 solvens,

145 925 226 992 τὴν
259 924 448 994 ἔχθραν
492 927 551 976 ὲν
581 927 648 993 τῇ
683 927 848 988 σαρκὶ
893 923 1078 988 αὑτοῦ,
1110 924 1202 978 τὸν
1247 925 1411 993 νόμον
1451 925 1558 978 τῶν
1603 926 1690 976 ὲνο

1796 924 2108 979 inimicitias
2170 924 2222 978 in
2298 936 2461 976 carne
2534 935 2670 984 sua,
2749 919 2916 988 legem
2987 923 3364 972 mandatormu

145 1016 284 1067 τολῶν
313 1017 367 1066 ἰν
413 1015 648 1085 δόγμασι
694 1018 1071 1086 καταργήσας,
1113 1017 1197 1068 ἵνα
1230 1016 1358 1081 τοὺς
1400 1015 1494 1070 δύο
1533 1017 1689 1088 κτίσῃ

1795 1017 1850 1071 in
1913 1016 2145 1070 decretis
2203 1027 2506 1078 evacuans,
2566 1021 2626 1066 ut
2681 1016 2817 1066 duos
2878 1013 3072 1066 condat
3129 1010 3184 1063 in
3253 1009 3369 1078 ipso

146 1106 190 1156 ἑν
223 1105 362 1174 αὐτῷ
393 1106 468 1168 εἰς
517 1106 618 1158 ἕνα
666 1107 850 1158 καινὸν
901 1107 1205 1175 ἄνθρωπον,
1246 1107 1413 1160 ποιῶν
1445 1109 1686 1178 εἰρήνην,

1795 1107 1847 1161 in
1881 1121 2042 1161 unum
2079 1122 2271 1160 novum
2319 1108 2613 1169 hominem,
2664 1104 2866 1158 iaciens
2919 1118 3128 1172 pacem,
3191 1111 3245 1156 et
3284 1115 3369 1155 re-

145 1199 218 1248 καί
249 1197 660 1268 ἀποκαταλλάξῃ
711 1199 835 1261 τοὺς
879 1199 1219 1269 ἀμφοτέρους
1265 1201 1320 1251 ὲν
1365 1199 1444 1251 ἑνὶ
1478 1198 1691 1268 σώματι

1794 1199 2043 1254 conciliet
2084 1197 2240 1268 125
2270 1198 2457 1250 ambos
2491 1197 2542 1250 in
2571 1211 2676 1250 uno
2700 1210 2927 1265 corpore
2969 1195 3075 1248 Deo
3109 1207 3205 1260 per
3243 1206 3368 1245 cru-

143 1287 204 1355 τῷ
235 1287 341 1355 Θεῷ
368 1288 451 1339 διὰ
483 1289 577 1340 τοῦ
632 1289 885 1359 σταυροῦ,
921 1290 1248 1345 ἀποκτείνας
1273 1289 1372 1360 τὴν
1403 1288 1601 1360 ἔχθραν
1632 1291 1689 1341 ἐν

1793 1305 1932 1354 cem,
1969 1291 2303 1344 interﬁcrens
2348 1287 2655 1342 inimicitias
2703 1289 2753 1339 in
2795 1288 3103 1353 semetipso.
3164 1284 3228 1336 Et
3275 1297 3367 1334 vn—

144 1379 282 1450 αὺτῷ.
321 1380 426 1435 Καὶ
478 1379 652 1433 ἐλθὼν
706 1380 1096 1449 εὐηγγελίσατο
1137 1381 1359 1451 εἰρήνην
1405 1380 1531 1449 ὑμῖν
1578 1382 1689 1441 τοῖς

1793 1383 1948 1436 niens
1987 1379 2375 1446 evangelizavit
2423 1393 2606 1446 pacem
2655 1378 2807 1431 vobis
2833 1377 2920 1443 qui
2971 1374 3128 1442 longe
3169 1371 3367 1435 fuistis.

147 1474 352 1542 μακρὰν,
401 1473 497 1525 καὶ
549 1474 666 1535 τοῖς
715 1471 906 1540 ἐγγύς.
950 1491 969 1525 ι
1004 1472 1112 1526 Καὶ
1145 1473 1250 1542 μὴν
1276 1473 1370 1524 καὶ⁵
1424 1471 1687 1541 ἑτέρωθιο

1789 1483 1842 1527 et
1883 1473 1970 1541 qui
2009 1487 2174 1542 prope
2206 1471 2268 1524 “.
2303 1490 2319 1522 ι
2344 1470 2644 1536 Quinetiam
2683 1468 2809 1522 alibi
2844 1484 2856 1520 :
2896 1485 2913 1518 ι
2943 1464 3230 1519 Justiﬁcati
3264 1461 3368 1530 igi-

147 1582 161 1611 ‹
209 1561 584 1625 Δικαιωθέντες
637 1558 730 1616 οὖν
783 1564 850 1615 ὲκ
897 1563 1166 1626 πίστεως,
1217 1564 1442 1632 εἰρήνην
1490 1561 1686 1631 ἔχομεν

1793 1574 1878 1618 tur
1902 1578 1965 1617 ex
1992 1564 2115 1626 ﬁde,
2147 1578 2332 1633 pacem
2370 1563 2628 1617 habemus
2653 1561 2720 1614 ad
2761 1560 2922 1614 Deum
2962 1574 3056 1628 per
3084 1556 3366 1610 Dominum

145 1654 256 1722 πρὸς
299 1655 386 1707 τὸν
434 1653 568 1708 Θεὸν
618 1654 706 1706 διὰ
736 1653 828 1707 τοῦ
879 1654 1084 1724 Κυρίου
1133 1653 1291 1724 ἡμῶν
1348 1652 1519 1723 Ἰησοῦ
1551 1653 1684 1721 Χρι-

1791 1665 2034 1710 nostrum
2089 1653 2270 1709 Jesum
2321 1653 2596 1708 Christum
2639 1653 2704 1704 ".
2745 1671 2765 1703 ι
2814 1650 2982 1721 Igitur
3030 1645 3365 1702 reconciliati

144 1742 266 1797 στοῦ.
307 1763 324 1794 ι
356 1745 565 1798 Οὐκοῦν
601 1745 1029 1814 κατηλλάγμεθα
1077 1743 1154 1814 τῷ
1202 1741 1322 1813 Θεῷ
1370 1743 1463 1795 καὶ
1511 1742 1685 1812 Πατρὶ

1787 1763 1974 1803 sumus
2023 1747 2134 1801 Deo
2170 1759 2225 1800 et
2270 1747 2416 1800 Patri
2465 1761 2560 1814 per
2613 1753 2838 1799 mortem
2895 1741 3012 1797 Filii
3067 1741 3199 1807 ejus,
3239 1755 3368 1792 eva-

141 1838 212 1890 8ιά
253 1835 340 1888 τοῦ
391 1836 627 1889 Θανάτου
662 1835 756 1888 τοῦ
803 1834 935 1887 Υἰοῦ
989 1833 1176 1896 αὑτοῦ,
1211 1833 1683 1903 καταργήσαντος,

1789 1848 1987 1893 ouante
2019 1853 2082 1893 eo
2118 1839 2195 1891 vel
2228 1837 2585 1891 interﬁciente
2619 1835 2929 1888 inimicitias
2964 1834 3015 1886 in
3044 1846 3205 1884 carne
3247 1846 3364 1896 sua,

141 1931 282 1999 ἤγουν
305 1928 720 1991 ἀποκτείναντος
755 1927 852 1996 τὴν
881 1925 1078 1996 ἔχθραν
1110 1926 1166 1976 ὲν
1196 1929 1259 1995 τῇ
1296 1926 1458 1995 σαρκὶ
1499 1923 1682 1987 αὑτοῦ,
1719 1913 1759 1966 Β

1745 1914 1935 2000 ‘juxta
1971 1944 2246 1983 sacrarum
2278 1929 2606 1981 Litterarum
2641 1926 2819 1978 ﬁdem.
2861 1924 2938 1977 Tu
2985 1937 3114 1976 vero
3148 1923 3366 1989 dispen-

141 2022 259 2074 πιατά
295 2037 357 2088 γε
395 2019 492 2090 τὴν
533 2021 722 2073 πίστιν
759 2019 866 2072 τῶν
915 2016 1077 2088 ἱερῶν
1103 2016 1470 2086 Γραμμάτων.
1507 2016 1686 2066 ’Λναι-

1789 2021 2012 2075 sationis
2046 2021 2286 2073 rationes
2335 2019 2566 2080 evertis,
2615 2026 2670 2070 et
2722 2030 2940 2069 recusas
2989 2013 3239 2069 conﬁteri
3277 2013 3367 2065 Dei

143 2112 236 2182 ρεῖς
258 2112 310 2164 δὲ
337 2113 461 2174 τοὺς
489 2111 689 2176 λόγους
728 2110 827 2178 τῆς
859 2107 1170 2177 οἰκονομίας
1218 2106 1399 2169 αὐτὸς.
1429 2105 1522 2159 καὶ
1553 2106 1686 2174 ὁμο-

1790 2111 2022 2167 Verhum
2066 2125 2164 2180 pro
2203 2108 2358 2164 nobis
2391 2124 2553 2162 carne
2592 2123 2831 2174 passum,
2874 2105 3195 2160 commentis
3241 2104 3365 2172 qui-

140 2205 286 2270 λογεῖν
317 2203 412 2254 οὐκ
451 2200 647 2264 ἀξιοῖς,
683 2199 765 2252 ὃτι
805 2199 970 2267 σαρκὶ
1000 2197 1266 2250 πέπονθεν
1303 2197 1443 2266 ὑπὲρ
1473 2194 1629 2264 ἡμῶν
1659 2195 1687 2246 ὁ

1789 2204 2018 2258 busdam
2055 2202 2480 2271 imperitisusus
2508 2217 2521 2252 :
2549 2214 2744 2253 nomen
2769 2199 2910 2252 enim
2943 2195 3271 2259 Filii,Verho
3300 2210 3367 2249 ex

141 2293 216 2346 τοῦ
245 2291 368 2346 Θεοῦ
401 2293 596 2358 Λόγος,
634 2288 1026 2360 εὑρεσιλογίαις
1059 2288 1198 2339 τισὶν
1231 2286 1512 2349 ἀσυνέτοις
1543 2283 1688 2355 χρώ-

1790 2293 1902 2348 Deo
1935 2293 2117 2361 genito
2169 2306 2231 2344 ac
2268 2292 2422 2344 nobis
2477 2291 2604 2359 ipsis
2661 2303 2949 2344 commune
3001 2301 3122 2341 esse
3176 2287 3360 2341 dicis:

144 2400 303 2452 μενος·
356 2383 536 2436 κοινὸν
581 2381 691 2451 γὰρ
736 2380 904 2450 ὄνομα
948 2378 1053 2447 φὴς
1099 2376 1175 2444 τῷ
1226 2377 1291 2428 ὲκ
1341 2376 1477 2428 Θεοῦ
1530 2375 1688 2442 φύντι

1791 2384 1987 2439 deinde
2016 2385 2278 2437 bonorum
2319 2382 2370 2434 in
2409 2396 2508 2435 nos
2555 2381 2874 2434 collatorum
2907 2379 3053 2432 illum
3105 2393 3226 2432 esse
3265 2393 3365 2431 au-

141 2477 288 2546 Λόγῳ,
318 2479 407 2529 καὶ
445 2477 579 2545 ἡμῖν
605 2474 810 2536 αὐτοῖς,
832 2472 912 2536 τδ,
945 2469 1092 2532 Υἱός.
1129 2464 1262 2521 Εἶτα
1293 2466 1399 2519 τῶν
1432 2468 1512 2528 εἰς
1540 2467 1686 2535 ἡμᾶς

1791 2484 1996 2528 ctorem
2055 2487 2275 2542 negans,
2333 2486 2428 2540 per
2487 2484 2646 2539 quem
2686 2468 2878 2522 salvati
2937 2483 3146 2532 sumus,
3203 2468 3366 2522 Deum

141 2566 406 2632 γεγονότων
441 2563 692 2631 ἀγαθῶν,
729 2561 900 2630 ἀεργῆ
937 2559 1196 2622 καθιστὰς
1240 2557 1351 2620 τὸν,
1385 2556 1451 2610 δι’
1495 2551 1555 2610 οἶ)
1599 2573 1686 2609 σεο

1795 2565 2050 2627 Verlmm,
2083 2572 2337 2632 tanquam
2359 2562 2514 2614 alteri
2547 2562 2616 2614 ah
2641 2561 2730 2614 illo
2753 2572 2806 2614 et
2837 2563 3064 2614 seorsim
3093 2561 3369 2614 intellecto

143 2657 368 2725 σώσμεθα
411 2655 548 2709 Θεδν
579 2653 770 2720 Λόγον,
800 2650 874 2713 ὡς
923 2650 1093 2719 ἑτέρῳ
1124 2649 1253 2720 παρ’
1280 2647 1441 2700 αὑτὸν
1475 2647 1570 2699 καὶ
1599 2645 1690 2698 ἰδι-

1794 2657 1882 2709 uni
1917 2671 1981 2710 ex
2012 2664 2200 2709 nostro
2231 2667 2474 2716 numero,
2506 2667 2567 2706 ea
2611 2661 2832 2722 propter
2863 2667 2981 2720 qurc
3014 2652 3364 2719 gloriﬁcatur,

140 2747 227 2809 iub;
255 2747 522 2818 νοουμένῳ
551 2744 660 2797 τῶν
689 2741 812 2795 καθ’
843 2741 987 2809 ἡμᾶς
1016 2740 1116 2801 ἐνὶ,
1146 2740 1215 2791 τά
1244 2740 1326 2807 ἐφ’
1360 2734 1440 2800 οἷς
1475 2735 1690 2802 δοξάζε-

1795 2749 2034 2803 tribuere
2072 2757 2257 2818 aperte
2288 2744 2708 2813 deprehenderis
2735 2762 2748 2798 :
2782 2759 2844 2798 ac
2868 2754 3028 2814 putas
3055 2745 3119 2797 ad
3149 2757 3213 2796 ea
3234 2757 3367 2797 con-

139 2853 210 2890 m
235 2834 685 2908 προσνενεμηκὼς
714 2831 898 2898 ἀλὼση
945 2829 1150 2898 σαφῶς.
1198 2829 1311 2880 Οἴει
1339 2827 1395 2880 δέ
1441 2843 1524 2879 σοι
1555 2827 1690 2896 πρὸς

1794 2839 2052 2894 ﬁrmanda
2082 2854 2200 2908 quae
2227 2837 2432 2902 dixisti,
2462 2846 2517 2890 et
2555 2850 2674 2905 qua
2716 2849 2822 2888 non
2855 2843 3003 2890 recte
3047 2835 3236 2897 sentis,
3273 2834 3364 2888 tibi

139 2927 382 2993 ἀπόδειξιν
408 2923 484 2980 ὧν
521 2927 662 2994 ἔφην
683 2924 792 2995 [Ion
817 2921 999 2992 ἐφης],
1023 2921 1118 2974 καὶ
1151 2920 1256 2991 μὴν
1283 2921 1377 2972 καὶ
1409 2918 1682 2989 πεφρόνη-

1792 2931 1928 2985 satis
1971 2943 2243 2998 superque
2296 2927 2532 2981 futuram
2576 2929 2747 2994 ipsam
2787 2927 3213 2996 homonymiam;
3260 2939 3367 2978 non

140 3033 222 3078 κας
246 3017 335 3069 οὐκ
357 3016 558 3086 ὀρθῶς,
584 3015 918 3083 ἀποχρήσειν
945 3009 1003 3065 εὖ
1037 3011 1184 3082 μάλα
1213 3011 1311 3082 τὴν
1339 3010 1680 3082 ὁμωνυμίανσ

1793 3023 2082 3079 advertens
2111 3020 2278 3074 etiam
2313 3019 2356 3073 si
2397 3032 2518 3071 cum
2552 3017 2616 3071 iis
2647 3032 2765 3084 quze
2795 3017 3088 3070 secundum
3121 3025 3365 3069 naturam

137 3107 217 3158 οὐκ
242 3107 425 3159 ἐννοῶν
451 3106 540 3158 ὅτι
570 3103 675 3157 κᾶν
708 3105 819 3165 τοῖς
853 3103 994 3155 κατά
1037 3101 1196 3169 φύσιν
1227 3097 1365 3154 εἷναί
1398 3118 1452 3152 τι
1495 3098 1690 3170 λαχοῦ-

1794 3116 1994 3170 habent
2041 3121 2098 3167 ut
2131 3112 2241 3166 sint
2275 3108 2498 3178 aliquid,
2555 3107 2822 3162 nonnullas
2865 3107 2985 3160 alim
3039 3121 3125 3160 res
3177 3107 3367 3160 eodem

139 3211 223 3258 σιν,
256 3195 559 3266 ὁμωνύμως
589 3193 752 3264 ἔτερα
779 3191 1006 3259 λέγηται
1034 3189 1141 3242 τῶν
1190 3188 1357 3242 ὄντων
1385 3187 1528 3250 τινὰ,
1568 3188 1692 3257 οὐχὶ
1718 3232 1759 3289 c

1747 3233 1759 3287 Ξ
1794 3203 2013 3257 nomine
2048 3212 2328 3264 vocentur,
2367 3215 2473 3253 non
2517 3215 2581 3252 ea
2627 3201 2694 3252 de
2736 3214 2899 3253 causa
2941 3197 3026 3252 illa
3055 3198 3368 3265 expellenda

136 3287 307 3358 ταύτης
343 3289 504 3342 ἕνεκα
553 3285 653 3355 τῆς
687 3283 866 3344 αἰτίας
912 3281 1174 3348 ὲξωστέον
1205 3279 1274 3332 τὰ
1323 3279 1466 3332 κατά
1498 3277 1680 3347 φύσιν,
1721 3277 1757 3289 “

1744 3277 1759 3288 ”
1793 3308 1913 3348 esse
1954 3308 2073 3361 quae
2110 3301 2236 3345 sunt
2273 3293 2568 3345 secundum
2601 3297 2846 3343 naturam
2889 3288 3099 3342 illorum
3127 3289 3365 3357 propria,

137 3379 478 3448 περιτιθέντας
505 3379 596 3431 ἀεὶ
632 3377 701 3431 τά
745 3374 940 3436 αὐτῶν,
978 3376 1090 3436 τοῖς
1124 3372 1265 3427 κατὰ
1311 3372 1482 3436 θέσιν,
1527 3371 1560 3442 ἢ
1595 3373 1686 3443 μί-

1795 3383 1860 3437 iis
1893 3396 2105 3451 semper
2149 3381 2434 3436 tribuendo
2465 3394 2587 3449 quae
2627 3394 2693 3434 ex
2726 3379 2992 3448 positione
3025 3388 3118 3432 aut
3145 3393 3210 3433 ex
3245 3377 3367 3432 imi-

140 3487 295 3539 μησιν.
329 3474 418 3522 Δεῖ
447 3471 532 3532 δὲ,
566 3465 745 3537 οἶμαι,
776 3467 874 3529 τὰς
897 3466 1002 3518 τῶν
1021 3466 1313 3536 δρωμένων
1345 3466 1432 3520 ἀεὶ
1458 3465 1686 3535 δοκιμά-

1794 3475 1996 3530 tatione
2043 3473 2297 3529 dicuntur
2338 3491 2350 3526 :
2401 3471 2493 3525 sed
2527 3479 2761 3541 oportet,
2811 3480 2868 3524 ut
2919 3472 3130 3540 opinor,
3177 3485 3368 3525 eorum

138 3561 293 3623 ζεσθαι
338 3575 554 3628 φυσεις,
591 3557 684 3610 καὶ
721 3553 802 3620 οἷς
853 3559 918 3609 ἂν
951 3556 1186 3625 μάλιστα
1220 3556 1419 3627 πρέποι
1454 3555 1684 3626 προσνέ-

1792 3578 1910 3631 quze
1938 3571 2200 3630 geruntur
2231 3561 2440 3630 exquiri
2469 3571 2714 3626 naturas,
2744 3568 2796 3614 et
2821 3574 2882 3614 ea
2911 3559 3110 3628 quibus
3137 3559 3368 3613 maxime

141 3668 238 3718 μειν
281 3653 434 3706 αὑτά.
470 3645 624 3711 Οἷον,
663 3648 794 3719 φέρε
846 3647 1039 3707 εἰπεῖν,
1079 3645 1210 3708 Θεὸς
1242 3647 1550 3714 ὠνόμασται
1595 3643 1688 3698 καὶ

1791 3651 2066 3715 convenit,
2101 3651 2416 3705 attribuere.
2452 3651 2613 3704 Verbi
2650 3650 2846 3716 gratia,
2873 3649 3034 3704 Pater
3069 3651 3183 3718 ipse
3209 3660 3291 3704 est
3315 3658 3369 3704 et

138 3745 230 3796 ἔστι
267 3746 404 3798 κατά
450 3742 712 3811 ἀλήθειαν
760 3739 790 3791 ὁ
833 3739 1054 3807 Πατήρ·
1098 3756 1116 3788 ι
1171 3737 1256 3803 Ἐξ
1290 3736 1455 3792 αὑτοῦ
1489 3737 1545 3789 δὲ
1592 3736 1686 3788 καὶ

1792 3743 2096 3812 appellatur
2129 3741 2308 3796 Deus:
2343 3760 2362 3792 ‹
2393 3740 2469 3795 Ex
2508 3741 2622 3810 ipso
2654 3751 2832 3794 autem
2861 3742 3024 3794 etiam
3054 3740 3232 3801 omnis
3271 3755 3369 3808 pa-

139 3838 266 3890 πᾶσα
293 3838 520 3909 πατριὰ,
563 3835 618 3888 ἔν
655 3849 716 3885 τε
766 3828 980 3902 οὐρανῷ
1028 3829 1122 3882 καὶ
1167 3827 1260 3880 ὲπὶ
1292 3828 1395 3897 γῆς
1422 3825 1685 3895 ὀνομάζε-

1792 3832 2019 3886 ternitas
2045 3831 2096 3884 in
2123 3831 2258 3884 cmlo
2280 3839 2335 3883 et
2366 3831 2416 3883 in
2453 3839 2591 3883 terra
2620 3830 2950 3894 nominatur,
2981 3849 3000 3883 ι
3031 3840 3088 3883 ut
3109 3831 3367 3897 scriptum

136 3944 224 3991 ται,
259 3947 276 3980 ›
314 3930 453 3983 κατά
492 3927 556 3982 τὸ
593 3923 994 3995 γεγραμμένον.
1047 3921 1185 3974 Ἀλλ’
1221 3920 1330 3973 εἰσὶ
1382 3919 1474 3974 καὶ
1503 3918 1682 3989 ἕτεροι

1790 3932 1874 3978 est
1899 3921 1988 3975 “‘.
2027 3920 2316 3974 Sunt'vcro
2341 3921 2500 3974 nobis
2534 3920 2624 3974 alii
2650 3930 2704 3975 et
2737 3921 2982 3983 carnales
3011 3931 3064 3976 et
3096 3921 3367 3988 spiritales

140 4021 356 4089 σαρκικοί
408 4036 468 4070 τε
529 4015 802 4085 ἡμῖν-καὶ
849 4015 1209 4083 πνευματικοὶ
1259 4011 1511 4079 πατέρες.
1551 4005 1678 4080 'Ap'

1791 4023 1992 4082 patres.
2019 4009 2158 4065 Num
2185 4011 2347 4081 igitur
2376 4011 2419 4065 si
2447 4010 2574 4080 quid
2605 4025 2667 4064 ex
2695 4012 2776 4064 his
2806 4026 2923 4080 qum
2949 4012 3180 4066 maxime
3202 4009 3367 4066 Deum

136 4105 226 4171 οὖν,
257 4113 305 4164 ετ
325 4130 374 4165 τι
395 4111 614 4178 λέγοιτο
641 4106 749 4160 τῶν
781 4106 1267 4176 θεοπρεπεστάτων
1295 4100 1528 4173 περὶτοῦ
1545 4098 1680 4152 Θεοῦ

1790 4104 2002 4168 decent,
2040 4104 2107 4157 de
2142 4103 2253 4157 Deo
2298 4117 2362 4156 ac
2411 4101 2568 4156 Patre
2612 4104 2848 4169 dicatur,
2898 4104 3036 4158 idem
3086 4106 3373 4159 conveniet

138 4200 214 4251 xui
252 4201 499 4272 Πατρδς,
563 4195 853 4267 ἀρμόσειεν
892 4193 959 4246 ἂν
1009 4193 1105 4246 καλ⁵
1166 4194 1278 4254 τοῖς
1331 4189 1475 4243 κατά
1536 4187 1683 4240 θέσιν

1790 4196 1854 4249 iis
1894 4196 1983 4264 qui
2025 4195 2320 4250 secundum
2359 4193 2683 4262 positionem
2721 4195 2966 4248 eamdem
2995 4209 3115 4248 cum
3141 4195 3230 4248 illo
3253 4207 3371 4249 sor-

136 4290 215 4360 τὴν
240 4292 398 4362 αὐτὴν
443 4287 644 4357 ἐκείνῳ
687 4285 911 4356 λαχοῦσι
945 4282 1156 4350 κλῆσιν,
1193 4283 1286 4335 καὶ
1327 4281 1360 4335 ὁ
1398 4279 1498 4348 τῆς
1540 4280 1686 4347 ὀμω-

1789 4287 1872 4342 titi
1901 4293 2028 4340 sunt
2053 4285 2486 4354 appellationem,
2519 4293 2573 4337 et
2601 4285 2959 4354 homonymiaa
2988 4295 3171 4352 tmpus
3193 4287 3365 4353 ipsum

136 4383 299 4452 νυμίας
350 4383 558 4454 τρόπος
601 4378 706 4432 τῶν
746 4375 896 4447 αὑτῷ
953 4376 1047 4429 καὶ
1092 4375 1238 4445 μόνῳ
1297 4369 1682 4444 πρεπωδεστά-

1791 4378 1858 4433 iis
1886 4377 2138 4447 spoliabit
2181 4390 2300 4444 qut'e
2347 4374 2422 4428 illi
2470 4383 2523 4428 et
2569 4374 2669 4428 soli
2723 4375 2957 4429 maxime
3000 4376 3368 4430 conveniunt?

135 4486 221 4524 των
258 4472 505 4538 ὲξὼσειεν
561 4467 626 4522 ἀν
675 4466 872 4532 αὑτόν;
923 4465 1118 4519 Καίτοι
1167 4463 1284 4526 πῶς
1332 4463 1430 4531 οὐχ
1481 4461 1682 4514 ἅπασιν

1788 4468 1948 4537 Atqui
1985 4466 2255 4537 quomodo
2290 4480 2398 4519 non
2453 4465 2523 4519 sit
2572 4465 2824 4520 omnibus
2859 4468 3224 4536 perspicuum,
3273 4469 3368 4524 ab-

134 4563 349 4631 ἰναργὲς,
382 4563 461 4625 ὡς
503 4558 730 4612 ἔκτοπόν
778 4573 838 4609 τε
885 4557 977 4609 καὶ
1021 4553 1230 4624 ἀπηχὲς
1273 4553 1355 4617 τὸ,
1386 4547 1490 4605 ὧδέ
1531 4568 1683 4611 τινας
1715 4581 1755 4634 Β

1747 4585 1761 4630 ι
1788 4559 2010 4613 surdum
2042 4571 2164 4628 esse
2187 4566 2241 4610 et
2263 4555 2524 4610 absonum
2551 4557 2762 4624 aliquos
2785 4571 2816 4611 e
2845 4559 3047 4613 nostris
3067 4560 3144 4615 sic
3167 4562 3368 4615 sentire

133 4650 218 4703 τῶν
261 4653 314 4705 tv
358 4655 497 4723 ἡμῖν
535 4647 751 4702 ἑλέσθαι
783 4647 1019 4717 φρονεῖν,
1065 4646 1099 4715 ἢ
1138 4643 1354 4712 λέγεινς
1388 4642 1453 4695 Τί
1498 4643 1680 4695 τοίνυν

1783 4665 1848 4704 ac
1881 4649 2025 4718 loqui
2057 4647 2192 4701 velle
2213 4647 2238 4698 i
2265 4646 2376 4700 Cur
2413 4647 2576 4716 igitur
2604 4649 2760 4703 nobis
2787 4649 3188 4723 homonymiam
3224 4643 3364 4707 assii

131 4745 238 4811 ἡμῖν
282 4722 388 4815 τὴν
432 4741 750 4813 ὁμωνυμίαν
798 4736 1079 4806 ἀειλογῶν,
1129 4735 1221 4788 τὸν
1266 4735 1426 4804 φύσει
1471 4751 1531 4786 τε
1584 4733 1680 4787 καὶ

1781 4742 1886 4794 duc
1914 4748 2188 4808 repetens,
2221 4736 2368 4792 illum
2394 4753 2460 4792 ex
2485 4750 2678 4792 natura
2715 4722 3176 4809 vereque'Filium
3201 4742 3364 4796 dede-

132 4834 315 4901 ἀληθῶς
352 4833 644 4904 ἀτιμάζεις
678 4830 840 4895 Υἱόν;
871 4830 979 4882 τῶν
1011 4830 1088 4890 εἰς
1119 4829 1268 4898 ἡμᾶς
1302 4825 1676 4896 εὐεργετημά-

1780 4844 1958 4894 coras,
1985 4837 2042 4881 ut
2068 4827 2456 4883 beneﬁciorum
2487 4828 2539 4881 in
2569 4843 2667 4882 nos
2703 4827 3026 4884 collatorunt
3058 4845 3164 4884 non
3197 4833 3363 4888 fuisse

129 4926 217 4978 τῶν
241 4927 337 4992 ἐξω
366 4942 432 4980 τε
457 4924 648 4988 τιθεὶς,
683 4923 777 4975 καὶ
806 4921 1082 4990 ἀλλότριον
1121 4916 1436 4986 ἀποφαίνων
1456 4934 1468 4946 ο
1499 4917 1676 4969 καίτοι

1782 4920 1932 4973 illum
1961 4928 2236 4974 auctorem
2256 4934 2494 4984 asseras,
2528 4928 2582 4972 et
2615 4919 2846 4974 alienum
2868 4922 3206 4990 pronunties,
3235 4939 3359 4977 cum

129 5015 226 5068 δέον
263 5016 539 5082 συλλέγειν
573 5015 651 5076 εἰς
677 5012 870 5064 ἕνωσιν
904 5010 940 5064 ἀ
978 5009 1184 5079 διιστᾷν
1225 5007 1531 5076 ὁλοτρόπως
1575 5008 1676 5059 οὐκ

1781 5011 2036 5081 colligere
2067 5011 2120 5066 in
2155 5012 2408 5064 unionem
2443 5011 2688 5075 deberes,
2719 5027 2839 5082 qua:
2871 5014 3095 5068 omnino
3121 5015 3369 5070 dividere

130 5107 379 5179 ἐρυθριᾷς,
415 5109 512 5160 ἕνα
539 5121 596 5158 τε
628 5105 768 5159 νοεῖν
815 5102 951 5173 μετά
978 5099 1076 5168 τῆς
1119 5100 1254 5162 ἰδίας
1282 5097 1444 5150 αὑτοῦ
1478 5097 1678 5166 σαρκὸς

1785 5117 1888 5157 non
1929 5101 2229 5166 erubescis,
2259 5111 2314 5156 et
2345 5117 2507 5155 unum
2542 5100 2840 5171 intelligere
2866 5118 2988 5156 cum
3023 5105 3192 5173 ipsius
3236 5121 3357 5174 pro—

129 5203 201 5252 τὸν
231 5205 289 5254 ὲκ
313 5199 452 5254 Θεοῦ
487 5196 698 5266 Πατρὸς
732 5194 922 5262 Λόγον.
969 5190 1210 5262 ἰδρῶτος
1243 5190 1352 5260 γὰρ
1395 5186 1536 5240 οὕτω
1573 5205 1677 5256 μα-

1785 5194 1903 5261 pria
1937 5209 2104 5247 carne
2139 5193 2311 5261 ipsum
2348 5207 2411 5248 ex
2442 5193 2549 5247 Deo
2582 5193 2742 5248 Patre
2765 5193 3035 5248 Verbum?
3065 5195 3174 5250 Hoc
3205 5211 3357 5250 nam-

128 5293 238 5361 κροῦ
266 5293 461 5347 σαυτὸν
488 5285 838 5353 ἀπαλλάξεις,
869 5283 1003 5356 ὀρθά
1028 5301 1085 5335 τε
1113 5279 1489 5351 πεφρονηκὼς,
1521 5279 1675 5332 ἐπαι-

1780 5300 1884 5355 que
1934 5285 1977 5339 si
2027 5284 2214 5348 facies,
2258 5292 2308 5337 te
2342 5284 2516 5353 ipsum
2565 5284 2733 5340 multo
2778 5286 2960 5340 labore
2999 5286 3272 5351 liberabis,
3303 5299 3365 5349 et

128 5383 300 5457 νεθήσῃ
330 5384 519 5438 λοιπόν
543 5398 557 5413 ·
590 5383 686 5436 καὶ
715 5380 913 5448 ἥκιστα
959 5377 1055 5446 μὲν
1102 5374 1350 5444 παθητὴν
1379 5374 1521 5440 ἐρεῖς
1570 5372 1670 5441 τὴν

1773 5377 1997 5445 posthac
2037 5386 2180 5430 recte
2213 5376 2453 5429 sentiens
2487 5375 2810 5440 laudaberis,
2850 5393 3022 5445 neque
3058 5379 3165 5432 ullo
3194 5384 3361 5445 modo,

129 5471 327 5545 θεότητα
359 5474 452 5528 τοῦ
497 5468 840 5538 Μονογενοῧς
865 5483 879 5498 ⁸
923 5466 1278 5537 ὁμολογήσεις
1321 5462 1378 5514 δὲ
1410 5463 1504 5514 σὺν
1539 5462 1670 5530 ἡμῖν

1772 5467 2108 5522 divinitatem
2154 5468 2313 5538 126
2360 5465 2632 5536 Unigeniti
2677 5468 2982 5537 passibilem
3032 5471 3202 5536 dices,
3258 5474 3357 5537 sed

126 5565 193 5617 ὅτι
222 5569 326 5638 ζωὴ
351 5568 445 5621 καὶ
477 5564 737 5632 ζωοποιὺς
772 5561 912 5615 κατά
945 5561 1106 5629 φύσιν
1141 5558 1279 5622 ἐστὶ,
1313 5555 1407 5608 καὶ
1443 5554 1548 5625 μὴν
1577 5553 1670 5606 καὶ

1773 5561 2047 5614 nobiscunt
2102 5558 2356 5615 fateberis
2387 5559 2535 5612 illum
2577 5571 2633 5614 et
2683 5560 2842 5614 vitam
2885 5573 2939 5616 et
2983 5563 3350 5626 viviﬁcantem

131 5656 302 5720 παντὸς
341 5658 594 5711 ἐπέκεινα
634 5653 861 5716 πάθους.
907 5648 1037 5706 Εἶτα
1079 5649 1352 5719 παθούσης
1402 5649 1497 5720 τῆς
1535 5651 1668 5701 ἑνω-

1772 5665 1835 5703 ex
1884 5658 2072 5703 natura
2098 5662 2238 5715 esse,
2270 5659 2428 5718 atque
2451 5649 2616 5703 etiam
2647 5649 2800 5717 longe
2830 5650 2896 5705 ab
2923 5655 3067 5707 omni
3094 5653 3350 5722 passione

187 5831 423 5906 “Ephcs.
460 5857 495 5895 η
539 5837 726 5894 lli-l7.
807 5837 850 5867 "
890 5834 1041 5890 Rom.
1078 5850 1128 5892 ιο.
1161 5832 1208 5884 ι.
1282 5831 1348 5860 ⁸⁸⁸
1387 5829 1580 5900 liphcs.
1622 5843 1704 5888 ιιι,
1740 5828 1824 5888 15.
