4104 6482
180 442 254 494 Sil
1212 442 1596 499 ADVEREUS
1636 442 2040 501 NESTORIUM
2083 447 2211 503 LIB.
2258 448 2320 502 V.

3309 449 3416 505 222

181 548 322 618 Πιτρί
343 564 354 576 ⁸
393 548 856 619 προσηλώσαντα
905 552 959 603 δὲ
993 553 1069 620 τῷ
1100 551 1272 622 ξύλῳ,
1320 554 1381 606 τὸ
1411 555 1532 607 καθ’
1579 554 1728 623 ἡμῶν

1844 576 1863 607 ‹
1901 557 2238 615 Sacriﬁcium
2277 571 2331 616 et
2362 562 2687 618 oblationem
2735 565 2978 629 noluisti,
3012 579 3204 633 corpus
3235 575 3414 620 autem

182 641 522 708 χειρόγραφον.
556 640 732 692 Ἐστι
776 640 909 709 γοῦν
945 642 1168 695 ἀκοῦσαι
1210 644 1459 711 λέγοντος
1498 644 1588 697 διὰ
1622 663 1733 712 φωο

179 730 256 798 γῆς
281 730 366 781 τοῦ
397 731 562 783 Δαὸίδ
583 747 598 761 ο
647 751 667 782 ‹
700 733 910 785 Θυσίαν
937 735 1029 786 καὶ
1063 735 1376 804 προσφορὰν
1408 737 1508 788 οὑκ
1537 735 1732 805 ἠθέλη-

181 837 274 882 σας,
310 821 458 890 σῶμα
489 823 549 874 δὲ
607 825 942 894 κατηρτίσω
992 842 1113 894 μοι·
1160 825 1590 895 ὁλοκαυτώματα
1638 825 1733 879 καὶ

180 911 280 981 περὶ
335 914 615 984 ἁμαρτίας
663 917 772 968 οὑκ
820 916 1147 985 ηὑδόκησας,
1187 918 1308 970 τότε
1350 914 1534 971 εἶπον
1594 917 1727 971 Ἰδοὺ

176 1004 297 1069 ῆκω¹
326 1004 379 1054 ἐν
405 1005 668 1071 κεφαλίδι
705 1005 911 1074 βισλίου
943 1006 1249 1076 γέγραπται
1276 1007 1406 1077 περὶ
1449 1005 1605 1075 ἐμοῦ,
1636 1006 1730 1060 τοῦ

177 1095 392 1161 ποιῆσαι,
413 1097 441 1147 6
463 1095 626 1159 Θεὸς,
673 1098 738 1149 τὸ
769 1096 980 1167 θέλημά
1011 1115 1158 1150 σου.»
1182 1098 1598 1169 Ἀπρακτούσης
1629 1098 1731 1168 ἤδη

172 1184 255 1252 τῆς
290 1186 423 1238 κατὰ
456 1185 634 1253 νόμον
674 1187 914 1256 ἐντολῆς,
955 1187 1050 1239 καὶ
1092 1187 1404 1257 τελειούσης
1434 1187 1604 1249 οὐδὲν,
1638 1186 1734 1240 καὶ

173 1274 499 1344 ὰνεθελήτους
554 1276 784 1347 ἔχοντος
826 1277 918 1330 τοῦ
961 1277 1096 1330 Θεοῦ
1144 1279 1236 1331 καὶ
1272 1279 1486 1348 Πατρὸς
1524 1277 1623 1339 τὰς
1665 1277 1732 1330 δι’

173 1367 394 1433 αἱμάτων
422 1367 666 1433 θυσίας,
707 1369 866 1439 σῶμα
909 1369 1269 1440 κατηρτίσθαι
1326 1369 1488 1438 φησὶν
1533 1368 1729 1437 ἐαυτῷ,

173 1456 246 1507 ἱνα
279 1457 374 1523 τῆς
427 1459 702 1512 ἁπάντων
734 1461 1003 1528 σωτηρίας
1053 1460 1148 1512 καὶ
1182 1460 1327 1529 ζωῆς
1374 1459 1732 1527 ἀντάλλαγμα

169 1547 273 1609 δὼς
298 1547 462 1616 αὐτῷ,
499 1549 727 1611 πάντας
777 1549 1044 1618 ἐξέληται,
1076 1550 1168 1602 καὶ
1207 1549 1436 1603 θανάτου
1468 1549 1562 1602 καὶ
1605 1549 1733 1618 φθο-

172 1640 273 1706 ρᾶς.
313 1639 400 1691 καὶ
451 1640 598 1708 πρός
632 1656 699 1706 γε
747 1640 919 1710 τούτῳ
948 1641 1042 1693 καὶ
1075 1641 1380 1710 ἁμαρτιῶν.
1424 1640 1596 1693 Αὑτὸν
1638 1639 1731 1694 οὖν

168 1730 260 1799 ἄρα
292 1732 464 1800 φαμὲν
495 1733 595 1784 τὸν
629 1734 697 1785 ἐκ
727 1732 862 1784 Θεοῦ
898 1732 1112 1803 Πατρὸς
1159 1733 1329 1802 Λόγον
1376 1732 1590 1786 ἑλέσθαι
1637 1735 1732 1786 καὶ

169 1821 340 1873 παθεῖν
377 1823 524 1892 ὑπὲρ
552 1822 720 1892 ἡμῶν
750 1823 932 1893 σαρκὶ,
970 1823 1114 1876 κατά
1141 1823 1241 1886 τὰς
1267 1825 1510 1893 Γραφάς;
1541 1823 1729 1888 Οῦτως

167 1916 295 1982 ἡμᾶς
327 1916 850 1984 μεμυσταγώγηκεν
882 1919 909 1968 6
940 1914 1227 1984 ἱερώτατος
1250 1915 1480 1977 Παῦλος·
1502 1933 1521 1965 ι
1551 1914 1646 1977 ⁸ος
1674 1917 1731 1966 έν

170 1990 328 2076 μορφῇ
378 2006 519 2059 Θεοῦ
581 2008 869 2078 ὑπάρχων,
903 2009 1005 2061 οὑκ
1044 2007 1337 2078 ἁρπαγμὸν
1388 2008 1634 2078 ἡγήσατο
1671 2008 1732 2060 τὸ

167 2092 284 2150 εἶναι
322 2097 414 2152 [σα
438 2098 602 2168 Θειξν
637 2098 753 2151 ἀλλ’
793 2100 983 2152 ἑαυτὸν
1018 2099 1274 2166 ὲκένωσε,
1311 2100 1525 2170 μορφὴν
1547 2099 1730 2153 δούλου

167 2190 345 2256 λαϐὼν,
373 2194 431 2244 ὲν
460 2191 782 2264 ὁμοιώματι
815 2192 1115 2264 ἀνθρώπων
1140 2194 1454 2263 γενόμενος,
1481 2194 1574 2246 καὶ
1603 2194 1729 2262 σχήο

171 2298 282 2348 ματι
327 2283 578 2352 εὑρεθεὶς
615 2285 692 2347 ὡς
745 2285 1051 2356 ἄνθρωπος.
1102 2285 1494 2338 Ἐταπείνωσεν
1542 2285 1731 2338 ἑαυτὸν

169 2374 436 2442 γενόμενος
469 2376 724 2445 ὑπήκοος
751 2377 911 2448 μέχρι
940 2379 1194 2441 θανάτου,
1226 2379 1457 2433 θανάτου
1484 2379 1539 2430 δὲ
1571 2397 1732 2432 σταυ-

172 2462 249 2531 ροῦ
272 2479 284 2494 ·
307 2464 385 2516 διὸ
407 2467 504 2518 καὶ
533 2469 565 2519 ὁ
598 2467 732 2531 Θεὸς
755 2469 918 2523 αὑτὸν
947 2470 1328 2539 ὑπερύψωσεν.
1365 2487 1384 2520 ι
1422 2470 1612 2540 Ἀθρει
1643 2469 1728 2539 δὴ,

169 2557 295 2619 ὅπως
317 2557 344 2608 6
380 2559 438 2611 ὲν
471 2561 664 2631 μορφῇ
690 2559 785 2611 τοῦ
816 2560 950 2612 Θεοῦ
983 2559 1077 2612 καὶ
1111 2559 1326 2630 Πατρός
1360 2560 1622 2632 ὑπάρχων
1655 2561 1730 2625 ώς

170 2645 300 2709 Θεὶς,
333 2650 360 2700 6
399 2650 699 2718 χαρακτὴρ
733 2650 832 2718 τῆς
865 2650 1215 2713 ὑποστάσεως
1249 2649 1435 2714 αὑτοῦ,
1475 2653 1567 2704 καὶ
1609 2652 1728 2704 κατ’

169 2739 335 2792 τῦδένα
365 2742 578 2807 τρόπον
605 2740 1106 2811 μειονεκτούμενος,
1136 2743 1341 2814 ἰσότητι
1363 2746 1428 2813 τῇ
1451 2745 1592 2797 κατά
1621 2746 1731 2798 πᾶν

169 2828 342 2894 ὁτιοῦν,
370 2831 642 2900 ὑπάρχων
676 2847 736 2882 τε
781 2832 876 2883 καὶ
911 2831 1219 2902 νοούμενος,
1250 2835 1560 2886 κεκένωκεν
1601 2835 1730 2886 ἑαυ-

171 2921 265 2979 τὸν,
292 2922 381 2972 καὶ
425 2921 677 2990 καθῆκεν
710 2922 900 2976 ἑαυτὸν
939 2922 1081 2975 ἑκὼν
1107 2925 1188 2986 εἰς
1217 2924 1564 2977 ταπείνωσιν.
1597 2920 1731 2979 Εἶτα

171 3009 240 3070 τίς
267 3010 328 3061 ἂν
353 3011 437 3081 εἴη
471 3014 686 3083 φράσον
727 3015 756 3066 6
787 3016 888 3083 τῆς
916 3017 1198 3076 κενώσεως
1229 3015 1451 3084 τρόπος,
1478 3015 1731 3068 τεταπεί-

173 3116 316 3152 νωται
354 3101 409 3154 δὲ
447 3105 624 3166 ὅπως,
681 3105 898 3174 μορφὴν
943 3104 1130 3157 δούλου
1164 3103 1367 3170 λαϐὼν,
1423 3106 1518 3158 καὶ
1569 3106 1729 3176 μέχρι

1836 649 2110 719 perfecisti
2164 654 2295 707 mihi
2353 672 2366 707 :
2418 655 2726 710 holocausta
2774 668 2828 712 et
2884 673 2981 727 pro
3028 667 3250 726 peccato
3309 673 3414 711 non

1834 741 2148 810 placuerunt
2193 745 2308 808 tibi,
2347 757 2472 800 tunc
2516 748 2624 800 dixi
2669 764 2685 801 :
2729 749 2866 802 Ecce
2916 750 3095 812 venio,
3136 748 3187 800 in
3241 748 3415 814 capite

1833 831 1952 884 libri
1979 833 2240 902 scriptum
2265 845 2348 888 cst
2373 838 2435 890 de
2455 852 2558 900 me,
2577 848 2630 888 ut
2661 836 2876 900 faciam,
2897 838 3060 902 Deus,
3085 837 3412 890 voluntatem

1838 931 1978 974 tuam
2007 924 2075 976 δι.
2116 942 2135 974 ι
2173 923 2314 977 Nihil
2349 937 2543 994 agente
2580 925 2689 993 jam
2751 925 2882 995 legis
2921 927 3176 979 mandato
3205 935 3256 980 et
3282 903 3416 980 nihil

1836 1012 2168 1081 perficiente,
2207 1026 2261 1068 et
2304 1015 2410 1068 Deo
2441 1032 2503 1068 ac
2539 1015 2699 1069 Patre
2740 1017 2849 1084 jam
2895 1017 3109 1069 nolente
3157 1024 3414 1069 cruentas

1836 1103 2058 1169 hostias,
2111 1119 2303 1171 corpus
2351 1105 2450 1157 sibi
2488 1105 2788 1171 perfectum
2826 1105 2978 1168 dicit,
3023 1115 3102 1170 ut,
3136 1105 3314 1174 seipso
3359 1106 3412 1158 in

1832 1193 2071 1262 pretium
2106 1193 2297 1248 salutis
2328 1208 2392 1249 ac
2438 1195 2559 1248 vitae
2608 1195 2984 1250 universorum
3029 1195 3176 1259 dato,
3221 1209 3410 1249 omnes

1835 1293 1890 1339 et
1915 1300 1944 1338 a
1981 1285 2169 1339 mortis
2196 1287 2568 1354 corruptione,
2620 1295 2672 1340 et
2710 1287 2933 1354 insuper
2967 1302 2995 1338 a
3029 1287 3264 1355 peccatis
3298 1286 3409 1340 eri-

1834 1384 2006 1443 peret.
2054 1374 2232 1443 ipsum
2267 1374 2431 1444 igitur
2461 1375 2694 1429 dicimus
2736 1389 2804 1428 ex
2845 1374 2955 1428 Deo
2988 1373 3147 1428 Patre
3180 1372 3411 1427 Verbum

1837 1467 2071 1520 voluisse
2098 1467 2255 1520 etiam
2281 1481 2376 1535 pro
2408 1466 2561 1522 nobis
2586 1481 2748 1520 carne
2771 1467 2905 1534 pati,
2932 1467 3232 1520 secundum
3261 1465 3410 1518 Scri-

1832 1567 2019 1626 pturas
2045 1559 2112 1612 ⁸³.
2145 1558 2236 1612 Sic
2293 1573 2390 1612 nos
2415 1557 2605 1610 imbuit
2634 1556 2975 1611 beatissimus
2995 1556 3190 1610 Paulus
3223 1574 3234 1608 ε
3261 1573 3279 1606 ι
3305 1554 3408 1620 Qui

1834 1661 1955 1701 cum
1991 1646 2046 1700 in
2093 1645 2262 1700 forma
2301 1647 2390 1701 Dei
2438 1655 2604 1708 esset,
2651 1659 2756 1698 non
2808 1646 3049 1716 rapinam
3106 1644 3406 1698 arbitratus

1834 1749 1916 1793 est
1947 1753 2067 1794 esse
2092 1754 2152 1794 se
2191 1738 2451 1807 mqualem
2492 1739 2599 1791 Deo
2640 1755 2653 1791 :
2701 1738 2794 1791 sed
2832 1737 3180 1804 semetipsum
3224 1736 3410 1790 exina-

1835 1831 1992 1895 nivit,
2024 1829 2249 1883 formam
2281 1831 2420 1884 servi
2453 1830 2748 1899 accipiens,
2785 1829 2837 1882 in
2871 1828 3275 1882 similitudinem
3309 1826 3408 1879 ho—

1765 1902 1804 1955 Β
1833 1923 2039 1975 minum
2074 1922 2266 1984 factus,
2301 1931 2353 1974 et
2391 1922 2574 1974 habitu
2620 1923 2870 1975 inventus
2911 1929 2967 1973 ut
3000 1921 3178 1974 homo.
3221 1917 3411 1972 Humi-

1836 2010 1984 2065 liavit
2006 2011 2354 2080 semetipsum
2383 2010 2555 2066 factus
2583 2012 2838 2067 obediens
2865 2026 3033 2080 usque
3061 2010 3125 2064 ad
3153 2020 3406 2073 mortem,

1837 2113 2065 2157 mortem
2099 2112 2276 2157 autem
2308 2104 2503 2158 crucis.
2535 2103 2763 2171 Propter
2785 2103 2927 2172 quod
2959 2113 3012 2155 et
3039 2100 3180 2155 Deus
3205 2100 3411 2155 exalta-

1835 2196 1912 2248 vit
1938 2194 2088 2248 illum
2111 2194 2179 2248 ³³.
2218 2213 2236 2246 ι
2267 2194 2764 2263 Consideraigitnr,
2785 2203 2840 2247 ut
2860 2194 2904 2247 is
2922 2194 3010 2260 qui
3040 2191 3284 2246 informa
3315 2191 3408 2245 Dei

1835 2295 1888 2339 et
1921 2283 2096 2338 Patris
2119 2293 2239 2338 erat
2267 2293 2450 2352 utpote
2477 2283 2639 2348 Deus,
2671 2284 2758 2336 ille
2790 2285 3073 2335 character
3107 2295 3201 2334 seu
3241 2279 3412 2349 ﬁgura

1833 2375 2150 2430 substantia:
2195 2376 2310 2444 ejus
2351 2377 2419 2438 5",
2456 2383 2510 2429 et
2550 2375 2639 2443 qui
2684 2373 2827 2426 nullo
2869 2373 3028 2427 modo
3062 2373 3237 2428 minor
3271 2385 3410 2437 erat,

1833 2481 1954 2521 cum
1996 2480 2093 2535 per
2120 2467 2297 2520 omnia
2335 2467 2403 2520 sit
2436 2476 2488 2520 et
2525 2466 2858 2534 intelligatur
2889 2464 3134 2533 a‘qnalis,
3163 2465 3409 2517 exinani-

1833 2557 1968 2611 verit
1998 2557 2367 2626 semetipsum,
2396 2567 2449 2610 et
2483 2557 2535 2610 in
2571 2555 2931 2610 humilitatem
2961 2550 3151 2624 sponte
3171 2555 3407 2610 demise-

1833 2651 1926 2704 rit.
1954 2647 2073 2702 Jam
2099 2649 2358 2723 quisnam
2400 2650 2470 2702 sit
2512 2647 2898 2702 exinanitionis
2934 2647 3147 2709 modus,
3175 2662 3407 2714 expone,

1832 2741 2100 2811 quomodo
2128 2741 2290 2794 etiam
2340 2741 2410 2794 sit
2453 2739 2766 2794 humiliatus
2814 2737 3044 2792 formam
3081 2740 3221 2792 servi
3266 2740 3412 2793 acci-

1831 2837 2003 2902 piens,
2030 2840 2084 2885 et
2118 2845 2288 2898 usque
2316 2831 2380 2883 ad
2415 2839 2642 2884 mortem
2677 2829 2852 2882 factus
2873 2829 3149 2892 obediens,
3181 2838 3407 2882 mortem

1831 2935 2009 2978 autem
2050 2923 2245 2977 crucis.
2285 2921 2474 2974 Annon
2535 2929 2621 2974 est
2661 2919 2911 2973 omnibus
2942 2919 3185 2984 evidens,
3230 2919 3281 2973 id
3311 2919 3413 2973 hu-

1830 3016 2027 3071 miliari
2063 3015 2205 3085 quod
2248 3013 2480 3067 sublime
2523 3012 2612 3077 sit,
2661 3027 2764 3067 non
2802 3012 2943 3079 quod
2983 3012 3310 3065 intrinsecus
3354 3019 3411 3066 et

1829 3123 1894 3162 ex
1928 3116 2119 3160 natura
2143 3106 2472 3158 submissum
2503 3113 2555 3157 et
2597 3103 2800 3157 humile
2818 3104 2938 3166 ‘l-id,
2972 3103 3073 3156 nisi
3106 3101 3281 3168 fallor,
3316 3117 3409 3156 ex-

174 3188 376 3242 θανάτου
413 3191 661 3259 γεγονὼς
695 3194 933 3263 ὑπήκοος
958 3235 971 3256 ,
1011 3195 1241 3247 θανάτου
1277 3195 1333 3247 δὲ
1373 3195 1631 3264 σταυροῦ.
1657 3197 1727 3247 ’Ἡ

1830 3185 2048 3260 inaniri,
2086 3198 2226 3265 quod
2273 3198 2485 3265 plenum
2530 3196 2616 3260 sit,
2671 3205 2723 3250 et
2770 3195 2966 3248 nullius
3009 3194 3083 3246 rei
3134 3193 3412 3263 indigeat?

174 3281 254 3350 οὐχ
284 3283 481 3334 ᾶπασιν
519 3285 771 3354 ἐναργὲς,
807 3286 886 3337 ὃτι
918 3286 1270 3339 ταπεινοῦται
1301 3286 1362 3338 τὸ
1400 3285 1623 3355 ὑψηλὸν,
1663 3287 1722 3338 οὑ

175 3369 223 3419 τὸ
244 3371 444 3423 οἴκοθέν
494 3389 554 3424 τε
608 3374 704 3426 καὶ
741 3376 985 3442 φυσικῶς
1035 3377 1092 3428 ὲν
1149 3376 1338 3443 ὑφέσει
1373 3392 1431 3427 τε
1484 3376 1725 3444 ὑπάρχον

176 3462 253 3513 καὶ
270 3465 778 3534 τεταπεινωμένονς
807 3465 1057 3520 κενοῦται
1102 3467 1179 3531 δὲ,
1215 3461 1390 3537 οἶμαι,
1422 3466 1482 3519 τὸ
1522 3465 1726 3536 πλῆρες

177 3552 412 3625 ὑπάρχον,
446 3558 545 3610 καὶ
573 3548 896 3627 δεδεημένον
925 3559 1076 3610 οὐδέν
1103 3575 1114 3586 ·
1157 3558 1370 3627 δέχεται
1405 3558 1496 3610 καὶ
1539 3557 1725 3610 δούλου

180 3647 387 3717 μορφὴν,
417 3648 481 3700 τὸ
524 3648 628 3715 πρὸ
655 3647 827 3715 αὐτῆς
861 3648 1140 3717 ἐλεύθερον
1166 3648 1308 3700 κατὰ
1348 3648 1508 3715 φύσιν
1529 3663 1543 3678 ο
1580 3648 1727 3718 εὑρί-

179 3754 342 3790 σκεται
374 3740 428 3792 δὲ
479 3739 579 3792 καὶ
609 3738 894 3808 ἄνθρωπος
929 3741 956 3791 6
993 3740 1066 3809 μὴ
1099 3740 1257 3792 τοῦτο
1300 3740 1560 3810 ὑπάρχων
1596 3742 1725 3810 πρὶν

177 3830 248 3882 ὅτε
276 3832 366 3884 οὑκ
394 3829 460 3903 ἦν
485 3830 751 3901 εὑρεθείς.
771 3831 865 3894 Τίς
887 3827 978 3884 οὖν
1008 3832 1113 3902 ἄρα
1135 3832 1277 3885 ἐστὶν
1300 3835 1328 3885 6
1355 3831 1554 3901 ὑψηλὸς
1583 3832 1726 3885 κατά

180 3921 314 3986 etiam
357 3926 449 3976 καὶ
507 3924 696 3987 καθεὶς
740 3924 928 3976 ἑαυτὸν
962 3926 1041 3985 εἰς
1082 3925 1451 3986 ταπείνωσινς
1484 3925 1567 3986 τίς
1607 3924 1665 3976 δὲ
1699 3926 1726 3977 ὁ

180 4013 382 4084 πλήρης,
411 4016 504 4069 ἴνα
525 4015 711 4084 νοῆται
745 4015 1114 4084 κεκενωμένος
1138 4033 1151 4082 ;
1179 4015 1261 4078 τίς
1291 4017 1318 4068 ὁ
1348 4015 1457 4067 τῶν
1485 4016 1585 4087 τῆς
1605 4015 1726 4067 δου-

181 4107 304 4169 λείας
331 4110 591 4162 ἐπέκεινα
625 4109 858 4177 μέτρων,
895 4109 982 4160 ἴνα
1015 4109 1240 4177 λέγηται
1288 4109 1503 4180 μορφὴν
1536 4109 1723 4161 δούλου

181 4195 362 4262 λιεείνς
404 4202 493 4263 τίς
539 4202 638 4252 οὐκ
671 4199 745 4252 ὢν
769 4199 1056 4270 πρότερον,
1101 4199 1223 4252 καθ’
1266 4201 1412 4270 ἡμᾶς
1442 4200 1725 4271 ἄνθρωπος

180 4287 310 4341 τοῦτο
346 4292 612 4364 εὑρῆσθαι
636 4291 887 4358 λέγεται;
923 4284 1077 4343 ταυτὶ
1120 4290 1228 4361 γάρ
1253 4285 1410 4362 οἶμαι
1455 4291 1562 4344 τῶν
1602 4292 1724 4345 καθ’

182 4376 305 4443 ἡμᾶς
332 4381 408 4433 ἑνὶ
431 4381 526 4432 καὶ
547 4378 816 4449 ἀνθρώπῳ
837 4379 1000 4448 κοινῷ
1035 4379 1360 4450 προσνέμειν
1388 4382 1722 4451 ἀποτολμᾷν,

184 4465 347 4536 εὔηθες
382 4472 448 4524 ἂν
497 4469 603 4540 εἴη,
632 4471 725 4522 καὶ
753 4470 853 4538 τῆς
898 4471 1123 4523 ἀπασῶν
1173 4472 1408 4542 ἐσχάτης
1437 4474 1726 4534 ἀσυνεσίας

1832 3289 1960 3343 illud
1991 3287 2153 3342 etiam
2193 3287 2438 3354 accipere
2467 3287 2606 3339 servi
2645 3285 2896 3349 formam,
2927 3286 3070 3354 quod
3101 3294 3226 3339 ante
3262 3285 3407 3339 illam

1831 3382 1995 3436 fuerit
2025 3381 2320 3437 secundum
2357 3390 2606 3434 naturam
2636 3380 2906 3434 liberum?
2931 3381 3080 3433 illum
3110 3381 3272 3434 etiam
3311 3381 3410 3435 ho-

1831 3469 2028 3522 minem
2079 3468 2328 3526 inveniri.
2366 3469 2455 3537 qui
2509 3468 2560 3522 id
2608 3484 2714 3524 non
2746 3477 2863 3525 erat
2907 3469 3219 3539 priusquam
3265 3478 3410 3526 esset

1832 3558 2120 3612 inventus?
2145 3557 2276 3624 Quis
2303 3573 2432 3630 ergo
2468 3559 2558 3613 ille
2585 3569 2667 3614 est
2700 3560 2994 3614 secundum
3038 3571 3284 3614 naturam
3318 3577 3409 3615 su-

1831 3651 2030 3714 blimis,
2064 3650 2154 3720 qui
2197 3665 2254 3705 se
2301 3652 2472 3720 ipsum
2512 3651 2577 3704 ad
2622 3651 2984 3706 humilitatem
3023 3651 3255 3718 dejecit?
3287 3652 3408 3721 quis

1828 3741 1990 3795 etiam
2044 3742 2251 3808 plenus,
2284 3748 2341 3794 ut
2369 3741 2676 3794 exinanitus
2728 3754 2847 3795 esse
2881 3740 3252 3810 intelligatur?
3287 3741 3408 3810 quis

1832 3832 1971 3886 ultra
2011 3832 2289 3885 servitutis
2328 3832 2490 3900 128
2539 3845 2846 3894 mensuras,
2896 3839 2953 3883 ut
3006 3833 3217 3885 dicatur
3263 3832 3404 3885 servi

1831 3924 2058 3977 formam
2091 3914 2403 3990 accepisse?
2431 3922 2554 3990 quis
2588 3937 2707 3975 cum
2743 3920 2902 3974 homo
2938 3921 3086 3988 prius
3120 3920 3289 3973 nostri
3329 3920 3405 3974 si-

1833 4015 1975 4067 milis
2007 4027 2111 4067 non
2143 4021 2307 4079 esset,
2345 4013 2395 4066 id
2425 4014 2675 4066 inventus
2706 4026 2825 4066 esse
2860 4012 3097 4074 dicitur“!
3124 4013 3237 4064 hazc
3260 4011 3404 4065 enim

1833 4108 1922 4161 nni
1958 4122 2024 4162 ex
2060 4117 2247 4161 nostro
2275 4121 2501 4160 numero
2529 4117 2581 4161 et
2613 4108 2815 4174 vulgari
2853 4107 3052 4159 homini
3089 4106 3286 4160 audere
3309 4107 3407 4160 tri-

1832 4200 2017 4262 buere,
2071 4203 2293 4253 stultum
2346 4200 2436 4260 sit,
2475 4207 2828 4256 et.extremm
2867 4199 3104 4252 omnium
3156 4199 3407 4252 amentia:

1830 4308 2020 4346 revera
2071 4292 2284 4360 plenum
2331 4309 2344 4344 :
2392 4291 2711 4345 convenient
2755 4299 2933 4344 autem
2991 4291 3268 4359 aptissime
3329 4290 3404 4343 illi

1832 4398 2098 4452 suprema:
2136 4391 2360 4437 naturae.
2404 4382 2508 4436 Sed
2543 4381 2673 4435 illud
2707 4381 2797 4436 Dei
2832 4383 3069 4437 Verbum
3117 4398 3181 4436 ex
3236 4383 3405 4438 nimia

1833 4489 1960 4542 erga
2011 4489 2108 4527 nos
2158 4474 2488 4542 benignitate
2519 4483 2682 4542 atque
2735 4473 3019 4528 clementia
3068 4474 3265 4528 obtulit
3292 4478 3406 4546 'pro

183 4557 445 4629 ἐπίμεστον
487 4561 729 4630 ἀληθῶς·
763 4563 994 4632 ἁρμόσει
1020 4563 1063 4615 δ’
1101 4564 1166 4615 ἂν
1204 4565 1296 4616 καὶ
1324 4564 1466 4633 μάλα
1504 4565 1728 4627 εἰκότως

1834 4565 1986 4617 nobis
2028 4565 2300 4633 proprium
2333 4579 2552 4632 corpus.
2588 4573 2644 4618 et
2684 4574 2903 4633 accepta
2945 4565 3083 4618 servi
3120 4565 3292 4618 forma
3327 4565 3406 4619 ia-

183 4652 234 4717 τῇ
257 4653 536 4724 ὑπερτάτῳ
574 4651 753 4718 φύσει.
796 4652 935 4704 Ἀλλ’
960 4655 987 4705 6
1026 4655 1121 4722 μὲν
1145 4652 1238 4704 τοῦ
1264 4654 1394 4705 Θεοῦ
1429 4654 1619 4720 Λόγος,
1659 4655 1722 4705 ὲκ

184 4742 352 4813 πολλῆς
376 4748 520 4812 ἄγαν
543 4745 641 4811 τῆς
663 4747 742 4806 εἰς
769 4745 916 4814 ἡμᾶς
940 4745 1274 4814 ἡμερότητος
1296 4744 1390 4796 καλ⁸
1416 4744 1721 4814 φιλανθρω-

185 4834 289 4897 aia;
316 4837 754 4908 προσκεκόμικεν
783 4836 922 4907 ὑπὲρ
956 4836 1113 4908 ἡμῶν
1145 4837 1206 4888 τὸ
1241 4836 1368 4889 ἴδιον
1403 4837 1558 4905 σῶμα
1579 4879 1593 4901 ,
1631 4837 1724 4890 καὶ

186 4931 366 4998 μορφὴν
407 4929 596 4981 δούλου
626 4927 826 4992 λαϐὼν,
863 4929 1084 4995 γέγονεν
1116 4927 1353 4997 ὑπήκοος
1374 4927 1449 4998 τῷ
1475 4927 1593 4998 Θεῷ
1631 4929 1722 4980 καὶ

185 5015 328 5088 Ilath
360 5019 523 5089 μέχρι
559 5017 814 5082 θανάτου,
843 5018 935 5070 καὶ
965 5018 1063 5070 οὐκ
1093 5017 1398 5087 ἀπόϐλητον
1426 5018 1722 5086 ἐποιήσατο

182 5105 231 5156 τὸ
253 5109 434 5161 παθεῖν
470 5108 685 5160 ἑλέσθαι
722 5108 903 5177 σαρκὶ,
937 5107 1113 5159 καίτοι
1153 5106 1249 5176 τὴν
1278 5105 1438 5174 φύσιν
1462 5107 1721 5175 ὑπάρχων

183 5198 369 5273 ἀπαθὴς
391 5203 465 5264 ὡς
499 5201 629 5263 Θεός
655 5215 669 5230 ⁶
695 5200 996 5269 ὲπερυθριᾷ
1021 5215 1084 5266 γε
1115 5197 1218 5268 μὴν
1245 5198 1516 5259 ἀσυνέτως
1540 5197 1722 5249 οὑτοσὶ

182 5292 269 5353 τοῖς
297 5294 433 5361 ὑπὲρ
485 5291 644 5363 ἡμῶν
688 5289 1177 5358 θεοπρεπεστάτοις
1207 5287 1371 5341 αὑτοῦ
1413 5288 1716 5356 σκέμμασι,

182 5383 257 5433 καὶ
284 5388 443 5454 τιμᾷν
476 5385 753 5452 οἰόμενος,
787 5380 990 5433 ἀδικεῖ’
1039 5381 1303 5451 ἀποφέρει
1344 5379 1441 5445 μὲν
1470 5377 1578 5448 γάρ
1626 5376 1718 5428 τοῦ

183 5474 343 5529 παθεῖν
369 5477 548 5538 αὑτὸν,
579 5475 758 5528 καίτοι
783 5472 1009 5542 μηδενὸς
1037 5473 1222 5544 ἑτέρου
1249 5472 1439 5524 παθεῖν
1467 5459 1720 5536 λέγοντος

183 5566 242 5627 εἰς
272 5568 395 5619 ἰδίαν
431 5568 590 5635 φύσιν
614 5582 628 5595 ’
672 5565 772 5618 οὑκ
821 5564 1130 5618 αἰσθάνεται
1155 5565 1211 5616 δὲ
1250 5565 1331 5615 ὅτι
1366 5562 1591 5631 Σωτῆρα
1625 5560 1717 5612 καὶ

186 5655 441 5730 Λυτρωτὴν
466 5659 565 5711 οὐκ
589 5658 813 5727 ἐφίησιν
839 5655 1000 5708 αὑτὸν
1027 5652 1408 5725 ὁμολογεῖσθαι
1428 5651 1534 5704 τῶν
1556 5650 1714 5715 ὅλων,

259 5833 292 5864 ⁸³
319 5834 450 5891 Psal.
479 5852 676 5900 xxxix,
715 5833 816 5886 7-9
846 5850 858 5898 ;
887 5831 1046 5886 llchr.
1091 5846 1144 5895 κ,
1182 5830 1293 5884 3-7.

1391 5830 1434 5856 ⁸⁸
1470 5827 1656 5883 ll‘ctr.
1696 5841 1770 5889 tv.
1810 5826 1856 5880 1.

1831 4665 1947 4710 ctus
1981 4663 2063 4708 est
2108 4654 2215 4707 Deo
2245 4665 2299 4707 et
2345 4653 2487 4707 Patri
2521 4655 2778 4708 obediens
2813 4670 2984 4722 usque
3022 4655 3086 4708 ad
3129 4666 3354 4710 mortem
3386 4673 3401 4709 :

1831 4759 1929 4798 nec
1963 4743 2333 4810 refugientium
2366 4741 2576 4795 censuit
2603 4743 2891 4810 quominus
2923 4756 3083 4795 carne
3115 4757 3209 4810 pro
3246 4742 3405 4796 nobis

1832 4834 1938 4904 pati
1997 4833 2173 4897 vellet,
2208 4832 2454 4899 quamvis
2481 4840 2539 4884 ut
2575 4832 2714 4884 Deus
2745 4839 2888 4885 esset
2918 4829 3212 4884 secundum
3243 4839 3402 4884 natu-

1833 4939 1944 4978 ram
1986 4922 2349 4991 impassibilis.
2408 4921 2514 4974 iste
2562 4935 2689 4975 vero
2721 4920 2887 4974 stulte
2930 4919 2995 4972 de
3041 4918 3240 4972 divinis
3285 4917 3402 4986 ejus

1828 5027 2048 5087 propter
2092 5029 2189 5068 nos
2222 5011 2462 5067 consiliis
2491 5011 2779 5076 erubescit,
2833 5017 2886 5064 et
2929 5022 3087 5075 quem
3135 5008 3404 5062 honorare

1825 5123 1885 5162 se
1909 5105 2210 5168 existimat,
2247 5102 2410 5157 allicit
2459 5102 2654 5171 injuria
2689 5119 2703 5154 :
2739 5116 2860 5154 nam
2892 5115 2920 5152 a
2955 5099 3204 5167 passione
3252 5099 3399 5152 illum

1826 5198 2037 5262 eximit,
2074 5195 2285 5249 tametsi
2338 5207 2497 5247 nemo
2545 5192 2692 5245 illum
2731 5192 2780 5245 in
2818 5204 2913 5244 sua
2950 5201 3140 5242 natura
3177 5204 3396 5257 passum

1828 5292 2006 5345 dicat:
2040 5302 2139 5342 nec
2171 5286 2334 5340 sentit
2372 5299 2429 5337 se
2463 5284 2746 5352 prohibere
2781 5296 2848 5335 ne
2878 5280 3026 5333 illum
3059 5278 3396 5333 Salvatorem

1827 5393 1880 5436 et
1908 5379 2317 5446 Redemptorem
2344 5375 2712 5428 universorum
2749 5372 3122 5435 coniiteamur,
3149 5369 3191 5422 si
3233 5370 3276 5422 is
3303 5383 3401 5436 per

1829 5486 1988 5540 quem
2024 5467 2234 5532 salvati,
2266 5477 2319 5520 et
2350 5479 2444 5534 per
2475 5467 2626 5531 cujus
2655 5459 3014 5515 venerandam
3058 5473 3272 5514 crucem
3313 5473 3397 5512 re-

1827 5561 2024 5630 dempti
2071 5573 2276 5621 sumus,
2309 5557 2445 5611 alter
2477 5556 2544 5610 ab
2577 5553 2666 5608 illo
2703 5553 2774 5607 sit
2811 5551 3025 5620 proprie
3052 5565 3114 5604 ac
3163 5549 3394 5604 seorsim

1827 5651 1993 5706 Filius
2027 5659 2081 5706 et
2108 5649 2384 5704 Dominus.
2418 5645 2495 5702 Ac
2517 5645 2560 5700 si
2589 5653 2670 5700 cst
2699 5646 2858 5698 homo
2903 5641 3149 5711 simplex,
3184 5648 3236 5695 et
3281 5655 3395 5695 non

1933 5824 1978 5858 ⁵³
2004 5823 2237 5886 Philipp.
2270 5839 2334 5887 ιι,
2366 5822 2480 5878 6-9.
2560 5822 2604 5854 "'
2637 5818 2799 5876 licbr.
2835 5833 2872 5879 ι,
2906 5819 2963 5872 3.
