4104 6506
672 448 778 506 225

1670 445 1726 500 S.
1761 445 2038 503 CYBILLI
2076 442 2545 500 ALEXANDRINI
2579 445 2907 501 ARCHIEI‘.

3833 442 3946 496 9'24

672 563 728 619 iu
764 563 995 619 humana
1028 563 1198 618 forma
1233 562 1408 632 ipsum
1441 575 1504 616 ex
1542 560 1648 614 Deo
1685 561 1846 617 Patre
1882 559 2113 615 Verbum
2145 575 2228 630 ορ·

2347 559 2504 630 εἴπερ
2538 561 2688 612 ἐστὶν
2711 561 2901 630 ἕτερος
2923 559 3055 630 παρ’
3083 557 3247 611 αὐτὸν
3281 556 3481 619 ἰδικῶς,
3518 555 3610 608 καὶ⁸
3634 554 3738 608 ἀνά
3767 557 3948 625 μέρος

671 656 870 723 paruit,
899 655 1143 723 prodeat,
1180 651 1430 707 ostendat
1455 659 1512 705 et
1549 650 1602 704 in
1630 651 1801 706 forma
1833 652 2006 720 ipsum
2039 663 2160 705 esse
2193 661 2257 704 et-

669 747 980 813 auqualitate
1006 744 1185 799 Patris
1208 744 1226 813 (
1249 757 1353 797 non
1384 742 1528 796 enim
1554 742 1798 811 rapinam
1831 741 2127 796 arbitratus
2162 752 2248 795 est

667 852 793 893 esse
834 854 894 893 se
927 837 1186 907 aequalem
1234 832 1400 903 Deo),
1429 840 1480 886 et
1537 843 1795 900 praeterea
1846 831 1983 886 servi
2018 831 2245 884 formam

667 931 963 998 accepisse,
989 940 1244 998 tanquam
1273 928 1377 979 nun
1421 923 1672 978 habuerit
1715 921 2026 989 aliquando,
2076 932 2129 976 et
2153 937 2248 975 ex-

667 1019 933 1073 inanitnm
998 1018 1187 1081 fuisse,
1222 1027 1280 1069 ut
1327 1015 1414 1083 qui
1468 1014 1521 1067 in
1562 1013 1777 1081 propria
1817 1022 2006 1066 natura
2071 1011 2245 1077 pleni-

669 1111 907 1164 tudinem
956 1109 1228 1164 habuerit.
1273 1105 1405 1160 Nam
1441 1106 1631 1159 beatus
1666 1103 1864 1156 Paulus
1892 1104 2038 1156 illum
2073 1102 2160 1170 qui
2193 1102 2243 1155 in

664 1198 835 1253 forma
875 1202 1007 1254 etin
1057 1200 1368 1267 aequalitate
1419 1196 1594 1249 Patris
1630 1205 1769 1261 erat,
1819 1193 2019 1249 factum
2065 1194 2246 1262 fuisse

663 1292 738 1347 illi
774 1291 1111 1345 obedientem
1146 1290 1274 1344 dicit
1304 1291 1466 1344 etiam
1511 1303 1678 1355 usque
1709 1288 1774 1340 ad
1809 1295 2055 1350 mortem,
2098 1302 2244 1340 mor-

665 1392 772 1437 tem
803 1391 982 1436 antem
1019 1383 1216 1435 crucis.
1251 1383 1331 1432 An
1377 1393 1481 1433 non
1525 1377 1804 1447 perspicua
1839 1386 1918 1429 est
1951 1377 2245 1430 sententia-

662 1490 780 1527 rum
807 1473 922 1542 ejus
948 1471 1298 1526 absurditas?
1323 1470 1453 1525 Cum
1478 1485 1605 1523 vero
1633 1469 1822 1522 beatus
1846 1467 2041 1522 Paulus
2067 1468 2242 1536 ipsqu

661 1564 979 1617 cruciﬁxum
1002 1563 1187 1632 gloriae
1223 1561 1504 1615 Dominum
1533 1557 1843 1628 appellet”,
1876 1571 2030 1611 nemo
2061 1557 2245 1624 utique

660 1663 884 1715 asserat,
921 1667 1027 1706 non
1063 1649 1213 1705 illum
1250 1651 1435 1704 dicere
1464 1647 1881 1708 humanitatem,
1919 1647 2014 1700 sed
2040 1645 2241 1699 divini-

662 1752 846 1799 tatem.
878 1742 1052 1798 Unum
1077 1742 1220 1797 enim
1254 1740 1487 1795 fatemur
1518 1739 1816 1804 Christum,
1848 1749 1901 1792 et
1930 1737 2148 1802 Filium,
2189 1746 2243 1792 et

664 1835 950 1890 Dominum
978 1833 1164 1903 gloriae
1195 1833 1367 1900 ipsum
1400 1847 1468 1886 ex
1502 1831 1610 1885 Deo
1654 1830 1809 1884 Patre
1839 1829 2075 1883 Verbum
2116 1845 2241 1897 pro-

660 1936 778 1995 pter
803 1941 900 1979 nos
923 1924 1196 1979 hominem
1226 1923 1450 1988 factum,
1486 1931 1538 1977 et
1562 1936 1722 1976 carne
1746 1932 1964 1991 propter
1997 1936 2094 1976 nos
2118 1937 2241 1986 pas-

658 2031 800 2082 sum,
849 2014 1144 2069 secundum
1187 2011 1518 2081 Scripturas.
1559 2013 1954 2066 Verumtamen»
1983 2012 2123 2065 haud
2165 2011 2241 2064 le«

659 2104 797 2158 viter
828 2104 1151 2157 criminatus
1188 2116 1282 2159 eos
1328 2103 1419 2172 qui
1476 2104 1582 2157 Deo
1630 2102 1809 2156 Verbo
1857 2101 2238 2156 dominationis

659 2205 854 2245 nomen
893 2191 1156 2255 tribuunt,
1187 2192 1332 2246 etab
1363 2192 1701 2246 humanitate
1725 2192 2155 2254 illudanferunt,
2181 2200 2236 2245 ut

659 2284 750 2351 qui
778 2299 1067 2350 summam,
1107 2295 1167 2339 ut
1190 2285 1303 2353 ipse
1340 2285 1490 2347 dicit,
1515 2283 1907 2353 copulationem
1933 2283 2235 2337 distrahere

659 2373 852 2437 velint;
877 2372 1030 2440 quasi
1055 2386 1240 2427 eorum
1271 2387 1392 2440 qua:
1412 2371 1545 2436 dixit
1563 2369 1783 2434 oblitus,
1809 2368 1958 2421 illum
1981 2385 2158 2424 unum.
2181 2370 2233 2423 in

656 2465 763 2518 duo
795 2464 1096 2518 distrahere
1137 2463 1561 2534 deprehenditur
1594 2463 1758 2516 etiam
1800 2462 1866 2516 de
1903 2461 1990 2516 illa
2023 2477 2232 2517 summa

660 2554 819 2624 129
851 2555 1207 2620 copulatione,
1239 2565 1292 2608 ut
1320 2555 1432 2622 ipse
1461 2553 1612 2617 dicit,
1649 2569 1836 2622 parum
1875 2569 2080 2609 curare.
2099 2553 2231 2608 Nam

656 2646 904 2714 imperite
935 2656 1087 2712 rogat
1113 2664 1126 2700 :
1154 2647 1487 2700 Dominusne
1539 2653 1622 2699 est
1646 2645 1804 2699 etiam
1831 2645 2010 2709 homo,
2044 2660 2110 2698 an
2142 2660 2228 2699 se-

656 2737 863 2791 cusisi
892 2738 1108 2805 quidem
1145 2749 1225 2792 est
1254 2738 1532 2801 Dominus,
1566 2752 1684 2806 qua:
1714 2737 1967 2790 dicuntur
1998 2752 2231 2792 consen-

661 2823 822 2876 tiunt.
847 2823 986 2892 Ergo
1010 2822 1078 2887 si,
1118 2835 1174 2876 ut
1209 2834 1296 2878 tua
1331 2825 1493 2880 habet
1527 2825 1717 2880 inscita
1777 2827 2093 2890 sciscitatio,
2124 2827 2230 2880 Do-

655 2914 834 2968 minus
859 2922 943 2969 est
970 2914 1139 2982 ipsum
1166 2913 1400 2969 Verbum
1427 2916 1657 2970 seorsim
1701 2932 1763 2970 ac
1783 2919 2018 2985 proprie,
2047 2917 2230 2972 Domi-

654 3020 756 3058 nus
777 3007 939 3060 etiam
971 3007 1085 3075 ipse
1118 3007 1408 3071 boruo,duo
1434 3007 1619 3075 procul
1647 3007 1808 3061 dubio
1832 3016 1994 3060 erunt
2023 3008 2225 3063 domini

655 3111 717 3150 ac
739 3096 851 3150 ﬁlii.
880 3097 1034 3152 Nullo
1060 3114 1188 3167 ergo
1211 3100 1368 3154 modo
1397 3101 1476 3152 vis
1505 3109 1610 3153 tua:
1655 3099 1814 3153 istius
1872 3114 2098 3152 summm
2134 3114 2226 3154 co-

654 3185 947 3252 pulationis
990 3185 1335 3239 credentibus
1367 3187 1606 3255 proderit
1645 3196 1796 3241 certe
1826 3189 1889 3239 ad
1921 3186 2226 3256 intelligen-

659 3278 786 3330 dum
821 3292 983 3330 unum
1039 3275 1314 3332 Christum
1376 3287 1431 3331 et
1487 3279 1771 3332 Dominum
1805 3289 1859 3335 et
1892 3279 2082 3334 Filium
2106 3296 2226 3335 cum

653 3367 804 3420 unita
831 3366 932 3421 sibi
964 3381 1146 3422 carne.
1181 3366 1464 3436 Proposita
1520 3383 1751 3438 namque
1811 3379 1866 3424 et
1905 3370 1955 3422 in
1993 3372 2226 3424 medium

653 3457 863 3526 prolata
893 3456 1264 3512 Emmanuelis
1318 3473 1571 3525 persona,
1643 3459 1758 3514 sive
1787 3461 1910 3528 quis
1950 3461 2224 3516 hominem

654 3549 818 3615 dicat,
854 3549 1030 3618 ipsum
1065 3561 1130 3602 ex
1162 3548 1268 3601 Deo
1315 3547 1476 3604 Patre
1506 3548 1739 3604 Verbum
1798 3551 2025 3605 formam
2088 3554 2226 3608 servi

655 3639 956 3708 sumpsisse
982 3638 1420 3706 intelligimus,ct
1445 3654 1508 3693 ex
1546 3643 1818 3695 mensuris
1843 3642 2228 3698 exinanitiouis

653 3730 921 3784 declarari
954 3729 1215 3792 dicimus;
1253 3730 1366 3784 sive
1417 3731 1579 3784 etiam
1638 3732 1803 3785 Deum
1866 3733 2224 3800 unigenitum,

651 3823 900 3876 eumdem
932 3837 1055 3876 esse
1081 3821 1642 3876 crcdimnshominem
1671 3824 1781 3891 jam
1822 3823 2021 3877 factum
2062 3835 2114 3878 et
2140 3825 2222 3878 in-

651 3920 954 3966 carnatnm.
989 3909 1096 3964 Sed
1133 3912 1299 3975 enim,
1330 3911 1544 3978 utdixi,
1583 3912 1671 3964 uni
1722 3927 1786 3966 ac
1840 3914 1938 3968 soli
1996 3915 2222 3978 homini,

653 4011 708 4055 et
741 4001 1010 4055 intellecto
1032 4001 1254 4055 seorsim
1287 4002 1354 4054 ah
1389 4002 1477 4055 illo
1495 4017 1557 4055 ex
1579 4001 1738 4056 Patre
1766 4001 1942 4058 Verbo
1979 4005 2225 4061 tribuens

653 4090 793 4145 illius
820 4105 940 4145 cum
959 4104 1124 4145 carne
1171 4091 1588 4161 dispensationis
1613 4109 1798 4160 opera,
1853 4105 1904 4149 et
1936 4097 2106 4166 ipsum
2131 4112 2224 4151 su-

651 4182 911 4237 stinuisse
940 4197 1038 4251 pro
1093 4184 1248 4237 nobis
1304 4198 1519 4238 crucem
1548 4186 1758 4248 asserit,
1808 4197 1860 4239 ct
1889 4203 2010 4243 esse
2041 4190 2225 4258 gloriae

653 4273 934 4327 Dominum
958 4272 1217 4350 .alﬁrmat,
1243 4281 1297 4326 et
1329 4287 1592 4343 suprema:
1623 4276 1861 4329 omnium
1896 4287 2102 4332 natura:
2134 4295 2224 4334 or-

650 4372 899 4416 namenta
945 4363 1103 4417 nudas
1157 4372 1423 4416 creatum
1470 4363 1850 4432 circumpouit.
1904 4369 1990 4420 Ait
2039 4371 2217 4423 enim:

648 4451 969 4524 [Audiamus
1044 4454 1257 4507 beatmn
1323 4450 1544 4506 Paulum
1625 4465 1806 4522 aperte
1873 4457 2221 4523 clamantem,

2356 653 2478 714 Υἱὸς
2500 653 2594 704 καὶ
2620 651 2843 719 Κύριος,
2866 653 2893 704 ό
2912 651 2978 703 δι’
3012 643 3072 702 οῦ
3103 648 3440 719 σεσώσμεθα,
3473 647 3566 700 καὶ
3593 645 3947 717 έκλελυτρὼ-

2353 743 2492 811 μεθα
2526 743 2613 795 διὰ
2659 742 2755 795 τοῦ
2789 742 2974 811 τιμίου
3012 738 3272 810 σταυροῦ.
3312 724 3422 790 κάι
3467 740 3624 806 εἴπερ
3658 737 3808 789 ἐστὶν
3840 736 3947 790 ἀν-

2350 834 2567 905 θρωπος
2601 833 2808 896 ἁπλῶς,
2851 834 2946 886 καὶ
2995 833 3113 901 οὐχ).
3160 830 3223 900 δὴ
3269 829 3468 899 μᾶλλον
3515 830 3572 881 ὲν
3614 828 3948 899 ἀνθρωπείᾳ

2352 927 2530 994 μορφῇ
2575 923 2834 994 πεφηνὼς
2870 926 2897 977 ό
2948 925 3011 976 ὲκ
3055 921 3190 975 Θεοῦ
3240 921 3452 989 Πατρός
3499 920 3690 988 Λόγος,
3723 919 3940 990 ἡκέτω,

2346 1014 2629 1078 δεικνύτω,
2661 1015 2755 1067 καὶ
2791 1015 2861 1066 ὲν·
2882 1015 3060 1083 μορφῇ
3100 1011 3194 1064 τοῦ
3231 1010 3444 1082 Πατρδς
3483 1011 3798 1078 ὑπάρχοντα
3826 1009 3940 1061 αύ-

2345 1103 2455 1166 τὺν,
2506 1105 2596 1157 καὶ
2641 1106 2824 1173 μέντοι
2877 1106 2970 1157 καὶ
3020 1105 3077 1154 ὲν
3111 1101 3316 1170 ἰσότητι
3343 1117 3356 1131 ·
3391 1100 3452 1152 οὐ
3489 1098 3598 1169 γὰρ
3631 1099 3943 1168 ἀρπαγμδν

2344 1197 2591 1266 ἡγήσατο
2625 1197 2687 1249 τὸ
2722 1192 2861 1248 εἶναι
2893 1193 2987 1248 ῐσα
3035 1194 3153 1264 Θεῷ
3174 1210 3188 1226 ο
3217 1194 3312 1246 καὶ
3361 1191 3586 1262 προσέτι
3621 1191 3796 1260 τούτῳ
3828 1189 3943 1261 τὴν

2344 1286 2438 1339 τοῦ
2467 1286 2655 1340 δούλου
2682 1286 2915 1341 λαϐόντα
2940 1284 3173 1356 μορφὴν,
3193 1283 3269 1345 ώς
3290 1283 3390 1336 οὐκ
3415 1282 3610 1352 ἔχοντά
3637 1298 3769 1334 ποτε
3791 1298 3804 1312 ·
3833 1282 3941 1334 καὶ

2347 1382 2405 1434 ὲν
2428 1378 2655 1432 κενώσει
2681 1377 3069 1447 γεγενημένον,
3095 1377 3170 1440 ώς
3201 1376 3260 1429 ὲν
3288 1375 3392 1445 ἰδίᾳ
3420 1374 3577 1443 φύσει
3602 1374 3838 1445 λαχόντα
3865 1374 3940 1428 τὸ

2345 1470 2570 1540 πλῆρες.
2610 1471 2667 1523 ’0
2695 1470 2888 1538 γάρτοι
2933 1467 3226 1529 Θεσπέσιος
3255 1466 3489 1530 Παῦλος,
3533 1467 3625 1520 τὸν
3656 1469 3713 1519 ὲν
3739 1467 3934 1536 μορφῇ

2345 1560 2439 1613 καὶ
2468 1559 2672 1630 ἰσότητι
2719 1560 2813 1613 τοῦ
2867 1559 3004 1612 Θεοῦ
3071 1559 3166 1612 καὶ
3203 1559 3436 1629 Πατρὸς,
3464 1557 3715 1625 γενέσθαι
3756 1556 3937 1625 φησὶν

2345 1653 2584 1723 ὑπήκοον
2613 1651 2760 1721 αὐτῷ
2793 1651 2888 1704 καὶ⁹
2923 1651 3084 1720 μέχρι
3118 1649 3370 1713 θανάτου,
3401 1648 3634 1702 θανάτου
3666 1647 3723 1700 δὲ
3757 1663 3936 1701 σταυ-

2345 1744 2458 1814 ροῦ.
2493 1739 2617 1813 'Ap‘
2665 1744 2764 1795 οὐκ
2798 1741 3031 1812 ἐναργὴς
3065 1743 3097 1808 ἡ
3134 1741 3242 1796 τῶν
3290 1739 3510 1794 ἐννοιῶν
3541 1739 3777 1803 ἀτοπίας
3809 1738 3933 1792 Κύ-

2345 1851 2457 1904 ριον
2496 1833 2552 1886 δὲ
2590 1834 2688 1904 τῆς
2714 1833 2874 1903 δόξης
2927 1833 3287 1901 ὀνομάζοντος
3316 1833 3451 1902 ἡμῖν
3500 1830 3601 1884 τοῦ
3647 1830 3933 1900 μακαρίου

2344 1925 2557 1978 Παύλου
2595 1926 2687 1978 τὸν
2713 1923 3152 1995 ἐσταυρωμένον,
3179 1921 3311 1993 φαίη
3345 1922 3411 1976 ἂν
3436 1921 3632 1983 οὐδείς⁸
3663 1920 3737 1974 Οὐ
3768 1918 3934 1989 λέγει

2341 2018 2440 2087 τὴν
2471 2016 2884 2086 ἀνθρωπότητα,
2911 2015 3047 2068 ἀλλά
3071 2014 3168 2083 τὴν
3191 2014 3439 2082 θεότητα.
3474 2012 3609 2065 Ἕνα
3636 2009 3748 2080 γὰρ
3783 2011 3931 2080 ὁμου

2342 2107 2607 2178 λογοῦμεν
2656 2106 2893 2178 Χριστὸν
2932 2107 3027 2160 καὶ
3062 2106 3214 2169 Υἱὸν,
3246 2106 3341 2158 καὶ
3377 2107 3478 2174 τῆς
3508 2103 3666 2172 δόξης
3713 2100 3933 2173 Κύριον

2339 2199 2430 2253 τὸν
2451 2202 2511 2252 ἐκ
2529 2199 2663 2252 Θεοῦ
2696 2198 2905 2269 Πατρός
2927 2199 3096 2265 Λόγον
3124 2195 3446 2266 ὲνανθρωπή
3457 2211 3625 2248 σαντα
3653 2194 3720 2246 δι’
3745 2196 3928 2265 ἡμᾶς,

2341 2289 2579 2342 παθόντα
2600 2305 2659 2341 τε
2690 2287 2829 2358 ὑπὲρ
2852 2290 2883 2357 ἡ
2893 2287 3007 2357 μῶν
3033 2287 3127 2340 καὶ
3152 2286 3338 2357 σαρκὶ,
3370 2286 3510 2339 κατὰ
3539 2284 3639 2348 τὰς
3670 2284 3927 2355 Γραφάς.

2339 2380 2483 2450 Πλὴν
2511 2380 2572 2433 ού
2604 2379 2836 2451 μετρίως
2859 2377 3312 2447 καταιτιώμενος,
3341 2376 3413 2439 ώς
3439 2374 3537 2445 τὴν
3567 2374 3768 2445 ἀκριϐῆ
3796 2387 3933 2426 συν-

2337 2473 2548 2538 ἀφειαν,
2583 2469 2730 2522 καθά
2755 2485 2920 2538 φησιν
2950 2466 3136 2530 αὐτὸς,
3175 2466 3407 2534 διασπᾷν
3451 2463 3752 2524 ἐθέλοντας.
3790 2463 3930 2524 τοὺς

2336 2560 2708 2631 ἀπονέμοντας
2744 2560 2842 2628 μὲν
2875 2557 2954 2627 τῷ
2998 2556 3118 2627 Θεῷ
3161 2557 3323 2626 Λόγῳ
3351 2556 3410 2607 τὸ
3447 2555 3546 2624 τῆς
3591 2552 3929 2624 κυριότητος

2336 2651 2524 2720 ὄνομα,
2550 2651 2648 2719 τῆς
2672 2666 2734 2717 γε
2771 2647 2876 2719 μὴν
2909 2646 3324 2717 ἀνθρωπότητος
3355 2644 3728 2716 ἀποφέροντας
3761 2642 3926 2713 αὐτῷ

2337 2742 2443 2814 [ια.
2472 2739 2648 2811 adeo],
2691 2739 2943 2808 καθάπερ
2969 2739 3049 2800 εἰς
3095 2735 3266 2806 λήθην
3297 2728 3370 2789 ὧν
3412 2735 3517 2805 ἔφη
3546 2733 3747 2799 πεσὼν,
3791 2731 3885 2786 δια
3905 2763 3924 2775 ο

2337 2834 2476 2902 σπᾷν
2505 2834 2584 2894 εις
2615 2830 2708 2883 δύο
2736 2830 3130 2899 καταφωρᾶται
3156 2827 3246 2880 τὸν
3275 2828 3390 2892 ἕνα,
3414 2826 3509 2881 καὶ
3529 2826 3626 2894 τῆς
3647 2823 3924 2893 ἀκριϐοῦς

2334 2927 2452 2978 κατ’
2500 2924 2660 2977 αὑτὸν
2702 2923 2994 2991 συναφείας
3046 2921 3200 2989 ὀλίγα
3251 2918 3648 2991 πεφροντικώς.
3702 2918 3929 2988 Ἐρωτᾷ

2335 3014 2442 3085 γάρ
2471 3013 2728 3083 ἀμαθῶς·
2765 2989 2968 3082 Κύριος
3003 3013 3096 3065 καὶ
3131 3013 3160 3065 ό
3190 2989 3496 3082 ἄνθρωπος,
3531 3009 3563 3076 ἦ
3593 3005 3687 3072 οὓς
3725 3007 3774 3058 εἰ
3815 3005 3927 3074 μὲν

2332 3099 2424 3157 οῦν
2451 3104 2674 3171 Κύριος,
2717 3101 2934 3172 συνᾴδει
2985 3099 3054 3154 τὰ
3094 3100 3385 3168 λεγόμενα.
3421 3094 3651 3161 Οὐκοῦν,
3686 3097 3736 3148 ει
3770 3094 3926 3148 κατά

2332 3190 2429 3260 τὴν
2453 3191 2551 3261 σὴν
2577 3188 2832 3243 ἀσύνετον
2857 3187 3070 3254 πεῦσιν,
3093 3186 3294 3258 Κύριος
3329 3185 3427 3256 μὲν
3454 3186 3483 3238 ό
3505 3183 3671 3248 Λόγος
3703 3181 3924 3247 ἰδικῶς,

2331 3282 2534 3352 Κύριος
2567 3280 2622 3333 δὲ
2665 3281 2760 3332 καὶ
2791 3281 2818 3332 ό
2851 3277 3156 3350 ἄνθρωπος,
3185 3276 3276 3330 δύο
3308 3293 3409 3329 που
3452 3275 3666 3336 πάντως
3707 3271 3756 3326 οἱ
3812 3271 3923 3327 κύ-

2334 3388 2458 3440 ριοι,
2489 3371 2582 3422 καὶ
2609 3368 2735 3422 υἱοί.
2767 3369 2980 3436 Ὀνήσει
3007 3367 3070 3437 δὴ
3098 3362 3190 3420 οὖν
3213 3365 3312 3435 τῆς
3331 3362 3593 3435 ἀκριϐοῦς
3615 3362 3924 3430 συναφείας

2329 3455 2616 3527 ἡδύναμις
2651 3458 2770 3508 κατ’
2807 3455 2998 3508 οὐδένα
3043 3454 3242 3523 τρόπον
3284 3453 3411 3516 τοὺς
3452 3451 3920 3515 πεπιστευκότας,

2330 3549 2408 3610 εἰς
2434 3564 2495 3615 γε
2526 3547 2585 3599 τὸ
2622 3546 2822 3617 χρῆναι
2849 3547 2988 3599 νοεῖν
3030 3545 3127 3598 ’ἐνα
3173 3543 3408 3615 Χριστὸν
3443 3544 3536 3596 καὶ
3565 3541 3775 3613 Κύριον
3815 3545 3921 3597 καὶ

2330 3639 2457 3692 Υἱδν
2484 3639 2618 3708 μετά
2644 3638 2744 3706 τῆς
2774 3635 3068 3707 ὲνωθείσης
3104 3634 3251 3704 αὐτῷ
3281 3634 3502 3706 σαρκός.
3535 3634 3918 3704 Προκειμένου

2328 3729 2435 3800 γὰρ
2463 3729 2556 3782 καὶ
2586 3726 3011 3797 παρενεχθέντος
3047 3727 3128 3788 εἰς
3163 3726 3326 3796 μέσον
3356 3724 3451 3777 τοῦ
3489 3723 3782 3794 προσώπου
3813 3725 3914 3778 τοῦ

2341 3819 2706 3892 Ἐμμανουὴλ,
2731 3818 2832 3873 κᾶν
2863 3820 2915 3870 εἴ
2933 3835 3014 3881 τις
3054 3817 3340 3888 ἄνθρωπον
3369 3815 3538 3883 λέγοι,
3565 3814 3654 3868 τὸν
3678 3817 3739 3867 ἐκ
3769 3814 3916 3868 Θεοῦ

2329 3914 2543 3985 Πατρός
2569 3913 2739 3981 Λόγον
2783 3909 2998 3981 μορφὴν
3044 3908 3232 3962 δούλου
3266 3906 3501 3961 λαϐόντα
3533 3904 3782 3976 νοοῦμεν,
3811 3909 3916 3960 καὶ

2326 4010 2390 4062 ἐκ
2418 4009 2525 4062 τῶν
2566 4007 2662 4076 τῆς
2690 4003 2974 4066 κενώσεως
3007 4003 3221 4074 μέτρων
3263 4000 3552 4070 δηλοῦσθαι
3603 4016 3787 4069 φαμεν
3809 4015 3823 4027 ·
3856 4003 3915 4055 ει

2326 4097 2382 4151 δὲ
2415 4097 2478 4168 δὴ
2495 4096 2587 4150 xa‘t
2615 4095 2745 4149 Θεὸν
2775 4092 3058 4163 μονογενῆ,
3087 4090 3178 4144 τὸν
3205 4090 3368 4144 αὑτὸν
3386 4085 3524 4142 εἶναι
3556 4087 3916 4154 πιστεύοντες

2328 4190 2437 4262 [Ion
2469 4185 2814 4256 πιστεύομεν]
2853 4183 3314 4256 ὲνηνθρωπηκότα
3356 4198 3416 4234 τε
3447 4181 3548 4251 ἠδη
3582 4180 3678 4233 καὶ⁵
3707 4197 3915 4253 σεσαρ-

2326 4280 2592 4349 κωμένον.
2632 4277 2790 4330 Ἀλλά
2820 4277 2947 4348 γὰρ,
2982 4277 3058 4340 ὡς
3091 4275 3247 4345 ἔφην,
3273 4274 3352 4326 ἑνὶ
3379 4271 3442 4342 δὴ
3471 4272 3566 4325 καὶ
3600 4272 3764 4341 μόνῳ,
3809 4274 3913 4327 καὶ

2329 4369 2511 4432 ἰδικῶς
2545 4368 2820 4438 νοουμένῳ
2850 4366 3000 4436 παρὰ
3025 4366 3116 4418 τὸν
3158 4366 3221 4416 ὲκ
3247 4361 3460 4434 Πατρός
3493 4362 3663 4428 Λόγον
3696 4359 3912 4433 ἀνθρώ.

2326 4480 2432 4532 πῳ,
2461 4458 2782 4530 προσνέμων
2817 4457 2917 4526 τῆς
2952 4457 3089 4526 μετά
3118 4453 3320 4525 σαρκὸς
3343 4451 3654 4522 οἰκονομίας
3677 4450 3743 4504 τὰ
3771 4468 3914 4507 κατ-

647 4545 898 4612 quisnam
927 4544 997 4597 sit
1028 4544 1115 4598 ille
1139 4543 1431 4597 cruciﬁxus
1463 4561 1476 4598 :
1533 4545 1743 4598 Etenim
1790 4550 2078 4616 cruciﬁxus
2135 4564 2219 4606 est

2333 4553 2637 4625 9ρθώματα,
2687 4551 2782 4604 καὶ
2829 4550 2989 4604 αὐτὸν
3029 4549 3167 4619 ὑπὲρ
3217 4547 3374 4618 ἡμῶν
3425 4545 3715 4616 ὑπομεῖναί
3765 4561 3910 4616 φησι

644 4647 709 4688 ex
735 4633 1066 4697 inﬁrmitate,
1091 4633 1182 4686 sed
1216 4633 1347 4685 vivit
1371 4647 1436 4687 ex
1471 4634 1671 4690 virtute
1707 4635 1846 4710 Dei.]
1897 4639 2027 4705 Quis
2064 4643 2215 4697 inﬁr-

644 4732 821 4780 matus
856 4734 958 4787 est,
992 4724 1281 4779 ltaaretice?
1324 4725 1486 4780 illene
1555 4727 1699 4782 Deus
1756 4729 1990 4786 Verbum
2019 4733 2216 4790 ?luﬁr-

641 4815 850 4869 mitatis
877 4815 1093 4884 quidem
1127 4815 1304 4871 omnis
1340 4832 1561 4884 prorsus
1590 4834 1784 4888 expers
1811 4836 1839 4874 a
1897 4825 2050 4880 nobis
2092 4843 2209 4883 cre-

641 4907 787 4960 ditur
814 4906 940 4960 illud
977 4919 1040 4959 ex
1078 4905 1187 4959 Deo
1230 4905 1388 4962 Patre
1438 4907 1702 4964 Verbum.
1769 4913 1887 4979 Ipse
1932 4926 2015 4971 est
2068 4921 2212 4973 enim

644 4998 901 5057 Dominus
916 4998 1204 5053 Virtutum.
1230 4995 1335 5051 Sed
1360 5007 1536 5053 tamen
1562 5000 1690 5054 illud
1720 5017 1958 5072 expone;
1989 5011 2214 5073 metuis-

642 5103 708 5142 ne
740 5089 806 5142 de
834 5104 897 5144 eo
929 5088 1263 5144 inﬁrmitatis
1285 5104 1479 5144 nomen
1512 5093 1781 5159 accipere?
1800 5109 1958 5162 quam
1987 5100 2057 5153 ob
2081 5117 2212 5154 can-

619 5181 792 5235 *Sam?
831 5196 950 5234 cum
989 5181 1075 5236 illa
1102 5194 1196 5250 per
1228 5194 1446 5234 carnem
1484 5180 1989 5249 dispensatioillum
2010 5190 2212 5246 eximat

644 5273 710 5327 ab
747 5274 959 5342 injuria,
994 5273 1205 5327 etiamsi
1264 5271 1538 5342 quidpiam
1562 5288 1750 5342 passus
1776 5291 1894 5332 esse
1913 5279 2121 5334 dicatur
2143 5298 2210 5337 ex

647 5365 730 5428 his
752 5378 870 5434 quae
893 5378 921 5416 a
954 5372 1144 5417 natura
1170 5363 1340 5433 ipsius
1371 5371 1423 5417 et
1446 5363 1616 5433 gloria
1665 5375 1789 5420 sunt
1829 5367 2041 5423 aliena?
2075 5370 2209 5426 Nam

646 5454 688 5505 si
713 5468 832 5506 cum
858 5455 1002 5508 dives
1047 5462 1212 5516 esset,
1259 5469 1464 5523 pauper
1497 5455 1668 5510 factus
1699 5467 1781 5510 est
1817 5458 1861 5490 ”
1885 5499 1899 5523 ,
1957 5469 2012 5515 et
2039 5461 2209 5520 factus

650 5549 729 5596 est
756 5542 928 5596 nostri
953 5544 1144 5597 similis
1180 5541 1353 5597 forma
1388 5544 1527 5597 servi
1550 5554 1817 5614 suscepta,
1871 5549 2079 5604 etiamsi
2131 5553 2211 5606 di-

650 5632 1116 5689 caturinﬁrmatus
1149 5649 1212 5689 ex
1255 5633 1611 5701 humanitate,
1664 5637 1795 5692 nihil
1835 5640 2049 5697 absurdi
2107 5653 2208 5709 est,

722 5816 766 5851 ³³
798 5814 962 5870 lCor.
1002 5831 1064 5882 ιι,
1107 5817 1158 5870 8.
1233 5819 1278 5849 ⁸⁸
1308 5816 1350 5872 ll
1392 5816 1516 5872 Cor.
1549 5833 1664 5885 vm,
1699 5820 1750 5874 9.

2323 4647 2572 4716 σταυρδν,
2593 4640 2728 4696 εἷναί
2767 4659 2824 4695 τε
2854 4642 2950 4712 τῆς
2981 4639 3136 4707 δόξης
3163 4635 3603 4692 διαϐεϐαιοῦνται
3633 4634 3742 4707 [Ion
3778 4635 3905 4689 διαο

2321 4737 2634 4792 ϐεϐαιοῦται
2667 4734 2684 4807 ]
2713 4733 2940 4805 Κύριον,
2967 4729 3160 4800 γυμνῷ
3186 4728 3444 4797 κτίσματι
3474 4726 3769 4798 περιτιθεὶς
3800 4727 3908 4800 τῆς

2320 4829 2580 4886 ἀνωτάτω
2607 4826 2818 4895 φύσεως
2849 4823 2919 4877 τά
2941 4818 3409 4892 αύχήματα.Φησὶ
3427 4819 3554 4888 γάρ’
3587 4816 3909 4890 ΓΛκούσω-

2324 4938 2422 4990 μεν
2448 4917 2540 4972 τοῦ
2588 4916 2858 4988 μακαρίου
2891 4913 3116 4975 Παύλου,
3143 4911 3394 4980 φανερῶς
3430 4909 3784 4977 κεκραγότος,
3816 4909 3909 4975 τίς

2318 5015 2463 5064 ἐστιν
2499 5011 2528 5062 ό
2557 5005 2989 5078 ἐσταυρωμένος·
3022 5003 3132 5057 Καὶ
3167 5002 3275 5073 γάρ
3302 5000 3624 5072 ἐσταυρώθη
3655 5000 3712 5066 ἐξ
3738 5000 3908 5057 ἀσθε-

2317 5101 2484 5164 νειας,
2520 5098 2654 5153 ἀλλά
2692 5099 2758 5169 ζῇ
2799 5099 2861 5150 ὲκ
2895 5095 3179 5166 δυνάμεως
3213 5091 3400 5166 Θεοῦ.]
3433 5092 3528 5156 Τις
3553 5092 3858 5163 ἠσθένησεν
3888 5113 3903 5162 ;

2313 5193 2341 5245 ό
2369 5192 2500 5255 Θεὸς
2529 5187 3018 5259 Λόγος,αἱρετικέ;
3059 5185 3370 5248 ’Λσθενείας
3426 5183 3523 5255 μὲν
3557 5178 3649 5238 οῦν
3677 5183 3904 5255 ἀπάσης

2316 5284 2580 5355 ἀμέτοχος
2628 5281 2904 5344 παντελῶς
2937 5282 2965 5334 ό
3007 5281 3073 5332 ὲκ
3119 5276 3256 5331 Θεοῦ
3299 5275 3515 5348 Πατρὸς
3543 5275 3716 5344 Λόγος
3759 5276 3904 5347 πρὸς

2315 5378 2347 5446 ὴ
2359 5375 2473 5446 μῶν
2505 5371 2645 5427 εῖναι
2673 5373 3004 5428 πιστεύεται.
3032 5371 3204 5433 Αὐτὸς
3231 5371 3340 5438 γάρ
3369 5370 3516 5423 ἐστιν
3548 5370 3576 5422 ό
3599 5368 3703 5437 τῶν
3733 5367 3904 5424 δυνά-

2323 5475 2467 5534 μεων
2497 5464 2719 5534 Κύριος.
2752 5462 2896 5533 Πλὴν
2918 5465 3093 5516 έκεῖνο
3134 5461 3370 5531 φράσον
3400 5459 3576 5522 δέδιας
3609 5459 3697 5512 ἐπ’
3725 5458 3900 5514 αὑτοῦ

2317 5556 2377 5607 τὸ
2418 5554 2517 5623 τῆς
2552 5553 2832 5616 ἀσθενείας
2873 5554 3041 5622 ὄνομα
3070 5551 3284 5618 λαϐεἴν;
3318 5550 3406 5603 διὰ
3459 5549 3619 5603 ποίαν
3669 5551 3896 5616 αῑτῐανς

2320 5647 2495 5699 καίτοι
2543 5647 2640 5716 τῆς
2676 5646 2812 5716 μετὰ
2847 5645 3045 5716 σαρκὸς
3083 5643 3396 5713 οἰκονομίας
3434 5657 3526 5694 του
3559 5641 3897 5713 κατεψέχθαι
