4106 6502
211 460 293 513 225
1217 461 1588 517 ADVERSUS
1625 460 2034 517 NESTORIUM
2076 460 2204 517 LIB.
2251 462 2315 514 V.

3309 463 3415 517 226

212 580 298 631 δεῖν
316 577 407 641 ἔξω
426 577 656 647 τεθείσης
686 578 868 644 αὑτὸν,
895 578 995 631 κᾶν
1022 580 1069 631 εί
1101 580 1309 648 λέγοιτό
1333 601 1384 635 τι
1415 583 1605 635 παθεῖν
1630 582 1733 634 τῶν

1841 592 1896 635 ut
1923 581 2066 634 illum
2097 582 2183 649 qui
2216 581 2362 634 dives
2385 591 2520 646 erat,
2542 593 2826 649 pauperem
2851 580 3048 636 factum
3074 581 3411 645 consideres,

211 670 289 720 ὅσα
315 669 417 720 ἐστὶ
444 667 588 737 παρά
635 685 698 736 γε
738 667 836 738 τὴν
873 668 1037 722 αὑτοῦ
1075 669 1235 737 φύσιν
1264 688 1321 723 τε
1346 673 1436 724 καὶ
1472 672 1659 738 δόξαν·
1691 674 1738 723 εξ

211 761 297 828 γάρ
321 760 556 820 πλούσιος
596 760 673 813 ῶν
706 760 1040 830 ἐπτώχευσε,
1083 765 1173 814 καὶ
1206 765 1394 831 γέγονε
1439 765 1558 819 καθ’
1592 766 1740 834 ἡμᾶς

212 852 388 920 μορφὴν
411 851 589 903 δούλου
617 851 822 913 λαὸὼν,
850 852 952 904 κᾶν
974 855 1021 905 εί
1044 853 1339 923 ἀσθενῆσαι
1363 855 1574 923 λέγοιτο
1604 853 1742 907 κατὰ

208 942 255 992 τὸ
279 942 615 1011 ἀνθρώπινον,
650 943 712 995 τὸ
761 944 987 1006 ἀπεικὸς
1021 945 1195 1007 οὐδὲν,
1227 947 1312 999 ἴνα
1355 946 1742 1015 πτωχεύσαντα

208 1031 384 1102 θεωρῇς
406 1034 489 1086 τὸν
537 1035 813 1101 πλούσιον,
857 1037 915 1089 ἐν
943 1036 1272 1089 ταπεινώσει
1307 1039 1398 1090 τὸν
1429 1037 1653 1106 ὑψηλὸν,
1683 1038 1739 1089 ἐν

207 1126 256 1191 τῇ
283 1123 388 1174 καθ’
425 1126 564 1193 ἡμᾶς
614 1126 872 1196 ἀσθενείᾳ
910 1127 1001 1179 τὸν
1034 1128 1143 1180 τῶν
1175 1129 1456 1197 δυνάμεων
1509 1127 1732 1198 Κύριον.

208 1212 552 1282 Τεθαόμασται
581 1216 638 1268 δὲ
672 1217 766 1269 καὶ
787 1218 876 1270 διὰ
906 1219 1063 1271 τοῦτο
1092 1221 1153 1272 τὸ
1181 1220 1309 1289 περὶ
1335 1217 1499 1272 αὑτοῦ
1529 1219 1735 1289 μυστή-

205 1317 317 1368 ριον.
350 1303 463 1366 Πῶς
505 1305 612 1375 γὰρ
645 1308 738 1358 καὶ
791 1307 1044 1369 πεινῆσαι
1088 1308 1325 1375 λέγεται,
1373 1308 1548 1361 καίτοι
1594 1307 1738 1377 ζωῆς

204 1392 339 1462 ἄρτος
363 1395 614 1465 ὑπάρχων
658 1396 841 1462 αὐτὸς,
871 1399 965 1451 καὶ
999 1399 1065 1451 ἐκ
1097 1398 1190 1452 τοῦ
1221 1399 1449 1469 οὐρανοῦ
1474 1397 1737 1462 καταϐάς,

204 1484 277 1535 καὶ
307 1483 436 1555 ζωὴν
461 1486 636 1550 διδοὺς
662 1488 738 1558 τῷ
772 1491 995 1559 κόσμῳ;
1029 1489 1150 1543 τίνα
1182 1489 1381 1561 τρόπον
1412 1490 1739 1543 κεκοπίακεν

1845 675 1991 726 illum
2030 674 2313 726 sublimem
2347 673 2398 726 in
2435 673 2755 738 lmmilitate,
2807 674 2956 728 illum
3007 673 3264 728 virtutum
3304 673 3412 728 Do-

1850 767 2052 819 minum
2079 766 2128 817 in
2166 776 2355 819 nostra
2393 765 2722 821 inﬁrmitate.
2786 764 2959 820 Habet
3013 773 3190 821 autem
3250 766 3414 819 etiam

1844 859 1944 910 hac
1968 871 2035 909 ex
2087 865 2238 922 parte
2280 855 2690 912 admirationem
2737 856 2854 926 ejus
2903 857 3238 927 mysterium.
3281 854 3416 909 Nam

1844 948 2113 1016 quomodo
2143 948 2351 1002 esurire
2385 949 2598 1011 dicitur,
2629 965 2746 1003 cum
2786 951 2896 1018 ipse
2955 950 3024 1003 sit
3079 948 3234 1016 panis
3269 947 3412 1010 vitae,

1843 1047 1943 1092 ete
1970 1037 2105 1092 cmlo
2136 1039 2500 1102 descenderit,
2531 1046 2586 1091 et
2621 1038 2782 1091 vitam
2817 1039 2906 1092 det
2933 1038 3131 1090 mundo
3161 1034 3252 1088 '7?
3285 1050 3417 1103 quo-

1845 1125 2003 1180 modo
2030 1124 2284 1194 fatigatus
2316 1135 2398 1180 est
2421 1141 2484 1180 ex
2509 1127 2723 1193 itinere,
2757 1129 2848 1196 qui
2902 1141 3000 1181 suo
3037 1125 3241 1194 Spiritu
3289 1124 3417 1179 soli-

1845 1215 1939 1270 dat
1968 1217 2135 1270 cmlos
2165 1217 2212 1248 ⁸⁸
2238 1217 2260 1270 2
2289 1217 2392 1272 Sed
2419 1233 2525 1272 non
2580 1218 2742 1281 feres,
2799 1228 2856 1271 ut
2892 1217 3182 1272 verisimile
3236 1223 3338 1279 est,
3371 1215 3415 1269 si

1847 1307 1958 1362 haec
1988 1308 2052 1362 de
2084 1308 2198 1376 ipso
2228 1306 2520 1378 Unigenito
2575 1310 2846 1364 dicantur.
2896 1308 3052 1377 13o
3115 1306 3279 1375 Atqui
3326 1317 3415 1358 tua

1844 1399 2008 1452 verba
2033 1399 2300 1454 curiosius
2321 1401 2603 1469 inquirens
2627 1403 2860 1469 reperio,
2919 1404 2970 1454 iu
3003 1399 3198 1470 quibus
3226 1408 3413 1467 aperte

1845 1490 2000 1553 dicis,
2037 1501 2288 1560 tanquam
2320 1507 2384 1546 ex
2420 1509 2647 1562 persona
2687 1492 2990 1565 Unigeuiti;

202 1577 252 1627 ἐκ
271 1577 355 1646 τῆς
384 1579 700 1652 ὁδοιπορίας,
734 1583 762 1633 6
785 1583 860 1652 τῷ
907 1584 1021 1653 ίδίῳ
1055 1584 1334 1654 Πνεύματι
1371 1585 1608 1655 στερεῶν
1667 1584 1962 1652 οὐρανούς
1999 1585 2137 1638 Ἀλλ’
2175 1587 2275 1640 οὐκ
2303 1587 2464 1659 ἀνέξῃ
2501 1589 2642 1643 κατὰ
2665 1589 2725 1642 τὸ
2790 1590 2954 1654 εἰκὸς,
2987 1592 3035 1643 εί
3095 1589 3225 1659 περὶ
3249 1587 3414 1643 αὐτοῦ

200 1671 378 1736 λέγοιτο
397 1677 545 1727 ταυτὶ
568 1676 665 1729 τοῦ
690 1678 1049 1746 Μονογενοῦς,
1074 1679 1252 1733 καίτοι
1270 1681 1395 1743 τοὺς
1464 1681 1589 1743 σοὺς
1656 1679 2187 1752 πολυπραγμονήσας
2225 1683 2415 1752 λόγους
2440 1685 2679 1755 εὑρίσκω
2705 1686 2965 1753 λέγοντας
2993 1686 3197 1757 σαφῶς,
3230 1687 3305 1750 ὡς
3349 1687 3415 1738 ἐκ

201 1762 454 1832 προσώπου
486 1765 578 1818 τοῦ
611 1767 968 1834 Μονογενοῦςο

256 1856 386 1927 [Ὅτι
422 1859 599 1931 μορφὴ
623 1860 761 1914 Θεοῦ
788 1862 1072 1934 ὑπάρχων,
1101 1864 1313 1935 μορφὴν
1339 1865 1735 1937 περιϐέϐλημαι

1908 1860 2150 1916 ’Νεετοιι
2177 1860 2374 1932 [Quod,
2405 1878 2525 1916 cum
2549 1864 2650 1916 sim
2682 1863 2772 1918 Dei
2793 1865 2989 1930 forma,
3019 1869 3159 1922 servi
3187 1869 3411 1925 formam

197 1946 354 2003 δούλου
373 1965 384 1977 ’
418 1952 655 2016 ὅτιθεὸς
686 1954 857 2022 Λόγος
886 1952 982 2021 ὢν,
1011 1957 1069 2009 ἐν
1102 1956 1266 2028 σαρκὶ
1289 1957 1632 2029 καθορῶμαι·
1656 1959 1736 2011 ὅτι

194 2038 436 2105 δεσπόζων
467 2043 560 2096 τοῦ
603 2045 828 2112 παντὸς,
879 2045 1252 2116 πτωχεύοντος
1292 2046 1358 2100 δι’
1389 2049 1537 2118 ἡμᾶς
1583 2065 1738 2117 περι-

195 2129 434 2200 ϐέϐλημαι
482 2136 804 2208 πρόσωπον·
843 2138 928 2192 ὅτι
981 2138 1181 2191 πεινῶν
1231 2139 1477 2210 ὁρατῶς,
1519 2139 1737 2212 χορηγῶ

193 2224 286 2284 τοίς
315 2225 528 2279 πεινῶσι
557 2227 814 2299 τροφήν].

765 2367 1018 2421 ΚΕΦΛΛ.
1061 2368 1135 2422 Γ’.

249 2501 358 2564 Πῶς
383 2499 492 2566 οὖν,
521 2504 667 2568 εἰπὲ,
696 2503 758 2556 τὸ
787 2505 885 2573 τῆς
915 2502 1197 2565 ἀσθενείας
1219 2502 1390 2572 ὄνομα
1414 2501 1619 2564 δεδιὼς,
1643 2503 1736 2554 καὶ

189 2590 508 2661 ἀποκομίζων
539 2595 730 2656 αὑτοῦ,
764 2595 866 2647 κᾶν
893 2598 921 2647 6
946 2595 1048 2662 τῆς
1084 2594 1397 2664 οἰκονομίας
1430 2593 1504 2663 μὴ
1542 2591 1729 2662 βούλη-

189 2698 264 2734 ται
296 2684 462 2754 λόγος,
503 2688 668 2740 αὐτὸν
714 2687 850 2755 ἔφης
899 2689 1088 2757 πεινῇν
1139 2687 1237 2756 μὲν
1293 2685 1524 2755 ὁρατῶς,
1571 2686 1737 2755 ἤγουν

189 2773 538 2845 ἀνθρωπίνως,
587 2779 846 2848 χορηγεῖν
890 2775 944 2827 δὲ
977 2774 1173 2836 θεῖκῶς
1211 2777 1323 2837 τοῖς
1354 2773 1577 2826 πεινῶσι
1611 2780 1734 2844 ἐρον

188 2867 302 2936 φήν;
351 2865 473 2939 Ἆρ’
524 2870 626 2922 οὐκ
678 2867 960 2928 ἀσθενείας
997 2865 1195 2935 τρόπον
1242 2860 1381 2916 εἶναι
1419 2865 1524 2933 φὴς
1555 2863 1640 2926 τι,
1679 2865 1736 2915 ἐν

187 2957 337 3030 ἐνδείᾳ
368 2960 622 3027 γενέσθαι
646 2962 875 3029 τροφῆς,
913 2959 1004 3010 καὶ
1046 2957 1300 3026 πεινῆσαι
1329 2954 1582 3023 λέγεσθαι
1615 2954 1735 3008 καθ’

184 3052 336 3119 ἠμάςς
381 3053 541 3105 Ἀλλά
578 3054 692 3114 τοῖς
747 3051 986 3102 ἐθέλουσι
1037 3049 1348 3118 φιλοψογεῖν
1395 3046 1736 3110 άντιτάξεται

185 3145 388 3210 γενικῶς
424 3145 534 3198 Γτον.
561 3141 848 3213 γεννικῶς]
881 3143 981 3211 τῆς
1015 3143 1367 3209 οίκονομίαςό
1391 3141 1608 3208 τρόπος.
1648 3140 1738 3190 Δεῖ

1840 1953 1987 2007 indui
2021 1969 2036 2005 :
2073 1954 2239 2022 quod,
2269 1969 2390 2008 cum
2427 1955 2526 2009 sim
2547 1954 2687 2010 Deus
2715 1954 2968 2019 Verbum,
3000 1958 3053 2011 in
3087 1974 3248 2014 carne
3282 1977 3413 2016 con-

1837 2043 2076 2110 spicior:
2107 2044 2271 2113 quod,
2305 2059 2425 2097 cum
2458 2045 2829 2099 universitatis
2851 2046 2950 2100 sim
2983 2046 3266 2112 Dominus,
3287 2065 3412 2118 per-

1836 2148 2022 2188 sonam
2050 2134 2298 2202 pauperis
2315 2143 2533 2204 propter
2565 2150 2661 2190 vos
2702 2135 2892 2190 indui:
2929 2138 3092 2207 quod,
3147 2154 3266 2193 cum
3291 2156 3415 2194 esu-

1837 2225 1972 2280 riam
2021 2225 2327 2292 visibiliter,
2369 2227 2734 2283 esurientibus
2774 2228 2954 2282 cibum
3009 2228 3409 2304 subministro.]

2471 2363 2621 2418 CAP.
2680 2365 2763 2418 Ill.

1908 2497 2186 2563 Quomodo
2223 2498 2398 2569 igitur,
2440 2514 2646 2568 quaeso,
2680 2516 2801 2555 cum
2839 2502 3171 2562 inﬁrmitatis
3209 2521 3406 2562 nomen

1837 2597 2068 2654 metuas,
2101 2599 2156 2643 et
2212 2592 2278 2644 ab
2313 2605 2378 2644 eo
2433 2591 2683 2657 auferas,
2733 2594 2944 2649 etiamsi
2997 2596 3414 2665 dispensationis

1837 2679 1975 2733 ratio
2006 2689 2288 2748 repugnet,
2315 2681 2486 2750 ipsum
2519 2682 2655 2738 dicis
2700 2685 2907 2739 esurire
2965 2687 3248 2742 visibiliter
3314 2704 3410 2744 seu

1838 2772 2168 2837 humanitus,
2220 2773 2634 2829 subministrare
2688 2784 2867 2830 tamen
2923 2778 3183 2834 divinitus
3232 2781 3409 2835 cibum

1836 2862 2236 2918 esurientibus?
2262 2865 2341 2918 An
2373 2879 2500 2920 vero
2530 2867 2860 2921 inﬁrmitatis
2892 2885 3060 2938 genus
3085 2886 3204 2926 esse
3247 2889 3412 2943 negas

1838 2954 1978 3020 quod
2013 2955 2132 3008 cibo
2162 2954 2410 3024 indiguit,
2468 2958 2690 3023 etquod
2733 2961 2943 3013 esurire
2984 2961 3181 3015 dicitur
3226 2975 3412 3018 nostro

1839 3045 2026 3096 more?
2054 3045 2158 3098 Sed
2189 3047 2496 3115 vituperare
2536 3049 2840 3103 volentibus
2863 3052 2971 3118 ipse
2995 3053 3412 3120 dispensationis

1839 3136 2028 3189 modus
2051 3135 2261 3190 fortiter
2293 3139 2534 3192 obsistet.
2569 3139 2824 3207 Cogimur
2852 3155 2980 3210 ergo
3031 3143 3112 3196 vel
3167 3145 3210 3198 si
3262 3146 3410 3199 illum

182 3237 334 3289 τοίνυν
364 3241 532 3309 ἡμᾶς,
572 3238 607 3309 ἢ
657 3235 874 3288 πάντων
923 3233 1085 3286 αὑτὸν
1116 3232 1223 3284 τῶν
1278 3231 1628 3299 ἀνθρωπίνως
1672 3246 1731 3280 τε

1840 3229 1904 3280 ab
1921 3229 2169 3282 onmibus
2198 3244 2315 3296 quae
2345 3245 2408 3282 ex
2447 3229 2680 3284 humana
2715 3233 3026 3288 conditione
3053 3244 3109 3288 et
3130 3236 3414 3292 humiliter

183 3329 258 3378 καὶ
297 3328 726 3400 σμικροπρεπῶς
780 3325 1087 3396 εἰρημένων
1129 3323 1597 3392 άποκομίξοντας,
1642 3321 1735 3372 άν-

181 3418 357 3491 θρὼπῳ
404 3421 550 3491 ψιλῷ
607 3418 942 3489 περιτιθέναι
993 3415 1062 3469 τά
1118 3415 1294 3468 τοιάδε
1347 3413 1456 3466 τῶν
1512 3410 1730 3464 παθῶν·

182 3509 322 3578 ἦγουν
347 3511 757 3578 ἐννενοηκότας,
794 3511 876 3561 ὅτι
904 3508 1034 3569 Θεὸς
1065 3505 1160 3567 ῶν,
1191 3506 1382 3574 γέγονε
1412 3503 1532 3557 καθ’
1564 3504 1731 3574 ἡμᾶς,

179 3602 341 3670 ἀπαθῆ
375 3604 473 3671 μὲν
518 3603 787 3671 ὑπάρχειν
827 3599 989 3653 αὐτὸν
1018 3599 1323 3668 ὁμολογεῖν,
1357 3596 1500 3649 κατά
1544 3611 1606 3663 γε
1639 3593 1735 3664 τὴν

179 3693 260 3761 τῆς
290 3693 544 3764 θεότητος
580 3693 774 3761 φύσινο
817 3691 1010 3743 παθεῖν
1055 3691 1110 3742 δὲ
1151 3688 1285 3759 πρὸς
1330 3687 1504 3756 τούτῳ
1533 3687 1731 3753 λέγειν,

177 3783 258 3852 τὴν
293 3785 428 3856 ὑπὲρ
460 3785 624 3855 ἡμῶν
655 3782 962 3845 ἀσθένειαν,
994 3782 1134 3833 κατὰ
1165 3779 1225 3833 τὸ
1255 3779 1614 3848 ἀνθρώπινον,
1642 3782 1735 3833 καὶ

179 3876 300 3927 κατά
348 3895 408 3943 γε
462 3877 566 3947 τὴν
603 3875 781 3944 σάρκα
827 3873 990 3942 φημί.
1047 3872 1200 3923 Ἐπεὶ
1241 3871 1446 3941 φράσον
1490 3871 1736 3941 ἐρομένῳ

179 3967 338 4031 πάλιν,
367 3965 756 4036 ἐσταυρῶσθαί
793 3981 957 4035 φησιν
1001 3964 1162 4017 αὑτὸν
1193 3962 1250 4028 ἐξ
1285 3962 1570 4023 ἀσθενείας
1593 3965 1619 4015 6
1650 3963 1736 4015 θε-

181 4057 374 4121 σπέσιος
409 4057 626 4120 Παῦλος
647 4071 659 4083 ⁶
693 4056 962 4125 ἀποφέρει
991 4055 1045 4107 δὲ
1075 4054 1233 4115 αὐτὸς
1264 4052 1358 4105 τοῦ
1401 4052 1534 4105 Θεοῦ
1562 4053 1734 4119 Λόγου

182 4146 231 4198 τὸ
253 4149 454 4219 χρῆμα,
479 4147 700 4220 μικρὸν,
725 4141 879 4216 οἶμαι
918 4163 1043 4208 που,
1072 4146 1165 4198 καὶ
1193 4145 1448 4207 δυσκλεὲς
1479 4141 1616 4197 εἶναι
1648 4145 1734 4197 λέ-

177 4253 287 4300 γων,
319 4243 409 4292 καί
442 4241 552 4291 οὐκ
576 4237 722 4300 ἄξιον
761 4236 924 4289 αὖτοῦ
950 4253 962 4266 ο
1009 4237 1197 4306 ’ἑτερος
1231 4231 1323 4286 οὖν
1360 4236 1485 4304 παρ’
1520 4235 1680 4287 αὑτὸν
1710 4237 1738 4286 6

176 4327 596 4399 ἐσταυρωμένος,
627 4327 683 4380 όν
714 4328 805 4380 καὶ
835 4327 929 4396 τῆς
967 4325 1125 4394 δόξης
1149 4324 1353 4393 Κύριον
1380 4326 1408 4375 6
1439 4324 1577 4386 θεῖος
1607 4326 1736 4394 ἡμῖν

179 4423 520 4490 μυσταγωγὸς
573 4419 870 4481 ἀποκαλεῖ,
915 4418 1126 4485 λέγων·
1160 4435 1177 4466 ι
1223 4415 1282 4467 Εἰ
1324 4416 1431 4486 γάρ
1470 4416 1733 4484 ἔγνωσαν,

176 4511 260 4562 οὐκ
288 4513 349 4564 ἂν
375 4512 467 4564 τὸν
497 4510 704 4580 Κύριον
729 4509 826 4578 τῆς
857 4507 1014 4575 δόξης
1044 4505 1417 4577 ἐσταύρωσαν.
1445 4525 1463 4556 ι
1487 4504 1554 4558 τΑ
1568 4508 1614 4575 ρ’
1644 4502 1736 4559 οὖν

1837 3321 1978 3373 dicta
2004 3331 2147 3384 sunt,
2171 3324 2411 3376 eximere
2432 3323 2703 3389 volumus,
2724 3325 2865 3380 nudo
2891 3326 3094 3380 homini
3127 3327 3223 3382 has
3280 3344 3407 3398 pas-

1836 3411 2015 3465 siones
2047 3413 2320 3467 tribuere:
2349 3414 2430 3468 vel
2464 3416 2506 3468 si
2534 3417 2838 3484 cogitamus
2891 3417 3065 3479 illum,
3101 3434 3222 3473 cum
3275 3419 3415 3475 Deus

1835 3503 2205 3566 esset,l‘actum
2236 3520 2354 3560 esse
2379 3508 2546 3561 nostri
2578 3507 2833 3570 similem,
2863 3508 3114 3563 conﬁteri
3139 3527 3260 3566 esse
3288 3513 3410 3582 qui-

1837 3596 1957 3648 dem
1989 3597 2340 3663 impatibilem
2364 3612 2430 3650 ex
2451 3607 2639 3653 natura
2671 3599 2994 3666 divinitatis,
3036 3602 3128 3655 sed
3150 3613 3411 3670 praeterea

1837 3687 2020 3741 dicere
2053 3701 2268 3756 passum
2289 3703 2409 3742 esse
2438 3703 2535 3757 pro
2565 3690 2718 3744 nobis
2772 3691 3146 3748 inﬁrmitatem
3193 3710 3256 3748 ex
3315 3696 3413 3748 lm-

1837 3791 1995 3830 mana
2029 3788 2247 3842 natura,
2278 3779 2530 3832 nimirum
2551 3793 2613 3832 ex
2638 3781 2945 3836 conditione
2972 3787 3170 3839 carnis.
3192 3785 3406 3855 Alioqui

1837 3883 2046 3938 expone
2075 3871 2304 3938 roganti,
2332 3870 2374 3923 si
2396 3870 2591 3938 placet.
2649 3870 2981 3925 Crucilixum
3024 3873 3173 3928 illum
3212 3891 3279 3929 ex
3331 3877 3415 3928 in-

1840 3958 2092 4014 ﬁrmitate
2119 3960 2246 4011 dicit
2273 3959 2689 4015 beatusPaulus
2715 3962 2793 4025 ⁸⁹;
2828 3973 3047 4017 amovet
3082 3974 3263 4018 autem
3298 3965 3414 4034 ipse

1838 4051 1974 4105 banc
2009 4067 2117 4105 rem
2144 4067 2172 4105 a
2198 4051 2306 4107 Deo
2342 4053 2542 4116 Verbo,
2570 4053 2710 4120 quod
2733 4054 2978 4122 exiguam
3011 4069 3131 4108 esse
3173 4065 3227 4108 et
3251 4056 3409 4109 vilem

1838 4143 2004 4207 dicat,
2036 4153 2171 4198 eteo
2201 4145 2497 4212 indignam.
2517 4146 2667 4199 Alius
2698 4161 2826 4216 ergo
2853 4148 2956 4202 erit
2985 4150 3052 4204 ab
3077 4163 3142 4204 eo
3179 4150 3267 4204 ille
3287 4166 3413 4204 cru-

1838 4232 2051 4294 ciﬁxus,
2083 4248 2240 4301 quem
2270 4236 2434 4288 etiam
2463 4234 2646 4304 gloriae
2703 4235 2991 4290 Dominum
3045 4240 3259 4294 divinus
3326 4240 3416 4295 ille

1839 4327 2098 4392 magister
2124 4326 2378 4393 appellat,
2414 4327 2634 4383 dicens:
2670 4346 2689 4378 ι
2727 4327 2782 4382 Si
2811 4330 2954 4383 enim
3005 4333 3412 4400 cognovissent,

1841 4428 2109 4483 nunquam
2143 4415 2429 4469 Dominum
2461 4415 2646 4484 gloria:
2673 4420 3078 4474 cruciﬁxissent
3106 4421 3172 4476 “.
3217 4441 3236 4474 ι
3274 4421 3410 4479 Num

1839 4519 1969 4575 ergo
1988 4507 2184 4559 mansit
2216 4506 2476 4562 Dominus
2497 4509 2680 4575 gloriae
2740 4511 2830 4578 qui
2873 4511 3176 4567 inﬁrmatus
3207 4525 3308 4580 est,
3361 4526 3415 4571 et

178 4606 435 4674 μεμένηκε
479 4563 1018 4671 τῆςιδόξηξΚύριός
1054 4601 1080 4650 ὁ
1111 4563 1378 4667 ἠθετικὼς
1429 4597 1538 4667 [Ion
1568 4563 1735 4665 .1366:-

1843 4598 1931 4666 qui
1960 4598 2448 4652 adeoindecentem
2502 4609 2554 4652 et
2582 4600 2837 4654 humilem
2895 4603 3202 4668 passionem
3249 4608 3415 4661 susti-

174 4695 379 4768 νηκὼς],
413 4695 510 4748 καὶ
541 4695 602 4745 τὸ
625 4691 879 4754 δυσκλεὲς
901 4691 963 4759 δὴ
993 4689 1173 4752 τοῦτο,
1202 4690 1295 4741 καὶ
1327 4690 1736 4760 σμικροπρεπὲς

174 4789 454 4857 ὑπομείνας
489 4784 706 4848 πάθος;
749 4783 811 4835 Ei
864 4782 962 4850 μὲν
995 4777 1088 4834 οὖν
1121 4781 1448 4850 μεμένηκεν,
1481 4780 1734 4850 οὐδεμίαν

174 4877 267 4944 ἱχει
293 4877 385 4930 τοῦ
413 4872 763 4930 άσθενεῑσθαι
791 4869 1013 4940 ζημίαν.
1047 4868 1170 4931 Πῶς
1199 4865 1290 4922 οὖν
1323 4868 1499 4928 δέδιας
1526 4868 1615 4920 τὸν
1640 4867 1734 4921 τοῦ

170 4969 288 5021 Θεοῦ
316 4969 494 5036 Λόγον
523 4969 581 5018 ἐν
609 4964 818 5025 τούτοις
856 4963 1111 5030 γενέσθαι
1136 4962 1315 5029 λέγειν
1338 4961 1732 5030 οἰκονομικῶς;

174 5059 224 5110 Ei
253 5061 306 5112 δὲ
339 5055 658 5112 άπώλισθεν
686 5055 898 5124 άληθῶς
924 5053 1017 5105 τοῦ
1047 5053 1311 5123 ὑπάρχειν
1346 5052 1426 5104 ἔτι
1451 5052 1550 5121 τῆς
1578 5051 1736 5122 δόξης

168 5153 380 5224 Κύριος,
413 5145 522 5204 ὧδέ
561 5165 618 5200 τε
658 5147 800 5216 ἔχειν
829 5146 985 5198 τοῦτο
1034 5145 1433 5199 διαὸεὸαιοῦταί
1475 5162 1576 5208 τις,
1605 5144 1732 5197 δυσ-

172 5245 372 5306 σεϐείας
412 5244 517 5311 τῆς
563 5241 825 5293 ἀνωτάτω
870 5239 964 5291 καὶ
998 5237 1141 5307 μάλα
1201 5238 1424 5301 είκότως
1473 5237 1738 5306 ὑπομενεῖ

166 5339 253 5406 τήν
275 5340 528 5410 γραφήν·
563 5333 847 5402 «Κάμπτει
875 5333 981 5402 γὰρ
1003 5331 1149 5402 αὐτῷ
1171 5333 1276 5384 πᾶν
1293 5330 1439 5399 γόνυ,
1469 5331 1560 5382 καὶ
1587 5330 1736 5382 πᾶσα.

168 5430 378 5495 γλῶσσα
433 5429 909 5498 ἐξομολογήσεται,
959 5425 1041 5477 δτι
1091 5423 1292 5492 Κύριος
1357 5421 1562 5492 Ἰησοῦς
1604 5422 1738 5490 Χρι-

170 5523 282 5586 στὸς
327 5526 410 5586 είς
455 5521 618 5586 δόξαν
656 5517 790 5572 Θεοῦ
827 5517 1058 5588 Πατρός,
1097 5535 1116 5566 ι
1171 5514 1577 5585 Κατευρύνεται
1629 5511 1737 5580 γάρ

169 5614 375 5685 ἁπάσης
426 5618 527 5684 τῆς
579 5614 672 5666 ὑπ’
707 5609 934 5681 οὐρανὸν
982 5610 1015 5679 ἡ
1062 5607 1187 5672 δόξα
1236 5606 1492 5677 Χριστοῦ,
1540 5605 1738 5658 παθόν-

170 5722 250 5769 τος
294 5708 438 5778 ὑπὲρ
487 5705 644 5776 ἡμῶν
681 5703 875 5774 σαρκὶ,
936 5699 1078 5754 καθὰ
1134 5698 1450 5760 πλειστάκις
1505 5697 1736 5767 εἰρήκα-

236 5885 275 5916 "’
299 5883 459 5942 Joan.
485 5901 554 5952 vr,
587 5884 776 5939 33-51.

1844 4689 2000 4741 nuit?
2030 4687 2084 4742 Si
2119 4689 2333 4751 mansit,
2369 4689 2566 4742 nullam
2597 4706 2660 4743 ex
2690 4706 2753 4745 eo
2779 4693 2920 4759 quod
2959 4693 3261 4748 inﬁrmatus
3307 4707 3411 4760 est,

1837 4778 2104 4846 jacturam
2131 4778 2277 4832 fecit.
2312 4778 2421 4832 Cur
2451 4794 2577 4847 ergo
2609 4781 2801 4833 metuis
2833 4781 3034 4846 dicere,
3059 4782 3149 4838 Dei
3179 4781 3412 4840 Verbum

1842 4871 1908 4923 ad
1939 4870 2052 4923 haec
2082 4870 2472 4939 dispensatoria
2495 4870 2705 4923 ratione
2754 4871 3138 4927 descendisse?
3184 4873 3278 4928 Sin
3326 4893 3411 4930 rc-

1842 4977 1968 5015 vera
2005 4962 2236 5029 perdidit
2273 4977 2338 5016 ne
2372 4972 2516 5016 esset
2555 4962 2689 5016 ultra
2715 4976 2805 5014 rex
2849 4962 3052 5030 gloriae,
3084 4974 3136 5018 et
3191 4967 3267 5020 sic
3299 4983 3410 5020 rem

1841 5070 1901 5110 se
1957 5056 2157 5109 habere
2213 5055 2480 5122 quispiam
2541 5055 2770 5118 asserit,
2836 5069 3060 5110 summa
3121 5058 3411 5122 impietatis

1842 5147 2043 5202 crimen
2075 5148 2266 5201 merito
2295 5148 2605 5201 sustinebit.
2649 5166 2666 5197 ι
2701 5145 2961 5200 Flectitur
2993 5147 3136 5200 enim
3164 5147 3262 5216 ipsi
3295 5166 3405 5201 οιιι-

1844 5253 2097 5308 ne~genu,
2131 5248 2185 5292 et
2209 5239 2394 5292 omnis
2420 5239 2597 5305 lingua
2652 5238 2998 5293 conﬁtebitur
3044 5240 3167 5307 quia
3228 5241 3402 5293 Domi-

1848 5345 1950 5383 nus
1983 5328 2140 5383 Jesus
2167 5329 2437 5395 Christus,
2480 5330 2532 5382 in
2570 5329 2793 5398 gloriam
2835 5330 2925 5382 Dei
2952 5328 3125 5382 Patris
3149 5329 3212 5382 “.
3255 5349 3276 5381 ι
3313 5329 3412 5383 Per

1841 5423 2154 5476 universum
2185 5423 2326 5474 enim
2368 5422 2551 5475 orbem
2612 5431 2876 5474 terrarum
2943 5419 3202 5474 dilatatur
3241 5421 3408 5488 gloria

1842 5512 2174 5581 Christi,qui
2209 5528 2395 5582 passus
2423 5523 2507 5568 est
2560 5529 2657 5582 pro
2715 5514 2870 5566 nobis
2930 5529 3112 5575 carne,
3172 5524 3226 5567 ut
3269 5530 3409 5582 sepe

1843 5604 2093 5659 diximus.
2121 5605 2253 5658 Cum
2292 5605 2452 5674 igitur
2486 5607 2640 5659 audis
2668 5606 2939 5659 hominem
2984 5606 3186 5674 Spiritu
3220 5618 3410 5658 sancto

1845 5695 2290 5765 plenumdicere:
2333 5717 2349 5748 ι
2389 5697 2695 5752 Cruciﬁxus
2728 5708 2810 5752 est
2843 5713 2904 5752 ex
2936 5698 3276 5764 inﬁrmitate,
3313 5699 3406 5752 sed

879 5880 1046 5937 "Job
1075 5895 1221 5946 xxvr,
1268 5880 1349 5933 15.
1427 5879 1472 5911 ⁸⁸
1504 5875 1543 5930 ll
1569 5876 1696 5932 Cor.
1732 5891 1735 5929 1

1840 5875 1933 5942 ,4.
1990 5875 2081 5930 σοι
2115 5875 2241 5932 Cor.
2272 5876 2406 5942 ",8.
2484 5879 2526 5908 ⁶²
2561 5876 2790 5946 Philipp.
2835 5893 2896 5945 ιι,
2928 5878 3012 5932 10.
