4104 6480
712 426 817 481 227

1699 436 1754 489 S.
1797 432 2071 491 CYllILLI
2112 434 2581 491 ALEXANDRINI
2620 433 2944 492 ARCIIIEP.

3858 442 3976 496 228

712 541 846 596 vivit
866 557 931 595 ex
960 542 1153 598 virtute
1188 543 1277 599 Dei
1302 562 1316 611 ;
1351 563 1370 596 ν
1402 545 1486 615 pie
1508 544 1709 601 dictum
1735 548 2143 619 intellige.Nam
2164 565 2260 619 pas

2391 566 2509 618 μεν.
2564 549 2731 602 Ὀταν
2782 544 2876 601 οῦν
2917 548 3157 619 ἀκούσῃς
3210 548 3301 601 τοῦ
3366 550 3817 621 Πνευματοφόρου
3876 552 3975 605 λέ-

711 647 832 687 sum
865 634 997 689 dicit
1021 637 1351 703 humanitus,
1381 640 1631 707 quamvis
1663 650 1911 695 naturam
1936 642 2088 712 131
2117 644 2282 697 habe-

710 734 791 778 ret
822 740 1044 793 prorsus
1066 742 1097 781 ε
1118 729 1375 797 patiendo
1407 741 1691 785 remotam.
1725 732 1970 802 Cumque
1994 738 2073 789 sic
2102 751 2161 789 se
2186 737 2281 789 lia-

708 814 879 879 heret,
907 818 1170 873 inﬁrmari
1202 835 1418 875 carnem
1438 823 1714 888 sustinuit,
1736 834 1789 877 et
1817 827 2277 882 humanitusmori

704 923 827 961 cum
860 910 1233 976 sustinuisset,
1271 915 1530 969 divinitus
1580 917 1797 977 revixit,
1817 931 1935 969 cum
1956 916 2071 985 ipse
2122 933 2278 972 suum

706 998 1031 1055 viviﬁeasset
1058 1004 1335 1071 templum,
1362 1016 1545 1075 utpote
1574 1006 1745 1061 virtus
1790 1006 1988 1061 Patris.
2019 1009 2175 1063 Certe
2200 1010 2281 1063 in-

704 1089 1011 1159 stantejam
1049 1103 1291 1162 tempore
1308 1111 1417 1165 quo
1445 1111 1660 1151 crucem
1689 1114 1786 1168 pro
1816 1099 1972 1154 nobis
2005 1112 2119 1154 erat
2150 1102 2279 1156 sub-

708 1182 904 1249 iturus,
936 1186 1125 1241 ahiens
1165 1189 1364 1253 oravit,
1406 1190 1626 1244 dicens:
1666 1210 1682 1242 ι
1714 1190 1893 1258 Pater,
1929 1193 1973 1247 si
2016 1194 2275 1262 possibile

704 1283 807 1338 est,
836 1284 1077 1330 transeat
1116 1293 1144 1331 a
1186 1294 1272 1333 me
1326 1279 1463 1333 calix
1492 1282 1613 1335 iste.
1652 1298 1670 1332 ι
1710 1281 2107 1350 Adjecitetiain
2147 1285 2278 1339 illud

703 1366 770 1416 ad
803 1366 961 1419 linem
991 1370 1258 1423 orationis
1293 1388 1306 1423 :
1355 1389 1373 1421 ι
1415 1370 1802 1426 Verumtamen
1846 1389 1950 1427 non
1985 1375 2128 1429 sicut
2176 1390 2275 1442 ego

704 1454 844 1516 volo,
872 1456 965 1509 sed
997 1458 1136 1511 sicut
1172 1469 1222 1512 tu
1249 1462 1315 1513 ".
1349 1478 1368 1512 ι
1406 1459 1669 1526 Quoniam
1694 1477 1823 1517 vero
1851 1464 2040 1529 semel,
2084 1480 2274 1533 quam-

598 1614 601 1617 ν
700 1546 781 1598 vis
822 1549 1166 1616 omnipotens
1204 1549 1431 1605 Verbum
1468 1567 1530 1607 ac
1562 1555 1701 1608 Deus
1726 1564 1888 1619 esset,
1922 1567 2159 1611 nostram
2189 1558 2273 1611 in-

702 1635 1014 1693 ﬁrmitatem
1049 1641 1232 1696 subire
1255 1646 1461 1709 statuit,
1494 1644 1618 1699 facti
1661 1661 1881 1701 causam
1910 1657 1964 1699 ut
2001 1649 2267 1711 redderet,

698 1743 910 1785 summo
942 1733 1361 1801 dispensationis
1390 1736 1613 1789 consilio
1643 1737 1717 1789 ait
1750 1754 1763 1789 :
1826 1756 1841 1787 ι
1879 1736 2114 1804 Spiritus
2151 1739 2271 1807 qui-

697 1823 818 1876 dem
852 1836 1150 1893 promptus,
1179 1842 1303 1882 caro
1336 1836 1513 1882 autem
1552 1830 1761 1883 infirma
1788 1830 1851 1882 ⁸³.
1895 1850 1913 1881 ι
1974 1830 2265 1886 Considera

696 1915 861 1984 igitur
891 1919 1102 1971 utuiliil
1138 1920 1248 1988 ipse
1277 1919 1540 1987 dejectus,
1579 1937 1759 1989 neque
1805 1923 1966 1976 etiam
2034 1924 2266 1978 inlirmi-
2303 1896 2341 1949 Β

698 2016 861 2062 tatem
891 2009 943 2064 in
976 2027 1126 2064 suam
1161 2023 1406 2066 naturam
1433 2014 1749 2083 suscipiens,
1788 2018 2055 2070 concessit
2115 2020 2265 2071 carni

694 2111 793 2164 per
826 2112 950 2152 suas
981 2102 1225 2169 proprias
1255 2102 1395 2171 leges
1428 2117 1688 2171 pergere:
1746 2114 1800 2157 et
1854 2106 2023 2171 ipsius
2064 2120 2125 2159 ea
2184 2122 2267 2160 res

688 2187 911 2256 dicitur,
957 2201 1237 2260 propterea
1266 2194 1405 2261 quod
1444 2196 1719 2263 proprium
1748 2205 1831 2250 est
1875 2197 1991 2266 ejus
2046 2212 2262 2265 corpus.

692 2278 859 2347 Igitur
887 2282 1157 2337 hominem
1187 2286 1402 2353 quidem
1436 2288 1609 2355 ipsum
1657 2288 1809 2342 nobis
1865 2289 2102 2343 ostendit
2150 2291 2263 2359 ipsa

690 2368 873 2422 carnis
910 2370 1220 2437 inﬁrmitas,
1269 2374 1360 2427 sed
1396 2375 1561 2429 Deum
1624 2376 1957 2433 inﬁrmitatis
2018 2381 2262 2449 ignarum

691 2460 1004 2528 agnovimus
1038 2463 1087 2515 in
1116 2479 1181 2518 eo
1205 2467 1346 2533 quod
1373 2476 1597 2521 mortem
1634 2468 1775 2522 haud
1836 2478 1917 2523 est
1952 2486 2260 2540 perpessus,

689 2559 800 2604 eta
848 2553 1065 2620 proprio
1116 2568 1344 2623 corpore
1386 2559 1784 2626 corruptionem
1868 2561 2081 2630 repulit.
2144 2561 2261 2616 Vita

690 2653 924 2709 namque
940 2651 1023 2695 est
1058 2651 1112 2696 et
1137 2644 1312 2699 virtus
1334 2644 1534 2701 Patris.
1569 2646 1701 2701 Nam
1736 2651 1877 2716 quod
1910 2651 2051 2705 illam
2094 2652 2147 2705 in
2179 2652 2262 2707 his

690 2734 852 2785 rebus
887 2732 1258 2790 inﬁrmitatem
1292 2737 1555 2793 insuetam
1585 2740 1686 2795 sibi
1715 2751 1770 2795 et
1821 2742 2258 2809 involuntariam,

689 2818 882 2875 fecerit
916 2823 1277 2879 voluntariam
1318 2828 1367 2880 in
1399 2827 1489 2882 Dei
1520 2838 1575 2883 et
1598 2829 1771 2884 Patris
1794 2832 2153 2900 beneplacito,
2200 2844 2260 2887 ut

688 2911 893 2967 salvum
917 2911 1117 2969 faceret
1146 2916 1332 2972 orbem
1372 2929 1658 2984 terrarum,
1719 2921 1936 2977 docebit
1975 2923 2088 2992 ipse
2136 2940 2257 2979 cum

688 3002 818 3056 dicit
854 3020 916 3063 ξι
956 3004 1087 3071 Quia
1129 3007 1379 3063 descendi
1404 3013 1468 3064 de
1501 3013 1660 3077 εωιο,
1698 3030 1804 3069 non
1837 3026 1893 3067 ut
1922 3015 2113 3069 faciam
2162 3032 2258 3069 vo-

688 3091 952 3147 luntatem
1010 3110 1209 3162 meam,
1267 3101 1361 3153 sed
1425 3101 1753 3157 voluntatem
1815 3105 1932 3173 ejus
1974 3106 2064 3174 qui
2114 3107 2259 3161 misit

686 3200 775 3241 me
808 3205 821 3242 :
856 3198 913 3241 ut
934 3204 1093 3244 omne
1116 3192 1255 3260 quod
1277 3192 1467 3248 dedisti
1497 3196 1649 3262 mihi,
1691 3212 1797 3250 non
1829 3199 2047 3267 perdam
2077 3214 2139 3254 ex
2168 3217 2252 3265 eo,

2386 654 2605 705 γοντος·
2656 659 2672 690 ι
2712 636 3063 707 Ἐσταυρώθη
3120 636 3180 701 ἐξ
3230 636 3556 704 ἀσθενείας,
3598 640 3733 693 ἀλλά
3784 641 3851 710 ζῇ
3903 643 3976 693 ἐκ

2383 730 2663 801 δυνάμεως
2706 730 2862 795 Θεοῦ,
2907 750 2924 783 ι
2968 730 3124 793 σύνες
3163 731 3420 795 εὐσεϐῶς.
3465 732 3800 786 Πεπονθέναι
3856 734 3976 803 γάρ

2383 822 2740 893 ἀνθρωπίνως
2790 823 2953 893 φησὶν
3011 822 3194 887 αὑτὸν,
3226 823 3402 876 καίτοι
3454 824 3551 895 τὴν
3609 824 3768 893 φύσιν
3807 824 3976 895 ἕχον-

2381 930 2451 965 τα
2496 912 2589 966 τοῦ
2640 913 2833 965 παθεῖν
2881 913 3137 967 ἐπέκεινα
3196 914 3496 979 παντελῶς.
3542 916 3718 986 Ἐχων
3755 917 3813 969 δὲ
3872 918 3977 968 οὗ·

2380 1016 2507 1065 τως,
2540 1000 2872 1070 ἀσθενούσης
2922 1002 3179 1072 ἠνέσχετο
3221 1003 3320 1072 τῆς
3372 1004 3594 1075 σαρκὸς,
3635 1006 3725 1056 καὶ
3774 1005 3975 1057 παθὼν

2379 1088 2735 1157 ἀνθρωπίνως
2770 1088 2831 1141 τὸ
2860 1089 3172 1153 ἀποθανεῖν,
3206 1090 3406 1143 ἀνεϐίω
3441 1091 3658 1155 θεῖκῶς,
3688 1092 3977 1163 (marrow;-

2381 1196 2478 1241 σας
2507 1179 2598 1231 τὸν
2643 1178 2837 1231 ἑαυτοῦ
2870 1178 2995 1231 ναὸν
3024 1180 3207 1243 αὐτὸς,
3237 1180 3313 1242 ὡς
3341 1181 3571 1250 δύναμις
3596 1183 3688 1234 τοῦ
3720 1184 3973 1253 Πατρός.

2379 1270 2489 1322 Καὶ
2518 1268 2648 1336 γοῦν
2694 1269 3044 1338 ἐνεστηκότος
3087 1269 3188 1339 ἤδη
3234 1269 3326 1322 τοῦ
3362 1268 3579 1342 καιροῦ,
3612 1271 3735 1324 καθ’
3761 1273 3822 1324 ὃν
3856 1274 3975 1325 ἔδει

2376 1362 2470 1413 τὸν
2516 1362 2656 1432 ὑπὲρ
2687 1362 2843 1431 ἡμῶν
2892 1363 3183 1431 ὑπομεῖναι
3226 1363 3475 1435 σταυρὸν,
3516 1362 3765 1418 ἀπελθὼν
3796 1382 3975 1436 προσ-

2376 1453 2615 1524 ηύξατο,
2662 1454 2831 1521 λέγων
2860 1462 2881 1483 ·“
2930 1472 2947 1504 ι
3000 1439 3213 1523 Πάτερ,
3256 1458 3303 1507 εί
3351 1455 3593 1523 δυνατὸν,
3643 1456 3972 1526 παρελθέτω

2375 1547 2470 1599 ἀπ’
2497 1546 2630 1616 ἐμοῦ
2660 1546 2722 1599 τὸ
2753 1548 3005 1616 ποτήριον
3031 1548 3209 1603 τοῦτο.
3249 1565 3267 1597 ι
3310 1548 3623 1618 Προσετίθει
3657 1548 3713 1601 δὲ
3746 1548 3969 1611 τούτοις

2372 1636 2465 1689 ἐπὶ
2492 1636 2635 1690 τέλει
2660 1637 2759 1707 τῆς
2794 1639 3104 1709 προσευχῆς
3123 1656 3138 1673 ο
3177 1658 3195 1690 ι
3238 1639 3384 1709 Πλὴν
3417 1640 3513 1709 οὐχ
3539 1639 3613 1704 ὡς
3657 1640 3770 1708 ἐγὼ
3788 1640 3962 1705 θέλω,

2371 1729 2487 1782 ἀλλ’
2518 1731 2593 1793 ώς
2637 1731 2723 1785 σύ.
2758 1750 2777 1782 ι
2828 1732 3046 1801 Ἐπειδὴ
3081 1733 3137 1787 δὲ
3172 1733 3338 1798 απαξ,
3362 1734 3537 1786 καίτοι
3571 1734 3858 1803 παναλκὴς
3889 1735 3968 1787 ὢν

2372 1822 2545 1890 Λόγος
2578 1824 2672 1877 καὶ
2718 1823 2872 1887 Θεὸς,
2905 1824 3000 1876 καὶ
3042 1827 3099 1877 ἐν
3128 1828 3191 1894 τῇ
3224 1825 3345 1876 καθ’
3376 1828 3523 1893 ἡμᾶς
3557 1826 3816 1896 ἀσθενείᾳ
3869 1844 3967 1893 γε.

2373 1914 2559 1967 νέσθαι
2585 1914 2918 1984 νενόμισται,
2943 1915 3042 1986 τὴν
3072 1915 3165 1968 τοῦ
3195 1916 3514 1986 πράγματος
3548 1918 3723 1970 αἰτίαν
3766 1919 3965 1971 ἀποδι-

2373 2002 2516 2067 δοὺς,
2547 2004 3016 2074 οἰκονομικώτατά
3049 2022 3218 2075 φησι·
3269 2025 3287 2057 ι
3326 2007 3398 2058 Τὸ
3433 2008 3531 2076 μὲν
3566 2007 3784 2077 πνεῦμα
3817 2009 3959 2079 πρό-

2374 2092 2563 2163 θυμον,
2601 2095 2633 2163 ὴ
2677 2094 2733 2146 δὲ
2786 2094 2922 2165 σάρξ
2962 2095 3213 2167 ἀσθενής.
3255 2114 3274 2147 ι
3326 2095 3512 2167 ’Δθρει
3555 2096 3617 2167 δὴ
3666 2093 3759 2153 οὖν
3807 2100 3962 2164 ὅπως

2372 2186 2522 2238 οὐδὲν
2556 2186 2819 2254 καθυφεὶς
2864 2187 3050 2252 αὐτὸς.
3082 2188 3203 2242 οὔτε
3255 2188 3362 2259 μὴν
3397 2190 3478 2252 εἰς
3521 2189 3655 2243 ἰδίαν
3703 2191 3869 2258 φύσιν
3899 2194 3965 2245 τὸ

2372 2275 2669 2344 ἀσθενῆσαι
2717 2275 2926 2339 παθὼν,
2975 2277 3366 2348 συγκεχώρηκε
3410 2282 3475 2349 τῇ
3519 2282 3681 2351 σαρκὶ
3730 2283 3825 2333 καὶ
3867 2282 3963 2335 διὰ

2371 2369 2477 2421 τῶν
2502 2369 2718 2421 οἰκείων
2746 2367 2855 2440 [ῖσ.
2893 2367 3060 2441 ἰδίων]
3104 2369 3237 2421 ίέναι
3271 2370 3485 2440 νόμων·
3536 2372 3629 2423 καὶ
3674 2372 3840 2425 αὐτοῦ
3896 2374 3964 2428 τὸ

2371 2462 2559 2531 χρῆμα
2593 2460 2833 2527 λέγεται,
2862 2459 3031 2514 διάτοι
3060 2460 3119 2513 τὸ
3152 2461 3280 2515 ἴδιον
3312 2456 3450 2514 εἶναι
3476 2463 3536 2515 τὸ
3565 2461 3723 2532 σῶμα
3757 2463 3959 2517 αὐτοῦ.

2370 2551 2579 2605 υύκοῦν
2641 2551 2925 2621 ἄνθρωπον
2980 2552 3079 2621 μὲν
3135 2554 3267 2621 ἡμῖν
3330 2553 3611 2625 ἀπέφηνεν
3658 2554 3823 2607 αὑτὸν
3892 2554 3964 2607 τὸ

2367 2642 2665 2714 ἀσθενῆσαι
2712 2643 2853 2697 κατά
2885 2643 2983 2714 τὴν
3025 2641 3224 2713 σάρκα,
3258 2645 3393 2697 Θεόν
3438 2662 3501 2713 γε
3553 2646 3676 2715 μὴν-
3702 2645 3961 2698 ἀσθενεῖν

2367 2734 2466 2787 ούκ
2507 2734 2685 2786 εἰδότα
2722 2734 2782 2786 τὸ
2819 2734 2893 2804 μὴ
2932 2733 3265 2805 ἀνασχέσθαι
3303 2734 3560 2799 θανάτου,
3614 2737 3707 2790 καὶ
3741 2737 3959 2789 ἀποσοε-

2368 2825 2531 2895 ϐῆσαι
2562 2826 2662 2896 τὴν
2694 2826 2901 2896 φθορὰν
2930 2825 3022 2878 τοῦ
3053 2826 3181 2879 ἰδίου
3216 2827 3486 2895 σώματος.
3525 2829 3645 2899 Ζωὴ
3677 2828 3785 2897 γάρ
3829 2830 3959 2882 ἐστι

2368 2917 2460 2968 καὶ
2501 2916 2729 2986 δύναμις
2774 2917 2868 2969 τοῦ
2897 2916 3128 2985 Πατρός.
3159 2916 3279 2970 Ὀτι
3317 2920 3423 2989 γάρ
3466 2919 3710 2990 ἀσυνήθη
3756 2936 3815 2971 τε
3851 2920 3957 2972 καὶ

2364 3008 2684 3078 ἀνεθέλητον
2724 3005 2889 3062 οὖσαν
2920 3008 3068 3078 αὐτῷ
3094 3009 3192 3079 τὴν
3218 3009 3274 3062 ἐν
3302 3027 3362 3079 γε
3398 3010 3607 3074 τούτοις
3633 3010 3953 3075 ἀσθένειαν,

2365 3098 2665 3169 ἐποιήσατο
2725 3098 2955 3170 θελητὴν
3002 3101 3060 3152 ὲν
3108 3100 3326 3171 εὐδοκία
3381 3101 3476 3154 τοῦ
3527 3102 3660 3155 Θεοῦ
3705 3102 3799 3155 καὶ
3833 3103 3957 3155 Ποι-

2364 3191 2511 3259 τρὸς,
2540 3192 2624 3261 ζνα
2659 3191 2807 3263 σώσῃ
2837 3195 2935 3263 τὴν
2971 3196 3060 3247 ὑπ’
3100 3196 3349 3265 οὐρανὸν,
3397 3195 3600 3260 διδάξει
3638 3194 3813 3261 λέγων
3840 3196 3953 3247 αὑ-

686 3278 781 3333 sed
806 3284 1120 3337 resuscitem
1149 3283 1280 3337 illud
1330 3286 1381 3337 in
1432 3286 1724 3341 novissimo
1786 3287 1875 3343 die
1920 3290 1985 3345 “.
2028 3310 2046 3342 ι
2091 3293 2253 3361 Atqui

2365 3283 2481 3345 τός’
2520 3300 2539 3333 ι
2582 3284 2705 3336 Ὀτι
2757 3285 3109 3357 καταϐέϐηκα
3154 3288 3219 3339 ὲκ
3260 3284 3355 3338 τοῦ
3396 3284 3659 3356 ούρανοῦ,
3709 3285 3806 3353 οὐχ
3856 3286 3954 3339 ἵνα

686 3386 923 3438 quonam
957 3374 1137 3440 modo,
1169 3377 1212 3429 si
1244 3378 1461 3445 quidem
1493 3378 1629 3433 bona
1666 3390 1750 3434 est
1782 3378 1962 3435 Patris
1985 3384 2255 3447 voluntas,

686 3461 912 3515 alteram
943 3472 1117 3517 tamen
1142 3466 1328 3533 procul
1363 3466 1526 3522 dubio
1550 3470 1743 3523 bbnam
1776 3473 2049 3539 propriam
2070 3487 2127 3526 se
2160 3473 2249 3527 lia-

686 3552 818 3607 berc
840 3555 907 3607 ab
956 3555 1045 3608 illa
1074 3558 1341 3611 diversam
1368 3560 1698 3614 voluntatem
1726 3563 1856 3615 dicit
1890 3561 2060 3619 Filius
2081 3565 2103 3617 ?
2124 3564 2257 3619 Nam

684 3643 729 3695 si
762 3644 941 3699 minus
970 3656 1051 3699 est
1080 3648 1273 3711 bonus,
1318 3650 1592 3717 quomodo
1636 3652 1810 3720 imago
1855 3656 1965 3722 jam
1999 3666 2049 3709 et
2089 3656 2257 3725 ligura

684 3732 798 3801 ejus
815 3736 1099 3791 creditur?
1128 3739 1393 3806 quomodo
1432 3740 1556 3792 item
1591 3755 1719 3794 vere
1755 3743 1895 3796 dicet
1927 3760 1940 3794 :
1996 3762 2014 3793 ι
2061 3744 2171 3813 Ego
2206 3756 2257 3798 et

688 3825 848 3880 I‘ater
878 3844 1039 3881 unum
1066 3843 1253 3883 sumus
1271 3828 1356 3883 “‘l
1386 3848 1404 3880 ι
1434 3840 1487 3883 et
1519 3849 1531 3884 :
1576 3852 1591 3881 ι
1638 3834 1737 3895 Qui
1796 3835 1929 3887 vidit
1974 3850 2089 3901 me,
2126 3838 2259 3890 vidit

682 3926 738 3971 et
765 3916 977 3973 Patrem
1014 3920 1098 3973 "i
1138 3939 1155 3970 ι
1191 3920 1375 3990 Neque
1402 3924 1542 3977 enim
1574 3926 1854 3993 quisquam
1893 3927 1943 3978 in
2000 3926 2140 3980 haud
2163 3930 2255 3982 bo-

684 4020 755 4059 no
784 4007 959 4061 videat
992 4024 1113 4061 eum
1146 4012 1241 4078 qui
1266 4027 1329 4065 ex
1360 4021 1551 4066 natura
1582 4015 1651 4066 sit
1680 4014 1870 4068 bonus.
1901 4017 2063 4084 Atqui
2089 4018 2260 4073 bonus

682 4096 852 4152 Filius
872 4113 940 4152 ex
972 4100 1112 4153 bono
1146 4110 1367 4155 exortus
1400 4114 1483 4156 est
1507 4101 1687 4167 Patre,
1719 4116 1909 4174 estque
1942 4107 2057 4173 ejus
2079 4106 2257 4177 imago

682 4187 828 4241 nulla
860 4187 914 4241 in
948 4205 1005 4243 re
1034 4190 1101 4242 ab
1123 4205 1186 4244 eo
1216 4192 1457 4247 varians.
1480 4192 1724 4258 Quanam
1764 4197 1923 4264 igitur
1980 4196 2257 4253 voluntate

679 4279 865 4334 relicta
902 4296 1060 4349 quam
1096 4297 1247 4337 suam
1278 4300 1398 4340 esse
1435 4286 1654 4351 fatetur,
1706 4287 1882 4342 Patris
1913 4289 2247 4344 voluntatem

679 4385 738 4425 se
768 4370 959 4426 fecisse
998 4374 1161 4427 dicit?
1194 4374 1430 4444 Pmprire
1485 4378 1665 4432 carnis
1720 4388 1895 4435 morte
1930 4379 2256 4436 liberaturus

678 4476 795 4517 erat
821 4480 941 4519 mox
972 4479 1066 4520 eos
1112 4481 1139 4519 a
1171 4480 1343 4521 morte
1372 4470 1463 4537 qui
1500 4469 1574 4523 illi
1603 4479 1759 4523 erant
1791 4469 2033 4535 obnoxii,
2071 4470 2122 4524 id
2172 4481 2253 4525 est

678 4570 795 4609 nos.
841 4556 946 4609 Sed
980 4558 1081 4611 hoc
1108 4558 1281 4626 ipsum
1310 4561 1445 4613 mori
1469 4575 1635 4615 carne
1685 4570 1840 4629 turpe
1868 4571 2007 4624 erat.
2041 4573 2095 4614 et
2125 4564 2248 4628 sibi,
2282 4590 2329 4650 υ

676 4644 859 4712 utjam
892 4648 1023 4712 dixi,
1052 4649 1318 4703 insuetum
1358 4660 1413 4703 et
1467 4651 1879 4721 rel'ugiendum:
1926 4654 1975 4706 id
2037 4669 2251 4723 quoque

675 4748 858 4791 nostra
892 4754 1053 4793 causa
1086 4740 1341 4793 sustinuit
1398 4742 1450 4794 in
1492 4741 1827 4811 beneplacito
1860 4744 2054 4798 Patris.
2093 4744 2246 4813 132

676 4828 905 4883 Noverat
936 4832 1079 4884 enim
1109 4834 1313 4900 optime
1345 4835 1388 4886 si
1418 4844 1639 4904 prapter
1675 4836 1856 4890 carnis
1906 4851 2017 4889 sua:
2045 4840 2248 4902 passio-

676 4938 772 4976 nes
807 4924 1077 4977 modieuni
1114 4924 1605 4995 fuissetinglorius,
1636 4940 1698 4980 se
1739 4941 1924 4980 omnes
1953 4927 2021 4979 ad
2046 4936 2243 4979 statum

677 5015 831 5081 longe
859 5018 1288 5084 praestantiorem
1328 5017 1705 5072 transferendo
1730 5018 2107 5071 liberaturum.
2132 5038 2149 5068 ι
2190 5018 2245 5071 Si

675 5108 796 5173 quis
824 5108 966 5161 enim
994 5109 1045 5159 in
1078 5108 1316 5172 Christo,
1352 5124 1486 5163 nova
1515 5120 1760 5163 creatura
1789 5131 1801 5163 :
1837 5118 2015 5163 vetera
2062 5120 2246 5163 trans-

675 5199 875 5264 ierunt,
944 5214 1069 5253 ecce
1099 5199 1236 5253 faeta
1256 5211 1382 5255 sunt
1425 5202 1605 5255 omnia
1660 5216 1816 5266 nova,
1849 5220 1876 5253 ,i
1922 5202 2059 5255 sicut
2106 5203 2247 5254 scri-

678 5302 826 5359 ptum
856 5300 940 5346 est
972 5292 1038 5343 ⁶⁷.
1101 5288 1365 5345 Divinitus
1422 5292 1586 5359 igitur
1623 5294 1895 5360 inSpirata:
1956 5292 2249 5360 Scriptura:

676 5384 951 5437 Christum
979 5398 1146 5435 unum
1175 5392 1228 5435 et
1262 5381 1455 5435 Filium
1483 5393 1536 5435 et
1564 5383 1850 5437 Dominum
1887 5383 2085 5436 mundo
2108 5397 2245 5451 pra:-

678 5472 882 5537 dicant,
924 5485 976 5525 et
1003 5474 1173 5541 ipsum
1208 5486 1327 5526 esse
1350 5483 1594 5525 asserunt
1633 5472 1781 5524 illum
1837 5473 2019 5541 gloria:
2073 5470 2247 5525 Domi-

679 5582 839 5632 num;
872 5567 1130 5633 illumque
1156 5575 1373 5634 prepter
1408 5579 1506 5617 nos
1534 5579 1563 5617 a
1597 5562 1795 5618 Judwis
1820 5565 1993 5617 illatas
2025 5564 2247 5629 injurias

679 5660 980 5714 voluntarie
1008 5659 1347 5724 sustinuisse,
1376 5667 1711 5725 mortemque
1745 5658 1797 5709 in
1850 5656 1996 5725 ligno
2032 5656 2245 5723 dispen-

750 5842 795 5873 ⁸³
828 5840 1017 5896 Matth.
1050 5856 1198 5908 XXVI,
1232 5840 1319 5895 39.
1396 5837 1441 5873 ⁸³
1469 5837 1595 5894 ibid.
1620 5837 1708 5891 4|.

1816 5837 1860 5868 ⁸⁵
1884 5834 2034 5891 Joun.
2069 5851 2139 5901 Vt,
2168 5834 2355 5892 58-59.

2361 3374 2499 3427 ποιῶ
2527 3375 2588 3427 τὸ
2621 3374 2829 3445 θέλημα
2860 3377 2920 3429 τὸ
2951 3378 3103 3447 ἐμὸν,
3137 3376 3274 3431 ἀλλά
3316 3379 3376 3429 τὸ
3428 3377 3638 3447 θέλημα
3674 3375 3769 3429 τοῦ
3800 3377 3954 3447 πέμ-

2357 3463 2557 3531 ψαντός
2594 3482 2693 3535 με·
2729 3466 2811 3518 ἵνα
2857 3467 2965 3518 πᾶν
2999 3466 3027 3519 ὅ
3056 3466 3294 3530 δέδωκάς
3341 3484 3431 3537 μοι
3480 3466 3554 3537 μὴ
3594 3465 3843 3519 ἀπολέσω
3887 3466 3954 3531 ἐξ

2360 3555 2545 3617 αὑτοῦ,
2575 3557 2710 3608 ἀλλά
2751 3558 3038 3627 ἀναστήσω
3073 3558 3206 3611 αὐτὸ
3240 3560 3297 3610 ὲν
3331 3560 3397 3628 τῇ
3427 3558 3629 3627 ἐσχάτῃ
3668 3556 3875 3627 ἡμέρα.
3924 3577 3943 3607 ι

2359 3645 2550 3698 Καίτοι
2606 3644 2754 3708 πῶς,
2808 3648 2965 3718 εἰπερ
3017 3650 3164 3701 ἐστὶν
3212 3649 3416 3717 ἀγαθὸν
3465 3648 3525 3700 τὸ
3578 3648 3792 3717 θέλημα
3844 3649 3949 3701 τοῦ

2359 3738 2591 3807 Πατρδς,
2641 3738 2842 3805 ἀγαθὸν
2886 3740 2942 3791 δὲ
2989 3741 3206 3804 πάντως
3248 3741 3377 3793 ἴδιον
3422 3738 3567 3809 ἔχειν
3607 3740 3700 3792 καὶ
3747 3739 3949 3807 ἕτερον

2358 3827 2510 3895 παρά
2542 3826 2700 3878 τοῦτο
2748 3827 2960 3899 θέλημά
3007 3846 3171 3899 φησιν
3221 3828 3411 3882 ἑαυτὸν
3455 3830 3482 3881 6
3531 3814 3799 3893 ΥἰόςςἘί
3830 3828 3949 3898 γὰρ

2362 3918 2436 3988 μὴ
2469 3918 2615 3971 ἐστιν
2644 3920 2868 3986 ἀγαθὸς,
2904 3920 3020 3984 πῶς
3047 3919 3208 3974 εἰκὼν
3237 3920 3315 3973 ἔτι
3343 3921 3434 3973 καὶ
3460 3918 3744 3990 χαρακτὴρ
3770 3919 3946 3971 αὑτοῦ

2358 4012 2703 4077 πιστεύεται;
2741 4011 2858 4075 πῶς
2885 4012 2941 4065 δὲ
2975 4012 3260 4082 ἀληθεύσει
3301 4010 3503 4077 λέγων’
3551 4029 3569 4060 ι
3621 4009 3760 4077 Ἐγὼ
3788 4010 3886 4061 καὶ
3916 4011 3947 4061 ὁ

2358 4102 2548 4173 Πατὴρ
2579 4104 2639 4155 ἓν
2666 4105 2865 4172 ὲσμεν;
2904 4122 2920 4153 ι
2952 4102 3078 4156 καίο
3114 4119 3132 4153 t
3180 4102 3236 4155 '0
3265 4100 3524 4169 ἑωρακὼς
3559 4101 3679 4171 ἐμὲ,
3721 4099 3946 4171 ἑώρακε

2355 4195 2449 4247 τὸν
2496 4195 2749 4264 Πατέρα;
2792 4214 2809 4245 ι
2845 4195 2919 4248 us
2967 4195 3076 4266 γὰρ
3106 4193 3163 4246 ἓν
3203 4211 3266 4262 γε
3311 4193 3387 4262 τῷ
3423 4194 3498 4265 μὴ
3529 4192 3740 4262 ἀγαθῷ,
3797 4210 3945 4246 κατ-

2357 4285 2593 4356 αθρήσαι
2617 4302 2699 4347 τις
2735 4286 2800 4339 ἂν
2842 4285 2933 4337 τὸν
2965 4284 3165 4352 ἀγαθὸν
3212 4284 3355 4336 κατὰ
3385 4286 3563 4352 φύσιν.
3624 4282 3784 4337 Ἀλλά
3828 4284 3945 4354 μὴν

2356 4376 2555 4444 ἀγαθὸς
2587 4379 2614 4428 ὁ
2638 4376 2786 4441 Υἱὸς,
2824 4376 2882 4439 ἐξ
2925 4376 3131 4443 ἀγαθοῦ
3182 4376 3389 4446 πέφηνε
3421 4375 3514 4428 τοῦ
3564 4376 3801 4444 Πατρὸς,
3839 4377 3943 4429 καὶ

2356 4468 2502 4520 ἔστιν
2545 4468 2708 4521 εἰκὼν
2735 4468 3154 4538 ἀπαράλλακτος
3202 4468 3364 4521 αὑτοῦ
3408 4467 3547 4519 κατά
3580 4469 3685 4520 πᾶν
3729 4466 3943 4524 ὁτιοῦν.

2356 4562 2511 4613 Ποῖον
2562 4556 2655 4614 οὖν
2704 4560 2812 4630 ἀρα
2865 4560 3075 4629 θέλημα
3125 4559 3341 4628 παρεὶς,
3398 4558 3533 4627 ὅπερ
3579 4554 3717 4610 εἶναι
3769 4575 3944 4627 φησιν

2359 4652 2576 4713 ἑαυτοῦ,
2610 4652 2947 4721 πεπραχέναι
2986 4650 3119 4718 φησὶ
3150 4650 3211 4702 τὸ
3258 4648 3350 4701 τοῦ
3398 4648 3645 4717 Πατρός;
3698 4648 3943 4718 Ἔμελλε

2356 4742 2434 4811 τῷ
2475 4742 2692 4812 θανάτῳ
2720 4744 2817 4811 τῆς
2867 4743 2999 4804 ἰδίας
3042 4741 3242 4811 σαρκὸς
3289 4741 3653 4793 ἀπαλλάττειν
3699 4739 3941 4793 θανάτου

2354 4836 2478 4897 τοὺς
2507 4834 2597 4885 ὑπ’
2626 4833 2790 4886 αὑτοῦ
2828 4833 3138 4899 γεγονότας,
3168 4831 3444 4884 τουτέστιν
3476 4832 3641 4900 ἡμᾶς.
3692 4830 3830 4882 Ἀλλ’
3868 4828 3943 4902 ἦν

2354 4924 2415 4977 τὸ
2445 4924 2695 4977 τεθνάναι
2730 4922 2895 4991 σαρκὶ
2943 4922 3222 4984 δυσκλεὲς,
3252 4920 3522 4992 ἀσύνηθές
3551 4939 3632 4984 τε,
3664 4921 3737 4983 ὡς
3769 4923 3949 4993 ἔφην..

2354 5018 2448 5069 καὶ
2479 5016 2863 5085 ἀπηχθημένον
2898 5014 3063 5084 αὐτῷ.
3116 5014 3535 5084 ’Υπομεμένηκε
3562 5014 3620 5065 δὲ
3660 5014 3944 5067 καὶτοῦτο

2352 5107 2417 5159 δι’
2450 5109 2593 5178 ἡμᾶς
2628 5109 2683 5158 ὲν
2718 5106 2935 5177 εὐδοκία
2960 5105 3053 5157 τοῦ
3085 5106 3496 5175 Πατρός.ιᾜδει
3531 5104 3662 5173 γὰρ,
3684 5103 3802 5173 ᾔδει
3841 5107 3944 5157 καὶ

2358 5199 2502 5269 μάλα
2533 5198 2738 5267 σαφῶς,
2780 5198 2862 5250 ὃτι
2901 5196 3009 5249 τῶν
3039 5196 3139 5265 τῆς
3176 5198 3376 5267 σαρκὸς
3405 5196 3567 5247 ἕνεκα
3601 5192 3788 5246 παθῶν
3820 5194 3944 5246 ἀδο-

2356 5292 2525 5361 ξήσας
2558 5290 2753 5360 βραχὺ,
2790 5288 3045 5342 διασώσει
3075 5289 3416 5357 σύμπαντας,
3449 5287 3541 5339 ἐπὶ
3567 5286 3627 5338 τὸ
3658 5286 3940 5352 ἀσυγκρί-

2354 5399 2459 5444 τως
2510 5382 2727 5451 ἄμεινον
2782 5380 3060 5450 μεθιστὰς.
3103 5400 3121 5431 ‹
3168 5382 3231 5432 Εἰ
3275 5397 3358 5441 τις
3410 5379 3518 5446 γὰρ
3576 5378 3633 5428 ὲν
3683 5377 3940 5445 Χριστῷ,

2355 5474 2514 5545 καινὴ
2551 5476 2758 5537 κτίσιςο
2791 5474 2859 5526 τά
2905 5475 3104 5543 ἀρχαῖα
3134 5469 3433 5541 παρῆλθεν,
3473 5468 3578 5521 ἰδοὺ
3626 5468 3816 5535 γέγονε
3868 5469 3942 5520 τά

2357 5564 2531 5617 πάντα
2580 5566 2761 5629 καινὰ,
2806 5584 2823 5615 ι
2868 5564 3009 5616 καθὰ
3040 5563 3365 5631 γέγραπται.
3404 5560 3467 5611 Αἰ
3526 5559 3622 5627 μὲν
3666 5553 3758 5610 οὖν
3809 5556 3941 5609 θερί-ι

2356 5672 2607 5707 πνευστοι
2638 5656 2870 5723 Γραφαὶ,
2906 5653 3135 5723 Χριστὸν
3167 5653 3262 5705 ἕνα
3291 5652 3385 5702 καὶ
3416 5650 3540 5703 Υἰδν
3589 5650 3683 5702 καὶ
3727 5648 3940 5718 Κύριον

3036 5832 3078 5862 ⁸⁸
3110 5831 3242 5887 ibid.
3270 5831 3322 5887 9.
3426 5830 3467 5861 "
3503 5828 3544 5882 ll
3584 5828 3709 5884 Cor.
3752 5844 3803 5894 v,
3843 5827 3936 5883 17.

2465 5835 2508 5866 ⁸⁸
2544 5832 2675 5888 Joan
2708 5848 2822 5899 xlv,
2854 5832 2940 5889 50.
