4104 6490
148 443 226 502 ὶξῆ
1269 453 1642 510 ADVERSUS
1679 451 2082 510 NESTORIUM
2125 451 2255 507 LIB.
2301 451 2361 506 V.
3357 451 3462 504 230

181 565 241 637 '59
261 562 438 638 limi-tt.)
489 568 1005 644 διακηρύττουσι,
1037 572 1127 625 καὶ
1158 572 1318 626 αὐτὸν
1362 568 1503 625 εἶναι
1537 589 1668 641 φασι
1695 571 1786 625 τὸν

1893 571 2099 625 satorie
2132 569 2440 639 pertulisse,
2471 581 2576 621 non
2599 573 2654 619 ut
2683 565 2956 619 nobiseum
2991 571 3294 618 remaneret
3320 580 3464 618 ιιιοιν-

189 660 266 727 τῆς
285 657 438 728 ὃὸξης
466 659 697 732 Κύριον
724 681 742 695 ·
774 665 883 717 καὶ
920 663 1020 726 τὰς
1053 664 1115 715 ὲκ
1142 662 1249 715 τῶν
1296 662 1564 716 Ἰουδαίων
1591 680 1784 731 παροι-

1892 667 2032 721 tuus,
2053 660 2170 721 sed,
2193 667 2250 711 ut
2274 671 2464 711 everso
2497 656 2588 710 illo
2616 655 2863 708 omnibus
2889 652 3285 722 inexpugnabili
3313 669 3458 706 mora

195 754 298 816 νίας
334 752 574 808 ἐθελοντὶ
599 756 920 826 ὑπομεῖναι
964 755 1032 808 δι’
1063 755 1203 825 ἡμᾶς
1226 771 1238 784 °
1273 753 1564 824 ἀνατλῆναί
1595 771 1652 804 τε
1693 753 1783 803 τὸν

1892 753 1951 804 lis
1971 752 2224 818 imperio,
2259 760 2507 804 naturam
2536 750 2770 804 hominis
2792 749 2857 801 ad
2881 747 3340 816 incorruptionem
3374 762 3460 801 reo

197 848 283 898 ἐπὶ
316 847 474 911 ξύλου
510 847 746 901 θάνατον
789 845 1174 916 οἰκονομικῶς,
1211 845 1307 914 οὐχ
1340 846 1425 897 ἵνα
1469 844 1586 914 μεθ’
1627 842 1783 913 ἡμῶν

1892 852 2126 896 vocaret.
2160 841 2302 896 Deus
2337 841 2476 896 enim
2505 849 2622 894 erat
2661 839 2712 892 in
2737 852 2919 894 carne.
2956 837 3060 890 Iste
3085 851 3212 891 vero
3244 851 3456 889 rursum

198 937 464 1007 ἀπομείνῃ
504 937 718 1007 νεκρὸς,
775 936 897 990 ἀλλ’
931 927 1019 988 ἵνα
1061 935 1120 986 τὸ
1154 935 1286 986 πᾶσι
1317 934 1649 1002 δυσάντητον
1692 929 1788 983 τοῦ

197 1029 430 1082 θανάτου
465 1028 783 1090 καταλύσας
816 1026 1040 1096 κράτος,
1078 1024 1387 1094 ἀνακομίσῃ
1413 1023 1548 1092 πρὸς
1574 1021 1788 1090 ἀφθαρ-

201 1121 317 1172 σίαν
367 1120 470 1188 τὴν
513 1119 802 1189 ἀνθρώπου
844 1117 1026 1185 φύσιν.
1075 1115 1204 1178 Θεὸς
1248 1115 1357 1183 γὰρ
1387 1111 1455 1184 ἦν
1504 1117 1559 1167 ὲν
1606 1113 1786 1182 σαρκί.

197 1209 404 1260 Οὗτοσὶ
443 1210 502 1262 δὲ
544 1209 705 1262 πάλιν
738 1206 992 1276 ἀφορμὰς
1041 1204 1135 1258 τοῦ
1182 1206 1435 1274 διορίζειν
1467 1207 1545 1266 είς
1578 1204 1670 1256 δύο
1697 1204 1790 1256 τὸν

193 1301 289 1351 ἕνα
330 1301 677 1370 πανταχόθεν
707 1298 886 1368 ἑαυτῷ
920 1297 1262 1368 συναγείρειν
1301 1295 1612 1365 ἐπιχειρῶν,
1641 1296 1790 1347 ἀντιο

1893 934 2211 988 occasiones
2237 950 2397 986 unum
2428 933 2481 985 in
2513 933 2616 986 duo
2643 928 2911 983 dividendi
2938 928 3170 995 undique
3218 926 3320 979 sibi
3343 924 3456 979 col—

1893 1025 2059 1090 ligere
2096 1023 2346 1086 moliens,
2380 1022 2579 1077 frustra
2617 1021 2701 1074 his
2731 1019 3104 1089 repugnatqui
3144 1017 3274 1071 nulli
3305 1027 3455 1078 sunt,

1893 1115 2155 1183 quosdam
2187 1115 2350 1168 etiam
2385 1114 2706 1167 criminator
2737 1112 2892 1179 quasi
2949 1111 3208 1164 adversus
3261 1112 3460 1163 verita-

1896 1215 2001 1258 tem
2027 1207 2281 1270 dixerim,
2315 1215 2369 1257 et
2398 1204 2600 1260 Christi
2634 1203 2875 1258 mvsterii
2899 1203 3162 1256 rationem
3192 1200 3463 1254 adultera-

1897 1297 2022 1366 riut,
2057 1296 2239 1366 Itaque
2262 1298 2390 1350 dicit
2421 1310 2435 1346 :

194 1393 433 1461 φέρεται
485 1392 586 1460 μὲν
617 1390 740 1459 εῑκῆ
770 1391 881 1452 τοῖς
923 1388 1020 1440 οὐκ
1050 1384 1200 1440 οὖσιν
1232 1387 1388 1451 ὅλως,
1459 1387 1736 1458 ἐπίκλημα
1764 1386 1822 1440 δὲ
1897 1387 2132 1441 ποιεῖταί
2181 1404 2322 1440 τισιν
2366 1387 2441 1450 ὡς
2479 1386 2578 1457 τῆς
2627 1385 2887 1458 ἀληθείας
2937 1387 3308 1458 κατειρηκόσι,
3363 1381 3459 1439 καὶ

194 1482 649 1551 παρασημαίνειν
681 1480 921 1532 ἐθέλουσι
959 1479 1051 1532 τοῦ
1089 1478 1388 1548 μυστηρίου
1422 1477 1513 1530 τὸν
1559 1479 1779 1549 τρόπον,
1819 1478 1912 1531 καί
1942 1493 2128 1548 φησιν’

269 1573 525 1644 [Ἡδέως
553 1573 616 1624 ἂν
647 1571 876 1624 ἐνταῦθα
905 1570 1012 1626 τῶν
1035 1570 1326 1641 αἱρετικῶν
1353 1569 1655 1640 ἐπυθόμην,
1677 1568 1785 1622 τῶν

1961 1568 2195 1624 Nesron.
2231 1568 2510 1640 [Libenter
2537 1569 2639 1624 hoc
2679 1567 2796 1623 loco
2833 1568 3457 1638 hzereticosinterrogem

192 1670 293 1738 τὴν
323 1668 431 1736 τῆς
479 1666 748 1732 θεότητος,
784 1665 1002 1731 καὶτῆς
1046 1660 1462 1732 ἀνθρωπότητος
1491 1661 1671 1729 φύσιν,
1708 1661 1788 1722 είς

1892 1659 1978 1728 qui
2017 1659 2315 1713 divinitatis
2356 1659 2816 1727 humanitatisque
2849 1669 3099 1713 naturam
3169 1659 3220 1712 in
3295 1675 3458 1713 unam

196 1761 331 1827 μίαν
391 1754 842 1825 κατακιρνώντων
879 1752 1086 1819 οὐσίαν,
1148 1753 1232 1816 τίς
1283 1754 1429 1806 ἐστιν
1483 1751 1713 1805 ἐνταῦθα
1760 1751 1788 1802 ό

1892 1751 2240 1806 commiscent
2261 1750 2574 1812 essentiam,
2603 1749 2849 1818 quisnam
2879 1749 2950 1804 sit
2978 1749 3070 1818 qui
3107 1764 3248 1804 nunc
3277 1765 3304 1802 a
3331 1765 3459 1820 pro-

194 1849 358 1920 παρὰ
412 1847 512 1900 τοῦ
559 1847 816 1919 προδότου
835 1848 948 1909 τοῖς
1011 1845 1286 1907 Ἰουδαίοις
1328 1844 1783 1914 παραδιδόμενος·

1892 1840 2063 1893 ditore
2100 1838 2299 1893 Judaeis
2342 1839 2589 1893 traditur.
2629 1838 2687 1891 Si
2720 1839 2865 1891 enim
2898 1839 3178 1892 amborum
3205 1846 3286 1892 est
3323 1838 3459 1891 facta

193 1943 241 1992 εξ
266 1941 390 2009 γὰρ
419 1939 618 2008 κρᾶσις
647 1937 966 2006 ἀμφοτέρων
989 1936 1302 2003 γεγένηται,
1330 1934 1612 2002 ἀμφότερα
1637 1931 1786 2001 παρά

191 2030 307 2080 τῶν
367 2028 643 2080 Ἰουδαίων
671 2025 1099 2094 συγκατεσχέθη,
1128 2025 1223 2076 καὶ
1258 2024 1286 2075 ό
1313 2023 1443 2085 Θεὸς
1477 2022 1668 2091 Λόγος,
1695 2023 1788 2075 καὶ

193 2122 228 2189 ἡ
264 2121 373 2189 τῆς
417 2117 836 2187 ἀνθρωπότητος
877 2118 1060 2186 φύσις.
1101 2117 1196 2179 Τίς
1232 2115 1289 2169 δέ
1321 2117 1466 2167 ἐστιν
1506 2117 1534 2167 ό
1565 2115 1657 2168 καὶ
1688 2115 1787 2184 τὴν

196 2210 426 2279 σφαγὴν
453 2209 783 2278 ὑπομείναςς
839 2208 1243 2277 Ἀναγκάζομαι
1270 2205 1576 2276 χρήσασθαι
1605 2223 1788 2260 κατω-

194 2283 389 2370 τέροις
419 2299 618 2366 λόγοις,
653 2299 727 2361 ὡς
762 2299 897 2351 πᾶσι
927 2297 1176 2365 γενέσθαι
1205 2297 1266 2350 τὸ
1293 2297 1582 2366 λεγόμενον
1609 2295 1785 2367 δῆλον.

197 2394 342 2462 Περὶ
376 2391 500 2443 τίνα
545 2390 612 2442 τά
654 2391 751 2458 τῆς
781 2389 1051 2460 πράξεως,
1097 2389 1219 2442 είπέ
1265 2407 1375 2459 μοι,
1412 2389 1786 2459 συμϐέϐηκεν;

197 2484 262 2536 ΕΞ
299 2483 407 2551 μὲν
447 2481 558 2550 γὰρ
608 2481 733 2550 περὶ
759 2479 857 2550 τὴν
887 2481 987 2549 τῆς
1020 2481 1269 2551 θεότητος
1315 2481 1496 2548 φύσιν,
1525 2479 1640 2543 πῶς
1680 2481 1785 2550 ἀμο

199 2571 416 2639 ςότερα
465 2570 760 2638 συγκιρνᾷν
811 2568 1176 2638 κατατολμᾷς.
1219 2567 1328 2620 Καὶ
1371 2566 1480 2638 [Im
1514 2566 1585 2639 εἰ]
1621 2566 1791 2638 μεμέ-

199 2677 377 2731 νηκεν
411 2658 614 2733 όβεδς
646 2659 1017 2727 ἀκατάσχετος
1056 2659 1169 2721 τοῖς
1226 2658 1520 2724 Ἰουδαίοις,
1569 2659 1791 2728 καὶτῆς

204 2751 431 2819 σφαγῆς
464 2749 526 2800 ού
575 2748 940 2818 κεκοινώνηκε
973 2750 1037 2820 τῇ
1082 2749 1264 2820 σαρκὶ,
1307 2749 1487 2814 πόθεν,
1536 2749 1654 2802 είπέ
1701 2767 1791 2820 μοι

201 2840 573 2909 παρεισάγεις
607 2839 704 2911 τὴν
743 2841 941 2911 κρᾶσιν
965 2839 1004 2912 ;]

825 3011 1074 3068 ΚΕΦᾹΛ.
1117 3017 1190 3068 Δ’.

272 3103 340 3154 Εἰ
374 3103 473 3170 μὲν
505 3096 596 3154 οῦν
623 3101 766 3164 τινές
796 3104 933 3154 είσιν
950 3104 998 3154 οἱ
1027 3105 1122 3172 τὴν
1157 3104 1265 3156 τῶν
1287 3105 1500 3172 φύσεων
1520 3107 1600 3169 είς
1627 3107 1793 3178 ἀλλή-

1889 1929 2211 1992 commistio,
2247 1929 2408 1984 auibo
2431 1929 2643 1982 simula
2692 1927 2893 1982 Judazis
2919 1931 3133 1981 detenta
3188 1939 3334 1992 sunt,
3409 1940 3462 1981 et

1893 2021 2029 2075 Deus
2058 2019 2313 2085 Verbum,
2337 2030 2390 2074 et
2423 2021 2774 2074 humanitatis
2805 2031 3015 2073 natura.
3046 2018 3178 2084 Quis
3215 2035 3344 2073 vero
3377 2030 3462 2074 est

1891 2112 2087 2167 (eadem
2120 2111 2550 2182 passus?Cogor
2617 2111 2998 2166 humilioribus
3036 2111 3220 2165 verbis
3248 2111 3346 2174 uti,
3405 2120 3463 2164 ut

1889 2203 2138 2258 omnibus
2167 2204 2308 2272 quod
2366 2203 2594 2256 dicimus
2618 2203 2962 2272 perspicuum
2995 2201 3107 2255 ﬂat.
3157 2201 3211 2255 In
3275 2218 3459 2271 quem,

1891 2311 2020 2364 rogo
2041 2307 2111 2359 te,
2149 2295 2316 2364 ipsius
2346 2303 2509 2363 gestae
2539 2293 2623 2346 rei
2665 2292 2864 2346 cecidit
2897 2292 3072 2347 actio?
3125 2290 3180 2345 Si
3215 2293 3265 2346 in
3294 2293 3460 2362 ipsam

1891 2387 2183 2440 divinitatis
2242 2395 2508 2445 naturam,
2565 2383 2833 2453 quomodo
2883 2393 3175 2451 utrumque
3232 2383 3461 2437 commi-

1890 2491 2040 2531 scere
2071 2477 2271 2531 audes?
2300 2477 2355 2530 Si
2398 2477 2752 2530 mansitDeus
2785 2477 2854 2529 ita
2888 2483 3000 2528 uta
3055 2473 3254 2529 Iudaeis
3290 2475 3460 2529 teneri

1890 2583 1997 2622 nou
2031 2577 2233 2637 posset,
2262 2577 2316 2621 et
2349 2567 2402 2620 in
2426 2567 2587 2622 cedis
2628 2566 2976 2636 perpessione
3027 2566 3224 2619 nullam
3276 2566 3464 2619 habuit

1889 2676 2010 2718 cum
2037 2677 2202 2718 carne
2215 2662 2548 2725 societatem,
2571 2657 3461 2728 undenam,rogo,comniistioncin

1893 2753 2103 2809 inducis
2119 2752 2160 2824 ?]

2548 2976 2698 3032 CAP.
2734 2974 2826 3032 IV.

1967 3109 2023 3165 Si
2060 3110 2152 3180 qui
2195 3117 2319 3164 sunt
2351 3109 2440 3178 qui
2472 3118 2786 3163 naturarum
2823 3108 3023 3164 factum
3062 3107 3199 3163 inter
3232 3123 3292 3163 se
3330 3123 3462 3164 con-

203 3193 303 3257 ὶας
333 3195 602 3264 ἀνάχυσιν
624 3193 952 3263 γεγενῆσθαι
983 3196 1252 3263 λέγοντες,
1279 3198 1372 3251 καὶ
1392 3199 1482 3250 τὸν
1506 3199 1791 3268 ἀνέφικτον

1898 3200 2168 3256 fusionem
2209 3202 2411 3264 dicant,
2447 3200 2716 3269 Verbique
2766 3210 3018 3257 naturam
3069 3201 3462 3270 impossibilein

207 3287 506 3355 ὑπομεῖναι
556 3284 791 3354 φυρμὸν,
835 3284 929 3336 καὶ
969 3284 1066 3354 τὴν
1101 3287 1180 3348 είς
1216 3286 1394 3356 σάρκα
1428 3288 1634 3356 τροπὴν
1681 3305 1786 3341 παι

207 3378 320 3429 θεῖν
360 3375 621 3427 δύνασθαι
672 3374 1058 3444 διατεινόμενοι
1109 3376 1206 3445 τὴν
1247 3377 1341 3429 τοῦ
1390 3377 1564 3445 Λόγου
1602 3378 1784 3447 φύσιν,

205 3469 380 3537 ῆγουν
407 3468 489 3528 είς
520 3465 750 3535 θεότητα
785 3465 1170 3537 μεταχωρῆσαί
1211 3484 1341 3519 ποτε
1374 3468 1471 3538 τὴν
1504 3469 1790 3521 ὲνωθεῖσαν

205 3556 362 3626 αύτῷ
412 3556 615 3626 σάρκα,
665 3557 1070 3629 διημαρτήκασι
1117 3558 1405 3628 τάληθοῦς,
1448 3561 1542 3613 καὶ
1597 3561 1791 3631 φρενὸς

206 3647 312 3711 ἔξω
361 3646 644 3714 γεγονότες
674 3646 863 3716 ὀρθῆς,
903 3647 1102 3716 μᾶλλον
1141 3647 1196 3700 δὲ
1229 3647 1325 3718 τὴν
1367 3649 1592 3701 ἀπασῶν
1627 3649 1789 3718 ἐσχάο

203 3751 305 3805 την
335 3735 619 3798 νοσοῦντες
650 3736 1070 3805 ὲμὸροντησίαν,
1095 3736 1415 3788 ἀκούσονται
1438 3737 1572 3807 πρὸς
1600 3739 1752 3807 ἡμῶν
1772 3753 1786 3767 ·

210 3845 227 3878 ι
267 3827 557 3882 Πλανᾶσθε
596 3827 670 3895 μὴ
707 3826 905 3888 εἰδότες
932 3825 1030 3886 τὰς
1060 3826 1298 3896 Γραφάς,
1335 3827 1467 3897 μηδὲ
1493 3827 1589 3897 τὴν
1632 3828 1788 3880 δύνα-

209 3936 303 3987 μιν
330 3918 427 3970 τοῦ
459 3916 618 3970 Θεοῦ.
659 3935 678 3966 ι
723 3915 1079 3987 Ἀκράδαντος
1107 3915 1215 3987 γάρ
1259 3919 1291 3985 ἡ
1325 3916 1417 3970 τοῦ
1447 3917 1582 3970 Θεοῦ
1615 3917 1787 3985 Λόγου

205 4009 394 4075 φύσις,
432 4008 528 4059 καὶ
571 4005 780 4074 τροπῆς
830 4007 931 4059 ούκ
976 4001 1114 4059 οἶδεν
1166 4007 1521 4076 ἀποσκίασμα
1564 4007 1783 4060 παθεῖν·

207 4096 377 4165 σαρκὶ
403 4095 463 4146 δὲ
494 4095 588 4146 καὶ
618 4093 808 4164 αἵματι
841 4094 1274 4164 κεκοινωνηκὼς,
1312 4095 1406 4148 καὶ
1439 4095 1788 4166 μετεσχηκὼς

205 4190 412 4258 ὁμοίως
433 4191 570 4258 ἡμῖν
597 4188 706 4241 τῶν
729 4187 928 4250 αὐτῶν,
957 4185 1100 4238 καθά
1127 4185 1455 4256 γέγραπται,
1483 4188 1789 4256 μεμένηκεν

203 4282 232 4332 ό
254 4281 443 4342 αὐτός.
467 4280 528 4332 Εἰ
551 4280 609 4332 δὲ
642 4277 886 4333 ἀπασοῦν
908 4294 994 4339 τις
1019 4275 1127 4329 τῶν
1154 4280 1263 4340 τοῖς
1295 4279 1457 4347 ἱεροῖς
1489 4278 1788 4348 ὲντεθραμ·

209 4370 392 4438 μένων
429 4369 760 4439 Γράμμασιν
798 4367 1202 4438 ἀπηχθημένων
1233 4368 1342 4439 Ιισ.
1378 4365 1787 4438 ἀπηχθημένον]

207 4463 448 4514 ποιεῖται
464 4463 544 4526 τὸ,
570 4462 673 4513 κάν
702 4459 832 4528 γοῦν
849 4459 1079 4513 ἀκοῦσαι
1109 4460 1288 4528 μόνον,
1321 4459 1413 4511 ἐπὶ
1433 4458 1525 4512 τοῦ
1550 4460 1788 4526 Μονογε-

205 4550 337 4615 νοῦς
365 4551 681 4624 πεπρᾶχθαι
709 4551 806 4621 τὴν
826 4552 1054 4622 τροπὴν,
1085 4551 1224 4603 τίτά
1241 4549 1412 4613 οὓτως
1442 4551 1662 4620 αἰσχρὰ,
1697 4550 1788 4604 καὶ
1819 4528 1865 4582 Ῑ)

210 4646 313 4714 μιᾷ
337 4647 402 4714 τῇ
445 4642 594 4714 παρά
615 4643 830 4696 πάντων
873 4643 1038 4713 ψήφῳ
1074 4641 1514 4712 κατεγνωσμένα,
1538 4643 1629 4695 καὶ
1653 4642 1789 4695 ἀπό-

207 4733 389 4803 ελητα
417 4733 717 4798 παντελῶς,
748 4735 824 4796 ὡς
851 4733 1025 4804 ἀληθῆ
1066 4734 1160 4787 καὶ
1191 4734 1451 4804 εἰρημένα
1480 4733 1785 4804 δεχόμενος,

209 4827 382 4893 πειρᾷ
408 4825 715 4894 διατέμνειν
744 4825 834 4877 τὸν
859 4826 1175 4897 ἀμέριστον,
1210 4824 1301 4877 καὶ
1331 4823 1488 4877 τοῦτο
1529 4825 1666 4894 μετά
1692 4825 1789 4895 τὴν

209 4913 443 4980 ἓνωσιν;
478 4917 539 4969 El
567 4916 675 4986 γὰρ
696 4916 760 4986 δὴ
796 4915 935 4969 κατά
964 4917 1222 4986 ἀλήθειαν
1248 4915 1388 4969 ἕλοιο
1421 4915 1608 4985 μαθεῖν
1633 4916 1716 4978 τίς
1765 4917 1793 4968 ό

212 5006 369 5073 παρά
407 5006 499 5060 τοῦ
536 5009 795 5077 προδότου
847 5009 957 5071 τοῖς
1015 4989 1286 5070 ’Ἰουδαίοις
1343 5008 1789 5078 παραδιδόμενος,

211 5098 310 5146 καὶ
345 5097 441 5165 τὴν
482 5097 692 5168 σφαγὴν
727 5097 1042 5167 ὑπομείνας,
1085 5097 1294 5170 ἀκούσῃ
1342 5099 1560 5164 σαφῶς·
1611 5099 1667 5151 Ὀ
1709 5093 1788 5161 εἷς

213 5186 314 5236 καὶ
350 5189 504 5256 μόνος
537 5187 790 5259 Χριστὸς.
825 5189 918 5240 καὶ
948 5188 1094 5250 mg.
1131 5188 1225 5239 καὶ
1267 5187 1488 5257 Κύριος,
1521 5188 1788 5252 τουτέστι,

218 5279 432 5348 μορφὴν
456 5279 641 5332 δούλου
669 5278 849 5332 λαϐὼν
881 5280 908 5331 ό
941 5280 1003 5330 ὲκ
1040 5277 1174 5330 Θεοῦ
1208 5279 1398 5347 Λόγος,
1436 5279 1788 5349 ἐνανθρωπή-

221 5382 321 5429 σας
356 5386 411 5422 τε
457 5372 549 5423 καὶ
591 5368 1033 5438 σεσαρκωμένος.
1075 5369 1329 5440 Πέπρατο
1366 5369 1464 5439 μὲν
1493 5369 1600 5439 γὰρ
1639 5369 1790 5440 παρὰ

219 5454 318 5505 τοῦ
367 5459 613 5529 προδότου
644 5462 757 5522 τοῖς
815 5459 1084 5513 Ἰουδαίων
1129 5457 1465 5529 καθηγηταῖς
1487 5476 1498 5487 ⁸
1531 5460 1623 5512 καὶ
1650 5477 1790 5527 ,κατ’

224 5544 398 5614 είχετο
430 5551 522 5620 μὲν
563 5549 942 5622 ἀνθρωπίνως,
995 5551 1076 5602 ὅτι
1104 5551 1196 5604 καὶ
1233 5551 1518 5620 ἄνθρωπος
1549 5545 1616 5620 ἦν
1648 5551 1787 5619 μετά

226 5636 317 5688 τοῦ
350 5645 509 5709 μεῖναι
538 5645 669 5708 Θεός
689 5660 700 5671 '
739 5641 942 5712 ἤλεγχε
969 5641 1023 5694 δὲ
1070 5641 1267 5705 θεῖκῶς
1295 5642 1402 5694 τῶν
1447 5642 1783 5710 κατεχόντων

296 5813 532 5876 “Matth.
574 5833 717 5886 uti,
753 5816 846 5882 29,
925 5816 969 5847 ”
997 5814 1113 5870 Jac.
1150 5834 1186 5880 ι,
1221 5815 1305 5869 I7.
1384 5817 1427 5847 "°
1463 5816 1627 5871 Hebr.
1659 5832 1720 5880 ll,
1764 5815 1849 5870 Η.

1892 3291 2214 3344 sustinuisse
2237 3290 2566 3354 mistionem,
2598 3301 2651 3345 et
2693 3293 2744 3345 in
2805 3307 3022 3346 carnem
3071 3293 3334 3346 demutari
3361 3310 3463 3364 po-

1894 3380 2060 3433 tuisse
2077 3379 2425 3444 contendant,
2459 3379 2539 3434 vel
2571 3380 2774 3433 uuitam
2805 3380 2877 3433 illi
2912 3395 3128 3434 carnem
3166 3384 3378 3437 tandem
3411 3384 3462 3438 iu

1892 3473 2224 3526 divinitatem
2308 3472 2588 3537 transisse,
2656 3473 2689 3526 ii
2744 3473 3001 3527 aberrant
3073 3487 3102 3525 a
3155 3487 3304 3535 vero,
3336 3483 3392 3527 et
3434 3489 3462 3526 a

1892 3575 2041 3618 recto
2082 3575 2240 3617 sensu
2293 3561 2450 3631 longe
2485 3562 2697 3626 remoti,
2750 3563 2858 3616 imo
2906 3577 3031 3615 vero
3096 3572 3335 3616 extrema
3371 3563 3466 3618 de-

1893 3654 2092 3707 mentia
2141 3653 2470 3717 laborantes,
2527 3651 2751 3706 audiant
2816 3667 2844 3704 a
2890 3653 3092 3706 nobis:
3158 3672 3176 3703 ι
3218 3653 3454 3720 Erratis,

1892 3743 2193 3796 nescientes
2241 3740 2576 3809 Scripturas,
2651 3756 2823 3809 neque
2874 3742 3126 3796 virtutem
3188 3744 3280 3797 Dei
3319 3743 3385 3797 ".
3442 3765 3460 3796 ι

1892 3827 2212 3883 Inconcussa
2281 3839 2362 3883 est
2419 3831 2562 3883 enim
2622 3829 2711 3882 illa
2772 3830 2866 3886 Dei
2934 3830 3096 3886 Verbi
3155 3842 3367 3899 natura,
3412 3846 3466 3888 et

1891 3920 2280 3975 vicissitudinis
2322 3920 2793 3975 obumbrationem
2868 3923 2976 3993 pati
3032 3925 3206 3979 nescit
3256 3925 3339 3976 ”:
3371 3928 3468 3981 sed

1896 4012 2050 4082 133
2100 4026 2218 4064 cum
2277 4012 2424 4064 carni
2479 4020 2533 4065 et
2579 4015 2826 4082 sanguini
2885 4016 3370 4081 comiuunicasset,
3412 4028 3470 4071 et

1890 4103 2204 4157 eorumdem
2240 4102 2495 4156 similiter
2521 4117 2586 4157 ac
2617 4118 2716 4158 nos
2745 4105 3016 4174 particeps
3047 4117 3191 4161 esset
3217 4105 3462 4170 effectus.

1891 4203 1950 4246 ut
1979 4192 2237 4259 scriptum
2278 4203 2359 4246 est
2385 4193 2456 4256 ⁷ο,
2499 4193 2697 4247 mansit
2732 4194 2896 4247 idem.
2947 4195 3098 4261 Quod
3140 4196 3189 4250 si
3237 4197 3464 4266 quisque

1891 4285 1944 4336 in
1975 4281 2147 4335 sacris
2193 4281 2412 4336 Litteris
2450 4282 2709 4337 educatus
2739 4284 2892 4338 nefas
2933 4294 3084 4354 putat
3119 4285 3202 4339 vel
3242 4289 3464 4343 auribus

1893 4379 2098 4426 tantum
2145 4372 2410 4440 accipere,
2463 4373 2514 4426 in
2558 4374 2645 4427 illo
2704 4375 2988 4444 Unigeuilo
3047 4376 3209 4429 ullam
3263 4376 3460 4432 factam

1892 4478 2013 4518 esse
2063 4466 2439 4529 mutationem,
2496 4481 2593 4519 cur
2647 4476 2752 4520 tam
2810 4478 2992 4536 turpes
3047 4471 3367 4535 sententias,
3407 4483 3464 4526 et

1895 4555 2054 4608 unico
2093 4555 2159 4607 ab
2199 4555 2454 4609 omnibus
2509 4555 2768 4626 suﬂragio
2814 4557 3098 4612 damnatas
3141 4570 3189 4612 et
3243 4563 3465 4616 omnino

1897 4643 2150 4711 reiectas,
2188 4654 2440 4713 tanquam
2488 4661 2642 4701 veras
2675 4663 2737 4701 ac
2785 4647 3021 4715 prolatas
3069 4651 3369 4719 accipiens,
3406 4655 3466 4706 ii-

1894 4733 2005 4788 Ium
2057 4735 2436 4802 impartibilem
2493 4737 2734 4792 dividere
2797 4739 2958 4791 etiam
3017 4751 3138 4808 post
3215 4742 3464 4796 unionem

1897 4825 2154 4878 conaris?
2200 4824 2328 4880 Nam
2375 4827 2418 4879 si
2468 4842 2596 4881 vere
2649 4829 2862 4883 discere
2913 4832 3099 4898 cupias
3133 4833 3383 4898 quisnam
3436 4850 3463 4885 a

1895 4914 2171 4983 proditore
2197 4913 2400 4971 Judreis
2451 4919 2680 4972 traditus
2726 4917 2906 4983 fuerit,
2954 4929 3010 4972 et
3054 4923 3254 4974 caedem
3302 4923 3466 4977 susti-

1897 5005 2098 5068 nueril,
2131 5003 2278 5060 clare
2310 5007 2531 5060 audies:
2561 5005 2653 5061 Ille
2680 5023 2818 5061 unus
2849 5019 2900 5061 et
2933 5007 3080 5062 solus
3114 5007 3384 5076 Christus,
3411 5023 3465 5066 et

1893 5094 2083 5158 Filius,
2117 5106 2173 5150 et
2204 5097 2483 5164 Dominus,
2524 5100 2626 5152 hoc
2662 5108 2782 5164 est,
2818 5099 2944 5152 illud
2990 5115 3054 5152 ex
3093 5100 3200 5154 Deo
3230 5100 3461 5156 Verbqu

1894 5186 2036 5253 quod
2066 5187 2208 5240 servi
2241 5187 2464 5240 formam
2516 5189 2745 5255 accepit,
2783 5198 2837 5241 et
2871 5189 3029 5244 homo
3060 5190 3256 5244 factum
3303 5201 3385 5246 est
3412 5204 3467 5247 et

1899 5277 2257 5330 iucarnatum.
2292 5277 2549 5332 Venditus
2576 5291 2657 5332 est
2702 5280 2845 5333 enim
2876 5295 2904 5333 a
2936 5282 3208 5350 proditore
3237 5285 3464 5340 ducibus

1894 5366 2199 5422 Judzeorum
2231 5378 2284 5421 et
2313 5371 2543 5422 humana
2581 5369 2886 5424 conditione
2915 5373 3197 5425 tenebatur
3221 5375 3460 5443 quidem,

1896 5475 2018 5514 nam
2047 5469 2101 5514 et
2131 5460 2292 5514 homo
2327 5471 2441 5514 erat
2481 5461 2551 5514 ita
2586 5469 2644 5515 ut
2683 5461 2838 5515 simul
2872 5473 3114 5517 maneret
3150 5462 3290 5520 Deus
3323 5484 3337 5520 :
3367 5470 3461 5522 sed

1896 5559 2071 5604 tamen
2102 5564 2166 5604 ex
2216 5551 2393 5606 divina
2438 5551 2750 5607 conditione
2787 5557 3034 5620 coarguit
3075 5570 3260 5610 eorum
3307 5557 3460 5610 intir-

1893 5641 2132 5696 niitatem
2165 5656 2194 5696 a
2246 5643 2438 5711 quibus
2492 5643 2793 5698 tenebatur.
2845 5643 3010 5714 quue
3059 5646 3212 5702 nobis
3250 5648 3458 5720 perspi-
