4106 6530
657 489 755 546 231

1686 489 1743 540 S.
1785 483 2062 541 CYRILLI
2102 483 2568 541 ALEXANDRINI
2610 484 2928 542 ARCHIEP.

3805 491 3912 547 232

657 618 820 658 cuum
854 601 982 656 facit
1030 602 1220 657 beatus
1246 603 1580 674 evangelista
1613 601 1848 658 Joannes
1879 604 1972 673 qui
2009 603 2062 657 in
2097 604 2245 657 hunc

2348 604 2504 659 αὑτὸν
2551 604 2650 676 τὴν
2700 604 3000 658 ἀσθένειαν.
3059 603 3167 657 Καὶ
3209 602 3366 657 τοῦτο
3417 605 3548 675 ἡμῖν
3596 604 3914 676 καθίστησιν

659 697 876 751 ntodum
921 694 1176 763 scripsit:
1221 713 1239 745 t
1274 692 1440 749 Judas
1481 711 1610 765 ergo
1637 711 1759 749 cum
1805 695 2104 763 accepisset
2145 708 2234 748 co-

659 789 894 847 hortem.
935 796 989 841 et
1041 800 1069 839 a
1119 787 1466 854 pontiﬁcibus
1508 797 1562 842 et
1608 787 1895 841 Pharisaei:
1939 787 2237 850 ministros,

661 879 807 932 venit
844 877 970 930 illuc
1000 891 1122 930 cum
1156 876 1377 932 laternis
1427 886 1480 931 et
1528 877 1736 932 facibus
1769 887 1821 931 et
1855 879 2042 931 armis.
2086 876 2241 931 Jesus

658 979 789 1034 ergo
834 966 1011 1019 sciens
1043 967 1220 1019 omnia
1255 981 1372 1035 qua:
1415 977 1637 1020 ventura
1673 976 1832 1020 erant
1885 981 2046 1036 super
2082 981 2237 1030 eum,

662 1059 925 1124 processit
973 1065 1026 1110 et
1066 1058 1201 1109 dixit
1245 1059 1362 1110 eis:
1408 1056 1580 1122 Quem
1621 1057 1904 1125 queritis?
1951 1057 2240 1125 respuude-

665 1155 790 1198 runt
825 1148 871 1197 ei
905 1161 920 1196 :
955 1144 1136 1199 .lesum
1185 1144 1548 1200 Nazarenum.
1599 1145 1740 1200 Dicit
1777 1149 1855 1201 eis
1884 1146 2078 1201 Jesus:
2131 1147 2241 1216 Ego

663 1249 806 1290 aunt.
844 1234 1032 1292 Stabat
1067 1247 1120 1292 et
1146 1235 1318 1290 Judas
1351 1237 1441 1305 qui
1476 1239 1722 1292 tradebat
1751 1253 1895 1303 eum,
1937 1253 2056 1293 cum
2084 1239 2236 1306 ipsis.

665 1325 737 1383 Ut
761 1343 889 1397 ergo
927 1329 1063 1382 dixit
1093 1329 1194 1388 cis.
1232 1327 1338 1396 Ego
1375 1342 1514 1392 sum,
1552 1330 1801 1382 abierunt
1833 1341 2153 1393 retrorsum,
2186 1337 2241 1381 et

664 1419 979 1474 ceciderunt
1009 1417 1064 1471 in
1105 1428 1306 1472 terram
1329 1418 1397 1476 ".
1436 1437 1455 1470 ι
1485 1420 1653 1473 Audis
1685 1428 1745 1473 ut
1781 1419 2035 1473 collectos
2065 1435 2094 1473 a
2125 1434 2242 1487 pro-

662 1509 839 1562 ditore
889 1508 1088 1562 milites
1123 1511 1386 1564 adversus
1428 1524 1578 1563 suam
1633 1509 1858 1577 gloriam
1906 1511 2087 1564 extolli
2135 1527 2239 1564 non

665 1601 830 1654 sinat.
859 1598 992 1654 Nam
1024 1615 1083 1655 se
1117 1601 1288 1670 ipsum
1317 1601 1530 1666 obtulit,
1560 1602 1746 1656 dicens
1779 1618 1793 1654 :
1833 1619 1852 1652 t
1897 1601 2003 1670 Ego
2033 1617 2182 1667 sum;
2216 1620 2237 1653 υ

665 1691 745 1747 illi
777 1707 906 1745 vero
939 1692 1006 1745 ad
1038 1693 1206 1747 solam
1246 1692 1362 1760 ejus
1397 1708 1584 1748 vocem
1629 1693 1816 1748 fractis
1853 1695 2059 1749 viribus
2088 1695 2238 1749 abie-

666 1793 793 1838 runt
836 1795 1156 1839 retrorsum.
1198 1783 1312 1838 Non
1361 1785 1526 1840 fuisse
1572 1797 1751 1839 autem
1803 1801 1986 1840 eorum
2034 1786 2240 1840 viribus

666 1873 916 1929 eﬂ‘ectum
945 1887 1002 1930 ut
1032 1891 1154 1929 eum
1187 1886 1451 1940 tenerent,
1492 1880 1585 1931 sed
1617 1892 1737 1931 cum
1774 1885 1981 1945 tempus
2015 1885 2069 1931 et
2102 1891 2238 1946 Opus

2338 696 2564 764 ἐναργὲς
2614 699 2642 747 ό
2689 695 2975 758 θεσπέσιος
3041 695 3432 766 εύαγγελιστὴς
3500 696 3768 766 Ἰωάννης,
3819 697 3918 751 tam

2339 784 2630 854 γεγραφώς
2655 802 2668 814 ·
2710 805 2728 836 ι
2776 787 2834 837 Ὀ
2860 781 2952 838 οὗν
2985 785 3182 853 Ἰούδας
3205 785 3385 838 λαϐὼν
3410 785 3509 855 τὴν
3542 789 3788 856 σπεῖραν,
3821 790 3919 840 καὶ

2341 877 2406 927 ὲκ
2429 875 2539 927 τῶν
2567 876 2889 945 ἀρχιερέων,
2924 877 3020 928 καὶ
3058 878 3121 941 ἐκ
3149 875 3256 928 τῶν
3281 876 3587 947 Φαρισαίων
3614 879 3915 948 ὑπηρέτας,

2341 965 2562 1036 ἔρχεται
2589 966 2708 1018 ἐκεῖ
2743 967 2881 1035 μετά
2911 966 3095 1034 φανῶν
3130 967 3222 1018 καὶ
3251 966 3550 1035 λαμπάδων
3585 969 3678 1020 καὶ
3715 969 3916 1021 ὅπλων.

2351 1054 2562 1124 Ἰησοῦς
2591 1053 2813 1116 δὲείδὼς
2836 1056 3014 1108 πάντα
3044 1055 3114 1107 τά
3147 1055 3418 1125 ἐρχόμενα
3472 1058 3558 1110 ἐπ’
3608 1058 3790 1121 αὑτὸν,
3824 1057 3920 1122 ἰε-

2337 1141 2686 1205 ελθὼν,εῖπεν
2701 1145 2900 1209 αὐτοῖς·
2919 1145 3051 1198 Τίνα
3072 1147 3284 1216 ζητεῖτε
3301 1163 3315 1211 ;
3335 1146 3736 1219 Ἀπεκρίθησαν
3748 1149 3918 1217 αὐτῷ·

2353 1237 2559 1308 Ἰησοῦν
2580 1238 2670 1290 τὸν
2695 1237 3033 1308 Ναζωραῖον.
3061 1240 3221 1307 Λέγει
3258 1242 3436 1301 ιδτοῖς
3471 1241 3499 1291 ό
3517 1240 3743 1310 Ἰησοῦς·
3775 1240 3922 1308 Ἐγώ

2338 1329 2474 1397 εἰμι.
2512 1329 2770 1398 Είστήκει
2813 1329 2906 1382 καὶ
2952 1327 3149 1391 Ἰούδας
3181 1332 3209 1383 ὁ
3252 1329 3574 1399 παραδιδοὺς
3601 1329 3762 1383 αὑτὸν
3799 1330 3920 1397 μετ’

2339 1415 2542 1471 αὐτῶν.
2576 1417 2662 1480 Ὠς
2695 1413 2787 1470 οὖν
2817 1413 2971 1470 εἷπεν
2997 1418 3200 1483 αὐτοῖς,
3228 1418 3307 1471 ὅτι
3334 1417 3476 1486 Ἐγώ
3508 1421 3642 1489 είμι,
3677 1419 3920 1489 ἀπῆλθον

2340 1509 2418 1569 είς
2452 1507 2519 1560 τὰ
2569 1508 2762 1570 ὀπίσω,
2807 1509 2900 1560 καὶ
2939 1507 3133 1560 ἔπεσον
3176 1509 3367 1578 χαμαί.
3407 1527 3430 1561 a
3477 1509 3737 1572 Ἀκούεις,
3769 1512 3921 1574 ὅπως

2341 1597 2874 1669 κατασώαρεύεσθαι
2931 1599 3028 1668 μὲν
3070 1598 3172 1667 τῆς
3215 1598 3347 1670 παρ’
3399 1599 3548 1668 αὐτῷ
3597 1599 3775 1670 δόξης,
3815 1601 3922 1653 οὐκ

2341 1691 2404 1758 ἑᾷ
2428 1690 2552 1752 τοὺς
2581 1690 2728 1761 παρά
2755 1690 2848 1742 τοῦ
2881 1689 3140 1757 προδότου
3175 1689 3619 1757 συνειλεγμένους
3643 1706 3657 1720 ο
3687 1707 3925 1762 προσκεο

2341 1778 2538 1846 κόμικε
2589 1778 2688 1846 μὲν
2735 1779 2840 1849 γὰρ
2872 1777 3084 1840 ἑαυτὸν,
3119 1777 3201 1841 τὸ,
3239 1796 3258 1828 ι
3312 1777 3451 1846 Ἐγώ
3481 1780 3593 1848 είμι
3640 1797 3659 1830 a
3703 1779 3918 1847 λέγων’

2342 1869 2391 1920 oi
2417 1867 2473 1919 δὲ
2502 1868 2595 1920 καὶ
2631 1867 2766 1936 πρὸς
2797 1869 2963 1939 μόνην
2993 1868 3351 1936 ἀτονήσαντες
3382 1867 3480 1938 τὴν
3507 1870 3708 1940 φωνὴν,
3742 1871 3921 1942 ἀπῆλ-

667 1964 770 2018 fuit
799 1975 1025 2019 mortem
1058 1976 1248 2034 sponte
1281 1981 1377 2035 pro
1418 1968 1578 2023 nobis
1613 1940 1918 2030 admisisse,
1949 1940 2241 2022 confirma-

2348 1957 2432 2011 Bov
2469 1959 2548 2020 εἰς
2591 1956 2659 2011 τά
2687 1958 2880 2012 όπίσω.
2923 1976 2941 2008 ι
2979 1958 3101 2011 Ὅτι
3140 1958 3197 2011 δὲ
3227 1958 3349 2028 οὐχὶ
3385 1958 3486 2028 τῆς
3517 1961 3694 2016 αὐτῶν
3736 1940 3924 2031 ίσχύος

666 2053 745 2106 vit
782 2054 1011 2107 dicens:
1072 2071 1092 2103 ι
1133 2053 1414 2123 Tanquam
1463 2055 1528 2108 ad
1576 2054 1836 2107 latronem
1885 2055 2073 2107 existis
2119 2068 2240 2105 cum

667 2143 859 2211 gladiis
896 2152 952 2197 et
1019 2142 1254 2198 fustibus
1300 2144 1758 2213 comprehendere
1807 2156 1937 2196 me:
2007 2142 2244 2209 quotidie

669 2235 722 2288 in
755 2234 950 2304 templo
1002 2235 1252 2290 sedebam
1300 2235 1524 2296 docens,
1567 2244 1623 2288 et
1671 2248 1775 2288 non
1834 2249 1920 2288 me
1971 2233 2240 2290 tenuistis.

671 2325 784 2381 Hoc
815 2336 992 2380 autem
1029 2335 1198 2380 totum
1239 2325 1438 2379 factum
1483 2335 1564 2381 est
1596 2335 1654 2380 ut
1704 2325 2054 2396 implerentur
2095 2325 2245 2380 Scri-

667 2425 840 2485 pturze
867 2417 1252 2486 prophetarum
1279 2417 1346 2469 ".
1388 2435 1407 2469 ι
1449 2417 1597 2483 Quod
1625 2417 1765 2470 enim
1817 2416 1939 2470 olim
1979 2416 2243 2486 praedixe-

671 2515 758 2560 rat
790 2521 883 2576 per
913 2506 1209 2574 prephetas
1240 2515 1456 2560 sanctos
1479 2546 1494 2570 ,
1531 2508 1630 2560 hoc
1666 2506 1901 2574 implevit
1934 2521 2056 2560 cum
2087 2518 2145 2558 se
2178 2504 2240 2557 ad

669 2595 1090 2650 exinanitionetn
1121 2595 1316 2664 dejecit
1348 2596 1435 2649 ille
1458 2596 1548 2663 qui
1591 2609 1754 2664 supra
1783 2610 1995 2648 onmem
2034 2603 2245 2647 creatu-

672 2701 789 2742 ram
825 2695 966 2748 erat,
1002 2696 1056 2740 et
1089 2686 1275 2740 habitu
1309 2686 1557 2740 inventus
1591 2695 1676 2740 est
1709 2694 1766 2738 ut
1811 2685 1992 2750 homo,
2021 2683 2110 2738 ille
2153 2683 2242 2751 qui

671 2777 728 2833 in
757 2777 927 2830 forma
959 2786 1079 2830 erat
1106 2787 1159 2831 et
1193 2776 1502 2845 aequalitate
1531 2773 1709 2828 Patris
1729 2774 1794 2827 ⁷³.
1826 2772 1938 2828 Cur
1963 2786 2092 2843 ergo
2121 2773 2247 2826 sim-

673 2867 958 2938 pliciorum
994 2864 1151 2936 134
1187 2867 1409 2918 auribus
1435 2865 1704 2918 mistionis
1739 2879 1932 2918 nomen
1956 2863 2246 2917 obtrudere

675 2955 924 3017 moliens,
976 2954 1294 3008 miraculum
1352 2953 1522 3007 violas
1581 2954 1723 3008 illius
1763 2969 1882 3007 cum
1919 2967 2081 3006 carne
2128 2954 2239 3007 dis-

677 3044 1050 3117 pensationis?
1093 3059 1267 3113 neque
1315 3045 1457 3098 enim
1502 3045 1690 3098 attinet
1723 3045 1916 3097 acet-be
1961 3052 2016 3096 et
2059 3058 2248 3112 aspere

674 3140 730 3194 in
782 3138 1014 3193 medium
1069 3137 1449 3206 irrumpentem
1525 3135 1727 3198 dicere,
1767 3132 1905 3187 Num
1939 3134 2110 3203 ipsum
2157 3133 2244 3188 Dei

678 3231 912 3286 Verbum
951 3229 1226 3283 detentum
1261 3227 1385 3280 est?
1432 3242 1556 3280 num
1601 3226 1800 3279 caedem
1833 3239 2084 3293 perpessa
2131 3225 2243 3293 ipsa

675 3319 974 3375 divinitatis
999 3317 1232 3372 natura?
1266 3316 1550 3370 Enimvero
1599 3330 1703 3368 non
1733 3331 1798 3367 ex
1831 3315 1996 3368 nimia
2033 3314 2246 3382 imperi-

678 3412 750 3467 tia
777 3422 826 3467 te
861 3413 974 3466 haec
1008 3411 1212 3475 dicere,
1238 3410 1364 3462 hinc
1388 3407 1584 3472 disces,
1648 3415 1702 3460 et
1725 3408 1940 3475 quidem
1971 3404 2242 3458 facillime.

676 3502 1088 3557 Consummatos
1117 3513 1236 3553 esse
1266 3499 1493 3552 dicimus
1525 3507 1741 3551 sanctos
1771 3508 2055 3567 martyres,
2093 3511 2248 3565 para-

681 3607 764 3651 tos
788 3595 967 3649 omnia
1011 3594 1187 3662 potius
1237 3592 1462 3660 perpeti,
1494 3601 1552 3645 ut
1589 3593 1788 3647 bonum
1819 3601 2091 3646 certamen
2128 3605 2246 3645 cer-

679 3696 888 3750 tantes,
935 3699 1148 3738 cursum
1204 3691 1679 3746 consummantes,
1739 3681 1898 3734 [idem
1941 3687 2245 3742 servantes,

679 3780 911 3834 debitam
964 3779 1186 3831 sincera:
1241 3777 1294 3830 in
1345 3775 1622 3829 Christum
1668 3774 1939 3828 dilectioni
1991 3788 2246 3828 coronam

679 3879 1138 3938 consequerentur
1166 3869 1231 3921 ".
1268 3867 1322 3920 Si
1352 3868 1472 3936 quis
1500 3868 1660 3935 igitur
1695 3867 1917 3935 prodeat
1955 3876 2008 3920 et
2046 3874 2198 3935 roget
2232 3881 2244 3916 :

679 3961 814 4016 Cum
862 3971 1170 4013 sanctorum
1230 3971 1454 4027 corpora
1510 3957 1651 4010 ferro
1705 3956 2101 4022 lacerabantur,
2159 3964 2250 4008 aut

678 4051 1136 4105 consumebantur
1171 4049 1299 4117 igni,
1332 4058 1427 4099 aut
1462 4062 1582 4099 cum
1621 4046 1852 4115 primum
1899 4047 2251 4100 trudebantur

680 4144 736 4197 in
756 4156 1053 4203 carcerem,
1099 4155 1222 4192 num
1262 4138 1420 4192 simul
1468 4153 1591 4191 cum
1633 4137 1948 4205 corporibus
1980 4137 2251 4190 constrin-

683 4234 948 4303 gebantur
1000 4230 1238 4284 animae?
1289 4245 1411 4282 num
1461 4231 1624 4282 etiam
1678 4228 1780 4282 illa
1831 4227 1939 4297 igni
1994 4242 2056 4282 ac
2108 4226 2252 4281 ferro

679 4322 1150 4378 conficiebantur?
1213 4334 1360 4376 certe
1412 4321 1644 4375 dicimus
1689 4334 1783 4375 eas
1840 4335 1871 4372 a
1933 4320 2252 4388 corporibus

682 4416 886 4470 alienas
931 4414 1120 4479 fuisse,
1172 4423 1294 4467 Cum
1341 4414 1474 4467 nihil
1522 4412 1786 4481 ejuStnodi
1847 4412 2161 4481 injuriarnnt
2199 4413 2251 4467 in

681 4525 834 4566 suam
866 4509 1203 4578 susciperent
1247 4505 1671 4560 naturam.Num
1707 4505 1887 4574 igitur,
1916 4520 2120 4572 qureso,
2154 4506 2253 4558 hac

2343 2051 2502 2122 ἔργον
2530 2047 2597 2121 ἦν
2621 2052 2682 2104 τὸ
2729 2055 3024 2121 κατασχεῖν
3054 2051 3235 2116 αὑτὸν,
3265 2052 3380 2105 ἀλλ’
3411 2053 3486 2117 ὡς
3532 2055 3590 2106 ὲν
3615 2056 3791 2126 καιρῷ
3824 2055 3924 2109 καὶ

2342 2142 2502 2212 χρείᾳ
2533 2143 2625 2195 τὸν
2658 2142 2798 2211 ὑπὲρ
2837 2141 2990 2212 ἡμῶν
3036 2141 3263 2196 θάνατον
3292 2144 3528 2196 ἐποιεῖτο
3557 2145 3920 2216 παραδεκτὸν,

2343 2233 2801 2302 πεπληροφόρηκε
2831 2233 3036 2300 λέγων’
3083 2252 3101 2285 ι
3162 2233 3250 2297 Ὠς
3297 2234 3390 2286 ἐπὶ
3432 2233 3631 2307 λῃστὴν
3665 2233 3923 2305 ἐξήλθετε

2347 2322 2485 2391 μετὰ
2518 2322 2800 2393 μαχαιρῶν
2845 2324 2939 2376 καὶ
2972 2322 3142 2386 ξύλων
3173 2322 3451 2378 συλλαϐεῖν
3484 2342 3549 2395 με
3571 2341 3585 2356 ⁶
3629 2325 3752 2378 καθ’
3782 2327 3927 2396 ὴμέ-

2347 2426 2444 2480 ραν
2475 2411 2532 2462 ὲν
2567 2411 2642 2480 τῷ
2671 2411 2800 2482 ίερῴ
2828 2411 3166 2484 ἐκαθεζόμην
3188 2413 3472 2480 διδάσκων,
3503 2416 3598 2469 καὶ
3625 2416 3724 2468 οὐκ
3753 2416 3927 2486 ἐκρα-

2342 2503 2542 2573 τήσατέ
2580 2520 2668 2572 με.
2722 2499 2892 2556 Τοῦτο
2928 2504 2985 2556 δὲ
3025 2504 3145 2558 ὅλον
3179 2506 3398 2574 γέγονεν
3431 2507 3516 2559 ῖνα
3557 2505 3926 2578 πληρωθῶσιν

2344 2596 2400 2646 αἱ
2443 2594 2656 2665 Γραφαὶ
2692 2595 2800 2648 τῶν
2852 2597 3161 2666 προφητῶν.
3199 2617 3217 2648 ι
3264 2598 3329 2650 Ὀ
3374 2598 3482 2666 γὰρ
3520 2598 3686 2650 πάλαι
3732 2599 3928 2668 προεί-

2348 2701 2480 2753 ρηκε
2517 2684 2604 2736 διὰ
2634 2687 2926 2756 προφητῶν
2958 2688 3148 2755 ἀγίων,
3183 2688 3342 2741 τοῦτο
3371 2688 3699 2759 πεπλήρωκε
3730 2689 3928 2752 καθεὶς

2345 2773 2533 2826 ἑαυτὸν
2583 2776 2662 2836 είς
2706 2776 2935 2829 κένωσιν
2982 2779 3012 2830 ό
3059 2778 3199 2848 ὑπὲρ
3235 2779 3414 2834 πᾶσαν
3447 2779 3544 2849 τὴν
3579 2777 3776 2844 κτίσιν,
3827 2780 3928 2832 καὶ

2349 2867 2588 2933 σχήματι
2640 2866 2881 2937 εὑρεθεὶς
2932 2869 3007 2932 ὡς
3057 2868 3360 2938 ἄνθρωπος,
3410 2873 3439 2923 ό
3475 2872 3531 2924 ὲν
3583 2874 3766 2942 μορφῇ
3829 2873 3930 2923 καὶ

2351 2953 2556 3022 ίσόῖητι
2617 2953 2710 3006 τοῦ
2752 2956 2982 3026 Πατρός.
3070 2957 3317 3011 Ἀνθότου
3377 2959 3441 3029 δὴ
3493 2955 3586 3012 οὖν
3638 2963 3759 3022 ταῖς
3811 2959 3928 3014 τῶν

2347 3044 2730 3115 ἁπλουστέρων
2755 3047 2966 3110 ἀκοαῖς,
2999 3049 3060 3100 τὸ
3093 3050 3190 3118 τῆς
3222 3051 3470 3121 κράσεως
3499 3051 3666 3121 ὄνομα
3694 3069 3931 3123 παρεισ-

2351 3134 2555 3202 κρίνειν
2612 3137 2942 3207 ἐπιχειρῶν,
3000 3139 3098 3207 τῆς
3158 3143 3292 3209 μετά
3347 3142 3546 3210 σαρκὸς
3613 3143 3934 3213 οἰκονομίας

2349 3226 2551 3286 ἀδικεῖς
2594 3227 2656 3278 τὸ
2697 3227 2914 3298 θαῦμα;
2955 3232 3012 3282 ού
3047 3233 3154 3301 γάρ
3185 3248 3265 3283 τοι
3316 3235 3581 3303 προσήκει
3617 3235 3828 3304 πικρῶς
3867 3253 3932 3288 τε

2351 3318 2446 3370 καὶ
2479 3319 2702 3388 ἀπηνῶς
2735 3320 2814 3381 εἰς
2859 3323 3021 3389 μέσον
3062 3325 3197 3374 ίέναι
3245 3324 3506 3390 λέγοντα·
3541 3320 3688 3395 Ἀρα
3731 3326 3760 3376 ό
3789 3325 3935 3390 Θεὸς

2348 3409 2517 3474 Λόγος
2548 3408 2845 3478 κατεσχέθη
2873 3428 2885 3474 ;
2920 3406 3029 3476 ἄρα
3059 3412 3158 3480 τὴν
3191 3413 3406 3484 σφαγὴν
3440 3413 3732 3484 ὑπέμεινεν
3761 3419 3795 3488 η
3823 3418 3936 3488 τῆς

2350 3497 2602 3566 θεότητος
2651 3499 2845 3566 φύσις;
2901 3501 3023 3552 Ὀτι
3082 3503 3181 3554 οὐκ
3235 3501 3344 3572 [ιον.
3380 3505 3500 3556 Ὅτι
3552 3504 3628 3575 δὲ]
3667 3506 3725 3572 ἐξ
3761 3508 3936 3578 ἀκρι-

2351 3586 2476 3650 ϐοῦς
2510 3587 2746 3656 ἀμαθίας
2781 3590 2846 3642 τά
2879 3591 3052 3643 τοιάδε
3093 3593 3218 3661 φὴς,
3256 3593 3502 3647 ἐντεῦθεν
3537 3597 3659 3666 εἴσῃ
3695 3614 3778 3650 τοι
3827 3601 3936 3654 καὶ

2354 3676 2497 3745 μάλα
2519 3677 2731 3747 ῥαδίως.
2767 3679 3157 3734 Τετελειῶσθαί
3190 3700 3368 3752 φαμεν
3397 3687 3522 3748 τοὺς
3551 3688 3743 3754 ἁγίους
3774 3688 3940 3760 μάρ-

2349 3784 2552 3838 τυρας,
2619 3770 2792 3823 πάντα
2845 3771 3035 3824 παθεῖν
3085 3774 3410 3844 ἑλομένους,
3467 3779 3553 3830 ἴνα
3605 3779 3694 3832 τὸν
3761 3783 3940 3835 καλὸν

2352 3859 2537 3927 ἀγῶνα
2582 3862 3002 3931 ἀγωνισάμενοι,
3052 3865 3142 3916 τὸν
3195 3867 3393 3935 δρόμον
3435 3869 3772 3933 τελέσαντες,
3827 3873 3941 3940 τὴν

2353 3953 2530 4003 πίστιν
2556 3956 2913 4023 τηρήσαντες,
2944 3956 3037 4009 τὸν
3066 3957 3166 4025 τῆς
3200 3960 3280 4022 είς
3318 3961 3549 4030 Χριστὸν
3570 3963 3938 4033 γνησιότητος

2351 4043 2720 4114 ἀναδήσωνται
2753 4046 3033 4116 στέφανον.
3070 4045 3194 4120 Ἆρ’
3227 4047 3319 4104 οὖν
3353 4051 3406 4104 εί
3433 4069 3515 4116 τις
3550 4053 3722 4123 ἔροιτο
3754 4073 3942 4126 προσγ

2358 4136 2451 4190 ιὼν
2477 4153 2492 4167 ·
2531 4139 2656 4191 Ὅτε
2704 4139 2772 4191 τά
2819 4140 2926 4192 τῶν
2973 4141 3145 4209 ἀγίων
3178 4143 3406 4213 σώματα
3440 4144 3639 4216 σιδήρῳ
3673 4149 3943 4212 κατεξαί-

2353 4241 2523 4292 νοντο,
2561 4229 2727 4298 ηγουν
2769 4230 3131 4301 δεδαπάνηντο
3163 4237 3314 4304 πυρὶ,
3358 4234 3390 4304 ἢ
3426 4237 3516 4288 καὶ
3554 4237 3633 4288 ὃτι
3671 4233 3782 4306 [τον.
3815 4238 3940 4310 ὅτε]

2353 4323 2451 4392 τὴν
2495 4323 2667 4392 ἀρχὴν
2717 4321 2991 4392 δεσμῶται
3033 4325 3338 4392 γεγόνασιν,
3386 4321 3495 4397 ἀρα
3544 4329 3655 4389 τοῖς
3707 4331 3942 4398 σώμασι

2357 4411 2860 4483 συγκατείρχθησαν
2889 4413 2945 4466 αῖ
2983 4413 3185 4483 ψυχαί,
3218 4412 3327 4485 ἆρα
3355 4417 3607 4484 γεγόνασι
3643 4421 3738 4471 καὶ
3768 4415 3943 4474 αὗται

2356 4504 2524 4574 πυρὸς
2553 4503 2711 4574 ἔργον
2744 4507 2837 4557 καὶ
2871 4505 3086 4572 ξίφουςς
3130 4508 3306 4560 καίτοι
3339 4509 3516 4578 φαμὲν
3547 4511 3716 4574 αύτάς
3749 4513 3943 4567 ἀπαλ-

683 4604 746 4656 de
773 4616 932 4656 causa
973 4611 1221 4666 expertes
1253 4609 1412 4650 erunt
1436 4609 1776 4657 coronarum,
1808 4596 1931 4661 quia
1961 4610 2245 4663 corporum

2355 4595 2641 4648 λάττεσθαι
2676 4597 2783 4648 τῶν
2816 4600 3102 4667 σωμάτων,
3127 4599 3236 4651 τῶν
3265 4600 3520 4654 τοιούτων
3550 4602 3742 4655 αίκιῶν
3775 4605 3944 4657 οὐδὲν

677 4695 941 4764 supplicia
974 4707 1080 4746 non
1118 4703 1245 4744 sunt
1271 4689 1582 4759 perpessas?
1613 4689 1773 4756 Atqui
1806 4688 2112 4756 praedicatio
2151 4700 2235 4740 ve-

685 4787 859 4842 ritatis
891 4801 994 4840 non
1033 4799 1130 4838 eas
1160 4783 1396 4836 excludit
1441 4796 1468 4834 a
1502 4781 1768 4849 passione,
1802 4795 1925 4834 cum
1971 4795 2062 4832 sua
2103 4781 2250 4848 ipso-

681 4895 800 4934 rum
838 4890 1060 4944 corpora
1095 4877 1205 4928 sint
1242 4888 1421 4940 passa,
1457 4887 1560 4926 non
1604 4871 1851 4925 aliorum.
1909 4870 2141 4923 Stultum
2169 4879 2255 4924 est

684 4966 846 5034 igitur
886 4962 1124 5015 studiose
1167 4959 1497 5028 percontari,
1537 4974 1662 5011 num
1715 4957 2016 5011 divinitatis
2062 4968 2251 5010 natura

687 5072 785 5109 sua
817 5069 937 5107 cum
976 5065 1138 5105 carne
1180 5051 1253 5103 sit
1293 5051 1510 5114 tradita,
1545 5057 1636 5101 aut
1671 5049 1845 5102 vincta
1888 5049 2112 5102 nexibus
2159 5046 2252 5101 Ju-

683 5151 944 5209 dzrorum,
993 5153 1086 5196 aut
1125 5147 1326 5196 cantem
1376 5141 1543 5210 ipsam
1591 5154 1892 5208 perpessa:
1929 5139 2023 5193 sed
2071 5140 2254 5208 pietati

686 5238 864 5305 potius
914 5240 1169 5290 convenit
1213 5235 1482 5303 cogitare,
1531 5232 1766 5287 Verbum
1825 5233 1997 5301 ipsum
2036 5233 2257 5285 omnino

686 5329 788 5384 sibi
816 5329 1031 5397 quidem
1086 5337 1338 5395 tanquam
1387 5325 1629 5394 pr0prias
1670 5323 1945 5376 vindicare
1980 5325 2256 5392 passiones

687 5435 808 5488 qua:
841 5420 988 5472 carni
1028 5419 1360 5481 acciderunt,
1391 5418 1484 5470 sed
1527 5414 1788 5469 mansisse
1833 5425 2011 5468 tamen
2055 5417 2255 5485 impas-

687 5512 841 5567 sibile
876 5521 1128 5578 tanquam
1167 5513 1353 5576 Deum,
1397 5520 1646 5563 caeterum
1688 5509 1826 5562 haud
1875 5510 1990 5562 sine
2021 5510 2257 5577 patiente

685 5617 934 5670 corpore.
966 5602 1062 5655 Hic
1096 5617 1221 5656 vero
1263 5602 1423 5655 rebus
1477 5611 1626 5652 tanta
1677 5614 1797 5652 cum
1853 5599 2255 5668 dispensatione

687 5693 874 5762 gestis,
931 5695 1281 5748 absurditatis
1348 5694 1551 5748 crimen
1609 5692 1870 5754 inurens,
1929 5699 1979 5742 ct
2036 5705 2253 5742 sursum

2351 4691 2430 4752 είς
2479 4689 2613 4742 ἰδίαν
2663 4688 3038 4759 ὑπομενούσας
3073 4691 3253 4758 φύσιν.
3303 4686 3428 4762 Ἆρ’
3473 4690 3586 4759 οὖν,
3641 4695 3762 4747 εἶπέ
3813 4713 3942 4764 μοι,

2352 4778 2556 4848 ταύτης
2604 4778 2765 4831 ἓνεκα
2811 4781 2908 4850 τῆς
2958 4781 3134 4843 αίτίας
3184 4780 3438 4850 ἀμέτοχοι
3486 4781 3594 4834 τῶν
3644 4784 3943 4851 σιθράνων

2354 4869 2462 4923 εἷεν
2512 4870 2596 4935 ἂν,
2628 4872 2710 4922 ὅτι
2760 4871 2832 4941 μὴ
2885 4873 3182 4927 πεπόνθασι
3225 4873 3291 4926 τὰ
3323 4873 3551 4944 σώματα
3581 4873 3689 4945 [ῐσ.
3736 4875 3941 4945 σώμαι

2354 4959 2498 5031 ttog];
2542 4960 2680 5012 Ἀλλ’
2707 4961 2736 5013 ὅ
2765 4975 2828 5028 γε
2854 4962 2951 5031 τῆς
2976 4961 3231 5030 ἀληθείας
3255 4963 3428 5030 λόγος,
3461 4964 3558 5016 οὐκ
3591 4964 3696 5030 ἔξω
3740 4965 3942 5034 τίθησι

2353 5050 2448 5102 τοῦ
2483 5049 2672 5102 παθεῖν
2720 5049 2914 5111 αὐτούς
2947 5049 3059 5122 [ισ.
3100 5051 3324 5122 αύτάς]’
3363 5052 3663 5105 πεπόνθασι
3693 5054 3802 5123 γάρ
3871 5056 3948 5109 τὰ

2356 5139 2557 5220 αὐτῶν,
2603 5141 2696 5192 καὶ
2744 5139 2804 5192 οὐ
2853 5140 2920 5192 τὰ
2969 5141 3169 5211 ἑτέρων
3203 5141 3470 5211 σωμάτων
3505 5139 3613 5213 [ιον.
3653 5141 3945 5217 adipata].

2370 5230 2602 5300 ’Δμαθὲς
2624 5226 2714 5284 οὖν
2744 5231 2850 5301 ἄρα
2880 5232 2940 5284 τὸ
2965 5231 3415 5286 διαπυνθάνεσθαι
3447 5233 3642 5301 φιλεῖν,
3675 5235 3724 5285 εἰ
3753 5251 3952 5305 παρα-

2358 5324 2564 5376 δέδοται
2621 5325 2760 5393 μετά
2805 5323 2905 5392 τῆς
2958 5325 3157 5395 σαρκὸς
3209 5326 3241 5395 ἡ
3299 5326 3397 5395 τῆς
3445 5325 3699 5396 θεότητος
3747 5327 3952 5396 φύσις,

2358 5417 2526 5487 ἤγουν
2556 5415 2812 5485 ἐνεσχέθη
2842 5419 2952 5480 τοῖς
2995 5416 3258 5470 Ἰουδαίων
3291 5416 3522 5488 βρόχοις,
3555 5419 3587 5489 ἢ
3623 5420 3719 5476 καὶ
3763 5421 3953 5490 αὐτὴν

2358 5507 2615 5576 ὑπέμεινε
2645 5507 2743 5576 τὴν
2783 5508 2999 5578 σφαγήν
3023 5524 3035 5536 ο
3090 5508 3308 5570 εὐσεϐὲς
3358 5509 3418 5562 δὲ
3456 5510 3656 5580 μᾶλλον
3708 5513 3950 5576 ἐννοεῖν,

2356 5602 2435 5653 ὅτι
2467 5602 2703 5669 πάντητε
2738 5603 2830 5654 καὶ
2864 5604 3078 5665 πάντως
3111 5604 3448 5657 οἰκειώσεται
3483 5607 3581 5674 μὲν
3609 5607 3635 5657 ό
3664 5607 3844 5674 Λόγος
3881 5613 3956 5662 τὰ.

2357 5696 2422 5761 τῇ
2481 5692 2584 5762 ἰδίᾳ
2650 5695 2808 5762 σαρκὶ
2866 5693 3245 5764 συμϐεϐηκότα
3301 5695 3484 5764 πάθη’
3543 5697 3827 5769 μεμένηκε
3894 5699 3960 5755 δὲ

765 5877 806 5906 ⁷⁸
835 5873 996 5930 Joan.
1025 5888 1176 5938 XVIII,
1204 5875 1314 5928 3-6.
1392 5875 1435 5907 τ’
1469 5874 1653 5930 Matth.
1691 5889 1837 5941 xxvi,
1861 5873 2050 5928 55-56.
2131 5873 2174 5904 ⁷³
2210 5871 2245 5926 Ρ

2355 5887 2440 5942 pp.
2480 5889 2540 5940 tt,
2574 5873 2688 5927 6.8.
2766 5876 2808 5906 ”
2838 5877 2876 5929 ll
2916 5875 3151 5931 Timoth.
3193 5891 3262 5943 tv,
3302 5876 3353 5947 7,
3397 5877 3449 5932 8.
