4106 6480
174 424 258 478 233
1204 420 1568 477 ADVERSUS
1607 419 1696 473 NE

1797 417 2007 476 DRIUM
2052 421 2181 474 [ΑΒ.
2222 422 2287 477 V.

3271 424 3380 481 23L

176 533 357 600 ἀπαθὴς
384 532 456 593 ὡς
500 531 654 597 Θεὸς,
689 532 826 602 πλὴν
852 533 949 585 οὐκ
990 532 1095 598 ἔξω
1138 532 1231 585 τοῦ
1261 533 1556 603 πάσχοντος
1597 531 1697 584 σώ-

1811 532 2060 586 deorsum
2096 532 2395 598 inculcans,
2430 548 2532 587 non
2566 548 2685 589 esse
2718 549 2747 586 a
2769 548 3033 603 quoquam
3066 536 3375 598 dicendum,

176 640 331 690 ματος.
365 622 530 685 Αὐτὸς
557 623 615 676 δὲ
645 624 716 677 τά
741 623 911 686 οὕτως
938 623 1292 694 οἰκονομικῶς
1340 622 1701 693 πεπραγμένα

172 715 263 772 τοῖς
304 712 394 779 τῆς
443 713 678 776 ἀτοπίας
733 714 1071 783 ἐγκλήμασιν
1115 713 1295 775 ἐνιεὶς,
1348 712 1460 765 ἀνω
1502 728 1561 764 τε
1612 712 1706 765 καὶ

170 802 295 854 κάτω
330 801 518 868 λέγων,
556 803 633 874 μὴ
673 803 738 873 δὴ
769 805 965 875 χρῆναι
998 802 1130 871 πρός
1154 819 1298 865 τινος
1326 802 1424 871 τὴν
1452 802 1551 871 τῆς
1577 801 1707 854 Θεό-

1813 622 2115 677 divinitatis
2169 631 2418 678 naturam
2465 638 2585 678 esse
2634 629 2834 681 caedem
2882 640 3212 696 perpessam,
3269 628 3376 683 vim

1810 712 1945 766 tanti
1994 712 2237 783 mysterii
2298 714 2351 768 in
2411 712 2681 769 hominem
2756 717 2982 772 seorsim
3044 731 3109 773 ac
3162 720 3378 789 proprie

1807 817 2016 857 summa
2047 819 2170 859 cum
2204 804 2479 875 impietate
2524 806 2749 877 redigit,
2785 809 3069 879 ipsumque
3094 810 3227 865 dicit
3256 825 3377 866 esse

170 907 301 958 τητος
331 890 482 957 φύσιν
518 892 812 961 ὑπομεῖναι
841 892 1094 961 λέγεσθαι
1131 892 1229 962 τὴν
1274 892 1504 961 σφαγὴν,
1556 908 1697 962 περι-

1808 892 2147 961 cruciﬁxum,
2180 904 2235 950 et
2254 895 2343 965 qui
2376 904 2603 951 mortem
2629 912 2725 966 pro
2756 899 2940 952 mundi
2992 900 3102 952 vita
3142 898 3375 968 pertule-

170 981 352 1050 ίστησιν
399 981 627 1045 ἀνοσίως
667 984 747 1046 είς
792 984 1076 1054 ἄνθρωπον
1128 982 1310 1045 ίδικῶς
1356 984 1448 1035 τοῦ
1504 999 1703 1052 μυστη-

1811 983 1900 1037 rit.
1929 984 2107 1040 Audio
2137 1001 2373 1056 namque
2407 987 2553 1041 illum
2594 1002 2779 1043 rursus
2810 988 2863 1042 in
2900 988 3004 1043 alia
3037 988 3375 1059 expositione

169 1070 263 1140 ρίου
292 1069 381 1138 τὴν
422 1070 656 1139 δὺναμιν
677 1088 690 1101 ·
723 1073 817 1125 καὶ
842 1073 1001 1125 αὑτὸν
1036 1068 1175 1124 εἷναί
1221 1088 1353 1141 φησι
1380 1071 1470 1123 τὸν
1514 1072 1708 1123 ἐσταυ-
1808 1072 2027 1129 dicere:

166 1162 396 1233 ρωμίνον,
424 1167 516 1218 καὶ
547 1168 642 1219 τὸν
679 1166 817 1237 ὑπὲρ
839 1167 939 1237 τῆς
980 1168 1073 1220 τοῦ
1102 1167 1310 1237 κόσμου
1346 1168 1493 1236 ζωῆς
1520 1164 1826 1218 ἀνατλάντα
1854 1165 2098 1224 θάνατον.
2146 1171 2352 1225 ’Δκούω
2388 1172 2495 1243 7&9
2533 1172 2801 1241 λέγοντος,
2837 1172 2894 1223 ἐν
2921 1172 3177 1243 ἐξηγήσει
3214 1170 3375 1225 πάλιν

164 1256 305 1309 ἑτέρα
319 1274 332 1288 ⁸

218 1275 237 1309 ε
319 1275 332 1288 .

218 1275 393 1423 [ἓῖτος
450 1355 478 1405 ό
523 1354 616 1406 τὸν
668 1354 955 1408 ἀκάνθινον
1000 1355 1355 1426 περιθέμενος
1403 1357 1701 1425 στέφανον·

160 1436 337 1505 οὖτοςό
361 1444 533 1512 λέγων
558 1463 570 1475 ·
617 1465 635 1495 ι
674 1444 776 1497 Θεὲ
814 1464 941 1514 μου,
966 1445 1068 1498 Θεέ
1102 1464 1225 1515 μου,
1274 1448 1359 1500 ἵνα
1406 1447 1456 1499 τί
1502 1464 1567 1515 με
1612 1449 1705 1513 ἐγ·

160 1534 444 1600 κατέλιπεςς
504 1553 524 1585 ι
590 1532 747 1599 οὗτος
809 1539 837 1589 ό
892 1538 1190 1607 τριήμερον
1263 1538 1519 1605 τελευτὴν
1575 1537 1705 1589 ὐπο-

160 1624 360 1696 μείνας.]

724 1762 972 1815 ΚΕΦᾹΛ.
1024 1762 1100 1817 E'.

1876 1350 2114 1409 Nssron.
2142 1352 2266 1425 [Hic
2296 1354 2417 1421 ille,
2444 1354 2527 1409 cui
2558 1355 2742 1424 spinea
2769 1368 2967 1409 corona
2995 1351 3371 1421 circumposita

1808 1443 1929 1505 fuit,
1966 1444 2053 1498 hic
2083 1444 2170 1498 ille
2210 1446 2300 1514 qui
2346 1445 2520 1499 dixit:
2562 1464 2579 1496 ι
2632 1446 2770 1500 Deus
2805 1460 2993 1507 meus,
3026 1443 3166 1498 Deus
3199 1457 3371 1502 meus.

1807 1542 1869 1585 ut
1903 1534 2028 1602 quid
2058 1550 2142 1588 me
2170 1534 2500 1603 dereliquisti
2520 1536 2541 1588 ?
2561 1537 2639 1586 ⁷⁸»
2676 1538 2763 1591 hic
2792 1536 2882 1591 ille
2900 1536 2992 1605 qui
3026 1541 3253 1589 mortem
3282 1532 3376 1585 tri-

1808 1628 2045 1677 duanam
2072 1623 2370 1697 sustinuit.]

2459 1756 2610 1811 CAP.
2656 1759 2722 1813 V.

220 1886 500 1957 Ἐπόμενος
560 1893 663 1961 μὲν
715 1888 807 1946 οὖν
858 1894 1020 1957 αὐτὸς
1068 1895 1147 1963 τῷ
1201 1895 1315 1965 ἰδίῳ
1365 1899 1584 1965 σκοπῷ,
1634 1902 1697 1953 τά

1874 1884 1992 1954 ipse
2018 1889 2230 1956 quidem
2273 1905 2425 1944 suum
2465 1900 2680 1945 secutus
2712 1892 3041 1960 propositum
3071 1892 3184 1947 hac
3208 1891 3371 1956 dicit;

152 1978 300 2030 τοιάδε
357 1982 557 2047 φησίν·
626 1984 786 2051 ἡμεῖς
835 1983 890 2034 δὲ
942 1982 1090 2051 αὑτῷ
1139 1984 1444 2055 σοφώτερόν
1494 2004 1550 2038 τε
1610 1992 1701 2041 καὶ

153 2066 479 2137 ἀληθέστερον
552 2070 894 2141 ἐπιδείξομεν
964 2072 1060 2124 τὸν
1153 2075 1534 2148 Ἐμμανουήλ,
1611 2082 1702 2131 τὸν

152 2154 227 2207 τοῦ
270 2157 463 2225 κόσμου
513 2159 720 2223 παντὸς
770 2162 989 2231 σωτῆρα
1029 2163 1120 2216 καὶ
1155 2164 1455 2236 λυτρωτὴν.
1503 2168 1698 2236 Γέγονε

154 2246 261 2315 7&9,
278 2248 347 2309 ὡς
368 2249 465 2317 ἤδη
492 2250 815 2313 πλειστάκις
844 2254 1087 2322 εἴπομεν,
1112 2254 1247 2325 σὰρξ
1275 2258 1302 2307 ό
1330 2258 1522 2323 Λόγος,
1543 2259 1701 2328 σῶμα

154 2331 407 2406 Italiam:
470 2339 879 2407 ποιησάμενος,
927 2340 988 2392 τὸ
1036 2340 1261 2409 πάσχειν
1316 2343 1475 2406 είδὸς,
1512 2346 1697 2405 αίκίας

153 2439 198 2473 τε
222 2428 305 2477 καὶ
334 2426 583 2491 θάνατον,
618 2427 848 2481 δέδωκεν
880 2430 1017 2500 ὑπὲρ
1047 2431 1202 2498 ἡμῶν
1223 2431 1375 2495 αὐτὸ,
1412 2433 1523 2496 καὶ,
1554 2433 1697 2485 καθά

155 2532 294 2586 φησιν
320 2518 347 2568 ό
375 2517 663 2582 Θεσπέσιος
688 2519 919 2582 Παῦλος,
955 2521 1213 2589 ὑπέμεινε
1244 2521 1477 2590 σταυρὸν
1509 2522 1697 2591 αἰσχύ-

155 2622 232 2673 νης
263 2610 701 2679 καταφρονήσας.
730 2610 799 2660 Ἦ
832 2609 940 2677 γάρ
973 2609 1072 2662 οὐκ
1110 2609 1362 2680 αίσχύνη,
1396 2614 1491 2664 καὶ
1534 2614 1695 2665 οἱονεί

153 2710 219 2757 τις
247 2697 471 2768 ἐντροπὴ
504 2698 586 2766 τῷ
620 2698 913 2751 πανσθενεῖ
939 2702 1033 2753 καὶ
1067 2699 1349 2771 ζωοποιῷ,
1382 2705 1476 2756 καὶ
1509 2704 1696 2757 παθῶν

156 2787 377 2841 ἐπέκεινα
411 2790 635 2859 λαχόντι
657 2788 754 2858 τὴν
786 2790 965 2857 φύσιν,
990 2792 1051 2845 τὸ
1078 2793 1135 2858 ἐξ
1168 2794 1515 2865 ἀνθρωπίνης
1537 2796 1695 2849 ἀσθε·

154 2878 277 2941 νείας
303 2880 688 2949 σταυρωθῆναι
728 2881 923 2945 δοκεῖν,
958 2885 1053 2936 καὶ
1096 2886 1153 2936 ἐν
1193 2885 1409 2953 θανάτῳ
1440 2887 1693 2953 γενέσθαι

155 2969 271 3020 κατά
310 2970 402 3038 τὴν
436 2971 650 3040 σάρκας
706 2973 816 3024 Καὶ
867 2973 996 3040 γοῦν
1037 2974 1065 3024 ὁ
1099 2975 1259 3037 αὐτός
1293 2976 1394 3027 πού
1431 2994 1563 3045 φησι
1604 2978 1691 3030 διὰ

154 3060 309 3128 φωνῆς
344 3061 569 3115 Ἡσαΐου
590 3080 603 3092 ·
647 3082 662 3109 ι
698 3063 801 3115 Τὸν
832 3064 997 3115 νῶτόν
1028 3080 1131 3132 μου
1160 3064 1367 3118 δέδωκα
1398 3069 1476 3129 είς
1500 3068 1692 3136 μάστι-

153 3148 387 3211 γας,τάς
432 3150 489 3202 δὲ
545 3150 806 3215 σιαγόνας
855 3168 955 3219 μου
997 3153 1076 3211 είς
1131 3154 1479 3222 ῥαπίσματαο
1532 3155 1593 3206 τὸ
1644 3156 1693 3207 δέ

1803 1985 1859 2028 at
1931 1992 2027 2031 nos
2089 1978 2162 2032 illi
2227 1980 2527 2047 sapientius
2588 1996 2651 2034 ac
2722 1982 2902 2035 verius
2967 1981 3373 2037 Emmanuelem

1803 2070 2168 2133 ostendemus,
2204 2070 2385 2123 mundi
2417 2071 2580 2124 totius
2608 2070 2930 2126 salvatorem
2971 2087 3033 2127 ac
3067 2073 3372 2143 redempto-

1806 2174 1940 2214 rem.
1972 2159 2207 2214 Verbum
2255 2160 2412 2230 135
2452 2162 2631 2224 enim,
2681 2170 2739 2215 ut
2778 2161 2891 2229 jam
2936 2177 3077 2231 sape
3113 2163 3369 2228 diximus,

1803 2262 1930 2302 caro
1969 2248 2168 2302 factum
2199 2260 2301 2313 est,
2336 2265 2569 2318 cumque
2621 2265 2819 2320 corpus
2849 2254 3125 2323 proprium
3158 2252 3371 2309 effecis-

1803 2347 1883 2392 set
1914 2338 2055 2406 quod
2087 2349 2269 2407 posset
2299 2338 2525 2408 injurias
2560 2355 2622 2393 ac
2660 2350 2889 2395 mortem
2934 2344 3064 2410 pati,
3110 2342 3238 2397 illud
3272 2358 3371 2414 pro

1802 2428 1957 2481 nobis
1986 2428 2153 2493 dedit,
2182 2438 2259 2496 et,
2286 2438 2343 2483 ut
2370 2430 2443 2482 ait
2466 2430 2655 2484 beatus
2688 2428 2906 2497 Paulus,
2941 2446 3157 2488 crucem
3203 2436 3369 2489 susti-

1802 2516 1919 2569 nuit
1952 2516 2265 2571 confusione
2293 2527 2596 2588 coutempta
2618 2520 2683 2573 ⁷⁸.
2712 2519 2848 2585 Quid
2872 2521 3014 2574 enim
3035 2523 3058 2574 ?
3079 2538 3186 2577 non
3210 2524 3371 2578 dede-

1800 2621 1894 2661 cus
1924 2616 2027 2670 est,
2061 2616 2117 2662 et
2147 2609 2388 2677 quaedam
2424 2624 2591 2679 prope
2621 2610 2869 2665 confusio
2901 2612 2978 2666 illi
3014 2614 3367 2682 omnipotenti

1798 2708 1853 2751 et
1881 2697 2193 2762 viviﬁcanti,
2229 2706 2285 2751 et
2322 2707 2569 2752 naturam
2617 2700 2840 2753 habenti
2874 2711 3132 2756 remotam
3175 2718 3205 2755 a
3247 2718 3371 2772 pas-

1798 2790 2061 2853 sionibus,
2103 2804 2166 2842 ex
2198 2789 2431 2841 humana
2468 2788 2783 2844 inﬁrmitate
2818 2792 2992 2859 putari
3028 2791 3367 2851 crucifixum.

1797 2888 1851 2932 et
1899 2889 2125 2932 mortem
2166 2881 2463 2933 secundum
2511 2896 2725 2936 carnem
2786 2884 3140 2952 perpessum?
3185 2882 3370 2954 itaque

1798 2970 1909 3037 ipse
1936 2969 2092 3038 plane
2120 2968 2246 3023 dicit
2274 2984 2370 3038 per
2413 2985 2594 3025 vocem
2630 2972 2783 3027 Isaia:
2811 2988 2824 3023 :
2867 2991 2886 3023 ι
2920 2973 3146 3027 Dorsum
3187 2988 3366 3027 meum

1799 3059 1917 3111 dedi
1951 3059 2002 3111 in
2028 3056 2263 3126 ﬂagella,
2294 3066 2345 3111 et
2367 3059 2616 3113 maxillas
2652 3074 2800 3113 meas
2827 3058 2893 3112 ad
2918 3058 3099 3127 alapas
3129 3076 3140 3112 :
3172 3058 3365 3113 faciem

1799 3158 1975 3201 autem
2001 3161 2175 3200 meam
2206 3161 2311 3199 non
2342 3147 2510 3201 averti
2535 3163 2564 3201 a
2594 3147 2905 3203 confusione
2933 3157 3212 3217 sputorum
3238 3146 3308 3200 ".
3341 3165 3360 3197 ι

153 3237 407 3305 πρόσωπόν
442 3256 545 3306 μου
596 3239 697 3290 οὐκ
746 3242 1077 3309 άπέστρεψα
1122 3242 1227 3293 ἀπὸ
1278 3244 1537 3312 αἰσχύνης
1592 3247 1687 3312 ὲμς-

1799 3239 1863 3291 Et
1892 3239 2082 3292 iterum
2112 3252 2124 3287 :
2164 3255 2184 3287 ι
2225 3237 2347 3291 Ideo
2381 3254 2484 3292 non
2518 3254 2634 3293 sum
2665 3239 2954 3303 confusus,
2986 3240 3077 3294 sed
3105 3240 3255 3309 posui
3287 3240 3364 3293 fa-

153 3328 470 3396 πτυσμάτων.
502 3348 518 3378 ι
545 3329 655 3381 Καὶ
682 3328 859 3381 πάλιν·
894 3350 910 3381 ι
937 3333 1032 3383 Διὰ
1060 3331 1211 3385 τοῦτο
1238 3334 1336 3385 οὐκ
1366 3334 1689 3402 ἐνετράπην,

153 3414 243 3464 ἀλλ’
284 3415 446 3483 ἔθηκα
497 3417 561 3468 τὸ
606 3418 900 3487 πρόσωπόν
957 3436 1057 3486 μου
1091 3419 1165 3481 ὡς
1200 3420 1425 3488 στερεὰν
1460 3422 1688 3491 πέτραν,

154 3504 227 3554 καὶ
267 3505 426 3572 ἔγνων
469 3507 553 3559 ὅτι
598 3509 659 3560 οὐ
710 3509 785 3579 μὴ
832 3509 1208 3577 καταισχυνθῶ
1233 3550 1247 3573 ,
1302 3512 1381 3564 ὅτι
1420 3512 1627 3579 ἐγγίζει
1664 3516 1692 3565 ὁ

152 3594 413 3661 δικαιώσας
470 3617 558 3669 με.
602 3618 620 3650 ι
658 3600 822 3651 Ὅσον
870 3602 969 3669 μὲν
1014 3602 1119 3669 γὰρ
1168 3596 1303 3672 ἧκεν
1360 3604 1439 3665 εἴς
1486 3620 1548 3669 γε
1595 3604 1691 3666 τὰς

162 3683 414 3757 Ἑλλήνων,
441 3692 532 3742 καὶ
558 3690 746 3759 μέντοι
785 3691 873 3742 καὶ
910 3692 1178 3742 Ἰουδαίων
1210 3692 1431 3755 ἀνοσίας
1469 3694 1687 3761 ἀγέλας,

156 3779 411 3831 εκάνδαλόν
435 3798 491 3832 τε
516 3780 653 3850 ὁμοῦ
693 3782 783 3833 καὶ
818 3780 995 3851 μωρία
1029 3782 1337 3851 νενόμισται
1367 3783 1428 3835 τὸ
1453 3784 1690 3854 Χριστοῦ

155 3871 418 3939 μυστήριον
440 3888 451 3899 ·
489 3871 889 3941 καταμειδιῶσι
913 3872 1022 3942 7&9
1049 3872 1097 3923 oi
1124 3872 1352 3935 τάλανες
1379 3871 1474 3925 τοῦ
1508 3874 1689 3943 τιμίου

154 3964 383 4031 σταυροῦ’
431 3964 706 4032 ἐκϐέϐηκε
752 3964 807 4016 δὲ
852 3963 951 4032 τῆς
995 3964 1258 4033 δοκούσης
1297 3965 1480 4027 αὐτοῖς
1529 3967 1689 4018 ἀσθε-

152 4051 267 4113 vah;
308 4055 368 4104 τὸ
402 4055 586 4124 πέρας
620 4058 699 4117 είς
744 4056 993 4117 εὐκλείας
1044 4054 1272 4122 δύναμιν
1327 4055 1425 4125 τῆς
1475 4056 1690 4125 ἀληθῶς

152 4138 617 4215 θεοπρεπεστάτης.
651 4145 1087 4216 Μεμαρτύρηται
1125 4147 1232 4216 7&9
1269 4146 1356 4199 διὰ
1387 4147 1485 4215 τῆς
1511 4150 1573 4199 ἐκ
1602 4166 1688 4201 νε-

152 4237 268 4303 κρῶν
309 4239 663 4302 ἀναστάσεως
690 4280 705 4304 ,
738 4242 820 4291 ὅτι
850 4257 907 4292 τε
948 4242 1031 4309 εἴη
1064 4240 1217 4303 Θεὸς,
1260 4242 1351 4293 καὶ
1380 4240 1513 4292 Θεοῦ
1548 4242 1688 4293 κατά

152 4326 368 4393 ἀλήθειαν
412 4332 583 4389 Υἱὸς,
633 4331 707 4392 ὡς
758 4330 988 4383 θανάτου
1039 4332 1300 4398 κρείττων
1336 4332 1427 4385 καὶ
1462 4332 1685 4403 φθορᾶς,

151 4419 222 4467 καὶ
262 4420 384 4485 ὁμοῦ
416 4421 497 4490 τῷ
550 4421 904 4489 Γεγεννηκότι
935 4424 1321 4490 προσκυνεῖται
1365 4424 1514 4491 παρά
1554 4423 1688 4473 πάν-

152 4523 248 4558 των.
279 4512 467 4563 Ἀκουε
527 4511 579 4561 δὲ
633 4512 1055 4580 διακεκραγότος
1088 4515 1219 4580 ἡμῖν
1270 4512 1400 4564 αὐτὸ
1435 4512 1497 4581 δὴ
1529 4511 1684 4563 τοῦτο

152 4601 435 4673 Γράμματος
467 4606 618 4676 ἱεροῦ
639 4623 652 4637 ·
698 4626 717 4659 ι
748 4607 900 4661 Οὖτω
932 4607 1079 4673 λέγει
1121 4605 1352 4677 Κύριος’
1392 4608 1683 4673 ’Λγιάσατε

150 4694 217 4743 τὸν
243 4697 558 4762 φαυλίζοντα
584 4699 682 4767 τὴν
708 4698 885 4766 ψυχὴν
918 4696 1103 4758 αὑτοῦ,
1141 4696 1231 4748 τὸν
1264 4696 1683 4765 βδελυσσόμενον

151 4783 231 4835 ὑπὸ
271 4788 370 4839 τῶν
417 4786 616 4850 ἐθνῶν,
668 4787 775 4838 τῶν
813 4786 1035 4851 δούλων,
1071 4786 1180 4837 τῶν
1224 4786 1496 4855 ἀρχόντων
1548 4788 1681 4855 (57).

151 4874 354 4942 Βασιλεῖς
379 4880 609 4949 ἀψονται
647 4878 827 4941 αὑτὸν,
865 4878 959 4930 καὶ
1002 4878 1394 4947 ἀναστήσονται
1427 4877 1687 4946 ἄρχοντες

151 4971 224 5020 καὶ
261 4973 723 5042 προσκυνήσουσιν
768 4968 935 5037 αὐτῷ.
984 4988 1001 5019 ι
1062 4968 1444 5036 ὐμολογείτε,
1496 4968 1681 5037 φησιν,

152 5058 272 5124 ἅγιον
307 5058 439 5116 εἶναι
474 5062 619 5113 κατά
657 5060 817 5127 φύσιν
844 5060 920 5121 ὡς
960 5058 1122 5111 Θεόν·
1163 5059 1253 5109 τὸν
1287 5058 1385 5127 τὴν
1424 5057 1555 5109 ίδίαν
1581 5058 1682 5125 ψυ-

152 5152 229 5219 χὴν
256 5154 660 5221 ἐκσαυλίζοντα,
711 5151 977 5215 τουτέστι,
1028 5150 1118 5202 τὸν
1151 5151 1246 5218 τῆς
1279 5149 1473 5203 ἑαυτοῦ
1514 5168 1683 5202 κατα-

154 5248 454 5312 φρονήσαντα
507 5245 705 5313 ψυχῆς.
754 5242 974 5295 Τέθεικε
1022 5242 1128 5311 γὰρ
1170 5241 1336 5309 αὐτὴν
1385 5242 1523 5310 ὑπὲρ
1571 5242 1677 5292 τῶν

216 5398 254 5428 ’⁸
282 5401 462 5455 Matth.
495 5418 659 5460 xxvrt.
692 5399 781 5452 46.

859 5400 903 5427 τ’
946 5396 1107 5451 llebr.
1144 5413 1239 5455 xu.
1274 5397 1326 5449 Ξ.
1405 5398 1448 5429 ⁷⁷
1476 5397 1575 5449 isa.
1610 5412 1681 5459 ιι,
1716 5396 1766 5448 6.
1846 5396 1889 5425 ⁷⁸
1923 5397 2050 5451 ἰδὶἀ-
2088 5397 2194 5449 7-8-

1796 3330 1932 3381 ciem
1965 3344 2135 3381 meam
2170 3338 2226 3379 ut
2257 3330 2443 3381 duram
2489 3339 2719 3396 petram,
2744 3339 2799 3384 et
2827 3330 3049 3399 cognovi
3081 3331 3222 3399 quod
3258 3344 3364 3384 non

1796 3422 2115 3487 coniundar,
2170 3422 2293 3491 quia
2341 3436 2505 3491 prope
2557 3432 2640 3477 est
2682 3422 2771 3493 qui
2811 3421 3069 3490 justillcat
3118 3424 3285 3478 me".
3340 3442 3359 3473 ι

1796 3514 1926 3567 Nam
1952 3516 2092 3582 quod
2129 3517 2322 3567 attinet
2353 3515 2419 3566 ad
2455 3515 2732 3582 gentilium
2769 3515 3120 3583 atque‘etiam
3153 3513 3365 3569 Judaeo-

1800 3622 1913 3659 rum
1967 3606 2183 3674 impiam
2229 3606 2461 3669 turbam,
2497 3607 2809 3661 scandalum
2849 3608 3007 3661 simul
3052 3616 3105 3662 et
3138 3608 3363 3661 stultitia

1794 3695 2160 3748 existimatum
2195 3706 2277 3749 est
2304 3695 2508 3750 Christi
2544 3699 2882 3765 mysterium.
2928 3695 3182 3751 Derident
3208 3712 3361 3750 nam-

1795 3798 1899 3851 que
1934 3783 2114 3837 miseri
2144 3785 2503 3837 venerandam
2542 3800 2796 3849 crucem;
2838 3785 2929 3838 sed
2970 3784 3085 3853 ejus
3129 3783 3358 3838 inﬁrmi-

1794 3875 1948 3941 tatis,
1986 3886 2042 3927 ut
2077 3876 2177 3943 ipsi
2213 3875 2523 3942 opinantur,
2562 3875 2682 3927 finis
2720 3876 2893 3929 evasit
2938 3878 3002 3929 ad
3039 3877 3361 3946 magnitudi-

1795 3983 1914 4021 nem
1942 3967 2125 4036 gloriae
2154 3982 2340 4021 revera
2390 3968 2604 4021 divina).
2656 3964 2789 4020 Nam
2828 3968 3233 4035 comprobatum
3277 3977 3364 4022 est

1794 4074 1889 4128 per
1918 4060 2377 4114 resurrectionem
2402 4072 2465 4111 ex
2499 4060 2725 4113 mortuis
2751 4069 2803 4112 et
2840 4058 2987 4111 illum
3022 4073 3138 4113 esse
3171 4057 3359 4121 Deum,

1791 4160 1845 4205 et
1870 4150 1961 4204 Dei
1992 4163 2178 4203 revera
2206 4148 2427 4212 Filium,
2458 4158 2516 4202 ttt
2546 4150 2637 4216 qui
2678 4150 2863 4202 mortis
2893 4149 3362 4218 corruptionisqnc

1792 4240 1962 4293 victor
1996 4238 2177 4303 fuerit,
2208 4250 2262 4293 et
2304 4239 2460 4292 simul
2490 4254 2622 4292 'cum
2664 4237 2821 4293 Patre
2860 4239 2927 4291 ab
2958 4239 3205 4293 omnibus
3266 4240 3359 4292 ad-

1790 4340 1993 4385 oretur.
2036 4331 2175 4383 Andi
2201 4340 2377 4383 autem
2398 4344 2581 4383 sacras
2615 4328 2845 4382 Litteras
2871 4330 2972 4383 hoc
3000 4330 3170 4396 ipsum
3207 4332 3361 4385 nobis

1790 4422 2183 4491 proclamantes
2220 4438 2231 4473 :
2274 4438 2291 4471 ι
2321 4422 2409 4475 Sic
2451 4421 2581 4474 dicit
2644 4419 2899 4474 Dominus
2948 4438 2959 4473 :
3015 4419 3361 4475 Sanctiﬁcatc

1792 4514 2171 4582 deSpicientem
2210 4513 2442 4565 animam
2499 4526 2671 4574 suam,
2725 4519 3062 4564 exsecratum
3114 4525 3141 4562 a
3187 4511 3358 4579 genti-

1794 4608 1911 4671 bus,
1970 4608 2163 4669 servis,
2221 4603 2573 4673 principibus.
2624 4601 2796 4669 Reges
2824 4600 3078 4654 videbunt
3125 4614 3270 4663 eum,
3305 4610 3362 4653 et

1794 4698 2124 4763 consurgent
2149 4694 2439 4763 principes,
2466 4702 2520 4746 et
2546 4692 2843 4745 adorabunt
2868 4706 2989 4744 eum
3013 4691 3076 4743 "’.
3122 4709 3139 4740 ι
3178 4689 3359 4752 Conﬁ-

1795 4784 2000 4848 temini,
2046 4786 2242 4852 inquit,
2292 4793 2538 4837 sanctum
2579 4795 2699 4835 esse
2742 4781 2886 4833 illum
2930 4789 3114 4849 utpote
3147 4780 3354 4834 Deum:

1794 4876 1942 4929 illum
1979 4875 2067 4945 qui
2102 4891 2252 4929 suam
2288 4874 2521 4927 animam
2550 4874 2796 4940 despicit,
2835 4872 2932 4925 hoc
2958 4882 3061 4935 est,
3087 4872 3174 4939 qui
3204 4888 3355 4926 suam

1790 4968 2021 5020 animam
2051 4966 2365 5020 contemnit.
2408 4965 2539 5018 Nam
2593 4964 2734 5017 illam
2788 4978 2884 5033 pro
2922 4963 3110 5016 ovibus
3158 4965 3355 5031 posuit,

1790 5071 1843 5114 ut
1879 5068 2065 5128 pastor
2104 5059 2277 5113 bonus
2306 5059 2349 5088 '°
2381 5076 2392 5111 :
2433 5070 2589 5125 quem
2643 5066 2935 5110 exsecrata:
2974 5056 3188 5124 quidem
3233 5066 3357 5109 sunt

1789 5160 1995 5218 gentes,
2044 5157 2098 5201 et
2142 5148 2370 5203 serviet
2422 5148 2650 5200 ministri
2693 5146 2859 5214 alapis
2907 5146 3351 5205 dehonestarunt,

1789 5257 1909 5293 cum
1942 5240 2337 5295 Pharismorttm
2377 5239 2528 5293 turba
2560 5239 2632 5292 illi
2669 5239 2829 5308 impie
2870 5237 3169 5292 insultaret.
3202 5236 3350 5291 Hunc

2286 5399 2329 5428 "
2362 5398 2461 5449 lsa.
2499 5413 2643 5461 χιιι,
2678 5395 2727 5449 7.
2815 5396 2859 5425 "
2889 5395 3119 5458 Joan.x,
3154 5397 3240 5450 ii.

1365 5550 1521 5607 ANT.
1566 5547 1834 5603 AGELLII
1878 5547 2107 5603 ΝΟΤΑΞ.

212 5717 299 5783 (37)
330 5718 616 5774 Peculiaris
655 5726 737 5771 est
770 5717 884 5769 haec
930 5715 1087 5768 lectio
1116 5711 1340 5784 Cyrilln,
1373 5724 1494 5784 cum
1539 5705 1673 5784 [:X_X

161 5776 365 5846 iubeant.
406 5803 454 5841 ul
486 5790 595 5842 fere
629 5789 681 5840 in
733 5800 918 5838 eorum
952 5786 1107 5837 codd.
1158 5776 1370 5851 legitur,
1424 5778 1512 5830 τὸν
1552 5776 1675 5826 δοῦ-

422 5883 693 5942 Ριτηοι..
736 5879 852 5937 Gn.
902 5878 1169 5940 LXXVI.

1792 5704 1879 5755 λον
1914 5704 2018 5756 τῶν
2052 5704 2347 5774 ἀρχόντων,
2393 5724 2590 5761 sort-um
2632 5709 2978 5771 dominorum,
3013 5716 3071 5760 ut
3108 5706 3269 5761 etiam
3300 5702 3358 5761 in

1796 5774 2030 5827 "t'iil'il'iS
2062 5775 2273 5841 legitur.

2970 5868 3002 5923 8
