  <div class='ocr_page' id='page_1' title='image "/cluster/home/n/w/nwhite01/storage/ocr_20150623/76/uva.x030486937/127.png"; bbox 0 0 4104 6490; ppageno 0'>
   <div class='ocr_carea' id='block_1_1' title="bbox 703 415 806 470">
    <p class='ocr_par' dir='ltr' id='par_1_1' title="bbox 703 415 806 470">
     <span class='ocr_line' id='line_1_1' title="bbox 703 415 806 470; baseline -0.019 0"><span class='ocrx_word' id='word_1_1' title='bbox 703 415 806 470; x_wconf 74' lang='lat'><strong>9.55</strong></span> 
     </span>
    </p>
   </div>
   <div class='ocr_carea' id='block_1_2' title="bbox 1727 394 2964 457">
    <p class='ocr_par' dir='ltr' id='par_1_2' title="bbox 1727 394 2964 457">
     <span class='ocr_line' id='line_1_2' title="bbox 1727 394 2964 457; baseline -0.006 -1"><span class='ocrx_word' id='word_1_2' title='bbox 1727 404 1782 456; x_wconf 86' lang='lat' dir='ltr'><strong>S.</strong></span> <span class='ocrx_word' id='word_1_3' title='bbox 1823 409 1863 457; x_wconf 60' lang='grc' dir='ltr'>(ι</span> <span class='ocrx_word' id='word_1_4' title='bbox 1888 399 2100 456; x_wconf 66' lang='grc' dir='ltr'>ιιιιιιι</span> <span class='ocrx_word' id='word_1_5' title='bbox 2138 395 2608 453; x_wconf 78' lang='lat' dir='ltr'><strong>ALEXANDRINI</strong></span> <span class='ocrx_word' id='word_1_6' title='bbox 2645 394 2964 453; x_wconf 75' lang='lat' dir='ltr'><strong>ARCIIIEP.</strong></span> 
     </span>
    </p>
   </div>
   <div class='ocr_carea' id='block_1_3' title="bbox 3857 386 3969 443">
    <p class='ocr_par' dir='ltr' id='par_1_3' title="bbox 3857 386 3969 443">
     <span class='ocr_line' id='line_1_3' title="bbox 3857 386 3969 443; baseline 0 -2"><span class='ocrx_word' id='word_1_7' title='bbox 3857 386 3969 443; x_wconf 75' lang='lat'><strong>236</strong></span> 
     </span>
    </p>
   </div>
   <div class='ocr_carea' id='block_1_4' title="bbox 706 508 2289 594">
    <p class='ocr_par' dir='ltr' id='par_1_4' title="bbox 706 517 2276 594">
     <span class='ocr_line' id='line_1_4' title="bbox 706 517 2276 594; baseline -0.005 -14"><span class='ocrx_word' id='word_1_8' title='bbox 706 527 960 581; x_wconf 86' lang='lat' dir='ltr'><strong>videbunt</strong></span> <span class='ocrx_word' id='word_1_9' title='bbox 1015 539 1170 594; x_wconf 88' lang='lat' dir='ltr'><strong>reges</strong></span> <span class='ocrx_word' id='word_1_10' title='bbox 1229 532 1282 577; x_wconf 87' lang='lat' dir='ltr'><strong>et</strong></span> <span class='ocrx_word' id='word_1_11' title='bbox 1339 526 1713 588; x_wconf 76' lang='lat' dir='ltr'><strong>consurgent:</strong></span> <span class='ocrx_word' id='word_1_12' title='bbox 1763 519 1925 575; x_wconf 43' lang='lat' dir='ltr'><strong>hunc‘</strong></span> <span class='ocrx_word' id='word_1_13' title='bbox 1975 517 2276 574; x_wconf 84' lang='lat' dir='ltr'><strong>adorabunt</strong></span> 
     </span>
    </p>
   </div>
   <div class='ocr_carea' id='block_1_5' title="bbox 2394 508 3968 594">
    <p class='ocr_par' dir='ltr' id='par_1_5' title="bbox 2394 508 3968 590">
     <span class='ocr_line' id='line_1_5' title="bbox 2394 508 3968 590; baseline -0.009 -18"><span class='ocrx_word' id='word_1_14' title='bbox 2394 518 2690 590; x_wconf 74' lang='grc' dir='ltr'>προϐάτων,</span> <span class='ocrx_word' id='word_1_15' title='bbox 2719 518 2795 582; x_wconf 83' lang='grc' dir='ltr'><strong>ὡς</strong></span> <span class='ocrx_word' id='word_1_16' title='bbox 2840 515 3045 586; x_wconf 83' lang='grc' dir='ltr'>ποιμὴν</span> <span class='ocrx_word' id='word_1_17' title='bbox 3079 513 3310 582; x_wconf 77' lang='grc' dir='ltr'>ἀγαθός’</span> <span class='ocrx_word' id='word_1_18' title='bbox 3358 513 3415 564; x_wconf 84' lang='grc' dir='ltr'><strong>ὃν</strong></span> <span class='ocrx_word' id='word_1_19' title='bbox 3467 509 3821 574; x_wconf 76' lang='grc' dir='ltr'>ὲόδελύξαντο</span> <span class='ocrx_word' id='word_1_20' title='bbox 3865 508 3968 575; x_wconf 84' lang='grc' dir='ltr'><strong>μὲν</strong></span> 
     </span>
    </p>
   </div>
   <div class='ocr_carea' id='block_1_6' title="bbox 704 608 2275 687">
    <p class='ocr_par' dir='ltr' id='par_1_6' title="bbox 704 608 2275 687">
     <span class='ocr_line' id='line_1_6' title="bbox 704 608 2275 687; baseline -0.006 -15"><span class='ocrx_word' id='word_1_21' title='bbox 704 618 978 687; x_wconf 91' lang='lat' dir='ltr'><strong>principes</strong></span> <span class='ocrx_word' id='word_1_22' title='bbox 1029 627 1281 685; x_wconf 86' lang='lat' dir='ltr'><strong>tanquam</strong></span> <span class='ocrx_word' id='word_1_23' title='bbox 1331 614 1526 678; x_wconf 90' lang='lat' dir='ltr'><strong>Deum,</strong></span> <span class='ocrx_word' id='word_1_24' title='bbox 1560 611 1768 668; x_wconf 86' lang='lat' dir='ltr'><strong>scilicet</strong></span> <span class='ocrx_word' id='word_1_25' title='bbox 1792 609 1884 680; x_wconf 90' lang='lat' dir='ltr'><strong>qui</strong></span> <span class='ocrx_word' id='word_1_26' title='bbox 1927 609 1992 664; x_wconf 92' lang='lat' dir='ltr'><strong>ad</strong></span> <span class='ocrx_word' id='word_1_27' title='bbox 2026 608 2275 664; x_wconf 79' lang='lat' dir='ltr'><strong>exinani—</strong></span> 
     </span>
    </p>
   </div>
   <div class='ocr_carea' id='block_1_7' title="bbox 706 707 2278 775">
    <p class='ocr_par' dir='ltr' id='par_1_7' title="bbox 706 707 2278 775">
     <span class='ocr_line' id='line_1_7' title="bbox 706 707 2278 775; baseline -0.004 -13"><span class='ocrx_word' id='word_1_28' title='bbox 706 710 908 765; x_wconf 88' lang='lat' dir='ltr'><strong>tionem</strong></span> <span class='ocrx_word' id='word_1_29' title='bbox 947 724 1004 762; x_wconf 90' lang='lat' dir='ltr'><strong>se</strong></span> <span class='ocrx_word' id='word_1_30' title='bbox 1040 707 1325 775; x_wconf 76' lang='lat' dir='ltr'><strong>deiecerit,</strong></span> <span class='ocrx_word' id='word_1_31' title='bbox 1358 713 1416 759; x_wconf 86' lang='grc' dir='ltr'><strong>ιιι</strong></span> <span class='ocrx_word' id='word_1_32' title='bbox 1459 718 1650 775; x_wconf 84' lang='lat' dir='ltr'><strong>passus</strong></span> <span class='ocrx_word' id='word_1_33' title='bbox 1695 716 1859 758; x_wconf 88' lang='lat' dir='ltr'><strong>carne</strong></span> <span class='ocrx_word' id='word_1_34' title='bbox 1893 710 2134 756; x_wconf 87' lang='lat' dir='ltr'><strong>servaret</strong></span> <span class='ocrx_word' id='word_1_35' title='bbox 2183 716 2278 756; x_wconf 85' lang='lat' dir='ltr'><strong>or-</strong></span> 
     </span>
    </p>
   </div>
   <div class='ocr_carea' id='block_1_8' title="bbox 705 792 2279 863">
    <p class='ocr_par' dir='ltr' id='par_1_8' title="bbox 705 792 2279 863">
     <span class='ocr_line' id='line_1_8' title="bbox 705 792 2279 863; baseline -0.006 -8"><span class='ocrx_word' id='word_1_36' title='bbox 705 801 827 854; x_wconf 87' lang='lat' dir='ltr'><strong>bern</strong></span> <span class='ocrx_word' id='word_1_37' title='bbox 856 811 1144 854; x_wconf 87' lang='lat' dir='ltr'><strong>terrarum.</strong></span> <span class='ocrx_word' id='word_1_38' title='bbox 1180 797 1279 852; x_wconf 85' lang='lat' dir='ltr'><strong>llic</strong></span> <span class='ocrx_word' id='word_1_39' title='bbox 1313 796 1402 851; x_wconf 92' lang='lat' dir='ltr'><strong>ille</strong></span> <span class='ocrx_word' id='word_1_40' title='bbox 1434 805 1516 850; x_wconf 89' lang='lat' dir='ltr'><strong>est</strong></span> <span class='ocrx_word' id='word_1_41' title='bbox 1551 794 1636 850; x_wconf 83' lang='lat' dir='ltr'><strong>cui</strong></span> <span class='ocrx_word' id='word_1_42' title='bbox 1672 808 1771 863; x_wconf 91' lang='lat' dir='ltr'><strong>pro</strong></span> <span class='ocrx_word' id='word_1_43' title='bbox 1796 792 1950 848; x_wconf 90' lang='lat' dir='ltr'><strong>nobis</strong></span> <span class='ocrx_word' id='word_1_44' title='bbox 1971 793 2158 863; x_wconf 85' lang='lat' dir='ltr'><strong>spinea</strong></span> <span class='ocrx_word' id='word_1_45' title='bbox 2186 806 2279 846; x_wconf 90' lang='lat' dir='ltr'><strong>co-</strong></span> 
     </span>
    </p>
   </div>
   <div class='ocr_carea' id='block_1_9' title="bbox 708 883 2282 958">
    <p class='ocr_par' dir='ltr' id='par_1_9' title="bbox 708 883 2282 958">
     <span class='ocr_line' id='line_1_9' title="bbox 708 883 2282 958; baseline -0.007 -12"><span class='ocrx_word' id='word_1_46' title='bbox 708 907 840 946; x_wconf 87' lang='lat' dir='ltr'><strong>rona</strong></span> <span class='ocrx_word' id='word_1_47' title='bbox 871 889 970 944; x_wconf 87' lang='lat' dir='ltr'><strong>fuit</strong></span> <span class='ocrx_word' id='word_1_48' title='bbox 1008 888 1391 958; x_wconf 89' lang='lat' dir='ltr'><strong>circumposita</strong></span> <span class='ocrx_word' id='word_1_49' title='bbox 1421 905 1434 940; x_wconf 87' lang='lat'><strong>:</strong></span> <span class='ocrx_word' id='word_1_50' title='bbox 1463 887 1550 942; x_wconf 92' lang='lat' dir='ltr'><strong>hic</strong></span> <span class='ocrx_word' id='word_1_51' title='bbox 1579 900 1684 940; x_wconf 90' lang='lat' dir='ltr'><strong>non</strong></span> <span class='ocrx_word' id='word_1_52' title='bbox 1713 884 1851 939; x_wconf 88' lang='lat' dir='ltr'><strong>alius</strong></span> <span class='ocrx_word' id='word_1_53' title='bbox 1872 884 1962 954; x_wconf 91' lang='lat' dir='ltr'><strong>qui</strong></span> <span class='ocrx_word' id='word_1_54' title='bbox 1995 899 2062 938; x_wconf 80' lang='lat' dir='ltr'><strong>ex</strong></span> <span class='ocrx_word' id='word_1_55' title='bbox 2095 883 2282 936; x_wconf 88' lang='lat' dir='ltr'><strong>huma-</strong></span> 
     </span>
    </p>
   </div>
   <div class='ocr_carea' id='block_1_10' title="bbox 709 974 2278 1050">
    <p class='ocr_par' dir='ltr' id='par_1_10' title="bbox 709 974 2278 1050">
     <span class='ocr_line' id='line_1_10' title="bbox 709 974 2278 1050; baseline -0.008 -12"><span class='ocrx_word' id='word_1_56' title='bbox 709 985 881 1038; x_wconf 87' lang='lat' dir='ltr'><strong>nitate</strong></span> <span class='ocrx_word' id='word_1_57' title='bbox 909 981 1127 1050; x_wconf 88' lang='lat' dir='ltr'><strong>quidem</strong></span> <span class='ocrx_word' id='word_1_58' title='bbox 1157 980 1448 1035; x_wconf 81' lang='lat' dir='ltr'><strong>crucifixus</strong></span> <span class='ocrx_word' id='word_1_59' title='bbox 1476 986 1579 1040; x_wconf 84' lang='lat' dir='ltr'><strong>est,</strong></span> <span class='ocrx_word' id='word_1_60' title='bbox 1606 984 1658 1031; x_wconf 88' lang='lat' dir='ltr'><strong>et</strong></span> <span class='ocrx_word' id='word_1_61' title='bbox 1681 977 1813 1030; x_wconf 80' lang='lat' dir='ltr'><strong>dixit</strong></span> <span class='ocrx_word' id='word_1_62' title='bbox 1841 992 1852 1027; x_wconf 95' lang='lat'>:</span> <span class='ocrx_word' id='word_1_63' title='bbox 1885 994 1902 1026; x_wconf 88' lang='grc'><strong><em>‹</em></strong></span> <span class='ocrx_word' id='word_1_64' title='bbox 1944 974 2081 1029; x_wconf 90' lang='lat' dir='ltr'><strong>Deus</strong></span> <span class='ocrx_word' id='word_1_65' title='bbox 2106 989 2278 1039; x_wconf 85' lang='lat' dir='ltr'><strong>meus,</strong></span> 
     </span>
    </p>
   </div>
   <div class='ocr_carea' id='block_1_11' title="bbox 708 1064 2281 1141">
    <p class='ocr_par' dir='ltr' id='par_1_11' title="bbox 708 1064 2281 1141">
     <span class='ocr_line' id='line_1_11' title="bbox 708 1064 2281 1141; baseline -0.008 -11"><span class='ocrx_word' id='word_1_66' title='bbox 708 1075 851 1129; x_wconf 84' lang='lat' dir='ltr'><strong>Deus</strong></span> <span class='ocrx_word' id='word_1_67' title='bbox 895 1088 1066 1137; x_wconf 90' lang='lat' dir='ltr'><strong>meus,</strong></span> <span class='ocrx_word' id='word_1_68' title='bbox 1101 1072 1287 1141; x_wconf 86' lang='lat' dir='ltr'><strong>utquid</strong></span> <span class='ocrx_word' id='word_1_69' title='bbox 1333 1086 1417 1124; x_wconf 90' lang='lat' dir='ltr'><strong>me</strong></span> <span class='ocrx_word' id='word_1_70' title='bbox 1457 1068 1788 1138; x_wconf 89' lang='lat' dir='ltr'><strong>dereliquisti</strong></span> <span class='ocrx_word' id='word_1_71' title='bbox 1811 1067 1895 1120; x_wconf 77' lang='lat'><strong>°‘?</strong></span> <span class='ocrx_word' id='word_1_72' title='bbox 1927 1085 1945 1118; x_wconf 75' lang='grc' dir='ltr'><strong>ι</strong></span> <span class='ocrx_word' id='word_1_73' title='bbox 1978 1066 2072 1120; x_wconf 89' lang='lat' dir='ltr'><strong>sed</strong></span> <span class='ocrx_word' id='word_1_74' title='bbox 2105 1081 2170 1118; x_wconf 81' lang='lat' dir='ltr'><strong>ex</strong></span> <span class='ocrx_word' id='word_1_75' title='bbox 2197 1064 2281 1118; x_wconf 88' lang='lat' dir='ltr'><strong>di-</strong></span> 
     </span>
    </p>
   </div>
   <div class='ocr_carea' id='block_1_12' title="bbox 707 1155 2282 1224">
    <p class='ocr_par' dir='ltr' id='par_1_12' title="bbox 707 1155 2282 1224">
     <span class='ocr_line' id='line_1_12' title="bbox 707 1155 2282 1224; baseline -0.005 -7"><span class='ocrx_word' id='word_1_76' title='bbox 707 1167 931 1221; x_wconf 81' lang='lat' dir='ltr'><strong>vinitate</strong></span> <span class='ocrx_word' id='word_1_77' title='bbox 959 1165 1200 1220; x_wconf 85' lang='lat' dir='ltr'><strong>cohibuit</strong></span> <span class='ocrx_word' id='word_1_78' title='bbox 1236 1162 1366 1218; x_wconf 91' lang='lat' dir='ltr'><strong>solis</strong></span> <span class='ocrx_word' id='word_1_79' title='bbox 1410 1161 1610 1224; x_wconf 86' lang='lat' dir='ltr'><strong>lumen,</strong></span> <span class='ocrx_word' id='word_1_80' title='bbox 1645 1170 1700 1215; x_wconf 91' lang='lat' dir='ltr'><strong>et</strong></span> <span class='ocrx_word' id='word_1_81' title='bbox 1750 1159 1802 1212; x_wconf 88' lang='lat' dir='ltr'><strong>in</strong></span> <span class='ocrx_word' id='word_1_82' title='bbox 1843 1159 1929 1212; x_wconf 90' lang='lat' dir='ltr'><strong>die</strong></span> <span class='ocrx_word' id='word_1_83' title='bbox 1974 1155 2148 1211; x_wconf 85' lang='lat' dir='ltr'><strong>media</strong></span> <span class='ocrx_word' id='word_1_84' title='bbox 2186 1171 2282 1210; x_wconf 85' lang='lat' dir='ltr'><strong>no-</strong></span> 
     </span>
    </p>
   </div>
   <div class='ocr_carea' id='block_1_13' title="bbox 709 1248 2281 1326">
    <p class='ocr_par' dir='ltr' id='par_1_13' title="bbox 709 1248 2281 1326">
     <span class='ocr_line' id='line_1_13' title="bbox 709 1248 2281 1326; baseline -0.005 -16"><span class='ocrx_word' id='word_1_85' title='bbox 709 1267 847 1311; x_wconf 85' lang='lat' dir='ltr'><strong>clem</strong></span> <span class='ocrx_word' id='word_1_86' title='bbox 876 1256 1074 1326; x_wconf 88' lang='lat' dir='ltr'><strong>posuit,</strong></span> <span class='ocrx_word' id='word_1_87' title='bbox 1099 1269 1168 1310; x_wconf 90' lang='lat' dir='ltr'><strong>ne</strong></span> <span class='ocrx_word' id='word_1_88' title='bbox 1207 1253 1355 1307; x_wconf 90' lang='lat' dir='ltr'><strong>illum</strong></span> <span class='ocrx_word' id='word_1_89' title='bbox 1379 1250 1681 1319; x_wconf 89' lang='lat' dir='ltr'><strong>simplicem</strong></span> <span class='ocrx_word' id='word_1_90' title='bbox 1721 1250 2017 1313; x_wconf 83' lang='lat' dir='ltr'><strong>hominem,</strong></span> <span class='ocrx_word' id='word_1_91' title='bbox 2041 1248 2201 1315; x_wconf 89' lang='lat' dir='ltr'><strong>nuda,</strong></span> <span class='ocrx_word' id='word_1_92' title='bbox 2223 1256 2281 1302; x_wconf 87' lang='lat' dir='ltr'><strong>ut</strong></span> 
     </span>
    </p>
   </div>
   <div class='ocr_carea' id='block_1_14' title="bbox 711 1341 2282 1416">
    <p class='ocr_par' dir='ltr' id='par_1_14' title="bbox 711 1341 2282 1416">
     <span class='ocr_line' id='line_1_14' title="bbox 711 1341 2282 1416; baseline -0.008 -12"><span class='ocrx_word' id='word_1_93' title='bbox 711 1360 765 1404; x_wconf 93' lang='lat' dir='ltr'><strong>tu</strong></span> <span class='ocrx_word' id='word_1_94' title='bbox 789 1346 1391 1416; x_wconf 87' lang='lat' dir='ltr'><strong>asseris,conjunctione</strong></span> <span class='ocrx_word' id='word_1_95' title='bbox 1412 1343 1569 1414; x_wconf 77' lang='lat'><strong>136</strong></span> <span class='ocrx_word' id='word_1_96' title='bbox 1587 1341 1947 1404; x_wconf 90' lang='lat' dir='ltr'><strong>nobilitatum,</strong></span> <span class='ocrx_word' id='word_1_97' title='bbox 1968 1354 2071 1407; x_wconf 88' lang='lat' dir='ltr'><strong>qua</strong></span> <span class='ocrx_word' id='word_1_98' title='bbox 2095 1351 2282 1407; x_wconf 89' lang='lat' dir='ltr'><strong>nempe</strong></span> 
     </span>
    </p>
   </div>
   <div class='ocr_carea' id='block_1_15' title="bbox 709 1431 2280 1507">
    <p class='ocr_par' dir='ltr' id='par_1_15' title="bbox 709 1431 2280 1507">
     <span class='ocr_line' id='line_1_15' title="bbox 709 1431 2280 1507; baseline -0.01 -10"><span class='ocrx_word' id='word_1_99' title='bbox 709 1458 831 1497; x_wconf 87' lang='lat' dir='ltr'><strong>eum</strong></span> <span class='ocrx_word' id='word_1_100' title='bbox 878 1441 968 1496; x_wconf 91' lang='lat' dir='ltr'><strong>illo</strong></span> <span class='ocrx_word' id='word_1_101' title='bbox 997 1455 1061 1496; x_wconf 80' lang='lat' dir='ltr'><strong>ex</strong></span> <span class='ocrx_word' id='word_1_102' title='bbox 1090 1438 1413 1507; x_wconf 75' lang='lat' dir='ltr'><strong>Deo,Verbo</strong></span> <span class='ocrx_word' id='word_1_103' title='bbox 1441 1438 1511 1490; x_wconf 88' lang='lat' dir='ltr'><strong>sit</strong></span> <span class='ocrx_word' id='word_1_104' title='bbox 1540 1433 1822 1503; x_wconf 87' lang='lat' dir='ltr'><strong>copulatus</strong></span> <span class='ocrx_word' id='word_1_105' title='bbox 1842 1471 1858 1496; x_wconf 94' lang='lat'><strong>,</strong></span> <span class='ocrx_word' id='word_1_106' title='bbox 1904 1431 2280 1492; x_wconf 86' lang='lat' dir='ltr'><strong>conliteamur,</strong></span> 
     </span>
    </p>
   </div>
   <div class='ocr_carea' id='block_1_16' title="bbox 711 1513 2282 1587">
    <p class='ocr_par' dir='ltr' id='par_1_16' title="bbox 711 1513 2282 1587">
     <span class='ocr_line' id='line_1_16' title="bbox 711 1513 2282 1587; baseline -0.013 -1"><span class='ocrx_word' id='word_1_107' title='bbox 711 1532 804 1586; x_wconf 88' lang='lat' dir='ltr'><strong>sed</strong></span> <span class='ocrx_word' id='word_1_108' title='bbox 843 1531 1007 1585; x_wconf 90' lang='lat' dir='ltr'><strong>Deum</strong></span> <span class='ocrx_word' id='word_1_109' title='bbox 1052 1540 1172 1584; x_wconf 87' lang='lat' dir='ltr'><strong>esse</strong></span> <span class='ocrx_word' id='word_1_110' title='bbox 1218 1527 1527 1587; x_wconf 82' lang='lat' dir='ltr'><strong>credamus,</strong></span> <span class='ocrx_word' id='word_1_111' title='bbox 1570 1521 1624 1574; x_wconf 93' lang='lat' dir='ltr'><strong>in</strong></span> <span class='ocrx_word' id='word_1_112' title='bbox 1657 1529 1840 1574; x_wconf 87' lang='lat' dir='ltr'><strong>nostra</strong></span> <span class='ocrx_word' id='word_1_113' title='bbox 1877 1518 2087 1587; x_wconf 88' lang='lat' dir='ltr'><strong>specie,</strong></span> <span class='ocrx_word' id='word_1_114' title='bbox 2132 1524 2186 1579; x_wconf 81' lang='lat' dir='ltr'><strong>et</strong></span> <span class='ocrx_word' id='word_1_115' title='bbox 2227 1513 2282 1566; x_wconf 92' lang='lat' dir='ltr'><strong>in</strong></span> 
     </span>
    </p>
   </div>
   <div class='ocr_carea' id='block_1_17' title="bbox 709 1605 2284 1683">
    <p class='ocr_par' dir='ltr' id='par_1_17' title="bbox 709 1605 2284 1683">
     <span class='ocr_line' id='line_1_17' title="bbox 709 1605 2284 1683; baseline -0.011 -9"><span class='ocrx_word' id='word_1_116' title='bbox 709 1619 884 1674; x_wconf 88' lang='lat' dir='ltr'><strong>forma</strong></span> <span class='ocrx_word' id='word_1_117' title='bbox 912 1617 1073 1683; x_wconf 84' lang='lat' dir='ltr'><strong>servi,</strong></span> <span class='ocrx_word' id='word_1_118' title='bbox 1099 1629 1368 1671; x_wconf 87' lang='lat' dir='ltr'><strong>memores</strong></span> <span class='ocrx_word' id='word_1_119' title='bbox 1394 1613 1540 1666; x_wconf 90' lang='lat' dir='ltr'><strong>illum</strong></span> <span class='ocrx_word' id='word_1_120' title='bbox 1565 1625 1662 1680; x_wconf 91' lang='lat' dir='ltr'><strong>per</strong></span> <span class='ocrx_word' id='word_1_121' title='bbox 1696 1623 1882 1663; x_wconf 89' lang='lat' dir='ltr'><strong>vocem</strong></span> <span class='ocrx_word' id='word_1_122' title='bbox 1908 1607 2180 1678; x_wconf 71' lang='lat' dir='ltr'><strong>prephetaa</strong></span> <span class='ocrx_word' id='word_1_123' title='bbox 2205 1605 2284 1658; x_wconf 91' lang='lat' dir='ltr'><strong>di-</strong></span> 
     </span>
    </p>
   </div>
   <div class='ocr_carea' id='block_1_18' title="bbox 710 1701 2286 1766">
    <p class='ocr_par' dir='ltr' id='par_1_18' title="bbox 710 1701 2286 1766">
     <span class='ocr_line' id='line_1_18' title="bbox 710 1701 2286 1766; baseline -0.012 -1"><span class='ocrx_word' id='word_1_124' title='bbox 710 1713 900 1766; x_wconf 82' lang='lat' dir='ltr'><strong>xisse:</strong></span> <span class='ocrx_word' id='word_1_125' title='bbox 941 1726 960 1760; x_wconf 80' lang='grc' dir='ltr'><strong>ι</strong></span> <span class='ocrx_word' id='word_1_126' title='bbox 1000 1708 1065 1762; x_wconf 83' lang='grc' dir='ltr'><strong>Ει</strong></span> <span class='ocrx_word' id='word_1_127' title='bbox 1099 1707 1319 1760; x_wconf 88' lang='lat' dir='ltr'><strong>induam</strong></span> <span class='ocrx_word' id='word_1_128' title='bbox 1366 1704 1563 1758; x_wconf 74' lang='lat' dir='ltr'><strong>crelum</strong></span> <span class='ocrx_word' id='word_1_129' title='bbox 1610 1701 1880 1764; x_wconf 89' lang='lat' dir='ltr'><strong>tenebris,</strong></span> <span class='ocrx_word' id='word_1_130' title='bbox 1919 1707 1972 1752; x_wconf 92' lang='lat' dir='ltr'><strong>et</strong></span> <span class='ocrx_word' id='word_1_131' title='bbox 2003 1711 2196 1766; x_wconf 88' lang='lat' dir='ltr'><strong>ponam</strong></span> <span class='ocrx_word' id='word_1_132' title='bbox 2227 1703 2286 1748; x_wconf 82' lang='lat' dir='ltr'><strong>ut</strong></span> 
     </span>
    </p>
   </div>
   <div class='ocr_carea' id='block_1_19' title="bbox 710 1787 2286 1862">
    <p class='ocr_par' dir='ltr' id='par_1_19' title="bbox 710 1787 2286 1862">
     <span class='ocr_line' id='line_1_19' title="bbox 710 1787 2286 1862; baseline -0.011 -5"><span class='ocrx_word' id='word_1_133' title='bbox 710 1815 927 1857; x_wconf 82' lang='lat' dir='ltr'><strong>saccum</strong></span> <span class='ocrx_word' id='word_1_134' title='bbox 959 1797 1338 1853; x_wconf 85' lang='lat' dir='ltr'><strong>vestimentum</strong></span> <span class='ocrx_word' id='word_1_135' title='bbox 1369 1795 1486 1862; x_wconf 89' lang='lat' dir='ltr'><strong>ejus</strong></span> <span class='ocrx_word' id='word_1_136' title='bbox 1506 1793 1573 1846; x_wconf 80' lang='lat'><strong>“.</strong></span> <span class='ocrx_word' id='word_1_137' title='bbox 1608 1811 1627 1844; x_wconf 78' lang='grc' dir='ltr'><strong>ι</strong></span> <span class='ocrx_word' id='word_1_138' title='bbox 1663 1793 1780 1860; x_wconf 87' lang='lat' dir='ltr'><strong>Ipse</strong></span> <span class='ocrx_word' id='word_1_139' title='bbox 1814 1791 1957 1844; x_wconf 91' lang='lat' dir='ltr'><strong>enim</strong></span> <span class='ocrx_word' id='word_1_140' title='bbox 1985 1790 2075 1856; x_wconf 88' lang='lat' dir='ltr'><strong>qui</strong></span> <span class='ocrx_word' id='word_1_141' title='bbox 2109 1787 2286 1856; x_wconf 91' lang='lat' dir='ltr'><strong>loque-</strong></span> 
     </span>
    </p>
   </div>
   <div class='ocr_carea' id='block_1_20' title="bbox 2377 596 3966 681">
    <p class='ocr_par' dir='ltr' id='par_1_20' title="bbox 2377 596 3966 681">
     <span class='ocr_line' id='line_1_20' title="bbox 2377 596 3966 681; baseline -0.009 -19"><span class='ocrx_word' id='word_1_142' title='bbox 2377 610 2447 664; x_wconf 81' lang='grc' dir='ltr'><strong>τά</strong></span> <span class='ocrx_word' id='word_1_143' title='bbox 2490 609 2640 681; x_wconf 74' lang='grc' dir='ltr'>ἔθνη,</span> <span class='ocrx_word' id='word_1_144' title='bbox 2673 607 2848 662; x_wconf 83' lang='grc' dir='ltr'>δοῦλοι</span> <span class='ocrx_word' id='word_1_145' title='bbox 2879 607 2937 662; x_wconf 78' lang='grc' dir='ltr'>δὲ</span> <span class='ocrx_word' id='word_1_146' title='bbox 2980 606 3076 660; x_wconf 61' lang='grc' dir='ltr'><strong>καλ)⁸</strong></span> <span class='ocrx_word' id='word_1_147' title='bbox 3105 605 3378 675; x_wconf 83' lang='grc' dir='ltr'><strong>ὑπηρέται</strong></span> <span class='ocrx_word' id='word_1_148' title='bbox 3411 601 3753 672; x_wconf 74' lang='grc' dir='ltr'><strong>ῥαπίσμασιν</strong></span> <span class='ocrx_word' id='word_1_149' title='bbox 3799 596 3966 666; x_wconf 60' lang='lat' dir='ltr'><em>66m-</em></span> 
     </span>
    </p>
   </div>
   <div class='ocr_carea' id='block_1_21' title="bbox 2381 690 3966 772">
    <p class='ocr_par' dir='ltr' id='par_1_21' title="bbox 2381 690 3966 772">
     <span class='ocr_line' id='line_1_21' title="bbox 2381 690 3966 772; baseline -0.009 -18"><span class='ocrx_word' id='word_1_150' title='bbox 2381 717 2480 754; x_wconf 93' lang='grc' dir='ltr'>σαν</span> <span class='ocrx_word' id='word_1_151' title='bbox 2506 739 2522 765; x_wconf 92' lang='grc'><strong>,</strong></span> <span class='ocrx_word' id='word_1_152' title='bbox 2555 701 2656 772; x_wconf 86' lang='grc' dir='ltr'><strong>τῆς</strong></span> <span class='ocrx_word' id='word_1_153' title='bbox 2691 701 2800 754; x_wconf 84' lang='grc' dir='ltr'>τῶν</span> <span class='ocrx_word' id='word_1_154' title='bbox 2841 699 3148 769; x_wconf 77' lang='grc' dir='ltr'><strong>Φαρισαίων</strong></span> <span class='ocrx_word' id='word_1_155' title='bbox 3188 694 3428 766; x_wconf 82' lang='grc' dir='ltr'><strong>πληθύος</strong></span> <span class='ocrx_word' id='word_1_156' title='bbox 3480 691 3708 754; x_wconf 78' lang='grc' dir='ltr'><strong>ἀνοσίως</strong></span> <span class='ocrx_word' id='word_1_157' title='bbox 3738 690 3966 759; x_wconf 76' lang='grc' dir='ltr'>ἐμπαρ-</span> 
     </span>
    </p>
   </div>
   <div class='ocr_carea' id='block_1_22' title="bbox 2379 781 3972 862">
    <p class='ocr_par' dir='ltr' id='par_1_22' title="bbox 2379 781 3972 862">
     <span class='ocr_line' id='line_1_22' title="bbox 2379 781 3972 862; baseline -0.009 -16"><span class='ocrx_word' id='word_1_158' title='bbox 2379 792 2632 862; x_wconf 84' lang='grc' dir='ltr'>οινούσης</span> <span class='ocrx_word' id='word_1_159' title='bbox 2658 792 2827 862; x_wconf 82' lang='grc' dir='ltr'>αὐτῷ.</span> <span class='ocrx_word' id='word_1_160' title='bbox 2857 791 3055 844; x_wconf 76' lang='grc' dir='ltr'><strong>Τοῦτον</strong></span> <span class='ocrx_word' id='word_1_161' title='bbox 3079 789 3301 858; x_wconf 73' lang='grc' dir='ltr'>ὄψονται</span> <span class='ocrx_word' id='word_1_162' title='bbox 3329 785 3477 856; x_wconf 86' lang='grc' dir='ltr'>βασι)</span> <span class='ocrx_word' id='word_1_163' title='bbox 3492 787 3568 848; x_wconf 85' lang='grc' dir='ltr'><strong>εἰς</strong></span> <span class='ocrx_word' id='word_1_164' title='bbox 3595 782 3691 836; x_wconf 81' lang='grc' dir='ltr'>καὶ</span> <span class='ocrx_word' id='word_1_165' title='bbox 3721 781 3972 849; x_wconf 78' lang='grc' dir='ltr'>ἀναστήο</span> 
     </span>
    </p>
   </div>
   <div class='ocr_carea' id='block_1_23' title="bbox 2383 873 3972 955">
    <p class='ocr_par' dir='ltr' id='par_1_23' title="bbox 2383 873 3972 955">
     <span class='ocr_line' id='line_1_23' title="bbox 2383 873 3972 955; baseline -0.007 -17"><span class='ocrx_word' id='word_1_166' title='bbox 2383 901 2596 940; x_wconf 82' lang='grc' dir='ltr'>σονται’</span> <span class='ocrx_word' id='word_1_167' title='bbox 2650 891 2826 955; x_wconf 84' lang='grc' dir='ltr'>τούτῳ</span> <span class='ocrx_word' id='word_1_168' title='bbox 2872 886 3344 955; x_wconf 80' lang='grc' dir='ltr'><strong>προσκυνήσουσιν</strong></span> <span class='ocrx_word' id='word_1_169' title='bbox 3390 881 3679 950; x_wconf 78' lang='grc' dir='ltr'>ἄρχοντες,</span> <span class='ocrx_word' id='word_1_170' title='bbox 3728 877 3805 938; x_wconf 82' lang='grc' dir='ltr'>ὡς</span> <span class='ocrx_word' id='word_1_171' title='bbox 3838 873 3972 944; x_wconf 84' lang='grc' dir='ltr'>Θεῷ</span> 
     </span>
    </p>
   </div>
   <div class='ocr_carea' id='block_1_24' title="bbox 2380 968 3968 1048">
    <p class='ocr_par' dir='ltr' id='par_1_24' title="bbox 2380 968 3968 1048">
     <span class='ocr_line' id='line_1_24' title="bbox 2380 968 3968 1048; baseline -0.008 -17"><span class='ocrx_word' id='word_1_172' title='bbox 2380 977 2623 1048; x_wconf 80' lang='grc' dir='ltr'>δηλονότι</span> <span class='ocrx_word' id='word_1_173' title='bbox 2656 975 2972 1044; x_wconf 86' lang='grc' dir='ltr'>καθιγμένῳ</span> <span class='ocrx_word' id='word_1_174' title='bbox 2994 975 3130 1042; x_wconf 85' lang='grc' dir='ltr'>πρὸς</span> <span class='ocrx_word' id='word_1_175' title='bbox 3153 973 3408 1037; x_wconf 82' lang='grc' dir='ltr'><strong>κένωσιν,</strong></span> <span class='ocrx_word' id='word_1_176' title='bbox 3435 973 3523 1026; x_wconf 79' lang='grc' dir='ltr'><strong>ἵνα</strong></span> <span class='ocrx_word' id='word_1_177' title='bbox 3553 968 3740 1022; x_wconf 86' lang='grc' dir='ltr'>παθὼν</span> <span class='ocrx_word' id='word_1_178' title='bbox 3768 968 3968 1038; x_wconf 75' lang='grc' dir='ltr'>σαρκὶ,</span> 
     </span>
    </p>
   </div>
   <div class='ocr_carea' id='block_1_25' title="bbox 2380 1058 3976 1140">
    <p class='ocr_par' dir='ltr' id='par_1_25' title="bbox 2380 1058 3976 1140">
     <span class='ocr_line' id='line_1_25' title="bbox 2380 1058 3976 1140; baseline -0.008 -17"><span class='ocrx_word' id='word_1_179' title='bbox 2380 1069 2617 1140; x_wconf 76' lang='grc' dir='ltr'><strong>διασώσῃ</strong></span> <span class='ocrx_word' id='word_1_180' title='bbox 2663 1070 2759 1139; x_wconf 80' lang='grc' dir='ltr'>τὴν</span> <span class='ocrx_word' id='word_1_181' title='bbox 2802 1070 2892 1121; x_wconf 86' lang='grc' dir='ltr'><strong>ὑπ’</strong></span> <span class='ocrx_word' id='word_1_182' title='bbox 2928 1066 3176 1138; x_wconf 79' lang='grc' dir='ltr'>οὐρανόν.</span> <span class='ocrx_word' id='word_1_183' title='bbox 3214 1058 3384 1127; x_wconf 79' lang='grc' dir='ltr'>Οὗτος</span> <span class='ocrx_word' id='word_1_184' title='bbox 3426 1067 3454 1117; x_wconf 90' lang='lat'><strong>6</strong></span> <span class='ocrx_word' id='word_1_185' title='bbox 3498 1063 3638 1132; x_wconf 80' lang='grc' dir='ltr'>ὑπὲρ</span> <span class='ocrx_word' id='word_1_186' title='bbox 3669 1059 3830 1131; x_wconf 79' lang='grc' dir='ltr'>ἡμῶν</span> <span class='ocrx_word' id='word_1_187' title='bbox 3870 1059 3976 1112; x_wconf 81' lang='grc' dir='ltr'><strong>τὸν</strong></span> 
     </span>
    </p>
   </div>
   <div class='ocr_carea' id='block_1_26' title="bbox 2381 1147 3973 1232">
    <p class='ocr_par' dir='ltr' id='par_1_26' title="bbox 2381 1147 3973 1232">
     <span class='ocr_line' id='line_1_26' title="bbox 2381 1147 3973 1232; baseline -0.007 -16"><span class='ocrx_word' id='word_1_188' title='bbox 2381 1163 2671 1217; x_wconf 81' lang='grc' dir='ltr'>ἀκάνθινον</span> <span class='ocrx_word' id='word_1_189' title='bbox 2705 1161 3086 1232; x_wconf 89' lang='grc' dir='ltr'>περικείμενος</span> <span class='ocrx_word' id='word_1_190' title='bbox 3122 1159 3383 1227; x_wconf 77' lang='grc' dir='ltr'>στέφανον</span> <span class='ocrx_word' id='word_1_191' title='bbox 3403 1172 3417 1187; x_wconf 90' lang='grc'><strong>·</strong></span> <span class='ocrx_word' id='word_1_192' title='bbox 3444 1147 3618 1218; x_wconf 71' lang='grc' dir='ltr'>οὗτος,</span> <span class='ocrx_word' id='word_1_193' title='bbox 3650 1155 3749 1208; x_wconf 89' lang='grc' dir='ltr'><strong>ούκ</strong></span> <span class='ocrx_word' id='word_1_194' title='bbox 3776 1151 3973 1214; x_wconf 75' lang='grc' dir='ltr'>ἄλλος,</span> 
     </span>
    </p>
   </div>
   <div class='ocr_carea' id='block_1_27' title="bbox 2381 1239 3979 1323">
    <p class='ocr_par' dir='ltr' id='par_1_27' title="bbox 2381 1239 3979 1323">
     <span class='ocr_line' id='line_1_27' title="bbox 2381 1239 3979 1323; baseline -0.007 -15"><span class='ocrx_word' id='word_1_195' title='bbox 2381 1257 2409 1308; x_wconf 91' lang='lat'><strong>6</strong></span> <span class='ocrx_word' id='word_1_196' title='bbox 2459 1253 2861 1323; x_wconf 86' lang='grc' dir='ltr'>σταυρούμενος</span> <span class='ocrx_word' id='word_1_197' title='bbox 2897 1253 2997 1322; x_wconf 84' lang='grc' dir='ltr'><strong>μὲν</strong></span> <span class='ocrx_word' id='word_1_198' title='bbox 3027 1251 3387 1321; x_wconf 71' lang='grc' dir='ltr'>ἀνθρωπίνως</span> <span class='ocrx_word' id='word_1_199' title='bbox 3433 1248 3527 1302; x_wconf 74' lang='grc' dir='ltr'>καὶ</span> <span class='ocrx_word' id='word_1_200' title='bbox 3557 1247 3728 1314; x_wconf 90' lang='grc' dir='ltr'>λέγων</span> <span class='ocrx_word' id='word_1_201' title='bbox 3750 1261 3763 1275; x_wconf 90' lang='grc'><strong>·</strong></span> <span class='ocrx_word' id='word_1_202' title='bbox 3803 1262 3824 1296; x_wconf 77' lang='lat' dir='ltr'><strong>t</strong></span> <span class='ocrx_word' id='word_1_203' title='bbox 3861 1239 3979 1297; x_wconf 76' lang='grc' dir='ltr'>Θέὲ</span> 
     </span>
    </p>
   </div>
   <div class='ocr_carea' id='block_1_28' title="bbox 2387 1334 3980 1415">
    <p class='ocr_par' dir='ltr' id='par_1_28' title="bbox 2387 1334 3980 1415">
     <span class='ocr_line' id='line_1_28' title="bbox 2387 1334 3980 1415; baseline -0.007 -18"><span class='ocrx_word' id='word_1_204' title='bbox 2387 1362 2511 1415; x_wconf 87' lang='grc' dir='ltr'>μου,</span> <span class='ocrx_word' id='word_1_205' title='bbox 2545 1343 2646 1396; x_wconf 86' lang='grc' dir='ltr'><strong>Θεέ</strong></span> <span class='ocrx_word' id='word_1_206' title='bbox 2683 1360 2809 1412; x_wconf 87' lang='grc' dir='ltr'>μου,</span> <span class='ocrx_word' id='word_1_207' title='bbox 2856 1343 2946 1394; x_wconf 81' lang='grc' dir='ltr'>ἵνα</span> <span class='ocrx_word' id='word_1_208' title='bbox 2977 1342 3028 1393; x_wconf 86' lang='grc' dir='ltr'><strong>τί</strong></span> <span class='ocrx_word' id='word_1_209' title='bbox 3060 1357 3126 1410; x_wconf 86' lang='grc' dir='ltr'>με</span> <span class='ocrx_word' id='word_1_210' title='bbox 3156 1339 3552 1407; x_wconf 83' lang='grc' dir='ltr'>ὲγκατέλιπες;</span> <span class='ocrx_word' id='word_1_211' title='bbox 3593 1355 3611 1386; x_wconf 71' lang='grc' dir='ltr'><strong>ι</strong></span> <span class='ocrx_word' id='word_1_212' title='bbox 3655 1334 3980 1388; x_wconf 68' lang='grc' dir='ltr'>συστέλλων</span> 
     </span>
    </p>
   </div>
   <div class='ocr_carea' id='block_1_29' title="bbox 2383 1428 3979 1502">
    <p class='ocr_par' dir='ltr' id='par_1_29' title="bbox 2383 1428 3979 1502">
     <span class='ocr_line' id='line_1_29' title="bbox 2383 1428 3979 1502; baseline -0.006 -14"><span class='ocrx_word' id='word_1_213' title='bbox 2383 1435 2439 1488; x_wconf 84' lang='grc' dir='ltr'>δὲ</span> <span class='ocrx_word' id='word_1_214' title='bbox 2489 1434 2688 1497; x_wconf 88' lang='grc' dir='ltr'>θεῖκῶς</span> <span class='ocrx_word' id='word_1_215' title='bbox 2735 1433 2827 1486; x_wconf 80' lang='grc' dir='ltr'>τοῦ</span> <span class='ocrx_word' id='word_1_216' title='bbox 2874 1433 3028 1502; x_wconf 80' lang='grc' dir='ltr'>ἡλίου</span> <span class='ocrx_word' id='word_1_217' title='bbox 3078 1430 3138 1484; x_wconf 72' lang='grc' dir='ltr'>τὸ</span> <span class='ocrx_word' id='word_1_218' title='bbox 3185 1430 3321 1499; x_wconf 78' lang='grc' dir='ltr'>φῶς,</span> <span class='ocrx_word' id='word_1_219' title='bbox 3353 1433 3447 1483; x_wconf 75' lang='grc' dir='ltr'>καὶ</span> <span class='ocrx_word' id='word_1_220' title='bbox 3480 1431 3538 1481; x_wconf 85' lang='grc' dir='ltr'><strong>ὲν</strong></span> <span class='ocrx_word' id='word_1_221' title='bbox 3584 1430 3767 1500; x_wconf 72' lang='grc' dir='ltr'>ἡμέρᾳ.</span> <span class='ocrx_word' id='word_1_222' title='bbox 3819 1428 3979 1498; x_wconf 80' lang='grc' dir='ltr'>μέσῃ</span> 
     </span>
    </p>
   </div>
   <div class='ocr_carea' id='block_1_30' title="bbox 2383 1521 3984 1595">
    <p class='ocr_par' dir='ltr' id='par_1_30' title="bbox 2383 1521 3984 1595">
     <span class='ocr_line' id='line_1_30' title="bbox 2383 1521 3984 1595; baseline -0.006 -15"><span class='ocrx_word' id='word_1_223' title='bbox 2383 1526 2554 1580; x_wconf 85' lang='grc' dir='ltr'>νύκτα</span> <span class='ocrx_word' id='word_1_224' title='bbox 2600 1526 2771 1589; x_wconf 74' lang='grc' dir='ltr'>τιθεὶς</span> <span class='ocrx_word' id='word_1_225' title='bbox 2794 1565 2808 1591; x_wconf 96' lang='grc'><strong>,</strong></span> <span class='ocrx_word' id='word_1_226' title='bbox 2844 1525 2934 1579; x_wconf 87' lang='grc' dir='ltr'><strong>ἵνα</strong></span> <span class='ocrx_word' id='word_1_227' title='bbox 2967 1525 3041 1595; x_wconf 82' lang='grc' dir='ltr'><strong>μὴ</strong></span> <span class='ocrx_word' id='word_1_228' title='bbox 3067 1523 3352 1595; x_wconf 80' lang='grc' dir='ltr'>ἄνθρωπον</span> <span class='ocrx_word' id='word_1_229' title='bbox 3383 1521 3570 1584; x_wconf 82' lang='grc' dir='ltr'>ἁπλῶς</span> <span class='ocrx_word' id='word_1_230' title='bbox 3613 1521 3744 1591; x_wconf 77' lang='grc' dir='ltr'>ψιλῇ</span> <span class='ocrx_word' id='word_1_231' title='bbox 3772 1561 3786 1586; x_wconf 91' lang='grc'><strong>,</strong></span> <span class='ocrx_word' id='word_1_232' title='bbox 3817 1521 3984 1572; x_wconf 70' lang='grc' dir='ltr'>κατὰ.</span> 
     </span>
    </p>
   </div>
   <div class='ocr_carea' id='block_1_31' title="bbox 2387 1612 3981 1690">
    <p class='ocr_par' dir='ltr' id='par_1_31' title="bbox 2387 1612 3981 1690">
     <span class='ocr_line' id='line_1_31' title="bbox 2387 1612 3981 1690; baseline -0.006 -17"><span class='ocrx_word' id='word_1_233' title='bbox 2387 1620 2468 1683; x_wconf 86' lang='grc' dir='ltr'>σὲ,</span> <span class='ocrx_word' id='word_1_234' title='bbox 2499 1619 2762 1690; x_wconf 81' lang='grc' dir='ltr'>συναφείᾳ</span> <span class='ocrx_word' id='word_1_235' title='bbox 2789 1618 3175 1688; x_wconf 82' lang='grc' dir='ltr'>τετιμημένον,</span> <span class='ocrx_word' id='word_1_236' title='bbox 3197 1619 3262 1685; x_wconf 81' lang='grc' dir='ltr'>τῇ</span> <span class='ocrx_word' id='word_1_237' title='bbox 3296 1615 3433 1684; x_wconf 88' lang='grc' dir='ltr'>πρός</span> <span class='ocrx_word' id='word_1_238' title='bbox 3471 1630 3562 1681; x_wconf 76' lang='grc' dir='ltr'><strong>γε,</strong></span> <span class='ocrx_word' id='word_1_239' title='bbox 3589 1613 3753 1681; x_wconf 66' lang='grc' dir='ltr'><strong>φημὶ,</strong></span> <span class='ocrx_word' id='word_1_240' title='bbox 3775 1612 3870 1664; x_wconf 81' lang='grc' dir='ltr'><strong>τὸν</strong></span> <span class='ocrx_word' id='word_1_241' title='bbox 3902 1613 3981 1664; x_wconf 75' lang='grc' dir='ltr'>ὲκ</span> 
     </span>
    </p>
   </div>
   <div class='ocr_carea' id='block_1_32' title="bbox 2385 1698 3981 1779">
    <p class='ocr_par' dir='ltr' id='par_1_32' title="bbox 2385 1698 3981 1779">
     <span class='ocr_line' id='line_1_32' title="bbox 2385 1698 3981 1779; baseline -0.005 -16"><span class='ocrx_word' id='word_1_242' title='bbox 2385 1711 2520 1764; x_wconf 78' lang='grc' dir='ltr'>Θεοῦ</span> <span class='ocrx_word' id='word_1_243' title='bbox 2540 1711 2731 1778; x_wconf 84' lang='grc' dir='ltr'>Λόγον,</span> <span class='ocrx_word' id='word_1_244' title='bbox 2762 1708 3117 1779; x_wconf 80' lang='grc' dir='ltr'><strong>ὁμολογῶμεν</strong></span> <span class='ocrx_word' id='word_1_245' title='bbox 3147 1707 3310 1760; x_wconf 79' lang='grc' dir='ltr'>αὐτόν</span> <span class='ocrx_word' id='word_1_246' title='bbox 3327 1723 3340 1736; x_wconf 80' lang='lat'><strong><em>°</em></strong></span> <span class='ocrx_word' id='word_1_247' title='bbox 3356 1705 3486 1758; x_wconf 77' lang='grc' dir='ltr'>Θεὸν</span> <span class='ocrx_word' id='word_1_248' title='bbox 3507 1705 3564 1758; x_wconf 80' lang='grc' dir='ltr'>δὲ</span> <span class='ocrx_word' id='word_1_249' title='bbox 3587 1703 3790 1774; x_wconf 82' lang='grc' dir='ltr'>μᾶλλον</span> <span class='ocrx_word' id='word_1_250' title='bbox 3817 1698 3981 1755; x_wconf 76' lang='grc' dir='ltr'>εἶναι</span> 
     </span>
    </p>
   </div>
   <div class='ocr_carea' id='block_1_33' title="bbox 2388 1795 3980 1870">
    <p class='ocr_par' dir='ltr' id='par_1_33' title="bbox 2388 1795 3980 1870">
     <span class='ocr_line' id='line_1_33' title="bbox 2388 1795 3980 1870; baseline -0.004 -16"><span class='ocrx_word' id='word_1_251' title='bbox 2388 1802 2791 1870; x_wconf 88' lang='grc' dir='ltr'>πιστεύσωμεν,</span> <span class='ocrx_word' id='word_1_252' title='bbox 2821 1802 2881 1855; x_wconf 80' lang='grc' dir='ltr'>ἐν</span> <span class='ocrx_word' id='word_1_253' title='bbox 2909 1800 3040 1852; x_wconf 85' lang='grc' dir='ltr'>εῐδει</span> <span class='ocrx_word' id='word_1_254' title='bbox 3072 1797 3150 1868; x_wconf 83' lang='grc' dir='ltr'>τῷ</span> <span class='ocrx_word' id='word_1_255' title='bbox 3183 1799 3304 1851; x_wconf 86' lang='grc' dir='ltr'>καθ’</span> <span class='ocrx_word' id='word_1_256' title='bbox 3339 1799 3510 1868; x_wconf 76' lang='grc' dir='ltr'>ἡμᾶς,</span> <span class='ocrx_word' id='word_1_257' title='bbox 3547 1797 3642 1850; x_wconf 74' lang='grc' dir='ltr'>καὶ</span> <span class='ocrx_word' id='word_1_258' title='bbox 3670 1798 3729 1848; x_wconf 77' lang='grc' dir='ltr'>ἐν</span> <span class='ocrx_word' id='word_1_259' title='bbox 3756 1798 3822 1866; x_wconf 79' lang='grc' dir='ltr'>τῇ</span> <span class='ocrx_word' id='word_1_260' title='bbox 3869 1795 3980 1848; x_wconf 74' lang='grc' dir='ltr'>τοῦ</span> 
     </span>
    </p>
   </div>
   <div class='ocr_carea' id='block_1_34' title="bbox 710 1874 2289 1961">
    <p class='ocr_par' dir='ltr' id='par_1_34' title="bbox 710 1877 2283 1957">
     <span class='ocr_line' id='line_1_34' title="bbox 710 1877 2283 1957; baseline -0.011 -10"><span class='ocrx_word' id='word_1_261' title='bbox 710 1895 871 1948; x_wconf 85' lang='lat' dir='ltr'><strong>batur</strong></span> <span class='ocrx_word' id='word_1_262' title='bbox 901 1891 1076 1956; x_wconf 87' lang='lat' dir='ltr'><strong>adest,</strong></span> <span class='ocrx_word' id='word_1_263' title='bbox 1100 1897 1154 1943; x_wconf 88' lang='lat' dir='ltr'><strong>et</strong></span> <span class='ocrx_word' id='word_1_264' title='bbox 1179 1889 1319 1957; x_wconf 91' lang='lat' dir='ltr'><strong>quod</strong></span> <span class='ocrx_word' id='word_1_265' title='bbox 1343 1887 1469 1941; x_wconf 90' lang='lat' dir='ltr'><strong>olim</strong></span> <span class='ocrx_word' id='word_1_266' title='bbox 1495 1895 1553 1938; x_wconf 91' lang='lat' dir='ltr'><strong>ut</strong></span> <span class='ocrx_word' id='word_1_267' title='bbox 1577 1884 1713 1939; x_wconf 90' lang='lat' dir='ltr'><strong>Deus</strong></span> <span class='ocrx_word' id='word_1_268' title='bbox 1740 1881 1854 1936; x_wconf 90' lang='lat' dir='ltr'><strong>fore</strong></span> <span class='ocrx_word' id='word_1_269' title='bbox 1881 1877 2283 1948; x_wconf 76' lang='lat' dir='ltr'><strong>praenuntiavit,</strong></span> 
     </span>
    </p>
   </div>
   <div class='ocr_carea' id='block_1_35' title="bbox 2394 1874 3983 1961">
    <p class='ocr_par' dir='ltr' id='par_1_35' title="bbox 2394 1884 3983 1961">
     <span class='ocr_line' id='line_1_35' title="bbox 2394 1884 3983 1961; baseline -0.007 -14"><span class='ocrx_word' id='word_1_270' title='bbox 2394 1893 2574 1947; x_wconf 85' lang='grc' dir='ltr'>δούλου</span> <span class='ocrx_word' id='word_1_271' title='bbox 2627 1893 2834 1961; x_wconf 76' lang='grc' dir='ltr'>μορφῇ,</span> <span class='ocrx_word' id='word_1_272' title='bbox 2881 1889 3222 1960; x_wconf 83' lang='grc' dir='ltr'><strong>μεμνημένοι</strong></span> <span class='ocrx_word' id='word_1_273' title='bbox 3251 1888 3340 1940; x_wconf 82' lang='grc' dir='ltr'><strong>διὰ</strong></span> <span class='ocrx_word' id='word_1_274' title='bbox 3375 1888 3556 1957; x_wconf 80' lang='grc' dir='ltr'>φωνῆς</span> <span class='ocrx_word' id='word_1_275' title='bbox 3581 1886 3742 1954; x_wconf 83' lang='grc' dir='ltr'>ἁγίου</span> <span class='ocrx_word' id='word_1_276' title='bbox 3774 1884 3983 1952; x_wconf 81' lang='grc' dir='ltr'>λέγον-</span> 
     </span>
    </p>
   </div>
   <div class='ocr_carea' id='block_1_36' title="bbox 710 1969 2284 2051">
    <p class='ocr_par' dir='ltr' id='par_1_36' title="bbox 710 1969 2284 2051">
     <span class='ocr_line' id='line_1_36' title="bbox 710 1969 2284 2051; baseline -0.012 -13"><span class='ocrx_word' id='word_1_277' title='bbox 710 1998 810 2039; x_wconf 91' lang='lat' dir='ltr'><strong>suo</strong></span> <span class='ocrx_word' id='word_1_278' title='bbox 837 1993 1079 2051; x_wconf 90' lang='lat' dir='ltr'><strong>tempore</strong></span> <span class='ocrx_word' id='word_1_279' title='bbox 1107 1978 1368 2048; x_wconf 80' lang='lat' dir='ltr'><strong>implevit,</strong></span> <span class='ocrx_word' id='word_1_280' title='bbox 1408 1975 1698 2031; x_wconf 78' lang='lat' dir='ltr'><strong>cruciﬁxus</strong></span> <span class='ocrx_word' id='word_1_281' title='bbox 1721 1972 2052 2026; x_wconf 84' lang='lat' dir='ltr'><strong>humanitus.</strong></span> <span class='ocrx_word' id='word_1_282' title='bbox 2074 1969 2284 2022; x_wconf 56' lang='lat' dir='ltr'><strong>Casium</strong></span> 
     </span>
    </p>
   </div>
   <div class='ocr_carea' id='block_1_37' title="bbox 710 2057 2284 2142">
    <p class='ocr_par' dir='ltr' id='par_1_37' title="bbox 710 2057 2284 2142">
     <span class='ocr_line' id='line_1_37' title="bbox 710 2057 2284 2142; baseline -0.012 -14"><span class='ocrx_word' id='word_1_283' title='bbox 710 2087 945 2142; x_wconf 87' lang='lat' dir='ltr'><strong>namque</strong></span> <span class='ocrx_word' id='word_1_284' title='bbox 1004 2069 1390 2139; x_wconf 85' lang='lat' dir='ltr'><strong>propemodum</strong></span> <span class='ocrx_word' id='word_1_285' title='bbox 1455 2065 1691 2120; x_wconf 84' lang='lat' dir='ltr'><strong>tenebris</strong></span> <span class='ocrx_word' id='word_1_286' title='bbox 1757 2073 2005 2130; x_wconf 89' lang='lat' dir='ltr'><strong>tauquant</strong></span> <span class='ocrx_word' id='word_1_287' title='bbox 2075 2057 2284 2126; x_wconf 76' lang='lat' dir='ltr'><strong>lugubri</strong></span> 
     </span>
    </p>
   </div>
   <div class='ocr_carea' id='block_1_38' title="bbox 709 2155 2283 2225">
    <p class='ocr_par' dir='ltr' id='par_1_38' title="bbox 709 2155 2283 2225">
     <span class='ocr_line' id='line_1_38' title="bbox 709 2155 2283 2225; baseline -0.011 -7"><span class='ocrx_word' id='word_1_288' title='bbox 709 2173 861 2220; x_wconf 89' lang='lat' dir='ltr'><strong>veste</strong></span> <span class='ocrx_word' id='word_1_289' title='bbox 905 2177 964 2218; x_wconf 91' lang='lat' dir='ltr'><strong>se</strong></span> <span class='ocrx_word' id='word_1_290' title='bbox 996 2162 1166 2216; x_wconf 90' lang='lat' dir='ltr'><strong>induit</strong></span> <span class='ocrx_word' id='word_1_291' title='bbox 1195 2177 1210 2225; x_wconf 88' lang='lat'><strong>;</strong></span> <span class='ocrx_word' id='word_1_292' title='bbox 1240 2160 1318 2214; x_wconf 90' lang='lat' dir='ltr'><strong>sol</strong></span> <span class='ocrx_word' id='word_1_293' title='bbox 1353 2159 1541 2221; x_wconf 90' lang='lat' dir='ltr'><strong>etiam,</strong></span> <span class='ocrx_word' id='word_1_294' title='bbox 1573 2170 1695 2209; x_wconf 88' lang='lat' dir='ltr'><strong>cum</strong></span> <span class='ocrx_word' id='word_1_295' title='bbox 1749 2155 2023 2208; x_wconf 86' lang='lat' dir='ltr'><strong>radiorum</strong></span> <span class='ocrx_word' id='word_1_296' title='bbox 2064 2164 2283 2206; x_wconf 89' lang='lat' dir='ltr'><strong>suorum</strong></span> 
     </span>
    </p>
   </div>
   <div class='ocr_carea' id='block_1_39' title="bbox 713 2243 2287 2323">
    <p class='ocr_par' dir='ltr' id='par_1_39' title="bbox 713 2243 2287 2323">
     <span class='ocr_line' id='line_1_39' title="bbox 713 2243 2287 2323; baseline -0.01 -14"><span class='ocrx_word' id='word_1_297' title='bbox 713 2255 975 2323; x_wconf 79' lang='lat' dir='ltr'><strong>fulgorem</strong></span> <span class='ocrx_word' id='word_1_298' title='bbox 1009 2266 1114 2306; x_wconf 95' lang='lat' dir='ltr'><strong>non</strong></span> <span class='ocrx_word' id='word_1_299' title='bbox 1155 2250 1292 2304; x_wconf 90' lang='lat' dir='ltr'><strong>ultra</strong></span> <span class='ocrx_word' id='word_1_300' title='bbox 1329 2249 1395 2302; x_wconf 90' lang='lat' dir='ltr'><strong>iis</strong></span> <span class='ocrx_word' id='word_1_301' title='bbox 1429 2248 1601 2312; x_wconf 89' lang='lat' dir='ltr'><strong>daret,</strong></span> <span class='ocrx_word' id='word_1_302' title='bbox 1642 2245 1731 2314; x_wconf 89' lang='lat' dir='ltr'><strong>qui</strong></span> <span class='ocrx_word' id='word_1_303' title='bbox 1769 2245 2026 2298; x_wconf 85' lang='lat' dir='ltr'><strong>adversus</strong></span> <span class='ocrx_word' id='word_1_304' title='bbox 2071 2243 2287 2295; x_wconf 82' lang='lat' dir='ltr'><strong>univer-</strong></span> 
     </span>
    </p>
   </div>
   <div class='ocr_carea' id='block_1_40' title="bbox 711 2331 2284 2405">
    <p class='ocr_par' dir='ltr' id='par_1_40' title="bbox 711 2331 2284 2405">
     <span class='ocr_line' id='line_1_40' title="bbox 711 2331 2284 2405; baseline -0.01 -5"><span class='ocrx_word' id='word_1_305' title='bbox 711 2361 896 2400; x_wconf 89' lang='lat' dir='ltr'><strong>sorum</strong></span> <span class='ocrx_word' id='word_1_306' title='bbox 925 2343 1207 2397; x_wconf 90' lang='lat' dir='ltr'><strong>Dominum</strong></span> <span class='ocrx_word' id='word_1_307' title='bbox 1239 2355 1300 2392; x_wconf 92' lang='lat' dir='ltr'><strong>ac</strong></span> <span class='ocrx_word' id='word_1_308' title='bbox 1331 2339 1493 2392; x_wconf 89' lang='lat' dir='ltr'><strong>Deum</strong></span> <span class='ocrx_word' id='word_1_309' title='bbox 1533 2338 1842 2405; x_wconf 76' lang='lat' dir='ltr'><strong>petulanter</strong></span> <span class='ocrx_word' id='word_1_310' title='bbox 1870 2333 2130 2387; x_wconf 90' lang='lat' dir='ltr'><strong>insultare</strong></span> <span class='ocrx_word' id='word_1_311' title='bbox 2166 2331 2284 2385; x_wconf 85' lang='lat' dir='ltr'><strong>ausi</strong></span> 
     </span>
    </p>
   </div>
   <div class='ocr_carea' id='block_1_41' title="bbox 712 2422 2287 2496">
    <p class='ocr_par' dir='ltr' id='par_1_41' title="bbox 712 2422 2287 2496">
     <span class='ocr_line' id='line_1_41' title="bbox 712 2422 2287 2496; baseline -0.008 -10"><span class='ocrx_word' id='word_1_312' title='bbox 712 2435 947 2496; x_wconf 81' lang='lat' dir='ltr'><strong>fuerant,</strong></span> <span class='ocrx_word' id='word_1_313' title='bbox 983 2431 1234 2485; x_wconf 84' lang='lat' dir='ltr'><strong>tenebras</strong></span> <span class='ocrx_word' id='word_1_314' title='bbox 1284 2429 1465 2480; x_wconf 88' lang='lat' dir='ltr'><strong>animo</strong></span> <span class='ocrx_word' id='word_1_315' title='bbox 1511 2427 1723 2478; x_wconf 88' lang='lat' dir='ltr'><strong>illorum</strong></span> <span class='ocrx_word' id='word_1_316' title='bbox 1780 2439 1845 2477; x_wconf 90' lang='lat' dir='ltr'><strong>ac</strong></span> <span class='ocrx_word' id='word_1_317' title='bbox 1898 2424 2064 2478; x_wconf 90' lang='lat' dir='ltr'><strong>menti</strong></span> <span class='ocrx_word' id='word_1_318' title='bbox 2110 2422 2287 2477; x_wconf 82' lang='lat' dir='ltr'><strong>oﬂ&#39;un-</strong></span> 
     </span>
    </p>
   </div>
   <div class='ocr_carea' id='block_1_42' title="bbox 713 2515 2286 2592">
    <p class='ocr_par' dir='ltr' id='par_1_42' title="bbox 713 2515 2286 2592">
     <span class='ocr_line' id='line_1_42' title="bbox 713 2515 2286 2592; baseline -0.008 -12"><span class='ocrx_word' id='word_1_319' title='bbox 713 2525 920 2580; x_wconf 87' lang='lat' dir='ltr'><strong>dendas</strong></span> <span class='ocrx_word' id='word_1_320' title='bbox 947 2521 1348 2592; x_wconf 59' lang='lat' dir='ltr'><strong>praenuntiavit.</strong></span> <span class='ocrx_word' id='word_1_321' title='bbox 1384 2518 1572 2572; x_wconf 89' lang='lat' dir='ltr'><strong>Psallit</strong></span> <span class='ocrx_word' id='word_1_322' title='bbox 1599 2518 1743 2570; x_wconf 91' lang='lat' dir='ltr'><strong>enim</strong></span> <span class='ocrx_word' id='word_1_323' title='bbox 1775 2518 1840 2570; x_wconf 92' lang='lat' dir='ltr'><strong>de</strong></span> <span class='ocrx_word' id='word_1_324' title='bbox 1871 2516 2002 2584; x_wconf 90' lang='lat' dir='ltr'><strong>ipsis</strong></span> <span class='ocrx_word' id='word_1_325' title='bbox 2032 2515 2286 2568; x_wconf 79' lang='lat' dir='ltr'><strong>nimirum</strong></span> 
     </span>
    </p>
   </div>
   <div class='ocr_carea' id='block_1_43' title="bbox 713 2607 2290 2670">
    <p class='ocr_par' dir='ltr' id='par_1_43' title="bbox 713 2607 2290 2670">
     <span class='ocr_line' id='line_1_43' title="bbox 713 2607 2290 2670; baseline -0.006 0"><span class='ocrx_word' id='word_1_326' title='bbox 713 2618 876 2670; x_wconf 88' lang='lat' dir='ltr'><strong>etiam</strong></span> <span class='ocrx_word' id='word_1_327' title='bbox 903 2615 1091 2669; x_wconf 88' lang='lat' dir='ltr'><strong>beatus</strong></span> <span class='ocrx_word' id='word_1_328' title='bbox 1122 2612 1329 2666; x_wconf 87' lang='lat' dir='ltr'><strong>David:</strong></span> <span class='ocrx_word' id='word_1_329' title='bbox 1369 2629 1386 2661; x_wconf 78' lang='grc' dir='ltr'><strong>ι</strong></span> <span class='ocrx_word' id='word_1_330' title='bbox 1434 2607 1805 2664; x_wconf 89' lang='lat' dir='ltr'><strong>Obscurentur</strong></span> <span class='ocrx_word' id='word_1_331' title='bbox 1832 2608 1975 2661; x_wconf 89' lang='lat' dir='ltr'><strong>oculi</strong></span> <span class='ocrx_word' id='word_1_332' title='bbox 2001 2621 2185 2661; x_wconf 89' lang='lat' dir='ltr'><strong>eorum</strong></span> <span class='ocrx_word' id='word_1_333' title='bbox 2223 2621 2290 2661; x_wconf 90' lang='lat' dir='ltr'><strong>ne</strong></span> 
     </span>
    </p>
   </div>
   <div class='ocr_carea' id='block_1_44' title="bbox 711 2697 2286 2770">
    <p class='ocr_par' dir='ltr' id='par_1_44' title="bbox 711 2697 2286 2770">
     <span class='ocr_line' id='line_1_44' title="bbox 711 2697 2286 2770; baseline -0.006 -10"><span class='ocrx_word' id='word_1_334' title='bbox 711 2709 950 2770; x_wconf 85' lang='lat' dir='ltr'><strong>videant,</strong></span> <span class='ocrx_word' id='word_1_335' title='bbox 980 2715 1033 2760; x_wconf 90' lang='lat' dir='ltr'><strong>et</strong></span> <span class='ocrx_word' id='word_1_336' title='bbox 1054 2706 1271 2759; x_wconf 89' lang='lat' dir='ltr'><strong>dorsum</strong></span> <span class='ocrx_word' id='word_1_337' title='bbox 1304 2717 1489 2755; x_wconf 90' lang='lat' dir='ltr'><strong>eorum</strong></span> <span class='ocrx_word' id='word_1_338' title='bbox 1526 2715 1741 2767; x_wconf 87' lang='lat' dir='ltr'><strong>semper</strong></span> <span class='ocrx_word' id='word_1_339' title='bbox 1787 2701 2007 2754; x_wconf 75' lang='lat' dir='ltr'><strong>incurva</strong></span> <span class='ocrx_word' id='word_1_340' title='bbox 2031 2699 2096 2752; x_wconf 83' lang='grc'><strong>⁸³.</strong></span> <span class='ocrx_word' id='word_1_341' title='bbox 2129 2718 2148 2748; x_wconf 77' lang='grc' dir='ltr'><strong>ι</strong></span> <span class='ocrx_word' id='word_1_342' title='bbox 2194 2697 2286 2751; x_wconf 85' lang='lat' dir='ltr'><strong>Di-</strong></span> 
     </span>
    </p>
   </div>
   <div class='ocr_carea' id='block_1_45' title="bbox 716 2789 2290 2868">
    <p class='ocr_par' dir='ltr' id='par_1_45' title="bbox 716 2789 2290 2868">
     <span class='ocr_line' id='line_1_45' title="bbox 716 2789 2290 2868; baseline -0.006 -16"><span class='ocrx_word' id='word_1_343' title='bbox 716 2809 930 2868; x_wconf 90' lang='lat' dir='ltr'><strong>ruptum</strong></span> <span class='ocrx_word' id='word_1_344' title='bbox 966 2806 1049 2850; x_wconf 88' lang='lat' dir='ltr'><strong>est</strong></span> <span class='ocrx_word' id='word_1_345' title='bbox 1072 2797 1233 2849; x_wconf 87' lang='lat' dir='ltr'><strong>etiam</strong></span> <span class='ocrx_word' id='word_1_346' title='bbox 1263 2793 1439 2848; x_wconf 89' lang='lat' dir='ltr'><strong>velum</strong></span> <span class='ocrx_word' id='word_1_347' title='bbox 1491 2793 1698 2860; x_wconf 87' lang='lat' dir='ltr'><strong>templi,</strong></span> <span class='ocrx_word' id='word_1_348' title='bbox 1740 2801 1798 2844; x_wconf 91' lang='lat' dir='ltr'><strong>ut</strong></span> <span class='ocrx_word' id='word_1_349' title='bbox 1829 2791 1880 2845; x_wconf 92' lang='lat' dir='ltr'><strong>in</strong></span> <span class='ocrx_word' id='word_1_350' title='bbox 1913 2805 2035 2845; x_wconf 91' lang='lat' dir='ltr'><strong>eum</strong></span> <span class='ocrx_word' id='word_1_351' title='bbox 2066 2789 2290 2844; x_wconf 87' lang='lat' dir='ltr'><strong>creden-</strong></span> 
     </span>
    </p>
   </div>
   <div class='ocr_carea' id='block_1_46' title="bbox 715 2882 2289 2958">
    <p class='ocr_par' dir='ltr' id='par_1_46' title="bbox 715 2882 2289 2958">
     <span class='ocr_line' id='line_1_46' title="bbox 715 2882 2289 2958; baseline -0.007 -14"><span class='ocrx_word' id='word_1_352' title='bbox 715 2894 860 2946; x_wconf 90' lang='lat' dir='ltr'><strong>tibus</strong></span> <span class='ocrx_word' id='word_1_353' title='bbox 886 2891 1160 2958; x_wconf 82' lang='lat' dir='ltr'><strong>detegeret</strong></span> <span class='ocrx_word' id='word_1_354' title='bbox 1199 2887 1310 2955; x_wconf 81' lang='lat' dir='ltr'><strong>jam</strong></span> <span class='ocrx_word' id='word_1_355' title='bbox 1361 2885 1558 2938; x_wconf 88' lang='lat' dir='ltr'><strong>Sancta</strong></span> <span class='ocrx_word' id='word_1_356' title='bbox 1591 2894 1938 2950; x_wconf 85' lang='lat' dir='ltr'><strong>sanctorum,</strong></span> <span class='ocrx_word' id='word_1_357' title='bbox 1994 2892 2046 2936; x_wconf 84' lang='lat' dir='ltr'><strong>et</strong></span> <span class='ocrx_word' id='word_1_358' title='bbox 2100 2882 2289 2935; x_wconf 88' lang='lat' dir='ltr'><strong>intima</strong></span> 
     </span>
    </p>
   </div>
   <div class='ocr_carea' id='block_1_47' title="bbox 715 2973 2291 3054">
    <p class='ocr_par' dir='ltr' id='par_1_47' title="bbox 715 2973 2291 3054">
     <span class='ocr_line' id='line_1_47' title="bbox 715 2973 2291 3054; baseline -0.009 -14"><span class='ocrx_word' id='word_1_359' title='bbox 715 2986 806 3041; x_wconf 86' lang='lat' dir='ltr'><strong>illa</strong></span> <span class='ocrx_word' id='word_1_360' title='bbox 833 2981 1131 3054; x_wconf 85' lang='lat' dir='ltr'><strong>penetralia</strong></span> <span class='ocrx_word' id='word_1_361' title='bbox 1166 2981 1562 3034; x_wconf 87' lang='lat' dir='ltr'><strong>demonstraret</strong></span> <span class='ocrx_word' id='word_1_362' title='bbox 1599 2992 1610 3026; x_wconf 91' lang='lat'>:</span> <span class='ocrx_word' id='word_1_363' title='bbox 1660 2984 1916 3042; x_wconf 91' lang='lat' dir='ltr'><strong>tanquam</strong></span> <span class='ocrx_word' id='word_1_364' title='bbox 1955 2987 2058 3026; x_wconf 93' lang='lat' dir='ltr'><strong>non</strong></span> <span class='ocrx_word' id='word_1_365' title='bbox 2115 2973 2291 3026; x_wconf 87' lang='lat' dir='ltr'><strong>adhuc</strong></span> 
     </span>
    </p>
   </div>
   <div class='ocr_carea' id='block_1_48' title="bbox 716 3062 2290 3137">
    <p class='ocr_par' dir='ltr' id='par_1_48' title="bbox 716 3062 2290 3137">
     <span class='ocr_line' id='line_1_48' title="bbox 716 3062 2290 3137; baseline -0.011 -7"><span class='ocrx_word' id='word_1_366' title='bbox 716 3076 951 3130; x_wconf 86' lang='lat' dir='ltr'><strong>habente</strong></span> <span class='ocrx_word' id='word_1_367' title='bbox 983 3080 1181 3124; x_wconf 90' lang='lat' dir='ltr'><strong>statum</strong></span> <span class='ocrx_word' id='word_1_368' title='bbox 1215 3069 1395 3137; x_wconf 90' lang='lat' dir='ltr'><strong>priore</strong></span> <span class='ocrx_word' id='word_1_369' title='bbox 1423 3066 1510 3120; x_wconf 89' lang='lat' dir='ltr'><strong>illo</strong></span> <span class='ocrx_word' id='word_1_370' title='bbox 1544 3065 1912 3128; x_wconf 87' lang='lat' dir='ltr'><strong>tabernaculo,</strong></span> <span class='ocrx_word' id='word_1_371' title='bbox 1939 3064 2033 3117; x_wconf 88' lang='lat' dir='ltr'><strong>sed</strong></span> <span class='ocrx_word' id='word_1_372' title='bbox 2061 3062 2173 3131; x_wconf 85' lang='lat' dir='ltr'><strong>jam</strong></span> <span class='ocrx_word' id='word_1_373' title='bbox 2207 3078 2290 3118; x_wconf 88' lang='lat' dir='ltr'><strong>re-</strong></span> 
     </span>
    </p>
   </div>
   <div class='ocr_carea' id='block_1_49' title="bbox 714 3157 2288 3226">
    <p class='ocr_par' dir='ltr' id='par_1_49' title="bbox 714 3157 2288 3226">
     <span class='ocr_line' id='line_1_49' title="bbox 714 3157 2288 3226; baseline -0.007 -6"><span class='ocrx_word' id='word_1_374' title='bbox 714 3167 888 3222; x_wconf 80' lang='lat' dir='ltr'><strong>velata</strong></span> <span class='ocrx_word' id='word_1_375' title='bbox 919 3173 1226 3219; x_wconf 84' lang='lat' dir='ltr'><strong>sanctorum</strong></span> <span class='ocrx_word' id='word_1_376' title='bbox 1263 3161 1345 3214; x_wconf 88' lang='lat' dir='ltr'><strong>via</strong></span> <span class='ocrx_word' id='word_1_377' title='bbox 1370 3160 1434 3224; x_wconf 73' lang='lat'><strong>&quot;,</strong></span> <span class='ocrx_word' id='word_1_378' title='bbox 1479 3160 1733 3213; x_wconf 88' lang='lat' dir='ltr'><strong>nimirum</strong></span> <span class='ocrx_word' id='word_1_379' title='bbox 1771 3159 1858 3211; x_wconf 87' lang='lat' dir='ltr'><strong>illa</strong></span> <span class='ocrx_word' id='word_1_380' title='bbox 1902 3172 2020 3226; x_wconf 68' lang='lat' dir='ltr'><strong>quae</strong></span> <span class='ocrx_word' id='word_1_381' title='bbox 2053 3157 2199 3210; x_wconf 89' lang='lat' dir='ltr'><strong>ducit</strong></span> <span class='ocrx_word' id='word_1_382' title='bbox 2237 3158 2288 3209; x_wconf 91' lang='lat' dir='ltr'><strong>in</strong></span> 
     </span>
    </p>
   </div>
   <div class='ocr_carea' id='block_1_50' title="bbox 719 3245 2291 3317">
    <p class='ocr_par' dir='ltr' id='par_1_50' title="bbox 719 3245 2291 3317">
     <span class='ocr_line' id='line_1_50' title="bbox 719 3245 2291 3317; baseline -0.008 -6"><span class='ocrx_word' id='word_1_383' title='bbox 719 3258 917 3311; x_wconf 84' lang='lat' dir='ltr'><strong>Sancta</strong></span> <span class='ocrx_word' id='word_1_384' title='bbox 954 3263 1284 3310; x_wconf 89' lang='lat' dir='ltr'><strong>sanctorum.</strong></span> <span class='ocrx_word' id='word_1_385' title='bbox 1337 3250 1533 3304; x_wconf 88' lang='lat' dir='ltr'><strong>Sancta</strong></span> <span class='ocrx_word' id='word_1_386' title='bbox 1574 3250 1717 3304; x_wconf 90' lang='lat' dir='ltr'><strong>enim</strong></span> <span class='ocrx_word' id='word_1_387' title='bbox 1750 3257 1867 3302; x_wconf 89' lang='lat' dir='ltr'><strong>erat</strong></span> <span class='ocrx_word' id='word_1_388' title='bbox 1897 3246 2084 3317; x_wconf 90' lang='lat' dir='ltr'><strong>procul</strong></span> <span class='ocrx_word' id='word_1_389' title='bbox 2129 3245 2291 3300; x_wconf 89' lang='lat' dir='ltr'><strong>dubio</strong></span> 
     </span>
    </p>
   </div>
   <div class='ocr_carea' id='block_1_51' title="bbox 717 3338 2291 3416">
    <p class='ocr_par' dir='ltr' id='par_1_51' title="bbox 717 3338 2291 3416">
     <span class='ocr_line' id='line_1_51' title="bbox 717 3338 2291 3416; baseline -0.01 -13"><span class='ocrx_word' id='word_1_390' title='bbox 717 3352 834 3416; x_wconf 89' lang='lat' dir='ltr'><strong>ipsa</strong></span> <span class='ocrx_word' id='word_1_391' title='bbox 867 3348 949 3401; x_wconf 79' lang='lat' dir='ltr'><strong>lex</strong></span> <span class='ocrx_word' id='word_1_392' title='bbox 975 3359 1212 3415; x_wconf 89' lang='lat' dir='ltr'><strong>quoque,</strong></span> <span class='ocrx_word' id='word_1_393' title='bbox 1254 3343 1450 3413; x_wconf 90' lang='lat' dir='ltr'><strong>quippe</strong></span> <span class='ocrx_word' id='word_1_394' title='bbox 1485 3339 1850 3410; x_wconf 77' lang='lat' dir='ltr'><strong>quzejustitiae</strong></span> <span class='ocrx_word' id='word_1_395' title='bbox 1899 3348 2015 3393; x_wconf 86' lang='lat' dir='ltr'><strong>erat</strong></span> <span class='ocrx_word' id='word_1_396' title='bbox 2067 3338 2291 3402; x_wconf 91' lang='lat' dir='ltr'><strong>arbitra,</strong></span> 
     </span>
    </p>
   </div>
   <div class='ocr_carea' id='block_1_52' title="bbox 716 3429 2295 3507">
    <p class='ocr_par' dir='ltr' id='par_1_52' title="bbox 716 3429 2295 3507">
     <span class='ocr_line' id='line_1_52' title="bbox 716 3429 2295 3507; baseline -0.008 -14"><span class='ocrx_word' id='word_1_397' title='bbox 716 3451 774 3493; x_wconf 86' lang='lat' dir='ltr'><strong>et</strong></span> <span class='ocrx_word' id='word_1_398' title='bbox 808 3440 1124 3507; x_wconf 73' lang='lat' dir='ltr'><strong>paedagogus</strong></span> <span class='ocrx_word' id='word_1_399' title='bbox 1165 3437 1230 3489; x_wconf 89' lang='lat' dir='ltr'><strong>ad</strong></span> <span class='ocrx_word' id='word_1_400' title='bbox 1285 3435 1556 3489; x_wconf 77' lang='lat' dir='ltr'><strong>Christum</strong></span> <span class='ocrx_word' id='word_1_401' title='bbox 1583 3431 1672 3484; x_wconf 77' lang='grc' dir='ltr'><strong>δ⁵ε</strong></span> <span class='ocrx_word' id='word_1_402' title='bbox 1721 3433 1815 3484; x_wconf 89' lang='lat' dir='ltr'><strong>sed</strong></span> <span class='ocrx_word' id='word_1_403' title='bbox 1861 3430 2012 3499; x_wconf 91' lang='lat' dir='ltr'><strong>longe</strong></span> <span class='ocrx_word' id='word_1_404' title='bbox 2056 3429 2295 3483; x_wconf 89' lang='lat' dir='ltr'><strong>sanctior</strong></span> 
     </span>
    </p>
   </div>
   <div class='ocr_carea' id='block_1_53' title="bbox 720 3520 2295 3598">
    <p class='ocr_par' dir='ltr' id='par_1_53' title="bbox 720 3520 2295 3598">
     <span class='ocr_line' id='line_1_53' title="bbox 720 3520 2295 3598; baseline -0.007 -14"><span class='ocrx_word' id='word_1_405' title='bbox 720 3530 1040 3598; x_wconf 83' lang='lat' dir='ltr'><strong>intelligitur</strong></span> <span class='ocrx_word' id='word_1_406' title='bbox 1075 3528 1161 3581; x_wconf 91' lang='lat' dir='ltr'><strong>illa</strong></span> <span class='ocrx_word' id='word_1_407' title='bbox 1197 3529 1247 3580; x_wconf 91' lang='lat' dir='ltr'><strong>in</strong></span> <span class='ocrx_word' id='word_1_408' title='bbox 1293 3526 1508 3580; x_wconf 79' lang='lat' dir='ltr'><strong>Christo</strong></span> <span class='ocrx_word' id='word_1_409' title='bbox 1541 3525 1670 3588; x_wconf 85' lang='lat' dir='ltr'><strong>vita,</strong></span> <span class='ocrx_word' id='word_1_410' title='bbox 1703 3533 1757 3576; x_wconf 92' lang='lat' dir='ltr'><strong>et</strong></span> <span class='ocrx_word' id='word_1_411' title='bbox 1789 3523 1879 3576; x_wconf 92' lang='lat' dir='ltr'><strong>illo</strong></span> <span class='ocrx_word' id='word_1_412' title='bbox 1906 3524 1972 3591; x_wconf 50' lang='lat' dir='ltr'><strong>.in</strong></span> <span class='ocrx_word' id='word_1_413' title='bbox 2005 3520 2212 3574; x_wconf 88' lang='lat' dir='ltr'><strong>umbris</strong></span> <span class='ocrx_word' id='word_1_414' title='bbox 2242 3530 2295 3573; x_wconf 89' lang='lat' dir='ltr'><strong>et</strong></span> 
     </span>
    </p>
   </div>
   <div class='ocr_carea' id='block_1_54' title="bbox 718 3612 2292 3688">
    <p class='ocr_par' dir='ltr' id='par_1_54' title="bbox 718 3612 2292 3688">
     <span class='ocr_line' id='line_1_54' title="bbox 718 3612 2292 3688; baseline -0.006 -14"><span class='ocrx_word' id='word_1_415' title='bbox 718 3621 904 3688; x_wconf 74' lang='lat' dir='ltr'><strong>figuris</strong></span> <span class='ocrx_word' id='word_1_416' title='bbox 930 3620 1071 3673; x_wconf 91' lang='lat' dir='ltr'><strong>cultu</strong></span> <span class='ocrx_word' id='word_1_417' title='bbox 1099 3618 1438 3685; x_wconf 69' lang='lat' dir='ltr'><strong>prmstantior</strong></span> <span class='ocrx_word' id='word_1_418' title='bbox 1468 3630 1531 3669; x_wconf 90' lang='lat' dir='ltr'><strong>ac</strong></span> <span class='ocrx_word' id='word_1_419' title='bbox 1562 3615 1751 3667; x_wconf 86' lang='lat' dir='ltr'><strong>melior</strong></span> <span class='ocrx_word' id='word_1_420' title='bbox 1779 3613 1822 3667; x_wconf 91' lang='lat' dir='ltr'><strong>is</strong></span> <span class='ocrx_word' id='word_1_421' title='bbox 1857 3613 1949 3683; x_wconf 87' lang='lat' dir='ltr'><strong>qui</strong></span> <span class='ocrx_word' id='word_1_422' title='bbox 1989 3614 2041 3666; x_wconf 92' lang='lat' dir='ltr'><strong>in</strong></span> <span class='ocrx_word' id='word_1_423' title='bbox 2097 3612 2292 3681; x_wconf 88' lang='lat' dir='ltr'><strong>spiritu</strong></span> 
     </span>
    </p>
   </div>
   <div class='ocr_carea' id='block_1_55' title="bbox 718 3705 2293 3771">
    <p class='ocr_par' dir='ltr' id='par_1_55' title="bbox 718 3705 2293 3771">
     <span class='ocr_line' id='line_1_55' title="bbox 718 3705 2293 3771; baseline -0.006 -5"><span class='ocrx_word' id='word_1_424' title='bbox 718 3723 772 3766; x_wconf 85' lang='lat' dir='ltr'><strong>et</strong></span> <span class='ocrx_word' id='word_1_425' title='bbox 806 3712 1032 3764; x_wconf 84' lang='lat' dir='ltr'><strong>veritate</strong></span> <span class='ocrx_word' id='word_1_426' title='bbox 1061 3708 1365 3762; x_wconf 79' lang='lat' dir='ltr'><strong>exhibetur.</strong></span> <span class='ocrx_word' id='word_1_427' title='bbox 1402 3707 1483 3758; x_wconf 84' lang='lat' dir='ltr'><strong>An</strong></span> <span class='ocrx_word' id='word_1_428' title='bbox 1523 3720 1652 3760; x_wconf 89' lang='lat' dir='ltr'><strong>vero</strong></span> <span class='ocrx_word' id='word_1_429' title='bbox 1682 3719 1789 3760; x_wconf 93' lang='lat' dir='ltr'><strong>non</strong></span> <span class='ocrx_word' id='word_1_430' title='bbox 1828 3705 2007 3758; x_wconf 89' lang='lat' dir='ltr'><strong>divina</strong></span> <span class='ocrx_word' id='word_1_431' title='bbox 2044 3713 2098 3757; x_wconf 90' lang='lat' dir='ltr'><strong>et</strong></span> <span class='ocrx_word' id='word_1_432' title='bbox 2131 3719 2293 3771; x_wconf 91' lang='lat' dir='ltr'><strong>supra</strong></span> 
     </span>
    </p>
   </div>
   <div class='ocr_carea' id='block_1_56' title="bbox 718 3796 2295 3866">
    <p class='ocr_par' dir='ltr' id='par_1_56' title="bbox 718 3796 2295 3866">
     <span class='ocr_line' id='line_1_56' title="bbox 718 3796 2295 3866; baseline -0.007 -8"><span class='ocrx_word' id='word_1_433' title='bbox 718 3803 952 3858; x_wconf 88' lang='lat' dir='ltr'><strong>hominis</strong></span> <span class='ocrx_word' id='word_1_434' title='bbox 1012 3811 1256 3854; x_wconf 84' lang='lat' dir='ltr'><strong>naturam</strong></span> <span class='ocrx_word' id='word_1_435' title='bbox 1288 3796 1549 3866; x_wconf 76' lang='lat' dir='ltr'><strong>ejusmodi</strong></span> <span class='ocrx_word' id='word_1_436' title='bbox 1588 3804 1714 3850; x_wconf 92' lang='lat' dir='ltr'><strong>sunt</strong></span> <span class='ocrx_word' id='word_1_437' title='bbox 1747 3796 1954 3864; x_wconf 86' lang='lat' dir='ltr'><strong>opera?</strong></span> <span class='ocrx_word' id='word_1_438' title='bbox 1984 3810 2162 3850; x_wconf 89' lang='lat' dir='ltr'><strong>nonne</strong></span> <span class='ocrx_word' id='word_1_439' title='bbox 2203 3810 2295 3848; x_wconf 86' lang='lat' dir='ltr'><strong>sa-</strong></span> 
     </span>
    </p>
   </div>
   <div class='ocr_carea' id='block_1_57' title="bbox 718 3887 2296 3960">
    <p class='ocr_par' dir='ltr' id='par_1_57' title="bbox 718 3887 2296 3960">
     <span class='ocr_line' id='line_1_57' title="bbox 718 3887 2296 3960; baseline -0.004 -13"><span class='ocrx_word' id='word_1_440' title='bbox 718 3895 912 3949; x_wconf 83' lang='lat' dir='ltr'><strong>lutaris</strong></span> <span class='ocrx_word' id='word_1_441' title='bbox 953 3892 1040 3946; x_wconf 88' lang='lat' dir='ltr'><strong>illa</strong></span> <span class='ocrx_word' id='word_1_442' title='bbox 1087 3891 1267 3960; x_wconf 85' lang='lat' dir='ltr'><strong>passio</strong></span> <span class='ocrx_word' id='word_1_443' title='bbox 1310 3889 1619 3944; x_wconf 88' lang='lat' dir='ltr'><strong>versatilem</strong></span> <span class='ocrx_word' id='word_1_444' title='bbox 1672 3888 1818 3942; x_wconf 86' lang='lat' dir='ltr'><strong>illum</strong></span> <span class='ocrx_word' id='word_1_445' title='bbox 1856 3887 2091 3956; x_wconf 86' lang='lat' dir='ltr'><strong>gladium</strong></span> <span class='ocrx_word' id='word_1_446' title='bbox 2140 3887 2296 3940; x_wconf 83' lang='lat' dir='ltr'><strong>cohi-</strong></span> 
     </span>
    </p>
   </div>
   <div class='ocr_carea' id='block_1_58' title="bbox 717 3979 2296 4051">
    <p class='ocr_par' dir='ltr' id='par_1_58' title="bbox 717 3979 2296 4051">
     <span class='ocr_line' id='line_1_58' title="bbox 717 3979 2296 4051; baseline -0.006 -9"><span class='ocrx_word' id='word_1_447' title='bbox 717 3989 855 4051; x_wconf 75' lang='lat' dir='ltr'><strong>linit,</strong></span> <span class='ocrx_word' id='word_1_448' title='bbox 905 3998 959 4040; x_wconf 91' lang='lat' dir='ltr'><strong>et</strong></span> <span class='ocrx_word' id='word_1_449' title='bbox 1015 3986 1285 4039; x_wconf 87' lang='lat' dir='ltr'><strong>hominem</strong></span> <span class='ocrx_word' id='word_1_450' title='bbox 1339 3998 1528 4037; x_wconf 89' lang='lat' dir='ltr'><strong>rursus</strong></span> <span class='ocrx_word' id='word_1_451' title='bbox 1576 3983 1627 4035; x_wconf 89' lang='lat' dir='ltr'><strong>in</strong></span> <span class='ocrx_word' id='word_1_452' title='bbox 1681 3980 1988 4050; x_wconf 88' lang='lat' dir='ltr'><strong>paradisum</strong></span> <span class='ocrx_word' id='word_1_453' title='bbox 2042 3979 2296 4034; x_wconf 81' lang='lat' dir='ltr'><strong>induxit?</strong></span> 
     </span>
    </p>
   </div>
   <div class='ocr_carea' id='block_1_59' title="bbox 722 4069 2297 4140">
    <p class='ocr_par' dir='ltr' id='par_1_59' title="bbox 722 4069 2297 4140">
     <span class='ocr_line' id='line_1_59' title="bbox 722 4069 2297 4140; baseline -0.006 -8"><span class='ocrx_word' id='word_1_454' title='bbox 722 4080 864 4133; x_wconf 82' lang='lat' dir='ltr'><strong>Dixit</strong></span> <span class='ocrx_word' id='word_1_455' title='bbox 897 4079 1038 4132; x_wconf 90' lang='lat' dir='ltr'><strong>enim</strong></span> <span class='ocrx_word' id='word_1_456' title='bbox 1092 4076 1342 4130; x_wconf 87' lang='lat' dir='ltr'><strong>Christus</strong></span> <span class='ocrx_word' id='word_1_457' title='bbox 1372 4073 1529 4127; x_wconf 85' lang='lat' dir='ltr'><strong>simul</strong></span> <span class='ocrx_word' id='word_1_458' title='bbox 1561 4087 1821 4140; x_wconf 88' lang='lat' dir='ltr'><strong>suspenso</strong></span> <span class='ocrx_word' id='word_1_459' title='bbox 1865 4072 2057 4124; x_wconf 88' lang='lat' dir='ltr'><strong>latroni</strong></span> <span class='ocrx_word' id='word_1_460' title='bbox 2095 4089 2108 4123; x_wconf 89' lang='lat'><strong>:</strong></span> <span class='ocrx_word' id='word_1_461' title='bbox 2141 4089 2158 4120; x_wconf 79' lang='grc' dir='ltr'><strong>ι</strong></span> <span class='ocrx_word' id='word_1_462' title='bbox 2191 4069 2297 4122; x_wconf 81' lang='lat' dir='ltr'><strong>Ho-</strong></span> 
     </span>
    </p>
   </div>
   <div class='ocr_carea' id='block_1_60' title="bbox 722 4160 2297 4232">
    <p class='ocr_par' dir='ltr' id='par_1_60' title="bbox 722 4160 2297 4232">
     <span class='ocr_line' id='line_1_60' title="bbox 722 4160 2297 4232; baseline -0.006 -9"><span class='ocrx_word' id='word_1_463' title='bbox 722 4173 807 4225; x_wconf 91' lang='lat' dir='ltr'><strong>die</strong></span> <span class='ocrx_word' id='word_1_464' title='bbox 841 4182 1049 4222; x_wconf 92' lang='lat' dir='ltr'><strong>mecum</strong></span> <span class='ocrx_word' id='word_1_465' title='bbox 1084 4167 1193 4219; x_wconf 89' lang='lat' dir='ltr'><strong>eris</strong></span> <span class='ocrx_word' id='word_1_466' title='bbox 1226 4165 1279 4218; x_wconf 92' lang='lat' dir='ltr'><strong>in</strong></span> <span class='ocrx_word' id='word_1_467' title='bbox 1320 4165 1569 4232; x_wconf 80' lang='lat' dir='ltr'><strong>paradiso</strong></span> <span class='ocrx_word' id='word_1_468' title='bbox 1595 4163 1660 4216; x_wconf 80' lang='grc'><strong>⁸⁸.</strong></span> <span class='ocrx_word' id='word_1_469' title='bbox 1703 4181 1720 4213; x_wconf 69' lang='grc' dir='ltr'><strong>ι</strong></span> <span class='ocrx_word' id='word_1_470' title='bbox 1759 4160 1949 4216; x_wconf 82' lang='lat' dir='ltr'><strong>Nonne</strong></span> <span class='ocrx_word' id='word_1_471' title='bbox 1979 4160 2179 4215; x_wconf 72' lang='lat' dir='ltr'><strong>affulsit</strong></span> <span class='ocrx_word' id='word_1_472' title='bbox 2214 4161 2297 4214; x_wconf 91' lang='lat' dir='ltr'><strong>bis</strong></span> 
     </span>
    </p>
   </div>
   <div class='ocr_carea' id='block_1_61' title="bbox 721 4252 2298 4328">
    <p class='ocr_par' dir='ltr' id='par_1_61' title="bbox 721 4252 2298 4328">
     <span class='ocr_line' id='line_1_61' title="bbox 721 4252 2298 4328; baseline -0.004 -16"><span class='ocrx_word' id='word_1_473' title='bbox 721 4260 811 4328; x_wconf 88' lang='lat' dir='ltr'><strong>qui</strong></span> <span class='ocrx_word' id='word_1_474' title='bbox 839 4260 892 4313; x_wconf 91' lang='lat' dir='ltr'><strong>in</strong></span> <span class='ocrx_word' id='word_1_475' title='bbox 922 4256 1162 4312; x_wconf 88' lang='lat' dir='ltr'><strong>tenebris</strong></span> <span class='ocrx_word' id='word_1_476' title='bbox 1187 4266 1366 4316; x_wconf 85' lang='lat' dir='ltr'><strong>erant,</strong></span> <span class='ocrx_word' id='word_1_477' title='bbox 1398 4271 1516 4308; x_wconf 92' lang='lat' dir='ltr'><strong>eum</strong></span> <span class='ocrx_word' id='word_1_478' title='bbox 1543 4263 1811 4324; x_wconf 89' lang='lat' dir='ltr'><strong>potestate</strong></span> <span class='ocrx_word' id='word_1_479' title='bbox 1843 4252 2162 4316; x_wconf 89' lang='lat' dir='ltr'><strong>inclamans,</strong></span> <span class='ocrx_word' id='word_1_480' title='bbox 2192 4252 2298 4306; x_wconf 71' lang='lat' dir='ltr'><strong>lle-</strong></span> 
     </span>
    </p>
   </div>
   <div class='ocr_carea' id='block_1_62' title="bbox 721 4343 2298 4409">
    <p class='ocr_par' dir='ltr' id='par_1_62' title="bbox 721 4343 2298 4409">
     <span class='ocr_line' id='line_1_62' title="bbox 721 4343 2298 4409; baseline -0.004 -7"><span class='ocrx_word' id='word_1_481' title='bbox 721 4348 1085 4405; x_wconf 73' lang='lat' dir='ltr'><strong>velamini&quot;?</strong></span> <span class='ocrx_word' id='word_1_482' title='bbox 1130 4346 1422 4401; x_wconf 73' lang='lat' dir='ltr'><strong>Evacuavit</strong></span> <span class='ocrx_word' id='word_1_483' title='bbox 1475 4347 1620 4400; x_wconf 90' lang='lat' dir='ltr'><strong>enim</strong></span> <span class='ocrx_word' id='word_1_484' title='bbox 1673 4344 1878 4399; x_wconf 88' lang='lat' dir='ltr'><strong>inferos</strong></span> <span class='ocrx_word' id='word_1_485' title='bbox 1932 4354 1988 4397; x_wconf 92' lang='lat' dir='ltr'><strong>ut</strong></span> <span class='ocrx_word' id='word_1_486' title='bbox 2045 4343 2202 4409; x_wconf 87' lang='lat' dir='ltr'><strong>Deus,</strong></span> <span class='ocrx_word' id='word_1_487' title='bbox 2246 4352 2298 4397; x_wconf 89' lang='lat' dir='ltr'><strong>ct</strong></span> 
     </span>
    </p>
   </div>
   <div class='ocr_carea' id='block_1_63' title="bbox 721 4436 2300 4510">
    <p class='ocr_par' dir='ltr' id='par_1_63' title="bbox 721 4436 2300 4510">
     <span class='ocr_line' id='line_1_63' title="bbox 721 4436 2300 4510; baseline -0.005 -13"><span class='ocrx_word' id='word_1_488' title='bbox 721 4457 838 4508; x_wconf 88' lang='lat' dir='ltr'><strong>eos,</strong></span> <span class='ocrx_word' id='word_1_489' title='bbox 884 4442 971 4510; x_wconf 90' lang='lat' dir='ltr'><strong>qui</strong></span> <span class='ocrx_word' id='word_1_490' title='bbox 1003 4441 1072 4494; x_wconf 89' lang='lat' dir='ltr'><strong>ibi</strong></span> <span class='ocrx_word' id='word_1_491' title='bbox 1105 4448 1282 4502; x_wconf 91' lang='lat' dir='ltr'><strong>erant,</strong></span> <span class='ocrx_word' id='word_1_492' title='bbox 1333 4454 1362 4491; x_wconf 89' lang='lat' dir='ltr'><strong>a</strong></span> <span class='ocrx_word' id='word_1_493' title='bbox 1416 4437 1646 4492; x_wconf 76' lang='lat' dir='ltr'><strong>vinculis</strong></span> <span class='ocrx_word' id='word_1_494' title='bbox 1688 4437 1946 4490; x_wconf 81' lang='lat' dir='ltr'><strong>relaxavit</strong></span> <span class='ocrx_word' id='word_1_495' title='bbox 1973 4436 2039 4489; x_wconf 78' lang='grc'><strong>⁸⁸.</strong></span> <span class='ocrx_word' id='word_1_496' title='bbox 2073 4436 2140 4489; x_wconf 88' lang='grc' dir='ltr'><strong>Ει</strong></span> <span class='ocrx_word' id='word_1_497' title='bbox 2185 4437 2300 4504; x_wconf 85' lang='lat' dir='ltr'><strong>ipse</strong></span> 
     </span>
    </p>
   </div>
   <div class='ocr_carea' id='block_1_64' title="bbox 2386 1977 3983 2051">
    <p class='ocr_par' dir='ltr' id='par_1_64' title="bbox 2386 1977 3983 2051">
     <span class='ocr_line' id='line_1_64' title="bbox 2386 1977 3983 2051; baseline -0.004 -14"><span class='ocrx_word' id='word_1_498' title='bbox 2386 2002 2478 2048; x_wconf 86' lang='grc' dir='ltr'>τος</span> <span class='ocrx_word' id='word_1_499' title='bbox 2501 2001 2513 2014; x_wconf 75' lang='grc' dir='ltr'><strong>ο</strong></span> <span class='ocrx_word' id='word_1_500' title='bbox 2553 2002 2572 2035; x_wconf 74' lang='grc' dir='ltr'><strong>ι</strong></span> <span class='ocrx_word' id='word_1_501' title='bbox 2610 1983 2721 2036; x_wconf 73' lang='grc' dir='ltr'><strong>Καὶ</strong></span> <span class='ocrx_word' id='word_1_502' title='bbox 2750 1981 2954 2035; x_wconf 83' lang='grc' dir='ltr'>ὲνδύσω</span> <span class='ocrx_word' id='word_1_503' title='bbox 2981 1981 3072 2034; x_wconf 88' lang='grc' dir='ltr'><strong>τὸν</strong></span> <span class='ocrx_word' id='word_1_504' title='bbox 3102 1981 3330 2051; x_wconf 81' lang='grc' dir='ltr'>οὐρανὸν</span> <span class='ocrx_word' id='word_1_505' title='bbox 3353 1979 3564 2042; x_wconf 85' lang='grc' dir='ltr'><strong>σκότος,</strong></span> <span class='ocrx_word' id='word_1_506' title='bbox 3589 1978 3683 2030; x_wconf 79' lang='grc' dir='ltr'>καὶ</span> <span class='ocrx_word' id='word_1_507' title='bbox 3713 1977 3865 2048; x_wconf 83' lang='grc' dir='ltr'>θήσω</span> <span class='ocrx_word' id='word_1_508' title='bbox 3892 1977 3983 2040; x_wconf 80' lang='grc' dir='ltr'><strong>ὡς</strong></span> 
     </span>
    </p>
   </div>
   <div class='ocr_carea' id='block_1_65' title="bbox 2389 2067 3984 2144">
    <p class='ocr_par' dir='ltr' id='par_1_65' title="bbox 2389 2067 3984 2144">
     <span class='ocr_line' id='line_1_65' title="bbox 2389 2067 3984 2144; baseline -0.007 -14"><span class='ocrx_word' id='word_1_509' title='bbox 2389 2077 2594 2130; x_wconf 85' lang='grc' dir='ltr'>σάκκον</span> <span class='ocrx_word' id='word_1_510' title='bbox 2619 2075 2680 2128; x_wconf 80' lang='grc' dir='ltr'>τὸ</span> <span class='ocrx_word' id='word_1_511' title='bbox 2711 2072 3060 2144; x_wconf 81' lang='grc' dir='ltr'>περιὸόλαιον</span> <span class='ocrx_word' id='word_1_512' title='bbox 3107 2070 3294 2125; x_wconf 83' lang='grc' dir='ltr'>αὐτοῦ.</span> <span class='ocrx_word' id='word_1_513' title='bbox 3334 2089 3353 2121; x_wconf 71' lang='grc' dir='ltr'><strong>ι</strong></span> <span class='ocrx_word' id='word_1_514' title='bbox 3391 2069 3563 2132; x_wconf 80' lang='grc' dir='ltr'>Αὐτὸς</span> <span class='ocrx_word' id='word_1_515' title='bbox 3596 2069 3704 2138; x_wconf 82' lang='grc' dir='ltr'><strong>γάρ</strong></span> <span class='ocrx_word' id='word_1_516' title='bbox 3734 2069 3763 2119; x_wconf 97' lang='lat'><strong>6</strong></span> <span class='ocrx_word' id='word_1_517' title='bbox 3788 2067 3984 2120; x_wconf 79' lang='grc' dir='ltr'><strong>λᾶλῶν</strong></span> 
     </span>
    </p>
   </div>
   <div class='ocr_carea' id='block_1_66' title="bbox 2388 2158 3983 2236">
    <p class='ocr_par' dir='ltr' id='par_1_66' title="bbox 2388 2158 3983 2236">
     <span class='ocr_line' id='line_1_66' title="bbox 2388 2158 3983 2236; baseline -0.008 -17"><span class='ocrx_word' id='word_1_518' title='bbox 2388 2167 2642 2236; x_wconf 88' lang='grc' dir='ltr'>πάρεστι,</span> <span class='ocrx_word' id='word_1_519' title='bbox 2692 2164 2788 2216; x_wconf 61' lang='grc' dir='ltr'><strong>κα)⁵</strong></span> <span class='ocrx_word' id='word_1_520' title='bbox 2834 2163 2862 2216; x_wconf 83' lang='grc' dir='ltr'>ὃ</span> <span class='ocrx_word' id='word_1_521' title='bbox 2904 2163 3072 2215; x_wconf 86' lang='grc' dir='ltr'>πάλαι</span> <span class='ocrx_word' id='word_1_522' title='bbox 3124 2159 3549 2231; x_wconf 76' lang='grc' dir='ltr'>προμεμήνυκεν</span> <span class='ocrx_word' id='word_1_523' title='bbox 3591 2158 3849 2225; x_wconf 78' lang='grc' dir='ltr'><strong>ἐσόμενον</strong></span> <span class='ocrx_word' id='word_1_524' title='bbox 3892 2158 3983 2220; x_wconf 77' lang='grc' dir='ltr'>ὡς</span> 
     </span>
    </p>
   </div>
   <div class='ocr_carea' id='block_1_67' title="bbox 2387 2248 3984 2324">
    <p class='ocr_par' dir='ltr' id='par_1_67' title="bbox 2387 2248 3984 2324">
     <span class='ocr_line' id='line_1_67' title="bbox 2387 2248 3984 2324; baseline -0.005 -16"><span class='ocrx_word' id='word_1_525' title='bbox 2387 2256 2541 2319; x_wconf 80' lang='grc' dir='ltr'>Θεὸς,</span> <span class='ocrx_word' id='word_1_526' title='bbox 2575 2255 2862 2324; x_wconf 76' lang='grc' dir='ltr'>ἐπλήρωσε</span> <span class='ocrx_word' id='word_1_527' title='bbox 2888 2253 3031 2306; x_wconf 86' lang='grc' dir='ltr'>κατὰ</span> <span class='ocrx_word' id='word_1_528' title='bbox 3060 2252 3287 2322; x_wconf 83' lang='grc' dir='ltr'>καιροὺς</span> <span class='ocrx_word' id='word_1_529' title='bbox 3316 2249 3672 2320; x_wconf 77' lang='grc' dir='ltr'>ἀνθρωπίνως</span> <span class='ocrx_word' id='word_1_530' title='bbox 3701 2248 3984 2318; x_wconf 73' lang='grc' dir='ltr'>σταυροὺ-</span> 
     </span>
    </p>
   </div>
   <div class='ocr_carea' id='block_1_68' title="bbox 2391 2339 3983 2418">
    <p class='ocr_par' dir='ltr' id='par_1_68' title="bbox 2391 2339 3983 2418">
     <span class='ocr_line' id='line_1_68' title="bbox 2391 2339 3983 2418; baseline -0.005 -19"><span class='ocrx_word' id='word_1_531' title='bbox 2391 2363 2570 2418; x_wconf 87' lang='grc' dir='ltr'>μενος.</span> <span class='ocrx_word' id='word_1_532' title='bbox 2616 2345 2917 2414; x_wconf 70' lang='grc' dir='ltr'><strong>Μονονουχὶ</strong></span> <span class='ocrx_word' id='word_1_533' title='bbox 2960 2343 3069 2413; x_wconf 84' lang='grc' dir='ltr'><strong>γὰρ</strong></span> <span class='ocrx_word' id='word_1_534' title='bbox 3122 2341 3378 2394; x_wconf 83' lang='grc' dir='ltr'>πενθικὸν</span> <span class='ocrx_word' id='word_1_535' title='bbox 3427 2340 3640 2409; x_wconf 76' lang='grc' dir='ltr'>ἱμάτιον</span> <span class='ocrx_word' id='word_1_536' title='bbox 3675 2342 3702 2393; x_wconf 90' lang='lat'><strong>6</strong></span> <span class='ocrx_word' id='word_1_537' title='bbox 3735 2339 3983 2410; x_wconf 74' lang='grc' dir='ltr'>οὐρανὸς</span> 
     </span>
    </p>
   </div>
   <div class='ocr_carea' id='block_1_69' title="bbox 2388 2429 3985 2505">
    <p class='ocr_par' dir='ltr' id='par_1_69' title="bbox 2388 2429 3985 2505">
     <span class='ocr_line' id='line_1_69' title="bbox 2388 2429 3985 2505; baseline -0.006 -14"><span class='ocrx_word' id='word_1_538' title='bbox 2388 2439 2480 2491; x_wconf 75' lang='grc' dir='ltr'><strong>τὸν</strong></span> <span class='ocrx_word' id='word_1_539' title='bbox 2513 2438 2702 2490; x_wconf 83' lang='grc' dir='ltr'>σκότον</span> <span class='ocrx_word' id='word_1_540' title='bbox 2736 2436 3004 2505; x_wconf 82' lang='grc' dir='ltr'>ὑπέσχετο</span> <span class='ocrx_word' id='word_1_541' title='bbox 3025 2451 3036 2462; x_wconf 85' lang='grc'>·</span> <span class='ocrx_word' id='word_1_542' title='bbox 3071 2435 3098 2486; x_wconf 90' lang='lat'><strong>6</strong></span> <span class='ocrx_word' id='word_1_543' title='bbox 3127 2434 3279 2502; x_wconf 73' lang='grc' dir='ltr'><strong>⁹ῆλιος</strong></span> <span class='ocrx_word' id='word_1_544' title='bbox 3307 2431 3363 2484; x_wconf 83' lang='grc' dir='ltr'>δὲ</span> <span class='ocrx_word' id='word_1_545' title='bbox 3389 2431 3499 2482; x_wconf 81' lang='grc' dir='ltr'><strong>τῶν</strong></span> <span class='ocrx_word' id='word_1_546' title='bbox 3524 2429 3756 2483; x_wconf 80' lang='grc' dir='ltr'>ἀκτίνων</span> <span class='ocrx_word' id='word_1_547' title='bbox 3783 2429 3844 2482; x_wconf 79' lang='grc' dir='ltr'>τὸ</span> <span class='ocrx_word' id='word_1_548' title='bbox 3877 2430 3985 2482; x_wconf 87' lang='grc' dir='ltr'>σέ-</span> 
     </span>
    </p>
   </div>
   <div class='ocr_carea' id='block_1_70' title="bbox 2389 2518 3985 2593">
    <p class='ocr_par' dir='ltr' id='par_1_70' title="bbox 2389 2518 3985 2593">
     <span class='ocr_line' id='line_1_70' title="bbox 2389 2518 3985 2593; baseline -0.008 -10"><span class='ocrx_word' id='word_1_549' title='bbox 2389 2530 2486 2592; x_wconf 83' lang='grc' dir='ltr'><strong>λας</strong></span> <span class='ocrx_word' id='word_1_550' title='bbox 2511 2529 2692 2582; x_wconf 76' lang='grc' dir='ltr'>οὐκέτι</span> <span class='ocrx_word' id='word_1_551' title='bbox 2731 2527 2904 2589; x_wconf 79' lang='grc' dir='ltr'>διδοὺς</span> <span class='ocrx_word' id='word_1_552' title='bbox 2932 2529 3042 2588; x_wconf 85' lang='grc' dir='ltr'>τοῖς</span> <span class='ocrx_word' id='word_1_553' title='bbox 3071 2523 3470 2593; x_wconf 86' lang='grc' dir='ltr'>ὲμπαροινῆσαι</span> <span class='ocrx_word' id='word_1_554' title='bbox 3499 2520 3858 2590; x_wconf 84' lang='grc' dir='ltr'>τετολμηκόσι</span> <span class='ocrx_word' id='word_1_555' title='bbox 3889 2518 3985 2588; x_wconf 76' lang='grc' dir='ltr'><strong>τῷ</strong></span> 
     </span>
    </p>
   </div>
   <div class='ocr_carea' id='block_1_71' title="bbox 2390 2613 3983 2691">
    <p class='ocr_par' dir='ltr' id='par_1_71' title="bbox 2390 2613 3983 2691">
     <span class='ocr_line' id='line_1_71' title="bbox 2390 2613 3983 2691; baseline -0.007 -16"><span class='ocrx_word' id='word_1_556' title='bbox 2390 2623 2496 2675; x_wconf 84' lang='grc' dir='ltr'><strong>τῶν</strong></span> <span class='ocrx_word' id='word_1_557' title='bbox 2526 2623 2662 2675; x_wconf 85' lang='grc' dir='ltr'>ὅλων</span> <span class='ocrx_word' id='word_1_558' title='bbox 2686 2621 2932 2691; x_wconf 86' lang='grc' dir='ltr'>Δεσπότῃ</span> <span class='ocrx_word' id='word_1_559' title='bbox 2960 2618 3054 2672; x_wconf 70' lang='grc' dir='ltr'>καὶ</span> <span class='ocrx_word' id='word_1_560' title='bbox 3080 2616 3220 2686; x_wconf 84' lang='grc' dir='ltr'>Θεῷ,</span> <span class='ocrx_word' id='word_1_561' title='bbox 3238 2615 3328 2668; x_wconf 86' lang='grc' dir='ltr'>τὸν</span> <span class='ocrx_word' id='word_1_562' title='bbox 3358 2617 3436 2677; x_wconf 85' lang='grc' dir='ltr'><strong>είς</strong></span> <span class='ocrx_word' id='word_1_563' title='bbox 3469 2613 3592 2666; x_wconf 75' lang='grc' dir='ltr'>νοῦν</span> <span class='ocrx_word' id='word_1_564' title='bbox 3624 2613 3717 2666; x_wconf 72' lang='grc' dir='ltr'>καὶ</span> <span class='ocrx_word' id='word_1_565' title='bbox 3737 2613 3983 2682; x_wconf 78' lang='grc' dir='ltr'>καρδίαν</span> 
     </span>
    </p>
   </div>
   <div class='ocr_carea' id='block_1_72' title="bbox 2393 2704 3983 2784">
    <p class='ocr_par' dir='ltr' id='par_1_72' title="bbox 2393 2704 3983 2784">
     <span class='ocr_line' id='line_1_72' title="bbox 2393 2704 3983 2784; baseline -0.007 -16"><span class='ocrx_word' id='word_1_566' title='bbox 2393 2716 2650 2784; x_wconf 77' lang='grc' dir='ltr'><strong>ἐσόμενον</strong></span> <span class='ocrx_word' id='word_1_567' title='bbox 2696 2715 2878 2776; x_wconf 83' lang='grc' dir='ltr'>αὐτοῖς</span> <span class='ocrx_word' id='word_1_568' title='bbox 2923 2712 3464 2782; x_wconf 79' lang='grc' dir='ltr'>προκαταμεμήνυκε</span> <span class='ocrx_word' id='word_1_569' title='bbox 3499 2707 3708 2760; x_wconf 84' lang='grc' dir='ltr'>σκότον.</span> <span class='ocrx_word' id='word_1_570' title='bbox 3761 2704 3983 2760; x_wconf 77' lang='grc' dir='ltr'>Ψάλλει</span> 
     </span>
    </p>
   </div>
   <div class='ocr_carea' id='block_1_73' title="bbox 2391 2796 3984 2876">
    <p class='ocr_par' dir='ltr' id='par_1_73' title="bbox 2391 2796 3984 2876">
     <span class='ocr_line' id='line_1_73' title="bbox 2391 2796 3984 2876; baseline -0.008 -17"><span class='ocrx_word' id='word_1_571' title='bbox 2391 2809 2500 2876; x_wconf 87' lang='grc' dir='ltr'><strong>γάρ</strong></span> <span class='ocrx_word' id='word_1_572' title='bbox 2531 2823 2631 2858; x_wconf 90' lang='grc' dir='ltr'><strong>που</strong></span> <span class='ocrx_word' id='word_1_573' title='bbox 2657 2806 2749 2858; x_wconf 71' lang='grc' dir='ltr'>καὶ</span> <span class='ocrx_word' id='word_1_574' title='bbox 2774 2807 2801 2857; x_wconf 90' lang='lat'><strong>6</strong></span> <span class='ocrx_word' id='word_1_575' title='bbox 2834 2804 3104 2874; x_wconf 84' lang='grc' dir='ltr'>μακάριος</span> <span class='ocrx_word' id='word_1_576' title='bbox 3129 2801 3294 2854; x_wconf 75' lang='grc' dir='ltr'>Δαϐὶδ</span> <span class='ocrx_word' id='word_1_577' title='bbox 3329 2800 3458 2869; x_wconf 67' lang='grc' dir='ltr'><strong>’περὶ¹</strong></span> <span class='ocrx_word' id='word_1_578' title='bbox 3492 2797 3703 2851; x_wconf 76' lang='grc' dir='ltr'>αὐτῶν·</span> <span class='ocrx_word' id='word_1_579' title='bbox 3735 2814 3754 2847; x_wconf 80' lang='grc' dir='ltr'><strong>ι</strong></span> <span class='ocrx_word' id='word_1_580' title='bbox 3777 2796 3984 2848; x_wconf 87' lang='grc' dir='ltr'>Σκοτι-</span> 
     </span>
    </p>
   </div>
   <div class='ocr_carea' id='block_1_74' title="bbox 2394 2887 3986 2965">
    <p class='ocr_par' dir='ltr' id='par_1_74' title="bbox 2394 2887 3986 2965">
     <span class='ocr_line' id='line_1_74' title="bbox 2394 2887 3986 2965; baseline -0.008 -16"><span class='ocrx_word' id='word_1_581' title='bbox 2394 2897 2676 2965; x_wconf 84' lang='grc' dir='ltr'>σθήτωσαν</span> <span class='ocrx_word' id='word_1_582' title='bbox 2707 2897 2757 2947; x_wconf 89' lang='grc' dir='ltr'><strong>οἱ</strong></span> <span class='ocrx_word' id='word_1_583' title='bbox 2803 2893 3073 2963; x_wconf 76' lang='grc' dir='ltr'>ὀφθαλμοὶ</span> <span class='ocrx_word' id='word_1_584' title='bbox 3103 2891 3300 2956; x_wconf 71' lang='grc' dir='ltr'>αὐτῶν,</span> <span class='ocrx_word' id='word_1_585' title='bbox 3335 2889 3427 2942; x_wconf 78' lang='grc' dir='ltr'><strong>τού</strong></span> <span class='ocrx_word' id='word_1_586' title='bbox 3473 2889 3545 2959; x_wconf 84' lang='grc' dir='ltr'><strong>μὴ</strong></span> <span class='ocrx_word' id='word_1_587' title='bbox 3578 2887 3820 2956; x_wconf 76' lang='grc' dir='ltr'>βλέπειν,</span> <span class='ocrx_word' id='word_1_588' title='bbox 3869 2887 3986 2938; x_wconf 77' lang='grc' dir='ltr'>καὶ</span> 
     </span>
    </p>
   </div>
   <div class='ocr_carea' id='block_1_75' title="bbox 2390 2981 3982 3050">
    <p class='ocr_par' dir='ltr' id='par_1_75' title="bbox 2390 2981 3982 3050">
     <span class='ocr_line' id='line_1_75' title="bbox 2390 2981 3982 3050; baseline -0.007 -10"><span class='ocrx_word' id='word_1_589' title='bbox 2390 2987 2482 3039; x_wconf 75' lang='grc' dir='ltr'><strong>τὸν</strong></span> <span class='ocrx_word' id='word_1_590' title='bbox 2531 2986 2696 3040; x_wconf 85' lang='grc' dir='ltr'>νῶτον</span> <span class='ocrx_word' id='word_1_591' title='bbox 2737 2983 2915 3037; x_wconf 83' lang='grc' dir='ltr'>αὐτῶν</span> <span class='ocrx_word' id='word_1_592' title='bbox 2960 2983 3252 3044; x_wconf 78' lang='grc' dir='ltr'>διαπαντὸς</span> <span class='ocrx_word' id='word_1_593' title='bbox 3289 2981 3633 3050; x_wconf 70' lang='grc' dir='ltr'>σύγκαμψον.</span> <span class='ocrx_word' id='word_1_594' title='bbox 3669 2999 3686 3030; x_wconf 70' lang='grc' dir='ltr'><strong>ι</strong></span> <span class='ocrx_word' id='word_1_595' title='bbox 3731 2981 3982 3050; x_wconf 72' lang='grc' dir='ltr'><strong>Διεῤῥὴ-</strong></span> 
     </span>
    </p>
   </div>
   <div class='ocr_carea' id='block_1_76' title="bbox 2392 3071 3986 3145">
    <p class='ocr_par' dir='ltr' id='par_1_76' title="bbox 2392 3071 3986 3145">
     <span class='ocr_line' id='line_1_76' title="bbox 2392 3071 3986 3145; baseline -0.005 -15"><span class='ocrx_word' id='word_1_596' title='bbox 2392 3094 2554 3145; x_wconf 88' lang='grc' dir='ltr'>γνυτο</span> <span class='ocrx_word' id='word_1_597' title='bbox 2603 3077 2659 3129; x_wconf 85' lang='grc' dir='ltr'>δὲ</span> <span class='ocrx_word' id='word_1_598' title='bbox 2707 3076 2801 3128; x_wconf 76' lang='grc' dir='ltr'>καὶ</span> <span class='ocrx_word' id='word_1_599' title='bbox 2846 3076 2906 3127; x_wconf 81' lang='grc' dir='ltr'>τὸ</span> <span class='ocrx_word' id='word_1_600' title='bbox 2941 3075 3346 3142; x_wconf 84' lang='grc' dir='ltr'>καταπέτασμα</span> <span class='ocrx_word' id='word_1_601' title='bbox 3391 3073 3485 3125; x_wconf 82' lang='grc' dir='ltr'>τού</span> <span class='ocrx_word' id='word_1_602' title='bbox 3536 3071 3689 3135; x_wconf 81' lang='grc' dir='ltr'>ναοῦ,</span> <span class='ocrx_word' id='word_1_603' title='bbox 3735 3074 3849 3134; x_wconf 82' lang='grc' dir='ltr'>τοῖς</span> <span class='ocrx_word' id='word_1_604' title='bbox 3892 3073 3986 3134; x_wconf 87' lang='grc' dir='ltr'><strong>είς</strong></span> 
     </span>
    </p>
   </div>
   <div class='ocr_carea' id='block_1_77' title="bbox 2395 3163 3987 3235">
    <p class='ocr_par' dir='ltr' id='par_1_77' title="bbox 2395 3163 3987 3235">
     <span class='ocr_line' id='line_1_77' title="bbox 2395 3163 3987 3235; baseline -0.003 -13"><span class='ocrx_word' id='word_1_605' title='bbox 2395 3170 2556 3222; x_wconf 84' lang='grc' dir='ltr'>αύτὸν</span> <span class='ocrx_word' id='word_1_606' title='bbox 2614 3169 2961 3221; x_wconf 80' lang='grc' dir='ltr'>πιστεύουσιν</span> <span class='ocrx_word' id='word_1_607' title='bbox 3000 3165 3336 3219; x_wconf 84' lang='grc' dir='ltr'>ὲκκαλύπτον</span> <span class='ocrx_word' id='word_1_608' title='bbox 3384 3165 3484 3235; x_wconf 72' lang='grc' dir='ltr'><strong>ἤδη</strong></span> <span class='ocrx_word' id='word_1_609' title='bbox 3531 3163 3601 3217; x_wconf 71' lang='grc' dir='ltr'><strong>τὰ</strong></span> <span class='ocrx_word' id='word_1_610' title='bbox 3637 3165 3810 3232; x_wconf 82' lang='grc' dir='ltr'>Ἀγια</span> <span class='ocrx_word' id='word_1_611' title='bbox 3859 3163 3987 3217; x_wconf 82' lang='grc' dir='ltr'>τῶν</span> 
     </span>
    </p>
   </div>
   <div class='ocr_carea' id='block_1_78' title="bbox 2398 3255 3988 3328">
    <p class='ocr_par' dir='ltr' id='par_1_78' title="bbox 2398 3255 3988 3328">
     <span class='ocr_line' id='line_1_78' title="bbox 2398 3255 3988 3328; baseline -0.003 -15"><span class='ocrx_word' id='word_1_612' title='bbox 2398 3261 2588 3328; x_wconf 84' lang='grc' dir='ltr'>ἁγίων,</span> <span class='ocrx_word' id='word_1_613' title='bbox 2635 3260 2729 3312; x_wconf 76' lang='grc' dir='ltr'>καὶ</span> <span class='ocrx_word' id='word_1_614' title='bbox 2770 3260 2838 3312; x_wconf 82' lang='grc' dir='ltr'><strong>τὰ</strong></span> <span class='ocrx_word' id='word_1_615' title='bbox 2880 3260 3134 3312; x_wconf 74' lang='grc' dir='ltr'>ἐσωτάτω</span> <span class='ocrx_word' id='word_1_616' title='bbox 3181 3256 3459 3310; x_wconf 74' lang='grc' dir='ltr'>δεικνύονο</span> <span class='ocrx_word' id='word_1_617' title='bbox 3514 3257 3590 3319; x_wconf 82' lang='grc' dir='ltr'>ὡς</span> <span class='ocrx_word' id='word_1_618' title='bbox 3634 3255 3819 3309; x_wconf 78' lang='grc' dir='ltr'>οὐκέτι</span> <span class='ocrx_word' id='word_1_619' title='bbox 3874 3257 3988 3325; x_wconf 78' lang='grc' dir='ltr'><strong>μὲν</strong></span> 
     </span>
    </p>
   </div>
   <div class='ocr_carea' id='block_1_79' title="bbox 2396 3347 3986 3420">
    <p class='ocr_par' dir='ltr' id='par_1_79' title="bbox 2396 3347 3986 3420">
     <span class='ocr_line' id='line_1_79' title="bbox 2396 3347 3986 3420; baseline -0.003 -17"><span class='ocrx_word' id='word_1_620' title='bbox 2396 3351 2625 3420; x_wconf 81' lang='grc' dir='ltr'>έχούσης</span> <span class='ocrx_word' id='word_1_621' title='bbox 2660 3350 2846 3403; x_wconf 86' lang='grc' dir='ltr'>στάσιν</span> <span class='ocrx_word' id='word_1_622' title='bbox 2868 3351 2964 3419; x_wconf 83' lang='grc' dir='ltr'><strong>τῆς</strong></span> <span class='ocrx_word' id='word_1_623' title='bbox 2996 3349 3220 3420; x_wconf 78' lang='grc' dir='ltr'>πρώτης</span> <span class='ocrx_word' id='word_1_624' title='bbox 3250 3348 3474 3418; x_wconf 81' lang='grc' dir='ltr'>σκηνῆς,</span> <span class='ocrx_word' id='word_1_625' title='bbox 3504 3347 3986 3418; x_wconf 71' lang='grc' dir='ltr'>πεφανερωμένης</span> 
     </span>
    </p>
   </div>
   <div class='ocr_carea' id='block_1_80' title="bbox 2395 3438 3992 3512">
    <p class='ocr_par' dir='ltr' id='par_1_80' title="bbox 2395 3438 3992 3512">
     <span class='ocr_line' id='line_1_80' title="bbox 2395 3438 3992 3512; baseline -0.003 -18"><span class='ocrx_word' id='word_1_626' title='bbox 2395 3443 2450 3494; x_wconf 81' lang='grc' dir='ltr'>δὲ</span> <span class='ocrx_word' id='word_1_627' title='bbox 2489 3443 2587 3512; x_wconf 66' lang='grc' dir='ltr'><strong>ἤδη</strong></span> <span class='ocrx_word' id='word_1_628' title='bbox 2615 3443 2711 3511; x_wconf 89' lang='grc' dir='ltr'><strong>τῆς</strong></span> <span class='ocrx_word' id='word_1_629' title='bbox 2745 3442 2851 3492; x_wconf 82' lang='grc' dir='ltr'>τῶν</span> <span class='ocrx_word' id='word_1_630' title='bbox 2888 3441 3056 3507; x_wconf 84' lang='grc' dir='ltr'>ἁγίων</span> <span class='ocrx_word' id='word_1_631' title='bbox 3087 3440 3229 3501; x_wconf 76' lang='grc' dir='ltr'>ὁδοῦ,</span> <span class='ocrx_word' id='word_1_632' title='bbox 3259 3438 3418 3506; x_wconf 84' lang='grc' dir='ltr'>δῆλον</span> <span class='ocrx_word' id='word_1_633' title='bbox 3455 3439 3509 3489; x_wconf 83' lang='grc' dir='ltr'>δὲ</span> <span class='ocrx_word' id='word_1_634' title='bbox 3542 3440 3622 3490; x_wconf 80' lang='grc' dir='ltr'>ὅτι</span> <span class='ocrx_word' id='word_1_635' title='bbox 3656 3439 3755 3507; x_wconf 81' lang='grc' dir='ltr'><strong>τῆς</strong></span> <span class='ocrx_word' id='word_1_636' title='bbox 3789 3440 3869 3500; x_wconf 87' lang='grc' dir='ltr'><strong>είς</strong></span> <span class='ocrx_word' id='word_1_637' title='bbox 3908 3438 3992 3490; x_wconf 70' lang='grc' dir='ltr'>τὰ</span> 
     </span>
    </p>
   </div>
   <div class='ocr_carea' id='block_1_81' title="bbox 2401 3527 3990 3600">
    <p class='ocr_par' dir='ltr' id='par_1_81' title="bbox 2401 3527 3990 3600">
     <span class='ocr_line' id='line_1_81' title="bbox 2401 3527 3990 3600; baseline -0.003 -16"><span class='ocrx_word' id='word_1_638' title='bbox 2401 3533 2565 3600; x_wconf 74' lang='grc' dir='ltr'>’Ἅγια</span> <span class='ocrx_word' id='word_1_639' title='bbox 2600 3532 2708 3584; x_wconf 82' lang='grc' dir='ltr'>τῶν</span> <span class='ocrx_word' id='word_1_640' title='bbox 2736 3531 2926 3598; x_wconf 79' lang='grc' dir='ltr'>ἁγίων·</span> <span class='ocrx_word' id='word_1_641' title='bbox 2961 3531 3116 3597; x_wconf 82' lang='grc' dir='ltr'>ἆγιος</span> <span class='ocrx_word' id='word_1_642' title='bbox 3145 3530 3242 3598; x_wconf 86' lang='grc' dir='ltr'><strong>μὲν</strong></span> <span class='ocrx_word' id='word_1_643' title='bbox 3275 3529 3383 3600; x_wconf 81' lang='grc' dir='ltr'>γὰρ</span> <span class='ocrx_word' id='word_1_644' title='bbox 3413 3527 3858 3597; x_wconf 82' lang='grc' dir='ltr'>ὁμολογουμένως</span> <span class='ocrx_word' id='word_1_645' title='bbox 3882 3529 3990 3582; x_wconf 78' lang='grc' dir='ltr'>καὶ</span> 
     </span>
    </p>
   </div>
   <div class='ocr_carea' id='block_1_82' title="bbox 2398 3618 3990 3692">
    <p class='ocr_par' dir='ltr' id='par_1_82' title="bbox 2398 3618 3990 3692">
     <span class='ocr_line' id='line_1_82' title="bbox 2398 3618 3990 3692; baseline -0.003 -17"><span class='ocrx_word' id='word_1_646' title='bbox 2398 3625 2425 3674; x_wconf 89' lang='grc' dir='ltr'>ὁ</span> <span class='ocrx_word' id='word_1_647' title='bbox 2454 3623 2613 3692; x_wconf 93' lang='grc' dir='ltr'>νόμος</span> <span class='ocrx_word' id='word_1_648' title='bbox 2647 3618 2734 3692; x_wconf 76' lang='grc' dir='ltr'>ἦν,</span> <span class='ocrx_word' id='word_1_649' title='bbox 2769 3623 2850 3674; x_wconf 84' lang='grc' dir='ltr'>ὃτι</span> <span class='ocrx_word' id='word_1_650' title='bbox 2885 3623 2976 3674; x_wconf 76' lang='grc' dir='ltr'>καὶ</span> <span class='ocrx_word' id='word_1_651' title='bbox 3001 3621 3344 3690; x_wconf 77' lang='grc' dir='ltr'>δικαιοσύνης</span> <span class='ocrx_word' id='word_1_652' title='bbox 3372 3620 3656 3689; x_wconf 79' lang='grc' dir='ltr'>πρύτανις,</span> <span class='ocrx_word' id='word_1_653' title='bbox 3693 3619 3890 3686; x_wconf 86' lang='grc' dir='ltr'>γέγονε</span> <span class='ocrx_word' id='word_1_654' title='bbox 3924 3619 3990 3671; x_wconf 81' lang='grc' dir='ltr'>δὲ</span> 
     </span>
    </p>
   </div>
   <div class='ocr_carea' id='block_1_83' title="bbox 2398 3710 3992 3783">
    <p class='ocr_par' dir='ltr' id='par_1_83' title="bbox 2398 3710 3992 3783">
     <span class='ocr_line' id='line_1_83' title="bbox 2398 3710 3992 3783; baseline -0.004 -14"><span class='ocrx_word' id='word_1_655' title='bbox 2398 3716 2494 3770; x_wconf 45' lang='grc' dir='ltr'><strong>καί⁵</strong></span> <span class='ocrx_word' id='word_1_656' title='bbox 2553 3714 2899 3782; x_wconf 86' lang='grc' dir='ltr'>παιδαγωγὸς</span> <span class='ocrx_word' id='word_1_657' title='bbox 2959 3715 3038 3776; x_wconf 75' lang='grc' dir='ltr'>εἰς</span> <span class='ocrx_word' id='word_1_658' title='bbox 3087 3713 3354 3783; x_wconf 83' lang='grc' dir='ltr'>Χριστόν’</span> <span class='ocrx_word' id='word_1_659' title='bbox 3413 3713 3688 3781; x_wconf 82' lang='grc' dir='ltr'>άγιωτερα</span> <span class='ocrx_word' id='word_1_660' title='bbox 3743 3728 3808 3778; x_wconf 88' lang='grc' dir='ltr'>γε</span> <span class='ocrx_word' id='word_1_661' title='bbox 3869 3710 3992 3781; x_wconf 77' lang='grc' dir='ltr'>μὴν</span> 
     </span>
    </p>
   </div>
   <div class='ocr_carea' id='block_1_84' title="bbox 2397 3801 3991 3876">
    <p class='ocr_par' dir='ltr' id='par_1_84' title="bbox 2397 3801 3991 3876">
     <span class='ocr_line' id='line_1_84' title="bbox 2397 3801 3991 3876; baseline 0.005 -17"><span class='ocrx_word' id='word_1_662' title='bbox 2397 3807 2744 3876; x_wconf 82' lang='grc' dir='ltr'>ἁσυγκρίτως</span> <span class='ocrx_word' id='word_1_663' title='bbox 2789 3807 2821 3874; x_wconf 80' lang='grc' dir='ltr'>ἡ</span> <span class='ocrx_word' id='word_1_664' title='bbox 2858 3807 2913 3855; x_wconf 79' lang='grc' dir='ltr'><strong>ὲν</strong></span> <span class='ocrx_word' id='word_1_665' title='bbox 2947 3805 3167 3873; x_wconf 79' lang='grc' dir='ltr'>Χριστῷ</span> <span class='ocrx_word' id='word_1_666' title='bbox 3215 3806 3415 3856; x_wconf 79' lang='grc' dir='ltr'>νοεῖται</span> <span class='ocrx_word' id='word_1_667' title='bbox 3465 3804 3576 3874; x_wconf 81' lang='grc' dir='ltr'><strong>ζωὴ</strong></span> <span class='ocrx_word' id='word_1_668' title='bbox 3607 3844 3618 3865; x_wconf 86' lang='lat'><strong>,</strong></span> <span class='ocrx_word' id='word_1_669' title='bbox 3652 3802 3746 3854; x_wconf 69' lang='grc' dir='ltr'>καὶ</span> <span class='ocrx_word' id='word_1_670' title='bbox 3780 3801 3883 3870; x_wconf 80' lang='grc' dir='ltr'>τῆς</span> <span class='ocrx_word' id='word_1_671' title='bbox 3925 3805 3991 3854; x_wconf 71' lang='grc' dir='ltr'>ἐν</span> 
     </span>
    </p>
   </div>
   <div class='ocr_carea' id='block_1_85' title="bbox 2400 3895 3992 3969">
    <p class='ocr_par' dir='ltr' id='par_1_85' title="bbox 2400 3895 3992 3969">
     <span class='ocr_line' id='line_1_85' title="bbox 2400 3895 3992 3969; baseline -0.001 -19"><span class='ocrx_word' id='word_1_672' title='bbox 2400 3901 2626 3969; x_wconf 81' lang='grc' dir='ltr'>σκηναῖς</span> <span class='ocrx_word' id='word_1_673' title='bbox 2657 3897 2674 3968; x_wconf 72' lang='grc' dir='ltr'>Ῐ</span> <span class='ocrx_word' id='word_1_674' title='bbox 2700 3899 2785 3950; x_wconf 85' lang='grc' dir='ltr'><strong>ἵσ.</strong></span> <span class='ocrx_word' id='word_1_675' title='bbox 2824 3896 3045 3967; x_wconf 80' lang='grc' dir='ltr'>σκιαῖς]</span> <span class='ocrx_word' id='word_1_676' title='bbox 3076 3897 3169 3949; x_wconf 70' lang='grc' dir='ltr'><strong>καὶ</strong></span> <span class='ocrx_word' id='word_1_677' title='bbox 3195 3896 3383 3960; x_wconf 86' lang='grc' dir='ltr'>τύποις</span> <span class='ocrx_word' id='word_1_678' title='bbox 3411 3895 3664 3965; x_wconf 73' lang='grc' dir='ltr'>λατρείας</span> <span class='ocrx_word' id='word_1_679' title='bbox 3703 3911 3992 3967; x_wconf 72' lang='grc' dir='ltr'>προφερε-</span> 
     </span>
    </p>
   </div>
   <div class='ocr_carea' id='block_1_86' title="bbox 2401 3985 3993 4058">
    <p class='ocr_par' dir='ltr' id='par_1_86' title="bbox 2401 3985 3993 4058">
     <span class='ocr_line' id='line_1_86' title="bbox 2401 3985 3993 4058; baseline -0.003 -16"><span class='ocrx_word' id='word_1_680' title='bbox 2401 3991 2567 4058; x_wconf 87' lang='grc' dir='ltr'>στέρα</span> <span class='ocrx_word' id='word_1_681' title='bbox 2610 4005 2670 4039; x_wconf 89' lang='grc' dir='ltr'><strong>τε</strong></span> <span class='ocrx_word' id='word_1_682' title='bbox 2716 3987 2810 4038; x_wconf 72' lang='grc' dir='ltr'><strong>καὶ</strong></span> <span class='ocrx_word' id='word_1_683' title='bbox 2857 3987 2912 4038; x_wconf 81' lang='grc' dir='ltr'><strong>ὲν</strong></span> <span class='ocrx_word' id='word_1_684' title='bbox 2963 3986 3242 4056; x_wconf 82' lang='grc' dir='ltr'>ἀμείνοσιν</span> <span class='ocrx_word' id='word_1_685' title='bbox 3366 3987 3422 4037; x_wconf 86' lang='grc' dir='ltr'>ὲν</span> <span class='ocrx_word' id='word_1_686' title='bbox 3463 3985 3734 4054; x_wconf 85' lang='grc' dir='ltr'>πνεύματί</span> <span class='ocrx_word' id='word_1_687' title='bbox 3775 4001 3834 4036; x_wconf 80' lang='grc' dir='ltr'><strong>τε</strong></span> <span class='ocrx_word' id='word_1_688' title='bbox 3888 3986 3993 4038; x_wconf 74' lang='grc' dir='ltr'>καὶ</span> 
     </span>
    </p>
   </div>
   <div class='ocr_carea' id='block_1_87' title="bbox 2399 4077 3992 4152">
    <p class='ocr_par' dir='ltr' id='par_1_87' title="bbox 2399 4077 3992 4152">
     <span class='ocr_line' id='line_1_87' title="bbox 2399 4077 3992 4152; baseline -0.004 -16"><span class='ocrx_word' id='word_1_689' title='bbox 2399 4081 2647 4152; x_wconf 60' lang='grc' dir='ltr'>ἀληθείᾳ.</span> <span class='ocrx_word' id='word_1_690' title='bbox 2680 4077 2826 4149; x_wconf 71' lang='grc' dir='ltr'><strong>τΑρα</strong></span> <span class='ocrx_word' id='word_1_691' title='bbox 2870 4080 2992 4148; x_wconf 79' lang='grc' dir='ltr'><strong>ούχί</strong></span> <span class='ocrx_word' id='word_1_692' title='bbox 3037 4079 3351 4150; x_wconf 84' lang='grc' dir='ltr'>θεοπρεπῆ,</span> <span class='ocrx_word' id='word_1_693' title='bbox 3387 4077 3486 4132; x_wconf 75' lang='grc' dir='ltr'>καὶ</span> <span class='ocrx_word' id='word_1_694' title='bbox 3521 4078 3660 4148; x_wconf 85' lang='grc' dir='ltr'>ὑπὲρ</span> <span class='ocrx_word' id='word_1_695' title='bbox 3686 4077 3992 4152; x_wconf 85' lang='grc' dir='ltr'>ἀνθρώπου</span> 
     </span>
    </p>
   </div>
   <div class='ocr_carea' id='block_1_88' title="bbox 2399 4150 3992 4239">
    <p class='ocr_par' dir='ltr' id='par_1_88' title="bbox 2399 4165 3992 4239">
     <span class='ocr_line' id='line_1_88' title="bbox 2399 4165 3992 4239; baseline -0.003 -15"><span class='ocrx_word' id='word_1_696' title='bbox 2399 4173 2561 4239; x_wconf 77' lang='grc' dir='ltr'>φύσιν</span> <span class='ocrx_word' id='word_1_697' title='bbox 2608 4171 2676 4222; x_wconf 80' lang='grc' dir='ltr'>τὰ</span> <span class='ocrx_word' id='word_1_698' title='bbox 2704 4170 2881 4223; x_wconf 86' lang='grc' dir='ltr'>τοιάδε</span> <span class='ocrx_word' id='word_1_699' title='bbox 2927 4170 3031 4222; x_wconf 83' lang='grc' dir='ltr'><strong>τῶν</strong></span> <span class='ocrx_word' id='word_1_700' title='bbox 3067 4168 3508 4238; x_wconf 85' lang='grc' dir='ltr'>κατορθωμάτων</span> <span class='ocrx_word' id='word_1_701' title='bbox 3535 4165 3643 4220; x_wconf 86' lang='grc' dir='ltr'>εἷεν</span> <span class='ocrx_word' id='word_1_702' title='bbox 3671 4169 3772 4230; x_wconf 63' lang='lat' dir='ltr'><strong>av;</strong></span> <span class='ocrx_word' id='word_1_703' title='bbox 3804 4169 3880 4219; x_wconf 85' lang='grc' dir='ltr'>Ού</span> <span class='ocrx_word' id='word_1_704' title='bbox 3924 4169 3992 4220; x_wconf 84' lang='grc' dir='ltr'>τὸ</span> 
     </span>
    </p>
   </div>
   <div class='ocr_carea' id='block_1_89' title="bbox 2402 4257 3993 4329">
    <p class='ocr_par' dir='ltr' id='par_1_89' title="bbox 2402 4257 3993 4329">
     <span class='ocr_line' id='line_1_89' title="bbox 2402 4257 3993 4329; baseline -0.002 -17"><span class='ocrx_word' id='word_1_705' title='bbox 2402 4263 2665 4329; x_wconf 81' lang='grc' dir='ltr'>σωτήριον</span> <span class='ocrx_word' id='word_1_706' title='bbox 2697 4260 2867 4321; x_wconf 86' lang='grc' dir='ltr'>πάθος</span> <span class='ocrx_word' id='word_1_707' title='bbox 2918 4258 3269 4328; x_wconf 83' lang='grc' dir='ltr'>δεδυσώπηκε</span> <span class='ocrx_word' id='word_1_708' title='bbox 3319 4259 3416 4328; x_wconf 80' lang='grc' dir='ltr'><strong>μὲν</strong></span> <span class='ocrx_word' id='word_1_709' title='bbox 3454 4259 3553 4328; x_wconf 81' lang='grc' dir='ltr'>τὴν</span> <span class='ocrx_word' id='word_1_710' title='bbox 3599 4257 3993 4327; x_wconf 75' lang='grc' dir='ltr'>στρεφομένην</span> 
     </span>
    </p>
   </div>
   <div class='ocr_carea' id='block_1_90' title="bbox 2404 4349 3992 4420">
    <p class='ocr_par' dir='ltr' id='par_1_90' title="bbox 2404 4349 3992 4420">
     <span class='ocr_line' id='line_1_90' title="bbox 2404 4349 3992 4420; baseline -0.002 -18"><span class='ocrx_word' id='word_1_711' title='bbox 2404 4352 2697 4420; x_wconf 77' lang='grc' dir='ltr'>ῥομφαίαν,</span> <span class='ocrx_word' id='word_1_712' title='bbox 2733 4352 3083 4418; x_wconf 76' lang='grc' dir='ltr'>εἰσκεκόμικε</span> <span class='ocrx_word' id='word_1_713' title='bbox 3118 4350 3172 4402; x_wconf 80' lang='grc' dir='ltr'>δὲ</span> <span class='ocrx_word' id='word_1_714' title='bbox 3214 4350 3378 4403; x_wconf 86' lang='grc' dir='ltr'>πάλιν</span> <span class='ocrx_word' id='word_1_715' title='bbox 3428 4350 3485 4402; x_wconf 79' lang='grc' dir='ltr'>ὲν</span> <span class='ocrx_word' id='word_1_716' title='bbox 3534 4349 3610 4418; x_wconf 84' lang='grc' dir='ltr'><strong>τῷ</strong></span> <span class='ocrx_word' id='word_1_717' title='bbox 3665 4349 3992 4420; x_wconf 77' lang='grc' dir='ltr'>παραδείσῳ</span> 
     </span>
    </p>
   </div>
   <div class='ocr_carea' id='block_1_91' title="bbox 2400 4439 3991 4513">
    <p class='ocr_par' dir='ltr' id='par_1_91' title="bbox 2400 4439 3991 4513">
     <span class='ocr_line' id='line_1_91' title="bbox 2400 4439 3991 4513; baseline -0.003 -18"><span class='ocrx_word' id='word_1_718' title='bbox 2400 4441 2491 4495; x_wconf 76' lang='grc' dir='ltr'><strong>τὸν</strong></span> <span class='ocrx_word' id='word_1_719' title='bbox 2543 4442 2860 4513; x_wconf 81' lang='grc' dir='ltr'>ἄνθρωπον;</span> <span class='ocrx_word' id='word_1_720' title='bbox 2901 4443 3043 4511; x_wconf 78' lang='grc' dir='ltr'><strong>Ἔφη</strong></span> <span class='ocrx_word' id='word_1_721' title='bbox 3080 4440 3187 4512; x_wconf 79' lang='grc' dir='ltr'>γὰρ</span> <span class='ocrx_word' id='word_1_722' title='bbox 3217 4443 3243 4494; x_wconf 90' lang='grc' dir='ltr'><strong>ό</strong></span> <span class='ocrx_word' id='word_1_723' title='bbox 3272 4442 3504 4511; x_wconf 82' lang='grc' dir='ltr'>Χριστὸς</span> <span class='ocrx_word' id='word_1_724' title='bbox 3553 4439 3630 4510; x_wconf 78' lang='grc' dir='ltr'>τῷ</span> <span class='ocrx_word' id='word_1_725' title='bbox 3661 4457 3991 4510; x_wconf 85' lang='grc' dir='ltr'>συγκρεμα-</span> 
     </span>
    </p>
   </div>
   <div class='ocr_carea' id='block_1_92' title="bbox 721 4525 2289 4621">
    <p class='ocr_par' dir='ltr' id='par_1_92' title="bbox 721 4525 2289 4602">
     <span class='ocr_line' id='line_1_92' title="bbox 721 4525 2289 4602; baseline -0.004 -15"><span class='ocrx_word' id='word_1_726' title='bbox 721 4543 839 4588; x_wconf 79' lang='lat' dir='ltr'><strong>erat</strong></span> <span class='ocrx_word' id='word_1_727' title='bbox 877 4532 968 4602; x_wconf 86' lang='lat' dir='ltr'><strong>qui</strong></span> <span class='ocrx_word' id='word_1_728' title='bbox 1027 4531 1154 4585; x_wconf 90' lang='lat' dir='ltr'><strong>olim</strong></span> <span class='ocrx_word' id='word_1_729' title='bbox 1217 4530 1279 4582; x_wconf 89' lang='lat' dir='ltr'><strong>ad</strong></span> <span class='ocrx_word' id='word_1_730' title='bbox 1337 4528 1787 4598; x_wconf 87' lang='lat' dir='ltr'><strong>patientissimum</strong></span> <span class='ocrx_word' id='word_1_731' title='bbox 1841 4525 1942 4580; x_wconf 81' lang='lat' dir='ltr'><strong>Job</strong></span> <span class='ocrx_word' id='word_1_732' title='bbox 1999 4527 2289 4580; x_wconf 81' lang='lat' dir='ltr'><strong>clamavit:</strong></span> 
     </span>
    </p>
   </div>
   <div class='ocr_carea' id='block_1_93' title="bbox 2394 4525 3992 4621">
    <p class='ocr_par' dir='ltr' id='par_1_93' title="bbox 2408 4530 3992 4602">
     <span class='ocr_line' id='line_1_93' title="bbox 2408 4530 3992 4602; baseline -0.001 -18"><span class='ocrx_word' id='word_1_733' title='bbox 2408 4532 2553 4601; x_wconf 87' lang='grc' dir='ltr'>μένῳ</span> <span class='ocrx_word' id='word_1_734' title='bbox 2582 4534 2780 4601; x_wconf 71' lang='grc' dir='ltr'>λῃστῇσ</span> <span class='ocrx_word' id='word_1_735' title='bbox 2819 4551 2835 4582; x_wconf 84' lang='grc' dir='ltr'><strong>ι</strong></span> <span class='ocrx_word' id='word_1_736' title='bbox 2873 4533 3120 4601; x_wconf 81' lang='grc' dir='ltr'>Σήμερον</span> <span class='ocrx_word' id='word_1_737' title='bbox 3151 4533 3266 4601; x_wconf 80' lang='grc' dir='ltr'>μετ’</span> <span class='ocrx_word' id='word_1_738' title='bbox 3297 4531 3432 4602; x_wconf 74' lang='grc' dir='ltr'><strong>ἐμοῦ</strong></span> <span class='ocrx_word' id='word_1_739' title='bbox 3468 4533 3567 4601; x_wconf 76' lang='grc' dir='ltr'><strong>ἔσῃ</strong></span> <span class='ocrx_word' id='word_1_740' title='bbox 3600 4534 3657 4584; x_wconf 77' lang='grc' dir='ltr'><strong>ὲν</strong></span> <span class='ocrx_word' id='word_1_741' title='bbox 3687 4530 3766 4601; x_wconf 81' lang='grc' dir='ltr'><strong>τῷ</strong></span> <span class='ocrx_word' id='word_1_742' title='bbox 3801 4547 3992 4602; x_wconf 80' lang='grc' dir='ltr'>παρα-</span> 
     </span>
    </p>
   </div>
   <div class='ocr_carea' id='block_1_94' title="bbox 727 4619 2295 4687">
    <p class='ocr_par' dir='ltr' id='par_1_94' title="bbox 727 4619 2295 4687">
     <span class='ocr_line' id='line_1_94' title="bbox 727 4619 2295 4687; baseline -0.002 -12"><span class='ocrx_word' id='word_1_743' title='bbox 727 4645 744 4675; x_wconf 76' lang='grc' dir='ltr'><strong>ι</strong></span> <span class='ocrx_word' id='word_1_744' title='bbox 787 4623 992 4677; x_wconf 72' lang='lat' dir='ltr'><strong>Venisti</strong></span> <span class='ocrx_word' id='word_1_745' title='bbox 1024 4621 1092 4676; x_wconf 86' lang='lat' dir='ltr'><strong>ad</strong></span> <span class='ocrx_word' id='word_1_746' title='bbox 1127 4620 1350 4674; x_wconf 88' lang='lat' dir='ltr'><strong>fundum</strong></span> <span class='ocrx_word' id='word_1_747' title='bbox 1393 4621 1581 4685; x_wconf 90' lang='lat' dir='ltr'><strong>maris,</strong></span> <span class='ocrx_word' id='word_1_748' title='bbox 1620 4629 1674 4673; x_wconf 92' lang='lat' dir='ltr'><strong>ct</strong></span> <span class='ocrx_word' id='word_1_749' title='bbox 1711 4620 1764 4672; x_wconf 90' lang='lat' dir='ltr'><strong>in</strong></span> <span class='ocrx_word' id='word_1_750' title='bbox 1807 4619 2086 4687; x_wconf 78' lang='lat' dir='ltr'><strong>profundis</strong></span> <span class='ocrx_word' id='word_1_751' title='bbox 2113 4619 2295 4687; x_wconf 89' lang='lat' dir='ltr'><strong>abyssi</strong></span> 
     </span>
    </p>
   </div>
   <div class='ocr_carea' id='block_1_95' title="bbox 721 4708 2295 4779">
    <p class='ocr_par' dir='ltr' id='par_1_95' title="bbox 721 4708 2295 4779">
     <span class='ocr_line' id='line_1_95' title="bbox 721 4708 2295 4779; baseline -0.006 -10"><span class='ocrx_word' id='word_1_752' title='bbox 721 4711 1118 4769; x_wconf 86' lang='lat' dir='ltr'><strong>deambulasti?</strong></span> <span class='ocrx_word' id='word_1_753' title='bbox 1152 4711 1555 4779; x_wconf 84' lang='lat' dir='ltr'><strong>Aperiunturne</strong></span> <span class='ocrx_word' id='word_1_754' title='bbox 1605 4708 1702 4762; x_wconf 89' lang='lat' dir='ltr'><strong>tibi</strong></span> <span class='ocrx_word' id='word_1_755' title='bbox 1747 4718 1892 4761; x_wconf 90' lang='lat' dir='ltr'><strong>metu</strong></span> <span class='ocrx_word' id='word_1_756' title='bbox 1937 4719 2105 4776; x_wconf 74' lang='lat' dir='ltr'><strong>portae</strong></span> <span class='ocrx_word' id='word_1_757' title='bbox 2149 4724 2295 4761; x_wconf 90' lang='lat' dir='ltr'><strong>tuor-</strong></span> 
     </span>
    </p>
   </div>
   <div class='ocr_carea' id='block_1_96' title="bbox 723 4799 2299 4870">
    <p class='ocr_par' dir='ltr' id='par_1_96' title="bbox 723 4799 2299 4870">
     <span class='ocr_line' id='line_1_96' title="bbox 723 4799 2299 4870; baseline -0.004 -10"><span class='ocrx_word' id='word_1_758' title='bbox 723 4808 831 4868; x_wconf 90' lang='lat' dir='ltr'><strong>tis,</strong></span> <span class='ocrx_word' id='word_1_759' title='bbox 888 4815 940 4858; x_wconf 91' lang='lat' dir='ltr'><strong>et</strong></span> <span class='ocrx_word' id='word_1_760' title='bbox 993 4803 1256 4870; x_wconf 88' lang='lat' dir='ltr'><strong>janitores</strong></span> <span class='ocrx_word' id='word_1_761' title='bbox 1305 4799 1524 4866; x_wconf 88' lang='lat' dir='ltr'><strong>inferni,</strong></span> <span class='ocrx_word' id='word_1_762' title='bbox 1561 4809 1610 4854; x_wconf 91' lang='lat' dir='ltr'><strong>te</strong></span> <span class='ocrx_word' id='word_1_763' title='bbox 1657 4810 1970 4869; x_wconf 88' lang='lat' dir='ltr'><strong>conspecto,</strong></span> <span class='ocrx_word' id='word_1_764' title='bbox 2009 4811 2132 4854; x_wconf 89' lang='lat' dir='ltr'><strong>sunt</strong></span> <span class='ocrx_word' id='word_1_765' title='bbox 2192 4809 2299 4853; x_wconf 76' lang='lat' dir='ltr'><strong>ter-</strong></span> 
     </span>
    </p>
   </div>
   <div class='ocr_carea' id='block_1_97' title="bbox 722 4892 2295 4960">
    <p class='ocr_par' dir='ltr' id='par_1_97' title="bbox 722 4892 2295 4960">
     <span class='ocr_line' id='line_1_97' title="bbox 722 4892 2295 4960; baseline -0.003 -10"><span class='ocrx_word' id='word_1_766' title='bbox 722 4894 907 4951; x_wconf 77' lang='lat' dir='ltr'><strong>riti”?</strong></span> <span class='ocrx_word' id='word_1_767' title='bbox 965 4912 984 4944; x_wconf 75' lang='grc' dir='ltr'><strong>ι</strong></span> <span class='ocrx_word' id='word_1_768' title='bbox 1019 4893 1125 4946; x_wconf 77' lang='lat' dir='ltr'><strong>Cur</strong></span> <span class='ocrx_word' id='word_1_769' title='bbox 1170 4893 1333 4960; x_wconf 88' lang='lat' dir='ltr'><strong>igitur</strong></span> <span class='ocrx_word' id='word_1_770' title='bbox 1378 4907 1464 4945; x_wconf 89' lang='lat' dir='ltr'><strong>res</strong></span> <span class='ocrx_word' id='word_1_771' title='bbox 1509 4893 1643 4945; x_wconf 87' lang='lat' dir='ltr'><strong>adeo</strong></span> <span class='ocrx_word' id='word_1_772' title='bbox 1693 4892 1904 4946; x_wconf 87' lang='lat' dir='ltr'><strong>divinas</strong></span> <span class='ocrx_word' id='word_1_773' title='bbox 1943 4893 2031 4944; x_wconf 92' lang='lat' dir='ltr'><strong>uni</strong></span> <span class='ocrx_word' id='word_1_774' title='bbox 2077 4907 2144 4945; x_wconf 81' lang='lat' dir='ltr'><strong>ex</strong></span> <span class='ocrx_word' id='word_1_775' title='bbox 2196 4907 2295 4946; x_wconf 84' lang='lat' dir='ltr'><strong>no-</strong></span> 
     </span>
    </p>
   </div>
   <div class='ocr_carea' id='block_1_98' title="bbox 721 4982 2297 5042">
    <p class='ocr_par' dir='ltr' id='par_1_98' title="bbox 721 4982 2297 5042">
     <span class='ocr_line' id='line_1_98' title="bbox 721 4982 2297 5042; baseline -0.003 0"><span class='ocrx_word' id='word_1_776' title='bbox 721 4999 836 5042; x_wconf 80' lang='lat' dir='ltr'><strong>stre</strong></span> <span class='ocrx_word' id='word_1_777' title='bbox 870 5001 1096 5040; x_wconf 89' lang='lat' dir='ltr'><strong>numero</strong></span> <span class='ocrx_word' id='word_1_778' title='bbox 1128 4993 1178 5037; x_wconf 89' lang='lat' dir='ltr'><strong>et</strong></span> <span class='ocrx_word' id='word_1_779' title='bbox 1213 4985 1413 5037; x_wconf 89' lang='lat' dir='ltr'><strong>homini</strong></span> <span class='ocrx_word' id='word_1_780' title='bbox 1463 4982 1635 5036; x_wconf 91' lang='lat' dir='ltr'><strong>solum</strong></span> <span class='ocrx_word' id='word_1_781' title='bbox 1669 4983 1904 5037; x_wconf 91' lang='lat' dir='ltr'><strong>tribuere</strong></span> <span class='ocrx_word' id='word_1_782' title='bbox 1947 4999 2055 5037; x_wconf 90' lang='lat' dir='ltr'><strong>non</strong></span> <span class='ocrx_word' id='word_1_783' title='bbox 2105 4985 2297 5037; x_wconf 84' lang='lat' dir='ltr'><strong>erube-</strong></span> 
     </span>
    </p>
   </div>
   <div class='ocr_carea' id='block_1_99' title="bbox 724 5073 2293 5145">
    <p class='ocr_par' dir='ltr' id='par_1_99' title="bbox 724 5073 2293 5145">
     <span class='ocr_line' id='line_1_99' title="bbox 724 5073 2293 5145; baseline -0.004 -10"><span class='ocrx_word' id='word_1_784' title='bbox 724 5077 876 5135; x_wconf 88' lang='lat' dir='ltr'><strong>scis?</strong></span> <span class='ocrx_word' id='word_1_785' title='bbox 929 5075 1102 5145; x_wconf 88' lang='lat' dir='ltr'><strong>lpsum</strong></span> <span class='ocrx_word' id='word_1_786' title='bbox 1155 5089 1388 5143; x_wconf 86' lang='lat' dir='ltr'><strong>namque</strong></span> <span class='ocrx_word' id='word_1_787' title='bbox 1446 5074 1536 5128; x_wconf 85' lang='lat' dir='ltr'><strong>Dei</strong></span> <span class='ocrx_word' id='word_1_788' title='bbox 1571 5073 1826 5138; x_wconf 75' lang='lat' dir='ltr'><strong>Verbum,</strong></span> <span class='ocrx_word' id='word_1_789' title='bbox 1880 5087 2099 5144; x_wconf 79' lang='lat' dir='ltr'><strong>accepta</strong></span> <span class='ocrx_word' id='word_1_790' title='bbox 2151 5076 2293 5129; x_wconf 73' lang='lat' dir='ltr'><strong>servi</strong></span> 
     </span>
    </p>
   </div>
   <div class='ocr_carea' id='block_1_100' title="bbox 726 5167 2293 5236">
    <p class='ocr_par' dir='ltr' id='par_1_100' title="bbox 726 5167 2293 5236">
     <span class='ocr_line' id='line_1_100' title="bbox 726 5167 2293 5236; baseline -0.001 -12"><span class='ocrx_word' id='word_1_791' title='bbox 726 5174 920 5236; x_wconf 86' lang='lat' dir='ltr'><strong>forma,</strong></span> <span class='ocrx_word' id='word_1_792' title='bbox 949 5167 1251 5222; x_wconf 39' lang='lat' dir='ltr'><strong>cuin‘carni</strong></span> <span class='ocrx_word' id='word_1_793' title='bbox 1285 5175 1339 5220; x_wconf 93' lang='lat' dir='ltr'><strong>et</strong></span> <span class='ocrx_word' id='word_1_794' title='bbox 1369 5167 1616 5235; x_wconf 87' lang='lat' dir='ltr'><strong>sanguini</strong></span> <span class='ocrx_word' id='word_1_795' title='bbox 1661 5169 2134 5233; x_wconf 83' lang='lat' dir='ltr'><strong>communicasset,</strong></span> <span class='ocrx_word' id='word_1_796' title='bbox 2165 5185 2293 5236; x_wconf 86' lang='lat' dir='ltr'><strong>pro-</strong></span> 
     </span>
    </p>
   </div>
   <div class='ocr_carea' id='block_1_101' title="bbox 726 5260 2299 5334">
    <p class='ocr_par' dir='ltr' id='par_1_101' title="bbox 726 5260 2299 5334">
     <span class='ocr_line' id='line_1_101' title="bbox 726 5260 2299 5334; baseline -0.001 -17"><span class='ocrx_word' id='word_1_797' title='bbox 726 5265 903 5334; x_wconf 87' lang='lat' dir='ltr'><strong>prium</strong></span> <span class='ocrx_word' id='word_1_798' title='bbox 931 5276 1124 5330; x_wconf 91' lang='lat' dir='ltr'><strong>corpus</strong></span> <span class='ocrx_word' id='word_1_799' title='bbox 1142 5270 1358 5328; x_wconf 85' lang='lat' dir='ltr'><strong>propter</strong></span> <span class='ocrx_word' id='word_1_800' title='bbox 1377 5275 1473 5314; x_wconf 90' lang='lat' dir='ltr'><strong>nos</strong></span> <span class='ocrx_word' id='word_1_801' title='bbox 1495 5260 1649 5313; x_wconf 88' lang='lat' dir='ltr'><strong>morti</strong></span> <span class='ocrx_word' id='word_1_802' title='bbox 1671 5261 1799 5314; x_wconf 90' lang='lat' dir='ltr'><strong>dare</strong></span> <span class='ocrx_word' id='word_1_803' title='bbox 1818 5276 1920 5313; x_wconf 89' lang='lat' dir='ltr'><strong>non</strong></span> <span class='ocrx_word' id='word_1_804' title='bbox 1945 5261 2225 5330; x_wconf 79' lang='lat' dir='ltr'><strong>refugisse,</strong></span> <span class='ocrx_word' id='word_1_805' title='bbox 2247 5272 2299 5316; x_wconf 94' lang='lat' dir='ltr'><strong>et</strong></span> 
     </span>
    </p>
   </div>
   <div class='ocr_carea' id='block_1_102' title="bbox 727 5355 2299 5424">
    <p class='ocr_par' dir='ltr' id='par_1_102' title="bbox 727 5355 2299 5424">
     <span class='ocr_line' id='line_1_102' title="bbox 727 5355 2299 5424; baseline -0.001 -12"><span class='ocrx_word' id='word_1_806' title='bbox 727 5373 850 5413; x_wconf 92' lang='lat' dir='ltr'><strong>cum</strong></span> <span class='ocrx_word' id='word_1_807' title='bbox 874 5366 1016 5411; x_wconf 88' lang='lat' dir='ltr'><strong>esset</strong></span> <span class='ocrx_word' id='word_1_808' title='bbox 1034 5371 1099 5410; x_wconf 83' lang='lat' dir='ltr'><strong>ex</strong></span> <span class='ocrx_word' id='word_1_809' title='bbox 1122 5363 1312 5408; x_wconf 85' lang='lat' dir='ltr'><strong>natura</strong></span> <span class='ocrx_word' id='word_1_810' title='bbox 1333 5355 1670 5422; x_wconf 88' lang='lat' dir='ltr'><strong>impatibilis,</strong></span> <span class='ocrx_word' id='word_1_811' title='bbox 1691 5369 1853 5408; x_wconf 86' lang='lat' dir='ltr'><strong>carne</strong></span> <span class='ocrx_word' id='word_1_812' title='bbox 1869 5370 2084 5424; x_wconf 90' lang='lat' dir='ltr'><strong>passum</strong></span> <span class='ocrx_word' id='word_1_813' title='bbox 2107 5366 2299 5424; x_wconf 87' lang='lat' dir='ltr'><strong>sponte</strong></span> 
     </span>
    </p>
   </div>
   <div class='ocr_carea' id='block_1_103' title="bbox 734 5445 2296 5518">
    <p class='ocr_par' dir='ltr' id='par_1_103' title="bbox 734 5445 2296 5518">
     <span class='ocr_line' id='line_1_103' title="bbox 734 5445 2296 5518; baseline -0.002 -17"><span class='ocrx_word' id='word_1_814' title='bbox 734 5449 888 5518; x_wconf 77' lang='lat'><strong>137</strong></span> <span class='ocrx_word' id='word_1_815' title='bbox 915 5449 1096 5513; x_wconf 89' lang='lat' dir='ltr'><strong>fuisse,</strong></span> <span class='ocrx_word' id='word_1_816' title='bbox 1124 5448 1278 5502; x_wconf 82' lang='lat' dir='ltr'><strong>fidem</strong></span> <span class='ocrx_word' id='word_1_817' title='bbox 1305 5448 1462 5502; x_wconf 82' lang='lat' dir='ltr'><strong>faciet</strong></span> <span class='ocrx_word' id='word_1_818' title='bbox 1491 5450 1675 5502; x_wconf 90' lang='lat' dir='ltr'><strong>beatus</strong></span> <span class='ocrx_word' id='word_1_819' title='bbox 1699 5445 1894 5500; x_wconf 86' lang='lat' dir='ltr'><strong>Paulus</strong></span> <span class='ocrx_word' id='word_1_820' title='bbox 1916 5461 2036 5500; x_wconf 88' lang='lat' dir='ltr'><strong>cum</strong></span> <span class='ocrx_word' id='word_1_821' title='bbox 2066 5447 2256 5500; x_wconf 87' lang='lat' dir='ltr'><strong>scribit</strong></span> <span class='ocrx_word' id='word_1_822' title='bbox 2283 5465 2296 5498; x_wconf 83' lang='lat'>:</span> 
     </span>
    </p>
   </div>
   <div class='ocr_carea' id='block_1_104' title="bbox 735 5535 2298 5609">
    <p class='ocr_par' dir='ltr' id='par_1_104' title="bbox 735 5535 2298 5609">
     <span class='ocr_line' id='line_1_104' title="bbox 735 5535 2298 5609; baseline -0.001 -18"><span class='ocrx_word' id='word_1_823' title='bbox 735 5539 998 5594; x_wconf 69' lang='lat' dir='ltr'><strong>tGratias</strong></span> <span class='ocrx_word' id='word_1_824' title='bbox 1047 5548 1265 5609; x_wconf 86' lang='lat' dir='ltr'><strong>agentes</strong></span> <span class='ocrx_word' id='word_1_825' title='bbox 1318 5540 1489 5603; x_wconf 85' lang='lat' dir='ltr'><strong>Patri,</strong></span> <span class='ocrx_word' id='word_1_826' title='bbox 1544 5538 1634 5606; x_wconf 92' lang='lat' dir='ltr'><strong>qui</strong></span> <span class='ocrx_word' id='word_1_827' title='bbox 1685 5553 1780 5592; x_wconf 89' lang='lat' dir='ltr'><strong>nos</strong></span> <span class='ocrx_word' id='word_1_828' title='bbox 1831 5537 2020 5606; x_wconf 86' lang='lat' dir='ltr'><strong>dignos</strong></span> <span class='ocrx_word' id='word_1_829' title='bbox 2071 5535 2195 5590; x_wconf 88' lang='lat' dir='ltr'><strong>fecit</strong></span> <span class='ocrx_word' id='word_1_830' title='bbox 2246 5537 2298 5589; x_wconf 91' lang='lat' dir='ltr'><strong>iu</strong></span> 
     </span>
    </p>
   </div>
   <div class='ocr_carea' id='block_1_105' title="bbox 789 5716 1784 5780">
    <p class='ocr_par' dir='ltr' id='par_1_105' title="bbox 789 5716 1784 5780">
     <span class='ocr_line' id='line_1_105' title="bbox 789 5716 1784 5780; baseline -0.003 -7"><span class='ocrx_word' id='word_1_831' title='bbox 789 5720 833 5750; x_wconf 83' lang='grc'><strong><em>⁸³</em></strong></span> <span class='ocrx_word' id='word_1_832' title='bbox 869 5717 1056 5773; x_wconf 76' lang='lat' dir='ltr'><strong>Matth.</strong></span> <span class='ocrx_word' id='word_1_833' title='bbox 1091 5733 1255 5780; x_wconf 76' lang='lat' dir='ltr'><strong>xxvii,</strong></span> <span class='ocrx_word' id='word_1_834' title='bbox 1284 5717 1368 5770; x_wconf 74' lang='grc'><strong>46.</strong></span> <span class='ocrx_word' id='word_1_835' title='bbox 1447 5718 1490 5748; x_wconf 68' lang='grc' dir='ltr'>δ’</span> <span class='ocrx_word' id='word_1_836' title='bbox 1521 5716 1618 5772; x_wconf 87' lang='lat' dir='ltr'><strong>lsa.</strong></span> <span class='ocrx_word' id='word_1_837' title='bbox 1655 5735 1702 5780; x_wconf 74' lang='grc' dir='ltr'><strong>ι,</strong></span> <span class='ocrx_word' id='word_1_838' title='bbox 1732 5719 1784 5771; x_wconf 77' lang='grc'><strong>3.</strong></span> 
     </span>
    </p>
   </div>
   <div class='ocr_carea' id='block_1_106' title="bbox 734 5787 1962 5857">
    <p class='ocr_par' dir='ltr' id='par_1_106' title="bbox 734 5787 1962 5857">
     <span class='ocr_line' id='line_1_106' title="bbox 734 5787 1962 5857; baseline -0.004 -15"><span class='ocrx_word' id='word_1_839' title='bbox 734 5789 820 5846; x_wconf 74' lang='grc' dir='ltr'>ιδ,</span> <span class='ocrx_word' id='word_1_840' title='bbox 899 5790 939 5818; x_wconf 71' lang='grc'><strong>⁸⁷</strong></span> <span class='ocrx_word' id='word_1_841' title='bbox 975 5790 1074 5841; x_wconf 75' lang='lat' dir='ltr'><strong>lsa.</strong></span> <span class='ocrx_word' id='word_1_842' title='bbox 1111 5803 1230 5842; x_wconf 63' lang='grc' dir='ltr'>λιιι</span> <span class='ocrx_word' id='word_1_843' title='bbox 1294 5793 1372 5842; x_wconf 80' lang='lat'><strong>19.</strong></span> <span class='ocrx_word' id='word_1_844' title='bbox 1450 5791 1491 5819; x_wconf 48' lang='grc' dir='ltr'><strong>’π</strong></span> <span class='ocrx_word' id='word_1_845' title='bbox 1526 5791 1539 5844; x_wconf 87' lang='grc' dir='ltr'><strong>Ι</strong></span> <span class='ocrx_word' id='word_1_846' title='bbox 1576 5787 1715 5844; x_wconf 84' lang='lat' dir='ltr'><strong>Petr.</strong></span> <span class='ocrx_word' id='word_1_847' title='bbox 1760 5806 1837 5857; x_wconf 87' lang='grc' dir='ltr'>ιιι,</span> <span class='ocrx_word' id='word_1_848' title='bbox 1883 5788 1962 5840; x_wconf 83' lang='lat' dir='ltr'><strong>l‘J.</strong></span> 
     </span>
    </p>
   </div>
   <div class='ocr_carea' id='block_1_107' title="bbox 1862 5715 2408 5778">
    <p class='ocr_par' dir='ltr' id='par_1_107' title="bbox 1862 5715 2408 5778">
     <span class='ocr_line' id='line_1_107' title="bbox 1862 5715 2408 5778; baseline 0.004 -11"><span class='ocrx_word' id='word_1_849' title='bbox 1862 5716 1906 5746; x_wconf 77' lang='grc'><strong>⁸³</strong></span> <span class='ocrx_word' id='word_1_850' title='bbox 1938 5715 2075 5768; x_wconf 77' lang='lat' dir='ltr'><strong>Psal.</strong></span> <span class='ocrx_word' id='word_1_851' title='bbox 2108 5732 2168 5766; x_wconf 74' lang='lat' dir='ltr'><strong>1.x</strong></span> <span class='ocrx_word' id='word_1_852' title='bbox 2183 5732 2296 5778; x_wconf 85' lang='lat' dir='ltr'><strong>\‘Ill,</strong></span> <span class='ocrx_word' id='word_1_853' title='bbox 2320 5717 2408 5770; x_wconf 72' lang='lat' dir='ltr'><strong>2i.</strong></span> 
     </span>
    </p>
   </div>
   <div class='ocr_carea' id='block_1_108' title="bbox 2405 4623 3994 4695">
    <p class='ocr_par' dir='ltr' id='par_1_108' title="bbox 2405 4623 3994 4695">
     <span class='ocr_line' id='line_1_108' title="bbox 2405 4623 3994 4695; baseline -0.001 -18"><span class='ocrx_word' id='word_1_854' title='bbox 2405 4625 2584 4695; x_wconf 85' lang='grc' dir='ltr'>δείσῳ.</span> <span class='ocrx_word' id='word_1_855' title='bbox 2621 4643 2637 4675; x_wconf 74' lang='grc' dir='ltr'><strong>ι</strong></span> <span class='ocrx_word' id='word_1_856' title='bbox 2673 4627 2786 4678; x_wconf 74' lang='grc' dir='ltr'><strong>Οὐκ</strong></span> <span class='ocrx_word' id='word_1_857' title='bbox 2819 4623 3099 4692; x_wconf 65' lang='grc' dir='ltr'>ἐπέλαμψε</span> <span class='ocrx_word' id='word_1_858' title='bbox 3133 4628 3240 4685; x_wconf 86' lang='grc' dir='ltr'>τοῖς</span> <span class='ocrx_word' id='word_1_859' title='bbox 3268 4625 3322 4675; x_wconf 79' lang='grc' dir='ltr'><strong>ὲν</strong></span> <span class='ocrx_word' id='word_1_860' title='bbox 3358 4625 3552 4693; x_wconf 81' lang='grc' dir='ltr'>σκότῳ,</span> <span class='ocrx_word' id='word_1_861' title='bbox 3588 4623 3704 4693; x_wconf 81' lang='grc' dir='ltr'>μετ’</span> <span class='ocrx_word' id='word_1_862' title='bbox 3737 4623 3994 4688; x_wconf 81' lang='grc' dir='ltr'>ἐξουσίας</span> 
     </span>
    </p>
   </div>
   <div class='ocr_carea' id='block_1_109' title="bbox 2405 4715 3994 4786">
    <p class='ocr_par' dir='ltr' id='par_1_109' title="bbox 2405 4715 3994 4786">
     <span class='ocr_line' id='line_1_109' title="bbox 2405 4715 3994 4786; baseline 0.001 -19"><span class='ocrx_word' id='word_1_863' title='bbox 2405 4717 2691 4783; x_wconf 61' lang='grc' dir='ltr'>ὲπιφωνῷν</span> <span class='ocrx_word' id='word_1_864' title='bbox 2743 4715 2839 4779; x_wconf 85' lang='grc' dir='ltr'>τὸ,</span> <span class='ocrx_word' id='word_1_865' title='bbox 2894 4715 3370 4786; x_wconf 62' lang='grc' dir='ltr'>’Λνακαλύφθητε;</span> <span class='ocrx_word' id='word_1_866' title='bbox 3420 4716 3707 4768; x_wconf 83' lang='grc' dir='ltr'>Κεκένωκε</span> <span class='ocrx_word' id='word_1_867' title='bbox 3745 4716 3854 4785; x_wconf 72' lang='grc' dir='ltr'>γὰρ</span> <span class='ocrx_word' id='word_1_868' title='bbox 3900 4717 3994 4768; x_wconf 76' lang='grc' dir='ltr'><strong>τὸν</strong></span> 
     </span>
    </p>
   </div>
   <div class='ocr_carea' id='block_1_110' title="bbox 2406 4804 3995 4879">
    <p class='ocr_par' dir='ltr' id='par_1_110' title="bbox 2406 4804 3995 4879">
     <span class='ocr_line' id='line_1_110' title="bbox 2406 4804 3995 4879; baseline 0.004 -29"><span class='ocrx_word' id='word_1_869' title='bbox 2406 4809 2538 4879; x_wconf 65' lang='grc' dir='ltr'><strong>ᾅδην</strong></span> <span class='ocrx_word' id='word_1_870' title='bbox 2565 4807 2638 4869; x_wconf 79' lang='grc' dir='ltr'>ὡς</span> <span class='ocrx_word' id='word_1_871' title='bbox 2667 4807 2819 4869; x_wconf 76' lang='grc' dir='ltr'>Θεὸς,</span> <span class='ocrx_word' id='word_1_872' title='bbox 2855 4809 2948 4858; x_wconf 81' lang='grc' dir='ltr'><strong>καί</strong></span> <span class='ocrx_word' id='word_1_873' title='bbox 2977 4807 3192 4876; x_wconf 84' lang='grc' dir='ltr'>δεσμῶν</span> <span class='ocrx_word' id='word_1_874' title='bbox 3223 4809 3390 4876; x_wconf 85' lang='grc' dir='ltr'>ἀνῆκε</span> <span class='ocrx_word' id='word_1_875' title='bbox 3417 4807 3543 4868; x_wconf 71' lang='grc' dir='ltr'>τοὺς</span> <span class='ocrx_word' id='word_1_876' title='bbox 3575 4807 3631 4856; x_wconf 82' lang='grc' dir='ltr'><strong>ὲν</strong></span> <span class='ocrx_word' id='word_1_877' title='bbox 3663 4804 3813 4874; x_wconf 67' lang='grc' dir='ltr'>αὐτῷ</span> <span class='ocrx_word' id='word_1_878' title='bbox 3833 4822 3846 4834; x_wconf 73' lang='grc' dir='ltr'><strong>ο</strong></span> <span class='ocrx_word' id='word_1_879' title='bbox 3896 4807 3995 4859; x_wconf 77' lang='grc' dir='ltr'>καὶ</span> 
     </span>
    </p>
   </div>
   <div class='ocr_carea' id='block_1_111' title="bbox 2408 4895 3990 4969">
    <p class='ocr_par' dir='ltr' id='par_1_111' title="bbox 2408 4895 3990 4969">
     <span class='ocr_line' id='line_1_111' title="bbox 2408 4895 3990 4969; baseline -0.003 -17"><span class='ocrx_word' id='word_1_880' title='bbox 2408 4901 2571 4962; x_wconf 77' lang='grc' dir='ltr'>αὐτὸς</span> <span class='ocrx_word' id='word_1_881' title='bbox 2598 4896 2664 4969; x_wconf 77' lang='grc' dir='ltr'><strong>ἦν</strong></span> <span class='ocrx_word' id='word_1_882' title='bbox 2689 4899 2715 4949; x_wconf 90' lang='grc' dir='ltr'><strong>ό</strong></span> <span class='ocrx_word' id='word_1_883' title='bbox 2749 4899 2914 4952; x_wconf 76' lang='grc' dir='ltr'>πάλαι</span> <span class='ocrx_word' id='word_1_884' title='bbox 2945 4898 3082 4968; x_wconf 79' lang='grc' dir='ltr'>βοῶν</span> <span class='ocrx_word' id='word_1_885' title='bbox 3108 4901 3245 4968; x_wconf 80' lang='grc' dir='ltr'>πρὸς</span> <span class='ocrx_word' id='word_1_886' title='bbox 3275 4899 3364 4950; x_wconf 78' lang='grc' dir='ltr'>τὸν</span> <span class='ocrx_word' id='word_1_887' title='bbox 3385 4895 3990 4967; x_wconf 77' lang='grc' dir='ltr'>τληπαθέστατονῚώὸ·</span> 
     </span>
    </p>
   </div>
   <div class='ocr_carea' id='block_1_112' title="bbox 2415 4989 3991 5061">
    <p class='ocr_par' dir='ltr' id='par_1_112' title="bbox 2415 4989 3991 5061">
     <span class='ocr_line' id='line_1_112' title="bbox 2415 4989 3991 5061; baseline -0.003 -17"><span class='ocrx_word' id='word_1_888' title='bbox 2415 4990 2643 5053; x_wconf 76' lang='grc' dir='ltr'>«Ἦλθες</span> <span class='ocrx_word' id='word_1_889' title='bbox 2677 4993 2769 5044; x_wconf 65' lang='grc' dir='ltr'><strong>ἐπὶ</strong></span> <span class='ocrx_word' id='word_1_890' title='bbox 2793 4991 2971 5061; x_wconf 79' lang='grc' dir='ltr'>πηγὴν</span> <span class='ocrx_word' id='word_1_891' title='bbox 3005 4991 3301 5060; x_wconf 80' lang='grc' dir='ltr'>θαλάσσης,</span> <span class='ocrx_word' id='word_1_892' title='bbox 3333 4993 3389 5042; x_wconf 79' lang='grc' dir='ltr'>ἐν</span> <span class='ocrx_word' id='word_1_893' title='bbox 3422 4991 3475 5042; x_wconf 81' lang='grc' dir='ltr'>δὲ</span> <span class='ocrx_word' id='word_1_894' title='bbox 3514 4989 3715 5058; x_wconf 82' lang='grc' dir='ltr'>ἴχνεσιν</span> <span class='ocrx_word' id='word_1_895' title='bbox 3746 4989 3991 5043; x_wconf 76' lang='grc' dir='ltr'>ἀϐύσσου</span> 
     </span>
    </p>
   </div>
   <div class='ocr_carea' id='block_1_113' title="bbox 2408 5079 3988 5153">
    <p class='ocr_par' dir='ltr' id='par_1_113' title="bbox 2408 5079 3988 5153">
     <span class='ocr_line' id='line_1_113' title="bbox 2408 5079 3988 5153; baseline -0.002 -17"><span class='ocrx_word' id='word_1_896' title='bbox 2408 5083 2820 5153; x_wconf 79' lang='grc' dir='ltr'>περιεπάτησας</span> <span class='ocrx_word' id='word_1_897' title='bbox 2843 5100 2856 5147; x_wconf 91' lang='grc'>;</span> <span class='ocrx_word' id='word_1_898' title='bbox 2877 5082 3207 5149; x_wconf 80' lang='grc' dir='ltr'>Ἀνοίγονταί</span> <span class='ocrx_word' id='word_1_899' title='bbox 3246 5099 3325 5133; x_wconf 92' lang='grc' dir='ltr'><strong>σοι</strong></span> <span class='ocrx_word' id='word_1_900' title='bbox 3353 5082 3501 5150; x_wconf 75' lang='grc' dir='ltr'>φόϐῳ</span> <span class='ocrx_word' id='word_1_901' title='bbox 3529 5079 3694 5132; x_wconf 85' lang='grc' dir='ltr'>πύλαι</span> <span class='ocrx_word' id='word_1_902' title='bbox 3731 5080 3988 5142; x_wconf 83' lang='grc' dir='ltr'>θανάτου,</span> 
     </span>
    </p>
   </div>
   <div class='ocr_carea' id='block_1_114' title="bbox 2407 5171 3994 5246">
    <p class='ocr_par' dir='ltr' id='par_1_114' title="bbox 2407 5171 3994 5246">
     <span class='ocr_line' id='line_1_114' title="bbox 2407 5171 3994 5246; baseline -0.003 -19"><span class='ocrx_word' id='word_1_903' title='bbox 2407 5174 2644 5246; x_wconf 76' lang='grc' dir='ltr'>πυλωροὶ</span> <span class='ocrx_word' id='word_1_904' title='bbox 2675 5174 2729 5225; x_wconf 81' lang='grc' dir='ltr'>δὲ</span> <span class='ocrx_word' id='word_1_905' title='bbox 2761 5174 2885 5244; x_wconf 81' lang='grc' dir='ltr'>ᾇδου</span> <span class='ocrx_word' id='word_1_906' title='bbox 2921 5173 3119 5235; x_wconf 81' lang='grc' dir='ltr'>ἰδόντες</span> <span class='ocrx_word' id='word_1_907' title='bbox 3157 5191 3212 5224; x_wconf 88' lang='grc' dir='ltr'>σε</span> <span class='ocrx_word' id='word_1_908' title='bbox 3244 5171 3521 5243; x_wconf 77' lang='grc' dir='ltr'>ἕπτηξαν;</span> <span class='ocrx_word' id='word_1_909' title='bbox 3564 5191 3582 5222; x_wconf 75' lang='grc' dir='ltr'><strong>ι</strong></span> <span class='ocrx_word' id='word_1_910' title='bbox 3615 5171 3680 5222; x_wconf 88' lang='grc' dir='ltr'>Τί</span> <span class='ocrx_word' id='word_1_911' title='bbox 3709 5173 3898 5224; x_wconf 90' lang='grc' dir='ltr'>τοίνυν</span> <span class='ocrx_word' id='word_1_912' title='bbox 3929 5171 3994 5223; x_wconf 72' lang='grc' dir='ltr'>τὰ</span> 
     </span>
    </p>
   </div>
   <div class='ocr_carea' id='block_1_115' title="bbox 2408 5263 3992 5337">
    <p class='ocr_par' dir='ltr' id='par_1_115' title="bbox 2408 5263 3992 5337">
     <span class='ocr_line' id='line_1_115' title="bbox 2408 5263 3992 5337; baseline -0.002 -19"><span class='ocrx_word' id='word_1_913' title='bbox 2408 5269 2486 5318; x_wconf 75' lang='grc' dir='ltr'>ἔτι</span> <span class='ocrx_word' id='word_1_914' title='bbox 2519 5266 2627 5337; x_wconf 77' lang='grc' dir='ltr'><strong>[Ισ.</strong></span> <span class='ocrx_word' id='word_1_915' title='bbox 2662 5265 2827 5336; x_wconf 71' lang='grc' dir='ltr'>οὕτω]</span> <span class='ocrx_word' id='word_1_916' title='bbox 2857 5265 3138 5336; x_wconf 81' lang='grc' dir='ltr'>θεοπρεπῆ</span> <span class='ocrx_word' id='word_1_917' title='bbox 3170 5264 3276 5317; x_wconf 83' lang='grc' dir='ltr'><strong>τῶν</strong></span> <span class='ocrx_word' id='word_1_918' title='bbox 3307 5264 3428 5318; x_wconf 73' lang='grc' dir='ltr'>καθ’</span> <span class='ocrx_word' id='word_1_919' title='bbox 3456 5265 3601 5332; x_wconf 74' lang='grc' dir='ltr'>ἡμᾶς</span> <span class='ocrx_word' id='word_1_920' title='bbox 3646 5263 3724 5314; x_wconf 78' lang='grc' dir='ltr'><strong>ἐνὶ</strong></span> <span class='ocrx_word' id='word_1_921' title='bbox 3769 5263 3867 5314; x_wconf 81' lang='grc' dir='ltr'>καὶ</span> <span class='ocrx_word' id='word_1_922' title='bbox 3897 5264 3992 5315; x_wconf 82' lang='grc' dir='ltr'><strong>ἁν-</strong></span> 
     </span>
    </p>
   </div>
   <div class='ocr_carea' id='block_1_116' title="bbox 2410 5355 3992 5429">
    <p class='ocr_par' dir='ltr' id='par_1_116' title="bbox 2410 5355 3992 5429">
     <span class='ocr_line' id='line_1_116' title="bbox 2410 5355 3992 5429; baseline -0.004 -17"><span class='ocrx_word' id='word_1_923' title='bbox 2410 5359 2610 5429; x_wconf 77' lang='grc' dir='ltr'>θρώπῳ</span> <span class='ocrx_word' id='word_1_924' title='bbox 2639 5359 2785 5429; x_wconf 76' lang='grc' dir='ltr'>μόνῳ</span> <span class='ocrx_word' id='word_1_925' title='bbox 2811 5361 3131 5429; x_wconf 83' lang='grc' dir='ltr'>προσνέμων</span> <span class='ocrx_word' id='word_1_926' title='bbox 3165 5359 3264 5410; x_wconf 82' lang='grc' dir='ltr'>οὐκ</span> <span class='ocrx_word' id='word_1_927' title='bbox 3289 5357 3547 5427; x_wconf 78' lang='grc' dir='ltr'>ἐρυθριᾷς</span> <span class='ocrx_word' id='word_1_928' title='bbox 3569 5374 3582 5420; x_wconf 90' lang='grc'>;</span> <span class='ocrx_word' id='word_1_929' title='bbox 3607 5357 3728 5408; x_wconf 74' lang='grc' dir='ltr'>Ὅτι</span> <span class='ocrx_word' id='word_1_930' title='bbox 3763 5357 3876 5427; x_wconf 67' lang='grc' dir='ltr'>γὶρ</span> <span class='ocrx_word' id='word_1_931' title='bbox 3902 5355 3992 5410; x_wconf 66' lang='lat' dir='ltr'><strong>aa.</strong></span> 
     </span>
    </p>
   </div>
   <div class='ocr_carea' id='block_1_117' title="bbox 2409 5448 3993 5522">
    <p class='ocr_par' dir='ltr' id='par_1_117' title="bbox 2409 5448 3993 5522">
     <span class='ocr_line' id='line_1_117' title="bbox 2409 5448 3993 5522; baseline -0.003 -19"><span class='ocrx_word' id='word_1_932' title='bbox 2409 5453 2496 5514; x_wconf 74' lang='grc' dir='ltr'><strong>τος</strong></span> <span class='ocrx_word' id='word_1_933' title='bbox 2529 5455 2556 5504; x_wconf 88' lang='grc' dir='ltr'>ὁ</span> <span class='ocrx_word' id='word_1_934' title='bbox 2593 5451 2684 5503; x_wconf 76' lang='grc' dir='ltr'>τοῦ</span> <span class='ocrx_word' id='word_1_935' title='bbox 2715 5452 2849 5504; x_wconf 75' lang='grc' dir='ltr'>Θεοῦ</span> <span class='ocrx_word' id='word_1_936' title='bbox 2877 5453 3066 5519; x_wconf 85' lang='grc' dir='ltr'>Λόγος,</span> <span class='ocrx_word' id='word_1_937' title='bbox 3106 5451 3319 5522; x_wconf 76' lang='grc' dir='ltr'>μορφὴν</span> <span class='ocrx_word' id='word_1_938' title='bbox 3345 5451 3530 5503; x_wconf 90' lang='grc' dir='ltr'>δούλου</span> <span class='ocrx_word' id='word_1_939' title='bbox 3563 5448 3766 5510; x_wconf 83' lang='grc' dir='ltr'>λαϐὼν,</span> <span class='ocrx_word' id='word_1_940' title='bbox 3793 5449 3993 5520; x_wconf 77' lang='grc' dir='ltr'>σαρκός</span> 
     </span>
    </p>
   </div>
   <div class='ocr_carea' id='block_1_118' title="bbox 2411 5541 3992 5612">
    <p class='ocr_par' dir='ltr' id='par_1_118' title="bbox 2411 5541 3992 5612">
     <span class='ocr_line' id='line_1_118' title="bbox 2411 5541 3992 5612; baseline -0.001 -20"><span class='ocrx_word' id='word_1_941' title='bbox 2411 5559 2465 5592; x_wconf 86' lang='grc' dir='ltr'><strong>τε</strong></span> <span class='ocrx_word' id='word_1_942' title='bbox 2500 5543 2590 5593; x_wconf 76' lang='grc' dir='ltr'>καὶ</span> <span class='ocrx_word' id='word_1_943' title='bbox 2621 5542 2848 5612; x_wconf 80' lang='grc' dir='ltr'>αἵματος</span> <span class='ocrx_word' id='word_1_944' title='bbox 2889 5541 3303 5610; x_wconf 78' lang='grc' dir='ltr'>κεκοινωνηκὼς</span> <span class='ocrx_word' id='word_1_945' title='bbox 3325 5581 3338 5604; x_wconf 99' lang='grc'><strong>,</strong></span> <span class='ocrx_word' id='word_1_946' title='bbox 3379 5541 3646 5610; x_wconf 76' lang='grc' dir='ltr'>ἠνέσχετο</span> <span class='ocrx_word' id='word_1_947' title='bbox 3682 5541 3782 5608; x_wconf 77' lang='grc' dir='ltr'><strong>μὲν</strong></span> <span class='ocrx_word' id='word_1_948' title='bbox 3813 5541 3992 5592; x_wconf 59' lang='lat' dir='ltr'><strong>Eoi-vat</strong></span> 
     </span>
    </p>
   </div>
   <div class='ocr_carea' id='block_1_119' title="bbox 2489 5717 2913 5784">
    <p class='ocr_par' dir='ltr' id='par_1_119' title="bbox 2489 5717 2913 5784">
     <span class='ocr_line' id='line_1_119' title="bbox 2489 5717 2913 5784; baseline 0.014 -16"><span class='ocrx_word' id='word_1_949' title='bbox 2489 5717 2531 5746; x_wconf 72' lang='lat'><strong><em>&quot;‘</em></strong></span> <span class='ocrx_word' id='word_1_950' title='bbox 2559 5717 2716 5770; x_wconf 77' lang='lat' dir='ltr'><strong>llebr.</strong></span> <span class='ocrx_word' id='word_1_951' title='bbox 2755 5734 2829 5784; x_wconf 77' lang='lat' dir='ltr'><strong>ix,</strong></span> <span class='ocrx_word' id='word_1_952' title='bbox 2861 5721 2913 5774; x_wconf 85' lang='lat'><strong>8.</strong></span> 
     </span>
    </p>
   </div>
   <div class='ocr_carea' id='block_1_120' title="bbox 2997 5715 3990 5784">
    <p class='ocr_par' dir='ltr' id='par_1_120' title="bbox 2997 5715 3990 5784">
     <span class='ocr_line' id='line_1_120' title="bbox 2997 5715 3990 5784; baseline -0.006 -11"><span class='ocrx_word' id='word_1_953' title='bbox 2997 5721 3039 5751; x_wconf 83' lang='grc'>⁸⁵</span> <span class='ocrx_word' id='word_1_954' title='bbox 3076 5717 3253 5774; x_wconf 82' lang='lat' dir='ltr'><strong>Galat.</strong></span> <span class='ocrx_word' id='word_1_955' title='bbox 3289 5733 3372 5784; x_wconf 88' lang='grc' dir='ltr'>ιιι,</span> <span class='ocrx_word' id='word_1_956' title='bbox 3409 5716 3497 5770; x_wconf 66' lang='lat'><strong>&#39;21.</strong></span> <span class='ocrx_word' id='word_1_957' title='bbox 3578 5718 3622 5747; x_wconf 81' lang='lat'><strong>&quot;</strong></span> <span class='ocrx_word' id='word_1_958' title='bbox 3660 5715 3794 5772; x_wconf 85' lang='lat' dir='ltr'><strong>Luc.</strong></span> <span class='ocrx_word' id='word_1_959' title='bbox 3841 5731 3990 5778; x_wconf 72' lang='lat' dir='ltr'><strong>niti,</strong></span> 
     </span>
    </p>
   </div>
   <div class='ocr_carea' id='block_1_121' title="bbox 2042 5786 2775 5851">
    <p class='ocr_par' dir='ltr' id='par_1_121' title="bbox 2042 5786 2775 5851">
     <span class='ocr_line' id='line_1_121' title="bbox 2042 5786 2775 5851; baseline 0.005 -12"><span class='ocrx_word' id='word_1_960' title='bbox 2042 5788 2084 5815; x_wconf 75' lang='lat'>”</span> <span class='ocrx_word' id='word_1_961' title='bbox 2117 5786 2216 5839; x_wconf 75' lang='lat' dir='ltr'><strong>Job</strong></span> <span class='ocrx_word' id='word_1_962' title='bbox 2283 5802 2513 5850; x_wconf 64' lang='lat' dir='ltr'><strong>XXXVI”,</strong></span> <span class='ocrx_word' id='word_1_963' title='bbox 2563 5787 2644 5851; x_wconf 80' lang='grc'>17,</span> <span class='ocrx_word' id='word_1_964' title='bbox 2695 5789 2775 5843; x_wconf 76' lang='grc'><strong>18.</strong></span> 
     </span>
    </p>
   </div>
  </div>
