4106 6486
142 431 222 489 9.31
1224 435 1593 494 ADVERSUS
1632 434 2038 493 NESTORIUM
2072 436 2199 495 LIB.
2238 437 2301 493 V.

3313 442 3416 500 238

157 555 222 626 τῷ
255 555 478 628 θανάτῳ
527 560 596 613 τδ
646 561 788 614 ἴδιον
827 558 983 628 σῶμα
1030 557 1097 610 δι’
1145 561 1314 630 ἡμᾶς.
1353 559 1445 612 καὶ
1478 558 1741 630 ὑπάρχων

1848 569 2053 629 partem
2095 559 2258 614 sortis
2291 565 2603 613 sanctorum
2642 557 2693 612 in
2719 554 2944 623 lumine,
2975 558 3064 624 qui
3097 560 3294 631 eripuit
3321 575 3419 618 nos

167 650 354 722 ἀπαθὴς
383 652 536 705 κατά
589 652 784 720 φύσιν,
834 649 996 721 σαρκὶ
1029 651 1298 704 πέπονθεν
1338 651 1502 715 ἑκὼν,
1539 650 1744 703 πιστώ-

173 757 304 793 σεται
335 741 572 810 γράφων
599 744 628 794 6
651 742 929 808 πάνσοφος
955 739 1190 802 Παῦλοςο
1225 759 1244 791 ι
1280 738 1744 811 Εὑχαριστοῦντες

175 831 241 900 τῷ
269 831 438 901 Πατρὶ
465 831 548 901 τῷ
594 831 924 884 ἱκανώσαντι
983 832 1129 900 ἡμᾶς
1165 831 1246 894 είς
1275 830 1374 900 τὴν
1415 829 1610 899 μερίδα
1647 829 1744 883 τοῦ

169 922 362 992 κλήρου
402 922 513 974 τῶν
545 923 718 990 ἁγίων
765 924 822 974 ὲν
854 921 931 990 τῷ
966 921 1128 989 φωτὶ,
1175 920 1234 982 ὃς
1283 920 1555 991 ἐρρύσατο
1598 921 1745 990 ἡμᾶς

171 1014 232 1065 ὲκ
252 1013 352 1090 τῆς
375 1013 627 1078 ἐξουσίας
655 1013 752 1066 τοῦ
787 1013 1031 1074 σκότους,
1065 1011 1159 1064 καὶ
1188 1011 1522 1080 μετέστησεν
1546 1013 1626 1074 είς
1647 1012 1744 1080 τὴν

166 1104 443 1172 βασιλείαν
476 1104 570 1157 τοῦ
600 1103 730 1156 Υίοῦ
765 1103 864 1172 τῆς
911 1103 1134 1170 ἀγάπης
1164 1100 1352 1164 αὐτοῦ,
1386 1102 1444 1152 ἐν
1477 1093 1521 1168 ᾧ
1549 1100 1744 1170 ἔχομεν

165 1196 262 1266 τὴν
279 1195 691 1266 ἀπολύτρωσιν,
716 1195 817 1263 τὴν
838 1194 1032 1262 ἄφεσιν
1060 1192 1167 1244 τῶν
1193 1191 1497 1262 ἁμαρτιῶν·
1519 1191 1577 1253 ὃς
1597 1192 1745 1243 ἐστιν

161 1289 324 1341 εἰκὼν
373 1287 467 1340 τοῦ
521 1287 658 1341 Θεοῦ
707 1286 802 1339 τοῦ
852 1285 1106 1356 ἀοράτου,
1167 1282 1513 1353 πρωτότοκος
1565 1282 1744 1349 πάσης

159 1382 394 1443 κτίσεως
413 1399 426 1411 ·
468 1382 549 1433 ὃτι
589 1383 646 1433 ὲν
675 1379 825 1448 αὑτῷ
864 1378 1090 1447 ἐκτίσθη
1128 1375 1198 1429 τὰ
1227 1376 1401 1429 πάντα
1430 1376 1488 1427 ὲν
1515 1377 1626 1437 τοῖς
1654 1375 1745 1426 οὐ·-

160 1477 343 1544 ρανοῖς
384 1473 479 1524 καὶ
516 1471 608 1524 ἐπὶ
653 1473 752 1540 τῆς
797 1470 924 1540 γῆς,
956 1469 1026 1522 ’τά
1058 1468 1226 1539 ὁρατά
1255 1468 1350 1520 καὶ
1393 1465 1464 1518 τὰ
1496 1465 1703 1537 ἀόρατα
1718 1480 1740 1497 ὀ

155 1565 264 1616 εἴτε
291 1565 512 1633 Θρόνοι,
541 1564 650 1615 εἴτε
680 1561 1033 1632 κυριότητες,
1065 1560 1174 1612 εῖτε
1218 1558 1434 1628 Ἀρχαὶ,
1469 1557 1579 1610 εἴτε
1622 1555 1743 1620 Ἐξ-

153 1657 360 1720 ουσίαι,
409 1656 477 1706 τὰ
521 1655 703 1708 πάντα
730 1653 796 1706 δι’
827 1652 990 1706 αὐτοῦ
1021 1652 1116 1705 καὶ
1145 1651 1226 1712 είς
1269 1649 1432 1702 αὑτὸν
1465 1647 1706 1701 ἔκτισται
1726 1665 1740 1678 ·

155 1748 245 1800 καὶ
282 1746 451 1808 αὐτός
482 1747 598 1798 ἔστι
635 1744 743 1814 πρὸ
773 1744 1013 1806 πάντων,
1045 1743 1141 1795 καὶ
1169 1740 1240 1794 τὰ
1272 1741 1453 1794 πάντα
1493 1739 1552 1790 ὲν
1595 1737 1744 1807 αὐτῷ

157 1839 461 1904 συνέστηκε
482 1853 496 1864 ·
531 1835 624 1888 καὶ
660 1834 821 1894 αὐτός
865 1833 1012 1885 ἐστιν
1041 1833 1073 1901 ἡ
1117 1828 1327 1899 κεφαλὴ
1359 1827 1455 1881 τοῦ
1493 1827 1741 1896 σώματος

1848 653 1914 706 de
1951 657 2218 720 potestate
2261 650 2629 712 tenebrarum,
2680 657 2734 704 et
2783 651 3056 706 transtulit
3097 652 3149 706 in
3198 669 3417 723 regnum

1846 743 1965 798 Filii
1995 744 2296 798 dilectionis
2321 757 2452 806 suae,
2477 743 2528 795 in
2552 757 2660 811 quo
2685 743 2946 798 habemus
2969 745 3419 815 redemptionem,

1846 834 2221 888 remissionem
2251 841 2630 904 peccatorum;
2661 834 2749 902 qui
2789 842 2874 888 est
2921 835 3098 903 imago
3133 835 3227 890 Dei
3273 837 3418 892 invi-

1847 926 2041 990 sibilis,
2076 926 2467 995 printogenitus
2514 926 2689 978 omnis
2720 936 3017 991 creatura);
3054 927 3178 997 quia
3219 927 3272 982 in
3307 930 3420 997 ipso

1848 1019 2066 1071 condita
2097 1026 2217 1071 sunt
2246 1015 2423 1069 omnia
2468 1017 2517 1067 in
2551 1015 2700 1069 caelis
2735 1022 2790 1069 et
2824 1016 2875 1068 in
2910 1023 3075 1078 terra,
3107 1015 3342 1070 visibilia
3368 1028 3425 1070 et

1847 1107 2161 1169 invisibilia,
2218 1105 2335 1159 sive
2385 1105 2612 1168 Throni,
2669 1107 2782 1161 sive
2835 1106 3259 1171 Dominationes,
3311 1107 3425 1161 sive

1845 1197 2210 1266 Principatus,
2239 1198 2351 1250 sive
2383 1197 2706 1260 Potestates,
2746 1198 2926 1251 omnia
2960 1211 3054 1265 per
3078 1197 3252 1265 ipsum
3285 1207 3338 1251 et
3369 1198 3420 1252 in

1847 1290 2022 1357 ipsum
2059 1299 2242 1342 creata
2274 1301 2429 1350 sunt;
2467 1298 2520 1341 et
2564 1290 2674 1356 ipse
2704 1301 2788 1342 est
2829 1299 2954 1342 ante
2985 1291 3186 1351 omnia.
3219 1299 3273 1345 et
3302 1306 3422 1346 om-

1847 1380 1932 1432 nia
1989 1380 2043 1432 in
2102 1379 2222 1447 ipso
2260 1385 2546 1443 constant;
2595 1388 2648 1432 et
2691 1379 2807 1448 ipse
2849 1389 2932 1434 est
2983 1386 3146 1448 caput
3185 1381 3426 1450 corporis

1847 1471 2123 1535 Ecclesia},
2153 1471 2242 1538 qui
2271 1479 2358 1524 est.
2383 1471 2734 1539 principium,
2765 1471 3156 1539 primogenitus
3183 1487 3249 1526 ex
3281 1489 3426 1527 mor-

1848 1563 1992 1616 tuis?
2021 1572 2076 1615 ut
2104 1565 2171 1616 sit
2201 1562 2252 1614 in
2287 1562 2541 1614 omnibus
2589 1562 2702 1629 ipse
2735 1561 3027 1628 primatum
3080 1573 3268 1615 tenens
3291 1562 3359 1617 ⁹⁰.
3397 1581 3418 1613 ι

1847 1653 1984 1706 Ecce
2005 1653 2115 1718 jam
2151 1653 2492 1721 apertissime
2516 1653 2604 1706 ille
2638 1652 3018 1722 mysteriorum
3045 1651 3136 1706 Dei
3172 1655 3426 1708 sacerdos

1845 1742 1996 1795 illum
2044 1742 2209 1796 Deum
2247 1741 2482 1795 Verbum
2527 1756 2624 1810 per
2671 1756 2830 1810 quem
2881 1741 3060 1795 omnia
3110 1751 3166 1796 et
3213 1743 3267 1796 in
3316 1757 3426 1812 quo

1846 1834 2048 1897 omnia,
2095 1833 2184 1902 qui
2240 1841 2322 1887 est
2384 1837 2564 1903 imago
2619 1832 2715 1886 Dei
2773 1833 3075 1898 invisibilis,
3127 1835 3275 1889 illum
3327 1849 3426 1904 per

153 1929 249 1996 τῆς
287 1925 648 1994 Ἐκκλησίας,
678 1925 738 1987 ὃς
767 1925 913 1976 ἐστιν
943 1923 1087 1992 ἀρχὴ
1109 1960 1126 1986 ,
1176 1918 1520 1992 πρωτότοκος
1545 1919 1609 1970 ἐκ
1637 1917 1744 1969 τῶν

1848 1939 2003 1992 quem
2041 1933 2099 1977 ut
2137 1934 2321 1978 essent
2363 1927 2624 1993 producta
2665 1932 2792 1978 sunt
2836 1935 3044 1994 etquae
3095 1927 3146 1980 in
3187 1926 3339 1981 catlis
3368 1935 3424 1981 et

151 2017 392 2087 νεκρῶν,
437 2015 526 2068 ἵνα
556 2015 782 2084 γένηται
816 2015 874 2066 ὲν
922 2014 1090 2066 πᾶσιν
1139 2010 1303 2072 αὐτὸς
1345 2007 1663 2080 πρωτεύων.
1717 2025 1734 2058 ι

160 2109 294 2162 Ἰδοὺ
347 2107 414 2176 δὴ
458 2107 554 2159 καὶ
592 2105 736 2175 μάλα
768 2104 955 2172 σαφῶς
1000 2106 1030 2156 6
1063 2102 1174 2155 τῶν
1218 2099 1384 2154 αὐτοῦ
1422 2097 1740 2169 μυστηρίων

147 2200 465 2271 ίερουργὸς,
503 2197 666 2250 αὑτὸν
691 2197 803 2264 ἔφη
839 2196 929 2248 τὸν
959 2196 1025 2246 δι’
1057 2189 1116 2246 οὗ
1146 2193 1213 2245 τὰ
1247 2192 1444 2249 πάντα,
1479 2189 1575 2242 καὶ
1607 2191 1663 2241 ὲν
1697 2182 1741 2255 ᾧ

141 2297 212 2348 τὰ
245 2294 438 2346 πάντα
470 2289 603 2344 Θεὸν
649 2289 843 2356 Λόγον,
873 2289 932 2350 ὃς
962 2287 1109 2339 ἐστιν
1138 2283 1301 2338 εἰκὼν
1348 2282 1443 2335 τοῦ
1473 2280 1609 2334 Θεοῦ
1646 2281 1739 2332 τοῦ

146 2383 418 2452 ἀοράτου,
456 2378 548 2432 τὸν
574 2377 643 2432 δι’
670 2370 731 2432 οὗ
761 2374 1022 2447 παρήχθη
1067 2373 1202 2444 πρὸς
1232 2370 1471 2441 ὓπαρξιν
1500 2369 1570 2423 τά
1596 2386 1654 2421 τε
1684 2371 1740 2420 ὲν

141 2478 260 2537 τοῖς
292 2475 359 2526 οὐ
373 2473 578 2541 ρανοῖς,
614 2469 712 2523 καὶ
749 2469 819 2522 τά
850 2468 943 2520 ἐπὶ
967 2465 1068 2535 τῆς
1110 2464 1235 2533 γῆς,
1264 2464 1332 2516 τὰ
1360 2461 1533 2532 όρατά
1558 2477 1617 2512 τε
1647 2458 1741 2512 καὶ

143 2565 365 2632 ἀόρατα
386 2601 401 2624 ,
426 2561 522 2613 τὸν
564 2561 694 2612 ὄντα
726 2558 834 2628 πρὸ
865 2557 1107 2620 πάντων,
1143 2557 1200 2606 ὲν
1296 2553 1366 2607 τά
1398 2553 1576 2605 πάντα
1616 2567 1742 2602 συν-

144 2657 380 2725 ἐστηκε,
427 2651 672 2722 κεφαλὴν
698 2648 946 2704 δεδόσθαι
991 2650 1057 2718 τῇ
1101 2645 1418 2716 Ἐκκλησία,
1453 2643 1548 2696 καὶ
1580 2641 1742 2694 αὑτὸν

143 2739 288 2796 εἶναι
329 2743 683 2812 πρωτότοκον
714 2741 780 2792 ὲκ
803 2736 1030 2809 νεκρῶν.
1049 2736 1187 2789 Ἀλλ’
1215 2735 1382 2799 ἔστιν,
1417 2733 1546 2796 ἴσως
1573 2733 1737 2802 ὲρεῖς,

141 2837 289 2890 κατὰ
323 2835 498 2903 φύσιν
527 2833 660 2903 ζωὴ,
691 2835 720 2885 6
741 2833 802 2884 ὲκ
825 2831 962 2884 Θεοῦ
988 2828 1202 2900 Πατρὸς
1223 2827 1397 2894 Λόγος
1416 2841 1428 2853 ⁸
1457 2821 1573 2877 εἶτα
1603 2822 1739 2885 πῶς,

142 2929 175 2996 ἦ
207 2927 336 2979 τίνα
368 2925 437 2992 δὴ
468 2925 669 2988 τρόπον
702 2920 926 2990 τεθναίη
958 2922 992 2989 ἡ
1024 2919 1174 2988 ζωής
1207 2916 1432 2979 Καλῶςο
1466 2913 1744 2982 ἀναγκαία

142 3021 240 3072 καὶ
277 3016 585 3085 ὲπωφελὴς
615 3018 647 3083 ἠ
680 3014 872 3076 πεῦσις
897 3031 910 3043 ο
940 3013 1136 3066 οὐκοῦν
1179 3012 1258 3074 είς
1282 3010 1380 3079 τὴν
1409 3008 1504 3061 τοῦ
1537 3023 1743 3078 μυστη-

144 3111 264 3177 ρίου
300 3107 546 3175 δύναμιν
578 3104 872 3175 χρησίμως
905 3102 1399 3171 παραλαμϐάνεται
1449 3101 1530 3162 τὸ,
1567 3100 1746 3169 σάρκα

139 3197 414 3266 γενέσθαι
447 3198 589 3249 νοεῖν
633 3211 691 3248 τε
718 3194 813 3247 καὶ
857 3191 1058 3259 λέγειν,
1090 3191 1182 3243 τὸν
1213 3189 1299 3243 ἀεί
1331 3206 1389 3242 τε
1422 3189 1617 3253 ζῶντα,
1651 3187 1746 3240 καὶ

1842 2030 1962 2083 qute
2000 2016 2050 2067 in
2089 2023 2253 2079 terra,
2287 2014 2523 2068 visibilia
2558 2024 2612 2068 et
2660 2016 2976 2082 invisibilia,
3025 2016 3170 2070 illum
3200 2017 3292 2086 qui
3339 2026 3426 2072 est.

1843 2113 1968 2158 ante
2015 2106 2220 2168 omnia,
2271 2104 2322 2158 in
2360 2119 2467 2173 quo
2517 2105 2698 2159 omnia
2752 2115 3024 2171 constant,
3075 2106 3249 2176 ipsum
3288 2107 3426 2161 dixit

1841 2209 2002 2267 caput
2033 2213 2153 2253 esse
2181 2199 2364 2252 datum
2400 2197 2677 2262 Ecclesize,
2711 2209 2766 2252 et
2794 2198 2972 2266 ipsum
3003 2213 3125 2253 esse
3148 2199 3423 2270 primoge-

1842 2288 2012 2341 nitum
2059 2303 2126 2342 ex
2173 2289 2426 2343 mortuis.
2475 2290 2580 2343 Sed
2637 2289 2783 2343 dices
2840 2289 3071 2345 fortasse
3111 2306 3128 2344 :
3166 2291 3424 2347 Concedo

1843 2379 2092 2448 equidem
2123 2378 2254 2434 illud
2287 2395 2351 2434 ex
2375 2379 2485 2433 Deo
2519 2378 2680 2434 Patre
2708 2380 2946 2434 Verbum
2981 2396 3102 2436 esse
3135 2397 3201 2437 ex
3231 2391 3423 2436 natura

1843 2471 2042 2536 vitam;
2071 2471 2162 2525 sed
2189 2486 2294 2540 quo
2337 2470 2518 2532 modo,
2559 2484 2735 2540 quave
2767 2471 2978 2524 ratione
3009 2472 3114 2525 vita
3148 2472 3284 2527 mori
3317 2485 3418 2542 po-

1845 2562 1986 2615 tuit?
2013 2561 2301 2624 Praeclare,
2336 2564 2642 2618 necessm-ia
2691 2572 2745 2615 et
2785 2562 3029 2631 perutilis
3061 2571 3145 2618 est
3172 2565 3419 2632 quaestio.

1846 2651 1987 2721 Ergo
2036 2654 2102 2704 ad
2149 2653 2391 2723 mystcrii
2438 2654 2543 2705 vim
2592 2652 2722 2706 illud
2775 2650 2979 2706 utiliter
3015 2654 3327 2719 assumitur,
3365 2662 3427 2709 υι

1845 2742 2211 2811 intelligamus
2263 2754 2426 2814 atque
2476 2745 2640 2798 etiam
2701 2742 2944 2797 dicamus
2985 2743 3160 2812 ipsum
3211 2759 3428 2813 semper

1844 2835 2033 2888 vivens
2076 2843 2130 2887 et
2167 2833 2446 2888 viviticans
2491 2833 2582 2886 Dei
2623 2831 2859 2887 Verbum
2907 2845 3125 2886 carnem
3169 2847 3290 2886 esse
3341 2834 3428 2886 l'a-

1846 2933 2016 2987 ctum,
2050 2923 2154 2978 ltoc
2182 2932 2280 2985 est,
2315 2937 2510 2992 corpus
2553 2923 2683 2976 illud
2712 2923 2856 2991 quod
2892 2931 3119 2976 mortem
3151 2922 3428 2991 suscipere

1848 3024 2055 3086 posset,
2091 3014 2371 3084 proprium
2405 3013 2506 3066 sibi
2549 3011 2769 3076 fecisse,
2802 3021 2861 3064 ut
2887 3012 3059 3081 ipsum
3093 3027 3309 3081 passum
3346 3013 3428 3064 in-

1848 3105 2146 3174 telligatur,
2196 3104 2321 3174 quia
2375 3104 2652 3172 proprium
2697 3103 2864 3171 ipsius
2904 3117 3124 3171 passum
3172 3112 3259 3157 est
3306 3117 3428 3158 cor-

1849 3210 1970 3265 pus.
2006 3196 2098 3250 Sic
2132 3209 2366 3264 namque
2411 3195 2585 3264 ipsum
2620 3194 2820 3247 factum
2853 3193 3120 3262 primitias
3161 3193 3432 3248 dormien-

142 3289 421 3355 ζωοποιὸν
450 3285 547 3339 τοῦ
582 3284 718 3338 Θεοῦ
767 3283 961 3351 Λόγον,
994 3281 1293 3343 τουτέστιν,
1340 3279 1470 3332 ἴδιον
1520 3281 1744 3350 ποιήσα-

1852 3289 1982 3340 tium
2012 3287 2266 3351 dicimus,
2296 3295 2353 3341 et
2378 3285 2798 3356 primogenitum
2831 3299 2895 3338 ex
2925 3284 3151 3338 mortuis
3179 3303 3191 3338 :
3220 3284 3432 3353 positus

146 3381 271 3434 σθαι
309 3379 484 3449 σῶμα
514 3376 578 3428 τὸ
607 3375 838 3428 θανάτου
884 3371 1153 3434 δεκτικὸν,
1207 3371 1294 3423 ἴνα
1339 3371 1524 3439 νοῆται
1554 3369 1746 3424 παθὼν

143 3475 338 3536 αὐτὸς,
373 3473 462 3524 ὅτι
500 3470 560 3521 τὸ
589 3469 717 3521 [διον
762 3466 926 3519 αὑτοῦ
977 3464 1212 3518 πέπονθε
1244 3463 1423 3532 σῶμα.
1452 3463 1606 3516 Οὕτω
1634 3463 1744 3534 γὰρ

145 3567 316 3617 αὐτὸν
350 3561 612 3630 γενέσθαι
663 3558 842 3627 φαμὲν
872 3556 1128 3624 ἀπαρχὴν
1155 3554 1264 3606 τῶν
1306 3555 1743 3624 κεκοιμημένων,

146 3656 247 3710 καὶ
295 3653 656 3724 πρωτότοκον
688 3653 753 3702 ὲκ
794 3647 1023 3717 νεκρῶν.
1062 3645 1349 3698 Τεθεῖσθαι
1376 3645 1485 3716 γὰρ
1527 3646 1745 3713 λέγεται

153 3745 274 3815 μεθ’
315 3743 485 3813 ἡμῶν
516 3742 575 3792 ἐν
611 3739 855 3809 μνήματι
888 3737 976 3788 διὰ
1005 3737 1102 3805 τῆς
1149 3735 1284 3796 ἰδίας
1325 3734 1526 3805 σαρκὸς
1575 3735 1603 3785 6
1649 3737 1744 3788 ἀν-

153 3838 310 3900 ιστὰς
339 3834 476 3896 τοὺς
505 3832 754 3902 νεκροὺς,
782 3831 869 3881 ἵνα
897 3828 991 3879 καὶ
1014 3828 1175 3896 ἡμεῖς
1206 3824 1622 3895 συνεγερθῶμεν
1647 3826 1744 3878 αὑ-

151 3932 227 3997 τῷ
249 3946 264 3959 ·
299 3926 514 3995 ταύτην
551 3923 660 3993 γὰρ
681 3924 815 3993 ἡμῖν
849 3919 1152 3973 ὲνεκαίνισε
1189 3916 1287 3988 τὴν
1309 3916 1450 3982 ὁδὸν,
1484 3918 1575 3969 καὶ
1613 3917 1747 3971 ταύ·

153 4039 249 4091 της
294 4021 468 4072 ἓνεκα
511 4017 608 4084 τῆς
650 4014 827 4076 αἰτίας
872 4011 1272 4064 τεταπείνωκεν
1306 4009 1515 4071 ἑαυτὸν,
1558 4009 1747 4072 καθεὶς

157 4117 234 4176 εἰς
263 4113 530 4169 κένωσιν,
565 4107 659 4158 καὶ
688 4107 766 4167 είς
793 4103 1188 4172 ἀνθρωπότητα
1222 4101 1340 4168 μεθ’
1370 4099 1544 4168 ἡμῶν⁸
1569 4098 1746 4151 καίτοι

158 4206 288 4267 θεὸς
331 4203 408 4254 ὼν
468 4199 661 4268 φύσει,
704 4196 798 4248 καὶ
840 4196 905 4246 ἐκ
952 4193 1087 4245 Θεοῦ
1139 4194 1350 4262 Ιιατρὺς
1398 4191 1680 4261 πεφηνὼςο
1719 4191 1747 4241 ὁ

160 4293 500 4362 ιίονογενής.
547 4288 687 4340 Ἀλλ’
709 4287 877 4339 οἴεται
912 4286 1031 4354 μὲν,
1057 4284 1197 4337 κατὰ
1221 4285 1279 4336 τὸ
1308 4285 1474 4347 εἰκὸς,
1494 4285 1614 4345 τοῦς
1647 4276 1745 4334 ὧδε

161 4387 308 4439 ταῦτ’
359 4385 510 4453 ἔχειν
561 4379 953 4449 ὑπειληφότας,
1006 4377 1102 4430 καὶ
1164 4375 1379 4444 ἀληθῶς
1432 4375 1748 4439 δοξάζοντας

167 4473 570 4546 ὲμϐροντησίας
609 4473 687 4532 είς
719 4470 874 4539 λῆξιν
910 4469 1008 4538 τῆς
1036 4467 1297 4520 ἀνωτάτω
1325 4467 1570 4538 δραμεῖνο
1611 4485 1746 4537 σκη-

166 4571 436 4638 πτάμενος
471 4564 528 4616 δὲ
579 4561 858 4630 πανταχοῦ
902 4561 964 4612 τὸ
992 4561 1102 4611 δεῖν
1136 4559 1326 4626 ἀπαθῆ
1375 4559 1465 4610 τὸν
1513 4561 1577 4611 ὲκ
1611 4559 1746 4611 Θεοῦ

168 4660 380 4728 Ila-.96;
418 4654 584 4725 ἡμῶν
623 4650 1006 4721 ὁμολογεῖσθαι
1036 4650 1228 4717 Λόγον,
1260 4648 1532 4718 ἐξίστησιν
1561 4649 1746 4712 αὑτοῦ,

169 4751 257 4802 καὶ
280 4748 446 4800 τοῦτο
472 4747 553 4807 είς
583 4743 730 4796 ᾶπαν
754 4785 767 4807 ,
794 4743 893 4812 τῆς
926 4741 1239 4810 οἰκονομίας
1270 4739 1361 4792 τὸν
1386 4741 1587 4810 τρόπον
1609 4757 1621 4770 ο
1649 4742 1748 4792 οὐκ

169 4842 302 4904 ἀξιοῖ
331 4842 390 4893 δὲ
416 4838 692 4906 ὦσπερ,ἢ
732 4837 972 4906 φρονεῖν,
1013 4834 1044 4904 ἢ
1095 4834 1299 4900 λέγειν,
1351 4833 1432 4884 ὅτι
1483 4832 1749 4885 πέπονθεν

171 4933 307 5000 ὑπὲρ
338 4932 522 5003 ἡμῶν,
557 4930 733 4983 καίτοι
784 4930 880 4996 τῆς
927 4926 1286 4979 θεοπνεύστου
1320 4926 1543 4996 Γραφῆς
1584 4927 1748 4995 σαρκὶ

1848 3391 2082 3448 namque
2127 3378 2406 3432 nobiscum
2455 3378 2508 3431 in
2559 3385 2912 3430 monumento
2952 3375 3150 3430 dicitur
3179 3389 3273 3444 per
3300 3389 3430 3446 pro-

1848 3470 2020 3536 priam
2054 3483 2300 3532 carnem,
2348 3469 2438 3537 qui
2471 3477 2716 3522 mortuos
2744 3468 2994 3530 suscitat,
3045 3475 3103 3519 ut
3131 3480 3231 3520 nos
3266 3467 3430 3521 etiam

1848 3560 2009 3614 simul
2066 3574 2191 3615 cum
2247 3561 2362 3628 ipso
2411 3560 2753 3614 excitemur:
2801 3559 2943 3613 hanc
2991 3571 3229 3626 namque
3277 3556 3434 3612 nobis

1849 3650 2128 3705 innovavit
2159 3653 2321 3714 viam,
2350 3661 2404 3705 et
2435 3651 2540 3705 hac
2571 3651 2636 3706 de
2672 3665 2836 3704 causa
2881 3649 3188 3704 bumiliavit
3225 3658 3429 3704 semet-

1851 3742 2048 3810 ipsum,
2083 3741 2148 3796 ad
2181 3741 2610 3798 exinanitionem
2641 3749 2694 3797 et
2724 3743 2790 3796 ad
2827 3740 3219 3794 humanitatem
3250 3740 3434 3796 nobis-

1849 3848 1969 3886 cum
2007 3848 2066 3888 se
2100 3833 2379 3901 dejiciens,
2414 3832 2663 3902 quamvis
2693 3831 2782 3887 ille
2832 3831 3153 3902 Unigenltus
3186 3830 3329 3887 Deus
3365 3844 3433 3884 ex

1850 3935 2042 3978 natura
2078 3933 2219 3978 esset
2254 3935 2307 3976 et
2335 3939 2399 3977 ex
2439 3924 2549 3976 Dco
2580 3921 2744 3975 Patre
2773 3931 2943 3976 ortus.
2983 3922 3088 3975 Sed
3144 3921 3247 3976 iste
3279 3929 3435 3991 putat

1852 4019 2107 4068 nimirum
2141 4030 2260 4078 eos,
2293 4016 2381 4083 qui
2419 4015 2535 4069 haac
2578 4016 2657 4068 ita
2693 4028 2753 4067 se
2792 4013 2994 4067 habere
3023 4012 3338 4067 existimant
3380 4021 3435 4066 et

1852 4121 1977 4161 vere
2007 4107 2273 4170 sentiunt,
2314 4107 2377 4158 ad
2412 4115 2714 4160 extremum
2748 4119 2974 4159 summa
3002 4104 3287 4159 dementiae
3309 4117 3435 4173 per-

1852 4199 2063 4252 venisse
2107 4215 2120 4251 :
2165 4206 2218 4250 et
2276 4197 2470 4265 ubique
2522 4205 2821 4263 prmtexens
2873 4204 3127 4264 oportere
3177 4195 3307 4249 illud
3362 4208 3431 4248 ex

1851 4290 1959 4343 Deo
1996 4287 2157 4343 Patre
2203 4287 2435 4342 Verbum
2488 4287 2788 4355 impatibile
2836 4286 3104 4349 conllteri,
3150 4284 3434 4354 dispensa-

1854 4381 2016 4436 tionis
2045 4381 2261 4434 tnodum
2295 4380 2361 4432 ab
2391 4393 2455 4431 eo
2486 4377 2686 4442 aufert,
2719 4388 2774 4433 et
2802 4378 3018 4446 quidem
3055 4377 3108 4431 in
3149 4385 3344 4440 totum,
3381 4386 3437 4428 et

1851 4472 2248 4541 quodammodo
2277 4469 2438 4541 138
2463 4470 2807 4539 dedignatur,
2837 4481 2930 4522 aut
2960 4470 3187 4529 sentire,
3221 4478 3316 4520 aut
3353 4469 3436 4519 di-

1854 4579 1978 4617 cere
2022 4563 2150 4616 illttd
2200 4577 2320 4615 esse
2368 4578 2463 4629 pro
2496 4563 2651 4614 nobis
2687 4575 2926 4628 passum,
2960 4559 3209 4626 quamvis
3261 4572 3433 4612 sacrae

1855 4654 2074 4708 Litterae
2127 4670 2293 4708 carne
2340 4669 2559 4722 passum
2609 4652 2813 4715 dicant,
2861 4653 2989 4705 licet
3039 4649 3336 4720 impatibile
3379 4661 3435 4701 et

1859 4747 2262 4815 incorporeum,
2312 4746 2436 4814 quia
2484 4759 2680 4812 corpus
2720 4759 2935 4812 passum
2981 4753 3065 4796 est
3104 4741 3271 4810 ipsius
3303 4753 3431 4808 pro-

1857 4839 2033 4906 prium
2087 4837 2296 4905 ipsique
2341 4836 2571 4889 unitum.
2607 4834 2748 4889 Dixit
2778 4844 2956 4889 autem
2985 4848 3175 4887 rursus
3205 4833 3256 4884 in
3291 4834 3434 4883 hunc

1858 4931 2070 4983 modum
2105 4949 2118 4982 :

170 5027 434 5097 λεγούσης
483 5027 696 5091 παθεῖν,
747 5027 842 5078 καὶ
870 5024 1056 5094 ἀπαθῆ
1092 5024 1188 5077 καλ⁸
1217 5023 1527 5090 ἀσώματον,
1562 5023 1642 5076 ὅτι
1680 5022 1740 5074 τὸ
1781 5024 1907 5079 ἴδιον
1975 5026 2137 5079 αὑτοῦ
2175 5026 2265 5079 καὶ
2331 5024 2532 5078 ὲνωθὲν
2567 5022 2715 5094 αὐτῷ
2765 5021 3031 5075 πέπονθεν
3068 5021 3247 5092 σῶμα.
3285 5021 3430 5088 Ἔφη

170 5125 224 5176 δὲ
248 5124 410 5176 πάλιν
442 5123 536 5174 ὡδί
565 5139 577 5150 ·

239 5213 256 5286 [
282 5216 382 5267 Διά
409 5213 568 5265 τοῦτο
600 5214 727 5285 περὶ
758 5211 853 5280 τῆς
878 5210 1154 5282 ἡμετέρας
1187 5209 1437 5278 ἀπαρχῆς
1462 5250 1476 5276 ,
1505 5209 1533 5259 6
1562 5209 1744 5278 μακά-

174 5325 280 5376 ριος
318 5307 528 5376 Πέτρος
576 5303 985 5372 καταγγέλλων,
1020 5302 1115 5354 καὶ
1141 5301 1240 5372 τὴν
1269 5304 1332 5354 ὲκ
1366 5300 1462 5369 τῆς
1497 5300 1748 5369 θεότητος

170 5399 508 5469 φαινομένης
557 5396 772 5466 φύσεως
817 5393 1174 5463 διηγούμενος
1213 5390 1439 5460 ῦῲωσιν,
1481 5409 1496 5439 ι
1524 5390 1747 5452 Τοῦτον,

169 5494 356 5563 φησὶν,
386 5491 478 5543 τὸν
508 5488 713 5559 Ἰησοῦν
749 5487 1051 5556 ἀνέστησεν
1083 5487 1108 5537 6
1136 5484 1287 5545 Θεός.
1329 5502 1344 5532 ι
1379 5482 1489 5534 Οὐκ
1511 5482 1747 5535 ἀπέθανε

168 5589 323 5650 Θεὸς,
366 5585 499 5638 ἀλλὰ
535 5585 861 5653 ἀνέστησεν.
895 5582 1090 5632 Ἀκουε
1121 5579 1230 5632 τῶν
1265 5577 1358 5630 τοῦ
1406 5578 1614 5647 Πέτρον
1653 5579 1748 5646 ρη-

167 5685 390 5751 μάτων,
437 5677 816 5746 Ἀπολινάριε,
869 5673 1032 5726 ἄκουε
1084 5671 1179 5722 σὺν
1219 5668 1618 5738 ’Λπολιναρίῳ,
1655 5668 1748 5719 καὶ

233 5863 280 5890 ρο
325 5858 521 5912 Coto“,
563 5873 600 5920 ι,
655 5850 819 5906 12-18
912 5849 952 5878 "
994 5847 1110 5900 Act.
1157 5857 1216 5911 ll,
1249 5843 1336 5896 2L

1929 5207 2165 5259 Msroa.
2211 5202 2353 5274 [ideo
2387 5205 2451 5256 de
2485 5202 2683 5256 nostris
2715 5201 2816 5254 illis
2846 5199 3098 5268 primitiis
3136 5216 3258 5255 cum
3302 5218 3427 5271 age-

1858 5308 1938 5351 ret
1970 5301 2157 5351 beatus
2195 5295 2408 5355 Petrus,
2446 5307 2497 5346 et
2543 5293 2922 5346 exaltationem
2968 5293 3191 5346 visibilis
3223 5305 3428 5350 natura!

1856 5391 1905 5441 vi
1959 5388 2258 5442 divinitatis
2308 5385 2512 5440 factam
2567 5395 2871 5450 enarraret,
2939 5405 2954 5436 ι
2990 5385 3163 5450 Hunc,
3228 5387 3425 5457 inquit,

1855 5479 2036 5534 Jesum
2079 5480 2360 5533 suscitavit
2390 5479 2625 5543 Deus“;
2665 5497 2682 5528 )
2717 5493 2820 5530 non
2858 5488 3102 5530 mortuus
3143 5485 3224 5532 est
3264 5477 3426 5538 Deus.

1857 5573 1948 5626 sed
1991 5571 2290 5626 suscitavit.
2331 5570 2490 5636 Audi,
2525 5569 2844 5640 Apollinari,
2881 5567 3023 5622 Petri
3067 5571 3261 5635 verba;
3304 5570 3427 5623 audi

1858 5677 1979 5720 cum
2009 5665 2341 5734 Apollinario
2377 5665 2558 5729 ctiam,
2594 5662 2708 5716 Ari.
2758 5680 2774 5710 ι
2808 5659 2980 5725 Hunc,
3021 5660 3215 5728 inquit,
3245 5659 3426 5714 Jesum
