4104 6484
707 415 813 470 239
1729 407 1784 460 S.
1825 404 2093 461 CYRILLI
2136 399 2604 459 ALEXANDRINI
2646 397 2964 454 ARCHIEP.
3867 387 3979 440 260

709 528 990 587 suscitavit
1045 528 1221 591 Deus,
1280 525 1372 596 qni
1430 522 1693 587 cernitur,
1756 522 1847 589 qui
1908 519 2080 573 oculis
2146 520 2291 572 vide-

2394 517 2581 585 Ἀρειε
2660 533 2675 564 ι
2711 511 2933 573 Τοῦτον,
2981 510 3156 579 φησὶ,
3204 509 3294 560 τὸν
3352 506 3559 573 Ἰησοῦν
3594 502 3895 569 ἀνέστησεν
3949 502 3982 549 6

712 620 890 685 tur",
927 636 945 670 ι
982 618 1072 687 qui
1118 617 1263 685 ligno
1300 595 1525 670 sulleus
1547 612 1616 675 ”,
1645 611 1735 680 qui
1785 608 2030 663 manibus
2056 605 2279 661 Thomas

2394 604 2519 667 Θεὸς
2543 603 2634 656 τὸν
2667 602 3013 672 φαινόμενον,
3041 599 3228 652 τοῦτον
3257 599 3347 650 τὸν
3380 596 3654 667 ὁρώμενον
3677 595 3915 663 ὄμμασι.
3954 610 3973 641 ο

712 719 1078 766 contrectatus
1103 706 1282 768 fuit“,
1308 705 1398 775 qui
1442 704 1507 758 ad
1534 705 1704 773 ipsum
1729 700 2016 756 clamavit:
2044 718 2061 750 ι
2095 698 2281 769 Palpa,

712 804 838 873 quia
877 801 1099 871 Spiritus
1146 812 1364 853 carnem
1395 803 1450 851 et
1489 810 1610 849 ossa
1657 808 1761 848 non
1809 794 1993 861 habet,
2030 794 2169 850 sicut
2199 807 2285 845 me

716 891 911 946 videtis
940 890 1142 944 habere
1164 889 1211 920 "
1235 904 1249 951 ;
1282 904 1300 938 ›
1337 886 1527 953 hisque
1554 898 1848 953 persuasus
1879 881 2176 951 discipulus
2198 879 2285 933 ille

715 981 957 1044 vocibus,
989 989 1042 1034 et
1071 977 1501 1033 contrectatione
1535 974 1781 1030 crucifixi
1810 974 2054 1042 corporis
2089 974 2155 1026 de
2197 984 2283 1025 re-

717 1072 1058 1129 surrectione
1092 1070 1293 1125 certior
1328 1069 1521 1130 factus,
1555 1067 1952 1122 admirabilium
1982 1078 2163 1118 rerum
2208 1060 2287 1114 ef-

718 1165 977 1219 fectorem
1035 1161 1202 1215 Deum
1248 1158 1626 1229 glorificabat:
1663 1174 1681 1208 ‹
1715 1156 1974 1210 Dominus
2020 1169 2193 1219 meus,
2234 1161 2288 1204 et

719 1255 860 1309 Deus
886 1268 1063 1317 meus,
1091 1252 1186 1306 tibi
1223 1251 1391 1319 gloria
1419 1249 1504 1303 "z
1540 1266 1559 1300 ι
1596 1262 1704 1302 non
1739 1248 1880 1317 quod
1910 1246 2288 1301 contrectaba-

718 1356 806 1400 tor
859 1342 1134 1413 appellans
1174 1341 1381 1404 Deum;
1440 1351 1613 1405 neque
1665 1337 1809 1391 enim
1863 1334 2289 1389 contrectatione

720 1436 974 1490 divinitas
1012 1432 1309 1488 invenitur.
1345 1429 1411 1483 Et
1438 1437 1557 1497 post
1593 1427 1701 1480 alia
1731 1443 1749 1479 :
1781 1425 1858 1481 De
1898 1425 2001 1480 hoc
2037 1422 2287 1494 palpabili

718 1528 881 1581 etiam
931 1525 1124 1580 Petrus
1173 1522 1487 1577 clamabat:
1523 1538 1540 1571 ι
1576 1519 1729 1574 llnnc
1770 1516 1954 1573 Jesnm
2008 1516 2290 1571 suscitavit

721 1616 938 1671 Deus".
970 1632 990 1665 ι
1014 1641 1083 1654 -
1127 1632 1146 1665 ι
1167 1611 1398 1666 Dextera
1423 1611 1585 1680 igitur
1612 1609 1701 1663 Dei
1748 1609 2015 1663 exaltatus
2037 1606 2105 1660 ’⁸.
2150 1625 2168 1657 ι
2198 1605 2291 1660 De-

720 1714 869 1759 xtera
899 1712 1076 1758 autem
1111 1715 1265 1770 opem
1295 1699 1500 1754 ferente
1526 1700 1664 1752 Deus
1698 1695 1931 1750 Verbum
1960 1710 2064 1750 non
2084 1695 2287 1764 indige-

720 1798 846 1861 bat,
871 1791 1014 1865 Ari.]

1360 1921 1511 1979 CAP.
1559 1919 1642 1975 Vl.

792 2058 1031 2118 Suscitat
1050 2059 1265 2129 quidem
1285 2054 1454 2111 Filius
1477 2065 1737 2119 mortuos,
1759 2066 1989 2122 eumque
2012 2060 2183 2106 morte
2197 2064 2292 2118 po-

718 2156 1003 2211 tentiorem
1027 2150 1350 2206 conlitemnr
1369 2191 1382 2214 ,
1417 2160 1684 2202 memores
1710 2145 1855 2199 illum
1881 2143 2093 2197 disertis
2114 2141 2293 2196 verbis

720 2246 966 2301 dixisse:
1008 2260 1026 2293 ι
1060 2241 1171 2310 Ego
1204 2254 1321 2293 sum
1359 2238 1689 2291 resurrectio
1727 2245 1783 2289 et
1821 2233 2022 2298 vita";
2056 2251 2075 2284 ι
2113 2242 2291 2285 tamen

720 2348 843 2388 cum
865 2333 1055 2387 beatus
1085 2328 1276 2383 Petrus
1304 2327 1458 2380 nobis
1487 2325 1796 2390 annuntiat,
1822 2324 2007 2378 dicens
2042 2344 2054 2376 :
2093 2340 2112 2372 ι
2138 2320 2292 2374 Hunc

721 2420 904 2480 Jesum
948 2420 1231 2474 suscitavit
1266 2417 1430 2479 Deus,
1463 2433 1483 2467 ι
1519 2415 1697 2483 ipsum
1748 2428 1866 2469 esse
1905 2414 2177 2469 credimus
2203 2410 2292 2465 .le-

722 2529 862 2581 sum,
913 2510 1042 2566 illud
1085 2508 1226 2577 quod
1277 2508 1439 2561 homo
1483 2505 1680 2558 factum
1730 2513 1814 2559 cst
1843 2503 2103 2557 Verbum.
2152 2501 2296 2568 Quo-

723 2605 882 2660 modo
908 2615 1038 2672 ergo
1070 2599 1389 2654 suscitatam
1426 2597 1598 2664 ipsum
1640 2610 1668 2647 a
1702 2594 1865 2649 Patre
1890 2595 2175 2664 quisquam
2207 2593 2294 2647 di-

722 2704 830 2760 cat,
855 2702 910 2749 et
952 2693 1069 2763 ejus
1114 2691 1302 2744 dextra
1350 2686 1686 2741 exaltatum?
1730 2686 1843 2740 bzec
1899 2700 2131 2754 namque
2166 2692 2295 2754 puto

722 2784 962 2857 apertius
1014 2781 1339 2837 declaranda
1393 2790 1515 2832 esse
1569 2776 1634 2829 iis
1689 2778 1779 2846 qui
1838 2775 2140 2846 intelligere
2203 2789 2295 2829 ne.

723 2884 949 2946 queunt,
983 2884 1066 2938 ut,
1100 2868 1346 2926 scandali
1377 2869 1668 2923 occasione
1718 2866 1952 2931 sublata,
1990 2876 2194 2921 rectam
2241 2876 2293 2921 et

722 2978 923 3022 certam
955 2962 1203 3017 veritatis
1231 2959 1373 3012 viam
1421 2958 1731 3011 reddamus.
1777 2956 1935 3010 Dedit
1973 2970 2104 3025 ergo
2137 2955 2293 3010 morti

721 3059 999 3129 proprium
1020 3067 1214 3123 corpus
1240 3050 1305 3104 ad
1332 3048 1599 3104 modicum
1620 3057 1827 3118 tempus
1854 3065 1867 3103 :
1899 3066 1916 3099 ‹
1943 3046 2127 3103 Gratia
2150 3063 2297 3101 nam-

722 3164 826 3219 que
852 3147 969 3212 Dei,
998 3165 1016 3198 ι
1047 3156 1105 3199 ιιι
1134 3143 1312 3213 inquit
1350 3141 1566 3206 Paulus,
1601 3158 1618 3191 ι
1639 3155 1737 3209 pro
1762 3141 2015 3195 omnibus
2060 3140 2297 3210 gustavit

723 3248 953 3292 mortem
978 3237 1022 3291 ί.
1053 3253 1072 3285 ι
1116 3232 1319 3289 Deinde
1352 3247 1473 3286 cum
1504 3232 1619 3300 ipse
1660 3241 1803 3287 esset
1850 3231 1940 3285 illa
1972 3233 2288 3287 viviﬁcatrix
2319 3258 2367 3322 ο

723 3325 814 3378 Del
863 3324 1145 3392 Patrisque
1192 3321 1387 3374 dextra
1430 3328 1591 3387 atque
1620 3320 1879 3387 potentia,
1921 3330 2093 3375 morte
2131 3329 2296 3409 atque

722 3414 1063 3484 corruptione
1102 3410 1369 3465 valentius
1417 3408 1547 3463 illud
1596 3405 1815 3475 effecit;
1857 3408 1923 3463 ad
1965 3408 2127 3476 idque
2171 3405 2292 3463 cre-

721 3509 954 3564 dendum
998 3503 1237 3573 locuples
1280 3500 1437 3557 nobis
1473 3500 1589 3569 ipse
1627 3501 1782 3554 testis
1824 3500 1949 3564 erit,
1992 3501 2180 3554 dicens
2207 3496 2295 3554 Ju-

721 3599 892 3655 dazis:
928 3613 948 3648 ι
981 3595 1187 3651 Solvite
1235 3592 1493 3662 templum
1527 3592 1653 3657 hoc,
1683 3598 1737 3645 et
1788 3593 1839 3645 in
1887 3591 2059 3646 tribus
2105 3591 2295 3647 diebus

720 3689 971 3745 excitabo
1028 3685 1227 3741 illud’.
1276 3701 1294 3734 ι
1371 3682 1612 3749 lntellige
1660 3695 1790 3752 ergo
1838 3683 2294 3751 quemadmodum

723 3793 879 3834 suum
926 3793 985 3834 se
1014 3774 1273 3845 templum
1307 3772 1664 3827 excitaturum
1714 3772 2015 3841 pollicetur,
2047 3772 2294 3842 quamvis

721 3867 866 3925 Deus
892 3883 955 3923 ac
980 3864 1143 3920 Pater
1168 3865 1380 3919 dicatur
1411 3863 1711 3917 excitasse:
1742 3863 1928 3917 dextra
1957 3877 2207 3932 namque,
2237 3870 2296 3916 ut

721 3959 854 4025 dixi,
908 3968 962 4013 et
1023 3955 1265 4025 potentia
1318 3952 1496 4007 Patris
1550 3952 1633 4005 illa
1680 3953 2001 4005 viviﬁcatrix
2045 3962 2129 4007 est
2180 3954 2295 4022 ipse

720 4049 905 4102 Filius.

795 4139 955 4212 139
1008 4137 1192 4207 Itaque
1227 4135 1436 4191 etiamsi
1474 4132 1640 4187 divini
1674 4132 1815 4187 illius
1841 4132 2024 4200 templi
2057 4132 2296 4187 vivifica-

724 4232 923 4286 tionein
970 4229 1181 4284 ellicere
1227 4225 1389 4281 Pater
1434 4226 1684 4286 dicatur,
1739 4221 1917 4277 etl‘ecit
1966 4232 2145 4277 tamen
2199 4239 2297 4294 per

723 4322 959 4390 Filium;
994 4321 1348 4388 vicissimque
1394 4316 1604 4372 etiamsi
1651 4314 1793 4370 illam
1841 4313 2006 4368 Filius
2051 4314 2295 4372 eﬂ'ecisse

722 4419 985 4480 videatur,
1029 4430 1133 4468 non
1169 4422 1346 4467 tamen
1388 4410 1523 4463 citra
1571 4408 1783 4463 Patrem
1825 4406 1876 4459 in
1912 4406 2157 4476 Spiritu:
2188 4424 2291 4463 una

721 4509 865 4562 enim
907 4504 1206 4561 divinitatis
1249 4512 1439 4557 natura
1480 4501 1533 4554 in
1563 4500 1737 4555 tribus
1766 4500 1999 4569 propriis
2031 4502 2289 4570 hyposta-

2389 696 2481 748 τὸν
2527 694 2668 766 ξύλῳ
2713 690 3158 763 προσηλωθέντα,
3189 690 3281 742 τὸν
3309 691 3429 749 ταῖς
3458 686 3553 739 τοῦ
3589 686 3762 756 Θωμᾶ
3804 683 3987 752 ψηλα-

2396 785 2635 857 φηθέντα
2660 784 2836 856 χερσὶ,
2867 782 2960 835 τὸν
2989 781 3128 850 πρὸς
3157 779 3320 834 αὐτὸν
3349 778 3659 849 κεκραγότα
3678 792 3691 804 ·
3726 795 3745 827 ι
3782 775 3985 845 Ψηλά-

2391 893 2587 946 φησον,
2616 876 2699 929 ὅτι
2738 873 2958 944 πνεῦμα
2989 874 3167 944 σάρκα
3196 872 3289 925 καὶ
3318 871 3480 925 ὀστέα
3507 872 3608 923 οὐκ
3632 870 3768 939 ἔχει,
3787 867 3987 931 καθὼς

2388 968 2487 1036 ἐμὲ
2510 967 2765 1038 θεωρεῖτε
2783 965 2976 1035 ἔχοντα
2992 981 3006 996 ⁸
3023 984 3041 1016 ι
3070 965 3165 1019 καὶ
3178 962 3403 1026 ταύταις
3422 962 3664 1026 πεισθεὶς
3678 963 3706 1014 6
3722 960 3989 1032 μαθητὴς

2386 1062 2503 1121 ταῖς
2533 1060 2761 1125 φωναῖς,
2787 1055 2882 1109 καὶ
2914 1058 2979 1126 τῇ
3014 1056 3328 1126 ψηλαφήσει
3362 1052 3651 1125 [περὶτῆς]
3682 1052 3776 1105 τοῦ
3810 1068 3992 1104 σταυ-

2391 1150 2654 1218 ρωθέντος
2697 1146 2948 1217 σώματος
2983 1147 3227 1210 πεισθεὶς
3265 1146 3637 1207 ἀναστάσεως,
3669 1144 3763 1196 τὸν
3786 1160 3987 1213 παρα-

2387 1239 2660 1307 δοξοποιὸν
2683 1239 2977 1307 ἐδοξολόγει
2998 1239 3130 1292 Θεόν
3151 1252 3169 1273 ⁸
3201 1257 3218 1289 ι
3239 1238 3299 1291 'U
3319 1237 3523 1308 Κύριός
3550 1253 3651 1306 μου
3675 1236 3769 1289 καὶ
3789 1237 3817 1288 6
3835 1234 3987 1295 Θεός

2392 1349 2514 1403 μου,
2535 1331 2661 1396 δόξα
2689 1347 2772 1385 σοι
2794 1347 2837 1382 ἰ
2859 1331 2919 1383 ού
2946 1332 3007 1384 τὸ
3022 1329 3344 1402 ψηλαφηθέν
3368 1326 3793 1399 προσαγορεύων
3812 1325 3987 1379 Θεόν·

2389 1422 2510 1476 οὐδὲ
2551 1424 2662 1490 γὰρ
2712 1422 3029 1492 ψηλαφήσει
3078 1421 3270 1491 θεότης
3310 1420 3642 1489 εὑρίσκεται.
3681 1419 3791 1473 Kal
3840 1417 3993 1487 μεθ’

2390 1513 2583 1583 ἔτερα,
2634 1512 2771 1584 Περὶ
2818 1511 2913 1565 τοῦ
2946 1511 3271 1583 ψηλαφητοῦ
3323 1509 3512 1564 τούτου
3559 1510 3654 1563 καὶ
3696 1510 3725 1561 6
3769 1508 3992 1578 Πέτρος

2390 1604 2539 1658 ἐϐόα.
2572 1604 2803 1657 «Τοῦτον
2831 1604 2925 1656 τὸν
2954 1604 3164 1674 Ἰησοῦν
3190 1602 3484 1670 ἀνέστησεν
3509 1603 3537 1655 6
3558 1600 3708 1662 Θεός.
3726 1620 3743 1652 ι
3772 1630 3841 1641 -
3865 1600 3988 1669 «Τῇ

2389 1694 2541 1765 δεξιᾷ
2572 1690 2665 1748 οὖν
2692 1694 2787 1747 τοῦ
2810 1694 2945 1747 Θεοῦ
2981 1693 3234 1763 ύιιιωθείς.
3264 1710 3282 1742 ι
3310 1693 3501 1756 Δεξιᾶς
3526 1692 3581 1745 δὲ
3616 1690 3921 1762 βοηθούσης
3950 1691 3987 1743 6

2391 1784 2522 1848 Θεὸς
2551 1785 2723 1853 Λόγος
2745 1784 2847 1838 οὐκ
2870 1784 3122 1855 ἔχρῃζεν,
3152 1784 3359 1854 ’Δρειε.

2995 1919 3249 1973 metu.
3291 1916 3377 1985 cr.

2476 2052 2751 2123 ’Δνίστησι
2787 2052 2885 2123 μὲν
2930 2055 2959 2108 6
3002 2053 3131 2119 Υἱὸς
3164 2070 3288 2117 τους
3316 2054 3577 2122 νεκροὺς,
3613 2054 3709 2107 καὶ
3738 2052 3982 2108 θανάτου

2393 2143 2679 2213 κρείττονα
2712 2144 2893 2213 φαμέν
2924 2144 3189 2217 ὑπάρχειν
3233 2145 3436 2199 αὐτόν’
3486 2143 3814 2215 μεμνήμεθα
3862 2144 3985 2215 γὰρ

2393 2233 2698 2303 ἀναφανδὸν
2726 2234 3009 2306 εἰρηκότος
3029 2252 3043 2266 ο
3074 2255 3092 2288 ι
3116 2235 3259 2303 Ἐγώ
3284 2239 3398 2306 εἰμι
3430 2238 3464 2307 ἡ
3496 2235 3795 2297 ἀνάστασις
3821 2236 3920 2288 καὶ
3943 2238 3983 2304 ἠ

2394 2321 2506 2393 ζωή
2530 2338 2543 2352 ·
2581 2341 2600 2375 ι
2640 2323 2780 2394 πὶὴν
2807 2326 2934 2378 ὅταν
2961 2326 3095 2395 ἡμῖν
3128 2326 3157 2377 6
3185 2324 3470 2388 Θεσπέσιος
3504 2326 3710 2393 Πέτρος
3739 2326 3987 2393 εὐαγγεο

2394 2412 2629 2484 λίξηται,
2671 2415 2880 2483 λέγων’
2938 2434 2957 2468 t
2988 2417 3187 2471 Τοῦτον
3217 2417 3307 2471 τὸν
3348 2416 3557 2488 Ἰησοῦν
3601 2417 3904 2489 ἀνέστησεν
3953 2420 3989 2470 6

2393 2504 2546 2569 Θεὸς,
2573 2525 2590 2556 ι
2615 2508 2777 2559 αὑτὸν
2806 2503 2945 2563 εἶναι
2972 2509 3305 2580 πιστεύομεν
3343 2508 3550 2580 Ἰησοῦν
3581 2510 3672 2564 τὸν
3696 2508 3987 2581 ἐνανθρω-

2395 2600 2647 2670 πήσαντα
2675 2602 2867 2669 Λόγον.
2897 2600 3021 2664 Πῶς
3049 2596 3142 2655 οὖν
3170 2600 3468 2672 ἐγηγέρθαι
3507 2602 3640 2672 φαίη
3668 2618 3753 2665 τις
3781 2602 3848 2655 ἂν
3878 2603 3988 2656 αύ-

2394 2690 2487 2743 τὸν
2537 2691 2688 2761 παρὰ
2719 2692 2810 2744 τοῦ
2843 2692 3077 2758 Πατρὸς,
3111 2691 3358 2761 ὐψῶσθαί
3388 2708 3449 2744 τε
3482 2694 3549 2761 τῇ
3583 2690 3748 2745 αὑτοῦ
3788 2691 3985 2761 δεξιᾷ;

2396 2784 2592 2852 χρῆναι
2623 2782 2733 2853 γὰρ
2780 2776 2933 2851 οἶμαι
2972 2783 3131 2835 ταυτὶ
3170 2782 3586 2852 διατρανοῦσθαι
3639 2783 3825 2851 σαφῶς
3865 2787 3987 2845 τοῖς

2396 2872 2497 2925 ούκ
2520 2872 2706 2942 ἔχουσι
2727 2876 2888 2939 νοεῖν,
2907 2874 2997 2927 ἵνα
3019 2873 3114 2927 καὶ
3135 2874 3235 2942 τὴν
3256 2873 3352 2926 τοῦ
3378 2874 3678 2929 σκανδάλου
3702 2876 3989 2945 πρόφασιν

2396 2961 2815 3030 ἀποκείραντες,
2840 2960 3009 3033 ὀρθὴν
3038 2962 3133 3015 καὶ⁵
3159 2963 3573 3033 άπλανεστάτην
3601 2964 3700 3034 τὴν
3722 2964 3823 3035 τῆς
3850 2965 3993 3036 ἁληι

2397 3049 2549 3113 θείας
2573 3052 2945 3123 ἁποφήνωμεν
2966 3052 3105 3106 ὁδόν.
3131 3053 3343 3107 Δέδωκε
3376 3054 3555 3108 τοίνυν
3575 3055 3637 3108 τὸ
3666 3055 3795 3109 ίδιον
3818 3056 3993 3126 σῶμα

2396 3139 2473 3210 τῷ
2498 3140 2714 3212 θανάτῳ
2744 3144 2880 3213 πρὸς
2915 3143 3088 3214 βραχύ
3111 3161 3123 3174 ’
3168 3162 3187 3197 ε
3222 3145 3421 3217 Χάριτι
3456 3145 3567 3217 γὰρ
3598 3146 3796 3211 Θεοῦ,¹›
3832 3149 3990 3202 καθά

2397 3248 2563 3301 φησιν
2592 3233 2877 3298 ό·Παῦλος,
2907 3252 2925 3285 ι
2956 3236 3099 3306 ὑπὲρ
3139 3236 3341 3299 παντὸς
3375 3236 3642 3305 ἐγεύσατο
3668 3237 3925 3292 θανάτου.
3960 3260 3981 3290 ι

2396 3316 2532 3376 Εἶτα
2563 3321 2824 3392 ὑπάρχων
2870 3322 3033 3386 αὐτὸς
3063 3326 3097 3393 ἡ
3148 3323 3415 3389 ζωοποιὸς
3449 3325 3542 3379 τοῦ
3574 3326 3708 3379 Θεοῦ
3738 3329 3831 3381 καὶ
3865 3328 3988 3382 Πα-

2394 3411 2523 3481 τρὸς
2543 3411 2694 3475 δεξιὰ
2726 3414 2820 3465 καὶ
2840 3412 3090 3485 δύναμις,
3118 3413 3325 3487 φθορᾶς
3349 3418 3445 3470 καὶ
3471 3417 3703 3471 θανάτου
3730 3422 3991 3487 κρεῖττον

2396 3499 2680 3570 ἀπέφηνεν
2714 3502 2875 3554 αὐτό·
2913 3503 3007 3556 καὶ
3033 3505 3171 3573 πρός
3200 3522 3261 3573 γε
3286 3505 3445 3560 τοῦτο
3470 3508 3617 3577 ἡμᾶς
3648 3508 3989 3563 πιστώσεται

2395 3587 2569 3657 λέγων
2602 3590 2741 3657 πρὸς
2786 3592 3107 3656 Ἰουδαίους·
3164 3612 3183 3645 t
3214 3595 3430 3649 Λύσατε
3483 3598 3576 3652 τὸν
3600 3599 3725 3651 ναὸν
3762 3601 3985 3666 τοῦτον,

2395 3679 2489 3733 καὶ
2536 3681 2595 3733 ὲν
2643 3681 2824 3753 τρισὶν
2870 3682 3109 3754 ἡμέραις
3157 3684 3337 3755 ἐγερῶ
3389 3686 3574 3741 αὐτόν.
3615 3708 3633 3740 ι
3684 3689 3851 3753 Σύνες
3889 3688 3991 3745 οῦν

2398 3774 2548 3839 ὅπως
2583 3775 2747 3839 αὐτὸς
2780 3776 3018 3848 ἐγείρειν
3050 3777 3142 3830 τὸν
3175 3778 3368 3832 ἐαυτοῦ
3398 3781 3527 3833 ναὸν
3559 3782 3987 3851 ἐπαγγέλλεται,

2398 3866 2577 3919 καίτοι
2607 3865 2703 3919 τοῦ
2748 3866 2883 3921 Θεοῦ
2934 3869 3031 3921 καὶ
3071 3868 3285 3939 Πατρὸς
3314 3870 3617 3940 ἀναστῆσαι
3643 3872 3947 3943 λεγομένου
3969 3892 3985 3904 ·

2398 3955 2546 4020 δεξιὰ
2570 3956 2699 4029 γὰρ,
2724 3957 2799 4021 ὼς
2826 3957 2986 4029 ἔφην,
3024 3959 3144 4012 ἐστὶ
3178 3958 3275 4011 καὶ
3300 3958 3529 4029 δύναμις
3557 3959 3651 4013 τοῦ
3694 3962 3909 4033 Πατρὸς
3948 3966 3985 4035 ὴ

2396 4045 2679 4115 ζωοποιὸς,
2706 4048 2734 4099 6
2763 4048 2907 4112 Υίάς.

2468 4139 2633 4191 Ὥστε
2658 4139 2763 4193 κᾶν
2792 4141 3033 4210 ἐνεργεῖν
3055 4142 3083 4195 6
3107 4141 3299 4213 Πατὴρ
3326 4141 3550 4213 λέγηται
3580 4144 3678 4215 τὴν
3705 4144 3799 4199 τοῦ
3830 4146 3989 4201 θείου

2396 4228 2524 4283 ναοῦ
2564 4228 2913 4301 ζωοποίησιν,
2954 4232 3227 4302 ἐνήργηκε
3262 4233 3328 4285 δι’
3364 4232 3526 4286 Υίοῦ·
3575 4234 3676 4288 κᾶν
3708 4236 3758 4287 εί
3803 4236 3989 4307 ὁρῷτο

2396 4322 2557 4375 πάλιν
2586 4324 2613 4374 6
2650 4321 2777 4385 Υίὸς
2807 4324 3129 4394 ἐνεργήσας,
3159 4323 3274 4376 ἀλλ’
3300 4324 3359 4377 οὐ
3390 4324 3514 4396 δίχα
3549 4324 3643 4379 τοῦ
3672 4327 3893 4398 Πατρὸς
3921 4332 3986 4383 ἐν

2395 4410 2696 4480 Πνεύματι.
2749 4412 2864 4466 Μια
2914 4411 3024 4482 γὰρ
3077 4414 3110 4482 ἠ
3160 4412 3414 4484 θεότητος
3467 4415 3666 4485 φύσις,
3710 4419 3770 4472 ἐν
3798 4421 3988 4490 τρισὶν

2396 4502 2757 4557 ύποστάσεσιν
2786 4505 2979 4568 ίδικαῖς
3008 4506 3298 4577 νοουμένη,
3325 4508 3419 4561 κα)⁸
3439 4509 3538 4579 τὴν
3560 4511 3645 4579 ἐφ’
3667 4512 3837 4567 ἅπασι
3865 4518 3988 4579 τοῖς

718 4598 869 4653 sibus
921 4594 1264 4663 intelligitur,
1314 4599 1369 4646 et
1420 4591 1473 4645 in
1520 4590 1770 4645 omnibus
1831 4588 1991 4644 rebus
2036 4592 2289 4659 gerendis

2394 4593 2694 4664 δρωμένοις
2724 4596 2941 4665 κίνησίν
2973 4614 3034 4650 τε
3070 4600 3165 4651 καὶ
3195 4599 3477 4670 ἐνέργειαν
3526 4602 3746 4672 ἔχουσα,
3780 4608 3987 4677 νοητὴν

718 4697 924 4742 motum
967 4685 1127 4740 habet
1156 4692 1316 4752 atque
1355 4683 1748 4751 operationem,
1789 4679 2087 4749 spiritalem
2123 4681 2288 4735 nimi-

720 4793 840 4833 rum
880 4786 934 4831 et
961 4776 1069 4831 Deo
1106 4774 1343 4843 dignam.
1388 4773 1733 4828 Concedebat
1773 4788 1903 4842 ergo
1934 4787 2131 4840 corpus
2166 4787 2288 4840 pro-

718 4869 851 4938 priae
894 4875 1098 4920 naturae
1144 4866 1369 4935 legibus,
1401 4874 1455 4918 et
1508 4864 1697 4919 mortis
1732 4863 2089 4933 gustationem
2140 4868 2291 4921 exci-

718 4956 922 5025 piebat,
959 4954 1119 5023 idque
1149 4968 1271 5007 cum
1302 4954 1507 5005 unitum
1554 4952 1682 5006 illud
1716 4953 1949 5007 Verbum
1989 4964 2287 5024 Opportune

722 5046 832 5116 pati
862 5047 1098 5111 sineret;
1132 5044 1224 5099 sed
1252 5042 1303 5097 vi
1334 5044 1511 5097 divina
1545 5044 1680 5097 uniti
1722 5045 1823 5099 sibi
1862 5050 2155 5100 secundum
2187 5048 2289 5118 by-

722 5135 979 5205 postasim
1014 5133 1176 5189 Verbi
1218 5132 1609 5186 viviﬁcabatur.
1643 5133 1837 5187 Totum
1870 5135 2031 5203 igitur
2062 5137 2281 5191 Emma-

724 5228 848 5281 nuel
888 5226 1253 5297 intelligimus,
1292 5224 1434 5291 quod
1489 5235 1572 5279 est
1618 5224 2051 5293 interpretatum,
2090 5227 2287 5282 Nobis-

721 5336 838 5372 cum
874 5318 1030 5382 Deus,
1061 5333 1180 5371 cum
1210 5317 1424 5371 beatum
1455 5315 1671 5371 Petrum
1700 5319 1967 5372 dicentem
2002 5321 2287 5374 audimus:

725 5432 743 5464 ι
780 5412 930 5466 Ηυηο
972 5408 1151 5465 Jesum
1190 5408 1468 5463 suscitavit
1498 5408 1674 5468 Deus;
1708 5428 1725 5459 ι
1755 5411 1970 5463 etiamsi
2024 5411 2169 5464 illum
2208 5412 2286 5463 vi-

718 5504 926 5559 sibilem
959 5502 1107 5557 dicas
1136 5510 1189 5556 et
1223 5501 1364 5571 ligno
1412 5499 1683 5567 sumtum,
1740 5502 1885 5555 illum
1916 5500 2136 5557 Thomas
2174 5519 2288 5556 ma-

787 5711 834 5741 "
865 5709 986 5761 Act.
1022 5720 1140 5765 χιιι,
1173 5703 1260 5759 30.

744 5778 925 5834 'Psal.
950 5790 1112 5837 cxvn,
1145 5774 1227 5827 16.
1301 5774 1345 5807 ’θ
1377 5770 1527 5825 loan.
1558 5786 1631 5833 XI,
1657 5770 1745 5823 ‘25.
1826 5771 1839 5799 ¹
1883 5769 2041 5825 Hebr.
2086 5787 2144 5835 ll,
2175 5774 2229 5828 9.

2396 4684 2640 4754 δηλονότι
2679 4687 2774 4740 καὶ
2822 4687 3125 4760 θεοπρεπῆ.
3159 4690 3366 4744 Ούκοῦν
3412 4692 3726 4765 παρεχώρει
3774 4696 3876 4765 μὲν
3917 4700 3986 4751 τὸ

2396 4775 2555 4845 σῶμα
2580 4779 2694 4840 τοῖς
2722 4776 2823 4847 τῆς
2855 4779 2989 4842 ιδίας
3021 4778 3235 4847 φύσεως
3266 4781 3473 4850 νόμοις,
3504 4786 3598 4837 καὶ
3622 4783 3722 4854 τὴν
3754 4786 3848 4838 τοῦ
3883 4786 3985 4840 θα-

2396 4868 2558 4922 νάτου
2587 4869 2776 4931 γεῦσιν
2804 4870 3038 4940 ἐδέχετο,
3057 4873 3149 4925 καὶ
3172 4872 3331 4928 τοῦτο
3359 4874 3552 4929 παθεῖν
3574 4877 3797 4946 ἐφέντος
3825 4880 3986 4952 αύτῷ

2396 4958 2682 5028 χρησίμως
2710 4958 2803 5011 τοῦ
2849 4960 3143 5025 ἐνωθέντος
3175 4963 3381 5030 Λόγου·
3417 4964 3536 5035 θείᾳ
3565 4983 3627 5035 γε
3664 4968 3773 5038 μὴν
3806 4968 3980 5034 tcum-

2395 5052 2599 5103 ποιεῖτο
2627 5051 2855 5122 δυνάμει
2887 5056 2955 5123 τῇ
3002 5053 3098 5106 τοῦ
3148 5055 3441 5119 ἐνωθέντος
3479 5058 3631 5128 αὐτῷ
3678 5060 3801 5113 καθ’
3837 5061 3980 5115 61:6-

2395 5157 2582 5193 στασιν
2612 5142 2809 5209 Λόγου.
2836 5144 2995 5197 Ὀλον
3026 5141 3118 5198 οὖν
3156 5146 3386 5215 νοοῦμεν
3413 5147 3503 5200 τὸν
3541 5150 3911 5222 Ἑμμανουὴλ,
3947 5156 3980 5207 6

2391 5232 2506 5283 ἐστι
2531 5230 3089 5305 μεθερμηνευόμενον,
3106 5239 3244 5291 Μεθ’
3259 5238 3431 5307 ἡμῶν
3446 5241 3479 5293 ὀ
3499 5242 3663 5307 Θεὸς,
3676 5242 3805 5296 ὅταν
3818 5244 3981 5297 ἁκού-

2397 5339 2577 5393 σωμεν
2610 5324 2857 5391 λέγοντος
2885 5326 2979 5381 τοῦ
3011 5327 3297 5383 θεσπεσίου
3328 5331 3568 5401 Πέτρον
3608 5352 3627 5385 ι
3655 5333 3856 5389 Τοῦτον
3884 5337 3982 5391 τὸν

2408 5413 2611 5481 Ἰησοῦν
2641 5416 2940 5487 ἀνέστησεν
2976 5421 3004 5471 6
3033 5418 3165 5482 Θεός
3187 5438 3201 5452 ο
3227 5440 3246 5472 ι
3293 5422 3397 5475 κᾶν
3434 5424 3526 5475 τὸν
3565 5424 3845 5495 δρώμενον
3886 5428 3977 5480 λέ-

2396 5519 2517 5575 γῃς,
2549 5507 2639 5557 καὶ
2671 5509 3092 5579 προσηλωθέντα
3117 5511 3195 5581 τῷ
3223 5510 3385 5580 ξύλῳ,
3410 5514 3502 5567 τὸν
3533 5518 3652 5578 ταῖς
3676 5516 3771 5568 τοῦ
3803 5517 3978 5588 Θωμᾶ

1360 5701 1404 5733 ³³
1440 5701 1558 5754 Act.
1590 5714 1638 5764 ν,
1845 5701 1889 5730 ’⁸
1928 5698 2081 5754 Joan.
2121 5703 2325 5765 “.25.
2402 5705 2445 5734 ⁵⁸
2479 5703 2777 5769 Luc.xxrv,
2814 5709 2898 5763 59.
2979 5712 3021 5741 “
3060 5711 3217 5767 Joan.
3264 5730 3356 5781 xx,
3387 5714 3477 5770 28.
3556 5717 3600 5750 "
3632 5718 3754 5771 Act.
3790 5734 3832 5774 tt
3881 5720 3949 5773 ΞΣ

1377 5770 1527 5825 loan.
1558 5786 1631 5828 xl.
1657 5770 1745 5823 2ο.
1826 5771 1839 5799 ¹
1883 5769 2041 5825 Hebr.
2086 5787 2144 5828 ll.
2175 5774 2229 5828 9.
2307 5776 2325 5802 '
2357 5772 2509 5827 Joan.
2548 5776 2720 5828 ".19.
