4106 6500
125 435 200 482 Nl

1190 449 1556 504 ADV’ERSUS
1594 451 1998 507 NESTORIUM
2044 452 2172 507 ιω.
2216 452 2278 505 ν.

3264 453 3374 508 963

147 543 490 632 ψηλαφηθέντα
511 548 742 618 χερσὶν,
759 550 910 604 οὐδὲν
928 552 1090 625 ἦττον
1106 558 1269 625 ἡμεῖς
1289 563 1704 632 σεσαρκωμένον

1814 565 1968 620 nibus
2000 573 2418 630 contrectatum,
2446 561 2798 622 nihilominus
2829 566 2959 624 illud
2989 580 3055 624 ex
3085 565 3193 622 Deo
3214 567 3375 624 Patre

154 631 328 727 νοοῦμεν
358 634 456 688 τὸν
505 638 575 688 ἑκ
609 636 755 690 Θεοῦ
789 640 1002 713 Πατρὸς
1031 645 1220 713 Λόγον,
1263 649 1358 701 ἕνα
1390 667 1450 702 τε
1483 631 1576 705 καὶ
1610 653 1702 705 τὸν

1814 653 2041 708 Verbum
2063 655 2417 725 intelligimus
2442 655 2803 724 incarnatum,
2837 672 3115 727 unumque
3146 665 3198 712 et
3220 672 3375 713 eum-

147 725 280 779 αὺτὸν
311 727 700 800 ὁμολογοῦμεν
744 732 890 787 Υίόν.
934 734 1189 803 ’Δόρατος
1236 740 1346 812 γὰρ
1395 743 1493 812 τὴν
1542 742 1704 811 φύσιν

157 817 403 888 ζιπάρχων,
430 820 668 888 γέγονεν
693 824 909 893 ὁρατὸς,
939 826 1020 878 ὅτι
1052 828 1146 880 καὶ
1177 829 1308 883 ἴδιον
1349 827 1417 902 ἦν
1446 833 1610 886 αὑτοῦ
1643 835 1707 887 τὸ

153 907 397 978 ὁρώμενον
448 911 634 980 σῶμα.
686 914 891 967 Ψάλλει
920 917 1049 984 γοῦν
1078 920 1105 971 6
1143 919 1286 984 θεῖος
1331 923 1462 992 ἡμῖν
1504 922 1700 978 Δαδίδ·

153 1016 168 1048 ι
204 995 256 1050 ὐ
286 1001 413 1061 Θεὸς
441 1002 702 1070 ἐμορανῶς
734 1006 874 1075 ἥξει,
902 1008 930 1058 6
953 1007 1085 1070 Θεὸς
1110 1011 1142 1079 ἡ
1153 1009 1289 1080 μῶν,
1313 1014 1407 1064 καὶ
1436 1013 1496 1065 ού
1531 1031 1706 1084 παρα⁹

149 1092 490 1159 σιωπήσεται.
518 1113 536 1144 ι
577 1095 684 1146 Καὶ
721 1096 824 1166 μὴν
860 1098 953 1149 καὶ
984 1099 1013 1150 6
1048 1101 1318 1170 μακάριος
1355 1103 1701 1174 Ἀὁόσκούμο

149 1200 164 1230 ι
195 1181 250 1234 '0
271 1182 405 1245 Θεὸς
443 1184 507 1235 ὲκ
534 1183 750 1254 Θαιμαν
776 1187 914 1256 ἥξει,
943 1190 1036 1241 καὶ
1063 1193 1091 1242 ὁ
1115 1191 1183 1242 Ἀ
1198 1209 1302 1258 τιος
1335 1193 1394 1256 ἐξ
1421 1193 1578 1264 ὅρους
1608 1212 1704 1249 καε-

139 1273 358 1325 τασκὶου
385 1274 622 1338 δασέως·
640 1295 658 1328 ι
687 1273 854 1341 Οὗτος
882 1280 1142 1350 ὑπάρχων
1169 1284 1262 1335 καὶ
1282 1285 1516 1355 ἀναφὴς,
1537 1287 1706 1352 ἁπτὸς

137 1364 384 1430 γενέσθαι
413 1366 632 1434 λέγεται
659 1369 748 1422 διὰ
771 1371 830 1422 τὸ
856 1371 1052 1425 ἑνωθὲν
1079 1373 1227 1444 αὐτῷ
1275 1375 1434 1446 σῶμα
1455 1395 1466 1407 '
1504 1378 1706 1448 γράφει

135 1453 261 1519 γοῦν
303 1457 334 1508 6
373 1455 626 1519 Λουκᾶςο
665 1476 685 1510 ι
727 1459 1052 1534 Ἐπειδήπερ
1110 1464 1295 1516 πολλοὶ
1343 1467 1707 1538 ἐπεχείρησαν

132 1545 505 1613 ἀνατάξασθαι
537 1549 789 1619 διήγησιν
819 1553 947 1622 περὶ
978 1554 1089 1606 τῶν
1124 1556 1705 1632 πεπληροφορημένων

131 1637 262 1705 ἡμῖν
308 1639 678 1708 πραγμάτων,
709 1640 892 1704 καθὼς
926 1644 1231 1714 παρέδοσαν
1254 1649 1386 1717 ἡμῖν
1415 1651 1462 1701 οἱ
1488 1649 1583 1702 ἀπ’
1609 1651 1708 1722 ἀρ·-

129 1726 228 1795 χῆς
264 1728 540 1784 αὐτόπται
581 1731 674 1783 καὶ
708 1731 977 1803 ὑπηρέται
1009 1736 1289 1806 γενόμενοι
1324 1737 1416 1791 τοῦ
1457 1738 1616 1807 λόγου
1639 1755 1651 1768 ·
1679 1761 1698 1792 ι

1805 747 1925 802 dem
1967 747 2158 801 Filium
2215 748 2538 804 conﬁtemur
2608 750 2742 806 Cum
2783 753 2927 806 enim
2980 766 3077 822 per
3127 761 3373 806 naturam

1804 847 1950 893 esset
1988 839 2290 905 invisibilis,
2338 841 2510 896 factus
2557 851 2640 896 est
2675 843 2920 907 visibilis,
2956 855 3020 897 eo
3065 843 3208 912 quod
3257 842 3377 895 visi-

1807 929 1914 984 bile
1949 930 2074 985 illud
2116 945 2310 1000 corpus
2337 933 2611 1002 proprium
2650 934 2766 1001 ejus
2797 943 2935 989 erat.
2966 933 3150 1003 Itaque
3186 933 3374 987 beatus

1807 1018 1976 1075 David
2018 1023 2197 1091 psallit
2228 1041 2241 1078 :
2277 1040 2295 1073 ι
2329 1022 2467 1078 Deus
2517 1025 2799 1080 manifeste
2842 1027 3042 1087 veniet,
3089 1024 3226 1078 Deus
3273 1038 3372 1076 no-

1807 1123 1938 1177 ster,
1979 1122 2035 1167 et
2071 1129 2175 1167 non
2211 1115 2458 1180 silebit’;
2495 1135 2510 1166 ι
2547 1127 2704 1185 atque
2736 1118 2898 1172 etiam
2954 1117 3141 1172 beatus
3197 1115 3373 1170 Haba-

1807 1217 1905 1256 cuc
1926 1219 1938 1254 :
1963 1220 1981 1252 ι
2010 1203 2149 1256 Deus
2179 1205 2245 1256 de
2268 1203 2509 1259 'l‘heman
2536 1208 2737 1270 veniet,
2767 1216 2818 1259 et
2845 1204 3076 1260 Sanctus
3109 1206 3173 1259 de
3197 1214 3376 1260 monte

1806 1295 2091 1357 umbroso,
2122 1293 2391 1348 condenso
2412 1295 2453 1348 ⁸.
2477 1312 2495 1346 ι
2542 1294 2641 1350 Hic
2667 1312 2788 1350 cum
2822 1305 2966 1351 esset
2992 1296 3153 1351 etiam
3182 1293 3374 1364 impal-

1809 1382 2021 1452 pabilis,
2068 1394 2286 1454 propter
2318 1385 2525 1440 unitum
2571 1386 2672 1440 sibi
2720 1401 2915 1456 corpus
2955 1385 3240 1456 palpabilis
3295 1383 3375 1440 fa-

1807 1485 1925 1529 ctus
1959 1489 2080 1530 esse
2122 1475 2338 1530 dicitur.
2373 1474 2545 1531 Lucas
2588 1486 2738 1531 certe
2790 1476 3020 1531 scribit:
3056 1493 3075 1528 ι
3108 1475 3373 1542 Quoniam

1808 1566 2020 1634 quidem
2080 1566 2229 1621 multi
2277 1569 2458 1622 conati
2509 1576 2635 1622 sunt
2694 1567 2954 1621 ordinare
3006 1567 3374 1621 narrationem

1807 1669 1927 1725 quae
1961 1654 2012 1708 in
2046 1656 2200 1710 nobis
2238 1657 2517 1724 completa:
2561 1665 2688 1710 sunt
2717 1671 2919 1720 rerum,
2962 1657 3105 1713 sicut
3135 1654 3377 1710 tradide-

1808 1756 1935 1800 runt
1971 1745 2123 1801 nobis
2156 1745 2245 1814 qui
2281 1747 2348 1801 ab
2379 1746 2533 1801 initio
2574 1746 2674 1815 ipsi
2709 1745 2984 1809 viderunt,
3039 1755 3093 1800 et
3144 1745 3376 1799 ministri

129 1819 220 1874 καὶ
254 1819 402 1890 πρός
433 1837 498 1888 γε
531 1822 684 1876 τοῦτό
715 1841 878 1894 φησιν
915 1827 944 1880 6
980 1827 1140 1895 σοφὸς
1179 1829 1457 1902 Ἰωάννηςο
1497 1850 1515 1883 ι
1544 1834 1607 1885 "0
1637 1828 1705 1904 ἦν

1814 1833 2027 1888 fuerunt
2068 1836 2332 1888 sermonis
2351 1835 2394 1890 ⁸.
2430 1853 2447 1886 ι
2503 1834 2697 1890 Adhznc
2747 1836 2820 1888 ait
2878 1836 3068 1888 beatus
3098 1831 3376 1886 Joannes:

127 1911 217 1962 ἀπ’
258 1911 468 1982 ἀρχῆς,
509 1913 538 1965 ὃ
565 1915 903 1986 ἀκηκόαμεν,
932 1917 960 1971 6
994 1919 1321 1991 ἑωράκαμεν
1367 1926 1480 1986 τοῖς
1509 1923 1710 1993 ὀφθαλ-

1820 1943 1839 1976 t
1871 1925 2022 1992 Quod
2067 1926 2166 1980 fuit
2213 1926 2280 1980 ab
2319 1926 2492 1990 initio,
2533 1929 2673 1994 quod
2701 1927 3023 1990 audivimus,
3057 1925 3200 1995 quod
3240 1924 3377 1978 vidi-

129 2005 246 2069 μοῖς
274 2004 466 2074 ἡμῶν,
491 2005 518 2057 ὃ
537 2005 901 2078 ἐθεασάμεθα,
931 2011 1023 2062 καὶ
1046 2013 1102 2064 αί
1134 2015 1312 2084 χεῖρες
1332 2014 1487 2085 ήμῶν
1513 2015 1713 2085 ἐψηλά-

127 2112 304 2163 φησαν
344 2098 478 2166 περὶ
509 2097 602 2150 τοῦ
633 2099 807 2167 Λόγου
837 2101 935 2171 τῆς
978 2102 1144 2174 ζωῆς,
1177 2106 1268 2158 καὶ
1295 2109 1327 2177 η
1358 2105 1472 2177 ζωὴ
1519 2109 1712 2175 ἐφανε-

127 2185 297 2254 ρώθη,
335 2188 432 2240 καὶ
477 2188 804 2258 ἑωράκαμεν
840 2194 932 2245 καὶ
967 2197 1375 2267 μαρτυροῦμεν,
1407 2199 1502 2250 καὶ
1529 2199 1713 2266 ἀπαγ-

125 2275 395 2346 γέλλομεν
437 2277 566 2347 ύμῖν
595 2279 695 2349 τὴν
727 2279 867 2350 ζωὴν
916 2283 1017 2352 τὴν
1046 2283 1282 2349 αἰώνιον,
1315 2286 1439 2355 ἥτις
1476 2282 1545 2358 ἦν
1576 2287 1715 2358 πρὸς

124 2370 208 2421 τὸν
244 2371 476 2440 Πατέρα
519 2372 615 2424 καὶ
664 2372 980 2445 ἐφανερώθη
1013 2376 1166 2446 ἡμῖν.
1197 2396 1216 2429 ι
1260 2377 1398 2430 Ἀλλ’
1423 2381 1472 2432 εί
1509 2380 1583 2450 μὴ
1617 2380 1711 2448 γέ·-

124 2478 278 2524 γονεν
312 2462 490 2524 ἁπτός
518 2479 578 2514 τε
611 2465 706 2516 καὶ
738 2464 949 2535 ὁρατὸς,
985 2465 1060 2529 ὼς
1091 2466 1222 2521 ἴδιον
1256 2468 1395 2539 ἔχων
1420 2469 1482 2521 τὸ
1512 2470 1712 2523 ὑποπτ-

125 2567 254 2604 ιττον
280 2553 401 2622 ἁφῇ
431 2553 526 2604 καὶ
553 2554 740 2623 ὁράσει
771 2556 948 2626 σῶμα,
983 2557 1099 2622 πῶς
1125 2559 1392 2614 αὐτόπται
1419 2559 1513 2614 τοῦ
1540 2563 1712 2630 Λόγου

122 2642 420 2709 γεγόνασιν
438 2644 490 2695 οἱ
509 2644 771 2713 πάνσοφοι
795 2647 1032 2716 μαθηταί
1053 2665 1066 2714 ;
1088 2649 1212 2713 Πῶς
1227 2650 1283 2702 δὲ
1299 2649 1390 2704 καὶ
1404 2650 1711 2717 τεθέανται,

121 2734 212 2786 καὶ
226 2733 567 2804 ψηλαερῆσαί
593 2752 725 2804 φασι
753 2736 843 2789 τὸν
863 2739 1035 2806 Λόγον
1054 2739 1151 2808 τῆς
1169 2739 1336 2810 ζωῆς,
1353 2742 1474 2812 ἥτις
1490 2737 1557 2811 ἦν
1578 2743 1713 2812 πρὸς

119 2826 207 2877 τὸν
242 2825 497 2896 Πατέρα,
531 2829 623 2880 καὶ
657 2827 977 2900 ἐφανερώθη
1013 2831 1175 2899 ἡμῖνς
1206 2830 1408 2884 Τοῦτον
1429 2827 1520 2885 οὖν
1551 2833 1715 2886 αὐτὸν

118 2915 208 2967 τὸν
228 2915 411 2967 ἁπτόν
433 2931 493 2966 τε
517 2915 614 2968 καὶ
643 2918 860 2983 ὁρατὸν,
877 2918 970 2971 τὸν
989 2917 1068 2988 τῷ
1098 2917 1241 2989 ξύλῳ
1265 2920 1710 2991 προσηλωμένον,

118 3006 346 3073 ἐπέγνω
395 3005 498 3075 μὲν
521 3007 550 3058 6
592 3006 813 3076 Θωμᾶς,
842 3009 1112 3078 ὡμολόγει
1147 3009 1203 3062 δὲ
1233 3011 1328 3063 καὶ
1361 3012 1507 3082 μάλα
1538 3010 1714 3083 ὀρθῶς

119 3097 256 3149 Θεὸν
307 3097 410 3149 καί
463 3095 688 3168 Κύριον.
739 3099 882 3168 Ἐιρη
935 3099 1044 3170 γάρ
1095 3099 1287 3163 εὐθύς*
1328 3119 1346 3151 ι
1407 3101 1464 3154 '0
1509 3101 1714 3170 Κύριός

124 3205 225 3258 μου
256 3189 359 3242 καὶ
389 3190 419 3242 6
452 3187 587 3253 Θεός
605 3206 704 3259 μου
721 3203 766 3241 ἰ
791 3184 912 3242 εἶτα
942 3190 1078 3260 πρὸς
1097 3190 1258 3244 αὑτὸν
1277 3194 1305 3244 ό
1325 3193 1528 3263 Κύριος
1556 3195 1587 3263 ἡ
1597 3193 1712 3262 μῶν

136 3280 352 3352 Ἰησοῦς
381 3281 623 3352 Χριστός
648 3295 663 3309 ·
700 3299 719 3334 ι
749 3281 872 3333 Ὅτι
896 3279 1148 3352 ἑώρακάς
1179 3299 1276 3352 με,
1301 3283 1671 3346 πεπίστευκας
1694 3300 1708 3314 ο

129 3374 397 3445 μακάριοι
429 3375 480 3426 oi
518 3374 592 3444 μὴ
640 3372 968 3444 ἑωρακότες,
1015 3374 1109 3426 καὶ
1155 3373 1568 3438 πιστεύσαντες.
1593 3393 1612 3425 ι
1647 3374 1712 3428 Τί

127 3468 549 3529 πιστεύσαντες,
583 3466 702 3518 εἰπέ
733 3483 821 3534 μοι
845 3483 857 3529 ;
885 3461 1031 3536 Ἀρα
1049 3467 1147 3536 οὐχ
1173 3467 1256 3519 ὅτι
1275 3465 1408 3528 Θεὸς
1429 3465 1504 3517 ῶν
1529 3466 1709 3535 φύσει,

128 3559 214 3610 τόν
246 3559 385 3610 [διον
414 3559 484 3610 ἐκ
514 3555 724 3626 νεκρῶν
749 3557 1014 3626 ἀνέστησε
1045 3556 1206 3621 ναόν;
1235 3555 1425 3609 Καίτοι
1461 3555 1576 3620 πῶς
1609 3558 1714 3626 άμ-

129 3649 355 3717 φῐ).ογον
403 3648 471 3700 τὸ
519 3647 753 3717 πρᾶγμά
784 3649 966 3711 ἑστιν;
1005 3645 1142 3698 Ἀλλ’
1165 3649 1192 3699 6
1230 3647 1463 3718 χρηστὸς
1493 3647 1674 3700 οὐτοσὶ
1698 3688 1710 3710 ,

134 3741 420 3809 μονονουχὶ
485 3741 604 3802 ταῖς
657 3737 750 3790 τοῦ
812 3737 1056 3807 μαθητοῦ
1112 3740 1315 3807 φωναῖς
1371 3737 1714 3809 ἑπερυθριῶν

133 3832 448 3894 ἀσυνέτως.
478 3831 589 3900 Οὐχ
635 3830 974 3900 ὡμολόγησε,
1022 3832 1207 3900 φησιν,
1257 3830 1441 3896 αὑτὸν,
1488 3831 1569 3883 ὅτι
1620 3831 1715 3884 καλ⁸

132 3923 335 3992 Κύριος
382 3923 484 3974 καὶ
517 3921 650 3984 Θεός
699 3923 844 3974 ἑστιν
881 3923 909 3976 6
950 3920 1295 3992 πρωτότοκος
1347 3922 1410 3974 ἑκ
1464 3920 1711 3992 νεκρῶν⁶

133 4011 485 4082 παρατρέπει
525 4009 582 4062 δὲ
616 4009 813 4076 μᾶλλον
845 4011 936 4062 ἐπὶ
967 4009 1028 4062 τὸ
1061 4008 1209 4078 αὑτῴ
1247 4008 1436 4062 δοκοῦν
1478 4009 1575 4079 τὴν
1620 4008 1713 4062 τοῦ

132 4104 285 4170 λόγου
309 4104 568 4170 δύναμιν,
597 4101 688 4153 καί
719 4117 903 4169 φησιν,
928 4102 1010 4152 ὅτι
1037 4099 1127 4152 τὸν
1156 4099 1579 4168 παραδοξοποιὸν
1609 4101 1714 4152 ἑδο·

137 4197 341 4263 ξολόγει
362 4193 520 4255 Θεὸν,
549 4191 720 4259 λέγων
737 4209 780 4243 ⁸(
802 4193 860 4243 Ὀ
885 4190 1086 4261 Κύριός
1112 4209 1210 4261 μου
1240 4194 1332 4244 καὶ
1350 4192 1376 4244 6
1396 4193 1525 4255 Θεός
1555 4210 1674 4263 μου.
1691 4212 1708 4243 ι

134 4287 484 4357 Προσεπάγει
514 4283 573 4336 δὲ
616 4283 856 4346 τούτοις·
887 4284 960 4336 Ού
995 4284 1054 4335 τὸ
1081 4281 1403 4353 ψηλαφηθὲν
1446 4301 1715 4353 προσαγο-

136 4380 312 4450 ρεύων
342 4378 508 4430 Θεόν·
542 4376 602 4428 ού
635 4376 744 4446 γὰρ
785 4374 1098 4446 ψηλαφήσει
1145 4375 1346 4445 Θεότης
1378 4375 1712 4443 εὑρίσκεται.

147 4472 442 4540 Ἐπιτιμᾷς
479 4463 574 4521 οῦν
605 4466 680 4536 τῷ
743 4466 982 4536 μαθητῇ,
1032 4466 1153 4519 εἰπέ
1203 4485 1333 4537 μοι,
1384 4467 1585 4537 Κύριον
1622 4466 1716 4520 καὶ

1739 3239 1781 3295 C

1814 2029 1934 2070 mus
1967 2015 2137 2069 oculis
2181 2017 2402 2080 nostris,
2444 2017 2584 2085 quod
2635 2017 3030 2084 perspeximus,
3083 2023 3137 2068 et
3187 2028 3379 2067 manus

1815 2115 2013 2160 nostrae
2041 2116 2510 2163 contrectaverunt
2549 2110 2614 2164 de
2645 2108 2824 2166 Verbo
2859 2110 3004 2173 vitae,
3039 2118 3092 2164 et
3122 2109 3231 2162 vita
3265 2121 3379 2161 ma-

1815 2195 2060 2251 nifestata
2087 2208 2191 2261 est,
2227 2205 2280 2251 et
2309 2199 2539 2254 vidimus
2565 2207 2621 2254 et
2662 2207 2944 2262 testamur,
2983 2207 3040 2253 et
3084 2197 3375 2252 annuntiao

1814 2300 1934 2340 mus
1963 2288 2114 2342 vobis
2138 2288 2302 2342 vitam
2348 2299 2628 2356 aeternam,
2658 2305 2780 2360 quae
2808 2298 2927 2345 erat
2954 2290 3094 2359 apud
3135 2288 3376 2352 Patrem,

1813 2387 1867 2434 et
1915 2380 2167 2447 apparuit
2212 2379 2367 2434 nobis
2391 2381 2432 2433 ⁸.
2471 2398 2489 2432 ι
2545 2378 2673 2445 Sed,
2701 2380 2802 2435 nisi
2863 2378 3052 2434 fuisset
3104 2377 3380 2448 palpabilis

1815 2481 1976 2540 atque
2030 2471 2291 2537 visibilis,
2351 2481 2536 2542 utpote
2587 2486 2785 2542 corpus
2837 2474 3111 2541 proprium
3175 2471 3380 2525 habens

1816 2559 1976 2613 tactui
2021 2559 2268 2628 visuique
2303 2561 2629 2630 subjectum,
2676 2560 2946 2630 quomodo
2992 2557 3378 2628 sapientissimi

1815 2652 1890 2706 illi
1920 2651 2169 2720 discipuli
2213 2651 2472 2706 vidissent
2500 2651 2756 2715 Verbum,
2790 2649 3064 2720 quomodo
3111 2649 3274 2703 etiam
3321 2661 3381 2703 se

1813 2745 2148 2816 perspexisse
2186 2752 2242 2799 et
2288 2752 2656 2799 contrectasse
2686 2743 2930 2798 dicerent
2955 2741 3192 2798 Verbum
3227 2741 3376 2804 vitaz,

1812 2849 1933 2905 qua:
1973 2844 2091 2889 erat
2133 2835 2272 2904 apud
2320 2833 2552 2898 Patrem,
2601 2842 2654 2889 et
2687 2834 2936 2904 apparuit
2984 2833 3186 2889 nobis?
3227 2831 3381 2888 Hunc

1815 2923 1978 2992 igitur
2009 2923 2182 2993 ipsum
2225 2924 2669 2978 contrectabilem
2715 2932 2877 2992 atque
2917 2922 3206 2986 visibilem,
3241 2923 3381 2977 hunc

1813 3013 1903 3083 qui
1929 3011 2072 3082 ligno
2096 3011 2316 3068 sufﬁxus
2341 3014 2536 3078 fuerat,
2569 3013 2804 3067 Thomas
2833 3013 3069 3082 agnovit,
3103 3027 3167 3066 ac
3189 3013 3379 3066 rectis-

1814 3104 1951 3157 sime
2007 3103 2171 3156 Deum
2231 3118 2290 3157 ac
2346 3101 2628 3156 Dominum
2678 3101 2949 3157 fatebatur
2991 3119 3005 3158 :
3050 3101 3190 3156 dixit
3236 3103 3378 3156 enim

1816 3192 2070 3246 continuo
2100 3189 2295 3262 2140
2325 3208 2342 3242 ι
2371 3191 2625 3245 Dominus
2651 3205 2822 3255 meus,
2847 3200 2901 3245 et
2925 3188 3064 3245 Deus
3088 3205 3238 3246 meus
3260 3191 3280 3223 "
3306 3206 3322 3257 ;
3356 3209 3374 3242 ι

1815 3281 2008 3336 deinde
2051 3282 2116 3334 ad
2172 3283 2321 3336 illum
2357 3280 2615 3336 Dominus
2651 3291 2838 3337 uoster
2882 3279 3041 3336 Jesus
3082 3281 3378 3336 Christus:

1820 3388 1838 3422 t
1871 3370 2027 3436 Quia,
2076 3369 2270 3439 inquit,
2318 3362 2508 3423 vidisti
2565 3383 2672 3433 mc,
2734 3370 3012 3424 credidisti
3049 3388 3062 3423 :
3095 3369 3238 3424 beati
3287 3370 3379 3438 qui

1814 3478 1918 3516 non
1950 3461 2215 3527 viderunt,
2244 3472 2297 3515 et
2326 3460 2668 3515 crediderunt
2688 3460 2727 3512 ⁸.
2761 3478 2780 3512 ι
2805 3452 2979 3526 Quid,
2997 3475 3122 3530 rogo
3157 3470 3228 3524 te,
3260 3475 3381 3514 cre-

1815 3551 2102 3606 diderunt?
2133 3566 2310 3604 nonne
2342 3552 2505 3619 quod,
2534 3565 2656 3604 cum
2699 3550 2842 3605 Deus
2872 3560 3020 3608 esset
3050 3565 3117 3604 ex
3169 3561 3380 3616 natura,

1816 3642 2087 3712 proprium
2123 3643 2376 3709 templum
2427 3642 2684 3696 excitavit
2734 3657 2762 3694 a
2813 3644 3076 3697 mortuis?
3113 3644 3274 3714 Atqui
3319 3661 3381 3699 ea

1817 3749 1904 3789 res
1951 3735 2076 3802 quid
2124 3734 2488 3802 ambiguitatis
2543 3735 2746 3790 habet?
2800 3733 2904 3789 Sed
2951 3735 3039 3790 hic
3088 3737 3258 3790 bonus
3303 3737 3384 3790 vir

1817 3826 2197 3896 propemodum
2260 3825 2327 3879 de
2387 3824 2634 3895 discipuli
2687 3826 2914 3881 vocibus
2965 3827 3130 3882 stulte
3181 3829 3380 3881 erube-

1817 3932 1994 3979 sceus,
2030 3931 2136 3971 non
2161 3916 2442 3970 confessus
2470 3926 2575 3981 est,
2599 3917 2792 3986 inquit,
2828 3917 3112 3971 Dominum
3139 3927 3192 3972 et
3218 3917 3381 3971 Deum

1816 4023 1935 4063 esse
1970 4008 2114 4062 illum
2145 3997 2562 4078 primogenitum
2601 4022 2666 4061 ex
2703 4007 2966 4074 mortuis;
3005 4008 3096 4062 sed
3129 4009 3232 4062 vim
3264 4023 3388 4064 ser-

1818 4099 1990 4154 monis
2021 4099 2279 4166 pervertit
2314 4099 2378 4152 ad
2421 4112 2574 4151 suam
2622 4097 2954 4166 opinionem,
2993 4109 3045 4152 et
3086 4100 3184 4162 ait,
3217 4099 3382 4153 Deum

1816 4188 2212 4242 admirabilium
2259 4203 2480 4256 Operum
2516 4184 2823 4241 effectorem
2869 4187 3226 4255 gloriﬁcasse,
3261 4204 3382 4244 cum

1817 4279 1952 4333 dixit
1982 4296 1996 4332 :
2030 4298 2048 4330 ι
2079 4278 2336 4334 Dominus
2365 4292 2536 4340 meus,
2567 4287 2620 4332 et
2650 4277 2793 4332 Deus
2834 4294 3007 4333 meus.
3040 4299 3058 4332 ›
3091 4279 3186 4333 liis
3217 4281 3381 4335 etiam

1818 4369 2006 4439 adjicit
2034 4388 2048 4424 :
2080 4370 2196 4425 Non
2230 4371 2369 4438 quod
2407 4370 2844 4425 contrectabatur
2885 4371 3159 4440 appellans
3192 4370 3383 4436 Deum,

1818 4478 1921 4519 non
1975 4461 2117 4517 enim
2164 4462 2597 4516 contrectatione
2646 4462 2900 4515 divinitas
2950 4463 3238 4516 invenitur.
3279 4463 3384 4516 Ac-

135 4562 266 4616 Θεδν
316 4559 640 4629 ὀνομάζοντι
669 4559 757 4611 τὸν
787 4557 1050 4628 Χριστόν;
1090 4557 1282 4611 Καίτοι
1313 4559 1547 4629 δέδεεχεν
1584 4561 1710 4630 ημῖν

1818 4568 2044 4609 cusasne
2070 4552 2410 4621 discipulum,
2458 4552 2543 4605 dic
2578 4551 2732 4618 tnihi,
2777 4553 2919 4622 quod
2957 4551 3230 4608 Christum
3278 4552 3383 4607 Do-

137 4652 336 4722 ἀρτίως
361 4653 390 4703 6
423 4649 601 4716 λόγος.
646 4648 728 4700 ὅτι
758 4646 890 4710 Θεὸς
920 4647 994 4700 ὢν
1032 4648 1172 4701 κατὰ
1209 4646 1367 4716 φύσιν
1411 4651 1438 4701 6
1477 4651 1716 4717 Μονογε-

139 4745 248 4810 vix,
277 4741 495 4810 ἀναφὴς
527 4740 620 4792 καὶ
649 4740 894 4809 ἀόρατος,
938 4738 1108 4802 ἁπτὸς
1138 4739 1329 4807 γέγονε
1371 4741 1463 4793 καὶ
1496 4741 1711 4810 ὁρατός.

140 4835 306 4888 ὐταν
341 4834 398 4886 δὲ
431 4833 622 4902 λέγηςσ
654 4832 727 4883 O6
758 4832 864 4902 γὰρ
894 4829 1203 4900 ψηλαφήσει
1245 4831 1446 4902 Θεότης
1466 4832 1715 4901 εὑρίσκε-

139 4941 244 4987 ται,
278 4925 446 4979 πάλιν
475 4923 652 4974 ἐκεῖνο
677 4919 937 4992 ἐροῦμενο
971 4920 1034 4972 Τί
1068 4922 1463 4991 παρωσάμενος
1494 4922 1591 4991 τὴν
1637 4922 1715 4973 οίο

142 5016 420 5085 κονομίαν,
449 5014 524 5077 ὡς
557 5012 685 5082 περὶ
711 5013 920 5082 γυμνῆς
948 5011 1168 5083 διαλέγῃ
1199 5011 1483 5082 θεότητος;
1513 5014 1590 5075 εἰς
1621 5012 1716 5082 λή-

143 5107 235 5177 θην
275 5108 335 5161 δὲ
377 5106 570 5175 ὥσπερ
614 5102 912 5173 ἐληλακὼς,
953 5104 1032 5156 ὅτι
1061 5103 1151 5155 καὶ
1183 5102 1468 5174 ἑσαρκώθη
1517 5105 1606 5155 καὶ
1636 5105 1716 5156 ἑνο

142 5197 498 5270 ηνθρὼπησεν
525 5199 552 5248 6
573 5195 780 5264 ἀναφὴς
807 5194 900 5247 καὶ
927 5194 1234 5264 ἀσώματος,
1261 5195 1360 5247 οὐκ
1389 5194 1556 5266 ἀνέχῃ
1581 5193 1713 5246 Θεὸν

141 5284 512 5356 ἀκμαζούσης
537 5283 700 5338 αὐτὸν
729 5283 826 5353 τῆς
851 5283 1209 5336 θεοπνεύστου
1240 5284 1481 5354 Γραφῆς,
1513 5284 1601 5337 διά
1630 5302 1711 5338 τοι

139 5377 194 5428 το
229 5375 616 5446 ἑψηὶαφῆσθαι
647 5375 832 5446 σαρκὶ,
859 5369 1035 5444 ῶφθαί
1067 5391 1126 5426 τε
1156 5375 1355 5444 ὁμοίως
1390 5377 1501 5438 τοῖς
1535 5375 1710 5442 άγίοις

135 5468 458 5530 ἀποστόλοις
481 5485 494 5532 ;
532 5467 672 5520 Ἀλλ’
699 5468 862 5537 ἡμεῖς
890 5483 970 5534 γε,
999 5459 1042 5518 ὦ
1060 5467 1179 5529 τᾶν,
1201 5465 1336 5536 ὁμοῦ
1361 5466 1437 5535 τῷ
1461 5465 1711 5537 μακαρίῳ

134 5557 330 5630 Θωμᾷ,
355 5559 447 5612 τὸν
469 5558 546 5630 τῷ
568 5557 713 5629 ξύλῳ
743 5557 1185 5629 προσηλωμένον,
1206 5557 1296 5609 τὸν
1319 5556 1711 5628 ψηλαφηθέντα

141 5653 346 5726 χερσὶν,
373 5651 691 5724 ἑωραμένον
724 5666 782 5702 τε
813 5652 923 5712 τοῖς
951 5648 1311 5712 ἀνθρωπίνοις
1333 5649 1563 5720 ὄμμασι,
1595 5649 1712 5711 ταῖς

1823 4646 2023 4700 minum
2059 4658 2121 4698 ac
2148 4643 2314 4696 Deum
2347 4643 2619 4712 appellet?
2664 4646 2823 4713 Atqui
2857 4645 3104 4713 proximo
3137 4659 3387 4700 sermone

1820 4737 2244 4792 demonstratum
2297 4745 2410 4800 est,
2464 4736 2608 4788 illum
2656 4735 3024 4803 unigenitum,
3073 4751 3191 4790 cum
3244 4745 3388 4790 esset

1818 4829 2109 4883 secundum
2145 4838 2389 4881 naturam
2414 4826 2574 4889 Deus,
2609 4826 2966 4895 impalpabilis
2993 4836 3048 4880 et
3078 4827 3384 4890 invisibilis,

1818 4920 2136 4994 palpabiletn
2168 4932 2288 4971 esse
2323 4915 2520 4971 factum
2569 4927 2621 4970 et
2653 4915 2936 4970 visibilem.
2975 4916 3106 4971 Cum
3147 4932 3275 4971 vero
3307 4919 3385 4971 di-

1823 5013 1902 5066 cis
1933 5031 1944 5064 :
1976 5009 2091 5064 Non
2126 5009 2271 5063 enim
2309 5007 2741 5061 contrectatione
2781 5006 3047 5060 Divinitas
3091 5007 3384 5073 invenitur,

1821 5102 1950 5157 illud
1980 5115 2010 5155 e
2043 5099 2318 5155 contrario
2345 5099 2586 5153 dicemus
2616 5114 2628 5148 :
2662 5098 2822 5164 Quid,
2858 5099 3263 5166 dispensatione
3306 5113 3386 5153 re-

1815 5192 1984 5263 jecta,
2008 5201 2263 5260 tanquam
2287 5189 2352 5243 de
2383 5187 2524 5243 nuda
2549 5188 2834 5244 divinitate
2858 5187 3083 5242 disseris
3106 5225 3121 5251 ,
3157 5197 3210 5243 et
3233 5187 3388 5257 quasi

1819 5283 2015 5338 oblitus
2050 5293 2103 5337 et
2143 5282 2479 5336 incarnatum
2528 5278 2716 5346 fuisse,
2769 5288 2823 5333 et
2871 5280 3142 5334 hominem
3186 5279 3382 5334 factum

1818 5375 1967 5431 illum
1994 5372 2386 5442 impalpabilem
2419 5380 2472 5425 et
2498 5373 2895 5439 incorporeum,
2934 5386 3118 5426 sacras
3149 5371 3385 5425 Litteras

1821 5481 1927 5520 non
1957 5465 2194 5518 sustines
2224 5477 2342 5531 qua:
2383 5462 2533 5515 illum
2569 5460 2735 5516 Deum
2780 5463 3070 5531 appellant,
3096 5473 3380 5532 propterea

1820 5557 1962 5627 quod
1992 5569 2155 5612 carne
2194 5555 2262 5608 sit
2289 5562 2674 5618 contrectatus,
2703 5563 2756 5608 et
2789 5555 2934 5607 visus
2975 5553 3045 5606 sit
3078 5553 3207 5607 item
3251 5567 3378 5607 san-

1822 5650 1922 5705 ctis
1953 5645 2244 5719 apostolis?
2278 5646 2382 5700 Sed
2433 5659 2551 5711 nos,
2596 5661 2628 5701 ο
2673 5645 2755 5699 vir
2783 5645 3017 5714 egregie,
3052 5645 3209 5700 simul
3252 5657 3373 5700 cum

194 5830 218 5860 ³
251 5828 394 5887 Psal.
432 5849 576 5900 mit,
605 5833 659 5886 5.
739 5831 761 5862 ⁵
803 5827 1000 5885 Hahae.
1043 5843 1121 5896 ιιι,
1153 5829 1204 5883 5.
1285 5827 1304 5858 ³
1336 5826 1461 5884 Luc.
1500 5842 1537 5894 t,
1577 5827 1625 5894 l,
1653 5830 1704 5882 2.

1838 5826 2038 5904 iJoan.
2074 5843 2111 5891 ι,
2173 5825 2224 5880 2.
2304 5828 2322 5857 ⁷
2353 5825 2504 5881 Joan.
2537 5840 2624 5892 xx,
2658 5827 2746 5889 ‘28,
2787 5825 2875 5880 29.
2950 5826 2970 5857 ⁸
3003 5823 3134 5878 ibid.
