  <div class='ocr_page' id='page_1' title='image "/cluster/home/n/w/nwhite01/storage/ocr_20150623/76/uva.x030486937/132.png"; bbox 0 0 4106 6510; ppageno 0'>
   <div class='ocr_carea' id='block_1_1' title="bbox 175 447 258 506">
    <p class='ocr_par' dir='ltr' id='par_1_1' title="bbox 175 447 258 506">
     <span class='ocr_line' id='line_1_1' title="bbox 175 447 258 506; baseline 0 0"><span class='ocrx_word' id='word_1_1' title='bbox 175 447 258 506; x_wconf 60' lang='lat'><strong>245</strong></span> 
     </span>
    </p>
   </div>
   <div class='ocr_carea' id='block_1_2' title="bbox 175 556 1773 633">
    <p class='ocr_par' dir='ltr' id='par_1_2' title="bbox 175 556 1773 633">
     <span class='ocr_line' id='line_1_2' title="bbox 175 556 1773 633; baseline 0.006 -22"><span class='ocrx_word' id='word_1_2' title='bbox 175 563 323 626; x_wconf 74' lang='grc' dir='ltr'>λόγος’</span> <span class='ocrx_word' id='word_1_3' title='bbox 351 559 447 626; x_wconf 81' lang='grc' dir='ltr'><strong>ἔξω</strong></span> <span class='ocrx_word' id='word_1_4' title='bbox 475 577 536 629; x_wconf 87' lang='grc' dir='ltr'><strong>γε</strong></span> <span class='ocrx_word' id='word_1_5' title='bbox 571 561 680 631; x_wconf 78' lang='grc' dir='ltr'>μὴν</span> <span class='ocrx_word' id='word_1_6' title='bbox 715 556 821 615; x_wconf 75' lang='grc' dir='ltr'>οἶδε</span> <span class='ocrx_word' id='word_1_7' title='bbox 856 563 1206 633; x_wconf 85' lang='grc' dir='ltr'>μεμενηκότα</span> <span class='ocrx_word' id='word_1_8' title='bbox 1239 566 1331 618; x_wconf 94' lang='grc' dir='ltr'><strong>τοῦ</strong></span> <span class='ocrx_word' id='word_1_9' title='bbox 1367 565 1583 630; x_wconf 82' lang='grc' dir='ltr'><strong>παθεῖν,</strong></span> <span class='ocrx_word' id='word_1_10' title='bbox 1615 565 1697 618; x_wconf 81' lang='grc' dir='ltr'>ὅτι</span> <span class='ocrx_word' id='word_1_11' title='bbox 1725 568 1773 624; x_wconf 78' lang='grc' dir='ltr'>Α</span> 
     </span>
    </p>
   </div>
   <div class='ocr_carea' id='block_1_3' title="bbox 175 652 1699 725">
    <p class='ocr_par' dir='ltr' id='par_1_3' title="bbox 175 652 1699 725">
     <span class='ocr_line' id='line_1_3' title="bbox 175 652 1699 725; baseline 0.003 -20"><span class='ocrx_word' id='word_1_12' title='bbox 175 654 248 705; x_wconf 78' lang='grc' dir='ltr'><strong>καὶ</strong></span> <span class='ocrx_word' id='word_1_13' title='bbox 273 652 388 715; x_wconf 87' lang='grc' dir='ltr'>Θεός</span> <span class='ocrx_word' id='word_1_14' title='bbox 415 652 524 705; x_wconf 81' lang='grc' dir='ltr'>ἐστι</span> <span class='ocrx_word' id='word_1_15' title='bbox 564 653 708 706; x_wconf 85' lang='grc' dir='ltr'><strong>κατά</strong></span> <span class='ocrx_word' id='word_1_16' title='bbox 741 655 902 722; x_wconf 81' lang='grc' dir='ltr'>φύσιν</span> <span class='ocrx_word' id='word_1_17' title='bbox 947 655 1040 707; x_wconf 77' lang='grc' dir='ltr'><strong>καὶ</strong></span> <span class='ocrx_word' id='word_1_18' title='bbox 1074 653 1209 725; x_wconf 75' lang='grc' dir='ltr'>ζωή.</span> <span class='ocrx_word' id='word_1_19' title='bbox 1250 657 1360 710; x_wconf 77' lang='grc' dir='ltr'>Καὶ</span> <span class='ocrx_word' id='word_1_20' title='bbox 1389 655 1520 724; x_wconf 86' lang='grc' dir='ltr'>γοῦν</span> <span class='ocrx_word' id='word_1_21' title='bbox 1549 659 1576 709; x_wconf 85' lang='grc' dir='ltr'><strong>ό</strong></span> <span class='ocrx_word' id='word_1_22' title='bbox 1611 655 1699 709; x_wconf 91' lang='grc' dir='ltr'>θε-</span> 
     </span>
    </p>
   </div>
   <div class='ocr_carea' id='block_1_4' title="bbox 173 740 1702 817">
    <p class='ocr_par' dir='ltr' id='par_1_4' title="bbox 173 740 1702 817">
     <span class='ocr_line' id='line_1_4' title="bbox 173 740 1702 817; baseline 0.005 -25"><span class='ocrx_word' id='word_1_23' title='bbox 173 740 358 803; x_wconf 83' lang='grc' dir='ltr'>σπέσιος</span> <span class='ocrx_word' id='word_1_24' title='bbox 385 742 584 811; x_wconf 82' lang='grc' dir='ltr'>Πέτρος</span> <span class='ocrx_word' id='word_1_25' title='bbox 609 742 864 813; x_wconf 81' lang='grc' dir='ltr'><strong>τοιαύτην</strong></span> <span class='ocrx_word' id='word_1_26' title='bbox 886 745 1014 813; x_wconf 80' lang='grc' dir='ltr'>ἡμῖν</span> <span class='ocrx_word' id='word_1_27' title='bbox 1037 745 1358 814; x_wconf 75' lang='grc' dir='ltr'>παρατιθεὶς</span> <span class='ocrx_word' id='word_1_28' title='bbox 1399 746 1500 816; x_wconf 78' lang='grc' dir='ltr'><strong>τὴν</strong></span> <span class='ocrx_word' id='word_1_29' title='bbox 1534 763 1702 817; x_wconf 82' lang='grc' dir='ltr'>μυστ-</span> 
     </span>
    </p>
   </div>
   <div class='ocr_carea' id='block_1_5' title="bbox 172 825 1702 905">
    <p class='ocr_par' dir='ltr' id='par_1_5' title="bbox 172 825 1702 905">
     <span class='ocr_line' id='line_1_5' title="bbox 172 825 1702 905; baseline 0.005 -22"><span class='ocrx_word' id='word_1_30' title='bbox 172 831 395 899; x_wconf 80' lang='grc' dir='ltr'>σγωγίαν,</span> <span class='ocrx_word' id='word_1_31' title='bbox 434 825 532 885; x_wconf 82' lang='grc' dir='ltr'>ὧδέ</span> <span class='ocrx_word' id='word_1_32' title='bbox 575 834 650 903; x_wconf 88' lang='grc' dir='ltr'><strong>πή</strong></span> <span class='ocrx_word' id='word_1_33' title='bbox 692 851 824 904; x_wconf 83' lang='grc' dir='ltr'>φησι</span> <span class='ocrx_word' id='word_1_34' title='bbox 864 835 992 905; x_wconf 75' lang='grc' dir='ltr'>περὶ</span> <span class='ocrx_word' id='word_1_35' title='bbox 1030 834 1190 887; x_wconf 78' lang='grc' dir='ltr'>αὐτοῦ</span> <span class='ocrx_word' id='word_1_36' title='bbox 1217 837 1329 899; x_wconf 87' lang='grc' dir='ltr'>τοῖς</span> <span class='ocrx_word' id='word_1_37' title='bbox 1356 836 1702 890; x_wconf 79' lang='grc' dir='ltr'><strong>πιστεύουσιν</strong></span> 
     </span>
    </p>
   </div>
   <div class='ocr_carea' id='block_1_6' title="bbox 173 921 1701 998">
    <p class='ocr_par' dir='ltr' id='par_1_6' title="bbox 173 921 1701 998">
     <span class='ocr_line' id='line_1_6' title="bbox 173 921 1701 998; baseline 0.006 -27"><span class='ocrx_word' id='word_1_38' title='bbox 173 921 236 981; x_wconf 85' lang='grc' dir='ltr'><strong>είς</strong></span> <span class='ocrx_word' id='word_1_39' title='bbox 265 921 436 974; x_wconf 75' lang='grc' dir='ltr'>αὐτόν·</span> <span class='ocrx_word' id='word_1_40' title='bbox 472 941 491 974; x_wconf 75' lang='grc' dir='ltr'><strong>ι</strong></span> <span class='ocrx_word' id='word_1_41' title='bbox 527 924 624 976; x_wconf 89' lang='grc' dir='ltr'><strong>Ὃν</strong></span> <span class='ocrx_word' id='word_1_42' title='bbox 657 925 756 976; x_wconf 83' lang='grc' dir='ltr'><strong>οὐκ</strong></span> <span class='ocrx_word' id='word_1_43' title='bbox 799 925 999 988; x_wconf 76' lang='grc' dir='ltr'>εἰδότες</span> <span class='ocrx_word' id='word_1_44' title='bbox 1038 926 1290 993; x_wconf 82' lang='grc' dir='ltr'>ἀγαπᾶτε</span> <span class='ocrx_word' id='word_1_45' title='bbox 1312 942 1326 957; x_wconf 77' lang='grc' dir='ltr'><strong>ο</strong></span> <span class='ocrx_word' id='word_1_46' title='bbox 1359 929 1438 989; x_wconf 81' lang='grc' dir='ltr'><strong>είς</strong></span> <span class='ocrx_word' id='word_1_47' title='bbox 1482 927 1541 979; x_wconf 85' lang='grc' dir='ltr'><strong>ὂν</strong></span> <span class='ocrx_word' id='word_1_48' title='bbox 1579 928 1701 998; x_wconf 82' lang='grc' dir='ltr'>ἄρτι</span> 
     </span>
    </p>
   </div>
   <div class='ocr_carea' id='block_1_7' title="bbox 175 1010 1703 1088">
    <p class='ocr_par' dir='ltr' id='par_1_7' title="bbox 175 1010 1703 1088">
     <span class='ocr_line' id='line_1_7' title="bbox 175 1010 1703 1088; baseline 0.005 -26"><span class='ocrx_word' id='word_1_49' title='bbox 175 1010 234 1079; x_wconf 80' lang='grc' dir='ltr'><strong>μή</strong></span> <span class='ocrx_word' id='word_1_50' title='bbox 272 1011 501 1080; x_wconf 74' lang='grc' dir='ltr'>ὁρῶντες,</span> <span class='ocrx_word' id='word_1_51' title='bbox 527 1014 876 1079; x_wconf 73' lang='grc' dir='ltr'><strong>πιστεύοντες</strong></span> <span class='ocrx_word' id='word_1_52' title='bbox 901 1016 979 1077; x_wconf 86' lang='grc' dir='ltr'>δὲ,</span> <span class='ocrx_word' id='word_1_53' title='bbox 1012 1017 1340 1085; x_wconf 81' lang='grc' dir='ltr'><strong>ἀγαλλιᾶσθε</strong></span> <span class='ocrx_word' id='word_1_54' title='bbox 1372 1019 1514 1088; x_wconf 83' lang='grc' dir='ltr'><strong>χαρᾷ</strong></span> <span class='ocrx_word' id='word_1_55' title='bbox 1545 1018 1703 1070; x_wconf 77' lang='grc' dir='ltr'>ἀνεκο</span> 
     </span>
    </p>
   </div>
   <div class='ocr_carea' id='block_1_8' title="bbox 173 1102 1702 1178">
    <p class='ocr_par' dir='ltr' id='par_1_8' title="bbox 173 1102 1702 1178">
     <span class='ocr_line' id='line_1_8' title="bbox 173 1102 1702 1178; baseline 0.007 -26"><span class='ocrx_word' id='word_1_56' title='bbox 173 1102 354 1172; x_wconf 77' lang='grc' dir='ltr'>λαλήτῳ</span> <span class='ocrx_word' id='word_1_57' title='bbox 377 1105 466 1156; x_wconf 68' lang='grc' dir='ltr'>καὶ</span> <span class='ocrx_word' id='word_1_58' title='bbox 503 1104 888 1176; x_wconf 77' lang='grc' dir='ltr'><strong>δεδοξασμένῃ,</strong></span> <span class='ocrx_word' id='word_1_59' title='bbox 918 1108 1275 1178; x_wconf 76' lang='grc' dir='ltr'>κομιζόμενοι</span> <span class='ocrx_word' id='word_1_60' title='bbox 1327 1109 1388 1161; x_wconf 83' lang='grc' dir='ltr'>τὸ</span> <span class='ocrx_word' id='word_1_61' title='bbox 1420 1109 1573 1171; x_wconf 80' lang='grc' dir='ltr'>τέλος</span> <span class='ocrx_word' id='word_1_62' title='bbox 1601 1108 1702 1178; x_wconf 85' lang='grc' dir='ltr'>τῆς</span> 
     </span>
    </p>
   </div>
   <div class='ocr_carea' id='block_1_9' title="bbox 174 1193 1704 1272">
    <p class='ocr_par' dir='ltr' id='par_1_9' title="bbox 174 1193 1704 1272">
     <span class='ocr_line' id='line_1_9' title="bbox 174 1193 1704 1272; baseline 0.007 -28"><span class='ocrx_word' id='word_1_63' title='bbox 174 1193 398 1258; x_wconf 82' lang='grc' dir='ltr'>πίστεως,</span> <span class='ocrx_word' id='word_1_64' title='bbox 443 1198 717 1266; x_wconf 77' lang='grc' dir='ltr'><strong>σωτηρίαν</strong></span> <span class='ocrx_word' id='word_1_65' title='bbox 761 1197 971 1268; x_wconf 74' lang='grc' dir='ltr'>ψυχῶν.</span> <span class='ocrx_word' id='word_1_66' title='bbox 1018 1200 1154 1270; x_wconf 72' lang='grc' dir='ltr'>Περὶ</span> <span class='ocrx_word' id='word_1_67' title='bbox 1196 1196 1263 1272; x_wconf 86' lang='grc' dir='ltr'>ἧς</span> <span class='ocrx_word' id='word_1_68' title='bbox 1311 1201 1586 1270; x_wconf 81' lang='grc' dir='ltr'><strong>σωτηρίας</strong></span> <span class='ocrx_word' id='word_1_69' title='bbox 1616 1200 1704 1263; x_wconf 80' lang='grc' dir='ltr'><strong>ἐξ·</strong></span> 
     </span>
    </p>
   </div>
   <div class='ocr_carea' id='block_1_10' title="bbox 172 1279 1703 1358">
    <p class='ocr_par' dir='ltr' id='par_1_10' title="bbox 172 1279 1703 1358">
     <span class='ocr_line' id='line_1_10' title="bbox 172 1279 1703 1358; baseline 0.006 -26"><span class='ocrx_word' id='word_1_70' title='bbox 172 1279 408 1353; x_wconf 73' lang='grc' dir='ltr'>εζήτησαν</span> <span class='ocrx_word' id='word_1_71' title='bbox 440 1285 532 1338; x_wconf 73' lang='grc' dir='ltr'><strong>καὶ</strong></span> <span class='ocrx_word' id='word_1_72' title='bbox 561 1284 932 1356; x_wconf 81' lang='grc' dir='ltr'>ὲξηρεύνησαν</span> <span class='ocrx_word' id='word_1_73' title='bbox 954 1288 1251 1357; x_wconf 67' lang='grc' dir='ltr'>προφῆται,</span> <span class='ocrx_word' id='word_1_74' title='bbox 1280 1290 1327 1340; x_wconf 78' lang='grc' dir='ltr'>οἱ</span> <span class='ocrx_word' id='word_1_75' title='bbox 1354 1289 1481 1358; x_wconf 75' lang='grc' dir='ltr'>περὶ</span> <span class='ocrx_word' id='word_1_76' title='bbox 1505 1290 1600 1358; x_wconf 84' lang='grc' dir='ltr'>τῆς</span> <span class='ocrx_word' id='word_1_77' title='bbox 1622 1290 1703 1351; x_wconf 86' lang='grc' dir='ltr'><strong>είς</strong></span> 
     </span>
    </p>
   </div>
   <div class='ocr_carea' id='block_1_11' title="bbox 173 1371 1699 1449">
    <p class='ocr_par' dir='ltr' id='par_1_11' title="bbox 173 1371 1699 1449">
     <span class='ocr_line' id='line_1_11' title="bbox 173 1371 1699 1449; baseline -0.001 -18"><span class='ocrx_word' id='word_1_78' title='bbox 173 1371 293 1439; x_wconf 67' lang='grc' dir='ltr'>ἡμᾶς</span> <span class='ocrx_word' id='word_1_79' title='bbox 320 1374 524 1444; x_wconf 72' lang='grc' dir='ltr'>χάριτος</span> <span class='ocrx_word' id='word_1_80' title='bbox 569 1376 1069 1447; x_wconf 70' lang='grc' dir='ltr'><strong>προφητεύσαντες,</strong></span> <span class='ocrx_word' id='word_1_81' title='bbox 1098 1379 1424 1449; x_wconf 69' lang='grc' dir='ltr'><strong>ἐρευνῶντες</strong></span> <span class='ocrx_word' id='word_1_82' title='bbox 1451 1381 1530 1442; x_wconf 82' lang='grc' dir='ltr'><strong>είς</strong></span> <span class='ocrx_word' id='word_1_83' title='bbox 1561 1379 1699 1443; x_wconf 89' lang='grc' dir='ltr'>τίνα,</span> 
     </span>
    </p>
   </div>
   <div class='ocr_carea' id='block_1_12' title="bbox 170 1461 1701 1540">
    <p class='ocr_par' dir='ltr' id='par_1_12' title="bbox 170 1461 1701 1540">
     <span class='ocr_line' id='line_1_12' title="bbox 170 1461 1701 1540; baseline 0.005 -26"><span class='ocrx_word' id='word_1_84' title='bbox 170 1461 195 1530; x_wconf 83' lang='grc' dir='ltr'><strong>ή</strong></span> <span class='ocrx_word' id='word_1_85' title='bbox 223 1466 354 1515; x_wconf 85' lang='grc' dir='ltr'>ποῖον</span> <span class='ocrx_word' id='word_1_86' title='bbox 380 1466 562 1536; x_wconf 77' lang='grc' dir='ltr'>καιρὸν</span> <span class='ocrx_word' id='word_1_87' title='bbox 591 1467 778 1537; x_wconf 74' lang='grc' dir='ltr'>ἐδήλου</span> <span class='ocrx_word' id='word_1_88' title='bbox 803 1468 864 1519; x_wconf 85' lang='grc' dir='ltr'><strong>τὸ</strong></span> <span class='ocrx_word' id='word_1_89' title='bbox 895 1469 953 1521; x_wconf 83' lang='grc' dir='ltr'><strong>έν</strong></span> <span class='ocrx_word' id='word_1_90' title='bbox 975 1469 1159 1533; x_wconf 76' lang='grc' dir='ltr'>αὐτοῖς</span> <span class='ocrx_word' id='word_1_91' title='bbox 1188 1470 1413 1539; x_wconf 83' lang='grc' dir='ltr'>Πνεῦμα</span> <span class='ocrx_word' id='word_1_92' title='bbox 1443 1469 1701 1540; x_wconf 82' lang='grc' dir='ltr'>Χριστοῦ,</span> 
     </span>
    </p>
   </div>
   <div class='ocr_carea' id='block_1_13' title="bbox 171 1556 1704 1630">
    <p class='ocr_par' dir='ltr' id='par_1_13' title="bbox 171 1556 1704 1630">
     <span class='ocr_line' id='line_1_13' title="bbox 171 1556 1704 1630; baseline 0.006 -28"><span class='ocrx_word' id='word_1_93' title='bbox 171 1556 649 1626; x_wconf 81' lang='grc' dir='ltr'>προμαρτυρόμενον</span> <span class='ocrx_word' id='word_1_94' title='bbox 675 1558 744 1612; x_wconf 83' lang='grc' dir='ltr'>τὰ</span> <span class='ocrx_word' id='word_1_95' title='bbox 779 1559 858 1620; x_wconf 90' lang='grc' dir='ltr'>εἰς</span> <span class='ocrx_word' id='word_1_96' title='bbox 880 1559 1114 1629; x_wconf 87' lang='grc' dir='ltr'>Χριστὸν</span> <span class='ocrx_word' id='word_1_97' title='bbox 1139 1559 1457 1630; x_wconf 84' lang='grc' dir='ltr'>παθήματα,</span> <span class='ocrx_word' id='word_1_98' title='bbox 1485 1561 1578 1612; x_wconf 77' lang='grc' dir='ltr'><strong>καὶ</strong></span> <span class='ocrx_word' id='word_1_99' title='bbox 1606 1561 1704 1622; x_wconf 85' lang='grc' dir='ltr'>τὰς</span> 
     </span>
    </p>
   </div>
   <div class='ocr_carea' id='block_1_14' title="bbox 172 1645 1699 1720">
    <p class='ocr_par' dir='ltr' id='par_1_14' title="bbox 172 1645 1699 1720">
     <span class='ocr_line' id='line_1_14' title="bbox 172 1645 1699 1720; baseline 0.005 -24"><span class='ocrx_word' id='word_1_100' title='bbox 172 1645 286 1712; x_wconf 85' lang='grc' dir='ltr'><strong>μετά</strong></span> <span class='ocrx_word' id='word_1_101' title='bbox 301 1647 457 1700; x_wconf 88' lang='grc' dir='ltr'>ταῦτα</span> <span class='ocrx_word' id='word_1_102' title='bbox 482 1648 671 1713; x_wconf 83' lang='grc' dir='ltr'>δόξας·</span> <span class='ocrx_word' id='word_1_103' title='bbox 701 1645 782 1712; x_wconf 74' lang='grc' dir='ltr'><strong>οἷς</strong></span> <span class='ocrx_word' id='word_1_104' title='bbox 804 1649 1187 1720; x_wconf 72' lang='grc' dir='ltr'>ἀπεκαλύφθη,</span> <span class='ocrx_word' id='word_1_105' title='bbox 1223 1652 1302 1704; x_wconf 84' lang='grc' dir='ltr'>ὅτι</span> <span class='ocrx_word' id='word_1_106' title='bbox 1329 1652 1425 1720; x_wconf 82' lang='grc' dir='ltr'>οὐχ</span> <span class='ocrx_word' id='word_1_107' title='bbox 1467 1652 1699 1713; x_wconf 76' lang='grc' dir='ltr'>ἑαυτοῖς,</span> 
     </span>
    </p>
   </div>
   <div class='ocr_carea' id='block_1_15' title="bbox 169 1733 1704 1811">
    <p class='ocr_par' dir='ltr' id='par_1_15' title="bbox 169 1733 1704 1811">
     <span class='ocr_line' id='line_1_15' title="bbox 169 1733 1704 1811; baseline 0.007 -27"><span class='ocrx_word' id='word_1_108' title='bbox 169 1733 348 1803; x_wconf 79' lang='grc' dir='ltr'>ήμῖνδὲ</span> <span class='ocrx_word' id='word_1_109' title='bbox 374 1736 651 1807; x_wconf 78' lang='grc' dir='ltr'>διηκόνουν</span> <span class='ocrx_word' id='word_1_110' title='bbox 703 1737 863 1803; x_wconf 83' lang='grc' dir='ltr'>αῦτά,</span> <span class='ocrx_word' id='word_1_111' title='bbox 909 1739 944 1793; x_wconf 84' lang='grc' dir='ltr'>ἃ</span> <span class='ocrx_word' id='word_1_112' title='bbox 985 1740 1079 1792; x_wconf 90' lang='grc' dir='ltr'><strong>νῦν</strong></span> <span class='ocrx_word' id='word_1_113' title='bbox 1113 1741 1244 1811; x_wconf 83' lang='grc' dir='ltr'>ἡμῖν</span> <span class='ocrx_word' id='word_1_114' title='bbox 1289 1741 1568 1811; x_wconf 87' lang='grc' dir='ltr'>ἀνηγγέλη</span> <span class='ocrx_word' id='word_1_115' title='bbox 1616 1741 1704 1794; x_wconf 80' lang='grc' dir='ltr'>διὰ</span> 
     </span>
    </p>
   </div>
   <div class='ocr_carea' id='block_1_16' title="bbox 169 1825 1704 1902">
    <p class='ocr_par' dir='ltr' id='par_1_16' title="bbox 169 1825 1704 1902">
     <span class='ocr_line' id='line_1_16' title="bbox 169 1825 1704 1902; baseline 0.003 -25"><span class='ocrx_word' id='word_1_116' title='bbox 169 1825 254 1878; x_wconf 79' lang='grc' dir='ltr'>τῶν</span> <span class='ocrx_word' id='word_1_117' title='bbox 297 1831 798 1900; x_wconf 79' lang='grc' dir='ltr'>εὐαγγελισαμένων</span> <span class='ocrx_word' id='word_1_118' title='bbox 841 1831 988 1902; x_wconf 81' lang='grc' dir='ltr'>ἡμᾶς</span> <span class='ocrx_word' id='word_1_119' title='bbox 1034 1831 1168 1898; x_wconf 78' lang='grc'><strong>(38),</strong></span> <span class='ocrx_word' id='word_1_120' title='bbox 1230 1831 1510 1900; x_wconf 85' lang='grc' dir='ltr'>Πνεύματι</span> <span class='ocrx_word' id='word_1_121' title='bbox 1563 1832 1704 1901; x_wconf 85' lang='grc' dir='ltr'>ἁγίῳ</span> 
     </span>
    </p>
   </div>
   <div class='ocr_carea' id='block_1_17' title="bbox 169 1901 1779 1992">
    <p class='ocr_par' dir='ltr' id='par_1_17' title="bbox 169 1901 1779 1992">
     <span class='ocr_line' id='line_1_17' title="bbox 169 1901 1779 1992; baseline 0.003 -23"><span class='ocrx_word' id='word_1_122' title='bbox 169 1919 488 1974; x_wconf 77' lang='grc' dir='ltr'>ἀποσταλέντι</span> <span class='ocrx_word' id='word_1_123' title='bbox 523 1922 620 1974; x_wconf 80' lang='grc' dir='ltr'>ἀπ’</span> <span class='ocrx_word' id='word_1_124' title='bbox 648 1901 898 1992; x_wconf 82' lang='grc' dir='ltr'>ούρανοῦ,</span> <span class='ocrx_word' id='word_1_125' title='bbox 924 1923 1002 1984; x_wconf 86' lang='grc' dir='ltr'><strong>είς</strong></span> <span class='ocrx_word' id='word_1_126' title='bbox 1029 1921 1064 1974; x_wconf 79' lang='grc' dir='ltr'><strong>ἃ.</strong></span> <span class='ocrx_word' id='word_1_127' title='bbox 1094 1920 1451 1990; x_wconf 81' lang='grc' dir='ltr'>ἐπιθυμοῦσιν</span> <span class='ocrx_word' id='word_1_128' title='bbox 1483 1922 1705 1989; x_wconf 83' lang='grc' dir='ltr'>ἄγγελοι</span> <span class='ocrx_word' id='word_1_129' title='bbox 1735 1901 1779 1955; x_wconf 75' lang='grc' dir='ltr'>Β</span> 
     </span>
    </p>
   </div>
   <div class='ocr_carea' id='block_1_18' title="bbox 170 2011 1708 2084">
    <p class='ocr_par' dir='ltr' id='par_1_18' title="bbox 170 2011 1708 2084">
     <span class='ocr_line' id='line_1_18' title="bbox 170 2011 1708 2084; baseline 0.003 -23"><span class='ocrx_word' id='word_1_130' title='bbox 170 2011 473 2080; x_wconf 75' lang='grc' dir='ltr'>παρακύψαι.</span> <span class='ocrx_word' id='word_1_131' title='bbox 496 2031 514 2064; x_wconf 75' lang='grc' dir='ltr'><strong>ι</strong></span> <span class='ocrx_word' id='word_1_132' title='bbox 555 2013 796 2075; x_wconf 84' lang='grc' dir='ltr'>Ἀκούεις</span> <span class='ocrx_word' id='word_1_133' title='bbox 827 2014 972 2076; x_wconf 84' lang='grc' dir='ltr'>ὅπως</span> <span class='ocrx_word' id='word_1_134' title='bbox 1005 2014 1064 2066; x_wconf 88' lang='grc' dir='ltr'><strong>τὸ</strong></span> <span class='ocrx_word' id='word_1_135' title='bbox 1095 2013 1320 2083; x_wconf 87' lang='grc' dir='ltr'>Πνεῦμα</span> <span class='ocrx_word' id='word_1_136' title='bbox 1339 2012 1576 2084; x_wconf 83' lang='grc' dir='ltr'>Χριστοῦ</span> <span class='ocrx_word' id='word_1_137' title='bbox 1612 2014 1708 2066; x_wconf 69' lang='grc' dir='ltr'><strong>καὶ</strong></span> 
     </span>
    </p>
   </div>
   <div class='ocr_carea' id='block_1_19' title="bbox 170 2101 1708 2178">
    <p class='ocr_par' dir='ltr' id='par_1_19' title="bbox 170 2101 1708 2178">
     <span class='ocr_line' id='line_1_19' title="bbox 170 2101 1708 2178; baseline 0.003 -27"><span class='ocrx_word' id='word_1_138' title='bbox 170 2101 215 2151; x_wconf 78' lang='grc' dir='ltr'>ὲν</span> <span class='ocrx_word' id='word_1_139' title='bbox 248 2107 348 2166; x_wconf 85' lang='grc' dir='ltr'>τοῖς</span> <span class='ocrx_word' id='word_1_140' title='bbox 387 2106 560 2172; x_wconf 77' lang='grc' dir='ltr'>ἁγίοις</span> <span class='ocrx_word' id='word_1_141' title='bbox 607 2106 915 2178; x_wconf 82' lang='grc' dir='ltr'>προφήταις</span> <span class='ocrx_word' id='word_1_142' title='bbox 943 2102 1032 2175; x_wconf 81' lang='grc' dir='ltr'>ἦν,</span> <span class='ocrx_word' id='word_1_143' title='bbox 1085 2106 1607 2175; x_wconf 76' lang='grc' dir='ltr'>προανακεκραγασι</span> <span class='ocrx_word' id='word_1_144' title='bbox 1651 2104 1708 2157; x_wconf 85' lang='grc' dir='ltr'>δὲ</span> 
     </span>
    </p>
   </div>
   <div class='ocr_carea' id='block_1_20' title="bbox 168 2191 1707 2268">
    <p class='ocr_par' dir='ltr' id='par_1_20' title="bbox 168 2191 1707 2268">
     <span class='ocr_line' id='line_1_20' title="bbox 168 2191 1707 2268; baseline 0.002 -24"><span class='ocrx_word' id='word_1_145' title='bbox 168 2191 220 2245; x_wconf 72' lang='grc' dir='ltr'>τὰ</span> <span class='ocrx_word' id='word_1_146' title='bbox 251 2195 322 2257; x_wconf 87' lang='grc' dir='ltr'><strong>είς</strong></span> <span class='ocrx_word' id='word_1_147' title='bbox 351 2197 578 2268; x_wconf 75' lang='grc' dir='ltr'>Χριστὸν</span> <span class='ocrx_word' id='word_1_148' title='bbox 606 2198 927 2268; x_wconf 83' lang='grc' dir='ltr'>παθήματα,</span> <span class='ocrx_word' id='word_1_149' title='bbox 977 2197 1072 2248; x_wconf 73' lang='grc' dir='ltr'><strong>καὶ</strong></span> <span class='ocrx_word' id='word_1_150' title='bbox 1103 2196 1202 2258; x_wconf 90' lang='grc' dir='ltr'><strong>τάς</strong></span> <span class='ocrx_word' id='word_1_151' title='bbox 1238 2198 1375 2266; x_wconf 80' lang='grc' dir='ltr'>μετὰ</span> <span class='ocrx_word' id='word_1_152' title='bbox 1413 2195 1586 2249; x_wconf 87' lang='grc' dir='ltr'>ταῦτα</span> <span class='ocrx_word' id='word_1_153' title='bbox 1618 2195 1707 2248; x_wconf 79' lang='lat'><strong>66-</strong></span> 
     </span>
    </p>
   </div>
   <div class='ocr_carea' id='block_1_21' title="bbox 170 2280 1708 2361">
    <p class='ocr_par' dir='ltr' id='par_1_21' title="bbox 170 2280 1708 2361">
     <span class='ocr_line' id='line_1_21' title="bbox 170 2280 1708 2361; baseline -0.007 -14"><span class='ocrx_word' id='word_1_154' title='bbox 170 2280 273 2348; x_wconf 72' lang='grc' dir='ltr'><strong>ξ²ς;</strong></span> <span class='ocrx_word' id='word_1_155' title='bbox 297 2282 413 2356; x_wconf 68' lang='grc' dir='ltr'><strong>Ἀρ*</strong></span> <span class='ocrx_word' id='word_1_156' title='bbox 451 2284 544 2341; x_wconf 73' lang='grc' dir='ltr'>οὖν</span> <span class='ocrx_word' id='word_1_157' title='bbox 578 2290 651 2352; x_wconf 88' lang='grc' dir='ltr'>ὡς</span> <span class='ocrx_word' id='word_1_158' title='bbox 694 2289 979 2361; x_wconf 80' lang='grc' dir='ltr'>ἄνθρωπον</span> <span class='ocrx_word' id='word_1_159' title='bbox 1010 2285 1193 2349; x_wconf 84' lang='grc' dir='ltr'>ἀπλῶς</span> <span class='ocrx_word' id='word_1_160' title='bbox 1228 2287 1368 2354; x_wconf 80' lang='grc' dir='ltr'>ὑπὲρ</span> <span class='ocrx_word' id='word_1_161' title='bbox 1411 2285 1569 2354; x_wconf 85' lang='grc' dir='ltr'>ήμῶν</span> <span class='ocrx_word' id='word_1_162' title='bbox 1612 2302 1708 2337; x_wconf 87' lang='grc' dir='ltr'>πε-</span> 
     </span>
    </p>
   </div>
   <div class='ocr_carea' id='block_1_22' title="bbox 170 2375 1706 2450">
    <p class='ocr_par' dir='ltr' id='par_1_22' title="bbox 170 2375 1706 2450">
     <span class='ocr_line' id='line_1_22' title="bbox 170 2375 1706 2450; baseline 0.003 -26"><span class='ocrx_word' id='word_1_163' title='bbox 170 2375 372 2430; x_wconf 80' lang='grc' dir='ltr'>πονθότα</span> <span class='ocrx_word' id='word_1_164' title='bbox 413 2379 490 2447; x_wconf 77' lang='grc' dir='ltr'><strong>τῷ</strong></span> <span class='ocrx_word' id='word_1_165' title='bbox 536 2380 728 2450; x_wconf 85' lang='grc' dir='ltr'>κόσμῳ</span> <span class='ocrx_word' id='word_1_166' title='bbox 760 2378 1240 2448; x_wconf 83' lang='grc' dir='ltr'>διακηρύττοντες;</span> <span class='ocrx_word' id='word_1_167' title='bbox 1272 2378 1365 2430; x_wconf 73' lang='grc' dir='ltr'><strong>καὶ</strong></span> <span class='ocrx_word' id='word_1_168' title='bbox 1397 2375 1555 2429; x_wconf 89' lang='grc' dir='ltr'>τοῦτό</span> <span class='ocrx_word' id='word_1_169' title='bbox 1589 2379 1706 2430; x_wconf 79' lang='grc' dir='ltr'>ἐστι</span> 
     </span>
    </p>
   </div>
   <div class='ocr_carea' id='block_1_23' title="bbox 169 2465 1705 2540">
    <p class='ocr_par' dir='ltr' id='par_1_23' title="bbox 169 2465 1705 2540">
     <span class='ocr_line' id='line_1_23' title="bbox 169 2465 1705 2540; baseline -0.001 -21"><span class='ocrx_word' id='word_1_170' title='bbox 169 2466 216 2519; x_wconf 77' lang='grc' dir='ltr'><strong>τὸ</strong></span> <span class='ocrx_word' id='word_1_171' title='bbox 242 2473 520 2540; x_wconf 85' lang='grc' dir='ltr'>μυστήριον</span> <span class='ocrx_word' id='word_1_172' title='bbox 558 2471 619 2524; x_wconf 84' lang='grc' dir='ltr'><strong>τὸ</strong></span> <span class='ocrx_word' id='word_1_173' title='bbox 647 2472 734 2524; x_wconf 70' lang='grc' dir='ltr'><strong>διὰ</strong></span> <span class='ocrx_word' id='word_1_174' title='bbox 761 2471 869 2524; x_wconf 82' lang='grc' dir='ltr'>τῶν</span> <span class='ocrx_word' id='word_1_175' title='bbox 905 2469 1072 2536; x_wconf 80' lang='grc' dir='ltr'>ἁγίων</span> <span class='ocrx_word' id='word_1_176' title='bbox 1101 2467 1259 2537; x_wconf 77' lang='grc' dir='ltr'>ἡμῶν</span> <span class='ocrx_word' id='word_1_177' title='bbox 1287 2465 1601 2521; x_wconf 73' lang='grc' dir='ltr'>ἀποστόλων</span> <span class='ocrx_word' id='word_1_178' title='bbox 1646 2483 1705 2521; x_wconf 90' lang='grc' dir='ltr'><strong>τε</strong></span> 
     </span>
    </p>
   </div>
   <div class='ocr_carea' id='block_1_24' title="bbox 170 2560 1707 2631">
    <p class='ocr_par' dir='ltr' id='par_1_24' title="bbox 170 2560 1707 2631">
     <span class='ocr_line' id='line_1_24' title="bbox 170 2560 1707 2631; baseline -0.001 -17"><span class='ocrx_word' id='word_1_179' title='bbox 170 2560 244 2614; x_wconf 70' lang='grc' dir='ltr'>καὶ</span> <span class='ocrx_word' id='word_1_180' title='bbox 271 2563 662 2631; x_wconf 75' lang='grc' dir='ltr'>εὐαγγελιστῶν</span> <span class='ocrx_word' id='word_1_181' title='bbox 712 2564 769 2614; x_wconf 85' lang='grc' dir='ltr'>ὲν</span> <span class='ocrx_word' id='word_1_182' title='bbox 811 2564 991 2615; x_wconf 79' lang='grc' dir='ltr'>πίστει</span> <span class='ocrx_word' id='word_1_183' title='bbox 1037 2561 1428 2631; x_wconf 82' lang='grc' dir='ltr'>δεδωρημένον,</span> <span class='ocrx_word' id='word_1_184' title='bbox 1481 2561 1574 2613; x_wconf 76' lang='grc' dir='ltr'><strong>καὶ</strong></span> <span class='ocrx_word' id='word_1_185' title='bbox 1626 2562 1707 2623; x_wconf 87' lang='grc' dir='ltr'><strong>είς</strong></span> 
     </span>
    </p>
   </div>
   <div class='ocr_carea' id='block_1_25' title="bbox 167 2652 1705 2725">
    <p class='ocr_par' dir='ltr' id='par_1_25' title="bbox 167 2652 1705 2725">
     <span class='ocr_line' id='line_1_25' title="bbox 167 2652 1705 2725; baseline -0.001 -21"><span class='ocrx_word' id='word_1_186' title='bbox 167 2652 311 2705; x_wconf 75' lang='grc' dir='ltr'>ταῦτα</span> <span class='ocrx_word' id='word_1_187' title='bbox 356 2655 674 2725; x_wconf 73' lang='grc' dir='ltr'>παρακύψαι</span> <span class='ocrx_word' id='word_1_188' title='bbox 708 2655 872 2722; x_wconf 66' lang='grc' dir='ltr'>φησιν</span> <span class='ocrx_word' id='word_1_189' title='bbox 912 2653 1197 2722; x_wconf 79' lang='grc' dir='ltr'>ἐπιθυμεῖν</span> <span class='ocrx_word' id='word_1_190' title='bbox 1226 2654 1351 2715; x_wconf 74' lang='grc' dir='ltr'>τοὺς</span> <span class='ocrx_word' id='word_1_191' title='bbox 1399 2653 1705 2719; x_wconf 83' lang='grc' dir='ltr'>ἀγγέλους;</span> 
     </span>
    </p>
   </div>
   <div class='ocr_carea' id='block_1_26' title="bbox 169 2739 1708 2812">
    <p class='ocr_par' dir='ltr' id='par_1_26' title="bbox 169 2739 1708 2812">
     <span class='ocr_line' id='line_1_26' title="bbox 169 2739 1708 2812; baseline -0.001 -19"><span class='ocrx_word' id='word_1_192' title='bbox 169 2741 330 2794; x_wconf 75' lang='grc' dir='ltr'>Καίτοι</span> <span class='ocrx_word' id='word_1_193' title='bbox 358 2743 469 2804; x_wconf 85' lang='grc' dir='ltr'><strong>πῶς</strong></span> <span class='ocrx_word' id='word_1_194' title='bbox 500 2745 600 2795; x_wconf 84' lang='grc' dir='ltr'><strong>οὐκ</strong></span> <span class='ocrx_word' id='word_1_195' title='bbox 632 2741 936 2810; x_wconf 76' lang='grc' dir='ltr'>ἀπόϐλητος</span> <span class='ocrx_word' id='word_1_196' title='bbox 963 2742 1047 2812; x_wconf 76' lang='grc' dir='ltr'>εἴη</span> <span class='ocrx_word' id='word_1_197' title='bbox 1079 2742 1164 2805; x_wconf 84' lang='grc' dir='ltr'><strong>ἂν,</strong></span> <span class='ocrx_word' id='word_1_198' title='bbox 1187 2742 1215 2793; x_wconf 84' lang='grc' dir='ltr'><strong>ό</strong></span> <span class='ocrx_word' id='word_1_199' title='bbox 1247 2741 1408 2810; x_wconf 83' lang='grc' dir='ltr'>μέχρι</span> <span class='ocrx_word' id='word_1_200' title='bbox 1438 2739 1500 2809; x_wconf 85' lang='grc' dir='ltr'><strong>δὴ</strong></span> <span class='ocrx_word' id='word_1_201' title='bbox 1534 2739 1708 2809; x_wconf 84' lang='grc' dir='ltr'>μόνων</span> 
     </span>
    </p>
   </div>
   <div class='ocr_carea' id='block_1_27' title="bbox 165 2829 1712 2902">
    <p class='ocr_par' dir='ltr' id='par_1_27' title="bbox 165 2829 1712 2902">
     <span class='ocr_line' id='line_1_27' title="bbox 165 2829 1712 2902; baseline 0.003 -23"><span class='ocrx_word' id='word_1_202' title='bbox 165 2829 253 2880; x_wconf 81' lang='grc' dir='ltr'>τῶν</span> <span class='ocrx_word' id='word_1_203' title='bbox 278 2831 368 2898; x_wconf 80' lang='grc' dir='ltr'>τῆς</span> <span class='ocrx_word' id='word_1_204' title='bbox 397 2831 820 2901; x_wconf 87' lang='grc' dir='ltr'>ἀνθρωπότητος</span> <span class='ocrx_word' id='word_1_205' title='bbox 848 2833 986 2902; x_wconf 83' lang='grc' dir='ltr'>ὅρων</span> <span class='ocrx_word' id='word_1_206' title='bbox 1014 2832 1113 2901; x_wconf 82' lang='grc' dir='ltr'><strong>την</strong></span> <span class='ocrx_word' id='word_1_207' title='bbox 1144 2831 1236 2884; x_wconf 90' lang='grc' dir='ltr'><strong>τοῦ</strong></span> <span class='ocrx_word' id='word_1_208' title='bbox 1283 2831 1584 2901; x_wconf 84' lang='grc' dir='ltr'>μυστηρίου</span> <span class='ocrx_word' id='word_1_209' title='bbox 1619 2830 1712 2883; x_wconf 74' lang='grc' dir='ltr'>δύο</span> 
     </span>
    </p>
   </div>
   <div class='ocr_carea' id='block_1_28' title="bbox 167 2920 1707 2992">
    <p class='ocr_par' dir='ltr' id='par_1_28' title="bbox 167 2920 1707 2992">
     <span class='ocr_line' id='line_1_28' title="bbox 167 2920 1707 2992; baseline 0.003 -21"><span class='ocrx_word' id='word_1_210' title='bbox 167 2936 302 2989; x_wconf 84' lang='grc' dir='ltr'>ναμιν</span> <span class='ocrx_word' id='word_1_211' title='bbox 333 2922 674 2976; x_wconf 79' lang='grc' dir='ltr'>κατακλείειν</span> <span class='ocrx_word' id='word_1_212' title='bbox 716 2922 1042 2992; x_wconf 73' lang='grc' dir='ltr'>ἐπιχειρῶν;</span> <span class='ocrx_word' id='word_1_213' title='bbox 1085 2920 1255 2983; x_wconf 76' lang='grc' dir='ltr'>Αὐτὸς</span> <span class='ocrx_word' id='word_1_214' title='bbox 1304 2940 1321 2971; x_wconf 77' lang='grc' dir='ltr'><strong>ι</strong></span> <span class='ocrx_word' id='word_1_215' title='bbox 1351 2923 1379 2973; x_wconf 89' lang='grc' dir='ltr'>ὁ</span> <span class='ocrx_word' id='word_1_216' title='bbox 1419 2923 1476 2972; x_wconf 82' lang='grc' dir='ltr'><strong>έν</strong></span> <span class='ocrx_word' id='word_1_217' title='bbox 1526 2923 1707 2990; x_wconf 82' lang='grc' dir='ltr'>μορφῇ</span> 
     </span>
    </p>
   </div>
   <div class='ocr_carea' id='block_1_29' title="bbox 167 3009 1707 3084">
    <p class='ocr_par' dir='ltr' id='par_1_29' title="bbox 167 3009 1707 3084">
     <span class='ocr_line' id='line_1_29' title="bbox 167 3009 1707 3084; baseline -0.002 -19"><span class='ocrx_word' id='word_1_218' title='bbox 167 3013 243 3065; x_wconf 83' lang='grc' dir='ltr'><strong>τοῦ</strong></span> <span class='ocrx_word' id='word_1_219' title='bbox 267 3013 390 3068; x_wconf 89' lang='grc' dir='ltr'>Θεοῦ</span> <span class='ocrx_word' id='word_1_220' title='bbox 425 3017 517 3068; x_wconf 75' lang='grc' dir='ltr'><strong>καὶ</strong></span> <span class='ocrx_word' id='word_1_221' title='bbox 553 3013 766 3084; x_wconf 76' lang='grc' dir='ltr'>Πατρδς</span> <span class='ocrx_word' id='word_1_222' title='bbox 816 3013 1074 3081; x_wconf 82' lang='grc' dir='ltr'>ὑπάρχων</span> <span class='ocrx_word' id='word_1_223' title='bbox 1107 3010 1237 3071; x_wconf 78' lang='grc' dir='ltr'>Θεὸς</span> <span class='ocrx_word' id='word_1_224' title='bbox 1283 3009 1453 3076; x_wconf 82' lang='grc' dir='ltr'>Λόγος</span> <span class='ocrx_word' id='word_1_225' title='bbox 1481 3049 1494 3072; x_wconf 96' lang='grc'><strong>,</strong></span> <span class='ocrx_word' id='word_1_226' title='bbox 1548 3010 1707 3062; x_wconf 89' lang='grc' dir='ltr'>κεκέ-</span> 
     </span>
    </p>
   </div>
   <div class='ocr_carea' id='block_1_30' title="bbox 169 3099 1712 3172">
    <p class='ocr_par' dir='ltr' id='par_1_30' title="bbox 169 3099 1712 3172">
     <span class='ocr_line' id='line_1_30' title="bbox 169 3099 1712 3172; baseline 0 -18"><span class='ocrx_word' id='word_1_227' title='bbox 169 3120 310 3155; x_wconf 82' lang='grc' dir='ltr'>νωκεν</span> <span class='ocrx_word' id='word_1_228' title='bbox 352 3107 561 3167; x_wconf 78' lang='grc' dir='ltr'>ἑαυτὸν,</span> <span class='ocrx_word' id='word_1_229' title='bbox 594 3104 809 3172; x_wconf 68' lang='grc' dir='ltr'>μορφὴν</span> <span class='ocrx_word' id='word_1_230' title='bbox 837 3101 1022 3154; x_wconf 88' lang='grc' dir='ltr'>δούλου</span> <span class='ocrx_word' id='word_1_231' title='bbox 1063 3099 1262 3164; x_wconf 70' lang='grc' dir='ltr'>λαϐὼν,</span> <span class='ocrx_word' id='word_1_232' title='bbox 1297 3102 1388 3152; x_wconf 84' lang='grc' dir='ltr'><strong>καὶ</strong></span> <span class='ocrx_word' id='word_1_233' title='bbox 1429 3101 1526 3170; x_wconf 80' lang='grc' dir='ltr'><strong>τὴν</strong></span> <span class='ocrx_word' id='word_1_234' title='bbox 1571 3099 1712 3154; x_wconf 79' lang='grc' dir='ltr'>κατὰ</span> 
     </span>
    </p>
   </div>
   <div class='ocr_carea' id='block_1_31' title="bbox 169 3193 1779 3283">
    <p class='ocr_par' dir='ltr' id='par_1_31' title="bbox 169 3193 1779 3283">
     <span class='ocr_line' id='line_1_31' title="bbox 169 3193 1779 3283; baseline -0.003 -35"><span class='ocrx_word' id='word_1_235' title='bbox 169 3198 318 3267; x_wconf 74' lang='grc' dir='ltr'>σάρκα</span> <span class='ocrx_word' id='word_1_236' title='bbox 346 3196 597 3266; x_wconf 77' lang='grc' dir='ltr'>γέννησιν</span> <span class='ocrx_word' id='word_1_237' title='bbox 648 3194 1028 3264; x_wconf 75' lang='grc' dir='ltr'>ὑπομεμενηκε</span> <span class='ocrx_word' id='word_1_238' title='bbox 1067 3193 1133 3244; x_wconf 79' lang='grc' dir='ltr'>δι’</span> <span class='ocrx_word' id='word_1_239' title='bbox 1184 3193 1329 3261; x_wconf 80' lang='grc' dir='ltr'>ἡμᾶς</span> <span class='ocrx_word' id='word_1_240' title='bbox 1355 3209 1368 3221; x_wconf 84' lang='grc'><em>’</em></span> <span class='ocrx_word' id='word_1_241' title='bbox 1413 3194 1574 3254; x_wconf 65' lang='grc' dir='ltr'>αὐτὸς</span> <span class='ocrx_word' id='word_1_242' title='bbox 1613 3193 1708 3244; x_wconf 81' lang='grc' dir='ltr'><strong>πὲ-</strong></span> <span class='ocrx_word' id='word_1_243' title='bbox 1737 3225 1779 3283; x_wconf 76' lang='lat' dir='ltr'><strong><em>C</em></strong></span> 
     </span>
    </p>
   </div>
   <div class='ocr_carea' id='block_1_32' title="bbox 170 3281 1708 3355">
    <p class='ocr_par' dir='ltr' id='par_1_32' title="bbox 170 3281 1708 3355">
     <span class='ocr_line' id='line_1_32' title="bbox 170 3281 1708 3355; baseline -0.001 -18"><span class='ocrx_word' id='word_1_244' title='bbox 170 3286 330 3337; x_wconf 74' lang='grc' dir='ltr'>πονθεν</span> <span class='ocrx_word' id='word_1_245' title='bbox 363 3287 501 3355; x_wconf 78' lang='grc' dir='ltr'>ὑπὲρ</span> <span class='ocrx_word' id='word_1_246' title='bbox 537 3285 696 3354; x_wconf 82' lang='grc' dir='ltr'>ήμῶν</span> <span class='ocrx_word' id='word_1_247' title='bbox 732 3287 793 3352; x_wconf 82' lang='grc' dir='ltr'>τῇ</span> <span class='ocrx_word' id='word_1_248' title='bbox 839 3284 942 3351; x_wconf 63' lang='grc' dir='ltr'>ἰδίᾳ</span> <span class='ocrx_word' id='word_1_249' title='bbox 973 3284 1156 3351; x_wconf 76' lang='grc' dir='ltr'>σαρκὶ,</span> <span class='ocrx_word' id='word_1_250' title='bbox 1190 3283 1285 3334; x_wconf 76' lang='grc' dir='ltr'>καὶ</span> <span class='ocrx_word' id='word_1_251' title='bbox 1319 3281 1517 3334; x_wconf 75' lang='grc' dir='ltr'>ἀνεϐίω</span> <span class='ocrx_word' id='word_1_252' title='bbox 1548 3282 1708 3336; x_wconf 78' lang='grc' dir='ltr'>πάλιν</span> 
     </span>
    </p>
   </div>
   <div class='ocr_carea' id='block_1_33' title="bbox 167 3370 1710 3442">
    <p class='ocr_par' dir='ltr' id='par_1_33' title="bbox 167 3370 1710 3442">
     <span class='ocr_line' id='line_1_33' title="bbox 167 3370 1710 3442; baseline 0 -16"><span class='ocrx_word' id='word_1_253' title='bbox 167 3372 228 3436; x_wconf 84' lang='grc' dir='ltr'>ὡς</span> <span class='ocrx_word' id='word_1_254' title='bbox 265 3375 417 3440; x_wconf 73' lang='grc' dir='ltr'>Θεὸς,</span> <span class='ocrx_word' id='word_1_255' title='bbox 452 3374 702 3436; x_wconf 75' lang='grc' dir='ltr'>κενώσας</span> <span class='ocrx_word' id='word_1_256' title='bbox 742 3373 830 3426; x_wconf 77' lang='grc' dir='ltr'><strong>τὸν</strong></span> <span class='ocrx_word' id='word_1_257' title='bbox 875 3372 1027 3442; x_wconf 73' lang='grc' dir='ltr'>ᾅδην,</span> <span class='ocrx_word' id='word_1_258' title='bbox 1077 3372 1171 3423; x_wconf 75' lang='grc' dir='ltr'><strong>καὶ</strong></span> <span class='ocrx_word' id='word_1_259' title='bbox 1211 3370 1449 3441; x_wconf 83' lang='grc' dir='ltr'>εἰρηκὼς</span> <span class='ocrx_word' id='word_1_260' title='bbox 1492 3375 1605 3435; x_wconf 85' lang='grc' dir='ltr'>τοῖς</span> <span class='ocrx_word' id='word_1_261' title='bbox 1653 3376 1710 3426; x_wconf 81' lang='grc' dir='ltr'><strong>έν</strong></span> 
     </span>
    </p>
   </div>
   <div class='ocr_carea' id='block_1_34' title="bbox 167 3461 1712 3534">
    <p class='ocr_par' dir='ltr' id='par_1_34' title="bbox 167 3461 1712 3534">
     <span class='ocr_line' id='line_1_34' title="bbox 167 3461 1712 3534; baseline -0.001 -18"><span class='ocrx_word' id='word_1_262' title='bbox 167 3462 378 3534; x_wconf 77' lang='grc' dir='ltr'>δεσμοῖς·</span> <span class='ocrx_word' id='word_1_263' title='bbox 411 3485 425 3517; x_wconf 77' lang='grc' dir='ltr'><strong>ι</strong></span> <span class='ocrx_word' id='word_1_264' title='bbox 451 3464 760 3530; x_wconf 80' lang='grc' dir='ltr'>Ἐξέλθετε’</span> <span class='ocrx_word' id='word_1_265' title='bbox 785 3464 876 3516; x_wconf 71' lang='grc' dir='ltr'><strong>καὶ</strong></span> <span class='ocrx_word' id='word_1_266' title='bbox 902 3464 1011 3525; x_wconf 84' lang='grc' dir='ltr'>τοῖς</span> <span class='ocrx_word' id='word_1_267' title='bbox 1039 3463 1095 3514; x_wconf 79' lang='grc' dir='ltr'><strong>ἐν</strong></span> <span class='ocrx_word' id='word_1_268' title='bbox 1118 3461 1196 3531; x_wconf 82' lang='grc' dir='ltr'>τῷ</span> <span class='ocrx_word' id='word_1_269' title='bbox 1228 3461 1408 3513; x_wconf 89' lang='grc' dir='ltr'>σκότει</span> <span class='ocrx_word' id='word_1_270' title='bbox 1434 3478 1447 3492; x_wconf 77' lang='grc' dir='ltr'><strong>ο</strong></span> <span class='ocrx_word' id='word_1_271' title='bbox 1487 3462 1712 3516; x_wconf 79' lang='grc' dir='ltr'>Ἀνακα-</span> 
     </span>
    </p>
   </div>
   <div class='ocr_carea' id='block_1_35' title="bbox 169 3550 1712 3624">
    <p class='ocr_par' dir='ltr' id='par_1_35' title="bbox 169 3550 1712 3624">
     <span class='ocr_line' id='line_1_35' title="bbox 169 3550 1712 3624; baseline 0.002 -23"><span class='ocrx_word' id='word_1_272' title='bbox 169 3550 421 3622; x_wconf 73' lang='grc' dir='ltr'>λύφθητε.»</span> <span class='ocrx_word' id='word_1_273' title='bbox 451 3555 518 3608; x_wconf 83' lang='grc' dir='ltr'>Τί</span> <span class='ocrx_word' id='word_1_274' title='bbox 547 3554 724 3605; x_wconf 86' lang='grc' dir='ltr'>τοίνυν</span> <span class='ocrx_word' id='word_1_275' title='bbox 765 3550 1089 3624; x_wconf 62' lang='grc' dir='ltr'>ἀνατρέπειν</span> <span class='ocrx_word' id='word_1_276' title='bbox 1118 3552 1418 3620; x_wconf 78' lang='grc' dir='ltr'>ἐπιχειρεῖς</span> <span class='ocrx_word' id='word_1_277' title='bbox 1447 3550 1543 3620; x_wconf 80' lang='grc' dir='ltr'><strong>τὴν</strong></span> <span class='ocrx_word' id='word_1_278' title='bbox 1570 3550 1712 3604; x_wconf 74' lang='grc' dir='ltr'>οὕτω</span> 
     </span>
    </p>
   </div>
   <div class='ocr_carea' id='block_1_36' title="bbox 169 3637 1712 3715">
    <p class='ocr_par' dir='ltr' id='par_1_36' title="bbox 169 3637 1712 3715">
     <span class='ocr_line' id='line_1_36' title="bbox 169 3637 1712 3715; baseline 0.003 -22"><span class='ocrx_word' id='word_1_279' title='bbox 169 3644 340 3715; x_wconf 76' lang='grc' dir='ltr'>σεπτήν</span> <span class='ocrx_word' id='word_1_280' title='bbox 372 3645 463 3699; x_wconf 59' lang='grc' dir='ltr'><strong>καὶ⁸</strong></span> <span class='ocrx_word' id='word_1_281' title='bbox 491 3645 824 3712; x_wconf 79' lang='grc' dir='ltr'>ἀξιάγαστον</span> <span class='ocrx_word' id='word_1_282' title='bbox 855 3643 1187 3712; x_wconf 86' lang='grc' dir='ltr'>οἰκονομίαν,</span> <span class='ocrx_word' id='word_1_283' title='bbox 1219 3642 1286 3693; x_wconf 86' lang='grc' dir='ltr'>δι’</span> <span class='ocrx_word' id='word_1_284' title='bbox 1312 3637 1378 3712; x_wconf 77' lang='grc' dir='ltr'>ἧς</span> <span class='ocrx_word' id='word_1_285' title='bbox 1413 3643 1508 3695; x_wconf 73' lang='grc' dir='ltr'><strong>καὶ</strong></span> <span class='ocrx_word' id='word_1_286' title='bbox 1543 3644 1712 3697; x_wconf 81' lang='grc' dir='ltr'>σεσώ-</span> 
     </span>
    </p>
   </div>
   <div class='ocr_carea' id='block_1_37' title="bbox 171 3730 1713 3804">
    <p class='ocr_par' dir='ltr' id='par_1_37' title="bbox 171 3730 1713 3804">
     <span class='ocr_line' id='line_1_37' title="bbox 171 3730 1713 3804; baseline 0 -19"><span class='ocrx_word' id='word_1_287' title='bbox 171 3735 338 3802; x_wconf 88' lang='grc' dir='ltr'>σμεθα,</span> <span class='ocrx_word' id='word_1_288' title='bbox 367 3739 461 3790; x_wconf 76' lang='grc' dir='ltr'><strong>καὶ</strong></span> <span class='ocrx_word' id='word_1_289' title='bbox 491 3736 694 3798; x_wconf 74' lang='grc' dir='ltr'>παντὸς</span> <span class='ocrx_word' id='word_1_290' title='bbox 727 3735 855 3788; x_wconf 77' lang='grc' dir='ltr'>εἴσω</span> <span class='ocrx_word' id='word_1_291' title='bbox 888 3733 1187 3802; x_wconf 76' lang='grc' dir='ltr'>γεγόναμεν</span> <span class='ocrx_word' id='word_1_292' title='bbox 1216 3730 1458 3798; x_wconf 70' lang='grc' dir='ltr'>ἀγαθούς</span> <span class='ocrx_word' id='word_1_293' title='bbox 1496 3732 1560 3784; x_wconf 83' lang='grc' dir='ltr'><strong>Τί</strong></span> <span class='ocrx_word' id='word_1_294' title='bbox 1605 3734 1713 3804; x_wconf 65' lang='grc' dir='ltr'><strong>γὰρ</strong></span> 
     </span>
    </p>
   </div>
   <div class='ocr_carea' id='block_1_38' title="bbox 169 3824 1715 3898">
    <p class='ocr_par' dir='ltr' id='par_1_38' title="bbox 169 3824 1715 3898">
     <span class='ocr_line' id='line_1_38' title="bbox 169 3824 1715 3898; baseline 0.001 -21"><span class='ocrx_word' id='word_1_295' title='bbox 169 3825 220 3878; x_wconf 80' lang='grc' dir='ltr'>δι’</span> <span class='ocrx_word' id='word_1_296' title='bbox 243 3829 396 3897; x_wconf 70' lang='grc' dir='ltr'>αὐτῆς</span> <span class='ocrx_word' id='word_1_297' title='bbox 425 3828 821 3898; x_wconf 80' lang='grc' dir='ltr'>ἑκερδάναμεν,</span> <span class='ocrx_word' id='word_1_298' title='bbox 850 3825 972 3897; x_wconf 78' lang='grc' dir='ltr'>εἴσῃ</span> <span class='ocrx_word' id='word_1_299' title='bbox 989 3842 1068 3877; x_wconf 90' lang='grc' dir='ltr'><strong>τοι</strong></span> <span class='ocrx_word' id='word_1_300' title='bbox 1098 3824 1192 3877; x_wconf 72' lang='grc' dir='ltr'><strong>καὶ</strong></span> <span class='ocrx_word' id='word_1_301' title='bbox 1219 3824 1362 3894; x_wconf 77' lang='grc' dir='ltr'>μάλα</span> <span class='ocrx_word' id='word_1_302' title='bbox 1390 3824 1596 3892; x_wconf 70' lang='grc' dir='ltr'>σαφῶς,</span> <span class='ocrx_word' id='word_1_303' title='bbox 1619 3825 1715 3878; x_wconf 66' lang='grc' dir='ltr'>ὡδὶ</span> 
     </span>
    </p>
   </div>
   <div class='ocr_carea' id='block_1_39' title="bbox 171 3915 1714 3988">
    <p class='ocr_par' dir='ltr' id='par_1_39' title="bbox 171 3915 1714 3988">
     <span class='ocr_line' id='line_1_39' title="bbox 171 3915 1714 3988; baseline 0 -20"><span class='ocrx_word' id='word_1_304' title='bbox 171 3919 468 3988; x_wconf 65' lang='grc' dir='ltr'>γεγραφότος</span> <span class='ocrx_word' id='word_1_305' title='bbox 495 3919 591 3971; x_wconf 91' lang='grc' dir='ltr'><strong>τοῦ</strong></span> <span class='ocrx_word' id='word_1_306' title='bbox 625 3915 894 3988; x_wconf 80' lang='grc' dir='ltr'>μακαρίου</span> <span class='ocrx_word' id='word_1_307' title='bbox 930 3915 1142 3967; x_wconf 88' lang='grc' dir='ltr'>Παύλου</span> <span class='ocrx_word' id='word_1_308' title='bbox 1164 3928 1175 3939; x_wconf 89' lang='grc'><strong>·</strong></span> <span class='ocrx_word' id='word_1_309' title='bbox 1219 3935 1235 3965; x_wconf 80' lang='grc' dir='ltr'><strong>ι</strong></span> <span class='ocrx_word' id='word_1_310' title='bbox 1268 3915 1374 3967; x_wconf 76' lang='grc' dir='ltr'>Καὶ</span> <span class='ocrx_word' id='word_1_311' title='bbox 1402 3916 1552 3984; x_wconf 82' lang='grc' dir='ltr'>ἡμᾶς</span> <span class='ocrx_word' id='word_1_312' title='bbox 1584 3933 1714 3968; x_wconf 88' lang='grc' dir='ltr'>ποτε</span> 
     </span>
    </p>
   </div>
   <div class='ocr_carea' id='block_1_40' title="bbox 169 4005 1715 4080">
    <p class='ocr_par' dir='ltr' id='par_1_40' title="bbox 169 4005 1715 4080">
     <span class='ocr_line' id='line_1_40' title="bbox 169 4005 1715 4080; baseline 0.001 -23"><span class='ocrx_word' id='word_1_313' title='bbox 169 4006 300 4071; x_wconf 56' lang='lat' dir='ltr'><strong>hirta;</strong></span> <span class='ocrx_word' id='word_1_314' title='bbox 343 4008 931 4080; x_wconf 84' lang='grc' dir='ltr'>ἀπηλλοτριωμένους,</span> <span class='ocrx_word' id='word_1_315' title='bbox 985 4008 1078 4059; x_wconf 69' lang='grc' dir='ltr'><strong>καὶ</strong></span> <span class='ocrx_word' id='word_1_316' title='bbox 1127 4005 1356 4076; x_wconf 77' lang='grc' dir='ltr'>ἐχθροὺς</span> <span class='ocrx_word' id='word_1_317' title='bbox 1400 4009 1466 4076; x_wconf 80' lang='grc' dir='ltr'><strong>τῇ</strong></span> <span class='ocrx_word' id='word_1_318' title='bbox 1505 4006 1715 4077; x_wconf 68' lang='grc' dir='ltr'>διανοίᾳ</span> 
     </span>
    </p>
   </div>
   <div class='ocr_carea' id='block_1_41' title="bbox 170 4097 1714 4173">
    <p class='ocr_par' dir='ltr' id='par_1_41' title="bbox 170 4097 1714 4173">
     <span class='ocr_line' id='line_1_41' title="bbox 170 4097 1714 4173; baseline 0 -24"><span class='ocrx_word' id='word_1_319' title='bbox 170 4099 214 4149; x_wconf 75' lang='grc' dir='ltr'>ιν</span> <span class='ocrx_word' id='word_1_320' title='bbox 237 4103 331 4164; x_wconf 80' lang='grc' dir='ltr'>τοῖς</span> <span class='ocrx_word' id='word_1_321' title='bbox 370 4102 558 4173; x_wconf 80' lang='grc' dir='ltr'>ἔργοις</span> <span class='ocrx_word' id='word_1_322' title='bbox 585 4104 696 4163; x_wconf 89' lang='grc' dir='ltr'>τοῖς</span> <span class='ocrx_word' id='word_1_323' title='bbox 724 4101 999 4169; x_wconf 83' lang='grc' dir='ltr'>πονηροῖς,</span> <span class='ocrx_word' id='word_1_324' title='bbox 1026 4099 1141 4150; x_wconf 71' lang='grc' dir='ltr'>νυνὶ</span> <span class='ocrx_word' id='word_1_325' title='bbox 1169 4097 1224 4149; x_wconf 81' lang='grc' dir='ltr'>δὲ</span> <span class='ocrx_word' id='word_1_326' title='bbox 1270 4097 1714 4166; x_wconf 78' lang='grc' dir='ltr'>ἀποκατήλλαξεν</span> 
     </span>
    </p>
   </div>
   <div class='ocr_carea' id='block_1_42' title="bbox 170 4186 1712 4263">
    <p class='ocr_par' dir='ltr' id='par_1_42' title="bbox 170 4186 1712 4263">
     <span class='ocr_line' id='line_1_42' title="bbox 170 4186 1712 4263; baseline -0.001 -21"><span class='ocrx_word' id='word_1_327' title='bbox 170 4189 214 4239; x_wconf 74' lang='grc' dir='ltr'>ὲν</span> <span class='ocrx_word' id='word_1_328' title='bbox 237 4191 305 4262; x_wconf 81' lang='grc' dir='ltr'>τῷ</span> <span class='ocrx_word' id='word_1_329' title='bbox 335 4193 552 4263; x_wconf 82' lang='grc' dir='ltr'>σώματι</span> <span class='ocrx_word' id='word_1_330' title='bbox 587 4193 685 4260; x_wconf 81' lang='grc' dir='ltr'>τῆς</span> <span class='ocrx_word' id='word_1_331' title='bbox 733 4191 933 4260; x_wconf 86' lang='grc' dir='ltr'>σαρκὸς</span> <span class='ocrx_word' id='word_1_332' title='bbox 967 4188 1133 4241; x_wconf 71' lang='grc' dir='ltr'>αὐτοῦ</span> <span class='ocrx_word' id='word_1_333' title='bbox 1185 4188 1274 4240; x_wconf 74' lang='grc' dir='ltr'><strong>διὰ</strong></span> <span class='ocrx_word' id='word_1_334' title='bbox 1323 4186 1416 4240; x_wconf 82' lang='grc' dir='ltr'><strong>τοῦ</strong></span> <span class='ocrx_word' id='word_1_335' title='bbox 1453 4188 1712 4250; x_wconf 84' lang='grc' dir='ltr'>θανάτου,</span> 
     </span>
    </p>
   </div>
   <div class='ocr_carea' id='block_1_43' title="bbox 173 4279 1716 4354">
    <p class='ocr_par' dir='ltr' id='par_1_43' title="bbox 173 4279 1716 4354">
     <span class='ocr_line' id='line_1_43' title="bbox 173 4279 1716 4354; baseline 0 -20"><span class='ocrx_word' id='word_1_336' title='bbox 173 4286 486 4354; x_wconf 79' lang='grc' dir='ltr'>παραστῆσαι</span> <span class='ocrx_word' id='word_1_337' title='bbox 534 4285 680 4354; x_wconf 78' lang='grc' dir='ltr'>ἡμᾶς</span> <span class='ocrx_word' id='word_1_338' title='bbox 710 4283 896 4350; x_wconf 84' lang='grc' dir='ltr'>ἁγίους</span> <span class='ocrx_word' id='word_1_339' title='bbox 918 4321 932 4344; x_wconf 84' lang='grc'><strong>,</strong></span> <span class='ocrx_word' id='word_1_340' title='bbox 984 4283 1078 4334; x_wconf 74' lang='grc' dir='ltr'><strong>καὶ</strong></span> <span class='ocrx_word' id='word_1_341' title='bbox 1107 4280 1391 4350; x_wconf 85' lang='grc' dir='ltr'>ἀμώμους,</span> <span class='ocrx_word' id='word_1_342' title='bbox 1420 4279 1514 4331; x_wconf 77' lang='grc' dir='ltr'><strong>καὶ</strong></span> <span class='ocrx_word' id='word_1_343' title='bbox 1554 4280 1716 4347; x_wconf 50' lang='grc' dir='ltr'>ἀνεγη</span> 
     </span>
    </p>
   </div>
   <div class='ocr_carea' id='block_1_44' title="bbox 170 4369 1719 4442">
    <p class='ocr_par' dir='ltr' id='par_1_44' title="bbox 170 4369 1719 4442">
     <span class='ocr_line' id='line_1_44' title="bbox 170 4369 1719 4442; baseline 0.018 -21"><span class='ocrx_word' id='word_1_344' title='bbox 170 4371 367 4442; x_wconf 48' lang='lat' dir='ltr'><strong>ultimo-.2;</strong></span> <span class='ocrx_word' id='word_1_345' title='bbox 396 4375 520 4428; x_wconf 78' lang='grc' dir='ltr'>κατ’</span> <span class='ocrx_word' id='word_1_346' title='bbox 557 4373 785 4427; x_wconf 81' lang='grc' dir='ltr'>ἐνώπιον</span> <span class='ocrx_word' id='word_1_347' title='bbox 814 4369 1000 4436; x_wconf 75' lang='grc' dir='ltr'>αὐτοῦ,</span> <span class='ocrx_word' id='word_1_348' title='bbox 1031 4372 1083 4423; x_wconf 76' lang='grc' dir='ltr'>ετ</span> <span class='ocrx_word' id='word_1_349' title='bbox 1109 4387 1171 4438; x_wconf 84' lang='grc' dir='ltr'><strong>γε</strong></span> <span class='ocrx_word' id='word_1_350' title='bbox 1215 4371 1502 4438; x_wconf 64' lang='grc' dir='ltr'><strong>ὲἰτιμένετε</strong></span> <span class='ocrx_word' id='word_1_351' title='bbox 1536 4373 1601 4440; x_wconf 73' lang='grc' dir='ltr'><strong>τῇ</strong></span> <span class='ocrx_word' id='word_1_352' title='bbox 1634 4369 1719 4423; x_wconf 74' lang='grc' dir='ltr'><strong>πί⁹</strong></span> 
     </span>
    </p>
   </div>
   <div class='ocr_carea' id='block_1_45' title="bbox 173 4461 1716 4533">
    <p class='ocr_par' dir='ltr' id='par_1_45' title="bbox 173 4461 1716 4533">
     <span class='ocr_line' id='line_1_45' title="bbox 173 4461 1716 4533; baseline 0 -20"><span class='ocrx_word' id='word_1_353' title='bbox 173 4478 284 4517; x_wconf 84' lang='grc' dir='ltr'>στει.</span> <span class='ocrx_word' id='word_1_354' title='bbox 307 4483 325 4516; x_wconf 77' lang='lat' dir='ltr'><strong>t</strong></span> <span class='ocrx_word' id='word_1_355' title='bbox 373 4465 588 4520; x_wconf 71' lang='grc' dir='ltr'>Οὐκοῦν</span> <span class='ocrx_word' id='word_1_356' title='bbox 617 4465 826 4533; x_wconf 81' lang='grc' dir='ltr'>ὀνίνησι</span> <span class='ocrx_word' id='word_1_357' title='bbox 865 4463 960 4532; x_wconf 82' lang='grc' dir='ltr'>μὲν</span> <span class='ocrx_word' id='word_1_358' title='bbox 990 4464 1022 4531; x_wconf 85' lang='grc' dir='ltr'><strong>ή</strong></span> <span class='ocrx_word' id='word_1_359' title='bbox 1058 4461 1237 4523; x_wconf 88' lang='grc' dir='ltr'>πίστις</span> <span class='ocrx_word' id='word_1_360' title='bbox 1269 4463 1392 4524; x_wconf 74' lang='grc' dir='ltr'>τοὺς</span> <span class='ocrx_word' id='word_1_361' title='bbox 1421 4461 1716 4516; x_wconf 79' lang='grc' dir='ltr'>ἀσάλευτον</span> 
     </span>
    </p>
   </div>
   <div class='ocr_carea' id='block_1_46' title="bbox 1187 449 2280 510">
    <p class='ocr_par' dir='ltr' id='par_1_46' title="bbox 1187 449 2280 510">
     <span class='ocr_line' id='line_1_46' title="bbox 1187 449 2280 510; baseline -0.003 -3"><span class='ocrx_word' id='word_1_362' title='bbox 1187 451 1560 510; x_wconf 73' lang='lat' dir='ltr'><strong>ADV‘ERSUS</strong></span> <span class='ocrx_word' id='word_1_363' title='bbox 1595 449 2002 510; x_wconf 80' lang='lat' dir='ltr'><strong>NESTORIUM</strong></span> <span class='ocrx_word' id='word_1_364' title='bbox 2046 451 2174 507; x_wconf 86' lang='lat' dir='ltr'><strong>LIB.</strong></span> <span class='ocrx_word' id='word_1_365' title='bbox 2220 451 2280 505; x_wconf 73' lang='grc' dir='ltr'><strong>ν.</strong></span> 
     </span>
    </p>
   </div>
   <div class='ocr_carea' id='block_1_47' title="bbox 3265 448 3371 504">
    <p class='ocr_par' dir='ltr' id='par_1_47' title="bbox 3265 448 3371 504">
     <span class='ocr_line' id='line_1_47' title="bbox 3265 448 3371 504; baseline 0.009 -1"><span class='ocrx_word' id='word_1_366' title='bbox 3265 448 3371 504; x_wconf 59' lang='grc'><strong>286</strong></span> 
     </span>
    </p>
   </div>
   <div class='ocr_carea' id='block_1_48' title="bbox 1800 561 3373 633">
    <p class='ocr_par' dir='ltr' id='par_1_48' title="bbox 1800 561 3373 633">
     <span class='ocr_line' id='line_1_48' title="bbox 1800 561 3373 633; baseline -0.001 -15"><span class='ocrx_word' id='word_1_367' title='bbox 1800 564 2046 633; x_wconf 80' lang='lat' dir='ltr'><strong>quamvis</strong></span> <span class='ocrx_word' id='word_1_368' title='bbox 2096 564 2224 618; x_wconf 90' lang='lat' dir='ltr'><strong>illud</strong></span> <span class='ocrx_word' id='word_1_369' title='bbox 2277 573 2433 618; x_wconf 78' lang='lat' dir='ltr'><strong>extra</strong></span> <span class='ocrx_word' id='word_1_370' title='bbox 2468 561 2773 630; x_wconf 81' lang='lat' dir='ltr'><strong>passionem</strong></span> <span class='ocrx_word' id='word_1_371' title='bbox 2829 561 3373 621; x_wconf 77' lang='lat' dir='ltr'><strong>mansisse&#39;noverit.</strong></span> 
     </span>
    </p>
   </div>
   <div class='ocr_carea' id='block_1_49' title="bbox 1801 653 3375 723">
    <p class='ocr_par' dir='ltr' id='par_1_49' title="bbox 1801 653 3375 723">
     <span class='ocr_line' id='line_1_49' title="bbox 1801 653 3375 723; baseline -0.004 -9"><span class='ocrx_word' id='word_1_372' title='bbox 1801 673 1922 714; x_wconf 89' lang='lat' dir='ltr'><strong>cum</strong></span> <span class='ocrx_word' id='word_1_373' title='bbox 1956 667 2012 715; x_wconf 88' lang='lat' dir='ltr'><strong>et</strong></span> <span class='ocrx_word' id='word_1_374' title='bbox 2039 659 2180 714; x_wconf 86' lang='lat' dir='ltr'><strong>Deus</strong></span> <span class='ocrx_word' id='word_1_375' title='bbox 2206 658 2276 713; x_wconf 88' lang='lat' dir='ltr'><strong>sit</strong></span> <span class='ocrx_word' id='word_1_376' title='bbox 2299 658 2594 712; x_wconf 87' lang='lat' dir='ltr'><strong>secundum</strong></span> <span class='ocrx_word' id='word_1_377' title='bbox 2624 665 2895 720; x_wconf 87' lang='lat' dir='ltr'><strong>naturam,</strong></span> <span class='ocrx_word' id='word_1_378' title='bbox 2923 663 2977 709; x_wconf 91' lang='lat' dir='ltr'><strong>et</strong></span> <span class='ocrx_word' id='word_1_379' title='bbox 3007 653 3136 707; x_wconf 90' lang='lat' dir='ltr'><strong>vita.</strong></span> <span class='ocrx_word' id='word_1_380' title='bbox 3185 653 3375 723; x_wconf 82' lang='lat' dir='ltr'><strong>Itaque</strong></span> 
     </span>
    </p>
   </div>
   <div class='ocr_carea' id='block_1_50' title="bbox 1801 745 3374 817">
    <p class='ocr_par' dir='ltr' id='par_1_50' title="bbox 1801 745 3374 817">
     <span class='ocr_line' id='line_1_50' title="bbox 1801 745 3374 817; baseline -0.003 -13"><span class='ocrx_word' id='word_1_381' title='bbox 1801 750 1991 805; x_wconf 88' lang='lat' dir='ltr'><strong>beatus</strong></span> <span class='ocrx_word' id='word_1_382' title='bbox 2044 749 2236 805; x_wconf 90' lang='lat' dir='ltr'><strong>Petrus</strong></span> <span class='ocrx_word' id='word_1_383' title='bbox 2275 764 2397 804; x_wconf 91' lang='lat' dir='ltr'><strong>cum</strong></span> <span class='ocrx_word' id='word_1_384' title='bbox 2455 748 2722 817; x_wconf 79' lang='lat' dir='ltr'><strong>ejusmodi</strong></span> <span class='ocrx_word' id='word_1_385' title='bbox 2776 746 3018 817; x_wconf 83' lang='lat' dir='ltr'><strong>mysterii</strong></span> <span class='ocrx_word' id='word_1_386' title='bbox 3072 745 3374 800; x_wconf 77' lang='lat' dir='ltr'><strong>doctrinam</strong></span> 
     </span>
    </p>
   </div>
   <div class='ocr_carea' id='block_1_51' title="bbox 1803 837 3377 908">
    <p class='ocr_par' dir='ltr' id='par_1_51' title="bbox 1803 837 3377 908">
     <span class='ocr_line' id='line_1_51' title="bbox 1803 837 3377 908; baseline -0.003 -14"><span class='ocrx_word' id='word_1_387' title='bbox 1803 841 1958 894; x_wconf 90' lang='lat' dir='ltr'><strong>nobis</strong></span> <span class='ocrx_word' id='word_1_388' title='bbox 1980 848 2325 908; x_wconf 87' lang='lat' dir='ltr'><strong>proponeret,</strong></span> <span class='ocrx_word' id='word_1_389' title='bbox 2352 839 2430 893; x_wconf 88' lang='lat' dir='ltr'><strong>sic</strong></span> <span class='ocrx_word' id='word_1_390' title='bbox 2459 838 2570 891; x_wconf 77' lang='lat' dir='ltr'><strong>fere</strong></span> <span class='ocrx_word' id='word_1_391' title='bbox 2598 839 2665 891; x_wconf 88' lang='lat' dir='ltr'><strong>de</strong></span> <span class='ocrx_word' id='word_1_392' title='bbox 2688 837 2778 890; x_wconf 93' lang='lat' dir='ltr'><strong>illo</strong></span> <span class='ocrx_word' id='word_1_393' title='bbox 2801 837 2853 890; x_wconf 93' lang='lat' dir='ltr'><strong>in</strong></span> <span class='ocrx_word' id='word_1_394' title='bbox 2881 851 3000 890; x_wconf 92' lang='lat' dir='ltr'><strong>eum</strong></span> <span class='ocrx_word' id='word_1_395' title='bbox 3030 837 3377 890; x_wconf 77' lang='lat' dir='ltr'><strong>credentibus</strong></span> 
     </span>
    </p>
   </div>
   <div class='ocr_carea' id='block_1_52' title="bbox 1803 926 3374 996">
    <p class='ocr_par' dir='ltr' id='par_1_52' title="bbox 1803 926 3374 996">
     <span class='ocr_line' id='line_1_52' title="bbox 1803 926 3374 996; baseline -0.003 -12"><span class='ocrx_word' id='word_1_396' title='bbox 1803 932 1931 985; x_wconf 86' lang='lat' dir='ltr'><strong>dicit</strong></span> <span class='ocrx_word' id='word_1_397' title='bbox 1961 946 1976 987; x_wconf 89' lang='lat'><strong>:</strong></span> <span class='ocrx_word' id='word_1_398' title='bbox 2013 949 2032 982; x_wconf 73' lang='grc' dir='ltr'><strong>ι</strong></span> <span class='ocrx_word' id='word_1_399' title='bbox 2067 931 2236 996; x_wconf 85' lang='lat' dir='ltr'><strong>Quem</strong></span> <span class='ocrx_word' id='word_1_400' title='bbox 2274 944 2394 984; x_wconf 91' lang='lat' dir='ltr'><strong>cum</strong></span> <span class='ocrx_word' id='word_1_401' title='bbox 2428 943 2532 983; x_wconf 86' lang='lat' dir='ltr'><strong>non</strong></span> <span class='ocrx_word' id='word_1_402' title='bbox 2565 927 2807 983; x_wconf 83' lang='lat' dir='ltr'><strong>videritis</strong></span> <span class='ocrx_word' id='word_1_403' title='bbox 2840 926 3080 996; x_wconf 88' lang='lat' dir='ltr'><strong>diligitis,</strong></span> <span class='ocrx_word' id='word_1_404' title='bbox 3127 927 3181 980; x_wconf 88' lang='lat' dir='ltr'><strong>in</strong></span> <span class='ocrx_word' id='word_1_405' title='bbox 3213 941 3374 996; x_wconf 90' lang='lat' dir='ltr'><strong>quem</strong></span> 
     </span>
    </p>
   </div>
   <div class='ocr_carea' id='block_1_53' title="bbox 1803 1018 3377 1091">
    <p class='ocr_par' dir='ltr' id='par_1_53' title="bbox 1803 1018 3377 1091">
     <span class='ocr_line' id='line_1_53' title="bbox 1803 1018 3377 1091; baseline -0.003 -15"><span class='ocrx_word' id='word_1_406' title='bbox 1803 1038 1946 1077; x_wconf 90' lang='lat' dir='ltr'><strong>nunc</strong></span> <span class='ocrx_word' id='word_1_407' title='bbox 1987 1037 2203 1091; x_wconf 88' lang='lat' dir='ltr'><strong>quoque</strong></span> <span class='ocrx_word' id='word_1_408' title='bbox 2239 1037 2342 1076; x_wconf 92' lang='lat' dir='ltr'><strong>non</strong></span> <span class='ocrx_word' id='word_1_409' title='bbox 2389 1022 2630 1076; x_wconf 87' lang='lat' dir='ltr'><strong>videntes</strong></span> <span class='ocrx_word' id='word_1_410' title='bbox 2666 1018 2886 1073; x_wconf 76' lang='lat' dir='ltr'><strong>creditis</strong></span> <span class='ocrx_word' id='word_1_411' title='bbox 2911 1059 2926 1084; x_wconf 92' lang='lat'><strong>,</strong></span> <span class='ocrx_word' id='word_1_412' title='bbox 2953 1021 3237 1072; x_wconf 76' lang='lat' dir='ltr'><strong>credentes</strong></span> <span class='ocrx_word' id='word_1_413' title='bbox 3279 1032 3377 1071; x_wconf 84' lang='lat' dir='ltr'><strong>au-</strong></span> 
     </span>
    </p>
   </div>
   <div class='ocr_carea' id='block_1_54' title="bbox 1807 1109 3377 1182">
    <p class='ocr_par' dir='ltr' id='par_1_54' title="bbox 1807 1109 3377 1182">
     <span class='ocr_line' id='line_1_54' title="bbox 1807 1109 3377 1182; baseline -0.004 -13"><span class='ocrx_word' id='word_1_414' title='bbox 1807 1124 1911 1169; x_wconf 89' lang='lat' dir='ltr'><strong>tem</strong></span> <span class='ocrx_word' id='word_1_415' title='bbox 1961 1114 2245 1168; x_wconf 83' lang='lat' dir='ltr'><strong>exsultatis</strong></span> <span class='ocrx_word' id='word_1_416' title='bbox 2287 1114 2469 1167; x_wconf 68' lang='lat' dir='ltr'><strong>laetitia</strong></span> <span class='ocrx_word' id='word_1_417' title='bbox 2522 1111 2866 1166; x_wconf 89' lang='lat' dir='ltr'><strong>inenarrabili</strong></span> <span class='ocrx_word' id='word_1_418' title='bbox 2907 1110 3062 1182; x_wconf 66' lang='grc'><strong>142</strong></span> <span class='ocrx_word' id='word_1_419' title='bbox 3090 1119 3145 1164; x_wconf 91' lang='lat' dir='ltr'><strong>et</strong></span> <span class='ocrx_word' id='word_1_420' title='bbox 3176 1109 3377 1178; x_wconf 79' lang='lat' dir='ltr'><strong>gloriﬁ-</strong></span> 
     </span>
    </p>
   </div>
   <div class='ocr_carea' id='block_1_55' title="bbox 1804 1202 3379 1274">
    <p class='ocr_par' dir='ltr' id='par_1_55' title="bbox 1804 1202 3379 1274">
     <span class='ocr_line' id='line_1_55' title="bbox 1804 1202 3379 1274; baseline -0.004 -14"><span class='ocrx_word' id='word_1_421' title='bbox 1804 1215 1948 1267; x_wconf 86' lang='lat' dir='ltr'><strong>cata.</strong></span> <span class='ocrx_word' id='word_1_422' title='bbox 1981 1213 2319 1274; x_wconf 87' lang='lat' dir='ltr'><strong>reportantes</strong></span> <span class='ocrx_word' id='word_1_423' title='bbox 2349 1205 2506 1259; x_wconf 79' lang='lat' dir='ltr'><strong>linem</strong></span> <span class='ocrx_word' id='word_1_424' title='bbox 2537 1203 2656 1257; x_wconf 82' lang='lat' dir='ltr'><strong>ﬁdei</strong></span> <span class='ocrx_word' id='word_1_425' title='bbox 2687 1214 2899 1266; x_wconf 73' lang='lat' dir='ltr'><strong>vestrae,</strong></span> <span class='ocrx_word' id='word_1_426' title='bbox 2929 1203 3152 1256; x_wconf 85' lang='lat' dir='ltr'><strong>salutem</strong></span> <span class='ocrx_word' id='word_1_427' title='bbox 3179 1202 3379 1254; x_wconf 53' lang='lat' dir='ltr'><strong>anima.</strong></span> 
     </span>
    </p>
   </div>
   <div class='ocr_carea' id='block_1_56' title="bbox 1807 1292 3380 1361">
    <p class='ocr_par' dir='ltr' id='par_1_56' title="bbox 1807 1292 3380 1361">
     <span class='ocr_line' id='line_1_56' title="bbox 1807 1292 3380 1361; baseline -0.002 -14"><span class='ocrx_word' id='word_1_428' title='bbox 1807 1309 1924 1347; x_wconf 90' lang='lat' dir='ltr'><strong>rum</strong></span> <span class='ocrx_word' id='word_1_429' title='bbox 1961 1302 2282 1348; x_wconf 89' lang='lat' dir='ltr'><strong>vestrarum.</strong></span> <span class='ocrx_word' id='word_1_430' title='bbox 2340 1293 2412 1347; x_wconf 88' lang='lat' dir='ltr'><strong>De</strong></span> <span class='ocrx_word' id='word_1_431' title='bbox 2437 1308 2539 1361; x_wconf 88' lang='lat' dir='ltr'><strong>qua</strong></span> <span class='ocrx_word' id='word_1_432' title='bbox 2565 1293 2790 1348; x_wconf 84' lang='lat' dir='ltr'><strong>salutem</strong></span> <span class='ocrx_word' id='word_1_433' title='bbox 2821 1292 3193 1361; x_wconf 80' lang='lat' dir='ltr'><strong>exquisierunt</strong></span> <span class='ocrx_word' id='word_1_434' title='bbox 3217 1299 3380 1358; x_wconf 87' lang='lat' dir='ltr'><strong>atque</strong></span> 
     </span>
    </p>
   </div>
   <div class='ocr_carea' id='block_1_57' title="bbox 1805 1380 3379 1453">
    <p class='ocr_par' dir='ltr' id='par_1_57' title="bbox 1805 1380 3379 1453">
     <span class='ocr_line' id='line_1_57' title="bbox 1805 1380 3379 1453; baseline -0.003 -15"><span class='ocrx_word' id='word_1_435' title='bbox 1805 1385 2030 1438; x_wconf 86' lang='lat' dir='ltr'><strong>scrutati</strong></span> <span class='ocrx_word' id='word_1_436' title='bbox 2094 1392 2220 1438; x_wconf 90' lang='lat' dir='ltr'><strong>sunt</strong></span> <span class='ocrx_word' id='word_1_437' title='bbox 2276 1385 2588 1453; x_wconf 69' lang='lat' dir='ltr'><strong>praphetae.</strong></span> <span class='ocrx_word' id='word_1_438' title='bbox 2624 1383 2714 1452; x_wconf 90' lang='lat' dir='ltr'><strong>qui</strong></span> <span class='ocrx_word' id='word_1_439' title='bbox 2764 1383 2829 1436; x_wconf 92' lang='lat' dir='ltr'><strong>de</strong></span> <span class='ocrx_word' id='word_1_440' title='bbox 2890 1383 3067 1435; x_wconf 78' lang='lat' dir='ltr'><strong>futura</strong></span> <span class='ocrx_word' id='word_1_441' title='bbox 3123 1383 3176 1435; x_wconf 91' lang='lat' dir='ltr'><strong>in</strong></span> <span class='ocrx_word' id='word_1_442' title='bbox 3227 1380 3379 1434; x_wconf 83' lang='lat' dir='ltr'><strong>vobis</strong></span> 
     </span>
    </p>
   </div>
   <div class='ocr_carea' id='block_1_58' title="bbox 1807 1471 3380 1544">
    <p class='ocr_par' dir='ltr' id='par_1_58' title="bbox 1807 1471 3380 1544">
     <span class='ocr_line' id='line_1_58' title="bbox 1807 1471 3380 1544; baseline -0.002 -17"><span class='ocrx_word' id='word_1_443' title='bbox 1807 1475 1977 1544; x_wconf 86' lang='lat' dir='ltr'><strong>gratia</strong></span> <span class='ocrx_word' id='word_1_444' title='bbox 2042 1475 2504 1544; x_wconf 89' lang='lat' dir='ltr'><strong>prophetaverunt</strong></span> <span class='ocrx_word' id='word_1_445' title='bbox 2553 1491 2566 1538; x_wconf 91' lang='lat'><strong>;</strong></span> <span class='ocrx_word' id='word_1_446' title='bbox 2623 1482 2924 1528; x_wconf 86' lang='lat' dir='ltr'><strong>scrutantes</strong></span> <span class='ocrx_word' id='word_1_447' title='bbox 2975 1471 3028 1525; x_wconf 91' lang='lat' dir='ltr'><strong>in</strong></span> <span class='ocrx_word' id='word_1_448' title='bbox 3085 1471 3229 1540; x_wconf 87' lang='lat' dir='ltr'><strong>quod</strong></span> <span class='ocrx_word' id='word_1_449' title='bbox 3295 1471 3380 1524; x_wconf 91' lang='lat' dir='ltr'><strong>vel</strong></span> 
     </span>
    </p>
   </div>
   <div class='ocr_carea' id='block_1_59' title="bbox 1805 1560 3379 1632">
    <p class='ocr_par' dir='ltr' id='par_1_59' title="bbox 1805 1560 3379 1632">
     <span class='ocr_line' id='line_1_59' title="bbox 1805 1560 3379 1632; baseline -0.002 -16"><span class='ocrx_word' id='word_1_450' title='bbox 1805 1563 1963 1631; x_wconf 84' lang='lat' dir='ltr'><strong>quale</strong></span> <span class='ocrx_word' id='word_1_451' title='bbox 2010 1572 2220 1632; x_wconf 88' lang='lat' dir='ltr'><strong>tempus</strong></span> <span class='ocrx_word' id='word_1_452' title='bbox 2271 1562 2602 1632; x_wconf 80' lang='lat' dir='ltr'><strong>signiﬁcaret</strong></span> <span class='ocrx_word' id='word_1_453' title='bbox 2648 1563 2700 1615; x_wconf 92' lang='lat' dir='ltr'><strong>in</strong></span> <span class='ocrx_word' id='word_1_454' title='bbox 2741 1562 2820 1616; x_wconf 91' lang='lat' dir='ltr'><strong>eis</strong></span> <span class='ocrx_word' id='word_1_455' title='bbox 2866 1560 3098 1629; x_wconf 88' lang='lat' dir='ltr'><strong>Spiritus</strong></span> <span class='ocrx_word' id='word_1_456' title='bbox 3153 1560 3379 1623; x_wconf 87' lang='lat' dir='ltr'><strong>Christi,</strong></span> 
     </span>
    </p>
   </div>
   <div class='ocr_carea' id='block_1_60' title="bbox 1806 1652 3383 1722">
    <p class='ocr_par' dir='ltr' id='par_1_60' title="bbox 1806 1652 3383 1722">
     <span class='ocr_line' id='line_1_60' title="bbox 1806 1652 3383 1722; baseline -0.001 -17"><span class='ocrx_word' id='word_1_457' title='bbox 1806 1653 2177 1720; x_wconf 86' lang='lat' dir='ltr'><strong>praenuntians</strong></span> <span class='ocrx_word' id='word_1_458' title='bbox 2216 1667 2277 1707; x_wconf 90' lang='lat' dir='ltr'><strong>ea</strong></span> <span class='ocrx_word' id='word_1_459' title='bbox 2313 1667 2431 1722; x_wconf 87' lang='lat' dir='ltr'><strong>quae</strong></span> <span class='ocrx_word' id='word_1_460' title='bbox 2461 1653 2512 1705; x_wconf 94' lang='lat' dir='ltr'><strong>in</strong></span> <span class='ocrx_word' id='word_1_461' title='bbox 2565 1652 2781 1706; x_wconf 87' lang='lat' dir='ltr'><strong>Christo</strong></span> <span class='ocrx_word' id='word_1_462' title='bbox 2827 1662 2960 1706; x_wconf 90' lang='lat' dir='ltr'><strong>sunt</strong></span> <span class='ocrx_word' id='word_1_463' title='bbox 3005 1653 3283 1720; x_wconf 88' lang='lat' dir='ltr'><strong>passiones</strong></span> <span class='ocrx_word' id='word_1_464' title='bbox 3326 1658 3383 1704; x_wconf 89' lang='lat' dir='ltr'><strong>et</strong></span> 
     </span>
    </p>
   </div>
   <div class='ocr_carea' id='block_1_61' title="bbox 1806 1743 3380 1814">
    <p class='ocr_par' dir='ltr' id='par_1_61' title="bbox 1806 1743 3380 1814">
     <span class='ocr_line' id='line_1_61' title="bbox 1806 1743 3380 1814; baseline -0.001 -18"><span class='ocrx_word' id='word_1_465' title='bbox 1806 1745 2134 1812; x_wconf 88' lang='lat' dir='ltr'><strong>posteriores</strong></span> <span class='ocrx_word' id='word_1_466' title='bbox 2159 1743 2356 1814; x_wconf 79' lang='lat' dir='ltr'><strong>glorias</strong></span> <span class='ocrx_word' id='word_1_467' title='bbox 2391 1761 2405 1810; x_wconf 89' lang='lat'><strong>;</strong></span> <span class='ocrx_word' id='word_1_468' title='bbox 2439 1743 2631 1811; x_wconf 83' lang='lat' dir='ltr'><strong>quibus</strong></span> <span class='ocrx_word' id='word_1_469' title='bbox 2664 1743 2958 1796; x_wconf 89' lang='lat' dir='ltr'><strong>revelatum</strong></span> <span class='ocrx_word' id='word_1_470' title='bbox 2990 1753 3092 1807; x_wconf 88' lang='lat' dir='ltr'><strong>est,</strong></span> <span class='ocrx_word' id='word_1_471' title='bbox 3121 1743 3244 1810; x_wconf 85' lang='lat' dir='ltr'><strong>quia</strong></span> <span class='ocrx_word' id='word_1_472' title='bbox 3275 1757 3380 1797; x_wconf 90' lang='lat' dir='ltr'><strong>non</strong></span> 
     </span>
    </p>
   </div>
   <div class='ocr_carea' id='block_1_62' title="bbox 1807 1831 3381 1901">
    <p class='ocr_par' dir='ltr' id='par_1_62' title="bbox 1807 1831 3381 1901">
     <span class='ocr_line' id='line_1_62' title="bbox 1807 1831 3381 1901; baseline -0.001 -17"><span class='ocrx_word' id='word_1_473' title='bbox 1807 1833 2178 1901; x_wconf 87' lang='lat' dir='ltr'><strong>sibimetipsis,</strong></span> <span class='ocrx_word' id='word_1_474' title='bbox 2207 1833 2363 1886; x_wconf 91' lang='lat' dir='ltr'><strong>nobis</strong></span> <span class='ocrx_word' id='word_1_475' title='bbox 2389 1841 2564 1885; x_wconf 90' lang='lat' dir='ltr'><strong>autem</strong></span> <span class='ocrx_word' id='word_1_476' title='bbox 2599 1831 2976 1885; x_wconf 82' lang='lat' dir='ltr'><strong>ministrabant</strong></span> <span class='ocrx_word' id='word_1_477' title='bbox 3005 1846 3065 1884; x_wconf 89' lang='lat' dir='ltr'><strong>ea</strong></span> <span class='ocrx_word' id='word_1_478' title='bbox 3093 1847 3213 1900; x_wconf 69' lang='lat' dir='ltr'><strong>quae</strong></span> <span class='ocrx_word' id='word_1_479' title='bbox 3237 1846 3381 1885; x_wconf 89' lang='lat' dir='ltr'><strong>nunc</strong></span> 
     </span>
    </p>
   </div>
   <div class='ocr_carea' id='block_1_63' title="bbox 1808 1921 3383 1991">
    <p class='ocr_par' dir='ltr' id='par_1_63' title="bbox 1808 1921 3383 1991">
     <span class='ocr_line' id='line_1_63' title="bbox 1808 1921 3383 1991; baseline -0.001 -14"><span class='ocrx_word' id='word_1_480' title='bbox 1808 1922 1960 1978; x_wconf 82' lang='lat' dir='ltr'><strong>vobis</strong></span> <span class='ocrx_word' id='word_1_481' title='bbox 2013 1924 2255 1976; x_wconf 90' lang='lat' dir='ltr'><strong>nuntiata</strong></span> <span class='ocrx_word' id='word_1_482' title='bbox 2290 1931 2413 1976; x_wconf 93' lang='lat' dir='ltr'><strong>sunt</strong></span> <span class='ocrx_word' id='word_1_483' title='bbox 2448 1938 2544 1990; x_wconf 85' lang='lat' dir='ltr'><strong>per</strong></span> <span class='ocrx_word' id='word_1_484' title='bbox 2591 1936 2686 1976; x_wconf 91' lang='lat' dir='ltr'><strong>eos</strong></span> <span class='ocrx_word' id='word_1_485' title='bbox 2740 1922 2828 1990; x_wconf 87' lang='lat' dir='ltr'><strong>qui</strong></span> <span class='ocrx_word' id='word_1_486' title='bbox 2865 1921 3383 1991; x_wconf 82' lang='lat' dir='ltr'><strong>evangelizaverunt</strong></span> 
     </span>
    </p>
   </div>
   <div class='ocr_carea' id='block_1_64' title="bbox 1808 2012 3382 2082">
    <p class='ocr_par' dir='ltr' id='par_1_64' title="bbox 1808 2012 3382 2082">
     <span class='ocr_line' id='line_1_64' title="bbox 1808 2012 3382 2082; baseline 0.001 -16"><span class='ocrx_word' id='word_1_487' title='bbox 1808 2013 1961 2068; x_wconf 86' lang='lat' dir='ltr'><strong>vobis</strong></span> <span class='ocrx_word' id='word_1_488' title='bbox 1990 2012 2192 2082; x_wconf 89' lang='lat' dir='ltr'><strong>Spiritu</strong></span> <span class='ocrx_word' id='word_1_489' title='bbox 2227 2022 2412 2068; x_wconf 87' lang='lat' dir='ltr'><strong>sancto</strong></span> <span class='ocrx_word' id='word_1_490' title='bbox 2447 2014 2614 2067; x_wconf 91' lang='lat' dir='ltr'><strong>misso</strong></span> <span class='ocrx_word' id='word_1_491' title='bbox 2640 2013 2704 2067; x_wconf 89' lang='lat' dir='ltr'><strong>de</strong></span> <span class='ocrx_word' id='word_1_492' title='bbox 2736 2013 2895 2078; x_wconf 68' lang='lat' dir='ltr'><strong>cmlo,</strong></span> <span class='ocrx_word' id='word_1_493' title='bbox 2921 2014 2973 2067; x_wconf 91' lang='lat' dir='ltr'><strong>in</strong></span> <span class='ocrx_word' id='word_1_494' title='bbox 3009 2028 3129 2082; x_wconf 70' lang='lat' dir='ltr'><strong>qua:</strong></span> <span class='ocrx_word' id='word_1_495' title='bbox 3166 2012 3382 2068; x_wconf 83' lang='lat' dir='ltr'><strong>deside-</strong></span> 
     </span>
    </p>
   </div>
   <div class='ocr_carea' id='block_1_65' title="bbox 1809 2103 3384 2175">
    <p class='ocr_par' dir='ltr' id='par_1_65' title="bbox 1809 2103 3384 2175">
     <span class='ocr_line' id='line_1_65' title="bbox 1809 2103 3384 2175; baseline 0.001 -17"><span class='ocrx_word' id='word_1_496' title='bbox 1809 2115 1930 2158; x_wconf 89' lang='lat' dir='ltr'><strong>rant</strong></span> <span class='ocrx_word' id='word_1_497' title='bbox 1951 2105 2124 2175; x_wconf 83' lang='lat' dir='ltr'><strong>angeli</strong></span> <span class='ocrx_word' id='word_1_498' title='bbox 2158 2105 2464 2174; x_wconf 88' lang='lat' dir='ltr'><strong>prospicere</strong></span> <span class='ocrx_word' id='word_1_499' title='bbox 2491 2103 2553 2156; x_wconf 64' lang='grc' dir='ltr'><strong>ει.</strong></span> <span class='ocrx_word' id='word_1_500' title='bbox 2599 2122 2616 2153; x_wconf 76' lang='grc' dir='ltr'><strong>ι</strong></span> <span class='ocrx_word' id='word_1_501' title='bbox 2650 2104 2817 2156; x_wconf 83' lang='lat' dir='ltr'><strong>Audis</strong></span> <span class='ocrx_word' id='word_1_502' title='bbox 2843 2114 2894 2156; x_wconf 93' lang='lat' dir='ltr'><strong>ut</strong></span> <span class='ocrx_word' id='word_1_503' title='bbox 2927 2104 3158 2172; x_wconf 88' lang='lat' dir='ltr'><strong>Spiritus</strong></span> <span class='ocrx_word' id='word_1_504' title='bbox 3180 2104 3384 2159; x_wconf 88' lang='lat' dir='ltr'><strong>Christi</strong></span> 
     </span>
    </p>
   </div>
   <div class='ocr_carea' id='block_1_66' title="bbox 1810 2195 3386 2266">
    <p class='ocr_par' dir='ltr' id='par_1_66' title="bbox 1810 2195 3386 2266">
     <span class='ocr_line' id='line_1_66' title="bbox 1810 2195 3386 2266; baseline 0.001 -16"><span class='ocrx_word' id='word_1_505' title='bbox 1810 2197 1862 2250; x_wconf 93' lang='lat' dir='ltr'><strong>in</strong></span> <span class='ocrx_word' id='word_1_506' title='bbox 1905 2197 2104 2251; x_wconf 87' lang='lat' dir='ltr'><strong>sanctis</strong></span> <span class='ocrx_word' id='word_1_507' title='bbox 2152 2197 2428 2266; x_wconf 87' lang='lat' dir='ltr'><strong>pr0phetis</strong></span> <span class='ocrx_word' id='word_1_508' title='bbox 2475 2196 2668 2259; x_wconf 82' lang='lat' dir='ltr'><strong>fuerit,</strong></span> <span class='ocrx_word' id='word_1_509' title='bbox 2704 2205 2868 2263; x_wconf 86' lang='lat' dir='ltr'><strong>utque</strong></span> <span class='ocrx_word' id='word_1_510' title='bbox 2911 2195 2984 2249; x_wconf 90' lang='lat' dir='ltr'><strong>illi</strong></span> <span class='ocrx_word' id='word_1_511' title='bbox 3034 2195 3386 2264; x_wconf 64' lang='lat' dir='ltr'><strong>praedixerint</strong></span> 
     </span>
    </p>
   </div>
   <div class='ocr_carea' id='block_1_67' title="bbox 1807 2285 3384 2356">
    <p class='ocr_par' dir='ltr' id='par_1_67' title="bbox 1807 2285 3384 2356">
     <span class='ocr_line' id='line_1_67' title="bbox 1807 2285 3384 2356; baseline -0.001 -14"><span class='ocrx_word' id='word_1_512' title='bbox 1807 2301 1902 2342; x_wconf 88' lang='lat' dir='ltr'><strong>eas</strong></span> <span class='ocrx_word' id='word_1_513' title='bbox 1954 2301 2072 2356; x_wconf 74' lang='lat' dir='ltr'><strong>qua:</strong></span> <span class='ocrx_word' id='word_1_514' title='bbox 2101 2286 2154 2340; x_wconf 88' lang='lat' dir='ltr'><strong>in</strong></span> <span class='ocrx_word' id='word_1_515' title='bbox 2200 2285 2416 2342; x_wconf 87' lang='lat' dir='ltr'><strong>Christo</strong></span> <span class='ocrx_word' id='word_1_516' title='bbox 2469 2294 2595 2341; x_wconf 92' lang='lat' dir='ltr'><strong>sunt</strong></span> <span class='ocrx_word' id='word_1_517' title='bbox 2653 2286 2932 2356; x_wconf 88' lang='lat' dir='ltr'><strong>passiones</strong></span> <span class='ocrx_word' id='word_1_518' title='bbox 2959 2295 3014 2340; x_wconf 91' lang='lat' dir='ltr'><strong>et</strong></span> <span class='ocrx_word' id='word_1_519' title='bbox 3051 2286 3384 2355; x_wconf 87' lang='lat' dir='ltr'><strong>posteriores</strong></span> 
     </span>
    </p>
   </div>
   <div class='ocr_carea' id='block_1_68' title="bbox 1808 2375 3384 2447">
    <p class='ocr_par' dir='ltr' id='par_1_68' title="bbox 1808 2375 3384 2447">
     <span class='ocr_line' id='line_1_68' title="bbox 1808 2375 3384 2447; baseline 0.001 -17"><span class='ocrx_word' id='word_1_520' title='bbox 1808 2377 2008 2446; x_wconf 78' lang='lat' dir='ltr'><strong>glorias</strong></span> <span class='ocrx_word' id='word_1_521' title='bbox 2041 2377 2062 2428; x_wconf 89' lang='lat'><strong>?</strong></span> <span class='ocrx_word' id='word_1_522' title='bbox 2092 2375 2242 2431; x_wconf 84' lang='lat' dir='ltr'><strong>itane</strong></span> <span class='ocrx_word' id='word_1_523' title='bbox 2275 2377 2425 2445; x_wconf 91' lang='lat' dir='ltr'><strong>quasi</strong></span> <span class='ocrx_word' id='word_1_524' title='bbox 2455 2376 2726 2432; x_wconf 90' lang='lat' dir='ltr'><strong>hominem</strong></span> <span class='ocrx_word' id='word_1_525' title='bbox 2765 2377 3062 2446; x_wconf 88' lang='lat' dir='ltr'><strong>simplicem</strong></span> <span class='ocrx_word' id='word_1_526' title='bbox 3104 2393 3202 2447; x_wconf 92' lang='lat' dir='ltr'><strong>pro</strong></span> <span class='ocrx_word' id='word_1_527' title='bbox 3229 2378 3384 2432; x_wconf 89' lang='lat' dir='ltr'><strong>nobis</strong></span> 
     </span>
    </p>
   </div>
   <div class='ocr_carea' id='block_1_69' title="bbox 1809 2468 3385 2540">
    <p class='ocr_par' dir='ltr' id='par_1_69' title="bbox 1809 2468 3385 2540">
     <span class='ocr_line' id='line_1_69' title="bbox 1809 2468 3385 2540; baseline 0.003 -20"><span class='ocrx_word' id='word_1_528' title='bbox 1809 2484 2024 2536; x_wconf 86' lang='lat' dir='ltr'><strong>passum</strong></span> <span class='ocrx_word' id='word_1_529' title='bbox 2049 2469 2166 2523; x_wconf 93' lang='lat' dir='ltr'><strong>orbi</strong></span> <span class='ocrx_word' id='word_1_530' title='bbox 2207 2468 2562 2537; x_wconf 64' lang='lat' dir='ltr'><strong>praedicarent</strong></span> <span class='ocrx_word' id='word_1_531' title='bbox 2589 2469 2612 2521; x_wconf 65' lang='grc' dir='ltr'><strong>ί</strong></span> <span class='ocrx_word' id='word_1_532' title='bbox 2639 2469 2795 2537; x_wconf 86' lang='lat' dir='ltr'><strong>idque</strong></span> <span class='ocrx_word' id='word_1_533' title='bbox 2828 2479 2912 2524; x_wconf 92' lang='lat' dir='ltr'><strong>est</strong></span> <span class='ocrx_word' id='word_1_534' title='bbox 2938 2470 3252 2540; x_wconf 85' lang='lat' dir='ltr'><strong>mysterium</strong></span> <span class='ocrx_word' id='word_1_535' title='bbox 3286 2484 3385 2539; x_wconf 88' lang='lat' dir='ltr'><strong>per</strong></span> 
     </span>
    </p>
   </div>
   <div class='ocr_carea' id='block_1_70' title="bbox 1811 2558 3384 2629">
    <p class='ocr_par' dir='ltr' id='par_1_70' title="bbox 1811 2558 3384 2629">
     <span class='ocr_line' id='line_1_70' title="bbox 1811 2558 3384 2629; baseline 0.002 -17"><span class='ocrx_word' id='word_1_536' title='bbox 1811 2569 2028 2613; x_wconf 82' lang='lat' dir='ltr'><strong>sanctos</strong></span> <span class='ocrx_word' id='word_1_537' title='bbox 2073 2558 2342 2627; x_wconf 85' lang='lat' dir='ltr'><strong>apostolos</strong></span> <span class='ocrx_word' id='word_1_538' title='bbox 2373 2566 2426 2613; x_wconf 91' lang='lat' dir='ltr'><strong>et</strong></span> <span class='ocrx_word' id='word_1_539' title='bbox 2459 2559 2815 2629; x_wconf 85' lang='lat' dir='ltr'><strong>evangelistas</strong></span> <span class='ocrx_word' id='word_1_540' title='bbox 2841 2560 2894 2613; x_wconf 89' lang='lat' dir='ltr'><strong>in</strong></span> <span class='ocrx_word' id='word_1_541' title='bbox 2926 2559 3031 2615; x_wconf 82' lang='lat' dir='ltr'><strong>[ide</strong></span> <span class='ocrx_word' id='word_1_542' title='bbox 3075 2561 3256 2615; x_wconf 89' lang='lat' dir='ltr'><strong>datum</strong></span> <span class='ocrx_word' id='word_1_543' title='bbox 3277 2601 3291 2624; x_wconf 88' lang='lat'><strong>,</strong></span> <span class='ocrx_word' id='word_1_544' title='bbox 3324 2571 3384 2615; x_wconf 87' lang='lat' dir='ltr'><strong>et</strong></span> 
     </span>
    </p>
   </div>
   <div class='ocr_carea' id='block_1_71' title="bbox 1813 2649 3383 2720">
    <p class='ocr_par' dir='ltr' id='par_1_71' title="bbox 1813 2649 3383 2720">
     <span class='ocr_line' id='line_1_71' title="bbox 1813 2649 3383 2720; baseline 0.001 -18"><span class='ocrx_word' id='word_1_545' title='bbox 1813 2650 1863 2702; x_wconf 92' lang='lat' dir='ltr'><strong>iu</strong></span> <span class='ocrx_word' id='word_1_546' title='bbox 1893 2651 2025 2712; x_wconf 68' lang='lat' dir='ltr'><strong>haec,</strong></span> <span class='ocrx_word' id='word_1_547' title='bbox 2053 2650 2223 2717; x_wconf 83' lang='lat' dir='ltr'><strong>inquit</strong></span> <span class='ocrx_word' id='word_1_548' title='bbox 2255 2649 2563 2703; x_wconf 87' lang='lat' dir='ltr'><strong>desiderare</strong></span> <span class='ocrx_word' id='word_1_549' title='bbox 2584 2649 2798 2718; x_wconf 75' lang='lat' dir='ltr'><strong>angelos</strong></span> <span class='ocrx_word' id='word_1_550' title='bbox 2827 2651 3136 2720; x_wconf 87' lang='lat' dir='ltr'><strong>prospicere</strong></span> <span class='ocrx_word' id='word_1_551' title='bbox 3161 2652 3185 2704; x_wconf 89' lang='lat'><strong>?</strong></span> <span class='ocrx_word' id='word_1_552' title='bbox 3217 2650 3383 2720; x_wconf 88' lang='lat' dir='ltr'><strong>Atqui</strong></span> 
     </span>
    </p>
   </div>
   <div class='ocr_carea' id='block_1_72' title="bbox 1811 2739 3385 2812">
    <p class='ocr_par' dir='ltr' id='par_1_72' title="bbox 1811 2739 3385 2812">
     <span class='ocr_line' id='line_1_72' title="bbox 1811 2739 3385 2812; baseline 0.004 -22"><span class='ocrx_word' id='word_1_553' title='bbox 1811 2740 2078 2805; x_wconf 86' lang='lat' dir='ltr'><strong>quomodo</strong></span> <span class='ocrx_word' id='word_1_554' title='bbox 2103 2754 2205 2791; x_wconf 90' lang='lat' dir='ltr'><strong>non</strong></span> <span class='ocrx_word' id='word_1_555' title='bbox 2247 2739 2317 2792; x_wconf 90' lang='lat' dir='ltr'><strong>sit</strong></span> <span class='ocrx_word' id='word_1_556' title='bbox 2344 2739 2698 2804; x_wconf 88' lang='lat' dir='ltr'><strong>repudiandus</strong></span> <span class='ocrx_word' id='word_1_557' title='bbox 2724 2740 2813 2809; x_wconf 92' lang='lat' dir='ltr'><strong>qui</strong></span> <span class='ocrx_word' id='word_1_558' title='bbox 2850 2740 2954 2794; x_wconf 93' lang='lat' dir='ltr'><strong>vim</strong></span> <span class='ocrx_word' id='word_1_559' title='bbox 3003 2740 3137 2795; x_wconf 90' lang='lat' dir='ltr'><strong>tanti</strong></span> <span class='ocrx_word' id='word_1_560' title='bbox 3183 2750 3385 2812; x_wconf 85' lang='lat' dir='ltr'><strong>mystc-</strong></span> 
     </span>
    </p>
   </div>
   <div class='ocr_carea' id='block_1_73' title="bbox 1813 2827 3387 2887">
    <p class='ocr_par' dir='ltr' id='par_1_73' title="bbox 1813 2827 3387 2887">
     <span class='ocr_line' id='line_1_73' title="bbox 1813 2827 3387 2887; baseline 0.004 -7"><span class='ocrx_word' id='word_1_561' title='bbox 1813 2830 1874 2880; x_wconf 90' lang='lat' dir='ltr'><strong>rii</strong></span> <span class='ocrx_word' id='word_1_562' title='bbox 1896 2827 1947 2881; x_wconf 90' lang='lat' dir='ltr'><strong>in</strong></span> <span class='ocrx_word' id='word_1_563' title='bbox 1972 2827 2100 2883; x_wconf 92' lang='lat' dir='ltr'><strong>solis</strong></span> <span class='ocrx_word' id='word_1_564' title='bbox 2126 2827 2478 2881; x_wconf 84' lang='lat' dir='ltr'><strong>humanitatis</strong></span> <span class='ocrx_word' id='word_1_565' title='bbox 2502 2828 2746 2884; x_wconf 89' lang='lat' dir='ltr'><strong>terminis</strong></span> <span class='ocrx_word' id='word_1_566' title='bbox 2775 2830 3097 2886; x_wconf 88' lang='lat' dir='ltr'><strong>concludere</strong></span> <span class='ocrx_word' id='word_1_567' title='bbox 3117 2832 3387 2887; x_wconf 75' lang='lat' dir='ltr'><strong>conatur?</strong></span> 
     </span>
    </p>
   </div>
   <div class='ocr_carea' id='block_1_74' title="bbox 1811 2915 3383 2988">
    <p class='ocr_par' dir='ltr' id='par_1_74' title="bbox 1811 2915 3383 2988">
     <span class='ocr_line' id='line_1_74' title="bbox 1811 2915 3383 2988; baseline 0.003 -17"><span class='ocrx_word' id='word_1_568' title='bbox 1811 2918 1930 2988; x_wconf 91' lang='lat' dir='ltr'><strong>lpse</strong></span> <span class='ocrx_word' id='word_1_569' title='bbox 1957 2937 1976 2970; x_wconf 86' lang='grc'><strong>‹</strong></span> <span class='ocrx_word' id='word_1_570' title='bbox 2006 2919 2096 2988; x_wconf 91' lang='lat' dir='ltr'><strong>qui</strong></span> <span class='ocrx_word' id='word_1_571' title='bbox 2122 2919 2174 2972; x_wconf 92' lang='lat' dir='ltr'><strong>in</strong></span> <span class='ocrx_word' id='word_1_572' title='bbox 2211 2915 2386 2971; x_wconf 77' lang='lat' dir='ltr'><strong>forma</strong></span> <span class='ocrx_word' id='word_1_573' title='bbox 2411 2916 2502 2972; x_wconf 87' lang='lat' dir='ltr'><strong>Dei</strong></span> <span class='ocrx_word' id='word_1_574' title='bbox 2534 2926 2589 2972; x_wconf 91' lang='lat' dir='ltr'><strong>et</strong></span> <span class='ocrx_word' id='word_1_575' title='bbox 2609 2918 2783 2974; x_wconf 85' lang='lat' dir='ltr'><strong>Patris</strong></span> <span class='ocrx_word' id='word_1_576' title='bbox 2814 2930 2932 2974; x_wconf 90' lang='lat' dir='ltr'><strong>erat</strong></span> <span class='ocrx_word' id='word_1_577' title='bbox 2955 2921 3096 2976; x_wconf 87' lang='lat' dir='ltr'><strong>Deus</strong></span> <span class='ocrx_word' id='word_1_578' title='bbox 3121 2921 3383 2984; x_wconf 83' lang='lat' dir='ltr'><strong>Verbum,</strong></span> 
     </span>
    </p>
   </div>
   <div class='ocr_carea' id='block_1_75' title="bbox 1811 3011 3382 3082">
    <p class='ocr_par' dir='ltr' id='par_1_75' title="bbox 1811 3011 3382 3082">
     <span class='ocr_line' id='line_1_75' title="bbox 1811 3011 3382 3082; baseline 0 -18"><span class='ocrx_word' id='word_1_579' title='bbox 1811 3011 2104 3065; x_wconf 83' lang='lat' dir='ltr'><strong>exinanivit</strong></span> <span class='ocrx_word' id='word_1_580' title='bbox 2137 3013 2479 3082; x_wconf 85' lang='lat' dir='ltr'><strong>semetipsum</strong></span> <span class='ocrx_word' id='word_1_581' title='bbox 2505 3051 2518 3076; x_wconf 93' lang='lat'><strong>,</strong></span> <span class='ocrx_word' id='word_1_582' title='bbox 2543 3011 2770 3066; x_wconf 83' lang='lat' dir='ltr'><strong>formam</strong></span> <span class='ocrx_word' id='word_1_583' title='bbox 2808 3013 2948 3066; x_wconf 89' lang='lat' dir='ltr'><strong>servi</strong></span> <span class='ocrx_word' id='word_1_584' title='bbox 2973 3012 3240 3081; x_wconf 85' lang='lat' dir='ltr'><strong>accipiens</strong></span> <span class='ocrx_word' id='word_1_585' title='bbox 3261 3014 3326 3077; x_wconf 76' lang='grc' dir='ltr'><strong>ι’,</strong></span> <span class='ocrx_word' id='word_1_586' title='bbox 3363 3031 3382 3064; x_wconf 73' lang='grc' dir='ltr'><strong>ι</strong></span> 
     </span>
    </p>
   </div>
   <div class='ocr_carea' id='block_1_76' title="bbox 1813 3101 3390 3172">
    <p class='ocr_par' dir='ltr' id='par_1_76' title="bbox 1813 3101 3390 3172">
     <span class='ocr_line' id='line_1_76' title="bbox 1813 3101 3390 3172; baseline 0.001 -17"><span class='ocrx_word' id='word_1_587' title='bbox 1813 3111 1866 3155; x_wconf 91' lang='lat' dir='ltr'><strong>et</strong></span> <span class='ocrx_word' id='word_1_588' title='bbox 1906 3101 2048 3155; x_wconf 87' lang='lat' dir='ltr'><strong>illam</strong></span> <span class='ocrx_word' id='word_1_589' title='bbox 2083 3103 2378 3157; x_wconf 89' lang='lat' dir='ltr'><strong>secundum</strong></span> <span class='ocrx_word' id='word_1_590' title='bbox 2435 3117 2655 3158; x_wconf 91' lang='lat' dir='ltr'><strong>carnem</strong></span> <span class='ocrx_word' id='word_1_591' title='bbox 2687 3103 3023 3160; x_wconf 84' lang='lat' dir='ltr'><strong>nativitatem</strong></span> <span class='ocrx_word' id='word_1_592' title='bbox 3079 3104 3244 3159; x_wconf 88' lang='lat' dir='ltr'><strong>subiit</strong></span> <span class='ocrx_word' id='word_1_593' title='bbox 3291 3118 3390 3172; x_wconf 91' lang='lat' dir='ltr'><strong>pro</strong></span> 
     </span>
    </p>
   </div>
   <div class='ocr_carea' id='block_1_77' title="bbox 1815 3191 3386 3261">
    <p class='ocr_par' dir='ltr' id='par_1_77' title="bbox 1815 3191 3386 3261">
     <span class='ocr_line' id='line_1_77' title="bbox 1815 3191 3386 3261; baseline 0.003 -18"><span class='ocrx_word' id='word_1_594' title='bbox 1815 3191 2000 3252; x_wconf 87' lang='lat' dir='ltr'><strong>nobis,</strong></span> <span class='ocrx_word' id='word_1_595' title='bbox 2044 3192 2155 3257; x_wconf 89' lang='lat' dir='ltr'><strong>ipse</strong></span> <span class='ocrx_word' id='word_1_596' title='bbox 2198 3204 2386 3259; x_wconf 87' lang='lat' dir='ltr'><strong>passus</strong></span> <span class='ocrx_word' id='word_1_597' title='bbox 2436 3201 2519 3246; x_wconf 90' lang='lat' dir='ltr'><strong>est</strong></span> <span class='ocrx_word' id='word_1_598' title='bbox 2558 3206 2656 3260; x_wconf 92' lang='lat' dir='ltr'><strong>pro</strong></span> <span class='ocrx_word' id='word_1_599' title='bbox 2713 3191 2866 3246; x_wconf 89' lang='lat' dir='ltr'><strong>nobis</strong></span> <span class='ocrx_word' id='word_1_600' title='bbox 2925 3193 3138 3261; x_wconf 90' lang='lat' dir='ltr'><strong>propria</strong></span> <span class='ocrx_word' id='word_1_601' title='bbox 3187 3209 3386 3257; x_wconf 83' lang='lat' dir='ltr'><strong>carne,</strong></span> 
     </span>
    </p>
   </div>
   <div class='ocr_carea' id='block_1_78' title="bbox 1815 3280 3386 3346">
    <p class='ocr_par' dir='ltr' id='par_1_78' title="bbox 1815 3280 3386 3346">
     <span class='ocr_line' id='line_1_78' title="bbox 1815 3280 3386 3346; baseline -0.001 -11"><span class='ocrx_word' id='word_1_602' title='bbox 1815 3291 1869 3336; x_wconf 91' lang='lat' dir='ltr'><strong>et</strong></span> <span class='ocrx_word' id='word_1_603' title='bbox 1906 3282 2098 3336; x_wconf 90' lang='lat' dir='ltr'><strong>iterum</strong></span> <span class='ocrx_word' id='word_1_604' title='bbox 2143 3291 2201 3335; x_wconf 93' lang='lat' dir='ltr'><strong>ut</strong></span> <span class='ocrx_word' id='word_1_605' title='bbox 2237 3283 2379 3336; x_wconf 85' lang='lat' dir='ltr'><strong>Deus</strong></span> <span class='ocrx_word' id='word_1_606' title='bbox 2429 3280 2650 3346; x_wconf 85' lang='lat' dir='ltr'><strong>revixit,</strong></span> <span class='ocrx_word' id='word_1_607' title='bbox 2682 3283 2954 3336; x_wconf 88' lang='lat' dir='ltr'><strong>evacuatis</strong></span> <span class='ocrx_word' id='word_1_608' title='bbox 3006 3281 3214 3345; x_wconf 81' lang='lat' dir='ltr'><strong>inferis,</strong></span> <span class='ocrx_word' id='word_1_609' title='bbox 3265 3296 3386 3337; x_wconf 91' lang='lat' dir='ltr'><strong>cum</strong></span> 
     </span>
    </p>
   </div>
   <div class='ocr_carea' id='block_1_79' title="bbox 1813 3372 3390 3442">
    <p class='ocr_par' dir='ltr' id='par_1_79' title="bbox 1813 3372 3390 3442">
     <span class='ocr_line' id='line_1_79' title="bbox 1813 3372 3390 3442; baseline 0.001 -16"><span class='ocrx_word' id='word_1_610' title='bbox 1813 3373 2039 3427; x_wconf 80' lang='lat' dir='ltr'><strong>dixisset</strong></span> <span class='ocrx_word' id='word_1_611' title='bbox 2067 3390 2085 3422; x_wconf 74' lang='grc' dir='ltr'><strong>ι</strong></span> <span class='ocrx_word' id='word_1_612' title='bbox 2111 3372 2176 3426; x_wconf 92' lang='lat' dir='ltr'><strong>iis</strong></span> <span class='ocrx_word' id='word_1_613' title='bbox 2199 3373 2290 3442; x_wconf 90' lang='lat' dir='ltr'><strong>qui</strong></span> <span class='ocrx_word' id='word_1_614' title='bbox 2318 3373 2370 3426; x_wconf 90' lang='lat' dir='ltr'><strong>in</strong></span> <span class='ocrx_word' id='word_1_615' title='bbox 2398 3372 2624 3428; x_wconf 84' lang='lat' dir='ltr'><strong>vinculis</strong></span> <span class='ocrx_word' id='word_1_616' title='bbox 2652 3381 2808 3426; x_wconf 89' lang='lat' dir='ltr'><strong>erant</strong></span> <span class='ocrx_word' id='word_1_617' title='bbox 2836 3389 2850 3426; x_wconf 91' lang='lat'><strong>:</strong></span> <span class='ocrx_word' id='word_1_618' title='bbox 2891 3372 3046 3428; x_wconf 82' lang='lat' dir='ltr'><strong>Exite</strong></span> <span class='ocrx_word' id='word_1_619' title='bbox 3075 3391 3090 3438; x_wconf 91' lang='lat'>;</span> <span class='ocrx_word' id='word_1_620' title='bbox 3128 3383 3181 3427; x_wconf 90' lang='lat' dir='ltr'><strong>et</strong></span> <span class='ocrx_word' id='word_1_621' title='bbox 3207 3374 3273 3428; x_wconf 92' lang='lat' dir='ltr'><strong>iis</strong></span> <span class='ocrx_word' id='word_1_622' title='bbox 3297 3375 3390 3442; x_wconf 91' lang='lat' dir='ltr'><strong>qui</strong></span> 
     </span>
    </p>
   </div>
   <div class='ocr_carea' id='block_1_80' title="bbox 1815 3461 3392 3532">
    <p class='ocr_par' dir='ltr' id='par_1_80' title="bbox 1815 3461 3392 3532">
     <span class='ocr_line' id='line_1_80' title="bbox 1815 3461 3392 3532; baseline 0.001 -15"><span class='ocrx_word' id='word_1_623' title='bbox 1815 3463 1870 3517; x_wconf 92' lang='lat' dir='ltr'><strong>in</strong></span> <span class='ocrx_word' id='word_1_624' title='bbox 1905 3462 2142 3517; x_wconf 89' lang='lat' dir='ltr'><strong>tenebris</strong></span> <span class='ocrx_word' id='word_1_625' title='bbox 2166 3472 2320 3516; x_wconf 87' lang='lat' dir='ltr'><strong>erant</strong></span> <span class='ocrx_word' id='word_1_626' title='bbox 2352 3481 2364 3516; x_wconf 89' lang='lat'><strong>:</strong></span> <span class='ocrx_word' id='word_1_627' title='bbox 2400 3461 2733 3516; x_wconf 78' lang='lat' dir='ltr'><strong>Revelamini</strong></span> <span class='ocrx_word' id='word_1_628' title='bbox 2758 3464 2821 3517; x_wconf 70' lang='grc'><strong>’³.</strong></span> <span class='ocrx_word' id='word_1_629' title='bbox 2862 3481 2880 3514; x_wconf 70' lang='grc' dir='ltr'><strong>ι</strong></span> <span class='ocrx_word' id='word_1_630' title='bbox 2909 3462 3018 3517; x_wconf 89' lang='lat' dir='ltr'><strong>Cur</strong></span> <span class='ocrx_word' id='word_1_631' title='bbox 3045 3464 3207 3532; x_wconf 80' lang='lat' dir='ltr'><strong>igitur</strong></span> <span class='ocrx_word' id='word_1_632' title='bbox 3237 3479 3392 3518; x_wconf 86' lang='lat' dir='ltr'><strong>ever-</strong></span> 
     </span>
    </p>
   </div>
   <div class='ocr_carea' id='block_1_81' title="bbox 1817 3555 3392 3624">
    <p class='ocr_par' dir='ltr' id='par_1_81' title="bbox 1817 3555 3392 3624">
     <span class='ocr_line' id='line_1_81' title="bbox 1817 3555 3392 3624; baseline -0.001 -14"><span class='ocrx_word' id='word_1_633' title='bbox 1817 3564 1930 3610; x_wconf 87' lang='lat' dir='ltr'><strong>tere</strong></span> <span class='ocrx_word' id='word_1_634' title='bbox 1971 3556 2174 3609; x_wconf 90' lang='lat' dir='ltr'><strong>moliris</strong></span> <span class='ocrx_word' id='word_1_635' title='bbox 2225 3555 2674 3624; x_wconf 87' lang='lat' dir='ltr'><strong>dispensationem</strong></span> <span class='ocrx_word' id='word_1_636' title='bbox 2721 3556 2854 3609; x_wconf 86' lang='lat' dir='ltr'><strong>adeo</strong></span> <span class='ocrx_word' id='word_1_637' title='bbox 2899 3565 3179 3624; x_wconf 82' lang='lat' dir='ltr'><strong>augustam</strong></span> <span class='ocrx_word' id='word_1_638' title='bbox 3229 3563 3392 3624; x_wconf 89' lang='lat' dir='ltr'><strong>atque</strong></span> 
     </span>
    </p>
   </div>
   <div class='ocr_carea' id='block_1_82' title="bbox 1815 3643 3385 3714">
    <p class='ocr_par' dir='ltr' id='par_1_82' title="bbox 1815 3643 3385 3714">
     <span class='ocr_line' id='line_1_82' title="bbox 1815 3643 3385 3714; baseline -0.002 -15"><span class='ocrx_word' id='word_1_639' title='bbox 1815 3645 2185 3700; x_wconf 88' lang='lat' dir='ltr'><strong>admirabilem</strong></span> <span class='ocrx_word' id='word_1_640' title='bbox 2208 3683 2222 3708; x_wconf 92' lang='lat'><strong>,</strong></span> <span class='ocrx_word' id='word_1_641' title='bbox 2255 3660 2351 3714; x_wconf 91' lang='lat' dir='ltr'><strong>per</strong></span> <span class='ocrx_word' id='word_1_642' title='bbox 2380 3660 2540 3714; x_wconf 88' lang='lat' dir='ltr'><strong>quam</strong></span> <span class='ocrx_word' id='word_1_643' title='bbox 2578 3643 2709 3697; x_wconf 89' lang='lat' dir='ltr'><strong>salvi</strong></span> <span class='ocrx_word' id='word_1_644' title='bbox 2740 3643 2864 3697; x_wconf 80' lang='lat' dir='ltr'><strong>facti</strong></span> <span class='ocrx_word' id='word_1_645' title='bbox 2901 3658 3116 3707; x_wconf 89' lang='lat' dir='ltr'><strong>sumus,</strong></span> <span class='ocrx_word' id='word_1_646' title='bbox 3147 3651 3201 3697; x_wconf 91' lang='lat' dir='ltr'><strong>et</strong></span> <span class='ocrx_word' id='word_1_647' title='bbox 3229 3657 3385 3697; x_wconf 91' lang='lat' dir='ltr'><strong>omne</strong></span> 
     </span>
    </p>
   </div>
   <div class='ocr_carea' id='block_1_83' title="bbox 1816 3732 3382 3802">
    <p class='ocr_par' dir='ltr' id='par_1_83' title="bbox 1816 3732 3382 3802">
     <span class='ocr_line' id='line_1_83' title="bbox 1816 3732 3382 3802; baseline -0.001 -14"><span class='ocrx_word' id='word_1_648' title='bbox 1816 3733 2014 3788; x_wconf 91' lang='lat' dir='ltr'><strong>bonum</strong></span> <span class='ocrx_word' id='word_1_649' title='bbox 2067 3734 2395 3789; x_wconf 88' lang='lat' dir='ltr'><strong>consecuti?</strong></span> <span class='ocrx_word' id='word_1_650' title='bbox 2445 3733 2580 3799; x_wconf 87' lang='lat' dir='ltr'><strong>Quid</strong></span> <span class='ocrx_word' id='word_1_651' title='bbox 2635 3737 2776 3786; x_wconf 87' lang='lat' dir='ltr'><strong>enim</strong></span> <span class='ocrx_word' id='word_1_652' title='bbox 2832 3732 3000 3801; x_wconf 91' lang='lat' dir='ltr'><strong>ipsius</strong></span> <span class='ocrx_word' id='word_1_653' title='bbox 3047 3749 3149 3802; x_wconf 85' lang='lat' dir='ltr'><strong>0pc</strong></span> <span class='ocrx_word' id='word_1_654' title='bbox 3200 3734 3382 3788; x_wconf 89' lang='lat' dir='ltr'><strong>lucrati</strong></span> 
     </span>
    </p>
   </div>
   <div class='ocr_carea' id='block_1_84' title="bbox 1817 3822 3385 3894">
    <p class='ocr_par' dir='ltr' id='par_1_84' title="bbox 1817 3822 3385 3894">
     <span class='ocr_line' id='line_1_84' title="bbox 1817 3822 3385 3894; baseline -0.001 -15"><span class='ocrx_word' id='word_1_655' title='bbox 1817 3827 2004 3889; x_wconf 89' lang='lat' dir='ltr'><strong>simus,</strong></span> <span class='ocrx_word' id='word_1_656' title='bbox 2038 3826 2376 3894; x_wconf 86' lang='lat' dir='ltr'><strong>apertissime</strong></span> <span class='ocrx_word' id='word_1_657' title='bbox 2402 3839 2695 3894; x_wconf 79' lang='lat' dir='ltr'><strong>cognosces</strong></span> <span class='ocrx_word' id='word_1_658' title='bbox 2719 3839 2783 3878; x_wconf 74' lang='lat' dir='ltr'><strong>ex</strong></span> <span class='ocrx_word' id='word_1_659' title='bbox 2810 3824 2968 3878; x_wconf 90' lang='lat' dir='ltr'><strong>beato</strong></span> <span class='ocrx_word' id='word_1_660' title='bbox 2993 3822 3156 3878; x_wconf 86' lang='lat' dir='ltr'><strong>Paulo</strong></span> <span class='ocrx_word' id='word_1_661' title='bbox 3189 3825 3280 3893; x_wconf 91' lang='lat' dir='ltr'><strong>qui</strong></span> <span class='ocrx_word' id='word_1_662' title='bbox 3311 3825 3385 3879; x_wconf 88' lang='lat' dir='ltr'><strong>sic</strong></span> 
     </span>
    </p>
   </div>
   <div class='ocr_carea' id='block_1_85' title="bbox 1816 3916 3384 3986">
    <p class='ocr_par' dir='ltr' id='par_1_85' title="bbox 1816 3916 3384 3986">
     <span class='ocr_line' id='line_1_85' title="bbox 1816 3916 3384 3986; baseline -0.001 -15"><span class='ocrx_word' id='word_1_663' title='bbox 1816 3917 2032 3986; x_wconf 87' lang='lat' dir='ltr'><strong>scripsit</strong></span> <span class='ocrx_word' id='word_1_664' title='bbox 2065 3935 2078 3970; x_wconf 86' lang='lat'><strong>:</strong></span> <span class='ocrx_word' id='word_1_665' title='bbox 2117 3935 2135 3968; x_wconf 77' lang='grc' dir='ltr'><strong>ι</strong></span> <span class='ocrx_word' id='word_1_666' title='bbox 2176 3916 2240 3970; x_wconf 89' lang='lat' dir='ltr'><strong>Et</strong></span> <span class='ocrx_word' id='word_1_667' title='bbox 2263 3931 2360 3971; x_wconf 89' lang='lat' dir='ltr'><strong>nos</strong></span> <span class='ocrx_word' id='word_1_668' title='bbox 2389 3932 2509 3971; x_wconf 90' lang='lat' dir='ltr'><strong>cum</strong></span> <span class='ocrx_word' id='word_1_669' title='bbox 2543 3932 2784 3970; x_wconf 85' lang='lat' dir='ltr'><strong>essemus</strong></span> <span class='ocrx_word' id='word_1_670' title='bbox 2824 3917 3071 3981; x_wconf 79' lang='lat' dir='ltr'><strong>alienati,</strong></span> <span class='ocrx_word' id='word_1_671' title='bbox 3098 3927 3151 3970; x_wconf 92' lang='lat' dir='ltr'><strong>et</strong></span> <span class='ocrx_word' id='word_1_672' title='bbox 3187 3917 3384 3970; x_wconf 88' lang='lat' dir='ltr'><strong>inimici</strong></span> 
     </span>
    </p>
   </div>
   <div class='ocr_carea' id='block_1_86' title="bbox 1817 4006 3391 4076">
    <p class='ocr_par' dir='ltr' id='par_1_86' title="bbox 1817 4006 3391 4076">
     <span class='ocr_line' id='line_1_86' title="bbox 1817 4006 3391 4076; baseline -0.002 -14"><span class='ocrx_word' id='word_1_673' title='bbox 1817 4023 1999 4074; x_wconf 90' lang='lat' dir='ltr'><strong>sensu,</strong></span> <span class='ocrx_word' id='word_1_674' title='bbox 2036 4007 2086 4060; x_wconf 88' lang='lat' dir='ltr'><strong>in</strong></span> <span class='ocrx_word' id='word_1_675' title='bbox 2116 4008 2370 4076; x_wconf 84' lang='lat' dir='ltr'><strong>operibus</strong></span> <span class='ocrx_word' id='word_1_676' title='bbox 2399 4008 2553 4061; x_wconf 87' lang='lat' dir='ltr'><strong>malis</strong></span> <span class='ocrx_word' id='word_1_677' title='bbox 2578 4022 2595 4057; x_wconf 90' lang='lat'><strong><em>:</em></strong></span> <span class='ocrx_word' id='word_1_678' title='bbox 2627 4022 2767 4060; x_wconf 90' lang='lat' dir='ltr'><strong>nunc</strong></span> <span class='ocrx_word' id='word_1_679' title='bbox 2807 4017 2984 4060; x_wconf 84' lang='lat' dir='ltr'><strong>autem</strong></span> <span class='ocrx_word' id='word_1_680' title='bbox 3030 4006 3391 4062; x_wconf 77' lang='lat' dir='ltr'><strong>reconciliavit</strong></span> 
     </span>
    </p>
   </div>
   <div class='ocr_carea' id='block_1_87' title="bbox 1820 4095 3390 4164">
    <p class='ocr_par' dir='ltr' id='par_1_87' title="bbox 1820 4095 3390 4164">
     <span class='ocr_line' id='line_1_87' title="bbox 1820 4095 3390 4164; baseline 0.001 -16"><span class='ocrx_word' id='word_1_681' title='bbox 1820 4097 1871 4148; x_wconf 90' lang='lat' dir='ltr'><strong>in</strong></span> <span class='ocrx_word' id='word_1_682' title='bbox 1901 4111 2125 4164; x_wconf 90' lang='lat' dir='ltr'><strong>corpore</strong></span> <span class='ocrx_word' id='word_1_683' title='bbox 2148 4096 2328 4150; x_wconf 86' lang='lat' dir='ltr'><strong>carnis</strong></span> <span class='ocrx_word' id='word_1_684' title='bbox 2360 4111 2471 4150; x_wconf 79' lang='lat' dir='ltr'><strong>sua:</strong></span> <span class='ocrx_word' id='word_1_685' title='bbox 2500 4111 2595 4164; x_wconf 91' lang='lat' dir='ltr'><strong>per</strong></span> <span class='ocrx_word' id='word_1_686' title='bbox 2623 4105 2869 4161; x_wconf 89' lang='lat' dir='ltr'><strong>mortem,</strong></span> <span class='ocrx_word' id='word_1_687' title='bbox 2899 4105 2955 4149; x_wconf 91' lang='lat' dir='ltr'><strong>ut</strong></span> <span class='ocrx_word' id='word_1_688' title='bbox 2979 4095 3258 4150; x_wconf 80' lang='lat' dir='ltr'><strong>exhiberet</strong></span> <span class='ocrx_word' id='word_1_689' title='bbox 3296 4111 3390 4150; x_wconf 89' lang='lat' dir='ltr'><strong>nos</strong></span> 
     </span>
    </p>
   </div>
   <div class='ocr_carea' id='block_1_88' title="bbox 1818 4187 3390 4255">
    <p class='ocr_par' dir='ltr' id='par_1_88' title="bbox 1818 4187 3390 4255">
     <span class='ocr_line' id='line_1_88' title="bbox 1818 4187 3390 4255; baseline -0.001 -14"><span class='ocrx_word' id='word_1_690' title='bbox 1818 4195 2034 4241; x_wconf 87' lang='lat' dir='ltr'><strong>sanctos</strong></span> <span class='ocrx_word' id='word_1_691' title='bbox 2066 4198 2120 4242; x_wconf 89' lang='lat' dir='ltr'><strong>et</strong></span> <span class='ocrx_word' id='word_1_692' title='bbox 2166 4188 2537 4241; x_wconf 80' lang='lat' dir='ltr'><strong>immaculatos</strong></span> <span class='ocrx_word' id='word_1_693' title='bbox 2573 4197 2627 4241; x_wconf 89' lang='lat' dir='ltr'><strong>et</strong></span> <span class='ocrx_word' id='word_1_694' title='bbox 2664 4187 3166 4255; x_wconf 88' lang='lat' dir='ltr'><strong>irreprehensibilcs</strong></span> <span class='ocrx_word' id='word_1_695' title='bbox 3205 4201 3390 4241; x_wconf 90' lang='lat' dir='ltr'><strong>coram</strong></span> 
     </span>
    </p>
   </div>
   <div class='ocr_carea' id='block_1_89' title="bbox 1819 4277 3392 4348">
    <p class='ocr_par' dir='ltr' id='par_1_89' title="bbox 1819 4277 3392 4348">
     <span class='ocr_line' id='line_1_89' title="bbox 1819 4277 3392 4348; baseline -0.001 -13"><span class='ocrx_word' id='word_1_696' title='bbox 1819 4280 1934 4348; x_wconf 90' lang='lat' dir='ltr'><strong>ipso</strong></span> <span class='ocrx_word' id='word_1_697' title='bbox 1966 4299 1980 4335; x_wconf 90' lang='lat'><strong>:</strong></span> <span class='ocrx_word' id='word_1_698' title='bbox 2017 4280 2060 4334; x_wconf 87' lang='lat' dir='ltr'><strong>si</strong></span> <span class='ocrx_word' id='word_1_699' title='bbox 2096 4290 2271 4332; x_wconf 88' lang='lat' dir='ltr'><strong>tamen</strong></span> <span class='ocrx_word' id='word_1_700' title='bbox 2316 4279 2643 4345; x_wconf 89' lang='lat' dir='ltr'><strong>permanetis</strong></span> <span class='ocrx_word' id='word_1_701' title='bbox 2675 4279 2726 4332; x_wconf 92' lang='lat' dir='ltr'><strong>in</strong></span> <span class='ocrx_word' id='word_1_702' title='bbox 2768 4277 2868 4333; x_wconf 78' lang='lat' dir='ltr'><strong>fide</strong></span> <span class='ocrx_word' id='word_1_703' title='bbox 2898 4278 2963 4330; x_wconf 75' lang='lat'><strong>“.</strong></span> <span class='ocrx_word' id='word_1_704' title='bbox 3000 4297 3018 4328; x_wconf 74' lang='grc' dir='ltr'><strong>ι</strong></span> <span class='ocrx_word' id='word_1_705' title='bbox 3066 4278 3209 4346; x_wconf 84' lang='lat' dir='ltr'><strong>Ergo</strong></span> <span class='ocrx_word' id='word_1_706' title='bbox 3258 4278 3392 4333; x_wconf 81' lang='lat' dir='ltr'><strong>ﬁdes</strong></span> 
     </span>
    </p>
   </div>
   <div class='ocr_carea' id='block_1_90' title="bbox 1820 4368 3386 4439">
    <p class='ocr_par' dir='ltr' id='par_1_90' title="bbox 1820 4368 3386 4439">
     <span class='ocr_line' id='line_1_90' title="bbox 1820 4368 3386 4439; baseline 0.003 -20"><span class='ocrx_word' id='word_1_707' title='bbox 1820 4371 2034 4438; x_wconf 83' lang='lat' dir='ltr'><strong>quidem</strong></span> <span class='ocrx_word' id='word_1_708' title='bbox 2062 4371 2212 4437; x_wconf 76' lang='lat' dir='ltr'><strong>juvat</strong></span> <span class='ocrx_word' id='word_1_709' title='bbox 2238 4385 2330 4424; x_wconf 88' lang='lat' dir='ltr'><strong>eos</strong></span> <span class='ocrx_word' id='word_1_710' title='bbox 2375 4371 2466 4439; x_wconf 88' lang='lat' dir='ltr'><strong>qui</strong></span> <span class='ocrx_word' id='word_1_711' title='bbox 2502 4369 2643 4423; x_wconf 88' lang='lat' dir='ltr'><strong>illam</strong></span> <span class='ocrx_word' id='word_1_712' title='bbox 2695 4368 2900 4422; x_wconf 81' lang='lat' dir='ltr'><strong>ﬁrmam</strong></span> <span class='ocrx_word' id='word_1_713' title='bbox 2935 4383 3152 4424; x_wconf 84' lang='lat' dir='ltr'><strong>servare</strong></span> <span class='ocrx_word' id='word_1_714' title='bbox 3193 4378 3386 4424; x_wconf 49' lang='lat' dir='ltr'><strong>statue.</strong></span> 
     </span>
    </p>
   </div>
   <div class='ocr_carea' id='block_1_91' title="bbox 1822 4459 3390 4529">
    <p class='ocr_par' dir='ltr' id='par_1_91' title="bbox 1822 4459 3390 4529">
     <span class='ocr_line' id='line_1_91' title="bbox 1822 4459 3390 4529; baseline 0 -15"><span class='ocrx_word' id='word_1_715' title='bbox 1822 4463 1927 4514; x_wconf 89' lang='lat' dir='ltr'><strong>rint</strong></span> <span class='ocrx_word' id='word_1_716' title='bbox 1961 4479 1976 4525; x_wconf 85' lang='lat'><strong>;</strong></span> <span class='ocrx_word' id='word_1_717' title='bbox 2010 4463 2101 4515; x_wconf 89' lang='lat' dir='ltr'><strong>scd</strong></span> <span class='ocrx_word' id='word_1_718' title='bbox 2147 4463 2415 4529; x_wconf 90' lang='lat' dir='ltr'><strong>quomodo</strong></span> <span class='ocrx_word' id='word_1_719' title='bbox 2457 4461 2640 4529; x_wconf 85' lang='lat' dir='ltr'><strong>juvet,</strong></span> <span class='ocrx_word' id='word_1_720' title='bbox 2685 4460 2874 4514; x_wconf 86' lang='lat' dir='ltr'><strong>beatus</strong></span> <span class='ocrx_word' id='word_1_721' title='bbox 2907 4459 3145 4515; x_wconf 81' lang='lat' dir='ltr'><strong>Joannes</strong></span> <span class='ocrx_word' id='word_1_722' title='bbox 3200 4463 3390 4516; x_wconf 88' lang='lat' dir='ltr'><strong>asserit</strong></span> 
     </span>
    </p>
   </div>
   <div class='ocr_carea' id='block_1_92' title="bbox 169 4552 1719 4633">
    <p class='ocr_par' dir='ltr' id='par_1_92' title="bbox 169 4552 1715 4628">
     <span class='ocr_line' id='line_1_92' title="bbox 169 4552 1715 4628; baseline -0.002 -21"><span class='ocrx_word' id='word_1_723' title='bbox 169 4555 308 4627; x_wconf 79' lang='grc' dir='ltr'>αὑτήν</span> <span class='ocrx_word' id='word_1_724' title='bbox 350 4559 641 4628; x_wconf 78' lang='grc' dir='ltr'>ἑλομένους</span> <span class='ocrx_word' id='word_1_725' title='bbox 674 4557 858 4627; x_wconf 89' lang='grc' dir='ltr'>τηρεῖν</span> <span class='ocrx_word' id='word_1_726' title='bbox 883 4571 896 4584; x_wconf 85' lang='lat'><strong><em>°</em></strong></span> <span class='ocrx_word' id='word_1_727' title='bbox 928 4553 1134 4622; x_wconf 84' lang='grc' dir='ltr'>ὀνίνησι</span> <span class='ocrx_word' id='word_1_728' title='bbox 1167 4552 1222 4605; x_wconf 83' lang='grc' dir='ltr'>δὲ</span> <span class='ocrx_word' id='word_1_729' title='bbox 1266 4553 1406 4606; x_wconf 80' lang='grc' dir='ltr'><strong>κατά</strong></span> <span class='ocrx_word' id='word_1_730' title='bbox 1442 4552 1560 4605; x_wconf 90' lang='grc' dir='ltr'>τίνα</span> <span class='ocrx_word' id='word_1_731' title='bbox 1590 4554 1715 4622; x_wconf 86' lang='grc' dir='ltr'>τρό-</span> 
     </span>
    </p>
   </div>
   <div class='ocr_carea' id='block_1_93' title="bbox 1812 4552 3393 4633">
    <p class='ocr_par' dir='ltr' id='par_1_93' title="bbox 1823 4553 3393 4621">
     <span class='ocr_line' id='line_1_93' title="bbox 1823 4553 3393 4621; baseline -0.001 -15"><span class='ocrx_word' id='word_1_732' title='bbox 1823 4568 1943 4606; x_wconf 89' lang='lat' dir='ltr'><strong>cum</strong></span> <span class='ocrx_word' id='word_1_733' title='bbox 1993 4553 2168 4608; x_wconf 83' lang='lat' dir='ltr'><strong>dicit:</strong></span> <span class='ocrx_word' id='word_1_734' title='bbox 2204 4571 2222 4604; x_wconf 85' lang='lat'><strong>(</strong></span> <span class='ocrx_word' id='word_1_735' title='bbox 2252 4553 2384 4618; x_wconf 86' lang='lat' dir='ltr'><strong>Quis</strong></span> <span class='ocrx_word' id='word_1_736' title='bbox 2428 4562 2608 4606; x_wconf 78' lang='lat' dir='ltr'><strong>autem</strong></span> <span class='ocrx_word' id='word_1_737' title='bbox 2648 4564 2730 4606; x_wconf 87' lang='lat' dir='ltr'><strong>est</strong></span> <span class='ocrx_word' id='word_1_738' title='bbox 2767 4553 2856 4621; x_wconf 88' lang='lat' dir='ltr'><strong>qui</strong></span> <span class='ocrx_word' id='word_1_739' title='bbox 2903 4553 3072 4605; x_wconf 88' lang='lat' dir='ltr'><strong>vincit</strong></span> <span class='ocrx_word' id='word_1_740' title='bbox 3112 4553 3393 4616; x_wconf 88' lang='lat' dir='ltr'><strong>mundum,</strong></span> 
     </span>
    </p>
   </div>
   <div class='ocr_carea' id='block_1_94' title="bbox 170 4641 1711 4713">
    <p class='ocr_par' dir='ltr' id='par_1_94' title="bbox 170 4641 1711 4713">
     <span class='ocr_line' id='line_1_94' title="bbox 170 4641 1711 4713; baseline 0.003 -22"><span class='ocrx_word' id='word_1_741' title='bbox 170 4657 268 4705; x_wconf 80' lang='grc' dir='ltr'>πον,</span> <span class='ocrx_word' id='word_1_742' title='bbox 290 4647 314 4696; x_wconf 78' lang='grc' dir='ltr'><strong>ο</strong></span> <span class='ocrx_word' id='word_1_743' title='bbox 343 4647 620 4712; x_wconf 69' lang='grc' dir='ltr'>πάνσοφος</span> <span class='ocrx_word' id='word_1_744' title='bbox 647 4645 792 4713; x_wconf 73' lang='grc' dir='ltr'>ἡμᾶς</span> <span class='ocrx_word' id='word_1_745' title='bbox 831 4643 1082 4712; x_wconf 76' lang='grc' dir='ltr'>Ἰωάννης</span> <span class='ocrx_word' id='word_1_746' title='bbox 1116 4641 1469 4706; x_wconf 84' lang='grc' dir='ltr'>πιστώσεται,</span> <span class='ocrx_word' id='word_1_747' title='bbox 1507 4641 1679 4708; x_wconf 89' lang='grc' dir='ltr'>λέγων</span> <span class='ocrx_word' id='word_1_748' title='bbox 1698 4658 1711 4672; x_wconf 89' lang='grc'><strong>·</strong></span> 
     </span>
    </p>
   </div>
   <div class='ocr_carea' id='block_1_95' title="bbox 176 4732 1714 4802">
    <p class='ocr_par' dir='ltr' id='par_1_95' title="bbox 176 4732 1714 4802">
     <span class='ocr_line' id='line_1_95' title="bbox 176 4732 1714 4802; baseline 0.001 -18"><span class='ocrx_word' id='word_1_749' title='bbox 176 4749 189 4780; x_wconf 83' lang='lat' dir='ltr'><strong>t</strong></span> <span class='ocrx_word' id='word_1_750' title='bbox 214 4732 294 4795; x_wconf 80' lang='grc' dir='ltr'><strong>Τίς</strong></span> <span class='ocrx_word' id='word_1_751' title='bbox 321 4735 374 4788; x_wconf 81' lang='grc' dir='ltr'><strong>δέ</strong></span> <span class='ocrx_word' id='word_1_752' title='bbox 407 4737 497 4788; x_wconf 80' lang='grc' dir='ltr'><strong>ἐστ</strong></span> <span class='ocrx_word' id='word_1_753' title='bbox 511 4754 558 4787; x_wconf 89' lang='grc' dir='ltr'><strong>ιν</strong></span> <span class='ocrx_word' id='word_1_754' title='bbox 588 4736 616 4786; x_wconf 85' lang='grc' dir='ltr'><strong>ό</strong></span> <span class='ocrx_word' id='word_1_755' title='bbox 643 4733 806 4786; x_wconf 81' lang='grc' dir='ltr'>νικῶν</span> <span class='ocrx_word' id='word_1_756' title='bbox 831 4733 920 4786; x_wconf 67' lang='grc' dir='ltr'>τὸν</span> <span class='ocrx_word' id='word_1_757' title='bbox 950 4733 1171 4802; x_wconf 84' lang='grc' dir='ltr'>κόσμον,</span> <span class='ocrx_word' id='word_1_758' title='bbox 1202 4735 1248 4784; x_wconf 87' lang='grc' dir='ltr'><strong>εί</strong></span> <span class='ocrx_word' id='word_1_759' title='bbox 1282 4733 1356 4801; x_wconf 85' lang='grc' dir='ltr'><strong>μὴ</strong></span> <span class='ocrx_word' id='word_1_760' title='bbox 1384 4735 1411 4784; x_wconf 75' lang='grc' dir='ltr'>ὁ</span> <span class='ocrx_word' id='word_1_761' title='bbox 1443 4733 1714 4786; x_wconf 84' lang='grc' dir='ltr'>πιστεύων</span> 
     </span>
    </p>
   </div>
   <div class='ocr_carea' id='block_1_96' title="bbox 169 4817 1715 4894">
    <p class='ocr_par' dir='ltr' id='par_1_96' title="bbox 169 4817 1715 4894">
     <span class='ocr_line' id='line_1_96' title="bbox 169 4817 1715 4894; baseline 0.003 -24"><span class='ocrx_word' id='word_1_762' title='bbox 169 4821 233 4874; x_wconf 74' lang='grc' dir='ltr'>ὅτι</span> <span class='ocrx_word' id='word_1_763' title='bbox 263 4825 458 4894; x_wconf 86' lang='grc' dir='ltr'>Ἰησοῦς</span> <span class='ocrx_word' id='word_1_764' title='bbox 500 4827 654 4878; x_wconf 74' lang='grc' dir='ltr'>ἐστιν</span> <span class='ocrx_word' id='word_1_765' title='bbox 703 4825 730 4875; x_wconf 84' lang='grc' dir='ltr'><strong>ό</strong></span> <span class='ocrx_word' id='word_1_766' title='bbox 778 4824 902 4886; x_wconf 74' lang='grc' dir='ltr'>Υἱὸς</span> <span class='ocrx_word' id='word_1_767' title='bbox 947 4823 1040 4876; x_wconf 87' lang='grc' dir='ltr'><strong>τοῦ</strong></span> <span class='ocrx_word' id='word_1_768' title='bbox 1090 4822 1253 4888; x_wconf 85' lang='grc' dir='ltr'>Θεοῦ;</span> <span class='ocrx_word' id='word_1_769' title='bbox 1286 4817 1454 4886; x_wconf 73' lang='grc' dir='ltr'>Οὗτός</span> <span class='ocrx_word' id='word_1_770' title='bbox 1508 4825 1654 4876; x_wconf 80' lang='grc' dir='ltr'>ἐστιν</span> <span class='ocrx_word' id='word_1_771' title='bbox 1687 4825 1715 4875; x_wconf 88' lang='grc' dir='ltr'>ὁ</span> 
     </span>
    </p>
   </div>
   <div class='ocr_carea' id='block_1_97' title="bbox 169 4911 1716 4985">
    <p class='ocr_par' dir='ltr' id='par_1_97' title="bbox 169 4911 1716 4985">
     <span class='ocr_line' id='line_1_97' title="bbox 169 4911 1716 4985; baseline 0.004 -23"><span class='ocrx_word' id='word_1_772' title='bbox 169 4911 310 4966; x_wconf 77' lang='grc' dir='ltr'>ἐλθὼν</span> <span class='ocrx_word' id='word_1_773' title='bbox 335 4917 397 4969; x_wconf 76' lang='grc' dir='ltr'>δι’</span> <span class='ocrx_word' id='word_1_774' title='bbox 427 4917 622 4978; x_wconf 75' lang='grc' dir='ltr'>ὓδατος</span> <span class='ocrx_word' id='word_1_775' title='bbox 654 4917 748 4967; x_wconf 75' lang='grc' dir='ltr'><strong>καὶ</strong></span> <span class='ocrx_word' id='word_1_776' title='bbox 783 4916 1034 4985; x_wconf 74' lang='grc' dir='ltr'>αἵματος,</span> <span class='ocrx_word' id='word_1_777' title='bbox 1079 4915 1286 4984; x_wconf 85' lang='grc' dir='ltr'>Ἰησοῦς</span> <span class='ocrx_word' id='word_1_778' title='bbox 1321 4916 1582 4984; x_wconf 86' lang='grc' dir='ltr'><strong>Χριστός⁸</strong></span> <span class='ocrx_word' id='word_1_779' title='bbox 1616 4917 1716 4968; x_wconf 72' lang='grc' dir='ltr'><strong>οὐκ</strong></span> 
     </span>
    </p>
   </div>
   <div class='ocr_carea' id='block_1_98' title="bbox 170 5003 1719 5076">
    <p class='ocr_par' dir='ltr' id='par_1_98' title="bbox 170 5003 1719 5076">
     <span class='ocr_line' id='line_1_98' title="bbox 170 5003 1719 5076; baseline 0 -18"><span class='ocrx_word' id='word_1_780' title='bbox 170 5003 214 5052; x_wconf 70' lang='grc' dir='ltr'><strong>ἐν</strong></span> <span class='ocrx_word' id='word_1_781' title='bbox 243 5007 310 5076; x_wconf 76' lang='grc' dir='ltr'>τῷ</span> <span class='ocrx_word' id='word_1_782' title='bbox 342 5008 494 5061; x_wconf 65' lang='grc' dir='ltr'>ὕδατι</span> <span class='ocrx_word' id='word_1_783' title='bbox 533 5007 710 5076; x_wconf 75' lang='grc' dir='ltr'>μόνον,</span> <span class='ocrx_word' id='word_1_784' title='bbox 733 5005 844 5059; x_wconf 85' lang='grc' dir='ltr'>ἀλλ’</span> <span class='ocrx_word' id='word_1_785' title='bbox 870 5008 925 5058; x_wconf 84' lang='grc' dir='ltr'><strong>ἐν</strong></span> <span class='ocrx_word' id='word_1_786' title='bbox 951 5005 1026 5076; x_wconf 77' lang='grc' dir='ltr'>τῷ</span> <span class='ocrx_word' id='word_1_787' title='bbox 1060 5005 1208 5058; x_wconf 75' lang='grc' dir='ltr'>ὕδατι</span> <span class='ocrx_word' id='word_1_788' title='bbox 1235 5006 1329 5058; x_wconf 75' lang='grc' dir='ltr'><strong>καὶ</strong></span> <span class='ocrx_word' id='word_1_789' title='bbox 1368 5006 1560 5075; x_wconf 81' lang='grc' dir='ltr'>αἵματι</span> <span class='ocrx_word' id='word_1_790' title='bbox 1583 5023 1593 5035; x_wconf 76' lang='grc'><strong><em>⁸</em></strong></span> <span class='ocrx_word' id='word_1_791' title='bbox 1626 5008 1719 5060; x_wconf 76' lang='grc' dir='ltr'><strong>καὶ</strong></span> 
     </span>
    </p>
   </div>
   <div class='ocr_carea' id='block_1_99' title="bbox 169 5097 1716 5169">
    <p class='ocr_par' dir='ltr' id='par_1_99' title="bbox 169 5097 1716 5169">
     <span class='ocr_line' id='line_1_99' title="bbox 169 5097 1716 5169; baseline 0 -21"><span class='ocrx_word' id='word_1_792' title='bbox 169 5098 216 5147; x_wconf 69' lang='grc' dir='ltr'><strong>τδ</strong></span> <span class='ocrx_word' id='word_1_793' title='bbox 253 5100 465 5169; x_wconf 65' lang='grc' dir='ltr'>Πνεῦμα</span> <span class='ocrx_word' id='word_1_794' title='bbox 502 5105 648 5151; x_wconf 73' lang='grc' dir='ltr'>ἐστιν</span> <span class='ocrx_word' id='word_1_795' title='bbox 681 5101 713 5167; x_wconf 89' lang='grc' dir='ltr'><strong>ή</strong></span> <span class='ocrx_word' id='word_1_796' title='bbox 743 5097 997 5167; x_wconf 78' lang='grc' dir='ltr'>ἀλήθεια,</span> <span class='ocrx_word' id='word_1_797' title='bbox 1039 5098 1118 5148; x_wconf 81' lang='grc' dir='ltr'>ὅτι</span> <span class='ocrx_word' id='word_1_798' title='bbox 1165 5099 1312 5164; x_wconf 82' lang='grc' dir='ltr'>τρεῖς</span> <span class='ocrx_word' id='word_1_799' title='bbox 1357 5097 1716 5166; x_wconf 80' lang='grc' dir='ltr'>μαρτυροῦσι,</span> 
     </span>
    </p>
   </div>
   <div class='ocr_carea' id='block_1_100' title="bbox 167 5183 1713 5262">
    <p class='ocr_par' dir='ltr' id='par_1_100' title="bbox 167 5183 1713 5262">
     <span class='ocr_line' id='line_1_100' title="bbox 167 5183 1713 5262; baseline 0.001 -23"><span class='ocrx_word' id='word_1_800' title='bbox 167 5189 216 5240; x_wconf 77' lang='grc' dir='ltr'>τὸ</span> <span class='ocrx_word' id='word_1_801' title='bbox 230 5191 460 5262; x_wconf 81' lang='grc' dir='ltr'>Πνεῦμα,</span> <span class='ocrx_word' id='word_1_802' title='bbox 491 5193 553 5244; x_wconf 80' lang='grc' dir='ltr'>τὸ</span> <span class='ocrx_word' id='word_1_803' title='bbox 584 5191 745 5261; x_wconf 64' lang='grc' dir='ltr'>ὕδωρ,</span> <span class='ocrx_word' id='word_1_804' title='bbox 776 5190 870 5242; x_wconf 74' lang='grc' dir='ltr'>καὶ</span> <span class='ocrx_word' id='word_1_805' title='bbox 896 5189 952 5241; x_wconf 79' lang='grc' dir='ltr'><strong>τὸ</strong></span> <span class='ocrx_word' id='word_1_806' title='bbox 977 5183 1131 5258; x_wconf 76' lang='grc' dir='ltr'>αἷμα.</span> <span class='ocrx_word' id='word_1_807' title='bbox 1169 5190 1277 5240; x_wconf 75' lang='grc' dir='ltr'><strong>Καὶ</strong></span> <span class='ocrx_word' id='word_1_808' title='bbox 1310 5190 1358 5240; x_wconf 80' lang='grc' dir='ltr'>οἱ</span> <span class='ocrx_word' id='word_1_809' title='bbox 1391 5191 1538 5259; x_wconf 83' lang='grc' dir='ltr'>τρεῖς</span> <span class='ocrx_word' id='word_1_810' title='bbox 1568 5190 1627 5241; x_wconf 85' lang='grc' dir='ltr'><strong>τὸ</strong></span> <span class='ocrx_word' id='word_1_811' title='bbox 1655 5189 1713 5241; x_wconf 73' lang='grc' dir='ltr'>ἓν</span> 
     </span>
    </p>
   </div>
   <div class='ocr_carea' id='block_1_101' title="bbox 228 5367 1390 5439">
    <p class='ocr_par' dir='ltr' id='par_1_101' title="bbox 228 5367 1390 5439">
     <span class='ocr_line' id='line_1_101' title="bbox 228 5367 1390 5439; baseline -0.003 -11"><span class='ocrx_word' id='word_1_812' title='bbox 228 5373 259 5403; x_wconf 83' lang='grc'><strong>¹¹</strong></span> <span class='ocrx_word' id='word_1_813' title='bbox 295 5373 485 5430; x_wconf 86' lang='lat' dir='ltr'><strong>lPetr.</strong></span> <span class='ocrx_word' id='word_1_814' title='bbox 522 5389 558 5439; x_wconf 82' lang='grc' dir='ltr'><strong>ι,</strong></span> <span class='ocrx_word' id='word_1_815' title='bbox 595 5371 752 5429; x_wconf 74' lang='lat'><strong>8-12.</strong></span> <span class='ocrx_word' id='word_1_816' title='bbox 832 5373 873 5408; x_wconf 81' lang='lat'>”</span> <span class='ocrx_word' id='word_1_817' title='bbox 901 5370 1131 5439; x_wconf 84' lang='lat' dir='ltr'><strong>Philipp.</strong></span> <span class='ocrx_word' id='word_1_818' title='bbox 1167 5385 1225 5433; x_wconf 88' lang='lat' dir='ltr'><strong>tt,</strong></span> <span class='ocrx_word' id='word_1_819' title='bbox 1250 5367 1303 5434; x_wconf 81' lang='grc' dir='ltr'>ϐ,</span> <span class='ocrx_word' id='word_1_820' title='bbox 1341 5369 1390 5424; x_wconf 87' lang='grc'><strong>’7.</strong></span> 
     </span>
    </p>
   </div>
   <div class='ocr_carea' id='block_1_102' title="bbox 1473 5369 1921 5434">
    <p class='ocr_par' dir='ltr' id='par_1_102' title="bbox 1473 5369 1921 5434">
     <span class='ocr_line' id='line_1_102' title="bbox 1473 5369 1921 5434; baseline 0.002 -12"><span class='ocrx_word' id='word_1_821' title='bbox 1473 5369 1514 5400; x_wconf 84' lang='grc'><strong>¹³</strong></span> <span class='ocrx_word' id='word_1_822' title='bbox 1547 5370 1646 5424; x_wconf 81' lang='lat' dir='ltr'><strong>lsa.</strong></span> <span class='ocrx_word' id='word_1_823' title='bbox 1684 5387 1829 5434; x_wconf 76' lang='lat' dir='ltr'><strong>xm,</strong></span> <span class='ocrx_word' id='word_1_824' title='bbox 1871 5372 1921 5423; x_wconf 84' lang='lat'><strong>9.</strong></span> 
     </span>
    </p>
   </div>
   <div class='ocr_carea' id='block_1_103' title="bbox 1824 4642 3388 4714">
    <p class='ocr_par' dir='ltr' id='par_1_103' title="bbox 1824 4642 3388 4714">
     <span class='ocr_line' id='line_1_103' title="bbox 1824 4642 3388 4714; baseline -0.001 -16"><span class='ocrx_word' id='word_1_825' title='bbox 1824 4646 1924 4699; x_wconf 89' lang='lat' dir='ltr'><strong>nisi</strong></span> <span class='ocrx_word' id='word_1_826' title='bbox 1950 4648 2036 4714; x_wconf 92' lang='lat' dir='ltr'><strong>qui</strong></span> <span class='ocrx_word' id='word_1_827' title='bbox 2077 4646 2246 4700; x_wconf 87' lang='lat' dir='ltr'><strong>credit</strong></span> <span class='ocrx_word' id='word_1_828' title='bbox 2279 4645 2422 4714; x_wconf 85' lang='lat' dir='ltr'><strong>quod</strong></span> <span class='ocrx_word' id='word_1_829' title='bbox 2447 4643 2602 4699; x_wconf 83' lang='lat' dir='ltr'><strong>Jesus</strong></span> <span class='ocrx_word' id='word_1_830' title='bbox 2647 4654 2732 4698; x_wconf 90' lang='lat' dir='ltr'><strong>est</strong></span> <span class='ocrx_word' id='word_1_831' title='bbox 2771 4642 2940 4698; x_wconf 87' lang='lat' dir='ltr'><strong>Filius</strong></span> <span class='ocrx_word' id='word_1_832' title='bbox 2983 4644 3120 4698; x_wconf 79' lang='lat' dir='ltr'><strong>Dei?</strong></span> <span class='ocrx_word' id='word_1_833' title='bbox 3169 4642 3266 4698; x_wconf 88' lang='lat' dir='ltr'><strong>Hic</strong></span> <span class='ocrx_word' id='word_1_834' title='bbox 3311 4654 3388 4698; x_wconf 86' lang='lat' dir='ltr'><strong>est</strong></span> 
     </span>
    </p>
   </div>
   <div class='ocr_carea' id='block_1_104' title="bbox 1823 4732 3374 4803">
    <p class='ocr_par' dir='ltr' id='par_1_104' title="bbox 1823 4732 3374 4803">
     <span class='ocr_line' id='line_1_104' title="bbox 1823 4732 3374 4803; baseline 0.001 -19"><span class='ocrx_word' id='word_1_835' title='bbox 1823 4735 1911 4802; x_wconf 87' lang='lat' dir='ltr'><strong>qui</strong></span> <span class='ocrx_word' id='word_1_836' title='bbox 1963 4734 2106 4787; x_wconf 87' lang='lat' dir='ltr'><strong>venit</strong></span> <span class='ocrx_word' id='word_1_837' title='bbox 2137 4750 2230 4803; x_wconf 86' lang='lat' dir='ltr'><strong>per</strong></span> <span class='ocrx_word' id='word_1_838' title='bbox 2257 4749 2448 4803; x_wconf 87' lang='lat' dir='ltr'><strong>aquam</strong></span> <span class='ocrx_word' id='word_1_839' title='bbox 2489 4736 2540 4787; x_wconf 87' lang='lat' dir='ltr'><strong>et</strong></span> <span class='ocrx_word' id='word_1_840' title='bbox 2562 4734 2872 4801; x_wconf 80' lang='lat' dir='ltr'><strong>sanguinem</strong></span> <span class='ocrx_word' id='word_1_841' title='bbox 2910 4732 3066 4786; x_wconf 85' lang='lat' dir='ltr'><strong>Jcsus</strong></span> <span class='ocrx_word' id='word_1_842' title='bbox 3097 4733 3374 4788; x_wconf 84' lang='lat' dir='ltr'><strong>Christus:</strong></span> 
     </span>
    </p>
   </div>
   <div class='ocr_carea' id='block_1_105' title="bbox 1827 4826 3396 4894">
    <p class='ocr_par' dir='ltr' id='par_1_105' title="bbox 1827 4826 3396 4894">
     <span class='ocr_line' id='line_1_105' title="bbox 1827 4826 3396 4894; baseline -0.001 -15"><span class='ocrx_word' id='word_1_843' title='bbox 1827 4843 1929 4879; x_wconf 82' lang='lat' dir='ltr'><strong>non</strong></span> <span class='ocrx_word' id='word_1_844' title='bbox 1971 4826 2020 4878; x_wconf 87' lang='lat' dir='ltr'><strong>itt</strong></span> <span class='ocrx_word' id='word_1_845' title='bbox 2055 4842 2190 4893; x_wconf 89' lang='lat' dir='ltr'><strong>aqua</strong></span> <span class='ocrx_word' id='word_1_846' title='bbox 2237 4827 2405 4880; x_wconf 86' lang='lat' dir='ltr'><strong>solum</strong></span> <span class='ocrx_word' id='word_1_847' title='bbox 2433 4867 2446 4890; x_wconf 89' lang='lat'><strong>,</strong></span> <span class='ocrx_word' id='word_1_848' title='bbox 2490 4827 2582 4879; x_wconf 88' lang='lat' dir='ltr'><strong>sed</strong></span> <span class='ocrx_word' id='word_1_849' title='bbox 2633 4827 2682 4879; x_wconf 90' lang='lat' dir='ltr'><strong>iu</strong></span> <span class='ocrx_word' id='word_1_850' title='bbox 2739 4841 2877 4893; x_wconf 86' lang='lat' dir='ltr'><strong>aqua</strong></span> <span class='ocrx_word' id='word_1_851' title='bbox 2902 4835 2954 4877; x_wconf 92' lang='lat' dir='ltr'><strong>et</strong></span> <span class='ocrx_word' id='word_1_852' title='bbox 2990 4829 3270 4894; x_wconf 82' lang='lat' dir='ltr'><strong>sanguine.</strong></span> <span class='ocrx_word' id='word_1_853' title='bbox 3332 4826 3396 4879; x_wconf 84' lang='lat' dir='ltr'><strong>Et</strong></span> 
     </span>
    </p>
   </div>
   <div class='ocr_carea' id='block_1_106' title="bbox 1826 4915 3394 4986">
    <p class='ocr_par' dir='ltr' id='par_1_106' title="bbox 1826 4915 3394 4986">
     <span class='ocr_line' id='line_1_106' title="bbox 1826 4915 3394 4986; baseline -0.001 -15"><span class='ocrx_word' id='word_1_854' title='bbox 1826 4917 2059 4986; x_wconf 89' lang='lat' dir='ltr'><strong>Spiritus</strong></span> <span class='ocrx_word' id='word_1_855' title='bbox 2088 4926 2172 4971; x_wconf 90' lang='lat' dir='ltr'><strong>est</strong></span> <span class='ocrx_word' id='word_1_856' title='bbox 2199 4918 2420 4981; x_wconf 85' lang='lat' dir='ltr'><strong>veritas,</strong></span> <span class='ocrx_word' id='word_1_857' title='bbox 2456 4917 2579 4983; x_wconf 88' lang='lat' dir='ltr'><strong>quia</strong></span> <span class='ocrx_word' id='word_1_858' title='bbox 2624 4926 2733 4970; x_wconf 90' lang='lat' dir='ltr'><strong>tres</strong></span> <span class='ocrx_word' id='word_1_859' title='bbox 2771 4915 2926 4986; x_wconf 61' lang='lat'><strong>143</strong></span> <span class='ocrx_word' id='word_1_860' title='bbox 2956 4923 3079 4968; x_wconf 89' lang='lat' dir='ltr'><strong>sunt</strong></span> <span class='ocrx_word' id='word_1_861' title='bbox 3112 4915 3201 4983; x_wconf 91' lang='lat' dir='ltr'><strong>qui</strong></span> <span class='ocrx_word' id='word_1_862' title='bbox 3239 4916 3394 4970; x_wconf 87' lang='lat' dir='ltr'><strong>testi-</strong></span> 
     </span>
    </p>
   </div>
   <div class='ocr_carea' id='block_1_107' title="bbox 1828 5007 3393 5076">
    <p class='ocr_par' dir='ltr' id='par_1_107' title="bbox 1828 5007 3393 5076">
     <span class='ocr_line' id='line_1_107' title="bbox 1828 5007 3393 5076; baseline -0.001 -14"><span class='ocrx_word' id='word_1_863' title='bbox 1828 5008 2066 5062; x_wconf 90' lang='lat' dir='ltr'><strong>monium</strong></span> <span class='ocrx_word' id='word_1_864' title='bbox 2102 5008 2384 5076; x_wconf 84' lang='lat' dir='ltr'><strong>perhibent</strong></span> <span class='ocrx_word' id='word_1_865' title='bbox 2411 5048 2426 5071; x_wconf 98' lang='lat'><strong>,</strong></span> <span class='ocrx_word' id='word_1_866' title='bbox 2462 5007 2726 5076; x_wconf 80' lang='lat' dir='ltr'><strong>Spiritus,</strong></span> <span class='ocrx_word' id='word_1_867' title='bbox 2759 5017 2813 5060; x_wconf 91' lang='lat' dir='ltr'><strong>et</strong></span> <span class='ocrx_word' id='word_1_868' title='bbox 2849 5022 2985 5075; x_wconf 87' lang='lat' dir='ltr'><strong>aqua</strong></span> <span class='ocrx_word' id='word_1_869' title='bbox 3007 5045 3021 5068; x_wconf 91' lang='lat'><strong>,</strong></span> <span class='ocrx_word' id='word_1_870' title='bbox 3054 5019 3105 5060; x_wconf 90' lang='lat' dir='ltr'><strong>et</strong></span> <span class='ocrx_word' id='word_1_871' title='bbox 3129 5007 3346 5075; x_wconf 78' lang='lat' dir='ltr'><strong>sanguis</strong></span> <span class='ocrx_word' id='word_1_872' title='bbox 3373 5022 3393 5060; x_wconf 91' lang='lat'><strong><em>:</em></strong></span> 
     </span>
    </p>
   </div>
   <div class='ocr_carea' id='block_1_108' title="bbox 1825 5096 3394 5154">
    <p class='ocr_par' dir='ltr' id='par_1_108' title="bbox 1825 5096 3394 5154">
     <span class='ocr_line' id='line_1_108' title="bbox 1825 5096 3394 5154; baseline -0.002 -1"><span class='ocrx_word' id='word_1_873' title='bbox 1825 5111 1879 5154; x_wconf 92' lang='lat' dir='ltr'><strong>et</strong></span> <span class='ocrx_word' id='word_1_874' title='bbox 1922 5099 1974 5152; x_wconf 91' lang='lat' dir='ltr'><strong>hi</strong></span> <span class='ocrx_word' id='word_1_875' title='bbox 2019 5107 2128 5152; x_wconf 91' lang='lat' dir='ltr'><strong>tres</strong></span> <span class='ocrx_word' id='word_1_876' title='bbox 2178 5115 2340 5152; x_wconf 91' lang='lat' dir='ltr'><strong>unum</strong></span> <span class='ocrx_word' id='word_1_877' title='bbox 2397 5107 2543 5152; x_wconf 85' lang='lat' dir='ltr'><strong>sunt.</strong></span> <span class='ocrx_word' id='word_1_878' title='bbox 2597 5097 2653 5150; x_wconf 92' lang='lat' dir='ltr'><strong>Si</strong></span> <span class='ocrx_word' id='word_1_879' title='bbox 2707 5096 3072 5151; x_wconf 88' lang='lat' dir='ltr'><strong>testimonium</strong></span> <span class='ocrx_word' id='word_1_880' title='bbox 3118 5096 3394 5150; x_wconf 88' lang='lat' dir='ltr'><strong>hominum</strong></span> 
     </span>
    </p>
   </div>
   <div class='ocr_carea' id='block_1_109' title="bbox 1826 5187 3395 5259">
    <p class='ocr_par' dir='ltr' id='par_1_109' title="bbox 1826 5187 3395 5259">
     <span class='ocr_line' id='line_1_109' title="bbox 1826 5187 3395 5259; baseline -0.003 -15"><span class='ocrx_word' id='word_1_881' title='bbox 1826 5190 2150 5259; x_wconf 77' lang='lat' dir='ltr'><strong>accipimus,</strong></span> <span class='ocrx_word' id='word_1_882' title='bbox 2187 5189 2550 5244; x_wconf 87' lang='lat' dir='ltr'><strong>testimonium</strong></span> <span class='ocrx_word' id='word_1_883' title='bbox 2602 5187 2692 5243; x_wconf 90' lang='lat' dir='ltr'><strong>Dei</strong></span> <span class='ocrx_word' id='word_1_884' title='bbox 2746 5187 2920 5256; x_wconf 85' lang='lat' dir='ltr'><strong>majus</strong></span> <span class='ocrx_word' id='word_1_885' title='bbox 2975 5197 3056 5242; x_wconf 89' lang='lat' dir='ltr'><strong>cst</strong></span> <span class='ocrx_word' id='word_1_886' title='bbox 3089 5203 3102 5253; x_wconf 85' lang='lat'><strong>;</strong></span> <span class='ocrx_word' id='word_1_887' title='bbox 3133 5187 3257 5256; x_wconf 85' lang='lat' dir='ltr'><strong>quia</strong></span> <span class='ocrx_word' id='word_1_888' title='bbox 3295 5187 3395 5242; x_wconf 88' lang='lat' dir='ltr'><strong>hoc</strong></span> 
     </span>
    </p>
   </div>
   <div class='ocr_carea' id='block_1_110' title="bbox 2006 5369 2583 5435">
    <p class='ocr_par' dir='ltr' id='par_1_110' title="bbox 2006 5369 2583 5435">
     <span class='ocr_line' id='line_1_110' title="bbox 2006 5369 2583 5435; baseline 0 -11"><span class='ocrx_word' id='word_1_889' title='bbox 2006 5369 2045 5402; x_wconf 76' lang='lat'>&quot;</span> <span class='ocrx_word' id='word_1_890' title='bbox 2079 5371 2284 5426; x_wconf 82' lang='lat' dir='ltr'><strong>Coloss.</strong></span> <span class='ocrx_word' id='word_1_891' title='bbox 2323 5387 2357 5435; x_wconf 86' lang='grc' dir='ltr'><strong>ι,</strong></span> <span class='ocrx_word' id='word_1_892' title='bbox 2391 5371 2583 5424; x_wconf 61' lang='lat' dir='ltr'><strong>“ll-9.5.</strong></span> 
     </span>
    </p>
   </div>
   <div class='ocr_carea' id='block_1_111' title="bbox 1398 5522 2143 5580">
    <p class='ocr_par' dir='ltr' id='par_1_111' title="bbox 1398 5522 2143 5580">
     <span class='ocr_line' id='line_1_111' title="bbox 1398 5522 2143 5580; baseline 0.004 -3"><span class='ocrx_word' id='word_1_893' title='bbox 1398 5522 1557 5578; x_wconf 79' lang='lat' dir='ltr'><strong>ANT.</strong></span> <span class='ocrx_word' id='word_1_894' title='bbox 1601 5523 1873 5579; x_wconf 76' lang='lat' dir='ltr'><strong>AGELLII</strong></span> <span class='ocrx_word' id='word_1_895' title='bbox 1916 5525 2143 5580; x_wconf 65' lang='lat' dir='ltr'><strong>NOTAE.</strong></span> 
     </span>
    </p>
   </div>
   <div class='ocr_carea' id='block_1_112' title="bbox 228 5701 1708 5772">
    <p class='ocr_par' dir='ltr' id='par_1_112' title="bbox 228 5701 1708 5772">
     <span class='ocr_line' id='line_1_112' title="bbox 228 5701 1708 5772; baseline -0.003 -14"><span class='ocrx_word' id='word_1_896' title='bbox 228 5703 328 5772; x_wconf 75' lang='lat'><strong>(38)</strong></span> <span class='ocrx_word' id='word_1_897' title='bbox 364 5708 456 5760; x_wconf 84' lang='lat' dir='ltr'><strong>Sic</strong></span> <span class='ocrx_word' id='word_1_898' title='bbox 491 5705 764 5760; x_wconf 81' lang='lat' dir='ltr'><strong>habebant</strong></span> <span class='ocrx_word' id='word_1_899' title='bbox 793 5701 946 5756; x_wconf 87' lang='lat' dir='ltr'><strong>codd.</strong></span> <span class='ocrx_word' id='word_1_900' title='bbox 982 5701 1164 5772; x_wconf 88' lang='lat' dir='ltr'><strong>Cyrilli</strong></span> <span class='ocrx_word' id='word_1_901' title='bbox 1204 5701 1344 5754; x_wconf 90' lang='lat' dir='ltr'><strong>hunc</strong></span> <span class='ocrx_word' id='word_1_902' title='bbox 1375 5701 1552 5772; x_wconf 90' lang='lat' dir='ltr'><strong>locum</strong></span> <span class='ocrx_word' id='word_1_903' title='bbox 1587 5701 1708 5769; x_wconf 82' lang='lat' dir='ltr'><strong>Epi~</strong></span> 
     </span>
    </p>
   </div>
   <div class='ocr_carea' id='block_1_113' title="bbox 168 5771 1709 5841">
    <p class='ocr_par' dir='ltr' id='par_1_113' title="bbox 168 5771 1709 5841">
     <span class='ocr_line' id='line_1_113' title="bbox 168 5771 1709 5841; baseline 0.001 -23"><span class='ocrx_word' id='word_1_904' title='bbox 168 5774 297 5841; x_wconf 43' lang='lat' dir='ltr'><strong>stulae</strong></span> <span class='ocrx_word' id='word_1_905' title='bbox 325 5776 340 5828; x_wconf 95' lang='lat' dir='ltr'><strong>l</strong></span> <span class='ocrx_word' id='word_1_906' title='bbox 369 5778 511 5830; x_wconf 83' lang='lat' dir='ltr'><strong>beati</strong></span> <span class='ocrx_word' id='word_1_907' title='bbox 544 5775 684 5829; x_wconf 83' lang='lat' dir='ltr'><strong>Petri</strong></span> <span class='ocrx_word' id='word_1_908' title='bbox 719 5791 838 5841; x_wconf 82' lang='lat' dir='ltr'><strong>cap.</strong></span> <span class='ocrx_word' id='word_1_909' title='bbox 866 5788 900 5825; x_wconf 93' lang='lat' dir='ltr'><strong>t.</strong></span> <span class='ocrx_word' id='word_1_910' title='bbox 937 5771 1200 5827; x_wconf 59' lang='lat' dir='ltr'><strong>Craterum</strong></span> <span class='ocrx_word' id='word_1_911' title='bbox 1229 5771 1515 5841; x_wconf 76' lang='lat' dir='ltr'><strong>etvulgata</strong></span> <span class='ocrx_word' id='word_1_912' title='bbox 1545 5773 1709 5841; x_wconf 70' lang='lat' dir='ltr'><strong>editio</strong></span> 
     </span>
    </p>
   </div>
   <div class='ocr_carea' id='block_1_114' title="bbox 171 5838 1704 5908">
    <p class='ocr_par' dir='ltr' id='par_1_114' title="bbox 171 5838 1704 5908">
     <span class='ocr_line' id='line_1_114' title="bbox 171 5838 1704 5908; baseline -0.001 -12"><span class='ocrx_word' id='word_1_913' title='bbox 171 5838 359 5908; x_wconf 64' lang='lat' dir='ltr'><strong>Latina.</strong></span> <span class='ocrx_word' id='word_1_914' title='bbox 388 5859 442 5905; x_wconf 87' lang='lat' dir='ltr'><strong>ct</strong></span> <span class='ocrx_word' id='word_1_915' title='bbox 481 5847 634 5903; x_wconf 83' lang='lat' dir='ltr'><strong>codd.</strong></span> <span class='ocrx_word' id='word_1_916' title='bbox 688 5838 863 5901; x_wconf 52' lang='lat' dir='ltr'><strong>Orici</strong></span> <span class='ocrx_word' id='word_1_917' title='bbox 902 5841 1231 5901; x_wconf 72' lang='lat' dir='ltr'><strong>Testatncuti</strong></span> <span class='ocrx_word' id='word_1_918' title='bbox 1266 5838 1415 5905; x_wconf 69' lang='lat' dir='ltr'><strong>Non,</strong></span> <span class='ocrx_word' id='word_1_919' title='bbox 1461 5851 1511 5894; x_wconf 77' lang='lat' dir='ltr'><strong>rt</strong></span> <span class='ocrx_word' id='word_1_920' title='bbox 1562 5840 1704 5895; x_wconf 73' lang='lat' dir='ltr'><strong>Vnu-</strong></span> 
     </span>
    </p>
   </div>
   <div class='ocr_carea' id='block_1_115' title="bbox 1817 5705 3394 5774">
    <p class='ocr_par' dir='ltr' id='par_1_115' title="bbox 1817 5705 3394 5774">
     <span class='ocr_line' id='line_1_115' title="bbox 1817 5705 3394 5774; baseline 0 -17"><span class='ocrx_word' id='word_1_921' title='bbox 1817 5719 1990 5757; x_wconf 83' lang='lat' dir='ltr'><strong>cauus</strong></span> <span class='ocrx_word' id='word_1_922' title='bbox 2018 5708 2182 5759; x_wconf 79' lang='lat' dir='ltr'><strong>codex</strong></span> <span class='ocrx_word' id='word_1_923' title='bbox 2221 5705 2631 5774; x_wconf 87' lang='lat' dir='ltr'><strong>antiquissimus</strong></span> <span class='ocrx_word' id='word_1_924' title='bbox 2661 5705 2856 5760; x_wconf 84' lang='lat' dir='ltr'><strong>habent</strong></span> <span class='ocrx_word' id='word_1_925' title='bbox 2890 5705 3124 5758; x_wconf 84' lang='lat' dir='ltr'><strong>secunda</strong></span> <span class='ocrx_word' id='word_1_926' title='bbox 3158 5717 3394 5774; x_wconf 79' lang='lat' dir='ltr'><strong>persona</strong></span> 
     </span>
    </p>
   </div>
   <div class='ocr_carea' id='block_1_116' title="bbox 1821 5774 3057 5845">
    <p class='ocr_par' dir='ltr' id='par_1_116' title="bbox 1821 5774 3057 5845">
     <span class='ocr_line' id='line_1_116' title="bbox 1821 5774 3057 5845; baseline 0 -19"><span class='ocrx_word' id='word_1_927' title='bbox 1821 5774 2095 5845; x_wconf 71' lang='grc' dir='ltr'>ανηγγέλη</span> <span class='ocrx_word' id='word_1_928' title='bbox 2129 5775 2256 5844; x_wconf 75' lang='grc' dir='ltr'>ὑμῖν</span> <span class='ocrx_word' id='word_1_929' title='bbox 2281 5787 2333 5832; x_wconf 87' lang='lat' dir='ltr'><strong>ct</strong></span> <span class='ocrx_word' id='word_1_930' title='bbox 2364 5775 2874 5844; x_wconf 51' lang='grc' dir='ltr'>εὐαγγελισαμένων</span> <span class='ocrx_word' id='word_1_931' title='bbox 2897 5775 3057 5844; x_wconf 71' lang='grc' dir='ltr'>ὑμᾶς.</span> 
     </span>
    </p>
   </div>
  </div>
