4104 6486
663 417 762 474 251

1657 407 1716 462 S.
1757 401 2030 461 CYRlLLI
2070 395 2538 456 ALEXA‘NDRINI
2587 394 2901 451 AllClllEP.

3837 387 3946 444 252

670 531 956 587 Nobiscum
992 529 1131 583 Deus
1164 527 1227 580 ι’.
1265 543 1284 578 ι
1341 525 1481 579 Deus
1535 534 1653 579 erat
1709 526 1893 592 itaque
1943 521 2034 589 qui
2093 525 2252 573 natus

2358 513 2922 586 μεθερμηνευόμενον,
2963 507 3104 562 Μεθ’
3141 506 3309 575 ἡμῶν
3341 507 3372 559 ὁ
3405 507 3550 571 Θεὸς
3575 522 3586 534 ·
3627 504 3757 569 Θεὸς
3787 498 3888 557 οῦν
3917 505 3945 556 ό

667 637 773 692 est,
806 624 956 689 velis,
983 623 1147 678 nolis.

743 715 944 772 NEST.
979 715 1212 785 Angelus
1235 712 1473 780 .losepho
1511 711 1646 764 dixit
1683 727 1695 762 :
1744 726 1761 756 ι
1808 706 2046 773 Surgens
2069 698 2254 770 accipe

674 824 897 878 puerum
927 818 982 862 et
1026 815 1255 860 matrem
1299 804 1435 874 ejus,
1485 812 1538 856 et
1589 802 1709 869 fuge
1752 799 1802 852 in
1847 795 2154 862 Emptum,
2202 803 2255 846 et

673 912 787 957 esto
819 901 889 956 ibi
914 915 1085 969 usque
1107 900 1230 954 dum
1261 898 1437 952 dicam
1458 895 1552 950 tibi
1579 894 1646 948 '°.
1669 911 1688 945 ι
1713 890 1826 945 Non
1849 889 1984 944 dixit
2011 905 2025 942 :
2059 885 2255 954 Accipe

677 995 844 1049 Deum
879 1002 935 1049 et
965 1000 1193 1046 matrem
1225 989 1360 1058 ejus.

748 1170 908 1227 CVR.
943 1170 1192 1226 Attamen
1243 1165 1604 1235 archangelus
1635 1161 1852 1218 Gabriel
1898 1158 2107 1229 Virgini
2139 1157 2253 1211 ait:

686 1278 709 1312 ς
745 1260 981 1329 Spiritus
1010 1267 1234 1313 sanctus
1285 1252 1634 1325 superveniet
1661 1252 1712 1306 in
1748 1259 1822 1314 te,
1849 1259 1904 1304 et
1936 1250 2112 1301 virtus
2160 1247 2256 1300 Al-

683 1351 877 1407 tissimi
905 1349 1252 1406 obumbrabit
1295 1349 1412 1405 tibi.
1458 1347 1580 1402 Ideo
1622 1356 1676 1400 et
1710 1343 1852 1413 quod
1906 1348 2159 1395 nascetur
2190 1354 2256 1393 ex

686 1455 737 1498 te
761 1452 1030 1507 sanctum,
1050 1442 1217 1496 Filius
1259 1439 1523 1494 Altissimi
1558 1435 1840 1492 vocabitur
1871 1433 1968 1485 “.o

769 1617 967 1673 NEST.
1000 1618 1291 1687 Apostolus
1341 1616 1452 1670 ait:
1491 1633 1508 1666 ι
1550 1613 1910 1680 Semetipsum
1938 1612 2258 1679 exinanivit,

689 1709 916 1762 formam
948 1710 1091 1763 servi
1137 1708 1410 1777 accipiens
1434 1707 1526 1770 ¹²;
1569 1724 1587 1756 ι
1631 1704 1810 1768 idest,
1867 1709 2110 1756 nostrum
2157 1703 2261 1756 sibi

688 1797 915 1852 indttens
971 1811 1185 1867 corpus,
1244 1798 1299 1850 in
1339 1810 1446 1865 quo
1503 1793 1822 1863 proﬁciebat
1879 1792 2139 1857 sapientia
2199 1805 2261 1844 ac

686 1897 844 1941 aetate
871 1897 927 1942 et
973 1887 1141 1958 gratia
1185 1887 1323 1955 apud
1355 1885 1522 1940 Deum
1547 1894 1601 1938 et
1632 1883 1882 1939 homines
1913 1882 1980 1948 ’³,
2006 1891 2260 1951 tanquam

689 1979 848 2033 homo
875 1978 1206 2032 Dominicus.

757 2068 916 2124 CYR.
950 2069 1215 2138 Quidquid
1249 2067 1445 2123 factum
1493 2077 1577 2124 est
1628 2082 1694 2121 ex
1745 2080 1932 2131 carne,
1980 2079 2107 2119 caro
2157 2073 2262 2131 est,

689 2176 863 2230 neque
896 2170 1073 2214 tamen
1104 2162 1229 2214 hinc
1251 2161 1536 2228 perimitur
1573 2159 1872 2213 nativitatis
1910 2157 2258 2211 miraculum.

691 2253 839 2306 Sicut
873 2252 1013 2305 enim
1047 2251 1188 2305 Dens
1241 2251 1504 2305 divinitus
1554 2259 1799 2320 generat,
1849 2250 1924 2303 ita
1976 2248 2263 2301 venerabi-

689 2341 754 2396 lis
787 2356 1000 2411 qnoque
1043 2339 1202 2410 Virgo
1235 2341 1443 2410 peperit
1475 2342 1526 2393 in
1559 2355 1723 2394 carne
1770 2339 2003 2392 Verbum
2051 2353 2116 2392 ex
2160 2337 2266 2391 Deo

690 2432 874 2487 Deum.

705 2514 711 2519 ’
789 2524 989 2580 NEST.
1053 2523 1247 2580 Omnis
1300 2532 1473 2579 mater
1533 2523 2050 2578 consubstantialem
2112 2538 2264 2576 suum

691 2615 868 2685 parit:
901 2632 1007 2670 non
1043 2626 1126 2670 est
1156 2631 1283 2683 ergo
1336 2616 1452 2682 ejus
1510 2625 1703 2681 mater,
1761 2615 1860 2668 nisi
1897 2614 2008 2682 ipse
2062 2623 2145 2666 est
2191 2615 2267 2666 illi

694 2707 1188 2763 cousubstantialis.
1216 2707 1345 2760 Nam
1380 2707 1650 2776 quomodo
1689 2707 1758 2758 sit
1806 2714 1979 2760 mater
2013 2704 2149 2773 ejus,
2178 2706 2266 2773 qui

696 2797 764 2851 ab
794 2797 966 2867 ipsius
992 2798 1294 2852 substantia
1328 2797 1536 2852 alienus
1576 2797 1787 2852 fuerit?

766 2973 924 3029 CYR.
957 2973 1144 3028 Nosex
1171 2973 1388 3044 Virgine
1436 2982 1488 3028 et
1523 2989 1591 3026 ex
1623 2973 1828 3041 Spiritu
1865 2984 2052 3029 saneto
2101 2992 2266 3030 unum

699 3067 892 3121 Filium
944 3066 1118 3120 edocti
1173 3064 1371 3120 luimus
1431 3066 1696 3130 conﬁteri,
1751 3068 2266 3123 consubstantialem

702 3159 859 3212 matri
891 3167 948 3210 ut
993 3157 1159 3221 Patri,
1201 3159 1357 3212 sicuti
1399 3155 1588 3211 Patres
1618 3158 1891 3212 dixerunt.

772 3248 971 3302 NEST.
1007 3247 1193 3302 Divido
1233 3256 1477 3309 naturas.
1507 3263 1666 3301 uuam
1709 3248 1845 3300 facio
1877 3249 2267 3315 adorationem,

2355 605 2588 675 τεχθεὶς,
2623 606 2726 656 κᾶν
2753 602 2932 674 θέλῃς,
2963 599 3066 652 κᾶν
3101 597 3176 668 μὴ
3214 597 3396 665 θέλῃς.

2427 695 2628 749 ΝΕΣΤ.
2669 695 2730 746 ’0
2772 691 3003 761 ἄγγελος
3043 690 3121 760 τῷ
3161 689 3357 757 Ἰωσὴφ
3387 684 3575 741 εἶπενο
3617 705 3634 739 ι
3677 685 3948 746 Ἀναστὰς

2359 787 2644 859 παράλαϐε
2692 786 2754 838 τὸ
2813 784 3023 838 παιδίον
3060 783 3153 835 καὶ
3189 784 3287 851 τὴν
3341 781 3552 852 μητέρα
3601 779 3787 842 αὐτοῦ,
3848 777 3949 831 καὶ

2358 879 2526 949 φεῦγε
2555 878 2633 941 είς
2663 875 2955 943 Αἴγυπτον,
2993 872 3088 926 καὶ
3112 871 3220 926 ίσθι
3252 873 3365 924 ἐκεῖ
3393 871 3498 935 ἓως
3519 871 3585 924 ἂν
3615 871 3755 923 εἴπω
3782 885 3889 922 σοι’
3922 888 3943 920 ι

2357 970 2457 1022 οῦκ
2499 963 2620 1020 εἶπε
2671 967 2765 1031 δὲ,
2796 963 3088 1036 Παράλαὸε
3124 963 3216 1016 τὸν
3259 961 3391 1014 Θεὸν
3442 961 3535 1014 καὶ
3579 960 3678 1031 τὴν
3725 960 3951 1030 μητέρα

2359 1057 2546 1113 αὑτοῦ.

2430 1149 2592 1203 ΚΥΡ.
2643 1149 2783 1202 Ἀλλ’
2822 1151 2849 1202 ό
2875 1149 3215 1220 ἀρχάγγελος
3243 1147 3488 1217 Γαϐριὴλ
3516 1145 3654 1215 πρὸς
3677 1145 3773 1214 τὴν
3794 1143 3953 1213 Παρ-

2361 1247 2512 1300 θένον
2544 1247 2730 1315 λέγει·
2774 1264 2798 1297 ι.
2840 1243 3065 1312 Πνεῦμα
3106 1242 3260 1309 ἅγιον
3299 1238 3654 1290 ἐπελεύσεται
3707 1236 3802 1289 ἐπὶ
3862 1235 3949 1296 σὲ,

2360 1341 2455 1392 καὶ
2499 1338 2728 1408 δύναμις
2769 1336 3023 1404 Ὑψίστου
3079 1331 3392 1384 ἐπισκιάσει
3446 1345 3558 1381 σοι⁹
3606 1326 3687 1379 διὸ
3740 1325 3836 1378 καὶ
3887 1322 3954 1375 τὸ

2361 1431 2701 1500 γεννώμενον
2750 1431 2814 1480 ἐκ
2867 1425 2959 1478 σοῦ
3018 1425 3194 1492 ἅγιον,
3255 1421 3369 1484 υίὸς
3420 1417 3678 1489 Ὑψίστου
3737 1414 3954 1485 κληθή-

2365 1542 2538 1577 σεται.
2577 1541 2594 1573 ι

2434 1613 2636 1666 ΝΕΣΤ.
2694 1612 2751 1665 Ὀ
2809 1609 3130 1672 Ἀπόστολος
3180 1606 3318 1675 ἔφη’
3365 1622 3383 1655 ι
3417 1600 3638 1658 Ἑαυτὸν
3682 1597 3950 1656 ὲκένωσε,

2368 1706 2580 1777 μορφὴν
2614 1704 2800 1757 δούλου
2831 1702 3046 1756 λαϐὼν·
3081 1721 3098 1751 ι
3133 1700 3270 1769 ὅπερ
3299 1696 3418 1748 ἐστὶ
3444 1696 3504 1747 τὸ
3539 1692 3810 1762 ἡμέτερον
3857 1690 3952 1739 ὲν-

2364 1798 2662 1866 δυσὰμενος
2697 1795 2874 1864 σῶμα,
2917 1792 3045 1845 ἔνθα
3078 1789 3387 1860 προέκοπτε
3434 1784 3595 1855 σοφίᾳ.
3638 1782 3733 1834 καὶ
3760 1780 3958 1850 ἡλικίᾳ

2296 1852 2339 1907 Β
2367 1890 2461 1942 καὶ
2489 1852 2670 1958 χάριτι
2703 1852 2873 1954 παραγ
2897 1880 3015 1950 Θεῷ
3047 1852 3139 1933 καί
3183 1876 3510 1950 ἀνθρώποις,
3559 1852 3635 1936 ὦς
3666 1866 3958 1940 Κυριακὸς

2367 1981 2462 2034 ἄνθ
2472 1997 2676 2049 ρωπος.

2438 2073 2600 2126 ΚΥΡ.
2629 2071 2743 2123 Πᾶν
2772 2068 2832 2119 τὸ
2853 2065 3142 2135 γενόμενον
3178 2063 3240 2114 ἐκ
3261 2061 3362 2129 τῆς
3391 2056 3610 2126 σαρκὸς,
3641 2051 3777 2123 σάρξ
3804 2051 3954 2102 ἐστι’

2367 2164 2466 2216 οὐκ
2499 2164 2715 2230 ἀναιρεῖ
2737 2159 2793 2211 δὲ
2827 2158 2924 2227 τῆς
2966 2158 3269 2224 γεννήσεως
3318 2147 3618 2219 παράδοξον
3640 2161 3653 2174 ·
3681 2144 3756 2207 ὼς
3783 2140 3897 2211 γὰρ
3927 2143 3965 2193 ὁ

2371 2254 2502 2316 Θεὸς
2525 2252 2697 2304 τίκτει
2725 2250 2942 2311 Θεῖκῶς,
2970 2244 3113 2299 οὕτω
3141 2244 3235 2297 καὶ
3270 2244 3302 2311 ή
3344 2238 3650 2308 Θεοπρεπὴς
3671 2233 3963 2305 Παρθένος

2369 2343 2554 2394 ἔτεκεν
2580 2341 2637 2392 ὲν
2668 2338 2830 2406 σαρκὶ
2861 2337 2951 2388 τὸν
2982 2337 3045 2386 ἐκ
3078 2332 3213 2384 Θεοῦ
3249 2329 3380 2382 Θεὸν
3408 2328 3601 2394 Λόγον.

2439 2516 2640 2569 ΝΕΣΤ.
2672 2515 2830 2568 Πᾶσα
2887 2512 3067 2581 μήτηρ
3115 2507 3175 2558 τὸ
3203 2504 3488 2574 ὀμοούσιον
3534 2501 3706 2570 αὐτῆς
3739 2499 3957 2552 τίκτεν

2369 2611 2469 2662 οῦκ
2501 2609 2647 2660 ἐστιν
2694 2602 2784 2659 οὖν
2828 2602 2994 2657 αὑτοῦ
3029 2602 3234 2669 μήτηρ,
3258 2599 3306 2649 εἰ
3351 2595 3426 2665 μὴ
3463 2594 3623 2655 αὐτὸς
3664 2590 3963 2659 όμοούσιος

2370 2703 2543 2771 αὐτῆς
2568 2700 2804 2770 ὑπάρχει
2827 2715 2839 2728 ο
2871 2695 2986 2757 πῶς
3011 2693 3118 2761 γὰρ
3148 2689 3312 2742 αὑτοῦ
3339 2689 3520 2757 μήτηρ
3549 2683 3640 2738 τοῦ
3668 2683 3963 2750 ἀλλοτρίου

2370 2796 2466 2864 τῆς
2496 2793 2681 2855 οὐσίας
2741 2789 2910 2859 αὐτῆς
2961 2785 3298 2853 ὑπάρχοντος
3349 2779 3494 2851 [eod.
3543 2776 3604 2829 τὸ
3666 2774 3961 2843 ἀλλότριον

2378 2883 2644 2954 ὑπάρχον]
2670 2900 2684 2948 ;

2444 2977 2606 3028 ΚΥΡ.
2669 2973 2845 3042 ’Πμᾶς
2905 2971 2967 3021 ὲκ
3024 2964 3300 3038 Παρθένου
3367 2961 3461 3013 καὶ
3526 2960 3589 3011 ἐκ
3635 2955 3965 3024 Πνεύματος

2375 3070 2529 3136 ἁγίου
2561 3068 2656 3118 ἕνα
2690 3065 2819 3116 Υἱὸν
2864 3059 3220 3128 ἐδιδάχθημεν
3246 3052 3547 3123 ὁμολογεῖν,
3575 3047 3862 3119 όμοούσιον
3889 3047 3964 3115 τῇ

2299 3188 2339 3244 C
2379 3161 2544 3231 μητρὶ
2572 3158 2647 3219 ὠς
2669 3155 2745 3225 τῷ
2769 3152 2967 3222 Πατρὶ,
2993 3148 3177 3210 καθὼς
3211 3149 3258 3198 οἱ
3295 3145 3536 3244 Πατέρες
3557 3141 3869 3241 εἰρήκασιν.

2448 3249 2649 3304 ΝΕΣΤ.
2684 3243 2886 3316 Διαιρῶ
2910 3243 3008 3303 τὰς
3044 3239 3255 3308 φύσεις,
3291 3234 3394 3287 ὲνῶ
3423 3235 3522 3300 τὴν
3555 3231 3962 3300 προσκύνησιν,

703 3338 827 3408 quia
856 3338 995 3392 Deus
1029 3336 1406 3405 inseparabilis
1432 3345 1516 3391 est
1541 3337 1608 3390 ab
1641 3352 1706 3392 eo
1739 3338 1832 3407 qui
1862 3339 2126 3392 cernitur.
2151 3338 2262 3394 ldec

2377 3339 2564 3410 ἐπειδὴ
2591 3335 2892 3406 ἀχώριστος
2943 3330 3036 3383 τοῦ
3092 3325 3415 3396 φαινομένου
3463 3320 3627 3381 Θεός·
3661 3319 3748 3371 διὰ
3798 3317 3970 3370 τοῦτο

706 3432 964 3485 honorem
997 3444 1101 3483 non
1136 3429 1337 3483 divido.

802 3520 962 3575 CYR.
1025 3521 1124 3586 Qui
1189 3527 1412 3574 naturas
1466 3519 1677 3583 dividit,
1732 3521 1864 3574 duos
1921 3522 2052 3576 dicit
2116 3523 2274 3590 filios,

713 3613 904 3685 ιωα
942 3612 1237 3682 Scriptura:
1283 3627 1388 3666 non
1423 3613 1652 3667 credens
1698 3613 1900 3667 dicenti
1933 3631 1946 3667 :
1986 3633 2008 3665 ι
2041 3615 2276 3669 Verbum

710 3719 836 3757 caro
862 3704 1060 3756 factum
1087 3711 1167 3756 est
1195 3702 1263 3754 ".
1303 3721 1321 3753 ι

2377 3433 2438 3484 οὑ
2472 3427 2691 3498 χωρίζω
2718 3425 2816 3493 τὴν
2846 3421 3036 3491 τιμήν.

2450 3520 2614 3575 ΚΥΡ.
2660 3517 2717 3568 Ὀ
2753 3511 2978 3582 διαιρῶν
3016 3509 3091 3579 (ί)
3124 3506 3222 3570 τὰς
3245 3503 3456 3573 φύσεις,
3485 3501 3578 3555 δύο
3605 3500 3755 3562 υἱοὺς
3785 3500 3969 3567 λέγει,

2385 3616 2458 3685 μὴ
2488 3611 2757 3665 πιστεύων
2777 3611 2842 3678 τῇ
2871 3607 3062 3677 Γραφῇ
3086 3601 3343 3672 λεγούσῃ,
3369 3600 3451 3651 ὅτι
3486 3617 3504 3650 ι
3559 3599 3599 3651 Ο
3623 3596 3794 3663 Λόγος
3823 3591 3975 3663 σὰρξ

2382 3705 2620 3774 ἐγένετο.
2654 3720 2672 3754 ι

798 3789 997 3846 NEST.
1055 3791 1253 3844 Paulus
1315 3791 1442 3845 dicit
1482 3809 1499 3841 ι
1545 3792 1852 3858 pontiﬁcem
1899 3804 1952 3848 οι
1977 3795 2262 3862 apostolun

2428 3773 2653 3847 VNEXT.
2708 3789 2920 3850 Παῦλος
2968 3787 3116 3854 λέγει
3155 3801 3172 3833 ι
3215 3780 3479 3852 ἀρχιερέα
3525 3777 3620 3830 καὶ
3664 3773 3978 3828 ἀπόστολον

713 3881 1068 3937 confessionis
1100 3891 1296 3935 nostra:
1331 3897 1452 3935 esse
1489 3882 1693 3948 .lesum,
1755 3885 1844 3951 qui
1902 3884 2073 3939 ﬁdelis
2114 3893 2197 3940 est
2229 3900 2258 3940 e

2383 3887 2481 3956 τῆς
2517 3881 2802 3953 ὁμολογίας
2856 3878 3011 3948 ἡμῶν
3053 3872 3306 3944 γενέσθαι
3353 3868 3579 3941 Ἰησοῦν,
3611 3864 3803 3918 πιστὸν
3833 3864 3981 3918 ὄντα

714 3974 806 4040 qui
848 3971 1191 4041 lecitipsutn,
1221 3971 1311 4041 qui
1360 3983 1533 4026 semet
1582 3973 1810 4026 hostiam
1866 3975 2057 4028 obtulit
2101 3992 2197 4045 pro
2223 3991 2262 4030 sc

2383 3953 2461 4044 τῷ
2485 3973 2772 4041 ποιήσαντι
2813 3966 3006 4020 ἑαυτὸν
3037 3964 3134 4032 (2),
3163 3960 3355 4012 θυσίαν
3389 3955 3580 4011 ἑαυτὸν
3623 3953 3978 4024 προσέφερεν

715 4066 856 4118 haud
920 4065 1097 4119 minus
1161 4080 1322 4133 quam
1385 4081 1479 4133 pro
1543 4067 1754 4133 populo.
1809 4067 1986 4133 Quare
2045 4069 2262 4138 pontifet

2387 4065 2525 4135 ὑπὲρ
2554 4061 2747 4116 ἑαυτοῦ
2773 4061 2846 4123 ὡς
2887 4058 3026 4127 ὑπὲρ
3050 4055 3144 4108 τοῦ
3164 4050 3324 4106 λαοῦ·
3349 4049 3470 4103 ὅθεν
3504 4045 3796 4118 ἀρχιερεὺς
3829 4045 3979 4100 καθ-

716 4165 800 4209 est
851 4156 1175 4208 constitutus
1214 4156 1265 4208 itt
1297 4156 1361 4208 iis
1393 4171 1509 4222 qua:
1542 4156 1607 4208 ad
1649 4156 1813 4210 Deum
1854 4159 2124 4227 pertinent
2156 4162 2220 4213 ".
2261 4206 2262 4212 η

2390 4158 2602 4209 ίσταται
2639 4153 2706 4206 τὰ
2736 4152 2872 4220 πρὸς
2906 4149 2995 4202 τὸν
3024 4145 3175 4199 Θεόν.
3217 4162 3234 4193 ι

2458 4248 2623 4301 ΚΥΡ.
2656 4243 2866 4304 Παῦλος
2895 4240 3072 4306 λέγει’
3105 4255 3122 4286 ι
3155 4233 3389 4305 Χριστὸς
3413 4229 3556 4293 ἅπαξ
3583 4224 3979 4299 προσενεχθεὶς

719 4319 1008 4390 multorum
1054 4335 1375 4403 perferenda
1399 4345 1638 4405 peccata,
1686 4338 1919 4390 secundo
1951 4339 2064 4391 sine
2092 4355 2262 4406 peccat

2387 4343 2466 4400 εἰς
2491 4338 2550 4390 τὸ
2580 4335 2787 4389 πολλῶν
2820 4331 3128 4396 ἀνενεγκεῖν
3154 4325 3446 4396 ἁμαρτίας,
3483 4323 3547 4374 ὲκ
3578 4319 3832 4388 δευτέρου
3864 4334 3981 4386 χωρ

720 4437 776 4481 to
800 4427 1077 4495 apparebit
1109 4426 1175 4478 ".
1213 4445 1230 4476 ι
1263 4425 1429 4479 ltent:
1471 4445 1486 4476 ι
1533 4425 1633 4491 Qui
1677 4439 1952 4495 peccatum
1992 4445 2096 4482 non
2137 4430 2261 4484 fecit

2393 4427 2773 4501 ρῖςιὰμαρτίας
2811 4422 3125 4492 ὀφθήσεται.
3169 4436 3187 4467 ι
3221 4416 3332 4470 Καὶ
3375 4414 3563 4467 πάλινο
3609 4431 3626 4460 ι
3668 4409 3983 4478 ’Λμαρτίαν

720 4535 824 4573 nec
859 4518 1014 4572 dolus
1058 4526 1173 4573 erat
1227 4518 1278 4571 in
1317 4518 1412 4570 ore
1439 4518 1557 4585 ejus
1592 4519 1656 4572 ".
1695 4537 1712 4570 ι
1748 4519 1812 4572 Ει
1839 4535 1904 4572 en
1945 4520 2057 4588 ipse
2115 4537 2262 4576 seme

2358 4533 2364 4564 ι
2393 4498 2490 4575 οὐκ
2523 4518 2798 4586 ἐποίησεν,
2833 4514 2925 4566 καὶ
2952 4511 3099 4573 δόλος
3125 4509 3222 4578 οὐχ
3251 4507 3495 4576 ὑπῆρχεν
3530 4505 3588 4556 ὲν
3620 4500 3699 4570 τῷ
3738 4498 3983 4567 στόματι

724 4626 821 4681 pro
878 4611 1034 4664 nobis
1066 4608 1242 4663 oﬂ‘ert.
1279 4608 1490 4662 Videsis
1531 4611 1712 4679 itaque
1759 4613 1902 4680 quod
1945 4630 2048 4667 non
2096 4628 2194 4682 pro
2230 4629 2262 4667 si

2398 4609 2603 4665 αὐτοῦ’
2657 4626 2674 4658 ι
2713 4606 2806 4659 καὶ
2864 4603 2972 4656 ίδοὺ
3012 4601 3174 4663 αὐτὸς
3221 4597 3414 4650 ἑαυτὸν
3472 4593 3774 4666 προσφέρει
3828 4589 3984 4657 ὑπὲρ

724 4704 840 4770 ipso
859 4717 916 4756 se
937 4701 1148 4767 obtulit,
1182 4703 1273 4756 sed
1305 4717 1402 4771 pro
1424 4703 1635 4771 populo.
2105 4681 2111 4682 ί

2397 4700 2554 4771 ἡμῶν
2579 4716 2590 4728 ·
2626 4698 2699 4749 ἴδε
2742 4693 2834 4750 οὖν
2867 4695 2965 4763 οὐχ
3014 4691 3154 4762 ὑπὲρ
3198 4687 3390 4743 ἑαυτοῦ
3449 4687 3747 4756 ἀνήνεγκεν
3785 4681 3983 4742 αὑτὸν,

2397 4792 2509 4846 ἀλλ’
2536 4791 2675 4859 ὑπὲρ
2707 4787 2801 4841 τοῦ
2828 4786 2981 4840 λαοῦ.

797 4876 995 4932 NEST.
1040 4877 1171 4931 Cum
1228 4878 1342 4947 ipse
1387 4879 1574 4932 dicat:
1613 4897 1631 4929 ι
1675 4878 1777 4943 Qui
1810 4879 2095 4932 manducat
2118 4894 2262 4933 mean

2472 4882 2670 4935 ΝΕΣΤ.
2727 4878 2900 4932 Αὐτοῦ
2947 4877 3216 4945 λέγοντος
3258 4891 3275 4923 ι
3329 4870 3387 4922 '0
3437 4867 3662 4938 τρώγων
3716 4880 3818 4933 μου
3876 4862 3987 4930 τὴν

727 4986 967 5033 carnem,
1017 4981 1071 5022 et
1110 4969 1243 5023 bibit
1278 4984 1453 5023 meum
1503 4971 1836 5039 sanguinem,
1890 4972 2033 5023 vivet
2077 4980 2262 5039 propte

2401 4972 2601 5038 σάρκα,
2641 4970 2736 5020 καὶ
2779 4968 2946 5020 πίνων
2993 4983 3093 5035 μου
3127 4964 3188 5016 τὸ
3232 4955 3392 5030 αἷμα,
3442 4957 3665 5026 ζήσεται
3693 4951 3764 5004 δι’
3813 4949 3982 5019 ἐμοῦ,

729 5078 836 5126 me,
874 5062 1130 5130 sicutego
1154 5059 1529 5129 vivo.pr0pter
1553 5076 1696 5124 eum,
1724 5061 1813 5128 qui
1849 5076 1930 5114 me
1981 5062 2146 5126 misit,
2190 5061 2261 5116 Pa

2401 5059 2580 5120 καθὼς
2619 5057 2728 5126 ἐγὼ
2776 5057 2851 5120 ζῶ
2882 5056 2968 5108 διὰ
3005 5055 3097 5107 τὸν
3130 5048 3525 5105 ἀποστείλαντα
3566 5061 3629 5113 με
3668 5040 3915 5110 Πατέρα.
3955 5059 3976 5090 ι

791 4245 950 4299 CVR.
985 4246 1183 4328 l’aulus
1240 4245 1360 4299 ait:
1402 4263 1419 4296 ι
1462 4245 1712 4300 Christus
1748 4250 1914 4301 semel
1957 4250 2170 4304 oblatus
2215 4252 2284 4305 ad

801 5239 841 5268 "
869 5236 968 5288 lsa.
1003 5237 1112 5301 vnf,
1149 5240 1235 5294 Η.
1341 5241 1385 5271 ¹⁰
1416 5235 1598 5289 Matth.
1635 5250 1694 5298 ιι,
1727 5224 1807 5288 l5.
1919 5238 1961 5267 “
1999 5235 2130 5290 Luc.
2174 5252 2209 5296 ι,
2247 5239 2262 5290 ἓ

2436 5240 2480 5269 ⁸³
2509 5236 2800 5301 Philippm,
2833 5235 2886 5288 7.
2999 5234 3041 5264 ³³
3075 5233 3203 5287 Luc.
3237 5246 3294 5296 ιι,
3323 5229 3413 5282 52.
3515 5227 3560 5256 "
3600 5223 3757 5277 Joatt.
3799 5237 3848 5284 I,
3889 5221 3980 5274 Η.

731 5311 778 5342 ’³
809 5309 972 5363 llebr.
999 5309 1138 5374 tu,l.
1215 5310 1259 5340 ’θ
1294 5309 1454 5363 llcbr.
1487 5321 1563 5369 ιιι,
1585 5304 1676 5360 28.
1757 5307 1798 5335 ³⁷
1829 5304 1845 5357 l
1889 5305 2030 5359 Petr.
2062 5323 2117 5369 ιι,
2140 5308 2230 5360 ‘22.

2436 5240 2480 5269 ”
2509 5236 2800 5306 Philippm,
2833 5235 2886 5288 7.
2999 5234 3041 5264 ³³
3075 5233 3203 5287 Luc.
3237 5246 3294 5296 ιι,
3323 5229 3413 5282 52.

807 5469 882 5539 (ι)
909 5467 1077 5536 Negat
1121 5465 1352 5535 Cyrillus
1408 5478 1465 5519 se
1509 5463 1744 5539 dividere
1793 5461 1995 5539 tlhristi
2042 5470 2280 5539 naturas,
2389 5459 2505 5514 huit
2544 5454 2906 5539 calumniandi
2939 5452 3267 5539 catholicos,
3296 5448 3386 5539 qui
3416 5455 3766 5539 naturarum“.
3798 5441 3985 5539 quali:

735 5513 1756 5605 ηοῖἶἌξιιῖιῖῑὐἧὲιὶῖιῖἆιιιῖξιηῖξέι-ἓῌάι
1790 5513 1936 5596 (nam
1966 5513 2282 5605 duasetiaui
2393 5539 2559 5584 tatem
2622 5528 2944 5605 tttebatttur._
2971 5523 3138 5605 _Hine
3193 5513 3453 5598 men-tium
3525 5515 3790 5605 letteblrm,
3821 5513 3982 5605 ‘ltinc

737 5610 789 5661 in
830 5583 965 5661 libi'o
1021 5605 1094 5658 De
1131 5606 1486 5658 incarnatione
1541 5601 1770 5664 Domini,
1794 5583 1940 5668 ‘cap.
1976 5583 2036 5653 3i
2079 5583 2155 5670 [in
2185 5583 2258 5666 [in

2394 5583 2583 5670 vocum
2602 5597 2908 5670 abusiones,
2933 5595 3058 5649 hinc
3088 5591 3216 5645 rixa
3235 5588 3494 5669 proximae.
3525 5584 3794 5670 interdum
3821 5583 3981 5670 λογο-

735 5653 1486 5748 stipéitb'rn'tanii1'és'sé'iiii);
1518 5653 1610 5748 sed
1638 5653 2050 5748 quiaipersonali
2081 5653 2287 5748 Leopula
2399 5653 2638 5748 μαχίριις.
2677 5653 3027 5748 Quanquam.
3049 5653 3318 5748 reapse-.in
3349 5668 3493 5712 secta
3531 5653 3968 5748 'Mpnophysitica

739 5726 914 5800 auritas
941 5726 1194 5800 allirmat.’
1220 5744 1336 5798 Jam
1380 5726 1695 5798 vn'c'ahulut'n
1724 5726 2009 5801 άὸἰιῐεὶοηὶς,
2036 5758 2062 5791 ιι
2101 5726 2289 5794 Νὸειο-
2398 5726 2508 5794 ξιοιῖ
2533 5726 2902 5807 imaginarius",
2937 5735 3037 5807 sed
3061 5726 3306 5807 capitalis
3342 5742 3496 5784 error
3530 5726 3679 5780 latet.

743 5818 905 5874 riztnis
938 5834 1096 5888 prave
1141 5816 1458 5880 adhibitum,
1499 5829 1684 5871 ausam
1729 5811 2107 5880 :‘louuphysitis
2151 5827 2289 5880 prae-
2471 5811 2545 5879 (2)
2580 5802 2664 5862 ltu'
2694 5807 2810 5863 coll.
2857 5823 2951 5874 pro
2982 5802 3164 5857 αὐτόν.
