4104 6494
97 440 180 493 253

1350 444 1705 502 DlALOCUS
1743 443 1888 498 CUM
1929 442 2292 498 NESTORIO.

3346 436 3456 493 254

107 551 220 608 τίνα
243 549 336 611 οῦν
365 559 619 626 ἐσθίεις
648 607 667 628 ,
699 565 974 636 αἱρετικέ
1000 583 1013 629 ;
1042 565 1140 631 τὴν
1181 565 1431 634 θεότητα,
1466 564 1495 633 ἦ
1539 564 1638 630 τὴν
1673 563 1765 614 ἀν·

1873 573 2008 616 trem
2040 562 2108 617 ’⁸.
2169 561 2309 627 Quid
2345 574 2475 628 ergo
2529 557 2852 622 manduca-5,
2890 571 2922 612 o
2970 553 3261 610 haeretice?
3315 553 3421 607 divi

121 647 478 719 ilpm:6tr_':a.;
515 656 661 708 Οὐκ
733 653 869 710 εἶπε
923 657 1032 727 γὰρ
1075 657 1103 708 ὁ
1136 656 1392 725 Χριστδςν
1427 656 1485 706 Ὀ
1531 654 1760 724 τρώγων

139 759 225 812 μου
253 743 347 814 τὴν
380 743 683 817 θεότητα,
724 748 873 802 ἀλλά
911 748 1045 816 ,Τὴν
1077 749 1274 817 σάρκα.

203 835 360 889 ΚΥΡ.
401 837 564 906 Ἐγὼ
633 843 750 910 μὲν
813 841 996 894 πίστει
1058 839 1457 910 μεταλαμϐάνω
1512 841 1610 909 τὴν
1666 837 1761 890 τοῦ

165 929 406 990 ζωοποιοῦ
447 931 646 998 Λόγου
683 931 1067 995 ζωοποιοῦσαν
1109 931 1321 1001 σάρκα’
1364 931 1485 984 ὅθεν
1519 932 1545 983 6
1573 930 1761 1000 Σωτὴρ

173 1020 290 1088 ἔφη·
329 1039 344 1070 ι
389 1017 455 1072 Oi.
500 1021 803 1085 ἐσθίοντες
853 1025 917 1075 ὲκ
955 1021 1143 1074 τούτου
1195 1021 1288 1074 τοῦ
1340 1022 1526 1092 άρτου,
1568 1023 1628 1073 οὐ
1684 1024 1760 1090 μὴ

174 1113 467 1178 γεύσωνται
499 1114 751 1169 Θανάτου
793 1117 875 1178 είς
921 1117 1012 1169 τὸν
1045 1117 1217 1170 αἰῶνα
1241 1131 1254 1143 '
1297 1135 1315 1166 ›
1353 1117 1401 1168 οἱ
1435 1116 1489 1168 δὲ
1527 1116 1763 1180 ἀναξίως

173 1205 708 1273 μεταλ.αμ6άνοντες,
743 1208 830 1260 διὰ
857 1208 956 1277 τῆς
990 1207 1271 1269 ἀπειθείας
1313 1207 1688 1277 κριθήσονται.

238 1295 446 1348 ΝΕΣΤ.
480 1315 497 1346 ι
524 1296 740 1366 Κύριος
771 1298 1083 1350 ἀπέσταλκέ
1123 1314 1188 1366 με
1220 1296 1393 1349 καὶτὸ
1416 1296 1640 1368 Πνεῦμα
1668 1298 1764 1350 αῦ-

168 1386 304 1439 τοῦ’
363 1388 593 1458 Πνεῦμα
650 1389 862 1458 Κυρίου
917 1390 1004 1442 ἐπ’
1055 1391 1172 1459 ἐμὲ,
1217 1384 1276 1442 οὗ
1323 1390 1530 1442 εἵνεκεν
1581 1390 1763 1458 ἔχρισέ

170 1497 234 1548 με
259 1497 272 1510 ο
315 1498 334 1530 ι
367 1482 462 1533 καὶ
509 1481 600 1533 διὰ
645 1480 806 1534 τοῦτὸ
833 1499 1032 1551 φησιν’
1075 1501 1091 1532 ι
1125 1483 1353 1552 Ἔχριοέ
1392 1499 1451 1534 σε
1486 1485 1513 1534 6
1540 1482 1694 1547 Θεὸς,
1734 1485 1762 1536 6

163 1570 305 1634 Θεός
338 1588 458 1634 σου,
484 1571 665 1625 ἔλαιον
715 1573 1095 1639 ἀγαλλιάσεως
1126 1574 1277 1643 παρά
1323 1574 1450 1636 τοῦς
1499 1575 1763 1643 μετόχους

163 1679 302 1716 σου·
357 1683 374 1713 ι
406 1665 520 1716 νόει
579 1660 671 1717 οὖν
716 1665 810 1717 τὸν
856 1665 1168 1735 χρισθέντα,
1216 1665 1470 1734 ὁμολόγει
1521 1665 1610 1717 τὸν
1645 1665 1765 1733 χρί-

164 1773 365 1817 σαντα,
398 1759 495 1808 καὶ
529 1757 824 1827 προσκύνει
859 1758 948 1810 τὸν
981 1759 1105 1810 ναὸν
1141 1757 1226 1810 διὰ
1251 1758 1415 1810 τδνέν
1442 1757 1593 1827 αὐτῷ
1633 1776 1764 1811 κατ-

161 1865 450 1902 οικουντα.

1866 655 2110 716 nitatem,
2140 668 2204 704 an
2238 647 2790 705 humanitatem?Non
2832 649 2978 702 enim
3005 645 3404 700 dixitChristus
3433 662 3447 697 :

1866 743 1965 809 Qui
2004 743 2293 797 manducat
2321 757 2491 796 meam
2518 741 2873 804 divinitatem,
2904 738 3023 800 sed,
3067 752 3305 791 carnem.

1935 833 2092 887 CVR.
2130 834 2239 899 Ego
2270 832 2371 885 ﬁde
2403 831 2603 898 recipio
2648 829 2973 882 viviﬁcantis
3007 823 3169 880 Verbi
3202 839 3446 878 carnem.

1865 926 2018 981 Unde
2043 924 2300 979 Servator
2325 924 2433 975 ait:
2479 940 2496 972 ι
2531 920 2629 987 Qui
2671 920 3000 973 manducant
3043 933 3108 970 ex
3152 915 3254 970 hoc
3288 930 3448 984 pane,

1866 1036 1969 1072 non
2005 1019 2296 1088 gustabunt
2343 1023 2573 1068 mortem
2608 1013 2659 1065 in
2716 1023 2979 1066 mternum
3015 1010 3083 1061 ”.
3128 1026 3145 1059 ι
3177 1007 3277 1074 Qui
3318 1020 3450 1059 vero

1867 1111 2080 1179 indigne
2149 1115 2389 1171 sumunt,
2456 1112 2677 1173 prapter
2731 1100 3169 1157 incredulitatem
3241 1097 3451 1165 judica-

1867 1205 2086 1259 buntur.

1937 1292 2135 1347 NEST.
2173 1310 2190 1342 ο
2236 1290 2493 1344 Dominus
2521 1287 2668 1343 misit
2723 1299 2808 1339 me
2852 1291 2908 1336 et
2959 1281 3192 1351 Spiritus
3238 1278 3355 1346 ejus
3380 1279 3446 1332 ³⁸.

1867 1384 2104 1452 Spiritus
2159 1380 2369 1436 Domini
2423 1392 2586 1447 super
2645 1391 2750 1440 me,
2814 1382 3032 1442 propter
3092 1371 3233 1439 quod
3297 1368 3450 1423 unxit

1868 1475 2035 1528 me”.
2064 1491 2081 1523 ›
2114 1473 2340 1539 Ideoque
2369 1469 2503 1523 dixit
2532 1485 2544 1521 :
2585 1486 2605 1518 ι
2652 1466 2814 1520 Unxit
2841 1475 2891 1519 te
2939 1464 3097 1522 Deus.
3131 1462 3268 1514 Deus
3297 1466 3445 1520 tuus,

1867 1567 1986 1621 oleo
2017 1565 2214 1618 lzetitize
2264 1577 2373 1632 prae
2408 1560 2752 1616 consortibus
2784 1558 2891 1610 tuis
2922 1557 3020 1608 δ’.»
3051 1554 3291 1624 lntellige
3315 1567 3445 1622 ergo

1870 1667 2113 1716 unctum,
2135 1652 2393 1707 conﬁtere
2417 1658 2722 1718 ttnanlem,
2760 1649 2924 1701 adora
2945 1644 3200 1714 templum
3230 1652 3449 1711 propter

1871 1760 1991 1799 eum
2030 1744 2118 1812 qui
2155 1741 2207 1795 in
2235 1743 2350 1811 ipso
2389 1739 2617 1794 habitat.

235 1938 414 1991 ΚΥΡ.
459 1937 601 2006 Ἐγὼ
635 1939 699 1991 ὲκ
736 1937 1052 2009 Πνεῦματος
1090 1939 1246 2007 ἁγίου
1287 1939 1380 1992 καὶ
1406 1939 1624 2008 Μαρίας
1662 1941 1762 2009 τῆς

1935 1922 2095 1975 CYR.
2156 1920 2263 1988 Ego
2306 1933 2368 1972 ex
2407 1927 2596 1972 sancto
2646 1913 2850 1984 Spiritu
2900 1920 2952 1966 et
3003 1910 3173 1963 Maria
3233 1909 3451 1978 Virgine

162 2030 459 2099 Παρθένου
483 2033 580 2084 ’ένα
617 2032 746 2084 Υίὸν
777 2033 842 2084 ὲκ
878 2031 969 2084 δύο
995 2032 1241 2102 ὁμολογῶ
1267 2049 1280 2063 ·
1317 2032 1408 2084 τὸν
1439 2032 1534 2085 ἕνα
1563 2033 1642 2094 είς
1671 2032 1763 2084 δύο

162 2122 225 2173 οὐ
264 2123 492 2191 διαιρῶ.

238 2213 452 2266 ΝΕΣΤ.
486 2213 613 2277 Πῶς
646 2215 866 2282 ἀγνοεῖν
919 2215 1099 2283 λέγεις
1129 2215 1225 2284 τὴν
1252 2215 1420 2286 ὥραν,
1457 2215 1525 2284 ἢν
1553 2217 1581 2267 6
1637 2215 1764 2276 Υἱὸς

163 2305 268 2357 οὐκ
307 2302 473 2370 οἶδεν,
527 2306 573 2358 εί
624 2306 700 2376 μὴ
754 2307 913 2375 μόνος
947 2309 974 2359 6
1031 2308 1255 2377 Πατὴρ;
1309 2309 1380 2359 ’Ἡ
1441 2308 1558 2372 πῶς
1609 2307 1764 2372 εἰδὼς

167 2398 426 2465 ἀρνεῖται
464 2396 608 2468 [cod.
654 2398 932 2469 ἄρχεται];
969 2401 1036 2452 Ἣ
1069 2400 1166 2468 μὴ.
1189 2399 1364 2463 εἰδὼς,
1408 2399 1525 2462 πῶς
1559 2399 1763 2470 ἐκλήθη

172 2489 342 2555 σοφία
399 2490 496 2541 καὶ
548 2490 778 2557 δύναμις
826 2490 960 2543 Θεοῦ
1018 2492 1045 2543 6
1094 2494 1194 2561 τῆς
1247 2491 1471 2560 ἀγνοίας
1523 2491 1765 2562 μετέχων

179 2579 330 2648 (end.
367 2580 461 2633 τὸν
495 2581 719 2648 ἀγνοίας
751 2582 1050 2651 μετέχοντα
1078 2582 1300 2652 τόπον);

246 2759 418 2813 ΚΥΡ.
449 2761 563 2814 Οὐκ
613 2763 800 2830 ἀγνοεῖ
831 2763 858 2814 6
883 2761 1009 2824 Υἱὸς
1046 2761 1141 2814 τοῦ
1187 2761 1322 2814 Θεοῦ
1354 2761 1453 2831 τὴν
1490 2759 1662 2831 ὥραν,
1697 2758 1767 2810 τά

176 2849 356 2902 πάντα
388 2850 550 2915 εἰδὼς
592 2853 685 2904 καὶ⁴
715 2853 852 2922 ἔχων
883 2855 938 2906 έν
974 2852 1152 2924 ἐαυτῷ
1185 2853 1275 2905 τὸν
1301 2854 1544 2923 Πατέρα,
1585 2849 1767 2914 καθὼς

177 2940 339 3002 αὐτὸς
367 2936 524 2994 εἶπεν
548 2957 561 2971 ⁶
605 2960 624 2992 ι
663 2944 851 3005 Οὐδεὶς
883 2944 1141 3012 γινώσκει
1171 2946 1262 2999 τὸν
1291 2945 1532 3014 Πατέρα,
1563 2946 1612 2996 εί
1641 2944 1714 3014 μὴ
1740 2946 1768 2997 6

182 3031 342 3093 Υἱός·
397 3051 416 3082 ι
457 3034 619 3102 μόνος
646 3033 745 3104 τὴν
794 3036 955 3103 φύσιν
981 3037 1075 3089 τοῦ
1121 3037 1334 3107 Πατρὺς
1361 3036 1619 3106 γινώσκει
1668 3035 1767 3105 τὴν

182 3125 286 3194 πρὸ
315 3125 556 3189 πάντων,
593 3125 686 3181 καὶ
726 3127 788 3180 τὸ
814 3128 967 3190 τέλος
997 3127 1090 3182 τοῦ
1137 3129 1333 3191 αἰῶνος
1363 3130 1553 3196 ἀγνοεῖ
1582 3131 1610 3180 6
1641 3129 1767 3191 Υἱὸς

179 3215 268 3268 τοῦ
298 3216 472 3281 Θεοῦ;
532 3218 623 3288 Μὴ
659 3219 872 3287 γένοιτο
892 3236 904 3248 ·
941 3219 1054 3272 ἀλλ’
1085 3220 1270 3285 ἀγνοεῖ
1303 3219 1403 3288 μὲν
1433 3220 1461 3270 6
1502 3219 1643 3271 κατὰ
1671 3216 1764 3287 χά-

185 3327 266 3378 ριν
295 3311 446 3377 Υἱὸς,
486 3310 547 3363 οὐ
596 3311 778 3381 μέντοι
813 3327 877 3379 γε
926 3313 953 3364 6
989 3310 1130 3364 κατὰ
1163 3309 1358 3378 φύσιν·
1414 3309 1556 3362 κατὰ
1607 3310 1768 3379 χάριν

183 3401 338 3468 ἡμεῖς
369 3406 540 3470 ἐσμεν
583 3402 908 3470 ἀγνοοῦντες
946 3402 1007 3454 τὸ
1045 3403 1173 3464 πᾶν,
1199 3402 1296 3454 καὶ
1338 3400 1506 3472 μηδὲν
1541 3401 1767 3454 ἐπιστά-

185 3509 330 3562 μενοι
362 3496 494 3563 περὶ
526 3494 592 3546 τὰ
623 3495 749 3562 τέλη
777 3495 871 3546 τοῦ
893 3495 1107 3557 αἰῶνος.

251 3582 454 3636 ΝΕΣΤ.
481 3583 728 3645 Φυσικῶς
763 3583 1038 3653 πεινῶμεν
1064 3585 1158 3636 καὶ
1182 3584 1427 3654 διψῶμεν
1453 3585 1545 3636 καὶ
1572 3584 1769 3637 καθεύ-

182 3670 362 3741 δομεν,
402 3672 463 3724 οὐ
492 3671 684 3743 γνώμῃ
720 3671 879 3725 τοῦτο
914 3674 1236 3742 πάσχοντες,
1277 3672 1394 3726 ἀλλ’
1421 3673 1638 3743 ἀνάγκῃ
1670 3674 1770 3742 φύ-

187 3777 316 3826 σεως
367 3763 754 3832 ὑποκείμενον
791 3763 844 3815 τί
873 3759 1004 3828 οῦν;
1038 3763 1395 3834 εὑρεθήσεται
1446 3763 1577 3826 Θεὸς
1604 3765 1771 3833 ἀναγ-

184 3857 464 3918 καστικοῖς
497 3855 684 3924 νόμοις
712 3854 1112 3921 ἐξακολουθῶν;
1149 3856 1240 3926 Μὴ
1265 3856 1495 3923 γένοιτο.

252 3948 419 4001 ΚΥΡ.
460 3947 653 4018 Ἡμεῖς
684 3949 781 4019 μὲν
821 3948 1064 4015 φυσικῶς
1092 3947 1368 4018 πεινῶμεν
1407 3949 1501 4000 καὶ
1527 3946 1770 4017 διψῶμεν

185 4043 272 4095 καὶ
302 4040 666 4110 καθεύδομεν,
692 4042 753 4093 οὐ
775 4040 990 4111 γνώμῃ,
1018 4039 1133 4093 ἀλλ’
1165 4039 1380 4110 ἀνάγκῃ
1409 4039 1625 4108 φύσεως
1653 4039 1770 4091 δου-

183 4133 428 4195 λεύοντες
453 4150 466 4161 ·
517 4132 676 4193 αὐτὸς
715 4132 773 4183 δὲ
822 4132 920 4183 οὐκ
953 4131 1188 4204 ἀνάγκῃ,
1226 4131 1364 4191 ἀλλὰ
1408 4131 1602 4200 γνώμῃ
1625 4147 1636 4160 ·
1676 4131 1770 4182 καὶ

186 4226 288 4295 γὰρ
323 4227 388 4276 ὲκ
419 4225 583 4275 πέντε
622 4223 802 4292 ἄρτων
829 4222 1300 4290 πεντακισχιλίους
1329 4222 1645 4290 ὲχόρτασεν,
1676 4221 1771 4272 καί

185 4317 240 4382 ἐξ
273 4316 416 4371 ἑπτά
444 4314 612 4367 πάλιν
641 4313 1110 4383 τετρακισχιλίους
1136 4329 1148 4341 ·
1183 4311 1344 4373 αὐτὸς
1383 4306 1536 4363 εἶπεν
1562 4328 1575 4341 ο
1609 4330 1625 4360 ‹
1663 4311 1768 4361 Ου-

185 4411 289 4473 δεὶς
327 4407 603 4478 λαμϐάνει
631 4409 730 4476 τὴν
769 4406 949 4475 ψυχήν
998 4423 1097 4474 μου
1149 4405 1244 4457 ἀπ’
1275 4403 1432 4471 ἐμοῦ,
1477 4401 1591 4455 ἀλλ’
1643 4403 1772 4454 ὅταν

190 4502 323 4554 Θέλω
361 4498 627 4570 λαμϐάνω
654 4498 853 4566 αὑτήνο
894 4514 912 4546 ι
942 4495 1118 4557 οὐδεὶς
1143 4494 1199 4547 δὲ
1232 4493 1518 4565 ἄνθρωπος
1549 4492 1770 4546 δύναται

190 4593 343 4647 τοῦτο
384 4593 636 4662 ποιῆσαι,
671 4592 717 4643 εἰ
753 4590 828 4660 μὴ
853 4589 881 4641 6
912 4589 1072 4658 μόνος
1099 4586 1357 4658 Χριστός.

265 4861 468 4916 ΝΕΣΤ.
510 4859 706 4928 Λέγεις
738 4857 821 4911 ὅτι
873 4855 1073 4910 ἔπαθεν
1119 4858 1147 4910 6
1184 4855 1312 4916 Υἱός
1339 4870 1353 4919 ;
1385 4852 1626 4906 Ἐπαθεν
1681 4849 1774 4903 οὖν

199 4953 288 5008 καὶ
312 4957 339 5006 6
368 4953 564 5030 Πατήρ
584 4965 599 4981 ⁸
636 4952 686 5003 εἱ
709 4949 766 5003 δὲ
790 4949 968 5017 λέγεις
1009 4949 1092 5002 ὅτι
1119 4949 1148 5000 6
1178 4946 1365 5018 Πατὴρ
1404 4947 1504 4999 οὐκ
1549 4944 1770 5008 ἔπαθεν,

203 5046 531 5117 ἐτεροούσιον
561 5042 725 5098 αὐτοῦ
757 5041 1062 5111 πεποίηκας
1085 5041 1175 5094 τὸν
1202 5040 1350 5093 Υἱόν.

266 5137 425 5190 ΚΥΡ.
470 5133 609 5188 Οὔτε
658 5135 751 5186 τὸν
783 5129 1004 5204 Πατέρα
1043 5131 1187 5200 λέγω
1219 5130 1482 5201 παθητὸν,
1523 5127 1646 5181 οὔτε
1679 5126 1768 5181 τὸν

207 5227 324 5280 Υἱὺν
351 5227 537 5297 ἀπαθῆ
564 5243 578 5258 ο
605 5225 720 5280 ἀλλ’
740 5226 946 5288 ἀπαθὲς
972 5225 1070 5296 μὲν
1101 5224 1162 5277 τὸ
1188 5223 1364 5287 Θεῖον,
1389 5224 1471 5275 ὅτι
1503 5223 1597 5274 καὶ
1621 5220 1768 5274 ἀσώ-

214 5335 364 5386 ματον
390 5338 404 5350 ·
432 5317 677 5389 παθητὸς
706 5316 765 5369 δὲ
793 5316 822 5368 6
853 5313 1053 5385 Κύριος
1087 5312 1174 5366 διὰ
1199 5311 1297 5382 τὴν
1333 5311 1529 5383 σάρκα.

271 5495 462 5552 ΝΕΣΤ.
509 5495 652 5564 Ἐγὼ
678 5495 737 5548 οὐ
775 5493 918 5560 λέγω
939 5491 1029 5545 τὸν
1048 5490 1219 5559 Λόγον
1254 5489 1432 5560 σάρκα
1458 5487 1768 5557 γενόμενον,

217 5585 321 5639 οὐδὲ
346 5588 585 5643 παθόντα
610 5607 622 5620 ο
658 5586 874 5650 ἀπαθὲς
901 5585 1009 5655 γάρ
1031 5584 1092 5638 τὸ
1115 5583 1290 5648 Θεῖον,
1312 5583 1403 5634 καὶ
1429 5579 1615 5633 παθῶν
1638 5578 1771 5632 ἀνώ-

279 5791 317 5823 ¹⁸
344 5791 489 5850 Joan.
517 5811 592 5853 Vt.
625 5795 718 5848 57.
797 5792 843 5822 ’θ
870 5790 1020 5846 Joan.
1053 5808 1122 5848 νι.
1157 5791 1242 5848 59.
1327 5790 1367 5822 ³⁸
1400 5789 1500 5842 Isa.
1531 5804 1716 5846 XLVI",
1753 5785 1835 5840 l6.
1913 5785 1954 5816 ³¹
1996 5781 2098 5837 isa.
2129 5781 2291 5853 t.\'t,l
2337 5777 2512 5853 φίλει-(ι.
2553 5793 2622 5853 ιν,
2677 5775 2756 5828 18.

221 5859 354 5924 Μιτο,
395 5883 504 5938 xm,
540 5866 632 5923 5'3.
717 5864 762 5894 ³³
793 5861 948 5918 Jom.
985 5880 1033 5931 κ,
1067 5864 1154 5919 58.
1235 5864 1278 5895 ³⁵
1311 5861 1498 5918 Matth.
1535 5877 1606 5923 λι,
1639 5859 1726 5912 '27.

1870 2030 2032 2067 unum
2089 2011 2285 2064 Filium
2321 2024 2387 2062 ex
2443 2007 2654 2062 duobus
2707 2003 2991 2059 conﬁteor.
3029 2000 3204 2055 Unum
3232 2001 3283 2053 in
3315 2000 3451 2054 duos

1868 2120 1973 2158 non
2015 2102 2212 2156 dividi).

1940 2193 2136 2247 NEST.
2177 2191 2458 2258 Quomodo
2492 2185 2711 2258 (illum)
2742 2185 2992 2253 ignorare
3044 2183 3182 2236 dicis
3230 2183 3449 2243 horam,

1869 2301 2028 2354 quam
2095 2298 2283 2349 reapse
2336 2282 2504 2335 Filius
2565 2277 2811 2340 nescivit,
2859 2275 3024 2326 Pater
3067 2283 3249 2327 autem
3302 2272 3450 2326 solus

1867 2377 2023 2429 scivit
2049 2374 2138 2426 ’3?
2184 2374 2287 2426 Aut
2319 2371 2611 2440 quomodo,
2658 2367 2703 2420 si
2730 2366 2897 2419 Filius
2923 2363 3103 2429 scivit,
3127 2365 3178 2417 id
3208 2361 3454 2432 negavit?

1870 2466 1964 2519 Vel
1996 2466 2039 2520 si
2087 2480 2274 2519 revera
2318 2462 2568 2522 nescivit,
2608 2454 2878 2526 quomodo
2918 2453 3215 2523 appellatus
3250 2462 3332 2508 est
3359 2467 3444 2507 sa-

1869 2556 2068 2625 pientia
2102 2540 2362 2609 ac‘virtus
2396 2552 2512 2615 Dei,
2541 2551 2586 2604 is
2615 2549 2704 2617 qui
2724 2545 2953 2600 inscitiae
2974 2555 3183 2612 partem
3214 2543 3452 2612 aliquam

1869 2647 2099 2702 habuit?

1947 2743 2108 2801 CVR.
2147 2741 2263 2796 Non
2304 2741 2520 2808 ignorat
2545 2735 2638 2790 Dei
2676 2734 2843 2787 Filius
2881 2733 3070 2786 horam
3095 2768 3110 2794 ,
3142 2726 3235 2796 qui
3264 2725 3454 2780 omnia

1870 2841 2021 2895 novit
2049 2833 2393 2903 habetquein
2445 2845 2503 2884 se
2545 2831 2658 2896 ipso
2703 2826 2916 2879 Patrem
2945 2823 3013 2885 ",
3067 2830 3124 2874 ut
3172 2820 3287 2888 ipse
3331 2817 3452 2871 ait:

1876 2952 1894 2983 ι
1927 2931 2093 2984 Nemo
2122 2927 2270 2980 novit
2300 2924 2511 2976 Patrem
2539 2921 2639 2973 nisi
2663 2916 2916 2970 Filius”.
2959 2934 2976 2966 ι
3022 2911 3180 2965 Solus
3213 2911 3329 2978 ipse
3354 2923 3454 2962 na-

1873 3035 2045 3077 turam
2073 3019 2250 3072 Patris
2287 3013 2566 3084 cognoscit
2622 3027 2740 3080 qua:
2778 3019 2859 3064 est
2885 3018 3011 3060 ante
3036 3003 3243 3068 onmia,
3274 3000 3455 3055 saeculi

1871 3130 1998 3168 vero
2027 3113 2183 3166 ﬁnem
2208 3107 2378 3161 Filius
2402 3105 2490 3158 Dei
2518 3100 2774 3172 ignorat?
2803 3097 2992 3152 Absit!
3024 3097 3243 3164 Ignorat
3272 3090 3458 3158 utique

1872 3208 1922 3261 is
1966 3206 2055 3274 qui
2091 3200 2388 3258 secundum
2425 3195 2653 3267 gratiam
2683 3200 2768 3247 est
2825 3189 2989 3251 ﬁlius,
3049 3203 3154 3241 non
3216 3181 3459 3252 profecto

1878 3299 1967 3353 ille
2019 3297 2108 3365 qui
2141 3291 2438 3348 secundum
2490 3296 2764 3341 naturam.
2810 3282 2981 3336 Porro
3012 3278 3304 3333 secundum
3333 3289 3460 3343 gra~

1879 3391 2009 3444 tiam
2046 3401 2145 3440 nos
2183 3395 2391 3443 sumus,
2422 3379 2512 3448 qui
2562 3375 2804 3429 funditus
2852 3374 3186 3441 ignoramus,
3220 3366 3462 3435 nihilque

1877 3483 1942 3536 ad
1985 3481 2144 3534 ﬁnem
2164 3473 2341 3531 seculi
2366 3470 2644 3542 pertinens
2685 3467 2913 3520 scimus.

1949 3569 2150 3625 NEST.
2185 3563 2517 3620 Naturaliter
2549 3559 2841 3622 esurimus,
2867 3555 3106 3617 sitimus,
3144 3560 3308 3621 atque
3336 3549 3463 3604 dor-

1878 3664 2098 3724 mimus,
2161 3657 2304 3712 haud
2355 3652 2653 3708 deliberate
2708 3650 2759 3702 id
2813 3655 3052 3717 agentes,
3109 3646 3202 3698 sed
3256 3650 3463 3694 natura:

1880 3754 2203 3810 necessitate
2231 3759 2481 3816 cogente.
2510 3743 2650 3809 Quid
2694 3739 2866 3810 ergo?
2896 3735 3036 3790 Num
3062 3736 3204 3789 Deus
3242 3747 3462 3802 compe-

1881 3848 2052 3901 rietur
2086 3840 2409 3909 cogentibus
2443 3834 2652 3904 legibus
2682 3829 3105 3900 obtemperare?
3136 3827 3322 3881 Absit!

1949 3934 2111 3991 CYR.
2145 3932 2251 3986 Nos
2269 3928 2486 4000 quidem
2532 3923 2855 3980 naturaliter
2896 3921 3188 3982 esurimus,
3225 3918 3461 3983 sitimus,

1878 4041 2037 4096 atque
2066 4023 2386 4084 dormimus,
2426 4034 2531 4073 non
2558 4026 2769 4086 sponte,
2791 4014 2887 4067 sed
2917 4021 3126 4066 naturae
3151 4007 3463 4063 necessitati

1879 4114 2356 4181 servienteszipse
2412 4123 2544 4162 vero
2589 4122 2693 4160 non
2741 4113 2995 4166 coactus,
3028 4101 3123 4154 sed
3169 4108 3360 4166 Sponte
3413 4097 3463 4148 id

1879 4206 2283 4276 experiebatur.
2321 4200 2464 4254 Idem
2503 4199 2701 4266 quippe
2733 4203 2816 4248 est
2848 4193 2937 4261 qui
2977 4193 3216 4259 quinque
3237 4186 3465 4254 panibus

1879 4293 2116 4361 quinque
2177 4288 2340 4341 millia
2407 4285 2682 4339 hominum
2748 4281 3013 4335 saturavit
3043 4278 3108 4340 ³⁸,
3164 4287 3214 4330 et
3270 4290 3460 4328 rursus

1880 4394 2083 4452 septem
2133 4379 2360 4450 panibus
2428 4377 2591 4428 millia
2661 4381 2892 4442 quatuor
2923 4372 2989 4422 ³⁷.
3058 4369 3199 4422 Idem
3255 4366 3391 4420 dixit
3447 4382 3461 4418 :

1886 4495 1903 4526 ι
1945 4473 2116 4529 Nemo
2141 4471 2279 4524 tollit
2325 4470 2561 4522 animam
2597 4480 2771 4520 meam
2802 4479 2829 4516 a
2864 4476 2969 4526 me,
2995 4462 3111 4524 sed,
3156 4475 3275 4512 cum
3323 4456 3465 4519 volo,

1881 4580 2001 4618 eam
2060 4569 2308 4632 pono;et
2367 4572 2581 4619 rursus,
2617 4570 2740 4608 cum
2791 4553 2935 4616 volo,
2984 4566 3138 4604 sumo
3192 4563 3310 4603 eam
3344 4547 3409 4600 ³⁸.
3443 4563 3463 4596 ι

1806 4620 1850 4676 D
1882 4655 2072 4710 Nullus
2121 4663 2301 4706 autem
2357 4650 2461 4704 hoc
2504 4661 2665 4718 agerc
2719 4654 2898 4715 potest
2939 4645 3122 4705 homo,
3175 4641 3277 4694 nisi
3330 4654 3470 4693 unus

1879 4746 2150 4800 Christus.

1955 4833 2154 4889 NEST.
2207 4831 2303 4887 Ais
2347 4830 2544 4884 Filium
2575 4840 2796 4897 passum
2839 4822 3232 4879 esseiPassus
3287 4820 3471 4887 itaque

1879 4926 2038 4980 etiam
2065 4923 2226 4977 Pater
2260 4931 2364 4975 est.
2391 4917 2544 4985 Quod
2568 4918 2611 4972 si
2642 4929 2804 4984 negas
2829 4914 3047 4967 Patrem
3071 4925 3190 4964 esse
3209 4923 3462 4977 passum,

1881 5021 2109 5074 diversa:
2140 5016 2206 5070 ab
2231 5028 2295 5068 eo
2321 5010 2639 5068 substantiae
2680 5007 2876 5061 Filium
2911 5018 3032 5059 esse
3064 5003 3284 5059 asseris.

1951 5110 2110 5165 CVR.
2146 5107 2334 5174 Neque
2378 5103 2592 5158 Patrem
2626 5097 2937 5170 passibilem
2970 5096 3117 5160 dico,
3151 5107 3329 5164 neque
3375 5087 3468 5148 Fi-

1877 5203 2003 5257 lium
2033 5197 2419 5271 irnpassibilem
2448 5213 2461 5249 :
2500 5195 2593 5249 sed
2619 5189 2965 5262 impassibilis
3004 5186 3302 5251 estdeitas,
3337 5186 3464 5256 quia

1877 5296 2234 5364 incorporea;
2272 5286 2543 5359 passibilis
2587 5299 2714 5340 vero
2763 5279 3024 5334 Dominus
3075 5285 3300 5348 prOpter
3343 5290 3468 5330 car-

1877 5403 2019 5442 DCIII.

1942 5475 2144 5530 NEST.
2178 5474 2288 5544 Ego
2316 5487 2420 5527 non
2446 5471 2531 5525 aio
2558 5468 2796 5522 Verbum
2826 5465 3031 5520 factum
3071 5476 3192 5518 esse
3213 5475 3456 5523 carnem.

1877 5584 2051 5639 neque
2107 5581 2370 5637 passum;
2405 5573 2489 5618 est
2543 5559 2684 5616 enim
2747 5554 3102 5626 impassihilis
3152 5553 3363 5616 deitas;
3406 5561 3460 5605 et

2854 5774 2895 5804 ³⁸
2926 5770 3066 5828 Psal.
3108 5782 3251 5828 κων,
3287 5763 3378 5817 28.
3410 5763 3457 5795 ³³

1810 5832 1852 5889 δ”
1884 5832 2155 5916 Mar-Cri,
2179 5832 2291 5909 Tt'l.‘
2340 5832 2396 5882 ’³⁷
2426 5832 2730 5909 Mattlnxv,
2767 5845 2854 5899 εδ.
2957 5842 2998 5874 εδ
3032 5841 3187 5896 Joan.
3237 5852 3286 5890 ς.
3325 5832 3408 5890 t8.
