4104 6490
690 400 793 451 255
1693 401 1749 453 S.
1793 401 2065 454 CYRILLI
2106 403 2575 462 ALEXANDBINI
2617 411 2940 465 ARCHIEP.
3880 415 3991 468 256

687 508 932 576 superior
954 505 1424 577 cuilibetpassioni
1454 521 1555 574 est,
1584 527 1667 567 res
1699 514 2067 583 impassibilis.
2094 518 2258 573 Porro
2287 532 2308 585 Α

2369 539 2521 592 τερος
2559 526 2586 576 6
2612 524 2857 595 ἀπαθής·
2894 524 3117 596 παθητὴ
3164 524 3219 578 δὲ
3254 527 3389 599 σὰρξ
3421 528 3515 579 καὶ
3542 524 3714 597 θνητὴ
3751 524 3990 593 ἀνθρω-

686 598 955 669 passibilis
989 607 1071 653 est
1094 612 1240 665 caro,
1268 609 1323 654 et
1355 601 1595 655 mortalis
1638 602 1869 658 humana
1895 615 2113 661 natura.
2365 614 2497 683 πίνη
2529 614 2712 683 φύσις.

753 688 1267 745 CYR.Contltemur
1321 706 1420 747 nos
1464 708 1678 763 quoque
1721 695 2112 764 impassibilem
2141 714 2263 755 esse

2437 700 2597 752 ΚΥΡ.
2645 700 3046 771 Ὀμολογοῦμεν
3081 703 3175 756 καὶ
3221 702 3381 772 ἡμεῖς
3413 703 3623 767 ἀπαθὲς
3665 705 3731 757 τὸ
3790 704 3983 766 Θεῖον,

684 781 937 835 deitatem
972 797 986 847 ;
1019 780 1111 836 sed
1134 792 1314 835 tamen
1361 783 1413 836 in
1463 799 1628 839 carne
1684 787 1991 855 passionem
2026 792 2259 858 excepit.

2368 793 2449 845 διὰ
2482 793 2538 844 δὲ
2572 792 2673 862 τῆς
2722 793 2923 864 σαρκὸς
2969 793 3293 858 κατεδέξατο
3340 795 3513 860 πάθος
3538 812 3552 825 ·
3596 795 3747 855 ὅθεν.
3785 815 3807 847 ι
3844 796 3989 866 Χρι-

687 871 841 927 Unde
863 872 990 927 illud
1019 891 1034 929 :
1066 891 1084 925 ι
1121 874 1337 929 Christo
1366 891 1465 945 pro
1496 877 1651 932 nobis
1677 879 1728 931 in
1763 894 1924 933 carne
1958 883 2198 950 passo".
2233 901 2251 933 ι

2364 883 2490 937 στοῦ
2531 884 2795 948 παθόντος
2842 881 3006 955 σαρκὶ
3037 886 3176 955 ὑπὲρ
3226 886 3382 957 ἡμῶν
3408 902 3421 917 ·
3459 906 3479 939 ι
3514 887 3575 939 τὸ
3602 886 3685 949 δὲ,
3709 888 3982 956 Χριστὲς

686 962 882 1016 Christi
944 973 1121 1018 autem
1162 965 1480 1020 vocabulum
1545 967 1686 1021 haud
1739 969 1974 1023 alienum
2014 970 2122 1025 Deo
2152 981 2253 1026 est.

2363 977 2460 1028 οὐκ
2492 976 2771 1044 ἀλλότριον
2814 976 2948 1029 Θεοῦ
2992 977 3163 1047 ὄνομα
3185 993 3197 1006 °
3224 979 3254 1029 6
3287 978 3396 1048 γάρ
3417 978 3717 1041 ἀπόστολος
3756 976 3984 1039 name;

684 1051 974 1121 Apostolus
1026 1056 1171 1108 enim
1221 1055 1419 1111 Paulus
1463 1058 1633 1113 dicit:
1675 1077 1694 1110 ι
1743 1060 1819 1113 Ex
1856 1062 2051 1130 quibus
2105 1062 2263 1116 Cbri-

2373 1081 2588 1134 φησιν·ι
2624 1065 2713 1129 Ἐξ
2744 1060 2818 1119 ὧν
2846 1068 2874 1118 6
2900 1067 3148 1137 Χριστὸς,
3178 1068 3206 1120 6
3237 1068 3311 1119 ῶν
3335 1070 3428 1121 ἐπὶ
3451 1070 3667 1123 πάντων
3694 1067 3849 1131 Θεὸς
3882 1070 3976 1119 εὐ-

689 1150 826 1207 stus,
892 1144 984 1210 qui
1044 1154 1129 1197 est
1180 1162 1343 1215 super
1396 1151 1578 1204 omnia
1637 1149 1776 1206 Deus
1842 1154 2155 1208 benedictus
2207 1154 2260 1208 in

689 1232 883 1286 arcula
908 1233 972 1283 ⁸ο.
1001 1234 1191 1287 Amen.
1244 1256 1262 1287 ι

1774 1186 1776 1200 ι
1842 1154 2155 1208 benedictus
2207 1154 2260 1208 in
2370 1156 2595 1225 λογητὸς
2625 1157 2705 1220 εις
2734 1158 2859 1219 τοὺς
2889 1157 3114 1221 αἰῶνας.
3158 1158 3351 1229 Ἀμήν.
3378 1180 3395 1212 ι

689 1246 883 1286 8³361113
908 1246 972 1283 “’.
1001 1246 1191 1289 Amen.
1244 1256 1262 1288 ι

697 1445 3966 1491 W

1036 1620 1381 1753 ΤΟΥ
1481 1617 2056 1753 ΑΥΤΟΥ
2138 1616 2658 1752 ΑΓΙΟΥ
2741 1622 3601 1759 ΚΥΡΙΛΑΟΥ

1730 1852 2302 1908 ΑΡΧΙΕΠΙΣΚΟΠΟΥ
2339 1852 2861 1907 ΑΛΕΞΑΝΔΡΕΙΑΣ

2124 2016 2493 2101 ΛΟΓΟΣ

832 2199 1005 2253 ΚΑΤΑ
1052 2199 1183 2250 NN
1221 2198 1332 2249 ΜΗ
1366 2198 1875 2251 ΒΟΥΛΟΜΕΝΩΝ
1911 2198 2352 2252 ΟΜΟΛΟΓΕΙΝ
2395 2198 2773 2253 ΘΕΟΤΟΚΟΝ
2810 2197 2954 2253 ΤΗΝ
2988 2202 3225 2254 ΑΓΙΑΝ
3261 2200 3654 2254 ΠΔΡΘΕΝΟΝ
3686 2196 3792 2270 (1).

1352 2525 1496 2642 EJ
1518 2528 1990 2644 USDEM
2084 2529 2604 2643 SANCTI
2689 2526 3277 2641 CYBILLI

1812 2746 2334 2803 ARCIIIEPISCOPI
2373 2745 2847 2803 ΑιΕΧΑΝοιιιΝι

2120 2924 2471 3009 LIBER

918 3111 1309 3173 ADVERSUS
1361 3111 1749 3173 NOLENTES
1798 3113 2202 3174 CONFITERI
2252 3113 2601 3173 SANCTAM
2659 3111 3038 3172 VlRGINEM
3081 3111 3262 3170 ESSE
3312 3111 3727 3171 DEIPARAM.

986 3283 1132 3347 (Ang.
1159 3283 1270 3343 ΜΑι,
1301 3282 1424 3334 Bibl.
1482 3296 1607 3334 nova
1642 3284 1751 3332 PP.
1790 3282 1850 3339 ll,
1881 3282 1957 3341 73,
1996 3295 2057 3330 ex
2108 3282 2214 3329 cod.
2253 3279 2362 3329 Vat.
2389 3279 2430 3329 Α
2461 3279 2593 3339 1451,

1996 3295 2057 3330 ex
2108 3282 2214 3329 cod.
2253 3279 2362 3329 Vat.
2389 3279 2430 3329 Α
2461 3279 2593 3339 1451,
2620 3279 2645 3326 ι.
2680 3278 2785 3338 ιδι,
2815 3285 2868 3329 et
2894 3280 2999 3328 cod.
3042 3277 3205 3329 Ottob.
3237 3279 3275 3327 B
3304 3279 3383 3339 30,
3404 3278 3458 3341 '_f.
3485 3278 3613 3339 366.)

753 3583 939 3656 14Αὸ
980 3583 1032 3638 1.
1072 3583 1276 3638 Νοιιιιιι
1300 3583 1491 3641 medici
1522 3584 1878 3653 praecavenda
1908 3583 2120 3637 morbos
2151 3581 2247 3634 ad-
2280 3587 2332 3641 B,

2330 3633 2332 3635 .
2419 3586 2487 3631 α’.
2525 3580 2732 3631 ’Ἰσασιν
2753 3574 2952 3645 ἰατρῶν
2973 3574 3158 3636 παῖδες
3180 3573 3597 3644 προφυλακτικὰ
3617 3571 3729 3624 τῶν
3752 3571 3951 3625 παθῶν

676 3674 907 3745 jutoria;
970 3673 1166 3729 etenim
1223 3676 1420 3743 praevia
1474 3684 1590 3728 arte
1635 3684 1885 3728 avertunt
1941 3672 2255 3741 impendens

2359 3668 2696 3740 βοηθήματα,
2756 3669 2821 3736 τῇ
2876 3666 3042 3738 τέχνῃ
3087 3664 3607 3735 προαναστέλλοντες
3659 3662 3757 3733 τὴν
3820 3662 3949 3733 μέλ-

681 3769 957 3832 damnum,
991 3775 1043 3820 et
1079 3765 1415 3819 diversarum
1440 3765 1831 3820 medicinarum
1865 3765 2257 3833 compositione

2356 3765 2551 3817 λουσαν
2576 3761 2804 3832 βλάϐην,
2830 3761 2926 3814 καὶ
2953 3762 3019 3831 τῇ
3046 3759 3153 3813 τῶν
3180 3759 3453 3830 διαφόρων
3483 3758 3793 3827 φαρμάκων
3827 3773 3947 3810 συν·

681 3858 993 3911 morborum
1027 3856 1249 3911 vincunt
1279 3857 1562 3912 saevitiam.
1601 3856 1910 3911 Prmvident
1957 3856 2117 3909 etiam
2155 3870 2255 3923 gu-

2359 3856 2505 3908 θὲσει
2532 3854 2630 3924 τὴν
2654 3852 2765 3905 τῶν
2800 3852 2990 3926 παθῶν
3020 3851 3278 3913 νικῶντες
3310 3850 3636 3921 ἀγριότηταο
3671 3848 3949 3920 προορῶσι

681 3949 996 4007 bernatores
1042 3963 1411 4015 stepenumero
1456 3957 1738 4001 ventorum
1791 3948 2113 4001 mutationes
2158 3962 2256 4001 usu

2358 3948 2452 3999 καὶ
2482 3945 2813 4016 κυϐερνῆται
2858 3943 3121 4005 πολλάκις
3149 3942 3247 4004 τὰς
3273 3940 3380 3994 τῶν
3416 3938 3743 4009 πνευμάτων
3781 3956 3948 4008 μετα-

681 4040 879 4104 edocti,
923 4048 978 4092 et
1023 4039 1274 4092 idoneum
1320 4040 1545 4107 tempori
1594 4039 1916 4093 adhibentes
1952 4038 2255 4101 consilium,

2359 4039 2523 4099 δολὰς
2552 4037 2656 4091 ὑπὸ
2684 4037 2784 4106 τῆς
2817 4035 3109 4105 συνηθείας
3127 4032 3505 4102 ὁδηγούμενοι,
3534 4031 3629 4083 καὶ
3653 4029 3750 4100 τὴν
3773 4044 3947 4100 προσ-

684 4130 978 4183 immunem
1009 4128 1290 4195 naufragio
1321 4137 1489 4183 ralem
1525 4143 1644 4182 cum
1682 4129 1774 4183 Dei
1806 4130 2005 4181 auxilio
2039 4143 2258 4181 conser—

2361 4133 2600 4201 ήκουσαν
2641 4132 2705 4197 τῇ
2747 4128 2906 4197 χρείᾳ
2940 4125 3256 4196 ποιούμενοι
3289 4125 3570 4194 πρόνοιαν,
3601 4112 3946 4193 άναυάγητον

684 4228 835 4273 vant.
886 4218 1077 4272 Parem
1122 4220 1421 4272 animarum
1474 4218 1782 4273 nostrarum
1836 4235 2025 4288 gerens
2073 4234 2258 4273 curam

2359 4221 2420 4273 τὸ
2457 4220 2662 4288 σκάφος
2704 4222 2768 4288 τῇ
2821 4218 2913 4270 τοῦ
2962 4218 3097 4270 Θεοῦ
3139 4218 3428 4287 συνεργειᾳ,
3464 4214 3943 4284 διαφυλάττουσιν·

683 4308 847 4373 Deus,
898 4308 1142 4377 praedicit
1197 4308 1353 4364 nobis
1415 4310 1768 4365 tentationum
1827 4309 2145 4385 periculum,
2199 4318 2261 4362 ut

2359 4312 2631 4380 τοσαύτην
2674 4308 2783 4362 τῶν
2823 4310 3111 4379 ἡμετέρων
3142 4308 3327 4378 ψυχῶν
3377 4310 3405 4360 6
3446 4306 3577 4369 Θεὸς
3621 4305 3946 4375 ποιούμενος

684 4400 882 4455 damno
898 4409 1020 4453 ante
1033 4400 1463 4467 experimentum
1480 4402 1693 4470 cognito
1707 4400 1863 4470 hujus
1877 4401 2165 4455 discrimen
2184 4408 2263 4453 ιιι-

2362 4403 2639 4474 πρύνοιαν,
2680 4399 2936 4472 προλέγει
2986 4399 3095 4453 τῶν
3135 4398 3459 4469 πειρασμῶν
3490 4399 3621 4467 ἡμῖν
3647 4396 3736 4448 τὸν
3765 4395 3946 4449 κινδυο

686 4500 741 4545 ιο
767 4487 1348 4545 vitemus.Novitenim
1369 4490 1506 4546 Deus
1521 4503 1713 4545 cuncta
1732 4502 2020 4560 antequam
2048 4491 2257 4556 ﬁant“;

2360 4512 2470 4558 νον,
2533 4494 2619 4545 ἵνα
2676 4492 2936 4561 μαθόντες
2988 4490 3095 4561 πρὸ
3151 4494 3251 4559 τῆς
3306 4489 3501 4559 πείρας
3556 4488 3655 4558 τὴν
3716 4485 3941 4556 βλάϐην,

687 4582 830 4636 haud
864 4581 1171 4648 conjectura
1209 4623 1224 4648 ,
1262 4591 1321 4635 ut
1362 4582 1603 4649 praedicti
1646 4582 1911 4644 homines,
1959 4583 2087 4651 quid
2131 4581 2261 4636 utile

2363 4583 2619 4652 ἀσφαλῶς
2651 4584 2741 4634 τὸν
2768 4582 2831 4633 ἐκ
2865 4580 3067 4651 ταύτης
3108 4579 3461 4649 διαφύγωμεν
3490 4577 3750 4631 κίνδυνον.
3793 4574 3944 4630 Οἶδεν

686 4673 759 4727 sit
790 4682 1078 4742 reputans;
1118 4672 1211 4726 sed
1245 4672 1563 4740 przevisione
1594 4673 1700 4725 Deo
1728 4672 1888 4741 digna
1933 4688 2021 4726 res
2052 4674 2263 4725 futuras

2364 4674 2471 4743 γὰρ
2504 4672 2571 4723 τὰ
2600 4672 2776 4723 πάντα
2808 4669 2931 4737 πρὶν
2954 4668 3219 4736 γενέσεως
3246 4666 3446 4730 αὐτῶν,
3478 4669 3539 4719 οὐ
3567 4664 3762 4735 στόχώ,
3784 4663 3946 4719 καθά·

685 4778 1036 4833 cognoscens.
1088 4762 1177 4816 Sic
1225 4763 1387 4815 etiam
1434 4761 1625 4831 judicii
1677 4772 1803 4816 ante
1848 4772 2057 4830 tempus
2109 4763 2264 4817 nobis

2365 4782 2471 4833 περ
2497 4765 2692 4815 ἐκεῖνοι
2723 4763 2782 4814 τδ
2813 4762 3086 4831 χρήσιμον
3118 4759 3490 4829 λογιζόμενος,
3525 4757 3661 4810 ἀλλὰ
3693 4754 3942 4825 προγνώ-

686 4857 946 4925 supplicia
1002 4851 1347 4916 monstravit,
1398 4861 1456 4906 ut
1510 4850 1769 4905 malorum
1822 4852 2013 4907 timore
2043 4854 2260 4919 eruditi,

2366 4871 2448 4906 σει
2481 4854 2774 4922 θεοπρεπεί
2811 4850 3096 4918 γινώσκων
3125 4849 3193 4901 τά
3224 4849 3484 4919 μέλλοντα
3505 4863 3518 4875 ο
3553 4847 3695 4899 οὓτω
3722 4849 3821 4900 καὶ
3850 4848 3942 4915 τῆς

688 4949 882 5003 horum
928 4945 1085 5000 facile
1134 4944 1534 5013 perpessionem
1568 4944 1856 5010 fugiamus.
1900 4942 2085 5014 Neque
2136 4929 2309 4999 vero‘

2318 4928 2335 4986 ἶ
2367 4943 2599 5011 κρίσεως
2645 4944 2774 5011 ἡμῖν
2821 4938 3066 5005 ἐπέδειξε
3102 4940 3207 5010 πρὸ
3250 4938 3442 5009 καιροῦ
3481 4939 3552 4991 τὰ
3586 4938 3939 5008 κολαστήρια.

690 5037 869 5091 secius
897 5051 1057 5104 quam
1089 5043 1213 5089 ante
1249 5034 1388 5088 dicta
1418 5033 1666 5103 praedixit
1694 5033 1943 5087 Christus
1981 5035 2024 5064 “
2051 5034 2262 5088 futuros

2369 5035 2444 5097 ὡς
2482 5033 2546 5088 ἂν
2592 5033 2668 5103 τῷ
2701 5033 2848 5103 φόϐῳ
2880 5032 2987 5084 τῶν
3037 5031 3226 5085 δεινῶν
3270 5030 3670 5091 παιδευθέντες,
3722 5028 3825 5097 τὴν
3884 5029 3941 5078 ὲκ

761 5213 806 5245 ⁸⁸
841 5212 858 5265 l
889 5211 1035 5267 Petr.
1070 5228 1139 5279 tv,
1169 5212 1215 5266 1.
1298 5211 1341 5242 ⁸ο
1373 5210 1528 5265 Rom.
1560 5227 1637 5275 ιι,
1671 5211 1723 5265 5.
1760 5210 1799 5243 ⁸¹
1839 5212 1973 5266 Dan.
2010 5227 2127 5275 xm,
2158 5212 2247 5264 42.
2330 5212 2369 5241 λ’

1298 5211 1341 5242 ⁸ο
1373 5210 1528 5265 Rom.
1560 5227 1637 5275 ιι,
1671 5211 1723 5265 5.
1760 5210 1799 5243 ⁸¹
1839 5212 1973 5266 Dan.
2010 5227 2127 5275 xm,
2158 5212 2247 5264 42.
2330 5212 2369 5241 λ’
2404 5210 2591 5265 Matth.
2630 5225 2779 5275 XXIV,
2819 5208 2906 5263 ει.

765 5369 994 5443 (lingit
1021 5370 1085 5443 d_e
1115 5367 1338 5435 Deipara
1363 5364 1592 5443 Cyrillus
1613 5369 1772 5443 etiam
1806 5367 2104 5443 sermonei
2134 5381 2261 5443 conf
2368 5368 2613 5443 homines
2663 5365 3028 5443 beatissimam
3064 5364 3469 5443 Mariamomni
3502 5363 3657 5443 laude
3696 5368 3939 5421 cumula-

697 5435 783 5495 tra
823 5435 1169 5500 'Nestorium,
1208 5435 1419 5492 necnon
1462 5438 1512 5489 iu
1560 5437 1784 5503 epistola
1854 5438 2151 5505 dogmatica
2194 5438 2259 5491 ad
2368 5448 2513 5500 runt,
2548 5439 2618 5491 ita
2650 5436 3110 5505 perversiqnique
3138 5435 3371 5505 haeretici
3398 5450 3517 5505 eam
3548 5435 3935 5505 vituperarunt,

696 5510 984 5580 Egyptios
1012 5508 1321 5580 monachos,
1356 5522 1474 5574 quae
1504 5516 1585 5580 est
1618 5506 1667 5559 in
1703 5508 1892 5561 ordine
1914 5503 2258 5576 epistularum
2370 5522 2563 5574 nempe
2613 5503 2808 5580 praeter
2854 5504 3183 5580 Nestorium,
3207 5503 3513 5580 ΔΜιιιιίοΙιτιεί
3557 5515 3610 5559 et
3666 5503 3937 5580 I_conocla'-

698 5574 889 5651 pri'n't'a.
938 5576 1216 5651 Magniﬁce
1270 5594 1396 5631 vero
1451 5577 1711 5651 celebrat,
1737 5588 1790 5631 et
1848 5574 2005 5651 tertio
2049 5592 2263 5651 quoque
2370 5585 2485 5651 stac,
2526 5585 2582 5629 ut
2610 5574 2758 5651 novis
2780 5590 2877 5639 nos
2912 5576 3251 5651 documentis
3273 5574 3697 5651 demonstraturi
3729 5588 3932 5651 sumus.

698 5642 864 5704 'verbo
895 5642 1460 5717 appellatDeipnram,
1495 5649 1546 5701 in
1578 5649 1821 5701 oratione
1852 5649 2029 5717 habita
2066 5642 2258 5715 Ephesi
2370 5644 2504 5700 Nam
2565 5646 2692 5717 quid
2752 5647 3079 5717 recentiores
3133 5647 3294 5699 etiam
3350 5643 3569 5717 Lutheri
3622 5654 3677 5698 et
3732 5642 3933 5717 Calvini

700 5734 881 5788 noram
930 5714 1153 5788 synodo.
1187 5719 1334 5772 Adde
1366 5719 1538 5770 locum
1594 5718 1852 5788 orationis
1886 5716 2020 5788 {De
2045 5714 2148 5784 ﬁde
2194 5719 2261 5770 ad
2372 5726 2533 5773 sectae
2582 5714 2839 5788 adversus
2870 5714 2930 5769 Β.
2963 5715 3143 5788 uariae
3187 5717 3444 5771 honorem
3492 5714 3598 5771 sint
3646 5728 3812 5782 ausae,
3866 5714 3935 5771 di-

706 5784 1041 5861 Regiuar,'p.
1080 5789 1145 5845 17
1180 5803 1298 5859 sqq.
1342 5788 1507 5845 l‘orro
1556 5796 1610 5843 ut
1653 5785 1935 5843 orthodoxi
1987 5787 2265 5857 sanctique
2371 5803 2493 5844 cere
2535 5786 2915 5857 prOpemodum
2940 5784 3089 5841 nefas
3118 5796 3217 5842 est.
