4106 6506
175 452 252 505 257
1247 452 1436 518 QUOD
1481 453 1542 510 Β.
1587 451 1725 508 MAR

1844 451 1950 506 SIT
1995 450 2310 510 DEIPARA.

1470 573 1621 625 οὐδὲν
1676 573 1730 625 61-:
1765 578 1805 631 Α
1837 577 2276 641 pseudochristos
2331 582 2383 628 et
2443 571 2954 642 pseudomagistros,
3013 571 3103 639 qui
3168 571 3398 625 haereses

177 567 339 619 τούτων
393 565 632 628 εὐκόλως
691 569 965 638 τιμωρίαν
1024 571 1384 642 ἐκφύγωμεν’

173 651 303 726 ἧττον
329 656 424 709 καὶ
473 656 635 710 τοῦτο
676 659 818 728 πρῦς
864 662 976 723 τοῖς
1028 660 1207 723 ἄλλοις
1257 663 1605 734 προείρηκεν,
1651 665 1726 725 ὡς

175 749 355 802 ἔσονται
399 748 788 821 ψευδόχριστοι
832 752 928 805 καὶ
973 753 1484 822 ψευδοδιδάσκαλοι,
1535 755 1729 818 οἵτινες

176 841 570 912 παρεισάξουσιν
617 842 865 910 αἱρέσεις
904 845 1200 909 ἀπωλείας,
1241 846 1403 900 αὐτὸν
1439 847 1531 900 τὸν
1571 847 1728 916 μόνον

176 933 424 1003 Δισπότην
453 933 548 986 καὶ
581 932 791 1003 Κύριον
819 935 978 1003 ήμῶν
1026 934 1232 1005 Ἰησοῦν
1261 938 1495 1008 Χριστὸν
1533 938 1727 1008 ἀρνού-

175 1039 337 1090 μενοι·
402 1023 499 1075 καὶ
557 1024 742 1077 πολλοὶ
799 1022 1323 1096 ἐξακολουθήσουσιν
1382 1028 1560 1081 αὐτῶν
1611 1031 1727 1090 ταῖς

173 1114 477 1182 ἀσελγείαις,
530 1115 599 1168 δι’
649 1115 746 1178 οὓς
793 1119 826 1187 ή
861 1116 988 1182 δόξα
1039 1119 1138 1188 τῆς
1193 1119 1452 1189 ἀληθείας
1494 1120 1733 1190 βλασφη-

176 1204 511 1274 μισθήσεταιο
569 1208 655 1259 ἵνα
707 1208 913 1260 τούτων
959 1210 1415 1280 παραγενομένων
1467 1211 1729 1280 μηδαμῶς

171 1297 516 1366 ἀπατώμεθα,
589 1301 704 1360 τοῖς
765 1297 1034 1369 ὀλεθρίοις
1089 1299 1266 1352 αὐτῶν
1335 1302 1730 1364 ὑποπίπτοντες

171 1385 420 1455 δὶγμασιν.

230 1475 286 1544 β’.
336 1475 710 1546 Πεπλήρωται
760 1475 816 1529 δὲ
872 1476 976 1545 τῆς
1033 1479 1388 1550 προρρήσεως
1430 1478 1491 1531 τὸ
1535 1477 1728 1550 ἔργον·

174 1564 336 1618 πολλαὶ
369 1566 483 1637 γὰρ
535 1567 678 1620 κατά
724 1566 915 1638 καιρὸν
966 1569 1340 1638 ἐπανέστησαν
1375 1568 1614 1639 αἱρέσεις
1660 1570 1727 1638 τῇ

169 1656 245 1711 τοῦ
291 1657 422 1711 Θεοῦ
487 1658 810 1731 Ἐκκλησία,
851 1661 950 1730 τὴν
1002 1661 1169 1732 όρθὴν
1210 1661 1512 1734 παραλύειν
1565 1661 1728 1714 πολυ-

169 1748 355 1815 τρόπως
396 1747 722 1820 βιαζόμεναι
757 1749 958 1818 πίστιν,
998 1747 1074 1805 ὧν
1114 1754 1147 1822 ή
1193 1753 1295 1821 μὲν
1324 1753 1417 1806 τὸν
1451 1751 1547 1805 τοῦ
1592 1752 1728 1804 Θεοῦ

168 1841 313 1908 Λόγον
341 1841 492 1904 ξένον
526 1843 876 1895 παντάπασιν
906 1844 1004 1912 τῆς
1040 1845 1296 1916 πατρῴας
1331 1844 1518 1908 οὐσίας
1549 1844 1726 1910 λέγειν

169 1928 550 2001 τετόλμηκεν,ή
582 1931 640 1984 δὲ
673 1931 764 1984 τοῦ
796 1931 1112 2000 Πνεῦματος
1129 1934 1224 2004 τήν
1253 1933 1408 2000 ἀξίαν
1435 1933 1722 2004 ἠγνόηκεν,
1760 1916 1800 1970 Β

167 2021 195 2089 ἡ
228 2020 278 2074 δέ
315 2020 412 2091 τῆς
450 2018 747 2091 ἐπιδημίας
784 2021 878 2074 τοῦ
922 2022 1098 2091 Λόγου
1146 2025 1424 2094 ἠρνήσατο
1461 2023 1558 2092 τὴν
1593 2022 1725 2088 ἀλή-

168 2109 323 2164 θειαν·
383 2112 592 2183 ἐσχάτη
652 2112 710 2165 δὲ
773 2111 964 2166 πασῶν
1003 2113 1260 2184 καθάπερ
1315 2113 1547 2184 τρυγίας
1578 2110 1720 2184 [cod.

168 2202 202 2251 Λ
233 2203 479 2272 τρυγίος,
527 2201 568 2253 Β
604 2201 845 2274 τρυγία]
895 2203 1002 2257 τῶν
1048 2204 1270 2268 κακῶν,
1312 2206 1345 2274 ή
1389 2203 1484 2256 νῦν
1519 2203 1724 2257 ἀναπέ-

169 2309 339 2358 φανται
406 2294 773 2363 βλασφημία,
855 2295 932 2365 μὴ
1003 2296 1330 2365 γεγενῆσθαι
1393 2295 1485 2349 τόν
1553 2296 1725 2364 Λόγον

167 2381 460 2454 ἄνθρωπον,
512 2383 629 2436 ἀλλ’
694 2384 754 2436 ἐν
823 2382 1098 2454 ἀνθρώπῳ
1150 2385 1465 2454 γεννηθέντι
1512 2389 1576 2440 ἐκ
1624 2402 1722 2453 γυ-

167 2475 326 2537 ναικὸς
381 2477 722 2545 ἐνῳκηκέναι
787 2474 1054 2542 λέγουσα’
1123 2476 1199 2539 ὡς
1255 2475 1439 2529 λοιπὸν
1502 2479 1581 2538 είς
1633 2477 1725 2530 δύο

167 2562 240 2613 τὸν
296 2563 388 2616 Eva
454 2565 695 2633 Χριστὸν
757 2565 846 2618 διὰ
901 2565 1061 2618 τοῦτο
1127 2567 1466 2636 μερίζεσθαι,
1531 2569 1611 2630 είς
1665 2585 1724 2622 τε

166 2651 293 2716 Θεὸν,
331 2653 497 2723 φημὶ,
540 2655 635 2707 καὶ
661 2654 948 2726 ἄνθρωπον
973 2672 987 2686 ·
1025 2656 1141 2708 ἔστι
1175 2656 1234 2708 δέ
1271 2655 1428 2708 τοῦτο
1459 2657 1560 2725 τῆς
1591 2660 1726 2711 ἀποο

168 2743 388 2812 στολικῆς
415 2743 776 2806 διδασκαλίας
806 2744 1112 2815 ἀλλότριον,
1147 2745 1474 2816 δαιμονικῆς
1505 2747 1559 2801 δὲ
1589 2749 1726 2818 μάλα·

166 2833 237 2886 ὶον
266 2837 504 2899 ἐπινοίας
534 2837 829 2907 ἐφεόρεσις
850 2852 862 2863 ·
908 2835 1195 2907 ἄνθρωπον
1237 2838 1335 2906 μὲν
1363 2839 1471 2908 γάρ
1514 2839 1603 2892 τὸν
1631 2839 1723 2892 τοῦ

165 2922 278 2977 Θεοῦ
305 2927 470 2993 Λόγον
522 2928 617 2980 ἐπὶ
659 2928 941 2999 συντελείᾳ
981 2927 1089 2980 τῶν
1138 2930 1350 2984 αἰώνων
1383 2930 1670 3000 γενόμενον
1697 2936 1725 2985 ὁ

166 3013 284 3078 θεῖος
321 3018 450 3086 ἡμῖν
494 3019 916 3085 εὐαγγελίζεται
955 3019 1131 3088 λόγος,
1181 3021 1281 3074 οὐκ
1328 3024 1406 3084 είς
1438 3022 1724 3092 ἀνθρώπου

169 3107 518 3167 μετασαλόντα
558 3107 744 3176 φύσιν,
779 3108 914 3162 ἀλλὰ
951 3109 1154 3179 ταύτην
1198 3111 1276 3172 είς
1328 3111 1522 3163 ἐαυτὸν
1555 3128 1724 3180 προσ⁹

167 3191 434 3291 λαθόμενον
454 3214 468 3228 ·
499 3197 776 3270 ἄτρεπτος
798 3197 908 3291 γὰρ
936 3197 1172 3268 ὑπάρχει
1211 3199 1306 3252 καὶ
1333 3199 1689 3263 ἀναλλοίωτος
1707 3217 1720 3229 ⁸
1752 3233 1796 3291 C

165 3285 205 3337 εί
227 3287 298 3351 δέ,
326 3289 578 3360 καθάπερ
624 3287 822 3342 ἐκεῖνοί
858 3305 1042 3356 φασιν,
1090 3291 1168 3352 είς
1202 3288 1492 3359 ἄνθρωπον
1528 3292 1590 3344 ἐκ
1627 3307 1724 3358 γυο

166 3379 323 3444 ναικὸς
354 3381 620 3452 τεχθέντα
659 3381 691 3451 ή
737 3379 858 3433 θεία
893 3378 1116 3448 γέγονεν
1153 3380 1519 3449 ἐπιφοίτησις,
1566 3380 1727 3433 τοῦτο

165 3469 240 3520 καὶ
258 3470 311 3522 ἐν
334 3475 443 3534 τοῖς
478 3471 795 3540 προφήταις
823 3471 987 3522 πᾶσιν
1014 3470 1222 3537 ἐγίνετο
1246 3486 1260 3501 ο
1285 3470 1391 3522 ἔδει
1417 3471 1724 3542 τοιγαροῦν,

165 3557 294 3627 ιίπερ
334 3559 507 3622 οὕτως
554 3559 798 3625 ἐγένετο,
849 3561 1268 3630 μεμερισμένως
1307 3561 1537 3613 ἑκάστου
1579 3564 1725 3631 παρά

164 3649 221 3716 τῇ
251 3647 362 3719 θείᾳ
395 3649 594 3720 Γραφῇ
623 3650 722 3710 τὰς
759 3649 1050 3719 ὁμολογίας
1081 3651 1434 3720 εὑρίσκεσθαι
1457 3667 1470 3680 ο
1505 3653 1600 3704 καὶ
1632 3652 1725 3706 τὸν

3295 455 3398 509 258

1831 667 2087 721 exitiosae
2128 667 2401 732 invehent,
2441 665 2612 736 ipsum
2648 664 2864 719 unicum
2905 677 3081 732 regem
3113 677 3175 716 ac
3217 662 3398 716 Domi-

1830 775 1955 814 num
1990 769 2226 814 nostrum
2256 759 2437 814 Jesnm
2469 759 2743 814 Christum
2776 767 3059 826 negantes;
3095 757 3398 825 multosque

1831 850 1945 905 fore
1966 850 2154 904 horum
2180 850 2555 918 improbitates
2575 858 2958 910 assectaturos,
2983 863 3206 914 quorum
3236 860 3398 902 causa

1830 943 2074 996 veritatis
2120 944 2282 1013 gloria
2325 943 2627 997 convicium
2679 941 2931 1011 patietur.
2977 938 3254 1005 Przedjxit,
3311 937 3398 992 in-

1829 1035 2020 1102 q'uam,
2071 1048 2138 1086 ne
2171 1049 2290 1085 cum
2323 1033 2375 1086 hi
2409 1033 2836 1100 supervenerint,
2871 1031 3056 1084 fraude
3097 1033 3400 1084 circumve—

1831 1125 2065 1186 niamur,
2099 1125 2322 1190 perditis
2362 1124 2601 1192 ipsorum
2650 1124 2990 1192 dogmatibus
3026 1131 3238 1176 nosmet
3268 1121 3400 1175 sub-

1832 1215 2126 1267 mittentes.

1900 1479 1954 1530 2.
2001 1475 2324 1530 Vaticinium
2366 1483 2543 1530 autem
2587 1475 2639 1529 in
2677 1490 2788 1530 rem
2822 1475 3070 1529 collatum
3093 1483 3196 1528 est.
3227 1473 3402 1528 Multae

1831 1570 1974 1623 enim
2003 1583 2098 1635 per
2133 1577 2372 1634 tempora
2401 1573 2601 1620 exorta:
2631 1575 2752 1619 sunt
2799 1568 3028 1620 haereses
3069 1563 3122 1618 in
3163 1564 3399 1620 Ecclesia

1831 1659 1948 1724 Dei,
1993 1669 2196 1714 rectam
2237 1659 2528 1713 dissolvere
2571 1658 2728 1713 fidem
2770 1658 3118 1711 multifariam
3153 1665 3396 1717 conatazz

1830 1765 2057 1819 quarum
2088 1749 2189 1802 alia
2235 1748 2326 1802 Dei
2382 1745 2611 1802 Verbum
2653 1749 2884 1800 alienum
2925 1763 3146 1817 prorsus
3178 1757 3399 1816 paterna

1834 1840 2132 1894 substantia
2163 1839 2339 1892 dicere
2369 1852 2496 1890 ausa
2525 1847 2635 1902 est;
2677 1837 2778 1890 alia
2813 1837 3045 1904 Spiritus
3085 1836 3398 1903 dignitatem

1830 1946 1931 1984 non
1957 1931 2201 1999 agnovit;
2233 1929 2332 1983 alia
2362 1927 2522 1982 Verbi
2553 1927 2813 1982 adventus
2835 1928 3116 1980 veritatem
3145 1925 3398 1995 negavit:

1829 2032 2117 2090 postrema,
2149 2020 2390 2074 omnium
2422 2018 2584 2071 veluti
2617 2019 2876 2073 malorum
2915 2019 3151 2080 sentina,
3186 2016 3400 2070 hodier-

1828 2126 1895 2163 na
1925 2111 2174 2178 apparuit
2205 2109 2559 2179 blasphemia,
2595 2125 2716 2179 qua:
2748 2109 2820 2163 ait
2870 2108 3108 2163 Verbum
3147 2123 3250 2160 non
3280 2119 3400 2162 esse

1825 2202 2093 2257 hominem
2126 2201 2345 2265 factum,
2393 2203 2486 2257 sed
2517 2207 2568 2257 ιιι
2607 2203 2826 2256 homine
2853 2215 2918 2254 ex
2964 2199 3186 2253 muliere
3217 2199 3398 2266 genito

1826 2292 2154 2348 habitavisse
2209 2310 2223 2346 :
2281 2294 2423 2347 unde
2472 2291 2823 2360 consequitur
2872 2291 2928 2343 in
2985 2289 3121 2342 duos
3179 2288 3397 2340 unicum

1825 2384 2097 2439 Christum
2133 2385 2336 2438 ideirco
2369 2385 2555 2448 dividi,
2589 2385 2642 2438 in
2676 2383 2841 2437 Deum
2879 2382 2997 2434 dico
3030 2390 3192 2448 atque
3225 2377 3400 2432 homi-

1826 2490 1971 2528 nem.
2007 2475 2100 2528 Est
2131 2485 2306 2529 autem
2338 2477 2438 2529 hoc
2461 2475 2528 2528 ab
2551 2473 2841 2542 apostolica
2868 2471 3111 2526 doctrina
3139 2470 3394 2532 alienum,

1827 2572 1881 2618 et
1910 2563 2159 2618 diabolici
2187 2565 2364 2632 potius
2393 2565 2592 2631 ingenii
2623 2565 2917 2616 inventum.
2961 2559 3202 2628 Namque
3223 2558 3399 2612 homio

1827 2671 1950 2710 nem
1986 2656 2186 2710 factum
2216 2670 2336 2709 esse
2363 2653 2711 2709 DeiVerhum
2745 2655 2795 2707 in
2821 2653 2926 2707 fine
2949 2651 3290 2714 smeulorum,
3321 2649 3402 2703 di-

1825 2749 1983 2802 vinus
2013 2748 2167 2802 nobis
2200 2763 2378 2802 sermo
2419 2749 2629 2800 nuntiat
2657 2747 2726 2812 “,
2760 2762 2866 2800 non
2899 2759 3029 2800 sane
3065 2744 3209 2813 quod
3256 2757 3315 2796 se
3347 2741 3401 2795 in

1827 2840 2060 2895 hominis
2093 2851 2341 2894 naturam
2375 2839 2687 2904 mutaverit,
2719 2841 2810 2892 sed
2837 2840 2963 2907 quia
3010 2838 3148 2890 hanc
3180 2835 3281 2890 sibi
3311 2849 3402 2887 as-

1827 2930 2117 2994 sumpserit
2145 2946 2159 2981 :
2188 2938 2268 2983 est
2297 2930 2440 2984 enim
2489 2928 2722 2983 Verbum
2764 2927 3070 2982 invertibile
3108 2933 3270 2994 atque
3299 2926 3369 2977 im
3389 2952 3404 2963 -

1827 3018 2104 3073 mutabile.
2130 3018 2280 3084 Quod
2315 3021 2381 3084 si,
2420 3029 2477 3072 ut
2503 3020 2589 3074 isti
2627 3021 2798 3082 aiunt,
2834 3018 3039 3072 homini
3077 3033 3144 3072 ex
3181 3015 3407 3072 muliere

1827 3119 1981 3180 parto
2011 3111 2151 3163 Deus
2173 3109 2507 3177 supervenit,
2543 3109 2682 3163 idem
2717 3111 2820 3163 hoc
2847 3113 3058 3163 cunctis
3099 3122 3251 3176 teque
3284 3121 3408 3176 pro-

1830 3202 2006 3271 phetis
2043 3201 2243 3255 accidit
2283 3219 2296 3254 :
2333 3214 2662 3269 prorsusque
2694 3208 2988 3270 oporteret,
3033 3201 3078 3254 si
3115 3212 3200 3252 res
3231 3197 3304 3250 ita
3348 3211 3408 3251 se

1831 3292 2078 3353 haberet,
2110 3306 2352 3346 seorsum
2385 3292 2807 3361 uniuscujusque
2835 3293 2886 3344 in
2914 3290 3093 3344 divina
3127 3287 3407 3357 Scriptura

1832 3381 2202 3436 confessiones
2231 3383 2516 3450 eomperiri
2541 3399 2554 3445 ;
2599 3392 2653 3436 et
2682 3382 2913 3436 alterum
2942 3381 3162 3451 quidem
3205 3378 3406 3449 sigilla-

1835 3473 1928 3526 tim
1976 3486 2072 3540 per
2101 3471 2341 3539 seipsum
2376 3485 2472 3525 ceu
2514 3469 2607 3524 Dei
2651 3470 2884 3524 Verbum
2926 3467 3236 3533 decantari;
3276 3466 3384 3518 alte

1833 3577 1951 3615 rum
1973 3576 2102 3614 vero
2127 3576 2222 3614 ceu
2246 3561 2548 3622 hominem,
2571 3569 2626 3614 et
2657 3575 2723 3615 ex
2755 3569 2941 3614 nostro
2971 3572 3194 3613 numero
3217 3573 3407 3620 unum,

1835 3655 2011 3708 verbis
2043 3666 2161 3720 qua:
2187 3652 2458 3704 hominem
2490 3653 2703 3716 decent,
2735 3651 3057 3721 glorificare.

167 3741 247 3808 μέν
293 3743 392 3814 [δία
425 3745 552 3798 καθ’
603 3744 793 3798 ἐαυτὸν
845 3744 922 3807 ὡς
968 3744 1100 3798 Θεοῦ
1134 3747 1312 3814 Λόγον
1359 3747 1733 3818 άνυμνεῖσθαι,
1774 3751 1865 3805 τὸν
1907 3750 1964 3803 δὲ
2027 3749 2101 3812 ὠς
2159 3747 2442 3818 ἄνθρωπον
2485 3749 2579 3800 καὶ
2625 3747 2722 3801 ἕνα
2767 3749 2875 3802 τῶν
2928 3748 3050 3803 καθ’
3099 3750 3246 3819 ἡμᾶς
3297 3751 3406 3811 τοῖς

163 3833 401 3904 ἀνθρώπῳ
436 3835 718 3906 πρέπουσι
755 3834 1073 3898 δοξάζεσθαι
1099 3835 1297 3904 λόγοις.

219 3931 278 3992 γ.
329 3927 465 3980 Ἀλλ’
529 3928 636 3996 οὐχ
662 3926 830 3991 οὕτως
852 3930 884 3997 ή
895 3930 985 3996 μίν
1007 3929 1054 3982 οί
1081 3929 1368 3982 ἀπόστολοι
1392 3932 1488 4002 τὴν
1515 3933 1730 3986 εὐθεῖαν

163 4014 453 4086 ιΰαγγελίαν
507 4019 814 4088 ἐκήρυξαν,
850 4019 966 4071 ἀλλ’
1003 4017 1100 4072 ἕνα
1140 4020 1378 4090 Χριστὸν
1407 4022 1540 4076 Θεὸν
1590 4024 1726 4094 ὁμοῦ

161 4109 239 4159 καὶ
266 4109 548 4180 ἄνθρωπον
591 4110 688 4162 τὸν
720 4109 882 4162 αὑτὸν
915 4111 1333 4180 παραδεδώκασι
1360 4129 1372 4140 ·
1429 4115 1521 4168 καὶ
1566 4115 1724 4169 τοῦτο

161 4198 321 4264 σαφῶς
361 4203 388 4253 6
419 4200 522 4270 μὲν
560 4198 814 4266 θεολόγος
847 4197 1098 4271 Ἰωάννης
1125 4203 1182 4254 ἐν
1211 4203 1559 4270 Εὑαγγελίοις
1585 4206 1725 4260 διδά-

161 4299 258 4340 σκει
281 4288 448 4356 λέγων
470 4305 484 4319 ’
523 4308 542 4341 ι
577 4289 670 4342 Ἐν
718 4290 860 4360 ἀρχῇ
891 4285 959 4360 ἦν
985 4293 1012 4342 6
1038 4291 1232 4358 Λόγος,
1264 4295 1358 4346 καὶ
1391 4296 1419 4346 6
1459 4296 1630 4364 Λόγος
1655 4292 1721 4366 ἦν

161 4379 273 4447 πρὸς
305 4382 392 4434 τὸν
440 4381 622 4447 Θεὸν,
674 4381 770 4433 καὶ
806 4380 937 4444 Θεὸς
985 4377 1054 4452 ἦν
1084 4385 1111 4434 τι
1148 4384 1353 4450 Λόγος·
1389 4404 1407 4436 ι
1457 4380 1557 4438 εἴθ’
1596 4387 1722 4457 ἑξῆς

160 4469 350 4537 ἐπάγων
369 4489 382 4504 ·
425 4493 441 4522 ι
465 4474 582 4526 Καὶ
607 4474 638 4525 ό
659 4471 834 4540 Λόγος
856 4472 993 4542 σὰρξ
1023 4474 1258 4541 ἐγένετο,
1299 4477 1392 4529 καὶ
1415 4477 1721 4549 ἐσκήνωσεν

157 4555 203 4608 ἐν
224 4558 358 4630 ἡμῖν.
389 4583 406 4612 ι
442 4564 503 4616 Ὀ
529 4563 590 4615 δὲ
627 4561 921 4632 ίεροκήρνξ
943 4563 1150 4628 Παῦλος
1182 4564 1454 4634 Ἑϐραίοις
1483 4570 1728 4623 ἐπιστέλ-

158 4645 222 4700 λιι
262 4651 462 4719 λέγων·
543 4672 563 4704 ι
604 4653 762 4705 Ἐπεὶ
805 4648 898 4704 οὖν
950 4655 1018 4706 τὰ
1078 4655 1266 4708 παιδία
1329 4659 1719 4730 κεκοινώνηκεν

157 4738 357 4810 αἵματος
383 4746 476 4799 καὶ
513 4743 729 4814 σαρκὸς
758 4785 773 4809 ,
823 4745 918 4796 καὶ
947 4746 1108 4809 αὐτὸς
1141 4748 1540 4819 παραπλησίως
1587 4729 1718 4819 pss-

158 4833 260 4903 ίσχε
309 4836 416 4889 τῶν
479 4834 743 4889 αὐτῶν.»
811 4834 1054 4897 ’Λκούεις
1103 4837 1250 4899 ὅπως
1303 4839 1332 4889 ό
1389 4838 1487 4907 μέν
1540 4841 1718 4910 σάρκα

157 4924 450 4994 γεγενῆσθαι
481 4925 580 4979 τὸν
616 4924 814 4992 Λόγον,
848 4926 876 4976 6
915 4925 970 4977 δὲ
1003 4926 1164 4979 πάλιν
1191 4927 1352 4981 αὑτὸν
1391 4929 1498 4982 τῶν
1537 4931 1718 4983 αὐτῶν

159 5016 464 5084 μετασχόντα
493 5015 730 5085 εἴρηκεν
758 5031 772 5078 ;
805 5015 867 5067 Εί
896 5014 952 5066 δέ
983 5015 1272 5086 ἄνθρωπος
1308 5019 1407 5088 μὲν
1437 5021 1500 5072 ἐκ
1531 5037 1717 5081 γυναι-

157 5102 230 5164 κὸς
264 5107 289 5157 ό
321 5106 528 5177 Ἰησοῦς
562 5104 790 5174 ἐτέχθη,
827 5105 965 5175 μετά
1011 5105 1067 5158 δέ
1115 5106 1288 5161 ταῦτα
1335 5111 1369 5178 ὴ
1403 5108 1497 5162 τοῦ
1537 5111 1713 5178 Λόγου

155 5192 342 5258 γέγονεν
369 5195 508 5266 πρὸς
533 5193 712 5247 αὑτὸν
749 5193 1112 5263 ἐπιφοίτησις,
1152 5194 1257 5247 ἔδει
1284 5196 1532 5269 καθάπερ
1566 5197 1715 5267 εἴρη-

154 5296 244 5345 ται,
276 5284 363 5337 δύο
401 5285 498 5338 καὶ
549 5283 741 5351 πάντη
787 5283 1207 5352 μεμερισμένους
1249 5287 1385 5356 πρὸς
1437 5288 1582 5342 ἅπαν
1617 5289 1715 5351 τὰς

153 5372 408 5444 ὁμολογίας
465 5371 875 5444 εὑρίσκεσθαι·
933 5376 1048 5427 νυνὶ
1105 5375 1162 5428 δέ
1205 5379 1308 5446 τῆς
1353 5377 1711 5433 θεοπνεύστου

155 5462 345 5536 Γραφῆς
383 5464 820 5535 κοινολογούσης
871 5467 941 5520 τά
983 5484 1045 5520 τε
1089 5470 1156 5538 τῇ
1204 5467 1418 5540 θεότητι
1471 5471 1712 5537 φυσικῶς

153 5555 446 5624 ἁρμόζοντα,
487 5558 588 5612 καὶ
624 5554 705 5609 τὰ
731 5558 815 5626 ,τῇ
863 5556 1151 5627 ἀνθρώπου
1198 5558 1478 5630 πρέποντα
1526 5561 1706 5629 φύσει,

153 5648 333 5718 καθαρά
356 5651 454 5720 τῆς
482 5647 750 5709 ἐνώσεως
781 5649 814 5717 ή
857 5649 1140 5720 οἰκονομία
1171 5650 1506 5721 εὑρίσκεται.
1537 5653 1706 5706 Ὅταν

1908 3927 1960 3982 5.
2003 3925 2166 3994 Atqui
2207 3940 2311 3979 non
2359 3924 2429 3978 ita
2466 3924 2619 3979 nobis
2659 3935 2859 3979 rectam
2911 3927 3270 3994 praedicavere
3315 3933 3400 3986 do-

1833 4022 2065 4076 ctrinam
2115 4016 2366 4085 apostoli,
2413 4016 2508 4070 sed
2552 4030 2719 4068 unum
2747 4016 3104 4086 eumdemque
3134 4020 3406 4078 Christum

1829 4108 1996 4164 Deum
2039 4106 2201 4161 simul
2245 4116 2300 4159 et
2349 4104 2623 4158 hominem
2659 4118 2780 4158 esse
2817 4105 3158 4160 tradiderunt
3202 4109 3406 4182 :idque

1829 4213 2014 4271 aperte
2033 4198 2310 4267 theologus
2330 4195 2566 4250 Joannes
2591 4197 2642 4248 in
2664 4195 2964 4266 Evongeliis
2987 4198 3163 4263 docet,
3181 4201 3366 4257 dicens
3391 4219 3406 4257 :

1835 4311 1852 4343 ι
1884 4290 1939 4344 In
1968 4290 2234 4360 principio
2271 4285 2461 4360 1446
2489 4295 2608 4341 erat
2641 4283 2896 4352 Verbum,
2929 4295 2984 4342 et
3026 4287 3258 4344 Verbum
3291 4305 3405 4346 erat

1829 4384 1968 4451 apud
2021 4380 2212 4448 Deum,
2265 4391 2318 4434 et
2358 4380 2499 4434 Deus
2553 4387 2669 4432 erat
2729 4376 2960 4432 Verbum
3007 4381 3072 4435 “.
3117 4400 3135 4432 ι
3210 4383 3406 4439 Deinde

1828 4475 2030 4528 addens
2087 4490 2150 4526 ει
2180 4471 2247 4526 Et
2275 4469 2508 4526 Verbum
2557 4483 2686 4523 caro
2742 4467 2941 4523 factum
2990 4479 3092 4534 est,
3145 4480 3199 4527 et
3248 4473 3406 4528 habi.

1761 4565 1803 4618 D
1836 4567 1966 4618 tavit
2020 4565 2071 4617 in
2119 4563 2342 4617 nobis.»
2389 4561 2557 4615 Sacer
2609 4574 2823 4628 quoque
2874 4575 3050 4626 preco
3097 4560 3298 4620 Paulus
3351 4567 3405 4620 in

1827 4656 2064 4726 Epistula
2089 4657 2155 4707 ad
2181 4653 2436 4707 I'lebrmos
2461 4651 2646 4704 scribit
2673 4668 2684 4703 :
2717 4667 2733 4700 ι
2758 4649 2892 4715 Quia
2914 4665 3044 4722 ergo
3072 4655 3222 4721 pueri
3253 4657 3404 4710 carni

1825 4756 1880 4802 et
1913 4744 2158 4812 sanguini
2187 4741 2747 4803 communicaverunt,
2793 4747 2848 4794 et
2883 4741 2996 4808 ipse
3036 4743 3287 4798 similiter
3313 4761 3406 4800 ea-

1826 4837 1946 4891 dem
1990 4834 2333 4905 participavit
2361 4832 2426 4883 “.
2471 4850 2490 4882 ι
2531 4830 2727 4884 Audin’
2755 4831 3024 4898 quomodo
3067 4832 3153 4886 ille
3186 4835 3402 4902 quidem

1825 4928 2061 4983 Verbum
2099 4941 2317 4982 carnem
2345 4939 2465 4979 esse
2504 4923 2728 4987 factum,
2766 4923 2854 4976 hic
2893 4933 3073 4978 autem
3109 4925 3284 4980 denuo
3326 4929 3404 4980 ait

1827 5023 2000 5087 ipsum
2039 5019 2152 5074 hzec
2185 5019 2372 5073 eadem
2410 5014 2856 5086 participavisse?
2884 5013 3034 5081 Quod
3063 5017 3106 5069 si
3145 5018 3303 5072 homo
3334 5033 3400 5074 ex

1827 5112 2048 5166 muliere
2091 5110 2250 5164 Jesus
2301 5110 2480 5164 editus
2529 5116 2633 5172 est,
2689 5107 2884 5162 deinde
2943 5121 3070 5161 vero
3126 5106 3284 5163 Verbi
3345 5111 3400 5163 in

1831 5204 2004 5272 ipsum
2054 5203 2318 5256 adventus
2361 5202 2607 5271 contigit,
2669 5211 2985 5269 oporteret,
3037 5212 3093 5254 nt
3143 5203 3395 5267 diximus,

1823 5295 1955 5348 duas
1979 5295 2199 5348 omnino
2238 5294 2488 5361 omnique
2517 5294 2568 5346 in
2604 5308 2661 5348 re
2696 5293 2986 5361 separatim
3028 5291 3398 5350 confessiones

1824 5385 2107 5454 eomperiri
2151 5404 2164 5440 :
2217 5400 2358 5440 nunc
2396 5393 2619 5446 contra,
2663 5398 2786 5437 cum
2835 5383 3092 5437 divinitus
3139 5383 3397 5453 inspirata

1825 5472 2103 5543 Scriptura
2135 5473 2497 5530 communiter
2531 5471 2846 5540 pronuntiet
2893 5477 3005 5526 tum
3049 5487 3166 5541 qua
3209 5474 3393 5528 deitati

1821 5565 2143 5620 naturaliter
2185 5565 2534 5629 conveniunt,
2595 5573 2706 5617 tum
2760 5565 2922 5618 etiam
2976 5579 3094 5633 quas
3157 5565 3393 5620 hominis

1818 5665 2122 5726 congruunt
2155 5665 2382 5722 naturae,
2411 5655 2692 5726 perspicua
2718 5654 3140 5725 deprehenditur
3169 5655 3392 5712 unitatis

212 5826 249 5856 δ’
273 5826 424 5885 Hebr.
455 5845 532 5894 ιι,
564 5827 664 5881 26.
751 5825 795 5858 “
825 5825 973 5882 Joan.
1011 5844 1047 5892 ι,
1088 5827 1140 5882 1.
1170 5828 1213 5860 ⁵⁸
1242 5829 1371 5885 ibid.
1409 5829 1494 5885 Μ.
1575 5831 1620 5863 ⁸⁸
1652 5827 1814 5886 Hebr.
1853 5846 1914 5898 ιι,
1955 5833 2037 5890 H.
