4104 6492
673 429 778 484 259

671 540 832 596 ratio.
867 537 998 592 Cum
1030 548 1158 603 ergo
1193 532 1346 587 audis
1381 529 1696 601 Apostolmn
1730 529 1995 583 dicentem
2037 542 2050 578 :

675 641 983 704 spectantes
1014 629 1223 682 beatam
1255 640 1426 695 spem,
1455 636 1509 680 et
1540 622 2036 677 manifestationem
2073 617 2258 689 gloriae

673 726 854 797 magni
884 724 977 777 Dei
1003 738 1065 777 ac
1095 721 1401 777 Servaturis
1433 719 1602 772 nostri
1635 715 1761 770 Jesu
1790 715 1995 771 Christi
2023 713 2122 777 ",i
2153 727 2256 765 non

669 828 728 874 te
757 819 917 886 pudet
957 829 1216 881 separare
1248 827 1277 865 a
1311 814 1486 867 Verbo
1518 809 1704 864 Jesum
1731 808 1753 859 ?
1781 808 1897 860 Non
1931 809 2073 860 enim
2102 804 2256 867 dixit,

675 910 850 979 magni
884 909 974 962 Dei
1016 888 1067 961 in
1094 906 1216 960 Jesu
1242 905 1488 968 Christo,
1515 903 1607 957 sed
1635 903 1881 956 eumdem
1913 909 1969 953 et
2009 898 2174 950 Deum
2207 907 2261 950 et

674 1004 855 1059 Jesum
907 1000 1220 1070 praedicavit
1276 1015 1289 1050 :
1337 998 1564 1063 ideoque
1614 995 1828 1048 unicam
1873 1006 2086 1061 quoque
2128 989 2263 1042 dixit

677 1093 1200 1147 tuatiil'estatiouetn.

746 1187 799 1240 4.
844 1184 1118 1239 Interdum
1173 1198 1303 1236 vero
1351 1181 1414 1234 iis
1463 1180 1627 1235 etiam
1678 1192 1797 1247 quae
1837 1183 1962 1229 sunt
2013 1176 2262 1227 humana:

679 1286 887 1327 naturas
926 1272 1167 1341 propria,
1205 1270 1294 1323 Dei
1342 1268 1758 1338 appellationem
1806 1263 2053 1318 attribuit
2082 1264 2261 1315 divina

679 1365 983 1432 Scriptura.
1029 1360 1164 1413 Nam
1204 1375 1326 1412 cum
1375 1357 1688 1411 Servatoris
1727 1355 1907 1422 passio
1939 1356 2004 1407 de
2048 1351 2264 1404 deitatis

678 1466 870 1509 natura
917 1452 1140 1522 intelligi
1176 1466 1401 1520 prorsus
1453 1457 1710 1518 nequeat,
1744 1455 1904 1514 atque
1945 1444 1997 1497 iu
2040 1458 2266 1512 corpore

675 1544 1052 1600 tantummodo
1069 1543 1354 1612 passiones
1377 1547 1610 1608 peractae
1632 1536 1866 1599 fuerint;
1891 1545 2126 1587 attamen
2140 1532 2264 1600 quia

678 1653 802 1690 cum
839 1651 902 1691 eo
925 1645 1010 1689 est
1042 1632 1389 1703 insepara‘bili
1431 1629 1760 1685 adunatione
1787 1628 1986 1689 deitas,
2032 1643 2050 1675 ι
2078 1625 2135 1678 Si
2169 1639 2262 1677 co-

677 1727 1052 1797 gnovisseut,»
1087 1723 1262 1791 inquit
1288 1720 1599 1790 Apostolus,
1639 1733 1947 1787 (nunquam
1980 1715 2263 1770 Dominum

679 1817 863 1888 gloria:
898 1814 1299 1868 cruciﬁxisseut
1331 1811 1398 1865 ⁸⁸.
1441 1830 1458 1862 ›
1501 1808 1688 1864 Viden’
1731 1808 2024 1877 quomodo,
2064 1805 2266 1859 aduna-

1671 418 1727 471 S.
1770 412 2042 471 CYlilLLl
2086 405 2560 466 ALEXANDRINI
2600 403 2928 462 ARCHIEP.

2097 544 2112 576 ι
2147 523 2249 578 Ex-
2283 545 2329 601 Α
2357 523 2538 576 τοίνυν
2561 523 2804 594 ἀκούσῃς
2826 522 2921 574 τοῦ
2949 518 3274 574 Ἀποστόλου
3299 517 3570 586 λέγοντοςο
3602 534 3619 566 ι
3645 515 3974 583 ιιροσδεχό-

3842 396 3972 452 9.60

2364 633 2516 688 μενοι
2538 617 2637 687 τὴν
2674 615 2952 687 μακαρίαν
2981 613 3198 676 ἐλπίδα,
3230 613 3324 665 καὶ
3355 611 3454 683 τὴν
3485 610 3808 678 ἐπιφάνειαν
3849 608 3975 678 τῆς

2361 708 2519 780 δόξης
2555 708 2650 761 τοῦ
2705 709 2944 778 μεγάλου
2984 704 3119 759 Θεοῦ
3149 704 3242 759 καὶ
3276 702 3529 773 Σωτῆρος
3570 699 3727 771 ήμῶν
3766 695 3972 768 Ἰησοῦ

2362 803 2603 875 Χριστοῦ
2629 820 2642 832 ·
2687 799 2819 875 »ἆρ’
2842 803 2942 855 οὑκ
2976 800 3234 870 ἐρυθριᾷς
3255 796 3482 868 διαιρῶν
3518 793 3610 846 τοῦ
3642 793 3818 861 Λόγου
3859 791 3974 844 τὸν

2374 895 2620 965 Ὶησοῦνς
2665 895 2738 948 Οὑ
2783 893 2892 965 γὰρ
2921 889 3097 956 εἶπεν,
3137 890 3230 944 τοῦ
3283 888 3520 959 μεγάλου
3575 883 3710 938 Θεοῦ
3749 880 3847 935 τοῦ
3895 881 3975 932 ὲν

2375 988 2550 1058 Ἰησοῦ
2592 986 2837 1057 Χριστῷ,
2883 984 3020 1038 ἀλλὰ
3050 983 3152 1035 Τὸν
3192 980 3356 1033 αὑτὸν
3407 977 3539 1030 Θεὸν
3583 976 3678 1029 καὶ
3735 971 3976 1043 Ἰησοῦν

2362 1078 2660 1149 ἐκήρυξενο
2690 1076 2770 1129 διὸ
2797 1080 2891 1129 καὶ
2928 1075 3054 1146 μίαν
3081 1073 3180 1144 τὴν
3209 1071 3531 1140 ἐπιφάνειαν
3559 1068 3801 1137 εἴρηκεν.

2440 1172 2504 1224 δ’.
2536 1172 2694 1224 Ἔστι
2719 1169 2775 1222 δέ
2811 1169 2900 1222 ὅτε
2925 1166 3112 1221 καὶτὰ
3136 1165 3234 1234 τῆς
3267 1160 3685 1233 ἀνθρωπότητος
3706 1156 3846 1220 ἴδια,
3886 1157 3974 1224 τῇ

2363 1263 2456 1316 τοῦ
2484 1264 2618 1317 Θεοῦ
2661 1261 3004 1333 προσηγορίᾳ
3046 1261 3078 1329 ἠ
3121 1258 3239 1312 θεία
3270 1255 3530 1327 κηρύττει
3577 1252 3806 1322 Γραφὴ·
3856 1249 3976 1302 τοῦ

2365 1353 2475 1422 γὰρ
2503 1352 2770 1424 σωτηρίου
2804 1350 3009 1412 πάθους
3031 1353 3096 1419 τῇ
3120 1350 3215 1417 τῆς
3241 1347 3490 1414 θεότητος
3513 1341 3671 1412 φύσει
3698 1338 3979 1408 οὐδαμῶς

2367 1444 2607 1498 νοεῖσθαι
2655 1443 2978 1513 δυναμένου,
3028 1443 3107 1503 είς
3140 1440 3195 1491 δὲ
3230 1438 3290 1491 τὸ
3325 1437 3485 1506 σῶμα
3517 1432 3796 1494 παντελῶς
3847 1429 3979 1481 τῶν

2368 1535 2710 1605 παθημάτων
2727 1532 3132 1602 γεγενημένων,
3160 1529 3248 1583 διὰ
3271 1529 3333 1582 τὸ
3373 1527 3610 1580 συνεῖναι
3634 1521 3981 1591 ἀχωρίστως

2370 1628 2491 1681 καθ’
2511 1614 2710 1678 ἕνωσιν
2727 1625 2876 1693 αὑτῷ
2905 1625 3002 1694 τὴν
3025 1623 3275 1685 θεότητα,
3313 1639 3331 1671 ι
3354 1619 3416 1672 Et
3443 1618 3685 1687 ἔγνωσαν
3703 1633 3750 1677 ,ο
3788 1611 3981 1680 φησιν

2368 1722 2396 1772 ὁ
2435 1717 2779 1782 Ἀπόστολος,
2817 1736 2834 1765 ι
2857 1716 2957 1768 οὑκ
2995 1713 3061 1767 ἂν
3095 1713 3185 1765 τὸν
3216 1711 3421 1782 Κύριον
3447 1709 3544 1777 τῆς
3571 1703 3730 1773 δόξης
3757 1699 3982 1754 ἐσταύ-

2376 1827 2576 1880 ρωσαν.
2605 1828 2622 1860 ι
2665 1809 2828 1878 Ὁρᾷς
2851 1807 2996 1868 ὅπως
3032 1802 3350 1869 κοινολογετ,
3380 1801 3478 1868 τῆς
3507 1793 3751 1854 ἐνώσεως
3774 1790 3978 1858 χάριν,

680 1911 845 1963 tionis
873 1922 1057 1972 causa,
1081 1920 1433 1960 communem
1461 1903 1591 1957 facit
1623 1908 1689 1956 de
1723 1901 1940 1957 Christo
1967 1895 2265 1952 confessio-

2379 1879 2469 1971 τὴν
2524 1902 2602 1964 είς
2646 1899 2736 1951 τὸν
2792 1897 3028 1964 Χριστὸν
3089 1892 3380 1963 ὁμολογίαν
3428 1891 3527 1958 τῆς
3591 1879 3982 1946 άποστολικῆς

680 2015 805 2055 nem
835 1997 1142 2067 apostolica:
1187 1997 1448 2052 doctrina:
1475 1992 1692 2048 sermo?
1719 1991 1834 2045 Non
1867 1991 2010 2045 enim
2042 1986 2272 2056 simplex

681 2090 845 2144 homo
867 2086 1163 2158 aliquando
1189 2086 1291 2140 fuit
1323 2084 1506 2148 Jesus,
1538 2093 1664 2136 ante
1691 2081 1786 2136 Dei
1815 2095 1937 2134 cuin
1972 2080 2088 2147 ipso
2120 2091 2274 2130 eom-

681 2181 992 2236 munionem
1034 2191 1088 2234 et
1135 2178 1562 2242 adunationem;
1608 2175 1704 2230 sed
1757 2173 1902 2228 idem
1933 2171 2192 2233 Verbum,
2221 2170 2272 2222 in

681 2274 854 2344 ipsam
912 2276 1126 2326 beatam
1175 2269 1459 2340 Virginem
1517 2268 1780 2330 veniens,
1836 2263 2112 2334 proprium
2170 2259 2273 2314 sibi

686 2366 942 2436 templum
975 2381 1042 2419 ex
1075 2362 1319 2432 Virginis
1347 2361 1649 2417 substantia
1675 2359 1931 2426 sumpsit,
1966 2353 2274 2424 prodiitque

682 2473 746 2512 ex
769 2470 830 2510 ea
856 2458 1016 2509 homo
1040 2454 1258 2524 quidem
1281 2462 1550 2520 quatenus
1573 2451 1921 2512 cernebatur,
1947 2445 2276 2502 intrinsecus

684 2559 863 2603 autem
911 2561 1074 2601 verus
1107 2545 1377 2600 exsistens
1416 2543 1562 2597 Deus
1605 2560 1618 2596 :
1670 2523 1898 2609 ideoque
1943 2538 2105 2593 etiam
2155 2547 2277 2607 post

684 2651 921 2710 partum,
951 2638 1216 2709 virginem
1245 2635 1590 2691 conservavit
1613 2643 1892 2703 parentem
1923 2645 2100 2698 suam,
2132 2631 2277 2701 quod

683 2736 751 2790 de
785 2736 891 2788 alio
925 2732 1148 2787 nemine
1196 2741 1508 2786 sanctorum
1548 2727 1816 2782 usuvenit.
1851 2724 1982 2778 Nam
2017 2727 2144 2793 quia
2188 2724 2276 2777 isti

685 2837 876 2880 natura
907 2825 1158 2878 homines
1191 2832 1368 2886 erant,
1416 2821 1706 2873 humanam
1757 2830 2049 2884 paremque
2088 2828 2278 2868 omnes

687 2920 1022 2973 nativitatem
1075 2915 1250 2969 sortiti
1300 2922 1448 2967 sunt.
1509 2910 1604 2964 llle
1653 2918 1856 2968 autem,
1908 2907 2034 2976 quia
2087 2916 2277 2958 natura

686 3011 829 3066 Deus
856 3019 994 3074 erat,
1029 3013 1304 3074 assumpta
1331 3005 1495 3058 etiam
1520 3000 1787 3055 extremis
1823 2995 2158 3065 temporibus
2181 2996 2278 3048 hu-

688 3103 972 3163 manitate,
1019 3113 1212 3153 novatn
1249 3109 1360 3165 pra:
1393 3092 1613 3162 reliquis
1645 3089 1896 3144 omnibus
1942 3087 2277 3140 nativitatem

693 3211 806 3264 pra:
841 3209 897 3248 se
953 3192 1094 3245 tulit.
1144 3190 1284 3259 Ergo
1328 3196 1473 3241 recte
1520 3194 1574 3238 et
1625 3182 1853 3249 Dcipara
1903 3191 1956 3233 et
2002 3179 2279 3244 virginalis

691 3297 885 3349 mater,
914 3288 1064 3337 beata
1095 3283 1208 3334 hmc
1237 3280 1360 3350 jure
1385 3278 1590 3346 optimo
1619 3273 1844 3328 dicenda
1866 3282 1968 3324 est.
1997 3268 2109 3321 Non
2133 3273 2276 3322 enim

691 3380 855 3433 homo
885 3376 1114 3444 simplex
1146 3380 1286 3437 erat,
1321 3384 1482 3439 quem
1508 3369 1622 3436 ipsa
1650 3365 1889 3436 perperit
1920 3361 2099 3416 Jesus.

763 3560 818 3614 5.
859 3557 960 3622 Qui
990 3555 1132 3608 enim
1160 3551 1209 3604 id
1243 3547 1436 3604 ﬂeret?
1471 3545 1737 3613 siquidem
1769 3542 1834 3595 ad
1870 3540 2030 3609 hujus
2058 3552 2276 3608 operam

694 3666 757 3706 ac
783 3657 1104 3720 potestatem
1140 3643 1230 3694 illa
1267 3639 1429 3694 etiam
1473 3651 1593 3705 qua:
1633 3643 1758 3687 ante
1803 3633 2093 3686 adventum
2136 3629 2277 3682 facta

693 3741 936 3801 fuerunt,
966 3735 1149 3788 divina
1185 3730 1467 3798 Scriptura
1508 3723 1697 3779 refert.
1733 3722 1870 3776 Ecce
1905 3721 2049 3775 enim
2091 3722 2279 3773 beatus

695 3831 992 3901 discipulus
1025 3823 1190 3879 Judas
1231 3836 1423 3891 magna
1458 3833 1589 3871 voce
1629 3816 1782 3870 nobis
1815 3815 1953 3868 hanc
1995 3812 2154 3865 [idem
2192 3812 2277 3864 in-

694 3927 912 3982 clamat.
958 3920 1092 3975 Nam
1129 3933 1330 3982 rerum,
1361 3929 1481 3982 qua:
1523 3910 1707 3964 multis
1735 3909 1984 3963 mtatibus
2023 3918 2148 3960 ante
2183 3923 2278 3960 na-

696 4019 961 4074 tivitatem
986 4029 1050 4066 ex
1077 4010 1298 4077 Virgine
1328 4020 1464 4061 aeta:
1493 4014 1639 4068 sunt,
1671 4002 1877 4055 faciens
1924 4001 2276 4060 mentionem,

695 4114 775 4167 sic
802 4109 917 4163 ait:
943 4124 960 4157 ι
986 4105 1343 4160 Commoncre
1375 4109 1552 4152 autem
1585 4111 1680 4149 vos
1707 4094 1847 4158 volo,
1882 4094 2120 4148 scientes
2149 4091 2278 4144 alio-

696 4205 787 4274 qui
809 4200 1012 4265 omnia,
1045 4197 1303 4266 quoniam
1331 4191 1490 4246 Jesus
1522 4188 1774 4259 p0pulum
1799 4188 1863 4242 de
1889 4199 2032 4240 terra
2057 4183 2276 4254 Aigypti

697 4297 934 4359 salvans,
959 4291 1196 4348 secundo
1231 4302 1324 4342 eos
1360 4285 1449 4354 qui
1484 4299 1587 4336 non
1621 4281 1967 4335 crediderunt
2007 4280 2276 4348 perdidit;

697 4387 920 4457 angelos
956 4398 1084 4437 vero
1127 4381 1214 4448 qui
1255 4393 1360 4431 non
1396 4382 1747 4429 servaverunt
1801 4386 1957 4425 suum
2004 4370 2278 4439 principa-

699 4496 830 4544 tum,
884 4477 978 4531 sed
1034 4474 1310 4544 proprium
1363 4467 1693 4522 domicilium
1741 4449 2171 4530 dereliqueruut,
2228 4463 2276 4514 in

2373 1967 2719 2054 διδασκαλίας
2748 1992 2776 2043 ὁ
2821 1989 3014 2057 λόγος;
3063 1985 3141 2040 Οὑ
3188 1985 3295 2054 γὰρ
3338 1980 3622 2049 ἄνθρωπος
3669 1974 3767 2042 μὲν
3804 1967 3980 2038 ψιλὸς

2388 2085 2596 2155 Ἰησοῦς
2625 2083 2866 2154 ὑπῆρξέν
2896 2097 3024 2134 ποτε
3058 2079 3164 2144 πρὸ
3193 2076 3293 2145 τῆς
3319 2073 3412 2126 τοῦ
3451 2068 3587 2124 Θεοῦ
3618 2065 3760 2135 πρὸς
3795 2062 3985 2118 αὑτὸν

2375 2175 2662 2239 κοινωνίας
2712 2192 2770 2227 τε
2819 2176 2913 2227 καὶ
2967 2171 3234 2233 ὲνώσεως,
3272 2166 3385 2220 ἀλλ’
3419 2163 3580 2225 αὑτὸς
3628 2161 3655 2211 ὁ
3695 2157 3873 2224 Λόγος
3913 2157 3982 2208 ἐν

2376 2268 2513 2338 αὑτῇ
2541 2271 2605 2337 τῇ
2641 2265 2890 2336 μακαρίᾳ
2917 2261 3182 2334 Παρθένῳ
3209 2258 3522 2327 γενόμενος,
3556 2253 3648 2306 τὸν
3676 2249 3805 2302 ἴδιον
3833 2245 3982 2338 ναὸν

2377 2332 2681 2429 ἐαυτῷ
2733 2332 2833 2426 τῆς
2866 2332 3076 2416 -οὑσίας
3127 2352 3226 2422 τῆς
3265 2347 3540 2419 Παρθένου
3595 2340 3808 2404 ἔλασεν,
3871 2332 3982 2390 καὶ

2378 2451 2646 2524 προῆλθεν
2690 2449 2749 2512 ἐξ
2778 2447 2948 2518 αὑτῆς
2976 2447 3261 2515 ἄνθρωπος
3289 2441 3387 2511 μὲν
3419 2438 3618 2504 ἔξωθεν
3648 2429 3985 2500 ’θεωρούμε-

2378 2561 2490 2607 νος,
2533 2542 2744 2595 ἔνδοθεν
2789 2541 2847 2593 δὲ
2898 2538 3031 2601 Θεὸς
3085 2537 3348 2607 ὑπάρχων
3399 2529 3687 2602 ἀληθινός²
3745 2525 3827 2580 διὸ
3875 2525 3984 2577 καὶ

2382 2635 2520 2705 μετὰ
2543 2633 2602 2686 τὸ
2623 2632 2901 2701 τεχθῆναι,
2931 2629 3200 2697 παρθένον
3215 2627 3314 2697 τὴν
3343 2621 3606 2677 τεκοῦσαν
3635 2619 3985 2688 τετήρηκεν,

2379 2728 2514 2798 ὅπερ
2577 2725 2665 2776 ἐπ’
2726 2722 2942 2785 οὐδενὸς
3002 2721 3110 2772 τῶν
3168 2717 3343 2772 ἄλλων
3405 2714 3578 2782 ἁγίων
3645 2709 3981 2778 γεγένηται.

2392 2819 2611 2888 Ἐπειδὴ
2643 2817 2752 2887 γὰρ
2793 2818 2993 2868 ἐκεῖνοι
3041 2813 3142 2882 τὴν
3178 2809 3339 2879 φύσιν
3387 2807 3634 2876 ὑπῆρχον
3663 2802 3983 2872 ἄνθρωποι,

2380 2909 2729 2980 ἀνθρωπίνην
2783 2906 2877 2958 καὶ
2914 2907 3035 2974 ἴσην
3075 2904 3176 2972 τὴν
3212 2901 3426 2969 γένεσιν
3463 2897 3654 2965 ἔλαχον
3702 2892 3983 2952 ἅπαντες.

2380 2996 2533 3064 οὗτος
2562 3001 2618 3053 δὲ
2640 2998 2828 3068 ἐπειδὴ
2849 2998 2989 3049 κατὰ
3019 2995 3180 3062 φύσιν
3198 2993 3442 3061 ὑπῆρχεν
3467 2988 3620 3051 Θεὸς,
3643 2981 3985 3057 προσλαϐὼν

2381 3097 2438 3146 ὲν
2484 3093 2660 3164 χρόνῳ
2700 3091 2915 3160 ἐσχάτῳ
2956 3089 3050 3141 καὶ
3090 3087 3152 3140 τὸ
3195 3085 3555 3156 ἀνθρώπινον,
3607 3080 3766 3150 ξένην
3817 3079 3988 3145 παρὰ

2383 3184 2595 3244 πάντας
2645 3182 2744 3251 τὴν
2797 3183 2859 3231 ἐκ
2903 3182 2999 3248 τῆς
3031 3176 3306 3245 Παρθένου
3359 3173 3574 3241 γένεσιν
3626 3168 3984 3233 ἐπεδείξατοο

2382 3273 2578 3327 οὐκοῦν
2617 3272 2842 3333 εἰκότως
2890 3266 3270 3328 κα“ιΘεοτόκος
3315 3266 3409 3316 καὶ
3453 3254 3905 3332 παρθενομήτωρ
3949 3261 3984 3328 ἠ

2386 3365 2633 3434 μακαρία
2663 3362 2886 3422 δικαίως
2917 3359 2982 3412 ἂν
3006 3359 3244 3426 λέγοιτο·
3271 3350 3331 3408 οὑ
3356 3355 3465 3426 γὰρ
3492 3352 3780 3423 ἄνθρωπος
3818 3351 3982 3422 ψιλὸς

2379 3453 2447 3527 ἦν
2480 3455 2746 3524 δτεχθεὶς
2777 3454 2837 3519 ἐξ
2872 3451 3044 3521 αὑτῆς
3097 3449 3328 3520 Ἰησοῦς.

2453 3549 2512 3601 ε’.
2559 3549 2683 3611 Πῶς
2709 3549 2847 3617 γάρ;
2877 3547 3012 3600 ὅπου
3039 3545 3133 3598 καὶ
3164 3544 3270 3614 πρὸ
3299 3543 3396 3614 τῆς
3431 3542 3722 3612 ἐπιδημίας
3740 3557 3982 3609 γεγενη-

2385 3643 2542 3712 μένα,
2569 3644 2632 3710 τῇ
2660 3640 2847 3692 τούτου
2884 3638 3136 3706 ἐνεργείᾳ
3165 3638 3257 3689 καὶ
3288 3635 3509 3704 ἐξουσία
3543 3637 3576 3702 ὴ
3604 3634 3721 3686 θεία
3759 3649 3980 3703 προσα-

2381 3733 2606 3801 ναςςέρει
2634 3732 2824 3801 Γραφή
2847 3747 2859 3760 ο
2895 3730 2988 3782 καὶ
3011 3729 3142 3796 γοῦν
3187 3727 3386 3789 Ἰούδας
3420 3729 3447 3779 ὁ
3486 3726 3758 3795 μακάριος
3791 3723 3980 3794 μαθη-

2380 3825 2476 3892 τὴς
2533 3821 2930 3891 μεγαλοφώνως
2968 3824 3100 3891 ἡμῖν
3138 3820 3233 3890 τὴν
3273 3820 3526 3890 τοιαύτην
3588 3818 3980 3889 παραδέδωκεν

2381 3917 2561 3966 πίστιν
2586 3931 2598 3944 ·
2637 3915 2743 3966 τῶν
2777 3914 2885 3984 γὰρ
2917 3914 3022 3982 πρὸ
3052 3912 3259 3966 πολλῶν
3284 3911 3482 3980 γενεῶν
3515 3913 3613 3982 τῆς
3660 3915 3724 3964 ἐκ
3752 3913 3978 3983 Παρθέ-

2383 4026 2472 4060 νου
2507 4007 2733 4078 προόδου
2764 4009 3133 4077 μεμνημένος,
3164 4006 3306 4060 οὑτω
3337 4006 3534 4077 φησίν·
3573 4027 3589 4056 (
3625 4006 3976 4076 ’Υπομνῆσαι

2382 4101 2439 4152 δὲ
2474 4102 2615 4169 ὑμᾶς
2653 4099 2935 4167 βούλομαι,
2975 4098 3183 4160 εἰδότας
3232 4098 3468 4167 ᾅπαντα,
3513 4099 3594 4151 ὅτι
3640 4098 3848 4169 Ἰησοῦς
3893 4097 3972 4166 (l)

2381 4190 2505 4243 λαὸν
2542 4192 2605 4241 ἐκ
2631 4190 2734 4257 γῆς
2769 4189 3047 4258 Αἰγύπτου
3079 4190 3277 4256 σώσας,
3317 4191 3379 4242 τὸ
3423 4189 3675 4259 δεύτερον
3720 4192 3852 4253 τοὺς
3898 4191 3974 4258 μὴ

2384 4283 2782 4344 πιστεύσαντας
2815 4281 3096 4334 ἀπώλεσεν
3118 4299 3129 4308 ”
3165 4282 3429 4350 ἀγγέλους
3464 4298 3523 4334 τε
3545 4284 3670 4344 τοὺς
3700 4281 3775 4352 μὴ
3802 4282 3976 4353 τηρὴ-

2386 4392 2585 4437 σαντας
2627 4375 2725 4444 τὴν
2758 4373 2968 4425 ἑαυτῶν
3000 4374 3198 4444 ἀρχὴν,
3243 4372 3379 4425 ἀλλὰ
3417 4371 3870 4444 ἁπολ[ε]ιπόντας
3916 4372 3976 4424 τὸ

2387 4469 2516 4520 ἴδιον
2551 4469 2893 4536 οἰκητήριον,
2924 4470 3002 4529 εἰς
3029 4468 3210 4536 κρίσιν
3239 4467 3481 4538 μεγάλης
3518 4469 3728 4537 ἡμέρας
3751 4466 3976 4537 δεσμοῖς

691 4570 958 4639 judicium
995 4565 1172 4634 magni
1217 4562 1346 4626 diei,
1388 4557 1618 4612 vinculis
1665 4556 1883 4610 :eternis
1910 4554 2011 4608 sub
2049 4553 2272 4622 caligine

2385 4559 2577 4621 ἀϊδίοις
2604 4559 2708 4612 ὑπὸ
2733 4558 2894 4627 ζόφον
2921 4560 3243 4629 τετήρηκεν.
3270 4579 3287 4609 ι
3326 4559 3386 4610 Εἰ
3427 4559 3483 4610 δὲ
3513 4558 3798 4630 ἄνθρωπον
3823 4558 3976 4628 ψιλὸν

698 4661 1085 4720 reservavit".
1114 4676 1131 4709 ι
1171 4655 1320 4722 Quod
1353 4653 1396 4707 si
1449 4649 1749 4718 simplicem
1801 4647 2073 4701 hominem
2122 4646 2277 4699 beata

702 4756 864 4823 Virgo
897 4746 1419 4821 peperissetJesum,
1449 4742 1591 4795 hunc
1621 4749 1800 4792 autem
1831 4737 1963 4791 dicit
1988 4736 2280 4803 discipulus

698 4851 764 4900 de
796 4842 1173 4912 Egyptiorum
1217 4851 1374 4890 manu
1424 4829 1678 4884 lsraelem
1728 4827 2060 4888 liberavisse,
2104 4839 2278 4894 popu-

700 4947 916 5006 lumque
946 4949 1043 5004 per
1071 4935 1344 4986 desertum
1378 4926 1703 4988 ductavisse,
1747 4923 1875 4992 quin
1911 4931 1964 4977 et
2002 4928 2279 4991 portento-

769 5116 810 5144 "
847 5113 952 5167 Tit.
986 5125 1044 5174 ι’,
1081 5111 1160 5164 15..
1235 5107 1278 5138 ⁸⁸
1313 5105 1477 5159 lCor.
1526 5120 1583 5162 It,
1619 5103 1670 5155 8.
1751 5101 1793 5130 ⁵⁸
1837 5101 1957 5152 Jnd.
1992 5106 2044 5151 ti.

771 5290 846 5359 (Ι)
888 5284 1292 5359 Animadverte“
1316 5284 1550 5359 primum
1599 5279 1753 5359 citari
1781 5292 1832 5359 ’ξι
1873 5273 2274 5359 CyrilloJJndazl

701 5345 1022 5430 Ep‘is'tolam,
1077 5345 1400 5430 quod__l'a'cit
1435 5353 1616 5430 etiam
1666 5352 1719 5402 in
1769 5345 2176 5430 Prospliouetri‘co
2208 5345 2274 5395 ad

705 5414 1169 5494 Titeodosiuni,'p.
1218 5424 1304 5477 77.
1358 5423 1557 5477 Deinde
1614 5435 1725 5494 pro
1763 5419 2039 5494 communi
2091 5414 2278 5494 Graeca

705 5484 934 5556 lectione
970 5484 1191 5567 Κύριος,
1232 5496 1457 5547 observa
1507 5484 1826 5567 vocabulum
1869 5484 2094 5567 Ἰησοῦς,
2132 5485 2273 5562 quod

707 5554 866 5627 habet
897 5554 1081 5634 reapse
1105 5554 1348 5634 vulgatus
1379 5561 1841 5634 noster_Latin_us,_
1874 5555 2201 5634 sutlragante
2225 5554 2271 5632 ei

706 5625 827 5694 cum
858 5625 1057 5710 Uyt'tilo
1104 5625 1501 5710 etia'tttucodice
1677 5628 2022 5710 principenac
2067 5625 2273 5710 Iccleht'i

710 5695 986 5773 Vaticano,
1008 5717 1062 5762 et
1093 5706 1361 5760 nonnullis
1384 5704 1504 5756 aliis
1525 5702 1618 5755 Gr.
1653 5695 1888 5773 apudet.
1919 5695 2273 5773 _Sc_holtzium,

711 5783 876 5836 Porro
909 5780 950 5834 si
974 5766 1101 5832 Jesu
1145 5790 1239 5845 pro
1265 5775 1447 5837 Josue,
1479 5785 1536 5825 ut
1578 5766 1814 5845 nonnulli
1840 5766 2276 5845 egistimant‘po-

712 5855 874 5915 uitur,
916 5852 959 5907 is
997 5836 1212 5916 quidem
1266 5848 1392 5908 dux,
1432 5836 1596 5913 tignra
1643 5839 1850 5896 Domini
1884 5836 2008 5892 Jesu
2052 5837 2278 5891 creden-

2386 4651 2570 4704 ἔτεκεν
2607 4653 2639 4721 ὴ
2677 4652 2922 4721 μακαρία
2963 4652 3237 4721 Παρθένος
3283 4652 3374 4704 τὸν
3425 4652 3652 4722 Ἰησοῦν,
3695 4652 3891 4706 τοῦτον
3921 4651 3976 4704 δέ

2388 4760 2552 4811 φησιν
2583 4744 2610 4794 ό
2640 4742 2908 4812 μαθητὴς,
2933 4742 3030 4811 τῆς
3054 4741 3368 4808 Αἰγυπτίων
3408 4739 3588 4811 χειρὸς
3619 4741 3709 4793 τὸν
3756 4741 3976 4812 Ἰσραὴλ

2387 4833 2852 4904 ἐλευθερώσαντα,
2901 4833 2995 4884 xal
3034 4832 3337 4901 ἡγούμενον
3375 4831 3469 4884 τοῦ
3522 4830 3652 4886 λαοῦ
3697 4833 3845 4886 κατὰ
3880 4830 3978 4900 τὴν

2389 4921 2613 4992 ἔρημον,
2634 4922 2689 4985 ὃς
2710 4921 2930 4975 καὶτῶν
2949 4919 3330 4992 τεραστ[ε]ίων
3353 4921 3594 4976 ἐπετέλει
3611 4921 3675 4974 τὰ
3695 4921 3972 4992 θαύματα,

2385 5273 2482 5324 dus
2515 5284 2615 5326 est.
2661 5271 2976 5343 Quanquam
3021 5286 3212 5340 reapse
3253 5272 3485 5343 Moyses,
3517 5288 3620 5328 non
3656 5273 3846 5338 Josue,
3879 5290 3944 5343 po

2387 5346 2568 5410 pulum
2603 5358 2664 5395 ex
2709 5340 2941 5409 Aigypto
2980 5342 3214 5409 eripuit;
3270 5340 3544 5412 multoque
3588 5346 3764 5398 minus
3810 5340 3965 5400 Josiie

2392 5414 2616 5465 rehetles
2646 5416 2872 5485 angelos
2897 5413 3199 5485 adint‘eros
3241 5414 3489 5468 detrusit.
3525 5413 3744 5470 Plurimi
3784 5417 3966 5485 igitur.

2386 5495 2442 5534 ut
2472 5498 2612 5535 nunc
2638 5484 2799 5534 etiam
2837 5481 3089 5551 Cyrinus,
3120 5493 3266 5552 recto
3297 5499 3355 5537 ac
3391 5485 3667 5552 pritnitivo
3693 5481 3857 5538 sensu
3883 5486 3963 5537 in-

2387 5553 2773 5624 teiliguut__bic
2824 5550 3122 5624 Dominum
3162 5550 3510 5624 Iesum—qui
3557 5555 3733 5624 angeli
3788 5555 3960 5624 specie

2387 5625 2580 5694 populo
2636 5620 2858 5694 llcbrmo
2916 5623 3025 5674 dux
3056 5622 3174 5675 luit.
3223 5623 3336 5677 Nisi
3386 5620 3582 5693 potius,
3633 5620 3779 5694 Quod
3817 5620 3962 5694 iidem

2387 5691 2784 5761 quodammodo
2825 5701 2927 5767 est,
2981 5707 3266 5759 personam
3308 5691 3497 5750 icterni
3547 5691 3705 5750 Verbi
3752 5692 3964 5767 angelus

2388 5768 2490 5814 dux
2537 5762 2986 5830 repraesentabat.
