4104 6494
153 449 223 503 ξεί
1211 431 1400 498 ouoo
1437 429 1496 482 Β.
1540 421 1692 481 nan

1797 421 1904 478 SIT
1948 419 2238 477 DElI’ARA

3239 410 3356 469 262

154 565 230 636 apo
251 559 495 616 τοσούτων
527 558 749 627 γενεῶν
793 557 892 626 τῆς
937 557 998 608 ἐκ
1034 551 1310 621 Παρθένου
1340 551 1646 618 γεννήσεως
1667 564 1682 579 ο

1794 561 1907 599 rum
1943 543 2201 599 miracula
2236 551 2312 596 tot
2338 549 2461 595 ante
2487 539 2819 594 nativitatem
2842 553 2907 591 ex
2937 535 3151 606 Virgine
3180 538 3357 591 aetati-

152 655 227 708 ποῦ
247 654 410 706 τοῦτον
431 653 539 720 ἄρα
570 651 705 702 κατ’
739 648 984 708 ὲκείνους
1009 644 1134 707 τοὺς
1167 643 1389 714 χρόνους
1427 640 1691 708 ὑπάρχειν

150 746 392 807 δώσουσινς
418 743 549 794 πότε
567 740 627 794 δὲ
647 741 748 811 τῆς
768 737 1034 806 γενέσεως
1064 734 1164 806 τὴν
1193 733 1365 805 ἀρχὴν
1390 730 1687 800 ἐσχηκότας

152 834 304 888 Οὖιιέτι
329 832 430 902 γὰρ
463 832 663 893 αὐτοῖς
695 830 853 898 λόγος
889 827 1237 897 συγχωρήσει
1269 823 1466 890 λέγειν,
1501 822 1565 872 ὲκ
1592 819 1692 888 τῆς

152 925 432 996 παρθενικῆς
474 923 720 991 προόδου
765 922 865 992 τὴν
895 920 1069 992 ἀρχὴν
1098 916 1192 970 τοῦ
1226 909 1365 968 είναι
1408 911 1689 982 εἰληφότα.

150 1016 513 1067 Διδασκέτωσαν
538 1013 734 1066 τοίνυν
764 1014 813 1065 οἱ
836 1011 944 1063 τῶν
971 1008 1156 1062 κακῶν
1185 1005 1474 1076 ἐφευρεταὶ
1496 1003 1694 1072 δογμά-

150 1122 246 1168 των,
278 1105 395 1157 πότε
416 1105 519 1173 τῆς
551 1104 833 1172 γενέσεως
859 1102 955 1171 τὴν
981 1101 1155 1171 ἀρχὴν
1177 1114 1330 1159 ουτος
1353 1100 1380 1150 ό
1409 1096 1693 1166 ἄνθρωπος

150 1199 368 1266 ἔσχηκεν,
403 1195 506 1248 ποῦ
542 1196 603 1248 δὲ
638 1196 734 1249 καὶ
767 1195 825 1245 ὲν
851 1195 991 1247 τίσιν
1019 1191 1127 1261 ἄρα
1167 1189 1392 1243 διετέλει
1420 1184 1693 1247 τοσούτοις

149 1285 308 1337 ἔτεσιν.
342 1284 476 1336 Ἀλλ’
512 1285 620 1336 ob):
659 1286 740 1336 ἔτι
774 1282 962 1335 τοῦτον
998 1281 1284 1351 ἄνθρωπον
1313 1276 1451 1330 εἶναι
1493 1276 1599 1328 τῶν
1633 1270 1690 1327 εὖ

150 1377 444 1446 φρονούντων
477 1390 569 1438 τις
605 1378 748 1446 ἐρεῖ,
801 1375 860 1437 ὃς
908 1375 1001 1427 καὶ
1034 1376 1145 1434 τοῖς
1178 1370 1320 1424 κατὰ
1366 1369 1426 1423 τὸ
1466 1368 1692 1422 παλαιὸν

149 1469 506 1536 ἁμαρτήσασιν,
532 1468 636 1519 καὶ
658 1466 719 1519 τὸ
741 1465 870 1517 ίδιον
891 1461 1333 1534 ἀπολ[ε]ιποῦσιν
1353 1459 1545 1528 οἰκητή
1557 1474 1690 1528 ριον,

148 1560 194 1609 ἐκ
222 1558 328 1610 τότε
365 1558 464 1620 τὰς
515 1560 798 1628 τιμωρίας
850 1556 1068 1626 ὥρισεν,
1122 1555 1215 1605 καὶ
1255 1554 1354 1622 τῆς
1382 1549 1693 1618 Αἰγυπτίων

147 1649 292 1717 χειρὸς
337 1650 552 1720 Ἰσραὴλ
589 1651 820 1715 ἐνδόξως
846 1649 1098 1719 ἐρύσατο.
1135 1648 1197 1699 Ei
1222 1645 1403 1698 τοίνυν
1429 1642 1570 1696 κατὰ
1593 1641 1692 1711 τὴν

147 1739 289 1792 αὐτῶν
317 1738 546 1805 ἔκδοσιν,
581 1741 709 1793 οὔτε
738 1743 766 1792 ὁ
800 1740 930 1802 Θεὸς
958 1739 1130 1806 Λόγος
1164 1736 1504 1790 ὑπονοεῖσθαι
1533 1734 1693 1787 δύνα-

146 1845 231 1892 ται,
257 1830 334 1882 διὰ
363 1831 420 1883 τὸ
442 1832 534 1883 τὸν
565 1831 633 1883 ὲκ
665 1832 764 1901 τῆς
803 1830 1080 1899 Παρθένου
1120 1827 1380 1897 τεχθέντα
1427 1820 1563 1878 εἶναι
1602 1825 1694 1876 τὸν

1795 638 1896 692 bus
1922 636 2240 706 patravisse,
2274 633 2488 688 ubinam
2506 633 2649 686 hunc
2692 631 3018 699 temporibus
3063 631 3167 685 illis
3192 633 3360 688 exsti-

1795 729 1926 783 tisse
1968 726 2310 782 concedent?
2361 727 2628 778 undenam
2684 736 2860 778 autem
2901 726 3199 780 nativitatis
3251 743 3360 782 suae

1799 819 2062 886 originem
2091 816 2357 870 traxisse?
2383 815 2564 884 Neque
2591 815 2734 870 enim
2768 817 2895 884 ipsis
2923 818 3062 870 ratio
3089 821 3362 886 permittet

1793 908 1974 964 dicere
2001 909 2146 962 illum
2172 923 2234 962 ex
2266 906 2486 975 Virgine
2511 907 2720 961 initium
2739 908 3026 962 exsistendi
3048 911 3358 979 sumpsisse.

1796 1000 2183 1054 Demonstrent
2238 997 2431 1069 145d
2481 998 2662 1066 itaque
2711 1013 2999 1066 pravorum
3053 1001 3361 1070 dogmatum

1796 1090 2129 1153 inventores,
2155 1090 2296 1144 unde
2329 1100 2482 1146 ortus
2510 1091 2592 1144 sui
2617 1091 2936 1160 principium
2967 1092 3056 1146 hic
3081 1093 3239 1147 homo
3265 1095 3363 1148 ha-

1795 1182 2012 1243 buerit;
2051 1181 2266 1234 ubinam
2313 1181 2574 1249 quibusve
2618 1181 2672 1234 in
2716 1180 2954 1236 locistot
2992 1184 3147 1237 annis
3191 1184 3276 1238 hic
3307 1198 3366 1238 se

1796 1273 2146 1327 continuerit.
2194 1270 2299 1325 Sed
2340 1272 2450 1340 jam
2498 1285 2655 1326 nemo
2700 1287 2864 1327 sanus
2899 1273 3040 1327 hunc
3086 1275 3228 1330 dicet
3271 1276 3367 1330 ho-

1797 1364 2017 1430 minem,
2050 1364 2138 1432 qui
2168 1374 2222 1416 et
2261 1363 2386 1416 olim
2433 1364 2780 1431 peccantibus
2825 1379 3088 1433 suumque
3142 1367 3367 1422 domici-

1796 1456 1923 1509 lium
1952 1455 2323 1509 deserentibus
2351 1468 2537 1522 poenas
2559 1454 2879 1518 decreverit,
2911 1466 2960 1508 et
2991 1470 3053 1509 ex
3091 1456 3368 1527 Egyptia-

1798 1564 1915 1602 rum
1944 1564 2101 1602 manu
2132 1548 2384 1602 Israelem
2414 1548 2695 1617 Splendide
2722 1550 3006 1616 eripuerit.
3041 1549 3096 1603 Si
3117 1566 3253 1619 ergo
3281 1567 3368 1606 se-

1797 1639 2027 1695 cundum
2055 1640 2290 1706 ipsorum
2315 1640 2738 1700 concessionem,
2771 1655 2941 1710 neque
2972 1640 3110 1696 Deus
3133 1640 3365 1697 Verbum

1798 1731 1943 1788 credi
1970 1739 2144 1801 potest
2173 1730 2347 1796 Jesus,
2376 1741 2594 1800 propter
2619 1733 2733 1799 ejus
2759 1747 2823 1785 ex
2856 1731 3076 1802 Virgine
3111 1735 3369 1789 nativita-

1799 1834 1942 1888 tem;
1981 1839 2155 1893 neque
2189 1839 2377 1877 rursus
2427 1824 2586 1876 homo
2614 1838 2739 1878 esse
2769 1835 2940 1891 potest
2978 1826 3068 1894 qui
3105 1828 3368 1896 ejusmodi

156 1917 348 1988 Ἰησοῦν,
381 1921 506 1973 οῦτε
531 1921 827 1992 ἄνθρωπος
868 1920 1030 1973 πάλιν
1073 1921 1100 1970 ὁ
1147 1917 1319 1969 ταῦτα
1353 1915 1692 1984 θαυματουρ-

1799 1915 2042 1984 prodigia
2077 1915 2310 1967 ediderit
2343 1914 2577 1982 (etenim
2614 1915 2680 1968 ab
2715 1915 2948 1969 hominis
2986 1927 3175 1970 natura
3209 1929 3260 1973 et
3295 1918 3372 1972 fa-

147 2010 287 2075 γήσας
337 2011 504 2078 (ξένα
556 2011 673 2079 γὰρ
724 2012 821 2080 τῆς
877 2009 1164 2079 ἀνθρώπου
1219 2007 1432 2076 φύσεώς
1483 2023 1542 2059 τε
1597 2006 1691 2058 καὶ

147 2098 383 2169 δδνάμεως
413 2104 482 2155 τὰ
515 2103 894 2175 προειρημένα
927 2100 1303 2170 καθέστηκεν),
1345 2099 1465 2152 τίνα
1509 2097 1693 2151 λοιπὸν

149 2190 392 2258 ἐπινοῆσαι
415 2193 610 2246 οὐσίαν
642 2194 820 2263 τούτῳ
846 2193 939 2245 καὶ
968 2192 1120 2256 τάξιν
1153 2192 1472 2261 δυνήσονται
1501 2207 1516 2255 ;

202 2283 263 2345 ς’.
303 2285 439 2336 Ἀλλ’
465 2288 635 2354 ἡμεῖς
659 2284 730 2336 τὰ
749 2283 951 2336 τούτων
982 2284 1200 2352 ῥήματα
1219 2281 1489 2349 τοσαύτης
1511 2280 1694 2341 ἀνοίας

149 2371 220 2420 καὶ
264 2373 688 2442 παραφροσύνης
725 2373 958 2442 ὁρῶντες
1010 2371 1204 2442 μεστὰ,
1251 2371 1348 2424 καὶ
1389 2366 1586 2439 οἷάπερ
1634 2370 1691 2419 ὲν

150 2460 302 2525 ὕπνοις
327 2465 419 2515 καὶ
455 2464 599 2536 μέθῃ
627 2464 767 2534 πρὸς
802 2464 979 2516 αὐτῶν
1011 2463 1300 2533 λεγόμενα,
1347 2461 1557 2522 τούτοις
1592 2460 1691 2529 μὲν

151 2555 261 2605 κατὰ
288 2555 379 2622 τὴν
411 2554 506 2607 τοῦ
544 2555 807 2628 Σωτῆρος
841 2554 1073 2626 ἐροῦμεν
1111 2553 1328 2622 φωνήν·
1365 2570 1383 2602 ι
1408 2552 1691 2604 Πλανᾶσθε

154 2643 209 2713 μὴ
231 2645 414 2707 εἰδότες
442 2646 544 2707 τὰς
569 2647 813 2717 Γραφὰς,
840 2645 972 2714 μηδὲ
994 2644 1090 2713 τὴν
1112 2643 1339 2713 δύναμιν
1367 2643 1461 2696 τοῦ
1489 2642 1622 2696 Θεοῦ
1641 2659 1686 2694 ἰ

152 2735 211 2785 διὸ
232 2735 286 2805 δὴ
314 2738 586 2807 ἐκνήψατε
617 2737 862 2801 δικαίως,
892 2735 984 2788 καὶ
1015 2736 1088 2805 μὴ
1124 2736 1488 2805 ἁμαρτάνετε,
1520 2737 1694 2804 ἀγνω-

155 2825 244 2875 σίαν
266 2825 391 2878 Θεοῦ
424 2829 504 2890 είς
529 2827 788 2879 τοσοῦτον
819 2826 1177 2895 νοσήσαντες·
1214 2825 1386 2895 ὀρθῶς
1420 2826 1475 2877 δὲ
1509 2826 1688 2888 πάλιν,

154 2917 225 2968 καὶ
273 2919 340 2980 ὠς
391 2919 822 2991 προαποδέδοται
863 2917 963 2986 τῆς
1016 2917 1261 2980 ἐνώσεως
1299 2917 1545 2981 νοοῦντες
1593 2917 1690 2988 τὴν

152 3006 292 3070 δόξαν,
322 3007 447 3060 Θεόν
499 3026 565 3060 τε
623 3009 710 3060 ἀεὶ
739 3006 866 3059 ὄντα
920 3006 1137 3072 τοῦτον,
1179 3007 1466 3075 γενόμενον
1497 3007 1550 3060 δὲ
1603 3009 1690 3060 ἐπ’

155 3097 358 3166 ἐσχάτων
387 3099 483 3152 καὶ
527 3098 820 3169 ἄνθρωπον
861 3097 1249 3167 ἐπιστάμενοι,
1285 3098 1556 3167 ἀτρέπτου
1597 3100 1690 3150 καὶ

154 3188 468 3242 ἀναλλοιώτου
506 3188 877 3258 φυλαχθείσης
907 3189 1072 3241 αὑτοῦ
1098 3187 1197 3258 τῆς
1227 3189 1501 3258 θεότητος,
1525 3190 1687 3242 αὑτὸν

1795 2003 1999 2060 cultate
2025 2019 2144 2074 quae
2176 2019 2335 2073 supra
2365 2005 2600 2058 diximus
2626 2004 2965 2074 abhorrent),
2984 2007 3194 2075 qualem
3223 2011 3374 2063 deni-

1793 2113 1900 2167 que
1929 2107 2184 2166 poterunt
2215 2098 2374 2165 hujus
2403 2111 2522 2152 esse
2545 2096 2904 2153 substantiam
2935 2109 2990 2155 et
3011 2102 3371 2157 conditionem

1793 2190 2149 2244 existimare?

1865 2279 1917 2333 6.
1962 2280 2066 2333 Sed
2090 2280 2233 2333 enim
2269 2294 2366 2333 nos
2395 2280 2584 2334 horum
2617 2280 2779 2334 verba
2807 2283 2942 2336 adeo
2967 2284 3246 2339 dementia:
3279 2288 3373 2340 de-

1791 2369 2010 2438 liriique
2058 2371 2213 2438 plena
2261 2381 2571 2436 cernentes,
2607 2387 2670 2426 ac
2712 2373 2877 2426 veluti
2911 2389 2939 2425 a
2982 2375 3375 2430 somniantibus

1793 2458 2130 2527 ebriosisque
2176 2467 2452 2522 eructata,
2498 2461 2582 2514 his
2613 2461 2764 2527 juxta
2813 2461 3121 2516 Servatoris
3154 2463 3372 2516 effatum

1793 2550 2036 2602 dicemus
2062 2566 2075 2600 :
2108 2566 2125 2598 ι
2149 2549 2380 2614 Erratis,
2402 2550 2709 2604 nescientes
2734 2550 3049 2620 Scripturas
3073 2569 3246 2622 neque
3269 2555 3375 2609 viro

1797 2649 1963 2693 tutem
2001 2639 2094 2694 Dei
2118 2639 2185 2691 '°.
2223 2659 2240 2690 ι
2279 2640 2402 2695 Ideo
2434 2650 2491 2693 nt
2522 2656 2618 2710 par
2644 2651 2726 2696 est
2763 2643 3028 2699 edormite
3071 2647 3371 2716 crapulam,

1794 2741 1850 2785 et
1880 2731 2045 2784 nolite
2083 2746 2328 2799 peccare,
2367 2742 2510 2786 tanta
2543 2733 2617 2786 rei
2649 2732 2846 2788 divina:
2881 2735 3185 2803 ignorantia
3229 2739 3375 2794 labo-

1796 2831 1995 2875 rantes.
2027 2822 2133 2875 Sed
2172 2831 2316 2876 reete
2359 2824 2560 2889 potius,
2607 2833 2768 2892 atque
2799 2835 2855 2880 ut
2887 2827 2997 2896 jam
3035 2828 3376 2884 demonstra—

1795 2923 1904 2965 tum
1953 2927 1980 2964 a
2033 2913 2186 2966 nobis
2226 2913 2342 2974 fuit,
2388 2913 2732 2968 adunationis
2779 2915 3004 2984 gloriam
3049 2921 3372 2988 cogitantes;

1794 3005 1934 3057 hunc
1967 3013 2020 3057 et
2060 3004 2227 3057 Deum
2254 3019 2467 3071 semper
2495 3004 2680 3070 fuisse,
2709 3017 2761 3058 et
2793 3017 3066 3075 postremo
3102 3012 3371 3066 hominem

1791 3109 2005 3163 quoque
2052 3094 2252 3150 factum
2301 3107 2698 3164 agnoscentes,
2750 3097 2821 3151 ita
2869 3108 3050 3153 tamen
3101 3111 3157 3155 ut
3207 3101 3376 3170 ipsius

1792 3187 2172 3241 invertibiliter
2228 3195 2283 3241 et
2349 3189 2756 3243 immutabiliter
2808 3203 3128 3246 conservata
3200 3197 3373 3250 deitas

156 3281 226 3331 καὶ
250 3281 354 3332 τότε
390 3281 488 3350 τῆς
521 3281 584 3346 ἐξ
624 3279 898 3347 Αἰγύπτου
942 3280 1164 3350 πορείας
1198 3279 1289 3332 τοῦ
1333 3279 1548 3350 Ἰσραὴλ
1580 3280 1690 3331 Σω-

1795 3278 1987 3345 fuerit,
2023 3279 2274 3332 eumdem
2315 3289 2368 3333 et
2415 3288 2542 3334 tunc
2588 3281 2800 3334 lsraelis
2849 3295 2912 3335 ex
2944 3282 3179 3355 Egypto
3212 3301 3374 3342 exce-

157 3373 264 3440 τῆρα
289 3374 662 3444 πιστεύωμεν
707 3373 792 3424 ἀεὶ
829 3373 926 3442 μὲν
953 3371 1048 3424 τοῦ
1079 3373 1289 3442 Πατρὸς
1329 3373 1455 3424 ὅντα
1497 3372 1686 3438 Λόγον,

157 3462 226 3514 καὶ
254 3463 374 3530 φῶς,
402 3467 496 3518 καὶ
522 3464 888 3533 ἀπαύγασμα,
915 3464 1005 3516 καὶ
1032 3462 1130 3532 τῆς
1165 3461 1500 3532 θεοπρεποῦς
1534 3460 1689 3532 δόξης

155 3551 230 3618 την
255 3551 563 3606 δυναστείαν
587 3553 813 3622 ἔχοντα·
849 3551 927 3603 διὸ
959 3550 1021 3622 δὴ
1055 3551 1148 3604 καὶ
1188 3551 1371 3619 ἔλεγεν
1400 3551 1476 3621 τῷ
1508 3568 1689 3621 μακα-

161 3642 235 3710 ρίῳ
263 3645 455 3715 ὶιωῦσῇ
479 3665 490 3676 ·
536 3664 554 3695 ι
588 3643 731 3710 Ἐγὼ
760 3645 885 3712 εἰμι.
905 3646 931 3696 ὁ
957 3642 1093 3695 ὦνί
1135 3645 1248 3706 καὶ,
1290 3664 1307 3694 ‹
1335 3644 1474 3712 Ἐγὼ
1499 3647 1526 3696 ὁ
1558 3645 1690 3708 Θεὸς

167 3737 392 3805 Ἀδραὰμ,
416 3739 512 3792 καὶ
533 3737 668 3798 Θεὸς
701 3734 901 3796 Ἰσαὰκ,
929 3735 1014 3786 καἴ
1043 3736 1175 3796 Θεὸς
1214 3735 1407 3788 Ἰακώὸ
1428 3753 1440 3764 ·
1466 3755 1484 3788 ι
1515 3738 1613 3806 τὴν
1634 3739 1690 3789 δὲ

157 3825 226 3877 τοῦ
251 3827 366 3880 Υίοῦ
394 3827 772 3900 προσηγορίαν
810 3812 1188 3897 προσλαϐόντα
1229 3828 1326 3896 μὲν
1358 3828 1444 3880 ὅτε
1469 3828 1690 3896 γέγονεν

162 3917 419 3988 ἄνθρωπος,
450 3923 559 3993 τῆς
587 3921 643 3973 δὲ
674 3919 920 3981 ἑνώσεως
954 3920 1135 3987 χάριν,
1171 3921 1262 3971 καὶ
1312 3920 1398 3972 διὰ
1429 3921 1488 3972 τὸ
1527 3922 1690 3973 αὑτὸν

161 4007 396 4077 ἄνθρωπον
435 4009 792 4078 γεγενῆσθαι,
814 4007 927 4061 ἀλλ’
958 4008 1056 4061 οὐκ
1093 4011 1148 4060 ὲν
1191 4007 1460 4078 ἀνθρώπῳ
1488 4011 1691 4079 ἐνῳκη-

161 4099 306 4152 κὲναιο
331 4105 418 4154 καὶ
449 4103 521 4155 τὰ
559 4101 703 4165 τότε,
735 4101 828 4153 καὶ
854 4101 924 4152 τὰ
971 4099 1064 4152 νῦν
1112 4103 1178 4170 τῇ
1216 4100 1389 4170 Ἰησοῦ
1438 4102 1530 4153 καὶ
1565 4102 1690 4169 Χριο

160 4190 254 4242 ατοῦ
291 4194 627 4266 προσηγορίᾳ
670 4191 980 4254 ἀκολούθως
1027 4194 1130 4245 ὑπὸ
1180 4194 1280 4262 τῆς
1329 4193 1686 4248 θεοπνεύστου

161 4280 337 4354 Γρσφῆς
365 4287 750 4356 δοξαζόμενον.

211 4377 261 4436 ζ’.
293 4379 389 4431 Καὶ
431 4381 565 4448 γοῦν
622 4381 721 4450 τὴν
769 4383 1023 4452 τοιαύτην
1067 4380 1320 4433 ὑπόθεσιν
1375 4381 1547 4447 ἔξεστι
1599 4381 1688 4433 διὰ

161 4467 372 4522 πλειόνων
401 4471 630 4542 θεωρεῖν
668 4474 771 4525 ὑπὸ
805 4473 912 4525 τῶν
941 4473 1117 4540 ἁγίων·
1151 4491 1218 4543 κη
1232 4475 1563 4543 ρυττομὲνην
1597 4474 1688 4525 ἀν-

1793 3369 1972 3423 dentis
2025 3369 2370 3423 Servatorem
2440 3369 2765 3433 credamus,
2825 3385 3144 3442 semperque
3201 3374 3376 3430 Patris

1794 3459 2029 3513 Verbum
2066 3461 2250 3524 fuisse,
2286 3462 2464 3515 lumen
2500 3471 2662 3532 atque
2704 3463 3068 3532 splendorem,
3109 3476 3163 3520 et
3201 3467 3376 3536 dignre

1794 3551 1903 3607 Deo
1935 3553 2122 3622 gloria:
2164 3562 2480 3621 potestatem
2534 3555 2772 3608 tenuisse
2806 3571 2820 3608 :
2859 3557 3088 3624 ideoque
3130 3569 3182 3613 et
3218 3561 3376 3616 beato

1795 3645 1962 3715 Moysi
1990 3647 2205 3700 dicebat
2237 3664 2249 3698 :
2286 3663 2302 3692 ι
2336 3645 2448 3716 Ego
2471 3662 2586 3701 smn
2612 3648 2702 3716 qui
2729 3663 2845 3702 sum
2871 3649 2945 3712 ἰς
2981 3668 2999 3700 ι
3027 3660 3079 3704 et
3112 3666 3210 3722 ego
3235 3653 3375 3710 Deus

1792 3735 2106 3797 Abrahatni,
2132 3744 2185 3789 et
2210 3735 2349 3790 Deus
2377 3737 2568 3802 lsaaci,
2603 3746 2657 3791 et
2685 3737 2826 3792 Deus
2847 3737 3032 3795 Jacobi
3057 3743 3100 3771 "
3132 3765 3142 3796 :
3171 3751 3220 3796 et
3253 3743 3374 3801 Filii

1793 3827 2006 3895 quidem
2036 3841 2228 3880 nomen
2255 3836 2382 3882 tunc
2413 3828 2707 3896 sumpsisse
2730 3843 2850 3882 cum
2886 3830 3059 3886 factus
3082 3843 3162 3886 est
3189 3836 3375 3904 homo,

1793 3919 2135 3973 adunationis
2181 3920 2372 3988 gratia,
2413 3929 2466 3973 et
2518 3920 2642 3988 quia
2683 3921 2974 3975 humanam
3009 3925 3374 3982 conditionem

1793 4010 2121 4078 assumpsit,
2177 4026 2282 4063 non
2327 4011 2378 4063 in
2423 4012 2638 4066 homine
2695 4012 2954 4067 habitavit
3000 4034 3013 4068 :
3065 4026 3118 4070 et
3157 4018 3282 4072 olim
3323 4031 3377 4074 et

1793 4117 1938 4156 nunc
1959 4104 2058 4156 sub
2097 4099 2227 4156 Jesu
2269 4102 2584 4172 Christique
2632 4105 2988 4173 appellatione
3011 4108 3077 4162 ab
3118 4109 3376 4178 inspirata

1793 4196 2051 4250 divinitus
2089 4195 2370 4265 Scriptura
2407 4206 2769 4253 consectanee
2798 4198 3108 4268 glorilicari.

1868 4372 1917 4426 7.
1960 4371 2136 4440 Atque
2163 4371 2265 4425 hoc
2300 4377 2678 4439 argumentum
2711 4369 2954 4437 pluribus
2984 4371 3164 4427 verbis
3194 4373 3377 4429 videre

1795 4464 1919 4518 licet
1946 4479 1973 4516 ιι
1995 4464 2200 4516 sanctis
2220 4462 2351 4516 viris
2380 4461 2764 4530 prtedieatum;
2799 4459 3030 4519 Jeremia
3053 4465 3266 4529 quidem
3295 4467 3378 4520 di-

158 4555 296 4624 δρῶν·
322 4563 408 4615 τοῦ
454 4565 558 4635 μὲν
607 4565 876 4633 Ἰερεμίου
909 4566 1207 4636 διαρρήδην
1241 4564 1501 4634 βοῶντοςο
1541 4584 1556 4615 ι
1583 4557 1686 4616 Οὖ-

1794 4565 1935 4608 serte
1973 4555 2240 4607 clamante
2269 4571 2281 4606 :
2324 4571 2343 4604 ι
2376 4550 2474 4606 Hic
2499 4550 2642 4605 Deus
2671 4560 2857 4604 noster
2885 4563 2988 4617 e5t,
3027 4569 3200 4622 neque
3238 4557 3376 4614 alius

161 4653 269 4710 τοςὸ
296 4653 413 4719 Θεὸς
447 4656 631 4727 ἡμῶν,
674 4656 735 4706 ού
778 4657 1161 4727 λογισθήσεται
1205 4658 1391 4728 ἕτερος
1424 4657 1561 4728 πρὸς
1591 4658 1688 4709 αὐ·

161 4739 254 4790 τίν’
293 4745 502 4817 ἐξεῦρεν
556 4749 736 4800 πᾶσαν
785 4748 902 4802 ὁδὸν
953 4750 1293 4818 ἐπιστήμης,
1332 4748 1426 4800 καὶ
1487 4747 1685 4800 ἔδωκεν

163 4831 290 4901 αὑτὴν
320 4837 532 4890 ’ῐσκὼϐο
552 4837 632 4906 τῷ
671 4838 821 4890 παιδὶ
860 4837 1024 4890 αὑτοῦ
1047 4881 1060 4904 ,
1088 4839 1416 4908 καὶῚσραὴλ
1446 4839 1523 4908 τῷ
1552 4840 1688 4906 ἠγα·

162 4925 342 4996 πημὲνῳ
364 4930 450 4983 ὑπ’
483 4930 649 4982 αὑτοῦ
669 4946 682 4958 ο
729 4929 868 4998 μετὰ
900 4929 1072 4983 ταῦτα
1108 4931 1199 4982 ὲπὶ
1231 4931 1332 4999 τῆς
1360 4931 1462 5000 γῆς
1507 4928 1686 4998 ὦφθη’

163 5013 342 5079 καὶτοῖς
364 5018 674 5090 ἀνθρώποις
702 5020 1111 5090 συνανεστράιρη
1134 5037 1178 5069 ἰ
1217 5017 1310 5071 τοῦ
1335 5019 1390 5070 δὲ
1414 5017 1687 5088 Ops/07,091-

163 5118 233 5166 li’J'J
255 5110 604 5182 μελῳδοῦντος
647 5111 866 5164 Δαϐίδοι
889 5113 1088 5182 Μήτηρ
1117 5112 1190 5178 (I)
1221 5111 1357 5162 Σιὼν
1383 5112 1526 5179 ὲρείο
1563 5112 1688 5162 ’Ἂν-

1388 5269 1432 5300 "
1475 5269 1602 5322 ibid.
1645 5271 1696 5320 ὕ.

219 5261 253 5296 ⁸³
281 5267 450 5327 Matth.
485 5286 622 5334 xxtt,
653 5271 741 5324 29.
819 5273 860 5303 ⁸¹
899 5270 1068 5325 Exod.
1106 5287 1185 5335 ιιι,
1228 5270 1312 5324 l-l.

211 5424 348 5503 (lilia
377 5435 564 5503 μήτηρ
586 5432 785 5503 habent
820 5430 1018 5486 Graeca:
1045 5429 1330 5503 editiones,
1355 5428 1514 5482 etiam
1538 5427 1684 5479 Vati-

163 5506 279 5550 cana.
299 5499 387 5553 Sic‘
403 5499 600 5569 legisse
625 5501 866 5554 videmus
885 5503 1046 5554 etiam
1069 5499 1358 5570 Cyrillum,
1390 5512 1688 5570 magnomie

164 5579 336 5639 {mittere
368 5573 558 5626 Patres
580 5570 802 5625 Latinos
831 5573 967 5639 apud
993 5569 1354 5629 Sabaterium,
1383 5569 1472 5635 qui
1507 5577 1688 5620 vetere

167 5628 262 5689 Itala
308 5643 591 5696 utebantur
648 5628 905 5695 editione.
958 5640 1165 5709 Vulgati
1215 5628 1481 5706 interpres
1533 5639 1687 5709 lectio

167 5713 380 5777 nmquid,
408 5727 506 5781 pro
535 5721 728 5772 mater,
773 5711 997 5781 deducta
1037 5708 1117 5763 est
1158 5711 1340 5781 capi}
1373 5711 1460 5781 τῇ,
1501 5709 1580 5760 vel
1611 5708 1683 5775 μή

168 5729 380 5777 "ul-quia,
408 5729 506 5781 pro
535 5729 728 5772 mater,
773 5729 997 5764 ueuucw
1037 5729 1117 5763 est
1158 5729 1222 5764 ex
1252 5729 1340 5831 νη
1373 5729 1460 5777 τῃ,
1503 5729 1580 5760 vet
1611 5729 1683 5775 μη

168 5787 220 5852 ff.
247 5791 291 5830 ut
325 5783 722 5852 rognoscimus
754 5795 815 5852 ex
845 5779 1077 5852 Origene
1122 5781 1172 5834 in
1227 5779 1249 5831 1
1280 5780 1498 5852 nuptis,
1522 5789 1586 5852 Aet
1621 5795 1684 5830 ev

169 5839 431 5920 llietonyni'o
491 5853 636 5922 apud
684 5839 1040 5905 Nobiliumvin
1094 5852 1214 5906 adn.
1275 5851 1341 5904 ad
1377 5839 1681 5903 'Sixtinam.

1795 4649 2080 4714 quisquam
2107 4660 2226 4698 cum
2253 4659 2316 4698 eo
2339 4643 2744 4712 comparabitur
2771 4659 2784 4694 :
2819 4642 2931 4712 ipse
2958 4658 3172 4699 omnem
3206 4648 3377 4703 scien-

1798 4739 1884 4792 tiae
1905 4738 2151 4792 semitam
2176 4736 2468 4800 adinvenit,
2497 4734 2824 4802 tradiditque
2850 4749 2968 4788 eam
2989 4735 3189 4792 Jacobo
3210 4754 3376 4808 puero

1793 4844 1912 4890 suo,
1943 4839 1996 4882 et
2026 4827 2206 4882 lsraeli
2245 4827 2441 4881 dilecto
2483 4842 2600 4880 suo.
2632 4825 2760 4880 Post
2804 4827 2918 4881 haec
2951 4829 3003 4882 in
3049 4839 3189 4882 terra
3229 4831 3376 4886 visus

1793 4930 1894 4983 est,
1939 4930 2147 4974 etcum
2205 4918 2516 4973 hominibus
2574 4931 2928 4975 conversatus
2962 4929 3046 4974 est
3074 4921 3153 4983 ⁵³;
3193 4940 3210 4971 ι
3262 4930 3373 4975 tum

1792 5015 1952 5070 etiam
1995 5013 2402 5082 hymnographo
2437 5023 2666 5066 canente
2702 5011 2902 5067 Davide
2944 5030 2957 5066 :
2997 5033 3016 5064 ι
3045 5012 3214 5066 Mater
3244 5012 3372 5066 Sion

1793 5107 1936 5161 dicet
1958 5124 1972 5160 :
1996 5104 2186 5170 llomo,
2207 5113 2260 5159 et
2281 5105 2439 5158 homo
2461 5115 2617 5157 natus
2634 5114 2717 5158 est
2737 5104 2786 5157 in
2811 5117 2898 5168 ea,
2917 5114 2969 5156 et
2993 5103 3105 5171 ipse
3132 5101 3374 5154 fundavit

1776 5270 1820 5298 ⁵³
1853 5267 2059 5320 Barnch
2103 5281 2182 5328 ιιι,
2221 5266 2405 5320 56-38.

1800 5426 2115 5479 Doctissime
2152 5439 2277 5478 vero
2318 5423 2552 5490 disputat
2604 5422 2668 5476 de
2701 5423 2797 5474 hac
2833 5421 3056 5474 lectione
3092 5419 3178 5490 Δ1ο.
3215 5419 3367 5489 Bapt.

1799 5497 2024 5558 Brattea,
2087 5488 2457 5550 Ambrosmn—w
2510 5494 2637 5545 olitn
2696 5491 3036 5545 bibliotheca:
3086 5488 3368 5544 Mediolani

1797 5566 2100 5635 praefectus,
2144 5567 2192 5617 in
2228 5579 2440 5632 magno,
2471 5577 2785 5635 quanquam
2839 5562 3371 5635 imperfectonopere

1796 5628 1894 5690 Suo
1945 5640 2084 5704 quod
2143 5628 2419 5703 inscripsit
2453 5628 2529 5686 De
2581 5628 2849 5704 mererum
2886 5630 3135 5683 librorum
3167 5628 3371 5704 Latinis:

1796 5701 2017 5773 rnlgat'w
2049 5707 2292 5760 editionis
2313 5701 2656 5768 auctoritate,
2694 5702 2785 5758 lib.
2815 5717 2895 5763 ιιι,
2928 5711 3063 5768 part.
3099 5716 3134 5764 t,
3162 5714 3281 5768 cap.
3311 5701 3367 5754 5.

1796 5796 1843 5848 ιι.
1883 5777 1974 5830 137
2018 5791 2169 5845 seqq.
