4106 6562
660 499 768 556 265

1655 499 1712 552 S.
1754 495 2024 551 (lYRlLLi
2065 492 2534 549 ALEXANDRINI
2578 494 2896 549 ARCHIEP.

3806 502 3909 554 961

657 635 772 674 eam
806 617 1109 673 Altissimus
1137 619 1203 670 “.
1234 636 1251 668 ι
1287 617 1399 672 Hoc
1425 632 1550 672 vero
1579 619 1707 686 quid
1751 620 1895 672 aliud
1933 618 2224 688 significat,

2334 617 2551 686 θρωπος
2595 616 2703 685 (1)·
2742 615 2834 668 καὶ
2883 613 3171 682 ἄνθρωπος
3217 612 3449 684 ἐγενήθη
3497 613 3555 666 ἐν
3607 615 3744 685 αὐτῇ
3771 656 3785 680 ,
3822 618 3915 668 καὶ

657 712 757 767 nisi
792 712 1037 765 eumdem
1068 725 1185 765 esse
1217 709 1386 765 Deum
1433 721 1488 764 et
1533 710 1850 765 hominem?
1881 710 2088 765 Etenim
2141 712 2236 764 ho-

656 805 882 865 minem,
929 802 1198 870 simulque
1228 801 1583 866 Altissimum,
1613 802 2064 870 fundatoremque
2098 800 2233 856 fate-

655 904 764 948 tur.
796 892 980 963 Neque
1009 894 1208 957 secius,
1243 892 1295 946 in
1327 891 1432 946 alio
1459 906 1671 960 qu0que
1704 891 1908 961 psalmo
1945 892 2233 946 indivisum

655 985 879 1039 unitatis
907 998 1212 1038 sermonem
1239 983 1495 1049 retinens,
1534 984 1767 1039 hominis
1791 983 2139 1052 proprietatis
2169 983 2234 1035 ad

655 1075 822 1136 Deum
853 1077 979 1130 item
1024 1074 1254 1129 Verbum
1299 1074 1502 1129 referre
1533 1075 1885 1144 comperitur,
1917 1075 2058 1128 haud
2085 1076 2236 1141 equi-

654 1169 777 1222 dem
806 1168 1231 1221 substantiarum
1273 1165 1644 1221 confusionem
1681 1168 1959 1228 invehens,
1993 1167 2084 1220 sed
2111 1167 2237 1219 sub-

653 1261 975 1315 stantiarum
1006 1258 1352 1312 adunationis
1396 1259 1659 1313 rationem
1710 1260 1932 1313 habens.
1985 1257 2076 1313 Sic
2103 1272 2236 1324 ergo

652 1353 730 1405 ait
763 1353 814 1405 in
845 1366 967 1406 κων
1001 1351 1209 1419 psalmo
1238 1368 1252 1403 :
1285 1370 1304 1402 ι
1338 1351 1506 1406 Sedes
1544 1361 1654 1416 tua,
1698 1351 1861 1418 Deus,
1896 1353 1947 1404 in
1979 1350 2232 1406 sarculum

651 1444 835 1497 saeculi
867 1461 880 1496 :
921 1444 1070 1510 virga
1097 1441 1440 1508 directionis,
1475 1442 1628 1512 virga
1657 1444 1805 1512 regni
1841 1443 1915 1495 tui
1951 1459 1964 1496 :
1997 1431 2232 1495 dilexisti

645 1532 932 1602 justitiam,
971 1542 1026 1587 et
1065 1533 1226 1587 odisti
1260 1533 1601 1602 iniquitatem
1637 1552 1649 1586 :
1680 1541 1973 1601 propterea
2003 1535 2156 1588 unxit
2184 1541 2234 1586 te

650 1625 816 1690 Deus,
836 1624 976 1679 Deus
999 1635 1138 1688 tuus,
1155 1625 1272 1679 oleo
1295 1624 1494 1679 lzetitite
1515 1639 1623 1693 prae
1643 1626 1986 1679 consortibus
2012 1624 2192 1677 tuis".
2210 1641 2227 1673 ι

652 1713 848 1770 Viden’
878 1717 1148 1783 quomodo
1167 1715 1334 1768 Deum
1367 1712 1605 1769 Verbum
1639 1714 1940 1784 appellans,
1960 1714 2233 1782 Deumque

651 1815 705 1861 et
752 1820 932 1876 regem
969 1805 1256 1872 confitens,
1307 1821 1481 1876 neque
1524 1814 1702 1860 tamen
1745 1807 2011 1870 dividens,
2061 1819 2233 1872 neque

653 1895 878 1952 alteram
921 1911 1208 1964 personam
1257 1899 1312 1951 in
1359 1913 1482 1952 eum
1525 1898 1834 1960 conferens,
1881 1897 2233 1951 nihilominus

2347 707 2508 770 αὑτὸς
2541 706 2897 776 ἐθεμελίωσεν
2925 704 3094 774 αὑτὴν
3115 707 3143 757 ό
3171 704 3432 773 "mmo;
3453 721 3467 735 ο
3499 723 3518 756 ι
3546 703 3700 758 τοῦτο
3723 706 3834 777 γάρ
3863 708 3917 758 τί

2343 799 2409 852 ἂν
2441 799 2524 868 εἴη
2564 799 2774 868 ἕτερον,
2809 797 2921 851 ἀλλ’
2961 796 2995 868 ἢ
3031 797 3114 849 ὃτι
3157 797 3320 860 αὑτὸς
3353 797 3589 866 ὑπάρχει
3624 796 3774 860 Θεὸς.
3821 798 3920 851 καὶ

2344 890 2659 961 ἄνθρωπος
2699 888 3020 959 Ἄνθρωπον
3036 886 3164 958 γάρ,
3189 889 3283 941 καὶ
3310 888 3595 957 Ἶλζιιστον,
3634 892 3728 941 καὶ
3755 889 3921 960 θεμε-

2343 980 2540 1050 λιωτὴν
2581 980 2672 1032 τὸν
2704 979 2864 1032 αὑτὸν
2897 979 3245 1049 ὡμολόγησεν
3271 995 3284 1010 ⁸
3331 979 3484 1032 οὐδὲν
3517 979 3574 1032 δὲ
3616 973 3778 1050 ⁴ἧττον
3823 983 3920 1034 καὶ

2339 1073 2399 1123 ἐν
2423 1071 2596 1140 ἑτέρῳ
2625 1069 2824 1141 ψαλμῷ
2868 1070 3174 1140 ἀδιαίρετον
3207 1071 3308 1139 τῆς
3341 1068 3588 1133 ἐνώσεως
3634 1070 3920 1140 φυλάττων

2341 1163 2432 1216 τὸν
2455 1163 2634 1229 λόγον,
2667 1162 2735 1214 τά
2759 1163 2858 1232 τῆς
2892 1161 3311 1232 ἀνθρωπότητος
3339 1162 3444 1215 ῐδια
3469 1161 3544 1225 ὡς
3579 1163 3727 1233 αὑτῷ
3757 1163 3920 1216 πάλιν

2340 1255 2418 1324 τῷ
2441 1253 2561 1324 Θεῷ
2609 1254 2768 1324 Λόγῳ
2795 1254 3084 1326 ἀναφέρων
3118 1254 3452 1324 εὑρίσκεται,
3479 1254 3538 1307 οὑ
3579 1255 3688 1307 τῶν
3717 1254 3921 1308 οὐσιῶν

2343 1346 2606 1416 σύγχυσιν
2641 1346 3029 1416 ἐργαζόμενος,
3075 1345 3213 1398 ἀλλά
3250 1347 3348 1416 τῆς
3386 1345 3631 1408 ἐνώσεως
3673 1346 3782 1398 τῶν
3822 1345 3918 1398 οὑ-

2343 1437 2473 1490 σιῶν
2525 1436 2904 1506 ἐπιγινώσκων
2933 1438 3022 1490 τὸν
3069 1437 3258 1504 λόγον·
3315 1437 3462 1505 λέγει
3489 1436 3779 1505 τοιγαροῦν
3821 1436 3919 1490 οῦ-

2340 1546 2447 1593 τως
2477 1530 2534 1581 ὲν
2571 1530 2650 1599 μδ¹
2684 1528 2882 1598 ψαλμῷ
2903 1545 2916 1558 ο
2956 1549 2973 1579 ι
3015 1528 3070 1581 Ὀ
3103 1528 3288 1598 θρόνος
3326 1545 3443 1589 σου,
3475 1530 3502 1579 ό
3531 1527 3679 1588 Θεὸς,
3720 1529 3798 1588 είς
3823 1527 3920 1579 τὸν

2341 1619 2514 1673 αἰῶνα
2546 1619 2642 1672 τοῦ
2686 1620 2881 1682 αἰῶνος
2903 1634 2915 1648 ·
2955 1619 3150 1695 ῥάϐδος
3193 1618 3490 1686 εὐθύτητος
3520 1619 3554 1686 ὴ
3592 1616 3785 1687 ῥάϐδος
3815 1616 3920 1685 τῆς

2343 1711 2618 1782 βασιλείας
2651 1729 2743 1764 σου
2767 1728 2777 1739 ·
2804 1711 3099 1781 ἠγάπησας
3120 1707 3490 1776 δικαιοσύνην,
3518 1707 3612 1760 καὶ
3646 1706 3918 1774 ἐμίσησας

2340 1805 2585 1874 ἀδικίανς
2617 1804 2705 1856 διά
2727 1802 2884 1856 τοῦτο
2907 1803 3122 1872 ἔχρισέν
3146 1818 3204 1854 σε
3222 1800 3375 1863 Θεὸς,
3400 1802 3428 1851 ὁ
3445 1798 3575 1860 Θεός
3593 1814 3712 1860 σου,
3733 1795 3918 1848 ἔλαιον

2339 1895 2714 1964 ἀγαλλιάσεως
2750 1895 2901 1966 παρὰ
2937 1896 3062 1956 τοὺς
3105 1893 3362 1964 μετόχους
3394 1907 3510 1944 σου.
3534 1909 3552 1940 ι
3574 1890 3735 1959 Ὁρᾷς
3765 1889 3919 1949 ὅπως

655 1993 882 2038 unctum
908 1984 1084 2038 dixit?
1132 1983 1419 2054 Explicent
1460 1986 1617 2042 nobis
1661 1987 1827 2054 igitur
1865 1986 1991 2056 quid
2026 1987 2095 2040 sit
2137 1986 2226 2040 hoc

2339 1987 2430 2042 τὸν
2461 1988 2630 2055 Λόγον
2665 1987 2994 2056 θεολογήσας
3019 1987 3122 2055 (ε),
3151 1985 3282 2037 Θεόν
3314 1983 3487 2036 τεκαὶ
3522 1980 3746 2051 βασιλέα
3781 1980 3916 2047 ὁμο·

648 2071 867 2126 eﬂ‘atum
893 2088 907 2137 ;
931 2082 983 2126 et
1005 2080 1274 2143 quomodo
1301 2073 1559 2137 Verbum,
1588 2091 1710 2130 cum
1744 2073 1883 2129 Deus
1918 2085 2084 2139 esset,
2128 2091 2229 2127 un-

648 2173 797 2217 ctum
825 2164 1024 2222 fuerit:
1058 2165 1159 2219 nisi
1190 2166 1314 2234 quia
1353 2180 1575 2235 prorsus
1621 2166 1761 2220 idem
1789 2176 1930 2230 erat,
1965 2167 2056 2234 qui
2090 2165 2231 2219 servi

650 2252 877 2308 formam
904 2255 1007 2309 sibi
1032 2255 1301 2318 induerat,
1330 2257 1416 2308 cui
1442 2265 1496 2309 et
1528 2255 1764 2309 chrisma
1788 2256 2066 2320 suscipere
2096 2271 2230 2311 con-

647 2344 1115 2399 venientissimum
1143 2343 1268 2397 fuit?
1301 2344 1454 2410 Quod
1477 2345 1521 2399 si
1550 2343 1689 2399 forte
1715 2345 1977 2410 dixerint,
2003 2354 2227 2414 pr0pter

645 2449 800 2490 suam
840 2435 894 2488 in
933 2435 1190 2498 homine,
1228 2447 1285 2488 ut
1321 2435 1420 2504 ipsi
1466 2435 1904 2498 hallucinautur,
1957 2435 2230 2489 inhabita-

650 2527 874 2589 tionem,
895 2525 1059 2580 Verbi
1083 2539 1367 2594 personam
1390 2524 1704 2579 chrismatis
1728 2526 1900 2580 instar
1923 2526 2228 2592 exstitisse‘;

648 2617 704 2671 hi
737 2617 917 2671 sciant
943 2616 1129 2682 velim,
1164 2616 1612 2672 inhabitationem
1647 2633 1751 2670 non
1791 2619 1858 2671 de
1884 2618 2102 2672 Christo
2137 2618 2231 2672 scd

647 2709 714 2763 de
750 2708 1030 2778 prophetis
1067 2708 1298 2777 aliisque
1340 2708 1543 2762 sanctis
1585 2708 1689 2762 dici
1733 2725 1748 2762 :
1785 2710 2070 2775 praedictas
2106 2725 2232 2764 vero

647 2799 950 2854 locutiones
973 2813 1300 2868 magnopere
1317 2799 1585 2854 excedere
1603 2799 2018 2854 inhabitationis
2043 2801 2231 2854 termi-

649 2902 748 2942 nos
777 2889 891 2942 sive
919 2888 1055 2941 vim.
1086 2886 1273 2959 ιμε
1298 2887 1439 2957 Ergo
1464 2889 1566 2942 etsi
1593 2885 1805 2943 Deusin
1833 2889 2036 2944 sanCIis
2058 2889 2234 2944 omni-

648 2983 749 3036 bus
775 2979 1002 3043 habitat,
1026 2981 1190 3049 hique
1209 2979 1532 3034 sanctiﬂcati
1559 2989 1687 3034 sunt
1711 2989 1765 3034 et
1783 2980 1948 3044 uncti,
1967 2994 2124 3034 nemo
2155 2989 2234 3033 la-

649 3085 776 3123 men
820 3085 974 3138 teque
1021 3085 1084 3124 ac
1118 3070 1233 3140 ipse
1263 3069 1635 3124 sanctificatus
1665 3079 1967 3138 unctusque
2009 3069 2228 3126 dicitur.

650 3160 707 3216 Si
734 3175 863 3231 ergo
895 3162 1006 3226 isti,
1033 3162 1099 3215 ad
1129 3167 1441 3217 sanctorum
1473 3160 1908 3226 similitudinem,
1937 3164 1988 3215 in
2013 3161 2232 3217 Christo

648 3267 866 3322 quoque
903 3252 1238 3308 inhabitasse
1271 3253 1442 3309 Deum
1472 3253 1646 3316 aiunt,
1682 3254 1950 3308 constabit
1979 3254 2230 3308 omnibus

649 3347 887 3417 ipsorum
934 3347 1332 3417 irreligiositas,
1379 3349 1447 3402 ab
1494 3347 1788 3417 apostolica
1828 3348 2075 3404 doctrina
2117 3358 2229 3401 toto

648 3441 788 3495 calo
820 3441 1102 3494 aberrans.

719 3638 774 3694 8.
807 3639 1020 3694 Etenim
1045 3639 1109 3693 de
1131 3639 1407 3710 prophetis
1434 3639 1762 3708 Christoque
1785 3639 2063 3694 disserens
2090 3637 2228 3692 Pau-

650 3731 756 3797 lus,
792 3732 1084 3785 immanem
1125 3730 1283 3799 hujus
1323 3731 1391 3784 ab
1429 3729 1537 3784 illis
1585 3729 1946 3784 differentiam
1987 3746 2087 3785 nos
2127 3731 2225 3786 doc

650 3832 757 3886 cet,
786 3821 921 3891 ejus,
962 3823 1207 3890 inquam,
1237 3822 1325 3890 qui
1350 3831 1545 3875 unctus
1562 3823 1783 3877 dicitur.
1819 3821 2227 3891 Namquehuuc

651 3915 866 3986 quidem
894 3924 949 3969 et
979 3913 1172 3967 Filium
1215 3924 1269 3967 ct
1295 3912 1476 3967 Patris
1500 3913 1868 3982 splendorem.
1904 3924 1959 3968 et
1998 3916 2224 3984 figuram

650 4007 964 4062 substantia:
1014 4007 1219 4076 ipsius,
1274 4006 1396 4059 illos
1451 4015 1631 4060 autem
1675 4007 1970 4074 prophetas
2012 4016 2222 4059 tantum

651 4099 886 4168 appellat
919 4115 933 4151 :
968 4097 1275 4165 mirumque
1323 4105 1426 4159 est,
1468 4098 1610 4164 quod
1649 4097 1793 4150 inter
1831 4106 1910 4150 tot
1949 4095 2221 4158 sublimia,

651 4191 923 4246 unctionis
963 4204 1178 4258 quoque
1230 4189 1368 4242 idem
1415 4188 1545 4244 facit
1591 4190 1942 4243 mentionem.
1979 4208 1998 4240 ι
2043 4189 2230 4243 Multi-

651 4282 842 4336 fariam
878 4284 1046 4341 enim,
1094 4280 1290 4348 inquit,
1343 4280 1635 4350 multisque
1689 4281 1862 4334 modis
1914 4280 2040 4334 olim
2084 4281 2224 4333 Deus

650 4373 860 4426 locutus
885 4371 1134 4443 patribus
1163 4387 1258 4440 per
1291 4371 1608 4438 prophetas,
1643 4372 1956 4425 novissimis
1992 4373 2076 4425 bis
2106 4374 2222 4426 die-

648 4463 747 4516 bus
768 4462 978 4515 locutus
1003 4471 1086 4514 est
1105 4461 1260 4514 nobis
1278 4475 1372 4527 per
1392 4460 1608 4523 Filium,
1632 4477 1789 4530 quem
1815 4463 2098 4515 constituit
2116 4464 2222 4515 hsc-

649 4552 831 4604 redem
881 4550 1260 4604 universorum
1290 4589 1303 4612 ,
1349 4564 1443 4618 per
1507 4564 1664 4616 quem
1705 4547 1831 4602 fecit
1856 4548 2046 4602 sarcula
2081 4565 2093 4600 :
2131 4550 2221 4617 qui

2334 2078 2591 2146 λογήσας,
2615 2078 2675 2130 οὑ
2704 2077 2912 2138 διελὼν,
2933 2075 3052 2128 οὑδὲ
3075 2076 3161 2127 ἓτε
3173 2091 3264 2146 ρον
3284 2072 3575 2142 πρόσωπον
3597 2067 3916 2135 εἰσενέγκας

2333 2170 2500 2238 αὑτῷ,
2532 2170 2626 2222 καὶ
2656 2169 2718 2221 τὸ
2768 2167 3054 2237 κεχρίσθαι
3087 2166 3339 2235 εἷρηκενς
3382 2164 3702 2230 Λεγέτωσαν
3729 2156 3821 2214 οὖν
3861 2158 3916 2210 τί

2333 2259 2478 2309 ἐστιν
2498 2259 2558 2309 τὸ
2587 2257 2881 2325 λεγόμενον
2902 2270 2916 2286 ⁶
2949 2256 3067 2318 πῶς
3086 2255 3142 2307 δὲ
3168 2255 3300 2316 Θεὸς
3323 2253 3399 2304 ῶν
3425 2253 3452 2305 ὁ
3478 2251 3647 2318 Λόγος
3675 2250 3914 2318 ἐχρίετο,

2331 2347 2446 2402 ἀλλ’
2487 2349 2519 2418 ἢ
2554 2348 2771 2410 πάντως
2794 2349 2876 2400 ὅτι
2905 2346 3068 2407 αὑτὸς
3090 2341 3156 2415 ἦν
3179 2347 3205 2396 ὁ
3227 2345 3322 2414 τὴν
3350 2343 3443 2396 τοῦ
3475 2342 3660 2395 δούλου
3698 2341 3918 2410 μορφὴν

2334 2433 2770 2508 ἐνδυσάμενος,ᾖ
2803 2438 2895 2489 καὶ
2926 2437 2984 2489 τὸ
3014 2437 3223 2506 χρίσμα
3241 2434 3540 2504 λαμϐάνειν
3573 2432 3656 2501 εἴη
3685 2431 3749 2483 ἂν
3779 2446 3919 2499 πρε-

2334 2527 2713 2591 πωδέστατον;
2765 2528 2884 2580 Κᾶν
2927 2527 3036 2596 γάρ
3083 2527 3315 2593 λέγωσιν
3353 2525 3440 2578 διὰ
3492 2524 3588 2592 την
3628 2522 3765 2591 πρὸς
3819 2522 3918 2573 τὸν

2333 2616 2620 2689 ἄνθρωπον
2645 2619 2941 2687 ἐνοίκησιν,
2971 2618 3046 2680 ὼς
3072 2618 3226 2670 αὑτοὶ
3252 2616 3583 2681 πλανῶνται,
3614 2609 3708 2666 τοῦ
3736 2613 3915 2679 Λόγου

2335 2711 2626 2780 πρόσωπον
2647 2711 2707 2762 τὸ
2733 2713 2944 2782 χρίσμα
2963 2710 3237 2777 λέγεσθαι,
3265 2709 3686 2778 μανθανέτωσαν
3718 2706 3875 2758 ὅτις-ε
3885 2722 3917 2773 ρ

2333 2799 2603 2869 ἐνοίκησις
2635 2803 2734 2853 οὑκ
2783 2802 2877 2854 ἐπὶ
2925 2800 3018 2854 τοῦ
3056 2801 3314 2871 Χριστοῦ,
3349 2799 3466 2854 ἀλλ’
3499 2801 3592 2851 ἐπὶ
3636 2798 3743 2850 τῶν
3775 2814 3918 2867 προ-

2333 2889 2521 2959 φητῶν
2545 2891 2640 2943 καὶ
2667 2891 2775 2943 τῶν
2806 2891 2982 2944 ἄλλων
3011 2892 3180 2959 ἁγίων
3201 2891 3440 2958 λέγεται,
3465 2891 3558 2942 καὶ
3588 2889 3917 2959 ὑπερϐαίνει

2335 2981 2540 3052 σφόδρα
2570 2982 2698 3044 τοὺς
2721 2982 2816 3051 τῆς
2839 2982 3167 3054 ἐνοικήσεως
3195 2983 3353 3052 ὅρους
3374 2983 3435 3034 τὸ
3459 2982 3773 3050 λεγόμενον·
3816 2981 3918 3034 καὶ

2332 3071 2462 3141 γοῦν
2520 3073 2902 3143 ἐνοικήσαντος
2932 3074 3023 3127 τοῦ
3075 3075 3209 3127 Θεοῦ
3247 3075 3306 3126 ὲν
3349 3078 3459 3138 τοῖς
3499 3074 3672 3143 ἁγίοις
3719 3075 3916 3136 πᾶσιν,

2332 3163 2710 3233 ἁγιαζομένων
2749 3183 2806 3217 τε
2838 3167 2931 3218 καὶ
2957 3167 3278 3236 χρωμένων,
3311 3167 3371 3220 οὑ
3394 3167 3611 3233 λέγεται
3641 3166 3716 3228 ὡς
3746 3166 3918 3228 αὑτὸς

2335 3255 2692 3323 ἀγιαζὸμενος
2724 3255 2756 3322 ἦ
2795 3256 3110 3325 χριόμενος·
3137 3258 3184 3310 εί
3220 3257 3319 3326 μὲν
3346 3253 3440 3310 οὖν
3469 3256 3588 3311 καθ’
3617 3257 3919 3326 ὁμοιότητα

2331 3344 2441 3398 τῶν
2478 3345 2670 3412 ἁγίων,
2706 3347 2802 3398 κα)⁸
2840 3347 2926 3400 ἐπ’
2970 3346 3134 3400 αὑτοῦ
3173 3350 3271 3418 τὴν
3309 3347 3585 3416 ἐνοίκησιν
3632 3347 3917 3415 λέγουσιν,

2332 3435 2554 3504 ἔκδηλος
2581 3436 2612 3505 ἡ
2649 3435 2874 3490 ἀσέϐεια
2899 3438 3066 3490 πᾶσιν
3095 3437 3268 3502 ἔσται,
3295 3439 3390 3492 καὶ⁸
3416 3439 3514 3508 τῆς
3542 3438 3920 3508 ἀπστολικῆς

2329 3525 2678 3590 διδασκαλίας
2714 3529 2994 3590 παντελῶς
3026 3529 3302 3598 ἀλλοτρία.

2397 3645 2467 3706 η’.
2510 3639 2582 3690 Πε
2595 3637 2646 3707 ρί
2683 3639 2780 3708 μὲν
2807 3639 2914 3708 γάρ
2941 3639 3047 3692 τῶν
3077 3641 3392 3710 προφητῶν,
3418 3642 3511 3695 καὶ
3533 3641 3626 3693 τοῦ
3662 3642 3919 3710 Χριστοῦ

2329 3729 2708 3798 διαλεγόμενος
2727 3733 2754 3783 ό
2781 3730 3011 3793 Παῦλος,
3040 3732 3366 3802 ἀσύγκριτον
3397 3733 3586 3786 τούτου
3609 3733 3745 3804 πρὸς
3767 3735 3926 3786 ὲκεί-

2329 3836 2451 3881 νους
2483 3818 2746 3889 διαφοράν
2771 3821 2915 3890 ἡμᾶς
2941 3819 3200 3884 ἐδίδαξεν,
3226 3822 3372 3888 λέγω
3398 3821 3460 3893 δὴ
3481 3820 3577 3875 τοῦ
3609 3821 3924 3890 λεγομένου

2329 3909 2637 3980 κεχρῖσθαι’
2680 3910 2770 3961 τὸν
2796 3911 2895 3980 μὲν
2922 3913 3049 3982 γάρ,
3080 3912 3207 3964 Υἱὸν
3230 3915 3324 3964 καὶ
3353 3912 3448 3966 τοῦ
3487 3913 3697 3984 Πατρὸς
3727 3914 3927 3966 ἀπαύ-

2328 4017 2519 4072 γασμα
2550 4002 2644 4054 καὶ
2685 4003 3012 4073 χαρακτῆρα
3037 4003 3138 4073 τῆς
3168 4004 3522 4067 ὑποστάσεως
3551 4003 3716 4057 αὑτοῦ
3735 4020 3747 4034 °
3783 4006 3928 4067 τοὺς

2324 4091 2403 4154 δὲ,
2441 4095 2727 4162 προφήτας
2759 4094 3043 4164 ὠνόμασεν
3067 4113 3080 4127 '
3111 4095 3201 4147 καὶ
3240 4096 3301 4147 τό
3346 4113 3409 4161 γε
3446 4095 3788 4165 θαυμαστὸν,
3834 4098 3928 4150 ὅτι

2329 4184 2486 4252 μετάο
2502 4184 2709 4238 τούτων
2745 4186 2854 4238 τῶν
2887 4186 3129 4256 ὑψηλῶν,
3165 4188 3257 4240 τοῦ
3301 4189 3599 4259 χρίσματος
3624 4189 3717 4241 καὶ
3741 4188 3929 4251 αὑτὸς

2325 4274 2763 4345 ἐμνημόνευσενο
2815 4297 2831 4325 ι
2867 4279 3194 4348 Πολυμερῶς
3229 4283 3360 4350 γὰρ,
3393 4281 3577 4348 φησὶν,
3606 4281 3697 4332 καὶ
3736 4279 3929 4332 πολυ-

2325 4368 2541 4439 τρόπως
2569 4369 2740 4422 πάλαι
2775 4370 2802 4421 ὁ
2837 4369 2968 4432 Θεὸς
2991 4370 3232 4441 λαλήσας
3263 4374 3372 4434 τοῖς
3403 4371 3670 4442 πατράσιν
3705 4372 3768 4424 ἐν
3804 4375 3929 4432 τοῖς

2334 4459 2654 4529 προφήταις,
2688 4460 2776 4512 ἐπ’
2807 4461 3048 4530 ἐσχάτων
3087 4461 3193 4514 τῶν
3219 4462 3440 4533 ἡμερῶν
3475 4461 3678 4514 τούτων
3711 4462 3931 4532 ἐλάληο

2327 4567 2417 4603 σεν
2447 4552 2577 4620 ἡμῖν
2604 4552 2662 4603 ἐν
2690 4551 2824 4621 Υίῷ,
2849 4552 2906 4604 ὃν
2928 4553 3090 4622 ἔθηκε
3119 4553 3458 4622 κληρονόμον
3484 4553 3722 4616 πάντων,
3757 4553 3837 4606 δι’
3861 4547 3930 4605 οὗ

647 4655 768 4694 cum
806 4641 877 4694 sit
910 4639 1166 4708 splendor
1192 4639 1379 4706 gloria:
1417 4648 1471 4692 et
1523 4642 1689 4708 figura
1737 4641 2051 4695 substantiae
2080 4641 2215 4709 ejus,

2334 4642 2547 4709 ἐποίησε
2585 4644 2711 4705 τοὺς
2739 4643 2939 4706 αἰῶνας
2960 4661 2975 4676 ο
3003 4644 3060 4706 ὃς
3093 4643 3169 4696 ῶν
3197 4643 3539 4713 ἀπαύγασμα
3580 4641 3681 4710 τῆς
3723 4643 3928 4714 δόξης,

646 4741 979 4799 portansque
1013 4731 1192 4784 omnia
1225 4731 1388 4783 verbo
1427 4730 1648 4783 virtutis
1678 4745 1806 4793 sum,
1859 4743 1980 4795 post
2018 4746 2206 4800 purga-

646 4822 846 4880 tionem
878 4831 1220 4890 peccatorum
1252 4821 1468 4886 factam,
1489 4821 1735 4875 consedit
1759 4821 1812 4874 in
1844 4822 2070 4875 dextera
2099 4838 2214 4874 ma-

641 4909 853 4978 iestatis
884 4911 936 4963 in
959 4910 1187 4964 excelsis
1215 4911 1281 4962 ".
1321 4929 1338 4961 ι
1372 4910 1436 4963 Ει
1480 4911 1642 4978 paulo
1688 4920 1809 4980 post
1851 4912 1924 4964 ait
1953 4926 1968 4960 :
2006 4930 2025 4962 ι
2057 4912 2120 4964 Et
2150 4913 2214 4966 ad

646 5001 866 5070 angelos
897 5002 1113 5071 quidem
1150 5003 1280 5056 dicit
1313 5021 1325 5057 :
1359 5004 1459 5069 Qui
1497 5003 1626 5057 facit
1654 5004 1875 5072 angelos
1893 5019 2020 5058 suos
2053 5005 2217 5072 spiri-

648 5103 753 5156 tus,
792 5103 845 5146 et
878 5095 1158 5149 ministros
1200 5109 1328 5150 suos
1375 5097 1649 5148 flammam
1687 5096 1858 5166 ignis;
1910 5099 1977 5151 ad
2016 5095 2210 5149 Filium

647 5195 825 5238 autem
869 5200 884 5236 :
917 5186 1170 5240 Thronus
1223 5194 1363 5246 tuus.
1401 5185 1577 5252 Deus,
1615 5187 1666 5239 in
1701 5187 1956 5241 saeculum
1987 5188 2167 5242 saeculi
2200 5205 2212 5250 ;

648 5277 795 5346 virga
824 5277 1112 5345 aequitatis,
1146 5278 1294 5347 virga
1337 5278 1488 5346 regni
1525 5279 1624 5332 tui.
1659 5277 2214 5346 Dilexistijustitiam,

646 5377 700 5418 et
727 5368 887 5420 odisti
916 5368 1253 5434 iniquitatem
1283 5386 1294 5418 :
1331 5380 1615 5437 propterea
1647 5370 1802 5421 unxit
1831 5380 1880 5423 te
1915 5371 2053 5423 Dens
2080 5369 2218 5424 Deus

653 5467 772 5510 tuus
823 5456 943 5510 oleo
992 5460 1378 5514 exsultationis
1406 5476 1514 5528 prae
1567 5461 1923 5529 participibus
1967 5461 2156 5515 tuis".
2194 5479 2210 5510 ›

2322 4733 2415 4785 καὶ
2442 4732 2731 4802 χαρακτὴρ
2763 4731 2863 4798 τῆς
2901 4734 3250 4796 ὑποστάσεως
3295 4733 3484 4795 αὑτοῦ,
3524 4733 3705 4805 φέρων
3747 4751 3819 4786 τε
3856 4738 3933 4786 τα

2328 4825 2507 4878 πάντα
2529 4823 2608 4894 τῷ
2637 4826 2843 4895 ῥήματι
2872 4825 2972 4895 τῆς
3007 4825 3290 4896 δυνάμεως
3337 4824 3524 4890 αὑτοῦ,
3559 4823 3932 4895 καθαρισμὸν

2323 4916 2431 4968 τῶν
2465 4915 2748 4986 ἁμαρτιῶν
2795 4917 3184 4987 ποιησάμενος,
3234 4916 3488 4970 ἐκάθισεν
3515 4920 3573 4970 ἐν
3606 4915 3765 4987 δεξιᾷ
3819 4919 3931 4986 τῆς

2329 5007 2726 5078 μεγαλωσύνης
2757 5010 2813 5060 ἐν
2846 5008 3088 5079 ὑψηλοῖς,
3133 5027 3151 5058 ι
3204 5008 3313 5061 Καὶ
3363 5008 3481 5078 μετ’
3511 5008 3670 5074 ὀλίγα
3704 5011 3890 5079 φησίν
3917 5027 3930 5038 ο

2331 5120 2346 5150 ι
2383 5101 2492 5152 Καὶ
2525 5101 2664 5171 πρὸς
2700 5102 2798 5171 μὲν
2832 5103 2958 5165 τοὺς
2993 5100 3258 5168 ἀγγέλους
3290 5100 3472 5168 λέγει’
3502 5099 3560 5152 Ὀ
3583 5099 3761 5152 ποιῶν
3795 5103 3935 5164 τοὺς

2324 5192 2588 5259 ἀγγέλους
2617 5193 2783 5245 αὑτοῦ
2820 5192 3124 5262 πνεύματα,
3165 5193 3258 5244 καὶ
3287 5193 3412 5255 τοὺς
3439 5191 3807 5260 λειτουργοὺς
3832 5193 3934 5244 at}-

2324 5285 2416 5335 τοῦ
2450 5285 2619 5356 πυρὸς
2654 5285 2853 5354 φλόγα·
2893 5286 3030 5355 πρὸς
3057 5285 3112 5338 δὲ
3139 5285 3228 5336 τὸν
3250 5285 3407 5337 Υίόν·
3453 5284 3510 5335 Ὀ
3537 5282 3729 5353 θρόνος
3769 5301 3876 5336 σου
3909 5289 3935 5336 ὁ

2326 5375 2477 5438 Θεὸς,
2506 5378 2584 5439 εἰς
2616 5375 2705 5428 τὸν
2738 5375 2911 5430 αίῶνα
2937 5376 3032 5428 τοῦ
3064 5375 3259 5438 αἰῶνος
3280 5393 3292 5404 ·
3329 5374 3524 5446 ῥάϐδος
3550 5373 3869 5444 εὐθύτητος
3903 5381 3934 5444 ἡ

2329 5464 2522 5531 ῥάϐδος
2564 5467 2658 5535 τῆς
2707 5467 2981 5535 βασιλείας
3018 5484 3109 5518 σου
3135 5485 3146 5496 ·
3199 5467 3494 5536 ὴγάπησας
3521 5466 3935 5542 δικαιοσύνην,

719 5634 766 5664 ⁸⁸
805 5633 939 5686 Psal.
978 5651 1194 5701 Lxxxw,
1222 5637 1272 5689 5.
1352 5639 1396 5667 ’³
1432 5640 1574 5693 Psal.
1616 5655 1755 5700 κων,
1793 5642 1841 5699 '7,
1874 5641 1920 5693 8.
2008 5641 2051 5669 ⁵⁸
2087 5639 2226 5694 Hebr

2361 5642 2478 5696 1-7.
2560 5643 2602 5671 ⁸⁷
2642 5641 2769 5696 ibid.
2811 5643 2864 5705 8,
2897 5641 2950 5696 9.

724 5810 890 5889 (Uita
921 5814 1382 5889 interpnngiturin
1407 5826 1636 5889 utroque
1654 5820 2060 5889 (lyrillicodice,
2091 5835 2212 5871 ncc-

658 5898 760 5938 uon
792 5886 844 5938 iu
877 5884 1110 5941 editione
1141 5885 1394 5942 Vaticmta
1417 5884 1712 5944 Biblioruni
1734 5890 2064 5944 Graecorum.

2397 5819 2471 5888 (2)
2502 5819 2674 5874 Simili
2722 5818 2994 5873 locutione
3045 5819 3214 5884 utitur
3267 5817 3524 5873 Eusebius
3574 5817 3626 5872 in
3671 5824 3936 5882 secundo

2325 5889 2674 5958 Thrap/muitc
2715 5889 3032 5959 fragmento.
