4106 6520
146 463 235 519 285
1234 461 1423 528 QUOD
1461 461 1520 516 Β.
1565 458 1722 515 MAN

1827 454 1927 513 SIT
1968 454 2288 512 DEIPARA.

3267 447 3376 506 266

149 586 237 640 καὶ
268 582 534 653 ἐμίσησας
560 579 788 634 ἀδικίαν
811 592 826 608 ⁶
855 574 941 632 διὰ
964 577 1122 632 τοῦτο
1151 576 1362 648 ἔχρισέν
1395 593 1452 630 σε
1475 579 1504 631 ὁ
1533 575 1664 640 Θεὸς
1687 578 1715 630 ὁ

1827 573 2014 630 Cernis
2063 586 2228 642 quam
2288 569 2463 625 aliena
2510 567 2582 624 sit
2627 580 2657 620 a
2705 565 2922 622 Christo
2967 565 3377 623 inhabitationis

151 676 274 738 Θεός
315 689 408 726 σου
459 672 648 724 ελαιον
695 669 1070 738 ἀγαλλιάσεως
1103 669 1253 738 παρὰ
1279 669 1407 731 τοὺς
1453 667 1714 738 μετόχους

153 782 259 819 σου.
290 783 308 815 ι
346 763 584 830 Θεωρεῖς
635 759 713 822 ὼς
747 758 950 828 σφόδρα
990 757 1267 827 ἀλλότριος
1314 759 1407 810 ἐπὶ
1441 757 1536 811 τοῦ
1583 759 1717 828 Χριο

153 851 278 906 στοῦ
305 853 334 904 ὁ
364 850 460 918 τῆς
488 849 820 917 ἐνοικήσεως
849 846 1005 915 ὅροςε
1038 846 1100 898 Et
1126 845 1183 897 δὲ
1210 844 1454 912 λέγουσιν
1483 844 1716 897 ἐνταῦθα

151 942 246 1013 τὴν
271 941 541 1007 ἐνοίκησιν
576 938 652 1007 μὴ
686 939 798 998 τοῖς
827 933 998 1006 ἁγίοις
1018 935 1236 1003 ὁμοίως,
1267 933 1404 987 ἀλλά
1428 933 1548 987 καθ’
1581 934 1716 986 ἐνω-

152 1051 234 1086 σιν
268 1031 360 1084 τὸν
396 1029 566 1096 Λόγον
601 1028 740 1097 πρὸς
768 1025 1052 1095 ἄνθρωπον
1079 1027 1144 1078 ὲκ
1182 1024 1280 1094 τῆς
1316 1024 1590 1095 Παρθένου
1627 1035 1716 1075 τε-

147 1124 348 1193 χθέντα
374 1118 733 1189 γεγενῆσθαι,
778 1118 838 1169 οὐ
868 1115 1089 1169 δυνατὸν
1126 1117 1222 1187 μὲν
1268 1114 1406 1184 μετά
1438 1114 1536 1184 τὴν
1584 1114 1720 1167 ἀπο-

147 1212 346 1282 κύησιν
393 1211 590 1262 ἕνωσιν
637 1207 815 1278 ἀληθῆ
864 1207 1137 1274 λέγεσθαι,
1170 1205 1284 1259 ἀλλ’
1337 1205 1370 1274 ἢ
1427 1205 1584 1274 μόνον
1619 1203 1718 1275 τὴν

147 1302 289 1355 κατά
319 1301 478 1370 χάριν
509 1301 604 1352 καὶ
640 1299 873 1370 μετοχὴν
904 1297 999 1351 τοῦ
1032 1297 1187 1362 Θεοῦ,
1217 1297 1294 1358 ὡς
1333 1297 1390 1349 ἑν
1417 1299 1525 1359 τοίς
1545 1296 1719 1365 ἁγίοις

145 1393 313 1447 πάλιν
349 1393 582 1459 εγενετο.

213 1485 281 1537 θ’.
309 1484 376 1538 Et
397 1483 456 1535 δὲ
483 1480 713 1534 ἐνταῦθα
739 1481 837 1552 τὴν
864 1481 1138 1550 ἐνοίκησιν
1155 1478 1351 1534 ἕνωσιν
1373 1475 1510 1533 εἶναι
1534 1478 1720 1546 λέγον·

145 1594 250 1640 σιν,
272 1576 377 1628 οὐκ
417 1576 476 1626 ὲν
501 1576 568 1643 τῇ
607 1574 890 1644 Παρθένῳ,
926 1573 1060 1626 ἀλλὰ
1098 1573 1233 1643 μετά
1275 1573 1334 1625 τὸ
1372 1572 1624 1641 τεχθῆναι
1661 1570 1718 1635 ἐξ

144 1663 344 1732 αὐτῆς,
377 1664 511 1731 φέρε
553 1664 646 1714 καὶ
685 1661 829 1714 οὕτω
855 1662 912 1714 τὸ
943 1661 1230 1731 λεγόμενον
1260 1660 1620 1727 ἐξετάσωμεν.
1655 1658 1718 1711 Et

143 1755 228 1807 διὰ
253 1754 416 1806 τοῦτο
443 1755 522 1815 είς
552 1753 609 1805 τὸ
643 1752 737 1805 τοῦ
768 1753 937 1817 Λόγου
969 1752 1262 1821 πρόσωπον
1293 1750 1352 1802 τὸ
1381 1750 1604 1819 χρίσμα.
1632 1746 1722 1800 El-

147 1845 350 1916 ρῆσθαι
388 1844 662 1910 λέγουσιν,
697 1843 785 1895 διὰ
834 1842 894 1894 τὸ
942 1843 1178 1894 συνεῖναι
1208 1840 1301 1892 καὶ
1346 1838 1608 1908 ἡνῶσθαι,
1642 1837 1720 1900 ὡς

1821 662 2111 720 definitio?
2142 663 2295 730 Quod
2323 661 2369 717 si
2403 661 2487 715 hie
2520 660 2703 715 dicant
2735 658 3183 713 inhabitationem
3233 659 3376 713 haud

1820 765 2076 824 tanquam
2106 755 2158 808 in
2188 753 2393 808 sanctis
2422 791 2437 816 ,
2493 752 2584 806 sed
2633 765 2750 804 eam
2791 763 2912 818 quae
2937 749 3076 802 facta
3118 748 3281 804 fuerit
3307 763 3377 803 ex

1817 846 2197 914 coniunctione
2222 844 2381 901 Verbi
2414 859 2535 899 cum
2575 843 2797 898 homine
2849 843 2915 896 de
2969 840 3184 911 Virgine
3227 855 3378 906 nato.

1820 938 2210 1006 respondemus
2238 937 2434 991 nullam
2465 935 2630 991 licere
2661 946 2782 1003 post
2811 945 3027 1002 partum
3056 936 3238 990 dicere
3296 936 3380 988 fa-

1825 1039 1967 1084 ctam
1998 1028 2458 1094 coniunctionem,
2490 1027 2593 1081 nisi
2623 1041 2738 1081 eam
2757 1041 2878 1096 qua:
2916 1040 2980 1080 ex
3008 1026 3178 1093 gratia
3205 1032 3260 1078 et
3289 1025 3382 1078 Dei

1818 1119 2230 1190 participatione
2255 1119 2332 1184 iit,
2380 1117 2684 1187 cuiusmodi
2715 1132 2904 1173 rursus
2943 1117 3030 1174 aio
3075 1116 3220 1172 illam
3255 1130 3383 1171 san-

1818 1218 2027 1265 ctorum
2051 1224 2170 1264 cum
2200 1208 2310 1264 Deo
2337 1208 2501 1262 fuisse

1889 1469 1943 1524 9.
1971 1469 2121 1536 Quod
2159 1469 2201 1524 si
2247 1463 2509 1524 vocabulo
2558 1467 2908 1523 habitationis
2949 1467 3382 1536 coniunctionem

1819 1559 2124 1628 intelligunt
2141 1575 2242 1614 non
2260 1559 2403 1613 illam
2420 1559 2561 1613 intra
2583 1558 2857 1627 Virginem
2883 1560 3100 1622 factam,
3125 1561 3217 1612 sed
3239 1569 3386 1627 post-

1818 1665 1978 1718 quam
1995 1649 2148 1704 Jesus
2176 1653 2242 1704 de
2271 1652 2384 1718 ipsa
2417 1660 2573 1704 natus
2601 1651 2796 1713 fuerat,
2830 1663 2950 1718 age,
2990 1651 3042 1704 id
3069 1664 3283 1719 quoque
3314 1650 3382 1703 ad

1825 1743 2081 1795 trutinam
2113 1743 2505 1810 expendamus.
2541 1742 2600 1796 Si
2634 1743 2837 1796 ideirco
2862 1743 2928 1797 de
2957 1740 3121 1797 Verbi
3151 1757 3385 1811 persona

1824 1833 2136 1886 unctionem
2166 1833 2512 1902 praedicatam
2537 1834 2708 1894 aiunt.
2735 1833 2862 1903 quia
2893 1832 3239 1900 coniunctum
3267 1835 3388 1887 unl-

145 1936 297 1988 αὐτοί
331 1951 491 2002 φασι,
521 1934 599 2002 τῷ
627 1932 897 2002 ἀνθρώπῳ
919 1932 1008 1984 τὸν
1031 1932 1222 1999 Λόγον,
1248 1931 1458 1993 πάντως
1487 1931 1568 1982 ὅτι
1601 1930 1720 1998 μεθ’

1827 1931 2052 1988 tumque
2080 1922 2263 1986 fuerit,
2297 1931 2356 1975 ut
2381 1923 2480 1990 ipsi
2511 1924 2684 1990 aiunt,
2740 1925 2942 1979 homini
2997 1924 3247 1988 Verbum,
3273 1939 3390 1978 om-

145 2027 343 2078 ἕνωσιν
387 2024 554 2077 αὑτὸν
605 2024 886 2092 κεκρίσθαι
931 2023 1108 2083 λέγειν
1134 2021 1192 2085 ἐξ
1214 2022 1457 2091 ἀνάγκης
1490 2023 1722 2091 ἀπαιτη-

146 2114 408 2182 θήςονται
435 2129 450 2142 ο
484 2113 572 2165 τὸν
603 2114 712 2183 γὰρ
752 2113 883 2166 Θεὸν
919 2113 1088 2181 Λόγον
1134 2116 1162 2167 ό
1197 2115 1501 2183 προφήτης,
1536 2113 1614 2165 ἔτι
1659 2129 1721 2180 γε

151 2208 254 2277 μὴν
280 2207 380 2260 καὶ
404 2207 434 2257 ό
473 2205 794 2268 ’Λπόστολος
827 2205 1176 2275 θεολογήσας,
1215 2203 1363 2273 αύτῷ
1395 2207 1489 2260 καὶ
1518 2204 1575 2256 τὸ
1606 2204 1724 2274 χρί-

150 2313 261 2365 σμα
301 2295 558 2365 φανερῶς
581 2295 872 2363 ἀνέθηκεν.
909 2293 972 2348 El
1028 2297 1208 2348 τοίνυν
1245 2295 1330 2347 διὰ
1372 2296 1470 2365 τὴν
1509 2294 1723 2357 ἕνωσιν,

149 2389 237 2438 καὶ
265 2387 332 2438 τὸ
367 2390 610 2438 συνεῖναι
635 2387 795 2438 αὑτὸν
815 2387 891 2456 τῷ
914 2386 1204 2456 ἀνθρώπῳ,
1230 2386 1290 2438 τὸ
1319 2385 1411 2438 τοῦ
1433 2385 1722 2454 ἀνθρώπου

148 2477 220 2548 τῷ
258 2479 424 2546 Λόγῳ
465 2476 873 2547 προσάπτουσιν
907 2480 954 2530 oi
1003 2477 1168 2545 ἅγιοι,
1205 2477 1341 2545 μετὰ
1383 2477 1480 2544 τὴν
1527 2476 1724 2528 ἓνωσιν

151 2568 280 2621 αὐτὸ
310 2567 373 2620 τὸ
403 2567 612 2637 χρίσμα
647 2567 974 2635 γεγενῆσθαι
1005 2568 1220 2628 πάντως
1258 2565 1682 2635 ὁμολογήσουσιν
1707 2581 1720 2595 ·

150 2663 192 2712 εί
222 2660 281 2713 δὲ
327 2659 472 2728 μετά
501 2662 600 2727 τὴν
639 2661 832 2712 ἕνωσιν
867 2657 1170 2728 κέχρισται,
1205 2657 1302 2728 τὴν
1337 2658 1393 2710 δὲ
1438 2658 1628 2710 ἓνωσιν
1661 2657 1723 2710 ού

153 2753 437 2821 βούλονται
492 2751 674 2817 λέγειν
708 2749 838 2818 πρὶν
885 2751 950 2801 ὲκ
981 2747 1081 2818 τῆς
1122 2747 1399 2818 Παρθένου
1433 2747 1724 2818 τεχθῆναι,

150 2843 267 2894 οὐδὲ
319 2840 688 2911 Χριστοτόκος
717 2839 901 2892 οὐκέτι
949 2839 1087 2908 πρὸς
1141 2837 1320 2891 αὐτῶν
1371 2839 1404 2908 ὴ
1452 2836 1727 2908 Παρθένος

149 2924 655 2993 ὁμολογηθήσεται·
712 2922 760 2974 εἰ
811 2922 920 2991 γὰρ
969 2921 1353 2990 Χριστοτόκος,
1386 2920 1602 2981 πάντως
1644 2919 1728 2972 ὅτι

153 3016 242 3067 καὶ
271 3013 540 3074 Θεοτόκος
559 3029 572 3042 ·
605 3013 652 3064 εἰ
685 3011 739 3064 δὲ
771 3013 832 3064 ού
868 3011 1147 3073 Θεοτὸκος,
1179 3011 1299 3062 οὐδὲ
1330 3011 1686 3079 Χριστοτόκος
1710 3048 1722 3062 .

153 3107 211 3158 Ei
235 3107 347 3175 γὰρ
377 3105 441 3156 τὸ
471 3104 681 3175 γρίσμα
717 3104 853 3174 μετὰ
886 3103 981 3173 τὴν
1016 3103 1331 3165 ἓνωσιν,καὶ
1359 3101 1446 3154 διὰ
1467 3099 1621 3153 τοῦτο
1650 3102 1730 3164 είς

152 3195 208 3245 τι
229 3195 324 3247 τοῦ
358 3194 541 3258 Λόγου
571 3193 858 3261 πρόσωπον
883 3193 1038 3245 τοῦτο
1060 3192 1300 3259 λέγεται,
1324 3192 1422 3261 τὴν
1447 3192 1502 3244 δὲ
1536 3191 1729 3245 ἕνωσιν

1824 2011 1955 2065 ιιίηο
1995 2019 2115 2079 post
2162 2010 2598 2077 coniunctionem
2636 2014 2806 2082 ipsum
2841 2025 3057 2066 unctum
3091 2013 3252 2067 fuisse
3310 2014 3391 2066 di-

1823 2117 1948 2157 cere
1980 2104 2288 2158 necessario
2315 2113 2594 2172 cogentur.
2624 2103 2759 2158 Nam
2794 2104 2959 2159 Deum
2990 2102 3222 2159 Verbum
3259 2119 3388 2174 pro-

1824 2192 2009 2260 pheta,
2041 2207 2140 2246 nec
2169 2206 2274 2247 non
2304 2192 2593 2261 Apostolus
2642 2194 2944 2263 theologica
2991 2207 3241 2248 sermone
3291 2194 3387 2247 de-

1825 2284 2088 2348 scribens,
2111 2284 2285 2338 eidem
2304 2284 2464 2337 etiam
2489 2285 2797 2338 unctionem
2821 2283 3105 2339 manifeste
3123 2286 3386 2340 attribuit.

1825 2373 1885 2428 Si
1921 2372 2060 2427 forte
2100 2373 2265 2441 igitur
2307 2383 2527 2443 propter
2566 2372 3025 2440 coniunctionem,
3071 2383 3125 2427 et
3169 2383 3390 2442 propter

1824 2464 1941 2532 eius
1976 2479 2099 2517 cum
2126 2464 2346 2517 homine
2371 2464 2835 2527 coexsistentiam,
2884 2464 3024 2532 quod
3047 2473 3130 2517 est
3159 2465 3391 2517 hominis

1823 2554 2102 2623 proprium
2132 2552 2310 2608 Verbo
2331 2555 2743 2609 accommodant
2781 2553 3024 2623 praedicti
3050 2555 3248 2618 sancti,
3282 2554 3390 2606 uti-

1828 2659 1936 2714 que
1962 2651 2083 2713 post
2113 2644 2546 2711 coniunctionem
2595 2645 2768 2713 ipsum
2791 2645 3027 2700 chrisma
3052 2645 3250 2699 factum
3274 2658 3396 2698 esse

1828 2750 2052 2802 prorsus
2085 2735 2509 2790 conﬁtebuntur.
2559 2734 2676 2790 Jam
2708 2737 2752 2791 si
2794 2751 2916 2807 post
2956 2737 3391 2805 coniunctionem

1827 2825 1985 2881 Jesns
2012 2835 2208 2880 unctus
2240 2825 2358 2889 fuit,
2391 2828 2827 2896 coniunctionem
2861 2840 3040 2883 autem
3069 2829 3266 2883 nullam
3313 2831 3397 2884 di—

1835 2933 1962 2973 cere
2001 2917 2190 2972 volunt
2239 2927 2368 2972 ante
2424 2918 2545 2987 eius
2574 2933 2640 2973 ex
2686 2918 2903 2988 Virgine
2942 2931 3119 2974 ortum
3152 2958 3167 2984 ,
3214 2923 3397 2991 sequi-

1833 3018 1920 3064 tur
1974 3015 2033 3062 ut
2085 3008 2174 3063 isti
2236 3023 2302 3063 ne
2371 3006 2764 3078 Christiparam
2832 3007 3050 3078 quidem
3105 3009 3394 3081 Virginem

1832 3098 2214 3154 conﬁteantur.
2259 3097 2393 3151 Nam
2450 3099 2495 3153 si
2530 3099 2889 3167 Christipara,
2929 3114 3156 3167 prorsus
3190 3110 3244 3155 et
3273 3099 3400 3157 Dei-

1835 3205 1966 3260 para
2023 3208 2037 3243 :
2105 3190 2150 3246 si
2207 3191 2384 3245 minus
2449 3191 2706 3260 Deipara,
2737 3191 2924 3258 utique
2961 3205 3060 3246 nec
3094 3191 3401 3262 Christipa-

155 3287 293 3354 μετὰ
327 3287 433 3354 τὴν
461 3287 524 3336 ὲκ
550 3286 648 3352 τῆς
684 3283 958 3352 Παρθένου
992 3283 1245 3353 γέννησιν
1277 3282 1600 3352 γεγενῆσθαι
1638 3282 1722 3333 λέ-

1837 3300 1916 3336 ra.
1967 3281 2104 3336 Nam
2170 3284 2214 3336 si
2249 3283 2434 3336 unctio
2495 3293 2619 3350 post
2645 3285 3081 3352 coniunctionem
3108 3282 3227 3350 fuit,
3267 3300 3398 3354 pro-

153 3394 362 3442 γουσιν,
394 3375 519 3427 οὐδὲ
564 3375 925 3444 Χριστοτόκος
958 3374 1140 3426 οὐκέτι
1184 3373 1566 3444 εὑρεθήσεταιο
1599 3374 1646 3424 εξ
1673 3371 1730 3424 δὲ

153 3469 542 3536 Χριστοτόκος,
569 3468 661 3519 καὶ
683 3467 944 3529 Θεοτὸκος
964 3481 978 3495 °
1010 3465 1102 3520 τοῦ
1132 3464 1241 3536 γὰρ
1284 3464 1583 3536 χρίσματος
1625 3464 1730 3534 πρὸ

154 3561 249 3628 τῆς
271 3559 527 3622 ὲνὼσεως
565 3557 636 3628 μὴ
666 3559 966 3628 δυναμένου
999 3559 1257 3623 νοεῖσθαι,
1291 3561 1338 3611 εἰ
1367 3557 1731 3629 Χριστοτόκος

151 3653 182 3719 ἠ
221 3650 529 3720 Παρθένος,
571 3652 626 3701 ἐν
657 3652 792 3720 αὐτῇ
852 3649 914 3718 δὴ
961 3650 1060 3720 τῆς
1110 3648 1355 3712 ἐνώσεως
1397 3647 1729 3718 γενομένης,

1835 3357 2122 3444 ptereaque
2151 3373 2203 3427 in
2233 3373 2395 3429 Verbi
2421 3387 2708 3441 personam
2739 3389 2801 3428 ea
2832 3385 3136 3442 reputatur,
3173 3377 3398 3443 coniun-

1833 3466 2068 3520 ctionem
2103 3473 2286 3518 autem
2325 3476 2441 3534 post
2478 3466 2816 3520 nativitatem
2849 3479 2912 3519 ex
2944 3464 3165 3533 Virgine
3201 3467 3398 3520 factam

1835 3556 2040 3618 dicunt,
2063 3570 2130 3608 ne
2163 3555 2549 3624 Christiparam
2579 3557 2795 3624 quidem
2828 3571 2947 3611 esse
2978 3559 3398 3625 compericmus.

1836 3643 2005 3698 Secus
2049 3645 2093 3698 si
2147 3644 2480 3715 Christipara
2519 3653 2624 3710 est,
2683 3661 2813 3700 sane
2857 3656 2911 3700 et
2963 3646 3216 3716 Deipara.
3267 3649 3400 3703 Cum

151 3741 335 3794 οὐκέτι
366 3741 680 3810 ἄνθρωπον,
707 3741 781 3802 ὡς
810 3740 960 3792 αὐτοί
1001 3757 1186 3807 φασιν,
1213 3738 1327 3791 ἀλλ’
1363 3738 1632 3791 ὲνωθέντσ.
1653 3738 1722 3806 τῷ

1834 3736 1977 3788 enim
1997 3737 2177 3789 unctio
2201 3746 2327 3790 ante
2355 3736 2788 3804 coniunctionem
2815 3738 3040 3806 cogitari
3064 3755 3170 3792 non
3199 3743 3404 3808 possit,

153 3831 312 3901 Λόγῳ
334 3833 671 3899 γεννήσασα,
699 3828 956 3891 Θεοτόκος
984 3827 1203 3891 δικαίως
1227 3827 1291 3880 ἂν
1315 3827 1547 3894 λέγοιτοο
1573 3827 1624 3879 εἴ
1645 3844 1722 3895 γε1

1836 3827 1880 3879 si
1909 3825 2255 3892 Christipara
2286 3834 2372 3879 est
2399 3826 2588 3895 Virgo,
2641 3828 2894 3895 intraque
2942 3843 3059 3882 eam
3093 3829 3403 3896 coniunctio

154 3921 337 3984 καθὼς
369 3920 682 3991 ἔμπροσθεν
708 3919 943 3989 εἴρηται,
975 3917 1071 3988 τὴν
1104 3919 1297 3971 ἕνωσιν
1332 3919 1523 3988 ἀληθῆ,
1547 3920 1642 3971 καὶ
1669 3920 1722 3970 οὐ

1837 3916 1983 3971 facta
2023 3917 2160 3980 fuit,
2192 3930 2251 3969 ea
2305 3932 2426 3970 cum
2478 3932 2584 3970 non
2629 3919 2900 3971 hominem
2930 3957 2944 3980 ,
2981 3928 3038 3971 ut
3083 3919 3172 3974 isti
3201 3921 3352 3974 aiunt
3387 3957 3403 3984 ,

153 4010 413 4077 καθάπερ
457 4011 514 4060 ὲν
559 4010 669 4071 τοῖς
707 4007 882 4075 ἁγίοις
940 4006 1210 4076 λέγουσιν.
1249 4006 1418 4058 Τοῦτο
1442 4007 1498 4058 δέ
1529 4024 1722 4076 φαμεν,

1837 4009 1929 4060 sed
1961 4008 2174 4059 unitum
2211 4006 2388 4061 Verbo
2409 4007 2685 4062 ChristUm
2716 4009 3007 4077 pepererit,
3027 4009 3256 4077 Dcipara
3281 4011 3406 4079 iure

152 4099 231 4148 ὅτι
268 4099 333 4149 σὺ
360 4095 589 4148 δυνατὸν
620 4097 811 4149 ἕνωσιν
842 4096 1013 4165 ἀληθῆ
1036 4096 1213 4163 λέγειν
1246 4094 1381 4165 μετὰ
1413 4095 1509 4165 τὴν
1538 4095 1722 4166 γέννη-

1838 4098 2047 4152 dicetur
2081 4114 2095 4162 ;
2136 4097 2438 4166 siquidem,
2480 4107 2538 4152 ut
2566 4108 2723 4152 antea
2759 4099 2957 4153 dictum
2999 4109 3124 4164 est,
3169 4099 3236 4154 de
3280 4117 3406 4154 vera

155 4201 271 4236 σιν·
317 4187 484 4254 ἡμεῖς
533 4185 588 4237 δὲ
619 4186 718 4237 οὐκ
764 4185 1051 4254 ἄνθρωπον
1101 4183 1219 4254 Θεῷ
1267 4185 1556 4250 ὲνιυθέντα,
1599 4185 1722 4238 ἀ).λέ

1840 4190 2195 4253 adunatione,
2225 4194 2328 4241 non
2364 4201 2542 4243 autem
2576 4189 2641 4244 de
2687 4189 2776 4243 illa
2831 4205 2952 4258 qua}
3001 4191 3052 4243 in
3085 4193 3291 4246 sanctis
3327 4192 3404 4253 fit,

152 4276 288 4327 Θεὸν
321 4277 391 4329 τὰ
421 4275 739 4344 ἀνθρώπινα
771 4275 1208 4347 προσλαϐόμενον
1230 4276 1451 4346 οἴδαμεν
1474 4278 1563 4330 τὸν
1597 4279 1722 4346 Χρι-

1839 4280 2152 4347 loquuntur.
2189 4278 2301 4334 lloc
2334 4290 2514 4334 autem
2543 4280 2795 4344 dicimus,
2825 4282 2950 4350 quia
2984 4280 3097 4335 fieri
3132 4284 3326 4350 nequit
3353 4292 3409 4335 ut

155 4369 304 4431 στὸν,
339 4368 489 4434 λέγω
531 4366 594 4437 δὴ
635 4367 812 4435 σῶμα,
859 4368 953 4420 καὶ
980 4369 1180 4437 ψυχὴν,
1231 4370 1321 4420 καὶ
1363 4368 1487 4420 νοῦν
1515 4368 1722 4429 τελείως

1839 4389 1966 4426 vera
2000 4374 2259 4428 adunatio
2288 4384 2407 4443 post
2451 4376 2790 4429 nativitatem
2834 4375 3064 4429 dicatur.
3120 4374 3227 4429 Nos
3281 4391 3411 4430 veru

152 4461 331 4527 χωρὶς
383 4457 664 4525 ἁμαρτίας
716 4455 968 4509 ὲνοῦσθαι
1008 4460 1075 4527 τῇ
1137 4457 1267 4526 ἁγίᾳ
1323 4458 1599 4528 Παρθένῳ·
1637 4461 1722 4511 Διά

1842 4480 1944 4517 non
1981 4465 2255 4519 hominem
2312 4465 2419 4518 Deo
2460 4466 2690 4531 unitum,
2721 4465 2814 4519 sed
2863 4465 3028 4518 Deum
3079 4466 3168 4534 qni
3217 4468 3410 4520 humao

150 4548 318 4602 τοῦτο
352 4548 462 4602 κᾶν
494 4547 779 4618 ἄνθρωπον
808 4547 1047 4618 ἀκούσῃς
1079 4547 1169 4599 τὸν
1203 4548 1434 4617 Χριστὸν
1472 4550 1722 4620 ὀνομαζό-

1841 4557 2060 4608 nitatem
2093 4557 2400 4623 assumpsit,
2437 4558 2528 4624 qui
2557 4570 2771 4624 corpus,
2813 4557 3126 4626 inquam,et
3170 4559 3410 4612 animum

154 4656 346 4707 μενον,
383 4637 462 4708 μὴ
494 4635 846 4688 ὲπιλανθάνου
875 4639 955 4690 ὃτι
987 4638 1078 4690 καὶ
1119 4637 1250 4701 Θεὸς
1281 4640 1530 4706 γέγονεν⁸
1563 4641 1722 4705 οὕτως

1846 4661 1908 4700 ac
1942 4656 2174 4699 mentem
2208 4645 2444 4716 perfecte
2477 4649 2527 4702 in
2574 4657 2760 4703 sancta
2816 4648 3035 4718 Virgine
3065 4649 3165 4702 sibi
3213 4651 3406 4714 univit,

152 4731 528 4798 ἐπιστάμενος
559 4729 586 4780 ό
641 4729 908 4798 μακάριος
935 4729 1169 4793 Παῦλος,
1205 4732 1335 4783 ποτὲ
1366 4732 1418 4783 δὲ
1449 4731 1581 4784 Θεὸν
1609 4735 1722 4801 ἐκή·

1851 4742 1997 4795 hunc
2029 4742 2306 4795 Christum
2344 4758 2464 4795 esse
2489 4743 2712 4796 scimus.
2748 4744 3036 4809 Propterea
3067 4743 3280 4797 etiamsi
3314 4746 3410 4797 ho-

153 4835 390 4890 ρυττενο
431 4837 452 4869 ε
487 4819 812 4890 Μνημόνευε
863 4821 995 4889 γὰρ,
1033 4821 1214 4890 φησιν,
1263 4821 1466 4891 Ἰησοῦν
1502 4824 1722 4892 Χριστὸι

1845 4833 2043 4885 minem
2077 4832 2315 4886 audieris
2339 4832 2613 4886 Christum
2646 4832 2932 4894 nominari,
2973 4848 3039 4886 ne
3069 4833 3411 4888 obliviscaris

151 4911 542 4982 ἐγηγερμένον
571 4912 635 4963 ὲκ
664 4910 895 4982 νεκρῶν,
928 4912 1022 4964 καὶ
1048 4914 1112 4964 ὲκ
1153 4912 1463 4982 σπέρματος
1491 4914 1674 4966 Δαόίδ.
1712 4933 1722 4965 I

1843 4924 2091 4977 eumdem
2125 4933 2179 4977 et
2209 4921 2374 4977 Deum
2403 4937 2540 4979 esse.
2577 4925 2668 4978 Rei
2695 4923 2858 4992 probe
2888 4925 3136 4978 conscius
3171 4923 3369 4979 Paulus
3391 4962 3409 4987 ,

149 5003 261 5056 Καὶ
296 5003 468 5055 πάλιν
488 5017 502 5031 ⁶
544 5019 562 5052 t
586 5002 643 5053 ’0
673 5002 729 5054 δὲ
752 5002 883 5066 Θεὸς
912 5004 1003 5054 καὶ
1032 5002 1124 5055 τὸν
1145 5005 1346 5074 Κύριον
1376 5004 1618 5073 ἦγειρεν,
1645 5006 1722 5056 κα¹

1842 5015 1999 5068 modo
2028 5015 2199 5083 ipsum
2239 5016 2403 5070 Deum
2431 5017 2796 5084 proclamabat
2827 5033 2838 5066 :
2880 5035 2898 5066 ι
2931 5015 3200 5071 Memento
3224 5017 3396 5080 enim,

149 5097 304 5163 ἡμᾶς
344 5094 614 5162 ἑξεγείρει
646 5092 734 5146 διὰ
771 5094 869 5164 τῆς
904 5095 1185 5162 δυνάμεως
1226 5095 1409 5146 αὑτοῦ.
1439 5114 1457 5145 ι
1498 5094 1722 5157 Ἀκούεις

1843 5104 2036 5172 inquit,
2066 5103 2249 5159 Jesum
2285 5103 2558 5159 Christum
2606 5106 2924 5159 suscitatum
2973 5119 3039 5158 ex
3074 5105 3326 5169 mortuis,
3357 5117 3414 5159 et

150 5187 241 5238 τὸν
272 5188 346 5240 ἐκ
372 5185 691 5254 σπέρματος
722 5185 906 5251 Δαϐἶδ,
924 5185 1018 5238 καὶ
1040 5187 1104 5238 ἐκ
1129 5184 1339 5256 νεκρῶν
1366 5188 1722 5256 ὲγηγερμένοι

1843 5195 1907 5248 de
1957 5197 2160 5249 semine
2216 5197 2428 5249 Davidis
2485 5194 2685 5268 lui
2720 5205 2895 5250 ortum
2934 5197 3000 5248 ".
3050 5195 3407 5264 Rursusque:

151 5277 346 5344 σαφῶς
378 5274 786 5344 κηρυττόμενον
809 5292 823 5340 ;

1850 5305 1868 5336 ι
1905 5285 2048 5340 Deus
2083 5297 2260 5340 autem
2287 5289 2377 5355 qui
2412 5287 2696 5341 Dominum
2727 5289 3029 5349 suscitavit,
3065 5301 3163 5339 nos
3196 5301 3410 5355 quoque

1843 5378 2040 5430 virtute
2070 5393 2164 5431 sua
2197 5379 2421 5432 suscitat
2469 5380 2535 5436 ".
2600 5398 2618 5428 ι
2656 5379 2848 5432 Audin'
2887 5379 3034 5432 illum
3086 5378 3154 5430 de
3199 5379 3406 5433 semine

1846 5468 2086 5531 Davidis,
2119 5478 2172 5522 et
2201 5486 2264 5523 ex
2294 5470 2522 5524 mortuis
2548 5472 2864 5524 suscitatum
2907 5469 3270 5538 proclamari?

1919 5557 2004 5609 10.
2039 5558 2170 5612 Cum
2201 5559 2382 5628 itaque
2423 5561 2846 5614 demonstratum
2881 5560 3159 5614 evidenter
3197 5559 3267 5612 sit
3297 5573 3406 5612 non

1847 5649 2139 5720 hominem,
2173 5662 2232 5706 ut
2263 5651 2348 5707 isti
2378 5661 2587 5722 putant,
2612 5653 2706 5708 sed
2733 5653 3119 5722 sempiternum
3153 5651 3243 5705 Dei
3270 5651 3398 5706 Ver-

218 5545 274 5600 ι’.
309 5544 455 5596 Ὅτε
489 5542 668 5595 τοίνυν
701 5543 946 5615 ἐναργῶς
978 5545 1374 5618 ἀποδέδεικται,
1394 5551 1493 5604 οὐκ
1523 5553 1739 5624 ἀνθρω-

143 5657 268 5704 πος,
303 5636 390 5697 ὡς
427 5634 628 5687 ἐκεῖνοι
663 5636 992 5704 νομίζουσιν,
1022 5638 1135 5691 ἀλλ’
1172 5639 1202 5690 ό
1244 5641 1410 5707 ἀΐδιος
1463 5643 1556 5696 τοῦ
1591 5644 1732 5698 Θεοῦ

216 5823 267 5858 ιι
301 5821 348 5878 η
386 5817 534 5876 Tim.
571 5832 629 5883 ﬂ,
661 5818 712 5873 8.
787 5820 833 5850 ⁸²
862 5817 902 5871 ΙΙ
925 5819 1044 5876 Cor.
1085 5839 1160 5885 tv,
1191 5821 1279 5879 Η.

566 5912 828 5973 Ρλτῐιοιι.
875 5913 986 5972 Gn.
1028 5915 1288 5977 LXXVI.
2976 5919 3009 5981 9
