4106 6496
720 438 822 494 967

1704 429 1763 484 S.
1797 427 2072 488 CYRILLI
2108 427 2578 484 ALEXANDRINI
2614 430 2938 488 ARCHIEP.

3858 435 3963 489 268

720 551 844 603 bum
875 547 1228 602 liumanatum
1254 555 1321 600 ex
1359 541 1577 612 Virgine
1606 541 1898 612 prodiisse,
1936 543 2197 596 recedant
2229 541 2278 595 hi

2388 542 2559 609 Λόγος
2585 543 3016 615 ἐνανθρωπήσας
3045 543 3195 596 ἐστὶν
3228 543 3256 594 6
3299 543 3362 594 ἐκ
3387 541 3484 610 τῆς
3517 540 3798 610 Παρθένου
3825 559 3960 608 προ-

718 642 785 695 ab
815 653 1002 694 errore
1017 652 1134 700 suo,
1158 634 1506 691 etJudaicam
1531 634 1798 689 insaniam
1820 634 2094 688 omittant.
2128 652 2146 684 ι
2172 633 2285 688 Nisi

716 731 857 785 enim
885 727 1132 783 conversi
1170 727 1390 790 fuerint,
1425 725 1663 795 gladium
1701 739 1861 780 suum
1887 725 2154 779 adversus
2184 738 2281 779 eos

714 819 1116 890 splendiﬁcabit
1147 817 1519 873 Dominus‘h
1549 814 1680 870 Nam
1724 815 1868 884 quod
1899 815 2113 869 illorum
2133 814 2283 870 blas-

713 913 982 982 phemiam
1031 911 1148 965 sine
1175 909 1283 963 ﬁne
1317 924 1427 963 non
1457 909 1528 963 sit
1551 908 1952 978 perlaturus,et
1978 908 2120 975 quod
2145 922 2285 964 none

712 1004 816 1059 nisi
849 1002 1259 1073 longanimitate
1287 1016 1380 1056 sua
1440 1016 1582 1055 nunc
1627 999 1794 1054 etiam
1851 1000 2107 1067 patiatur,
2161 998 2284 1052 audi

711 1091 837 1160 quid
864 1107 959 1160 per
984 1091 1198 1144 beatum
1225 1091 1546 1160 prophetam
1575 1089 1743 1150 dicat,
1766 1097 1824 1141 ut
1847 1087 2104 1143 ultionem
2129 1101 2283 1142 suam

707 1190 830 1250 post
861 1181 1118 1235 toleratos
1147 1179 1240 1234 diu
1285 1179 1426 1245 illos,
1485 1179 1577 1248 qui
1617 1179 1671 1232 in
1724 1177 1925 1232 malitia
1965 1192 2282 1246 persevera-

708 1281 855 1338 runt,
889 1272 1223 1326 demonstret
1255 1286 1269 1322 :
1305 1288 1323 1321 ι
1359 1271 1550 1336 Tacui,
1598 1271 1809 1340 inquit,
1858 1271 1951 1325 sed
1987 1285 2113 1323 num
2156 1284 2282 1336 per-

707 1373 870 1433 petuo
893 1362 1082 1417 tacebo
1117 1376 1181 1416 ac
1233 1360 1522 1416 tolerabo?
1570 1361 1790 1417 Patiens
1821 1361 1895 1415 fui
1928 1361 2282 1429 parturientis

705 1457 900 1509 instar.
936 1452 1091 1507 Nunc
1138 1453 1414 1522 dissipabo
1441 1461 1497 1507 et
1534 1453 1827 1508 exsiccabo
1867 1452 2049 1519 simul,
2097 1452 2281 1507 deser-

706 1549 831 1602 tabo
864 1556 1074 1602 montes
1097 1554 1151 1601 et
1182 1546 1370 1610 colles,
1405 1554 1633 1602 etomne
1661 1560 1886 1616 gramen
1909 1545 2126 1599 illorum
2155 1559 2278 1600 are-

703 1638 919 1703 faciam,
953 1651 1149 1707 ponam
1185 1635 1407 1690 ﬁumina
1443 1636 1496 1689 in
1528 1635 1768 1702 insulas,
1818 1644 1873 1690 et
1915 1634 2135 1705 paludes
2184 1650 2281 1688 ex-

703 1744 954 1784 arescere
994 1727 1188 1782 faciam
1236 1727 1303 1781 ".
1345 1745 1363 1778 ι
1413 1725 1598 1796 Neque
1639 1741 1796 1782 secus
1827 1726 2278 1794 praeclarissimus

716 1817 998 1888 Ilymnista
1028 1815 1262 1871 celerem
1296 1815 1584 1883 impiorum
1625 1815 1923 1883 perniciem
1951 1813 2070 1868 fore
2098 1813 2271 1878 docet,

2391 632 2583 698 ελθὼν,
2620 636 3179 703 μεταγινωσκέτωσαν
3201 636 3249 688 οἱ
3281 632 3709 702 πεπλανημένοι,
3742 634 3835 685 καὶ
3863 634 3962 700 τῆς

2403 723 2697 794 Ἰουδαϊκῆς
2734 726 2917 788 ἀνοίας
2960 726 3310 796 ληγέτωσαν·
3354 743 3371 775 ι
3411 723 3535 776 Ἐὰν
3567 723 3675 791 γὰρ
3725 723 3798 791 μὴ
3845 724 3961 774 ἐπι-

2390 815 2721 886 στραφῶσιν,
2757 817 2855 887 τήν
2906 817 3182 886 ῥομφαίαν
3235 813 3399 867 αὑτοῦ
3435 813 3554 866 κατ’
3599 813 3780 865 αὐτῶν
3816 813 3962 865 στιλ-

2390 905 2552 974 βώσει
2588 905 2812 976 Κύριος.
2848 923 2865 956 ι
2897 906 3021 958 ’Ὅτι
3046 904 3154 973 γὰρ
3171 905 3270 957 οὐκ
3294 907 3371 968 είς
3396 904 3547 966 τέλος
3579 903 3758 956 αὐτῶν
3781 904 3962 969 ἀνέξεο

2385 1014 2475 1050 ται
2530 996 3014 1068 βλασφημούντων,
3057 996 3151 1048 καὶ
3183 996 3270 1049 διὰ
3312 993 3695 1066 μακροθυμίαν
3734 994 3813 1047 ἐτι
3869 996 3964 1048 καὶ

2387 1088 2483 1141 νῦν
2521 1088 2776 1158 ἀνέχεται
2830 1086 3294 1157 βλασφημούντων
3317 1126 3332 1151 ,
3380 1087 3546 1140 ἄκουε
3575 1085 3628 1138 τί
3677 1103 3841 1156 φησιν
3875 1087 3963 1139 stat

2384 1180 2478 1234 τοῦ
2511 1180 2784 1252 μακαρίου
2835 1181 3137 1251 προφήτου,
3184 1180 3286 1249 τὴν
3319 1179 3384 1231 ἐκ
3426 1177 3526 1248 τῆς
3579 1178 3775 1246 ἀνοχῆς
3823 1179 3961 1249 πρὸς

2385 1273 2511 1336 τοὺς
2550 1273 2907 1342 ἐπιμένοντας
2947 1275 3014 1342 τῇ
3052 1270 3225 1341 κακία
3279 1269 3627 1340 ἐπαγομένην
3677 1269 3957 1338 ἐκδίκησιν

2382 1366 2554 1436 δηλῶν
2575 1383 2588 1396 ο
2628 1385 2646 1416 ι
2682 1364 3017 1434 Ἐσιώπησα,
3048 1363 3202 1430 φησί·
3236 1361 3311 1431 μὴ
3337 1362 3431 1414 καὶ
3454 1361 3542 1413 ἀεὶ
3580 1361 3955 1430 σιωπήσομαι,

2382 1458 2477 1510 καὶ
2503 1455 2796 1526 ἁνέξομαι;
2833 1456 3214 1525 Ἐκαρτέρησα
3251 1452 3385 1522 ὠςή
3431 1452 3696 1504 τίκτουσα
3760 1451 3958 1519 ἐκστή-

2383 1564 2460 1598 σω
2503 1548 2595 1600 καί
2628 1545 2845 1616 ξηρανῶ
2879 1545 3014 1614 ἅμα,
3069 1545 3163 1596 καὶ
3212 1541 3488 1613 ἐρημώσω
3527 1541 3627 1610 δρη
3675 1541 3771 1592 καὶ
3833 1539 3958 1607 βου-

2381 1640 2525 1700 νοὺς,
2549 1639 2643 1690 καὶ
2670 1638 2848 1690 πάντα
2871 1637 2959 1690 τὸν
2989 1637 3181 1708 χόρτον
3204 1633 3383 1687 αύτῶν
3411 1631 3630 1702 ξηρανῶ
3650 1647 3662 1658 ο
3687 1631 3779 1682 καὶ
3807 1630 3958 1698 θήσω

2381 1729 2659 1797 ποταμοὺς
2711 1730 2789 1790 είς
2837 1729 3055 1796 νήσους,
3088 1726 3183 1778 καὶ
3215 1724 3310 1794 ἐλη
3357 1723 3594 1792 ξηρανῶ.
3645 1739 3661 1772 ι
3703 1720 3868 1772 Οὐδὲν
3903 1719 3958 1770 δὲ

2377 1813 2539 1889 ἦττον
2568 1820 2661 1870 καὶ
2689 1820 2716 1872 6
2746 1818 3018 1879 θειότατος
3045 1814 3322 1885 Ὑμνῳδὸς
3359 1815 3578 1882 ταχεῖαν
3610 1810 3716 1863 τῶν
3745 1808 3959 1862 ἀσεϐῶν

701 1887 803 1964 etsi
833 1922 926 1963 eos
959 1907 1238 1976 aliquanto
1282 1916 1524 1975 tempore
1563 1914 1783 1975 propter
1818 1905 1913 1960 Dei
1951 1904 2278 1975 longanimi-

2384 1887 2619 1964 διδάσκει
2653 1909 2750 1978 τὴν
2783 1907 3085 1971 ἀπώλειαν,
3117 1907 3219 1960 κᾶν
3254 1905 3392 1976 πρὸς
3418 1905 3600 1972 ὀλίγον
3631 1902 3717 1956 διὰ
3751 1918 3961 1971 μακρο·

704 2009 870 2053 tatem
899 1997 1161 2053 valituros
1191 1998 1267 2052 ait
1295 2017 1312 2050 .-
1345 2013 1364 2048 t
1399 1995 1517 2050 Vidi
1542 1997 1686 2051 enim
1717 1997 1940 2065 impium
1965 1996 2276 2064 superexal-

700 2097 894 2153 tatum,
939 2097 993 2141 et
1023 2088 1291 2142 elevatum
1320 2087 1460 2140 sicut
1501 2086 1692 2140 cedros
1727 2085 1917 2139 Libani
1957 2100 1970 2136 :
2005 2093 2059 2138 et
2099 2095 2277 2138 trans-

699 2179 799 2246 ivi,
834 2185 890 2234 et
951 2191 1077 2233 ecce
1114 2191 1219 2230 non
1262 2185 1380 2230 erat
1421 2193 1434 2230 :
1471 2175 1696 2244 quaesivi
1738 2190 1860 2231 eum
1889 2215 1904 2239 ,
1949 2183 2004 2230 et
2039 2189 2146 2229 non
2191 2184 2277 2230 est

701 2271 951 2325 inventus
981 2270 1133 2324 locus
1159 2269 1281 2337 ejus
1311 2269 1377 2321 θ’.
1424 2288 1445 2321 ι

773 2360 861 2412 il.
898 2360 1024 2414 Haec
1051 2361 1194 2414 enim
1240 2370 1295 2414 et
1343 2359 1448 2414 alia
1503 2358 1811 2429 huiusmodi
1862 2359 2169 2413 communia
2211 2359 2279 2413 iis

700 2452 954 2506 omnibus
979 2460 1126 2514 sunt,
1155 2451 1250 2521 qui
1307 2460 1468 2505 rectae
1519 2450 1642 2504 ﬁdei
1683 2451 1991 2520 dispergere
2032 2449 2280 2504 nituntur

701 2541 862 2607 ovile,
891 2539 1050 2595 sicuti
1086 2549 1141 2594 et
1190 2539 1572 2608 praedictarum
1621 2541 1900 2593 limreseon
1952 2539 2136 2593 exitus
2184 2554 2278 2593 os-

703 2633 894 2687 tendit.
926 2630 1063 2697 Quid
1087 2631 1231 2684 enim
1261 2630 1491 2700 profecit
1535 2629 1650 2683 Arii
1705 2630 1854 2698 impii
1899 2629 2094 2684 error?
2139 2629 2278 2696 Quid

702 2723 978 2789 Eunomii,
1006 2730 1060 2776 et
1094 2723 1304 2776 illorum
1337 2722 1426 2790 qui
1460 2722 1513 2775 in
1557 2730 1808 2776 sanctum
1842 2719 2104 2789 Spiritum
2135 2722 2280 2774 blas-

701 2817 1047 2885 phemarunt,
1074 2823 1130 2867 et
1193 2812 1343 2867 Pauli
1399 2813 1822 2877 Samosatensis,
1860 2822 1915 2867 et
1951 2813 2279 2882 Apollinaris

705 2905 962 2960 insania?
992 2905 1198 2973 Quippe
1230 2903 1283 2956 hi
1319 2918 1510 2958 omnes
1537 2913 1593 2958 et
1635 2904 1690 2957 in
1732 2905 1992 2973 praesenti
2029 2905 2280 2974 turpissi-

701 3013 852 3051 mum
883 2997 1040 3050 linem
1070 2996 1215 3049 nacti
1265 3005 1414 3056 sunt.
1464 3004 1627 3065 atque
1679 2995 2069 3050 ecclesiasticis
2106 2997 2277 3064 septis

707 3091 864 3161 eiecti
899 3090 1113 3144 fuerunt
1137 3128 1152 3152 ,
1181 3098 1236 3142 et
1265 3100 1419 3143 extra
1464 3090 1743 3143 ccelestem
1793 3087 2278 3156 primogenitorum

2381 2000 2581 2070 θυμίαν
2613 1999 2748 2052 Θεοῦ
2793 1998 3085 2068 ἰσχύσωσιν
3109 2013 3124 2026 ·
3177 2017 3194 2048 ι
3237 1996 3374 2050 Ἰδον
3406 1995 3528 2064 ,γὰρ
3576 1993 3751 2061 ἀσεϐῆ
3787 1993 3958 2059 ὑπερ-

2384 2090 2711 2160 υψούμενον,
2746 2091 2838 2143 καὶ
2864 2090 3224 2160 ἐπαιρόμενον
3252 2089 3328 2150 ὼς
3357 2088 3456 2150 τὰς
3477 2087 3700 2156 κέδρους
3732 2083 3824 2137 τοῦ
3865 2086 3961 2136 Λι-

2381 2183 2544 2236 ϐάνου
2567 2198 2580 2212 ·
2613 2182 2708 2235 καὶ
2727 2181 3026 2252 παρῆλθον,
3060 2181 3155 2233 καὶ
3190 2179 3298 2231 ίδοὺ
3326 2178 3425 2230 οὐκ
3457 2172 3524 2246 ἦν
3543 2191 3556 2205 ·
3590 2177 3684 2227 καὶ
3713 2174 3957 2243 ἐζήτησα

2380 2273 2564 2337 αὑτὸν,
2594 2274 2688 2326 καὶ
2709 2274 2807 2344 ούχ
2837 2272 3038 2344 εὑρέθη
3061 2275 3088 2326 6
3115 2272 3280 2335 τόπος
3309 2267 3496 2322 αὑτοῦ.
3531 2287 3549 2318 ι

2453 2371 2543 2419 ια’.
2569 2365 2749 2418 Ταῦτα
2771 2365 2879 2434 γὰρ
2908 2366 3004 2419 καὶ
3023 2366 3094 2417 τὰ
3117 2363 3342 2417 τοιαῦτα
3364 2360 3520 2413 κοινά
3550 2359 3766 2411 πάντων
3787 2356 3959 2416 ἐστὶν,

2379 2456 2494 2508 ὅσοι
2544 2456 2644 2526 τῆς
2695 2457 2977 2519 εὐσεϐείας
3034 2453 3441 2524 διασκορπίζειν
3495 2448 3838 2518 ἐπιχειροῦσι
3900 2447 3963 2498 τὸ

2381 2550 2651 2618 ποίμνιον,
2683 2547 2873 2618 ὥσπερ
2921 2543 3014 2600 οὖν
3046 2547 3142 2599 καὶ
3196 2545 3304 2598 τῶν
3347 2541 3759 2613 προειρημένων
3807 2537 3964 2607 αἱρέ-

2384 2657 2520 2693 σεων
2549 2639 2610 2692 τὸ
2636 2640 2787 2700 τέλος
2821 2637 3116 2701 ἐπέδειξεν.
3154 2636 3220 2688 Τί
3252 2635 3360 2706 γὰρ
3387 2633 3596 2702 ὤνησεν
3621 2632 3720 2700 τῆς
3747 2631 3964 2700 ’Δρείου

2382 2729 2698 2793 δυσσεϐείας
2729 2732 2761 2800 ἡ
2796 2728 3008 2799 πλάνης
3066 2727 3119 2780 τί
3158 2727 3215 2780 δὲ
3237 2729 3269 2795 ή
3306 2724 3599 2793 Εύνομίου,
3635 2723 3728 2774 καὶ
3763 2721 3874 2772 τῶν
3902 2720 3967 2772 τὺ

2383 2824 2609 2894 Πνεῦμα
2640 2823 2700 2876 τὸ
2742 2822 2894 2890 ἆγιον
2927 2818 3391 2890 βλασφημούντων
3413 2858 3427 2881 ,
3464 2814 3557 2868 καὶ
3585 2813 3679 2866 τοῦ
3710 2814 3968 2881 Σαμόσα-

2382 2915 2518 2979 τέως
2567 2914 2800 2975 Παύλου,
2831 2913 2927 2965 καὶ
2961 2909 3056 2963 τοῦ
3104 2907 3446 2977 καλουμένου
3496 2903 3874 2972 Ἀπολιναρίου
3926 2904 3961 2970 ή
4038 2973 4049 2983 _

2384 3005 2781 3078 παραφροσύνη
2806 3022 2820 3070 ;
2849 3003 3056 3064 Πάντες
3091 3000 3200 3070 γὰρ
3225 2996 3372 3052 οὗτοι
3404 2996 3500 3050 καὶ
3529 2999 3586 3049 ἐν
3615 2995 3693 3064 τῷ
3727 2995 3968 3064 παρόντι

2385 3099 2749 3151 ἐπονείδιστον
2772 3095 2925 3156 τέλος
2965 3094 3290 3163 ἐσχήκασιν,
3323 3090 3418 3142 καὶ
3446 3087 3552 3141 τῶν
3581 3086 3972 3156 ἐκκλησιαστι-

707 3181 1004 3236 Ecclesiam
1034 3178 1385 3248 projicientur
1411 3194 1426 3243 ;
1454 3177 1618 3232 deleti
1649 3187 1778 3232 sunt
1816 3177 1881 3231 de
1917 3177 2059 3231 libro
2091 3179 2278 3231 viven-

2387 3191 2498 3246 κῶν
2554 3187 2854 3258 περιϐόλων
2890 3183 3225 3252 ἐξώσθησαν,
3261 3183 3354 3234 καὶ
3397 3180 3496 3249 τῆς
3537 3179 3595 3231 ἐν
3627 3165 3874 3248 οὖρανοῖς
3911 3176 3972 3229 δὲ

709 3273 844 3326 tium
871 3270 936 3336 ⁸³,
981 3278 1037 3324 et
1076 3283 1198 3323 cum
1248 3267 1409 3335 justis
1463 3284 1568 3323 non
1619 3269 1948 3323 scribentur.
1995 3265 2139 3322 Idem
2186 3269 2284 3323 hos

709 3377 926 3433 quoque
960 3368 1140 3414 manet
1187 3360 1348 3424 ﬁnis;
1400 3360 1504 3415 nisi
1560 3361 1700 3414 forte
1757 3360 1944 3414 statim
1991 3361 2282 3413 amentiam

709 3468 862 3510 suam
892 3460 1248 3522 agnoscentes
1279 3489 1294 3513 ,
1351 3451 1479 3504 illuc
1536 3450 1681 3504 unde
1728 3450 2048 3504 exciderunt
2087 3449 2282 3503 reverti

713 3545 1040 3614 sategerint,
1083 3543 1130 3597 ii'
1158 3543 1458 3612 praesertim
1500 3542 1592 3610 qui
1636 3556 1926 3611 pravarum
1968 3543 2283 3611 Opinionum

711 3645 962 3690 auctores
993 3632 1152 3702 primi
1211 3633 1566 3687 exstiterunt.
1609 3633 1847 3687 Audient
1892 3635 2036 3687 enim
2090 3647 2282 3702 prope—

710 3726 927 3781 modum
965 3725 1158 3779 horum
1189 3723 1386 3792 singuli
1422 3722 1690 3777 dicentem
1726 3722 1829 3777 sibi
1876 3722 2227 3778 Servatorem
2261 3741 2273 3776 :

714 3836 736 3870 ι
779 3815 1242 3882 Quemadmodum
1278 3813 1658 3869 vestimentum
1707 3829 1903 3868 cruore
1941 3815 2282 3882 inquinatum

710 3922 818 3963 non
851 3905 1222 3970 mundabitur,
1275 3905 1354 3958 sic
1402 3917 1469 3957 ne
1517 3913 1571 3956 tu
1618 3903 1835 3973 quidem
1868 3907 2101 3960 mundus
2126 3906 2280 3970 eris;

709 3999 837 4071 quia
870 3997 1141 4066 regionem
1172 4011 1345 4049 meam
1370 3996 1615 4060 vastasti,
1641 3995 1896 4064 p0pulum
1927 4011 2104 4050 meum
2145 3998 2286 4052 occi-

709 4086 858 4148 disti,
914 4099 1019 4138 non
1074 4083 1416 4150 permanebis
1467 4082 1519 4136 in
1571 4091 1839 4137 aeternum
1882 4094 2092 4154 tempus
2125 4086 2190 4140 “.
2258 4106 2277 4139 ι

707 4176 817 4232 Nos
847 4189 975 4230 vero
1013 4175 1103 4243 qui
1132 4172 1286 4226 ﬁdem
1320 4183 1562 4227 nostram
1609 4188 1774 4242 super
1821 4174 2080 4229 immobili
2128 4184 2282 4247 petra

707 4269 954 4324 stabilem
984 4265 1391 4328 aediﬁcavitnus,
1441 4265 1509 4318 ad
1543 4265 1701 4319 ﬁnem
1740 4282 1908 4335 usque
1957 4268 2286 4338 religiosita-

711 4371 815 4415 tem
846 4372 1028 4413 veram
1058 4369 1440 4410 conservemus
1462 4394 1478 4422 ,
1517 4355 1821 4410 nullatenus
1859 4356 1928 4410 ab
1955 4358 2283 4412 adversariis

711 4449 940 4511 turbati,
992 4447 1084 4502 sed
1135 4461 1264 4517 erga
1324 4446 1612 4500 Dominum
1667 4447 1984 4503 cliaritatem
2015 4489 2029 4513 ,
2066 4449 2281 4505 invictae

2384 3282 2494 3336 τῶν
2542 3279 2901 3351 πρωτοτόκων
2939 3274 3262 3343 Ἐκκλησίας
3312 3272 3418 3335 ἔξω
3460 3270 3780 3340 ριφήσονται
3807 3284 3822 3297 ο
3874 3268 3972 3332 ἐξ·

2384 3372 2722 3444 ηλείφθησαν
2745 3370 2857 3438 γὰρ
2886 3369 2950 3419 ἐκ
2977 3365 3158 3435 βίϐλου
3184 3364 3423 3429 ζώντων,
3455 3364 3547 3414 καὶ
3579 3361 3716 3432 μετὰ
3739 3361 3974 3413 δικαίων

2384 3465 2482 3517 ούκ
2504 3462 2967 3532 ἐγγραφήσονται.
2994 3458 3066 3509 Τὸ
3088 3456 3144 3508 δὲ
3173 3455 3304 3508 αὐτὸ
3328 3455 3421 3506 καὶ
3448 3453 3668 3514 τούτους
3689 3452 3975 3516 ἐκδέξεται

2384 3553 2556 3616 τέλος,
2586 3554 2632 3602 εἰ
2666 3549 2739 3619 μὴ
2772 3549 2880 3617 ἄρα
2912 3547 3105 3597 θᾶττον
3133 3544 3234 3612 τῆς
3275 3541 3459 3601 ἀνοίας
3486 3540 3739 3601 λαϐόντες
3766 3539 3974 3608 αἴσθη-

2386 3660 2492 3704 σιν,
2520 3639 2837 3692 ἐπανελθεῖν
2863 3635 2985 3690 ὅθεν
3015 3635 3280 3698 ἐξέπεσαν
3309 3632 3703 3693 σπουδάσωσιν,
3730 3630 3823 3681 καὶ
3859 3630 3977 3699 μά-

2383 3735 2541 3786 λιστα
2573 3733 2696 3793 τοὺς
2731 3729 3006 3800 ἀρχηγοὺς
3035 3727 3135 3795 τῆς
3157 3721 3573 3793 κακοφροσύνης
3599 3719 3934 3789 γενομένους
3957 3737 3972 3749 υ

2375 3823 2707 3884 ἀκούσονται
2731 3821 2839 3890 γὰρ
2873 3818 3158 3889 μονονουχὶ
3196 3814 3292 3868 καὶ
3322 3815 3527 3866 τούτων
3554 3812 3786 3872 ἕκαστος
3813 3808 3981 3880 παρὰ

2383 3915 2477 3968 τοῦ
2533 3915 2815 3983 Σωτῆροςυ
2865 3928 2882 3961 t
2911 3912 3007 3960 Ὃν
3037 3908 3240 3978 τρόπον
3293 3906 3505 3974 ἱμάτιον
3534 3904 3590 3955 ἐν
3624 3903 3820 3970 αἵματι
3875 3920 3979 3954 πε-

2385 4005 2659 4079 φυρμένον
2694 4006 2795 4058 ούκ
2849 4002 3002 4055 ἔσται
3057 3997 3318 4069 καθαρὸν,
3369 3994 3541 4058 οὓτως
3577 3994 3697 4047 ούδέ
3747 3994 3813 4046 σὺ
3871 3993 3979 4063 ἔσῃ

2384 4098 2649 4167 καθαρόςο
2686 4095 2820 4148 διότι
2854 4094 2951 4164 τὴν
2981 4095 3083 4161 γῆν
3118 4108 3219 4161 μου
3251 4087 3560 4149 ἀπώλεσας,
3589 4086 3682 4138 καὶ
3712 4086 3803 4138 τὸν
3834 4085 3978 4139 λαόν

2387 4208 2489 4259 μου
2525 4180 2884 4249 ἀπέκτειναςο
2932 4185 2992 4237 ού
3044 4183 3118 4254 μὴ
3155 4181 3343 4252 μείνῃς
3372 4181 3452 4240 είς
3495 4178 3586 4230 τὸν
3625 4177 3796 4228 αἰῶνα
3839 4177 3974 4247 χρό-

2385 4297 2497 4334 νον.
2530 4299 2546 4331 ι
2585 4281 2778 4348 Ἡμεῖς
2799 4280 2855 4330 δὲ
2904 4278 2953 4329 οί
2976 4275 3073 4345 τὴν
3093 4273 3301 4329 ἐαυτῶν
3331 4269 3617 4323 πίπινέπὶ
3633 4269 3729 4338 τὴν
3745 4269 3981 4339 ἀρραγῆ

2387 4371 2593 4440 πέτραν
2641 4369 3100 4438 οἰκοδομήσαντες
3136 4365 3383 4436 βεϐαίαν,
3437 4363 3596 4433 μέχρι
3642 4361 3836 4424 τέλους
3873 4363 3982 4433 τὴν

2386 4461 2664 4514 εὐσέϐειαν
2695 4460 3149 4529 διαφυλάξωμεν,
3189 4455 3453 4527 μηδαμῶς
3496 4455 3601 4506 ὑπὸ
3650 4454 3758 4506 τῶν
3811 4457 3985 4507 ἐναν-

707 4550 998 4597 armatura:
1028 4540 1200 4594 instar
1226 4537 1508 4602 habentes,
1541 4538 1595 4592 in
1645 4539 1762 4609 ipso
1820 4554 2034 4611 semper
2080 4542 2278 4612 glorie-

2385 4554 2513 4605 τίων
2549 4551 2957 4622 θορυϐούμενοι,
2984 4549 3118 4604 ἀλλὰ
3138 4549 3234 4618 τὴν
3266 4549 3344 4610 εἰς
3367 4547 3457 4600 τὸν
3493 4545 3694 4616 Κύριον
3737 4545 3984 4616 ἀγάπην

708 4650 849 4699 mur,
866 4633 1138 4702 propheta:
1158 4631 1318 4685 verba
1345 4629 1723 4696 decantantes,
1748 4641 1802 4685 et
1831 4633 2272 4688 adversariorum

707 4725 1094 4797 ignobilitatem
1119 4722 1442 4776 irridentes:
1487 4740 1504 4772 ι
1537 4719 1824 4776 Nobiscum
1855 4723 2014 4778 Deus.
2045 4723 2272 4790 Scitote,

706 4817 910 4888 populi,
947 4825 1002 4870 et
1027 4813 1406 4884 deprimamini
1430 4831 1444 4880 ;
1471 4814 1564 4883 qui
1595 4814 1840 4869 valuistis
1863 4855 1878 4879 ,
1927 4827 2114 4885 postea
2145 4821 2277 4874 estis

706 4907 946 4978 depressi
977 4925 990 4960 :
1024 4914 1080 4959 et
1114 4906 1160 4958 si
1198 4905 1395 4959 iterum
1427 4905 1733 4969 valueritis,
1753 4921 1909 4975 aeque
1937 4907 2226 4963 vincemini
2256 4927 2272 4976 ;

706 5009 759 5052 et
791 4997 833 5051 si
860 4995 987 5064 quid
1015 4993 1447 5048 deliberaveritis
1469 5033 1484 5058 ,
1516 4995 1809 5049 consilium
1842 5007 2080 5050 vestrum
2112 4999 2275 5054 dissi-

707 5088 853 5158 pabit
888 5085 1175 5150 Dominus;
1220 5091 1275 5138 et
1320 5098 1479 5152 quem
1513 5099 1816 5140 sermonem
1861 5088 2177 5157 loquemini,
2236 5091 2279 5144 is

706 5178 846 5249 apud
894 5190 991 5232 vos
1032 5189 1137 5230 non
1181 5175 1569 5244 permanebit;
1627 5178 1751 5245 quia
1798 5180 1939 5234 Deus
1987 5181 2266 5237 nobiscum

706 5281 790 5326 est
818 5269 883 5323 ".
925 5288 944 5320 ι

778 5363 865 5416 1‘2.
898 5361 1005 5417 Sed
1037 5376 1185 5426 ecce,
1224 5362 1276 5415 hi
1311 5361 1516 5426 dicunt,
1546 5363 1831 5432 Apostolus
1863 5376 2049 5432 aperte
2094 5368 2267 5433 ipsum

709 5453 980 5507 hominem
1015 5450 1322 5505 conﬁtetur.
1375 5449 1620 5520 Namque
1653 5454 1716 5505 ad
1750 5453 2094 5509 Timotheum
2127 5459 2264 5512 scri~

708 5547 839 5598 bens
874 5543 951 5598 sic
981 5544 1093 5596 ait:
1131 5559 1147 5591 ι
1190 5540 1357 5596 llomo
1385 5541 1634 5598 Christus
1661 5543 1818 5600 Jesus
1843 5547 1909 5604 °“.
1954 5565 1973 5597 ι
2009 5547 2120 5604 Hoc
2145 5552 2269 5604 dum

771 5727 815 5795 ἦο
849 5723 992 5778 Psal.
1021 5722 1231 5795 vit,_l_3.
1284 5723 1379 5795 “‘7'
1421 5723 1523 5777 lsa.
1552 5740 1682 5789 xui,
1731 5726 1814 5795 Η,
1852 5731 1935 5785 l5.

709 5799 751 5828 δ’
780 5793 880 5851 lsa.
915 5809 1029 5860 vni,
1055 5792 1204 5849 8-10.
1279 5791 1322 5822 “
1355 5794 1371 5847 ι
1405 5795 1542 5850 'l‘int.
1577 5813 1637 5863 ιι,

2051 5734 2093 5764 ”¹²
2123 5732 2264 5789 Psal.
2301 5751 2484 5801 χχχιιι,
2513 5737 2600 5803 55,
2639 5738 2726 5793 36.

2386 4642 2549 4695 ὅπλον
2607 4641 2862 4710 ἀνίκητον
2905 4640 3143 4709 ἔχοντες,
3202 4642 3260 4691 ἐν
3309 4636 3457 4706 αὐτῷ
3509 4634 3857 4705 καυχώμεθα
3891 4637 3988 4688 διὰ

2386 4735 2626 4799 παντὸς,
2670 4733 2919 4802 λέγοντες
2969 4731 3038 4786 τὰ
3093 4731 3187 4784 τοῦ
3221 4731 3500 4801 προφήτου
3557 4729 3820 4799 ῥήματα,
3884 4730 3988 4782 καὶ

2386 4826 2651 4896 γελῶντες
2714 4824 2822 4877 τῶν
2882 4824 3139 4876 ἐναντίων
3193 4821 3292 4892 τὴν
3378 4819 3689 4873 εὐτέλειαν·
3748 4839 3767 4870 ι
3832 4821 3988 4874 Μεθ’

2385 4918 2543 4988 ἡμῶν
2567 4919 2595 4970 6
2624 4915 2789 4978 Θεός·
2824 4915 3016 4982 γνῶτε,
3058 4913 3208 4982 ἔθνη,
3255 4911 3348 4965 καὶ
3381 4911 3637 4981 ἡττᾶσθε,
3682 4911 3989 4979 ίσχυκότες

2386 5009 2616 5079 ἡττᾶσθε
2643 5024 2656 5038 ’
2694 5006 2789 5060 ἐὰν
2822 5007 2929 5075 γὰρ
2974 5006 3134 5060 πάλιν
3177 5003 3464 5073 ίσχύσητε,
3510 5001 3672 5055 πάλιν
3719 5003 3987 5072 ἡττηθή-

2389 5099 2580 5152 σεσθεο
2637 5099 2730 5152 καὶ
2799 5098 2893 5150 ἐὰν
2930 5095 3318 5167 βουλεύσησθε,
3380 5092 3572 5162 βουλὴν
3615 5092 3989 5145 διασκεδάσει

2387 5191 2588 5260 Κύριος
2609 5207 2621 5218 ·
2650 5192 2743 5244 καὶ
2778 5191 2933 5259 λόγον
2967 5190 3026 5242 ὃν
3053 5189 3147 5242 ἐὰν
3179 5188 3472 5258 λαλήσητε,
3503 5186 3574 5253 ξοὺ
3617 5185 3692 5255 μὴ
3724 5187 3995 5258 ἐμμείνῃ

2387 5283 2444 5335 ἐν
2481 5284 2608 5352 ύμῖν
2631 5299 2643 5312 °
2672 5284 2754 5335 ὄτι
2788 5283 2904 5352 μεθ’
2942 5281 3102 5351 ἡμῶν
3129 5280 3331 5351 Κύριος
3358 5282 3384 5332 6
3413 5278 3566 5340 Θεός.
3608 5295 3625 5326 ι

2463 5374 2547 5444 ιβ’.
2598 5375 2734 5426 Ἀλλ’
2762 5375 2892 5436 ίδοὺ,
2929 5373 3116 5443 φασὶν,
3149 5375 3176 5425 6
3216 5371 3533 5433 Ἀπόστολος
3579 5367 3848 5437 φανερῶς
3884 5370 3989 5422 αύ-

2388 5465 2477 5517 τὺν
2505 5467 2787 5534 ἄνθρωπον
2819 5465 3195 5534 ὡμολόγησεν.
3225 5461 3471 5532 Τιμοθέῳ
3500 5459 3607 5529 γὰρ
3629 5460 3994 5513 ἐπιστέλλων

2387 5555 2527 5609 οὓτω
2555 5557 2734 5628 φησίν·
2781 5576 2798 5608 ι
2827 5555 3150 5626 Ἄνθρωπος
3191 5553 3424 5624 Χριστὸς
3469 5547 3698 5620 Ἰησοῦς.
3741 5569 3758 5601 ι
3800 5552 3996 5607 Τοῦτο

2836 5741 2880 5772 ⁶³
2905 5739 3054 5796 Psal.
3081 5754 3272 5804 vam,
3306 5735 3399 5790 9.9.
3509 5732 3552 5765 °"
3583 5733 3688 5790 lsa.
3721 5749 3852 5799 xw,
3897 5736 3993 5794 19.
