4104 6510
164 467 238 521 269
1211 463 1399 533 QUOD
1442 469 1501 525 Β.
1540 467 1760 524 MARIA

1734 469 1760 523 ι
1800 467 1910 526 SIT
1948 470 2262 525 DEIPARA.
3248 476 3355 530 9.70

162 582 197 632 δὲ
233 579 462 646 λέγοντες,
495 579 606 631 τῶν
660 579 1069 651 ἀκεραιοτέρων
1101 580 1349 635 δοκοῦσιν
1393 583 1682 653 ταράττειν
1711 591 1758 649 Α

1731 591 1758 649 ι
1787 583 1954 648 aiunt,
1991 584 2387 654 simpliciorum
2419 585 2673 639 thentur
2698 592 2936 640 mentem
2975 588 3218 644 turbare.
3247 588 3352 644 Sed

160 673 223 721 τὸν
253 671 384 722 νοῦνο
417 671 463 720 εί
512 671 624 740 γάρ
658 688 743 735 τις
779 673 1017 735 συνετῶς
1057 672 1137 742 τῷ
1185 673 1530 744 ἀποστολικῴ
1565 676 1688 726 ἐπι-

1791 675 1932 728 enim
1970 675 2013 728 si
2044 675 2165 744 quis
2199 675 2422 731 cordate
2465 675 2820 744 apostolicum
2872 678 3072 732 dictum
3107 681 3354 735 conside-

161 760 298 811 ἰάλλει
336 760 496 830 ῥητῷ,
573 764 644 814 ἐκ
695 763 888 816 τούτου
944 764 1176 832 μάλιστα
1232 763 1324 816 τοῦ
1375 764 1540 834 ῥητοῦ
1589 765 1688 835 τῆς

1793 775 1894 828 ret,
1928 767 1978 820 vi
2010 766 2169 834 hujus
2190 769 2425 822 maxime
2454 767 2605 831 dieti,
2643 769 3104 838 irreligiositatem
3139 772 3350 827 illorum

158 852 358 912 ἀσεϐείας
414 851 596 906 αὐτῶν
648 853 1113 924 καταψηφίσεται.
1177 853 1341 906 Ἀλλὰ
1395 854 1469 922 μὴ
1516 853 1688 917 οῦτως

1791 860 2090 914 damnabit.
2127 858 2381 913 Profecto
2424 861 2566 913 haud
2599 861 2712 914 haec
2745 862 2899 916 nobis
2941 863 3143 918 locutio
3190 863 3355 918 veluti

160 942 616 1011 ἁκρωτηριὰζωμεν
669 943 770 1013 τὴν
822 944 994 1008 λέξιν,
1031 944 1147 997 ἀλλ’
1190 943 1370 1011 ὀλίγον
1422 943 1535 995 τῶν
1586 943 1686 1013 ἔμ-

1790 949 1978 1002 mutila
2010 949 2323 1018 accipienda
2355 949 2435 1003 sic
2458 960 2563 1012 est,
2599 950 2692 1004 sed
2721 950 2880 1019 paulo
2910 960 3057 1005 retro
3086 952 3355 1005 dictorum

158 1032 341 1100 προσθεν
359 1032 812 1102 ἐπιμνησθέντες,
842 1034 1007 1104 ὀρθὴν
1035 1032 1134 1103 τῆς
1163 1033 1471 1103 οἰκονομίας
1498 1033 1685 1086 ἐντεῦ-

1789 1041 1856 1093 ab
1885 1039 2148 1109 Apostolo
2184 1051 2482 1104 memores,
2537 1049 2741 1093 rectam
2787 1041 2911 1094 inde
2960 1042 3357 1094 incarnationis

157 1123 224 1172 05v
248 1122 328 1190 τὴν
353 1123 647 1192 ὁμολογίαν
681 1126 871 1194 νοῆσαι
905 1124 1271 1196 δυνησόμεθα.
1305 1126 1369 1178 Τί
1399 1121 1491 1178 οῦν
1523 1140 1687 1194 φησιν

1787 1129 2188 1184 confessionem
2217 1128 2515 1197 intelligere
2546 1128 2750 1182 licebit.
2790 1127 2926 1193 Quid
2955 1142 3082 1197 ergo
3125 1128 3200 1180 ait
3233 1129 3349 1181 bea-

154 1214 170 1262 ί
194 1213 419 1281 μακάριος
443 1211 660 1275 Παῦλος
684 1231 697 1279 ;
735 1232 750 1264 ‹
779 1209 872 1277 Εἷς
895 1214 1046 1278 Θεὸς,
1071 1235 1089 1266 ι
1120 1215 1282 1284 φησιν
1305 1213 1433 1285 περὶ
1455 1215 1546 1268 τοῦ
1576 1216 1687 1267 Πα-

1787 1229 1873 1271 ttts
1905 1217 2146 1273 Paulus?
2184 1236 2201 1269 ι
2229 1216 2384 1273 Unus
2411 1219 2574 1282 Deus,
2615 1237 2633 1268 ι
2668 1218 2845 1286 inquit
2877 1218 2942 1272 de
2981 1217 3182 1284 Patre;
3217 1226 3354 1271 esto.

153 1307 270 1373 πρός·
298 1307 379 1357 καὶ
408 1307 511 1376 εἴη·
535 1324 603 1358 πε
617 1309 671 1377 ρὶ
697 1307 791 1360 τοῦ
816 1308 968 1361 Υίοῦ·
996 1327 1014 1359 ι
1041 1304 1136 1373 Εἷς
1165 1309 1261 1362 καλ.
1286 1309 1528 1378 Μεσίτης
1549 1309 1684 1362 Θεοῦ

1788 1306 1861 1361 De
1883 1306 2018 1360 Filio
2052 1324 2064 1360 :
2102 1327 2120 1359 ι
2148 1306 2297 1363 Unus
2323 1317 2376 1361 et
2411 1308 2678 1361 Mediator
2707 1307 2879 1361 θεῖοι
2909 1307 3188 1360 hominum
3219 1307 3289 1359 ⁸⁷.
3335 1325 3352 1357 ι

152 1396 221 1445 nl
244 1394 545 1464 ἀνθρώπων.
577 1416 596 1448 ι
630 1397 695 1449 Εἰ
724 1397 853 1467 γὰρ,
886 1399 1069 1467 φησὶν,
1104 1401 1198 1452 καὶ
1227 1399 1448 1466 γέγονεν
1477 1399 1688 1469 ἄνθρω-

1789 1394 1904 1449 Etsi
1950 1396 2114 1460 enim,
2166 1396 2362 1459 inquit,
2415 1395 2592 1450 factus
2637 1403 2721 1450 est
2756 1396 2958 1459 homo,
3022 1411 3129 1449 non
3179 1404 3358 1449 tamen

151 1502 240 1546 πος,
271 1487 369 1538 ἀλλ’
396 1488 455 1538 ού
491 1487 583 1540 διὰ
634 1488 792 1541 τοῦτο
829 1489 923 1540 δύο
956 1489 1120 1542 αὑτὸν
1177 1490 1503 1542 ὑποπτεύειν
1535 1490 1685 1559 ὀφεί-

1789 1487 1996 1541 idcirco
2038 1489 2174 1541 duos
2223 1487 2395 1555 ipsum
2455 1487 2724 1555 suspicari
2792 1487 3070 1542 debemus.
3118 1487 3361 1554 Namque

149 1575 304 1644 λομεν·
338 1577 522 1649 ὥσπερ
564 1579 677 1651 γὰρ
718 1579 850 1643 Θεὸς
904 1576 972 1651 ἦν
1017 1581 1126 1652 πρὸ
1155 1580 1258 1650 τῆς
1306 1581 1606 1650 ἐπιδημίας
1654 1583 1684 1634 ὁ

1787 1578 1863 1632 uti
1891 1586 2008 1633 erat
2043 1588 2169 1633 ante
2201 1593 2361 1632 suum
2395 1578 2683 1632 adventum
2716 1577 2955 1632 Verbum
2992 1578 3172 1644 Deus»,
3201 1578 3280 1633 sic
3308 1589 3361 1632 et

149 1665 302 1731 Λόγος,
331 1667 465 1719 οὕτω
503 1669 602 1720 καὶ
634 1670 921 1739 γενόμενος
949 1670 1252 1741 ἄνθρωπος,
1283 1672 1379 1724 καὶ
1429 1670 1682 1740 μεσιτεύ-

1788 1671 1951 1724 Ιιοιιιο
1980 1669 2174 1733 iactus,
2201 1681 2255 1724 et
2289 1671 2538 1724 humanae
2566 1679 2771 1724 natura:
2798 1670 3187 1738 interveniens,
3221 1685 3359 1724 unus

149 1767 221 1813 σας
243 1753 321 1803 καὶ
347 1755 406 1822 τῇ
430 1754 722 1824 ἀνθρώπου
757 1757 938 1825 φύσει,
972 1753 1051 1817 εἷς
1076 1758 1395 1810 πάλινὲστίν
1415 1774 1428 1787 ’
1461 1759 1550 1811 διὰ
1575 1759 1683 1827 γὰρ

1785 1765 1962 1818 adhuc
1989 1774 2095 1819 est.
2127 1765 2251 1819 Ideo
2284 1764 2637 1818 Mediatorem
2674 1763 2852 1831 ipsum
2877 1765 2969 1818 Dei
3002 1771 3056 1818 et
3083 1765 3359 1819 hominum

147 1841 269 1894 τοῦτο
291 1843 520 1915 Μεσίτην
552 1845 717 1898 αὑτὸν
741 1847 928 1917 εἴρηκε
961 1845 1095 1898 Θεοῦ
1132 1847 1225 1899 καὶ
1251 1845 1576 1918 ἀνθρώπων,
1605 1847 1680 1911 ὡς

1786 1856 1942 1921 dixit,
1995 1856 2120 1924 quia
2162 1871 2229 1911 ex
2280 1865 2510 1924 utraque
2562 1855 2863 1911 subStantia
2910 1871 3047 1910 unus
3079 1865 3181 1910 est.
3219 1853 3352 1908 Nam

147 1932 189 1996 ἐξ
213 1934 513 2006 ἀμφοτέρων
541 1937 655 1989 τῶν
702 1937 900 1992 οὐσιῶν
946 1938 1041 1992 ἕνα
1075 1938 1234 1991 ὄντα⁹
1266 1939 1327 1991 τὸ
1379 1938 1485 2010 γάρ
1527 1956 1689 1991 τινων
1723 1929 1765 1984 Β

1736 1931 1765 1984 Β
1793 1948 1933 2014 quod
1964 1947 2106 2000 inter
2139 1946 2321 2013 aliqua
2369 1945 2614 2000 medians
2654 1954 2738 2001 est
2766 1986 2781 2010 ,
2830 1953 3116 2014 utramque
3153 1952 3357 2013 partem

149 2025 384 2088 μεσιτεῦον
436 2027 773 2098 ἀμφοτέρων
818 2027 999 2098 ἔχεται
1040 2029 1280 2092 πάντως.
1318 2030 1474 2081 Ἔστι
1501 2030 1680 2082 τοίνυν

1786 2036 2095 2106 participat.
2133 2035 2324 2108 1449
2354 2035 2451 2090 Est
2479 2051 2608 2106 ergo
2651 2035 2746 2090 Dei
2775 2035 3060 2099 Mediator,
3097 2042 3363 2104 quatenus

146 2114 340 2186 Μεσίτης
362 2118 515 2182 Θεοῦ,
545 2121 635 2172 διὰ
667 2122 727 2173 τὸ
763 2121 863 2189 τῆς
893 2123 1061 2191 αὐτῆς
1091 2123 1276 2185 οὐσίας
1307 2123 1572 2193 ὑπάρχειν
1606 2122 1683 2192 τῷ

1785 2128 2028 2197 ejusdem
2060 2140 2122 2180 ac
2160 2126 2318 2180 Pater
2347 2127 2673 2181 substantiae
2710 2138 2792 2181 est
2829 2144 2841 2180 :
2893 2135 2977 2182 est
3029 2125 3158 2179 item
3191 2123 3362 2178 homi-

148 2204 314 2276 Πατρί·
344 2207 454 2260 ἐστι
484 2209 543 2260 δὲ
575 2211 742 2263 πάλιν
766 2211 858 2263 καὶ
882 2211 1187 2280 ἀνθρώπων
1209 2214 1472 2282 Μεσίτης,
1503 2214 1592 2265 διὰ
1623 2214 1683 2265 τὸ

1787 2233 1911 2271 num
1971 2234 2186 2288 quoque
2214 2217 2524 2282 Mediator,
2567 2227 2832 2287 quatenus
2857 2218 3147 2271 humanam
3197 2215 3361 2270 etiam

146 2295 324 2367 καὶτῆς
366 2297 716 2368 ἀνθρωπείας
766 2301 1160 2370 μετεσχηκέναι
1205 2302 1420 2369 φύσεως
1462 2301 1682 2364 τελείως

1786 2319 2032 2364 naturam
2063 2311 2304 2378 perfecte
2351 2308 2645 2378 participat
2688 2309 2896 2377 absque
2926 2313 3174 2377 peccato.
3224 2305 3360 2360 Cum

145 2387 276 2455 χωρὶς
303 2389 574 2460 ἁμαρτίας
601 2390 701 2462 (l).
725 2393 1045 2464 ’Ἄνθρωπον
1063 2390 1155 2447 οῦν
1187 2393 1350 2448 αὑτὸν
1380 2394 1506 2446 ὅταν
1533 2393 1683 2462 λέγει

1784 2413 1914 2466 ergo
1964 2398 2260 2470 Apostolus
2310 2399 2587 2454 hominem
2637 2400 2768 2454 dicit
2820 2398 3099 2453 Christum
3136 2395 3360 2457 Jesum.

147 2475 334 2544 Χριστὸν
374 2481 604 2548 Ἰησοῦν,
658 2483 734 2554 μὴ
774 2484 862 2537 διὰ
909 2485 1067 2538 τοῦτο
1118 2484 1680 2548 σκανδαλιζὲσθωσαν,

1786 2501 2017 2545 caveant
2071 2506 2140 2544 ne
2197 2499 2484 2558 pr0pterea
2539 2491 2855 2544 scandalum
2899 2489 3220 2557 patiantur,
3267 2480 3361 2542 sed

145 2567 230 2618 ἀλλ’
273 2572 619 2625 ἐννοείτωσαν
654 2576 816 2627 αὐτὸν
861 2576 956 2629 καὶ
998 2577 1201 2647 Κύριον
1235 2576 1328 2628 καὶ
1381 2576 1512 2628 Θεὸν
1567 2577 1675 2628 ὀνο-

1789 2588 2043 2648 reputent
2073 2581 2363 2649 ipsummet
2396 2587 2451 2632 et
2492 2579 2657 2632 Deum
2683 2587 2736 2632 et
2766 2578 3048 2633 Dominum
3077 2577 3356 2648 appellari,

147 2659 402 2731 πλαζόμενον
428 2661 569 2733 μετὰ
612 2663 709 2715 τοῦ
757 2664 850 2716 καὶ
877 2666 1110 2736 Χριστὸν
1151 2665 1314 2718 πάλιν
1365 2665 1544 2733 λέγειν
1586 2665 1682 2718 καὶ

1785 2671 2058 2739 simulque
2098 2671 2264 2725 etiam
2291 2669 2569 2725 Christum
2596 2667 2894 2738 Jesumque
2945 2671 3075 2725 dici.
3126 2667 3361 2726 Audiant

156 2749 346 2817 Ἰησοῦν·
398 2753 754 2807 ἀκουέτωσαν
813 2755 923 2826 γὰρ
988 2756 1152 2808 αὐτοῦ
1202 2756 1296 2808 τοῦ
1355 2757 1679 2810 Ἀποστόλου

1783 2763 1926 2816 enim
1952 2761 2202 2816 eumdem
2234 2759 2554 2829 Apostolum
2583 2760 2690 2814 hoc
2712 2770 2904 2829 aperte
2929 2761 3316 2829 przedicantem
3346 2776 3359 2811 :

145 2841 268 2894 τοῦτο
295 2848 534 2916 φανερῶς
565 2847 711 2900 οὕτω
740 2846 1135 2917 κηρύττοντοςο
1172 2865 1190 2897 ι
1227 2847 1677 2918 Προσδεχόμενοι,

1789 2871 1808 2903 ‹
1845 2849 2467 2919 Ex5pectantes,inquit,
2503 2850 2716 2903 beatam
2743 2862 2916 2918 spem,
2964 2857 3021 2903 et.
3046 2847 3365 2903 manifesta-

148 2937 264 3001 ᾳηςὶ,
285 2936 376 3004 τὴν
407 2939 690 3007 μακαρίαν
726 2937 939 3001 ἐλπίδα,
975 2939 1070 2991 καὶ
1102 2939 1423 3007 ἐπιφάνειαν
1457 2939 1555 3009 τῆς
1594 2941 1676 2993 δό-

1785 2943 1985 2996 tionem
2013 2942 2200 3013 gloria:
2231 2943 2411 3009 magni
2459 2941 2555 2994 Dei
2591 2949 2647 2994 et
2671 2939 2980 2995 Servatoris
3019 2941 3192 3016 nostri
3236 2938 3363 2996 Jesu

148 3020 217 3087 ξης
236 3025 316 3075 τοῦ
341 3028 579 3095 μεγάλου
601 3026 737 3080 Θεοῦ
765 3028 858 3079 καὶ
888 3028 1135 3096 Σωτῆρος
1161 3029 1317 3098 ἡμῶν
1355 3029 1528 3100 Ἰησοῦ
1554 3031 1684 3100 Χρι-

1560 3031 1684 3100 Χρι·
1783 3033 2009 3097 Christi,
2047 3031 2141 3102 qui
2171 3031 2322 3086 dedit
2349 3031 2706 3101 semetipsum
2734 3045 2832 3100 pro
2863 3031 3021 3086 nobis
3062 3032 3127 3083 ⁸⁸.
3164 3048 3181 3082 ι

151 3112 262 3177 ετοῦ,
285 3115 337 3178 ὃς
375 3118 580 3172 ἔδωκεν
617 3117 808 3173 ἑαυτὸν
839 3117 980 3187 ὑπὲρ
1017 3118 1193 3187 ἡμῶν.
1231 3137 1249 3168 ι

212 3211 266 3271 γ’.
317 3208 470 3279 Ὁρᾷς
499 3211 652 3272 ὅπως
680 3210 796 3261 ἐκεῖ
827 3208 925 3278 μὲν
962 3207 1249 3278 ἄνθρωπον
1294 3209 1529 3278 Χριστὸν
1571 3210 1678 3281 Ἰη-
1713 3268 1749 3281 Α

1742 3268 1749 3281 Ι
1860 3208 1948 3262 15.
1997 3207 2183 3263 Viden‘
2215 3207 2488 3278 quomodo
2521 3206 2633 3264 illic
2663 3208 2879 3280 quidem
2909 3209 3181 3266 hominem
3207 3210 3363 3267 Chri-

148 3292 242 3345 σοῦν
267 3296 402 3364 λέγει
440 3300 531 3352 τὸν
571 3300 708 3370 ὑπὲρ
763 3299 981 3351 πάντων
1031 3299 1225 3352 ἑαυτὸν
1270 3299 1560 3365 δεδωκότα,
1597 3302 1681 3354 ἐν·
1707 3268 1751 3325 C'

1744 3268 1751 3322 ί
1785 3307 1929 3354 stum
1953 3297 2138 3354 Jesum
2170 3300 2301 3354 dicit
2333 3314 2454 3353 eum
2487 3268 2695 3370 quipro
2716 3303 2971 3358 omnibus
2998 3303 3234 3373 seipsum
3258 3311 3365 3358 tra-

148 3384 280 3439 ταῦθα
324 3389 374 3440 δὲ
429 3393 611 3459 μέγαν
664 3389 796 3443 Θεὸν
842 3390 1078 3461 Χριστὸν
1123 3390 1351 3460 Ἰησοῦν,
1395 3391 1486 3444 τὸν
1519 3392 1680 3445 δόντα

1782 3391 1949 3455 didit,
1983 3390 2072 3444 hic
2113 3401 2296 3444 autem
2336 3402 2594 3458 magnum
2633 3390 2801 3446 Deum
2845 3393 3116 3448 Christum
3154 3393 3362 3459 Jesum,

151 3477 274 3531 πάλιν
303 3482 485 3535 ἑαυτὸν
524 3483 669 3552 ὑπὲρ
708 3482 898 3550 ἡμῶν;
940 3484 1113 3553 Διπλῆ
1144 3483 1251 3554 γὰρ
1286 3483 1518 3537 ἐνταῦθα
1562 3486 1679 3537 κατ’

1782 3484 1873 3550 qui
1913 3482 2150 3550 seipsum
2183 3482 2313 3536 item
2347 3495 2447 3551 pro
2496 3481 2655 3536 nobis
2698 3482 2950 3538 dedidit?
2987 3483 3190 3552 Duplex
3219 3487 3362 3540 enim

150 3569 307 3634 αὐτῶν,
346 3574 542 3642 μᾶλλον
579 3575 718 3642 ὑπὲρ
753 3573 952 3636 αὐτῶν,
1005 3575 1054 3625 εἰ
1105 3573 1338 3628 ἐθέλοιεν
1375 3577 1679 3644 μεταγινώ-

1785 3573 1912 3627 hinc
1960 3581 2150 3626 contra
2203 3573 2371 3641 ipsos,
2414 3573 2523 3628 imo
2572 3573 2750 3642 potius
2799 3589 2895 3643 pro
2938 3574 3093 3644 ipsis,
3141 3576 3186 3631 si
3233 3577 3367 3631 resi-

151 3674 282 3723 οιιειν,
309 3664 525 3732 γέγονεν
558 3667 592 3734 ἡ
625 3665 921 3731 ἀπόδειξις,
955 3664 1044 3718 διὰ
1086 3666 1147 3718 τὸ
1197 3665 1378 3734 λέγειν
1426 3669 1519 3720 καὶ
1549 3667 1681 3721 Θεὸν

1785 3663 2002 3734 piscere
2026 3662 2218 3727 velint,
2249 3663 2309 3718 iit
2348 3664 2764 3733 demonstratio,
2796 3665 2921 3721 dum
2956 3667 3085 3722 dicit
3116 3676 3169 3722 et
3198 3667 3362 3724 Deum

149 3751 216 3801 καί
240 3753 426 3822 Κύριον
467 3753 700 3825 Ἰησοῦν,
734 3753 790 3806 ὃν
813 3756 991 3806 ἐκεῖσε
1027 3755 1315 3824 ἄνθρωπον
1339 3756 1552 3827 εἴρηκε,
1584 3760 1681 3811 καὶ

1785 3765 1836 3810 et
1867 3755 2154 3810 Dominum
2184 3753 2392 3819 Jesum,
2439 3770 2602 3824 quem
2647 3755 2758 3810 illic
2791 3756 3065 3812 hominem
3115 3757 3362 3820 dixerat,

148 3840 212 3893 διὰ
230 3845 310 3896 τοῦ
343 3848 396 3898 ἐν
444 3847 779 3918 ἀμφοτέροις
819 3847 1012 3899 ἑαυτὸν
1047 3847 1188 3916 ὑπὲρ
1223 3847 1379 3916 ἡμῶν
1411 3848 1683 3901 δεδωκότα

1785 3848 2021 3916 dumque
2051 3847 2315 3902 ambobus
2344 3847 2397 3901 in
2430 3848 2565 3903 locis
2608 3848 2786 3916 ipsum
2822 3864 2918 3917 pro
2967 3847 3126 3903 nobis
3173 3858 3367 3917 sponte

151 3938 406 4004 σημαίνειν.
457 3961 474 3992 ι
522 3940 845 4009 Ἀνθρωπος
889 3939 1019 4009 γὰρ,
1070 3939 1257 4008 φησιν,
1300 3940 1537 4009 Χριστὸς
1579 3942 1682 4010 Ἰη-

1785 3951 1846 3992 se
1880 3938 2171 3994 tradidisse
2200 3939 2492 4008 signiﬁcat.
2528 3956 2546 3990 ι
2575 3937 2749 3993 Homo
2774 3941 2941 4003 enim,
2978 3938 3176 4008 inquit,
3207 3941 3367 3996 Chri-

151 4027 261 4093 σῢῦς,
296 4033 320 4083 ὁ
344 4033 462 4096 δοὺς
491 4032 688 4085 ἑαυτὸν
722 4031 863 4102 ὑπὲρ
893 4031 1114 4084 πάντων
1143 4032 1483 4102 ἀντίλυτρον.
1524 4052 1542 4085 ι
1571 4034 1682 4086 Καὶ

1786 4039 1902 4084 stus
1932 4028 2110 4094 Jesus,
2144 4030 2238 4099 qui
2270 4031 2416 4085 dedit
2450 4030 2686 4098 seipsum
2722 4044 2821 4099 pro
2869 4031 3121 4086 omnibus
3155 4035 3366 4086 redem;

151 4119 301 4172 πάλιν·
337 4144 352 4174 ‹
388 4124 820 4195 Προσδεχόμενοι
857 4123 957 4193 τὴν
1008 4123 1283 4193 μακαρίαν
1321 4123 1534 4187 ἐλπίδα,
1587 4125 1684 4177 καὶ

1786 4122 2024 4191 ptionem
2059 4123 2124 4176 ".
2165 4141 2184 4173 ι
2221 4122 2541 4190 Rursusque
2586 4135 2598 4172 :
2638 4138 2656 4170 ‹
2719 4121 3107 4190 Exspectantes
3150 4124 3364 4177 beatam

149 4209 219 4279 τὴν
257 4214 566 4284 ἐπιφάνειαν
599 4215 700 4284 τῆς
753 4215 910 4283 δόξης
943 4214 1037 4266 τοῦ
1112 4214 1348 4283 μεγάλου
1398 4214 1532 4268 Θεοῦ
1588 4217 1683 4270 καὶ

1786 4229 1961 4283 spem,
1984 4223 2041 4268 et
2073 4213 2567 4269 manifestationem
2596 4211 2782 4283 gloria:
2815 4213 2993 4282 magni
3020 4211 3115 4267 Dei
3157 4223 3211 4267 et
3241 4211 3366 4266 Ser-

151 4302 354 4375 Σωτῆρος
383 4309 544 4379 ἡμῶν
604 4306 777 4377 Ἰησοῦ
831 4305 1089 4375 Χριστοῦ,
1141 4306 1199 4369 ὂς
1244 4307 1446 4360 ἔδωκεν
1491 4308 1683 4361 ἑαυτὸν

1785 4307 1994 4362 vatoris
2042 4306 2213 4361 nostri
2250 4304 2377 4361 Jesu
2422 4305 2658 4367 Christi,
2697 4304 2788 4373 qui
2819 4304 2966 4358 dedit
3011 4304 3367 4375 semetipsum

151 4393 254 4466 ὑπὲρ
281 4401 446 4470 ἡμῶν,
471 4402 566 4453 ἶνα
602 4399 952 4468 λυτρώσηται
983 4399 1128 4468 ἡμᾶς
1157 4397 1265 4451 ἀπὸ
1300 4399 1480 4470 πάσης
1503 4401 1682 4470 ἁμαρ-

1785 4413 1882 4467 pro
1904 4398 2078 4461 nobis,
2117 4407 2176 4451 ut
2232 4398 2380 4451 omni
2415 4410 2515 4450 nos
2548 4406 2770 4464 peccato
2818 4395 3149 4462 redimeret,
3203 4412 3366 4452 mun—

150 4485 255 4551 τῐας,
284 4493 367 4544 κού⁵
412 4492 690 4563 καθαρίσῃ
723 4490 901 4559 ἐαυτῷ
943 4490 1069 4542 λαὸν
1100 4490 1411 4559 περιούσιον
1452 4493 1551 4561 (2),
1584 4494 1681 4561 ζη-

1786 4491 2044 4557 daretque
2086 4489 2190 4544 sibi
2244 4487 2500 4556 papulum
2557 4484 2931 4553 peculiarem,
2991 4486 3359 4544 mmulatorem

151 4577 286 4648 iuitigv
310 4583 480 4636 καλῶν
522 4583 722 4654 ἔργων.
761 4601 779 4632 ι
813 4583 872 4634 Εἰ
897 4582 950 4633 δὲ
980 4580 1266 4650 ἄνθρωπος
1303 4586 1419 4635 κατ’
1442 4585 1682 4647 ἐκείνους
1715 4602 1757 4655 D

1744 4606 1757 4652 ι
1788 4580 2052 4633 bonorum
2091 4595 2314 4648 operum
2335 4579 2403 4631 ⁷ο.
2439 4597 2458 4629 ι
2483 4577 2634 4642 Quod
2658 4578 2704 4630 si
2733 4579 2949 4633 nonnisi
2991 4576 3152 4633 homo
3191 4589 3274 4634 est
3312 4581 3365 4633 in

155 4668 276 4734 μόνον
303 4673 531 4742 Χριστὸς
594 4670 823 4741 Ἰησοῦς,
855 4672 882 4722 ὁ
922 4671 1045 4732 δοὺς
1080 4671 1272 4723 ἑαυτὸν
1315 4671 1453 4742 ὑπὲρ
1500 4673 1677 4740 ήμῶν,

1789 4684 1974 4724 eorum
2002 4669 2270 4724 sententia
2301 4668 2550 4723 Christus
2574 4665 2753 4730 Jesus,
2787 4669 2882 4736 qui
2911 4670 3135 4723 tradidit
3155 4681 3359 4724 semet-

153 4761 220 4810 xz".
243 4765 724 4836 περιποιησάμενος
760 4764 908 4831 ἡμᾶς
947 4761 1125 4830 ἑαυτῷ
1170 4762 1297 4813 λαὸν
1346 4763 1679 4831 περιούσιον,

1791 4761 1963 4830 ipsum
1993 4776 2088 4832 pro
2117 4761 2389 4823 omnibus,
2429 4759 2644 4827 sibique
2674 4773 2773 4813 nos
2806 4759 2933 4812 fecit
2967 4759 3223 4828 populum
3267 4775 3363 4828 pc-

155 4845 371 4921 ἀνθρώπῳ
416 4854 531 4924 ἄρα
573 4849 911 4920 λατρεύομεν
943 4850 1342 4919 παραπλησίως
1387 4853 1498 4914 τοῖς
1534 4851 1680 4904 ἔθνε-

1793 4851 2072 4916 culiarem,
2126 4851 2335 4906 homini
2364 4849 2571 4920 utique,
2620 4863 2726 4904 non
2757 4864 2917 4905 secus
2943 4859 3105 4919 atque
3133 4851 3362 4913 ethnici.

157 4951 230 5002 σιν,
256 4943 334 4993 καὶ
351 4947 412 5015 τῇ
442 4945 623 4998 κτίσει
653 4942 838 4994 λοιπὸν
868 4941 968 5011 τὴν
999 4944 1334 5012 Δεσποτικὴν
1367 4943 1684 4998 αύθεντείαν

1796 4942 1997 4994 cultum
2039 4941 2381 5006 exhibemus,
2419 4950 2473 4994 et
2523 4951 2788 4993 creatura:
2834 4937 3088 5008 deinceps
3115 4940 3360 4995 Domini-

158 5027 479 5103 ἀποδιδόαμεν.
536 5033 676 5086 Ἀλλ’
732 5035 833 5087 οὐκ
879 5035 1025 5086 ἔστιν
1069 5032 1272 5097 οῦτως,
1327 5034 1401 5104 μὴ
1451 5035 1680 5101 γένοιτο,

1796 5045 1916 5084 cam
1949 5032 2266 5101 dignitatem
2315 5029 2689 5084 altribuimus.
2728 5028 3112 5086 Verumtamen
3153 5048 3258 5086 non
3293 5033 3366 5086 ita

158 5117 257 5172 ἀλλὰ
305 5122 527 5196 [Κύριον
571 5125 665 5177 καὶ
722 5122 853 5175 Θεὸν
900 5120 1341 5190 ὲπιγινώσκομεν
1407 5122 1497 5174 τὸν
1549 5123 1683 5192 Χρι-

1793 5137 1850 5176 se
1877 5137 1961 5176 res
1994 5124 2176 5185 habet,
2208 5122 2382 5175 absit!
2434 5121 2530 5174 sed
2567 5119 2880 5191 [Dominum
2904 5136 2967 5175 ac
2997 5123 3163 5177 Deum
3196 5139 3364 5192 agno-

159 5208 275 5261 στόνο
312 5214 497 5283 γέγονε
553 5213 649 5267 μὲν
705 5211 813 5281 γὰρ
855 5209 1140 5281 ἄνθρωπος
1201 5209 1267 5260 δι’
1319 5211 1466 5278 ἡμᾶς
1509 5212 1536 5261 ό
1582 5208 1677 5260 τοῦ

1791 5210 1990 5264 scimus
2021 5209 2320 5266 Christum.
2356 5207 2607 5264 Profecto
2645 5209 2847 5265 factum
2899 5219 2979 5264 est
3009 5221 3230 5280 propter
3268 5229 3367 5268 nos

213 5384 417 5446 "lTitn.
457 5406 521 5456 ιι,
555 5390 610 5444 5.
691 5387 734 5416 ⁸⁸
763 5385 869 5442 Tit.
907 5403 967 5450 ιι,
1003 5386 1085 5438 15.
1165 5385 1208 5417 θ’
1245 5381 1262 5434 l
1296 5382 1437 5436 Tim.
1473 5397 1532 5446 ιι,
1560 5381 1611 5434 5.
1688 5383 1734 5414 ⁷ο
1764 5383 1822 5436 Ti

596 5429 610 5444 .
691 5387 734 5416 ⁸⁸
763 5385 869 5442 Tit.
907 5403 967 5450 ιι,
1003 5386 1085 5438 15.
1165 5385 1208 5417 δ’
1245 5381 1262 5434 l
1296 5382 1437 5436 Tim.
1473 5397 1532 5446 ιι,
1560 5381 1611 5434 5.
1688 5383 1734 5414 ⁷ο
1764 5383 1874 5438 Tit.
1904 5399 1966 5449 tt,
1997 5383 2086 5449 i3,
2133 5385 2217 5438 Η.

215 5570 271 5639 (l)
303 5572 422 5629 Hem
472 5571 755 5642 pulchram
799 5577 853 5622 et
896 5566 1249 5638 theologicam
1297 5563 1540 5620 vocabuli
1571 5580 1677 5618 me-
1790 5567 1881 5634 qui
1907 5555 2264 5619 abundantem
2306 5567 2729 5636 interpretantur
2755 5567 3093 5688 CleIlologiic
3139 5569 3242 5622 vim
3277 5585 3365 5624 se-

215 5650 297 5688 ttor
321 5641 772 5688 ρπηιίιτειιὶοιιειιιῑ
1790 5647 2017 5688 auentes
2059 5637 2296 5688 Lucifer.
2332 5639 2680 5688 Augustinus.
2717 5647 2769 5688 et
2851 5639 3199 5688 tnht'usiaster
3247 5641 3365 5688 loco

164 5637 297 5711 diutor
321 5637 733 5711 explicationem
760 5641 772 5691 !
803 5707 830 5711 ,Α
1029 5709 1037 5711 _
1574 5703 1606 5711 __
1790 5647 2017 5711 quentes
2059 5637 2296 5711 Lucifer,
2332 5639 2680 5711 Augustinus,
2717 5647 2776 5711 et
2801 5637 3199 5711 Ambrosiuster
3247 5641 3368 5694 loco

217 5710 276 5777 (2)
307 5703 616 5784 Περιούσιον
663 5707 979 5784 peculiarem
1027 5709 1351 5784 interpretor
1396 5719 1517 5758 cum
1556 5703 1682 5784 divo
1790 5703 2300 5784 praedicto.)’ulgati
2341 5703 2497 5760 lectio
2543 5707 2911 5784 acceptatius":
2963 5710 3049 5761 vix
3085 5710 3362 5784 dissideta

168 5773 458 5849 lliemnyn'io,
502 5773 671 5848 cujus
711 5779 1126 5849 disputationem
1170 5773 1235 5830 de
1267 5777 1369 5849 hoc
1421 5773 1681 5849 vocabulo
1792 5773 2103 5848 Symmachi
2133 5791 2316 5846 sensu,
2354 5793 2514 5846 quem
2542 5773 2686 5832 idem
2714 5776 3069 5848 Hieronymus
3106 5779 3292 5836 refert.

168 5844 361 5906 referte:
403 5844 583 5919 ipsius
620 5844 1024 5905 commentariis
1074 5845 1408 5902 Sabaterius.
1440 5844 1682 5900 Caetero-
