4104 6492
712 448 810 498 271

1733 442 1789 495 S.
1832 438 2103 495 CYRIIJJ
2141 436 2612 494 ALEXANDRINI
2654 436 2977 492 ARClllEP.

3853 440 3964 491 272

715 563 874 616 homo
900 559 990 613 Del
1026 556 1282 621 Verbum,
1316 557 1563 611 humana:
1598 565 1803 611 natura:
1838 560 2277 621 communicaris,

2394 554 2520 608 Θεοῦ
2570 554 2781 621 Λόγος,
2837 552 3121 625 μετασχὼν
3166 555 3265 622 τῆς
3319 555 3666 626 ἀνθρωπείας
3725 554 3964 621 φύσεως.

717 658 1006 719 natumque
1054 660 1158 711 est.
1188 647 1256 703 ob
1293 663 1445 704 suam
1492 647 1816 703 ineffabilem
1864 662 1991 718 erga
2033 649 2281 703 homines

716 743 1059 804 charitatem,
1089 755 1207 793 cum
1234 753 1296 793 ea
1326 748 1517 793 natura
1543 753 1606 792 ex
1648 749 1833 794 sancta
1879 750 1935 795 et
1971 740 2279 811 nuptiarum

714 844 933 899 experte
965 829 1177 899 Virgine
1206 846 1217 880 :
1250 828 1343 884 sed
1376 838 1552 884 tamen
1588 828 1666 884 sic
1694 830 1858 885 etiam
1902 830 2040 887 Deus
2086 842 2279 900 suapte

715 931 906 977 natura
937 932 1074 985 erat,
1108 929 1163 975 et
1206 919 1304 974 Dei
1346 921 1532 975 Filius.
1588 921 1735 977 lianc
1767 923 1931 992 igitur
1966 925 2034 978 ob
2060 938 2279 979 causam

713 1024 769 1070 et
797 1016 958 1070 homo
1010 1025 1255 1076 vocatur,
1313 1022 1367 1067 et
1411 1013 1572 1067 simul
1634 1024 1865 1068 vocatur
1925 1015 2061 1069 Deus
2092 1056 2107 1081 ,
2157 1030 2278 1068 cum

714 1106 785 1161 sit
817 1120 957 1160 unus
1010 1105 1260 1173 idemque
1297 1102 1395 1158 sub
1446 1112 1677 1172 utraque
1720 1104 2077 1174 appellatione
2125 1106 2281 1160 Chri-

713 1194 877 1267 stus.]

787 1286 872 1340 14.
909 1284 1061 1353 Quod
1095 1286 1237 1339 enim
1262 1284 1402 1340 haud
1427 1284 1797 1349 hominem,ut
1830 1285 1915 1339 isti
1948 1284 2280 1349 fabulantur,

712 1372 912 1430 Paulus
938 1376 1212 1429 Christum
1246 1376 1644 1445 prmdicaverit,
1678 1377 1800 1431 audi
1844 1378 1896 1430 in
1928 1377 2163 1444 Epistola
2215 1376 2282 1432 ad

713 1462 1021 1520 Corinthios
1050 1465 1316 1518 dicentem
1345 1480 1359 1517 :
1392 1482 1409 1515 ι
1433 1462 1547 1518 Non
1568 1463 1710 1517 enim
1749 1466 2110 1535 nosmetipsos
2147 1480 2284 1535 pre-

714 1556 979 1618 dicamus,
1008 1557 1101 1609 sed
1125 1554 1309 1610 Jesutn
1337 1555 1615 1610 Christum
1639 1555 1945 1619 Dominum,
1976 1572 2074 1611 nos
2099 1566 2281 1612 autent

714 1660 900 1705 servos
930 1659 1138 1703 vestros
1167 1658 1382 1717 prepter
1407 1645 1588 1702 Jesum
1617 1648 1684 1699 τί.
1714 1665 1731 1698 ›
1760 1646 1950 1701 Viden'
1974 1650 2284 1718 apostolicae

715 1738 1000 1792 sententia:
1023 1737 1298 1790 definitam
1332 1734 1645 1790 notionem?
1667 1735 1849 1790 Jesum
1870 1735 2282 1803 Christum,ait,

2389 646 2483 699 καὶ
2551 646 2875 715 γεγέννηται
2940 647 3029 699 διὰ
3085 647 3493 717 φιλανθρωπίαν
3555 648 3763 715 ἄφατον
3826 648 3969 714 μετὰ

2385 737 2591 805 ταύτης
2628 737 2692 789 ὲκ
2736 736 2836 805 τῆς
2868 737 3025 804 ἁγίας
3067 739 3162 790 καὶ
3209 739 3587 808 άπειρογάμου
3643 737 3960 807 Παρθένου·

2378 827 2500 882 ἀλλ’
2546 823 2616 898 ἦν
2659 831 2753 881 καὶ
2795 827 2937 880 οὕτω
2978 829 3119 881 κατὰ
3165 828 3327 896 φύσιν
3369 829 3499 892 Θεὸς
3539 830 3633 881 καὶ
3683 828 3778 881 τοῦ
3828 826 3967 881 Θεοῦ

2385 919 2543 981 Υἱός·
2596 919 2683 973 διὰ
2733 918 2938 988 ταύτην
2980 919 3269 989 τοιγαροῦν
3319 921 3418 989 τὴν
3476 920 3656 972 αἰτίαν
3715 920 3968 972 καλεῖται

2384 1011 2475 1063 καὶ
2510 1010 2817 1080 ἄνθρωπος,
2843 1010 3087 1062 καλεῖται
3114 1011 3170 1063 δὲ
3201 1011 3293 1062 καὶ⁵
3325 1011 3476 1073 Θεὸς,
3510 1005 3589 1072 εἷς
3620 1012 3711 1061 καὶ
3745 1013 3773 1062 6
3803 1011 3968 1071 αὐτὸς

2386 1103 2642 1173 ὑπάρχων
2673 1104 2729 1155 ἐν
2767 1103 3000 1172 ἑκατέρᾳ
3036 1103 3378 1173 προσηγορίᾳ
3412 1101 3802 1174 Χριστός(1).]

2459 1276 2541 1328 ιδ’.
2582 1275 2704 1327 Ὅτι
2737 1275 2844 1343 γὰρ
2873 1273 2973 1327 οὑκ
3002 1274 3307 1345 ἄνθρωπον,
3340 1273 3415 1337 ὡς
3448 1269 3595 1328 οῦτοι
3637 1274 3967 1344 μυθολογοῦ-

2388 1382 2492 1429 σιν,
2527 1367 2555 1418 6
2593 1364 2805 1427 Παῦλος
2834 1366 3101 1436 ἐκήρυττε
3147 1366 3237 1419 τὸν
3278 1366 3533 1436 Χριστὸν,
3566 1366 3728 1419 ἄκουε
3765 1368 3966 1436 Κορινο

2386 1457 2521 1519 θίοις
2554 1457 2960 1520 ἐπιστέλλοντος
2993 1456 3159 1510 αὑτοῦ
3208 1458 3304 1511 καὶ
3350 1457 3631 1525 λέγοντος*
3672 1479 3689 1509 ι
3743 1459 3818 1513 Οὑ
3862 1459 3970 1528 γὰρ

2386 1546 2614 1608 ἑαυτοὺς
2644 1544 3016 1615 κηρύσσομεν,
3065 1538 3201 1599 ἀλλὰ
3241 1545 3449 1623 Ἰησοῦν
3474 1548 3708 1618 Χριστὸν
3739 1547 3967 1619 Κύριον,

2386 1636 2610 1698 ἑαυτοὺς
2638 1634 2695 1689 δὲ
2743 1633 2963 1699 δούλους
3003 1636 3156 1706 ὑμῶν
3200 1636 3289 1690 διὰ
3332 1636 3565 1707 Ἰησοῦν.
3605 1657 3623 1689 ι
3674 1638 3839 1708 Ὁρᾷς
3874 1639 3970 1707 τῆς

2387 1726 2755 1797 ὰποστολικῆς
2797 1726 3019 1797 γνώμης
3081 1728 3173 1781 τὸν
3224 1728 3388 1799 δρον;
3455 1729 3662 1798 Ἰησοῦν
3713 1730 3971 1798 Χριστὸν,

716 1827 1040 1892 Dominum,
1081 1837 1291 1881 nosmet
1327 1837 1505 1881 autem
1545 1842 1732 1881 servos
1772 1828 2151 1895 praedicamus.
2201 1828 2281 1881 Ad

2394 1820 2575 1888 φησὶν,
2612 1817 2848 1889 Κύριον·
2904 1820 3129 1884 ἑαυτοὺς
3195 1820 3253 1872 δὲ
3304 1819 3524 1885 δούλους
3591 1822 3965 1893 κηρύσσομεν.

714 1918 987 1973 Romanos
1022 1919 1145 1971 item
1181 1916 1421 1972 scribens
1444 1917 1519 1969 ait
1546 1932 1557 1965 :
1597 1935 1614 1967 ι
1656 1918 1729 1970 Ex
1756 1919 1952 1986 quibus
1983 1918 2277 1972 secundum

2396 1887 2711 1980 Ῥωμαίοις
2736 1910 2793 1963 δὲ
2841 1910 3004 1965 πάλιν
3032 1910 3365 1965 ἐπιστέλλων
3396 1911 3540 1965 οὑτω
3575 1887 3771 1983 φηᾶιν·
3813 1887 3858 1964 ι⁷
3885 1914 3973 1977 Ἐξ

716 2022 931 2062 carnem
963 2003 1233 2069 Christus.
1260 2006 1350 2075 qui
1394 2015 1482 2059 est
1505 2020 1670 2075 super
1704 2007 1885 2060 omnia
1939 2008 2079 2061 Deus
2116 2008 2281 2061 bene-

2394 1993 2458 2054 ὧν
2489 2003 2517 2054 6
2547 1999 2779 2073 Χριστὸς
2806 2001 2867 2054 τὸ
2914 2001 3056 2056 κατὰ
3090 2002 3290 2073 σάρκα,
3323 2005 3352 2056 6
3381 2002 3455 2057 ὢν
3483 2004 3576 2057 επὶ
3606 2006 3822 2058 πάντων
3843 2005 3973 2067 Θεὸς

716 2095 891 2150 dictus
922 2095 973 2148 in
1004 2096 1219 2150 saecula.
1258 2096 1427 2147 Amen
1452 2095 1519 2146 τ’.
1562 2111 1581 2145 ι
1628 2094 1779 2161 Quod
1816 2094 1860 2148 si
1890 2095 1967 2148 uti
2008 2095 2281 2148 hominem

2394 2089 2683 2159 εὐλογητὸς
2721 2092 2803 2152 είς
2843 2092 2970 2153 τοὺς
3015 2092 3257 2155 αἰῶνας·
3294 2094 3461 2163 ἀμήν.
3504 2112 3522 2144 ι
3564 2095 3624 2146 El
3659 2095 3715 2148 δὲ
3766 2095 3975 2164 ἅνθρω⁹

714 2184 990 2241 Christum
1016 2187 1393 2254 repulavisset.
1423 2186 1713 2240 dicendum
1749 2187 1817 2239 ab
1841 2200 1907 2240 eo
1935 2185 2117 2240 fuerat
2160 2204 2172 2238 :
2204 2185 2280 2239 Ex

2394 2196 2485 2231 πον
2518 2176 2783 2247 ἠπίστατο
2811 2180 2903 2233 τὸν
2929 2183 3183 2253 Χριστὸν,
3211 2182 3317 2235 ἔδει
3347 2184 3552 2251 λέγειν,
3581 2181 3755 2252 Ἐξῶν
3785 2188 3813 2238 6
3841 2188 3975 2257 Χρι-

717 2281 912 2349 quibus
964 2278 1257 2333 secundum
1288 2292 1508 2332 carnem
1551 2274 1826 2341 Christus,
1875 2277 1927 2331 in
1971 2292 2078 2347 quo
2124 2292 2287 2347 super

2394 2269 2510 2330 στδς
2540 2268 2602 2320 τὸ
2637 2270 2777 2322 κατᾶ
2811 2270 3010 2340 σάρκα,
3048 2272 3106 2323 ἐν
3217 2273 3247 2325 6
3277 2272 3371 2325 ἐπὶ
3402 2276 3618 2327 πάντων
3657 2274 3791 2338 Θεός
3813 2290 3827 2303 ο
3879 2274 3974 2327 νῦν

715 2370 898 2426 omnia
947 2370 1109 2424 Deus.
1145 2368 1296 2424 Nunc
1333 2384 1461 2423 vero
1490 2382 1596 2423 non
1645 2369 1719 2423 ita
1766 2370 1926 2433 dixit,
1986 2372 2078 2425 sed
2120 2372 2284 2424 Deum

717 2474 878 2527 super
899 2457 1078 2512 omnia
1096 2456 1368 2512 Christum
1400 2472 1590 2525 magna
1625 2471 1756 2511 voce
1782 2458 2101 2512 declaravit.
2128 2458 2288 2529 [Illud

718 2549 940 2618 insuper
980 2549 1408 2609 consideremus,
1445 2546 1588 2614 quod
1631 2545 1734 2600 nisi
1770 2548 1936 2602 Deum
1966 2565 2073 2603 una
2102 2558 2156 2603 et
2184 2551 2282 2603 ho-

718 2641 917 2695 minem
958 2647 1263 2707 reputasset
1314 2637 1592 2692 Christum
1649 2638 1803 2694 divus
1852 2640 2147 2708 Apostolus
2183 2656 2286 2696 nou

718 2734 945 2789 dixisset
970 2750 987 2781 ι
1023 2731 1318 2786 secundum
1348 2744 1589 2784 carnem.
1628 2746 1646 2780 ι
1678 2729 1790 2784 Hoc
1816 2733 1961 2785 enim
1999 2733 2291 2787 manifeste

718 2826 784 2880 de
806 2839 871 2879 eo
903 2824 992 2892 qui
1023 2838 1128 2876 non
1153 2821 1325 2875 solum
1354 2830 1437 2873 est
1462 2820 1649 2883 homo,
1683 2822 1779 2875 sed
1805 2821 1869 2875 de
1895 2835 1960 2875 eo
1986 2823 2075 2889 qui
2108 2831 2163 2876 et
2187 2824 2291 2877 alia

722 2914 950 2982 quadam
975 2910 1294 2965 substantia:
1330 2908 1540 2962 ratione
1568 2910 1840 2973 subsistit,
1869 2912 2068 2965 dicitur
2087 2955 2101 2978 ,
2134 2914 2291 2967 sicuti

719 3017 909 3072 reapse
939 3001 1185 3055 addidit:
1212 3016 1229 3050 ι
1268 2997 1358 3068 qui
1391 3008 1472 3052 est
1498 3013 1660 3066 super
1681 3001 1859 3054 omnia
1880 2999 2075 3055 Deus.»
2110 3003 2295 3070 Dupli-

720 3107 836 3147 cem
864 3090 1072 3145 scilicet
1108 3090 1210 3143 hoc
1239 3090 1357 3143 loco
1405 3088 1469 3139 de
1517 3087 1812 3142 Servatore
1852 3100 2041 3143 nostro
2071 3094 2295 3160 protulit

719 3181 1135 3244 confessionem,
1167 3188 1216 3232 et
1246 3179 1374 3246 quid
1397 3178 1466 3232 sit
1496 3180 1794 3233 secundum
1824 3197 2044 3236 carnem
2065 3184 2291 3236 demon-

717 3284 922 3337 strans,
954 3280 1008 3327 et
1032 3270 1193 3326 simul
1224 3269 1391 3323 Deum
1429 3267 1775 3340 praedicans]
1806 3268 1939 3324 Nam
1977 3287 2067 3326 rex
2112 3283 2285 3327 terre-

719 3382 843 3429 nus,
877 3366 920 3419 si
957 3362 1098 3417 forte
1144 3359 1438 3431 aliquando
1499 3359 1550 3413 in
1586 3362 1826 3414 consulis
1870 3361 2036 3430 figura
2074 3365 2291 3428 prodire

721 3456 870 3518 velit,
899 3470 1004 3509 non
1042 3453 1243 3508 idcirco
1275 3466 1365 3506 rex
1393 3465 1513 3505 esse
1544 3449 1740 3503 desinit
1763 3488 1777 3512 ,
1827 3466 2001 3518 neque
2049 3453 2288 3520 priorem

720 3547 1037 3617 dignitatem
1072 3542 1291 3605 amittit,
1331 3540 1424 3594 sed
1470 3555 1610 3595 unus
1640 3542 1888 3609 idemque
1942 3552 2046 3605 est,
2095 3552 2292 3612 praeter

722 3635 927 3705 regiam
979 3632 1319 3688 consularem
1351 3645 1569 3699 quoque
1601 3630 1917 3699 dignitatem
1951 3632 2158 3688 habens
2189 3653 2203 3689 :
2238 3643 2293 3689 et

720 3728 766 3781 si
796 3724 1061 3794 quispiam
1101 3722 1245 3776 hunc
1274 3718 1467 3793 1W
1502 3736 1683 3790 regem
1726 3722 1988 3785 nominet,
2031 3726 2178 3778 novit
2218 3727 2291 3779 si-

719 3814 833 3871 mul
868 3814 1113 3868 eumdem
1170 3826 1293 3867 esse
1339 3814 1428 3879 qui
1478 3811 1719 3866 consulis
1780 3812 1968 3866 habitu
2009 3827 2235 3872 ornatur
2273 3833 2287 3869 :

720 3906 1069 3974 vicissimque
1102 3902 1148 3958 si
1196 3902 1472 3957 consulem
1524 3902 1696 3969 ipsum
1739 3902 2129 3971 appellaverit,
2182 3922 2290 3961 non

722 3997 939 4066 ignorat
994 3995 1140 4049 hunc
1194 3989 1443 4046 eumdem
1482 4004 1601 4043 esse
1655 4005 1856 4060 regem.
1895 3992 1986 4046 Sic
2034 3993 2293 4052 Dominus

723 4095 908 4142 noster
936 4083 1097 4139 Jesns
1130 4081 1384 4137 Christus
1408 4090 1527 4133 erat
1558 4080 1774 4149 quidem
1807 4080 1900 4136 Dei
1931 4085 2293 4149 sempiternus

721 4176 911 4241 ﬁlius,
964 4174 1107 4231 Deus
1178 4188 1339 4227 verus
1386 4172 1696 4235 exsistens;
1771 4183 2043 4241 assumpta
2111 4186 2292 4232 autem

721 4268 1009 4340 posuemis
1030 4264 1360 4334 temporibus
1377 4264 1539 4317 etiam
1565 4265 1925 4329 humanitate,
1944 4282 2079 4321 unus
2120 4268 2291 4323 idem-

724 4373 828 4429 que
862 4368 964 4426 est,
990 4358 1103 4412 sive
1138 4358 1299 4422 Deus,
1351 4357 1465 4410 sive
1507 4358 1690 4421 homo,
1733 4358 1848 4412 sive
1901 4356 2060 4413 Jesus
2105 4361 2289 4430 appel-

724 4449 885 4505 letur.

2387 2359 2445 2412 δὲ
2478 2357 2637 2413 τοῦτο
2687 2361 2786 2429 μὲν
2816 2363 2916 2414 οὑκ
2965 2363 3174 2433 εἴρηκε,
3230 2363 3361 2416 Θεὸν
3395 2363 3450 2416 δὲ
3496 2365 3584 2416 τὸν
3616 2364 3854 2434 Χριστὸν
3882 2367 3975 2417 ἐπὶ

2391 2450 2612 2504 πάντων
2655 2451 3059 2521 μεγαλοφώνως
3093 2454 3393 2524 ἀπέφηνεν.
3455 2455 3552 2527 [οὑ
3589 2457 3695 2527 μὴν
3727 2457 3806 2521 δὲ,
3840 2456 3975 2509 ἀλλά

2390 2560 2454 2609 γε
2494 2544 2714 2596 κάκεῖνο
2756 2543 3197 2615 διασκεψώμεθα,
3243 2547 3319 2610 ὡς
3364 2548 3411 2599 εἰ
3459 2549 3533 2618 μὴ
3567 2549 3699 2601 Θεὸν
3735 2550 3851 2616 ἅμα
3885 2553 3976 2601 καὶ

2394 2632 2679 2702 ἄνθρωπον
2737 2634 3009 2703 ἠπίστατο
3072 2635 3162 2687 τὸν
3220 2636 3454 2703 Χριστὸν
3517 2641 3545 2690 6
3618 2638 3977 2700 θεῖοςνἌπό-

2396 2722 2601 2788 στολος,
2628 2722 2730 2775 οὑκ
2778 2723 2844 2776 ἂν
2876 2723 3060 2793 ἔλεγεν
3088 2724 3154 2776 τὸ
3185 2726 3335 2778 κατὰ
3386 2726 3613 2794 σάρκα·
3666 2729 3825 2783 τοῦτο
3868 2732 3975 2803 γὰρ

2394 2812 2642 2882 φανερῶς
2690 2813 2783 2865 ἐπὶ
2837 2813 2929 2866 τοῦ
2983 2814 3059 2884 μὴ
3111 2816 3271 2884 μόνον
3318 2816 3643 2888 ἀνθρώπου,
3698 2821 3834 2874 άλλὶ
3884 2826 3975 2875 καὶ

2397 2904 2517 2957 καθ’
2559 2904 2745 2976 ἔτερόν
2794 2921 2848 2957 τι
2884 2904 2981 2975 τὴν
3027 2905 3211 2958 οὑσίαν
3266 2908 3419 2972 ὄντος
3473 2910 3724 2977 λέγεται·
3785 2912 3977 2982 ὥσπερ

2395 2992 2487 3048 οὖν
2541 2996 2635 3048 καὶ
2681 2997 2980 3065 ἐπήγαγεν,
3014 3001 3046 3050 ό
3079 2997 3164 3051 ὢν
3193 2999 3294 3053 ἐπὶ
3321 3000 3562 3055 πάντων
3593 3004 3752 3068 Θεός·
3782 3004 3977 3070 διπλῆν

2397 3087 2505 3157 γὰρ
2554 3086 2787 3140 ἐνταῦθα
2843 3087 2941 3153 τὴν
2998 3090 3248 3158 περὶτοῦ
3293 3093 3545 3163 Σωτῆρος
3586 3096 3740 3165 ἡμῶν
3787 3096 3978 3167 ὀμολο·

2397 3178 2521 3244 γίαν
2564 3177 2933 3245 παραδέδωκε,
2991 3181 3086 3232 καὶ
3132 3180 3195 3231 τὸ
3250 3182 3391 3234 κατὰ
3437 3184 3616 3253 σάρκα
3667 3186 3973 3251 ἐπιδείξας.

2396 3264 2490 3318 καὶ
2520 3264 2651 3318 Θεὸν
2683 3266 3030 3338 ἀνακηρύεας
3068 3268 3192 3341 (2).]
3230 3272 3437 3341 Ὀνπερ
3467 3274 3575 3342 γὰρ
3599 3275 3799 3346 τρόπον
3829 3279 3856 3330 6
3888 3280 3977 3331 ἐπὶ

2397 3357 2500 3425 γῆς
2535 3357 2805 3425 βασιλεὺς,
2846 3360 2899 3411 εί
2944 3375 3072 3413 ποτε
3118 3362 3176 3413 ιν
3230 3363 3439 3415 ὑπάτου
3494 3369 3731 3436 σχήματι
3781 3368 3973 3440 προελ-

2399 3451 2509 3503 θεῖν
2539 3450 2848 3523 βουληθείη,
2894 3453 2957 3506 οὑ
2985 3453 3071 3507 διὰ
3098 3454 3255 3509 τοῦτο
3283 3457 3377 3510 τοῦ
3428 3453 3564 3511 εἶναι
3591 3459 3845 3526 βασιλεὺς
3882 3461 3977 3513 πέ-

2400 3559 2625 3605 παυται,
2653 3543 2777 3595 οὗτε
2820 3544 2926 3613 μὴν
2963 3546 3061 3615 τὴν
3086 3548 3358 3618 προτέραν
3392 3548 3708 3602 αὑθεντείαν
3754 3550 3975 3603 ἀπώλε-

2402 3649 2513 3695 σεν,
2545 3632 2659 3685 ἀλλ’
2689 3631 2771 3696 εἷς
2799 3635 2892 3687 καὶ
2918 3635 2946 3687 6
2975 3633 3135 3699 αὑτὸς
3165 3638 3400 3708 ὑπάρχει
3442 3640 3578 3708 πρὸς
3616 3643 3680 3710 τῇ
3731 3639 3977 3711 βασιλείᾳ

2400 3722 2579 3775 καὶτὸ
2619 3721 2719 3792 τῆς
2753 3724 3018 3788 ὑπατείας
3046 3726 3185 3796 ἔχων
3204 3743 3219 3759 ’
3253 3729 3356 3780 κᾶν
3386 3730 3439 3780 ετ
3467 3746 3549 3792 τις
3593 3730 3849 3799 όνομάσοι
3880 3732 3975 3800 βα-

2402 3814 2572 3879 σιλέα,
2626 3810 2765 3868 οἶδεν
2807 3816 2882 3880 ὡς
2929 3817 3089 3881 αὑτός
3133 3821 3280 3871 ἐστιν
3323 3822 3351 3872 6
3402 3820 3495 3873 καὶ
3525 3820 3583 3873 τὸ
3624 3819 3722 3873 τοῦ
3768 3821 3976 3875 ὑπάτου

2402 3908 2587 3979 σχῆμα
2619 3907 3106 3979 περιϐαλλόμενος·
3148 3909 3243 3960 καὶ
3275 3908 3433 3963 πάλιν
3462 3925 3517 3962 τε
3560 3914 3607 3962 εί
3652 3909 3860 3965 ὑπατον
3890 3909 3978 3963 τὸν

2401 3999 2561 4052 αὑτὸν
2590 3998 2865 4068 όνομάσοι,
2895 3998 2986 4051 τὸν
3024 3996 3183 4051 αὑτὸν
3212 3994 3352 4052 οἶδεν
3400 4001 3493 4052 καὶ
3540 3999 3765 4069 βασιλέα
3804 4001 3978 4054 ὑπάο-

2401 4107 2564 4159 χοντα
2622 4090 2698 4158 (3)
2724 4089 2931 4153 ὀὕτως
2962 4092 2990 4143 6
3015 4091 3218 4161 Κύριος
3252 4092 3409 4161 ἡμῶν
3449 4090 3655 4162 Ἰησοῦς
3686 4093 3715 4145 6
3744 4091 3977 4163 Χριστδς

2400 4172 2467 4246 ἦν
2509 4177 2608 4245 μὲν
2638 4176 2725 4230 ἀεὶ
2749 4177 2843 4230 τοῦ
2871 4176 3007 4230 Θεοῦ
3047 4178 3195 4242 Υἱὸς,
3226 4178 3357 4242 Θεὸς
3399 4179 3660 4250 ὑπάρχων
3702 4180 3972 4247 ἀληθινὸς,

2402 4269 2723 4340 προσλαϐὼν
2752 4270 2808 4323 δὲ
2849 4273 2906 4322 ὲν
2951 4270 3194 4340 ὑστέροις
3220 4272 3431 4341 χρόνοις
3473 4273 3566 4324 καὶ
3609 4273 3668 4324 τὸ
3700 4272 3973 4343 ἀνθρώπι-

2401 4378 2513 4426 νον,
2558 4356 2637 4423 εἷς
2687 4363 2780 4414 καὶ
2821 4362 2849 4413 6
2896 4361 3060 4422 αὑτὸς
3106 4360 3360 4429 ὑπάρχει,
3405 4362 3506 4414 κᾶν
3546 4362 3679 4425 Θεὸς
3729 4365 3973 4433 λέγηται,

2402 4454 2505 4507 κᾶν
2532 4452 2836 4522 ἄνθρωπος,
2871 4452 2971 4505 κᾶν
3013 4450 3235 4521 Ίῆσοῦς.

796 4543 883 4598 15.
917 4542 1045 4609 Qure
1081 4556 1199 4596 cum
1238 4542 1306 4595 ita
1344 4556 1401 4595 se
1427 4541 1680 4606 habeant,
1740 4543 1918 4612 agesis
1957 4544 2288 4600 Dominicum

2474 4550 2553 4596 ιε’.
2597 4542 2814 4595 Τούτων
2842 4544 2899 4596 δὲ
2932 4543 3103 4607 οὑτως
3134 4545 3385 4613 ἑχόντων,
3417 4545 3547 4614 φέρε
3596 4530 3693 4597 ¹καὶ
3736 4546 3839 4615 τὴν
3869 4547 3973 4598 Κυ-

726 4649 939 4704 quoque
962 4632 1176 4687 eﬂ'atum
1211 4632 1261 4686 in
1304 4633 1540 4685 medium
1566 4636 1949 4697 producamus,
1985 4636 2138 4704 cujus
2159 4652 2295 4704 prae-

724 4726 883 4794 cipue
939 4739 1103 4778 causa
1158 4723 1415 4777 audacius
1471 4722 1625 4777 nobis
1695 4725 1901 4778 instant
1962 4727 2293 4793 adversarii;

727 4830 920 4888 nempe
945 4815 1084 4884 quod
1116 4814 1303 4883 ipsein
1332 4815 1656 4884 evangelicis
1692 4817 2166 4886 praedicationibus
2200 4819 2297 4873 ho-

728 4908 927 4963 minem
952 4922 1009 4963 se
1029 4905 1311 4962 confessus
1338 4908 1409 4962 sit
1448 4908 1678 4963 dicens:
1725 4928 1741 4960 ‹
1773 4909 1879 4964 Cur
1918 4925 2002 4963 me
2053 4912 2297 4978 quaeritis

726 4999 995 5063 occidere,
1059 4997 1328 5053 hominem
1402 4997 1492 5065 qui
1553 5000 1833 5054 veritatem
1888 5001 2037 5055 vobis
2083 5002 2294 5057 locutus

727 5106 845 5146 sum
872 5089 953 5143 ἠ
983 5107 1001 5141 ι
1027 5086 1133 5145 Sed
1157 5089 1299 5144 enim
1329 5088 1511 5157 siquis
1542 5091 1786 5144 veritatis
1816 5092 2092 5147 studiosus
2124 5107 2293 5146 evan-

796 5263 840 5295 "
875 5263 918 5315 ll
957 5262 1083 5318 Cor.
1126 5278 1199 5328 ιν,
1233 5263 1285 5316 5.
1360 5262 1404 5293 "
1448 5259 1603 5316 Rom.
1636 5277 1710 5328 lx,
1746 5264 1794 5317 5.

798 5441 874 5509 (l)
901 5439 1316 5510 Recitatur_hic
1342 5446 1544 5510 tractus
1592 5438 1907 5510 nominatim
1941 5454 2004 5495 ex
2035 5442 2134 5495 hoc
2179 5440 2285 5510 Cy-

728 5511 833 5563 rilli
858 5506 1108 5563 Sermone
1132 5524 1158 5560 a
1182 5507 1485 5561 Justiniano
1517 5508 1642 5574 imp.
1666 5507 1717 5559 in
1739 5506 2070 5562 Tractatnad
2101 5506 2287 5563 mona-

729 5581 859 5632 chos
885 5578 1276 5633 Alexandrinos
1319 5576 1739 5645 Mnnophysitas,
1768 5593 1922 5645 quem
1969 5594 2065 5631 nos
2115 5580 2285 5633 edidi-

728 5664 846 5702 mus
881 5649 1076 5713 Script.
1106 5658 1199 5701 vet.
1237 5657 1274 5698 t.
1314 5645 1423 5706 νη,
1460 5644 1759 5714 (πιήυεγνίαε
1788 5644 1845 5714 ρ.
1874 5648 1997 5701 506.
2035 5648 2284 5702 Felieiter

1877 5265 1920 5294 ⁷³
1955 5263 2107 5320 Joan.
2146 5280 2261 5329 vm,
2295 5265 2383 5320 ΔΟ.

2407 4634 2599 4707 ριακὴν
2632 4635 2709 4697 είς
2758 4636 2919 4703 μέσον
2954 4638 3137 4705 φωνὴν
3171 4636 3494 4706 ἀγάγωμεν,
3525 4638 3610 4704 ἐφ’
3644 4640 3710 4705 ἣν
3742 4639 3972 4705 μάλιστα

2401 4727 2494 4779 καὶ
2528 4726 2859 4796 θρασύτερον
2892 4728 3026 4795 ἡμῖν
3053 4727 3364 4793 ἐφίστανται
3396 4727 3664 4793 λέγοντες,
3696 4727 3771 4789 ὡς
3816 4728 3971 4789 αὑτὸς

2399 4821 2456 4871 ὲν
2499 4824 2609 4881 τοῖς
2650 4819 3023 4885 εὑαγγελικοῖς
3070 4820 3416 4889 κηρύγμασιν
3462 4818 3749 4890 ἄνθρωπον
3784 4822 3971 4875 ἑαυτὸν

2399 4910 2747 4979 ὡμολόγησεν
2766 4908 2947 4975 λέγων
2968 4924 2979 4936 ·
3025 4928 3041 4957 σ
3082 4909 3146 4960 Τί
3179 4926 3243 4978 με
3277 4910 3489 4978 ζητεῖτε
3518 4914 3861 4978 ἀποκτεῖναι,
3890 4914 3969 4966 ἄν·

2401 5002 2615 5071 θρωπον
2641 5002 2699 5064 ὃς
2728 5002 2825 5071 τὴν
2849 5001 3104 5069 ἀλήθειαν
3150 5003 3278 5071 ὑμῖν
3321 5003 3623 5074 λελάληκα;
3660 5024 3680 5057 ι
3712 5007 3775 5058 Ei.
3804 5006 3861 5059 δέ
3892 5022 3968 5065 τις

2403 5092 2710 5161 φιλαλήθως
2742 5094 2851 5154 τοῖς
2879 5091 3252 5160 εὑαγγελικοῖς
3280 5094 3557 5148 ἐπιϐάλλει
3577 5096 3819 5165 χωρίοις,
3846 5096 3966 5148 ἔνθα

2392 5442 2780 5499 inveniremus.

2461 5512 2535 5581 (2)
2565 5513 2742 5582 Hunc,
2773 5528 2986 5582 quoque
3030 5510 3215 5582 Cyrilli
3262 5521 3493 5567 tractum
3545 5512 3756 5574 recitat,
3800 5522 3853 5566 et
3874 5523 3963 5565 suo

2387 5582 2700 5635 testimonio
2723 5581 2851 5637 facit
2876 5581 3246 5637 authenticum
3269 5582 3610 5636 Justinianus
3635 5582 3749 5635 loco
3778 5585 3960 5637 citato.

2462 5650 2701 5720 (5)Apte
2749 5654 2921 5706 utitur
2968 5654 3068 5707 hac
3116 5654 3467 5706 similitudine
3507 5652 3766 5718 Cyrillus,
3819 5649 3960 5717 cujus

728 5732 854 5771 vero
884 5717 1040 5790 nobis
1088 5717 1332 5790 contigit,
1367 5728 1432 5790 Διιι
1477 5713 1662 5790 Cyr-illi
1699 5716 1873 5790 _si_tnu_l
1920 5734 2071 5786 opus,
2108 5721 2279 5790 deque
2384 5713 2541 5774 aetate
2572 5713 2748 5775 adhuc
2782 5722 3137 5790 imperatores
3162 5722 3527 5787 consulatum,
3550 5713 3682 5775 'cum
3725 5713 3807 5776 eis
3838 5713 3957 5773 libe—

727 5801 792 5843 eo
836 5787 1009 5857 regale
1061 5801 1126 5844 ac
1173 5782 1527 5841 certissimum
1578 5782 1867 5841 Justiniani
1916 5782 2277 5843 testimonium
2383 5790 2495 5855 bat,
2546 5790 2791 5845 adibant.
