4106 6496
189 408 274 464 273

1284 419 1471 486 QUOD
1511 421 1571 478 Β.
1618 423 1830 480 MARIA
1874 427 1982 482 SIT
2022 428 2339 489 DEIPARA.

3322 438 3428 496 274

195 525 325 579 τοῦτο
345 525 648 596 λελάληκεν
676 531 707 582 ό
732 530 944 602 Σωτὴρ,
978 535 1182 607 σφόδρα
1226 540 1634 606 καταγνώσεται
1659 544 1757 610 τῆς

1873 547 2062 617 gelicos
2092 550 2258 603 adibit
2309 551 2476 618 locos,
2530 551 2616 609 hic
2669 551 2760 608 ubi
2808 551 3063 609 Servator
3097 551 3169 608 ita
3219 552 3429 610 locutus

200 616 506 685 κακοτέχνου
549 617 782 688 γνώμης
826 622 1025 687 αὐτῶν,
1057 627 1148 676 καὶ
1198 627 1638 696 φιλεγκλήμονας
1679 629 1755 680 δι-

198 707 346 768 καίως
390 706 733 760 ἀποκαλέσει
783 711 878 762 καὶ
941 715 1312 781 συκοφάνταςο
1364 716 1603 770 τοσαῦτα
1647 718 1756 788 γὰρ

195 798 471 866 λελάληκεν
499 799 607 869 πρὸ
632 799 841 869 ταύτης
866 801 968 871 τῆς
991 802 1205 869 λέξεως,
1232 804 1362 858 Θεὸν
1398 806 1590 860 ἑαυτὸν
1617 808 1756 862 ἀπο-

193 889 388 955 φαίνων
445 892 542 944 καὶ
587 891 724 944 Θεοῦ
777 892 921 959 Υίδν,
966 893 1042 958 ὡς
1086 897 1175 948 καὶ
1219 898 1414 961 αὐτοὺς
1464 898 1585 953 τότε
1633 901 1758 963 τοὺς

202 980 512 1047 Ἰουδαίους,
565 982 798 1053 ἐπείπερ
855 984 1192 1053 ἑτύφλωττον
1253 991 1352 1059 τῆς
1409 988 1648 1054 διανοίας
1695 991 1759 1044 τὸ

187 1073 356 1142 ὄμμα,
385 1073 476 1126 διὰ
503 1072 662 1127 τοῦτο
695 1075 928 1145 μάλιστα
966 1076 1249 1146 βούλεσθαι
1283 1080 1444 1133 αὑτὸν
1474 1083 1716 1150 ἀναιρεῖν
1739 1120 1754 1135 .

194 1163 301 1215 Καὶ
328 1165 506 1218 πάντα
547 1166 733 1218 ἐκεῖνα
778 1169 957 1238 σιωπῇ
982 1167 1383 1239 παραδιδόντες,
1429 1171 1633 1243 ταύτην
1660 1173 1759 1243 άρσ

187 1254 416 1319 πάζουσι
445 1255 542 1324 τὴν
570 1257 736 1323 λέξιν,
764 1258 946 1330 ὅμοιόν
978 1277 1026 1314 τι
1053 1259 1330 1326 ποιοῦντες
1357 1265 1471 1325 τοῖς
1497 1265 1618 1317 τότε
1660 1266 1759 1318 Φα-

191 1347 418 1415 ρισαίοις
438 1361 453 1375 ⁸
483 1347 723 1402 κάκεῖνοι
755 1349 864 1420 γάρ
891 1349 1192 1403 διδάσκοντι
1217 1351 1296 1421 τῷ
1326 1352 1536 1422 Σωτῆρι
1587 1369 1758 1424 προσ-

186 1439 398 1507 έμενον,
431 1439 493 1492 ού
526 1439 800 1494 πιστεύειν
829 1440 1101 1505 ἐθέλοντες
1126 1444 1220 1497 καὶ
1238 1443 1600 1510 διδάσκεσθαι,
1626 1445 1760 1500 ἀλλά

187 1527 455 1597 θηρεῦσαί
485 1545 538 1582 τι
569 1531 634 1584 ὲκ
675 1528 768 1584 τού
814 1530 1081 1601 στόματος
1110 1532 1275 1586 αὐτοῦ
1320 1532 1653 1603 βουλόμενοι,
1685 1534 1762 1604 ὼς

184 1621 210 1673 ὸ
237 1619 636 1692 εὐαγγελιστὴς
684 1622 920 1692 ἱστορεῖ*
970 1622 1160 1695 ὥσπερ
1205 1623 1302 1678 οὖν
1339 1626 1434 1678 καὶ
1479 1620 1624 1679 οὗτοι
1666 1624 1761 1680 νῦν

184 1707 675 1777 ἀναγινώσκουσιν,
706 1710 904 1780 μᾶλλον
923 1709 978 1764 δὲ
1015 1709 1467 1782 περιεργάζονται
1491 1712 1586 1777 τὰς
1615 1711 1765 1775 θείας

184 1801 430 1873 Γραφάς,
461 1802 550 1856 ῐνα
585 1818 641 1854 τι
675 1803 1003 1872 κατηγορεῖν
1046 1801 1280 1873 εὕρωσιν
1304 1801 1399 1856 τοῦ
1442 1802 1541 1857 τὴν
1585 1803 1764 1875 ψυχὴν

185 1895 284 1947 im!
291 1912 324 1967 ρ
371 1893 556 1948 αὐτῶν
599 1892 924 1957 τεθεικότος.

253 2077 351 2135 ις’.
368 2069 503 2122 Tios
523 2069 579 2121 ἑν
596 2072 704 2134 τοῖς
722 2070 826 2140 πρὸ
839 2070 1038 2140 ταύτης
1053 2071 1150 2139 τῆς
1169 2072 1353 2141 φωνῆς
1371 2072 1575 2142 ἔλεγεν,
1596 2092 1767 2129 κατα-

184 2164 471 2233 νοήσωμεν
491 2179 537 2212 ·‹
559 2159 616 2214 ὐ
635 2162 822 2232 Πατήρ
846 2179 967 2232 μου,
992 2164 1177 2233 φησὶν,
1195 2162 1298 2225 ἕως
1312 2163 1436 2232 ἄρτι
1455 2166 1765 2235 ἐργάζεται,

185 2251 688 2325 κάγὼὲργάζομαι.
718 2271 736 2304 ι
766 2252 876 2305 Καὶ
899 2252 1117 2322 Πατέρα
1144 2252 1274 2307 ἴδιον
1302 2253 1487 2322 ὶλεγεν
1505 2255 1596 2308 τὸν
1612 2256 1764 2324 Θεὸν,

185 2348 293 2398 ῐσον
318 2345 516 2400 ἑαυτὸν
545 2345 711 2399 ποιῶν
731 2343 809 2415 τῷ
831 2343 969 2416 Θεῷ,
991 2344 1060 2398 τὰ
1083 2344 1223 2399 αὐτὰ
1254 2345 1333 2417 τῷ
1375 2345 1550 2416 Πατρὶ
1599 2364 1770 2418 παραυ

186 2437 431 2506 πλησίως
460 2437 523 2504 δη
534 2437 931 2506 μιουργυῦντα.
967 2456 985 2490 ι
1032 2439 1098 2492 ’Δ
1124 2438 1232 2509 γὰρ
1260 2438 1326 2492 ἂν
1369 2438 1578 2502 ἐκεῖνος
1602 2442 1766 2504 ποιεῖ,

183 2529 352 2583 ταῦτα
385 2530 484 2582 καὶ
533 2530 562 2581 ό
587 2528 714 2591 Υἱὸς
759 2529 964 2599 ὁμοίως
1003 2533 1164 2583 ποιεί.
1206 2549 1224 2579 a
1283 2530 1413 2593 Καὶ,
1455 2549 1474 2582 ι
1509 2531 1630 2584 Ὅτι
1670 2530 1769 2600 τὴν

183 2619 366 2687 κρίσιν
411 2618 565 2691 αὐτῷ
609 2621 792 2672 πᾶσαν
840 2619 1073 2673 δέδωκεν
1115 2622 1144 2672 ὁ
1187 2621 1394 2691 Πατὴρ,
1431 2622 1518 2675 ινα
1568 2622 1769 2686 πάντες

184 2712 383 2780 τιμῶσι
410 2711 505 2764 τὸν
541 2710 690 2778 Υίδν,
726 2710 908 2771 καθὼς
946 2711 1147 2780 τιμῶσι
1183 2711 1274 2764 τὸν
1307 2713 1544 2782 Πατέρα.
1584 2732 1602 2764 a
1635 2714 1766 2778 Καὶ,

189 2821 205 2852 ι
243 2803 510 2871 Ἔρχεται
543 2799 681 2871 ὥρα,
715 2803 810 2855 καὶ
847 2800 941 2854 νῦν
971 2803 1142 2863 ἐστιν.
1170 2803 1259 2855 ὅτε
1289 2803 1340 2854 οί
1381 2804 1566 2873 νεκροὶ
1602 2803 1768 2856 ἀκού⁹

187 2909 351 2945 σωσιν
396 2895 500 2959 τῆς
529 2893 714 2962 φωνῆς
755 2891 850 2946 τοῦ
894 2893 1022 2946 Υίοῦ
1071 2893 1170 2947 τοῦ
1214 2893 1538 2964 ἀνθρώπου·
1577 2895 1671 2948 καὶ
1718 2896 1768 2948 oi

185 2982 522 3046 ἀκούσαντες
563 2984 840 3053 ζήσουσιν.
881 2999 899 3032 ι
935 2980 1065 3035 Εἶτα
1113 2985 1198 3036 ἴνα
1249 2985 1324 3052 μὴ
1374 2984 1444 3037 τὰ
1488 2983 1767 3056 θεοπρεπῆ

185 3074 357 3132 ταῦτα
384 3074 677 3138 ἀκούοντες
707 3073 1161 3136 σκανδαλίζωνται
1206 3075 1296 3127 διὰ
1319 3075 1417 3145 τὴν
1459 3075 1662 3145 σάρκα,
1687 3076 1770 3128 ὅτι

186 3166 476 3238 ἄνθρωπος
506 3165 782 3236 ὁρώμενος
822 3164 1045 3218 τοιαῦτα
1070 3164 1389 3234 ἐφθέγγετο,
1419 3163 1547 3235 ἑξῆς
1572 3165 1770 3230 ἐπάγει

189 3261 306 3328 μετ’
327 3259 508 3325 ὀλίγα,
541 3257 632 3311 καί
664 3273 846 3327 φησιν,
875 3259 954 3312 ότι
985 3257 1112 3321 Tib;
1140 3256 1433 3329 ἀνθρώπου
1457 3257 1606 3311 εστίν
1625 3293 1641 3310 .
1677 3255 1770 3326 Μὴ
1798 3244 1840 3301 C

187 3351 504 3420 θαυμάζετε
533 3351 710 3412 τούτο,
741 3352 833 3404 καὶ
859 3350 968 3422 γὰρ
1002 3350 1097 3404 καὶ
1121 3348 1326 3420 ταύτης
1349 3351 1446 3420 τῆς
1474 3350 1774 3422 εἰρημένης

189 3443 398 3508 φωνῆς,
446 3440 528 3491 ὅτι
556 3439 602 3491 oi
631 3440 963 3502 ἀκούσαντες
986 3441 1222 3510 ζήσωσιν
1244 3456 1258 3471 ·
1291 3459 1310 3493 ι
1347 3442 1607 3510 Ἔρχεται
1629 3439 1770 3509 ὥρα,

189 3531 274 3582 ὅτε
305 3532 406 3583 καὶ
437 3531 635 3590 πάντες
664 3531 713 3581 οι
757 3532 814 3582 εν
846 3531 955 3593 τοῖς
991 3531 1274 3600 μνημείοις
1303 3530 1645 3592 ἀκούσονται,
1679 3529 1776 3582 καὶ

191 3619 562 3691 πορεύσονται
587 3622 634 3671 nl
682 3621 751 3673 τὰ
795 3620 972 3688 ἀγαθὰ
1002 3623 1326 3692 ποιήσαντες
1371 3623 1452 3685 είς
1480 3622 1774 3676 ἀνάστασιν

192 3714 360 3784 ζωῆς,
394 3716 448 3768 οἱ
477 3713 536 3767 δὶ
576 3713 645 3766 τὰ
669 3712 848 3783 φαῦλα
887 3714 1189 3786 πράξαντες
1215 3717 1294 3779 είς
1320 3715 1615 3769 ἀνάστασιν
1655 3715 1776 3785 κρί-

193 3819 355 3867 σεωςο
390 3824 410 3856 a
441 3805 502 3857 τὸ
526 3805 625 3875 μὲν
652 3806 762 3877 γὰρ
797 3807 1060 3879 πρότερον
1111 3807 1420 3879 εἰρημένον,
1453 3807 1535 3862 ὃτι
1566 3825 1584 3857 ι
1617 3807 1766 3878 ἔρχεο

191 3915 282 3951 ται
311 3898 457 3970 ὥρα,
485 3899 581 3950 καὶ
620 3897 713 3951 νῦν
759 3901 939 3952 ἐστιν·
980 3917 998 3951 ι
1037 3900 1131 3952 καὶ
1171 3899 1264 3960 τὸ,
1303 3917 1320 3950 ι
1360 3901 1409 3952 οί
1447 3898 1776 3961 ἀκούσαντες

194 3990 481 4061 ζήσονται,
517 4008 536 4040 ι
571 3990 698 4059 περὶ
741 3989 848 4043 τῶν
892 3990 1034 4044 κατὰ
1076 3990 1167 4043 τὸν
1196 3989 1386 4061 καιρὸν
1415 3993 1622 4044 ἐκεῖνον
1647 3992 1776 4045 ἀνα-

199 4084 453 4136 στάντων
491 4082 701 4153 νεκρῶν
723 4081 1008 4151 είρῆσθαι·
1049 4081 1196 4144 τὸδὲ,
1229 4099 1247 4131 ι
1279 4082 1478 4144 πάντες
1499 4081 1547 4134 οξ
1582 4083 1639 4134 ὲν
1667 4082 1773 4138 τοῖς

196 4174 515 4246 μνημείοις,
553 4193 571 4226 ι
605 4175 704 4245 τὴν
722 4173 1090 4243 ἀναστάσιμον
1113 4175 1208 4243 τῆς
1231 4173 1440 4237 ἐνδόξου
1478 4173 1775 4243 παρουσίας

193 4267 363 4320 αὑτοῦ
413 4265 703 4336 σημαίνειν
746 4265 980 4336 ἡμέραν.
1023 4265 1132 4318 Καὶ
1181 4264 1299 4335 μετ’
1344 4264 1498 4333 ὀλίγα
1527 4264 1584 4317 δὲ
1617 4264 1778 4317 πάλιν

191 4359 404 4427 φησίν·
462 4377 481 4408 ι
549 4357 687 4424 Ἐγώ
730 4360 845 4428 είμι
888 4359 916 4410 ὁ
963 4358 1124 4427 ἄρτος
1168 4358 1264 4426 τῆς
1319 4358 1483 4428 ζωῆς.
1537 4376 1555 4409 ι
1620 4357 1781 4412 Ἀλλὰ

191 4452 371 4505 ταῦτα
438 4451 645 4521 πάντα,
701 4447 890 4518 ὥσπερ
937 4450 1037 4502 οὐκ
1091 4448 1413 4512 ἀκούοντες,
1472 4449 1670 4517 μᾶλλον
1721 4448 1778 4502 δὲ

1858 649 1960 702 est.
1991 656 2313 710 magnopere
2340 643 2617 699 damnabit
2640 644 2966 698 malitiosam
2993 645 3426 701 adversariorum

1857 733 2183 786 sententiam
2216 748 2419 805 eosque
2444 735 2783 792 cavillatores
2814 750 2876 790 ac
2909 737 3271 806 schphantas
3306 737 3428 806 jure

1861 824 2159 891 meritoque
2188 825 2510 894 appellabit:
2546 826 2670 880 talia
2696 827 2838 880 enim
2862 839 2923 879 ac
2962 834 3104 879 tanta
3133 837 3260 881 ante
3280 830 3418 881 hanc

1858 914 2146 970 dictionem
2173 915 2418 972 elocutus
2451 915 2652 980 fuerat,
2679 916 2843 970 Deum
2879 931 2937 970 se
2958 914 3335 971 demonstrans
3377 927 3431 971 et

1860 1004 1952 1060 Dei
1984 1006 2199 1070 Filium,
2236 1015 2294 1061 ut
2326 1007 2425 1077 ipsi
2460 1007 2600 1062 illius
2629 1008 2886 1076 temporis
2935 1005 3124 1068 Judaei,
3173 1007 3426 1076 quoniam

1860 1098 2055 1152 mentis
2087 1098 2303 1153 oculum
2327 1099 2956 1166 exczecatumgercbant,
3013 1099 3083 1152 ob
3121 1113 3182 1153 ea
3214 1099 3425 1167 eloquia

1860 1186 2096 1241 maxime
2122 1185 2320 1240 vellent
2350 1186 2498 1241 illum
2553 1186 2819 1240 occidere.
2878 1184 2964 1238 lsti
3010 1199 3172 1254 porro
3225 1186 3428 1255 egregii

1859 1276 2152 1332 adversarii
2178 1285 2369 1331 cuneta
2404 1276 2491 1330 illa
2519 1275 2733 1330 silentio
2755 1283 3078 1344 prementes,
3103 1276 3241 1328 hanc
3263 1289 3421 1327 unatn

1861 1364 1963 1420 sibi
2001 1367 2214 1435 rapiunt
2241 1366 2554 1432 dictionem,
2593 1367 2734 1421 haud
2787 1366 2941 1420 aliter
2995 1381 3052 1420 se
3112 1381 3270 1434 quam
3297 1367 3428 1423 olim

1861 1456 2118 1511 Pharisaei
2155 1468 2437 1528 gerentes:
2471 1472 2703 1528 namque
2740 1470 2794 1512 et
2828 1459 2880 1512 hi
2911 1457 3123 1512 docenti
3156 1457 3430 1516 Servatori

1865 1547 2244 1612 attendehant,
2277 1562 2382 1603 non
2410 1548 2534 1618 quia
2568 1548 2786 1602 credere
2840 1557 2933 1602 aut
2960 1549 3174 1603 edoceri
3213 1548 3428 1612 vellent,

1863 1641 1960 1697 sed
1987 1641 2112 1711 quia
2145 1649 2361 1708 captare
2385 1639 2587 1709 aliquid
2605 1654 2670 1694 ea
2695 1639 2810 1708 ejus
2829 1654 2924 1694 ore
2948 1641 3198 1704 avebant,
3233 1648 3432 1691 utnar-

1866 1730 2293 1801 ratcvangelista
2321 1730 2391 1784 ".
2417 1729 2505 1785 Sic
2533 1730 2799 1800 igituristi
2831 1744 3044 1800 quoque
3075 1744 3216 1783 nunc
3248 1728 3435 1800 legunt

1865 1822 1949 1876 vel
1976 1821 2155 1894 potius
2179 1823 2392 1880 curiose
2428 1822 2689 1891 indagant
2740 1821 2951 1876 divinas
2981 1819 3308 1887 Scripturas,
3378 1829 3437 1873 ut

1869 1930 2057 1970 ansam
2092 1914 2325 1984 aliquam
2349 1915 2635 1969 accusandi
2663 1913 2814 1968 illum
2856 1912 3135 1967 inveniant
3166 1911 3254 1980 qui
3277 1923 3430 1964 suam

1869 2023 1967 2080 pro
1996 2005 2129 2077 ipsis
2164 2006 2399 2060 animam
2431 2005 2627 2073 posuit.

1940 2099 2026 2157 16.
2071 2098 2337 2166 Quidnam
2387 2111 2515 2152 vero
2572 2105 2694 2151 ante
2739 2097 3049 2167 praedictam
3109 2092 3434 2149 locutionem

1870 2191 2089 2254 dixerit.
2119 2191 2494 2245 observemus.
2537 2207 2555 2239 ι
2587 2187 2749 2243 Pater
2813 2202 2985 2254 meus,
3025 2185 3222 2251 inquit,
3270 2196 3440 2255 usque

1869 2284 2047 2338 adhuc
2073 2290 2348 2352 operatur.
2375 2291 2544 2350 etego
2563 2295 2780 2350 operor.
2809 2298 2827 2331 ι
2860 2279 3070 2333 Patrem
3092 2291 3247 2331 suum
3270 2274 3436 2327 Deum

1872 2374 2022 2440 dicit,
2054 2385 2238 2442 parem
2269 2386 2327 2425 se
2353 2369 2558 2426 faciens
2585 2369 2712 2435 Deo,
2740 2369 2928 2422 eadem
2965 2381 3083 2436 qua:
3133 2364 3293 2418 Pater
3323 2362 3438 2432 pari

1870 2467 2027 2520 modo
2057 2473 2355 2519 crcantem.
2382 2461 2516 2516 Nam
2539 2479 2556 2513 ι
2584 2460 2712 2526 Quae
2731 2459 2818 2514 ille
2841 2458 2988 2521 facit,
3005 2457 3189 2511 eadem
3204 2453 3441 2508 etFilius

1871 2555 2126 2610 similiter
2155 2552 2373 2608 facit".
2403 2573 2421 2603 ι
2456 2549 2679 2619 Insuper
2706 2567 2719 2602 :
2747 2567 2766 2600 ι
2810 2547 2961 2616 Quod
2995 2562 3155 2601 omne
3177 2545 3444 2615 judicium

1873 2647 1973 2714 ipsi
2003 2645 2164 2700 Pater
2199 2643 2554 2708 commiserit,
2581 2649 2638 2695 ut
2690 2655 2881 2695 omnes
2933 2639 3296 2694 honoriﬁcent
3345 2633 3440 2688 Fi-

1873 2739 2025 2800 lium.
2059 2737 2214 2790 sicuti
2245 2735 2458 2789 Patrem
2494 2729 2853 2786 honorificam
2878 2728 2943 2782 "'.
2979 2746 2996 2783 ι
3025 2725 3155 2781 item
3193 2742 3206 2778 :
3239 2745 3256 2777 ε
3287 2725 3436 2792 Quod

1871 2829 2020 2883 venit
2039 2828 2192 2891 hora,
2213 2834 2266 2880 et
2293 2839 2432 2877 nunc
2456 2831 2558 2886 est,
2581 2836 2701 2877 cum
2758 2819 2954 2874 mortui
3004 2818 3226 2872 audient
3255 2830 3439 2869 vocem

1872 2918 1992 2972 Filii
2026 2914 2292 2979 hominis;
2328 2923 2383 2967 et
2405 2912 2494 2982 qui
2529 2909 2817 2973 audierint,
2850 2910 3032 2964 vivent
3069 2908 3138 2962 ⁷⁷.
3172 2927 3189 2958 ι
3218 2905 3440 2961 Deinde.

1873 3025 1943 3064 ne
1973 3011 2087 3064 haec
2141 3007 2249 3061 Deo
2307 3013 2513 3058 tantum
2571 3000 2731 3071 digna
2785 3001 3087 3065 audientes,
3131 3006 3443 3066 paterentur

1873 3099 2184 3156 scandalum
2212 3105 2430 3168 propter
2458 3094 2575 3163 ejus
2629 3107 2870 3155 carnem,
2917 3090 3042 3159 quia
3102 3089 3155 3142 in
3209 3089 3442 3142 humana

1876 3192 2046 3246 forma
2078 3189 2201 3242 talia
2233 3188 2461 3247 diceret.
2488 3184 2645 3257 paulo
2677 3191 2797 3251 post
2847 3179 3074 3242 addidit,
3120 3177 3332 3238 dicens,
3384 3189 3446 3229 se

1875 3282 2069 3339 Filium
2103 3279 2336 3335 hominis
2365 3291 2485 3334 esse
2511 3277 2575 3330 ".
2605 3273 2792 3342 Neque
2824 3267 3092 3327 miremini
3117 3309 3130 3330 ,
3164 3265 3306 3334 quod
3352 3263 3441 3332 qui

1874 3373 2014 3428 hanc
2051 3384 2235 3425 vocem
2261 3366 2555 3432 audierint,
2591 3364 2783 3419 victuri
2829 3361 2977 3418 sint:
3011 3376 3029 3410 ‹
3091 3355 3252 3410 Venit
3312 3356 3442 3409 hora

1874 3477 1995 3517 cum
2026 3475 2213 3517 omnes
2240 3460 2332 3531 qui
2365 3459 2417 3513 in
2439 3455 2802 3513 monumentis
2833 3451 3040 3522 jacent,
3095 3447 3318 3503 audient
3347 3465 3358 3498 :
3393 3454 3449 3498 et

1875 3548 2170 3620 procedent
2227 3547 2318 3618 qui
2354 3546 2492 3600 bona
2525 3546 2772 3599 iecerunt
2799 3544 2853 3596 in
2881 3537 3334 3594 resurrectionem
3372 3533 3446 3589 vi-

1877 3651 2022 3707 tae,et
2044 3641 2133 3710 qui
2167 3638 2304 3695 mala
2322 3644 2548 3707 egerunt
2570 3637 2622 3692 in
2650 3633 3105 3691 resurrectionem
3127 3627 3316 3701 judicii
3335 3627 3441 3680 ⁷⁸.»

1875 3730 2010 3786 Nam
2041 3731 2190 3801 prius
2224 3730 2449 3792 dictum,
2468 3745 2487 3779 ι
2512 3726 2655 3796 quod
2681 3725 2829 3779 venit
2859 3723 3013 3787 hora,
3033 3731 3086 3776 et
3113 3733 3255 3774 nunc
3272 3726 3355 3773 est
3381 3733 3393 3782 ;
3423 3734 3442 3770 ι

1874 3833 1928 3880 et
1953 3824 2121 3879 illud:
2182 3839 2202 3873 ι
2243 3821 2335 3892 qui
2366 3819 2636 3874 audierint
2668 3818 2869 3879 vivent.
2909 3834 2928 3867 ι
2966 3815 3031 3870 de
3083 3811 3189 3866 illis
3219 3810 3308 3880 qui
3360 3807 3450 3868 illo

1878 3923 2120 3983 tempore
2159 3916 2578 3967 resurrexerunt
2601 3907 2831 3962 mortuis
2856 3904 3058 3960 dictum
3090 3901 3210 3958 iuit.
3270 3895 3449 3955 Verba

1875 4013 2056 4058 autem
2092 4017 2107 4052 :
2150 4021 2168 4052 ε
2204 4014 2394 4056 omnes
2416 4000 2508 4068 qui
2534 3999 2588 4052 in
2609 3995 2972 4052 monumentis
2999 3993 3202 4064 iacent,
3246 4010 3264 4046 ι
3304 3991 3450 4046 diem

1876 4092 2146 4163 generalis
2173 4086 2592 4146 resurrectionis
2649 4096 2704 4142 et
2727 4085 2978 4156 gloriosa:
2997 4084 3198 4140 Christi
3236 4082 3450 4153 appari-

1880 4184 2040 4240 tionis
2061 4181 2389 4252 signiﬁcant.
2420 4180 2486 4234 Et
2512 4178 2670 4247 paulo
2703 4184 2824 4246 post
2852 4189 3044 4230 rursus
3078 4172 3247 4229 dicit:
3292 4190 3310 4224 ι
3335 4169 3446 4239 Ego

1879 4287 1997 4327 sum
2024 4271 2175 4340 panis
2200 4271 2322 4323 vita:
2345 4267 2416 4322 '°.
2458 4286 2475 4319 ι
2506 4266 2894 4320 Verumtamen
2942 4262 3058 4323 hzec
3089 4261 3294 4326 omnia,
3353 4273 3450 4314 ceu

1881 4379 1984 4420 non
2013 4362 2314 4427 audientes,
2347 4358 2433 4414 vel
2475 4359 2654 4429 potius
2684 4355 3045 4413 voluntariam
3114 4351 3448 4409 surdidatem

1882 4454 2220 4524 proﬁtentes,
2257 4450 2630 4504 transmittunt
2654 4464 2668 4513 ;
2700 4444 2841 4500 hanc
2868 4459 3028 4498 unam
3055 4456 3184 4498 vero
3209 4441 3450 4496 voculant

193 4539 1167 4611 ἐθελοκωφοῦντες,παραπέμπονται
1187 4557 1199 4569 ·
1224 4538 1428 4609 ταύτην
1453 4539 1510 4591 δὲ
1553 4539 1649 4610 τὴν
1675 4557 1771 4608 cpta»

1882 4562 2002 4615 ηυδε
2019 4546 2093 4600 ait
2119 4562 2134 4598 :
2174 4562 2191 4595 ι
2219 4541 2372 4596 Nunc
2406 4548 2585 4595 autem
2611 4537 2851 4608 quaeritis
2879 4551 2964 4591 me
2994 4534 3322 4598 interficere,
3354 4533 3452 4588 ho-

193 4642 294 4707 νὴν
323 4637 428 4706 τὴν
451 4634 738 4702 λέγουσαν,
784 4651 802 4683 ι
857 4633 971 4686 Νῦν
1010 4633 1066 4686 δὲ
1106 4631 1322 4700 ζητεῖτέ
1350 4647 1416 4700 με
1437 4631 1774 4697 ἀποκτεῖναι,

195 4727 492 4798 ἄνθρωπον
530 4727 588 4789 ὃς
627 4726 724 4797 τὴν
768 4725 1025 4796 ἀλήθειαν
1071 4724 1200 4794 ὑμῖν
1243 4722 1537 4792 λελάληκα,
1569 4741 1587 4775 ι
1632 4739 1778 4792 περι-

199 4820 461 4888 φέρουσιν
507 4817 642 4886 πρὺς
685 4816 747 4869 τὸ
789 4815 910 4868 τῶν
940 4812 1344 4884 άκεραιοτέρων
1399 4812 1779 4882 διαταράττειν

200 4911 291 4962 τὸν
319 4909 471 4966 νοῦν.
521 4909 718 4980 Ἐχρῆν
746 4907 803 4962 δὲ
830 4907 1048 4970 αὐτοὺς,
1079 4905 1236 4977 εἴπερ
1260 4901 1399 4977 ἦσαν
1424 4906 1594 4975 ὀρθοὶ,
1623 4903 1781 4957 τοῦτο

201 4999 538 5067 λογίζεσθαι.
571 5000 654 5053 ὅτι
693 5015 796 5069 περ
824 5000 853 5053 ό
879 4998 948 5051 τὰ
984 4997 1356 5069 προειρημένα
1388 4997 1648 5068 λαλήσας,
1690 4996 1781 5048 αύ-

201 5095 293 5156 τὸς
325 5094 423 5146 καὶ
443 5089 651 5162 ταύτην
676 5091 863 5161 εἴρηκε
889 5091 986 5161 τὴν
1015 5090 1217 5161 φωνὴν,
1244 5090 1340 5144 καὶ
1371 5089 1445 5161 μὴ
1469 5088 1556 5142 διὰ
1580 5088 1782 5158 ταύτην

203 5183 310 5236 τῶν
336 5181 612 5237 τοσούτων
647 5181 834 5252 ὥσπερ
864 5181 1386 5251 ἐπιλανθανομένους
1433 5179 1780 5242 σκανδαλίξεο

207 5275 360 5328 σθαι·
394 5276 641 5328 κάκεῖνοι
666 5273 774 5344 γὰρ
817 5273 1100 5344 ἄνθρωπον
1121 5272 1371 5344 ὁρῶντες,
1409 5273 1503 5326 καὶ
1534 5273 1632 5337 τὰς
1669 5272 1784 5327 θεο-

205 5368 438 5437 πρεπεῖς
459 5366 642 5436 φωνάς
673 5365 890 5420 ἀκούειν
911 5367 1010 5421 ούκ
1031 5365 1364 5437 ἀνεχόμενοι,
1394 5366 1596 5435 ελεγον⁴
1633 5385 1653 5417 ι
1672 5365 1782 5434 Ούχ

204 5449 362 5519 οὗτός
387 5458 537 5508 ἐστιν
560 5459 590 5510 δ
631 5456 749 5518 υίὸς
785 5455 1004 5526 Ἰωσὴφ,
1040 5451 1101 5510 οὗ
1128 5458 1288 5526 ἡμεῖς
1313 5456 1531 5528 οἴδαμεν
1555 5458 1646 5510 τὸν
1677 5472 1782 5509 1:1-

1885 4640 2083 4692 minem
2117 4635 2206 4706 qui
2239 4635 2517 4687 veritatem
2551 4631 2702 4684 vobis
2731 4629 2944 4684 locutus
2967 4641 3138 4688 sunt,»
3166 4624 3453 4680 circumfe-

1888 4736 2014 4782 runt
2039 4725 2102 4779 ad
2135 4721 2526 4795 perturbandas
2552 4718 2938 4789 simpliciorutn
2995 4724 3226 4770 mentes.
3285 4714 3454 4780 Opor-

1888 4828 2024 4873 teret
2054 4825 2232 4870 autem
2265 4813 2409 4878 illos,
2461 4811 2504 4866 si
2563 4809 2694 4864 recti
2760 4815 2966 4871 essent,
3017 4805 3117 4860 hoc
3177 4814 3454 4872 reputare,

1888 4925 2084 4979 nempe
2113 4908 2205 4977 qui
2233 4905 2512 4977 superiora
2537 4905 2771 4967 dixerat,
2801 4899 3047 4956 eumdem
3110 4897 3252 4950 hanc
3293 4896 3456 4952 etiam

1888 4999 2178 5070 protulisse
2208 4997 2488 5059 voculam;
2521 5006 2694 5065 neque
2723 4990 2879 5060 hujus
2903 5001 3085 5052 causa,
3108 4995 3184 5041 tot
3210 4984 3300 5041 illa
3341 4994 3456 5038 tan-

1888 5102 2047 5162 taque
2078 5090 2295 5150 oblitos,
2330 5081 2708 5142 scandalizari.
2737 5078 2869 5137 Nam
2894 5085 2946 5134 et
2975 5073 3142 5130 Judaei
3181 5073 3456 5128 hominem

1888 5184 2154 5244 videntes,
2184 5190 2238 5235 et
2269 5178 2378 5234 Deo
2401 5177 2591 5248 dignas
2612 5169 2912 5228 locutiones
2934 5167 3119 5220 audire
3146 5178 3250 5218 non
3276 5163 3458 5218 feren-

1892 5284 1990 5338 tes,
2020 5274 2312 5328 dicebant:
2346 5289 2362 5320 ι
2396 5267 2582 5322 Nonne
2607 5267 2692 5320 hic
2720 5271 2802 5317 est
2833 5257 3053 5328 Iosephi
3102 5255 3264 5320 illius,
3307 5254 3462 5324 cujus

1892 5381 1992 5421 nos
2019 5375 2228 5435 patrem
2266 5371 2598 5428 matremque
2624 5355 2871 5410 novimus
2904 5349 2987 5402 "?
3021 5367 3040 5403 ι
3072 5347 3364 5414 Denuoque
3394 5345 3459 5398 ad

1891 5471 2013 5512 eum
2075 5459 2420 5509 accesserunt
2472 5450 2761 5504 dicentes:
2821 5461 2839 5495 ι
2872 5441 3040 5506 Quem
3088 5440 3320 5506 teipsum
3377 5435 3459 5489 fa-

202 5549 375 5618 τέρα;
411 5568 428 5600 ι
463 5549 570 5603 Καὶ
593 5548 756 5602 πάλιν
796 5547 944 5618 αύτῷ
976 5547 1286 5620 προσῄεσαν
1308 5547 1551 5616 λέγοντες
1572 5565 1583 5578 ·
1610 5567 1627 5599 ι
1656 5548 1771 5600 Τίνα

1893 5548 2071 5603 cis"?
2097 5567 2114 5598 ›
2149 5549 2213 5600 Et
2241 5558 2428 5600 rursus
2457 5559 2470 5596 :
2506 5560 2525 5592 ι
2579 5535 2975 5608 Quinquaginta
3003 5547 3176 5586 annos
3225 5533 3458 5586 nondum

281 5753 324 5783 ⁷⁸
349 5751 474 5808 Luc.
521 5767 600 5815 ιι,
642 5748 734 5804 54.
813 5749 857 5779 ⁷⁸
881 5747 1038 5804 Joan.
1069 5766 1121 5816 ν,
1163 5751 1346 5806 17-19.
1424 5752 1468 5784 ⁷⁸
1499 5749 1655 5808 Joan.
1692 5767 1744 5817 ν,

1947 5751 1985 5781 ⁷⁷
2017 5750 2145 5805 ibid.
2181 5748 2270 5804 25.
2353 5746 2398 5780 ⁷⁸
2423 5746 2548 5802 ibid.
2582 5744 2648 5798 ‘27
2725 5745 2768 5775 "’
2800 5741 2928 5798 ibid.
2963 5741 3050 5796 29.
3131 5739 3176 5773 '°
3206 5736 3360 5794 Joan.
3391 5751 3459 5802 vt,

209 5827 292 5882 55.
368 5827 408 5858 ⁸⁸
437 5823 580 5885 ibid.
619 5821 711 5877 42.
790 5817 1008 5876 “Joan.
1037 5836 1150 5887 vui,
1182 5823 1272 5877 53.
