4106 6538
637 475 741 530 9.75

1658 477 1716 531 S.
1758 475 2032 532 CYRlLLl
2068 471 2534 529 ALEXANDRINI
2579 469 2897 527 ARClllEl".

3782 461 3888 516 276

636 603 696 643 es
727 595 902 654 natus,
921 597 974 642 et
1003 587 1364 644 Abrahamum
1395 590 1696 658 cognovisti
1722 591 1813 644 ⁸³2
1849 610 1867 643 ι
1904 589 2046 645 Sane
2071 603 2205 656 opus

2315 588 2533 641 σεαυτὸν
2587 589 2797 650 ποιεῖςς
2848 603 2865 635 ι
2922 579 3031 634 Kal
3072 576 3262 631 πάλιν·
3321 594 3338 626 ι
3394 574 3732 645 Πεντήκοντα
3791 574 3890 643 ἔτη

634 685 777 730 esset
810 677 1079 745 pnedictis
1141 678 1509 747 acquiescere,
1566 694 1740 749 neque
1789 680 2020 735 ulterius
2056 678 2208 747 quid-

639 783 801 836 quam
828 769 1128 836 requirere.
1190 770 1322 822 Nam
1349 771 1439 839 qui
1476 781 1624 826 recto
1658 772 1939 826 ratiocinio
1981 771 2056 824 uti
2092 780 2206 824 stu-

642 860 771 910 dent
797 857 847 909 in
877 857 1183 911 divinarum
1224 858 1624 927 Scripturarum
1658 859 1890 922 acroasi,
1936 858 2077 913 bona
2107 858 2209 912 fide

634 948 834 1011 dicent,
866 948 1339 1018 nihilrepugnare,
1378 951 1541 1004 Deum
1597 949 1778 1020 154i
1826 948 1984 1003 simul
2021 957 2074 1001 et
2114 948 2210 1001 ho-

637 1038 857 1104 minem,
890 1053 1009 1092 cum
1036 1040 1374 1108 loquebatur,
1406 1043 1564 1095 modo
1593 1055 1652 1095 se
1681 1040 1868 1103 Deum,
1901 1040 2061 1093 modo
2114 1041 2205 1093 ho-

640 1130 834 1184 minem
859 1143 917 1183 se
953 1130 1282 1194 nominasse,
1314 1132 1441 1200 quin
1485 1141 1604 1185 utra
1643 1146 1707 1184 ex
1758 1131 1840 1185 his
1884 1130 2206 1200 appellatio-

640 1220 794 1275 nibus
823 1221 1047 1275 alteram
1078 1221 1336 1276 destruat.

709 1400 797 1452 ΓΙ.
830 1399 971 1454 Sane
987 1410 1041 1455 et
1071 1400 1290 1456 aliunde
1320 1415 1544 1456 cernere
1569 1400 1714 1466 licet,
1750 1399 2025 1456 Christum
2063 1399 2208 1454 haud

638 1489 709 1543 ita
737 1491 1139 1562 intelligendum
1189 1507 1315 1548 esse
1352 1493 1650 1558 hominem,
1675 1502 1733 1546 ut
1779 1494 2005 1548 istorum
2029 1492 2210 1561 opinio

639 1581 757 1634 fert.
786 1579 1074 1651 Postquam
1097 1581 1267 1637 Judaei
1302 1582 1511 1637 facinus
1541 1582 1668 1636 illud
1691 1581 2075 1651 patrarunt,de
2103 1595 2211 1649 quo

636 1672 884 1728 cumillis
919 1689 1060 1729 nunc
1082 1674 1344 1730 Dominus
1401 1675 1728 1743 expostulat,
1786 1673 2211 1738 salutarem,in-

634 1777 817 1831 quam,
838 1764 1163 1832 passionem,
1181 1765 1223 1820 si
1244 1775 1496 1834 tanquam
1526 1763 1759 1818 hominis
1775 1763 2044 1818 occisores
2061 1764 2210 1816 dam-

635 1852 749 1907 nati
781 1853 1029 1920 fuissent,
1063 1864 1190 1909 tunc
1227 1854 1367 1909 haud
1395 1869 1558 1910 sensu
1604 1849 1823 1911 cassum
1875 1853 2014 1908 foret
2066 1851 2206 1921 qhod

2321 677 2474 731 οὔπω
2500 679 2665 748 ἔχεις,
2701 677 2796 729 καὶ
2858 670 3105 741 Ἀϐραὰμ
3134 668 3456 737 γινώσκεις-ς
3510 685 3528 718 ι
3575 666 3683 718 Kal.
3719 665 3891 734 ἐχρῆν

2316 769 2414 841 μὲν
2465 771 2576 830 τοῖς
2623 768 2722 836 ἤδη
2759 761 3175 834 προειρημένοις
3211 758 3519 828 ἀρκεῖσθαι,
3573 755 3666 808 καὶ
3723 754 3890 824 μηδὲν

2312 860 2472 914 πλέον
2511 857 2820 926 ἐπιζητεῖνο
2852 855 2901 906 οἱ
2931 853 3038 921 γὰρ
3069 848 3324 917 λογισμὸν
3351 847 3506 915 ὀρθὸν
3543 844 3687 915 ἔχειν
3724 863 3889 897 σπουο

2311 948 2563 1012 δάζοντες
2594 951 2720 1016 περὶ
2754 946 2852 1012 τὴν
2879 943 2985 996 τῶν
3025 941 3184 994 θείων
3214 937 3443 1008 Γραφῶν
3482 938 3765 1006 ἀκρόασιν,
3798 936 3891 987 εύο

2311 1038 2605 1106 γνωμόνως
2632 1035 2895 1098 λέξουσιν,
2938 1032 3012 1093 ὡς
3044 1030 3198 1083 οὐδὲν
3235 1030 3432 1082 ἄτοπον
3467 1028 3552 1095 εἴη
3593 1025 3726 1078 Θεὸν
3751 1024 3891 1094 όμοῦ

2312 1129 2405 1182 καλ¹
2437 1127 2720 1198 ἄνθρωπον
2754 1125 2901 1188 ὄντα,
2949 1125 3036 1175 ὅτε
3074 1120 3388 1190 λελάληκεν,
3424 1117 3553 1170 ποτὲ
3602 1119 3700 1187 μὲν
3732 1116 3891 1180 Θεὸν,

2313 1219 2444 1273 ποτὲ
2482 1219 2537 1272 δὲ
2587 1218 2870 1288 ἄνθρωπον
2903 1211 3284 1284 ὀνομάζεσθαι,
3326 1209 3578 1278 οὐδαμῶς
3621 1207 3894 1279 ἑκατέρας

2312 1312 2682 1383 προσηγορίας
2707 1310 2807 1379 τὴν
2840 1309 3030 1380 ἑτέραν
3062 1305 3379 1375 ἀθετούσης.

2385 1403 2473 1466 ιζ’.
2523 1399 2741 1470 Ἐπειδὴ
2773 1399 2829 1453 δὲ
2862 1398 3035 1450 ἔνεστι
3067 1398 3161 1449 καὶ
3195 1395 3457 1465 ἑτέρωθεν
3486 1392 3642 1445 τοῦτο
3666 1391 3894 1462 θεωρεῖ-

2312 1497 2468 1558 σθαι,
2503 1495 2578 1557 ὠς
2610 1495 2708 1546 οὐκ
2740 1492 3028 1564 ἄνθρωπος
3077 1490 3317 1543 νοεῖσθαι
3361 1489 3447 1542 διὰ
3481 1486 3639 1539 τοῦτο
3682 1485 3891 1554 ὀφείλει

2311 1585 2451 1638 κατά
2478 1583 2576 1654 τὴν
2609 1582 2813 1636 τούτων
2864 1581 3156 1634 ὑπόνοιαν⁸
3216 1578 3352 1649 μετά
3397 1578 3458 1630 τὸ
3507 1575 3709 1646 πρᾶξαι
3764 1577 3895 1637 τοὺς

2323 1675 2606 1737 Ἰουδαίους
2639 1673 2818 1738 τοῦτο,
2851 1673 2986 1742 ὅπερ
3029 1669 3260 1724 ἐνταῦθα
3301 1669 3498 1731 αὐτοὺς
3548 1667 3828 1738 ἐμέμφετο
3865 1668 3895 1718 6

2312 1768 2537 1842 Κύριος,
2573 1766 2715 1835 λέγω
2753 1765 2818 1836 δὴ
2849 1764 2910 1818 τὸ
2947 1765 3212 1836 σωτήριον
3245 1762 3433 1827 πάθος,
3476 1763 3523 1814 εἰ
3556 1761 3664 1832 ἄρα
3693 1760 3768 1822 ὡς
3800 1760 3896 1812 ἄν·-

2312 1859 2527 1930 Θρωπον
2571 1858 2991 1918 ἀποκτείναντες
3026 1854 3452 1923 κατεκρίθησαν,
3500 1853 3621 1904 τότε
3668 1850 3780 1921 γὰρ
3825 1851 3897 1903 ἂν

635 1945 703 2000 ab
735 1944 841 2000 illis
873 1946 1169 2000 dicebatur.
1193 1944 1296 2000 Sed
1323 1960 1447 2000 cum
1485 1945 1903 2014 tanquamltege
1930 1957 1995 1998 ac
2026 1941 2209 1997 Domi-

2315 1927 2562 2019 δυνηθείη
2597 1947 2754 2014 λόγον
2781 1947 2924 2017 ἔχειν
2962 1947 3022 1998 τὸ
3066 1945 3155 1998 ὑπ’
3187 1944 3364 1997 αὐτῶν
3393 1943 3680 2012 λεγόμενον
3701 1958 3712 1970 ’
3749 1944 3795 1993 εί
3837 1942 3894 1993 δὲ

639 2051 710 2090 no
730 2037 909 2093 occiso
943 2037 1180 2092 damnati
1215 2036 1437 2100 fuerint,
1466 2037 1806 2105 exploratum
1858 2036 1916 2090 fit
1945 2035 2206 2090 adversa-

635 2124 745 2178 rios
773 2134 986 2180 nostros
1009 2125 1228 2179 stultam
1256 2126 1356 2180 sibi
1386 2127 1698 2194 Opinionem
1730 2140 1966 2190 creasse,
1996 2141 2117 2179 cum
2145 2125 2207 2177 il-

634 2214 744 2267 lum
774 2215 1088 2270 exislimant
1111 2231 1317 2271 merum
1352 2231 1472 2271 esse
1498 2218 1792 2282 hominem,
1841 2218 2051 2271 etiamsi
2079 2217 2208 2271 Ver-

632 2306 759 2359 bum
792 2305 844 2359 in
877 2305 992 2374 ipso
1019 2306 1263 2361 habitare
1285 2306 1486 2361 dicant.
1506 2304 1666 2361 Certe
1697 2306 1890 2361 beatus
1916 2305 2114 2360 Paulus
2141 2305 2206 2360 de

634 2395 1346 2467 cruciﬁgentibusloquens,
1375 2396 1590 2452 Domini
1642 2398 1914 2452 occisores
1962 2397 2081 2451 illos
2129 2411 2208 2451 re-

633 2494 951 2553 prazsentat,
982 2487 1066 2543 his
1088 2489 1266 2561 verbis
1303 2497 1493 2542 utens:
1517 2506 1537 2540 ‹
1560 2486 1693 2540 Nam
1726 2488 1771 2542 si
1801 2488 2206 2558 cognovissent,

635 2591 912 2646 nunquam
951 2579 1238 2634 Dominum
1293 2579 1477 2649 gloriae
1537 2579 2025 2634 crucilixissent“.
2085 2598 2104 2631 ι
2145 2579 2208 2633 Et

635 2670 748 2735 ipse
774 2683 991 2739 quoque
1028 2669 1286 2725 Dominus
1314 2671 1364 2725 in
1392 2671 1562 2726 vinea:
1586 2671 1838 2740 parabola
1867 2671 1938 2723 ait
1971 2680 2209 2740 patrem-

635 2759 868 2826 familias
912 2761 1128 2816 misisse
1185 2776 1375 2817 servos
1423 2777 1551 2816 suos
1600 2763 1665 2815 ad
1711 2761 1997 2831 agricolas.
2050 2763 2117 2814 At
2154 2761 2204 2814 hi

643 2866 662 2902 :
693 2849 856 2904 alium
889 2853 1106 2920 quidem
1139 2853 1737 2923 verberarunt,inquit,
1788 2854 1950 2906 alium
1997 2854 2209 2908 occide-

639 2951 784 3005 runt,
817 2943 980 2998 alium
1006 2944 1270 3015 lapidibus
1295 2945 1614 3010 obruerunt,
1656 2963 1672 2996 ι
1699 2944 1948 3012 agricola:
1975 2945 2205 2998 scilicet.

635 3031 916 3090 Postremo
950 3036 1162 3092 misisse
1187 3035 1318 3090 dicit
1341 3035 1532 3100 ﬁlium,
1564 3049 1671 3104 quo
1704 3035 1820 3088 viso
1847 3034 2096 3104 agricolae
2123 3035 2206 3086 in-

637 3131 720 3178 tra
745 3140 805 3179 se
834 3125 1121 3180 dixerunt:
1159 3145 1178 3179 ι
1215 3126 1312 3181 Hic
1341 3136 1424 3181 est
1453 3127 1647 3190 haeres,
1675 3127 1871 3188 venite,
1897 3125 2207 3193 occidamus

635 3229 782 3280 eum,
826 3215 1049 3285 ejusque
1083 3217 1449 3272 haereditatem
1483 3231 1812 3286 occupemus
1849 3235 1860 3270 :
1914 3228 2074 3285 atque
2133 3217 2204 3269 ita

637 3319 761 3359 eum
825 3309 1274 3375 comprehensum
1335 3317 1389 3362 et
1457 3309 1610 3362 vinea
1660 3309 1892 3377 ejectum
1922 3310 2209 3363 intereme-

636 3397 848 3450 runt".
881 3416 898 3449 ι
935 3397 1139 3468 Siergo
1159 3401 1446 3472 Apostolus
1469 3403 1686 3471 quidem
1716 3402 1898 3471 gloria:
1924 3401 2208 3456 Dominum

635 3487 925 3543 conﬁtetur
953 3504 1075 3546 eum
1096 3493 1187 3561 qui
1218 3495 1508 3549 crucifixus
1535 3495 1678 3556 fuit;
1713 3495 1828 3563 ipse
1857 3504 2034 3548 autem
2082 3493 2212 3546 Ser-

637 3590 795 3637 vator
827 3585 1119 3654 prophetas
1150 3587 1366 3656 quidem
1402 3600 1685 3642 servorum
1720 3588 2005 3641 missorum
2038 3585 2211 3637 norni-

640 3685 709 3724 ne
732 3672 976 3728 tlenotari
1009 3676 1197 3739 docet,
1231 3679 1581 3746 semetipsum
1614 3692 1743 3733 vero
1777 3677 1971 3731 Filium
2003 3675 2210 3730 Domini

643 3777 920 3820 servorum
947 3767 1179 3835 illorum;
1219 3771 1337 3837 quis
1364 3770 1465 3831 iam
1487 3771 1716 3826 ulterius
1741 3771 1884 3824 ausit
1911 3770 2092 3823 dicere
2115 3770 2213 3822 ho-

645 3855 841 3910 minem
876 3857 1023 3912 illum
1055 3860 1220 3916 fuisse
1246 3861 1335 3930 qui
1372 3863 1567 3928 aiebat,
1603 3883 1621 3915 ‹
1650 3862 1802 3916 Nunc
1839 3876 1925 3917 tne
1973 3862 2215 3931 quaeritis

643 3949 912 4017 occidere,
950 3969 967 4001 ι
1002 3961 1055 4006 et
1079 3967 1184 4006 non
1216 3955 1394 4021 potius
1423 3955 1777 4010 humanatum
1805 3952 2014 4007 Deum?
2068 3951 2215 4004 Pran-

643 4042 834 4096 serlim
882 4043 1006 4111 quia
1045 4044 1150 4099 Deo
1191 4045 1347 4116 digna
1377 4061 1563 4114 opera,
1621 4046 1721 4099 sub
1773 4044 2005 4099 hominis
2062 4044 2215 4097 titulo

641 4135 955 4209 prmdicata,
1013 4136 1194 4190 audiet
1217 4119 1494 4190 eventura.
1536 4155 1554 4187 ι
1590 4135 1748 4191 Venit
1774 4136 1916 4190 enim
1964 4136 2115 4200 hora,
2161 4143 2216 4188 et

646 4236 788 4276 nunc
825 4231 926 4289 est,
950 4239 1069 4277 cum
1103 4225 1299 4279 mortui
1321 4227 1541 4281 audient
1567 4241 1753 4281 vocem
1788 4225 1908 4280 Filii
1942 4226 2211 4290 hominis;

641 4317 698 4363 et
724 4310 813 4377 qui
847 4311 1337 4375 audierint,vivent
1358 4312 1437 4375 ⁸⁸;
1477 4331 1496 4364 ι
1537 4323 1592 4368 et
1620 4330 1632 4366 :
1672 4331 1689 4364 ι
1714 4315 1848 4369 Cum
1873 4315 2100 4378 venerit,
2130 4315 2214 4366 in-

643 4400 780 4468 quit,
815 4399 985 4454 Filius
1031 4401 1334 4456 hominisin
1367 4417 1591 4472 regnum
1618 4419 1791 4468 suum,
1817 4414 1871 4458 et
1901 4419 2088 4459 omnes
2120 4419 2216 4457 an-

641 4492 740 4563 geli
769 4492 885 4561 ejus
911 4508 1030 4547 cum
1057 4509 1157 4560 eo,
1175 4504 1302 4549 tunc
1329 4496 1542 4551 sedebit
1570 4497 1620 4549 in
1647 4496 1840 4552 throno
1867 4497 2050 4564 gloria:
2082 4512 2211 4560 suae,

638 4585 836 4652 justam
862 4587 927 4640 de
950 4587 1200 4642 omnibus
1219 4590 1535 4642 sententiam
1563 4586 1740 4642 ferens
1756 4588 1798 4619 ⁸⁷
1822 4604 1836 4652 ;
1859 4607 1876 4640 i
1906 4598 1978 4652 et,
2007 4607 2025 4639 ι
2047 4588 2214 4643 Nemo

643 4677 886 4729 ascendit
912 4677 962 4730 in
989 4677 1208 4740 coelum,
1241 4678 1340 4732 nisi
1375 4678 1465 4747 qui
1495 4679 1559 4734 de
1611 4678 1747 4733 cmlo
1804 4680 2083 4734 descendit
2124 4681 2212 4734 Fi-

643 4766 746 4821 lius
777 4766 1010 4822 hominis
1039 4767 1104 4820 ”.
1142 4785 1160 4818 ι

713 5030 1000 5087 18.Αυι1ίη’
1025 5030 1305 5086 manifeste
1324 5031 1490 5087 Deum
1524 5032 1756 5089 Verbum
1774 5035 2006 5092 hominis
2029 5039 2211 5107 appel-

642 5113 864 5190 latidnc,
922 5135 1142 5196 pr0pter
1188 5143 1339 5181 suam
1394 5144 1515 5182 cum
1595 5146 1757 5185 carne
1806 5133 2210 5200 adunationcm,

641 5213 1167 5269 nominatum?Nam
1201 5217 1322 5284 quis
1377 5216 1516 5272 alius
1565 5219 1630 5273 de
1673 5220 1816 5274 cmlo
1868 5222 2213 5278 descendisse

642 5306 907 5374 putandus
941 5308 1058 5363 est?
1085 5305 1201 5362 Noli
1237 5309 1418 5380 itaque
1456 5308 1656 5365 diutius
1724 5313 2036 5368 scandalum
2079 5315 2210 5384 pati,

641 5414 762 5456 cum
789 5397 833 5452 is
880 5400 994 5452 ait:
1033 5417 1050 5450 ι
1087 5398 1238 5454 Nunc
1271 5415 1359 5462 me
1383 5401 1623 5470 quaeritis
1653 5405 1918 5470 occidere,
1944 5407 2213 5460 hominem

640 5489 729 5554 qui
759 5490 1038 5544 veritatem
1071 5492 1222 5546 vobis
1257 5493 1362 5547 dixi
1391 5494 1456 5546 ενι
1495 5513 1515 5548 ›
1557 5495 1649 5549 sed
1683 5496 2068 5554 incarnationis
2097 5516 2213 5570 my-

642 5583 866 5636 sterium
897 5592 1175 5652 reputans,
1206 5585 1293 5654 pic
1331 5588 1532 5642 dictum
1557 5588 1799 5644 admitte.
1833 5588 2079 5660 Namque
2126 5592 2208 5646 his

712 5787 756 5817 ⁸³
785 5785 938 5859 luat}.
977 5803 1093 5850 \‘lll,
1128 5789 1215 5850 57,
1293 5792 1336 5822 3"
1367 5792 1380 5845 l
1407 5791 1527 5846 Cor.
1563 5808 1621 5859 ιι,
1657 5794 1707 5848 8.

653 5857 732 5912 l5.
811 5857 852 5888 ⁸³
887 5856 1040 5911 Joau.
1070 5875 1180 5924 tm,
1211 5859 1298 5912 40.

1786 5795 1829 5826 ⁸⁸
1869 5794 2054 5849 Matth.
2109 5812 2218 5859 xu,
2251 5796 2338 5849 Sal.

2310 2042 2386 2104 ὡς
2414 2040 2556 2092 κατά
2581 2037 2847 2090 Δεσπότου
2865 2037 2960 2090 καὶ
2975 2037 3178 2107 Κυρίου
3201 2033 3570 2104 τολμήσαντες
3600 2031 3895 2084 κατεδικά-

2311 2133 2537 2202 σθησαν,
2571 2130 2733 2201 δῆλον
2777 2129 2853 2193 ὡς
2889 2129 3124 2198 ματαίαν
3173 2127 3426 2180 ὑπόνοιαν
3462 2127 3672 2188 ἑαυτοῖς
3716 2125 3893 2177 ἐπλάο

2311 2242 2493 2288 σαντο,
2526 2224 2812 2294 ἄνθρωπον
2849 2221 3169 2291 νομίσαντες
3219 2214 3382 2282 εἶναι,
3413 2219 3515 2272 κᾶν
3546 2221 3773 2271 ἐνοικεῖν
3812 2217 3896 2278 εὶς

2309 2316 2471 2369 αὐτὸν
2495 2315 2582 2367 τὸν
2611 2316 2783 2382 Λόγον
2815 2313 3065 2381 λέγωσιν.
3111 2311 3169 2365 '0
3199 2311 3296 2382 μὲν
3324 2307 3416 2364 οὖν
3449 2309 3714 2378 μακάριος
3742 2305 3897 2360 Παῦ-

2307 2407 2397 2470 λος
2422 2423 2487 2459 πε
2496 2407 2550 2476 pl.
2581 2405 2691 2458 τῶν
2717 2404 3146 2476 παυρωσάντων
3175 2401 3574 2471 διαλεγόμενος,
3608 2398 3898 2469 κυριοκτό-

2308 2513 2431 2560 νους
2491 2497 2689 2557 αὐτοὺς
2750 2494 2998 2563 ἐναργῶς
3060 2491 3406 2562 παρίστησιν,
3439 2491 3628 2551 αὐταῖς
3681 2488 3898 2553 λέξεσιν

2309 2586 2537 2658 γράφων
2575 2586 2782 2649 οὕτως’
2826 2602 2845 2636 t
2891 2585 2954 2636 Εἰ
2990 2582 3100 2652 γάρ
3134 2584 3396 2651 ἔγνωσαν,
3428 2579 3526 2633 οὐκ
3561 2579 3626 2632 ἂν
3651 2579 3741 2631 τὸν
3773 2580 3898 2630 Κύ-

2313 2696 2425 2749 ριον
2458 2679 2557 2746 τῆς
2592 2677 2748 2744 δόξης
2793 2673 3162 2743 ἐσταύρωσαν.
3212 2691 3229 2723 ι
3267 2673 3373 2724 Καὶ
3410 2671 3572 2732 αὐτὸς
3599 2670 3655 2722 δὲ
3684 2668 3897 2738 Κύριος

2309 2772 2364 2822 ἐν
2397 2772 2462 2840 τῇ
2507 2768 2600 2820 τοῦ
2636 2767 2954 2836 ἀμπελῶνος
2993 2763 3273 2835 παραϐολῇ
3310 2761 3709 2816 ἀπεσταλκέναι
3757 2761 3899 2830 φησὶ

2307 2861 2399 2914 τὸν
2423 2860 2810 2928 οἰκοδεσπότην
2833 2859 2957 2920 τοὺς
2985 2855 3206 2917 δούλους
3229 2853 3392 2906 αὑτοῦ
3414 2853 3547 2923 πρὸς
3570 2854 3692 2914 τοὺς
3716 2869 3900 2920 γεωρ-

2309 2954 2438 3023 γούς
2461 2972 2474 2986 ·
2511 2973 2528 3006 ι
2554 2955 2646 3007 καὶ
2666 2954 2724 3005 ὃν
2753 2953 2852 3021 μὲν
2882 2952 3113 3020 ἔδειραν,
3144 2949 3326 3020 φησὶν,
3362 2948 3420 3000 ὃν
3453 2948 3509 3000 δὲ
3541 2947 3897 3009 ἀπέκτειναν,

2307 3046 2366 3099 ὃν
2414 3044 2814 3112 ἐλιθοϐόλησαν,
2850 3061 2867 3093 ι
2893 3043 2942 3094 οἱ
2964 3041 3201 3112 γεωργοὶ
3251 3039 3529 3110 δηλονότι·
3579 3037 3807 3106 ὓστερον
3841 3036 3900 3089 δὲ

2308 3135 2710 3189 ἀπεσταλκέναι
2761 3134 2925 3202 φησὶν
2967 3132 3127 3185 αὐτὸν
3168 3130 3257 3183 τὸν
3302 3129 3438 3193 υἱὸν,
3484 3128 3542 3179 ὃν
3574 3129 3622 3179 οἱ
3657 3127 3902 3196 γεωργοὶ¹

2312 3227 2635 3296 θεασάμενοι
2670 3221 2824 3277 εἷπον
2873 3223 3009 3293 πρὸς
3056 3220 3322 3284 ἑαυτούς’
3378 3238 3396 3269 ι
3453 3210 3621 3281 Οὗτός
3669 3219 3819 3269 ἐστιν
3873 3218 3903 3268 6

2313 3318 2666 3387 κληρονόμος,
2687 3314 2860 3376 δεῦτε,
2899 3312 3310 3381 ἀποκτείνωμεν
3338 3309 3519 3374 αὑτὸν,
3550 3309 3644 3360 καὶ
3676 3307 3904 3376 σχῶμεν

2314 3407 2478 3461 αὐτοῦ
2504 3406 2603 3475 τὴν
2629 3403 3024 3475 κληρονομίαν·
3053 3402 3148 3455 καὶ
3175 3400 3429 3464 λαϐόντες
3454 3399 3618 3452 αὑτὸν
3640 3397 3904 3464 ἐξέϐαλον

2314 3498 2417 3562 ἔξω
2459 3497 2554 3550 τοῦ
2600 3495 2943 3566 ἀμπελῶνος,
2979 3496 3072 3548 καὶ
3115 3494 3461 3547 ἀπέκτειναν.
3507 3510 3524 3542 ι
3563 3492 3625 3543 El
3657 3490 3841 3543 τοίνυν
3875 3490 3906 3540 6

2320 3591 2421 3661 μὲν
2452 3588 2772 3649 ’Λπόστολος
2791 3587 2994 3656 Κύριον
3033 3586 3129 3655 τῆς
3160 3584 3320 3653 δόξης
3362 3583 3452 3636 τὸν
3482 3580 3907 3650 ἐσταυρωμένον

2315 3681 2584 3750 ὁμολογεῖ,
2617 3679 2777 3740 αὐτὸς
2806 3678 2862 3729 δὲ
2893 3679 2920 3728 ὁ
2952 3675 3139 3745 Σωτὴρ
3173 3675 3300 3736 τοὺς
3339 3673 3439 3742 μὲν
3470 3673 3753 3741 προφήτας
3777 3670 3907 3723 δού-

2315 3771 2438 3834 λους
2473 3769 2916 3838 ἀπεσταλμένους
2949 3767 3213 3834 διδάσκει,
3245 3765 3435 3818 ἑαυτὸν
3479 3764 3534 3816 δὲ
3562 3762 3656 3816 τοῦ
3691 3763 3907 3814 Δεσπόο

2315 3878 2409 3912 του
2430 3859 2538 3912 τῶν
2565 3858 2765 3912 δούλων
2797 3857 2946 3922 Υίὸν,
2978 3857 3059 3917 τίς
3089 3858 3168 3907 ἑτι
3195 3855 3456 3924 τολμήσει
3481 3853 3662 3920 λέγειν
3695 3853 3771 3914 ὡς
3806 3854 3906 3906 ἀν-

2319 3951 2534 4021 θρωπος
2565 3946 2631 4019 ἦν
2674 3951 2700 4001 6
2749 3949 2943 4016 λέγων,
2981 3967 2998 3997 t
3037 3947 3150 3999 Νῦν
3187 3946 3243 3999 δὲ
3273 3945 3485 4015 ζητεῖτέ
3524 3961 3589 4011 με
3631 3944 3904 3995 ἀποκτεῖ-

2317 4059 2424 4105 ναι,
2465 4034 2486 4093 ἶ
2522 4041 2615 4094 καὶ
2651 4040 2769 4110 οὐχὶ
2824 4039 3024 4109 μᾶλλον
3074 4038 3206 4100 Θεὸς
3254 4033 3725 4106 ἑνηνθρωπηκώς;
3789 4035 3908 4086 Καὶ

2322 4134 2536 4205 μάλισθ’
2568 4135 2696 4186 ὅταν
2744 4133 2838 4185 καὶ
2871 4132 2939 4184 τά
2978 4129 3258 4199 θεοπρεπῆ
3313 4127 3448 4198 ἔργα
3491 4129 3556 4196 τῇ
3605 4124 3906 4194 ἀνθρώπου

2320 4226 2659 4297 προσηγορίᾳ
2715 4224 2983 4294 λεγόμενα
3038 4221 3213 4293 ἀκούῃ
3276 4219 3536 4286 μέλλοντα
3601 4215 3906 4284 γίνεσθαιο

2325 4337 2342 4368 ι
2393 4319 2650 4387 Ἔρχεται
2684 4315 2792 4385 γὰρ
2821 4315 2960 4384 ὥρα,
2996 4312 3088 4366 καὶ
3137 4312 3230 4362 νῦν
3278 4311 3448 4374 ἐστιν,
3493 4308 3579 4360 ὅτε
3623 4308 3673 4359 οἱ
3712 4307 3909 4376 νεκροὶ

2317 4409 2621 4474 ἀκούσωσιν
2665 4408 2761 4477 τῆς
2797 4405 2981 4474 φωνῆς
3014 4404 3105 4457 τοῦ
3137 4402 3268 4455 Υίοῦ
3302 4401 3394 4454 τοῦ
3430 4398 3755 4469 ἀνθρώπων
3809 4399 3912 4450 καὶ

2316 4502 2364 4552 οἱ
2396 4498 2727 4559 ἀκούσαντες
2765 4499 3008 4566 ζήσουσι.
3054 4514 3070 4546 ι
3100 4495 3224 4560 Καὶ,
3263 4511 3280 4544 t
3321 4493 3488 4546 Ὅταν
3526 4489 3678 4561 ἔλθῃ,
3710 4490 3905 4559 φησὶν,

2318 4596 2345 4647 6
2392 4593 2519 4655 Υἱὸς
2561 4591 2655 4644 τοῦ
2702 4588 2990 4660 ἀνθρώπου
3037 4588 3094 4639 ὲν
3142 4588 3208 4655 τῇ
3266 4582 3512 4653 βασιλεία
3563 4581 3760 4644 αὐτοῦ,
3813 4581 3910 4632 καὶ

2321 4685 2519 4746 πάντες
2537 4684 2584 4734 οἱ
2607 4680 2828 4748 ἄγγελοι
2859 4681 2976 4748 μετ’
2999 4675 3185 4737 αὑτοῦ,
3209 4675 3326 4726 τότε
3350 4673 3561 4726 καθίσει
3585 4672 3678 4724 ἐπὶ
3707 4671 3908 4742 θρόνου

2323 4775 2478 4844 δόξης
2511 4773 2697 4835 αὑτοῦ,
2726 4771 2824 4839 τὴν
2849 4768 3063 4822 δικαίαν
3097 4767 3298 4819 ἅπασιν
3325 4764 3600 4832 ἐπιφέρων
3627 4763 3838 4832 κρίσιν.
3886 4781 3904 4813 ι

2325 4867 2455 4928 Καὶ,
2499 4882 2516 4913 t
2558 4863 2746 4925 Οὐδεὶς
2786 4859 3123 4929 ἀναϐέϐηκεν
3154 4858 3232 4918 είς
3270 4856 3360 4907 τὸν
3395 4854 3640 4924 οὐρανὸν,
3670 4855 3718 4906 εἰ
3755 4855 3836 4926 μὴ
3883 4857 3914 4907 ὁ

2325 4959 2388 5009 ὲκ
2428 4956 2521 5009 τοῦ
2552 4952 2780 5025 οὐρανοῦ
2812 4951 3074 5014 καταϐὰς,
3107 4952 3134 5001 ὁ
3166 4948 3289 5010 Υἱὸς
3319 4945 3411 4998 τοῦ
3442 4943 3754 5014 ἀνθρώπου.
3813 4965 3832 4995 ι

2394 5054 2481 5116 ιη’.
2537 5041 2776 5104 Ἀκούεις
2807 5040 3056 5108 φανερῶς
3099 5039 3190 5090 τὸν
3217 5035 3348 5096 Θεὸν
3377 5035 3546 5102 Λόγον
3577 5037 3642 5103 τῇ
3690 5035 3912 5105 ἀνθρώο

2321 5156 2421 5190 που
2450 5134 2787 5207 προσηγορία
2816 5131 2904 5184 διὰ
2928 5130 3023 5200 τὴν
3052 5128 3186 5199 πρὸς
3212 5127 3308 5196 τὴν
3338 5128 3513 5194 σάρκα
3543 5126 3739 5177 ἕνωσιν
3783 5128 3908 5179 ὀνο-

2324 5229 2654 5300 μαζόμενον;
2701 5226 2795 5287 Τίς
2831 5225 2940 5294 γὰρ
2986 5223 3050 5275 ἀν
3083 5221 3166 5288 εἴη
3199 5221 3385 5288 ἔτερος
3415 5219 3477 5269 ἐκ
3521 5215 3611 5268 τοῦ
3662 5217 3909 5286 ούρανοῦ

2324 5320 2564 5380 καταϐάς
2586 5337 2599 5383 ;
2621 5314 2832 5386 Μηκέτι
2863 5309 2954 5366 οὖν
2987 5309 3497 5372 σκανδαλίζου,ὄταν
3527 5306 3706 5373 λέγει·
3741 5327 3758 5358 ι
3792 5309 3911 5360 Νῦν

2322 5413 2378 5464 δὲ
2410 5410 2620 5480 ζητεῖτὲ
2656 5425 2720 5478 με
2759 5408 3096 5465 ἀποκτεῖναι,
3124 5401 3406 5470 ἄνθρωπον
3432 5398 3488 5460 ὃς
3519 5398 3614 5468 τὴν
3641 5397 3908 5468 ἀλήθεια-ι

2324 5503 2452 5572 ὑμῖν
2508 5501 2812 5569 λελάληκα·
2850 5516 2867 5547 ι
2917 5495 3030 5548 ἀλλ’
3071 5490 3264 5544 ἐννοῶν
3299 5489 3395 5561 τὴν
3437 5489 3781 5558 οἰκονομίαν,
3823 5493 3913 5542 εύ-

2323 5592 2493 5655 σεϐῶς
2558 5591 2711 5660 δέχου
2772 5586 3200 5654 τὸλεγόμενον·
3264 5583 3326 5632 ὲκ
3382 5577 3587 5631 τούτων
3632 5580 3745 5649 γὰρ
3808 5581 3911 5652 τῆς

2940 5788 2981 5819 ιτ
3013 5781 3197 5841 “mlh,
3220 5793 3343 5844 xxv,
3376 5776 3461 5831 31.
3542 5777 3585 5807 ⁵⁸
3612 5773 3778 5830 Joan.
3824 5791 3908 5842 Ill,

2416 5797 2458 5827 "°
2490 5793 2641 5848 Joan.
2682 5807 2735 5858 ν,
2775 5791 2861 5844 25.
