4104 6500
127 389 196 447 ῑΠ

1290 419 1478 486 QUOD
1517 421 1576 476 Β.
1615 422 1830 476 ΜΑῐὶΙΑ
1873 423 1980 480 SIT
2022 425 2339 481 DEIPARA.

3329 433 3437 491 278

143 531 334 619 ίςθίλξθεωῖ
368 527 653 594 μάλιστα.
694 537 738 606 ὴ
777 539 1074 609 οἰκονομία
1099 541 1405 596 δείκνυταιο
1440 546 1532 599 καὶ
1562 546 1642 600 ὅτι
1667 546 1760 599 κᾶν

1871 547 2052 602 verbis
2101 549 2315 604 unionis
2335 548 2682 619 potissimum
2713 549 3047 619 dispensatio
3075 564 3433 611 monsu-atur:

167 711 447 772 ιαθὲαυτδν
466 721 908 793 ὀνομάζεσθαι.
933 732 1029 794 Τίς
1057 731 1164 801 γὰρ
1185 729 1444 800 τολμήσει
1466 729 1648 796 λέγειν
1673 729 1766 782 ἄν-

183 809 376 879 θρωπον,
402 813 501 866 καὶ
526 816 724 873 ταῦτα.
738 822 1073 892 ὲνεργήσειν
1091 822 1158 875 τὰ
1174 838 1398 892 προειρη
1409 822 1542 890 μένα
1561 837 1574 885 ;
1621 820 1765 888 λέγω

185 898 236 968 δὴ
254 899 405 970 invii
416 903 475 955 οὺ
486 906 658 975 ρανοῦ
684 910 1231 980 μέλλουσανὲσεσθαι
1250 912 1554 981 παρουσίαν
1575 910 1762 976 αὐτοῦ,

193 993 271 1043 καὶ
300 993 391 1064 τὴν
431 998 556 1066 περὶ
586 999 824 1053 πάντων
857 1002 1072 1055 δικαίαν
1095 1002 1306 1072 κρίσιν·
1328 1001 1419 1054 τοῦ
1445 1001 1762 1072 ἱεροψάλτου

187 1083 404 1150 μάλιστα
419 1087 580 1141 Δαδὶδ
604 1089 833 1160 ᾄδοντος
851 1108 864 1120 ⁶
901 1110 920 1144 ι
945 1093 1034 1145 Σοὶ
1049 1093 1249 1162 πρέπει
1283 1090 1470 1161 ὖμνος,
1485 1094 1513 1144 6
1535 1091 1688 1155 Θεὸς,
1703 1094 1762 1145 ὲν

183 1174 332 1242 Σιὼν,
365 1179 457 1231 καὶ
486 1180 568 1232 σοὶ
613 1182 1020 1252 ἀποδοθήσεται
1049 1183 1185 1253 εὐχὴ
1213 1185 1270 1236 ἐν
1321 1183 1693 1254 Ἰερουσαλήμ.
1737 1200 1756 1233 ι

180 1268 514 1323 Εξσάκουσον
555 1274 872 1344 προσευχῆς
893 1291 908 1305 ο
931 1294 948 1325 ι
969 1275 1110 1344 Πρὸς
1144 1275 1203 1326 σὲ
1248 1275 1398 1326 πᾶσα
1435 1274 1571 1343 σάρξ
1586 1274 1757 1342 ἥξει.»

177 1359 239 1411 Τί
267 1362 376 1429 γὰρ
403 1361 590 1433 ἔτερόν
623 1364 774 1417 ἐστιν
805 1364 987 1429 τοῦτο,
1019 1365 1133 1417 ἀλλ’
1167 1365 1198 1435 ἢ
1230 1366 1366 1434 ὅπερ
1393 1365 1484 1418 τὸν
1514 1365 1639 1418 Υίόν
1669 1364 1762 1418 τοῦ

173 1450 467 1520 ἀνθρώπου
503 1456 752 1525 ποιήσειν
787 1457 1219 1527 μεμαθήκαμεν;
1259 1476 1276 1507 ι
1318 1456 1450 1508 Τότε
1490 1455 1620 1527 γὰρ,
1662 1474 1764 1527 φη·

174 1541 283 1604 σὶν,
331 1542 552 1596 καθίσει
587 1545 680 1596 ἐπὶ
717 1544 906 1616 θρόνου
934 1545 1091 1616 δόξης
1133 1545 1320 1610 αὑτοῦ,
1359 1546 1456 1599 καί
1492 1546 1765 1617 συναχθή-

172 1648 362 1684 σονται
401 1633 720 1703 ἔμπροσθεν
773 1637 935 1690 αὑτοῦ
977 1639 1154 1691 πάντα
1200 1636 1269 1689 τὰ
1310 1636 1463 1707 ἔθνη.
1521 1656 1539 1689 ι
1602 1637 1765 1708 Ὁρᾷς

167 1723 325 1784 ὅπως
352 1723 450 1777 τοῦ
482 1726 650 1780 Δαϐὶδ
680 1727 756 1791 ὡς
803 1728 941 1799 πρὸς
984 1728 1115 1780 Θεὸν
1143 1728 1412 1795 λέγοντος,
1453 1747 1470 1778 ι
1513 1728 1656 1798 Πρὸς
1704 1731 1764 1782 σὲ

169 1816 328 1867 πᾶσα
357 1816 503 1884 σὰρξ
530 1818 671 1886 ἥξει,
712 1838 731 1869 ›
767 1822 847 1882 είς
885 1821 974 1872 τὸν
1013 1820 1140 1871 Υίὸν
1172 1819 1265 1872 τοῦ
1292 1818 1579 1889 ἀνθρώπου
1604 1819 1762 1872 τοῦτο

54 679 56 690 Ι
152 607 388 679 hiatum;
419 617 844 697 ὀνομάζηται,
883 630 947 683 ού
983 607 1107 702 δίχα
1150 635 1247 702 τῆς
1282 634 1531 705 θεότητος
1559 639 1760 703 ὀφείλει

1864 648 1918 692 et
1953 639 2114 706 quod,
2137 641 2349 696 etiamsi
2389 641 2550 696 homo
2590 641 2908 711 appelletur,
2935 657 3041 697 non
3099 654 3279 699 tamen
3307 646 3434 701 abs-

1864 739 1968 792 que
1991 725 2273 781 divinitate
2318 741 2558 782 seorsum
2617 744 2716 797 per
2752 743 2811 784 se
2847 730 3008 786 homo
3071 744 3434 803 nuncupatur.

1864 817 1994 882 Quis
2032 818 2176 871 enim
2214 819 2359 872 ausit
2384 820 2563 874 dicere
2593 820 2886 881 hominem.
2925 828 3016 891 qui
3041 823 3218 891 qualia
3272 840 3436 892 supra

1865 908 2003 962 dicta
2033 919 2158 962 sunt
2188 909 2481 965 eﬂ'ecturus
2511 910 2625 965 sit?
2666 909 2907 966 futurum
2931 913 3182 968 videlicet
3204 914 3271 968 de
3299 915 3438 968 caalo

1862 999 2149 1054 adventum
2179 1000 2314 1067 ejus,
2341 1000 2661 1072 justumque
2713 1003 2778 1059 de
2813 1005 3065 1060 omnibus
3123 1005 3434 1061 faciendum

1856 1088 2141 1158 judicium.
2176 1090 2313 1145 Cum
2362 1094 2662 1166 praesertim
2723 1109 2879 1150 sacer
2939 1096 3221 1165 psalmista
3268 1097 3435 1151 David

1863 1193 2068 1236 canat:
2138 1198 2158 1233 ι
2215 1182 2291 1236 Te
2316 1184 2470 1238 decet
2507 1185 2762 1255 hymnus,
2827 1187 2986 1254 Deus,
3014 1189 3067 1242 in
3129 1188 3334 1254 Sione;
3383 1197 3438 1242 et

1865 1273 1959 1327 tibi
1988 1271 2245 1328 offeretur
2276 1274 2450 1329 oratio
2474 1275 2529 1329 in
2555 1274 2851 1332 Jerusalem
2879 1278 2947 1331 ’⁸.
2987 1297 3004 1331 ι
3062 1279 3201 1334 Audi
3235 1281 3438 1334 oratio-

1863 1381 1985 1420 nem
2017 1384 2032 1420 :
2072 1385 2092 1417 ι
2131 1366 2211 1420 Ad
2259 1375 2311 1421 te
2369 1368 2545 1422 omnis
2597 1384 2728 1423 caro
2778 1371 3043 1425 veniet“.
3079 1390 3097 1424 ι
3134 1371 3269 1437 Quid
3294 1372 3437 1426 enim

1864 1455 1966 1510 hoc
1999 1456 2142 1510 aliud
2158 1466 2262 1520 est,
2300 1473 2458 1527 quam
2494 1456 2635 1526 quod
2667 1457 2870 1513 Filium
2905 1460 3138 1515 hominis
3174 1460 3436 1515 facturum

1863 1560 1985 1600 esse
2008 1545 2330 1602 didicimus?
2364 1566 2381 1598 ι
2437 1549 2588 1603 Tunc
2652 1550 2818 1616 enim,
2874 1550 3069 1617 inquit,
3122 1550 3330 1605 sedebit
3385 1550 3437 1603 in

1866 1637 2060 1691 throno
2090 1635 2273 1705 gloriae
2303 1652 2439 1704 suae,
2471 1647 2526 1691 et
2555 1639 3040 1708 congregabantur
3089 1654 3272 1694 coram
3324 1639 3440 1706 ipso

1863 1740 2054 1782 Omnes
2083 1737 2271 1796 gentes
2299 1729 2366 1783 ".
2405 1748 2422 1780 ι
2451 1727 2661 1793 Viden’,
2687 1729 2957 1799 quomodo
2983 1744 3103 1783 cum
3138 1730 3302 1784 David
3331 1729 3440 1782 Deo

1864 1814 2107 1868 dixerit:
2160 1834 2177 1865 ι
2210 1817 2290 1870 Ad
2321 1827 2371 1872 te
2403 1820 2580 1873 omnis
2632 1834 2760 1874 caro
2818 1820 3016 1885 veniet,
3075 1837 3094 1870 ι
3157 1833 3270 1872 rem
3302 1817 3442 1870 hanc

167 1905 528 1976 πληροῦσθαι
555 1910 747 1977 μέλλον
774 1910 1177 1976 ἀποδέδεικται;
1205 1909 1337 1973 Θεὸς
1359 1906 1450 1962 οὖν
1481 1911 1628 1964 ἐστιν
1656 1912 1760 1980 ἄρα

1868 1902 1920 1956 in
1950 1901 2085 1959 Filio
2108 1904 2340 1959 hominis
2387 1907 2593 1961 exitum
2635 1907 2946 1962 habituram
3010 1908 3439 1961 demonstratum

165 1997 615 2067 ὲνανθρωπήσας
645 2002 672 2051 6
698 1999 764 2051 ὲκ
803 2000 1021 2069 Μαρίας
1045 1999 1278 2069 τεχθεὶς,
1307 2000 1416 2053 τῶν
1444 1999 1604 2053 θείων
1632 2001 1766 2070 ἡμῖν

167 2086 206 2137 Γ
211 2087 415 2156 pag:th
445 2087 605 2140 τοῦτο
641 2088 731 2142 διὰ
761 2089 970 2142 πολλῶν
1012 2091 1339 2155 ἀποδείξεων
1377 2091 1624 2163 ἐναργῶς
1666 2093 1766 2161 ὲμο

167 2179 513 2244 φαινουσῶν.
554 2180 816 2245 Θεοτόκος
853 2183 908 2234 δὲ
950 2183 1166 2246 πάντως
1204 2184 1296 2236 καὶ
1339 2182 1477 2253 αὕτη
1514 2185 1546 2253 ἡ
1579 2183 1767 2236 καλλι-

169 2269 473 2338 πάρθενος,
512 2271 614 2325 κᾶν
653 2265 799 2324 οὗτοι
839 2272 912 2344 μὴ
961 2273 1287 2343 βούλωνται·
1320 2276 1368 2326 εί
1402 2275 1511 2343 γὰρ
1555 2273 1768 2343 ἄνθρω-

168 2376 270 2421 ποῖ
301 2357 375 2429 ἦν
407 2362 437 2412 6
465 2360 528 2425 ἐξ
571 2362 743 2433 αὐτῆς
786 2363 1066 2433 προελθὼν
1104 2362 1310 2429 Ἰησοῦς
1357 2362 1613 2433 Χριστὸς,
1650 2362 1766 2425 πῶς

170 2455 200 2506 6
241 2452 464 2516 Παῦλος
509 2454 776 2518 Γαλάταις
827 2455 1154 2508 ἐπιστέλλων
1189 2455 1424 2523 ἔγραφε·
1466 2473 1484 2504 ι
1545 2454 1762 2516 Παῦλος

173 2544 501 2610 ἀπόστολος,
552 2546 652 2597 οὐκ
700 2547 796 2599 ἀπ’
831 2545 1154 2615 ἀνθρώπων,
1189 2544 1308 2597 οὐδὲ
1339 2545 1406 2599 δι’
1449 2544 1762 2616 ἀνθρώπου,

176 2633 312 2687 ἀλλὰ
340 2633 434 2687 διὰ
473 2634 650 2704 Ἰησοῦ
681 2634 953 2703 Χριστοῦ;
993 2654 1010 2686 ι
1042 2635 1211 2706 Δῆλον
1240 2636 1316 2697 ὡς
1347 2635 1447 2689 οὐκ
1480 2635 1766 2707 ἄνθρωπος

183 2725 362 2794 μόνον,
409 2725 549 2778 ἀλλὰ
588 2725 718 2788 Θεὸς
762 2725 1199 2798 ὲνηνθρωπηκώς
1240 2727 1407 2782 ἐστιν.
1454 2728 1546 2798 Μὴ
1588 2728 1766 2781 τοίνυν

183 2813 727 2878 σκανδαλιζέσθωσαν
797 2813 891 2866 ἐπὶ
951 2818 1072 2879 ταῖς
1130 2815 1408 2879 τοιαύταις
1466 2820 1672 2885 φωναῖς
1716 2819 1765 2870 oi

181 2905 522 2968 ἀπαίδευτοι,
568 2904 704 2958 ἀλλὰ
741 2905 1179 2960 διδασκέσθωσαν
1226 2908 1320 2958 τοῦ
1371 2907 1516 2960 θείου
1559 2925 1765 2978 μυστη-

188 2995 295 3064 ρίου
321 2995 425 3065 τὴν
455 2997 795 3066 οἰκονομίαν,
828 2997 922 3049 καὶ
961 2995 1436 3066 προσκυνείτωσαν
1463 2997 1648 3050 λοιπὸν
1674 2999 1764 3050 τὸν

185 3086 417 3155 Χριστὸν
475 3086 616 3156 μετὰ
669 3085 778 3137 τῶν
826 3086 1074 3153 ἀγγέλων
1123 3089 1219 3140 καὶ
1276 3087 1449 3140 αὐτοί.
1516 3104 1536 3138 ι
1597 3088 1763 3141 Ὅταν

186 3179 307 3248 γὰρ,
339 3178 532 3248 φησὶν,
563 3176 838 3248 εἰσαγάγῃ
866 3177 957 3228 τὸν
977 3177 1329 3247 Πρωτότοκον
1363 3180 1444 3239 εἰς
1463 3178 1561 3248 τὴν
1590 3178 1762 3230 οίκου-

1869 1993 1976 2046 sit?
2000 1993 2134 2049 Deus
2161 2004 2242 2049 est
2272 1996 2432 2065 igitur
2458 1996 2785 2052 humanatus
2813 2012 2972 2064 quem
3008 1996 3173 2050 Maria
3209 1995 3438 2065 peperit,

1867 2085 2063 2139 divinis
2093 2087 2246 2140 nobis
2291 2088 2591 2156 Scripturis
2643 2104 2757 2143 rem
2818 2090 2958 2144 hanc
2999 2098 3438 2158 argumentorum

1867 2175 2214 2231 multitudine
2235 2177 2514 2233 evidenter
2538 2180 2971 2235 ostendentibus.
3001 2179 3229 2248 Deipara
3261 2188 3439 2232 autem

1867 2269 2086 2321 omnino
2104 2277 2186 2322 est
2217 2269 2329 2335 ipsa
2360 2283 2574 2337 quoque
2604 2270 2820 2340 egregia
2860 2269 3045 2339 Virgo,
3083 2270 3434 2339 quantumvis

1868 2355 1956 2409 isti
1987 2357 2178 2411 nolint.
2209 2357 2342 2410 Nam
2361 2359 2405 2412 si
2449 2360 2609 2413 homo
2637 2361 2825 2414 fuisset
2853 2360 2943 2428 qui
2975 2375 3041 2413 ex
3094 2361 3205 2428 ipsa
3245 2360 3444 2427 prodiit

1865 2445 2018 2500 Jesns
2053 2446 2323 2514 Christus,
2353 2448 2622 2516 quomodo
2657 2447 2854 2503 Paulus
2881 2449 2932 2502 in
2967 2448 3205 2521 Epistola
3239 2449 3305 2503 ad
3333 2447 3440 2502 Gae

1867 2537 2002 2594 latas
2035 2541 2388 2610 scripsisset:
2425 2558 2441 2592 ι
2475 2541 2673 2597 Paulus
2709 2541 3004 2610 apostolus,
3029 2557 3136 2596 non
3169 2541 3235 2597 ab
3261 2541 3442 2594 homi-
3521 2557 3527 2564 ·

1868 2633 2048 2697 nibus,
2074 2649 2246 2704 neque
2267 2650 2366 2703 per
2416 2635 2714 2700 hominem,
2769 2635 2861 2690 sed
2927 2649 3023 2704 per
3070 2632 3252 2688 Jesum
3284 2632 3444 2689 Chri-

1868 2735 2008 2780 stum
2030 2725 2111 2778 ‘3?
2146 2743 2167 2777 ι
2200 2725 2362 2779 Plane
2384 2735 2526 2793 patet
2558 2741 2665 2780 uon
2692 2741 2815 2785 esse
2871 2727 3150 2780 hominem
3207 2734 3440 2780 tantum-

1867 2820 2045 2885 modo,
2069 2819 2160 2874 sed
2189 2821 2350 2874 Deum
2380 2820 2756 2873 humanatnm.
2818 2817 2896 2872 Ne
2941 2832 3070 2886 ergo
3117 2816 3199 2870 his
3215 2814 3438 2868 vocibus

1866 2911 2294 2966 scandalizentur
2329 2910 2663 2976 indocti,scd
2694 2907 2858 2964 divini
2897 2906 3136 2978 mysterii
3160 2905 3443 2973 dispensa-

1870 3002 2068 3056 tionem
2099 3002 2331 3067 discaut,
2363 3002 2697 3068 adorentque
2766 3000 3020 3068 deinceps
3057 2996 3330 3053 Christum
3385 3003 3448 3049 et.

1867 3090 1967 3159 ipsi
1998 3106 2117 3145 cum
2161 3091 2384 3160 angelis.
2424 3090 2679 3162 1541‘:
2726 3089 2857 3144 Cum
2904 3088 3069 3152 enim,
3113 3086 3306 3156 inquit,
3364 3085 3442 3139 in-

1868 3180 2099 3235 troducit
2139 3178 2562 3249 Primogenitum
2597 3181 2646 3232 in
2685 3180 2965 3242 mundum,
3027 3178 3199 3233 dicit:
3238 3176 3303 3230 Et
3353 3175 3443 3229 ad-

191 3271 385 3339 μένην,
433 3268 618 3335 λέγει·
659 3269 770 3320 Καὶ
800 3269 1335 3339 προσκυνησάτωσαν
1368 3269 1515 3338 αὐτῷ
1563 3270 1760 3332 πάντες

1863 3281 2022 3328 orent
2049 3287 2170 3327 eum
2195 3273 2369 3343 angeli
2400 3271 2578 3336 Dei“;
2612 3289 2631 3323 ι
2658 3280 2712 3326 et
2742 3285 2787 3324 ιι
2809 3269 2865 3324 ln
2901 3270 3119 3325 nomine
3135 3268 3259 3323 Jesu
3280 3284 3442 3323 omne

188 3360 555 3430 ἁγγελοιΘεοῦ
574 3377 587 3390 ·
617 3378 635 3412 ι
661 3363 773 3426 καὶ,
795 3381 812 3411 ι
839 3361 924 3413 Ἐν
937 3360 1313 3432 τῷόνόματιδὲ
1329 3360 1503 3432 Ἰησοῦ
1525 3362 1762 3432 Χριστοῦ

187 3456 284 3507 πᾶν
317 3456 449 3521 γόνυ
481 3453 691 3524 κάμψει
723 3454 1063 3524 ἐπουρανίων
1108 3453 1204 3506 καὶ
1248 3453 1503 3521 ἐπιγείων
1533 3453 1628 3508 καὶ
1668 3471 1766 3507 κα-

188 3541 506 3611 ταχθονίων·
553 3545 646 3595 καὶ
695 3545 848 3595 πᾶσα
881 3543 1100 3611 γλῶσσα
1148 3544 1627 3616 ἐξομολογήσεται,
1681 3547 1762 3601 ὅτι

190 3633 385 3704 Κύριος
433 3635 642 3703 Ἰησοῦς
689 3634 924 3703 Χριστὸς
967 3636 1045 3696 είς
1079 3634 1237 3701 δόξαν
1283 3634 1419 3688 Θεοῦ
1464 3637 1696 3708 Πατρός.
1738 3657 1757 3689 ι

188 3724 691 3794 Μνημονεύετωσαν
727 3724 963 3795 Χριστὸν
1009 3725 1212 3795 Ἰησοῦν
1240 3727 1443 3797 Κύριον
1474 3728 1764 3797 ὁμολογού-

193 3832 365 3883 μενον,
418 3818 517 3868 καὶ
562 3815 638 3885 μὴ
666 3815 1123 3887 ταραττέσθωσαν
1166 3818 1295 3871 ὅταν
1341 3817 1630 3888 ἄνθρωπον
1675 3817 1764 3872 διὰ

188 3906 274 3976 τὴν
315 3905 632 3976 οἰκονομίαν
675 3907 964 3960 ἀκούωσιν.

252 3999 334 4051 ιϐ’.
382 3998 542 4051 Οὕτω
575 3999 869 4053 νοείτωσαν
895 4000 990 4053 καὶ
1031 3999 1100 4053 τὰ
1128 4001 1216 4055 διά
1243 4018 1363 4054 τινα
1408 4000 1598 4072 χρείαν
1624 4000 1657 4071 ἢ
1687 4003 1762 4054 οξ-

187 4091 439 4160 κονομίαν
465 4092 597 4162 περὶ
618 4092 781 4144 αὑτοῦ
809 4091 1075 4162 εἰρημένα
1093 4109 1109 4124 ’
1134 4090 1244 4146 οἷόν
1269 4093 1416 4146 ἐστιν
1446 4093 1540 4146 καὶ
1565 4092 1625 4145 τὸ
1656 4093 1761 4146 ὑπὸ

185 4185 386 4251 Πέτρου
441 4185 538 4237 τοῦ
589 4183 887 4238 ἀποστόλου
938 4184 1264 4255 λεγόμενον·
1300 4202 1320 4236 ι
1368 4183 1575 4255 Ἰησοῦν
1625 4184 1753 4254 γὰρ,

184 4276 367 4344 ςησὶν,
393 4277 488 4329 τὸν
511 4274 834 4345 Ναζωραῖον
858 4275 1026 4345 ἄνδρα
1047 4275 1501 4345 ἀποδεδειγμένον
1531 4274 1638 4327 ἀπὸ
1662 4274 1757 4328 τοῦ

184 4365 308 4418 Θεοῦ
341 4370 423 4432 εἰς
453 4368 622 4437 ὑμᾶς,
659 4385 678 4418 ι
715 4367 850 4438 πρὸς
891 4367 1179 4430 Ἰουδαίους
1203 4367 1585 4437 διαλεγόμενος
1608 4370 1634 4420 6
1657 4367 1760 4419 Πέ-

185 4474 301 4526 τρος
321 4477 336 4490 ·
372 4460 480 4528 χρὴ
509 4459 618 4528 γὰρ
641 4459 733 4511 τὸν
758 4461 873 4522 τοῖς
907 4457 1070 4521 θείοις
1101 4457 1296 4526 Λόγοις
1336 4458 1752 4528 ἐντυγχάνοντα,

184 4553 272 4604 καὶ
314 4553 386 4606 τὰ
413 4551 686 4622 πρόσωπα
717 4551 966 4620 θεωρεῖν,
1011 4550 1107 4603 καὶ
1150 4549 1242 4604 τὸν
1285 4549 1499 4620 χρόνον,
1533 4551 1625 4602 καὶ
1667 4548 1754 4601 διὰ

1867 3375 2002 3432 genu
2034 3359 2280 3415 ﬂectatur
2330 3360 2657 3425 caelestium,
2711 3361 3052 3415 terrestrium
3087 3368 3140 3412 et
3196 3357 3442 3414 inferno-

1866 3467 2026 3506 rum:
2059 3451 2306 3506 etomnis
2328 3451 2507 3520 lingua
2536 3453 2857 3505 conliteatur
2914 3451 3197 3504 Dominum
3254 3447 3439 3505 Jesum

1864 3543 2140 3599 Christum
2175 3543 2228 3599 in
2251 3542 2417 3611 gloria
2448 3556 2568 3597 esse
2612 3540 2708 3597 Dei
2739 3539 2914 3594 Patris
2940 3540 3009 3595 “.
3045 3558 3064 3591 ι
3093 3538 3441 3593 Memineriut

1865 3633 2136 3688 Christum
2175 3631 2353 3688 Iesum
2386 3631 2655 3687 communi
2702 3646 2962 3686 consensu
3022 3628 3306 3684 Dominum
3357 3630 3441 3684 di-

1864 3733 2032 3790 ctum,
2072 3739 2248 3794 neque
2287 3724 2700 3787 conturbentur,
2741 3737 2864 3776 cum
2901 3735 3022 3775 eum
3055 3721 3327 3775 hominem
3355 3735 3439 3782 se-

1865 3815 2098 3870 cundum
2128 3813 2586 3874 dispensationem
2623 3820 2872 3867 vocatum
2905 3810 3151 3866 audiunt.

1937 3991 2023 4047 l9.
2055 3990 2146 4046 Sic
2197 3999 2252 4048 et
2307 3992 2422 4046 alia:
2454 3989 2752 4046 locutiones
2784 3986 3145 4058 intelligenda
3169 3994 3295 4042 sunt
3337 4000 3439 4054 pro

1867 4085 1942 4138 rei
1979 4095 2118 4139 natae
2152 4099 2248 4139 usu
2279 4093 2334 4138 et
2374 4081 2778 4152 dispensatione
2833 4080 3012 4144 dictae,
3056 4079 3218 4133 veluti
3272 4079 3440 4133 etiam

1866 4175 2010 4231 Petri
2039 4175 2164 4229 illud
2193 4174 2423 4246 apostoli
2453 4172 2671 4227 effatum
2693 4180 2813 4226 est:
2843 4187 2860 4222 ι
2884 4167 3068 4225 Jesum
3099 4168 3243 4222 enim
3264 4166 3439 4221 Naza-

1863 4283 2052 4322 renum
2113 4267 2287 4320 virum
2331 4265 2684 4333 approbatum
2729 4279 2756 4316 a
2822 4261 2932 4316 Deo
2977 4260 3115 4314 inter
3149 4273 3265 4324 vos,
3307 4275 3328 4309 ι
3363 4258 3438 4312 ait

1862 4357 2075 4411 Judaeos
2106 4355 2383 4423 alloquens
2407 4353 2600 4408 Petrus
2639 4354 2706 4406 ⁸⁸.
2733 4352 2957 4422 Oportet
2978 4350 3122 4403 enim
3146 4349 3214 4403 ab
3237 4364 3322 4412 eo,
3343 4349 3436 4418 qui

1863 4448 2061 4505 divinis
2092 4448 2312 4502 Litteris
2343 4448 2533 4515 utitur,
2559 4456 2614 4501 et
2633 4459 2889 4516 personas
2919 4442 3174 4512 spectari,
3197 4450 3253 4496 et
3306 4451 3436 4496 tem-

1864 4556 1983 4610 pus,
2013 4548 2066 4594 et
2093 4554 2252 4608 quam
2283 4540 2352 4593 ob
2383 4553 2599 4593 causam
2634 4537 2862 4606 quodvis
2891 4535 3128 4598 dicatur,
3165 4532 3422 4602 reputari.

184 4645 338 4696 ποίαν
369 4616 557 4697 αἰτίαν
582 4642 814 4695 ἕκαστον
831 4616 1084 4712 εἴρηται,
1105 4616 1420 4709 λογίζεσθαι
1441 4658 1453 4670 ο
1479 4639 1622 4692 οὕτω
1649 4639 1760 4710 γὰρ

1865 4634 1955 4687 Sic
1979 4633 2122 4687 enim
2147 4631 2377 4700 singulis
2406 4629 2564 4683 dictis
2581 4629 2989 4684 convenientem
3019 4625 3435 4680 accommodare

184 4733 393 4803 ἑκάστῳ
429 4731 581 4803 ῥητῷ
609 4731 709 4801 τὴν
732 4729 1047 4799 πρέπουσαν
1081 4730 1393 4800 ἐφαρμόσαι
1418 4728 1650 4799 θεωρίαν
1676 4746 1761 4792 τις

182 4827 243 4895 τῇ
277 4825 370 4878 τοῦ
421 4822 736 4893 Πνεύματος
769 4820 1059 4892 δυνήσεται
1110 4822 1312 4891 χάριτι.
1365 4821 1515 4873 Ἐπεὶ
1538 4815 1631 4872 οὖν
1664 4819 1760 4872 καὶ

181 4915 332 4970 τοῦτο
373 4916 436 4969 τὸ
490 4913 655 4986 ῥητὸν
705 4913 902 4965 ἐκεῖνοι
951 4911 1090 4982 πρὸς
1133 4910 1389 4963 σύστασιν
1438 4913 1537 4980 τῆς
1581 4909 1759 4963 αὐτῶν

181 5008 495 5071 δυσσεεείας
511 5005 930 5076 προϐάλλονται,
958 5004 1190 5074 εἴδωμεν
1206 5003 1260 5055 τί
1289 5002 1484 5072 δήποτε
1503 5003 1531 5054 6
1556 5002 1758 5072 Πέτρος

184 5101 532 5170 οἰκονομῆσαι
570 5097 915 5167 βουλόμενος,
939 5095 1079 5148 οῦτω
1106 5093 1402 5163 λελάληκεν
1422 5111 1434 5122 ·
1473 5094 1672 5164 μᾶλλον
1696 5094 1752 5146 δὲ

185 5193 337 5243 αὑτὸν
380 5189 828 5260 ὲπερωτήσωμεν
859 5185 958 5257 τὴν
987 5185 1166 5239 αἰτίαν
1201 5185 1452 5253 ἀγγεῖλαι
1484 5187 1636 5256 ἡμῖν,
1683 5185 1750 5237 δι’

189 5283 246 5350 ἢν
281 5282 422 5334 οὕτω
466 5282 646 5350 λέγειν
681 5278 965 5351 προήχθη·
993 5279 1045 5331 τί
1079 5277 1206 5348 φὴς,
1236 5271 1281 5330 ὧ
1315 5276 1587 5346 μακάριε;
1626 5278 1752 5330 Ἀν-

193 5370 398 5436 θρωπον
429 5371 722 5442 κηρύττεις
749 5370 840 5421 τὸν
867 5367 1121 5440 Χριστὸν,
1150 5367 1244 5420 καὶ
1270 5365 1444 5437 τούτῳ
1471 5366 1752 5421 πιστεύειν

193 5461 326 5528 ἡμᾶς
370 5461 716 5525 ἀναπείθεις,
767 5460 856 5513 ἵνα
891 5459 1147 5529 κτίσματι
1175 5458 1460 5530 λατρεύειν
1499 5457 1748 5527 διδάξῃς;

197 5552 294 5604 Καὶ
325 5553 427 5621 μὴν
454 5553 643 5622 ἕτερος
673 5549 970 5613 ἀπόστολος
1010 5549 1284 5621 μέμφεται
1315 5549 1439 5611 τοὺς
1471 5551 1536 5618 τῇ
1578 5550 1750 5601 κτίσει

258 5761 298 5792 ’⁸
322 5760 459 5816 Psal.
485 5774 632 5825 urv,
657 5758 714 5812 9.
793 5758 835 5789 ⁹¹
868 5755 995 5811 ibid.
1029 5757 1082 5810 ’5.
1125 5757 1169 5787 θ’
1202 5754 1390 5812 Matth.
1421 5767 1546 5821 xxv,
1580 5754 1666 5825 3|,
1694 5754 1782 5810 3'2.

201 5832 357 5888 "Ac.
421 5850 476 5900 ιι,
513 5824 624 5886 2‘2.
689 5829 734 5862 ’⁷
762 5827 920 5882 Rom.
961 5843 998 5895 ι,
1025 5828 1139 5895 '25;
1178 5828 1297 5883 Act.
1324 5841 1437 5893 xiv,
1464 5824 1544 5878 la.

1863 4737 2080 4778 sensum
2115 4721 2379 4790 quispiam
2414 4733 2535 4773 cum
2567 4717 2800 4785 Spiritus
2840 4717 3014 4786 gratia
3049 4715 3268 4783 poterit.
3294 4714 3430 4780 Quia

1864 4815 2028 4885 igitur
2059 4815 2197 4867 hanc
2225 4824 2442 4882 quoque
2472 4809 2797 4864 locutionem
2829 4807 2904 4862 illi
2938 4807 3005 4860 ad
3037 4805 3432 4874 suaeirreligio-

1861 4907 2036 4961 sitatis
2060 4903 2524 4960 conﬁrmationem
2553 4899 2839 4968 objiciunt,
2864 4899 3145 4953 videamus
3173 4895 3430 4965 quidnam

1862 4999 2056 5054 Petrus
2080 4997 2234 5065 juxta
2265 4991 2683 5064 dispensationis
2727 4990 2940 5060 regulas
2974 4988 3280 5060 signiticare
3335 5002 3431 5040 vo-

1863 5090 1997 5152 lens,
2031 5090 2101 5141 ita
2134 5088 2347 5142 locutus
2374 5086 2465 5139 sit.
2514 5084 2624 5138 lino
2664 5096 2789 5136 vero
2822 5081 2889 5135 ab
2914 5094 2977 5134 eo
3021 5091 3328 5145 quaeramus
3371 5083 3430 5128 ut

1860 5196 1959 5234 nos
1985 5180 2191 5244 doceat,
2214 5191 2458 5247 quaenam
2490 5189 2611 5228 eum
2632 5187 2792 5227 causa
2837 5171 2900 5224 ad
2929 5171 2980 5225 id
3034 5168 3233 5223 dictum
3261 5169 3428 5236 impu-

1857 5270 1999 5325 lerit.
2028 5269 2166 5336 Quid
2194 5268 2298 5334 ais,
2331 5282 2363 5321 o
2392 5264 2584 5320 beate?
2623 5261 2906 5317 llominem
2968 5258 3226 5329 praedicas
3270 5257 3427 5347 Chri-

1857 5373 2021 5426 stum,
2055 5371 2216 5432 atqne
2243 5370 2300 5414 ut
2330 5359 2453 5413 huic
2482 5359 2764 5412 credamus
2789 5354 3006 5417 suades,
3036 5361 3093 5406 ut
3120 5360 3424 5405 creaturam

1839 5456 2083 5514 adorare
2111 5468 2208 5508 nos
2238 5450 2466 5506 doceas?
2491 5448 2652 5517 Atqui
2682 5446 2818 5500 alius
2860 5442 3148 5513 Apostolus
3175 5441 3424 5509 increpat

1855 5562 1967 5610 cos,
1999 5546 2088 5616 qui
2112 5553 2372 5600 creatura:
2405 5539 2608 5596 cultum
2629 5538 2812 5594 volunt
2834 5535 3088 5592 exhibere
3106 5533 3172 5588 ’⁷.
3198 5530 3425 5586 Praeter-

1861 5755 1904 5786 ’³
1941 5749 2112 5808 Galat.
2143 5767 2180 5814 ι,
2214 5752 2259 5805 l.
2338 5749 2380 5780 ’⁵
2404 5746 2563 5804 llebr.
2597 5762 2633 5811 ι,
2660 5745 2713 5800 6.
2789 5741 2833 5776 ³³
2858 5738 3086 5810 Philipp.
3111 5752 3172 5802 ιι,
3208 5735 3290 5802 l0,
3339 5733 3423 5789 ll.
