4104 6474
704 389 807 443 279
1693 387 1751 442 S.
1796 386 2066 442 CYRILLI
2104 390 2572 450 ALEXANDRINI
2614 396 2933 454 ARCHIEP.
3842 397 3977 454 280

704 522 766 560 ea
823 503 1091 575 quomodo
1120 506 1237 577 ipse
1261 521 1290 559 a
1309 504 1526 563 Christo
1562 504 1947 577 intermgatus,
1971 523 2263 577 quemnam
2294 517 2325 574 Α

2372 513 2656 585 λατρεύειν
2686 517 2965 581 ἐθέλοντας
2989 559 3002 570 .
3026 512 3160 573 Εττα
3186 520 3299 583 πῶς
3324 520 3798 593 αύτὸςὶρωτηθεὶς
3821 520 3975 590 παρ’

702 597 1045 651 existimares
1073 610 1193 652 esse
1222 594 1413 651 Filium
1441 596 1693 662 hominis,
1731 600 2053 667 respondisti
2088 618 2103 657 :
2146 620 2163 652 ι
2190 602 2269 655 Tu

2377 604 2566 670 αὑτοῦ,
2603 607 2725 660 τίνα
2766 608 3016 678 ἐνόμιζες
3050 606 3189 663 εἶναι
3224 612 3315 664 τὸν
3346 612 3475 669 Υίὸν
3508 611 3602 665 τοῦ
3636 610 3970 681 ἀνθρώπου,

704 704 760 742 es
790 686 1061 743 FiliusDei
1090 687 1344 742 viventis?
1372 707 1389 739 ι
1434 689 1696 757 siquidem
1720 705 1783 745 ea
1820 700 1946 745 tunc
1979 691 2271 763 interroga-

2373 697 2698 769 ἀπεκρίθης,
2731 717 2749 749 ‹
2786 701 2855 753 Σὺ
2888 697 2939 753 εῐ
2961 702 3374 765 δΥἱὸςτοῦΘεοῦ
3396 702 3490 756 τοῦ
3510 702 3741 767 ζῶντοςς
3777 723 3796 755 ι
3825 701 3971 756 καί-

702 780 779 831 tio
806 777 872 831 iis
906 777 996 843 qui
1030 792 1136 833 non
1160 778 1294 833 satis
1321 779 1741 847 dispensationis
1765 782 2080 856 mysterium
2114 800 2273 839 nove-

2372 802 2450 839 τοι
2482 788 2604 841 τότε
2638 792 2670 859 ὴ
2705 788 2893 854 πεῦσις
2918 793 3031 853 τοῖς
3062 792 3135 862 μὴ
3188 792 3391 863 σφόδρα
3423 793 3587 845 εἰδόσι
3616 793 3714 861 τῆς
3743 794 3972 845 οίκονο-

702 874 845 930 rant,
893 864 1124 921 fortasse
1193 866 1426 937 aliquam
1494 867 1805 938 bujusmodi
1882 871 2269 940 cogitationem

2376 876 2505 947 μίας
2530 880 2591 932 τὸ
2634 882 2952 951 μυστήριον,
3008 881 3147 951 τάχα
3176 882 3269 935 καί
3297 898 3416 935 τινα
3448 880 3705 950 τοιαύτην
3734 880 3971 933 ἔννοιαν

702 956 925 1024 injicere
951 965 1186 1026 poterat,
1215 971 1407 1027 nempe
1441 967 1502 1013 ut
1538 973 1662 1013 eum
1696 959 1969 1019 hominem
2002 977 2125 1019 esse
2171 978 2271 1019 ex-

2372 968 2618 1037 ὲμποιεῖν
2651 970 2905 1038 ἠδύνατο,
2939 969 3083 1037 λέγω
3111 970 3175 1042 δὴ
3200 971 3261 1023 τὸ
3282 969 3569 1041 ἄνθρωπον
3598 968 3762 1022 αὑτὸν
3791 968 3971 1038 νομίο

700 1050 1006 1107 iStimarent
1034 1069 1048 1106 :
1079 1069 1099 1103 ι
1136 1051 1436 1118 Quemnam
1466 1053 1632 1118 enim,
1668 1053 1763 1121 ait,
1794 1055 2038 1112 homines
2086 1057 2272 1115 dicunt

2373 1074 2495 1115 σαιο
2527 1078 2545 1113 ι
2576 1058 2712 1116 Τίνα
2738 1061 2866 1131 γὰρ,
2895 1061 3101 1129 ἔλεγεν,
3130 1063 3179 1114 οί
3212 1061 3491 1131 ἄνθρωποι
3522 1060 3773 1129 λέγουσιν
3802 1054 3968 1114 εἶναι

698 1157 817 1197 esse
839 1142 1030 1198 Filium
1060 1144 1296 1200 hominis
1317 1145 1407 1199 ”?
1432 1162 1451 1196 ι
1489 1144 1639 1201 Tunc
1669 1145 1833 1215 igitur
1886 1163 2011 1203 cum
2057 1149 2270 1207 audires

2369 1153 2459 1206 τὸν
2496 1152 2623 1204 Υίὸν
2653 1152 2747 1205 τοῦ
2793 1152 3117 1222 ἀνθρώπους
3154 1172 3173 1206 ι
3216 1153 3327 1206 Καὶ
3370 1152 3491 1206 τότε
3541 1152 3639 1221 μὲν
3683 1151 3814 1205 Υίὸν
3845 1152 3965 1203 ἀν-

699 1234 872 1300 ipsum
902 1248 1021 1291 esse
1055 1234 1249 1289 Filium
1272 1234 1532 1299 hominis,
1559 1235 1655 1290 Dei
1679 1235 1876 1290 Filium
1905 1251 2027 1292 esse
2052 1251 2270 1307 respon-

2370 1240 2586 1311 θρώπου
2614 1242 2828 1295 ἀκούων
2854 1242 3037 1305 αὑτὸν,
3070 1244 3161 1295 τὸν
3185 1242 3311 1295 Υίὸν
3332 1242 3426 1295 τοῦ
3456 1241 3589 1295 Θεοῦ
3618 1241 3783 1294 αὑτὸν
3804 1238 3964 1293 εἶναι

698 1323 859 1390 disti;
906 1338 1047 1378 nunc
1082 1338 1235 1390 vero,
1270 1335 1392 1395 post
1444 1334 1523 1381 tot
1557 1326 1786 1381 aliorum
1834 1327 2006 1382 visam
2030 1328 2265 1383 miracu-

2369 1330 2583 1398 ἔλεγες·
2621 1330 2713 1384 νῦν
2738 1332 2795 1384 δὲ
2823 1334 2960 1403 μετά
2988 1332 3049 1385 τὸ
3081 1333 3256 1387 ἀλλων
3298 1332 3506 1385 πολλῶν
3546 1331 3789 1402 σημείων
3817 1330 3964 1385 θεά-

697 1415 867 1467 lorum
901 1414 1216 1483 potentiam,
1248 1424 1530 1485 postquam
1589 1417 1762 1473 beata:
1801 1414 2039 1485 ejusdem
2088 1433 2265 1475 resur-

2372 1422 2566 1476 σασθαι
2593 1423 2821 1495 δύναμιν
2845 1464 2860 1488 ,
2915 1425 3055 1494 μετά
3102 1423 3163 1477 τὸ
3202 1425 3297 1477 καὶ
3327 1424 3424 1495 τῆς
3473 1423 3746 1494 μακαρίας
3774 1422 3957 1476 αὑτοῦ

698 1506 954 1561 rectionis
970 1515 1025 1561 et
1052 1506 1105 1561 in
1137 1506 1334 1563 coalum
1366 1508 1570 1564 reditus
1600 1509 1753 1565 testis
1790 1509 1960 1577 fuisti,
1989 1511 2263 1566 hominem

2368 1514 2752 1578 ἀναστάσεως,
2790 1515 3008 1585 καὶτῆς
3054 1515 3134 1577 είς
3170 1514 3397 1583 οὐρανὸν
3436 1513 3622 1566 ἀνόδου
3668 1513 3725 1564 έν
3774 1511 3962 1581 πείρᾳ

697 1596 872 1666 ipsum
912 1598 1086 1652 dicis?

2369 1605 2640 1673 γενέσθαι,
2672 1606 2958 1675 ἄνθρωπον
2983 1606 3145 1659 αὐτὸν
3171 1601 3311 1659 εἶναι
3336 1604 3514 1672 λέγεις

764 1686 855 1741 20.
892 1685 1005 1743 Nec
1039 1690 1324 1760 quisquam
1356 1692 1653 1758 existimet,
1678 1695 1982 1749 tuncetiam
2012 1702 2262 1765 tanquam

2438 1702 2507 1748 κ’.
2549 1694 2659 1746 Καὶ
2692 1696 2765 1765 μή
2796 1711 2879 1759 τις
2907 1694 3103 1748 οἰέσθω
3134 1694 3395 1748 δύνασθαι
3426 1695 3521 1748 καὶ
3540 1694 3661 1745 τότε
3691 1692 3769 1755 ὡς
3810 1691 3959 1761 περὶ

696 1779 761 1833 de
788 1780 1005 1834 homine
1021 1782 1260 1851 potuisse
1290 1782 1354 1837 de
1379 1785 1471 1840 illo
1498 1782 1703 1850 dicere,
1754 1805 1773 1837 ι
1808 1786 1886 1842 Tu
1915 1802 1975 1842 es
2014 1786 2264 1843 Christus

2366 1784 2653 1857 ἀνθρώπου
2686 1785 2865 1853 λέγειν
2894 1784 3056 1837 αύτὸν
3082 1785 3165 1849 τὸ,
3207 1802 3225 1835 ι
3257 1785 3329 1837 Σὺ
3362 1779 3412 1837 εῐ
3435 1786 3462 1838 6
3490 1783 3724 1854 Χριστὸς
3750 1783 3779 1834 6
3812 1781 3958 1844 Υἱὸς

696 1872 788 1940 qui
820 1884 878 1924 es
917 1870 1088 1928 Filius
1119 1872 1213 1928 Dei
1258 1874 1512 1943 viventis,
1554 1895 1573 1930 ι
1621 1878 2057 1947 quandoquidem
2092 1882 2263 1935 sancti
2298 1871 2317 1925 1

2339 1907 2340 1914 ι
2368 1875 2461 1929 τοῦ
2492 1874 2626 1928 Θεοῦ
2658 1875 2751 1928 τοῦ
2781 1874 2982 1938 ζῶντος
3008 1916 3022 1941 ,
3056 1894 3074 1925 ι
3110 1875 3185 1938 ὡς
3215 1875 3308 1928 καὶ
3340 1874 3448 1928 τῶν
3474 1874 3642 1943 ἀγίων
3671 1889 3960 1943 χρηματιο

696 1980 911 2035 quoque
933 1966 1180 2019 homines
1207 1965 1300 2020 filii
1330 1966 1420 2021 Dei
1448 1978 1593 2022 sunt.
1618 1966 1734 2023 Non
1757 1970 1902 2022 enim
1952 1970 2270 2037 simpliciter

2370 1966 2571 2029 ζὸντων
2598 1964 2731 2017 υἱῶν
2751 1965 2906 2017 Θεοῦ·
2934 1964 2995 2017 ού
3015 1964 3124 2035 γὰρ
3152 1964 3337 2027 ἁπλῶς
3362 1960 3537 2027 εἶπεν,
3562 1964 3634 2016 Σὺ
3658 1963 3784 2024 Υἱὸς
3805 1961 3957 2016 Θεοῦ

698 2055 851 2119 dixit,
882 2055 959 2109 'l'u
980 2071 1039 2111 es
1062 2055 1230 2111 Filius
1261 2056 1384 2121 Dei;
1414 2059 1530 2124 sed,
1568 2077 1585 2110 ι
1629 2057 1707 2112 Tu
1739 2074 1819 2123 es,
1843 2060 1932 2128 qui
1962 2060 2130 2117 Filius
2174 2060 2267 2117 Dei

2370 2052 2439 2120 εἷ,
2464 2058 2621 2121 ἀλλά,
2642 2076 2658 2108 ι
2679 2057 2748 2110 Σὺ
2765 2051 2813 2109 εἷ
2839 2059 2866 2110 6
2890 2056 3018 2119 Υἱὸς
3051 2055 3144 2108 τοῦ
3176 2055 3328 2109 Θεοῦ·
3365 2074 3383 2105 ι
3409 2057 3443 2125 ἡ
3475 2054 3585 2124 γάρ
3612 2053 3707 2107 τοῦ
3736 2053 3957 2124 ἄρθρου

700 2162 778 2201 es.
815 2165 833 2197 ι
878 2146 1119 2215 Namque
1157 2146 1369 2201 articuli
1399 2148 1620 2217 (ϐπ-τεεί)
1663 2150 1892 2219 adjectio
1943 2166 2107 2204 unum
2172 2152 2267 2205 de-

2370 2149 2651 2221 προσθήκη
2690 2150 2767 2219 (l)
2802 2148 3039 2202 δείκνυσι
3070 2148 3162 2201 τὸν
3188 2146 3285 2200 ἕνα
3334 2148 3427 2201 καὶ
3468 2146 3631 2217 μόνον
3687 2144 3960 2215 ἀληθινὸν

698 2248 967 2295 monstrat
991 2239 1325 2312 unicumque
1348 2253 1532 2294 verum
1573 2240 1767 2296 Filium
1804 2240 2145 2296 confessione
2176 2241 2271 2297 Pe-

2370 2241 2498 2297 Υίὸν
2529 2240 2861 2311 ὁμολογῆσαι
2889 2240 2979 2293 τὸν
3008 2241 3233 2311 Πέτρον.
3268 2239 3413 2310 υρὸς
3452 2238 3624 2291 ταῦτα
3672 2235 3729 2289 δὲ
3766 2235 3958 2289 τοιού-

697 2332 762 2385 tri
797 2331 1056 2387 denotari.
1117 2330 1252 2386 Huic
1288 2331 1501 2385 demum
1564 2332 1847 2401 objectioni
1909 2332 2022 2402 ipse
2079 2332 2269 2389 beatus

2368 2349 2482 2395 τοις
2526 2332 2809 2402 μονονουχὶ
2842 2330 3005 2394 αὐτὸς
3030 2333 3058 2384 6
3092 2331 3360 2401 μακάριος
3394 2330 3598 2400 Πέτρος
3629 2328 3960 2397 ἀπήντησεν

696 2422 887 2476 Petrus
921 2422 1003 2476 his
1023 2422 1133 2476 fere
1162 2422 1340 2477 verbis
1372 2423 1502 2479 mihi
1549 2422 1760 2477 videtur
1794 2439 2081 2479 occurrere
2126 2441 2139 2475 :
2190 2422 2268 2477 Ne

2367 2422 2434 2476 ἂν
2474 2426 2743 2493 ῥήμασιν’
2776 2424 2867 2494 Μὴ
2910 2422 3074 2476 τοῦτο
3118 2422 3379 2494 νομίσητε
3416 2437 3483 2491 με
3515 2420 3829 2491 εἰρηκέναι,
3862 2420 3958 2472 ὅτι

699 2530 784 2569 me
820 2515 894 2568 ita
930 2515 1163 2569 locutum
1192 2514 1414 2583 putetis,
1466 2515 1623 2585 quasi
1660 2529 1801 2568 unus
1858 2514 1924 2568 de
1989 2515 2140 2568 vobis
2196 2512 2270 2568 sit

2367 2530 2475 2582 περ
2522 2514 2805 2584 ἄνθρωπος
2850 2513 2971 2566 καθ’
3000 2515 3147 2583 ἡμᾶς
3179 2508 3259 2576 εἷς
3297 2514 3443 2568 ἐστιν
3496 2513 3527 2564 6
3568 2511 3841 2582 Χριστός·
3884 2510 3956 2563 οὐ

699 2608 861 2663 homo
886 2606 1337 2661 Christus.ﬂaud
1384 2606 1436 2661 id
1488 2606 1739 2675 equidem
1808 2606 1950 2669 dico,
2005 2606 2100 2661 sed
2153 2620 2265 2660 rem

2368 2603 2523 2657 τοῦτό
2558 2604 2705 2656 ἐστιν
2733 2606 2760 2659 ὅ
2792 2621 2936 2674 φημι
2955 2620 2971 2636 ο
3006 2607 3236 2675 πρᾶγμα
3264 2604 3319 2658 δέ
3346 2621 3399 2656 τι
3427 2603 3697 2673 οίκονομῶ
3728 2602 3957 2673 θαυμα-

698 2698 888 2751 miram
940 2708 994 2753 et
1038 2698 1366 2767 insperatam
1426 2699 1689 2767 prudente
1764 2711 2015 2752 sermone
2066 2698 2264 2753 revelo.

2370 2697 2515 2759 στὸν,
2542 2697 2636 2750 καὶ
2665 2695 2969 2767 παράδοξον
2986 2713 2999 2727 ο
3031 2696 3127 2749 καὶ
3157 2698 3309 2748 ποῖον
3336 2694 3495 2749 τοῦτό
3522 2696 3673 2759 tm;
3699 2694 3779 2764 Τῇ
3806 2692 3958 2748 καθ-

696 2788 954 2852 Qumnatn
988 2803 1114 2843 vero
1133 2790 1245 2844 haec
1276 2790 1391 2844 est?
1419 2788 1654 2859 Spiritus
1716 2789 2105 2845 descendentis
2158 2792 2267 2847 fra-

2368 2789 2474 2859 όδῳ
2499 2787 2593 2841 τοῦ
2628 2788 2945 2858 Πνεύματος
2977 2787 3335 2859 περιηχηθεὶς
3356 2787 3467 2840 τῶν
3507 2787 3825 2841 ἰουδαίωνό
3856 2786 3961 2855 δῆ-

696 2894 825 2947 gore
845 2880 1051 2943 audito,
1077 2879 1387 2935 Iudaeorum
1437 2880 1665 2951 populus
1700 2880 1767 2935 ad
1804 2897 1903 2936 nos
1930 2883 2166 2936 accurrit
2197 2884 2263 2937 ’⁸.

2372 2895 2500 2947 μος,
2562 2878 2897 2947 συνέδραμεν
2963 2877 3100 2947 πρὸς
3148 2880 3323 2948 ἡμᾶς·
3384 2876 3559 2947 εὑρὼν
3609 2874 3702 2931 οὖν
3754 2876 3960 2946 καιρὸν

698 2970 839 3040 Ergo
898 2972 1148 3028 idoneum
1205 2972 1451 3040 piscandi
1504 2972 1751 3027 homines
1804 2982 2015 3042 tempus
2052 2984 2263 3038 nactus.

2369 2971 2555 3032 ἀλείας
2600 2969 2903 3039 ἀνθρώπων
2940 2964 3077 3022 εἶναι
3123 2969 3277 3033 τότε,
3326 2964 3444 3022 εἶτα
3473 2968 3727 3039 φανερῶς
3760 2968 3958 3030 αὐτοῖς

699 3077 873 3132 neque
909 3072 1083 3117 tamen
1108 3062 1296 3117 valens
1349 3062 1633 3119 manifesto
1676 3064 1987 3132 directoque
2019 3080 2269 3119 sermone

2369 3061 2464 3113 καὶ
2488 3061 2581 3113 ἀπ’
2611 3059 2825 3122 εὐθείας
2852 3061 2911 3111 ού
2944 3059 3242 3129 δυνάμενος
3270 3059 3363 3113 τὸν
3388 3060 3623 3130 Χριστὸν
3653 3058 3785 3111 Θεὸν
3812 3059 3958 3111 ἀνα-

695 3155 968 3207 Cliristum
999 3154 1160 3209 Deum
1191 3155 1509 3223 praedicare,
1566 3154 1689 3224 quia
1748 3154 1821 3209 illi
1854 3156 2061 3209 scilicet
2108 3155 2316 3252 pauloc

2369 3150 2689 3221 κηρύττειν,
2724 3150 2956 3221 ἐπείπερ
2999 3151 3160 3204 αὐτὸν
3189 3151 3295 3220 πρὸ
3327 3150 3507 3217 ὀλίγου
3533 3148 3959 3219 σταυρώσαντες

698 3254 822 3297 ante
851 3244 992 3299 hunc
1014 3245 1420 3309 crucillxerant,
1479 3244 1876 3313 molestumque
1937 3246 2043 3301 illis
2081 3246 2266 3315 bujus-
2295 3239 2319 3252 “

2370 3239 2531 3311 ἦσαν,
2551 3242 2643 3294 καὶ
2672 3240 2809 3312 βαρὺ
2832 3243 3014 3306 αὐτοῖς
3035 3242 3123 3296 διὰ
3148 3241 3306 3295 τοῦτο
3326 3242 3386 3295 τὸ
3413 3244 3645 3314 πρᾶγμα
3673 3241 3958 3311 έφαίνετο,

698 3335 838 3389 modi
886 3337 1155 3404 negotium
1214 3336 1523 3400 accidisset,
1584 3336 1721 3402 celo,
1764 3336 1958 3407 inquit,
2003 3337 2269 3392 sermonis

2373 3333 2601 3403 κρύπτω
2630 3334 2696 3385 τὸ
2725 3334 3020 3404 ἄγκιστρον
3049 3334 3142 3387 τοῦ
3176 3333 3369 3401 λόγου,
3414 3334 3668 3404 καθάπερ
3716 3335 3808 3386 ἐπὶ
3841 3330 3962 3386 τῶν

699 3428 937 3493 hamum,
974 3427 1133 3482 sicuti
1171 3426 1227 3480 fit
1256 3424 1467 3493 objecta
1492 3425 1727 3495 piscibus
1762 3442 1910 3495 esca,
1943 3427 2045 3483 sub
2076 3430 2267 3482 horum

2373 3425 2573 3494 ἰχθύων
2618 3428 2683 3494 τῇ
2729 3427 2939 3495 τροφῇ,
2974 3426 3087 3488 τοῖς
3121 3424 3543 3494 ταπεινωτέροις
3583 3424 3795 3488 τούτοις
3850 3426 3956 3494 ῥή-

700 3518 985 3580 verborutn
1027 3515 1348 3579 humilitate,
1370 3526 1423 3570 et
1450 3514 1631 3571 Jesum
1658 3514 2002 3571 Nazarenum
2046 3518 2271 3571 nomino

2376 3534 2544 3587 μασι,
2597 3516 2691 3569 καὶ
2742 3515 2834 3568 τὸν
2886 3514 3089 3585 Ἰησοῦν
3137 3514 3459 3586 Ναζωραῖον
3518 3515 3799 3585 ύδομάζω,
3857 3518 3960 3569 καὶ

697 3618 859 3678 atque
902 3607 1244 3673 crucifixum,
1280 3618 1331 3662 ct
1362 3610 1504 3679 quod
1544 3610 1685 3663 Deus
1731 3609 1905 3675 ipsum
1953 3624 1984 3662 e
2043 3610 2271 3663 mortuis

2372 3607 2812 3676 ἐσταυρωμένον,
2848 3607 2943 3659 καὶ
2975 3607 3055 3660 ὅτι
3085 3608 3112 3659 6
3140 3608 3271 3669 Θεὸς
3304 3608 3526 3676 ἤγειρεν
3565 3606 3726 3659 αὑτὸν
3758 3607 3824 3660 ἑκ
3870 3623 3960 3659 νε-

697 3698 1058 3763 suscitaverit;
1082 3706 1243 3767 atque
1273 3698 1344 3752 ita
1377 3714 1482 3752 non
1513 3699 1629 3753 sine
1664 3698 1927 3752 velamine
1961 3699 2148 3768 iugero
2172 3714 2271 3754 nec

2375 3699 2542 3768 κρῶν,
2601 3700 2695 3750 καὶ
2744 3698 2887 3750 οὓτω
2948 3698 3377 3767 κεκαλυμμένως
3424 3698 3663 3766 είσφέρω
3713 3698 3807 3749 καὶ
3857 3697 3964 3767 τὴν

698 3794 814 3847 sine
839 3801 955 3846 arte
984 3792 1215 3862 quadam
1254 3790 1609 3859 theologicam
1649 3790 1793 3845 illius
1858 3790 2128 3845 notitiam.
2181 3791 2271 3844 Et-

2375 3789 2651 3857 θεολογίαν
2703 3788 2905 3851 αὐτοῦ,
2947 3789 3041 3841 καὶ
3086 3787 3291 3859 ταύτην
3340 3790 3479 3858 μετά
3525 3804 3668 3850 τινος
3720 3788 3958 3856 τέχνης·

697 3884 843 3939 enim
871 3882 1086 3937 Davidis
1126 3882 1289 3936 verba
1325 3882 1377 3935 in
1414 3890 1649 3936 mentem
1682 3882 1814 3950 ipsis
1865 3896 2080 3946 revoco,
2134 3897 2271 3951 quo-

2374 3881 2499 3943 τοὺς
2538 3882 2644 3951 γὰρ
2672 3881 2835 3933 Δαϐὶδ
2886 3880 3085 3942 αὐτοὺς
3132 3882 3536 3949 ὑπομιμνῄσκω
3563 3879 3777 3947 λόγους,
3809 3879 3965 3930 tne!-

698 3973 844 4027 niam
868 3973 968 4026 viri
1000 3972 1143 4028 illius
1173 3972 1350 4040 potius
1403 3972 1622 4027 oracula
1665 3972 1782 4025 sine
1840 3972 2149 4038 suspicione
2184 3974 2273 4024 ad-

2376 3990 2480 4042 περ
2520 3974 2587 4026 τὰ
2626 3971 2839 4024 ἐκείνου
2875 3971 3074 4042 μᾶλλον
3102 3972 3428 4034 ἀνυπόπτως
3459 3970 3723 4040 ἐδέχοντο,
3751 3970 3851 4023 καὶ
3892 3971 3961 4023 δι’

698 4064 1016 4127 mittebant;
1080 4077 1284 4133 perque
1347 4076 1408 4115 ea
1473 4076 1598 4115 mox
1682 4062 1864 4118 omnia
1932 4061 2023 4115 Dei
2086 4063 2269 4115 virtuti

2376 4064 2600 4117 ἐκείνων
2648 4063 2810 4116 πάλιν
2857 4066 2923 4133 τῇ
2971 4062 3066 4115 τοῦ
3113 4062 3248 4115 Θεοῦ
3294 4062 3520 4132 δυνάμει
3566 4063 3625 4115 τὸ
3677 4064 3786 4114 πᾶν
3831 4064 3964 4115 ἁνα-

700 4154 960 4219 attribuo,
992 4162 1051 4225 ut
1080 4154 1158 4209 sic
1200 4153 1457 4221 paulatim
1492 4152 1705 4208 Judaos
1753 4152 1948 4207 faciam
1978 4152 2271 4208 salutarem

2375 4154 2566 4225 τίθημι
2588 4195 2600 4219 ,
2637 4156 2723 4207 ἵνα
2753 4156 2895 4207 οὓτω
2932 4156 3072 4207 κατά
3105 4153 3299 4224 μικρὸν
3325 4154 3522 4217 αὐτοὺς
3555 4154 3962 4219 καταδέξασθαι

700 4246 995 4301 doctrinam
1036 4247 1312 4313 recipere:
1347 4260 1452 4315 quo
1479 4244 1643 4309 facto,
1675 4244 1849 4313 iisque
1897 4246 1963 4297 ad
2010 4260 2273 4313 compun-

2378 4246 2587 4313 ποιήσω
2610 4244 2669 4296 τὸ
2701 4245 2969 4313 σωτήριον
3000 4245 3289 4314 κήρυγμα·
3317 4236 3378 4297 οὗ
3408 4243 3472 4315 δὴ
3506 4245 3824 4312 γενομένου,
3866 4242 3964 4295 καὶ⁵

700 4340 933 4394 ctionem
972 4337 1268 4403 conversis,
1292 4336 1627 4392 manifestius
1652 4336 1842 4390 deinde
1889 4335 2057 4389 Deum
2093 4336 2271 4404 ipsum

2378 4337 2454 4397 είς
2499 4335 2790 4399 κατάνυξιν
2846 4335 3110 4389 ἐλθόντων
3157 4335 3355 4400 αὐτῶν,
3413 4334 3795 4405 φανερώτερόν
3837 4351 3962 4395 πως

700 4430 1015 4484 demonstro
1070 4442 1168 4499 per
1221 4426 1379 4494 hujus
1427 4427 1682 4495 baptismi
1757 4424 1809 4479 in
1887 4425 2004 4496 ejus
2056 4429 2273 4482 nomine

2380 4427 2543 4479 αὑτὸν
2570 4425 2756 4477 λοιπὸν
2785 4426 2917 4477 Θεὸν
2952 4426 3203 4491 ἐπιδείξω
3229 4426 3313 4479 διὰ
3335 4429 3433 4497 τῆς
3459 4426 3553 4479 τοῦ
3584 4426 3964 4495 βαπτίσματος

701 4519 1013 4576 conferendi
1048 4518 1421 4583 indictionem,
1445 4519 1643 4574 docens
1669 4517 1828 4573 simul
1856 4518 1905 4572 vi
1958 4518 2115 4589 hujus
2154 4519 2267 4575 fieri
2306 4520 2322 4575 l

2342 4534 2349 4564 ι
2377 4520 2566 4573 τούτου
2589 4520 2669 4582 είς
2692 4519 2753 4571 τὸ
2770 4519 3119 4589 δνομααύτοῦ
3151 4521 3525 4592 προστάξεως,
3554 4521 3747 4589 ἄφεσιν
3774 4521 3963 4591 ἀμαρο

703 4622 1043 4681 peccatorum
1064 4612 1463 4667 remissionem.

2382 4613 2509 4666 τιῶν
2560 4613 2739 4674 αὐτοῖς
2785 4612 2975 4665 τούτου
3012 4613 3328 4682 χαρίζεσθαι
3375 4614 3673 4682 δυναμένου
3714 4611 3962 4679 διδάξας.

773 4701 867 4771 2!.~
890 4700 1057 4755 Porro
1086 4701 1457 4759 animadverte
1486 4702 1833 4769 apostolicam
1906 4703 2267 4771 prudentiam.

2450 4703 2555 4757 κα’.
2599 4706 2705 4758 Καὶ
2730 4706 2831 4775 ὅρα
2860 4705 3072 4758 σύνεσιν
3104 4706 3500 4775 ἀποστολικήν·
3540 4724 3556 4755 ι
3597 4703 3827 4773 Ἰησοῦν,
3868 4721 3964 4773 φη·

709 4811 727 4845 ι
769 4790 952 4847 Jesum
985 4791 1115 4846 dicit
1152 4790 1705 4852 Nazarenum,virum
1734 4792 2087 4860 approbatum
2117 4812 2142 4847 a
2165 4796 2271 4848 Deo

2384 4799 2491 4861 olv,
2519 4796 2606 4848 τὸν
2652 4796 2991 4867 Ναζωραῖον,
3024 4798 3190 4868 ἄνδρα
3231 4798 3683 4867 ἀποδεδειγμένον
3711 4798 3823 4850 ἀπὸ
3865 4795 3959 4848 τοῦ

707 4884 846 4936 inter
876 4896 969 4936 vos
999 4882 1293 4936 virtutibus
1332 4891 1382 4937 et
1417 4880 1606 4954 ιήως
1624 4883 1884 4953 prodigiis
1918 4893 2079 4953 atque
2106 4888 2274 4955 signis

2383 4887 2517 4939 Θεοῦ
2544 4888 2621 4949 εἰς
2653 4888 2797 4956 ὑμᾶς
2822 4888 3082 4958 δυνάμεσι
3110 4888 3204 4940 καὶ
3228 4888 3417 4957 τέρασι
3456 4888 3545 4940 καὶ
3582 4886 3858 4956 σημείοις,
3881 4878 3958 4947 οἷς

707 4988 825 5041 quae
866 4987 961 5041 per
991 4987 1110 5026 eum
1140 4972 1266 5027 fecit
1298 4971 1439 5027 Deus
1468 4973 1519 5026 in
1553 4974 1728 5027 medio
1786 4976 1950 5028 vestri
1979 4977 2016 5029 ⁸.
2050 4995 2068 5027 ι
2123 4976 2187 5029 Et
2245 4993 2273 5030 a

2384 4980 2641 5048 ἐποίησεν
2668 4980 2732 5030 δι’
2761 4978 2928 5031 αὑτοῦ
2960 4983 2987 5032 6
3015 4980 3145 5042 Θεὸς
3174 4982 3231 5031 ἑν
3266 4980 3414 5050 μέσῳ
3448 4978 3624 5049 ὑμῶν.
3664 4998 3682 5028 ι
3712 4977 3827 5030 Καὶ
3854 4976 3959 5032 ἀπὸ

706 5064 816 5118 Deo
850 5064 1203 5134 approbatum
1228 5064 1379 5129 dicit,
1405 5074 1457 5119 et
1494 5064 1659 5119 Deum
1695 5067 1806 5119 haec
1832 5080 1927 5133 per
1956 5067 2102 5120 illum
2131 5070 2273 5138 egis-

2384 5073 2517 5125 Θεοῦ
2572 5073 3018 5144 ἀποδεδειγμένον
3052 5074 3216 5142 λέγει,
3251 5074 3341 5126 καὶ
3390 5072 3481 5125 τὸν
3520 5072 3651 5125 Θεὸν
3680 5070 3859 5125 ταῦτα
3898 5070 3958 5122 ει*

707 5170 788 5219 se,
826 5166 881 5209 ut
922 5156 1081 5211 Patre
1113 5157 1391 5212 nominato
1421 5158 1771 5225 persuaderet
1806 5158 1908 5212 illis
1961 5174 2068 5228 quo
2098 5162 2274 5230 ipsum

2386 5165 2549 5218 αὑτοῦ
2580 5166 2948 5235 ἐνεργήσαντα
2974 5206 2987 5226 ,
3019 5167 3105 5219 ἴνα
3131 5168 3196 5236 τῇ
3238 5165 3331 5218 τοῦ
3360 5164 3571 5234 [ἰατρὸς
3614 5163 3960 5234 προσηγορία

707 5260 920 5313 quoque
966 5243 1145 5299 Jesum
1178 5255 1339 5314 atque
1396 5244 1511 5313 ejus
1552 5260 1714 5316 opera
1754 5247 2122 5311 admitterent,
2179 5265 2274 5304 ceu

2389 5255 2552 5324 πείσῃ
2571 5257 2789 5320 αὐτοὺς,
2815 5256 2907 5309 καὶ
2926 5256 3085 5309 αὑτὸν
3100 5255 3189 5308 τὸν
3207 5254 3410 5327 Ἰησοῦν
3431 5255 3523 5306 καὶ
3545 5254 3615 5307 τά
3636 5254 3775 5325 ἔργα
3796 5252 3955 5308 αὐτοῦ

709 5336 821 5403 illo,
853 5335 901 5389 id
929 5345 1010 5390 est
1030 5335 1206 5399 Patre,
1234 5337 1346 5391 haec
1360 5345 1548 5406 agente
1567 5351 1659 5405 per
1682 5336 1907 5390 Filium:
1934 5356 1951 5388 ι
1975 5338 2102 5403 Qua:
2124 5338 2273 5403 fecit,

2387 5346 2799 5409 καταδέξασθαι,
2833 5349 2907 5410 ὡς
2937 5349 3145 5400 ἐκείνου
3172 5348 3238 5400 δι’
3268 5345 3433 5401 αὑτοῦ
3457 5346 3627 5399 ταῦτα
3656 5346 3954 5404 ποιοῦντος,

709 5426 803 5490 ait,
835 5442 930 5495 per
965 5428 1137 5495 ipsum
1174 5428 1335 5483 Deus.
1366 5447 1385 5482 ι
1413 5428 1612 5484 Deinde
1649 5441 1946 5484 memorata
1983 5445 2164 5495 cruce,
2196 5447 2276 5485 re-

2384 5436 2526 5505 λέγω
2556 5437 2618 5507 δὴ
2649 5439 2739 5491 τοῦ
2778 5440 3018 5509 Πατρός·
3058 5459 3073 5490 ι
3106 5434 3197 5503 Οἷς
3221 5438 3470 5507 ἐποίησεν
3504 5438 3630 5507 γὰρ,
3666 5438 3859 5507 φησὶν,
3895 5432 3956 5487 δι’

782 5608 825 5641 ³³
854 5607 1041 5662 Matth.
1080 5623 1189 5671 xu,
1229 5608 1313 5663 15.
1387 5611 1431 5641 ’⁸
1458 5608 1573 5662 Act.
1610 5626 1663 5674 ll,
1699 5608 1732 5665 6
1758 5624 1908 5679 seqq.
1989 5610 2158 5665 'ibid.
2188 5613 2275 5665 2'2.

781 5777 856 5851 υ)
895 5770 1039 5827 Hunc
1088 5771 1491 5840 significatita")
1548 5776 1651 5827 \im
1693 5772 1849 5827 habet
1905 5770 2005 5827 huc
2060 5772 2175 5829 loco
2216 5773 2434 5829 Graecus
2471 5772 2727 5827 articulus
2758 5774 2807 5830 6.
