4106 6470
196 376 281 431 281
1307 397 1496 464 QUOD
1528 403 1588 459 Β.
1632 405 1764 464 ΜΔΕ

1891 411 1998 466 SIT
2042 415 2364 477 DEIPARA.

203 488 355 543 αὑτοῦ
391 492 420 544 6
451 492 616 559 Θεός.

209 582 299 684 ἰὴν
332 582 638 684 ἀνάστασιν
690 589 970 661 είσφέρει,
1006 597 1104 653 καὶ
1145 582 1469 684 ταύτηνήὼς
1504 608 1656 678 παρὰ
1694 609 1786 665 τοῦ

213 672 415 742 Πατρὸς
466 674 634 729 πάλιν
682 683 1096 755 γεγενημένην,
1137 688 1223 741 ἴνα
1257 672 1343 745 eis
1388 672 1599 749 τούτου-
1625 700 1786 753 πάλιν

209 761 299 853 καὶ
332 761 504 833 αὐτὴν
541 765 747 829 αὐτοὺς
794 772 1187 839 καταδέξασθαι
1217 784 1445 853 ποιήσῃ”
1484 788 1579 839 καὶ
1604 787 1786 843 λοιπὸν

206 850 356 904 ὥσπε
367 869 397 922 ρ
421 854 858 927 κικαλυμμένως
892 862 1073 927 αὐτοῖς
1101 869 1195 920 καὶ
1232 870 1331 940 τὴν
1358 850 1640 943 θεολογίαν
1668 881 1784 932 εἰσ-

206 944 388 1035 φέρει·
418 947 660 1017 εἰρηκὼς
690 950 821 1020 γὰρ,
844 971 862 1002 ι
880 953 974 1005 Ὀν
993 955 1020 1006 6
1041 955 1171 1021 Θεὸς
1186 960 1480 1032 ἀνέστησεν
1499 966 1663 1032 λύσας
1685 971 1785 1035 τὰς

200 1034 402 1100 ὠδῖνας
420 1038 516 1090 τοῦ
537 1039 825 1105 Θανάτου,›
848 1044 1062 1112 ἐπάγει·
1100 1066 1119 1099 ι
1144 1051 1279 1105 Καθ’
1300 1053 1382 1107 ὅτι
1402 1056 1499 1109 ούκ
1529 1054 1598 1129 ἦν
1621 1034 1783 1115 δυναέ.

198 1126 293 1180 τὸν
325 1129 648 1197 κρατεῖσθαι
681 1132 845 1185 αὑτὸν
879 1135 969 1187 ὑπ’
994 1139 1181 1193 αὐτοῦ.
1222 1161 1239 1194 ι
1268 1143 1463 1200 Οὐκέτι
1496 1126 1679 1204 λοιπὸν
1707 1154 1781 1218 ὡς

200 1218 340 1287 περὶ
363 1219 648 1290 ἀνθρώπου
666 1222 824 1275 τοῦτο
843 1242 856 1256 ·
871 1228 917 1279 εί
934 1228 1041 1299 γὰρ
1059 1231 1155 1284 ἄνθ
1164 1249 1342 1303 ρωπος
1359 1232 1446 1307 ἦν,
1464 1240 1680 1306 πάντως
1700 1244 1780 1298 ὅτι

199 1309 296 1360 καὶ
324 1310 643 1379 κρατεῖσθαι
673 1312 903 1383 ΙΙιδύναειτο
924 1318 1027 1372 ὑπὸ
1057 1322 1149 1375 τοῦ
1179 1323 1438 1380 θανάτου·
1463 1330 1599 1385 ἀλλὰ
1622 1334 1782 1387 τοῦτο

198 1398 451 1495 είρηκὼς
475 1440 489 1463 ,
522 1403 858 1495 καταφεύγει
904 1411 1113 1479 ταχέως
1158 1414 1250 1467 ἐπὶ
1289 1416 1388 1487 τὴν
1435 1424 1779 1495 προφητικὴν

199 1489 538 1557 μαρτυρίαν,
566 1491 649 1544 τνα
682 1495 881 1585 μηκέτι
906 1496 982 1559 ὡς
1004 1501 1135 1569 παρ’
1167 1504 1352 1568 αὑτοῦ,
1376 1489 1509 1561 ἀλλὰ
1530 1489 1779 1585 ὡς’παρὰ

193 1578 293 1631 τοῦ
331 1581 617 1651 προφήτου
653 1584 854 1653 μᾶλλον
900 1588 1211 1657 ἀκούοντες,
1244 1597 1651 1672 προθυμότερον
1690 1578 1777 1658 δέ·

194 1669 401 1734 ξωνται
438 1672 499 1725 τὸ
524 1671 848 1745 λεγόμενον·
885 1678 979 1730 καί
1014 1696 1213 1750 φησιν’
1249 1704 1265 1734 ι
1293 1685 1458 1740 Δαϐὶδ
1488 1669 1597 1761 γὰρ
1628 1692 1777 1761 λέγει

190 1761 274 1823 είς
292 1761 463 1815 αὐτόν
481 1778 494 1792 ⁸
518 1764 909 1837 Προεωρὼμην
934 1769 1026 1821 τὸν
1058 1770 1263 1840 Κύριον
1289 1776 1516 1832 ἐνώπιόν
1548 1799 1650 1849 μου
1687 1784 1774 1838 διὰ

188 1852 399 1914 παντός
418 1869 434 1883 ’
471 1870 489 1901 ι
516 1854 608 1906 καὶ
636 1855 703 1908 τὰ
725 1855 872 1925 ἑξῆς.
893 1858 1032 1928 Ὅρα
1062 1861 1181 1928 μεθ’
1211 1863 1342 1934 ὅσης
1363 1867 1560 1939 τέχνης
1590 1874 1773 1940 αὐτοῖς
1806 1870 1845 1923 Β

188 1939 287 2035 την
329 1941 696 2035 Κυριοὶργίαν
752 1946 1077 2016 είσήγαγεν’
1153 1947 1271 2008 εἶτα
1318 1956 1415 2027 τὴν
1461 1965 1770 2035 μαρτυρίαν

188 2024 514 2095 πληρώσας,
546 2030 707 2083 πάλιν
746 2033 925 2086 αὐτῶν
958 2036 1146 2109 ὥσπερ
1184 2042 1275 2095 τὸν
1308 2024 1565 2118 λογισμὸν
1600 2024 1769 2108 κατα-

192 2115 457 2180 στέλλων,
497 2120 793 2193 ἐπειδήπερ
849 2128 1223 2200 φανερώτερον
1274 2134 1434 2192 αὐτὸν
1467 2115 1770 2213 γέθεολόγει,

188 2206 281 2257 ἐπὶ
308 2207 413 2277 τὴν
450 2208 545 2261 τοῦ
578 2212 786 2284 Πατρδς
817 2216 979 2269 πάλιν
1019 2224 1345 2294 κατατρέχει
1380 2206 1769 2304 προσηγορίαν,

188 2298 283 2350 καί
336 2316 537 2368 φησιν’
572 2320 590 2353 ι
637 2304 921 2374 ’Δσφαλῶς
971 2306 1064 2363 οὖν
1101 2318 1414 2380 γινωσκέτω
1462 2324 1568 2383 πᾶς
1620 2322 1767 2391 οἶκος

200 2388 444 2461 Ἰσραὴλ,
476 2395 558 2446 ὅτι
589 2398 682 2449 καὶ
705 2398 911 2467 Κύριον
936 2404 1028 2454 καὶ
1061 2404 1295 2473 Χριστὸν
1328 2409 1355 2459 6
1381 2408 1510 2475 Θεὸς
1542 2388 1765 2487 ἐποίησε

187 2478 377 2533 τοῦτον
429 2485 523 2536 τὸν
581 2485 803 2557 Ἰησοῦν,
849 2490 907 2542 δν
954 2491 1111 2560 ὑμεῖς
1156 2495 1561 2567 ἐσταυρώσατεο
1602 2525 1620 2557 ι
1673 2511 1765 2563 καὶ

188 2572 534 2641 αἰτησάντων
568 2578 747 2629 αὐτῶν
772 2579 959 2635 λοιπὸν
983 2583 1228 2648 ἐκείνων,
1264 2588 1317 2641 τί
1350 2592 1574 2663 ποιῆσαι
1604 2596 1767 2666 die“-

186 2660 296 2725 λον,
342 2664 711 2736 βαπτισθῆναι
744 2671 927 2736 αὐτοῖς
953 2676 1285 2744 προσέταξεν
1319 2681 1408 2734 ἐπὶ
1436 2660 1514 2753 τῷ
1543 2660 1765 2757 ὀνόματι

186 2753 375 2820 αὖτοῦ,
412 2757 510 2807 καὶ
552 2758 744 2826 ἄφεσιν
779 2762 1060 2835 ἁμαρτιῶν
1093 2768 1180 2823 διὰ
1217 2771 1408 2825 τούτου
1435 2753 1761 2846 λαμϐάνειν·

3350 429 3456 484 282

645 514 665 548 ι
701 496 839 554 Εἶτα
872 502 965 555 τοῦ
994 507 1226 579 σταυροῦ
1256 516 1657 584 μνημονεύσας,
1690 522 1764 574 κα

1888 532 2285 588 surrectionem
2315 551 2528 606 quoque
2561 539 2613 592 in
2662 540 2899 596 medium
2949 541 3188 605 adducit,
3230 550 3278 596 et
3313 547 3455 597 hanc

1889 615 2015 671 item
2049 629 2300 692 tanquam
2334 642 2361 679 a
2402 624 2564 683 Patre
2598 626 2883 697 eﬂ'ectam;
2924 643 2984 685 ut
3032 631 3453 686 resurrectionis

1888 722 2049 763 causa
2080 727 2294 769 crucem
2328 732 2539 786 quoque
2566 721 2634 775 ab
2659 722 2725 775 iis
2753 722 2963 776 admitti
3006 731 3243 777 curaret.
3302 723 3453 777 Dein-

1888 807 2013 862 ceps
2038 810 2163 853 vero
2182 799 2317 854 clam
2344 804 2508 857 veluti
2559 806 2728 874 ipsius
2787 810 3146 879 theologicam
3204 811 3452 865 notitiam

1886 884 2147 945 insinuat.
2184 890 2318 947 Nam
2349 910 2471 949 cum
2498 897 2778 962 dixissem
2810 900 2977 967 Quem
3007 900 3148 957 Deus
3171 903 3455 957 suscitavit

1884 976 2074 1034 solutis
2107 983 2299 1037 mortis
2324 985 2624 1051 doloribus,
2652 1008 2672 1042 ›
2709 990 2886 1055 addit,
2910 1010 2927 1043 ι
2959 992 3096 1058 Quia
3122 992 3455 1061 impossibile

1884 1078 2001 1123 erat
2036 1071 2177 1126 hunc
2202 1074 2272 1128 ab
2302 1076 2388 1129 illa
2421 1081 2591 1134 teneri
2624 1084 2666 1138 ⁸.
2700 1100 2719 1133 ι
2756 1080 2892 1137 Ecce
2914 1083 3055 1137 haud
3102 1084 3216 1152 jam
3252 1084 3453 1140 diutius

1884 1167 2139 1229 tanquam
2171 1163 2238 1220 de
2261 1165 2482 1223 homine
2507 1169 2745 1238 loquitur
2777 1191 2791 1227 :
2822 1188 2941 1227 nam
2973 1174 3018 1228 si
3050 1174 3210 1228 homo
3239 1173 3451 1237 fuisset.

1882 1263 2103 1316 prorsus
2165 1269 2193 1307 a
2230 1268 2403 1312 morte
2450 1261 2671 1315 retineri
2731 1272 2940 1331 poterat
2969 1282 2981 1317 :
3015 1266 3131 1329 sed,
3162 1267 3262 1321 hoc
3285 1266 3451 1333 dicto,

1880 1340 2120 1411 confugit
2147 1346 2329 1399 statim
2357 1348 2421 1401 ad
2442 1350 2810 1419 propheticum
2848 1356 3237 1421 testimonium,
3269 1356 3450 1425 utjam

1880 1445 1985 1485 non
2048 1435 2117 1487 ab
2176 1436 2311 1505 ipso,
2340 1442 2433 1491 sed
2501 1454 2532 1495 a
2600 1443 2863 1511 pr0pheta
2938 1447 3113 1514 potius
3147 1446 3448 1514 audientes,

1876 1525 2177 1592 promptius
2205 1528 2348 1583 dicta
2392 1531 2721 1598 exciperent,
2753 1535 2979 1604 aitque:
3018 1554 3036 1587 ι
3088 1536 3256 1591 David
3306 1539 3449 1593 cnim

1876 1612 2008 1667 dicit
2054 1618 2119 1669 de
2154 1631 2249 1671 eo:
2279 1618 2634 1679 Providebam
2665 1614 2951 1681 Dominum
2982 1642 3161 1681 coram
3193 1642 3277 1682 me
3302 1641 3449 1685 sem-

1876 1704 2029 1774 per',
2071 1726 2089 1757 ι
2121 1717 2173 1762 et
2198 1708 2423 1779 reliqua.
2449 1713 2835 1771 Animadverte
2855 1727 3056 1787 quanto
3079 1720 3307 1774 artificio
3332 1734 3448 1774 ser.

1876 1810 2089 1850 monem
2114 1798 2180 1852 de
2208 1801 2432 1856 Domino
2458 1807 2597 1873 apud
2634 1821 2729 1861 eos
2769 1808 2915 1862 facit.
2954 1809 3175 1874 Deinde,
3212 1810 3451 1865 testimo-

1876 1884 1965 1939 nio
2014 1886 2287 1953 absoluto,
2349 1908 2537 1949 rursus
2574 1897 2787 1952 illorum
2836 1900 3194 1967 cogitationes
3242 1914 3451 1965 compe-

1876 1991 2055 2043 scens,
2082 1981 2207 2050 quia
2244 1985 2517 2053 apertiore
2552 1987 2817 2058 theologia
2840 1992 2906 2046 de
2931 1988 3056 2046 Jesu
3086 1990 3297 2046 locutus
3342 1992 3453 2046 fue-

1876 2076 1979 2131 rat,
2014 2067 2080 2122 ad
2105 2069 2321 2126 Patrem
2350 2076 2525 2129 denuo
2558 2079 2813 2135 transfert
2868 2095 3195 2145 sermonem,
3220 2080 3400 2148 aitque
3431 2096 3444 2133 :

1882 2176 1899 2211 ι
1937 2160 2097 2215 Certo
2129 2163 2293 2233 igitur
2322 2166 2459 2220 sciat
2483 2169 2733 2224 universa
2759 2170 2975 2226 lsraelis
3031 2172 3258 2234 domus,
3307 2172 3447 2239 quod

1875 2259 1929 2304 ct
1956 2250 2239 2307 Dominum
2266 2267 2320 2309 et
2350 2255 2626 2314 Christum
2678 2261 2818 2317 Deus
2863 2263 3056 2317 fecerit
3099 2263 3241 2317 hunc
3289 2276 3447 2329 quem

1878 2355 1976 2395 vos
2001 2346 2351 2404 crucilixistis
2387 2348 2574 2407 Jesum
2602 2355 2649 2409 ⁸.
2690 2372 2709 2406 ι
2738 2352 2850 2409 illis
2868 2368 3000 2410 vero
3030 2362 3214 2423 postea
3264 2366 3451 2421 rogau-

1877 2432 2021 2488 tibus
2045 2438 2170 2505 quid
2199 2438 2346 2495 factu
2391 2459 2529 2512 opus
2567 2455 2745 2509 esset,
2771 2446 3037 2515 baptizari
3060 2460 3154 2501 eos
3208 2445 3370 2514 jussit
3396 2443 3447 2498 ill

1876 2522 2092 2579 nomine
2120 2526 2284 2594 illius,
2309 2540 2357 2583 et
2378 2543 2721 2599 peccatorum
2748 2536 3120 2590 remissionem
3173 2548 3269 2603 per
3293 2547 3448 2590 eum-

1873 2612 1995 2666 dem
2024 2617 2265 2685 recipere
2290 2637 2305 2687 ;
2335 2623 2655 2679 remissione
2688 2624 2934 2679 videlicet
2974 2634 3317 2694 peccatorum
3350 2638 3448 2679 su—

1873 2706 2271 2763 ctoritatemeis
2290 2714 2805 2782 Christisuadens';
2827 2717 3007 2777 verbis
3027 2728 3231 2781 autem,
3259 2734 3277 2768 ι
3306 2715 3449 2773 Deus

1882 2790 2032 2861 fecit,
2062 2812 2091 2848 υ
2128 2797 2338 2853 illorum
2366 2804 2855 2860 contradictionem
2886 2806 3200 2861 exeludens.

183 2846 264 2969 Ξ
278 2847 933 2969 τρινῖἁμαρῖιωνκάιρέσει
970 2856 1068 2927 τὴν
1121 2864 1415 2969 κυριότητα
1450 2867 1649 2933 αὐτοὺς
1693 2875 1941 2948 ἐννοῆσαι
1972 2887 2171 2942 ποιῶν·
2202 2890 2289 2945 δια
2340 2892 2397 2947 δὲ
2431 2893 2526 2947 τοῦ
2561 2894 2762 2964 λέγειν,
2786 2918 2803 2951 ι
2846 2899 2904 2952 '0
2932 2899 3065 2963 Θεὸς
3097 2898 3377 2969 ἐποίησεν.
3421 2918 3443 2956 ι

182 2932 279 3004 τὴν
307 2937 538 2990 ἐκείνων
576 2941 884 2995 ἀποκλείων
912 2945 1329 3018 έναντιολογίαν.

251 3027 361 3095 κβ’.
412 3029 539 3081 Ὅτι
588 3031 708 3124 γὰρ
739 3035 1056 3124 ,πρόσφατον
1093 3043 1225 3111 ἡμῖν
1272 3044 1480 3118 Κύριον
1517 3052 1544 3103 6
1588 3053 1775 3124 Πατὴρ

180 3118 277 3171 οὐκ
314 3120 597 3187 ἐποίησεν,
626 3122 816 3177 οὐδένα
850 3121 1002 3195 οἶμαι
1046 3130 1155 3182 τῶν
1185 3134 1511 3203 εύφρονούντ

180 3212 350 3278 ερεῖν·
380 3210 477 3261 καὶ
499 3208 607 3281 γὰρ
631 3211 751 3281 οὐχ,
770 3212 845 3275 ὥς
869 3231 1011 3280 τινες
1029 3218 1268 3290 ἀνοήτως
1291 3225 1370 3288 είς
1393 3225 1489 3294 τὴν
1510 3227 1603 3279 τοῦ
1633 3228 1762 3283 Υἱοῦ

180 3296 418 3367 θεότητα
452 3298 512 3350 τὸ
548 3300 710 3371 ῥητὸν
737 3303 1196 3375 ὲκλαμδάνουσιν,
1226 3310 1402 3377 οὕτως
1428 3315 1669 3387 εἴρηκεν⁸
1701 3321 1760 3373 οὐ

178 3388 290 3457 γὰρ
342 3388 475 3457 περὶ
526 3391 622 3460 τῆς
658 3390 941 3465 ὑπάρξεως
974 3399 1139 3453 αὐτοῦ
1174 3404 1373 3467 σκοπὸς
1411 3400 1478 3476 ἦν
1510 3407 1587 3478 τῷ
1625 3409 1763 3463 ἀπο-

182 3478 355 3547 στόλῳ
384 3479 733 3549 διαλέγεσθαι
761 3525 773 3547 ,
832 3487 966 3542 ἀλλὰ
999 3494 1126 3562 περὶ
1169 3494 1270 3564 τῆς
1320 3498 1458 3566 μετὰ
1494 3500 1592 3571 τὴν
1630 3502 1762 3555 ἀνά-

181 3582 369 3619 στασιν
398 3568 579 3640 δόξης.
603 3573 675 3625 Τὸ
702 3571 818 3639 οὖν,
848 3595 863 3626 ι
894 3579 1098 3649 Κύριον
1124 3584 1284 3635 αὑτὸν
1308 3568 1611 3657 ἐποίησεν,›
1641 3593 1761 3644 ἀντὶ

178 3658 293 3723 τοῦ,
310 3660 628 3732 Κυριότητα
656 3666 751 3717 καὶ
767 3666 1005 3737 Χριστοῦ
1032 3669 1188 3736 δόξαν
1216 3674 1365 3743 αὐτῷ
1388 3676 1638 3731 δέδωκεν·
1663 3682 1759 3751 οὐχ

177 3750 259 3801 δτι
298 3748 465 3814 δόξαν
501 3751 794 3823 ἐπίκτητον
823 3756 1015 3811 ἐλαϐεν
1044 3762 1071 3813 6
1103 3761 1249 3829 Υἱὸς,
1284 3765 1397 3819 ἀλλ’
1423 3768 1649 3835 ἐκείνοις
1674 3748 1760 3828 διᾶ

177 3841 274 3932 τὴν
301 3846 738 3932 ⁸προειρηι.ι.ένην
784 3850 1096 3920 οἰκονομίαν
1139 3854 1311 3919 οὕτως
1359 3859 1758 3932 διαλεγόμενος,

176 3928 256 3980 δτι
284 3927 451 3982 Οὕτω
497 3932 774 3987 πιστεύειν
818 3938 898 3999 εἰς
931 3939 1093 3992 αὐτὸν
1130 3941 1393 4010 ὀφείλετε,
1432 3927 1758 4023 ὠςΧριστῷ

177 4020 268 4073 καὶ
300 4021 498 4092 Κυρίῳ
516 4026 851 4095 προσιόντες.
886 4030 1008 4083 Ὅτι
1041 4032 1147 4102 γὰρ
1179 4035 1278 4089 οὐκ
1314 4020 1599 4110 ἄνθρωπος
1633 4020 1756 4098 καθ’

175 4110 324 4179 ἡμᾶς
358 4115 759 4184 γεγεννημένος
807 4120 969 4189 χωρὶς
1020 4124 1117 4193 τῆς
1163 4126 1255 4180 τοῦ
1287 4130 1463 4198 Λόγου
1511 4133 1757 4198 ένὼσεως

186 4201 401 4273 Ἰησοῦς
428 4208 455 4258 6
478 4206 819 4277 Ναζωραῖος,
843 4214 870 4264 6
899 4214 958 4265 τδ
987 4214 1114 4269 ἴδιον
1144 4218 1283 4289 ὑπὲρ
1313 4224 1469 4293 ἡμῶν
1494 4220 1629 4297 αἷμα
1660 4230 1755 4282 ὲκ-

174 4294 393 4361 χείσοαι
429 4299 881 4369 καταδεξάμενος,
910 4307 1072 4361 ἄκουε
1104 4314 1293 4380 σαφῶς
1324 4316 1419 4370 τοῦ
1454 4320 1753 4377 ἀποστόλου

176 4386 397 4442 Παύλου
450 4393 562 4454 τοῖς
617 4393 878 4462 Ἐφεσίων
910 4398 1249 4467 διδασκάλοις
1299 4408 1456 4464 τοῦτο
1502 4416 1753 4485 φανερῶς

1952 3061 2042 3115 2‘2.
2079 3063 2231 3130 Quod
2280 3077 2460 3123 autem
2514 3070 2656 3126 haud
2707 3088 2904 3129 novum
2954 3075 3241 3133 Dominum
3290 3081 3450 3138 nobis

1515 3159 1601 3235 ωκί
1643 3146 1767 3235 όιντ-
1797 3136 1838 3189 C
1873 3150 2035 3206 Pater
2056 3153 2315 3221 effecerit,
2348 3162 2621 3216 neminem
2652 3177 2783 3218 sana
2823 3172 3003 3220 mente
3033 3168 3317 3235 praeditum
3348 3187 3444 3227 ite-

1867 3253 2114 3310 gaturum
2146 3255 2298 3316 puto.
2329 3246 2445 3304 Non
2477 3251 2645 3315 enim,
2674 3262 2733 3306 ut
2762 3254 2980 3322 quidam
3020 3256 3339 3325 insipienter
3363 3261 3446 3316 di-

1865 3344 2010 3387 ctum
2041 3336 2143 3392 hoc
2174 3340 2239 3394 de
2266 3340 2388 3395 Filii
2427 3342 2719 3398 divinitate
2748 3344 3079 3416 intelligunt,
3122 3347 3197 3402 ita
3231 3349 3443 3408 locutus

1864 3436 1947 3481 est
1964 3446 1975 3481 :
1998 3443 2172 3497 neque
2188 3429 2256 3484 de
2279 3430 2400 3486 Filii
2429 3433 2750 3490 exsistentia
2776 3436 2920 3505 loqui
2944 3437 3234 3507 Apostolus
3250 3439 3445 3513 1M!

1865 3518 1968 3572 sibi
1996 3522 2303 3590 proposuit,
2330 3523 2424 3578 sed
2448 3526 2513 3578 de
2543 3524 2659 3595 ejus
2689 3534 2810 3593 post
2838 3530 3296 3585 resurrectionem
3324 3534 3441 3602 glo-

1863 3609 1964 3661 ria.
1998 3610 2136 3679 Ergo
2170 3614 2354 3678 verba,
2392 3632 2410 3664 ι
2435 3614 2719 3670 Dominum
2760 3632 2881 3672 eum
2929 3616 3077 3684 fecit,
3117 3638 3138 3673 ι
3189 3621 3443 3678 dicuntur

1863 3712 1996 3766 pro,
2032 3698 2379 3753 Dominatum
2399 3711 2455 3755 et
2480 3701 2682 3757 Christi
2731 3704 2959 3773 gloriam
3008 3706 3107 3776 ipsi
3152 3707 3437 3763 attribuit:

1863 3804 1972 3843 non
2004 3792 2145 3858 quod
2197 3793 2518 3860 acquisitam
2562 3795 2787 3863 gloriam
2815 3796 2987 3852 Filius
3017 3802 3309 3869 acceperit,
3345 3801 3439 3855 sed

1860 3878 2062 3936 Judaeis
2092 3885 2390 3939 secundum
2427 3887 2744 3954 praedictam
2777 3888 3239 3958 dispensationem
3265 3891 3337 3943 ita
3363 3890 3441 3945 lo-

1861 3971 2068 4039 quitur,
2108 3973 2233 4042 quia
2269 3974 2349 4029 sic
2385 3978 2611 4031 credere
2643 3978 2692 4031 ei
2730 3978 3012 4044 deberent,
3050 3990 3107 4034 ut
3137 3980 3340 4034 Chriin
3375 3996 3440 4035 ac

1861 4062 2076 4118 Domini
2116 4064 2227 4133 jam
2262 4065 2395 4122 facti
2453 4070 2697 4124 assccla.
2746 4068 2899 4135 Quod
2942 4070 3087 4125 enim
3135 4086 3240 4125 non
3277 4073 3440 4126 homo

1860 4168 2009 4207 more
2041 4164 2228 4218 noetro
2258 4157 2490 4225 genitus,
2518 4158 2660 4212 'sine
2687 4158 2851 4213 Verbi
2886 4161 3107 4223 unione,
3143 4160 3299 4215 Iesus
3328 4160 3437 4215 Na-

1859 4258 2092 4299 zarenus
2145 4246 2237 4308 sit,
2280 4248 2373 4315 qui
2408 4263 2507 4316 pro
2547 4250 2706 4304 nobis
2759 4252 3082 4318 sanguinem
3120 4267 3274 4306 suum
3312 4252 3433 4306 fun-

1858 4333 1989 4386 dere
2019 4349 2127 4387 non
2164 4338 2458 4401 recusavit,
2492 4338 2616 4391 audi
2649 4338 2934 4393 manifeste
2964 4341 3267 4406 apostolum
3303 4339 3436 4394 Pau-

1860 4422 1970 4477 lum
2009 4437 2193 4478 coram
2232 4424 2589 4493 Ephesiorum
2627 4428 2903 4496 magistris
2946 4431 3122 4497 palam
3154 4430 3433 4484 alllrman-

176 4478 586 4545 καθιστῶντος·
625 4504 642 4535 ι
679 4486 981 4556 Προσέχετε
1014 4492 1141 4560 γὰρ,
1185 4498 1347 4565 φησὶ,
1402 4478 1616 4568 ἑαυτοῖς
1643 4478 1750 4561 ’καί

1869 4520 2002 4566 lem:
2041 4532 2059 4564 ι
2090 4513 2398 4579 Attendite,
2440 4515 2631 4585 inquit,
2678 4518 2831 4572 vobis
2888 4527 2943 4573 et
2975 4521 3228 4574 universo
3260 4522 3428 4591 gregi,

177 4572 339 4665 παντὶ
366 4569 448 4640 τῷ
486 4577 739 4645 ποιμνίῳ,
768 4578 825 4629 ὲν
863 4572 907 4646 ᾧ
948 4582 1089 4650 ὑμᾶς
1120 4586 1182 4637 τὸ
1231 4588 1454 4660 Πνεῦμα
1491 4594 1551 4646 τὸ
1590 4597 1748 4665 ἅγιον

175 4658 328 4713 ῐθετο
380 4662 713 4730 ἐπισκόπους
741 4708 754 4732 ,
789 4673 1098 4740 ποιμαίνειν
1130 4675 1228 4746 τὴν
1284 4679 1612 4751 Ἐκκλησίαν
1650 4688 1745 4741 τοῦ

175 4750 332 4812 Θεοῦ,
363 4753 431 4822 ἣν
464 4760 891 4828 περιεποιήσατο
919 4762 1005 4815 διὰ
1038 4764 1130 4816 τοῦ
1162 4768 1391 4836 αἵματος
1416 4750 1508 4827 τοῦ
1539 4775 1693 4832 ίδίου.
1724 4798 1741 4830 ι

187 4842 432 4908 Ἀκούεις
450 4844 581 4899 Θεὸν
598 4850 846 4920 φανερῶς
863 4853 965 4905 ὑπο
982 4855 1075 4907 τοῦ
1103 4858 1424 4915 Ἀποστόλου
1453 4865 1544 4919 τὸν
1564 4868 1749 4923 ἐσταυ-

178 4939 422 5006 ρωμένον
462 4943 897 5013 κηρυττόμενον;
949 4946 1263 5018 Ποιμαίνειν
1310 4955 1419 5026 γάρ
1457 4976 1621 5029 φησιν
1646 4962 1746 5031 τὴν

187 5028 514 5099 Ἐκκλησίαν
540 5032 636 5086 τοῦ
670 5033 826 5103 Θεοῦ,
863 5038 929 5109 ἣν
956 5044 1381 5111 περιεποιήσατο
1407 5049 1493 5102 διὰ
1521 5050 1617 5103 τοῦ
1659 5028 1719 5105 αί

179 5134 343 5184 ματος
394 5121 488 5173 τοῦ
513 5123 664 5176 ίδὶουο
704 5127 801 5197 οὐχ
829 5130 909 5182 ὅτι
936 5133 1001 5201 τῇ
1021 5132 1179 5201 φύσει
1204 5138 1301 5207 τῆς
1334 5138 1584 5210 Θεότητος
1604 5142 1739 5195 ἔπα-

178 5223 317 5277 σχεν,
348 5210 465 5264 ἀλλ’
492 5213 571 5267 ὅτι
608 5215 676 5267 τὰ
719 5216 818 5285 τῆς
861 5222 1061 5289 σαρκὸς
1091 5225 1254 5278 αὐτοῦ
1283 5228 1428 5299 πάθη
1463 5233 1541 5295 είς
1578 5232 1739 5287 αὑτὸν

177 5302 523 5373 ἀναφέρεται,
546 5306 634 5359 διὰ
660 5307 722 5360 τὸ
752 5311 826 5379 μὴ
858 5311 1143 5381 ἀνθρώπου
1177 5320 1318 5383 τινὸς
1350 5317 1487 5376 εἶναι
1512 5325 1735 5395 ταύτην,

174 5394 279 5445 ἀλλ’
313 5398 479 5451 αὑτοῦ
514 5399 609 5452 τοῦ
654 5400 824 5469 Λόγον
862 5402 997 5457 ἰδίαν
1025 5408 1224 5478 σάρκα.
1261 5411 1322 5465 ΕΞ
1369 5416 1552 5469 τοίνυν
1600 5417 1736 5470 Θεοῦ

170 5482 301 5555 αἷμα
323 5490 385 5541 τὸ
414 5485 551 5560 αἷμα
583 5492 819 5561 λέγεται,
848 5493 1004 5563 δῆλον
1028 5500 1101 5564 ὡς
1128 5502 1259 5568 Θεὸς
1286 5501 1352 5575 ἦν
1382 5508 1559 5579 σᾶρκα
1580 5528 1736 5581 περι-

171 5581 430 5651 κείμενος.

234 5763 456 5831 ’;\ct.u,
500 5764 592 5819 ει.
678 5763 976 5821 ³ἱ1›ἰι1.23.
1056 5771 1226 5828 ‘ihid.
1267 5776 1355 5831 56.

1856 4602 1908 4657 in
1942 4619 2048 4672 quo
2079 4619 2175 4661 vos
2197 4603 2436 4674 Spiritus
2463 4616 2692 4663 sanctus
2724 4608 2903 4678 posuit
2924 4609 3208 4678 episcopos
3242 4626 3432 4678 regere

1856 4692 2156 4749 Ecclesiam
2202 4695 2320 4760 Dei,
2355 4713 2516 4766 quam
2564 4699 2865 4767 acquisivit
2896 4702 3163 4770 sanguine
3199 4717 3295 4754 suo
3327 4703 3367 4756 ⁸.
3408 4721 3431 4754 s

1857 4785 2237 4841 Audin‘Deum
2261 4787 2549 4844 manifeste
2567 4789 2634 4844 ab
2662 4790 2919 4858 Apostolo
2947 4792 3266 4846 crucifixum
3296 4810 3434 4863 pra:-

1856 4878 2068 4932 dicari?
2102 4879 2312 4949 Regere
2347 4882 2492 4935 enim
2529 4882 2749 4937 mandat
2782 4882 3086 4938 Ecclesiam
3122 4886 3239 4949 Dei,
3266 4902 3428 4953 quam

1855 4970 2145 5037 acquisivit
2169 4970 2433 5040 sanguine
2466 4986 2588 5036 suo,
2628 4988 2736 5028 non
2763 4975 2905 5043 quod
2939 4973 2992 5027 in
3030 4986 3219 5032 natura
3251 4977 3425 5031 deita-

1852 5060 1920 5113 tis
1952 5062 2020 5114 sit
2048 5076 2267 5129 passus,
2301 5063 2393 5117 sed
2437 5063 2564 5135 quia
2600 5064 2786 5119 carnis
2820 5065 3101 5134 passiones
3132 5067 3198 5120 ad
3246 5067 3423 5135 ipsum

1851 5152 2183 5219 referuntur,
2222 5164 2507 5224 propterea
2541 5156 2681 5224 quod
2728 5171 2833 5211 non
2867 5157 3103 5212 hominis
3142 5157 3425 5225 cujusdam

1849 5244 1961 5300 hrcc
1984 5247 2053 5299 sit
2083 5263 2234 5310 caro,
2270 5248 2363 5302 sed
2393 5248 2563 5317 ipsius
2591 5246 2750 5304 Verbi
2778 5249 3017 5318 propria.
3058 5247 3113 5303 Si
3142 5262 3272 5319 ergo
3294 5265 3423 5306 san—

1851 5337 1967 5405 guis
2015 5337 2105 5393 Dei
2153 5341 2349 5395 dicitur
2390 5342 2636 5409 sanguis,
2675 5341 2841 5394 Deum
2886 5341 3035 5396 illum
3097 5342 3285 5407 fuisse,
3330 5344 3418 5412 qui

1848 5430 1949 5484 sibi
1984 5448 2201 5488 carnem
2241 5433 2432 5497 induit,
2465 5433 2806 5501 exploratum
2843 5446 2950 5490 est.

1482 5778 1608 5834 ibid.
1646 5779 1733 5845 '57,
1770 5779 1857 5834 58.
1940 5780 2093 5835 οΛυι.
2127 5798 2215 5847 xx,
2250 5778 2353 5849 28.
