4106 6500
667 407 776 464 983

671 616 790 671 loco
825 617 983 688 Virgo
1013 623 1309 689 appelletur
1333 625 1591 694 Deipara,
1650 629 1871 680 audiant
1899 630 1998 682 hoc
2027 629 2237 696 perspi-

673 723 774 761 cue
807 711 1138 767 nuntiantem
1178 717 1490 783 pastoribus
1522 719 1792 786 angelum,
1827 721 2236 787 dicentemque:

683 818 701 848 ι
737 800 872 864 Quia
907 813 1063 857 natus
1090 817 1174 858 est
1205 808 1356 860 vobis
1381 808 1535 860 hodie
1557 808 1824 872 Salvator,
1853 811 1940 878 qui
1973 822 2048 864 est
2085 810 2242 864 Chri-

673 900 790 944 stus
818 890 1081 949 Dominus
1105 897 1148 949 '.
1189 915 1207 947 »
1234 895 1348 951 Non
1383 899 1532 963 dicit,
1556 901 1654 965 Qui
1690 902 1795 953 erit
1820 900 2098 959 Dominus.
2135 903 2238 964 vel,

670 979 725 1034 In
761 999 867 1050 quo
889 984 1150 1039 Dominus
1183 988 1520 1043 habitaturus
1537 991 1631 1053 sit,
1659 991 1806 1052 sed,¢
1836 991 1934 1057 Qui
1954 1003 2037 1046 est
2058 993 2239 1046 Domi-

671 1087 792 1126 nus.
820 1092 839 1124 ι
874 1075 950 1128 Εη
988 1075 1152 1144 igitur
1182 1078 1465 1132 Dominum
1495 1081 1780 1135 manifeste
1809 1083 2065 1151 eum,qui
2085 1094 2241 1136 natus

669 1174 803 1228 erat,
856 1167 1077 1235 angelus
1138 1172 1371 1223 nuntiat.
1431 1170 1633 1225 Deinde
1694 1181 1949 1241 tanquam
2025 1175 2236 1244 signum

669 1257 946 1322 spectandi
991 1273 1112 1313 mox
1139 1259 1350 1314 Domini
1387 1261 1514 1329 ipsis
1549 1265 1834 1329 exhibens,
1871 1285 1890 1315 ‹
1933 1263 2238 1330 Invenietis,

673 1345 868 1414 inquit,
908 1348 1230 1403 infantulum
1268 1351 1452 1407 fasciis
1498 1354 1797 1408 involutum
1841 1367 1897 1410 et
1934 1357 1985 1410 in
2013 1359 2237 1428 praise-pi

671 1439 904 1504 positum
927 1440 968 1495 '.
998 1459 1016 1491 ι
1046 1440 1198 1494 Paria
1230 1443 1417 1512 angelo
1440 1445 1630 1499 Petrus
1661 1461 1876 1516 quoque
1909 1448 2232 1514 praedicans,

670 1544 794 1582 cum
828 1531 892 1583 ad
933 1531 1243 1587 Cornelium
1289 1537 1542 1600 accessit,
1573 1537 1786 1592 aiebat;
1823 1556 1839 1588 ι
1876 1538 2110 1592 Verbum
2141 1541 2240 1593 ini-

671 1621 743 1673 sit
800 1621 922 1676 filiis
966 1622 1182 1678 lsraelis
1210 1666 1224 1689 ,
1280 1642 1464 1694 pacem
1508 1628 1760 1682 nuntians
1804 1644 1900 1697 per
1961 1630 2237 1684 Christum

668 1709 874 1765 Jesum.
922 1711 1017 1767 llic
1046 1725 1128 1768 est
1166 1717 1407 1769 omnium
1465 1717 1727 1772 Dominus
1756 1721 1796 1770 '.
1838 1738 1852 1771 ι
1885 1720 2080 1774 Cernis
2109 1737 2239 1788 quo-

670 1800 829 1853 tuodo
893 1803 1134 1868 verbum,
1169 1805 1507 1872 prosalutari
1555 1808 1953 1875 pradicatione.
2005 1824 2100 1876 per
2145 1807 2226 1863 Je-

1695 417 1752 470 S.
1793 412 2070 469 CYRILLI
2108 414 2573 472 ALEXANDRINI
2612 419 2928 475 ARCIIIEP.

743 528 833 581 23.
881 527 1002 582 Jam
1046 532 1090 584 si
1139 531 1320 587 dicere
1375 546 1627 604 pergant,
1663 551 1898 604 quonam
1947 536 2241 604 Scriptura:
2272 539 2316 592 Α

3815 416 3924 472 284

2415 546 2520 605 κγ’.
2567 540 2628 591 Εἰ
2659 540 2715 591 δὲ
2747 538 3057 607 έπιμένοιεν
3094 538 3368 605 λέγοντες,
3404 536 3511 590 Ποῦ
3555 538 3651 607 τῆς
3698 536 3925 606 Γραφῆς

2345 629 2604 692 Θεοτόκος
2635 633 2665 698 ἡ
2696 630 2969 699 Παρθένος
2996 628 3306 696 ὠνόμασται
3329 645 3342 693 ;
3367 627 3716 680 ἀκουέτωσαν
3735 627 3924 694 σαφῶς

2344 719 2502 770 τοῦτο
2541 718 2634 770 τοῦ
2667 720 2896 786 ἀγγέλου
2942 722 3056 780 τοῖς
3103 719 3357 787 ποιμέσιν
3407 718 3918 786 εὐαγγελιζομένου,

2345 812 2437 861 καὶ
2467 809 2717 876 λέγοντος
2743 848 2757 871 ,
2795 828 2811 860 t
2850 811 2970 862 Ὅτι
3013 809 3205 878 ἐτέχθη
3239 809 3370 878 ὐμῖν
3414 810 3653 878 σήμερον
3685 808 3876 876 Σωτὴρ
3905 847 3919 867 ,

2343 902 2397 963 ὃς
2428 903 2572 954 ἐστιν
2603 901 2834 970 Χριστὸς
2858 900 3082 971 Κύριοςο
3113 921 3129 952 ι
3163 902 3224 953 οὐ
3253 902 3402 967 λέγει
3425 901 3608 962 δὲ,Ὀς
3635 900 3786 952 ἔσται
3807 899 3922 951 Κύ-

2344 1010 2476 1062 ριος,
2496 994 2548 1062 ἦ.
2588 993 2672 1045 Ἑν
2695 987 2738 1059 ᾧ
2765 992 3010 1061 όΚύριος
3031 993 3335 1063 ὲνοικήσειν
3366 990 3567 1059 μέλλει,
3597 990 3733 1053 ἀλλ’,
3766 1008 3783 1039 ι
3820 989 3920 1050 ’Ὁς

2343 1088 2488 1137 ἐστιν
2510 1085 2732 1154 Κύριος.
2768 1105 2785 1135 ι
2833 1085 2984 1138 Ίίδού
3016 1085 3192 1136 τοίνυν
3217 1083 3422 1152 Κύριον
3443 1079 3693 1152 φανερῶς
3721 1081 3812 1132 τὸν
3834 1096 3923 1131 τε·

2343 1177 2538 1245 χθέντα
2570 1179 2596 1228 6
2625 1177 2855 1244 ἄγγελος
2901 1175 3349 1244 εὐαγγελίζεται·
3401 1170 3517 1226 εἶτα
3553 1173 3648 1226 xxi
3692 1174 3922 1242 σημεῖον

2342 1265 2529 1336 ὥσπερ
2575 1269 2758 1330 αὐτοῖς
2810 1269 2908 1337 τῆς
2967 1268 3060 1320 τοῦ
3092 1269 3299 1339 Κυρίου
3359 1267 3484 1329 θέας
3525 1266 3922 1336 παρεχόμενος,

2346 1375 2364 1407 t
2396 1359 2688 1428 Εὐρὴσετε,
2742 1361 2933 1426 φησιν,
2990 1359 3189 1428 βρέφος
3233 1358 3764 1429 ἐσπαργανωμένον,
3823 1357 3926 1408 καὶ

2341 1449 2589 1519 κείμενον
2619 1452 2676 1503 ὲν
2706 1452 2900 1520 φάτνῃ.
2942 1471 2959 1502 ι
2998 1451 3368 1520 Παραπλήσια
3389 1467 3446 1502 τε
3479 1449 3554 1518 τῷ
3581 1449 3798 1516 ἀγγέλῳ
3827 1449 3928 1499 καὶ

2339 1541 2366 1592 6
2390 1541 2590 1611 Πέτρος
2613 1541 2916 1610 κηρύττων,
2937 1543 3023 1594 ὅτε
3044 1543 3178 1612 πρὸς
3204 1543 3295 1595 τὸν
3318 1540 3617 1611 Κορνήλιον
3641 1538 3921 1607 εἰσῆλθεν.

2340 1631 2521 1698 ἔλεγεν
2543 1649 2554 1661 ·
2606 1651 2622 1683 ‹
2660 1633 2764 1684 Τὸν
2797 1631 2955 1697 λόγον
2990 1631 3312 1684 ἀπέστειλεν
3356 1634 3468 1692 τοῖς
3498 1632 3632 1692 υἱοῖς
3679 1627 3922 1697 Ἰσραὴλ,

2341 1720 2828 1790 εὐαγγελιζόμενος
2863 1723 3088 1791 εἰρήνην
3117 1721 3205 1774 διὰ
3240 1719 3416 1787 Ἰησοῦ
3457 1717 3694 1789 Χριστοῦ
3717 1735 3729 1748 ·
3762 1710 3927 1779 οὗτός

2342 1814 2457 1864 ἔστι
2494 1813 2693 1882 Κύριος
2744 1813 2980 1866 πάντων.
3017 1832 3033 1864 ι
3085 1813 3245 1881 Ὁρᾷς
3286 1812 3402 1874 πῶς
3447 1812 3537 1862 τὸν
3585 1811 3762 1878 λόγον,
3800 1808 3926 1861 ἀντ)⁸

667 1905 786 1943 sum
832 1889 1107 1945 Christum
1149 1894 1374 1948 missum
1419 1896 1587 1950 fuisse
1638 1897 1809 1950 dicit?
1867 1897 2078 1968 lum
2131 1899 2234 1952 De-

2344 1901 2435 1953 τοῦ
2475 1901 2535 1953 τὸ
2572 1902 2840 1971 σωτήριον
2886 1903 3148 1971 κήρυγμα
3180 1901 3268 1952 διά
3307 1900 3482 1967 Ἰησοῦ
3532 1898 3768 1970 Χριστοῦ
3812 1899 3926 1954 ἀπ-

669 1990 1084 2051 inoustransque
1126 1985 1254 2048 illis,
1295 1986 1546 2053 quisnam
1582 1996 1722 2039 esset
1753 1985 1911 2041 Jesus
1960 1990 2236 2054 Christus,

673 2089 692 2122 ‹
740 2071 838 2127 Hic
866 2083 969 2139 est,
1027 2077 1122 2142 ait,
1161 2080 1401 2130 omnium
1437 2077 1719 2131 Dominus.
1766 2098 1784 2129 ι
1827 2077 2016 2134 Viden‘
2052 2079 2234 2133 infan-

670 2167 839 2220 tulum
882 2177 991 2221 tum
1039 2171 1104 2223 ab
1139 2169 1330 2240 angelo
1363 2180 1471 2224 tum
1501 2187 1530 2225 a
1573 2170 1734 2226 Petro
1777 2171 2063 2226 Dominum
2093 2175 2237 2227 dici?

670 2258 812 2327 Ergo
847 2258 1072 2328 Deipara
1107 2264 1331 2315 omnino
1382 2271 1466 2316 est
1520 2279 1642 2332 qua-
1690 2264 1971 2318 Dominum
2006 2266 2235 2334 peperit.

666 2348 757 2403 Sic
811 2350 978 2418 ipsam
1032 2350 1195 2406 etiam
1248 2353 1391 2407 beati
1444 2352 1696 2421 Baptista:
1757 2364 1978 2418 mater,
2030 2357 2235 2424 Spiritu

665 2451 854 2495 sancto
887 2451 1155 2511 permota,
1185 2444 1494 2512 appellavit.
1528 2464 1544 2495 ι
1579 2445 1801 2512 Repleta
1837 2455 1919 2498 est
1951 2448 2115 2512 enim,
2153 2449 2236 2500 iu-

666 2532 785 2601 quit
819 2532 1123 2601 Scriptura,
1159 2534 1434 2589 Elisabeth
1469 2535 1671 2605 Spiritu
1725 2546 1934 2603 sancto,
1973 2547 2028 2591 et
2055 2539 2240 2592 excla-

667 2623 836 2676 mavit
861 2637 876 2675 :
900 2621 1195 2678 Benedicta
1243 2635 1295 2679 tu
1340 2627 1480 2681 inter
1515 2627 1794 2691 mulieres,
1833 2637 1888 2681 et
1925 2631 2238 2684 benedictus

667 2713 876 2768 fructus
921 2716 1128 2769 ventris
1173 2717 1270 2770 tui.
1339 2717 1404 2771 Et
1435 2720 1575 2772 unde
1615 2720 1716 2774 hoc
1764 2722 1913 2787 mihi,
1960 2731 2016 2774 ut
2065 2735 2239 2777 mater

666 2805 882 2860 Dmnini
929 2809 1033 2862 mei
1067 2807 1250 2861 veniat
1281 2808 1346 2863 ad
1396 2810 1516 2862 me?
1556 2830 1574 2861 ι
1611 2810 1742 2876 Quis
1774 2811 1884 2880 jam
1923 2817 2058 2867 adeo
2089 2815 2236 2868 insa-

668 2898 802 2960 niat,
848 2908 904 2951 ut
944 2899 1076 2952 nolit
1119 2915 1243 2954 cum
1289 2900 1597 2969 Evangeliis
1633 2903 1915 2970 Deiparam
1965 2905 2238 2972 appellare

665 3001 905 3044 sanctam
938 2988 1255 3058 Virginem?
1297 2991 1373 3046 Ne
1406 3007 1535 3062 ergo
1577 2993 1968 3064 simpliciorum
2015 2999 2240 3052 auribus

665 3082 774 3134 sint
819 3080 1050 3147 molesti,
1078 3083 1201 3135 dum
1247 3099 1473 3152 puerum
1515 3093 1568 3138 et
1608 3085 1934 3139 inl'antulum
1971 3089 2235 3153 vocitant,

669 3188 737 3226 ne
772 3172 911 3227 forte
943 3174 1200 3241 paulatim
1227 3174 1537 3228 universum
1565 3191 1781 3245 quoque
1812 3178 1927 3246 ejus
1952 3181 2234 3234 adventum

667 3275 980 3333 pernegent.
1026 3264 1352 3319 Nominatus
1389 3277 1474 3320 est
1513 3266 1658 3322 enim
1707 3267 2002 3323 infantulus
2037 3270 2104 3323 ab
2138 3287 2232 3324 au-

668 3357 806 3428 gelo,
840 3357 931 3412 sed
965 3357 1125 3412 simul
1160 3358 1441 3416 Dominus.

737 3675 831 3730 24.
868 3675 1053 3742 Neque
1101 3675 1201 3727 hoc
1242 3673 1356 3726 loco
1407 3687 1596 3727 rursus
1645 3671 2078 3735 obmurmurent,
2119 3688 2243 3741 pas-

667 3767 879 3822 sionem
909 3766 1230 3833 obiicientes
1257 3774 1309 3818 ct
1343 3765 1818 3828 resurrectionem,
1845 3773 1900 3816 et
1923 3765 2063 3831 quod
2094 3765 2238 3819 Deus

667 3860 817 3915 illum
853 3858 1205 3912 suscitaverit
1228 3873 1240 3920 ;
1263 3857 1371 3922 jam
1404 3855 1548 3909 enim
1597 3856 1648 3908 in
1686 3855 2117 3921 prmcedentibus
2145 3857 2240 3910 de-

668 3961 966 4006 monstrata
1021 3949 1125 4001 fuit
1181 3948 1610 4016 dispensationis
1670 3947 1830 3999 ratio.
1884 3948 2136 4000 Attamen
2195 3949 2238 4002 si

667 4044 809 4097 forte
849 4044 1012 4096 velint
1058 4041 1364 4094 evidentius
1402 4039 1579 4091 adhuc
1634 4039 1867 4100 discere,
1919 4039 2041 4105 quis
2096 4049 2244 4093 esset

667 4135 758 4188 ille
784 4133 1098 4195 cruciﬁxus,
1128 4132 1348 4183 audiant
1381 4128 1565 4182 mundi
1616 4128 1919 4191 doctorem,
1955 4129 2004 4182 id
2040 4128 2237 4184 Corin-

667 4225 796 4279 thiis
822 4225 1154 4278 scribentem
1193 4240 1205 4274 :
1233 4239 1249 4270 ι
1290 4221 1398 4288 Ego
1423 4220 1590 4285 enim,
1623 4218 1818 4288 inquit,
1853 4219 2034 4288 accepi
2067 4237 2095 4272 a
2129 4220 2238 4274 Do-

669 4319 838 4380 mino,
876 4325 929 4368 et
958 4315 1110 4367 vobis
1147 4313 1368 4374 tradidi,
1398 4312 1656 4380 quoniam
1697 4312 1956 4365 Dominus
1984 4311 2235 4390 Jesusliu

667 4424 771 4475 qua
807 4417 962 4459 nocte
993 4405 1326 4461 tradebatur,
1350 4404 1559 4470 accepit
1584 4417 1776 4471 panem
1805 4403 1869 4467 ”,
1903 4414 1982 4455 iet
2009 4404 2232 4470 reliqua.

666 4498 860 4553 Cernis
909 4512 1030 4548 eum
1081 4495 1170 4561 qui
1224 4509 1318 4560 pro
1373 4491 1529 4545 nobis
1578 4507 1771 4559 passus
1811 4502 1918 4556 est,
1952 4491 2235 4545 Dominum

668 4591 842 4659 palam
879 4585 1262 4656 pricdicatum?
1300 4583 1448 4648 Quod
1475 4584 1517 4636 si
1551 4584 1738 4644 verba,
1767 4602 1785 4633 t
1827 4582 1970 4636 Deus
2003 4583 2172 4651 ipsum
2211 4598 2239 4636 c

669 4682 898 4735 mortuis
933 4678 1223 4732 suscitavit
1251 4677 1350 4734 υ.»
1392 4673 1720 4728 οίῘιςηιΙίευιο
1757 4675 2068 4726 hominibus
2094 4683 2239 4736 sunt,

670 4784 858 4842 utpote
881 4772 946 4825 dc
985 4770 1204 4823 homine
1232 4767 1398 4828 dicta,
1433 4767 1604 4834 ipsum
1638 4766 1816 4819 adhuc
1845 4766 2068 4817 audiant
2095 4767 2240 4833 Apo-

670 4866 866 4920 stolutn
904 4865 1042 4918 hanc
1071 4875 1284 4931 quoque
1319 4859 1680 4928 suspicionem
1719 4859 2101 4924 perimentem.
2141 4859 2239 4912 Se—

671 4957 904 5011 cundutn
927 4955 1071 5009 enim
1107 4951 1532 5021 dispensationis
1565 4950 1827 5002 rationem
1871 4949 1986 5001 inec
2021 4949 2072 5000 in
2106 4964 2238 5002 sau-

672 5051 776 5102 ctis
809 5048 954 5100 dicta
991 5052 1118 5098 sunt
1160 5041 1482 5110 Scripturis.
1519 5039 1651 5090 Nam
1684 5039 1825 5106 quod
1853 5038 2116 5092 Dominus
2149 5055 2237 5092 es-

671 5149 754 5194 set
790 5140 834 5191 is
859 5139 946 5205 qui
978 5137 1030 5189 in
1065 5150 1232 5188 carne
1264 5147 1457 5201 passus
1489 5141 1572 5185 est
1595 5142 1648 5184 et
1681 5131 2000 5192 resurrexit,
2032 5141 2235 5194 etnon,

674 5243 731 5285 ut
764 5230 846 5282 isti
873 5230 1049 5289 aiunt,
1078 5226 1239 5278 homo
1268 5222 1472 5276 habens
1502 5219 1738 5274 Verbum
1776 5220 2104 5280 inhabitans,
2139 5237 2236 5271 au-

675 5326 826 5377 diant
859 5318 1085 5375 Paulum
1120 5314 1383 5370 Romanis
1411 5314 1483 5366 ita
1518 5312 1582 5365 de
1625 5313 1934 5365 Abrahamo
1965 5313 2241 5366 conliden-

678 5425 759 5470 ter
809 5414 1135 5467 scribentem
1175 5426 1188 5462 :
1245 5426 1262 5459 ‹
1312 5406 1427 5459 Non
1484 5405 1603 5474 ejus
1652 5419 1815 5459 causa
1873 5406 2244 5458 tantummodo

680 5505 878 5572 scripta
927 5511 1053 5557 sunt
1097 5501 1230 5562 haec,
1279 5498 1372 5551 sed
1421 5498 1586 5549 etiam
1643 5505 1864 5563 propter
1901 5511 2018 5557 nos,
2051 5496 2248 5563 quibus

683 5595 1077 5666 reputabuntur
1122 5588 1470 5645 credentibus
1507 5587 1557 5641 in
1593 5602 1740 5653 eum,
1778 5589 1867 5655 qui
1909 5585 2094 5640 Jesum
2148 5588 2250 5640 Do-

769 5827 783 5853 ⁷
813 5823 942 5877 Luc.
979 5837 1036 5885 ιι,
1068 5819 1153 5874 Η.
1233 5818 1252 5848 ⁸
1278 5816 1406 5871 ibid.
1439 5817 1519 5871 ιε.
1617 5819 1634 5848 ⁸
1661 5819 1777 5871 Acl.
1810 5831 1859 5882 κ,
1891 5816 1977 5871 36.

2081 5821 2120 5848 "‘
2150 5818 2276 5874 Ltit‘.
2315 5836 2350 5880 ι,
2389 5815 2572 5871 ιι-ιδ.

2341 1990 2596 2042 εστάλίὶαι
2629 1990 2793 2060 φησίς
2823 1991 2915 2043 καὶ
2951 1990 3166 2053 δεικνὺς
3222 1991 3406 2053 αὐτοῖς
3451 1991 3534 2052 τίς
3580 1990 3666 2058 εἴη
3713 1987 3923 2056 Ἰησοῦς

2340 2081 2594 2151 Χριστὸς,
2618 2101 2634 2133 t
2663 2074 2831 2144 Οὗτός
2857 2084 3022 2144 ἐστιν,
3048 2081 3175 2150 ἔφη,
3206 2081 3424 2133 πάντων
3446 2080 3672 2150 Κύριος.
3695 2097 3712 2130 ι
3755 2079 3925 2148 Ὁρᾷς

2337 2173 2400 2224 τὸ
2427 2171 2644 2240 βρέφος,
2675 2173 2881 2244 Κύριον
2908 2173 2999 2226 καὶ
3033 2174 3136 2226 ὑπὸ
3163 2173 3255 2227 τοῦ
3288 2173 3542 2240 ἀγγέλου,
3573 2171 3667 2225 καὶ
3697 2171 3802 2224 ὐπὸ
3824 2171 3921 2223 τοῦ

2339 2262 2546 2333 Πέτρου
2583 2263 2681 2335 [ita
2712 2275 2937 2334 uterque
2963 2266 3129 2319 codex
3149 2265 3265 2320 sine
3295 2263 3486 2336 verbo]
3509 2283 3522 2329 ;
3550 2261 3760 2317 Οὐκοῦν
3784 2261 3924 2315 Θεο-

2336 2353 2496 2417 τόκος
2526 2355 2909 2424 ἀναμφιϐόλως
2941 2357 2972 2426 ή
3001 2357 3094 2408 τὸν
3123 2356 3327 2423 Κύριον
3353 2357 3682 2424 γεννήσασα.
3727 2353 3922 2416 Οῦτως

2339 2447 2510 2516 αὐτὴν
2556 2447 2713 2517 καὶὴ
2765 2448 2860 2501 τοῦ
2910 2451 3182 2518 μακαρίου
3229 2448 3535 2501 Βαπτιστοῦ
3591 2451 3772 2518 μήτηρ
3811 2447 3923 2499 ὐπὸ

2340 2539 2656 2608 Πνεύματος
2680 2540 2834 2607 ἁγίου
2865 2540 3156 2608 κινουμένη
3187 2541 3654 2612 προσηγόρευσεν·
3681 2559 3698 2591 t
3724 2539 3925 2606 Ἐπλήο

2345 2630 2445 2700 σΟη
2487 2630 2616 2701 γάρ,
2655 2631 2902 2700 φησ“ιν,ὴ
2947 2631 3230 2685 Ἐλισάῦετ
3265 2631 3585 2702 Πνεύματος
3626 2631 3924 2699 ἀγίου,καὶ

2339 2721 2631 2792 ἀνεϐόησεν
2652 2737 2664 2750 °
2698 2722 3053 2792 Εὐλογημένη
3085 2724 3149 2775 σὺ
3193 2724 3251 2774 ὲν
3301 2723 3536 2791 γυναιξὶ,
3569 2723 3660 2775 καὶ
3687 2723 3924 2790 εὐλογη-

2343 2814 2501 2882 μένος
2523 2815 2551 2865 ὁ
2572 2814 2780 2883 καρπὸς
2803 2813 2899 2882 τῆς
2923 2813 3132 2875 κοιλίας
3158 2831 3272 2866 σου·
3302 2815 3395 2866 καὶ
3425 2812 3589 2864 πόθεν
3621 2829 3708 2882 μοι
3734 2811 3921 2874 τοῦτο,

2338 2905 2426 2956 ἵνα
2466 2905 2498 2972 ἡ
2553 2905 2735 2974 μήτηρ
2773 2903 2867 2957 τοῦ
2896 2904 3102 2974 Κυρίου
3143 2922 3245 2973 μου
3281 2903 3410 2974 ἔλθῃ
3447 2904 3582 2971 πρός
3621 2921 3716 2974 με;
3755 2924 3772 2955 ι
3819 2905 3924 2967 Τίς

2341 2997 2432 3047 ἐπὶ
2480 2995 2730 3048 τοσοῦτον
2775 2997 3037 3066 μέμηνεν,
3095 2995 3169 3058 ὡς
3206 2996 3279 3065 μὴ
3308 2995 3595 3064 βούλεσθαι
3634 2996 3772 3065 μετὰ
3810 2997 3926 3048 τῶν

2340 3087 2691 3156 Εὐαγγελίων
2739 3087 3002 3141 Θεοτόκον
3031 3087 3327 3141 ἀποκαλεῖν
3361 3089 3459 3158 τὴν
3509 3089 3668 3156 ἁγίαν
3702 3087 3925 3158 Παρθέ-

2343 3196 2464 3244 νον;
2513 3178 2604 3248 Μὴ
2628 3179 2806 3231 τοίνυν
2835 3179 2943 3231 τῶν
2968 3180 3368 3250 ἀκεραιοτέρων
3403 3180 3501 3242 τάς
3529 3180 3698 3243 ἀκοὰς
3754 3179 3926 3250 Θορυ-

2345 3270 2632 3336 ϐείτωσαν,
2669 3269 2879 3323 παιδίον
2928 3270 3022 3322 καὶ
3066 3269 3263 3340 βρέφος
3293 3271 3648 3340 ὀνομάζοντες
3671 3313 3686 3336 ,
3719 3271 3803 3324 ἴνα
3850 3270 3929 3339 μὴ

2344 3359 2464 3410 κατ’
2496 3357 2674 3425 ὀλίγον
2707 3358 2804 3410 καί⁸
2851 3361 3032 3411 πᾶσαν
3063 3358 3229 3410 αὐτοῦ
3272 3360 3369 3427 τὴν
3412 3360 3705 3428 ἐπιδημίαν
3752 3361 3929 3428 ἀρνη-

2346 3467 2574 3502 σωνταιο
2610 3450 2924 3520 ὠνόμασται
2977 3451 3086 3522 γάρ
3135 3450 3338 3521 βρέφος
3383 3450 3488 3504 ὑπὸ
3520 3449 3613 3503 τοῦ
3661 3450 3930 3518 ἀγγέλου,

2342 3541 2457 3593 ἀλλ’
2490 3541 2604 3611 ἃμα
2639 3542 2732 3595 καὶ
2762 3542 2984 3614 Κύριος.

2415 3672 2512 3724 κδ’.
2553 3673 2692 3742 Μηδ’
2724 3674 2780 3724 ὲν
2806 3671 2980 3741 τούτῳ
3006 3671 3062 3723 δὲ
3089 3670 3250 3724 πάλιν
3269 3669 3706 3740 ψιθυριζέτωσαν
3732 3687 3792 3723 το
3827 3682 3935 3724 πω

2346 3763 2434 3826 Θος
2470 3763 2920 3834 προϐαλλόμενοι,
2954 3762 3046 3814 καὶ
3079 3762 3179 3831 τὴν
3209 3763 3526 3822 ἀνάστασιν,
3560 3762 3652 3813 xai
3679 3763 3759 3813 ὅτι
3789 3761 3935 3825 Θεὸς

2345 3855 2507 3906 αὐτὸν
2541 3855 2760 3924 ἤγειρεν
2782 3869 2794 3882 ·
2827 3853 2925 3923 ἤδη
2963 3852 3060 3921 μὲν
3087 3852 3196 3922 γὰρ
3222 3852 3315 3904 καὶ
3338 3855 3395 3904 ὲν
3421 3854 3533 3915 τοῖς
3558 3850 3934 3921 προλαϐοῦσιν

2345 3946 2721 3998 ἀποδέδεικται
2758 3945 2858 4013 τῆς
2900 3945 3212 4012 οἰκονομίας
3255 3945 3284 3995 ὁ
3337 3943 3511 4011 λόγος.
3549 3943 3694 4011 Πλὴν
3745 3943 3795 3994 εί
3833 3943 3934 3994 καὶ

2347 4036 2724 4107 φανερώτερον
2757 4037 3048 4106 μανθάνειν
3069 4035 3370 4103 βούλονται,
3403 4037 3486 4097 τίς
3508 4037 3536 4086 6
3568 4035 3938 4107 ἐσταυρωμὸ-

2346 4147 2434 4192 νος
2460 4129 2728 4198 ὑπῆρχεν,
2764 4128 3115 4180 ἀκουέτωταν
3151 4118 3244 4179 τοῦ
3282 4127 3379 4195 τῆς
3402 4124 3734 4195 ὀἰκουμένης
3771 4125 3935 4177 διδα-

2347 4219 2594 4282 σκάλου,
2649 4217 2806 4271 τοῦτο
2865 4217 3175 4288 Κορινθίοις
3227 4217 3666 4277 ἐπιστέλλοντοςο
3721 4234 3738 4265 t
3781 4214 3940 4282 Ἐγὼ

2345 4310 2475 4380 γὰρ,
2502 4311 2656 4379 φησὶ,
2682 4309 2992 4380 παρέλαϐον
3018 4308 3124 4360 ἀπὸ
3149 4306 3244 4362 τοῦ
3269 4308 3495 4377 Κυρίου,
3514 4308 3606 4359 καὶ
3629 4305 3941 4374 παρέδωκα

2347 4404 2495 4472 ὐμίν,
2526 4404 2609 4454 ὅτι
2655 4404 2682 4454 6
2719 4401 2920 4470 Κύριος
2974 4399 3182 4468 Ἰησοῦς
3217 4402 3280 4468 τῇ
3322 4400 3478 4451 νυκτί
3585 4396 3939 4467 παρεδίδοτο,

2345 4497 2536 4549 ἔλαϐεν
2565 4496 2748 4564 ἄρτον,
2773 4514 2789 4544 ι
2814 4495 2906 4546 καὶ
2935 4495 3002 4546 τὰ
3029 4493 3175 4562 ὲξῆς.
3213 4493 3450 4561 Θεωρεῖς
3483 4491 3574 4542 τὸν
3603 4489 3742 4559 ὑπὲρ
3765 4487 3942 4557 ἡμῶν

2347 4589 2613 4652 παθόντα,
2650 4588 2854 4658 Κύριον
2900 4586 3150 4655 φανερῶς
3183 4585 3617 4654 κηρυττόμενον;
3648 4583 3711 4634 Εἰ
3747 4581 3811 4633 δὲ
3840 4582 3943 4633 καὶ

2345 4682 2426 4744 τὸ,
2469 4701 2485 4731 t
2509 4681 2567 4734 Ὀ
2595 4681 2726 4742 Θεὸς
2761 4680 2924 4732 αὐτὸν
2969 4679 3189 4748 ἡγειρεν
3221 4677 3284 4728 ὲκ
3311 4674 3540 4744 νεκρῶν,
3572 4692 3589 4723 ι
3633 4672 3944 4725 σκανδαλί-

2347 4774 2427 4836 ζει
2451 4773 2576 4834 τοὺς
2617 4768 2962 4838 ἀνθρώπους,
3000 4769 3076 4830 ὡς
3117 4767 3245 4836 περὶ
3273 4765 3566 4835 ἀνθρώπου
3605 4764 3944 4834 λεγόμενον,

2348 4863 2516 4916 αὐτοῦ
2546 4861 2710 4914 πάλιν
2742 4859 2835 4913 τοῦ
2868 4858 3194 4911 Ἀποστόλου
3217 4857 3310 4910 καὶ
3343 4855 3542 4925 ταύτην
3575 4856 3947 4911 ἀκουέτωσαν

2349 4951 2696 5022 ἀναιροῦντος
2724 4950 2822 5020 τὴν
2859 4950 3111 5002 ὑπόνοιαν
3134 4966 3146 4978 ·
3183 4945 3540 5015 οἰκονομικῶς
3580 4946 3687 5015 γάρ
3717 4946 3789 4999 τὰ
3826 4964 3949 5000 τοιο

2349 5043 2486 5096 αῦτα
2503 5043 2560 5094 ἐν
2587 5043 2705 5103 ταῖς
2735 5040 2918 5107 ἁγίαις
2937 5038 3561 5110 είρηταιΓραφαῖς.”υτι
3587 5036 3695 5104 γὰρ
3719 5037 3950 5110 Κύριος

2345 5131 2411 5204 ἦν
2436 5137 2461 5187 6
2477 5137 2541 5204 τῇ
2565 5133 2726 5203 σαρκὶ
2746 5132 2841 5186 καὶ
2859 5131 3080 5200 πάσχων
3099 5132 3190 5183 καὶ
3207 5130 3584 5198 ἀνιστάμενος,
3597 5130 3692 5182 καὶ
3709 5130 3843 5199 οὐχ,
3866 5130 3950 5194 ὡς

2345 5224 2496 5278 αὐτοί
2516 5241 2697 5293 φασιν,
2713 5223 2809 5276 ἀνθ
2819 5239 2996 5291 ρωπος
3009 5223 3277 5290 ἐνοίκησιν
3290 5220 3426 5289 ἔχων
3443 5219 3536 5272 τοῦ
3558 5219 3758 5286 Λόγου,
3777 5223 3953 5275 ἀκου-

2347 5319 2551 5370 έτωσαν
2572 5315 2666 5368 τοῦ
2687 5314 2897 5367 Παύλου
2914 5314 3205 5382 Ῥωμαίοις
3221 5313 3362 5365 οῦτω
3388 5312 3672 5382 παρρησία
3695 5315 3953 5384 γράφον⁴

2346 5425 2436 5472 τος
2455 5409 2580 5478 περί
2605 5407 2700 5460 τοῦ
2735 5406 2984 5476 Ἀϐραάμ
3005 5423 3017 5434 °
3049 5426 3065 5456 ι
3093 5405 3204 5457 Οὐκ
3220 5405 3434 5475 ἐγράφη
3454 5404 3702 5456 διἀὐτὺν
3746 5407 3948 5474 μόνον,

2351 5501 2486 5553 ἀλλά
2503 5502 2597 5552 καὶ
2613 5500 2680 5551 δι’
2696 5499 2863 5569 ἡμᾶς,
2881 5495 2960 5560 οἷς
2979 5497 3160 5567 μέλλει
3178 5495 3488 5564 λογίζεσθαι
3505 5498 3617 5556 τοῖς
3638 5498 3950 5550 πιστεύου-

2351 5611 2434 5646 σιν
2465 5593 2557 5644 ἐπὶ
2593 5591 2683 5644 τὸν
2713 5589 3004 5660 ἐγείραντα
3040 5587 3248 5658 Ἰησοῦν
3284 5587 3375 5639 τδν
3416 5585 3622 5656 Κύριον
3671 5588 3850 5656 ἡμῶν
3883 5591 3949 5644 ὲκ

2656 5815 2735 5868 “l
2777 5814 2899 5870 Cor.
2940 5829 3014 5879 ιι,
3043 5811 3134 5868 9.3.
3215 5813 3256 5842 ¹²
3283 5811 3402 5865 Act.
3436 5825 3494 5874 ιι,
3529 5808 3621 5864 28.
