4104 6486
134 394 217 455 ὶδΰ

1274 419 1465 486 QUOD
1508 420 1566 474 Β.
1609 420 1825 475 ΜΛΒΙᾹ
1869 421 1976 475 SIT
2020 420 2337 476 DElPARA.

3325 424 3428 478 ι286

148 523 343 589 νεκρῶν.
381 540 398 570 ι
433 523 757 592 ’ὶικονσας
807 530 907 586 τὸν
939 533 1315 604 ἐγειρόμενον,
1340 535 1545 606 Κύριον
1583 554 1731 606 προσι

1860 537 2065 593 minum
2117 547 2363 593 nostrmn
2406 551 2437 592 e
2477 535 2707 590 mortuis
2731 535 3012 590 suscitavit
3053 535 3117 589 ¹³.
3158 554 3175 586 ι
3217 536 3426 588 Audisti

162 613 530 683 αγορενὸμενον
558 633 574 678 ;
609 620 854 690 Μηκέτι
888 623 1237 687 σκανδαλίζου
1267 625 1358 677 ἐπὶ
1394 629 1506 690 τοῖς
1543 630 1749 681 οἰκονο-

177 704 322 775 μικῶς
345 705 708 776 λεγομένοις.

234 895 320 940 κε’.
343 888 452 940 Καὶ
489 887 655 942 τοῦτο
675 891 732 943 δὲ
751 894 868 954 τοῖς
895 894 1202 964 εἰρημένοις
1227 898 1542 968 προσθεῖναι
1582 901 1742 970 ἀναγ-

171 984 310 1032 καῖον
338 981 593 1050 ὑπάρχει,
631 983 724 1034 ἵνα
757 986 832 1054 μή
855 1003 938 1048 τις
971 987 1219 1060 ὑπολάϐῃ
1246 991 1427 1060 χάριτι
1447 991 1541 1042 καί
1563 992 1744 1056 αὐτὸν,

165 1072 411 1142 καθάπερ
441 1074 614 1142 ἡμᾶς.
654 1073 792 1127 Θεὸν
830 1078 924 1128 καὶ
964 1077 1166 1149 Κύριον
1195 1081 1287 1132 καὶ
1317 1080 1442 1132 Υἱὸν
1473 1098 1744 1151 προσαγοο

162 1166 477 1234 ρευόμενον.
526 1165 722 1234 Ἡμεῖς
759 1167 858 1236 μὲν
889 1169 996 1238 γὰρ
1032 1171 1080 1222 εί
1120 1172 1214 1223 καὶ
1246 1170 1559 1243 καλούμεθα
1609 1174 1742 1237 θεοὶ,

154 1257 290 1308 ά.)λά
334 1257 501 1310 πάλιν
550 1258 830 1328 ἀκούομεν
878 1261 971 1313 κα)⁸
1014 1262 1112 1331 τῆς
1159 1263 1441 1327 ἀσθενείας
1483 1265 1638 1335 ἡμῶν
1687 1266 1745 1318 τὸ

154 1353 357 1424 μέτρον
383 1368 397 1383 ·
439 1369 460 1401 ι
501 1348 645 1417 Ἐγὼ
676 1349 786 1417 γὰρ
817 1347 966 1413 εἶπα,
1004 1354 1157 1421 φησὶ,
1182 1353 1306 1407 Θεοί
1340 1356 1484 1418 ἐστε,
1519 1355 1607 1407 καὶ
1638 1356 1745 1408 υἱοὶ

158 1442 452 1510 Ὑψίστου·
492 1459 512 1491 ν
544 1440 660 1493 ἀλλ’
697 1439 900 1504 εὐθέως
932 1443 1159 1510 ἐπάγει·
1197 1463 1215 1494 ι
1248 1443 1437 1513 Ὑμεῖς
1466 1445 1521 1497 δὲ
1552 1445 1626 1507 ὡς
1651 1445 1744 1499 ἄν·

143 1535 368 1603 θρωποι
411 1533 822 1602 ἀποθνήσκετε·
858 1551 875 1583 ι
914 1534 1007 1586 καὶ
1032 1534 1188 1605 δῆλον
1228 1534 1304 1598 ὡς
1337 1536 1434 1608 τὴν
1469 1553 1741 1606 προσηγο-

139 1628 272 1697 ρίαν
323 1626 474 1679 κατὰ
509 1624 675 1695 χάριν
709 1626 1059 1695 ἐσχήκαμεν·
1095 1627 1260 1691 αὐτὸς
1302 1628 1359 1681 δὲ
1404 1629 1501 1699 οὐχ
1546 1628 1739 1694 οὕτως,

136 1716 282 1769 ἀλλὰ
325 1715 473 1784 μετὰ
517 1715 622 1784 τῆς
661 1714 1002 1784 Θεοπρεποῠς
1061 1715 1218 1785 δόξης
1277 1718 1372 1770 καὶ
1429 1719 1526 1789 τήν
1575 1736 1741 1788 προσ-

133 1809 384 1880 ηγορίαν
419 1807 558 1877 ἔχει.
609 1806 872 1859 Καλεῖται
903 1807 1012 1878 γὰρ
1060 1808 1156 1876 οὐχ
1205 1808 1386 1873 ἁπλῶς
1421 1808 1571 1874 Θεὸς,
1605 1809 1739 1863 ἀλλὰ

1857 643 1979 683 eum
2007 628 2098 698 qui
2134 629 2433 684 suscitatus
2465 627 2590 693 fuit,
2630 627 2921 681 Dominum
2955 626 3320 697 appellatum?
3352 625 3426 679 Ne

1853 735 1986 790 ergo
2037 735 2157 790 quae
2211 721 2505 775 secundum
2557 720 3017 788 dispensationem
3070 729 3199 774 sunt
3253 720 3420 782 dicta,

1851 811 2114 866 seandalo
2149 811 2242 866 tibi
2271 812 2398 864 sint.

1924 903 2016 957 25.
2042 902 2153 957 Sed
2177 912 2231 958 et
2255 902 2398 956 aliud
2427 902 2703 971 praedictis
2729 902 3037 956 necessario
3061 900 3420 971 adjiciendum

1849 1006 1952 1062 est,
1984 1009 2052 1052 ne
2089 996 2210 1066 quis
2251 996 2561 1064 suspicetur
2615 996 2792 1064 ipsum
2840 995 3100 1065 gratiose,
3135 994 3281 1050 sicut
3321 1009 3419 1046 no-

1847 1089 1930 1144 bis
1958 1090 2233 1151 usuvenit,
2272 1098 2326 1142 et
2361 1088 2527 1142 Deum
2578 1086 2747 1142 fuisse
2770 1086 3097 1156 appellatum
3139 1094 3190 1139 et
3236 1084 3420 1138 Domi-

1847 1195 1974 1235 num
2001 1191 2162 1249 atque
2191 1179 2409 1234 Filium.
2454 1177 2563 1234 Nos
2593 1179 2790 1248 quippe
2829 1177 3044 1230 etiamsi
3077 1175 3149 1228 dii
3184 1173 3420 1243 appelle-

1847 1289 1988 1340 mur,
2021 1272 2193 1326 nihilo
2221 1281 2398 1324 tamen
2433 1269 2612 1324 minus
2644 1267 2978 1321 infirmitatis
3011 1265 3169 1320 simul
3217 1274 3420 1319 nostrae

1845 1364 2121 1420 modulum
2163 1362 2438 1417 audimus.
2475 1380 2490 1411 ι
2531 1359 2643 1430 Ego
2675 1359 2818 1413 enim
2867 1358 3016 1423 dixi,
3055 1355 3231 1424 inquit
3269 1353 3414 1408 Psal-

1845 1458 2028 1520 mista,
2051 1455 2136 1510 Dii
2183 1455 2317 1510 eStis
2350 1462 2402 1507 et
2430 1451 2694 1506 Altissimi
2739 1449 2832 1504 ﬁlii
2867 1449 2931 1502 “.
2969 1468 2986 1501 ι
3033 1447 3138 1502 Sed
3172 1447 3418 1517 protinus

1844 1546 2028 1602 addit:
2053 1565 2070 1598 ‹
2095 1546 2200 1600 Vos
2222 1555 2403 1598 autem
2429 1552 2487 1596 ut
2513 1541 2760 1595 homines
2783 1551 3013 1594 mortem
3040 1537 3285 1609 patimini
3306 1536 3369 1587 ".
3393 1553 3414 1588 ι

1842 1641 2006 1696 Certe
2033 1646 2250 1694 constat
2281 1637 2378 1690 hac
2404 1650 2501 1690 nos
2535 1633 2898 1704 appellatione
2928 1629 3148 1686 nonnisi
3171 1644 3265 1698 per
3290 1642 3417 1696 gra-

1843 1733 1972 1785 tiam
2005 1729 2132 1784 frui.
2161 1726 2276 1782 Non
2304 1727 2382 1782 sic
2407 1726 2540 1793 ipse,
2576 1724 2670 1777 sed
2707 1737 2830 1776 cum
2867 1721 3027 1792 digna
3074 1721 3185 1774 Deo
3243 1717 3416 1788 gloria

1843 1837 2036 1877 nomen
2068 1834 2286 1892 quoque
2319 1818 2478 1888 gerit.
2507 1816 2744 1871 Vocatur
2767 1830 2873 1868 non
2908 1812 3232 1882 simpliciter
3253 1811 3416 1874 Deus,

133 1901 274 1963 Θεὸς
312 1900 415 1952 ἐπὶ
454 1899 700 1961 πάντων,
740 1898 835 1951 καὶ
870 1899 1164 1982 εὐλογητὸς
1193 1902 1273 1963 είς
1327 1902 1452 1964 τοὺς
1496 1902 1731 1964 αἰῶνας·

1843 1916 1938 1971 sed
1978 1929 2141 1984 super
2169 1913 2350 1968 omnia
2400 1909 2560 1972 Deus,
2587 1915 2638 1961 et
2673 1907 2994 1962 benedictus
3037 1904 3090 1957 in
3121 1903 3316 1958 saecula
3346 1902 3412 1954 ¹⁸.

133 1993 398 2045 καλεῖται
425 1991 485 2044 δὲ
512 1991 676 2044 πάλιν
718 1992 814 2043 καὶ
861 1991 1088 2063 Κύριος,
1121 1994 1220 2046 οὐκ
1272 1992 1494 2064 ὀνόματι
1552 1995 1734 2064 μόνον,

131 2082 336 2150 ῶσπερ
382 2083 570 2150 ἡμεῖς,
604 2079 742 2132 ἀλλὰ
794 2080 996 2148 Κύριος
1026 2082 1126 2149 τῆς
1177 2084 1356 2153 δόξης,
1393 2085 1487 2135 καὶ
1532 2083 1737 2154 Κύριος

132 2176 394 2237 πάντων,
442 2173 519 2235 ὡς
553 2173 581 2225 ὁ
636 2172 846 2242 Πέτρος
889 2173 1158 2239 ἐδίδαξεν·
1202 2174 1495 2245 λεγόμενος
1541 2176 1596 2228 δὲ
1643 2179 1737 2230 καὶ

131 2266 287 2331 Υἱὸς,
326 2266 457 2320 οὐδὲ
507 2263 672 2318 τοῦτο
707 2264 966 2337 καθάπερ
996 2266 1157 2336 ἡμεῖς
1194 2266 1381 2329 ἁπλῶς
1412 2266 1552 2332 υίὸς,
1599 2267 1737 2322 ἀλλὰ

131 2358 266 2420 Υἱὸς
328 2360 521 2428 μόνος,
573 2362 666 2412 καὶ
716 2359 970 2430 ἀληθινὸς
1019 2359 1140 2411 κατ’
1167 2359 1398 2422 οὐσίαν,
1441 2358 1516 2423 ὥς
1571 2377 1738 2430 φησιν

144 2452 413 2520 Ἰωάννης
435 2469 449 2482 ·
485 2472 501 2502 ι
530 2452 643 2504 Καὶ
674 2451 841 2520 ἐσμὲν
874 2453 932 2504 ὲν
972 2451 1050 2521 τῷ
1089 2451 1330 2521 ἀληθινῷ
1374 2451 1512 2522 Θεῷ,
1545 2455 1637 2506 καὶ
1677 2455 1734 2507 ὲν

133 2541 210 2610 τῷ
239 2540 365 2612 Υἱῷ
396 2541 570 2593 αὐτοῦ
588 2557 600 2569 ·
631 2534 787 2602 οὗτός
810 2541 956 2592 ἐστιν
985 2543 1011 2592 6
1041 2542 1297 2610 ἀληθινὸς
1323 2543 1477 2605 Θεὸς,
1501 2545 1596 2596 καὶ
1621 2544 1734 2614 ζωὴ

138 2631 384 2695 αἰώνιος.
411 2652 428 2684 ι
465 2619 851 2702 Φανερῶτερον
882 2631 939 2684 δὲ
971 2631 1161 2684 τοῦτον
1190 2635 1217 2685 6
1247 2633 1544 2697 ἀπόστολος
1583 2635 1731 2688 Παῦ-

137 2724 221 2787 λος
249 2726 365 2777 ἀπὸ
393 2725 503 2777 τῶν
536 2724 748 2777 πολλῶν
774 2723 996 2795 διορίζει
1027 2724 1104 2788 ὼς
1135 2725 1296 2795 μόνον
1319 2726 1413 2778 καὶ
1432 2726 1574 2779 κατὰ
1597 2728 1732 2798 ἁλή-

141 2817 292 2870 οειαν
313 2819 448 2871 Υἱόν
479 2834 490 2846 ·
522 2819 675 2885 λέγει
700 2817 809 2886 γὰρ
831 2817 1031 2881 οὕτως·
1070 2836 1088 2867 ι
1127 2817 1238 2870 Καὶ
1271 2817 1380 2889 γὰρ
1407 2819 1565 2890 εἴπερ
1595 2821 1734 2872 είσ¹ιν

139 2909 428 2978 λεγόμενοι
461 2910 597 2972 Θεοὶ,
635 2909 742 2961 εἴτε
789 2911 848 2961 ὲν
878 2909 1111 2979 οὐρανῷ,
1162 2910 1270 2962 εἴτε
1318 2911 1410 2964 ἐπὶ
1461 2914 1561 2982 τῆς
1603 2913 1731 2981 γῆς,

143 2998 329 3069 ὥσπερ
361 3001 504 3052 εἰσιν
556 2999 670 3052 Θεοὶ
724 2999 914 3051 πολλοὶ
971 3002 1067 3053 καὶ
1123 3001 1305 3070 κύριοι
1349 3001 1534 3054 πολλοὶ
1572 3003 1731 3070 λεγόο

145 3109 310 3160 μενοι·
352 3111 368 3141 ι
404 3092 572 3144 πάλιν
605 3091 693 3143 ἵνα
719 3089 819 3162 [ita
850 3090 1021 3144 codex
1055 3090 1310 3161 uterque]
1342 3095 1490 3161 νοῇς,
1526 3113 1544 3144 ι
1586 3095 1731 3146 Ἀλλ’

142 3187 267 3255 ἡμῖν
295 3179 379 3247 εἷς
401 3185 537 3245 Θεὸς
570 3185 597 3236 ὁ
630 3184 820 3254 Πατὴρ
851 3183 910 3248 ἐξ
948 3175 1009 3236 οὗ
1041 3184 1108 3234 τὰ
1140 3184 1339 3246 πάντα,
1370 3183 1462 3236 καὶ
1495 3177 1577 3246 εἷς
1614 3185 1729 3237 K6—

147 3294 252 3346 ριος
285 3277 500 3347 Ἰησοῦς
534 3278 772 3348 Χριστὸς
796 3277 861 3330 δι’
892 3271 952 3332 οὗ
973 3277 1040 3330 τὰ
1075 3275 1276 3329 πάντα.
1312 3293 1328 3324 ι
1373 3274 1538 3346 ὐρᾷς
1570 3275 1646 3339 ὡς
1669 3276 1729 3328 οὐ

150 3371 284 3438 μετὰ
319 3372 543 3424 πάντων
569 3370 732 3431 αὐτὸς
763 3370 967 3441 Κύριος
998 3368 1186 3439 ἣΘεὸς
1220 3367 1565 3437 ὀνομάζεται,
1595 3367 1731 3420 ἀλλὰ

151 3463 300 3530 μόνος
324 3462 403 3531 τῷ
428 3463 607 3532 Πατρὶ
633 3460 1035 3527 σννδοξάζεται,
1063 3461 1137 3524 ὡς
1163 3461 1224 3524 ἐξ
1255 3459 1421 3512 αὑτοῦ
1454 3460 1594 3512 κατὰ
1626 3458 1730 3527 φύ-

151 3570 226 3606 σιν
260 3553 530 3623 ὑπάρχων
555 3568 570 3616 ;

210 3643 323 3709 κς·’.
365 3644 576 3714 Καιρὸς
603 3643 660 3695 δὲ
689 3643 896 3706 λοιπὸν,
934 3642 1027 3696 καὶ
1068 3641 1167 3712 τήν
1207 3641 1400 3712 ἑτέραν
1434 3640 1528 3694 τοῦ
1570 3643 1731 3694 Ἀπο-

149 3737 323 3790 στόλου
367 3737 682 3807 μαρτυρίαν
717 3737 797 3800 είς
836 3735 998 3806 μέσον
1022 3738 1386 3806 παραγαγεῖν,
1423 3735 1611 3788 τοῦτον
1640 3735 1729 3787 τὸν

147 3827 390 3897 ἀληθινὸν
431 3828 567 3880 Θεὸν
594 3827 747 3900 [Θεόν
779 3830 934 3882 ahest
982 3828 1049 3881 ab
1072 3842 1180 3880 uno
1214 3843 1242 3881 e
1265 3825 1564 3896 codicibus]
1600 3826 1728 3878 Υἱὺν

147 3918 428 3972 δεικνῦσιν
456 3916 603 3986 [πιῖοιΙ.
631 3930 858 3986 uterque
887 3917 1120 3989 δεικνύς]
1151 3918 1435 3989 ἄνθρωπον
1464 3913 1603 3969 εἶναι
1638 3917 1728 3970 τὸν

145 4010 204 4059 ἐκ
250 4011 349 4079 τῆς
395 4007 834 4078 καλλιπαρθένου
889 4005 1188 4076 τεχθέντα·
1241 4008 1352 4076 ἔχει
1406 4007 1462 4060 δὲ
1515 4007 1722 4070 οὕτως·

151 4119 166 4151 ι
198 4103 325 4154 Ὅτε
361 4103 416 4155 δὲ
440 4096 610 4171 ἦλθεν
632 4101 692 4153 τὸ
727 4101 1002 4171 πλήρωμα
1032 4098 1128 4152 τοῦ
1161 4100 1377 4169 χρόνον,
1412 4100 1728 4162 ἐξαπέστει-

143 4195 226 4243 λεν
253 4195 281 4245 6
303 4193 437 4254 Θεὸς
464 4192 560 4244 τὸν
589 4191 718 4243 Υίὸν
754 4190 922 4242 αὑτοῦ
964 4190 1255 4260 γενόμενον
1285 4191 1348 4242 ἐκ
1379 4190 1665 4257 γυναικὸς·
1702 4209 1721 4240 ›

147 4284 330 4352 μηδεὶς
376 4283 435 4336 δὲ
487 4281 651 4335 τοῦτο
691 4282 870 4349 λέγειν
917 4283 1258 4353 ἐρυθριάτω·
1309 4282 1566 4351 οὐδεμίαν
1619 4282 1726 4353 γὰρ

145 4374 297 4445 ὕϐριν
335 4375 498 4428 τοῦτο
537 4374 616 4443 τῷ
647 4374 804 4445 Λόγῳ
835 4376 1012 4444 φέρει,
1049 4373 1459 4444 φιλανθρωπίαν
1501 4373 1556 4426 δὲ
1594 4374 1728 4442 μᾶλ-

142 4467 245 4532 ὶον,
278 4470 376 4521 καὶ
423 4467 586 4531 δόξαν
634 4467 723 4519 διὰ
767 4468 927 4520 τοῦτο
972 4468 1197 4538 ἄπειρον
1237 4467 1332 4519 καὶ
1385 4467 1722 4537 ἀμέτρητον.

1759 3236 1800 3292 C

1840 2007 2083 2062 Vocatur
2113 2005 2238 2059 item
2273 2003 2557 2068 Dominus,
2584 2016 2690 2055 non
2721 1998 2941 2053 nomine
2982 2005 3164 2058 tenus,
3202 2002 3260 2047 ut
3293 2007 3413 2054 nos,

1841 2101 1933 2155 sed
1975 2099 2163 2169 gloriae
2201 2096 2486 2158 Dominus,
2524 2094 2896 2160 Dominusque
2938 2089 3200 2152 omnium,
3235 2094 3292 2139 ut
3318 2085 3418 2139 Pe-

1841 2204 1957 2246 trus
1994 2192 2178 2246 docuit
2212 2191 2274 2243 ".
2307 2189 2515 2243 Dicitur
2546 2188 2708 2242 etiam
2734 2183 2939 2248 Filius;
2970 2191 3026 2234 at
3064 2196 3131 2233 ne
3157 2178 3258 2232 hoc
3289 2177 3416 2245 qui-

1839 2285 1960 2339 dem
1997 2291 2057 2336 ut
2081 2296 2180 2336 nos
2211 2279 2553 2349 simpliciter,
2599 2277 2694 2333 sed
2735 2276 2928 2329 unicus
2970 2271 3159 2334 Filius,
3192 2279 3245 2324 et
3283 2270 3416 2324 suh-

1837 2375 2171 2431 stantialiter
2225 2387 2390 2426 verus
2417 2412 2432 2438 ,
2462 2382 2523 2425 ut
2557 2370 2635 2423 ait
2666 2367 2905 2422 Joannes
2942 2379 2957 2418 :
2991 2381 3009 2413 ι
3048 2362 3113 2416 Ει
3141 2376 3327 2415 sumus
3358 2360 3415 2413 in

1839 2482 1969 2522 vero
2004 2466 2135 2530 Deo,
2178 2473 2232 2517 et
2267 2465 2320 2517 in
2361 2462 2501 2516 Filio
2538 2459 2674 2529 ejus.
2708 2458 2809 2512 llic
2841 2471 2996 2511 verus
3027 2455 3171 2509 Deus
3214 2461 3318 2517 est,
3360 2462 3416 2507 et

1838 2559 1946 2612 vita
1968 2567 2170 2612 mterna
2196 2555 2265 2608 ’⁸.
2310 2573 2328 2607 ι
2371 2552 2704 2608 Manifestius
2741 2560 2919 2604 autem
2965 2548 3107 2602 hunc
3139 2545 3415 2616 apostolus

1837 2651 2038 2706 Paulus
2065 2664 2094 2702 a
2127 2647 2311 2701 multis
2346 2645 2625 2709 discernit,
2657 2651 2843 2712 utpote
2870 2639 3044 2694 solum
3081 2648 3130 2692 et
3160 2652 3288 2691 vere
3320 2635 3415 2690 Fi-

1839 2743 1987 2797 lium.
2016 2742 2106 2795 Ait
2133 2740 2278 2796 enim
2309 2739 2389 2793 sie
2429 2755 2444 2791 :
2479 2756 2498 2789 ι
2536 2734 2671 2789 Nam
2703 2734 2804 2788 etsi
2844 2740 2973 2786 sunt
3017 2730 3107 2799 qni
3153 2730 3413 2782 dicuntur

1837 2830 1932 2894 dii,
1962 2830 2076 2883 sive
2107 2829 2158 2880 in
2198 2827 2358 2890 caelo,
2391 2826 2506 2880 sive
2541 2839 2706 2892 super
2738 2832 2967 2884 terram,
3017 2819 3176 2874 sicuti
3221 2831 3410 2872 revera

1837 2929 1962 2974 sunt
2012 2920 2083 2973 dii
2136 2918 2326 2981 multi,
2363 2926 2417 2969 et
2455 2915 2606 2968 multi
2639 2914 2728 2982 qui
2759 2912 3014 2966 dicuntur
3041 2909 3243 2964 domini
3275 2908 3354 2973 ”;
3387 2926 3408 2959 ι

1835 3010 2016 3066 subdit
2046 3018 2103 3064 ut
2123 3009 2392 3076 intelligas
2414 3025 2425 3060 :
2451 3025 2469 3057 ι
2493 3005 2660 3059 Nobis
2696 3014 2873 3056 tamen
2900 3016 3043 3056 unus
3077 3001 3218 3053 Dens
3248 2997 3413 3052 Pater

1837 3118 1899 3158 ex
1927 3117 2035 3171 quo
2067 3101 2342 3164 omnia,et
2365 3113 2504 3152 unus
2537 3095 2802 3150 Dominus
2836 3092 2995 3148 Jesus
3034 3091 3286 3147 Christus
3316 3105 3412 3160 per

1836 3209 1994 3262 quem
2034 3194 2212 3247 omnia
2240 3193 2304 3244 ".
2349 3211 2366 3241 ι
2403 3190 2613 3253 Cernis,
2656 3187 2798 3256 quod
2841 3201 2949 3240 non
2996 3200 3117 3240 cum
3158 3183 3412 3238 omnibus

1836 3285 1950 3353 ipse
1995 3283 2257 3337 Dominus
2309 3281 2392 3334 vel
2434 3281 2575 3333 Deus
2620 3280 2956 3343 nominatur,
2987 3275 3080 3331 sed
3119 3289 3255 3328 unus
3287 3288 3410 3326 eum

1834 3376 1995 3432 Patre
2054 3373 2412 3446 gloriﬁcatur,
2472 3385 2730 3439 tanquam
2791 3384 2855 3424 ex
2913 3367 3033 3437 ipso
3086 3364 3413 3420 naturaliter

1832 3464 2139 3521 exsislens?

1902 3638 1995 3693 26.
2037 3636 2296 3706 Superest
2349 3643 2406 3689 ut
2453 3634 2598 3688 aliud
2644 3633 2886 3702 Apostoli
2935 3633 3305 3687 testimonium
3355 3630 3408 3684 in

1833 3731 2069 3784 medium
2102 3727 2465 3798 proferamus,
2503 3728 2646 3794 quod
2694 3728 2838 3780 hunc
2873 3739 3061 3779 verum
3107 3725 3273 3777 Deum
3328 3720 3411 3774 Fi-

1830 3823 1964 3876 lium
1998 3820 2237 3874 ostendit
2264 3834 2386 3872 esse
2415 3818 2711 3880 hominem,
2743 3831 2902 3886 quem
2933 3815 3150 3886 egregia
3197 3814 3410 3883 peperit

1832 3913 2018 3979 Virgo.
2054 3911 2127 3964 Ita
2168 3925 2300 3964 vero
2341 3924 2400 3963 se
2442 3910 2643 3962 habet:
2692 3925 2710 3957 ι
2750 3907 2886 3960 Cum
2938 3907 3088 3960 venit
3129 3905 3410 3974 plenitudo

1832 4004 2116 4073 temporis,
2148 4003 2294 4055 misit
2338 4002 2484 4054 Deus
2533 3999 2728 4053 Filium
2762 4013 2917 4052 suum
2961 3997 3159 4052 factum
3189 4012 3254 4050 ex
3291 4012 3410 4049 mu-

1830 4097 1967 4150 liere
1993 4096 2058 4148 “.
2097 4113 2115 4146 ι
2153 4092 2432 4146 Neminem
2464 4105 2630 4159 porro
2661 4091 2762 4144 hoc
2786 4091 2970 4143 dicere
2998 4089 3228 4156 pudeat;
3262 4087 3408 4141 nulla

1828 4188 1971 4241 enim
2010 4186 2132 4240 hine
2155 4184 2352 4254 injuria
2382 4181 2558 4236 Verbo
2593 4182 2672 4244 ﬁt,
2708 4179 3017 4248 benignitas
3055 4192 3182 4230 vero
3215 4175 3408 4249 Iun

1831 4275 2008 4345 potius
2051 4274 2303 4342 patescit,
2341 4281 2394 4326 et
2433 4271 2606 4341 gloria
2647 4268 2862 4322 inﬁnita
2897 4275 3063 4336 atque
3113 4267 3407 4321 immensu-

1830 4366 2040 4420 rabilis.
2086 4363 2220 4418 Nam
2262 4363 2404 4430 quod
2456 4361 2589 4414 nihil
2636 4361 2762 4414 inde
2809 4356 3045 4411 Verbum
3094 4357 3404 4413 detrimenti

1831 4460 2030 4527 capiat,
2062 4471 2182 4511 cum
2215 4456 2288 4509 sit
2323 4453 2646 4522 intangibile
2688 4461 2882 4518 suapte
2916 4459 3132 4514 natura,
3166 4450 3409 4518 impassi-

143 4559 259 4613 Ὀτι
289 4560 401 4629 γὰρ
429 4559 584 4611 οὐδὲν
621 4561 684 4611 ὲκ
713 4557 905 4611 τούτου
937 4561 964 4611 ὁ
988 4559 1161 4626 Λόγος
1199 4558 1281 4610 ἑὸ)
1296 4558 1516 4620 ἅπτετο,
1549 4559 1722 4628 ἄψαυ-

1837 4552 1957 4615 hile,
1992 4557 2046 4603 et
2095 4547 2626 4613 incircumscriptum
2657 4581 2672 4608 ,
2714 4544 2807 4597 sed
2835 4541 3096 4595 ineﬁ‘abili
3137 4557 3232 4596 sna
3280 4556 3406 4612 erga

145 4665 258 4713 στος
291 4651 561 4720 ὑπάρχων
594 4647 692 4717 τὴν
728 4648 889 4717 φύσιν
926 4649 1020 4701 καὶ
1048 4647 1264 4717 ἀπαθὴς
1295 4650 1389 4700 καὶ
1415 4647 1722 4719 ἀπερίγρα-

147 4757 254 4806 φκ.
289 4742 522 4813 ἀρρήτῳ
556 4739 612 4790 δὲ
649 4739 1030 4810 φιλανθρωπίᾳ
1075 4739 1137 4791 τὸ
1178 4741 1413 4810 πρᾶγμα
1446 4739 1720 4810 διήνυσεν,

146 4832 297 4885 ἄκουε
334 4834 500 4887 πάλιν
554 4829 718 4882 αὑτοῦ
758 4829 851 4883 τοῦ
876 4828 1088 4882 Παύλου
1126 4829 1283 4882 τοῦτο
1340 4830 1716 4891 διδάσκοντος·

152 4925 390 4995 «Ἰησοῦς
423 4923 685 4996 Χριστὸς,
725 4923 910 4992 φησὶν,
937 4921 1062 4991 χθὲς
1097 4921 1192 4974 καὶ
1211 4921 1472 4990 σήμερον,
1497 4922 1523 4973 ὁ
1559 4920 1722 4982 αὐτὸς

148 5016 231 5069 καὶ
252 5017 330 5081 εἰς
345 5015 712 5079 τοὺςαίῶνας·
727 5031 745 5064 ι
768 5013 826 5065 τὸ
846 5013 973 5083 γὰρ,
997 5011 1145 5080 χθὲς,
1159 5010 1352 5076 λέγων,
1367 5010 1466 5079 τὴν
1484 5007 1721 5082 προαιὼ-

150 5126 248 5161 νιον
271 5108 437 5162 αὑτοῦ
467 5106 730 5178 σημαίνει
757 5104 942 5170 δόξαν·
969 5103 1030 5155 τὸ
1057 5102 1114 5155 δὲ
1143 5103 1402 5172 σήμερον,
1425 5100 1721 5163 ἐνεστῶτος

153 5201 330 5269 καιροῦ
377 5202 621 5253 ποιεῖται
663 5195 1036 5266 σημαντικόν·
1076 5193 1170 5245 καὶ
1211 5193 1291 5245 ὅτι
1341 5192 1440 5243 οὐκ
1481 5189 1718 5260 ἐτράπη.

159 5291 254 5343 ἀλλ’
284 5295 360 5346 ὅτι
390 5295 417 5346 6
444 5291 611 5353 αὐτὸς
643 5288 857 5359 ἔμεινεν
885 5286 977 5339 καὶ
1006 5287 1063 5337 ἐν
1097 5284 1263 5355 σαρκὶ
1289 5282 1600 5352 γενόμενος,
1629 5281 1722 5333 καὶ

164 5382 294 5438 ἔσται
344 5387 424 5447 εἰς
451 5384 580 5446 τοὺς
608 5380 836 5444 αἰῶνας,
869 5378 1173 5446 ἐπήγαγεν,
1227 5394 1244 5425 ι
1275 5377 1302 5428 ὁ
1325 5373 1487 5437 αὐτὸς
1527 5373 1621 5426 καὶ
1644 5374 1722 5435 εἰς

169 5478 270 5540 τοὺς
299 5478 516 5540 αἰῶνας.
548 5494 566 5526 ι
603 5474 735 5526 Ὅτε
769 5469 948 5523 τοίνυν
963 5468 1136 5522 ταῦτα
1158 5467 1329 5530 οὕτως
1350 5467 1479 5536 ἔχει,
1527 5464 1721 5534 φιλαν-

173 5565 350 5640 Θρωτιία
393 5568 614 5640 μεγάλῃ
649 5563 749 5635 τὴν
808 5563 886 5625 είς
940 5563 1088 5631 ἡμᾶς
1126 5560 1348 5630 ἀγάπην
1397 5558 1718 5623 ἐνεδείξατο,

879 5767 921 5797 ¹⁸
951 5767 1088 5821 Psal.
1125 5782 1307 5826 ιιικκι.
1340 5765 1393 5818 6.

225 5777 422 5832 “nom.
461 5792 538 5842 Iv,
571 5773 666 5836 25,
706 5768 796 5821 21.
879 5768 921 5797 ”
951 5768 1088 5821 Psal.
1125 5782 1307 5826 ιιικκι.
1340 5768 1393 5818 6.
1475 5768 1512 5795 ⁸⁵

225 5849 343 5890 ‘l'm-
389 5865 482 5890 nn
696 5840 743 5871 ²⁰
772 5838 901 5890 ibid.
939 5839 991 5890 6.
1089 5839 1129 5867 ¹¹
1157 5838 1331 5890 Gniat.
1367 5851 1440 5890 ιν.
1484 5835 1512 5888 Ai

167 5847 226 5902 "l
249 5850 359 5905 (Zur.
389 5838 610 5912 ιλιιιίὸ.
696 5840 743 5871 ²⁰
772 5838 901 5892 ibid.
939 5839 991 5890 6.

1475 5764 1514 5795 ⁸⁵
1539 5763 1668 5817 ibid.
1707 5764 1759 5816 7.

1616 5837 1659 5865 ²’
1689 5833 1847 5888 llebr.
1885 5850 2001 5898 xm,
2035 5835 2086 5888 8.

1833 4642 2082 4697 homines
2119 4640 2363 4694 bonitate
2399 4637 2450 4690 id
2486 4635 2746 4698 eﬁecerit,
2783 4634 2906 4687 audi
2956 4648 3146 4686 rursus
3183 4631 3406 4685 Paulum

1836 4735 1937 4788 hoc
1987 4733 2309 4786 docentem:
2347 4747 2366 4779 ‹
2404 4727 2566 4783 Jesus
2595 4726 2876 4792 Christus,
2935 4725 3149 4794 inquit,
3193 4724 3311 4778 heri
3355 4733 3409 4777 et

1831 4823 2010 4890 hodie,
2044 4823 2183 4876 idem
2200 4829 2254 4875 et
2276 4821 2329 4872 in
2365 4817 2564 4872 szecula
2598 4818 2664 4871 ”.
2698 4835 2716 4867 ι
2750 4815 2884 4869 Cum
2915 4816 3048 4869 dicit
3079 4814 3222 4879 heri,
3263 4830 3407 4869 sem-

1832 4918 2097 4986 piternam
2141 4913 2258 4979 ejus
2291 4911 2423 4966 dicit
2473 4909 2723 4978 gloriam.
2785 4906 2961 4962 Hodie
3001 4922 3131 4962 vero
3169 4921 3409 4976 prmsens

1833 5017 2047 5076 tempus
2086 5005 2376 5073 signiﬁcat.
2427 4999 2495 5054 Et
2525 5000 2649 5069 quia
2697 5013 2970 5067 nunquam
3023 5007 3260 5054 mutatus
3297 5008 3403 5063 est,

1831 5097 2079 5164 idemque
2116 5093 2319 5147 mansit
2348 5092 2512 5145 etiam
2541 5105 2669 5145 caro
2700 5089 2897 5150 factus,
2923 5089 3138 5155 eritque
3174 5089 3226 5142 in
3257 5098 3409 5144 aster.

1829 5203 1978 5254 nnm,
2020 5185 2223 5241 addidit
2251 5203 2271 5236 ‹
2312 5183 2452 5237 idem
2493 5190 2546 5236 et
2591 5181 2643 5235 in
2686 5179 2912 5234 saecula.
2959 5198 2977 5231 ι
3015 5179 3144 5246 Quae
3173 5195 3293 5233 cum
3334 5180 3407 5233 ita

1828 5280 1955 5345 sint,
1978 5293 2170 5347 magna
2202 5275 2402 5344 Oppido
2433 5273 2770 5344 benignitate
2799 5271 3122 5325 charitatem
3148 5285 3273 5341 erga
3305 5285 3404 5325 nos

1829 5387 1979 5427 suam
2022 5367 2445 5433 demonstravit,
2491 5378 2661 5434 seque
2710 5363 3138 5417 communicavit
3197 5371 3408 5416 naturae

1830 5474 2050 5525 nostrae,
2086 5469 2283 5514 nteant
2317 5458 2608 5524 relevaret,
2644 5469 2808 5525 atque
2844 5470 2872 5509 a
2904 5453 3103 5509 diaboli
3141 5454 3405 5508 servitute

1828 5557 2175 5612 subduceret.
2215 5554 2496 5610 Neminem
2549 5567 2678 5624 ergo
2721 5553 2939 5622 pudeat,
2997 5564 3120 5603 eum
3173 5562 3400 5616 puerum

1844 5763 2064 5815 “Rom.
2100 5777 2173 5826 ιιι,
2214 5760 2265 5815 5.
2350 5758 2532 5812 "Aet.
2562 5772 2616 5816 κ.
2656 5754 2743 5809 56.
2847 5751 2888 5782 ”
2934 5749 3134 5805 lJoau.
3195 5765 3251 5813 ν,
3305 5749 3399 5807 '20.
