4104 6480
694 397 795 450 287

1683 397 1739 452 S.
1781 398 2056 453 CYRILLI
2098 398 2568 454 ALEXANDRINI
2608 400 2925 458 ARCHIEP.

3848 404 3960 463 288

701 510 808 565 dici
840 510 992 564 audit
1022 520 1075 565 et
1105 511 1452 578 iniantuium,
1483 522 1539 569 et
1579 514 1843 585 quidquid
1881 517 2028 571 aliud
2074 518 2262 573 bumav

2386 519 2463 570 ιαί
2504 516 2906 588 κεκοινώνηκεν
2934 518 2999 586 τῇ
3036 514 3283 586 ἡμετέρᾳ
3312 513 3492 585 φύσει,
3534 515 3621 571 ῐνα
3663 516 3957 592 ἀναστήσῃ

699 603 842 657 nitus
881 603 949 658 de
992 602 1085 659 illo
1121 605 1382 675 scriptum
1418 616 1521 661 est.
1555 606 1761 663 Cuncta
1798 608 1941 664 enim
1980 608 2123 664 haud
2159 611 2265 675 sui,

699 694 793 749 sed
827 694 996 749 nostri
1040 709 1203 750 causa
1237 696 1533 762 sustinuit,
1567 699 1707 767 quod
1763 699 2057 754 humanam
2106 708 2269 754 natu-

700 800 814 838 ram
851 786 1006 839 decet
1060 786 1260 855 ubique
1291 803 1642 855 conservans,
1682 805 1749 845 ne
1791 790 1929 847 forte
1967 791 2274 861 phantasia:

700 868 876 925 instar
903 870 1081 927 divina
1113 873 1442 948 dispensatio
1470 879 1895 935 existimaretur.

773 1132 862 1187 27.
904 1131 1071 1202 igitur
1102 1148 1224 1188 cum
1262 1136 1501 1192 audieris
1534 1146 1845 1209 susceptum
1881 1155 2005 1197 eum
2045 1156 2075 1199 a
2115 1143 2276 1198 beato

706 1224 939 1293 Josepho
968 1226 1021 1280 in
1042 1224 1341 1297 'Egyptum
1356 1228 1577 1297 fugisse,
1594 1246 1679 1295 ne,
1697 1246 1901 1301 quaeso,
1923 1233 2275 1304 ignominiam

707 1319 758 1372 id
804 1332 926 1374 esse
972 1328 1156 1388 putes,
1200 1320 1294 1374 sed
1341 1322 1521 1390 potius
1567 1324 1744 1393 cogita
1792 1324 2273 1394 dispensationem.

706 1407 819 1464 l'loc
846 1410 987 1464 enim
1016 1424 1123 1463 non
1154 1420 1280 1464 tunc
1305 1413 1678 1467 tantummodo
1703 1412 1770 1469 de
1793 1427 1859 1469 eo
1883 1416 2144 1483 scriptum
2171 1423 2275 1482 est,

706 1501 798 1556 sed
827 1501 989 1556 etiam
1018 1516 1142 1557 cum
1172 1502 1451 1559 tricesimo
1478 1504 1654 1559 artatis
1678 1518 1820 1560 anno
1848 1506 2144 1575 praedicare
2169 1521 2280 1564 co:-

704 1594 784 1661 pit
811 1601 865 1648 et
892 1594 1107 1661 docere,
1140 1610 1206 1650 ac
1236 1596 1621 1652 miraculorum
1650 1598 1880 1653 virtutes
1906 1611 2147 1668 patrare,
2179 1601 2279 1658 ite-

706 1699 823 1738 rum
851 1685 963 1741 hac
988 1686 1053 1741 de
1074 1701 1137 1741 eo
1160 1687 1357 1754 scripta
1381 1690 1761 1757 comperimus.
1793 1707 1811 1741 ι
1842 1689 2078 1748 Audiens
2100 1692 2243 1747 enim
2261 1732 2278 1759 ,

707 1781 913 1849 inquit,
946 1781 1208 1837 Joannem
1247 1781 1415 1840 fuisse
1456 1782 1743 1848 traditum,
1780 1786 2006 1841 secessit
2042 1786 2093 1840 in
2129 1786 2278 1842 Gali-

2373 609 2562 675 αὑτὴν,
2590 609 2683 662 καὶ
2716 607 2813 672 τῆς
2844 606 2948 661 ὑπὸ
2978 606 3069 659 τὸν
3089 606 3333 663 διάϐολον
3358 606 3643 681 ἀπαλλάξῃ
3668 608 3919 672 δουλείας
3939 650 3955 665 .

2372 698 2578 767 Μηδεὶς
2598 694 2690 752 οὖν
2725 696 3064 766 αἰσχυνέσθω
3099 696 3310 751 παιδίον
3340 696 3576 763 ἀκούων,
3608 700 3701 752 καλ⁸
3721 698 3955 771 βρέφος,

2375 790 2469 842 καί
2513 790 2613 842 ὅσα
2669 786 3153 860 ἀνθρωπινώτερον
3208 788 3336 859 περὶ
3384 787 3549 842 αὐτοῦ
3598 788 3957 860 γέγραπται·

2376 882 2669 951 ὑπέμεινεν
2700 880 2808 951 γάρ
2838 880 3013 934 πάντα
3046 881 3106 935 ού
3148 880 3217 933 δι’
3252 880 3464 945 ἐαυτὸν,
3498 880 3634 935 ἀλλὰ
3670 882 3740 936 δι’
3778 883 3960 953 ἡμᾶς,

2378 970 2654 1041 πανταχοῦ
2682 970 2742 1022 τὸ
2770 970 2981 1040 πρέπον
3009 970 3290 1037 φυλάττων
3327 973 3391 1042 τῇ
3418 971 3514 1025 ἀνθ
3524 971 3733 1043 ρωπείᾳ
3766 973 3964 1043 φύσει,

2376 1063 2465 1116 ἵνα
2495 1063 2569 1132 μὴ
2600 1062 2873 1130 φαντασία
2905 1063 2940 1133 ἡ
2969 1062 3249 1132 οἰκονομία
3273 1064 3577 1133 νομίζηται.

2451 1153 2553 1218 κζ’.
2589 1152 2798 1207 Οὐκοῦν
2831 1153 2930 1207 κᾶν
2955 1153 3196 1225 ἀκούσῃς
3222 1156 3303 1209 ὅτι
3338 1155 3757 1227 παραλαμϐάνει
3788 1156 3964 1212 αὐτὸν

2376 1246 2406 1299 6
2444 1244 2713 1317 μακάριος
2764 1244 2980 1316 Ἰωσὴφ,
3026 1249 3121 1300 καί
3176 1246 3366 1315 φεύγει
3399 1250 3478 1310 εἰς
3527 1248 3825 1316 Αἴγυπτον,
3878 1249 3963 1321 μὴ

2380 1337 2643 1408 αἰσχύνην
2674 1336 2805 1391 αὐτὸ
2835 1336 3043 1407 νόμιζε,
3072 1338 3171 1409 τὴν
3197 1339 3253 1394 δέ
3278 1339 3589 1410 οἰκονομίαν
3614 1340 3823 1393 ἐννόει·
3860 1343 3965 1396 καὶ

2379 1429 2489 1501 γὰρ
2515 1431 2574 1482 οὐ
2600 1429 2721 1483 τότε
2754 1430 2913 1501 μόνον
2932 1428 3091 1483 τοῦτο
3116 1431 3243 1500 περί
3270 1428 3434 1483 αὑτοῦ
3462 1431 3792 1500 γέγραπται,
3820 1430 3967 1487 ἀλλὰ

2380 1522 2477 1577 καί
2516 1522 2605 1575 ὅτε
2637 1522 2715 1585 εἰς
2745 1520 2838 1575 τὸν
2867 1520 2911 1574 λ’
2945 1521 3190 1575 ἐνιαυτὸν
3223 1520 3393 1575 ἐλθὼν
3419 1522 3624 1594 ἡρξατο
3663 1520 3967 1593 κηρύττειν

2383 1613 2478 1667 καί
2506 1612 2796 1679 διδάσκειν,
2833 1611 2927 1665 καί
2960 1612 3071 1666 τῶν
3105 1612 3425 1683 θαυμασίων
3458 1613 3699 1667 ἐπετέλει
3737 1613 3840 1685 τὴν
3868 1613 3971 1667 δύο

2382 1723 2568 1776 ναμιν,
2601 1704 2764 1760 πάλιν
2789 1703 3014 1758 τοιαῦτα
3050 1703 3178 1774 περὶ
3215 1704 3381 1758 αὑτοῦ
3412 1703 3771 1775 γεγραμμένα
3801 1704 3967 1774 εὑρί-

2386 1812 2617 1866 σκομεν*
2650 1815 2668 1847 ι
2712 1794 2975 1858 Ἀκούσας
3008 1794 3139 1865 γὰρ,
3168 1794 3354 1864 φησὶν.
3395 1795 3478 1847 ὃτι
3524 1793 3782 1864 Ἰωάννης
3811 1807 3968 1862 ιιιαιρο

709 1872 858 1928 Ιεεοιη
889 1873 986 1929 ⁸⁸.»
1016 1874 1075 1928 Et
1093 1874 1194 1929 alia
1212 1874 1938 1943 hujusmodideprehendere
1961 1885 2062 1933 est.
2078 1877 2276 1933 Verum

2386 1887 2562 1957 ἐδόθη,
2615 1885 2965 1957 ἀνεχώρησεν
3003 1887 3083 1948 εἰς
3110 1884 3207 1955 τὴν
3246 1884 3539 1938 Γαλιλαίαν
3561 1901 3575 1916 ·
3610 1904 3629 1938 ι
3666 1884 3762 1938 καὶ
3794 1884 3971 1955 lupa.

708 1964 820 2017 haec
852 1963 993 2018 haud
1026 1974 1195 2029 metu,
1224 1981 1397 2037 neque
1428 1975 1555 2023 tunc
1582 1982 1758 2036 neque
1788 1977 1971 2037 postea
2006 1969 2154 2034 fecit,
2182 1970 2275 2026 sed

705 2056 831 2124 quia
860 2064 1072 2127 tempus
1098 2058 1349 2113 idoneum
1382 2059 1733 2129 exSpectabat
1758 2060 1982 2114 salutari
2015 2061 2273 2130 passioui.

706 2146 1001 2216 Oportebat
1030 2149 1175 2205 enim
1206 2151 1384 2219 primo
1414 2152 1772 2207 inclarescere
1800 2152 2240 2220 prwdicatiouem
2261 2191 2276 2215 ,

706 2248 761 2294 et
798 2241 975 2295 omnia
1012 2256 1131 2310 quae
1164 2242 1483 2296 decreverat
1518 2242 1633 2297 lieri
1656 2283 1670 2309 ,
1709 2257 1775 2297 ac
1810 2251 1921 2297 tum
1955 2241 2171 2298 demum
2209 2244 2278 2299 ad

707 2331 998 2387 salutarem
1028 2332 1334 2401 passionem
1359 2332 1574 2399 venire;
1601 2332 1743 2400 quod
1767 2341 1821 2388 et
1848 2348 2038 2402 reapse
2061 2331 2278 2390 accidit.

707 2420 861 2488 Quod
899 2430 1077 2477 autem
1115 2436 1222 2476 non
1263 2419 1707 2476 consternatione
1746 2424 1913 2476 animi
1950 2431 2043 2477 aut
2080 2436 2282 2491 pavore

707 2513 784 2567 ita
816 2526 877 2567 se
908 2511 1155 2581 gesserit,
1189 2522 1399 2570 constat
1429 2528 1495 2568 ex
1531 2514 1617 2569 his
1648 2529 1768 2584 qua:
1803 2514 1948 2581 fecit,
1982 2529 2105 2569 cum
2143 2515 2280 2571 tradi

707 2619 766 2659 se
805 2603 975 2661 noluit
1008 2623 1022 2661 :
1060 2621 1184 2660 nam
1218 2604 1421 2663 Judaeis
1453 2608 1584 2664 dare
1618 2622 1741 2662 eum
1776 2607 2112 2678 praeipitem
2153 2615 2281 2663 tunc

707 2694 1034 2759 volentibus,
1067 2713 1085 2749 t
1121 2695 1261 2766 ipse,
1295 2696 1471 2767 inquit
1499 2698 1851 2767 evangelista,
1885 2698 2156 2753 transiens
2186 2712 2283 2766 per

707 2785 942 2841 medium
987 2786 1201 2840 illorum
1246 2787 1447 2845 ibat“.
1493 2804 1512 2838 ι
1551 2788 1671 2842 Alio
1711 2787 1838 2843 item
1884 2799 2123 2858 tempore
2160 2804 2282 2845 cum

708 2875 908 2929 vellent
943 2891 1066 2931 eum
1102 2892 1333 2946 capere,
1368 2895 1387 2930 ι
1426 2877 1628 2944 Nemo,
1663 2880 1869 2947 inquit,
1905 2881 2091 2950 injecit
2128 2881 2179 2935 in
2218 2881 2285 2935 il-

708 2968 817 3022 lum
845 2983 1059 3033 manus.
1081 2970 1205 3039 quia
1233 2972 1469 3025 nondum
1491 2980 1714 3025 venerat
1740 2972 1870 3026 hora
1895 2972 2011 3041 ejus
2029 2974 2094 3025 ".
2129 2992 2148 3025 ι
2178 2971 2283 3028 Sed

708 3075 830 3115 curn
860 3060 1061 3131 alioqui
1094 3061 1166 3115 sit
1198 3062 1430 3117 invictus
1462 3061 1623 3128 Deus,
1655 3072 1895 3118 attamen
1928 3065 2284 3120 humanitatis

710 3166 823 3206 sua:
852 3165 1015 3208 causa
1051 3152 1305 3217 cedebat,
1336 3162 1395 3207 ut
1424 3167 1549 3208 vere
1584 3153 1757 3210 factus
1791 3156 1956 3211 homo
1986 3158 2285 3213 videretur.

2381 1978 2439 2031 δέ
2467 1977 2697 2031 τοιαῦτα
2740 1976 2887 2031 ἔστιν
2925 1978 3107 2049 εὑρεῖν
3130 1993 3144 2007 ·
3177 1976 3290 2029 ἀλλ’
3322 1976 3382 2030 οὗ
3416 1976 3565 2047 φόϐῳ
3594 1974 3755 2030 τοῦτο
3784 1977 3969 2030 ἐποίει

2380 2068 2502 2121 οὑδέ
2534 2068 2654 2122 τότε
2684 2069 2804 2123 οὐδὲ
2844 2067 2959 2131 νῦν,
2991 2067 3126 2121 ἀλλὰ
3162 2068 3252 2121 τὸν
3291 2067 3571 2137 πρέποντα
3596 2068 3789 2138 καιρὸν
3830 2069 3973 2123 ἀνα-

2386 2161 2562 2231 μένων
2590 2161 2684 2213 τοῦ
2733 2160 3003 2230 σωτηρίου
3036 2160 3242 2223 πάθους
3264 2175 3277 2190 ·
3313 2159 3421 2213 ἔδει
3448 2160 3557 2231 γὰρ
3587 2160 3803 2228 πρῶτον
3850 2159 3972 2214 δια-

2383 2252 2595 2321 λάμψαι
2642 2252 2704 2305 τὸ
2752 2252 3061 2321 κήρυγμα,
3119 2252 3217 2305 καὶ
3263 2251 3440 2305 πάντα
3493 2250 3809 2304 ἐπιτελέσαι
3862 2253 3975 2305 ὅσα

2383 2339 2656 2404 ἐϐούλετο,
2676 2340 2769 2393 καί
2790 2340 2914 2393 τότε
2942 2340 3037 2393 καί
3064 2340 3158 2393 ἐπὶ
3178 2340 3240 2393 τὸ
3267 2340 3531 2411 σωτήριον
3557 2339 3728 2402 πάθος
3750 2338 3935 2394 ἐλθεῖν
3955 2358 3971 2373 ·

2384 2434 2413 2488 6
2449 2433 2513 2503 δὴ
2542 2434 2635 2488 καί
2666 2433 2910 2502 γέγονεν.
2942 2434 3065 2486 Ὀτι
3114 2432 3172 2486 δέ
3204 2431 3264 2485 οὐ
3306 2430 3456 2503 φόϐῳ
3482 2432 3578 2486 καὶ
3604 2431 3776 2505 δειλίᾳ
3805 2433 3976 2488 τοῦτο

2386 2526 2615 2593 ἐγίνετο,
2638 2525 2796 2597 δῆλον
2817 2524 2910 2596 ἀφ’
2926 2515 3000 2582 ὧν
3026 2523 3324 2593 πεποίηκεν
3344 2523 3433 2578 ὅτε
3462 2524 3835 2596 παραδοθῆναι
3867 2523 3973 2577 οὐκ

2387 2617 2673 2672 ἐϐούλετο·
2705 2620 2798 2673 καὶ
2836 2618 2946 2688 γὰρ
2985 2618 3095 2673 τῶν
3133 2616 3407 2673 Ἰουδαίων
3446 2617 3609 2672 αὑτὸν
3639 2616 3761 2670 τότε
3793 2632 3975 2670 κατα-

2387 2712 2690 2784 κρημνίσαι
2718 2710 3086 2780 θελησάντων,
3125 2727 3144 2763 t
3170 2710 3364 2773 Αὐτὸς,
3396 2711 3580 2779 φησὶν,
3620 2707 3848 2763 διελθὼν
3881 2708 3976 2763 διὰ

2393 2804 2559 2873 μέσου
2599 2802 2779 2858 αὐτῶν
2800 2802 3124 2873 ἐπορεύετο·
3159 2819 3179 2855 ι
3217 2801 3311 2856 καὶ
3340 2801 3529 2854 ἄλλοτε
3568 2800 3625 2853 δέ
3655 2800 3853 2855 πιάσαι
3873 2802 3977 2855 αὺ-

2388 2895 2480 2947 τὸν
2502 2893 2781 2955 θελόντων,
2804 2912 2821 2944 ι
2850 2893 3057 2955 Οὐδεὶς,
3083 2892 3267 2963 φησὶν,
3292 2890 3556 2946 ἐπέϐαλεν
3578 2891 3663 2944 ἐπ’
3685 2889 3849 2943 αὑτὸν
3871 2888 3977 2951 τὰς

2390 2988 2596 3055 χεῖρας,
2630 2984 2712 3038 ὃτι
2735 2983 2890 3039 οὔπω
2917 2984 3177 3055 ἐλήλυθεν
3207 2984 3378 3056 ᾑῶρα
3392 2982 3579 3060 αὐτοῦ.
3610 3003 3628 3035 ι
3656 2981 3801 3051 Πλὴν
3832 2979 3985 3035 ἀλλά

2374 3076 2485 3128 σκαὶ
2514 3074 2815 3145 ἀχείρωτος
2864 3070 3005 3129 εἶναι
3051 3077 3350 3146 δυνάμενος
3389 3075 3464 3138 ὠς
3489 3075 3641 3138 Θεὸς,
3682 3073 3845 3126 πάλιν
3886 3072 3978 3126 διὰ

2390 3164 2451 3221 τὸ
2479 3166 2820 3237 ἀνθρώπινον
2855 3166 3218 3236 ὑπανεχώρει,
3253 3166 3339 3220 ίνα
3370 3166 3630 3235 φαίνηται
3662 3164 3803 3217 κατά
3833 3164 3973 3235 ἁλή-

710 3242 862 3309 Quod
898 3244 943 3299 si
981 3244 1105 3314 quis
1132 3244 1309 3309 dicat,
1347 3246 1457 3301 Cur
1492 3262 1596 3301 non
1638 3256 1749 3301 tum
1786 3262 2002 3317 quoque
2038 3264 2159 3303 cum
2199 3251 2283 3305 in-

2389 3256 2539 3311 θειαν
2567 3250 2860 3327 γενόμενος
2902 3256 3205 3325 ἄνθρωπος.
3241 3257 3303 3310 Εἰ
3350 3256 3407 3310 δὲ
3455 3256 3603 3325 λέγοι
3631 3274 3734 3319 τις,
3761 3257 3870 3310 Διά
3919 3258 3974 3311 τί

711 3333 952 3390 tantulus
992 3343 1131 3399 erat,
1175 3334 1401 3392 insidias
1442 3350 1540 3404 per
1579 3350 1636 3392 se
1680 3336 1794 3406 ipse
1840 3337 2153 3405 declinavit,
2193 3340 2284 3394 sed

712 3425 1039 3480 admonente
1076 3426 1300 3495 angelo?
1328 3428 1483 3491 sciat,
1521 3439 1631 3481 tum
1666 3443 1879 3497 quoque
1914 3442 2137 3499 operam
2171 3429 2286 3498 ejus

713 3517 1103 3581 intervenisse;
1135 3520 1230 3572 sed
1262 3534 1329 3573 ne
1358 3534 1420 3571 ea
1452 3533 1537 3573 res
1566 3518 1987 3587 dispensationis
2021 3520 2285 3576 rationem

712 3608 1122 3676 pessumdaret,
1170 3609 1352 3665 habito
1394 3610 1571 3665 anatis
1620 3620 1867 3679 respectu
1945 3611 2148 3667 idcirco
2193 3626 2289 3682 per

714 3699 959 3770 angelum
993 3715 1103 3759 rem
1135 3701 1386 3773 gessisse.

779 3884 873 3940 28.
915 3884 1067 3951 Quod
1102 3891 1278 3938 autem
1315 3883 1537 3938 humani
1573 3884 1733 3938 oﬂieii
1770 3900 1961 3949 causa,
1994 3896 2187 3941 cuncta
2222 3888 2289 3941 ad

716 3976 1133 4043 dispensationis
1168 3989 1411 4028 normam
1450 3975 1737 4042 dirigeret,
1774 3990 2103 4044 carnemque
2140 3987 2292 4045 pate-

716 4073 867 4120 retur
907 4064 1266 4133 proprietatcs
1313 4079 1439 4119 suas
1487 4065 1895 4129 demonstrare,
1945 4067 2293 4134 persuadebit

717 4155 813 4209 tibi
852 4170 1040 4210 rursus
1072 4155 1301 4224 ipsemet
1331 4154 1603 4210 Christus.
1636 4152 1767 4207 Nam
1802 4170 1923 4208 cum
1957 4155 2148 4211 beatus
2183 4157 2289 4210 Ba-

713 4248 881 4318 ptista
905 4249 954 4301 ei
979 4248 1186 4301 diceret
1212 4266 1224 4300 :
1257 4266 1275 4299 ι
1310 4248 1419 4317 Ego
1444 4262 1581 4314 opus
1610 4249 1777 4301 habeo
1802 4262 1829 4299 a
1861 4258 1911 4302 te
1937 4249 2232 4315 baptizari,
2266 4269 2283 4299 ι

716 4338 997 4408 respondit
1031 4338 1079 4392 ei
1116 4353 1131 4391 :
1172 4355 1192 4388 ε
1234 4338 1363 4392 Sine
1402 4340 1591 4403 modo;
1628 4341 1707 4391 sic
1740 4339 1881 4392 enim
1920 4348 2133 4408 Oportet
2167 4356 2287 4393 om-

714 4444 838 4484 nem
866 4428 1132 4497 justitiam
1165 4426 1376 4496 implcri
1403 4428 1469 4479 ".
1507 4445 1523 4477 ι
1556 4427 1821 4488 Videsne,
1855 4430 1996 4495 quod
2027 4438 2081 4483 et
2114 4429 2291 4498 bapti-

715 4537 889 4577 smum
922 4530 974 4576 ct
1006 4528 1198 4576 cuneta
1234 4518 1543 4589 hujusmodi
1576 4518 1750 4573 ollicia
1785 4520 2033 4589 prudenti
2068 4522 2287 4590 dispen-

716 4616 926 4669 satione
954 4614 1255 4682 receperit?
1282 4612 1506 4678 Quoties
1531 4626 1661 4680 ergo
1686 4622 1738 4665 et
1768 4628 1991 4681 puerum
2019 4623 2072 4667 et
2102 4614 2281 4670 infan-
2322 4588 2363 4642 θ

716 4708 922 4771 tulum,
963 4716 1017 4760 et
1053 4702 1314 4774 quidquid
1353 4703 1586 4757 humano
1626 4719 1772 4757 more
1813 4703 1878 4757 de
1917 4720 1982 4758 eo
2024 4707 2282 4775 scriptum

715 4810 831 4863 est,
866 4799 1053 4860 audis,
1087 4806 1144 4850 ut
1172 4796 1282 4865 jam
1315 4796 1585 4857 diximus,
1622 4810 1895 4864 nunquam
1926 4812 2048 4851 eum
2082 4800 2285 4867 absque

716 4893 997 4949 divinitate
1035 4888 1201 4943 fuisse
1231 4888 1517 4943 arbitrare.
1552 4887 1683 4940 Nam
1715 4896 1771 4941 et
1800 4902 1921 4941 cum
1957 4890 2116 4944 homo
2148 4890 2281 4943 dici-

718 4994 826 5047 tur,
858 4982 997 5034 Deus
1022 4993 1141 5033 esse
1170 4978 1597 5042 demonstratur,
1630 4987 1688 5031 ut
1718 4992 1859 5045 saepe
1890 4994 1920 5031 a
1950 4980 2109 5033 nobis
2136 4996 2283 5034 com-

715 5072 999 5140 probatum
1030 5070 1148 5123 l‘uit.
1171 5069 1410 5123 Accedet
1433 5069 1695 5122 hactenus
1725 5067 1885 5121 dictis
1914 5069 2066 5122 testis
2094 5068 2282 5124 beatus

717 5177 930 5234 quoque
960 5160 1219 5229 Baptista,
1251 5159 1329 5215 sic
1362 5160 1428 5214 de
1459 5158 1548 5214 illo
1581 5160 1804 5228 loquens
1830 5178 1842 5215 :
1870 5177 1887 5210 ι
1920 5160 2049 5215 Post
2075 5173 2160 5212 me
2188 5173 2280 5213 ve-

717 5256 795 5307 nit
821 5253 928 5316 vir,
954 5251 1045 5321 qui
1077 5259 1204 5306 ante
1236 5265 1323 5305 me
1353 5250 1525 5305 factus
1556 5260 1660 5315 est,
1689 5252 1812 5319 quia
1847 5253 1991 5320 prior
2017 5265 2100 5305 me
2128 5258 2280 5315 erat;

716 5357 771 5400 et
810 5360 909 5415 ego
947 5360 1069 5399 eum
1114 5342 1421 5399 nesciebam
1448 5343 1515 5397 ⁸⁷.
1563 5361 1581 5393 ι
1626 5341 1903 5409 Quomodo
1943 5357 2069 5408 ergo
2107 5342 2281 5396 virum

715 5451 839 5492 eum
873 5437 1077 5496 dicens.
1112 5435 1349 5504 priorem
1381 5448 1440 5487 se
1474 5432 1643 5487 dicit?
1704 5433 1967 5502 siquidem
2003 5433 2285 5501 dispensa-

720 5530 880 5583 tionis
906 5538 1146 5596 tempore
1170 5527 1287 5597 ipse
1311 5527 1459 5597 prior
1478 5527 1668 5583 beatus
1691 5526 1925 5595 Baptista
1955 5533 2114 5578 natus
2137 5540 2289 5578 com-

718 5621 941 5686 peritnr.
974 5618 1104 5673 Nam
1139 5633 1259 5673 cum
1293 5620 1463 5675 beata:
1496 5619 1727 5688 deiparze
1757 5616 1936 5672 Maria:
1967 5616 2286 5671 immacula-

792 5798 835 5828 "
855 5794 1038 5851 Matth.
1078 5814 1149 5863 tv,
1184 5798 1264 5851 l2.
1344 5796 1536 5851 "Luc.
1568 5812 1644 5860 tv,
1682 5796 1769 5850 50,
1871 5796 1915 5827 ’⁸
1943 5794 2096 5850 Joan.
2124 5810 2219 5857 vlt,
2250 5793 2333 5847 30.

2393 3347 2469 3417 μὴ
2502 3346 2596 3399 καὶ
2626 3347 2749 3399 τότε
2789 3346 2876 3402 ὅτε
2910 3346 3126 3402 παιδίον
3158 3340 3247 3417 ἦν,
3274 3345 3343 3398 δι’
3382 3346 3577 3401 ἐαυτοῦ
3614 3348 3712 3418 τὴν
3744 3346 3975 3402 ἐπιϐου-

2390 3437 2489 3509 λὴν
2538 3436 2834 3504 ἐξέκλινεν,
2894 3436 3011 3491 ἀλλ’
3053 3436 3287 3505 ἀγγέλου
3325 3437 3784 3508 χρηματίζοντοςς
3830 3452 3973 3507 μιν⁸

2391 3528 2620 3593 θανέτω,
2643 3530 2719 3592 ὡς
2751 3530 2845 3581 καὶ
2873 3528 2996 3581 τότε
3027 3526 3192 3581 αὐτοῦ
3222 3523 3289 3597 ἧν
3320 3528 3378 3580 τὸ
3405 3528 3567 3598 ἔργον
3586 3544 3599 3557 ο
3627 3526 3742 3580 ἀλλ’
3774 3526 3867 3581 [va
3896 3524 3971 3595 μὴ

2388 3620 2487 3689 τῆς
2542 3620 2854 3691 οἰκονομίας
2894 3616 3152 3671 τοσοῦτον
3206 3617 3497 3688 παραλύσῃ
3539 3617 3630 3671 τὸν
3676 3616 3835 3685 λόγον
3885 3616 3973 3669 διὰ

2390 3709 2487 3778 τὴν
2519 3707 2757 3779 ἡλικίαν,
2800 3706 2889 3761 διὰ
2920 3704 3080 3759 τοῦτο
3122 3704 3189 3758 δι’
3220 3704 3453 3772 ἀγγέλου
3487 3704 3546 3757 τὸ
3585 3704 3818 3775 πρᾶγμα
3872 3717 3973 3756 πε·

2392 3798 2643 3868 ποίηκεν.

2456 3900 2569 3962 κη’.
2626 3892 2747 3946 Ὀτι
2795 3890 2851 3945 δέ
2895 3888 2966 3945 τά
3025 3890 3305 3961 πρέποντα
3359 3887 3553 3952 σώζειν
3607 3884 3968 3956 βουλόμενος.

2394 3982 2575 4036 πάντα
2620 3980 2979 4051 οἰκονομικῶς
3009 3979 3206 4043 ἐποίει,
3234 3980 3332 4033 καὶ
3364 3976 3660 4047 συνεχώρει
3699 3977 3767 4046 τῇ
3803 3975 3971 4045 σαρκί

2391 4072 2658 4127 δεικνύειν
2688 4071 2757 4125 τά
2790 4071 2934 4149 αὐτῇ
2957 4069 3251 4133 ἀκόλουθα,
3282 4067 3687 4139 πληροφορήσει
3716 4080 3779 4117 σε
3806 4062 3971 4117 πάλιν

2393 4164 2584 4227 αὑτός·
2616 4164 2705 4217 ὅτε
2736 4164 2844 4234 γὰρ
2872 4164 2901 4215 6
2939 4162 3209 4233 μακάριος
3239 4158 3550 4229 Βαπτιστὴς
3580 4153 3728 4226 αὐτῷ
3763 4154 3968 4224 ἔλεγεν,

2397 4272 2416 4305 ε
2441 4255 2580 4321 Ἐγὼ
2600 4253 2783 4324 χρείαν
2818 4253 2926 4323 ἔχω
2948 4252 3051 4306 ὑπὸ
3073 4250 3166 4305 σοῦ
3190 4249 3607 4320 βαπτισθῆναι.»
3629 4246 3970 4317 ἀπεκρίνατο

2392 4346 2529 4414 πρὸς
2560 4343 2719 4398 αὐτόν
2742 4360 2753 4373 ·
2785 4361 2802 4394 ι
2832 4345 3000 4412 Ἀφες
3028 4342 3173 4411 ἀρτιο
3222 4339 3364 4393 οὕτω
3410 4338 3519 4410 γάρ
3569 4336 3783 4405 πρέπον
3821 4334 3969 4388 ἐστὶν

2393 4435 2685 4507 πληρῶσαι
2734 4438 2913 4488 πᾶσαν
2977 4433 3345 4504 δικαιοσύνην.
3379 4451 3396 4483 ι
3473 4432 3635 4503 Ὁρᾷς
3660 4431 3742 4483 ὅτι
3786 4428 3880 4482 καὶ
3910 4426 3968 4481 τὸ

2395 4527 2701 4597 βάπτισμα,
2738 4527 2830 4579 καὶ
2864 4525 3040 4580 πάντα
3069 4525 3137 4578 τὰ
3170 4526 3450 4595 πρέποντα
3494 4521 3796 4591 οἰκονομῶν
3833 4535 3964 4573 κατ·

2390 4618 2637 4688 εδέχετο;
2664 4618 2835 4669 Ὅταν
2883 4619 3059 4670 τοίνυν
3102 4616 3340 4685 ἀκούσῃς
3376 4613 3586 4666 παιδίον
3627 4613 3723 4665 καὶ
3769 4611 3965 4683 βρέφος

2388 4709 2483 4762 καὶ
2530 4709 2632 4761 ὅσα
2683 4704 3169 4775 ἀνθρωπινώτερον
3220 4704 3349 4772 περὶ
3409 4700 3575 4754 αὐτοῦ
3629 4699 3961 4771 γέγραπται,

2388 4797 2567 4859 καθὼς
2599 4797 2942 4868 προείρηται,
2977 4794 3245 4863 μηδέποτε
3276 4793 3396 4861 δίχα
3428 4794 3528 4860 τῆς
3571 4788 3827 4859 θεότητος
3867 4788 3964 4841 αύο

2388 4885 2476 4938 τὸν
2509 4886 2641 4938 ὄντα
2676 4882 3025 4953 ὑπολάμϐανε
3048 4897 3062 4910 ’
3098 4882 3189 4935 καί
3223 4882 3331 4951 γὰρ
3377 4880 3465 4933 καὶ
3495 4877 3781 4946 ἀνθρωπος
3815 4873 3965 4943 λεγό-

2390 4991 2573 5043 μενος,
2605 4974 2881 5028 δείκνυται
2929 4973 3058 5037 Θεὸς
3099 4971 3382 5043 ὑπάρχων,
3422 4970 3497 5034 ὠς
3532 4968 3790 5032 πολλάκις
3829 4969 3961 5021 ἀπο-

2389 5064 2678 5117 δέδεικται.
2710 5063 3180 5134 Ἐπιμαρτυρήσει
3210 5062 3266 5117 δὲ
3306 5060 3444 5134 πρὸς
3476 5060 3634 5115 τοῦτο
3664 5060 3781 5124 τοῖς
3815 5060 3960 5129 εἰρη-

2392 5156 2575 5227 μένοις
2609 5154 2699 5207 καί
2730 5156 2757 5206 6
2796 5154 3062 5227 μακάριος
3098 5154 3406 5225 Βαπτιστὴς
3449 5152 3591 5208 οὕτω
3623 5152 3798 5221 λέγων
3839 5150 3961 5219 περὶ

2392 5248 2589 5301 αὐτοῦ’
2644 5265 2661 5299 ε
2706 5246 2909 5301 Ὀπίσω
2960 5262 3060 5315 μου
3108 5246 3324 5317 ἔρχεται
3359 5246 3517 5315 ἀνὴρ,
3550 5245 3607 5308 ὃς
3654 5241 3961 5315 ἔμπροσθέν

2398 5358 2497 5411 μου
2531 5340 2773 5408 γέγονεν,
2813 5339 2895 5393 ὅτι
2949 5337 3165 5405 πρῶτός
3198 5355 3298 5407 μου
3354 5332 3447 5406 ἦν’
3484 5335 3638 5403 κάγὼ
3677 5336 3780 5390 οὐκ
3819 5334 3960 5405 ᾔδειν

2396 5432 2575 5484 αὐτόν.
2615 5450 2631 5483 ι
2662 5429 2787 5493 Πῶς
2812 5426 2903 5484 οὖν
2925 5430 3094 5501 ἄνδρα
3118 5430 3289 5491 λέγων
3315 5428 3496 5491 αὐτὸν,
3526 5426 3740 5497 πρῶτον
3768 5422 3955 5480 ἐαυτοῦ

2396 5538 2561 5590 φησιν
2591 5519 2751 5573 αὐτὸν
2775 5516 2940 5584 εἷναι;
2972 5520 3066 5572 καὶ
3090 5519 3193 5588 μὴν
3226 5520 3365 5571 κατὰ
3389 5516 3477 5572 τὸν
3503 5514 3815 5585 οίκονομίας
3840 5512 3955 5584 χρό-

2398 5631 2482 5666 νον
2502 5612 2661 5672 αὐτὸς
2684 5613 2932 5681 πρῶτοςό
2954 5612 3217 5681 μακάριος
3240 5610 3545 5679 Βαπτιστὴς
3570 5606 3957 5679 γεγεννημένος

2416 5792 2667 5848 "Matth.
2707 5807 2787 5852 ιιι,
2826 5789 2906 5853 Η,
2936 5788 3013 5845 15.
3093 5786 3290 5840 "1min
3355 5802 3389 5842 ι.
3424 5786 3512 5838 27.
