4104 6480
148 426 232 480 289
1258 431 1447 497 QUOD
1485 431 1545 486 Β.
1591 429 1807 486 MARIA
1852 428 1960 485 SIT
1999 428 2299 484 DEIPARA

3308 437 3412 492 290

144 542 434 614 εὑρίσκεται
457 558 470 572 ·
531 544 632 598 ὅτε
672 546 797 617 γάρ
830 549 858 600 6
912 546 1152 620 Γαϐριὴλ
1179 550 1245 620 τῇ
1279 550 1514 622 θεοτόκῳ
1551 550 1730 622 Μαρίᾳ

1846 559 1956 603 tum
1985 557 2304 618 conceptum
2332 547 2549 604 Gabriel
2581 547 2877 613 nuntiabat,
2906 557 3058 604 sexto
3080 547 3193 619 jam
3225 566 3410 606 mense

141 637 224 704 τὴν
252 637 523 705 ἄχραντον
565 638 854 710 σύλληψιν
898 640 1311 710 εὐηγγελίζετο,
1351 641 1510 696 ⁴ἑκτον
1553 642 1737 710 ελεγεν

141 727 225 796 ἤδη
255 727 395 797 μῆνα
420 727 526 798 τὴν
577 728 888 784 Ἐλισάόετ
919 729 1062 800 ἔχειν
1092 734 1472 802 συνειληφυῖαν
1503 734 1595 787 τὸν
1627 735 1735 786 Βα-

143 820 373 887 πτιστήν.
410 819 552 884 Πῶς
579 815 695 873 οὖν
727 821 897 892 ἄνδρα
917 822 1112 890 λέγων,
1138 823 1353 896 πρῶτόν
1375 842 1546 895 φησιν
1573 826 1735 879 αὑτὸν

140 911 314 966 ἑαυτοῦ
342 913 497 978 ὄντα,
536 917 592 966 εἰ
637 918 779 985 μήτι
806 917 938 968 Θεὸν
961 919 1211 988 φανερῶς
1241 920 1736 992 ἐνανθρωπὴσαντα

138 1002 281 1055 αὑτὸν
319 1003 656 1072 ὴπίστατος
706 1027 724 1058 ‹
761 1008 966 1060 Ὀπίσω
994 1025 1095 1078 μου
1130 1010 1261 1080 γάρ,
1295 1013 1480 1081 φησιν,
1517 1012 1733 1082 ἔρχεται

138 1090 279 1161 ἀνὴρ,
325 1092 384 1154 δς
435 1095 785 1164 ἔμπροσθέν
822 1115 923 1166 μου
957 1099 1202 1166 γέγονεν.
1245 1101 1326 1152 ὅτι
1374 1100 1590 1170 πρῶτός
1632 1119 1733 1170 μου

136 1176 220 1246 ἦν·
247 1200 263 1231 ι
300 1182 419 1244 πῶς
449 1183 513 1235 δὲ
544 1185 600 1236 εί
644 1185 871 1257 πρῶτος
899 1182 966 1257 ἦν
995 1188 1323 1260 ἔμπροσθεν,
1363 1190 1590 1264 ὕστερον
1616 1194 1735 1262 ἐγέ-

138 1287 270 1338 νετο,
313 1274 392 1343 Τῇ
455 1277 819 1347 φανερώσει,
854 1280 948 1331 καὶ
997 1283 1064 1350 τῇ
1107 1281 1307 1349 γνώσει
1341 1285 1407 1354 τῇ
1449 1287 1584 1355 πρὸς
1641 1287 1736 1338 τὸν

137 1363 277 1414 λαόν·
308 1366 443 1434 πρὶν
498 1367 612 1435 μὲν
649 1368 764 1437 γὰρ
795 1369 887 1421 ἐπὶ
930 1369 988 1422 τὸ
1037 1371 1326 1442 κηρύττειν
1369 1376 1637 1446 παρέλθῃ,
1672 1378 1733 1431 οὐ

137 1453 326 1522 σφόδρα
354 1449 428 1524 ἦν
469 1459 606 1520 τοῖς
671 1458 888 1522 πολλοῖς
923 1458 1198 1532 γνώριμος
1220 1478 1233 1493 ·
1269 1465 1298 1517 6
1332 1463 1388 1516 δὲ
1426 1464 1732 1536 Βαπτιστὴς

134 1545 220 1613 ἢδη
253 1547 346 1600 καὶ
377 1548 732 1618 ικηρυττεν,
758 1550 852 1602 καὶ
881 1550 1169 1616 ἐϐάπτιζεν
1197 1555 1305 1625 πρὸ
1331 1555 1497 1608 αὑτοῦ
1519 1574 1531 1587 ·
1567 1556 1657 1609 ὅτε
1679 1557 1734 1609 δὲ

134 1635 308 1689 λοιπὸν
333 1640 431 1692 καὶ
466 1643 497 1694 6
536 1639 764 1712 Κύριος
798 1641 1000 1715 ἤρξατο
1033 1644 1347 1716 κηρύττειν,
1376 1648 1470 1700 καὶ
1503 1649 1570 1701 τά
1602 1647 1734 1700 θαύ-

135 1745 271 1796 para
294 1732 609 1796 ἐπιτελεῖν,
638 1733 972 1804 ἔμπροσθεν,
990 1737 1496 1807 τουτέστινμᾶλλον
1514 1739 1607 1791 τοῦ
1631 1739 1736 1792 Ba-

134 1820 347 1873 κτιστνοῦ
384 1823 460 1874 τά
498 1827 767 1891 πρωτεῖα
795 1824 1008 1896 ἔφερεν.
1039 1827 1149 1879 Καὶ
1176 1827 1258 1879 ὃτι
1303 1828 1460 1882 τοῦτό
1492 1831 1640 1882 ἐστιν
1675 1830 1735 1883 τδ

134 1910 465 1982 ιμπροσθεν,
521 1915 705 1968 ἄκουε
752 1914 806 1967 τί
863 1915 999 1987 πρὸς
1047 1916 1140 1970 τὸν
1182 1918 1438 1990 Ἰωάννην
1470 1921 1521 1973 οἱ
1566 1920 1732 1974 αὑτοῦ

136 2004 369 2073 μαθηταὶ
428 2005 674 2075 ελεγον·
718 2026 736 2059 ι
769 2007 978 2074 Ῥαϐϐὶ,
1027 2008 1086 2072 δς
1131 2005 1201 2079 ἦν
1251 2012 1392 2080 μετά
1434 2013 1527 2066 σοῦ
1573 2016 1630 2067 ὲν
1655 2013 1732 2082 τῷ

144 2092 398 2167 Ἰορδάνῃ,
434 2089 483 2164 ᾧ
521 2099 594 2150 σὺ
638 2098 1100 2168 μεμαρτύρηκας,
1147 2100 1222 2153 [δε
1267 2096 1422 2166 οὗτος
1455 2102 1729 2172 βαπτίζει.

134 2187 217 2235 καὶ
251 2187 461 2252 πάντες
494 2189 767 2259 ἔρχονται
796 2191 933 2260 πρὸς
964 2192 1144 2245 αὐτόν.
1179 2215 1196 2247 ι
1231 2194 1466 2267 Θεωρεῖς
1497 2199 1613 2260 πῶς
1641 2198 1732 2251 καὶ

131 2274 310 2344 ἄνδρα,
341 2278 442 2330 καὶ
483 2279 723 2349 ⁴ιτῴτον
749 2280 1049 2350 ὲκήρυξεν;

194 2369 290 2422 ιϐ’.
332 2370 396 2422 El
422 2376 494 2442 τῇ
537 2372 894 2446 προλασούσῃ
921 2377 1302 2446 κεκαρωμένοι
1338 2379 1499 2452 μέθῃ,
1532 2379 1610 2432 ἔτι
1638 2381 1731 2432 καὶ

136 2457 218 2510 νῦν
259 2462 686 2517 ἀναϐάλλονται
734 2469 800 2536 τῇ
833 2467 1064 2539 ἀληθείᾳ
1105 2470 1391 2525 πείθεσθαι
1428 2473 1478 2524 οἱ
1527 2473 1733 2524 πεπλα-

138 2554 373 2619 νημένοι,
409 2556 567 2624 φέρε
605 2558 864 2627 κάκείνην
923 2562 1108 2624 αὐτοῖς
1153 2563 1252 2632 τὴν
1293 2565 1600 2634 μαρτυρίαν
1653 2567 1733 2627 είς

143 2643 294 2708 μέσον
339 2646 690 2715 ἀγάγωμεν,
725 2648 862 2718 πρὸς
902 2651 968 2720 ἣν
1003 2651 1280 2704 ἀντειπεῖν
1327 2653 1450 2706 οὔτε
1494 2656 1648 2707 αὐτοὶ
1682 2655 1731 2708 οἱ

140 2731 197 2782 τὰ
223 2733 586 2798 αὺτάαύτοῖς
616 2737 979 2807 ὑπειληφότες
1009 2738 1271 2805 Ἰουδαῖοι,
1299 2744 1394 2796 καλ⁵
1420 2745 1732 2814 νομίζοντες

141 2820 421 2891 ἄνθρωπον
455 2825 612 2878 εἶναι
647 2827 822 2896 ψιλὸν,
868 2827 1053 2882 οὐκέτι
1091 2830 1469 2902 ἠδυνήθησαν
1506 2835 1636 2886 ποία
1674 2835 1731 2886 δὲ

143 2913 267 2982 αὓτη
299 2917 492 2980 ὲστίνς
533 2917 708 2980 Αὐτός
742 2936 874 2972 ποτε
910 2920 1038 2982 τοὺς
1070 2922 1399 2992 Φαρισαίους
1445 2926 1473 2976 6
1527 2925 1732 2996 Κύριος

142 3004 417 3076 ηρώτησεν
442 3007 634 3074 λέγων
652 3023 666 3038 ⁸
710 3027 728 3060 ι
753 3007 818 3061 Τί
848 3011 978 3080 ύμῖν
1009 3012 1156 3066 δοκεῖ
1182 3015 1311 3084 περὶ
1335 3013 1428 3068 τοῦ
1460 3016 1728 3088 Χριστοῦς

146 3096 273 3159 τίνος
305 3098 423 3162 υἱός
459 3100 588 3152 ἐστι
613 3116 626 3164 ;
656 3118 672 3150 ι
701 3099 823 3153 Τῶν
853 3101 908 3154 δὲ
945 3105 1423 3174 ἀποκριναμένων,
1453 3124 1470 3158 ι
1495 3108 1601 3161 Τοῦ
1627 3112 1730 3163 Δα-

145 3186 237 3240 εἱδ·
261 3208 278 3240 ι
298 3190 405 3262 ἔφη
437 3191 583 3264 πρὸς
613 3192 834 3256 αὐτούς·
866 3211 884 3244 ι
915 3194 1038 3258 Πῶς
1059 3190 1152 3247 οὖν
1173 3195 1339 3250 Δαὸὶδ
1366 3199 1424 3251 ὲν
1451 3199 1730 3270 Πνεύματι

147 3280 480 3338 καλεῖαύτδν
509 3285 735 3356 Κύριον,
758 3285 952 3354 λέγων’
975 3281 1139 3340 Εἶπεν
1165 3289 1193 3340 6
1221 3288 1425 3358 Κύριος
1447 3289 1524 3360 τῷ
1546 3291 1734 3363 Κυρίῳ

151 3388 259 3440 μου·
291 3375 496 3430 Κάθου
528 3377 594 3428 ἐκ
622 3375 811 3442 δεξιῶν
841 3395 966 3445 μου,
998 3379 1102 3441 ἕως
1135 3379 1202 3432 ἂν
1241 3379 1320 3432 θῶ
1347 3381 1474 3445 τοὺς
1506 3381 1735 3453 ἐχθρούς

153 3478 231 3515 σου
259 3465 568 3519 ὑποπόδιον
601 3465 709 3516 τῶν
759 3465 937 3517 ποδῶν
968 3484 1102 3533 σου;
1147 3467 1212 3523 EI
1254 3469 1348 3524 οὖν
1371 3472 1535 3525 Δαίλδ
1573 3473 1734 3526 καλεῖ

152 3550 297 3602 αὑτὸν
324 3550 570 3619 Κύριον,
599 3550 717 3613 πῶς
744 3553 860 3614 υἱὸς
900 3553 1062 3606 αὐτού
1082 3558 1262 3621 ὲστιν;
1309 3577 1327 3608 ι
1373 3560 1537 3630 Ὁρᾷς
1570 3578 1733 3628 φανε-

156 3639 250 3706 ρῶς
279 3641 404 3705 πῶς
440 3640 648 3709 Κύριον
691 3641 784 3694 τοῦ
833 3642 999 3697 Δαδὶδ
1032 3647 1226 3698 ἑαυτὸν
1259 3649 1576 3714 άπέδειξεν;
1609 3651 1733 3710 Πῶς

153 3726 232 3784 οὖν
245 3735 271 3785 6
288 3735 351 3786 ἐκ
368 3732 693 3802 σπέρματος
717 3733 900 3800 Δαδὶδ,
917 3735 1120 3802 Κύριος
1140 3739 1306 3792 αὑτοῦ
1325 3736 1465 3793 εἶναι
1479 3742 1730 3810 ἠδύνατο,

156 3826 238 3878 καὶ
283 3826 383 3880 τοῦ
446 3827 653 3896 πατρὸς
701 3827 1014 3898 σύνθρονος,
1051 3832 1099 3882 εί
1146 3832 1221 3901 μὴ
1270 3833 1350 3886 ὅτι
1381 3833 1514 3897 Θεὸς
1543 3831 1611 3905 ἦν
1663 3837 1732 3890 τὰ

157 3915 466 3985 ἀνθρώπινα
507 3916 969 3988 περιϐαλόμενος;
999 3921 1127 3975 Υίδν
1154 3923 1262 3994 γάρ
1285 3923 1451 3977 Δαὸὶδ
1488 3927 1582 3978 κα)⁵
1616 3925 1729 3979 Κύ-

160 4023 278 4075 ριον,
307 4010 406 4062 τὸν
438 4011 504 4062 ὲκ
541 4010 639 4078 τῆς
669 4009 947 4081 Παρθένου
974 4014 1256 4084 τεχθέντα,
1289 4018 1570 4071 τουτέστιν
1601 4021 1731 4072 ἑαυο·

159 4099 253 4160 τὸν,
272 4100 563 4163 ἀπέδειξεν
584 4117 597 4131 ·
627 4101 742 4154 ἀλλ’
767 4104 966 4156 ἐκεῖνοι
994 4105 1090 4174 μὲν
1115 4109 1209 4160 καὶ
1235 4108 1441 4177 ταύτην
1466 4110 1566 4180 τὴν
1593 4129 1666 4180 μα
1677 4128 1733 4181 ρ-

159 4193 335 4260 ⁴ιειρὶαν
367 4192 709 4254 ἀκούσαντες
733 4193 1145 4264 ἀνετράπησαν,
1179 4199 1274 4250 καὶ
1303 4199 1396 4250 τοῦ
1431 4200 1732 4267 ἀντιλέγειν

161 4281 476 4344 ἐπαύσαντο,
523 4282 600 4344 ὠς
666 4284 695 4335 6
750 4282 1139 4356 εύαγγελιστὴς
1199 4289 1431 4357 ίστορεί⁹
1481 4310 1499 4342 ι
1545 4292 1732 4356 Οὐδεὶς

161 4370 275 4440 γὰρ,
307 4373 502 4441 φησὶν.
547 4372 785 4440 ἠδύνατο
819 4376 1183 4446 ἀποκριθῆναι
1223 4380 1373 4448 αύτῷ
1401 4380 1579 4448 λόγον,
1612 4383 1731 4435 οὐδὲ

162 4461 447 4533 ἐτόλμησεν
483 4465 578 4516 ἀπ’
613 4464 831 4533 ἐκείνης
870 4467 970 4536 τῆς
1002 4467 1150 4538 ὥρας
1189 4471 1537 4542 ἐπερωτῆσαι
1569 4475 1731 4528 αὐτὸν

161 4551 351 4605 οὐκέτι.
384 4571 404 4604 ι

219 4641 280 4696 λ’.
338 4643 562 4696 Γένοιτο
613 4645 668 4698 δὲ
726 4646 822 4699 καὶ
870 4648 1129 4714 τούτους,
1173 4652 1276 4706 κᾶν
1315 4656 1415 4726 ὀψέ
1456 4677 1583 4712 ποτε
1631 4660 1728 4730 τῆς

163 4728 330 4794 ἀνοίας
365 4732 738 4799 ἀποστάντας,
761 4738 1059 4805 ἐπιγνῶναι
1095 4742 1195 4810 τῆς
1228 4745 1510 4810 εὐσεϐείας
1539 4749 1598 4800 τὸ
1627 4728 1728 4818 κη-

166 4840 368 4894 ρυγμα·
406 4825 569 4894 ἡμεῖς
599 4825 656 4877 δὲ
695 4826 899 4898 ταύτης
949 4831 1204 4902 ἐχώμεθα
1241 4835 1343 4905 τῆς
1372 4837 1608 4902 πίστεως
1641 4841 1729 4895 διὰ

165 4917 370 4980 παντὸς,
402 4917 680 4984 ἀγαπητοί
705 4932 718 4944 °
769 4920 972 4992 ταύτην
1015 4925 1107 4977 καί
1157 4927 1215 4977 έν
1241 4926 1449 4997 διανοίᾳ
1485 4932 1727 5000 κατέχω-

167 5015 270 5064 μεν,
304 5002 399 5052 καὶ
445 5003 514 5070 τῇ
559 5001 775 5078 γλώττῃ
806 5011 1053 5080 φανερῶς
1095 5015 1186 5065 καὶ
1237 5015 1374 5084 μετὰ
1415 5020 1729 5088 παρρησίας

165 5090 536 5161 κηρύττωμεν,
563 5094 742 5147 πάντα
771 5097 859 5150 διά
883 5100 1085 5170 ταύτην
1106 5104 1400 5175 ὑπομένειν
1431 5111 1727 5182 προθύμως

164 5178 489 5252 ἀνεχόμενοι.
528 5184 676 5257 Αὕτη
710 5187 810 5254 μὲν
840 5190 946 5261 γὰρ
979 5197 1274 5264 προφητῶν
1297 5200 1443 5251 ἐστιν
1480 5178 1725 5276 πρόρρη-

165 5285 254 5334 σις,
283 5275 600 5329 ἀποστόλων
633 5277 690 5329 δὲ
739 5281 1021 5352 κήρυγμα,
1057 5287 1152 5338 καὶ
1195 5289 1294 5358 τῆς
1337 5293 1446 5344 τῶν
1479 5294 1724 5364 οὐρανῶν

169 5361 422 5430 βασιλείας
453 5368 737 5439 πρόξενος,
772 5372 908 5443 αὕτη
951 5376 1048 5444 τῆς
1079 5379 1296 5433 αἰωνίου
1328 5381 1474 5453 ζωῆς
1509 5361 1721 5455 ὀδηγὸς,

168 5455 286 5553 αὕτη
307 5461 416 5514 τῶν
453 5464 712 5530 πατέρων
739 5467 768 5518 6
788 5467 1038 5533 πλοῦτος,
1062 5471 1200 5541 αὕτη
1231 5475 1322 5527 καὶ
1353 5479 1508 5546 ἡμῶν
1532 5481 1561 5532 6
1593 5481 1723 5553 ἀλη-

173 5544 292 5642 θινὸς
316 5552 609 5626 θησαυρὸς,
655 5557 796 5628 ὑπὲρ
820 5554 881 5613 οὗ
908 5561 1084 5615 πάντα
1112 5567 1309 5620 πωλεῖν
1333 5544 1426 5622 καὶ
1453 5544 1718 5642 προέσθαι

173 5636 380 5696 δίκαιον·
425 5647 622 5701 τοῦτον
650 5649 706 5701 ετ
753 5667 835 5700 τις
888 5652 1045 5707 ὑμῶν
1099 5655 1438 5728 ἀποσυλῆσαι
1479 5663 1718 5720 θελήσοι.

1843 639 1954 709 geri
1990 640 2058 695 ab
2092 637 2373 695 Elisabeth
2440 637 2736 709 Baptistam
2779 640 2830 693 in
2852 647 3004 695 utero
3029 642 3222 697 aiebat.
3261 643 3410 708 Quo-

1843 732 2000 785 modo
2039 746 2167 800 ergo
2208 743 2494 802 postquam
2533 745 2656 785 eum
2693 732 2867 786 virum
2905 733 3134 798 dixerat,
3172 736 3407 804 priorem

1843 836 1902 876 se
1934 821 2100 877 fuisse
2129 822 2458 883 aﬂirmabat,
2488 824 2591 878 nisi
2623 823 2789 877 Deum
2822 822 3110 881 manifeste
3139 825 3410 879 humana-

1842 922 1954 967 tum
1987 915 2160 983 ipsum
2190 914 2471 968 scivisset?
2506 935 2524 966 ι
2561 913 2689 969 Post
2719 930 2803 970 me
2830 917 3005 982 enim,
3037 918 3238 984 inquit,
3265 917 3414 972 venit

1840 1004 1948 1066 vir,
1975 1003 2066 1071 qui
2096 1013 2220 1058 ante
2249 1019 2333 1060 me
2363 1005 2537 1060 factus
2567 1016 2670 1072 est,
2701 1007 2824 1074 quia
2854 1008 3003 1076 prior
3030 1023 3115 1062 me
3142 1019 3259 1062 erat
3283 1009 3347 1062 ⁸⁸.
3387 1027 3404 1058 ο

1843 1091 2121 1158 Quomodo
2150 1104 2349 1158 autem,
2406 1096 2670 1162 siquidem
2701 1105 2855 1148 antea
2891 1097 3040 1163 prior
3061 1105 3197 1160 erat,
3232 1106 3411 1165 poste-

1843 1182 1954 1234 rior
1987 1183 2160 1238 factus
2195 1184 2315 1238 est?
2354 1184 2788 1240 manifestatione
2827 1185 3016 1258 luo
3050 1187 3298 1242 videlicet
3332 1199 3415 1241 at.

1842 1288 1946 1344 que
1970 1277 2108 1344 apud
2141 1277 2390 1346 populum
2423 1278 2633 1333 notitia.
2663 1276 2798 1333 Nam
2834 1281 3147 1348 priusquam
3181 1282 3245 1334 ad
3278 1295 3413 1348 prte-

1840 1369 2127 1422 dicandnm
2175 1371 2490 1432 accederet,
2534 1385 2640 1424 non
2689 1371 2976 1425 admodum
3028 1373 3210 1426 multis
3256 1383 3412 1428 notus

1842 1466 1975 1514 erat.
2011 1458 2246 1528 Baptista
2279 1475 2406 1514 vero
2436 1461 2544 1530 jam
2584 1472 2694 1515 tum
2728 1470 2784 1515 et
2817 1463 3163 1531 praedicabat,
3199 1472 3254 1517 et
3287 1473 3412 1518 ante

1842 1563 1963 1602 eum
1997 1549 2324 1618 baptizabat.
2356 1543 2617 1622 Deinceps
2647 1567 2774 1608 vero
2804 1569 2925 1608 cum
2958 1556 3119 1609 etiam
3156 1555 3414 1610 Dominus

1843 1637 2005 1704 carpit
2047 1641 2372 1708 praedicare,
2405 1651 2461 1695 et
2505 1643 2764 1697 miracula
2809 1645 2999 1708 edere,
3043 1657 3200 1710 ante,
3239 1647 3290 1701 id
3331 1655 3416 1702 est

1845 1730 2015 1800 magis
2058 1746 2215 1798 quam
2261 1731 2536 1802 Baptista,
2576 1734 2866 1803 primatum
2912 1738 3118 1792 retulit.
3161 1738 3227 1792 Et
3269 1739 3412 1807 quod

1842 1823 2087 1875 vocabuli
2117 1832 2239 1876 ante
2266 1825 2350 1877 hic
2378 1840 2570 1879 sensus
2598 1826 2689 1888 sit,
2721 1827 2842 1880 audi
2873 1829 3001 1896 quid
3029 1825 3224 1884 Joannl
3255 1830 3411 1886 dixe-

1770 1911 1810 1966 B
1840 1913 1947 1966 rint
1984 1913 2190 1983 proprii
2232 1914 2482 1984 discipuli
2529 1930 2544 1969 :
2594 1933 2613 1966 ι
2659 1915 2933 1986 Magister,
2973 1919 3064 1973 ille
3103 1921 3193 1988 qui
3239 1930 3412 1975 tecum

1839 2013 1957 2058 erat
1995 2005 2045 2059 in
2084 2004 2345 2070 Jordane,
2387 2007 2472 2060 cui
2513 2015 2568 2061 tu
2611 2008 2979 2062 testimonium
3024 2011 3242 2075 dedisti,
3287 2027 3415 2066 ecce

1841 2108 1982 2148 nunc
2020 2094 2066 2148 is
2104 2095 2365 2163 baptizat,
2398 2107 2451 2150 et
2474 2097 2537 2150 ad
2564 2111 2687 2151 eum
2726 2099 2902 2153 cuncti
2926 2101 3228 2154 veniunt".
3274 2119 3292 2151 ι
3328 2100 3416 2155 Vi—

1840 2185 1970 2240 den'
2011 2201 2116 2255 qua
2149 2187 2362 2240 ratione
2393 2195 2447 2241 et
2478 2187 2653 2240 virum
2688 2197 2742 2241 et
2776 2189 3009 2243 uriorem
3033 2191 3201 2259 ipsum
3227 2191 3416 2259 praedi-

1839 2277 2080 2330 caverit?

1907 2366 2000 2420 20.
2043 2365 2327 2421 Postremo
2367 2367 2413 2421 si
2459 2379 2647 2420 vetere
2692 2367 2899 2436 gravati
2950 2369 3192 2437 crapula.
3239 2371 3413 2427 adhuc

1841 2457 2054 2511 veritati
2092 2458 2314 2511 credere
2349 2457 2398 2510 hi
2435 2471 2662 2512 errones
2694 2456 2978 2523 diﬂ'erunt,
3013 2475 3110 2530 age
3136 2461 3245 2527 jam
3283 2463 3410 2517 illttd

1839 2562 2051 2617 quoque
2099 2549 2468 2603 testimonium
2517 2550 2858 2618 proferamus
2911 2552 2963 2606 in
3013 2555 3285 2620 medium,
3328 2558 3412 2611 cui

1839 2638 2217 2692 contradicere
2258 2653 2325 2692 ne
2371 2639 2470 2708 ipsi
2514 2640 2733 2708 quidem
2782 2641 2934 2710 paria
2986 2643 3071 2698 his
3118 2647 3413 2701 sentientes

1837 2728 2040 2796 Judaei,
2085 2739 2139 2784 et
2177 2731 2477 2802 simplicem
2522 2734 2794 2788 hominem
2831 2736 3171 2803 judicantes,
3213 2739 3414 2792 diutius

1840 2831 2153 2891 pctuerunt.
2183 2823 2336 2888 Quod
2363 2839 2494 2879 vero
2526 2825 2629 2879 hoc
2658 2825 2780 2879 est?
2809 2825 2928 2892 lpse
2955 2827 3244 2896 aliquando
3272 2829 3413 2883 Pha-

1839 2913 2026 2967 riszeos
2060 2914 2318 2969 Dominus
2353 2916 2712 2985 interrogavit
2746 2917 2934 2972 dicens
2969 2936 2981 2971 :
3025 2935 3044 2969 ι
3084 2918 3223 2984 Quid
3258 2919 3411 2974 vobis

1839 3003 2052 3057 videtur
2087 3005 2153 3057 de
2197 3003 2455 3057 Christo?
2499 3004 2778 3071 cuiusnam
2827 3005 2967 3060 illius
3008 3007 3126 3061 est?
3165 3005 3409 3076 Respon-

1840 3092 2231 3162 dentibusjillis,
2254 3093 2555 3158 rDavidis,»
2579 3095 2780 3149 aitillis
2813 3113 2826 3150 :
2869 3113 2887 3146 ι
2923 3095 3032 3151 Cur
3069 3113 3198 3168 ergo
3245 3098 3410 3152 David

1841 3181 2044 3251 Spiritu
2094 3183 2382 3238 instinctus
2427 3192 2584 3238 vocat
2628 3200 2753 3239 eum
2805 3186 3115 3251 Dominum,
3161 3189 3348 3244 dicens
3394 3205 3408 3243 :

1762 3255 1804 3312 (ἒ
1839 3271 2264 3330 DixitDominus
2297 3275 2529 3331 Domino
2583 3291 2726 3344 meo,
2761 3276 2901 3332 Sede
2933 3292 2962 3332 a
2999 3279 3202 3333 dextris
3239 3281 3409 3346 meis,

1836 3365 2008 3419 donec
2046 3381 2239 3434 ponam
2274 3368 2526 3422 inimicos
2565 3378 2684 3424 tuos
2718 3369 3013 3424 scabellum
3050 3372 3245 3440 pedum
3289 3384 3408 3430 tuo-

1835 3456 1991 3512 rum?
2019 3456 2074 3511 Si
2106 3471 2234 3526 ergo
2262 3456 2437 3512 David
2464 3468 2620 3514 voeat
2651 3475 2772 3514 eum
2806 3460 3111 3528 Dominum,
3139 3463 3412 3532 quomodo

1834 3548 1977 3601 ﬁlius
2011 3548 2128 3616 ejus
2162 3560 2245 3604 est
2273 3549 2358 3602 ὀἳ
2398 3568 2416 3601 ι
2456 3547 2640 3604 Nonne
2678 3561 2862 3621 aperte
2896 3553 3078 3616 vides,
3120 3554 3263 3622 quod
3301 3552 3411 3608 Do.

1836 3641 2039 3694 minum
2071 3649 2242 3694 semet
2269 3640 2487 3694 Davidis
2515 3639 2943 3695 demonstravit?
2968 3642 3248 3707 Quomodo
3277 3658 3408 3714 ergo

1833 3731 1925 3801 qui
1966 3731 2034 3784 de
2075 3731 2285 3786 semine
2327 3731 2546 3786 Davidis
2589 3740 2743 3798 erat,
2784 3733 2942 3802 hujus
2986 3734 3245 3790 Dominus
3288 3752 3410 3792 esse

1835 3831 2079 3890 poterat,
2121 3832 2175 3875 et
2220 3823 2390 3890 patris
2433 3822 2486 3876 in
2536 3824 2733 3878 throno
2775 3837 3086 3890 consessor,
3130 3827 3233 3881 nisi
3278 3828 3405 3896 quia

1837 3911 1978 3964 Deus
1999 3920 2114 3963 erat
2141 3910 2373 3965 humana
2399 3922 2590 3965 natura
2615 3913 3020 3970 circumdatus?
3037 3916 3233 3970 Filium
3261 3919 3406 3972 enim

1837 4000 2054 4054 Davidis
2088 4015 2151 4054 ac
2187 4002 2494 4068 Dominum,
2524 4017 2645 4057 eum
2680 4019 2836 4072 quem
2868 4006 3025 4076 Virgo
3059 4009 3289 4076 peperit,
3321 4024 3410 4065 se-

1835 4095 2006 4163 ipsum
2049 4095 2318 4158 videlicet,
2362 4098 2778 4154 demonstravit.
2819 4097 2885 4153 Et
2930 4100 3005 4154 illi
3049 4103 3264 4170 quidem
3307 4103 3408 4158 hoc

1834 4186 2018 4240 audito
2061 4187 2395 4253 testimonio,
2438 4187 2710 4252 abierunt,
2754 4197 2808 4242 et
2851 4192 3277 4246 contradicendo
3313 4195 3411 4248 ab-

1835 4278 2125 4339 stiterunt,
2159 4287 2220 4330 ut
2249 4286 2436 4330 narrat
2466 4279 2821 4346 evangelista.
2854 4298 2872 4330 r
2907 4278 3080 4334 Nemo
3111 4281 3256 4335 enim
3280 4322 3294 4346 ,
3327 4283 3407 4337 in-

1835 4370 1973 4437 quit,
2017 4378 2230 4438 poterat
2273 4371 2322 4424 ei
2367 4371 2698 4438 respondere
2737 4373 2986 4434 verbum,
3029 4387 3204 4442 neque
3247 4389 3408 4429 ausus

1835 4460 1936 4514 fuit
1977 4461 2263 4529 quisquam
2307 4477 2373 4516 ex
2419 4462 2506 4516 illa
2549 4463 2680 4517 hora
2723 4479 2847 4518 eum
2891 4464 3127 4534 amplius
3171 4465 3408 4520 interro-

1758 4587 1808 4646 ι)
1835 4567 1962 4621 gare
1988 4552 2053 4606 ⁸¹.
2096 4571 2115 4603 ι

1905 4660 1992 4714 ΞΟ.
2037 4661 2252 4716 Utinam
2293 4678 2422 4718 vero
2468 4674 2525 4720 et
2564 4665 2617 4720 hi
2661 4666 2956 4722 adversarii
3005 4680 3195 4735 nostri,
3235 4687 3408 4746 quan-

1834 4767 1997 4822 quam
2028 4768 2175 4816 sero,
2204 4754 2404 4810 omissa
2437 4757 2652 4812 vesania
2685 4771 2780 4814 sua
2815 4771 2973 4816 rectae
3008 4767 3279 4834 religionis
3311 4775 3408 4824 do-

1834 4846 2066 4899 ctrinam
2093 4850 2419 4915 agnoscant!
2447 4847 2558 4904 Nos
2578 4862 2723 4908 certe
2746 4855 2865 4909 fidei
2890 4857 3011 4910 huic
3034 4858 3409 4917 adhaereamus

1833 4947 2169 5002 constanter,
2194 4952 2226 4991 ο
2249 4939 2580 4994 charissimi.
2606 4942 2756 4996 Hanc
2779 4953 2832 4997 et
2857 4955 3030 4999 mente
3054 4949 3403 5015 retineamus,

1834 5033 1887 5077 ct
1928 5026 2105 5095 lingua
2149 5027 2326 5095 palam
2368 5030 2814 5100 conﬁdenterque
2851 5037 3234 5104 prmdicemus,
3274 5041 3404 5094 nihil

1835 5115 1993 5178 hujus
2026 5133 2186 5172 causa
2217 5119 2472 5174 alacriter
2499 5123 2702 5192 perpeti
2740 5135 3070 5181 recusantes.
3101 5128 3224 5185 llzec
3261 5134 3404 5185 enim

1833 5220 1916 5262 est
1942 5211 2326 5278 prophetarum
2354 5215 2653 5284 praedictio,
2679 5219 3039 5286 apostolorum
3067 5223 3402 5288 praedicatio,

1834 5310 1888 5354 et
1918 5303 2064 5370 regni
2099 5303 2361 5358 caelorum
2395 5307 2642 5362 donatrix
2668 5353 2682 5374 ,
2717 5310 2832 5364 haec
2861 5321 3075 5367 :elernze
3103 5315 3224 5368 vita:
3256 5315 3358 5368 dux
3388 5357 3402 5379 ,

1830 5393 1945 5446 haec
1990 5404 2204 5462 patrum
2248 5396 2357 5449 dite
2398 5399 2813 5464 patrimonium,
2861 5402 2975 5455 haec
3012 5418 3172 5458 verus
3217 5415 3402 5460 noster

1832 5485 2150 5552 thesaurus,
2187 5485 2340 5553 cujus
2371 5503 2529 5544 causa
2562 5493 2741 5546 omnia
2776 5493 3009 5549 vendere
3041 5509 3104 5548 ac
3137 5495 3402 5565 projicere

1829 5593 2040 5647 arquum
2100 5588 2199 5633 est.
2259 5579 2370 5635 lloc
2425 5583 2469 5637 si
2522 5584 2651 5653 quis
2703 5585 2955 5640 thesauro
3013 5586 3245 5655 spoliare
3301 5603 3398 5643 nos

1829 5668 2090 5733 voluerit,
2132 5683 2254 5726 eum
2299 5681 2357 5726 ut
2400 5673 2600 5732 Christi
2646 5676 3014 5733 adversarium
3061 5692 3395 5745 averscniur,

224 5825 409 5886 "'an.
444 5847 484 5898 t,
515 5832 586 5887 36
689 5833 734 5868 ’ν
753 5831 908 5890 Joan.
935 5850 1018 5903 tu,
1045 5835 1133 5893 τε.
1213 5839 1257 5873 ³⁸
1279 5843 1472 5901 Matth.
1508 5862 1644 5916 χιιι,
1677 5848 1730 5902 σε

1834 5851 1868 5905 i.
1949 5852 1990 5884 “
2016 5853 2144 5909 ibid.
2183 5853 2270 5908 66.
