4104 6482
155 428 242 483 293
1206 433 1618 490 EXPLICATlO
1657 433 2006 491 DUODECIM
2047 436 2377 494 CAPITUM.

3301 438 3410 494 τρι

169 574 3397 615 M

765 761 1281 850 ΕΠΙΛΥΣΙΣ
1355 762 1582 848 ΤΩΝ
1658 758 2106 849 ΔΩΔΕΚΑ
2179 763 2826 854 ΚΕΦΑΛΑΙΩΝ

1475 965 1750 1016 meum
1787 971 1868 1019 EN
1899 972 2102 1036 ΕΦΕΣῼ

928 1137 1067 1191 ΥΠΟ
1105 1136 1464 1191 ΚΥΡΙΛΛΟΥ
1501 1137 2068 1191 ΑΡΧΙΕΠΙΣΚΟΠΟΥ
2110 1136 2653 1204 ΑΛΕΞΑΝΔΡΕΙΑΣ,

233 1309 346 1381 Τῆς
375 1310 564 1380 ἁγίας
599 1281 878 1370 ξυνόδου
907 1314 1259 1383 ἁξιωσάσης
1292 1314 1479 1368 αὐτὸν
1510 1313 1885 1383 σαφέστερον
1943 1314 2146 1380 αὐτοῖς
2175 1315 2612 1384 ἑκτρανωθῆναι
2652 1328 2677 1356 ι
2708 1316 2823 1383 τὴν
2851 1315 3076 1369 τούτων
3108 1315 3310 1370 λύσιν.

765 1635 1500 1728 EXPLICATIO
1577 1636 2200 1727 DUODECIM
2279 1633 2799 1724 CAPITUM

1421 1826 1652 1877 EPHESI
1697 1826 2153 1877 PRONUNTIATA

973 2005 1022 2064 Α
1061 2002 1378 2062 CYRILLO
1421 2003 2013 2063 ARCHIEPISCOPO
2050 2003 2620 2067 ALEXANDRINO.

1049 2161 1104 2210 S.
1138 2158 1335 2224 Synodo
1368 2157 1630 2210 clariorem
1654 2157 1852 2208 illorum
1874 2158 2247 2210 declarationem
2269 2156 2502 2222 exigente.

149 2303 330 2379 (Hujus
362 2308 485 2379 libri
542 2316 599 2359 et
645 2311 851 2379 duorum
897 2311 1209 2372 sequentium
1252 2307 1713 2379 interpretationem
1752 2308 1972 2379 Latinam
2014 2321 2157 2379 quam
2197 2309 2413 2379 Joannes
2444 2307 2696 2379 Au‘bertus
2728 2303 3410 2379 a'dmiserat,‘_paraphraStlce

335 2375 666 2434 adornatam,
694 2368 1046 2434 rejecimus,'et
1065 2384 1173 2420 eam
1197 2368 1475 2432 recepimus
1507 2384 1617 2431 quae
1653 2375 1818 2417 exstat
1842 2372 1892 2418 in
1918 2368 2145 2418 Conciliis
2174 2381 2233 2416 ex
2262 2368 2482 2416 editione
2505 2369 2705 2416 Joannis
2742 2368 2982 2417 Dominici
3010 2368 3205 2430 Mansii)

215 2699 234 2733 ι
271 2681 466 2736 Πάντα
493 2680 706 2736 ἐνώπια
731 2681 842 2742 τοῖς
864 2679 1124 2742 συνιοῦσι,
1154 2679 1248 2732 καὶ
1276 2678 1409 2751 ὀρθὰ
1437 2681 1545 2742 τοῖς
1595 2677 1741 2750 εὑρί-

1918 2676 2074 2748 145
2102 2696 2119 2725 ι
2147 2675 2390 2737 Omnia,»
2428 2685 2483 2728 ut
2515 2675 2772 2743 scriptum
2797 2684 2898 2740 est,
2939 2692 2956 2726 ι
2991 2675 3148 2729 obvia
3177 2685 3302 2729 sunt
3329 2675 3416 2731 in-

153 2787 328 2822 σχουσι
383 2771 626 2838 γνῶσιν,
673 2787 692 2818 ι
741 2768 880 2821 κατὰ
929 2769 990 2820 τὸ
1041 2768 1446 2839 γεγραμμένον.
1502 2769 1564 2820 Οί
1641 2767 1740 2837 μὲν

153 2859 248 2929 γὰρ
271 2860 387 2923 ὀξεῖ
418 2878 485 2912 τε
520 2860 616 2911 καὶ
649 2857 876 2928 καθαρῷ
923 2858 1159 2920 διανοίας
1198 2859 1403 2929 ὄμματι
1429 2861 1540 2920 τοῖς
1575 2859 1740 2926 ἱεροῖς

154 2952 239 3016 τῆς
266 2951 506 3004 θεοπνεύ
519 2967 647 3001 στου
688 2950 910 3020 Γραφῆς
944 2951 1430 3020 περιτυγχάνοντες
1454 2947 1654 3014 λόγοις,
1681 2945 1740 2998 τὸ

156 3040 206 3102 ἑξ
261 3042 448 3095 αὐτῶν
507 3041 723 3108 ὄφελος,
775 3041 918 3094 Θεῖον
962 3040 1149 3109 ὥσπερ
1188 3039 1309 3091 τινὰ
1355 3039 1445 3092 καὶ
1493 3039 1741 3108 οὐράνιον

159 3132 422 3203 θησαυρὸν
452 3136 584 3196 ταῖς
617 3131 823 3185 ἑαυτῶν
849 3131 1196 3192 είσοικίζουσι
1224 3131 1421 3200 ψυχαῖς
1441 3146 1453 3158 ⁸
1485 3132 1532 3181 οἱ
1562 3129 1617 3180 δὲ
1651 3129 1740 3180 τὸν

157 3221 269 3273 νοῦν
301 3224 536 3293 ἔχοντες
561 3223 640 3291 τῷ
664 3222 844 3290 ψεύδει
887 3221 1332 3291 προσνενευκὸτα,
1364 3221 1456 3272 καὶ
1493 3221 1612 3280 ταῖς
1657 3236 1739 3270 τις

158 3331 253 3365 νων
293 3314 398 3366 ἀθυ
415 3312 737 3382 ροστομίαις
773 3311 800 3349 ιι
835 3309 1165 3379 ἡττώμενον,
1205 3308 1431 3377 βεϐήλου
1485 3305 1738 3372 γνώσεως

160 3403 414 3472 ἐραστὴν,
449 3402 672 3454 ἐκείνων
701 3401 911 3453 ἔσονται
939 3400 1205 3461 κοινωνοὶ,
1239 3399 1367 3467 περὶ
1397 3391 1471 3449 ὧν
1498 3399 1525 3447 ὁ
1558 3395 1738 3464 μακά-

164 3511 264 3563 ριος
315 3493 532 3565 γράφει
571 3490 812 3553 Παῦλος·
855 3509 871 3541 ι
923 3489 1009 3542 Ἑν
1051 3484 1131 3552 οἷς
1169 3491 1197 3540 ὁ
1243 3487 1362 3550 θεὸς
1403 3485 1496 3539 τοῦ
1546 3485 1738 3548 αἰῶνος

161 3582 335 3634 τούτου
387 3580 673 3649 ἐτύφλωσε
728 3581 798 3632 τὰ
825 3583 1072 3649 νοήματα
1098 3575 1206 3630 τῶν
1240 3577 1508 3638 ἀπίστων,
1559 3576 1637 3637 εἰς
1678 3573 1741 3626 τὸ

166 3673 229 3740 μὴ
257 3673 509 3741 αὐγάσαι
544 3672 634 3724 τὸν
665 3671 941 3741 φωτισμὸν
982 3669 1075 3722 τοῦ
1116 3668 1433 3737 εὐαγγελίου
1462 3667 1561 3735 τῆς
1583 3666 1740 3736 δόξης

163 3761 244 3814 τοῦ
271 3763 543 3834 Χριστοῦ.
576 3781 594 3812 ι
629 3760 1009 3829 Τυφλώττουσι
1043 3761 1171 3828 γὰρ,
1224 3759 1319 3811 καὶ
1374 3758 1509 3808 εἰσὶν
1558 3755 1741 3824 ὁδηγοὶ

164 3853 368 3920 τυφλῶν
391 3855 710 3923 ’.τοιγάρτοι
732 3851 954 3912 καὶτοῖς
976 3851 1073 3918 τῆς
1101 3847 1375 3909 ἀπωλείας
1405 3846 1739 3916 ἐμπίπτουσι

168 3945 392 4014 βάθροις.
425 3946 515 4005 Ὠς
570 3945 679 4012 γὰρ
726 3943 884 4004 αὑτός,
936 3939 1036 3994 πού
1068 3956 1230 4010 φησιν
1269 3941 1297 3991 ὁ
1321 3937 1547 4005 Σωτὴρ,
1583 3953 1601 3985 ι
1633 3934 1740 3985 Tu-

1848 2769 2232 2837 tclligentibus,
2275 2777 2329 2820 et
2382 2777 2527 2820 recta
2568 2766 2963 2820 invenientibus
3001 2766 3279 2821 scientiam
3311 2769 3350 2822 ¹.
3390 2789 3407 2818 ι

1844 2860 2051 2914 Etenim
2111 2859 2199 2926 qui
2249 2873 2405 2910 sacra
2465 2858 2658 2910 divina:
2713 2857 3008 2924 Scripturae
3053 2859 3213 2911 verba
3258 2868 3416 2913 acuto

1844 2965 2084 3020 puroque
2148 2949 2306 3004 oculo
2363 2949 2662 3016 perlegunt,
2749 2949 2802 3002 hi
2859 2950 2998 3015 quod
3058 2949 3185 3002 utile
3242 2950 3293 3003 in
3347 2950 3414 3004 iis

1843 3044 2102 3104 0(Cttrt‘it,
2130 3041 2290 3094 veluti
2310 3041 2547 3093 divinum
2579 3040 2863 3108 quemdam
2891 3048 2944 3092 et
2985 3039 3259 3094 cmlestem
3295 3041 3414 3094 the-

1843 3149 2081 3195 saurum,
2123 3134 2174 3185 in
2202 3133 2411 3186 animos
2462 3147 2588 3185 suos
2622 3133 2956 3185 recondunt:
2985 3134 3074 3200 qui
3107 3147 3234 3186 vero
3265 3147 3415 3186 men-

1844 3234 1948 3278 tem
1989 3225 2238 3277 obtinent
2289 3224 2355 3277 ad
2391 3224 2728 3277 mendacium
2773 3237 3114 3292 propensam,
3178 3225 3412 3277 nonnul-

1843 3314 2121 3381 lorumque
2146 3313 2434 3382 nugacitati
2469 3313 2851 3379 mancipatam,
2882 3327 2944 3365 ac
2971 3312 3206 3380 profanae.
3238 3313 3412 3366 scicn-

1846 3401 1931 3452 tiae
1991 3402 2227 3465 avidam,
2285 3399 2497 3453 illorum
2545 3401 2673 3454 socii
2709 3402 3094 3461 censebuntur,
3127 3402 3191 3455 de
3220 3403 3415 3471 quibus

1844 3493 2031 3546 beatus
2052 3494 2250 3546 Paulus
2294 3492 2555 3561 scriptum
2599 3491 2818 3560 reliquit
2849 3509 2862 3545 :
2899 3510 2916 3543 ι
2950 3491 3002 3544 lu
3039 3493 3236 3560 quibus
3282 3494 3414 3549 deus

1844 3583 2003 3652 hujus
2053 3583 2231 3637 smculi
2277 3584 2572 3637 exczecavit
2613 3594 2822 3636 mentes
2857 3583 3175 3648 inﬁdelium,
3219 3596 3412 3640 utnon

1844 3674 2045 3743 fulgeat
2101 3675 2179 3728 eis
2212 3674 2530 3728 illuminatio
2565 3673 2839 3741 Evangelii
2872 3674 3054 3743 gloria:
3074 3677 3273 3729 Christi
3301 3680 3347 3730 ’.
3389 3697 3407 3728 ι

1841 3763 1979 3818 (Σιεςὶ
2043 3765 2186 3818 enim
2265 3775 2412 3829 sunt,
2466 3774 2521 3818 et
2593 3766 2756 3819 duces
2829 3767 3183 3820 czecorum':
3240 3783 3408 3835 quare

1843 3862 1895 3908 et
1927 3855 1976 3907 in
2013 3855 2325 3922 perditionis
2353 3855 2534 3910 foveas
2559 3865 2842 3909 corruunt.
2864 3854 3019 3920 Nam,
3052 3866 3108 3910 ut
3158 3855 3412 3913 Salvator

1846 3944 1958 4012 ipse
2006 3945 2200 3999 alicubi
2260 3954 2482 4000 monet:
2527 3965 2546 3997 ‹
2612 3945 2669 4000 Si
2732 3961 2905 4000 caecus
2961 3963 3102 4002 caeco
3155 3951 3410 4004 ducatum

167 4035 278 4100 φλὸξ
321 4035 529 4102 τυφλδν
568 4034 663 4086 ἐὰν
707 4033 897 4107 ὁδηγῇ,
940 4031 1239 4102 ἀμφότεροι
1271 4032 1348 4092 εἰς
1396 4028 1588 4097 βόθρον
1635 4027 1734 4094 ἐμ-

1843 4047 2076 4104 przestet,
2134 4037 2292 4090 ambo
2329 4035 2379 4090 i'n
2427 4036 2632 4092 foveam
2684 4039 2946 4094 cadent‘.
2988 4057 3004 4090 ι
3053 4041 3191 4093 Sunt
3246 4042 3411 4111 igitur

167 4126 474 4178 πεσοῦνται.
532 4144 550 4175 ι
606 4124 1063 4196 Καταφλυαροῦσι
1093 4125 1271 4176 τοίνυν
1301 4121 1444 4181 τινὲς
1481 4119 1588 4169 τῶν
1633 4119 1734 4186 τῆς

165 4217 414 4285 ἀληθείας
456 4217 763 4286 δογμάτων,
806 4219 898 4268 καὶ
942 4215 1262 4283 σκαιότητος
1309 4210 1616 4279 διαΰο).ικῆς
1646 4210 1736 4260 τὸν

168 4308 352 4360 οἰκεῖον
379 4309 766 4378 ἐμπλήσαντες
811 4305 956 4366 νοῦν,
1004 4304 1445 4376 παραχαράττειν
1484 4301 1737 4366 ἐπείγον-

166 4413 241 4451 ται
273 4398 332 4451 τὸ
358 4399 461 4468 τῆς
493 4399 751 4466 ἀληθείας
780 4397 1098 4466 μυστήριον,
1130 4396 1223 4446 καὶ
1248 4395 1343 4463 τῆς
1370 4391 1507 4462 μετά
1537 4391 1737 4460 σαρκὸς

169 4492 470 4560 οἰκονομίας
518 4489 611 4543 τοῦ
658 4488 996 4556 Μονογενοῦς
1045 4488 1104 4539 οὑ
1156 4485 1392 4555 μετρίως
1451 4483 1734 4536 ποιοῦνται

168 4581 251 4652 τὴν
301 4582 683 4653 κατάρρησιν,
743 4599 760 4630 t
817 4581 889 4650 μὴ
937 4578 1180 4639 νοοῦντες
1228 4577 1367 4646 μήτε
1417 4575 1452 4627 ἃ.
1499 4575 1734 4642 λέγουσι,

173 4674 294 4742 μήτε
327 4673 460 4742 περὶ
491 4673 636 4734 τίνος
669 4668 1123 4731 διαϐεϐαιοῦνται,
1169 4688 1186 4719 ›
1226 4667 1365 4720 κατά
1398 4665 1457 4717 τὸ
1491 4681 1738 4735 γεγραμ-

175 4765 340 4830 μένον.
393 4763 632 4834 Εὑρεταὶ
664 4761 719 4813 δὲ
753 4761 850 4830 τῆς
892 4761 1147 4828 τοιαύτης
1181 4757 1432 4819 ἀτεὸείας
1479 4754 1735 4822 γεγόνασι

170 4855 340 4908 πολλοὶ
395 4855 495 4924 μὲν
553 4855 645 4906 καὶ
696 4854 896 4922 ἕτεροι,
951 4850 1092 4904 κατά
1142 4851 1266 4911 τοὺς
1315 4848 1518 4901 ἄνωθεν
1577 4846 1656 4898 ἔτι
1707 4856 1728 4883 ε

171 4949 561 5020 παρῳχηκότας
609 4947 831 5017 καιρούς
853 4964 866 4977 ο
900 4948 1014 5000 νυνὶ
1035 4946 1090 4998 δὲ
1130 4946 1228 5014 τῆς
1257 4945 1480 4996 ἐκείνων
1527 4943 1733 4994 ἀνοσιό-

169 5057 314 5109 τητος
345 5039 501 5092 οὐδὲν
531 5037 871 5100 ἀποδέοντες,
904 5037 1220 5106 Νεστόριος,
1261 5035 1355 5086 καὶ
1381 5035 1428 5084 οἱ
1459 5035 1554 5086 σὺν
1583 5032 1732 5102 αὑτῷ

173 5132 297 5183 κατά
324 5131 452 5192 τοὺς
482 5129 740 5200 ἀρχαίους
770 5128 1012 5190 ἐκείνους
1041 5126 1364 5196 Φαρισαίους
1409 5125 1732 5176 ἀντανιστάο

173 5238 306 5288 μενοι
337 5221 417 5290 τῷ
447 5218 692 5288 Χριστῷ,
723 5220 816 5272 καὶ
847 5219 1040 5286 ἀνέδην
1070 5216 1504 5285 ἀνακεκραγότες
1527 5233 1539 5245 ο
1579 5235 1595 5265 ι
1636 5217 1734 5269 Διά

171 5309 212 5358 τί
243 5312 298 5362 σὺ
326 5310 613 5380 ἄνθρωπος
662 5309 737 5361 ὢν
769 5311 940 5370 ποιεῖς
979 5306 1171 5360 ἑαυτὸν
1223 5305 1388 5370 Θεόν;
1427 5323 1444 5355 ι
1502 5301 1608 5357 τΗν
1638 5300 1731 5357 οὖν

236 5487 249 5514 ¹
273 5484 425 5542 l‘rov.
463 5503 582 5554 vni,
615 5488 668 5553 9,
703 5486 996 5540 secundum
1028 5481 1194 5537 LXX.
1257 5483 1277 5512 ’
1303 5479 1345 5536 ll
1378 5480 1503 5535 Cor.
1542 5497 1616 5547 IV,
1642 5480 1694 5534 4.
1758 5481 1777 5511 ³
1806 5481 1992 5536 Matth.
2027 5497 2115 5548 xv,
2148 5484 2232 5538 Η.
2292 5484 2458 5539 ‘ibid.

1840 4126 2101 4189 nonnulli,
2130 4126 2220 4194 qui
2253 4137 2440 4181 contra
2474 4128 2718 4181 veritatis
2754 4129 2999 4197 dogmata
3038 4132 3303 4198 garriunt,
3356 4141 3412 4186 et.

1835 4215 2097 4270 diabolica
2125 4217 2387 4285 pravitate
2403 4217 2561 4288 146
2578 4229 2808 4273 mentem
2841 4220 3096 4272 imbutam
3132 4221 3410 4284 habentes,

1837 4308 2083 4362 veritatis
2113 4311 2438 4378 mysterium
2472 4311 2583 4364 acri
2629 4312 2805 4364 studio
2846 4312 3152 4366 adulterare
3182 4324 3406 4365 conten-

1837 4399 1992 4464 dunt,
2041 4415 2137 4453 nec
2189 4402 2530 4455 mediocriter
2575 4402 2838 4454 incarnati
2878 4402 3148 4472 Unigeniti
3181 4403 3406 4472 dispen-

1837 4492 2100 4544 sationem
2148 4492 2484 4545 insectantur
2513 4532 2526 4557 ,
2562 4511 2578 4541 ‹
2617 4508 2720 4546 ιιοη
2797 4493 3177 4562 intelligentes,
3239 4510 3412 4563 nequc

1838 4597 1956 4650 qua:
1989 4581 2300 4648 loquuntur,
2353 4597 2523 4649 neque
2566 4584 2630 4636 de
2665 4584 2862 4652 quibus
2896 4583 3185 4648 afﬁrmant,
3215 4603 3232 4635 ι
3270 4586 3411 4638 sicut

1837 4675 2095 4739 scriptum
2134 4682 2216 4726 est
2241 4673 2281 4725 ⁵.
2325 4671 2638 4736 llujusmodi
2684 4686 2862 4728 autem
2897 4675 3186 4744 impietatis
3219 4677 3408 4728 inven-

1841 4773 1982 4816 tores
2024 4767 2349 4817 exstiterunt
2403 4763 2512 4830 jam
2547 4766 2673 4817 olim
2729 4774 2782 4818 et
2833 4766 2982 4818 multi
3035 4768 3248 4834 quidem
3278 4767 3405 4830 alii;

1838 4870 1977 4907 nunc
2013 4869 2138 4907 vero
2199 4854 2506 4918 Nestorius,
2537 4864 2588 4907 et
2635 4856 2726 4922 qui
2761 4871 2880 4907 cum
2911 4855 3002 4908 illo
3039 4864 3182 4917 sunt,
3218 4870 3404 4908 eorum

1839 4945 2099 5012 impietati
2164 4946 2302 4997 nulla
2358 4946 2410 4998 in
2466 4957 2619 5014 parte
2663 4947 2930 5006 cedentes,
2990 4947 3056 5000 ad
3105 4948 3403 5015 priscorum

1837 5033 2229 5087 Pharismorum
2261 5035 2564 5103 exemplum
2614 5037 2874 5090 adversus
2905 5035 3178 5089 Christum
3209 5051 3266 5088 se
3299 5038 3406 5088 cri-

1838 5135 1987 5193 gunt,
2012 5133 2365 5193 prolerveque
2390 5126 2755 5180 vociferantur
2787 5145 2800 5180 :
2843 5145 2860 5175 ι
2903 5125 3010 5180 Cur
3039 5137 3116 5190 tu,
3153 5141 3270 5179 cum
3304 5127 3399 5178 lto-

1838 5230 1925 5268 mo
1953 5216 2046 5276 sis,
2070 5215 2201 5267 facis
2226 5217 2450 5282 teipsum
2488 5216 2652 5269 Deum
2680 5216 2744 5268 ‘?
2789 5235 2806 5266 ι
2839 5215 2963 5268 Erat
2994 5217 3172 5283 itaque
3213 5229 3401 5268 neces-

1839 5306 2063 5368 sarium,
2093 5315 2147 5357 ut
2174 5307 2431 5360 adversus
2466 5307 2675 5360 illorum
2708 5322 2983 5362 sermones
3025 5323 3122 5362 nos
3153 5307 3402 5374 accingo-

2547 5484 2608 5539 ³Ι
2643 5485 2781 5540 Tim.
2815 5500 2853 5552 ι,
2878 5485 2908 5538 7
2993 5483 3192 5540 'Joan.
3224 5500 3274 5545 ι,
3303 5485 3400 5542 21.

1178 5636 1354 5691 Variae
1389 5635 1648 5691 lectiones
1678 5652 1744 5692 ex
1777 5638 1961 5694 codice
1993 5638 2364 5709 Seguieriano.

233 5811 254 5838 ι
277 5799 528 5855 ἐκθεῖναι.
611 5795 641 5835 δ
671 5794 773 5864 τῆς
803 5810 964 5850 τινων
991 5791 1420 5863 ἀθυροστομίας.

1500 5799 1520 5829 ο
1563 5790 1656 5844 καὶ
1689 5789 1790 5845 ἔτι.
