4104 6496
659 425 766 481 293

1679 415 1735 471 S.
1775 411 2048 469 CYRILLI
2088 404 2558 467 ALEXANDRINI
2598 407 2926 465 ARCHIEP.

3798 412 3913 470 296

663 555 864 608 remus,
927 539 1242 609 impuraque
1289 551 1353 592 ac
1418 535 1644 606 profana
1691 535 1904 589 illorum
1974 532 2226 602 dogmata

2351 532 2622 598 ιναγκαίον
2668 530 2762 582 καὶ
2805 529 2956 599 ἡμᾶς
2988 527 3182 591 αὐτοὺς
3216 528 3328 590 τοῖς
3357 530 3487 598 παρ’
3525 529 3747 584 ἐκείνων
3775 529 3923 583 ἀντ-

663 631 1267 693 anathematizaremns,
1295 640 1562 683 memores
1601 626 1692 681 Dei
1739 640 1836 694 per
1870 637 2055 679 vocem
2100 635 2230 692 pro-

662 721 839 789 phetae
869 719 1131 775 dicentis:
1165 737 1184 769 ι
1219 717 1434 783 Audite,
1474 719 1807 782 sacerdotes,
1845 723 1900 769 et
1957 721 2231 769 contesta-

665 807 797 860 mini
848 807 1028 861 domui
1086 804 1273 871 Iacob,
1313 806 1442 861 dicit
1466 805 1725 860 Dominus
1754 805 2092 873 omnipotens
2113 803 2153 856 ⁷.
2205 821 2226 855 ι

664 898 732 953 Ει
753 900 984 953 iterum:
1020 915 1038 948 ι
1073 896 1420 966 lngredimini
1443 910 1539 966 per
1570 905 1758 967 portas
1788 910 1959 960 meas,
1991 903 2045 949 et
2096 893 2233 964 lapi-

665 988 760 1040 des
803 987 868 1040 de
916 985 999 1038 via
1039 984 1206 1040 tollite
1233 985 1274 1039 '.
1301 1005 1320 1036 ο
1357 984 1586 1054 Oportet
1635 985 1776 1039 enim
1825 999 1942 1050 nos,
2000 983 2090 1053 qui
2139 997 2236 1052 pro

665 1075 912 1132 veritatis
970 1076 1222 1146 dogmate
1269 1085 1564 1142 certamus,
1625 1074 1947 1131 offendicula
1985 1090 2016 1129 θ
2057 1073 2236 1129 medio

667 1167 1002 1233 submovere,
1021 1182 1086 1222 ne
1114 1183 1214 1235 qua
1246 1168 1457 1222 ratione
1485 1167 1663 1237 populi
1697 1169 1764 1223 ad
1791 1168 1881 1223 illa
1904 1167 2230 1238 impingam,

667 1258 760 1312 sed
789 1259 929 1313 velut
960 1275 1057 1328 per
1080 1259 1289 1328 planam
1326 1260 1575 1314 semitam
1604 1261 1671 1315 ad
1710 1276 1864 1315 sacra
1899 1261 1988 1314 illa
2027 1260 2236 1314 divina-

667 1365 773 1418 que
830 1351 967 1405 atria
1024 1350 1456 1420 progrediantur,
1511 1351 1640 1406 illud
1701 1351 1814 1406 fere
1858 1367 1952 1420 per
2001 1349 2239 1420 singulas

668 1451 856 1510 portas
906 1442 1340 1512 ingeminantes:
1403 1459 1423 1493 ι
1476 1441 1602 1497 Haec
1661 1453 1746 1497 est
1795 1451 1947 1512 porta
2007 1442 2236 1508 Domini,

666 1533 798 1602 justi
848 1535 1125 1589 intrabunt
1174 1535 1227 1589 in
1268 1550 1386 1589 eam
1424 1535 1468 1587 '.
1512 1553 1531 1586 ι
1563 1534 1697 1590 Cum
1746 1535 1928 1604 itaque
1960 1533 2240 1589 Nestorius

670 1625 980 1696 dogmatum
1030 1627 1433 1697 peregrinorum
1468 1636 1522 1682 et
1555 1627 1836 1696 impiarum
1876 1626 2239 1696 blasphemia-

672 1732 790 1772 rum
815 1719 1026 1772 turbam
1055 1718 1205 1773 libris
1239 1719 1349 1772 suis
1393 1720 1734 1786 inseruisset,
1787 1735 1893 1773 non
1943 1720 2237 1789 potuimus,

672 1808 863 1864 salutis
893 1824 1102 1875 eorum,
1144 1807 1235 1876 qui
1269 1808 1358 1862 illa
1391 1809 1580 1865 lecturi
1619 1820 1798 1874 erant,
1828 1823 2014 1864 curam
2043 1811 2242 1864 haben-

2333 620 2660 674 αποδύεσθαι
2678 619 2704 659 ἀ
2724 618 3320 688 λόγοις,άναθεματίσαι
3334 635 3393 672 τε
3428 619 3610 674 αὐτῶν
3645 620 3711 674 τὰ
3734 615 3926 691 μιαρά

2333 710 2428 764 καὶ
2477 708 2680 779 βέϐηλα
2718 709 2997 778 δόγματα,
3051 708 3433 778 μεμνημένους
3475 707 3612 762 Θεοῦ
3658 708 3924 775 λέγοντος

2334 795 2422 851 διὰ
2457 798 2641 866 φωνῆς
2682 798 2986 868 προφήτουο
3025 815 3044 847 ι
3093 795 3297 866 Ἱερείς,
3334 795 3625 860 ἀκούσατε,
3659 796 3754 849 καὶ
3784 796 3924 848 ἐπι·-

2338 887 2684 960 μαρτύρασθε
2716 887 2793 958 τῷ
2837 887 2971 956 οἴκῳ
3011 886 3244 957 Ἰσραὴλ,
3289 886 3436 953 λέγει
3476 885 3677 955 Κύριος
3709 901 3925 936 παντο-

2336 979 2580 1049 κράτωρ.
2639 997 2658 1029 ι
2692 978 2801 1030 Καὶ
2841 976 3038 1029 πάλιν·
3071 994 3089 1026 ι
3126 975 3428 1045 Πορεύεσθε
3471 975 3560 1028 διὰ
3587 975 3693 1026 τῶν
3723 972 3928 1025 πυλῶν

2340 1089 2463 1142 μου.
2496 1071 2590 1124 καὶ
2621 1069 2747 1131 τοὺς
2778 1067 2956 1130 λίθους
2986 1069 3050 1120 ἐκ
3089 1067 3185 1136 τῆς
3228 1065 3350 1119 ὁδοῦ
3389 1065 3726 1136 διαῤῥίψατε.
3766 1082 3786 1115 ι
3824 1064 3927 1115 Δεῖ

2337 1161 2446 1232 γάρ
2476 1161 2623 1230 ἡμᾶς
2667 1158 2775 1212 τῶν
2808 1157 2904 1228 τῆς
2945 1156 3200 1226 ἀληθείας
3228 1154 3666 1225 ὑπεραθλοῦντας
3700 1154 3927 1223 δογμά-

2337 1270 2444 1305 των
2477 1252 2541 1303 ἐκ
2593 1250 2756 1320 μέσου
2807 1247 3078 1301 ποιεῖσθαι
3117 1247 3187 1300 τά
3233 1245 3527 1311 σκάνδαλα,
3573 1247 3649 1308 ὡς
3692 1245 3756 1298 ἂν
3790 1246 3927 1297 κατ’

2337 1343 2528 1396 οὐδένα
2579 1342 2778 1409 τρόπον
2825 1340 3009 1402 αὐτοῖς
3069 1337 3493 1408 προσπταίοντες
3546 1337 3593 1387 οἱ
3639 1334 3776 1397 λαοὶ,
3829 1333 3931 1385 διὰ

2339 1433 2489 1496 λείας
2522 1431 2710 1501 ὥσπερ
2754 1430 2998 1501 ἑρχοιντο
3035 1441 3059 1468 ο
3089 1428 3275 1499 τρίϐου
3322 1427 3457 1496 πρὸς
3487 1426 3584 1488 τὰς
3630 1424 3777 1495 ἱεράς
3822 1425 3929 1476 καὶ

2341 1525 2489 1588 Θείας
2535 1523 2724 1586 αὐλὰς,
2777 1521 3056 1592 μονονουχὶ
3104 1520 3198 1573 καὶ
3249 1518 3333 1587 ἐφ’
3379 1517 3582 1588 ἑκάστῃ
3630 1516 3926 1584 λέγοντες·

2346 1641 2363 1671 ι
2389 1619 2534 1690 Λῦτη
2577 1620 2611 1689 ἡ
2643 1616 2784 1686 πύλη
2817 1615 2908 1669 τοῦ
2943 1614 3172 1685 Κυρίου,
3212 1612 3409 1665 δίκαιοι
3438 1608 3840 1662 εἰσελεύσονται
3861 1609 3929 1658 ἐν

2343 1712 2499 1780 αὐτῇ.
2531 1729 2547 1760 ι
2589 1707 2883 1777 Νεστορίου
2934 1707 3113 1759 τοίνυν
3137 1704 3302 1768 ξένων
3330 1719 3387 1756 τε
3413 1702 3506 1755 καὶ
3535 1700 3763 1754 ἀνοσίων
3787 1699 3929 1751 δυο·-

2343 1801 2563 1872 φημιῶν
2613 1800 2768 1870 ὄχλον
2801 1800 2913 1860 τοῖς
2967 1797 3118 1858 ἰδίοις
3182 1794 3430 1856 ἐνθέντος
3481 1789 3933 1862 βιϐλίοις,ἀναγ-

673 1910 778 1965 tes,
807 1901 1292 1959 anathetnatismos
1331 1919 1437 1958 non
1483 1916 1808 1970 componere
1839 1917 1854 1955 :
1890 1917 1993 1955 non
2028 1901 2240 1969 quidvis

2351 1895 2514 1956 καίως
2548 1891 2647 1961 τῆς
2684 1890 2790 1942 τῶν
2822 1887 3218 1957 ἐντευξομένων
3252 1887 3434 1947 αὐτοῖς
3458 1883 3732 1951 σωτηρίας
3755 1893 3933 1950 φρον-

671 1991 1000 2057 promiscue,
1032 1992 1174 2060 quod
1221 1992 1276 2045 in
1311 1999 1542 2046 mentem
1579 1989 1880 2052 incidisset,
1903 1987 2241 2056 paraeneticae

673 2079 912 2147 epistolae
935 2095 1097 2148 quam
1131 2079 1196 2133 ad
1235 2080 1382 2133 illum
1414 2077 1731 2148 scripsimus
1771 2077 2095 2139 inserentes,
2147 2074 2241 2128 sed

673 2168 772 2238 (ut
794 2170 950 2225 modo
980 2170 1255 2240 diximus)
1315 2171 1558 2240 germina
1603 2168 1839 2223 vesaniae
1894 2167 2060 2236 ipsius
2116 2179 2242 2235 per-

674 2261 878 2333 egrina,
909 2272 962 2316 et
994 2277 1024 2316 a
1053 2262 1269 2330 pietatis
1300 2260 1637 2330 dogmatibus
1661 2272 1880 2328 prorsus
1915 2257 2089 2311 aliena
2122 2270 2244 2311 esse

674 2353 1039 2407 ostendentes.
1077 2351 1243 2422 Egre
1293 2352 1526 2407 fortasse
1575 2350 1756 2405 ferunt
1813 2348 2078 2414 nonnulli,
2125 2361 2242 2416 qua:

673 2444 990 2512 scripsimus
1023 2461 1038 2509 ;
1069 2444 1150 2496 vel
1206 2444 1350 2512 quod
1411 2458 1619 2506 eorum,
1668 2455 1787 2511 quae
1841 2441 2041 2509 scripta
2097 2447 2241 2502 sunt,

674 2547 895 2589 sensum
933 2549 1061 2588 vere
1107 2549 1213 2588 non
1243 2533 1483 2602 capiant,
1517 2531 1602 2586 vel
1637 2541 1785 2586 certe
1841 2531 1981 2598 quod
2023 2531 2246 2598 impurae

673 2627 940 2681 haereseos
969 2625 1198 2680 Nestorii
1229 2633 1656 2694 propugnatores
1687 2622 1978 2686 exsistant,
2001 2621 2248 2688 impieta-

675 2716 852 2785 tisque
885 2718 1172 2786 participes
1195 2716 1323 2778 sint,
1360 2729 1424 2768 ac
1452 2715 1638 2769 eadem
1669 2728 1791 2768 cum
1820 2712 1935 2779 ipso
1984 2709 2244 2765 sentiant.

673 2807 744 2862 At
768 2807 894 2861 nulli
923 2807 1139 2861 interim
1167 2822 1231 2860 ex
1266 2807 1354 2868 iis,
1391 2805 1482 2874 qui
1533 2813 1677 2857 recte
1713 2815 1903 2870 sapere
1950 2812 2249 2854 consueve-

675 2906 823 2962 runt,
857 2897 1062 2952 veritas
1110 2904 1296 2966 operta
1345 2904 1448 2949 est.
1500 2894 1634 2960 Quia
1685 2906 1814 2947 vero
1864 2889 2120 2945 credibile
2191 2887 2252 2942 iit

675 3004 783 3044 non
815 2989 1002 3044 deesse
1028 2989 1289 3058 quosdam
1321 2987 1533 3041 illorum
1557 2981 1880 3039 commentis
1908 2981 2249 3048 depravatos,

679 3078 769 3149 qui
819 3092 925 3132 non
954 3089 1334 3147 asseqnantur,
1394 3074 1685 3147 quomodo,
1740 3081 1833 3126 aut
1883 3085 1990 3141 qna
2046 3070 2253 3123 ratione

677 3166 1188 3238 (anathematismi)
1234 3165 1306 3220 illi
1339 3166 1447 3220 sint
1489 3163 1740 3227 confecti,
1789 3175 1968 3230 opera:
2020 3160 2250 3229 pretium

680 3273 767 3312 me
785 3257 1052 3312 facturum
1076 3257 1278 3328 putavi,
1304 3258 1348 3311 si
1372 3256 1608 3326 singulos
1633 3254 1867 3309 breviter
1895 3266 2250 3320 exponerem,

681 3349 1009 3418 illorumque
1033 3348 1162 3414 vim,
1195 3355 1398 3415 quanta
1451 3344 1568 3398 lieri
1603 3351 1786 3412 posset
1842 3340 2253 3411 perspicuitate,

682 3442 953 3495 docerem.
986 3435 1190 3508 Opinor
1215 3438 1358 3492 enim
1387 3443 1638 3492 conatum
1688 3433 1830 3488 hunc
1869 3446 1974 3486 non
2029 3446 2252 3504 parvum

682 3530 977 3587 lectoribus
1020 3545 1175 3585 usum
1197 3537 1252 3583 et
1284 3527 1519 3581 fructum
1559 3525 1754 3580 aiferre
1776 3538 1957 3594 posse.

1020 3643 1180 3714 1‘7
1215 3637 1859 3697 ANATHEMATISMUS
1883 3635 1925 3690 1.

753 3759 810 3815 Si
835 3760 956 3829 quis
1009 3773 1116 3813 non
1158 3756 1451 3813 confitetur
1496 3751 1899 3807 Emmanuelem
1940 3765 2062 3805 vere
2091 3750 2255 3804 Deum

685 3866 829 3916 esse,
858 3861 914 3905 et
956 3852 1025 3905 ob
1059 3850 1112 3904 id
1150 3849 1344 3903 factam
1395 3847 1671 3915 Virginem
1727 3841 2008 3914 Deiparam
2040 3843 2262 3913 (genuit

686 3943 830 3997 enim
858 3941 942 3995 illa
992 3942 1331 3995 incarnatum
1369 3939 1461 3993 Dei
1488 3937 1667 3991 Patris
1695 3935 1928 3991 Verbum
1959 3933 2258 3988 secundum

686 4048 902 4090 carnem
921 4037 961 4102 ).
990 4036 1279 4086 anathema
1310 4030 1400 4085 sit.

1212 4141 1510 4196 Declaratio
1552 4142 1742 4210 prima.

778 4256 928 4312 Beati
955 4250 1164 4320 Patres,
1199 4256 1288 4323 qui
1316 4253 1506 4308 Nicaeae
1527 4253 1654 4309 olim
1685 4261 2072 4317 convenerunt,
2105 4262 2264 4306 rectm

690 4349 1090 4417 inculpataeque
1137 4346 1258 4400 ﬁdei
1287 4345 1593 4399 doctrinam
1627 4354 1985 4412 exponentes,
2012 4343 2064 4397 in
2097 4358 2262 4397 unum

692 4438 859 4492 Deum
909 4435 1124 4490 Patrem
1179 4435 1608 4504 omnipotentem
1665 4435 1906 4489 omnium
1970 4433 2262 4489 visibilium

2341 1987 2601 2047 τίζοντες,
2641 1979 3063 2048 συντεθείκαμεν
3109 1975 3605 2046 ἀναθεματισμοῦς,
3641 1973 3702 2025 οὐ
3736 1971 3798 2022 τὸ
3841 1972 3935 2029 εἰς

2344 2077 2465 2129 νοῦν
2495 2071 2628 2146 ἧκον
2656 2073 2843 2134 ἁπλῶς
2873 2070 3114 2130 ἐνθέντες
3161 2072 3225 2138 τῇ
3273 2067 3544 2136 γραφείση
3594 2063 3729 2133 πρὸς
3759 2060 3934 2115 αὐτὸν

2344 2168 2700 2237 παραινετικῇ
2733 2163 3012 2232 ἐπιστολῇ,
3043 2161 3157 2213 ἀλλ’
3182 2161 3255 2221 ὠς
3301 2159 3510 2226 ἔφημεν
3548 2155 3770 2224 ἀρτίως,
3795 2153 3934 2216 ξένα

2344 2259 2440 2312 καὶ
2470 2257 2721 2327 ἀλλότρια
2756 2255 2864 2306 τῶν
2910 2252 3006 2321 τῆς
3049 2249 3326 2310 εὐσεϐείας
3359 2245 3645 2315 δογμάτων
3681 2243 3933 2311 ἀποφαί-

2349 2365 2535 2412 νοντες
2588 2350 2688 2417 τῆς
2720 2346 2927 2398 ἐκείνου
2965 2340 3385 2414 φρενοϐλασείας
3418 2338 3486 2390 τὰ
3529 2337 3845 2406 γεννήματα
3883 2333 3932 2384 ί.

2360 2438 2786 2509 Ἐπασχάλλουσι
2833 2435 2888 2488 δὲ
2925 2436 3065 2503 τάχα
3116 2432 3216 2484 πού
3252 2447 3396 2492 τινες
3443 2431 3553 2490 τοῖς
3587 2425 3717 2496 παρ’
3761 2422 3936 2493 ἡμῶν

2346 2531 2547 2599 λόγοις,
2598 2528 2631 2598 ἢ
2686 2529 2759 2598 μὴ
2812 2526 3082 2584 συνιόντες
3130 2520 3345 2591 άληθῶς
3379 2519 3486 2572 τῶν
3523 2513 3940 2587 γεγραμμένων

2347 2622 2445 2693 τὴν
2497 2620 2757 2688 δύναμιν,
2802 2616 2834 2685 ἢ
2895 2616 2992 2686 τῆς
3045 2611 3338 2682 Νεστορίου
3397 2609 3598 2679 μιαρᾶς
3660 2603 3938 2674 αἱρέσεως

2351 2711 2689 2767 ὑπασπισταὶ
2741 2706 3062 2776 γεγονότες,
3101 2704 3196 2757 καὶ
3252 2700 3599 2773 μεριζόμενοι
3647 2694 3748 2765 τὴν
3795 2693 3940 2746 ἆσέ-

2353 2808 2525 2871 6ειαν,
2555 2804 2647 2858 καὶ
2682 2802 2749 2856 τὰ
2779 2801 2920 2855 αὐτὰ
2947 2797 3268 2869 φρονοῦντες
3295 2791 3505 2862 ἐκείνῳ.
3537 2781 3798 2843 Δανθάνει
3830 2785 3942 2855 μὲν

2352 2897 2445 2955 οὖν
2476 2899 2601 2951 ούδέ
2641 2913 2762 2948 τινα
2822 2893 2928 2945 τῶν
2967 2893 2991 2930 ⁸
3028 2890 3096 2942 τὰ
3130 2886 3267 2957 ὀρθὰ
3303 2885 3518 2954 φρονεῖν
3556 2878 3826 2933 είωθότων
3873 2874 3943 2927 τὸ

2355 2988 2572 3058 ἀληθές.
2621 2983 2840 3051 Ἐπειδὴ
2877 2981 2933 3033 δέ
2961 2977 3128 3040 εἰκὸς,
3157 2977 3274 3036 ταῖς
3304 2972 3433 3043 παρ’
3460 2969 3680 3023 ἐκείνων
3712 2968 3941 3037 εὑρεσι-

2354 3055 2562 3149 λογ-ίαις
2606 3071 3113 3146 παρενηνεγμένους
3148 3069 3175 3108 ιι
3211 3065 3286 3136 μὴ
3318 3063 3556 3116 συνιέναι
3590 3059 3761 3122 τινας,
3814 3055 3944 3118 πῶς

2358 3147 2453 3226 καλ.
2497 3169 2617 3221 τίνα
2643 3167 2844 3235 τρόπον
2875 3161 3148 3230 γεγόνασι,
3179 3158 3289 3211 δεῖν
3323 3154 3508 3226 ᾠήθην
3549 3152 3778 3204 ἕκαστον
3824 3147 3944 3200 τῶν

2281 3217 2323 3274 C
2358 3217 2818 3327 Σξᾷθέιέᾷξτιὲμῶν
2867 3217 3204 3323 ίρμηνεῦσαι
3251 3217 3350 3299 διὰ·
3387 3217 3653 3314 βραχέων,
3694 3239 3788 3292 καὶ
3835 3235 3946 3308 τὴν

2355 3351 2584 3419 δύναμιν
2617 3345 2797 3400 αὐτῶν
2826 3345 2902 3406 ὡς
2951 3342 3031 3396 ἐνι
3063 3339 3266 3404 καλῶς,
3311 3332 3733 3407 ἀφηγήσασθαι’
3778 3328 3946 3382 ἔσται

2356 3442 2487 3512 γάρ,
2513 3438 2588 3501 ὣς
2623 3454 2687 3506 γε
2717 3432 2892 3505 οἶμαι,
2927 3433 2986 3485 τὸ
3017 3431 3206 3503 χρῆμα
3234 3430 3345 3491 τοῖς
3381 3425 3800 3494 ἐντυγχάνουσιν
3835 3420 3948 3474 οὐκ

2356 3529 2647 3591 ἀσυντελὲς
2679 3529 2758 3588 είς
2790 3525 2974 3595 δνησιν

2793 3628 3381 3690 ΔΝᾹΘΕΜΑΊῚΣΜΟΣ
3417 3627 3494 3681 Δ⁹.

2432 3756 2498 3809 Εἴ
2524 3771 2602 3817 τις
2627 3754 2747 3822 οὐχὶ
2780 3754 2792 3791 ί
2830 3749 3102 3819 ὁμολογεῖ,
3135 3745 3267 3798 Θεὸν
3311 3739 3449 3795 εἶναι
3492 3737 3633 3793 κατά
3677 3735 3946 3806 ἀλήθειαν

2360 3864 2449 3900 τον
2491 3842 2860 3915 Ἐμμανουὴλ,
2893 3840 2987 3893 καὶ
3029 3838 3122 3891 δια
3161 3835 3318 3889 τοῦτο
3367 3831 3633 3884 Θεοτόκον
3649 3827 3747 3898 τὴν
3774 3827 3949 3895 ἁγίαν

2362 3937 2634 4008 Παρθένον
2655 3952 2668 3966 ·
2698 3933 2994 4003 γεγέννηκε
3027 3929 3134 3999 γὰρ
3160 3924 3437 3998 σαρκικῶς
3465 3923 3644 3994 σάρκα
3678 3917 3949 3988 γεγονότα

2361 4029 2452 4082 τὸν
2487 4030 2550 4082 ἐκ
2573 4026 2708 4080 Θεοῦ
2741 4023 2949 4095 Πατρὸς
2981 4022 3172 4089 Λόγον·
3205 4018 3452 4084 ἀνάθεμα
3482 4014 3643 4067 ἔστω.

2951 4136 3254 4198 Ἐπίλυσις
3292 4137 3364 4184 α’.

2437 4256 2501 4310 Οί
2543 4252 2802 4324 μακάριοι
2844 4248 3110 4319 Πατέρες,
3145 4248 3193 4299 οἱ
3221 4243 3362 4298 κατὰ
3394 4239 3619 4309 καιροὺς
3660 4239 3717 4291 ἐν
3747 4238 3820 4306 τῇ
3850 4234 3950 4324 i‘it-

2368 4322 2747 4398 καέωνίπόλει
2798 4334 3285 4406 συναγηγερμένοι,
3335 4329 3428 4384 καὶ
3473 4328 3565 4380 τὸν
3613 4326 3712 4394 τῆς
3777 4322 3950 4394 ὀρθῆς

2368 4436 2462 4489 καὶ⁵
2497 4431 2820 4499 ἀδιαϐλήτου
2885 4427 3120 4488 πίστεως
3154 4426 3278 4494 ὅρον
3327 4419 3632 4490 ἐκθέμενοι,
3667 4414 3950 4468 πιστεύειν

689 4541 742 4583 et
771 4527 1123 4582 invisibilium
1163 4524 1428 4580 factorem
1459 4539 1520 4580 se
1541 4526 1766 4579 credere
1826 4523 2058 4593 professi
2091 4532 2218 4578 sunt
2245 4543 2250 4590 ς

2367 4528 2575 4595 ἔφασαν
2609 4524 2687 4584 είς
2720 4521 2817 4572 ἕνα
2866 4518 3017 4581 Θεὸν,
3071 4513 3288 4584 Πατέρα
3337 4507 3778 4579 παντοκράτορα,
3815 4504 3949 4557 πάν·

692 4618 820 4675 etin
849 4633 1012 4672 unum
1042 4617 1328 4673 Dominum
1378 4615 1560 4671 .Iesum
1590 4615 1866 4670 Christum
1898 4615 2091 4669 Filium
2122 4615 2262 4684 ejus,

689 4719 746 4765 et
769 4711 820 4764 in
847 4708 1106 4778 Spiritum
1127 4718 1373 4763 sanctum
1405 4725 1418 4760 :
1453 4715 1778 4771 asserentes,
1807 4708 1978 4776 ipsum
2017 4707 2160 4776 quod
2196 4721 2262 4760 ex

691 4800 803 4855 Deo
850 4794 1087 4854 Verbum
1132 4799 1375 4863 emicuit,
1410 4813 1506 4868 per
1539 4798 1681 4867 quod
1711 4798 1892 4852 omnia
1939 4798 2081 4852 facta
2115 4807 2266 4858 sunt,

694 4892 872 4946 lumen
935 4894 1001 4946 de
1049 4890 1271 4955 lumine,
1331 4891 1496 4944 Deum
1526 4905 1716 4944 verum
1746 4890 1814 4944 de
1845 4891 1952 4944 Deo
1987 4903 2136 4954 vero,
2184 4889 2264 4942 in-

691 4992 997 5046 carnatum,
1023 4990 1079 5036 et
1110 4982 1384 5035 hominem
1425 4996 1547 5035 esse
1589 4980 1812 5042 factum,
1859 4990 1912 5035 et
1944 4996 2186 5048 passum,
2215 4989 2268 5034 et

692 5073 1082 5129 resurrexisse.
1138 5072 1359 5127 Etenim
1412 5088 1535 5126 cum
1585 5071 1920 5140 unigenitum
1973 5071 2064 5124 Dei
2093 5070 2273 5124 Patris

694 5161 932 5216 Verbum
965 5171 1156 5215 natura
1189 5159 1333 5215 Deus
1368 5171 1535 5224 esset,
1563 5175 1746 5215 semen
1779 5160 2033 5223 Abrahze,
2061 5168 2119 5212 ut
2143 5160 2270 5213 bea-

694 5261 782 5306 tus
807 5248 1004 5304 Paulus
1031 5251 1163 5304 dicit
1195 5250 1259 5315 “,
1297 5249 1681 5319 apprehendit,
1712 5249 2043 5319 perindeque
2067 5262 2128 5301 ac
2152 5263 2270 5310 nos,

695 5343 879 5400 carnis
910 5352 964 5397 et
999 5344 1276 5412 sanguinis
1308 5340 1561 5397 eﬂ‘ectum
1611 5351 1694 5397 est
1738 5341 2033 5412 particeps.
2074 5338 2270 5392 Natum

766 5497 786 5527 ’
809 5497 975 5553 Amos
1005 5511 1086 5563 nt,
1114 5496 1201 5550 13.
1278 5497 1298 5528 ⁸
1322 5497 1521 5554 Jerem.
1550 5512 1644 5565 vn,
1677 5497 1730 5552 '5.
1809 5495 1994 5553 ’Psal.
2032 5511 2197 5560 cxvn,
2235 5493 2325 5548 20.

2371 4594 2478 4668 των
2525 4608 2732 4680 ὁρατῶν
2762 4624 2818 4658 τε
2858 4604 2950 4659 καὶ
2991 4605 3236 4675 ἀοράτων
3282 4599 3513 4670 ποιητήν
3537 4612 3550 4627 °
3601 4597 3694 4650 καὶ
3727 4595 3810 4657 είς
3853 4594 3951 4646 ἕνα

2373 4705 2575 4774 Κύριον
2614 4697 2821 4770 Ἰησοῦν
2851 4695 3105 4768 Χριστὸν,
3143 4694 3232 4746 τὸν
3264 4691 3391 4744 Υἰὸν
3424 4687 3587 4742 αὐτοῦ
3609 4704 3622 4717 ο
3656 4687 3750 4738 καὶ
3782 4687 3863 4747 είς
3889 4683 3948 4734 τὸ

2375 4795 2596 4864 Πνεῦμα
2629 4791 2689 4843 τὸ
2718 4790 2872 4857 ἅγιον
2894 4802 2906 4815 ⁸
2941 4787 3101 4840 αὑτὸν
3125 4786 3375 4853 λέγοντες
3395 4782 3485 4835 τὸν
3513 4781 3576 4832 ἐκ
3603 4775 3736 4831 Θεοῦ
3769 4792 3950 4844 πεφη-

2373 4886 2500 4940 νότα
2538 4883 2729 4952 Λόγον,
2759 4881 2850 4934 τὸν
2879 4880 2946 4933 δι’
2976 4872 3037 4931 οὗ
3081 4878 3149 4930 τά
3184 4877 3358 4929 πάντα
3395 4873 3628 4942 ἐγένετο,
3658 4869 3720 4922 τὸ
3750 4869 3866 4938 φῶς
3890 4866 3947 4916 τὸ

2376 4978 2439 5028 ἐκ
2469 4974 2663 5044 φωτὸς,
2698 4972 2787 5025 τὸν
2819 4974 2882 5024 ἐκ
2915 4969 3046 5022 Θεοῦ
3077 4965 3330 5038 ἀληθινοῦ
3359 4965 3489 5018 Θεὸν
3509 4960 3783 5032 ἀληθινὸν,
3817 4974 3946 5029 σαρ-

2373 5067 2616 5137 κωθῆναί
2644 5083 2703 5118 τε
2738 5066 2832 5118 καὶ
2877 5061 3317 5133 ἐνανθρωπῆσαι,
3358 5057 3551 5111 παθεῖν
3590 5071 3647 5107 τε
3694 5053 3790 5106 καὶ
3817 5054 3946 5106 ἀνα·

2374 5163 2586 5229 στῆναι.
2636 5157 2767 5219 Θεὸς
2813 5156 2922 5225 γάρ
2969 5155 3042 5207 ὢν
3075 5153 3217 5206 κατὰ
3261 5151 3422 5222 φύσιν
3464 5152 3492 5202 ὁ
3536 5146 3834 5219 μονογενὴς
3857 5140 3947 5194 τοῦ

2373 5250 2588 5320 Πατρὸς
2620 5249 2812 5316 Λόγος.
2840 5248 3149 5317 σπέρματος
3187 5245 3437 5315 Ἀϐραάμ
3468 5238 3786 5301 ἐπελάϐετο,
3813 5232 3949 5290 καθά

2374 5358 2538 5411 φησιν
2567 5343 2594 5392 ὁ
2631 5341 2897 5409 μακάριος
2948 5337 3176 5400 Παῦλος,
3228 5337 3322 5389 κα)⁵
3373 5330 3772 5404 παραπλησίως
3819 5325 3946 5398 ἡμῖν

2430 5491 2473 5525 ¹⁰
2499 5488 2660 5548 Hebr.
2696 5507 2751 5555 ll,
2795 5492 2881 5544 Η.

1741 5668 1906 5708 varia:
1945 5652 2207 5706 lectiones
2232 5664 2294 5705 ex
2331 5649 2515 5704 codice
2552 5647 2922 5717 Seguieriano.

768 5815 796 5857 ά
823 5815 1299 5873 ἀνταποδίσασθαι.
1381 5825 1402 5854 ο
1434 5811 1658 5882 ἐχοιντο.
1737 5810 1755 5850 ί
1790 5810 2133 5881 ἐγκλήματα.
2220 5809 2243 5848 ε
2281 5806 2464 5861 οὐδένα
2497 5803 2628 5859 τῶν.
2706 5804 2730 5842 ι
2760 5800 3224 5876 παρενηνεγμένα.
3308 5801 3324 5839 ι
3362 5801 3481 5871 οὐχ.
