  <div class='ocr_page' id='page_1' title='image "/cluster/home/n/w/nwhite01/storage/ocr_20150623/76/uva.x030486937/158.png"; bbox 0 0 4104 6486; ppageno 0'>
   <div class='ocr_carea' id='block_1_1' title="bbox 131 413 2358 481">
    <p class='ocr_par' dir='ltr' id='par_1_1' title="bbox 131 413 2358 481">
     <span class='ocr_line' id='line_1_1' title="bbox 131 413 2358 481; baseline 0.005 -11"><span class='ocrx_word' id='word_1_1' title='bbox 131 413 208 470; x_wconf 72' lang='grc' dir='ltr'><strong>9.θῖ</strong></span> <span class='ocrx_word' id='word_1_2' title='bbox 1185 423 1602 481; x_wconf 80' lang='lat' dir='ltr'><strong>EXPLICATIO</strong></span> <span class='ocrx_word' id='word_1_3' title='bbox 1642 421 1997 480; x_wconf 74' lang='lat' dir='ltr'><strong>DUODECIM</strong></span> <span class='ocrx_word' id='word_1_4' title='bbox 2033 421 2358 481; x_wconf 80' lang='lat' dir='ltr'><strong>CAPITUM.</strong></span> 
     </span>
    </p>
   </div>
   <div class='ocr_carea' id='block_1_2' title="bbox 3184 426 3399 482">
    <p class='ocr_par' dir='ltr' id='par_1_2' title="bbox 3184 426 3399 482">
     <span class='ocr_line' id='line_1_2' title="bbox 3184 426 3399 482; baseline 0 -1"><span class='ocrx_word' id='word_1_5' title='bbox 3184 447 3192 454; x_wconf 95' lang='grc'><strong>·</strong></span> <span class='ocrx_word' id='word_1_6' title='bbox 3296 426 3399 482; x_wconf 77' lang='grc'><strong>298</strong></span> 
     </span>
    </p>
   </div>
   <div class='ocr_carea' id='block_1_3' title="bbox 146 519 1719 615">
    <p class='ocr_par' dir='ltr' id='par_1_3' title="bbox 146 519 1719 615">
     <span class='ocr_line' id='line_1_3' title="bbox 146 519 1719 615; baseline 0.006 -29"><span class='ocrx_word' id='word_1_7' title='bbox 146 538 367 608; x_wconf 67' lang='grc' dir='ltr'>μτὲσγεν</span> <span class='ocrx_word' id='word_1_8' title='bbox 393 534 678 605; x_wconf 69' lang='grc' dir='ltr'>αἳματος,</span> <span class='ocrx_word' id='word_1_9' title='bbox 717 543 822 595; x_wconf 79' lang='grc' dir='ltr'><strong>καὶ</strong></span> <span class='ocrx_word' id='word_1_10' title='bbox 850 544 1046 614; x_wconf 83' lang='grc' dir='ltr'>σαρκός</span> <span class='ocrx_word' id='word_1_11' title='bbox 1067 561 1082 574; x_wconf 91' lang='grc'><strong>·</strong></span> <span class='ocrx_word' id='word_1_12' title='bbox 1113 519 1433 615; x_wconf 84' lang='grc' dir='ltr'>γεγέννηται</span> <span class='ocrx_word' id='word_1_13' title='bbox 1457 542 1565 614; x_wconf 84' lang='grc' dir='ltr'>γὰρ</span> <span class='ocrx_word' id='word_1_14' title='bbox 1587 543 1719 597; x_wconf 79' lang='grc' dir='ltr'>κατὰ</span> 
     </span>
    </p>
   </div>
   <div class='ocr_carea' id='block_1_4' title="bbox 1821 519 3403 615">
    <p class='ocr_par' dir='ltr' id='par_1_4' title="bbox 1831 541 3403 613">
     <span class='ocr_line' id='line_1_4' title="bbox 1831 541 3403 613; baseline 0.001 -16"><span class='ocrx_word' id='word_1_15' title='bbox 1831 549 1917 598; x_wconf 88' lang='lat' dir='ltr'><strong>est</strong></span> <span class='ocrx_word' id='word_1_16' title='bbox 1950 541 2095 597; x_wconf 82' lang='lat' dir='ltr'><strong>enim</strong></span> <span class='ocrx_word' id='word_1_17' title='bbox 2137 543 2434 597; x_wconf 87' lang='lat' dir='ltr'><strong>secundum</strong></span> <span class='ocrx_word' id='word_1_18' title='bbox 2462 556 2680 596; x_wconf 81' lang='lat' dir='ltr'><strong>carnem</strong></span> <span class='ocrx_word' id='word_1_19' title='bbox 2709 555 2774 596; x_wconf 80' lang='lat' dir='ltr'><strong>ex</strong></span> <span class='ocrx_word' id='word_1_20' title='bbox 2827 550 3015 597; x_wconf 87' lang='lat' dir='ltr'><strong>sancta</strong></span> <span class='ocrx_word' id='word_1_21' title='bbox 3058 541 3299 613; x_wconf 85' lang='lat' dir='ltr'><strong>Virgine,</strong></span> <span class='ocrx_word' id='word_1_22' title='bbox 3345 554 3403 600; x_wconf 95' lang='lat' dir='ltr'><strong>et</strong></span> 
     </span>
    </p>
   </div>
   <div class='ocr_carea' id='block_1_5' title="bbox 145 630 1730 708">
    <p class='ocr_par' dir='ltr' id='par_1_5' title="bbox 145 630 1730 708">
     <span class='ocr_line' id='line_1_5' title="bbox 145 630 1730 708; baseline 0.005 -27"><span class='ocrx_word' id='word_1_23' title='bbox 145 631 299 700; x_wconf 70' lang='grc' dir='ltr'>σάρκα</span> <span class='ocrx_word' id='word_1_24' title='bbox 344 630 412 682; x_wconf 76' lang='grc' dir='ltr'><strong>ὲκ</strong></span> <span class='ocrx_word' id='word_1_25' title='bbox 452 631 562 700; x_wconf 76' lang='grc' dir='ltr'><strong>τῆς</strong></span> <span class='ocrx_word' id='word_1_26' title='bbox 616 634 794 703; x_wconf 80' lang='grc' dir='ltr'>ἁγίας</span> <span class='ocrx_word' id='word_1_27' title='bbox 839 636 1140 708; x_wconf 83' lang='grc' dir='ltr'><strong>Παρθένου,</strong></span> <span class='ocrx_word' id='word_1_28' title='bbox 1186 638 1279 692; x_wconf 74' lang='grc' dir='ltr'><strong>καὶ</strong></span> <span class='ocrx_word' id='word_1_29' title='bbox 1315 637 1598 708; x_wconf 78' lang='grc' dir='ltr'>ἄνθρωπος</span> <span class='ocrx_word' id='word_1_30' title='bbox 1638 637 1730 704; x_wconf 89' lang='grc' dir='ltr'>γέ-</span> 
     </span>
    </p>
   </div>
   <div class='ocr_carea' id='block_1_6' title="bbox 140 720 1726 800">
    <p class='ocr_par' dir='ltr' id='par_1_6' title="bbox 140 720 1726 800">
     <span class='ocr_line' id='line_1_6' title="bbox 140 720 1726 800; baseline 0.006 -28"><span class='ocrx_word' id='word_1_31' title='bbox 140 737 248 788; x_wconf 71' lang='grc' dir='ltr'>γονε</span> <span class='ocrx_word' id='word_1_32' title='bbox 282 732 295 770; x_wconf 80' lang='grc' dir='ltr'><strong>ι</strong></span> <span class='ocrx_word' id='word_1_33' title='bbox 334 720 466 775; x_wconf 77' lang='grc' dir='ltr'>καθ’</span> <span class='ocrx_word' id='word_1_34' title='bbox 507 725 691 794; x_wconf 75' lang='grc' dir='ltr'>ἡμᾶς,</span> <span class='ocrx_word' id='word_1_35' title='bbox 736 727 839 780; x_wconf 87' lang='grc' dir='ltr'>οὑκ</span> <span class='ocrx_word' id='word_1_36' title='bbox 868 727 1240 800; x_wconf 82' lang='grc' dir='ltr'>ἀπολισθήσας</span> <span class='ocrx_word' id='word_1_37' title='bbox 1275 728 1368 782; x_wconf 82' lang='grc' dir='ltr'><strong>τοῦ</strong></span> <span class='ocrx_word' id='word_1_38' title='bbox 1396 723 1532 782; x_wconf 77' lang='grc' dir='ltr'>εἶναι</span> <span class='ocrx_word' id='word_1_39' title='bbox 1559 727 1726 791; x_wconf 82' lang='grc' dir='ltr'><strong>Θεὸς’</strong></span> 
     </span>
    </p>
   </div>
   <div class='ocr_carea' id='block_1_7' title="bbox 141 811 1730 889">
    <p class='ocr_par' dir='ltr' id='par_1_7' title="bbox 141 811 1730 889">
     <span class='ocr_line' id='line_1_7' title="bbox 141 811 1730 889; baseline 0.007 -28"><span class='ocrx_word' id='word_1_40' title='bbox 141 811 209 880; x_wconf 78' lang='grc' dir='ltr'><strong>μὴ</strong></span> <span class='ocrx_word' id='word_1_41' title='bbox 238 811 451 878; x_wconf 83' lang='grc' dir='ltr'>γένοιτο</span> <span class='ocrx_word' id='word_1_42' title='bbox 472 829 486 843; x_wconf 90' lang='grc'><strong>·</strong></span> <span class='ocrx_word' id='word_1_43' title='bbox 540 813 667 867; x_wconf 79' lang='grc' dir='ltr'>ἀλλ’</span> <span class='ocrx_word' id='word_1_44' title='bbox 711 815 790 868; x_wconf 81' lang='grc' dir='ltr'><strong>ὢν</strong></span> <span class='ocrx_word' id='word_1_45' title='bbox 835 818 972 888; x_wconf 80' lang='grc' dir='ltr'>ὅπερ</span> <span class='ocrx_word' id='word_1_46' title='bbox 1012 815 1102 888; x_wconf 84' lang='grc' dir='ltr'>ἦν,</span> <span class='ocrx_word' id='word_1_47' title='bbox 1154 821 1249 872; x_wconf 59' lang='grc' dir='ltr'><strong>καὶ⁵</strong></span> <span class='ocrx_word' id='word_1_48' title='bbox 1294 817 1618 889; x_wconf 83' lang='grc' dir='ltr'>μεμενηκὼς</span> <span class='ocrx_word' id='word_1_49' title='bbox 1671 819 1730 872; x_wconf 81' lang='grc' dir='ltr'><strong>ὲν</strong></span> 
     </span>
    </p>
   </div>
   <div class='ocr_carea' id='block_1_8' title="bbox 135 903 1730 983">
    <p class='ocr_par' dir='ltr' id='par_1_8' title="bbox 135 903 1730 983">
     <span class='ocr_line' id='line_1_8' title="bbox 135 903 1730 983; baseline 0.005 -29"><span class='ocrx_word' id='word_1_50' title='bbox 135 906 198 971; x_wconf 75' lang='grc' dir='ltr'><strong>τῇ</strong></span> <span class='ocrx_word' id='word_1_51' title='bbox 230 905 325 974; x_wconf 73' lang='grc' dir='ltr'><strong>τῆς</strong></span> <span class='ocrx_word' id='word_1_52' title='bbox 357 903 631 976; x_wconf 75' lang='grc' dir='ltr'><strong>θεότητος</strong></span> <span class='ocrx_word' id='word_1_53' title='bbox 659 907 824 978; x_wconf 83' lang='grc' dir='ltr'>φύσει</span> <span class='ocrx_word' id='word_1_54' title='bbox 849 926 908 961; x_wconf 89' lang='grc' dir='ltr'>τε</span> <span class='ocrx_word' id='word_1_55' title='bbox 936 911 1030 962; x_wconf 78' lang='grc' dir='ltr'>καὶ</span> <span class='ocrx_word' id='word_1_56' title='bbox 1052 909 1199 983; x_wconf 77' lang='grc' dir='ltr'><strong>δόξῃ.</strong></span> <span class='ocrx_word' id='word_1_57' title='bbox 1242 911 1426 981; x_wconf 79' lang='grc' dir='ltr'>Φαμὲν</span> <span class='ocrx_word' id='word_1_58' title='bbox 1453 906 1544 964; x_wconf 84' lang='grc' dir='ltr'>οὖν</span> <span class='ocrx_word' id='word_1_59' title='bbox 1569 910 1730 963; x_wconf 80' lang='grc' dir='ltr'>αὑτὸν</span> 
     </span>
    </p>
   </div>
   <div class='ocr_carea' id='block_1_9' title="bbox 135 993 1730 1074">
    <p class='ocr_par' dir='ltr' id='par_1_9' title="bbox 135 993 1730 1074">
     <span class='ocr_line' id='line_1_9' title="bbox 135 993 1730 1074; baseline 0.008 -30"><span class='ocrx_word' id='word_1_60' title='bbox 135 993 420 1063; x_wconf 74' lang='grc' dir='ltr'>ἄνθρωπον</span> <span class='ocrx_word' id='word_1_61' title='bbox 459 999 822 1068; x_wconf 80' lang='grc' dir='ltr'>γεγενῆσθαι,</span> <span class='ocrx_word' id='word_1_62' title='bbox 857 1001 918 1052; x_wconf 89' lang='grc' dir='ltr'><strong>οὑ</strong></span> <span class='ocrx_word' id='word_1_63' title='bbox 962 1000 1169 1072; x_wconf 83' lang='grc' dir='ltr'>τροπὴν</span> <span class='ocrx_word' id='word_1_64' title='bbox 1216 1001 1587 1071; x_wconf 80' lang='grc' dir='ltr'><strong>ὑπομείναντα</strong></span> <span class='ocrx_word' id='word_1_65' title='bbox 1631 1003 1730 1074; x_wconf 83' lang='grc' dir='ltr'><strong>τὴν</strong></span> 
     </span>
    </p>
   </div>
   <div class='ocr_carea' id='block_1_10' title="bbox 128 1084 1731 1164">
    <p class='ocr_par' dir='ltr' id='par_1_10' title="bbox 128 1084 1731 1164">
     <span class='ocr_line' id='line_1_10' title="bbox 128 1084 1731 1164; baseline 0.007 -28"><span class='ocrx_word' id='word_1_66' title='bbox 128 1087 210 1148; x_wconf 74' lang='grc' dir='ltr'>εἰς</span> <span class='ocrx_word' id='word_1_67' title='bbox 240 1087 385 1157; x_wconf 78' lang='grc' dir='ltr'>ὅπερ</span> <span class='ocrx_word' id='word_1_68' title='bbox 428 1089 538 1141; x_wconf 85' lang='grc' dir='ltr'>οὑκ</span> <span class='ocrx_word' id='word_1_69' title='bbox 579 1084 672 1153; x_wconf 74' lang='grc' dir='ltr'>ἦν,</span> <span class='ocrx_word' id='word_1_70' title='bbox 719 1091 818 1144; x_wconf 81' lang='grc' dir='ltr'><strong>οὐκ</strong></span> <span class='ocrx_word' id='word_1_71' title='bbox 869 1090 1188 1146; x_wconf 83' lang='grc' dir='ltr'>ἀλλοίωσιν’</span> <span class='ocrx_word' id='word_1_72' title='bbox 1237 1093 1326 1147; x_wconf 72' lang='grc' dir='ltr'><strong>ἀεὶ</strong></span> <span class='ocrx_word' id='word_1_73' title='bbox 1363 1094 1472 1164; x_wconf 91' lang='grc' dir='ltr'><strong>γάρ</strong></span> <span class='ocrx_word' id='word_1_74' title='bbox 1511 1096 1660 1146; x_wconf 77' lang='grc' dir='ltr'>ἐστιν</span> <span class='ocrx_word' id='word_1_75' title='bbox 1701 1095 1731 1147; x_wconf 89' lang='lat'><strong>6</strong></span> 
     </span>
    </p>
   </div>
   <div class='ocr_carea' id='block_1_11' title="bbox 127 1176 1725 1254">
    <p class='ocr_par' dir='ltr' id='par_1_11' title="bbox 127 1176 1725 1254">
     <span class='ocr_line' id='line_1_11' title="bbox 127 1176 1725 1254; baseline 0.008 -28"><span class='ocrx_word' id='word_1_76' title='bbox 127 1176 316 1242; x_wconf 66' lang='grc' dir='ltr'>αὐτὸς,</span> <span class='ocrx_word' id='word_1_77' title='bbox 347 1178 451 1231; x_wconf 71' lang='grc' dir='ltr'><strong>καὶ</strong></span> <span class='ocrx_word' id='word_1_78' title='bbox 481 1181 696 1252; x_wconf 79' lang='grc' dir='ltr'>τροπῆς</span> <span class='ocrx_word' id='word_1_79' title='bbox 727 1183 1086 1254; x_wconf 79' lang='grc' dir='ltr'><strong>ἀποσκίασμα</strong></span> <span class='ocrx_word' id='word_1_80' title='bbox 1115 1182 1309 1238; x_wconf 82' lang='grc' dir='ltr'>παθεῖν</span> <span class='ocrx_word' id='word_1_81' title='bbox 1333 1185 1435 1238; x_wconf 89' lang='grc' dir='ltr'>οὑκ</span> <span class='ocrx_word' id='word_1_82' title='bbox 1457 1185 1725 1254; x_wconf 79' lang='grc' dir='ltr'><strong>ἀνέχεται.</strong></span> 
     </span>
    </p>
   </div>
   <div class='ocr_carea' id='block_1_12' title="bbox 138 1268 1728 1348">
    <p class='ocr_par' dir='ltr' id='par_1_12' title="bbox 138 1268 1728 1348">
     <span class='ocr_line' id='line_1_12' title="bbox 138 1268 1728 1348; baseline 0.008 -30"><span class='ocrx_word' id='word_1_83' title='bbox 138 1268 282 1319; x_wconf 72' lang='grc' dir='ltr'>Ἀλλ’</span> <span class='ocrx_word' id='word_1_84' title='bbox 318 1270 448 1323; x_wconf 80' lang='grc' dir='ltr'><strong>οὐδὲ</strong></span> <span class='ocrx_word' id='word_1_85' title='bbox 481 1273 730 1342; x_wconf 73' lang='grc' dir='ltr'>φυρμὸν,</span> <span class='ocrx_word' id='word_1_86' title='bbox 783 1275 817 1344; x_wconf 75' lang='grc' dir='ltr'>ἢ</span> <span class='ocrx_word' id='word_1_87' title='bbox 867 1275 1149 1345; x_wconf 84' lang='grc' dir='ltr'>ἀνάχυσιν,</span> <span class='ocrx_word' id='word_1_88' title='bbox 1199 1277 1231 1346; x_wconf 85' lang='grc' dir='ltr'>ἢ</span> <span class='ocrx_word' id='word_1_89' title='bbox 1279 1275 1586 1346; x_wconf 76' lang='grc' dir='ltr'><strong>σύγκρασιν</strong></span> <span class='ocrx_word' id='word_1_90' title='bbox 1629 1278 1728 1348; x_wconf 81' lang='grc' dir='ltr'><strong>τῆς</strong></span> 
     </span>
    </p>
   </div>
   <div class='ocr_carea' id='block_1_13' title="bbox 123 1360 1728 1439">
    <p class='ocr_par' dir='ltr' id='par_1_13' title="bbox 123 1360 1728 1439">
     <span class='ocr_line' id='line_1_13' title="bbox 123 1360 1728 1439; baseline 0.007 -29"><span class='ocrx_word' id='word_1_91' title='bbox 123 1360 322 1423; x_wconf 79' lang='grc' dir='ltr'>οὐσίας</span> <span class='ocrx_word' id='word_1_92' title='bbox 371 1362 545 1414; x_wconf 84' lang='grc' dir='ltr'>αὑτοῦ</span> <span class='ocrx_word' id='word_1_93' title='bbox 592 1364 729 1435; x_wconf 85' lang='grc' dir='ltr'>πρὸς</span> <span class='ocrx_word' id='word_1_94' title='bbox 779 1366 876 1436; x_wconf 85' lang='grc' dir='ltr'><strong>τὴν</strong></span> <span class='ocrx_word' id='word_1_95' title='bbox 923 1368 1104 1439; x_wconf 82' lang='grc' dir='ltr'>σάρκα</span> <span class='ocrx_word' id='word_1_96' title='bbox 1131 1369 1457 1439; x_wconf 84' lang='grc' dir='ltr'>γεγενῆσθαι</span> <span class='ocrx_word' id='word_1_97' title='bbox 1495 1367 1728 1439; x_wconf 79' lang='grc' dir='ltr'><strong>διοριζό-</strong></span> 
     </span>
    </p>
   </div>
   <div class='ocr_carea' id='block_1_14' title="bbox 124 1450 1729 1535">
    <p class='ocr_par' dir='ltr' id='par_1_14' title="bbox 124 1450 1729 1535">
     <span class='ocr_line' id='line_1_14' title="bbox 124 1450 1729 1535; baseline 0.009 -34"><span class='ocrx_word' id='word_1_98' title='bbox 124 1450 274 1518; x_wconf 77' lang='grc' dir='ltr'>μεθα</span> <span class='ocrx_word' id='word_1_99' title='bbox 295 1469 312 1482; x_wconf 90' lang='grc'><strong>·</strong></span> <span class='ocrx_word' id='word_1_100' title='bbox 349 1455 534 1523; x_wconf 78' lang='grc' dir='ltr'>φαμὲν</span> <span class='ocrx_word' id='word_1_101' title='bbox 566 1457 624 1509; x_wconf 78' lang='grc' dir='ltr'>δὲ</span> <span class='ocrx_word' id='word_1_102' title='bbox 652 1457 678 1496; x_wconf 63' lang='grc' dir='ltr'><em>κ</em></span> <span class='ocrx_word' id='word_1_103' title='bbox 715 1459 880 1530; x_wconf 74' lang='grc' dir='ltr'>σαρκὶ</span> <span class='ocrx_word' id='word_1_104' title='bbox 912 1459 1096 1532; x_wconf 76' lang='grc' dir='ltr'>ψυχὴν</span> <span class='ocrx_word' id='word_1_105' title='bbox 1129 1461 1330 1533; x_wconf 76' lang='grc' dir='ltr'><strong>ἐχούσῃ</strong></span> <span class='ocrx_word' id='word_1_106' title='bbox 1376 1464 1473 1533; x_wconf 86' lang='grc' dir='ltr'><strong>τὴν</strong></span> <span class='ocrx_word' id='word_1_107' title='bbox 1505 1465 1729 1535; x_wconf 79' lang='grc' dir='ltr'>λογικὴν</span> 
     </span>
    </p>
   </div>
   <div class='ocr_carea' id='block_1_15' title="bbox 121 1540 1728 1626">
    <p class='ocr_par' dir='ltr' id='par_1_15' title="bbox 121 1540 1728 1626">
     <span class='ocr_line' id='line_1_15' title="bbox 121 1540 1728 1626; baseline 0.009 -33"><span class='ocrx_word' id='word_1_108' title='bbox 121 1540 382 1609; x_wconf 73' lang='grc' dir='ltr'>ἡνῶσθαι</span> <span class='ocrx_word' id='word_1_109' title='bbox 412 1545 507 1597; x_wconf 88' lang='grc' dir='ltr'>τὸν</span> <span class='ocrx_word' id='word_1_110' title='bbox 533 1547 705 1616; x_wconf 85' lang='grc' dir='ltr'><strong>Λόγον</strong></span> <span class='ocrx_word' id='word_1_111' title='bbox 725 1549 870 1620; x_wconf 83' lang='grc' dir='ltr'>ὑπὲρ</span> <span class='ocrx_word' id='word_1_112' title='bbox 905 1551 1030 1604; x_wconf 79' lang='grc' dir='ltr'><strong>νοῦν</strong></span> <span class='ocrx_word' id='word_1_113' title='bbox 1052 1569 1112 1605; x_wconf 87' lang='grc' dir='ltr'>τε</span> <span class='ocrx_word' id='word_1_114' title='bbox 1136 1554 1230 1606; x_wconf 81' lang='grc' dir='ltr'><strong>καὶ</strong></span> <span class='ocrx_word' id='word_1_115' title='bbox 1258 1556 1604 1626; x_wconf 82' lang='grc' dir='ltr'>άπορῤήτως,</span> <span class='ocrx_word' id='word_1_116' title='bbox 1634 1559 1728 1608; x_wconf 70' lang='grc' dir='ltr'><strong>καὶ</strong></span> 
     </span>
    </p>
   </div>
   <div class='ocr_carea' id='block_1_16' title="bbox 120 1633 1725 1716">
    <p class='ocr_par' dir='ltr' id='par_1_16' title="bbox 120 1633 1725 1716">
     <span class='ocr_line' id='line_1_16' title="bbox 120 1633 1725 1716; baseline 0.009 -30"><span class='ocrx_word' id='word_1_117' title='bbox 120 1633 200 1696; x_wconf 83' lang='grc' dir='ltr'><strong>ὡς</strong></span> <span class='ocrx_word' id='word_1_118' title='bbox 244 1635 418 1703; x_wconf 77' lang='grc' dir='ltr'>μόνος</span> <span class='ocrx_word' id='word_1_119' title='bbox 445 1634 587 1692; x_wconf 82' lang='grc' dir='ltr'>οἶδεν</span> <span class='ocrx_word' id='word_1_120' title='bbox 617 1640 802 1705; x_wconf 86' lang='grc' dir='ltr'>αὑτός.</span> <span class='ocrx_word' id='word_1_121' title='bbox 843 1642 1050 1697; x_wconf 85' lang='grc' dir='ltr'><strong>Οὑκοῦν</strong></span> <span class='ocrx_word' id='word_1_122' title='bbox 1090 1647 1365 1716; x_wconf 86' lang='grc' dir='ltr'>μεμένηκε</span> <span class='ocrx_word' id='word_1_123' title='bbox 1391 1648 1522 1711; x_wconf 86' lang='grc' dir='ltr'>Θεὸς</span> <span class='ocrx_word' id='word_1_124' title='bbox 1547 1648 1639 1701; x_wconf 73' lang='grc' dir='ltr'><strong>καὶ</strong></span> <span class='ocrx_word' id='word_1_125' title='bbox 1669 1649 1725 1701; x_wconf 84' lang='grc' dir='ltr'><strong>ὲν</strong></span> 
     </span>
    </p>
   </div>
   <div class='ocr_carea' id='block_1_17' title="bbox 121 1726 1722 1803">
    <p class='ocr_par' dir='ltr' id='par_1_17' title="bbox 121 1726 1722 1803">
     <span class='ocr_line' id='line_1_17' title="bbox 121 1726 1722 1803; baseline 0.01 -28"><span class='ocrx_word' id='word_1_126' title='bbox 121 1726 446 1797; x_wconf 72' lang='grc' dir='ltr'><strong>προσλήψει</strong></span> <span class='ocrx_word' id='word_1_127' title='bbox 503 1731 737 1800; x_wconf 82' lang='grc' dir='ltr'>σαρκός·</span> <span class='ocrx_word' id='word_1_128' title='bbox 797 1733 889 1785; x_wconf 81' lang='grc' dir='ltr'>καὶ</span> <span class='ocrx_word' id='word_1_129' title='bbox 935 1735 1082 1788; x_wconf 80' lang='grc' dir='ltr'><strong>ἐστιν</strong></span> <span class='ocrx_word' id='word_1_130' title='bbox 1134 1730 1218 1799; x_wconf 74' lang='grc' dir='ltr'><strong>εἷς</strong></span> <span class='ocrx_word' id='word_1_131' title='bbox 1255 1737 1382 1800; x_wconf 76' lang='grc' dir='ltr'><strong>Υἱὸς</strong></span> <span class='ocrx_word' id='word_1_132' title='bbox 1430 1737 1526 1789; x_wconf 83' lang='grc' dir='ltr'><strong>τοῦ</strong></span> <span class='ocrx_word' id='word_1_133' title='bbox 1562 1737 1722 1803; x_wconf 73' lang='grc' dir='ltr'>Θεοῦ,</span> 
     </span>
    </p>
   </div>
   <div class='ocr_carea' id='block_1_18' title="bbox 119 1817 1725 1897">
    <p class='ocr_par' dir='ltr' id='par_1_18' title="bbox 119 1817 1725 1897">
     <span class='ocr_line' id='line_1_18' title="bbox 119 1817 1725 1897; baseline 0.009 -31"><span class='ocrx_word' id='word_1_134' title='bbox 119 1817 218 1868; x_wconf 76' lang='grc' dir='ltr'>καὶ</span> <span class='ocrx_word' id='word_1_135' title='bbox 256 1819 508 1888; x_wconf 85' lang='grc' dir='ltr'>Πατρὸς,</span> <span class='ocrx_word' id='word_1_136' title='bbox 546 1825 574 1875; x_wconf 94' lang='lat'><strong>6</strong></span> <span class='ocrx_word' id='word_1_137' title='bbox 603 1824 806 1894; x_wconf 79' lang='grc' dir='ltr'>Κύριος</span> <span class='ocrx_word' id='word_1_138' title='bbox 836 1825 996 1895; x_wconf 81' lang='grc' dir='ltr'>ἡμῶν</span> <span class='ocrx_word' id='word_1_139' title='bbox 1035 1825 1243 1896; x_wconf 79' lang='grc' dir='ltr'>Ἰησοῦς</span> <span class='ocrx_word' id='word_1_140' title='bbox 1270 1827 1533 1897; x_wconf 85' lang='grc' dir='ltr'>Χριστός”</span> <span class='ocrx_word' id='word_1_141' title='bbox 1573 1829 1602 1880; x_wconf 97' lang='lat'><strong>6</strong></span> <span class='ocrx_word' id='word_1_142' title='bbox 1629 1831 1725 1881; x_wconf 76' lang='lat' dir='ltr'><strong>a6-</strong></span> 
     </span>
    </p>
   </div>
   <div class='ocr_carea' id='block_1_19' title="bbox 1829 634 3402 702">
    <p class='ocr_par' dir='ltr' id='par_1_19' title="bbox 1829 634 3402 702">
     <span class='ocr_line' id='line_1_19' title="bbox 1829 634 3402 702; baseline 0.002 -15"><span class='ocrx_word' id='word_1_143' title='bbox 1829 647 1980 702; x_wconf 67' lang='lat' dir='ltr'><strong>aeque</strong></span> <span class='ocrx_word' id='word_1_144' title='bbox 2007 647 2072 688; x_wconf 86' lang='lat' dir='ltr'><strong>ae</strong></span> <span class='ocrx_word' id='word_1_145' title='bbox 2097 648 2215 698; x_wconf 90' lang='lat' dir='ltr'><strong>nos,</strong></span> <span class='ocrx_word' id='word_1_146' title='bbox 2251 634 2412 690; x_wconf 91' lang='lat' dir='ltr'><strong>homo</strong></span> <span class='ocrx_word' id='word_1_147' title='bbox 2459 634 2660 689; x_wconf 82' lang='lat' dir='ltr'><strong>factum</strong></span> <span class='ocrx_word' id='word_1_148' title='bbox 2710 642 2814 698; x_wconf 92' lang='lat' dir='ltr'><strong>est,</strong></span> <span class='ocrx_word' id='word_1_149' title='bbox 2850 649 2958 689; x_wconf 91' lang='lat' dir='ltr'><strong>non</strong></span> <span class='ocrx_word' id='word_1_150' title='bbox 2999 635 3254 691; x_wconf 86' lang='lat' dir='ltr'><strong>amittens</strong></span> <span class='ocrx_word' id='word_1_151' title='bbox 3280 649 3402 690; x_wconf 81' lang='lat' dir='ltr'><strong>esse</strong></span> 
     </span>
    </p>
   </div>
   <div class='ocr_carea' id='block_1_20' title="bbox 1829 723 3404 795">
    <p class='ocr_par' dir='ltr' id='par_1_20' title="bbox 1829 723 3404 795">
     <span class='ocr_line' id='line_1_20' title="bbox 1829 723 3404 795; baseline 0.001 -17"><span class='ocrx_word' id='word_1_152' title='bbox 1829 723 1996 780; x_wconf 92' lang='lat' dir='ltr'><strong>Deum</strong></span> <span class='ocrx_word' id='word_1_153' title='bbox 2028 725 2256 795; x_wconf 88' lang='lat' dir='ltr'><strong>(absit!)</strong></span> <span class='ocrx_word' id='word_1_154' title='bbox 2283 725 2378 781; x_wconf 88' lang='lat' dir='ltr'><strong>sed</strong></span> <span class='ocrx_word' id='word_1_155' title='bbox 2409 725 2677 780; x_wconf 81' lang='lat' dir='ltr'><strong>exsistens</strong></span> <span class='ocrx_word' id='word_1_156' title='bbox 2707 725 2849 794; x_wconf 90' lang='lat' dir='ltr'><strong>quod</strong></span> <span class='ocrx_word' id='word_1_157' title='bbox 2880 733 3018 791; x_wconf 85' lang='lat' dir='ltr'><strong>erat,</strong></span> <span class='ocrx_word' id='word_1_158' title='bbox 3046 735 3102 780; x_wconf 91' lang='lat' dir='ltr'><strong>et</strong></span> <span class='ocrx_word' id='word_1_159' title='bbox 3123 726 3177 780; x_wconf 93' lang='lat' dir='ltr'><strong>in</strong></span> <span class='ocrx_word' id='word_1_160' title='bbox 3208 726 3404 780; x_wconf 77' lang='lat' dir='ltr'><strong>divini-</strong></span> 
     </span>
    </p>
   </div>
   <div class='ocr_carea' id='block_1_21' title="bbox 1829 815 3401 887">
    <p class='ocr_par' dir='ltr' id='par_1_21' title="bbox 1829 815 3401 887">
     <span class='ocr_line' id='line_1_21' title="bbox 1829 815 3401 887; baseline 0.003 -18"><span class='ocrx_word' id='word_1_161' title='bbox 1829 815 1955 871; x_wconf 88' lang='lat' dir='ltr'><strong>tatis</strong></span> <span class='ocrx_word' id='word_1_162' title='bbox 1998 825 2190 870; x_wconf 88' lang='lat' dir='ltr'><strong>natura</strong></span> <span class='ocrx_word' id='word_1_163' title='bbox 2235 826 2290 876; x_wconf 89' lang='lat' dir='ltr'><strong>et</strong></span> <span class='ocrx_word' id='word_1_164' title='bbox 2318 817 2486 887; x_wconf 77' lang='lat' dir='ltr'><strong>gloria</strong></span> <span class='ocrx_word' id='word_1_165' title='bbox 2541 831 2884 886; x_wconf 87' lang='lat' dir='ltr'><strong>permanens.</strong></span> <span class='ocrx_word' id='word_1_166' title='bbox 2935 817 3177 872; x_wconf 77' lang='lat' dir='ltr'><strong>Dicimus</strong></span> <span class='ocrx_word' id='word_1_167' title='bbox 3213 817 3401 886; x_wconf 87' lang='lat' dir='ltr'><strong>igitur,</strong></span> 
     </span>
    </p>
   </div>
   <div class='ocr_carea' id='block_1_22' title="bbox 1829 903 3401 977">
    <p class='ocr_par' dir='ltr' id='par_1_22' title="bbox 1829 903 3401 977">
     <span class='ocr_line' id='line_1_22' title="bbox 1829 903 3401 977; baseline 0.001 -19"><span class='ocrx_word' id='word_1_168' title='bbox 1829 904 2002 973; x_wconf 87' lang='lat' dir='ltr'><strong>ipsum</strong></span> <span class='ocrx_word' id='word_1_169' title='bbox 2034 905 2163 974; x_wconf 88' lang='lat' dir='ltr'><strong>(Dei</strong></span> <span class='ocrx_word' id='word_1_170' title='bbox 2196 903 2467 977; x_wconf 84' lang='lat' dir='ltr'><strong>Verbum)</strong></span> <span class='ocrx_word' id='word_1_171' title='bbox 2511 905 2783 960; x_wconf 81' lang='lat' dir='ltr'><strong>hominem</strong></span> <span class='ocrx_word' id='word_1_172' title='bbox 2812 919 2932 961; x_wconf 85' lang='lat' dir='ltr'><strong>esse</strong></span> <span class='ocrx_word' id='word_1_173' title='bbox 2956 906 3180 970; x_wconf 82' lang='lat' dir='ltr'><strong>factum,</strong></span> <span class='ocrx_word' id='word_1_174' title='bbox 3208 919 3307 959; x_wconf 89' lang='lat' dir='ltr'><strong>nec</strong></span> <span class='ocrx_word' id='word_1_175' title='bbox 3329 908 3401 960; x_wconf 93' lang='lat' dir='ltr'><strong>ob</strong></span> 
     </span>
    </p>
   </div>
   <div class='ocr_carea' id='block_1_23' title="bbox 1829 994 3402 1066">
    <p class='ocr_par' dir='ltr' id='par_1_23' title="bbox 1829 994 3402 1066">
     <span class='ocr_line' id='line_1_23' title="bbox 1829 994 3402 1066; baseline 0.001 -17"><span class='ocrx_word' id='word_1_176' title='bbox 1829 994 1881 1050; x_wconf 89' lang='lat' dir='ltr'><strong>id</strong></span> <span class='ocrx_word' id='word_1_177' title='bbox 1914 1003 2094 1049; x_wconf 89' lang='lat' dir='ltr'><strong>tamen</strong></span> <span class='ocrx_word' id='word_1_178' title='bbox 2117 1009 2331 1050; x_wconf 87' lang='lat' dir='ltr'><strong>versum</strong></span> <span class='ocrx_word' id='word_1_179' title='bbox 2358 997 2409 1049; x_wconf 92' lang='lat' dir='ltr'><strong>in</strong></span> <span class='ocrx_word' id='word_1_180' title='bbox 2443 996 2495 1051; x_wconf 89' lang='lat' dir='ltr'><strong>id</strong></span> <span class='ocrx_word' id='word_1_181' title='bbox 2553 996 2694 1066; x_wconf 89' lang='lat' dir='ltr'><strong>quod</strong></span> <span class='ocrx_word' id='word_1_182' title='bbox 2724 1010 2830 1050; x_wconf 93' lang='lat' dir='ltr'><strong>non</strong></span> <span class='ocrx_word' id='word_1_183' title='bbox 2884 1004 3028 1062; x_wconf 88' lang='lat' dir='ltr'><strong>erat,</strong></span> <span class='ocrx_word' id='word_1_184' title='bbox 3061 1010 3169 1050; x_wconf 90' lang='lat' dir='ltr'><strong>non</strong></span> <span class='ocrx_word' id='word_1_185' title='bbox 3199 995 3402 1051; x_wconf 86' lang='lat' dir='ltr'><strong>altera-</strong></span> 
     </span>
    </p>
   </div>
   <div class='ocr_carea' id='block_1_24' title="bbox 1829 1087 3403 1157">
    <p class='ocr_par' dir='ltr' id='par_1_24' title="bbox 1829 1087 3403 1157">
     <span class='ocr_line' id='line_1_24' title="bbox 1829 1087 3403 1157; baseline 0.001 -18"><span class='ocrx_word' id='word_1_186' title='bbox 1829 1087 2146 1142; x_wconf 90' lang='lat' dir='ltr'><strong>tum:idem</strong></span> <span class='ocrx_word' id='word_1_187' title='bbox 2197 1087 2341 1142; x_wconf 89' lang='lat' dir='ltr'><strong>enim</strong></span> <span class='ocrx_word' id='word_1_188' title='bbox 2391 1102 2607 1157; x_wconf 87' lang='lat' dir='ltr'><strong>semper</strong></span> <span class='ocrx_word' id='word_1_189' title='bbox 2641 1095 2746 1151; x_wconf 91' lang='lat' dir='ltr'><strong>est,</strong></span> <span class='ocrx_word' id='word_1_190' title='bbox 2805 1100 2978 1156; x_wconf 89' lang='lat' dir='ltr'><strong>neque</strong></span> <span class='ocrx_word' id='word_1_191' title='bbox 3025 1087 3403 1143; x_wconf 80' lang='lat' dir='ltr'><strong>conversionis</strong></span> 
     </span>
    </p>
   </div>
   <div class='ocr_carea' id='block_1_25' title="bbox 1828 1177 3398 1248">
    <p class='ocr_par' dir='ltr' id='par_1_25' title="bbox 1828 1177 3398 1248">
     <span class='ocr_line' id='line_1_25' title="bbox 1828 1177 3398 1248; baseline 0.001 -16"><span class='ocrx_word' id='word_1_192' title='bbox 1828 1177 2294 1232; x_wconf 88' lang='lat' dir='ltr'><strong>obumbrationem</strong></span> <span class='ocrx_word' id='word_1_193' title='bbox 2325 1179 2432 1248; x_wconf 91' lang='lat' dir='ltr'><strong>pati</strong></span> <span class='ocrx_word' id='word_1_194' title='bbox 2460 1179 2690 1234; x_wconf 91' lang='lat' dir='ltr'><strong>sustinet</strong></span> <span class='ocrx_word' id='word_1_195' title='bbox 2725 1179 2788 1233; x_wconf 83' lang='lat'><strong>“.</strong></span> <span class='ocrx_word' id='word_1_196' title='bbox 2845 1177 2951 1233; x_wconf 85' lang='lat' dir='ltr'><strong>Sed</strong></span> <span class='ocrx_word' id='word_1_197' title='bbox 3005 1193 3182 1248; x_wconf 90' lang='lat' dir='ltr'><strong>neque</strong></span> <span class='ocrx_word' id='word_1_198' title='bbox 3233 1179 3398 1233; x_wconf 85' lang='lat' dir='ltr'><strong>ullam</strong></span> 
     </span>
    </p>
   </div>
   <div class='ocr_carea' id='block_1_26' title="bbox 1828 1266 3388 1334">
    <p class='ocr_par' dir='ltr' id='par_1_26' title="bbox 1828 1266 3388 1334">
     <span class='ocr_line' id='line_1_26' title="bbox 1828 1266 3388 1334; baseline 0.001 -13"><span class='ocrx_word' id='word_1_199' title='bbox 1828 1266 2078 1322; x_wconf 72' lang='lat' dir='ltr'><strong>essentia:</strong></span> <span class='ocrx_word' id='word_1_200' title='bbox 2111 1267 2252 1322; x_wconf 86' lang='lat' dir='ltr'><strong>illius</strong></span> <span class='ocrx_word' id='word_1_201' title='bbox 2282 1282 2403 1322; x_wconf 90' lang='lat' dir='ltr'><strong>eum</strong></span> <span class='ocrx_word' id='word_1_202' title='bbox 2442 1284 2605 1323; x_wconf 91' lang='lat' dir='ltr'><strong>carne</strong></span> <span class='ocrx_word' id='word_1_203' title='bbox 2650 1268 3108 1334; x_wconf 90' lang='lat' dir='ltr'><strong>commistionem,</strong></span> <span class='ocrx_word' id='word_1_204' title='bbox 3143 1277 3236 1323; x_wconf 87' lang='lat' dir='ltr'><strong>aut</strong></span> <span class='ocrx_word' id='word_1_205' title='bbox 3263 1285 3388 1325; x_wconf 66' lang='lat' dir='ltr'><strong>corr~</strong></span> 
     </span>
    </p>
   </div>
   <div class='ocr_carea' id='block_1_27' title="bbox 1827 1357 3399 1421">
    <p class='ocr_par' dir='ltr' id='par_1_27' title="bbox 1827 1357 3399 1421">
     <span class='ocr_line' id='line_1_27' title="bbox 1827 1357 3399 1421; baseline 0.004 -9"><span class='ocrx_word' id='word_1_206' title='bbox 1827 1357 2116 1421; x_wconf 80' lang='lat' dir='ltr'><strong>fusionem,</strong></span> <span class='ocrx_word' id='word_1_207' title='bbox 2153 1367 2247 1413; x_wconf 88' lang='lat' dir='ltr'><strong>aut</strong></span> <span class='ocrx_word' id='word_1_208' title='bbox 2272 1361 2675 1414; x_wconf 89' lang='lat' dir='ltr'><strong>concretionem</strong></span> <span class='ocrx_word' id='word_1_209' title='bbox 2704 1359 2900 1415; x_wconf 83' lang='lat' dir='ltr'><strong>factam</strong></span> <span class='ocrx_word' id='word_1_210' title='bbox 2927 1375 3047 1415; x_wconf 86' lang='lat' dir='ltr'><strong>esse</strong></span> <span class='ocrx_word' id='word_1_211' title='bbox 3064 1361 3358 1418; x_wconf 83' lang='lat' dir='ltr'><strong>statuimus</strong></span> <span class='ocrx_word' id='word_1_212' title='bbox 3380 1379 3399 1418; x_wconf 90' lang='lat'><strong><em>:</em></strong></span> 
     </span>
    </p>
   </div>
   <div class='ocr_carea' id='block_1_28' title="bbox 1828 1449 3379 1514">
    <p class='ocr_par' dir='ltr' id='par_1_28' title="bbox 1828 1449 3379 1514">
     <span class='ocr_line' id='line_1_28' title="bbox 1828 1449 3379 1514; baseline 0.001 -10"><span class='ocrx_word' id='word_1_213' title='bbox 1828 1452 2122 1506; x_wconf 87' lang='lat' dir='ltr'><strong>asserimus</strong></span> <span class='ocrx_word' id='word_1_214' title='bbox 2169 1458 2373 1514; x_wconf 90' lang='lat' dir='ltr'><strong>autem,</strong></span> <span class='ocrx_word' id='word_1_215' title='bbox 2438 1449 2669 1506; x_wconf 91' lang='lat' dir='ltr'><strong>Verbum</strong></span> <span class='ocrx_word' id='word_1_216' title='bbox 2719 1451 2870 1505; x_wconf 88' lang='lat' dir='ltr'><strong>carni</strong></span> <span class='ocrx_word' id='word_1_217' title='bbox 2918 1452 3098 1505; x_wconf 91' lang='lat' dir='ltr'><strong>anima</strong></span> <span class='ocrx_word' id='word_1_218' title='bbox 3147 1453 3379 1508; x_wconf 89' lang='lat' dir='ltr'><strong>rational</strong></span> 
     </span>
    </p>
   </div>
   <div class='ocr_carea' id='block_1_29' title="bbox 1827 1541 3382 1613">
    <p class='ocr_par' dir='ltr' id='par_1_29' title="bbox 1827 1541 3382 1613">
     <span class='ocr_line' id='line_1_29' title="bbox 1827 1541 3382 1613; baseline 0.003 -17"><span class='ocrx_word' id='word_1_219' title='bbox 1827 1542 2078 1612; x_wconf 62' lang='lat' dir='ltr'><strong>perfecta</strong></span> <span class='ocrx_word' id='word_1_220' title='bbox 2107 1555 2159 1597; x_wconf 90' lang='lat' dir='ltr'><strong>et</strong></span> <span class='ocrx_word' id='word_1_221' title='bbox 2196 1541 2523 1607; x_wconf 70' lang='lat' dir='ltr'><strong>informatre,</strong></span> <span class='ocrx_word' id='word_1_222' title='bbox 2590 1544 2748 1598; x_wconf 89' lang='lat' dir='ltr'><strong>modo</strong></span> <span class='ocrx_word' id='word_1_223' title='bbox 2796 1559 2956 1612; x_wconf 86' lang='lat' dir='ltr'><strong>quem</strong></span> <span class='ocrx_word' id='word_1_224' title='bbox 3011 1545 3182 1613; x_wconf 79' lang='lat' dir='ltr'><strong>ipsum</strong></span> <span class='ocrx_word' id='word_1_225' title='bbox 3219 1546 3382 1600; x_wconf 85' lang='lat' dir='ltr'><strong>solun</strong></span> 
     </span>
    </p>
   </div>
   <div class='ocr_carea' id='block_1_30' title="bbox 1827 1635 3382 1705">
    <p class='ocr_par' dir='ltr' id='par_1_30' title="bbox 1827 1635 3382 1705">
     <span class='ocr_line' id='line_1_30' title="bbox 1827 1635 3382 1705; baseline 0.005 -18"><span class='ocrx_word' id='word_1_226' title='bbox 1827 1635 1976 1688; x_wconf 80' lang='lat' dir='ltr'><strong>novit</strong></span> <span class='ocrx_word' id='word_1_227' title='bbox 2013 1636 2252 1703; x_wconf 66' lang='lat' dir='ltr'><strong>(nostrae</strong></span> <span class='ocrx_word' id='word_1_228' title='bbox 2283 1635 2425 1688; x_wconf 90' lang='lat' dir='ltr'><strong>enim</strong></span> <span class='ocrx_word' id='word_1_229' title='bbox 2470 1636 2666 1690; x_wconf 89' lang='lat' dir='ltr'><strong>mentis</strong></span> <span class='ocrx_word' id='word_1_230' title='bbox 2722 1645 2938 1705; x_wconf 87' lang='lat' dir='ltr'><strong>captum</strong></span> <span class='ocrx_word' id='word_1_231' title='bbox 2974 1637 3091 1692; x_wconf 67' lang='lat' dir='ltr'><strong>haec</strong></span> <span class='ocrx_word' id='word_1_232' title='bbox 3121 1653 3208 1693; x_wconf 80' lang='lat' dir='ltr'><strong>res</strong></span> <span class='ocrx_word' id='word_1_233' title='bbox 3235 1653 3382 1694; x_wconf 70' lang='grc' dir='ltr'>σχεθε</span> 
     </span>
    </p>
   </div>
   <div class='ocr_carea' id='block_1_31' title="bbox 1827 1726 3401 1800">
    <p class='ocr_par' dir='ltr' id='par_1_31' title="bbox 1827 1726 3401 1800">
     <span class='ocr_line' id='line_1_31' title="bbox 1827 1726 3401 1800; baseline 0.005 -22"><span class='ocrx_word' id='word_1_234' title='bbox 1827 1726 1969 1794; x_wconf 90' lang='lat' dir='ltr'><strong>dit),</strong></span> <span class='ocrx_word' id='word_1_235' title='bbox 2010 1728 2221 1781; x_wconf 89' lang='lat' dir='ltr'><strong>unitum</strong></span> <span class='ocrx_word' id='word_1_236' title='bbox 2253 1743 2393 1781; x_wconf 87' lang='lat' dir='ltr'><strong>esse.</strong></span> <span class='ocrx_word' id='word_1_237' title='bbox 2427 1726 2622 1782; x_wconf 80' lang='lat' dir='ltr'><strong>Mansit</strong></span> <span class='ocrx_word' id='word_1_238' title='bbox 2671 1728 2853 1798; x_wconf 85' lang='lat' dir='ltr'><strong>itaque</strong></span> <span class='ocrx_word' id='word_1_239' title='bbox 2891 1729 3035 1785; x_wconf 84' lang='lat' dir='ltr'><strong>Deus</strong></span> <span class='ocrx_word' id='word_1_240' title='bbox 3067 1732 3228 1785; x_wconf 90' lang='lat' dir='ltr'><strong>etiam</strong></span> <span class='ocrx_word' id='word_1_241' title='bbox 3277 1739 3401 1800; x_wconf 72' lang='lat' dir='ltr'><strong>post”</strong></span> 
     </span>
    </p>
   </div>
   <div class='ocr_carea' id='block_1_32' title="bbox 1827 1816 3399 1885">
    <p class='ocr_par' dir='ltr' id='par_1_32' title="bbox 1827 1816 3399 1885">
     <span class='ocr_line' id='line_1_32' title="bbox 1827 1816 3399 1885; baseline 0.006 -18"><span class='ocrx_word' id='word_1_242' title='bbox 1827 1817 2251 1884; x_wconf 87' lang='lat' dir='ltr'><strong>assumptionem</strong></span> <span class='ocrx_word' id='word_1_243' title='bbox 2314 1817 2746 1885; x_wconf 90' lang='lat' dir='ltr'><strong>carnis;estque</strong></span> <span class='ocrx_word' id='word_1_244' title='bbox 2777 1833 2918 1873; x_wconf 90' lang='lat' dir='ltr'><strong>unus</strong></span> <span class='ocrx_word' id='word_1_245' title='bbox 2970 1816 3063 1872; x_wconf 85' lang='lat' dir='ltr'><strong>Dei</strong></span> <span class='ocrx_word' id='word_1_246' title='bbox 3116 1829 3170 1874; x_wconf 90' lang='lat' dir='ltr'><strong>et</strong></span> <span class='ocrx_word' id='word_1_247' title='bbox 3217 1817 3399 1876; x_wconf 84' lang='lat' dir='ltr'><strong>Patris</strong></span> 
     </span>
    </p>
   </div>
   <div class='ocr_carea' id='block_1_33' title="bbox 121 1905 1719 1988">
    <p class='ocr_par' dir='ltr' id='par_1_33' title="bbox 121 1910 1719 1988">
     <span class='ocr_line' id='line_1_33' title="bbox 121 1910 1719 1988; baseline 0.002 -18"><span class='ocrx_word' id='word_1_248' title='bbox 121 1910 214 1970; x_wconf 71' lang='grc' dir='ltr'><strong>τὸς</strong></span> <span class='ocrx_word' id='word_1_249' title='bbox 248 1912 357 1962; x_wconf 67' lang='grc' dir='ltr'><strong>καὶ</strong></span> <span class='ocrx_word' id='word_1_250' title='bbox 385 1913 498 1982; x_wconf 81' lang='grc' dir='ltr'><strong>πρὸ</strong></span> <span class='ocrx_word' id='word_1_251' title='bbox 528 1917 729 1979; x_wconf 83' lang='grc' dir='ltr'>παντὸς</span> <span class='ocrx_word' id='word_1_252' title='bbox 755 1917 970 1979; x_wconf 87' lang='grc' dir='ltr'>αίῶνος,</span> <span class='ocrx_word' id='word_1_253' title='bbox 1006 1919 1100 1970; x_wconf 82' lang='grc' dir='ltr'>καὶ</span> <span class='ocrx_word' id='word_1_254' title='bbox 1130 1918 1343 1988; x_wconf 88' lang='grc' dir='ltr'>χρόνου,</span> <span class='ocrx_word' id='word_1_255' title='bbox 1367 1918 1501 1972; x_wconf 83' lang='grc' dir='ltr'>καθὸ</span> <span class='ocrx_word' id='word_1_256' title='bbox 1528 1921 1719 1973; x_wconf 83' lang='grc' dir='ltr'><strong>νοεῖται</strong></span> 
     </span>
    </p>
   </div>
   <div class='ocr_carea' id='block_1_34' title="bbox 1821 1905 3399 1988">
    <p class='ocr_par' dir='ltr' id='par_1_34' title="bbox 1830 1905 3399 1973">
     <span class='ocr_line' id='line_1_34' title="bbox 1830 1905 3399 1973; baseline 0.003 -12"><span class='ocrx_word' id='word_1_257' title='bbox 1830 1906 1996 1963; x_wconf 90' lang='lat' dir='ltr'><strong>Filius</strong></span> <span class='ocrx_word' id='word_1_258' title='bbox 2024 1907 2282 1963; x_wconf 89' lang='lat' dir='ltr'><strong>Dominus</strong></span> <span class='ocrx_word' id='word_1_259' title='bbox 2310 1916 2496 1962; x_wconf 88' lang='lat' dir='ltr'><strong>noster</strong></span> <span class='ocrx_word' id='word_1_260' title='bbox 2515 1905 2674 1962; x_wconf 84' lang='lat' dir='ltr'><strong>Jesus</strong></span> <span class='ocrx_word' id='word_1_261' title='bbox 2713 1907 2980 1973; x_wconf 88' lang='lat' dir='ltr'><strong>Christus,</strong></span> <span class='ocrx_word' id='word_1_262' title='bbox 3018 1909 3160 1965; x_wconf 92' lang='lat' dir='ltr'><strong>idem</strong></span> <span class='ocrx_word' id='word_1_263' title='bbox 3188 1921 3244 1964; x_wconf 92' lang='lat' dir='ltr'><strong>et</strong></span> <span class='ocrx_word' id='word_1_264' title='bbox 3273 1921 3399 1965; x_wconf 90' lang='lat' dir='ltr'><strong>ante</strong></span> 
     </span>
    </p>
   </div>
   <div class='ocr_carea' id='block_1_35' title="bbox 122 2000 1730 2078">
    <p class='ocr_par' dir='ltr' id='par_1_35' title="bbox 122 2000 1730 2078">
     <span class='ocr_line' id='line_1_35' title="bbox 122 2000 1730 2078; baseline 0.01 -28"><span class='ocrx_word' id='word_1_265' title='bbox 122 2000 328 2065; x_wconf 76' lang='grc' dir='ltr'>Λόγος,</span> <span class='ocrx_word' id='word_1_266' title='bbox 371 2004 470 2056; x_wconf 75' lang='grc' dir='ltr'>καὶ</span> <span class='ocrx_word' id='word_1_267' title='bbox 502 2007 790 2078; x_wconf 80' lang='grc' dir='ltr'>χαρακτὴρ</span> <span class='ocrx_word' id='word_1_268' title='bbox 819 2007 919 2076; x_wconf 81' lang='grc' dir='ltr'><strong>τῆς</strong></span> <span class='ocrx_word' id='word_1_269' title='bbox 951 2008 1303 2072; x_wconf 82' lang='grc' dir='ltr'>ὑποστάσεως</span> <span class='ocrx_word' id='word_1_270' title='bbox 1335 2009 1520 2075; x_wconf 78' lang='grc' dir='ltr'>αὑτοῦ,</span> <span class='ocrx_word' id='word_1_271' title='bbox 1554 2012 1647 2065; x_wconf 82' lang='grc' dir='ltr'><strong>καὶ</strong></span> <span class='ocrx_word' id='word_1_272' title='bbox 1673 2014 1730 2066; x_wconf 84' lang='grc' dir='ltr'><strong>ὲν</strong></span> 
     </span>
    </p>
   </div>
   <div class='ocr_carea' id='block_1_36' title="bbox 121 2093 1730 2175">
    <p class='ocr_par' dir='ltr' id='par_1_36' title="bbox 121 2093 1730 2175">
     <span class='ocr_line' id='line_1_36' title="bbox 121 2093 1730 2175; baseline 0.011 -32"><span class='ocrx_word' id='word_1_273' title='bbox 121 2093 392 2161; x_wconf 73' lang='grc' dir='ltr'><strong>ἐσχάτοις</strong></span> <span class='ocrx_word' id='word_1_274' title='bbox 440 2100 653 2165; x_wconf 83' lang='grc' dir='ltr'>καιροῖς</span> <span class='ocrx_word' id='word_1_275' title='bbox 705 2101 1062 2170; x_wconf 76' lang='grc' dir='ltr'><strong>οἰκονομικῶς</strong></span> <span class='ocrx_word' id='word_1_276' title='bbox 1121 2103 1406 2174; x_wconf 75' lang='grc' dir='ltr'>ἄνθρωπος</span> <span class='ocrx_word' id='word_1_277' title='bbox 1458 2103 1525 2156; x_wconf 85' lang='grc' dir='ltr'><strong>δι’</strong></span> <span class='ocrx_word' id='word_1_278' title='bbox 1583 2105 1730 2175; x_wconf 77' lang='grc' dir='ltr'>ἡμᾶς</span> 
     </span>
    </p>
   </div>
   <div class='ocr_carea' id='block_1_37' title="bbox 121 2185 1729 2266">
    <p class='ocr_par' dir='ltr' id='par_1_37' title="bbox 121 2185 1729 2266">
     <span class='ocr_line' id='line_1_37' title="bbox 121 2185 1729 2266; baseline 0.009 -32"><span class='ocrx_word' id='word_1_279' title='bbox 121 2185 400 2252; x_wconf 80' lang='grc' dir='ltr'>γεγονώς.</span> <span class='ocrx_word' id='word_1_280' title='bbox 450 2188 668 2259; x_wconf 79' lang='grc' dir='ltr'>Ἐπειδὴ</span> <span class='ocrx_word' id='word_1_281' title='bbox 686 2191 744 2243; x_wconf 81' lang='grc' dir='ltr'><strong>δὲ</strong></span> <span class='ocrx_word' id='word_1_282' title='bbox 771 2191 1056 2262; x_wconf 82' lang='grc' dir='ltr'>ἀναιροῦσί</span> <span class='ocrx_word' id='word_1_283' title='bbox 1077 2211 1222 2256; x_wconf 87' lang='grc' dir='ltr'>τινες</span> <span class='ocrx_word' id='word_1_284' title='bbox 1256 2193 1352 2264; x_wconf 77' lang='grc' dir='ltr'><strong>τὴν</strong></span> <span class='ocrx_word' id='word_1_285' title='bbox 1384 2194 1525 2248; x_wconf 87' lang='grc' dir='ltr'><strong>κατά</strong></span> <span class='ocrx_word' id='word_1_286' title='bbox 1550 2195 1729 2266; x_wconf 87' lang='grc' dir='ltr'>σάρκα</span> 
     </span>
    </p>
   </div>
   <div class='ocr_carea' id='block_1_38' title="bbox 123 2275 1730 2354">
    <p class='ocr_par' dir='ltr' id='par_1_38' title="bbox 123 2275 1730 2354">
     <span class='ocr_line' id='line_1_38' title="bbox 123 2275 1730 2354; baseline 0.007 -28"><span class='ocrx_word' id='word_1_287' title='bbox 123 2275 393 2347; x_wconf 73' lang='grc' dir='ltr'>γέννησιν</span> <span class='ocrx_word' id='word_1_288' title='bbox 433 2278 618 2343; x_wconf 81' lang='grc' dir='ltr'>αὑτοῦ,</span> <span class='ocrx_word' id='word_1_289' title='bbox 655 2280 755 2350; x_wconf 81' lang='grc' dir='ltr'><strong>τὴν</strong></span> <span class='ocrx_word' id='word_1_290' title='bbox 792 2283 861 2335; x_wconf 81' lang='grc' dir='ltr'><strong>ὲκ</strong></span> <span class='ocrx_word' id='word_1_291' title='bbox 898 2284 997 2353; x_wconf 81' lang='grc' dir='ltr'><strong>τῆς</strong></span> <span class='ocrx_word' id='word_1_292' title='bbox 1039 2283 1201 2352; x_wconf 81' lang='grc' dir='ltr'>ἁγίας</span> <span class='ocrx_word' id='word_1_293' title='bbox 1246 2284 1524 2354; x_wconf 83' lang='grc' dir='ltr'>Παρθένου</span> <span class='ocrx_word' id='word_1_294' title='bbox 1570 2301 1730 2353; x_wconf 68' lang='grc' dir='ltr'>γεγει-</span> 
     </span>
    </p>
   </div>
   <div class='ocr_carea' id='block_1_39' title="bbox 123 2366 1725 2445">
    <p class='ocr_par' dir='ltr' id='par_1_39' title="bbox 123 2366 1725 2445">
     <span class='ocr_line' id='line_1_39' title="bbox 123 2366 1725 2445; baseline 0.007 -29"><span class='ocrx_word' id='word_1_295' title='bbox 123 2366 379 2435; x_wconf 71' lang='grc' dir='ltr'>νημένην</span> <span class='ocrx_word' id='word_1_296' title='bbox 414 2369 509 2420; x_wconf 76' lang='grc' dir='ltr'><strong>ἐπὶ</strong></span> <span class='ocrx_word' id='word_1_297' title='bbox 543 2372 790 2443; x_wconf 78' lang='grc' dir='ltr'><strong>σωτηρίᾳ</strong></span> <span class='ocrx_word' id='word_1_298' title='bbox 821 2372 932 2425; x_wconf 82' lang='grc' dir='ltr'><strong>τῶν</strong></span> <span class='ocrx_word' id='word_1_299' title='bbox 973 2375 1132 2435; x_wconf 79' lang='grc' dir='ltr'>ὅλων,</span> <span class='ocrx_word' id='word_1_300' title='bbox 1164 2376 1262 2427; x_wconf 90' lang='grc' dir='ltr'>οὑκ</span> <span class='ocrx_word' id='word_1_301' title='bbox 1301 2376 1380 2438; x_wconf 78' lang='grc' dir='ltr'>εἰς</span> <span class='ocrx_word' id='word_1_302' title='bbox 1425 2375 1600 2445; x_wconf 83' lang='grc' dir='ltr'>ἀρχὴν</span> <span class='ocrx_word' id='word_1_303' title='bbox 1629 2375 1725 2430; x_wconf 81' lang='grc' dir='ltr'><strong>τοῦ</strong></span> 
     </span>
    </p>
   </div>
   <div class='ocr_carea' id='block_1_40' title="bbox 123 2450 1726 2534">
    <p class='ocr_par' dir='ltr' id='par_1_40' title="bbox 123 2450 1726 2534">
     <span class='ocr_line' id='line_1_40' title="bbox 123 2450 1726 2534; baseline 0.007 -29"><span class='ocrx_word' id='word_1_304' title='bbox 123 2450 269 2508; x_wconf 80' lang='grc' dir='ltr'>εἶναι</span> <span class='ocrx_word' id='word_1_305' title='bbox 307 2456 587 2510; x_wconf 74' lang='grc' dir='ltr'>καλοῦσαν</span> <span class='ocrx_word' id='word_1_306' title='bbox 617 2461 805 2526; x_wconf 85' lang='grc' dir='ltr'>αὑτὸν,</span> <span class='ocrx_word' id='word_1_307' title='bbox 837 2462 952 2517; x_wconf 80' lang='grc' dir='ltr'>ἀλλ’</span> <span class='ocrx_word' id='word_1_308' title='bbox 982 2463 1068 2516; x_wconf 87' lang='grc' dir='ltr'><strong>ἴνα</strong></span> <span class='ocrx_word' id='word_1_309' title='bbox 1112 2464 1258 2532; x_wconf 80' lang='grc' dir='ltr'>ἡμᾶς</span> <span class='ocrx_word' id='word_1_310' title='bbox 1303 2463 1587 2534; x_wconf 79' lang='grc' dir='ltr'>ἀπαλλάξῃ</span> <span class='ocrx_word' id='word_1_311' title='bbox 1633 2464 1726 2517; x_wconf 92' lang='grc' dir='ltr'>θα-</span> 
     </span>
    </p>
   </div>
   <div class='ocr_carea' id='block_1_41' title="bbox 124 2547 1726 2626">
    <p class='ocr_par' dir='ltr' id='par_1_41' title="bbox 124 2547 1726 2626">
     <span class='ocr_line' id='line_1_41' title="bbox 124 2547 1726 2626; baseline 0.007 -28"><span class='ocrx_word' id='word_1_312' title='bbox 124 2547 316 2614; x_wconf 85' lang='grc' dir='ltr'>νάτου,</span> <span class='ocrx_word' id='word_1_313' title='bbox 378 2548 479 2601; x_wconf 80' lang='grc' dir='ltr'><strong>καὶ</strong></span> <span class='ocrx_word' id='word_1_314' title='bbox 537 2549 766 2622; x_wconf 78' lang='grc' dir='ltr'>φθορᾶς,</span> <span class='ocrx_word' id='word_1_315' title='bbox 824 2551 1066 2621; x_wconf 81' lang='grc' dir='ltr'>γεγονὼς</span> <span class='ocrx_word' id='word_1_316' title='bbox 1118 2552 1240 2607; x_wconf 80' lang='grc' dir='ltr'>καθ’</span> <span class='ocrx_word' id='word_1_317' title='bbox 1297 2555 1444 2624; x_wconf 77' lang='grc' dir='ltr'><strong>ἡμᾶς</strong></span> <span class='ocrx_word' id='word_1_318' title='bbox 1479 2554 1726 2626; x_wconf 83' lang='grc' dir='ltr'><strong>,ταύτης</strong></span> 
     </span>
    </p>
   </div>
   <div class='ocr_carea' id='block_1_42' title="bbox 124 2639 1726 2717">
    <p class='ocr_par' dir='ltr' id='par_1_42' title="bbox 124 2639 1726 2717">
     <span class='ocr_line' id='line_1_42' title="bbox 124 2639 1726 2717; baseline 0.006 -25"><span class='ocrx_word' id='word_1_319' title='bbox 124 2639 294 2694; x_wconf 72' lang='grc' dir='ltr'>ἕνεκα</span> <span class='ocrx_word' id='word_1_320' title='bbox 332 2642 434 2713; x_wconf 86' lang='grc' dir='ltr'><strong>τῆς</strong></span> <span class='ocrx_word' id='word_1_321' title='bbox 460 2643 640 2707; x_wconf 76' lang='grc' dir='ltr'>αἰτίας</span> <span class='ocrx_word' id='word_1_322' title='bbox 671 2647 700 2696; x_wconf 86' lang='grc' dir='ltr'>ὁ</span> <span class='ocrx_word' id='word_1_323' title='bbox 731 2644 948 2715; x_wconf 88' lang='grc' dir='ltr'>πρῶτος</span> <span class='ocrx_word' id='word_1_324' title='bbox 975 2645 1107 2716; x_wconf 81' lang='grc' dir='ltr'>ἡμῖν</span> <span class='ocrx_word' id='word_1_325' title='bbox 1155 2645 1595 2717; x_wconf 84' lang='grc' dir='ltr'>άναθεματισμὸς</span> <span class='ocrx_word' id='word_1_326' title='bbox 1622 2665 1726 2703; x_wconf 87' lang='grc' dir='ltr'><strong>κα-</strong></span> 
     </span>
    </p>
   </div>
   <div class='ocr_carea' id='block_1_43' title="bbox 125 2733 1725 2814">
    <p class='ocr_par' dir='ltr' id='par_1_43' title="bbox 125 2733 1725 2814">
     <span class='ocr_line' id='line_1_43' title="bbox 125 2733 1725 2814; baseline 0.007 -31"><span class='ocrx_word' id='word_1_327' title='bbox 125 2733 450 2805; x_wconf 84' lang='grc' dir='ltr'>τακέκραγε</span> <span class='ocrx_word' id='word_1_328' title='bbox 496 2735 596 2805; x_wconf 83' lang='grc' dir='ltr'><strong>μὲν</strong></span> <span class='ocrx_word' id='word_1_329' title='bbox 629 2737 728 2806; x_wconf 81' lang='grc' dir='ltr'><strong>τῆς</strong></span> <span class='ocrx_word' id='word_1_330' title='bbox 764 2735 989 2790; x_wconf 79' lang='grc' dir='ltr'>ἐκείνων</span> <span class='ocrx_word' id='word_1_331' title='bbox 1023 2740 1410 2806; x_wconf 88' lang='grc' dir='ltr'>κακοπιστίας,</span> <span class='ocrx_word' id='word_1_332' title='bbox 1446 2741 1505 2793; x_wconf 93' lang='grc' dir='ltr'>τὸ</span> <span class='ocrx_word' id='word_1_333' title='bbox 1547 2740 1604 2794; x_wconf 84' lang='grc' dir='ltr'><strong>δὲ</strong></span> <span class='ocrx_word' id='word_1_334' title='bbox 1633 2741 1725 2814; x_wconf 85' lang='grc' dir='ltr'><strong>ὀρ-</strong></span> 
     </span>
    </p>
   </div>
   <div class='ocr_carea' id='block_1_44' title="bbox 131 2821 1724 2902">
    <p class='ocr_par' dir='ltr' id='par_1_44' title="bbox 131 2821 1724 2902">
     <span class='ocr_line' id='line_1_44' title="bbox 131 2821 1724 2902; baseline 0.006 -27"><span class='ocrx_word' id='word_1_335' title='bbox 131 2823 234 2887; x_wconf 81' lang='grc' dir='ltr'>θῶς</span> <span class='ocrx_word' id='word_1_336' title='bbox 270 2824 400 2894; x_wconf 76' lang='grc' dir='ltr'><strong>ἔχον</strong></span> <span class='ocrx_word' id='word_1_337' title='bbox 437 2825 712 2895; x_wconf 79' lang='grc' dir='ltr'>ὁμολογεῖ,</span> <span class='ocrx_word' id='word_1_338' title='bbox 743 2826 875 2880; x_wconf 80' lang='grc' dir='ltr'>θεὸν</span> <span class='ocrx_word' id='word_1_339' title='bbox 905 2821 1044 2882; x_wconf 77' lang='grc' dir='ltr'>εἶναι</span> <span class='ocrx_word' id='word_1_340' title='bbox 1077 2829 1252 2897; x_wconf 88' lang='grc' dir='ltr'>λέγων</span> <span class='ocrx_word' id='word_1_341' title='bbox 1276 2830 1416 2884; x_wconf 89' lang='grc' dir='ltr'><strong>κατά</strong></span> <span class='ocrx_word' id='word_1_342' title='bbox 1462 2830 1724 2902; x_wconf 85' lang='grc' dir='ltr'>ἀλήθειαν</span> 
     </span>
    </p>
   </div>
   <div class='ocr_carea' id='block_1_45' title="bbox 128 2914 1723 2993">
    <p class='ocr_par' dir='ltr' id='par_1_45' title="bbox 128 2914 1723 2993">
     <span class='ocr_line' id='line_1_45' title="bbox 128 2914 1723 2993; baseline 0.008 -28"><span class='ocrx_word' id='word_1_343' title='bbox 128 2914 215 2966; x_wconf 78' lang='grc' dir='ltr'><strong>τὸν</strong></span> <span class='ocrx_word' id='word_1_344' title='bbox 251 2916 647 2987; x_wconf 78' lang='grc' dir='ltr'>Ἐμμανουήλ·</span> <span class='ocrx_word' id='word_1_345' title='bbox 681 2920 777 2972; x_wconf 74' lang='grc' dir='ltr'><strong>καὶ</strong></span> <span class='ocrx_word' id='word_1_346' title='bbox 810 2918 898 2973; x_wconf 86' lang='grc' dir='ltr'><strong>διὰ</strong></span> <span class='ocrx_word' id='word_1_347' title='bbox 928 2920 1088 2974; x_wconf 83' lang='grc' dir='ltr'><strong>τοῦτο</strong></span> <span class='ocrx_word' id='word_1_348' title='bbox 1116 2920 1378 2975; x_wconf 86' lang='grc' dir='ltr'>Θεοτόκον</span> <span class='ocrx_word' id='word_1_349' title='bbox 1410 2923 1511 2992; x_wconf 78' lang='grc' dir='ltr'><strong>τὴν</strong></span> <span class='ocrx_word' id='word_1_350' title='bbox 1561 2923 1723 2993; x_wconf 83' lang='grc' dir='ltr'>ἁγίαν</span> 
     </span>
    </p>
   </div>
   <div class='ocr_carea' id='block_1_46' title="bbox 137 3005 436 3076">
    <p class='ocr_par' dir='ltr' id='par_1_46' title="bbox 137 3005 436 3076">
     <span class='ocr_line' id='line_1_46' title="bbox 137 3005 436 3076; baseline 0.017 -19"><span class='ocrx_word' id='word_1_351' title='bbox 137 3005 436 3076; x_wconf 85' lang='grc' dir='ltr'>Παρθένον.</span> 
     </span>
    </p>
   </div>
   <div class='ocr_carea' id='block_1_47' title="bbox 577 3225 1278 3284">
    <p class='ocr_par' dir='ltr' id='par_1_47' title="bbox 577 3225 1278 3284">
     <span class='ocr_line' id='line_1_47' title="bbox 577 3225 1278 3284; baseline 0.009 -6"><span class='ocrx_word' id='word_1_352' title='bbox 577 3225 1164 3283; x_wconf 80' lang='grc' dir='ltr'><strong>ΑΝΛΘΕΜΑΤΙΣΜΟΣ</strong></span> <span class='ocrx_word' id='word_1_353' title='bbox 1205 3231 1278 3284; x_wconf 88' lang='lat' dir='ltr'><strong>B’.</strong></span> 
     </span>
    </p>
   </div>
   <div class='ocr_carea' id='block_1_48' title="bbox 206 3357 1718 3432">
    <p class='ocr_par' dir='ltr' id='par_1_48' title="bbox 206 3357 1718 3432">
     <span class='ocr_line' id='line_1_48' title="bbox 206 3357 1718 3432; baseline 0.005 -22"><span class='ocrx_word' id='word_1_354' title='bbox 206 3357 274 3411; x_wconf 81' lang='grc' dir='ltr'>Εἴ</span> <span class='ocrx_word' id='word_1_355' title='bbox 291 3375 374 3421; x_wconf 90' lang='grc' dir='ltr'><strong>τις</strong></span> <span class='ocrx_word' id='word_1_356' title='bbox 403 3357 504 3427; x_wconf 86' lang='grc' dir='ltr'>οὑχ</span> <span class='ocrx_word' id='word_1_357' title='bbox 530 3357 787 3426; x_wconf 81' lang='grc' dir='ltr'>ὁμολογεῖ</span> <span class='ocrx_word' id='word_1_358' title='bbox 812 3360 977 3428; x_wconf 82' lang='grc' dir='ltr'>σαρκὶ</span> <span class='ocrx_word' id='word_1_359' title='bbox 1007 3360 1128 3413; x_wconf 88' lang='grc' dir='ltr'>καθ’</span> <span class='ocrx_word' id='word_1_360' title='bbox 1150 3361 1448 3415; x_wconf 78' lang='grc' dir='ltr'>ὑπόστασιν</span> <span class='ocrx_word' id='word_1_361' title='bbox 1479 3363 1718 3432; x_wconf 78' lang='grc' dir='ltr'>ἡνῶσθαι</span> 
     </span>
    </p>
   </div>
   <div class='ocr_carea' id='block_1_49' title="bbox 145 3448 1719 3525">
    <p class='ocr_par' dir='ltr' id='par_1_49' title="bbox 145 3448 1719 3525">
     <span class='ocr_line' id='line_1_49' title="bbox 145 3448 1719 3525; baseline 0.004 -24"><span class='ocrx_word' id='word_1_362' title='bbox 145 3451 226 3502; x_wconf 65' lang='grc' dir='ltr'>τὸν</span> <span class='ocrx_word' id='word_1_363' title='bbox 270 3451 336 3502; x_wconf 85' lang='grc' dir='ltr'><strong>ὲκ</strong></span> <span class='ocrx_word' id='word_1_364' title='bbox 383 3448 522 3502; x_wconf 85' lang='grc' dir='ltr'><strong>Θεοῦ</strong></span> <span class='ocrx_word' id='word_1_365' title='bbox 575 3448 791 3520; x_wconf 86' lang='grc' dir='ltr'>Πατρὸς</span> <span class='ocrx_word' id='word_1_366' title='bbox 820 3449 1012 3520; x_wconf 87' lang='grc' dir='ltr'>Λόγον,</span> <span class='ocrx_word' id='word_1_367' title='bbox 1047 3450 1144 3505; x_wconf 72' lang='grc' dir='ltr'><strong>ἕνα</strong></span> <span class='ocrx_word' id='word_1_368' title='bbox 1188 3469 1248 3505; x_wconf 86' lang='grc' dir='ltr'><strong>τε</strong></span> <span class='ocrx_word' id='word_1_369' title='bbox 1299 3449 1438 3506; x_wconf 79' lang='grc' dir='ltr'>εἶναι</span> <span class='ocrx_word' id='word_1_370' title='bbox 1488 3454 1719 3525; x_wconf 85' lang='grc' dir='ltr'>Χριστὸν</span> 
     </span>
    </p>
   </div>
   <div class='ocr_carea' id='block_1_50' title="bbox 151 3539 1718 3614">
    <p class='ocr_par' dir='ltr' id='par_1_50' title="bbox 151 3539 1718 3614">
     <span class='ocr_line' id='line_1_50' title="bbox 151 3539 1718 3614; baseline 0.005 -22"><span class='ocrx_word' id='word_1_371' title='bbox 151 3541 279 3608; x_wconf 83' lang='grc' dir='ltr'><strong>μετά</strong></span> <span class='ocrx_word' id='word_1_372' title='bbox 323 3539 428 3610; x_wconf 81' lang='grc' dir='ltr'><strong>τῆς</strong></span> <span class='ocrx_word' id='word_1_373' title='bbox 469 3539 603 3604; x_wconf 81' lang='grc' dir='ltr'>ιδίας</span> <span class='ocrx_word' id='word_1_374' title='bbox 639 3540 861 3611; x_wconf 83' lang='grc' dir='ltr'>σαρκὸς,</span> <span class='ocrx_word' id='word_1_375' title='bbox 892 3541 983 3596; x_wconf 91' lang='grc' dir='ltr'>τὸν</span> <span class='ocrx_word' id='word_1_376' title='bbox 1025 3542 1188 3597; x_wconf 88' lang='grc' dir='ltr'>αὑτὸν</span> <span class='ocrx_word' id='word_1_377' title='bbox 1225 3543 1468 3614; x_wconf 88' lang='grc' dir='ltr'><strong>δηλονότι</strong></span> <span class='ocrx_word' id='word_1_378' title='bbox 1498 3545 1632 3601; x_wconf 84' lang='grc' dir='ltr'>Θεόν</span> <span class='ocrx_word' id='word_1_379' title='bbox 1657 3564 1718 3600; x_wconf 90' lang='grc' dir='ltr'>τε</span> 
     </span>
    </p>
   </div>
   <div class='ocr_carea' id='block_1_51' title="bbox 148 3632 1258 3705">
    <p class='ocr_par' dir='ltr' id='par_1_51' title="bbox 148 3632 1258 3705">
     <span class='ocr_line' id='line_1_51' title="bbox 148 3632 1258 3705; baseline 0.005 -20"><span class='ocrx_word' id='word_1_380' title='bbox 148 3632 292 3696; x_wconf 58' lang='lat' dir='ltr'><strong>cluat&quot;),</strong></span> <span class='ocrx_word' id='word_1_381' title='bbox 339 3632 438 3687; x_wconf 76' lang='grc' dir='ltr'><strong>καὶ</strong></span> <span class='ocrx_word' id='word_1_382' title='bbox 473 3632 782 3704; x_wconf 75' lang='grc' dir='ltr'>ἄνθρωπον·</span> <span class='ocrx_word' id='word_1_383' title='bbox 821 3633 1068 3705; x_wconf 81' lang='grc' dir='ltr'>ἀνάθεμα</span> <span class='ocrx_word' id='word_1_384' title='bbox 1097 3634 1258 3692; x_wconf 76' lang='grc' dir='ltr'>ἔστω.</span> 
     </span>
    </p>
   </div>
   <div class='ocr_carea' id='block_1_52' title="bbox 720 3745 1157 3812">
    <p class='ocr_par' dir='ltr' id='par_1_52' title="bbox 720 3745 1157 3812">
     <span class='ocr_line' id='line_1_52' title="bbox 720 3745 1157 3812; baseline 0.002 -14"><span class='ocrx_word' id='word_1_385' title='bbox 720 3745 1030 3812; x_wconf 79' lang='grc' dir='ltr'>Ἐπίλυσις</span> <span class='ocrx_word' id='word_1_386' title='bbox 1073 3746 1157 3810; x_wconf 79' lang='grc' dir='ltr'><strong>β’.</strong></span> 
     </span>
    </p>
   </div>
   <div class='ocr_carea' id='block_1_53' title="bbox 216 3856 1717 3930">
    <p class='ocr_par' dir='ltr' id='par_1_53' title="bbox 216 3856 1717 3930">
     <span class='ocr_line' id='line_1_53' title="bbox 216 3856 1717 3930; baseline -0.003 -14"><span class='ocrx_word' id='word_1_387' title='bbox 216 3862 274 3915; x_wconf 86' lang='lat'><strong>&#39;0</strong></span> <span class='ocrx_word' id='word_1_388' title='bbox 327 3860 620 3922; x_wconf 75' lang='grc' dir='ltr'>θεσπέσιος</span> <span class='ocrx_word' id='word_1_389' title='bbox 667 3857 870 3930; x_wconf 85' lang='grc' dir='ltr'>γράφει</span> <span class='ocrx_word' id='word_1_390' title='bbox 907 3856 1141 3921; x_wconf 79' lang='grc' dir='ltr'>Παῦλος,</span> <span class='ocrx_word' id='word_1_391' title='bbox 1186 3858 1216 3911; x_wconf 92' lang='lat'><strong>6</strong></span> <span class='ocrx_word' id='word_1_392' title='bbox 1257 3857 1366 3911; x_wconf 85' lang='grc' dir='ltr'>τῶν</span> <span class='ocrx_word' id='word_1_393' title='bbox 1416 3857 1575 3912; x_wconf 88' lang='grc' dir='ltr'>θείων</span> <span class='ocrx_word' id='word_1_394' title='bbox 1615 3875 1717 3930; x_wconf 85' lang='grc' dir='ltr'>μυ-</span> 
     </span>
    </p>
   </div>
   <div class='ocr_carea' id='block_1_54' title="bbox 145 3949 1714 4024">
    <p class='ocr_par' dir='ltr' id='par_1_54' title="bbox 145 3949 1714 4024">
     <span class='ocr_line' id='line_1_54' title="bbox 145 3949 1714 4024; baseline -0.003 -18"><span class='ocrx_word' id='word_1_395' title='bbox 145 3954 372 4024; x_wconf 84' lang='grc' dir='ltr'>στηρίων</span> <span class='ocrx_word' id='word_1_396' title='bbox 428 3951 745 4022; x_wconf 84' lang='grc' dir='ltr'>ίερουργὸς·</span> <span class='ocrx_word' id='word_1_397' title='bbox 801 3969 819 4000; x_wconf 83' lang='grc' dir='ltr'><strong>ι</strong></span> <span class='ocrx_word' id='word_1_398' title='bbox 882 3949 1358 4020; x_wconf 85' lang='grc' dir='ltr'>Ὀμολογουμένως</span> <span class='ocrx_word' id='word_1_399' title='bbox 1406 3950 1549 4019; x_wconf 83' lang='grc' dir='ltr'>μέγα</span> <span class='ocrx_word' id='word_1_400' title='bbox 1597 3950 1714 4003; x_wconf 75' lang='grc' dir='ltr'>ἐστὶ</span> 
     </span>
    </p>
   </div>
   <div class='ocr_carea' id='block_1_55' title="bbox 140 4041 1714 4119">
    <p class='ocr_par' dir='ltr' id='par_1_55' title="bbox 140 4041 1714 4119">
     <span class='ocr_line' id='line_1_55' title="bbox 140 4041 1714 4119; baseline -0.003 -21"><span class='ocrx_word' id='word_1_401' title='bbox 140 4050 194 4099; x_wconf 78' lang='grc' dir='ltr'><strong>τὸ</strong></span> <span class='ocrx_word' id='word_1_402' title='bbox 219 4051 316 4119; x_wconf 85' lang='grc' dir='ltr'><strong>τῆς</strong></span> <span class='ocrx_word' id='word_1_403' title='bbox 364 4045 652 4108; x_wconf 78' lang='grc' dir='ltr'>εὐσεϐείας</span> <span class='ocrx_word' id='word_1_404' title='bbox 695 4044 1010 4116; x_wconf 59' lang='grc' dir='ltr'>μυστήριον</span> <span class='ocrx_word' id='word_1_405' title='bbox 1043 4042 1176 4106; x_wconf 86' lang='grc' dir='ltr'>Θεὸς</span> <span class='ocrx_word' id='word_1_406' title='bbox 1215 4044 1273 4096; x_wconf 79' lang='grc' dir='ltr'><strong>ἐν</strong></span> <span class='ocrx_word' id='word_1_407' title='bbox 1322 4041 1485 4112; x_wconf 77' lang='grc' dir='ltr'>σαρκὶ</span> <span class='ocrx_word' id='word_1_408' title='bbox 1520 4043 1714 4111; x_wconf 74' lang='grc' dir='ltr'>ἐφανε-</span> 
     </span>
    </p>
   </div>
   <div class='ocr_carea' id='block_1_56' title="bbox 141 4133 1708 4209">
    <p class='ocr_par' dir='ltr' id='par_1_56' title="bbox 141 4133 1708 4209">
     <span class='ocr_line' id='line_1_56' title="bbox 141 4133 1708 4209; baseline -0.003 -18"><span class='ocrx_word' id='word_1_409' title='bbox 141 4139 312 4209; x_wconf 80' lang='grc' dir='ltr'>ρώθη’</span> <span class='ocrx_word' id='word_1_410' title='bbox 371 4136 668 4208; x_wconf 79' lang='grc' dir='ltr'>ἐδικαιώθη</span> <span class='ocrx_word' id='word_1_411' title='bbox 732 4137 790 4188; x_wconf 83' lang='grc' dir='ltr'>ὲν</span> <span class='ocrx_word' id='word_1_412' title='bbox 847 4135 1163 4205; x_wconf 80' lang='grc' dir='ltr'>πνεύματι·</span> <span class='ocrx_word' id='word_1_413' title='bbox 1215 4133 1370 4204; x_wconf 80' lang='grc' dir='ltr'>ὤφθη</span> <span class='ocrx_word' id='word_1_414' title='bbox 1421 4134 1708 4202; x_wconf 84' lang='grc' dir='ltr'>ἀγγέλοις·</span> 
     </span>
    </p>
   </div>
   <div class='ocr_carea' id='block_1_57' title="bbox 139 4224 1709 4300">
    <p class='ocr_par' dir='ltr' id='par_1_57' title="bbox 139 4224 1709 4300">
     <span class='ocr_line' id='line_1_57' title="bbox 139 4224 1709 4300; baseline -0.004 -18"><span class='ocrx_word' id='word_1_415' title='bbox 139 4228 414 4300; x_wconf 73' lang='grc' dir='ltr'><strong>ἐκηρύχθη</strong></span> <span class='ocrx_word' id='word_1_416' title='bbox 441 4228 653 4281; x_wconf 65' lang='grc' dir='ltr'>ἔθνεσιν</span> <span class='ocrx_word' id='word_1_417' title='bbox 675 4245 688 4259; x_wconf 91' lang='grc'><strong>·</strong></span> <span class='ocrx_word' id='word_1_418' title='bbox 719 4225 1014 4296; x_wconf 75' lang='grc' dir='ltr'>ἐπιστεύθη</span> <span class='ocrx_word' id='word_1_419' title='bbox 1062 4227 1120 4278; x_wconf 84' lang='grc' dir='ltr'><strong>ὲν</strong></span> <span class='ocrx_word' id='word_1_420' title='bbox 1155 4225 1342 4295; x_wconf 82' lang='grc' dir='ltr'>κόσμῳ</span> <span class='ocrx_word' id='word_1_421' title='bbox 1367 4241 1382 4256; x_wconf 78' lang='lat'><strong><em>°</em></strong></span> <span class='ocrx_word' id='word_1_422' title='bbox 1434 4224 1709 4295; x_wconf 84' lang='grc' dir='ltr'>ἀνελήφθη</span> 
     </span>
    </p>
   </div>
   <div class='ocr_carea' id='block_1_58' title="bbox 139 4315 1702 4393">
    <p class='ocr_par' dir='ltr' id='par_1_58' title="bbox 139 4315 1702 4393">
     <span class='ocr_line' id='line_1_58' title="bbox 139 4315 1702 4393; baseline -0.004 -20"><span class='ocrx_word' id='word_1_423' title='bbox 139 4324 188 4373; x_wconf 79' lang='grc' dir='ltr'><strong>ἐν</strong></span> <span class='ocrx_word' id='word_1_424' title='bbox 211 4321 359 4393; x_wconf 66' lang='grc' dir='ltr'><strong>δόξῃ.</strong></span> <span class='ocrx_word' id='word_1_425' title='bbox 402 4340 418 4371; x_wconf 76' lang='grc' dir='ltr'><strong>ι</strong></span> <span class='ocrx_word' id='word_1_426' title='bbox 458 4319 525 4372; x_wconf 88' lang='grc' dir='ltr'>Τί</span> <span class='ocrx_word' id='word_1_427' title='bbox 550 4315 642 4372; x_wconf 81' lang='grc' dir='ltr'>οὖν</span> <span class='ocrx_word' id='word_1_428' title='bbox 674 4320 788 4371; x_wconf 80' lang='grc' dir='ltr'>ἐστι</span> <span class='ocrx_word' id='word_1_429' title='bbox 812 4318 891 4380; x_wconf 92' lang='grc' dir='ltr'><strong>τὸ,</strong></span> <span class='ocrx_word' id='word_1_430' title='bbox 931 4337 948 4366; x_wconf 80' lang='grc' dir='ltr'>ι</span> <span class='ocrx_word' id='word_1_431' title='bbox 995 4315 1425 4386; x_wconf 64' lang='grc' dir='ltr'>Ἐφανερώθηξέν</span> <span class='ocrx_word' id='word_1_432' title='bbox 1454 4316 1650 4387; x_wconf 89' lang='grc' dir='ltr'>σαρκί;</span> <span class='ocrx_word' id='word_1_433' title='bbox 1685 4335 1702 4366; x_wconf 76' lang='grc' dir='ltr'>ι</span> 
     </span>
    </p>
   </div>
   <div class='ocr_carea' id='block_1_59' title="bbox 136 4409 1706 4484">
    <p class='ocr_par' dir='ltr' id='par_1_59' title="bbox 136 4409 1706 4484">
     <span class='ocr_line' id='line_1_59' title="bbox 136 4409 1706 4484; baseline 0.001 -22"><span class='ocrx_word' id='word_1_434' title='bbox 136 4413 395 4474; x_wconf 73' lang='grc' dir='ltr'>τουτέστι,</span> <span class='ocrx_word' id='word_1_435' title='bbox 428 4411 626 4478; x_wconf 78' lang='grc' dir='ltr'>Γέγονε</span> <span class='ocrx_word' id='word_1_436' title='bbox 661 4409 798 4479; x_wconf 79' lang='grc' dir='ltr'>σὰρξ</span> <span class='ocrx_word' id='word_1_437' title='bbox 823 4412 849 4462; x_wconf 93' lang='lat'><strong>6</strong></span> <span class='ocrx_word' id='word_1_438' title='bbox 888 4412 951 4462; x_wconf 76' lang='grc' dir='ltr'><strong>ἐκ</strong></span> <span class='ocrx_word' id='word_1_439' title='bbox 989 4410 1122 4462; x_wconf 77' lang='grc' dir='ltr'>Θεοῦ</span> <span class='ocrx_word' id='word_1_440' title='bbox 1168 4410 1380 4478; x_wconf 84' lang='grc' dir='ltr'>Πατρὸς</span> <span class='ocrx_word' id='word_1_441' title='bbox 1421 4410 1610 4484; x_wconf 81' lang='grc' dir='ltr'>Λόγος,</span> <span class='ocrx_word' id='word_1_442' title='bbox 1648 4411 1706 4463; x_wconf 84' lang='grc' dir='ltr'>οὑ</span> 
     </span>
    </p>
   </div>
   <div class='ocr_carea' id='block_1_60' title="bbox 135 4501 1707 4574">
    <p class='ocr_par' dir='ltr' id='par_1_60' title="bbox 135 4501 1707 4574">
     <span class='ocr_line' id='line_1_60' title="bbox 135 4501 1707 4574; baseline 0 -21"><span class='ocrx_word' id='word_1_443' title='bbox 135 4503 266 4555; x_wconf 73' lang='grc' dir='ltr'>κατὰ</span> <span class='ocrx_word' id='word_1_444' title='bbox 295 4503 654 4574; x_wconf 84' lang='grc' dir='ltr'>μετάστασιν,</span> <span class='ocrx_word' id='word_1_445' title='bbox 691 4501 724 4572; x_wconf 84' lang='grc' dir='ltr'>ἢ</span> <span class='ocrx_word' id='word_1_446' title='bbox 755 4501 980 4572; x_wconf 83' lang='grc' dir='ltr'>τροπὴν,</span> <span class='ocrx_word' id='word_1_447' title='bbox 1025 4505 1125 4572; x_wconf 82' lang='grc' dir='ltr'><strong>τῆς</strong></span> <span class='ocrx_word' id='word_1_448' title='bbox 1153 4502 1346 4554; x_wconf 75' lang='grc' dir='ltr'>ἑαυτοῦ</span> <span class='ocrx_word' id='word_1_449' title='bbox 1388 4501 1603 4570; x_wconf 78' lang='grc' dir='ltr'>φύσεως</span> <span class='ocrx_word' id='word_1_450' title='bbox 1628 4503 1707 4566; x_wconf 74' lang='grc' dir='ltr'>εἷς</span> 
     </span>
    </p>
   </div>
   <div class='ocr_carea' id='block_1_61' title="bbox 1830 1999 3399 2069">
    <p class='ocr_par' dir='ltr' id='par_1_61' title="bbox 1830 1999 3399 2069">
     <span class='ocr_line' id='line_1_61' title="bbox 1830 1999 3399 2069; baseline 0.001 -15"><span class='ocrx_word' id='word_1_451' title='bbox 1830 2015 1988 2055; x_wconf 91' lang='lat' dir='ltr'><strong>omne</strong></span> <span class='ocrx_word' id='word_1_452' title='bbox 2018 1999 2270 2055; x_wconf 68' lang='lat' dir='ltr'><strong>saeculum</strong></span> <span class='ocrx_word' id='word_1_453' title='bbox 2302 2008 2358 2054; x_wconf 89' lang='lat' dir='ltr'><strong>et</strong></span> <span class='ocrx_word' id='word_1_454' title='bbox 2392 2009 2625 2067; x_wconf 86' lang='lat' dir='ltr'><strong>tempus,</strong></span> <span class='ocrx_word' id='word_1_455' title='bbox 2662 2009 2930 2069; x_wconf 82' lang='lat' dir='ltr'><strong>quatenus</strong></span> <span class='ocrx_word' id='word_1_456' title='bbox 2953 2001 3184 2057; x_wconf 85' lang='lat' dir='ltr'><strong>Verbum</strong></span> <span class='ocrx_word' id='word_1_457' title='bbox 3205 2003 3399 2058; x_wconf 86' lang='lat' dir='ltr'><strong>intelli-</strong></span> 
     </span>
    </p>
   </div>
   <div class='ocr_carea' id='block_1_62' title="bbox 1830 2091 3399 2162">
    <p class='ocr_par' dir='ltr' id='par_1_62' title="bbox 1830 2091 3399 2162">
     <span class='ocr_line' id='line_1_62' title="bbox 1830 2091 3399 2162; baseline 0.003 -18"><span class='ocrx_word' id='word_1_458' title='bbox 1830 2093 1994 2162; x_wconf 80' lang='lat' dir='ltr'><strong>gitur,</strong></span> <span class='ocrx_word' id='word_1_459' title='bbox 2031 2103 2085 2147; x_wconf 91' lang='lat' dir='ltr'><strong>et</strong></span> <span class='ocrx_word' id='word_1_460' title='bbox 2106 2091 2275 2162; x_wconf 85' lang='lat' dir='ltr'><strong>ﬁgura</strong></span> <span class='ocrx_word' id='word_1_461' title='bbox 2301 2091 2627 2146; x_wconf 58' lang='lat' dir='ltr'><strong>substantias</strong></span> <span class='ocrx_word' id='word_1_462' title='bbox 2664 2091 2781 2161; x_wconf 86' lang='lat' dir='ltr'><strong>ejus</strong></span> <span class='ocrx_word' id='word_1_463' title='bbox 2810 2091 2876 2158; x_wconf 83' lang='lat'><strong>“,</strong></span> <span class='ocrx_word' id='word_1_464' title='bbox 2904 2101 2958 2146; x_wconf 92' lang='lat' dir='ltr'><strong>et</strong></span> <span class='ocrx_word' id='word_1_465' title='bbox 2991 2092 3044 2147; x_wconf 94' lang='lat' dir='ltr'><strong>in</strong></span> <span class='ocrx_word' id='word_1_466' title='bbox 3085 2093 3399 2149; x_wconf 81' lang='lat' dir='ltr'><strong>novissimis</strong></span> 
     </span>
    </p>
   </div>
   <div class='ocr_carea' id='block_1_63' title="bbox 1830 2181 3399 2251">
    <p class='ocr_par' dir='ltr' id='par_1_63' title="bbox 1830 2181 3399 2251">
     <span class='ocr_line' id='line_1_63' title="bbox 1830 2181 3399 2251; baseline 0.003 -14"><span class='ocrx_word' id='word_1_467' title='bbox 1830 2183 2163 2251; x_wconf 85' lang='lat' dir='ltr'><strong>temporibus</strong></span> <span class='ocrx_word' id='word_1_468' title='bbox 2184 2181 2579 2248; x_wconf 89' lang='lat' dir='ltr'><strong>dispensatoria</strong></span> <span class='ocrx_word' id='word_1_469' title='bbox 2608 2183 3016 2238; x_wconf 16' lang='lat' dir='ltr'><strong>ratione’nostri</strong></span> <span class='ocrx_word' id='word_1_470' title='bbox 3041 2197 3202 2239; x_wconf 88' lang='lat' dir='ltr'><strong>causa</strong></span> <span class='ocrx_word' id='word_1_471' title='bbox 3235 2186 3399 2242; x_wconf 86' lang='lat' dir='ltr'><strong>homo</strong></span> 
     </span>
    </p>
   </div>
   <div class='ocr_carea' id='block_1_64' title="bbox 1826 2270 3394 2337">
    <p class='ocr_par' dir='ltr' id='par_1_64' title="bbox 1826 2270 3394 2337">
     <span class='ocr_line' id='line_1_64' title="bbox 1826 2270 3394 2337; baseline 0.004 -12"><span class='ocrx_word' id='word_1_472' title='bbox 1826 2270 2024 2328; x_wconf 84' lang='lat' dir='ltr'><strong>factus.</strong></span> <span class='ocrx_word' id='word_1_473' title='bbox 2054 2273 2188 2337; x_wconf 87' lang='lat' dir='ltr'><strong>Quia</strong></span> <span class='ocrx_word' id='word_1_474' title='bbox 2223 2286 2351 2326; x_wconf 86' lang='lat' dir='ltr'><strong>vero</strong></span> <span class='ocrx_word' id='word_1_475' title='bbox 2378 2272 2619 2326; x_wconf 91' lang='lat' dir='ltr'><strong>nonnulli</strong></span> <span class='ocrx_word' id='word_1_476' title='bbox 2663 2274 3001 2329; x_wconf 78' lang='lat' dir='ltr'><strong>nativitatem</strong></span> <span class='ocrx_word' id='word_1_477' title='bbox 3030 2275 3173 2331; x_wconf 89' lang='lat' dir='ltr'><strong>illius</strong></span> <span class='ocrx_word' id='word_1_478' title='bbox 3200 2293 3394 2332; x_wconf 89' lang='lat' dir='ltr'><strong>secun-</strong></span> 
     </span>
    </p>
   </div>
   <div class='ocr_carea' id='block_1_65' title="bbox 1825 2358 3399 2435">
    <p class='ocr_par' dir='ltr' id='par_1_65' title="bbox 1825 2358 3399 2435">
     <span class='ocr_line' id='line_1_65' title="bbox 1825 2358 3399 2435; baseline 0.006 -20"><span class='ocrx_word' id='word_1_479' title='bbox 1825 2361 1951 2415; x_wconf 91' lang='lat' dir='ltr'><strong>dum</strong></span> <span class='ocrx_word' id='word_1_480' title='bbox 1988 2374 2209 2416; x_wconf 90' lang='lat' dir='ltr'><strong>carnem</strong></span> <span class='ocrx_word' id='word_1_481' title='bbox 2262 2371 2482 2430; x_wconf 87' lang='lat' dir='ltr'><strong>propter</strong></span> <span class='ocrx_word' id='word_1_482' title='bbox 2510 2358 2747 2417; x_wconf 88' lang='lat' dir='ltr'><strong>omnium</strong></span> <span class='ocrx_word' id='word_1_483' title='bbox 2782 2364 3034 2431; x_wconf 87' lang='lat' dir='ltr'><strong>salutem,</strong></span> <span class='ocrx_word' id='word_1_484' title='bbox 3086 2381 3190 2435; x_wconf 89' lang='lat' dir='ltr'><strong>qua</strong></span> <span class='ocrx_word' id='word_1_485' title='bbox 3222 2367 3399 2424; x_wconf 85' lang='lat' dir='ltr'><strong>editus</strong></span> 
     </span>
    </p>
   </div>
   <div class='ocr_carea' id='block_1_66' title="bbox 1827 2452 3398 2524">
    <p class='ocr_par' dir='ltr' id='par_1_66' title="bbox 1827 2452 3398 2524">
     <span class='ocr_line' id='line_1_66' title="bbox 1827 2452 3398 2524; baseline 0.004 -18"><span class='ocrx_word' id='word_1_486' title='bbox 1827 2460 1997 2506; x_wconf 82' lang='lat' dir='ltr'><strong>estex</strong></span> <span class='ocrx_word' id='word_1_487' title='bbox 2027 2460 2213 2506; x_wconf 84' lang='lat' dir='ltr'><strong>sancta</strong></span> <span class='ocrx_word' id='word_1_488' title='bbox 2242 2452 2486 2522; x_wconf 80' lang='lat' dir='ltr'><strong>Virgine,</strong></span> <span class='ocrx_word' id='word_1_489' title='bbox 2518 2453 2824 2508; x_wconf 86' lang='lat' dir='ltr'><strong>inﬁciantur</strong></span> <span class='ocrx_word' id='word_1_490' title='bbox 2848 2454 2998 2524; x_wconf 70' lang='lat' dir='ltr'><strong>(quae</strong></span> <span class='ocrx_word' id='word_1_491' title='bbox 3026 2457 3278 2511; x_wconf 86' lang='lat' dir='ltr'><strong>nativitas</strong></span> <span class='ocrx_word' id='word_1_492' title='bbox 3296 2459 3398 2513; x_wconf 91' lang='lat' dir='ltr'><strong>hoc</strong></span> 
     </span>
    </p>
   </div>
   <div class='ocr_carea' id='block_1_67' title="bbox 1827 2543 3397 2615">
    <p class='ocr_par' dir='ltr' id='par_1_67' title="bbox 1827 2543 3397 2615">
     <span class='ocr_line' id='line_1_67' title="bbox 1827 2543 3397 2615; baseline 0.004 -17"><span class='ocrx_word' id='word_1_493' title='bbox 1827 2543 1901 2598; x_wconf 88' lang='lat' dir='ltr'><strong>illi</strong></span> <span class='ocrx_word' id='word_1_494' title='bbox 1934 2558 2037 2599; x_wconf 90' lang='lat' dir='ltr'><strong>non</strong></span> <span class='ocrx_word' id='word_1_495' title='bbox 2069 2545 2316 2608; x_wconf 89' lang='lat' dir='ltr'><strong>contulit,</strong></span> <span class='ocrx_word' id='word_1_496' title='bbox 2349 2554 2407 2598; x_wconf 92' lang='lat' dir='ltr'><strong>ut</strong></span> <span class='ocrx_word' id='word_1_497' title='bbox 2443 2553 2553 2598; x_wconf 88' lang='lat' dir='ltr'><strong>tum</strong></span> <span class='ocrx_word' id='word_1_498' title='bbox 2587 2545 2817 2614; x_wconf 90' lang='lat' dir='ltr'><strong>primum</strong></span> <span class='ocrx_word' id='word_1_499' title='bbox 2852 2559 2970 2600; x_wconf 89' lang='lat' dir='ltr'><strong>esse</strong></span> <span class='ocrx_word' id='word_1_500' title='bbox 2999 2546 3279 2615; x_wconf 86' lang='lat' dir='ltr'><strong>inciperet,</strong></span> <span class='ocrx_word' id='word_1_501' title='bbox 3301 2549 3397 2604; x_wconf 88' lang='lat' dir='ltr'><strong>sed</strong></span> 
     </span>
    </p>
   </div>
   <div class='ocr_carea' id='block_1_68' title="bbox 1827 2635 3398 2710">
    <p class='ocr_par' dir='ltr' id='par_1_68' title="bbox 1827 2635 3398 2710">
     <span class='ocr_line' id='line_1_68' title="bbox 1827 2635 3398 2710; baseline 0.004 -21"><span class='ocrx_word' id='word_1_502' title='bbox 1827 2646 1887 2690; x_wconf 93' lang='lat' dir='ltr'><strong>ut</strong></span> <span class='ocrx_word' id='word_1_503' title='bbox 1915 2635 2071 2691; x_wconf 89' lang='lat' dir='ltr'><strong>nobis</strong></span> <span class='ocrx_word' id='word_1_504' title='bbox 2134 2637 2332 2691; x_wconf 83' lang='lat' dir='ltr'><strong>similis</strong></span> <span class='ocrx_word' id='word_1_505' title='bbox 2396 2637 2570 2692; x_wconf 80' lang='lat' dir='ltr'><strong>lactus</strong></span> <span class='ocrx_word' id='word_1_506' title='bbox 2623 2654 2651 2690; x_wconf 88' lang='lat' dir='ltr'><strong>a</strong></span> <span class='ocrx_word' id='word_1_507' title='bbox 2703 2647 2879 2693; x_wconf 90' lang='lat' dir='ltr'><strong>morte</strong></span> <span class='ocrx_word' id='word_1_508' title='bbox 2938 2648 2992 2692; x_wconf 91' lang='lat' dir='ltr'><strong>et</strong></span> <span class='ocrx_word' id='word_1_509' title='bbox 3047 2641 3398 2710; x_wconf 85' lang='lat' dir='ltr'><strong>corruptione</strong></span> 
     </span>
    </p>
   </div>
   <div class='ocr_carea' id='block_1_69' title="bbox 1829 2727 3399 2799">
    <p class='ocr_par' dir='ltr' id='par_1_69' title="bbox 1829 2727 3399 2799">
     <span class='ocr_line' id='line_1_69' title="bbox 1829 2727 3399 2799; baseline 0.004 -19"><span class='ocrx_word' id='word_1_510' title='bbox 1829 2741 1928 2782; x_wconf 90' lang='lat' dir='ltr'><strong>nos</strong></span> <span class='ocrx_word' id='word_1_511' title='bbox 1969 2727 2294 2798; x_wconf 84' lang='lat' dir='ltr'><strong>liberaret):</strong></span> <span class='ocrx_word' id='word_1_512' title='bbox 2323 2728 2484 2799; x_wconf 68' lang='grc'><strong>148</strong></span> <span class='ocrx_word' id='word_1_513' title='bbox 2515 2738 2797 2799; x_wconf 89' lang='lat' dir='ltr'><strong>propterea</strong></span> <span class='ocrx_word' id='word_1_514' title='bbox 2843 2730 3049 2798; x_wconf 90' lang='lat' dir='ltr'><strong>primus</strong></span> <span class='ocrx_word' id='word_1_515' title='bbox 3094 2732 3180 2788; x_wconf 83' lang='lat' dir='ltr'><strong>hic</strong></span> <span class='ocrx_word' id='word_1_516' title='bbox 3214 2740 3399 2788; x_wconf 90' lang='lat' dir='ltr'><strong>noster</strong></span> 
     </span>
    </p>
   </div>
   <div class='ocr_carea' id='block_1_70' title="bbox 1825 2818 3398 2888">
    <p class='ocr_par' dir='ltr' id='par_1_70' title="bbox 1825 2818 3398 2888">
     <span class='ocr_line' id='line_1_70' title="bbox 1825 2818 3398 2888; baseline 0.003 -16"><span class='ocrx_word' id='word_1_517' title='bbox 1825 2818 2308 2873; x_wconf 88' lang='lat' dir='ltr'><strong>anathematismus</strong></span> <span class='ocrx_word' id='word_1_518' title='bbox 2363 2819 2416 2872; x_wconf 93' lang='lat' dir='ltr'><strong>in</strong></span> <span class='ocrx_word' id='word_1_519' title='bbox 2461 2834 2768 2888; x_wconf 85' lang='lat' dir='ltr'><strong>perversam</strong></span> <span class='ocrx_word' id='word_1_520' title='bbox 2815 2821 3026 2875; x_wconf 91' lang='lat' dir='ltr'><strong>illorum</strong></span> <span class='ocrx_word' id='word_1_521' title='bbox 3057 2820 3217 2876; x_wconf 83' lang='lat' dir='ltr'><strong>ﬁdem</strong></span> <span class='ocrx_word' id='word_1_522' title='bbox 3246 2825 3398 2877; x_wconf 75' lang='lat' dir='ltr'><strong>inve-</strong></span> 
     </span>
    </p>
   </div>
   <div class='ocr_carea' id='block_1_71' title="bbox 1824 2909 3394 2983">
    <p class='ocr_par' dir='ltr' id='par_1_71' title="bbox 1824 2909 3394 2983">
     <span class='ocr_line' id='line_1_71' title="bbox 1824 2909 3394 2983; baseline 0.003 -19"><span class='ocrx_word' id='word_1_523' title='bbox 1824 2909 2012 2965; x_wconf 87' lang='lat' dir='ltr'><strong>hitur:</strong></span> <span class='ocrx_word' id='word_1_524' title='bbox 2046 2920 2155 2966; x_wconf 94' lang='lat' dir='ltr'><strong>tum</strong></span> <span class='ocrx_word' id='word_1_525' title='bbox 2191 2926 2340 2975; x_wconf 81' lang='lat' dir='ltr'><strong>vero,</strong></span> <span class='ocrx_word' id='word_1_526' title='bbox 2366 2913 2508 2982; x_wconf 86' lang='lat' dir='ltr'><strong>quod</strong></span> <span class='ocrx_word' id='word_1_527' title='bbox 2549 2923 2710 2967; x_wconf 64' lang='lat' dir='ltr'><strong>rectae</strong></span> <span class='ocrx_word' id='word_1_528' title='bbox 2746 2913 2866 2967; x_wconf 90' lang='lat' dir='ltr'><strong>ﬁdei</strong></span> <span class='ocrx_word' id='word_1_529' title='bbox 2919 2921 3024 2979; x_wconf 92' lang='lat' dir='ltr'><strong>est,</strong></span> <span class='ocrx_word' id='word_1_530' title='bbox 3086 2915 3394 2983; x_wconf 89' lang='lat' dir='ltr'><strong>conﬁtetur,</strong></span> 
     </span>
    </p>
   </div>
   <div class='ocr_carea' id='block_1_72' title="bbox 1825 2998 3397 3061">
    <p class='ocr_par' dir='ltr' id='par_1_72' title="bbox 1825 2998 3397 3061">
     <span class='ocr_line' id='line_1_72' title="bbox 1825 2998 3397 3061; baseline 0.004 -9"><span class='ocrx_word' id='word_1_531' title='bbox 1825 2998 2232 3055; x_wconf 86' lang='lat' dir='ltr'><strong>Emmanuelem</strong></span> <span class='ocrx_word' id='word_1_532' title='bbox 2296 3001 2591 3056; x_wconf 86' lang='lat' dir='ltr'><strong>secundum</strong></span> <span class='ocrx_word' id='word_1_533' title='bbox 2633 3002 2913 3056; x_wconf 88' lang='lat' dir='ltr'><strong>veritatem</strong></span> <span class='ocrx_word' id='word_1_534' title='bbox 2944 3001 3114 3056; x_wconf 90' lang='lat' dir='ltr'><strong>Deum</strong></span> <span class='ocrx_word' id='word_1_535' title='bbox 3161 3018 3284 3061; x_wconf 83' lang='lat' dir='ltr'><strong>esse</strong></span> <span class='ocrx_word' id='word_1_536' title='bbox 3314 3005 3397 3059; x_wconf 82' lang='lat' dir='ltr'><strong>di-</strong></span> 
     </span>
    </p>
   </div>
   <div class='ocr_carea' id='block_1_73' title="bbox 1824 3085 3254 3164">
    <p class='ocr_par' dir='ltr' id='par_1_73' title="bbox 1824 3085 3254 3164">
     <span class='ocr_line' id='line_1_73' title="bbox 1824 3085 3254 3164; baseline 0.005 -22"><span class='ocrx_word' id='word_1_537' title='bbox 1824 3085 1955 3144; x_wconf 87' lang='lat' dir='ltr'><strong>cens’</strong></span> <span class='ocrx_word' id='word_1_538' title='bbox 2005 3099 2170 3159; x_wconf 84' lang='lat' dir='ltr'><strong>atque</strong></span> <span class='ocrx_word' id='word_1_539' title='bbox 2211 3092 2330 3146; x_wconf 86' lang='lat' dir='ltr'><strong>ideo</strong></span> <span class='ocrx_word' id='word_1_540' title='bbox 2363 3102 2606 3147; x_wconf 87' lang='lat' dir='ltr'><strong>sanctam</strong></span> <span class='ocrx_word' id='word_1_541' title='bbox 2633 3092 2913 3163; x_wconf 88' lang='lat' dir='ltr'><strong>Virginem</strong></span> <span class='ocrx_word' id='word_1_542' title='bbox 2946 3093 3254 3164; x_wconf 86' lang='lat' dir='ltr'><strong>Deiparam.</strong></span> 
     </span>
    </p>
   </div>
   <div class='ocr_carea' id='block_1_74' title="bbox 2244 3223 2979 3282">
    <p class='ocr_par' dir='ltr' id='par_1_74' title="bbox 2244 3223 2979 3282">
     <span class='ocr_line' id='line_1_74' title="bbox 2244 3223 2979 3282; baseline 0.007 -6"><span class='ocrx_word' id='word_1_543' title='bbox 2244 3224 2883 3282; x_wconf 75' lang='lat' dir='ltr'><strong>ANATHEMATISMUS</strong></span> <span class='ocrx_word' id='word_1_544' title='bbox 2914 3223 2979 3281; x_wconf 84' lang='grc' dir='ltr'><strong>ΙΙ.</strong></span> 
     </span>
    </p>
   </div>
   <div class='ocr_carea' id='block_1_75' title="bbox 1894 3359 3394 3430">
    <p class='ocr_par' dir='ltr' id='par_1_75' title="bbox 1894 3359 3394 3430">
     <span class='ocr_line' id='line_1_75' title="bbox 1894 3359 3394 3430; baseline 0.004 -14"><span class='ocrx_word' id='word_1_545' title='bbox 1894 3360 1950 3416; x_wconf 87' lang='lat' dir='ltr'><strong>Si</strong></span> <span class='ocrx_word' id='word_1_546' title='bbox 1987 3361 2109 3430; x_wconf 85' lang='lat' dir='ltr'><strong>quis</strong></span> <span class='ocrx_word' id='word_1_547' title='bbox 2138 3377 2239 3415; x_wconf 91' lang='lat' dir='ltr'><strong>non</strong></span> <span class='ocrx_word' id='word_1_548' title='bbox 2268 3360 2578 3427; x_wconf 89' lang='lat' dir='ltr'><strong>conﬁtetur,</strong></span> <span class='ocrx_word' id='word_1_549' title='bbox 2626 3360 2720 3416; x_wconf 91' lang='lat' dir='ltr'><strong>Dei</strong></span> <span class='ocrx_word' id='word_1_550' title='bbox 2755 3359 2930 3417; x_wconf 85' lang='lat' dir='ltr'><strong>Patris</strong></span> <span class='ocrx_word' id='word_1_551' title='bbox 2965 3359 3204 3418; x_wconf 90' lang='lat' dir='ltr'><strong>Verbum</strong></span> <span class='ocrx_word' id='word_1_552' title='bbox 3242 3379 3394 3422; x_wconf 78' lang='lat' dir='ltr'><strong>carni</strong></span> 
     </span>
    </p>
   </div>
   <div class='ocr_carea' id='block_1_76' title="bbox 1821 3452 3390 3525">
    <p class='ocr_par' dir='ltr' id='par_1_76' title="bbox 1821 3452 3390 3525">
     <span class='ocr_line' id='line_1_76' title="bbox 1821 3452 3390 3525; baseline 0.004 -19"><span class='ocrx_word' id='word_1_553' title='bbox 1821 3455 2114 3506; x_wconf 87' lang='lat' dir='ltr'><strong>secundum</strong></span> <span class='ocrx_word' id='word_1_554' title='bbox 2175 3452 2503 3522; x_wconf 80' lang='lat' dir='ltr'><strong>hypostasim</strong></span> <span class='ocrx_word' id='word_1_555' title='bbox 2554 3452 2786 3519; x_wconf 87' lang='lat' dir='ltr'><strong>unitum,</strong></span> <span class='ocrx_word' id='word_1_556' title='bbox 2823 3469 3096 3525; x_wconf 81' lang='lat' dir='ltr'><strong>unumque</strong></span> <span class='ocrx_word' id='word_1_557' title='bbox 3138 3471 3242 3511; x_wconf 90' lang='lat' dir='ltr'><strong>una</strong></span> <span class='ocrx_word' id='word_1_558' title='bbox 3266 3470 3390 3513; x_wconf 86' lang='lat' dir='ltr'><strong>cum</strong></span> 
     </span>
    </p>
   </div>
   <div class='ocr_carea' id='block_1_77' title="bbox 1820 3543 3392 3607">
    <p class='ocr_par' dir='ltr' id='par_1_77' title="bbox 1820 3543 3392 3607">
     <span class='ocr_line' id='line_1_77' title="bbox 1820 3543 3392 3607; baseline 0.005 -10"><span class='ocrx_word' id='word_1_559' title='bbox 1820 3559 1917 3597; x_wconf 89' lang='lat' dir='ltr'><strong>sua</strong></span> <span class='ocrx_word' id='word_1_560' title='bbox 1966 3558 2129 3599; x_wconf 86' lang='lat' dir='ltr'><strong>carne</strong></span> <span class='ocrx_word' id='word_1_561' title='bbox 2157 3559 2279 3599; x_wconf 89' lang='lat' dir='ltr'><strong>esse</strong></span> <span class='ocrx_word' id='word_1_562' title='bbox 2308 3543 2606 3607; x_wconf 83' lang='lat' dir='ltr'><strong>Christum,</strong></span> <span class='ocrx_word' id='word_1_563' title='bbox 2641 3544 2892 3600; x_wconf 90' lang='lat' dir='ltr'><strong>eumdem</strong></span> <span class='ocrx_word' id='word_1_564' title='bbox 2939 3547 3194 3603; x_wconf 82' lang='lat' dir='ltr'><strong>nimirum</strong></span> <span class='ocrx_word' id='word_1_565' title='bbox 3222 3548 3392 3606; x_wconf 86' lang='lat' dir='ltr'><strong>Deum</strong></span> 
     </span>
    </p>
   </div>
   <div class='ocr_carea' id='block_1_78' title="bbox 1819 3635 2829 3699">
    <p class='ocr_par' dir='ltr' id='par_1_78' title="bbox 1819 3635 2829 3699">
     <span class='ocr_line' id='line_1_78' title="bbox 1819 3635 2829 3699; baseline 0 -10"><span class='ocrx_word' id='word_1_566' title='bbox 1819 3635 1978 3690; x_wconf 86' lang='lat' dir='ltr'><strong>simul</strong></span> <span class='ocrx_word' id='word_1_567' title='bbox 2002 3645 2057 3691; x_wconf 91' lang='lat' dir='ltr'><strong>et</strong></span> <span class='ocrx_word' id='word_1_568' title='bbox 2089 3636 2388 3699; x_wconf 84' lang='lat' dir='ltr'><strong>hominem,</strong></span> <span class='ocrx_word' id='word_1_569' title='bbox 2423 3635 2709 3689; x_wconf 90' lang='lat' dir='ltr'><strong>anathema</strong></span> <span class='ocrx_word' id='word_1_570' title='bbox 2737 3635 2829 3690; x_wconf 85' lang='lat' dir='ltr'><strong>sit.</strong></span> 
     </span>
    </p>
   </div>
   <div class='ocr_carea' id='block_1_79' title="bbox 2302 3749 2905 3819">
    <p class='ocr_par' dir='ltr' id='par_1_79' title="bbox 2302 3749 2905 3819">
     <span class='ocr_line' id='line_1_79' title="bbox 2302 3749 2905 3819; baseline 0 -17"><span class='ocrx_word' id='word_1_571' title='bbox 2302 3749 2625 3819; x_wconf 67' lang='lat' dir='ltr'><strong>Explanatio</strong></span> <span class='ocrx_word' id='word_1_572' title='bbox 2654 3749 2905 3802; x_wconf 82' lang='lat' dir='ltr'><strong>secunda.</strong></span> 
     </span>
    </p>
   </div>
   <div class='ocr_carea' id='block_1_80' title="bbox 1888 3861 3356 3936">
    <p class='ocr_par' dir='ltr' id='par_1_80' title="bbox 1888 3861 3356 3936">
     <span class='ocr_line' id='line_1_80' title="bbox 1888 3861 3356 3936; baseline 0.005 -21"><span class='ocrx_word' id='word_1_573' title='bbox 1888 3861 2114 3916; x_wconf 89' lang='lat' dir='ltr'><strong>Divinns</strong></span> <span class='ocrx_word' id='word_1_574' title='bbox 2149 3862 2368 3930; x_wconf 88' lang='lat' dir='ltr'><strong>Paulus,</strong></span> <span class='ocrx_word' id='word_1_575' title='bbox 2416 3878 2571 3919; x_wconf 87' lang='lat' dir='ltr'><strong>sacer</strong></span> <span class='ocrx_word' id='word_1_576' title='bbox 2613 3863 2702 3917; x_wconf 92' lang='lat' dir='ltr'><strong>ille</strong></span> <span class='ocrx_word' id='word_1_577' title='bbox 2735 3864 3038 3920; x_wconf 78' lang='lat' dir='ltr'><strong>divinorum</strong></span> <span class='ocrx_word' id='word_1_578' title='bbox 3098 3867 3356 3936; x_wconf 88' lang='lat' dir='ltr'><strong>mysterio</strong></span> 
     </span>
    </p>
   </div>
   <div class='ocr_carea' id='block_1_81' title="bbox 1819 3951 3388 4027">
    <p class='ocr_par' dir='ltr' id='par_1_81' title="bbox 1819 3951 3388 4027">
     <span class='ocr_line' id='line_1_81' title="bbox 1819 3951 3388 4027; baseline 0.004 -21"><span class='ocrx_word' id='word_1_579' title='bbox 1819 3970 1935 4007; x_wconf 91' lang='lat' dir='ltr'><strong>rum</strong></span> <span class='ocrx_word' id='word_1_580' title='bbox 1972 3953 2262 4023; x_wconf 88' lang='lat' dir='ltr'><strong>interpres,</strong></span> <span class='ocrx_word' id='word_1_581' title='bbox 2322 3951 2685 4009; x_wconf 65' lang='lat' dir='ltr'><strong>ita&#39;scrihit:</strong></span> <span class='ocrx_word' id='word_1_582' title='bbox 2731 3973 2750 4005; x_wconf 74' lang='grc' dir='ltr'><strong>ι</strong></span> <span class='ocrx_word' id='word_1_583' title='bbox 2814 3955 3096 4011; x_wconf 71' lang='lat' dir='ltr'><strong>.‘lanifeste</strong></span> <span class='ocrx_word' id='word_1_584' title='bbox 3137 3972 3388 4027; x_wconf 80' lang='lat' dir='ltr'><strong>magnum</strong></span> 
     </span>
    </p>
   </div>
   <div class='ocr_carea' id='block_1_82' title="bbox 1815 4048 3390 4115">
    <p class='ocr_par' dir='ltr' id='par_1_82' title="bbox 1815 4048 3390 4115">
     <span class='ocr_line' id='line_1_82' title="bbox 1815 4048 3390 4115; baseline 0.001 -12"><span class='ocrx_word' id='word_1_585' title='bbox 1815 4057 1896 4103; x_wconf 89' lang='lat' dir='ltr'><strong>est</strong></span> <span class='ocrx_word' id='word_1_586' title='bbox 1948 4049 2162 4115; x_wconf 85' lang='lat' dir='ltr'><strong>pietatis</strong></span> <span class='ocrx_word' id='word_1_587' title='bbox 2219 4058 2661 4102; x_wconf 85' lang='lat' dir='ltr'><strong>sacramentum:</strong></span> <span class='ocrx_word' id='word_1_588' title='bbox 2694 4048 2835 4104; x_wconf 90' lang='lat' dir='ltr'><strong>Deus</strong></span> <span class='ocrx_word' id='word_1_589' title='bbox 2888 4049 3266 4106; x_wconf 81' lang='lat' dir='ltr'><strong>manifestatus</strong></span> <span class='ocrx_word' id='word_1_590' title='bbox 3306 4061 3390 4106; x_wconf 84' lang='lat' dir='ltr'><strong>est</strong></span> 
     </span>
    </p>
   </div>
   <div class='ocr_carea' id='block_1_83' title="bbox 1816 4138 3388 4212">
    <p class='ocr_par' dir='ltr' id='par_1_83' title="bbox 1816 4138 3388 4212">
     <span class='ocr_line' id='line_1_83' title="bbox 1816 4138 3388 4212; baseline 0.004 -22"><span class='ocrx_word' id='word_1_591' title='bbox 1816 4138 1866 4190; x_wconf 94' lang='lat' dir='ltr'><strong>in</strong></span> <span class='ocrx_word' id='word_1_592' title='bbox 1903 4138 2446 4203; x_wconf 84' lang='lat' dir='ltr'><strong>carne,justilicatus</strong></span> <span class='ocrx_word' id='word_1_593' title='bbox 2480 4148 2562 4192; x_wconf 86' lang='lat' dir='ltr'><strong>est</strong></span> <span class='ocrx_word' id='word_1_594' title='bbox 2588 4140 2639 4192; x_wconf 89' lang='lat' dir='ltr'><strong>in</strong></span> <span class='ocrx_word' id='word_1_595' title='bbox 2681 4140 2898 4207; x_wconf 79' lang='lat' dir='ltr'><strong>Spiritu,</strong></span> <span class='ocrx_word' id='word_1_596' title='bbox 2947 4143 3199 4210; x_wconf 80' lang='lat' dir='ltr'><strong>apparuit</strong></span> <span class='ocrx_word' id='word_1_597' title='bbox 3222 4157 3388 4212; x_wconf 80' lang='lat' dir='ltr'><strong>ange-</strong></span> 
     </span>
    </p>
   </div>
   <div class='ocr_carea' id='block_1_84' title="bbox 1813 4219 3385 4299">
    <p class='ocr_par' dir='ltr' id='par_1_84' title="bbox 1813 4219 3385 4299">
     <span class='ocr_line' id='line_1_84' title="bbox 1813 4219 3385 4299; baseline 0.003 -18"><span class='ocrx_word' id='word_1_598' title='bbox 1813 4227 1901 4290; x_wconf 82' lang='lat' dir='ltr'><strong>lis,</strong></span> <span class='ocrx_word' id='word_1_599' title='bbox 1935 4228 2258 4297; x_wconf 67' lang='lat' dir='ltr'><strong>prmdieatus</strong></span> <span class='ocrx_word' id='word_1_600' title='bbox 2277 4238 2360 4281; x_wconf 91' lang='lat' dir='ltr'><strong>est</strong></span> <span class='ocrx_word' id='word_1_601' title='bbox 2383 4219 2654 4299; x_wconf 84' lang='lat' dir='ltr'><strong>gentibus,</strong></span> <span class='ocrx_word' id='word_1_602' title='bbox 2694 4231 2933 4284; x_wconf 80' lang='lat' dir='ltr'><strong>creditus</strong></span> <span class='ocrx_word' id='word_1_603' title='bbox 2974 4232 3130 4285; x_wconf 89' lang='lat' dir='ltr'><strong>estin</strong></span> <span class='ocrx_word' id='word_1_604' title='bbox 3163 4235 3385 4297; x_wconf 88' lang='lat' dir='ltr'><strong>mundo,</strong></span> 
     </span>
    </p>
   </div>
   <div class='ocr_carea' id='block_1_85' title="bbox 1813 4320 3388 4394">
    <p class='ocr_par' dir='ltr' id='par_1_85' title="bbox 1813 4320 3388 4394">
     <span class='ocr_line' id='line_1_85' title="bbox 1813 4320 3388 4394; baseline 0.003 -19"><span class='ocrx_word' id='word_1_605' title='bbox 1813 4330 2124 4390; x_wconf 83' lang='lat' dir='ltr'><strong>assumptus</strong></span> <span class='ocrx_word' id='word_1_606' title='bbox 2171 4330 2256 4374; x_wconf 89' lang='lat' dir='ltr'><strong>est</strong></span> <span class='ocrx_word' id='word_1_607' title='bbox 2310 4321 2362 4373; x_wconf 92' lang='lat' dir='ltr'><strong>in</strong></span> <span class='ocrx_word' id='word_1_608' title='bbox 2403 4321 2571 4392; x_wconf 79' lang='lat' dir='ltr'><strong>gloria</strong></span> <span class='ocrx_word' id='word_1_609' title='bbox 2599 4320 2660 4374; x_wconf 81' lang='grc'><strong>¹³.</strong></span> <span class='ocrx_word' id='word_1_610' title='bbox 2703 4338 2721 4371; x_wconf 73' lang='grc' dir='ltr'>ι</span> <span class='ocrx_word' id='word_1_611' title='bbox 2759 4320 2897 4387; x_wconf 86' lang='lat' dir='ltr'><strong>Quid</strong></span> <span class='ocrx_word' id='word_1_612' title='bbox 2930 4322 3090 4394; x_wconf 84' lang='lat' dir='ltr'><strong>igitur</strong></span> <span class='ocrx_word' id='word_1_613' title='bbox 3121 4332 3203 4377; x_wconf 90' lang='lat' dir='ltr'><strong>est</strong></span> <span class='ocrx_word' id='word_1_614' title='bbox 3244 4325 3388 4394; x_wconf 88' lang='lat' dir='ltr'><strong>quod</strong></span> 
     </span>
    </p>
   </div>
   <div class='ocr_carea' id='block_1_86' title="bbox 1812 4413 3382 4482">
    <p class='ocr_par' dir='ltr' id='par_1_86' title="bbox 1812 4413 3382 4482">
     <span class='ocr_line' id='line_1_86' title="bbox 1812 4413 3382 4482; baseline 0.004 -16"><span class='ocrx_word' id='word_1_615' title='bbox 1812 4415 1965 4475; x_wconf 80' lang='lat' dir='ltr'><strong>dicit,</strong></span> <span class='ocrx_word' id='word_1_616' title='bbox 2003 4433 2019 4464; x_wconf 88' lang='grc' dir='ltr'><strong>ι</strong></span> <span class='ocrx_word' id='word_1_617' title='bbox 2054 4413 2428 4467; x_wconf 81' lang='lat' dir='ltr'><strong>Manifestatus</strong></span> <span class='ocrx_word' id='word_1_618' title='bbox 2463 4424 2544 4467; x_wconf 91' lang='lat' dir='ltr'><strong>est</strong></span> <span class='ocrx_word' id='word_1_619' title='bbox 2591 4415 2642 4466; x_wconf 91' lang='lat' dir='ltr'><strong>in</strong></span> <span class='ocrx_word' id='word_1_620' title='bbox 2689 4415 2898 4468; x_wconf 83' lang='lat' dir='ltr'><strong>carne!</strong></span> <span class='ocrx_word' id='word_1_621' title='bbox 2947 4434 2964 4465; x_wconf 76' lang='grc' dir='ltr'>ι</span> <span class='ocrx_word' id='word_1_622' title='bbox 3002 4415 3103 4469; x_wconf 90' lang='lat' dir='ltr'><strong>hoc</strong></span> <span class='ocrx_word' id='word_1_623' title='bbox 3133 4427 3240 4482; x_wconf 90' lang='lat' dir='ltr'><strong>est,</strong></span> <span class='ocrx_word' id='word_1_624' title='bbox 3289 4417 3382 4472; x_wconf 92' lang='lat' dir='ltr'><strong>Dei</strong></span> 
     </span>
    </p>
   </div>
   <div class='ocr_carea' id='block_1_87' title="bbox 1809 4503 3385 4576">
    <p class='ocr_par' dir='ltr' id='par_1_87' title="bbox 1809 4503 3385 4576">
     <span class='ocr_line' id='line_1_87' title="bbox 1809 4503 3385 4576; baseline 0.001 -18"><span class='ocrx_word' id='word_1_625' title='bbox 1809 4505 1986 4558; x_wconf 78' lang='lat' dir='ltr'><strong>Patris</strong></span> <span class='ocrx_word' id='word_1_626' title='bbox 2011 4503 2246 4558; x_wconf 89' lang='lat' dir='ltr'><strong>Verbum</strong></span> <span class='ocrx_word' id='word_1_627' title='bbox 2278 4521 2406 4559; x_wconf 89' lang='lat' dir='ltr'><strong>caro</strong></span> <span class='ocrx_word' id='word_1_628' title='bbox 2452 4505 2646 4557; x_wconf 76' lang='lat' dir='ltr'><strong>factum</strong></span> <span class='ocrx_word' id='word_1_629' title='bbox 2693 4514 2815 4558; x_wconf 88' lang='lat' dir='ltr'><strong>cst:</strong></span> <span class='ocrx_word' id='word_1_630' title='bbox 2858 4521 2963 4559; x_wconf 81' lang='lat' dir='ltr'><strong>non</strong></span> <span class='ocrx_word' id='word_1_631' title='bbox 3001 4507 3142 4576; x_wconf 87' lang='lat' dir='ltr'><strong>quod</strong></span> <span class='ocrx_word' id='word_1_632' title='bbox 3189 4523 3385 4562; x_wconf 87' lang='lat' dir='ltr'><strong>secun-</strong></span> 
     </span>
    </p>
   </div>
   <div class='ocr_carea' id='block_1_88' title="bbox 137 4592 1719 4664">
    <p class='ocr_par' dir='ltr' id='par_1_88' title="bbox 137 4592 1707 4664">
     <span class='ocr_line' id='line_1_88' title="bbox 137 4592 1707 4664; baseline 0.022 -27"><span class='ocrx_word' id='word_1_633' title='bbox 137 4594 304 4663; x_wconf 69' lang='grc' dir='ltr'>σάρκα</span> <span class='ocrx_word' id='word_1_634' title='bbox 343 4593 885 4664; x_wconf 78' lang='grc' dir='ltr'>μεταπεποιημένης,</span> <span class='ocrx_word' id='word_1_635' title='bbox 931 4593 1004 4654; x_wconf 82' lang='grc' dir='ltr'>ὡς</span> <span class='ocrx_word' id='word_1_636' title='bbox 1045 4592 1144 4662; x_wconf 73' lang='grc' dir='ltr'><strong>ἤδη</strong></span> <span class='ocrx_word' id='word_1_637' title='bbox 1187 4593 1539 4661; x_wconf 57' lang='grc' dir='ltr'>προείπομεν,</span> <span class='ocrx_word' id='word_1_638' title='bbox 1574 4592 1707 4645; x_wconf 56' lang='grc' dir='ltr'>ἰδίαν</span> 
     </span>
    </p>
   </div>
   <div class='ocr_carea' id='block_1_89' title="bbox 1821 4592 3382 4664">
    <p class='ocr_par' dir='ltr' id='par_1_89' title="bbox 1821 4596 3382 4664">
     <span class='ocr_line' id='line_1_89' title="bbox 1821 4596 3382 4664; baseline 0.003 -17"><span class='ocrx_word' id='word_1_639' title='bbox 1821 4597 1936 4648; x_wconf 57' lang='lat' dir='ltr'><strong>ilum</strong></span> <span class='ocrx_word' id='word_1_640' title='bbox 1961 4596 2232 4664; x_wconf 84' lang='lat' dir='ltr'><strong>propriam</strong></span> <span class='ocrx_word' id='word_1_641' title='bbox 2266 4603 2512 4649; x_wconf 86' lang='lat' dir='ltr'><strong>naturam</strong></span> <span class='ocrx_word' id='word_1_642' title='bbox 2537 4611 2878 4661; x_wconf 80' lang='lat' dir='ltr'><strong>conversum,</strong></span> <span class='ocrx_word' id='word_1_643' title='bbox 2914 4609 3002 4651; x_wconf 91' lang='lat' dir='ltr'><strong>aut</strong></span> <span class='ocrx_word' id='word_1_644' title='bbox 3057 4609 3382 4653; x_wconf 88' lang='lat' dir='ltr'><strong>transmuta-</strong></span> 
     </span>
    </p>
   </div>
   <div class='ocr_carea' id='block_1_90' title="bbox 135 4683 1708 4758">
    <p class='ocr_par' dir='ltr' id='par_1_90' title="bbox 135 4683 1708 4758">
     <span class='ocr_line' id='line_1_90' title="bbox 135 4683 1708 4758; baseline -0.004 -19"><span class='ocrx_word' id='word_1_645' title='bbox 135 4688 183 4739; x_wconf 72' lang='grc' dir='ltr'><strong>δὲ</strong></span> <span class='ocrx_word' id='word_1_646' title='bbox 240 4689 440 4758; x_wconf 74' lang='grc' dir='ltr'>μᾶλλον</span> <span class='ocrx_word' id='word_1_647' title='bbox 499 4684 866 4754; x_wconf 83' lang='grc' dir='ltr'>ποιησάμενος</span> <span class='ocrx_word' id='word_1_648' title='bbox 912 4684 1090 4754; x_wconf 82' lang='grc' dir='ltr'>σάρκα</span> <span class='ocrx_word' id='word_1_649' title='bbox 1137 4684 1234 4753; x_wconf 79' lang='grc' dir='ltr'><strong>τὴν</strong></span> <span class='ocrx_word' id='word_1_650' title='bbox 1286 4685 1350 4735; x_wconf 87' lang='grc' dir='ltr'><strong>ὲκ</strong></span> <span class='ocrx_word' id='word_1_651' title='bbox 1400 4685 1500 4753; x_wconf 79' lang='grc' dir='ltr'><strong>τῆς</strong></span> <span class='ocrx_word' id='word_1_652' title='bbox 1549 4683 1708 4752; x_wconf 83' lang='grc' dir='ltr'>ἁγίας</span> 
     </span>
    </p>
   </div>
   <div class='ocr_carea' id='block_1_91' title="bbox 139 4773 1710 4850">
    <p class='ocr_par' dir='ltr' id='par_1_91' title="bbox 139 4773 1710 4850">
     <span class='ocr_line' id='line_1_91' title="bbox 139 4773 1710 4850; baseline -0.004 -18"><span class='ocrx_word' id='word_1_653' title='bbox 139 4780 432 4850; x_wconf 79' lang='grc' dir='ltr'>Παρθένου,</span> <span class='ocrx_word' id='word_1_654' title='bbox 477 4773 557 4839; x_wconf 75' lang='grc' dir='ltr'><strong>εἷς</strong></span> <span class='ocrx_word' id='word_1_655' title='bbox 604 4778 698 4829; x_wconf 78' lang='grc' dir='ltr'><strong>καὶ</strong></span> <span class='ocrx_word' id='word_1_656' title='bbox 738 4777 766 4827; x_wconf 86' lang='lat'><strong>6</strong></span> <span class='ocrx_word' id='word_1_657' title='bbox 797 4774 957 4837; x_wconf 84' lang='grc' dir='ltr'>αὑτὸς</span> <span class='ocrx_word' id='word_1_658' title='bbox 1010 4774 1364 4845; x_wconf 80' lang='grc' dir='ltr'>χρηματίζων</span> <span class='ocrx_word' id='word_1_659' title='bbox 1415 4774 1568 4837; x_wconf 77' lang='grc' dir='ltr'><strong>Υἱός·</strong></span> <span class='ocrx_word' id='word_1_660' title='bbox 1604 4775 1710 4846; x_wconf 80' lang='grc' dir='ltr'><strong>πρὸ</strong></span> 
     </span>
    </p>
   </div>
   <div class='ocr_carea' id='block_1_92' title="bbox 142 4865 1707 4940">
    <p class='ocr_par' dir='ltr' id='par_1_92' title="bbox 142 4865 1707 4940">
     <span class='ocr_line' id='line_1_92' title="bbox 142 4865 1707 4940; baseline -0.002 -20"><span class='ocrx_word' id='word_1_661' title='bbox 142 4869 229 4937; x_wconf 74' lang='grc' dir='ltr'>μὲν</span> <span class='ocrx_word' id='word_1_662' title='bbox 253 4871 350 4940; x_wconf 76' lang='grc' dir='ltr'><strong>τῆς</strong></span> <span class='ocrx_word' id='word_1_663' title='bbox 376 4867 845 4938; x_wconf 81' lang='grc' dir='ltr'>ὲνανθρωπήσεως</span> <span class='ocrx_word' id='word_1_664' title='bbox 869 4867 942 4929; x_wconf 84' lang='grc' dir='ltr'><strong>ὡς</strong></span> <span class='ocrx_word' id='word_1_665' title='bbox 973 4866 1212 4935; x_wconf 82' lang='grc' dir='ltr'>ἄσαρκος</span> <span class='ocrx_word' id='word_1_666' title='bbox 1241 4866 1319 4918; x_wconf 79' lang='grc' dir='ltr'><strong>ἔτι</strong></span> <span class='ocrx_word' id='word_1_667' title='bbox 1351 4867 1540 4932; x_wconf 86' lang='grc' dir='ltr'>Λόγος,</span> <span class='ocrx_word' id='word_1_668' title='bbox 1571 4865 1707 4935; x_wconf 70' lang='grc' dir='ltr'>μετὰ</span> 
     </span>
    </p>
   </div>
   <div class='ocr_carea' id='block_1_93' title="bbox 139 4954 1708 5032">
    <p class='ocr_par' dir='ltr' id='par_1_93' title="bbox 139 4954 1708 5032">
     <span class='ocr_line' id='line_1_93' title="bbox 139 4954 1708 5032; baseline -0.002 -21"><span class='ocrx_word' id='word_1_669' title='bbox 139 4960 187 5011; x_wconf 70' lang='grc' dir='ltr'><strong>δὲ</strong></span> <span class='ocrx_word' id='word_1_670' title='bbox 214 4960 306 5032; x_wconf 79' lang='grc' dir='ltr'><strong>τὴν</strong></span> <span class='ocrx_word' id='word_1_671' title='bbox 334 4957 751 5030; x_wconf 79' lang='grc' dir='ltr'>ὲνανθρὼπησιν</span> <span class='ocrx_word' id='word_1_672' title='bbox 774 4957 854 5009; x_wconf 74' lang='grc' dir='ltr'><strong>ἔτι</strong></span> <span class='ocrx_word' id='word_1_673' title='bbox 879 4958 906 5009; x_wconf 91' lang='lat'><strong>6</strong></span> <span class='ocrx_word' id='word_1_674' title='bbox 935 4955 1095 5019; x_wconf 85' lang='grc' dir='ltr'>αὑτὸς</span> <span class='ocrx_word' id='word_1_675' title='bbox 1118 4957 1174 5008; x_wconf 77' lang='grc' dir='ltr'>ἐν</span> <span class='ocrx_word' id='word_1_676' title='bbox 1202 4954 1414 5026; x_wconf 83' lang='grc' dir='ltr'>σώματι</span> <span class='ocrx_word' id='word_1_677' title='bbox 1436 4955 1476 5008; x_wconf 81' lang='grc' dir='ltr'><strong>ι.</strong></span> <span class='ocrx_word' id='word_1_678' title='bbox 1498 4955 1708 5026; x_wconf 78' lang='grc' dir='ltr'>Ταύτῃ-</span> 
     </span>
    </p>
   </div>
   <div class='ocr_carea' id='block_1_94' title="bbox 141 5045 1702 5122">
    <p class='ocr_par' dir='ltr' id='par_1_94' title="bbox 141 5045 1702 5122">
     <span class='ocr_line' id='line_1_94' title="bbox 141 5045 1702 5122; baseline -0.001 -20"><span class='ocrx_word' id='word_1_679' title='bbox 141 5051 210 5103; x_wconf 85' lang='grc' dir='ltr'>τοί</span> <span class='ocrx_word' id='word_1_680' title='bbox 243 5069 422 5122; x_wconf 74' lang='grc' dir='ltr'>φαμεν</span> <span class='ocrx_word' id='word_1_681' title='bbox 449 5050 539 5102; x_wconf 86' lang='grc' dir='ltr'><strong>τὸν</strong></span> <span class='ocrx_word' id='word_1_682' title='bbox 571 5049 734 5102; x_wconf 84' lang='grc' dir='ltr'>αὑτὸν</span> <span class='ocrx_word' id='word_1_683' title='bbox 762 5048 1027 5119; x_wconf 83' lang='grc' dir='ltr'>ὑπάρχειν</span> <span class='ocrx_word' id='word_1_684' title='bbox 1057 5047 1190 5100; x_wconf 85' lang='grc' dir='ltr'>Θεόν</span> <span class='ocrx_word' id='word_1_685' title='bbox 1217 5063 1275 5098; x_wconf 85' lang='grc' dir='ltr'>τε</span> <span class='ocrx_word' id='word_1_686' title='bbox 1307 5045 1442 5116; x_wconf 81' lang='grc' dir='ltr'>ὁμοῦ</span> <span class='ocrx_word' id='word_1_687' title='bbox 1487 5047 1581 5100; x_wconf 74' lang='grc' dir='ltr'><strong>καὶ</strong></span> <span class='ocrx_word' id='word_1_688' title='bbox 1607 5047 1702 5100; x_wconf 83' lang='grc' dir='ltr'><strong>ἄν-</strong></span> 
     </span>
    </p>
   </div>
   <div class='ocr_carea' id='block_1_95' title="bbox 143 5138 1702 5213">
    <p class='ocr_par' dir='ltr' id='par_1_95' title="bbox 143 5138 1702 5213">
     <span class='ocr_line' id='line_1_95' title="bbox 143 5138 1702 5213; baseline -0.001 -20"><span class='ocrx_word' id='word_1_689' title='bbox 143 5142 360 5213; x_wconf 81' lang='grc' dir='ltr'>θρωπον,</span> <span class='ocrx_word' id='word_1_690' title='bbox 389 5144 450 5197; x_wconf 84' lang='grc' dir='ltr'>οὑ</span> <span class='ocrx_word' id='word_1_691' title='bbox 491 5141 790 5204; x_wconf 82' lang='grc' dir='ltr'>διιστάντες</span> <span class='ocrx_word' id='word_1_692' title='bbox 835 5143 914 5203; x_wconf 82' lang='grc' dir='ltr'><strong>είς</strong></span> <span class='ocrx_word' id='word_1_693' title='bbox 955 5138 1241 5208; x_wconf 82' lang='grc' dir='ltr'>ἄνθρωπον</span> <span class='ocrx_word' id='word_1_694' title='bbox 1286 5138 1468 5201; x_wconf 79' lang='grc' dir='ltr'>ίδικῶς</span> <span class='ocrx_word' id='word_1_695' title='bbox 1507 5155 1566 5190; x_wconf 86' lang='grc' dir='ltr'>τε</span> <span class='ocrx_word' id='word_1_696' title='bbox 1607 5141 1702 5194; x_wconf 71' lang='grc' dir='ltr'>καὶ</span> 
     </span>
    </p>
   </div>
   <div class='ocr_carea' id='block_1_96' title="bbox 147 5229 1699 5306">
    <p class='ocr_par' dir='ltr' id='par_1_96' title="bbox 147 5229 1699 5306">
     <span class='ocr_line' id='line_1_96' title="bbox 147 5229 1699 5306; baseline -0.001 -22"><span class='ocrx_word' id='word_1_697' title='bbox 147 5236 392 5306; x_wconf 73' lang='grc' dir='ltr'>ἁναμέρος</span> <span class='ocrx_word' id='word_1_698' title='bbox 425 5234 682 5305; x_wconf 83' lang='grc' dir='ltr'>κείμενον</span> <span class='ocrx_word' id='word_1_699' title='bbox 732 5231 830 5302; x_wconf 82' lang='grc' dir='ltr'>τὴν</span> <span class='ocrx_word' id='word_1_700' title='bbox 873 5231 961 5281; x_wconf 75' lang='grc' dir='ltr'>ἐπ’</span> <span class='ocrx_word' id='word_1_701' title='bbox 991 5229 1138 5300; x_wconf 81' lang='grc' dir='ltr'>αὑτῷ</span> <span class='ocrx_word' id='word_1_702' title='bbox 1182 5229 1435 5298; x_wconf 87' lang='grc' dir='ltr'>θεωρίαν,</span> <span class='ocrx_word' id='word_1_703' title='bbox 1499 5230 1592 5281; x_wconf 75' lang='grc' dir='ltr'><strong>καὶ</strong></span> <span class='ocrx_word' id='word_1_704' title='bbox 1623 5232 1699 5292; x_wconf 79' lang='grc' dir='ltr'>εἰς</span> 
     </span>
    </p>
   </div>
   <div class='ocr_carea' id='block_1_97' title="bbox 149 5321 1697 5396">
    <p class='ocr_par' dir='ltr' id='par_1_97' title="bbox 149 5321 1697 5396">
     <span class='ocr_line' id='line_1_97' title="bbox 149 5321 1697 5396; baseline -0.002 -21"><span class='ocrx_word' id='word_1_705' title='bbox 149 5325 255 5377; x_wconf 78' lang='grc' dir='ltr'>θεὸν</span> <span class='ocrx_word' id='word_1_706' title='bbox 296 5328 465 5396; x_wconf 82' lang='grc' dir='ltr'>Λόγον</span> <span class='ocrx_word' id='word_1_707' title='bbox 498 5325 716 5388; x_wconf 81' lang='grc' dir='ltr'><strong>ξδικῶς’</strong></span> <span class='ocrx_word' id='word_1_708' title='bbox 749 5324 833 5376; x_wconf 86' lang='grc' dir='ltr'>ἶνα</span> <span class='ocrx_word' id='word_1_709' title='bbox 877 5323 952 5392; x_wconf 83' lang='grc' dir='ltr'>μὴ</span> <span class='ocrx_word' id='word_1_710' title='bbox 992 5321 1086 5374; x_wconf 75' lang='grc' dir='ltr'><strong>δύο</strong></span> <span class='ocrx_word' id='word_1_711' title='bbox 1123 5321 1332 5390; x_wconf 84' lang='grc' dir='ltr'>νοῶμεν</span> <span class='ocrx_word' id='word_1_712' title='bbox 1377 5321 1544 5385; x_wconf 78' lang='grc' dir='ltr'>υἱοὺς,</span> <span class='ocrx_word' id='word_1_713' title='bbox 1585 5321 1697 5373; x_wconf 80' lang='grc' dir='ltr'>ἀλλ’</span> 
     </span>
    </p>
   </div>
   <div class='ocr_carea' id='block_1_98' title="bbox 211 5497 1598 5570">
    <p class='ocr_par' dir='ltr' id='par_1_98' title="bbox 211 5497 1598 5570">
     <span class='ocr_line' id='line_1_98' title="bbox 211 5497 1598 5570; baseline -0.004 -12"><span class='ocrx_word' id='word_1_714' title='bbox 211 5507 244 5535; x_wconf 84' lang='lat'>“</span> <span class='ocrx_word' id='word_1_715' title='bbox 265 5503 370 5561; x_wconf 83' lang='lat' dir='ltr'><strong>Jac.</strong></span> <span class='ocrx_word' id='word_1_716' title='bbox 399 5523 438 5570; x_wconf 90' lang='grc' dir='ltr'><strong>ι,</strong></span> <span class='ocrx_word' id='word_1_717' title='bbox 472 5507 562 5561; x_wconf 82' lang='lat'><strong>17.</strong></span> <span class='ocrx_word' id='word_1_718' title='bbox 642 5506 685 5536; x_wconf 83' lang='lat'>&quot;</span> <span class='ocrx_word' id='word_1_719' title='bbox 714 5503 876 5556; x_wconf 85' lang='lat' dir='ltr'><strong>Hebr.</strong></span> <span class='ocrx_word' id='word_1_720' title='bbox 911 5518 948 5564; x_wconf 89' lang='grc' dir='ltr'><strong>ι,</strong></span> <span class='ocrx_word' id='word_1_721' title='bbox 976 5502 1029 5556; x_wconf 81' lang='grc'><strong>5.</strong></span> <span class='ocrx_word' id='word_1_722' title='bbox 1113 5499 1193 5551; x_wconf 80' lang='grc' dir='ltr'><strong>¹³Ι</strong></span> <span class='ocrx_word' id='word_1_723' title='bbox 1229 5498 1370 5552; x_wconf 89' lang='lat' dir='ltr'><strong>Tim.</strong></span> <span class='ocrx_word' id='word_1_724' title='bbox 1403 5515 1481 5562; x_wconf 89' lang='lat' dir='ltr'><strong>III,</strong></span> <span class='ocrx_word' id='word_1_725' title='bbox 1518 5497 1598 5552; x_wconf 80' lang='grc'><strong>16.</strong></span> 
     </span>
    </p>
   </div>
   <div class='ocr_carea' id='block_1_99' title="bbox 1811 4687 3382 4757">
    <p class='ocr_par' dir='ltr' id='par_1_99' title="bbox 1811 4687 3382 4757">
     <span class='ocr_line' id='line_1_99' title="bbox 1811 4687 3382 4757; baseline 0.001 -18"><span class='ocrx_word' id='word_1_726' title='bbox 1811 4698 1920 4740; x_wconf 85' lang='grc' dir='ltr'>ιιιιιι</span> <span class='ocrx_word' id='word_1_727' title='bbox 1973 4687 2043 4741; x_wconf 90' lang='lat' dir='ltr'><strong>sit</strong></span> <span class='ocrx_word' id='word_1_728' title='bbox 2099 4688 2148 4741; x_wconf 90' lang='lat' dir='ltr'><strong>in</strong></span> <span class='ocrx_word' id='word_1_729' title='bbox 2174 4704 2416 4752; x_wconf 89' lang='lat' dir='ltr'><strong>carnem,</strong></span> <span class='ocrx_word' id='word_1_730' title='bbox 2453 4697 2512 4742; x_wconf 86' lang='lat' dir='ltr'><strong>ut</strong></span> <span class='ocrx_word' id='word_1_731' title='bbox 2545 4689 2701 4742; x_wconf 84' lang='lat' dir='ltr'><strong>modo</strong></span> <span class='ocrx_word' id='word_1_732' title='bbox 2749 4689 3061 4742; x_wconf 84' lang='lat' dir='ltr'><strong>dicebamus</strong></span> <span class='ocrx_word' id='word_1_733' title='bbox 3099 4707 3112 4754; x_wconf 87' lang='lat'><strong>;</strong></span> <span class='ocrx_word' id='word_1_734' title='bbox 3163 4691 3256 4744; x_wconf 91' lang='lat' dir='ltr'><strong>sed</strong></span> <span class='ocrx_word' id='word_1_735' title='bbox 3289 4706 3382 4757; x_wconf 63' lang='lat' dir='ltr'><strong>po.</strong></span> 
     </span>
    </p>
   </div>
   <div class='ocr_carea' id='block_1_100' title="bbox 1810 4775 3379 4848">
    <p class='ocr_par' dir='ltr' id='par_1_100' title="bbox 1810 4775 3379 4848">
     <span class='ocr_line' id='line_1_100' title="bbox 1810 4775 3379 4848; baseline 0.003 -19"><span class='ocrx_word' id='word_1_736' title='bbox 1810 4777 1914 4830; x_wconf 90' lang='lat' dir='ltr'><strong>tius</strong></span> <span class='ocrx_word' id='word_1_737' title='bbox 1981 4777 2122 4843; x_wconf 88' lang='lat' dir='ltr'><strong>quod</strong></span> <span class='ocrx_word' id='word_1_738' title='bbox 2188 4791 2408 4830; x_wconf 86' lang='lat' dir='ltr'><strong>carnem</strong></span> <span class='ocrx_word' id='word_1_739' title='bbox 2478 4792 2543 4830; x_wconf 83' lang='lat' dir='ltr'><strong>ex</strong></span> <span class='ocrx_word' id='word_1_740' title='bbox 2598 4788 2786 4831; x_wconf 79' lang='lat' dir='ltr'><strong>sancta</strong></span> <span class='ocrx_word' id='word_1_741' title='bbox 2834 4775 3057 4846; x_wconf 86' lang='lat' dir='ltr'><strong>Virgine</strong></span> <span class='ocrx_word' id='word_1_742' title='bbox 3111 4785 3379 4848; x_wconf 79' lang='lat' dir='ltr'><strong>sumptam</strong></span> 
     </span>
    </p>
   </div>
   <div class='ocr_carea' id='block_1_101' title="bbox 1809 4867 3376 4938">
    <p class='ocr_par' dir='ltr' id='par_1_101' title="bbox 1809 4867 3376 4938">
     <span class='ocr_line' id='line_1_101' title="bbox 1809 4867 3376 4938; baseline 0.006 -20"><span class='ocrx_word' id='word_1_743' title='bbox 1809 4867 2079 4936; x_wconf 87' lang='lat' dir='ltr'><strong>propriam</strong></span> <span class='ocrx_word' id='word_1_744' title='bbox 2102 4868 2201 4921; x_wconf 87' lang='lat' dir='ltr'><strong>sibi</strong></span> <span class='ocrx_word' id='word_1_745' title='bbox 2229 4867 2436 4933; x_wconf 82' lang='lat' dir='ltr'><strong>fecerit,</strong></span> <span class='ocrx_word' id='word_1_746' title='bbox 2457 4883 2596 4922; x_wconf 89' lang='lat' dir='ltr'><strong>unus</strong></span> <span class='ocrx_word' id='word_1_747' title='bbox 2614 4869 2862 4938; x_wconf 85' lang='lat' dir='ltr'><strong>idemque</strong></span> <span class='ocrx_word' id='word_1_748' title='bbox 2885 4867 3051 4924; x_wconf 82' lang='lat' dir='ltr'><strong>Filius</strong></span> <span class='ocrx_word' id='word_1_749' title='bbox 3080 4871 3376 4926; x_wconf 81' lang='lat' dir='ltr'><strong>exsistens:</strong></span> 
     </span>
    </p>
   </div>
   <div class='ocr_carea' id='block_1_102' title="bbox 1793 4959 3377 5030">
    <p class='ocr_par' dir='ltr' id='par_1_102' title="bbox 1793 4959 3377 5030">
     <span class='ocr_line' id='line_1_102' title="bbox 1793 4959 3377 5030; baseline 0.003 -18"><span class='ocrx_word' id='word_1_750' title='bbox 1793 4967 1932 5013; x_wconf 79' lang='lat' dir='ltr'><strong>ante</strong></span> <span class='ocrx_word' id='word_1_751' title='bbox 1977 4959 2404 5014; x_wconf 79' lang='lat' dir='ltr'><strong>incarnationem</strong></span> <span class='ocrx_word' id='word_1_752' title='bbox 2456 4961 2671 5029; x_wconf 86' lang='lat' dir='ltr'><strong>quidem</strong></span> <span class='ocrx_word' id='word_1_753' title='bbox 2707 4972 2957 5030; x_wconf 84' lang='lat' dir='ltr'><strong>tanquam</strong></span> <span class='ocrx_word' id='word_1_754' title='bbox 2992 4961 3224 5016; x_wconf 85' lang='lat' dir='ltr'><strong>Verbum</strong></span> <span class='ocrx_word' id='word_1_755' title='bbox 3257 4972 3377 5017; x_wconf 85' lang='lat' dir='ltr'><strong>lan-</strong></span> 
     </span>
    </p>
   </div>
   <div class='ocr_carea' id='block_1_103' title="bbox 1807 5051 3376 5119">
    <p class='ocr_par' dir='ltr' id='par_1_103' title="bbox 1807 5051 3376 5119">
     <span class='ocr_line' id='line_1_103' title="bbox 1807 5051 3376 5119; baseline 0.001 -15"><span class='ocrx_word' id='word_1_756' title='bbox 1807 5060 1919 5104; x_wconf 92' lang='lat' dir='ltr'><strong>tum</strong></span> <span class='ocrx_word' id='word_1_757' title='bbox 1952 5051 2131 5104; x_wconf 90' lang='lat' dir='ltr'><strong>carnis</strong></span> <span class='ocrx_word' id='word_1_758' title='bbox 2168 5065 2360 5119; x_wconf 84' lang='lat' dir='ltr'><strong>expers</strong></span> <span class='ocrx_word' id='word_1_759' title='bbox 2391 5067 2406 5114; x_wconf 90' lang='lat'><strong>;</strong></span> <span class='ocrx_word' id='word_1_760' title='bbox 2441 5061 2560 5119; x_wconf 93' lang='lat' dir='ltr'><strong>post</strong></span> <span class='ocrx_word' id='word_1_761' title='bbox 2608 5053 3034 5106; x_wconf 88' lang='lat' dir='ltr'><strong>incarnationem</strong></span> <span class='ocrx_word' id='word_1_762' title='bbox 3071 5068 3196 5107; x_wconf 83' lang='lat' dir='ltr'><strong>vero</strong></span> <span class='ocrx_word' id='word_1_763' title='bbox 3238 5054 3376 5108; x_wconf 90' lang='lat' dir='ltr'><strong>idem</strong></span> 
     </span>
    </p>
   </div>
   <div class='ocr_carea' id='block_1_104' title="bbox 1808 5142 3374 5216">
    <p class='ocr_par' dir='ltr' id='par_1_104' title="bbox 1808 5142 3374 5216">
     <span class='ocr_line' id='line_1_104' title="bbox 1808 5142 3374 5216; baseline 0.002 -21"><span class='ocrx_word' id='word_1_764' title='bbox 1808 5142 1967 5216; x_wconf 86' lang='lat' dir='ltr'><strong>etiam</strong></span> <span class='ocrx_word' id='word_1_765' title='bbox 2003 5143 2053 5196; x_wconf 92' lang='lat' dir='ltr'><strong>in</strong></span> <span class='ocrx_word' id='word_1_766' title='bbox 2077 5158 2323 5212; x_wconf 91' lang='lat' dir='ltr'><strong>corpore.</strong></span> <span class='ocrx_word' id='word_1_767' title='bbox 2351 5144 2420 5196; x_wconf 86' lang='lat' dir='ltr'><strong>At</strong></span> <span class='ocrx_word' id='word_1_768' title='bbox 2463 5146 2590 5199; x_wconf 89' lang='lat' dir='ltr'><strong>hinc</strong></span> <span class='ocrx_word' id='word_1_769' title='bbox 2648 5155 2731 5199; x_wconf 85' lang='lat' dir='ltr'><strong>est</strong></span> <span class='ocrx_word' id='word_1_770' title='bbox 2796 5155 2854 5198; x_wconf 91' lang='lat' dir='ltr'><strong>ut</strong></span> <span class='ocrx_word' id='word_1_771' title='bbox 2911 5146 3156 5199; x_wconf 88' lang='lat' dir='ltr'><strong>eumdem</strong></span> <span class='ocrx_word' id='word_1_772' title='bbox 3207 5144 3374 5200; x_wconf 90' lang='lat' dir='ltr'><strong>Demn</strong></span> 
     </span>
    </p>
   </div>
   <div class='ocr_carea' id='block_1_105' title="bbox 1807 5233 3377 5297">
    <p class='ocr_par' dir='ltr' id='par_1_105' title="bbox 1807 5233 3377 5297">
     <span class='ocr_line' id='line_1_105' title="bbox 1807 5233 3377 5297; baseline 0.003 -13"><span class='ocrx_word' id='word_1_773' title='bbox 1807 5233 1965 5285; x_wconf 88' lang='lat' dir='ltr'><strong>simul</strong></span> <span class='ocrx_word' id='word_1_774' title='bbox 2004 5244 2057 5286; x_wconf 91' lang='lat' dir='ltr'><strong>et</strong></span> <span class='ocrx_word' id='word_1_775' title='bbox 2106 5235 2375 5288; x_wconf 86' lang='lat' dir='ltr'><strong>imminent</strong></span> <span class='ocrx_word' id='word_1_776' title='bbox 2435 5251 2554 5290; x_wconf 83' lang='lat' dir='ltr'><strong>esse</strong></span> <span class='ocrx_word' id='word_1_777' title='bbox 2593 5237 2856 5297; x_wconf 80' lang='lat' dir='ltr'><strong>dicamus,</strong></span> <span class='ocrx_word' id='word_1_778' title='bbox 2901 5253 3005 5290; x_wconf 91' lang='lat' dir='ltr'><strong>non</strong></span> <span class='ocrx_word' id='word_1_779' title='bbox 3061 5237 3377 5290; x_wconf 78' lang='lat' dir='ltr'><strong>divelleutes</strong></span> 
     </span>
    </p>
   </div>
   <div class='ocr_carea' id='block_1_106' title="bbox 1805 5323 3373 5397">
    <p class='ocr_par' dir='ltr' id='par_1_106' title="bbox 1805 5323 3373 5397">
     <span class='ocr_line' id='line_1_106' title="bbox 1805 5323 3373 5397; baseline 0.003 -21"><span class='ocrx_word' id='word_1_780' title='bbox 1805 5339 1926 5376; x_wconf 86' lang='lat' dir='ltr'><strong>eum</strong></span> <span class='ocrx_word' id='word_1_781' title='bbox 1987 5323 2037 5376; x_wconf 91' lang='lat' dir='ltr'><strong>in</strong></span> <span class='ocrx_word' id='word_1_782' title='bbox 2081 5324 2350 5378; x_wconf 82' lang='lat' dir='ltr'><strong>hominem</strong></span> <span class='ocrx_word' id='word_1_783' title='bbox 2395 5342 2634 5381; x_wconf 85' lang='lat' dir='ltr'><strong>seorsum</strong></span> <span class='ocrx_word' id='word_1_784' title='bbox 2668 5343 2761 5396; x_wconf 90' lang='lat' dir='ltr'><strong>per</strong></span> <span class='ocrx_word' id='word_1_785' title='bbox 2804 5342 2860 5381; x_wconf 86' lang='lat' dir='ltr'><strong>se</strong></span> <span class='ocrx_word' id='word_1_786' title='bbox 2903 5327 3158 5397; x_wconf 84' lang='lat' dir='ltr'><strong>positum,</strong></span> <span class='ocrx_word' id='word_1_787' title='bbox 3211 5339 3264 5380; x_wconf 90' lang='lat' dir='ltr'><strong>et</strong></span> <span class='ocrx_word' id='word_1_788' title='bbox 3322 5329 3373 5380; x_wconf 90' lang='lat' dir='ltr'><strong>in</strong></span> 
     </span>
    </p>
   </div>
   <div class='ocr_carea' id='block_1_107' title="bbox 1173 5650 2351 5720">
    <p class='ocr_par' dir='ltr' id='par_1_107' title="bbox 1173 5650 2351 5720">
     <span class='ocr_line' id='line_1_107' title="bbox 1173 5650 2351 5720; baseline -0.003 -12"><span class='ocrx_word' id='word_1_789' title='bbox 1173 5654 1346 5708; x_wconf 69' lang='lat' dir='ltr'><strong>Variae</strong></span> <span class='ocrx_word' id='word_1_790' title='bbox 1383 5653 1642 5707; x_wconf 74' lang='lat' dir='ltr'><strong>lectiones</strong></span> <span class='ocrx_word' id='word_1_791' title='bbox 1667 5668 1727 5706; x_wconf 76' lang='lat' dir='ltr'><strong>ex</strong></span> <span class='ocrx_word' id='word_1_792' title='bbox 1763 5651 1948 5704; x_wconf 74' lang='lat' dir='ltr'><strong>codice</strong></span> <span class='ocrx_word' id='word_1_793' title='bbox 1976 5650 2351 5720; x_wconf 82' lang='lat' dir='ltr'><strong>Seguieriano.</strong></span> 
     </span>
    </p>
   </div>
   <div class='ocr_carea' id='block_1_108' title="bbox 209 5809 1458 5894">
    <p class='ocr_par' dir='ltr' id='par_1_108' title="bbox 209 5809 1458 5894">
     <span class='ocr_line' id='line_1_108' title="bbox 209 5809 1458 5894; baseline -0.008 -23"><span class='ocrx_word' id='word_1_794' title='bbox 209 5820 220 5871; x_wconf 76' lang='grc' dir='ltr'><strong>ι</strong></span> <span class='ocrx_word' id='word_1_795' title='bbox 252 5823 466 5894; x_wconf 72' lang='grc' dir='ltr'>πέφηνε,</span> <span class='ocrx_word' id='word_1_796' title='bbox 549 5820 574 5858; x_wconf 77' lang='grc' dir='ltr'>ιι</span> <span class='ocrx_word' id='word_1_797' title='bbox 605 5814 742 5886; x_wconf 77' lang='grc' dir='ltr'>γάρ.</span> <span class='ocrx_word' id='word_1_798' title='bbox 822 5811 837 5851; x_wconf 82' lang='grc' dir='ltr'>ι</span> <span class='ocrx_word' id='word_1_799' title='bbox 875 5815 902 5866; x_wconf 87' lang='lat'><strong>6</strong></span> <span class='ocrx_word' id='word_1_800' title='bbox 935 5813 1093 5874; x_wconf 77' lang='grc' dir='ltr'>αὐτὸς</span> <span class='ocrx_word' id='word_1_801' title='bbox 1129 5809 1458 5879; x_wconf 69' lang='grc' dir='ltr'>ἐνσώματοςν</span> 
     </span>
    </p>
   </div>
   <div class='ocr_carea' id='block_1_109' title="bbox 309 5909 1074 5982">
    <p class='ocr_par' dir='ltr' id='par_1_109' title="bbox 309 5909 1074 5982">
     <span class='ocr_line' id='line_1_109' title="bbox 309 5909 1074 5982; baseline -0.018 0"><span class='ocrx_word' id='word_1_802' title='bbox 309 5921 590 5982; x_wconf 66' lang='lat' dir='ltr'><strong>Parnm.</strong></span> <span class='ocrx_word' id='word_1_803' title='bbox 636 5913 751 5971; x_wconf 70' lang='lat' dir='ltr'><strong>(is.</strong></span> <span class='ocrx_word' id='word_1_804' title='bbox 812 5909 1074 5970; x_wconf 22' lang='lat' dir='ltr'><strong>LXXVI:</strong></span> 
     </span>
    </p>
   </div>
   <div class='ocr_carea' id='block_1_110' title="bbox 2981 5905 3048 5966">
    <p class='ocr_par' dir='ltr' id='par_1_110' title="bbox 2981 5905 3048 5966">
     <span class='ocr_line' id='line_1_110' title="bbox 2981 5905 3048 5966; baseline -0.015 0"><span class='ocrx_word' id='word_1_805' title='bbox 2981 5905 3048 5966; x_wconf 88' lang='grc'>10</span> 
     </span>
    </p>
   </div>
  </div>
