4106 6474
711 420 818 478 299

1747 416 1803 472 S.
1846 413 2123 471 CYRILLI
2161 412 2635 470 ALEXANDRINI
2673 414 2996 472 ARCHIEP.

3873 417 3986 475 δυο

716 534 883 589 Deum
914 532 1148 589 Verbum
1190 533 1480 603 seiunctim
1519 546 1616 602 per
1667 547 1726 587 sc
1761 533 2188 596 consideratum,
2234 549 2296 588 ne

2405 533 2499 586 ἕνα
2535 533 2745 586 καὶτὸν
2788 534 2951 587 αὑτὸν
2976 532 3364 604 ὁμολογοῦντες
3389 533 3480 588 τὸν
3525 534 3688 589 αὑτὸν
3726 535 3985 606 Χριστὸν,

711 627 847 681 duos
899 627 1001 681 hac
1061 626 1272 680 ratione
1345 624 1486 679 lilios
1538 622 2064 694 intelligamus;sed
2130 640 2293 677 unum

708 716 1065 785 eamdemque
1096 715 1373 770 Christum
1430 723 1485 769 et
1531 713 1728 768 Filium
1775 723 1827 768 et
1868 713 2151 768 Dominum
2176 728 2296 769 esse

711 807 1049 862 ccttiltentes.
1069 806 1170 872 Qui
1203 815 1386 860 autem
1419 805 1522 860 hoc
1546 819 1706 860 secus
1730 805 1936 860 habere
1956 805 2293 868 existimant,

710 909 802 952 aut
851 913 956 952 non
995 898 1070 952 ita
1113 899 1302 952 volunt
1346 899 1596 961 credere,
1655 898 1751 950 sed
1797 911 1960 949 unum
1988 896 2183 950 Filium
2241 897 2295 950 in

711 994 846 1045 duos
869 989 1288 1058 dispertiuntur,
1309 1001 1365 1046 et
1401 1005 1520 1060 qua:
1569 1002 1628 1043 re
1655 988 1770 1057 ipsa
1816 988 2100 1057 conjuncta
2149 997 2295 1052 sunt,

711 1098 740 1136 a
787 1097 845 1136 se
903 1082 1256 1152 disjungum,
1325 1082 1583 1151 aiuntque
1651 1079 1924 1136 hominem
1999 1079 2295 1134 secundum

711 1175 988 1242 dignitatis
1042 1174 1122 1226 vel
1185 1173 1523 1227 auctoritatis
1569 1171 1905 1225 consortium
1965 1171 2074 1224 Deo
2165 1184 2297 1225 con-

705 1267 950 1334 junctum
982 1279 1101 1319 esse
1134 1281 1148 1329 ;
1183 1279 1278 1318 eos
1306 1278 1334 1316 a
1363 1271 1510 1317 recta
1540 1262 1924 1333 inculpataque
1957 1263 2060 1317 [ide
2091 1261 2296 1318 alienos

711 1356 960 1410 dicimus.
1016 1354 1276 1420 Quamvis
1323 1368 1453 1422 ergo
1515 1356 1792 1422 apostolus
1855 1353 2162 1406 nominetur
2195 1354 2290 1416 η’,

714 1459 1018 1517 unctusque
1049 1456 1104 1502 et
1130 1445 1223 1499 Dei
1263 1443 1433 1500 Filius
1474 1445 1788 1516 designatus
1828 1445 2044 1499 dicatur
2079 1445 2143 1506 ⁸⁸,
2191 1462 2294 1500 non

713 1539 1088 1593 erubescimus
1154 1536 1633 1606 dispensationem.
1704 1533 2052 1589 Aliirmamus
2113 1546 2295 1590 autem

716 1630 806 1682 Dei
837 1628 1012 1682 Patris
1050 1627 1283 1682 Verbum
1320 1637 1450 1681 tunc
1498 1625 1716 1680 demum
1761 1626 2064 1696 apostolum
2117 1627 2295 1681 norni-

715 1732 922 1786 natum,
971 1729 1023 1776 et
1047 1721 1324 1775 nobiscum
1377 1719 1676 1774 secundum
1705 1718 2094 1773 humanitatem
2141 1720 2298 1773 inun-

713 1825 857 1866 ctnnt
889 1827 1032 1874 esse,
1062 1815 1280 1880 quando
1305 1810 1498 1865 similis
1533 1807 1694 1880 159
1721 1809 1877 1864 nobis
1903 1809 2065 1865 homo
2097 1809 2293 1864 factum

2399 626 2493 676 καὶ
2525 625 2674 686 Υίὸν,
2709 626 2804 678 καὶ
2833 626 3059 694 Κύριον.
3091 626 3230 688 Τοῦς
3254 625 3310 678 δὲ
3338 626 3414 698 μὴ
3443 626 3614 690 οὕτως
3647 627 3792 696 ἔχειν
3828 629 3988 682 Omt-

2399 713 2662 784 ληφότας.
2699 716 2864 785 ἧγουν
2897 718 3172 770 πιστεύειν
3223 715 3523 781 ἐθέλοντας,
3557 717 3891 788 διορίζοντας
3926 721 3989 774 δὲ

2398 807 2478 868 εἰς
2501 806 2646 868 υἱοὺς
2673 805 2765 858 δύο
2790 807 2880 858 τὸν
2905 807 3022 870 ἕνα,
3059 808 3152 859 καὶ
3183 807 3489 871 διιστάντας
3519 808 3616 861 ἀπ’
3645 807 3892 878 ἀλλήλων
3915 809 3990 862 τά

2399 896 2651 967 ἡνωμένα
2697 897 2840 951 κατὰ
2869 897 3148 966 ἀλήθειαν,
3181 898 3488 966 φάσκοντας
3528 899 3585 952 δὲ
3623 900 3764 952 κατά
3813 899 3990 968 μόνην

2398 989 2498 1059 τὴν
2527 988 2704 1054 ἀξίαν,
2734 991 2854 1059 ἤτοι
2896 989 3202 1053 αύθεντίαν,
3237 989 3529 1060 ἀνθρώπου
3564 989 3820 1058 γενέσθαι
3856 1006 3990 1042 συν-

2399 1080 2596 1148 ἀφειαν
2618 1081 2755 1150 πρὸς
2779 1080 2932 1144 Θεὸν,
2958 1081 3055 1150 τῆς
3084 1081 3268 1152 ὀρθῆς,
3293 1083 3386 1133 καὶ
3407 1082 3714 1152 ἀμωμήτου
3747 1081 3990 1143 πίστεως

2398 1169 2713 1240 ἀλλοτρίους
2746 1166 2888 1223 εἶναι
2924 1188 3128 1240 φαμεν.
3165 1171 3327 1224 Ὥστε
3384 1170 3488 1223 κᾶν
3522 1169 3817 1232 ἀπόστολος
3867 1171 3991 1221 ὀνο-

2402 1259 2662 1332 μάζηται,
2699 1263 2799 1316 κᾶν
2830 1262 3113 1333 κεχρῖσθαι
3159 1261 3406 1330 λέγηται,
3440 1262 3535 1314 καὶ
3567 1261 3646 1324 είς
3692 1261 3819 1313 Υίὸν
3848 1259 3982 1328 dipt-

2401 1352 2524 1406 σθαι
2565 1351 2723 1416 Θεοῦ,
2749 1355 2849 1405 οὐκ
2893 1353 3262 1422 αἰσχυνόμεθα
3302 1353 3399 1422 τὴν
3423 1351 3754 1421 οἰκονομίαν.
3811 1351 3991 1404 Αὑτὸν

2397 1443 2456 1497 δέ
2488 1462 2668 1515 φαμεν
2700 1445 2791 1497 τὸν
2821 1447 2885 1498 ὲκ
2921 1444 3056 1497 Θεοῦ
3083 1445 3297 1514 Πατρὸς
3325 1444 3520 1512 Λόγον,
3560 1444 3649 1495 ὅτε
3685 1443 3804 1496 καθ’
3836 1445 3990 1511 ἡμᾶς

2399 1537 2621 1604 γέγονεν
2648 1537 2955 1608 ἄνθρωπος.
2983 1536 3300 1606 ὠνομάσθαι
3336 1536 3401 1606 δὴ
3446 1537 3568 1589 τότε
3608 1535 3702 1588 καὶ
3752 1537 3993 1588 ἀπόστο-

2399 1628 2508 1692 λον,
2539 1629 2634 1682 καὶ
2669 1627 2955 1699 κεχρϊσθαι
2993 1628 3050 1681 δὲ
3094 1628 3214 1698 μεθ’
3255 1627 3412 1698 ἡμῶν
3441 1631 3582 1681 κατὰ
3609 1627 3668 1680 τὸ
3708 1626 3996 1692 ἀνθρώπια»

2399 1739 2510 1775 νον.
2555 1721 2615 1776 Ὀ
2659 1723 2768 1792 γὰρ
2798 1721 3036 1790 γεγονὼς
3083 1720 3206 1775 καθ’
3246 1723 3418 1791 ἡμᾶς,
3464 1722 3511 1773 εί
3543 1721 3633 1773 καὶ
3681 1721 3996 1789 μεμένηκεν

2399 1815 2537 1885 ὅπερ
2583 1809 2672 1884 ἦν,
2735 1815 2797 1867 ού
2845 1815 3192 1884 παραιτεῖται
3242 1812 3310 1865 τὰ
3361 1812 3540 1880 ἡμῶν.
3602 1812 3891 1882 Προσίεται
3939 1811 3996 1861 δὲ

712 1915 812 1956 est.
847 1901 948 1967 Qui
986 1903 1130 1955 enim
1187 1901 1341 1954 nobis
1373 1899 1719 1954 assimilatus
1750 1909 1856 1963 est,
1893 1899 2020 1955 licet
2062 1901 2112 1955 id
2147 1902 2290 1970 quod

2403 1873 2618 1975 μᾶλλον.
2632 1873 2768 1974 ὁμοῦ
2798 1873 3039 1974 tok'zic
3077 1873 3496 1973 ἀνθρωπότητος
3543 1873 3762 1970 μέτροις
3795 1899 3863 1952 τά
3901 1901 3996 1951 ἀν-

714 2004 831 2048 erat
882 1993 1162 2056 manserit,
1213 2007 1333 2061 qua:
1378 1998 1563 2045 nostra
1607 1999 1733 2044 sunt
1798 2006 1902 2045 non
1959 2002 2288 2046 aversatur:

716 2086 823 2137 imo
848 2097 974 2136 vero
1017 2091 1243 2152 propter
1298 2082 1760 2152 dispensationem
1813 2096 1876 2136 ea
1927 2083 2129 2148 omnia,
2173 2099 2292 2152 quae

715 2174 780 2227 ad
806 2176 1098 2228 lmmanarn
1142 2181 1393 2227 naturam
1432 2174 1732 2242 pertinent,
1765 2187 1887 2226 cum
1931 2172 2290 2229 humanitatis

2400 1995 2647 2066 θρὼπινα
2669 1996 2756 2049 διά
2786 1996 2886 2066 τὴν
2921 1994 3254 2064 οἰκονομίαν,
3300 1992 3456 2044 οὐδὲν
3506 1991 3756 2046 ἐντεῦθεν
3783 1993 3865 2054 είς
3911 1993 3997 2045 οἱ·

2397 2089 2551 2142 κείαν
2583 2087 2939 2156 ἀδικούμενος
2963 2086 3140 2150 δόξαν,
3174 2085 3206 2155 ἢ
3241 2083 3401 2153 φύσιν
3432 2101 3446 2114 ο
3484 2083 3600 2136 ἔστι
3643 2085 3752 2153 γὰρ
3787 2084 3872 2136 ἐτι
3899 2084 3997 2137 καὶ

2397 2177 2540 2231 οὕτω
2571 2179 2726 2242 Θεὸς,
2758 2180 2853 2232 καὶ
2881 2178 2989 2231 τῶν
3015 2179 3152 2230 ὅλων
3196 2175 3422 2246 Κύριος.

715 2262 983 2318 mensuris
1012 2261 1173 2316 simul
1235 2262 1526 2316 admittit:
1580 2275 1755 2329 neque
1783 2261 1951 2315 ullum
2020 2263 2145 2317 hinc
2183 2273 2361 2320 tamen
2397 2269 2694 2322 secundum
2747 2269 3020 2338 prOpriam
3077 2277 3354 2332 naturam,
3408 2264 3492 2321 vel
3541 2265 3991 2338 gloriam.detri-

715 2369 954 2413 mentum
1007 2357 1199 2426 capit:
1238 2372 1320 2411 est
1362 2357 1510 2411 enim
1563 2357 1744 2411 adhuc
1779 2357 1946 2411 etiam
1992 2358 2094 2413 hoc
2130 2361 2291 2416 modo
2331 2364 2470 2420 Deus
2495 2379 2560 2419 ac
2599 2365 2860 2420 Dominus
2897 2364 3167 2418 omnium.

1123 2472 1768 2531 ANATIIEMATISMUS
1803 2473 1892 2531 lll.

786 2589 843 2644 Si
872 2589 993 2658 quis
1029 2588 1082 2642 in
1119 2602 1228 2642 uno
1259 2586 1475 2642 Christo
1506 2598 1629 2656 post
1667 2589 1922 2644 unionem
1964 2589 2157 2643 dividit
2191 2591 2292 2660 hy-

714 2691 983 2751 postases,
1022 2680 1279 2748 ipsasque
1327 2693 1390 2731 ea
1448 2687 1655 2732 tantum
1705 2681 2096 2750 conjunctione
2154 2682 2298 2736 inter

714 2788 773 2827 se
801 2770 1094 2832 connectit,
1119 2783 1237 2838 quae
1258 2778 1342 2822 est
1372 2771 1670 2824 secundum
1703 2771 2040 2840 dignitatem,
2094 2774 2195 2827 hoc
2216 2785 2298 2828 est

714 2864 1116 2924 auctoritatem,
1173 2859 1256 2914 vel
1316 2870 1661 2930 potestatem,
1713 2873 1770 2916 et
1829 2879 1934 2917 non
1989 2878 2054 2917 eo
2117 2867 2295 2932 potius

714 2969 1001 3017 concursu,
1029 2952 1118 3020 qui
1169 2961 1252 3007 est
1291 2953 1588 3006 secundum
1649 2954 1956 3009 naturalem
1989 2956 2241 3011 unionem
2279 2973 2291 3008 :

716 3045 1004 3098 anathema
1035 3043 1123 3096 sit.

1266 3154 1565 3210 Declaralio
1600 3159 1778 3211 tertia.

789 3269 1058 3325 lucarnati
1119 3267 1392 3339 Unigeniti
1457 3269 1912 3338 diepensatorium
1983 3275 2296 3342 mysterium

717 3369 968 3413 accurate
992 3357 1350 3426 inquirentes,
1379 3355 1474 3410 Dei
1513 3354 1693 3411 Patris
1722 3356 1959 3412 Verbum
1985 3358 2296 3413 admirabili

720 3449 1193 3520 inerplicabilique
1255 3449 1435 3514 modo,
1497 3458 1690 3504 sancto
1760 3450 1976 3520 corpori
2058 3453 2296 3505 animam

721 3543 949 3598 rationis
979 3551 1285 3611 compotem
1325 3540 1546 3595 habenti
1592 3541 1801 3595 unitum
1825 3542 2104 3608 “dicimus;
2137 3553 2300 3612 atque

721 3639 792 3689 ita
815 3651 1026 3705 quoque
1059 3650 1223 3690 unum
1263 3647 1383 3688 esse
1416 3632 1614 3688 Filium
1643 3634 2018 3705 intelligimus;
2040 3637 2300 3705 quemad-

721 3728 938 3782 modum
971 3727 1224 3782 nimirum
1273 3733 1326 3781 et
1367 3726 1421 3779 in
1467 3725 1624 3782 nobis
1670 3726 1802 3796 ipsis
1857 3742 2082 3784 cernere
2140 3728 2294 3783 licet:

721 3830 851 3875 sunt
881 3834 1010 3874 sane
1043 3819 1222 3872 anima
1277 3826 1332 3870 ct
1377 3831 1574 3886 corpus
1601 3828 1808 3872 natura:
1838 3818 2086 3886 diversae,
2109 3828 2166 3874 at
2196 3820 2300 3874 duo

723 3915 836 3967 haec
871 3915 1014 3965 inter
1061 3926 1119 3964 se
1155 3909 1442 3977 conjuncta
1493 3924 1660 3962 unum
1710 3910 1914 3964 animal
1943 3913 2299 3967 constituunt.

721 4005 918 4058 Verum
959 4012 1082 4058 sunt
1126 4001 1215 4070 qui
1245 4001 1403 4053 aliter
1438 3999 1553 4054 haec
1588 3999 1789 4054 habere
1825 4001 2137 4068 opinantur.
2171 4001 2299 4056 Sta-

723 4106 879 4149 tuunt
928 4095 980 4148 hi
1035 4096 1188 4149 nobis
1225 4094 1502 4149 imminem
1558 4105 1802 4146 seorsum
1838 4106 1933 4161 per
1962 4107 2042 4156 se,
2067 4108 2301 4164 eumque

723 4187 814 4240 Dci
838 4184 1013 4239 Patris
1054 4185 1230 4240 Verbo
1270 4185 1564 4239 secundum
1601 4183 1771 4237 solam
1812 4184 2130 4254 dignitatem
2186 4183 2303 4240 sive

721 4278 1105 4332 auctoritatem
1159 4276 1506 4346 conjunctum
1541 4277 1729 4330 dicunt
1765 4291 1780 4340 ;
1823 4276 2117 4331 secundum
2146 4285 2302 4330 natu—

721 4371 886 4424 ralem
941 4379 1142 4430 autem,
1203 4369 1305 4421 hoc
1349 4377 1452 4433 est,
1513 4383 1693 4421 veram
1721 4368 2000 4430 unionem,
2027 4377 2167 4422 etut
2206 4383 2302 4422 nos

720 4461 1010 4525 credimus,
1044 4475 1408 4529 nequaquam.
1456 4457 1590 4512 Nam
1633 4459 1707 4512 ita
1739 4460 1902 4514 etiam
1944 4460 2122 4513 divina
2154 4459 2303 4513 Scri-

723 4563 877 4623 ptura
905 4553 1071 4606 dicit:
1110 4572 1128 4603 ι
1166 4552 1228 4604 Et
1258 4566 1480 4605 eramus
1521 4561 1710 4605 natura
1762 4550 1854 4604 lilii
1895 4553 2010 4614 irae,
2057 4550 2202 4604 sicut
2247 4561 2302 4604 et

723 4648 907 4701 razteri
937 4647 980 4678 "
1015 4663 1028 4709 ;
1065 4665 1082 4698 ι
1121 4645 1272 4711 illud,
1305 4654 1518 4708 natura,
1568 4657 1792 4698 sumens
1831 4657 1950 4712 pro,
2009 4657 2156 4697 vere.
2196 4643 2297 4710 Qui

725 4741 904 4806 itaque
972 4737 1352 4791 subsistentias
1423 4744 1543 4804 post
1608 4733 1860 4788 unionem
1921 4733 2188 4798 dividunt,
2247 4743 2302 4787 et

723 4829 982 4897 singulas,
1030 4829 1128 4881 hoc
1181 4838 1284 4891 est,
1344 4827 1508 4880 Deum
1556 4835 1610 4880 et
1663 4826 1959 4889 hominem,
2007 4825 2296 4894 separatim

723 4933 948 4992 pOllllltl,
979 4920 1250 4988 talemque
1281 4919 1492 4972 illarum
1531 4919 1776 4988 copulam
1811 4918 2149 4987 contingunt,
2180 4933 2297 4988 quae

725 5014 1022 5069 secundum
1095 5013 1264 5067 solam
1319 5012 1634 5081 dignitatem
1682 5012 1968 5080 contingit,
2025 5011 2097 5063 illi
2168 5011 2302 5063 duos

723 5106 946 5160 munitm
1018 5104 1156 5158 lilios
1227 5106 1616 5166 constituunt;
1678 5117 1800 5157 cum
1873 5112 2050 5157 tamen
2114 5101 2299 5156 divina

726 5200 1005 5267 Scriptura
1031 5212 1196 5250 unum
1235 5195 1429 5250 Filium
1468 5206 1522 5248 et
1563 5195 1846 5249 Dominum
1886 5210 2006 5249 esse
2045 5193 2296 5249 aliirmet.

725 5289 902 5353 Quare
947 5296 1068 5355 post
1119 5301 1372 5339 arcanam
1433 5286 1577 5339 illam
1632 5284 1903 5353 copulam,
1962 5285 2078 5338 sive
2128 5284 2295 5338 Deum

727 5380 971 5435 nomines
1008 5377 1438 5441 Ennnanuelem,
1491 5378 1832 5431 incarnatunt
1875 5387 1928 5431 et
1975 5376 2296 5431 inhumana-

800 5539 864 5570 ⁸⁸⁸
889 5536 1049 5593 llebr.
1080 5553 1160 5602 In,
1196 5538 1241 5591 Ι.
1322 5538 1363 5567 ἰ
1393 5536 1533 5592 Psal.
1572 5553 1716 5604 XLIV,
1747 5537 1807 5602 8;
1840 5537 2002 5592 "cl"-
2035 5553 2077 5602 ³ο
2106 5537 2158 5592 9·

2835 2479 2928 2532 AN
2934 2478 3430 2533 ΑΘΕΜΔΤΙΣΜΟΣ
3481 2478 3556 2532 Γν.

2469 2591 2536 2643 Εἴ
2558 2608 2639 2654 τις
2663 2590 2756 2644 ἐπὶ
2777 2590 2871 2644 τοῦ
2898 2591 3016 2654 ἐνὸς
3047 2591 3284 2661 Χριστοῦ
3309 2591 3510 2662 διαιρεῖ
3526 2591 3625 2653 τάς
3658 2591 3997 2654 ὑποστάσεις

2401 2683 2540 2754 μετά
2559 2684 2657 2752 τὴν
2687 2683 2901 2748 ἕνωσιν,
2931 2684 3066 2755 μόνῃ
3109 2684 3395 2737 συνάπτων
3420 2683 3588 2746 asta;
3622 2683 3889 2753 συναφαῖα
3925 2686 3995 2752 τῇ

2399 2775 2541 2827 κατά
2567 2774 2664 2844 τὴν
2693 2774 2870 2839 ἀξίαν,
2909 2775 3080 2844 ἤγουν
3110 2774 3424 2837 αύθεντίαν,
3457 2773 3489 2844 ἢ
3520 2773 3863 2838 δυναστείαν,
3897 2775 3998 2825 καὶ

2402 2867 2520 2936 ούχλ⁸
2549 2866 2612 2937 δὴ
2640 2865 2839 2936 μᾶλλον
2867 2866 3085 2920 σύνοδον
3114 2865 3213 2938 τὴν
3236 2883 3271 2904 υ·
3304 2866 3424 2920 καθ’
3447 2867 3641 2919 ἕνωσιν
3668 2867 3910 2936 φυσικήν
3933 2876 3961 2902 υ
3979 2883 3993 2896 ·

2402 2957 2651 3028 ἀνάθεμα
2689 2959 2849 3012 ἔστω.

2991 3065 3301 3130 Ἐπίλυσις
3342 3072 3414 3134 γ’.

2328 3173 2370 3230 C
2474 3179 2586 3248 Τῆς
2615 3178 2752 3249 μετά
2798 3178 3001 3251 σαρκὸς
3044 3178 3355 3248 οἰκονομίας
3384 3177 3479 3231 τοῦ
3514 3177 3856 3246 Μονογενοῦς
3891 3197 3996 3232 πο-

2399 3269 2913 3340 λυπραγμονοῦντες
2957 3272 3018 3324 τὸ
3052 3273 3370 3343 μυστήριον,
3419 3270 3735 3342 παραδόξως
3786 3288 3845 3323 τε
3899 3275 4000 3324 καὶ

2400 3362 2729 3432 empsim;
2790 3363 3032 3432 ἡνῶσθαι
3091 3381 3271 3434 φαμεν
3324 3364 3466 3432 ἁγίῳ
3528 3364 3741 3433 σώματι
3804 3362 4000 3434 ψυχὴν

2400 3453 2574 3524 ἔχοντι
2597 3454 2844 3526 λογικὴν,
2888 3455 2980 3508 τὸν
3015 3457 3078 3508 ὲκ
3123 3455 3257 3508 Θεοῦ
3289 3456 3504 3526 Πατρὸς
3527 3456 3698 3522 Λόγον
3721 3472 3734 3485 ο
3787 3457 3886 3508 ἕνα
3936 3474 3997 3508 τε

2401 3547 2496 3600 καὶ
2537 3544 2685 3599 οὕτω
2729 3545 2959 3616 νοοῦμεν
3015 3546 3163 3608 Υίὸν,
3218 3545 3470 3617 καθάπερ
3525 3547 3718 3617 ἀμέλει
3763 3549 3858 3600 καὶ
3905 3548 3999 3616 ἐφ’

2401 3637 2558 3708 ἡμῶν
2589 3638 2769 3691 αὐτῶν
2805 3637 3013 3705 ἔξεστιν
3043 3639 3193 3704 ίδεῖν,
3222 3640 3495 3708 ἑτεροφυᾶ
3539 3638 3638 3707 μὲν
3665 3637 3744 3707 τῷ
3775 3637 4000 3707 σώματι

2400 3731 2500 3802 τὴν
2544 3731 2742 3801 ψυχὴν,
2785 3730 2924 3801 πλὴν
2969 3732 3048 3793 είς
3085 3729 3144 3782 ἓν
3193 3730 3360 3800 ἄμφω
3398 3727 3537 3792 ζῶον
3577 3728 3996 3797 συντεθειμένα.

2414 3822 2554 3875 Ἀλλ’
2600 3823 2699 3892 ούχ
2745 3821 2889 3874 οῦτω
2931 3821 3086 3874 ταῦτ’
3117 3821 3260 3891 ἔχειν
3307 3820 3594 3874 ύπονοοῦσί
3644 3837 3810 3882 τινες.
3862 3822 4002 3874 'Av-

2404 3914 2618 3984 θρωπον
2659 3914 2715 3966 δὲ
2746 3912 3053 3976 διιστάντες
3101 3915 3232 3984 ἡμῖν
3281 3911 3383 3965 ἀνά
3428 3912 3594 3981 μέρος
3638 3913 3732 3963 καὶ
3806 3911 4002 3973 ίδικῶς

2405 4003 2674 4074 συνῆφθαί
2722 4019 2885 4070 φασιν
2942 4002 3105 4056 αὑτὸν
3149 4002 3228 4071 τῷ
3277 4004 3340 4055 ὲκ
3389 4002 3523 4054 Θεοῦ
3568 4000 3781 4070 [ἰατρὸς
3829 4003 4001 4068 φύντι

2403 4097 2561 4166 Λόγῳ
2586 4094 2729 4148 κατά
2761 4095 2931 4165 μόνην
2976 4093 3072 4165 τὴν
3119 4095 3297 4158 ἀξίαν,
3342 4095 3508 4164 ἤγουν
3542 4093 3638 4163 τὴν
3678 4093 3997 4148 αύθεντίαν·

2403 4189 2464 4242 ού
2505 4188 2625 4242 καθ’
2655 4189 2849 4241 ’ἐνωσιν
2885 4187 3138 4258 φυσικὴν,
3161 4187 3437 4240 τουτέστιν
3463 4186 3658 4256 ἀληθῆ,
3688 4186 3782 4239 καὶ
3819 4187 4002 4241 καθάο

2405 4298 2510 4350 περ
2553 4283 2712 4351 ἡμεῖς
2765 4279 3114 4348 πιστεύομεν.
3145 4277 3301 4331 υῦτω
3341 4278 3449 4348 γάρ
3495 4277 3597 4330 πού
3629 4294 3762 4347 φησι
3815 4280 3918 4331 καὶ
3967 4283 4000 4349 ἡ

2405 4372 2524 4425 Θεία
2557 4373 2747 4442 Γραφή
2773 4389 2785 4402 ο
2824 4390 2840 4422 t
2877 4372 2986 4424 Καὶ
3024 4366 3166 4440 ἦμεν
3195 4369 3359 4422 τέκνα
3392 4367 3552 4437 φύσει
3575 4369 3765 4439 ὀργῆς,
3791 4369 3873 4433 ὡς
3906 4371 4003 4423 xui.

2404 4465 2452 4515 οί
2498 4463 2694 4525 λοιποὶ,
2749 4482 2766 4513 r
2813 4461 2875 4514 τὸ
2906 4463 3108 4530 φύσει,
3145 4460 3264 4512 ἀντὶ
3304 4457 3432 4523 τοῦ,
3480 4458 3718 4526 ἀληθῶς,
3765 4458 4002 4529 λαμϐά-

2406 4574 2590 4611 νουσα.
2629 4557 2691 4607 Οί
2740 4555 3071 4625 διαιροῦντες
3113 4553 3290 4605 τοίνυν
3333 4552 3432 4615 τάς
3475 4551 3803 4614 ὑποστάσεις
3855 4556 4005 4621 μετὰ

2405 4650 2506 4720 τὴν
2535 4650 2752 4710 ἕνωσιν,
2775 4648 2866 4700 καὶ
2892 4647 2997 4699 ἀνὰ
3039 4645 3204 4717 μέρος
3246 4643 3482 4707 τιθέντες
3513 4643 3805 4714 ἑκατέραν,
3834 4661 4006 4696 τουτε-

2408 4742 2554 4794 ἐστιν
2592 4739 2879 4810 ἄνθρωπον
2932 4739 3026 4791 καὶ
3079 4737 3230 4802 Θεὸν,
3298 4736 3393 4788 καί⁵
3466 4735 3809 4796 ἐπινοοῦντες
3874 4753 4006 4788 συν⁸

2405 4834 2601 4900 ἀφειαν
2631 4832 2813 4892 αύτοῖς
2847 4831 2944 4901 τὴν
2979 4829 3120 4882 κατά
3143 4845 3206 4896 γε
3245 4828 3413 4896 μόνην
3445 4827 3542 4894 τὴν
3573 4825 3747 4891 ἀξίαν,
3769 4825 3870 4878 δύο
3899 4846 4005 4880 που

2408 4925 2626 4987 παντως
2678 4923 2897 4976 ίστῶσιν
2958 4921 3137 4983 υἱούς·
3229 4919 3407 4972 καίτοι
3461 4919 3559 4988 τῆς
3629 4917 4004 4971 θεοπνεύστου

2411 5017 2630 5087 Γραφῆς
2659 5015 2753 5067 ἕνα
2779 5015 3043 5083 λεγούσης
3093 5011 3234 5074 Υίὸν,
3271 5011 3364 5063 καὶ
3398 5009 3620 5081 Κύριον.
3654 5009 3822 5061 Ὥστε
3860 5011 4006 5080 μετά

2407 5105 2506 5177 τὴν
2548 5107 2786 5176 ἄρρητον
2835 5103 3048 5167 ἕνωσιν,
3097 5102 3199 5155 κᾶν
3246 5101 3381 5154 Θεὸν
3421 5100 3694 5170 ὀνομάσῃς
3724 5101 3821 5152 τὸν
3871 5102 4007 5171 Ἐμο

2409 5197 2670 5268 μανουὴλ,
2705 5195 3057 5266 σαρκωθέντα
3091 5211 3150 5246 τε
3185 5193 3278 5246 καὶ
3315 5191 3818 5262 ἐνανθρωπήσαντα
3847 5193 4006 5246 νοοῦ-

2408 5305 2508 5360 μεν
2533 5291 2694 5359 ἡμείς
2718 5288 2808 5340 τὸν
2840 5289 2902 5339 ὲκ
2931 5285 3064 5338 Θεοῦ
3091 5285 3302 5356 Πατρὸς
3332 5284 3504 5350 Λόγον
3526 5300 3540 5315 ο
3574 5282 3678 5335 κᾶν
3703 5283 4005 5354 ἄνθρωπον

2405 5378 2589 5449 εἴπῃς,
2633 5377 2784 5430 οὐδὲν
2817 5372 2979 5448 ἦττον
3027 5376 3234 5428 ἐκεῖνον
3282 5372 3464 5438 αὑτὸν,
3506 5373 3562 5427 ὲν
3612 5373 3727 5440 τοῖς
3768 5373 3876 5443 τῆς
3915 5373 4006 5427 ἀν-

2253 5535 2296 5566 ¹⁵
2323 5533 2521 5605 Ephes.
2550 5551 2610 5601 n,
2651 5533 2703 5588 6.

1776 5692 1945 5748 Variae
1979 5692 2242 5748 lectiones
2267 5707 2334 5748 ex
2358 5692 2545 5749 codice
2576 5692 2958 5765 Seguieriano.

782 5841 823 5874 ³³
852 5830 1054 5903 συνοδῳ
1087 5834 1174 5902 τῇ.
1253 5840 1276 5868 ο
1311 5832 1538 5900 φυσικῇ.
