4104 6478
150 430 218 482 301
1149 418 1558 476 EXPIJCATIO
1598 415 1950 474 DUODECIM
1991 413 2321 471 CAPITUM.

3267 405 3372 459 302

145 539 436 611 θρωπότητος
495 539 738 610 μέτροις
792 540 1133 611 καθηγμένον
1183 537 1540 609 οἰκονομικῶς
1584 538 1698 589 ἑπι-

1812 543 1914 584 tnm
1942 531 2032 585 Dei
2077 530 2256 584 Patris
2286 525 2517 581 Verbum
2549 524 2853 595 accipimus
2885 539 2898 576 :
2942 520 3056 573 sive
3102 519 3373 574 hominem

143 632 448 702 γινώσκομεν.
492 632 801 700 Γεγονέναι
840 633 894 685 δέ
929 651 1108 703 φαμεν
1143 633 1304 686 αὑτὸν
1330 638 1353 663 °
1387 629 1557 683 ἁπτὸν
1603 627 1696 679 τὸν

141 725 312 793 ἀειαςῆ·
360 725 562 796 ὁρατὸν
611 726 716 777 τὸν
766 727 1018 793 ἀόρατον.
1067 727 1142 777 Οὐ
1173 724 1279 792 γὰρ
1308 720 1375 793 ἦν
1419 720 1698 788 ἀλλότριον

141 817 266 868 αὑτοῦ
312 816 367 868 τὸ
423 817 636 870 ὲνωθὲν
675 817 830 888 αὑτῷ
884 817 1063 888 σῶμα,
1115 815 1142 868 ὃ
1190 816 1285 868 καὶ
1333 811 1506 866 ἁπτόν
1559 806 1698 862 εἷναί

140 924 298 974 φαμεν,
333 907 423 958 καὶ
465 909 702 976 ὁρατόν.
744 909 880 970 Τοὺς
919 909 975 960 δὲ
1020 907 1096 978 μὴ
1135 905 1278 958 οὕτω
1318 903 1696 965 πιστεύοντας,

137 999 403 1061 tunam;
439 999 538 1063 δὲ,
591 1001 674 1064 ὡς
720 1001 874 1070 ἔφην,
913 999 1012 1063 τὰς
1059 999 1384 1060 ὑποστάσεις
1415 995 1554 1066 μετὰ
1598 994 1698 1064 τὴν

137 1090 307 1152 ἕνωσιν,
361 1093 453 1142 καὶ
507 1092 692 1159 ψιλὴν
750 1094 941 1155 αὑταῖς
998 1093 1294 1161 συνάφειαν
1349 1088 1698 1150 ἐπινοοῦντας

135 1184 246 1234 κατὰ
281 1183 439 1254 μόνην
469 1185 577 1257 τὴν
635 1184 821 1248 ἀξίαν,
871 1186 1039 1254 ἤγουν
1072 1183 1378 1244 αὑθεντίαν,
1425 1181 1701 1252 ἀλλοτριοῖ

133 1273 216 1324 τῶν
247 1274 369 1342 ὀρθὰ
412 1276 780 1344 φρονούντων
826 1285 853 1325 Ρ
895 1279 924 1329 ὁ
957 1276 1316 1347 προκείμενος
1366 1273 1698 1342 ἁναθεματι-

134 1365 255 1431 σμός.

1796 622 2022 685 dixeris,
2061 637 2161 677 nos
2197 635 2352 690 teque
2409 619 2535 673 illud
2563 619 2738 686 ipsum
2789 615 2918 686 (Dei
2960 611 3233 678 Verbum)
3281 625 3374 680 per

1797 714 2254 785 dispensationem
2293 714 2343 767 in
2385 725 2667 766 mensuras
2695 708 3052 763 humanitatis
3076 706 3374 758 demissum

1799 809 2166 877 agnoscimus.
2242 805 2483 859 Dicimus
2559 804 2740 872 itaque
2813 801 2987 869 ipsum
3049 797 3376 867 palpabilem

1800 899 1998 954 factum
2031 914 2171 962 esse,
2199 899 2290 968 qni
2328 896 2685 966 impalpabilis
2735 904 2849 958 est;
2882 903 2936 946 et
2961 892 3250 955 visibilem,
3285 889 3376 960 qui

1804 992 2109 1048 invisibilis.
2145 990 2259 1044 Non
2314 990 2458 1044 enim
2499 989 2736 1043 alienum
2781 997 2903 1042 erat
2959 985 3118 1054 150
3166 985 3234 1038 ab
3289 983 3376 1036 illo

1806 1099 2003 1152 corpus
2060 1083 2203 1152 quod
2228 1082 2333 1136 sibi
2374 1081 2568 1145 univit,
2606 1078 2745 1148 quod
2791 1078 2978 1146 utique
3021 1074 3288 1145 palpabile
3326 1082 3381 1128 et

1815 1176 2029 1231 visibile
2073 1175 2323 1229 dicimus.
2376 1173 2482 1228 Eos
2535 1187 2686 1235 vero,
2727 1172 2817 1241 qui
2863 1171 2933 1224 ita
2989 1183 3093 1222 non
3127 1167 3380 1228 credunt,

1803 1268 1894 1322 sed
1935 1265 2318 1320 snbsistentias
2363 1275 2483 1332 post
2525 1263 2800 1318 unionem.
2843 1270 2902 1313 ut
2934 1259 3092 1313 modo
3147 1257 3382 1320 aiebam,

1804 1359 2328 1424 dividunt;eamque
2359 1355 2556 1408 nudam
2595 1354 2834 1421 ipsarum
2889 1351 3139 1404 unionem
3165 1347 3383 1417 excogio

135 1467 379 1524 tant,qttz
413 1459 465 1510 in
513 1458 639 1512 sola
712 1459 975 1529 dignitate
1034 1460 1148 1513 sive
1191 1457 1515 1511 auctoritate
1582 1452 1853 1516 consistit,
1893 1457 2210 1521 propositus
2278 1447 2364 1502 hic
2452 1445 2936 1500 anathematismus
2972 1443 3039 1495 ab
3080 1442 3146 1496 iis
3179 1439 3383 1495 alienos

131 1565 226 1601 esse
253 1551 446 1619 iudicat
489 1553 589 1626 qui
643 1567 767 1622 qum
809 1565 952 1608 recta
1013 1562 1139 1606 sunt
1177 1552 1381 1606 sentire
1419 1557 1844 1605 consueverunt.

543 1665 1152 1718 ΑΝΑΘΕΜΑΤΙΣΜΟΣ
1190 1667 1262 1716 Δ’.

187 1775 240 1826 E!
267 1793 346 1838 τις
381 1778 714 1846 προσώποις
740 1779 913 1842 δυσὶν,
942 1780 1108 1848 ήγουν
1130 1777 1481 1840 ὑποστάσεσι,
1511 1775 1608 1838 τάς
1639 1789 1698 1826 τε

2213 1648 2854 1710 ANATHEMATISMUS
2893 1649 2982 1706 IV.

1879 1769 1938 1826 Si
1982 1770 2103 1839 quis
2151 1767 2362 1822 duabus
2407 1765 2656 1835 personis
2699 1765 2816 1819 sive
2859 1760 3243 1832 hypostasibus
3289 1772 3384 1812 eas

131 1867 174 1918 iv
198 1869 296 1930 τοῖς
325 1868 724 1936 εὐαγγελικοῖς
758 1871 853 1923 καὶ
882 1870 1262 1933 ἀποστολικοῖς
1294 1867 1698 1937 Συγγράμμασι

1812 1875 1961 1917 voces
2012 1857 2282 1923 attribuit,
2331 1872 2452 1928 quae
2495 1856 2548 1910 in
2593 1853 2920 1925 evangelicis
2970 1861 3025 1908 et
3075 1849 3386 1920 apostolicis

130 1955 340 2028 διανέμει
363 1961 579 2028 φωνὰς,
602 1960 638 2031 ἢ
668 1961 760 2013 ἐπὶ
791 1961 1014 2031 Χριστῷ
1042 1962 1193 2031 παρὰ
1220 1961 1329 2013 τῶν
1354 1960 1524 2027 ἁγίων
1549 1958 1702 2025 λεγο-

134 2050 291 2116 μένας.
333 2054 365 2122 ἦ
415 2055 556 2124 παρ’
594 2053 769 2107 αὑτοῦ
811 2056 937 2125 περὶ
972 2054 1163 2107 ἑαυτοῦ
1186 2072 1198 2083 ·
1237 2054 1333 2106 καὶ
1367 2055 1465 2113 τὰς
1502 2052 1600 2122 μὲν
1627 2049 1702 2113 ὡς

132 2139 372 2212 ἀνθρώπῳ
412 2145 577 2213 παρὰ
634 2144 728 2196 τὸν
763 2146 827 2196 ὲκ
871 2144 1006 2197 Θεοῦ
1054 2144 1265 2214 Πατρὸς
1308 2143 1481 2211 Λόγον
1523 2141 1704 2205 ίδικῶς

133 2229 377 2301 νοουμένῳ
403 2234 751 2301 προσάπτει,
786 2234 883 2296 τὰς
912 2233 967 2286 δὲ
999 2234 1070 2297 ὡς
1103 2235 1427 2304 θεοπρεπεῖς
1458 2233 1603 2303 μόνῳ
1626 2231 1704 2302 τῷ

135 2318 183 2369 ἐκ
205 2317 328 2372 Θεοῦ
362 2321 476 2374 [In
489 2321 585 2391 ρὸς
620 2322 810 2392 Λόγῳ·
854 2322 1104 2393 ἀνάθεμα
1131 2324 1290 2377 ἔστω.

700 2521 1012 2586 Ἐπίλυσις
1051 2520 1120 2575 δ’.

203 2626 281 2679 Ἐν
311 2633 495 2702 μορφῇ
540 2632 641 2684 καὶ
675 2631 886 2702 ἰσότητι
920 2633 1014 2686 τοῦ
1057 2632 1194 2686 Θεοῦ
1231 2634 1325 2686 καὶ
1355 2631 1568 2702 Πατρὸς
1601 2632 1705 2686 ὑπ-

141 2716 295 2788 άρχων
329 2723 356 2773 ὁ
378 2722 438 2788 ἒξ
469 2722 648 2776 αὑτοῦ
675 2723 872 2792 Λόγος,
904 2725 1004 2794 οὐχ
1029 2724 1322 2795 ἁρπαγμὸν
1369 2727 1613 2794 ἡγήσατο
1649 2722 1710 2775 τὸ

143 2803 258 2860 εἶναι
283 2805 373 2864 ῐσα
401 2812 552 2883 Θεῷ,
590 2811 780 2876 καθὼς
808 2813 1120 2885 γέγραπται
1143 2827 1156 2841 °
1182 2813 1390 2884 καθῆκε
1419 2814 1475 2866 δὲ
1510 2813 1710 2885 μᾶλλον

145 2900 305 2952 ἑαυτὸν
351 2904 430 2966 εἰς
481 2904 741 2959 ἑκούσιον
782 2906 1046 2970 κένωσιν,
1101 2904 1196 2959 καὶ
1232 2905 1708 2975 καταπεφοίτηκεν

145 2987 394 3062 ἐθελοντὴς
420 2995 481 3046 ὲν
515 2997 637 3057 τοῖς
671 2995 793 3048 καθ’
827 2998 996 3067 ἡμᾶς,
1021 2998 1081 3051 οῦ
1110 2997 1296 3067 μεθεὶς
1319 2997 1382 3050 τὸ
1411 2991 1550 3051 εἶναι
1573 2997 1709 3068 ὅπερ

147 3082 258 3145 ἐστὶ,
303 3086 641 3156 μεμενηκὼς
673 3087 732 3140 δὲ
775 3088 976 3157 μᾶλλον
1015 3090 1110 3143 καὶ
1140 3089 1284 3142 οὕτω
1329 3088 1484 3151 Θεὸς,
1521 3087 1617 3141 καὶ
1649 3088 1710 3140 τὸ

1809 1952 2105 2021 Scripturis
2137 1951 2336 2022 passim
2387 1957 2718 2014 occurrunt;
2755 1959 2943 2015 quaeve
2993 1960 3020 1998 a
3071 1943 3274 1997 sanctis
3320 1942 3387 1995 de

1805 2043 2042 2107 Christo,
2082 2043 2163 2097 vel
2213 2042 2282 2096 ab
2313 2043 2430 2111 ipso
2469 2054 2686 2110 quoque
2729 2038 2950 2094 Christo
2981 2036 3046 2090 de
3093 2033 3270 2103 seipso
3300 2034 3383 2087 di-

1807 2145 1905 2190 ctre
1937 2142 2102 2198 sunt;
2138 2143 2192 2190 et
2224 2133 2356 2186 alias
2386 2131 2604 2200 quidem
2638 2129 2845 2183 homini
2879 2127 3045 2180 veluti
3085 2139 3326 2180 seorsum
3356 2139 3387 2176 ι

1810 2224 1902 2280 Dei
1945 2224 2125 2280 Verbo
2168 2224 2513 2280 considerato
2562 2221 2824 2284 ascribit;
2872 2218 3008 2272 alias
3053 2231 3207 2281 vero,
3263 2225 3385 2268 tan-

1809 2331 1968 2384 quam
2005 2315 2112 2370 Deo
2143 2316 2545 2378 convenientes,
2586 2313 2688 2370 soli
2724 2311 2814 2367 Dei
2847 2309 3024 2365 Patris
3049 2309 3227 2364 Verbo
3259 2307 3385 2361 ada-

1810 2419 1957 2476 ptat:
1992 2407 2278 2462 anathema
2305 2408 2398 2461 sit.

2326 2520 2625 2574 Declaratio
2656 2529 2870 2587 quarta.

1881 2634 1974 2688 Dei
2006 2633 2185 2689 Patris
2214 2633 2449 2687 Verbum
2503 2633 2555 2686 in
2607 2631 2851 2701 ejusdem
2902 2627 3076 2682 Patris
3117 2627 3286 2681 forma
3335 2636 3391 2681 et

1811 2724 2121 2794 aequalitate
2151 2725 2440 2787 exsistens,
2489 2739 2597 2776 non
2645 2721 2893 2789 rapinam
2941 2719 3263 2773 arbitratum
3308 2727 3392 2773 est

1811 2831 1932 2871 esse
1977 2831 2034 2870 se
2079 2815 2284 2885 aequale
2326 2815 2458 2879 Deo,
2489 2823 2546 2867 ut
2572 2813 2835 2883 scriptum
2865 2819 2947 2865 est
2970 2810 3037 2876 ",
3074 2810 3166 2866 sed
3212 2809 3392 2878 potius

1812 2909 2047 2978 seipsum
2105 2918 2296 2978 sponte
2334 2906 2670 2969 exinanivit,
2705 2915 2761 2959 et
2803 2903 2867 2958 ad
2899 2915 3082 2959 nostra
3127 2918 3186 2958 se
3215 2902 3390 2956 demi-

1813 2999 1904 3062 sit,
1945 3013 2051 3053 non
2100 2999 2357 3052 amittens
2391 3012 2511 3051 esse
2549 2997 2690 3065 quod
2738 3006 2842 3058 est,
2882 2996 2974 3050 sed
3023 2993 3195 3064 magis
3225 2994 3386 3048 etiam

1815 3089 1916 3143 hoc
1943 3099 2100 3158 paeto
2129 3088 2266 3142 Deus
2298 3102 2644 3156 permanens,
2682 3095 2738 3141 et
2778 3086 2911 3140 nihil
2955 3100 3140 3140 eorum
3169 3100 3291 3156 qua:
3322 3084 3390 3137 ad

147 3173 224 3241 τῆς
246 3175 670 3249 ἀνθρωπότητος
694 3179 797 3232 οὐκ
823 3179 1103 3250 ἀτιμάσας
1139 3180 1358 3250 μέτρον.
1386 3180 1572 3232 Πάντα
1607 3178 1707 3230 τοί-

1818 3181 2066 3234 humana:
2090 3189 2295 3234 natura:
2319 3179 2686 3235 conditionem
2719 3178 3015 3247 pertinent,
3045 3186 3389 3247 aspernatus.

150 3281 222 3314 νυν
249 3267 405 3321 αὑτοῦ
440 3270 512 3324 τὰ
566 3269 848 3340 θεοπρεπῆ
902 3272 999 3322 καὶ
1059 3269 1396 3338 ἀνθρώπινα.
1451 3268 1560 3321 Ποῦ
1600 3269 1710 3338 γὰρ

150 3353 212 3407 Ιτι
237 3361 547 3414 κεκένωκεν
569 3361 793 3424 ἑαυτὸν,
823 3363 872 3414 εἰ
901 3362 1014 3425 τοῖς
1044 3360 1143 3431 τῆς
1167 3360 1585 3432 άνθρωπότητος
1615 3359 1710 3430 μέ-

151 3462 272 3516 τροις
313 3455 699 3524 ἐπερυθριᾷιι;
747 3454 858 3506 Καὶ
900 3454 948 3506 εί
997 3455 1338 3523 παρῃτεῖτον
1388 3453 1456 3506 τὰ
1496 3450 1710 3523 ἀνθρὼ-

155 3553 260 3592 τινα
283 3580 296 3602 ,
328 3545 409 3606 τίς
440 3546 468 3596 ό
510 3544 828 3613 καταθήσας
849 3553 871 3581 ³
905 3544 1065 3596 αὑτὸν
1111 3545 1186 3607 ὡς
1235 3544 1294 3607 ἐξ
1339 3544 1585 3612 ἀνάγκης
1617 3543 1711 3596 καὶ

159 3626 249 3693 βίας
280 3633 356 3694 εἰς
388 3633 449 3685 τὸ
485 3633 746 3700 γενέσθαι
780 3632 902 3685 καθ’
947 3633 1128 3701 ήμᾶς;
1179 3632 1363 3694 Πάσας
1395 3633 1574 3685 τοίνυν
1613 3631 1712 3694 τὰς

158 3722 202 3772 ὲν
231 3727 331 3786 τοῖς
362 3725 723 3792 Εὑαγγελίοις
749 3726 930 3793 φωνὰς
953 3765 967 3787 ,
1004 3725 1104 3787 τάς
1132 3741 1192 3776 τε
1223 3724 1590 3794 ἀνθρωπίνας,
1616 3723 1713 3777 καὶ

163 3815 246 3882 μὴν
267 3817 354 3867 καὶ
384 3817 484 3881 τὰς
519 3817 868 3887 θεοπρεπεῖς,
899 3818 977 3869 ἑνὶ
999 3819 1276 3888 προσώπῳ
1299 3820 1708 3887 προσάπτομεν.

171 3905 354 3978 Ἐπειδὴ
385 3910 484 3962 καὶ
519 3908 618 3960 ἕνα
659 3908 984 3978 πιστεύομεν
1013 3909 1138 3962 Υἱὸν
1169 3905 1309 3962 εἶναι
1338 3907 1572 3978 Χριστὸν
1611 3908 1715 3976 Ὶη-

163 3994 290 4059 σθῧν,
315 4002 596 4053 τουτέστιν
628 4000 1129 4072 ἐνανθρωπήσαντά
1155 4019 1213 4053 τε
1239 4002 1330 4053 καὶ
1358 3999 1712 4069 σεσαρκωμέ-

163 4103 231 4137 νῦν
256 4091 337 4143 τὸν
372 4094 466 4146 τοῦ
503 4093 642 4145 Θεοῦ
675 4093 869 4160 Λόγον.
899 4095 1061 4146 Ὥστε
1092 4094 1194 4145 κᾶν
1226 4093 1360 4165 λέγῃ
1395 4110 1446 4144 τι
1475 4093 1583 4144 τῶν
1622 4092 1713 4143 ἀν-

166 4175 436 4248 θρωπίνων,
490 4187 607 4247 τοῖς
659 4184 757 4253 τῆς
803 4184 1225 4254 ἁνθρωπότητος
1271 4184 1434 4237 αὐτοῦ
1495 4185 1713 4253 μέτροις

168 4273 605 4345 καταλογιουμεθα
625 4275 695 4327 τὰ
719 4274 1033 4345 ἀνθρώπινα
1051 4291 1064 4304 ο
1096 4275 1260 4327 αὑτοῦ
1293 4275 1401 4344 γὰρ
1429 4275 1590 4327 πάλιν
1621 4275 1715 4327 καὶ

166 4360 211 4409 τὸ
232 4363 557 4435 ἀνθρώπινον
582 4384 594 4397 ·
623 4367 726 4418 κᾶν
756 4367 830 4429 ὡς
863 4365 995 4430 Θεὸς
1027 4367 1376 4437 διαλέγηται,
1411 4367 1546 4420 Θεὸν
1573 4363 1714 4420 εἶναι

170 4456 481 4520 πιστεύοντες
507 4458 599 4510 τὸν
626 4457 1146 4529 ὲνανθρωπήσαντα,
1173 4459 1336 4511 πάλιν
1363 4458 1438 4521 ὡς
1475 4459 1555 4510 ἐνὶ
1576 4459 1712 4528 Χρι-

1815 3271 1954 3326 Sunt
1984 3273 2166 3342 itaque
2201 3272 2345 3327 illius
2377 3272 2582 3336 omnia,
2615 3287 2723 3327 non
2758 3271 2933 3327 solum
2965 3270 3170 3335 divina,
3203 3285 3390 3323 verum

1813 3364 1976 3418 etiam
2009 3364 2266 3418 humana.
2293 3365 2406 3430 Qua
2437 3365 2580 3419 enim
2613 3363 2820 3418 ratione
2849 3379 2906 3418 se
2935 3363 3106 3431 ipsum
3139 3361 3392 3416 exinani-

1811 3455 1909 3522 vit,
1942 3457 1987 3512 si
2040 3459 2290 3512 humanae
2337 3466 2544 3512 natura;
2577 3466 2760 3527 partes
2794 3456 3052 3510 erubuit?
3083 3455 3148 3508 Et
3196 3455 3241 3508 si
3289 3454 3390 3508 hn-

1815 3563 1974 3600 mana
2003 3557 2284 3601 aversatus
2322 3558 2426 3609 est.
2450 3547 2572 3618 quis
2602 3547 2748 3602 illum
2777 3555 3034 3613 tanquam
3065 3543 3393 3599 necessitate

1815 3647 1911 3691 aut
1931 3638 1984 3691 vi
2015 3639 2078 3692 ad
2108 3640 2210 3694 hoc
2238 3638 2472 3706 impulit,
2501 3646 2558 3690 ut
2583 3637 2738 3692 nobis
2759 3637 2954 3691 similis
2978 3636 3165 3690 fieret?
3189 3635 3394 3690 Omnes

1816 3731 2002 3796 itaque
2050 3731 2325 3801 Evangelii
2371 3745 2555 3796 voces,
2607 3731 2719 3785 sive
2772 3730 2877 3784 illa:
2922 3731 3218 3783 humanum
3261 3729 3392 3798 quid

1817 3832 2036 3886 sonant,
2069 3824 2184 3877 sive
2213 3822 2478 3885 divinum,
2515 3822 2606 3875 uni
2637 3835 2880 3891 personae
2913 3821 3203 3874 tribuimus
3228 3833 3242 3872 :
3267 3833 3391 3872 nam

1817 3923 1870 3971 et
1897 3914 2170 3969 Christum
2206 3910 2414 3975 Iesum,
2446 3912 2548 3966 hoc
2579 3919 2663 3964 est
2695 3911 3104 3964 inhumanatum
3136 3919 3192 3965 et
3217 3907 3397 3963 incar-

1815 4017 2001 4061 natum
2044 4006 2133 4059 Dei
2167 4004 2429 4065 Verbum,
2481 4019 2645 4057 unum
2686 4001 2882 4057 Filium
2931 4017 3053 4058 esse
3101 4001 3390 4057 credimus.

1817 4099 1994 4162 Quare
2025 4096 2069 4150 si
2097 4096 2222 4165 quid
2263 4095 2558 4148 humanum
2590 4093 2870 4162 praedicat,
2904 4093 3005 4147 hoc
3036 4093 3101 4146 ad
3145 4092 3396 4146 Immani-

1820 4192 1944 4244 tatis
1974 4191 2090 4257 ejus
2121 4188 2487 4242 conditionem
2521 4185 2916 4240 transferemus
2945 4184 3050 4256 (est
3080 4185 3224 4237 enim
3255 4184 3398 4238 illius

1816 4292 1871 4335 et
1923 4283 2034 4351 ipsa
2087 4295 2304 4351 quoque
2357 4277 2725 4346 humanitas);
2781 4278 2824 4330 si
2871 4291 2999 4330 vero
3039 4275 3292 4344 loquatur
3340 4286 3400 4329 ut

1821 4373 1981 4435 Deus,
2033 4373 2124 4425 uni
2177 4386 2392 4424 rursum
2446 4369 2667 4424 Christo
2714 4378 2768 4421 et
2817 4365 2954 4421 Filio
3002 4365 3400 4437 assignabimus

1821 4477 1979 4517 voces
2008 4477 2172 4532 supra
2210 4469 2458 4514 naturam
2496 4458 2753 4520 hominis,
2786 4457 2953 4511 Deum
2985 4457 3398 4511 inhumanatum

171 4545 254 4614 3th
291 4552 374 4602 καὶ
397 4549 520 4620 Υἱῷ
545 4549 644 4607 τὰς
669 4548 807 4618 ὑπὲρ
825 4550 1113 4621 ἀνθρώπου
1129 4549 1707 4618 φύσινπροσνεμοῦμεν

1825 4551 1971 4605 illum
2008 4567 2128 4606 esse
2178 4550 2481 4604 credentes.
2523 4548 2622 4612 Qui
2667 4562 2794 4603 vero
2838 4547 2982 4601 illum
3029 4545 3081 4601 in
3118 4547 3251 4602 duas
3280 4562 3402 4615 per-

171 4637 336 4700 φωνάς.
364 4640 435 4693 Οἱ
465 4640 524 4692 δὲ
556 4639 864 4702 διιστάντες
898 4642 977 4703 εἰς
1024 4639 1118 4694 δύο
1169 4641 1456 4710 πρόσωπα,
1489 4640 1583 4692 δύο
1609 4657 1713 4691 που

171 4724 344 4791 πάντως
378 4727 691 4781 ἐπινοοῦσιν
721 4729 891 4791 υἱούς.
923 4730 1134 4800 Ὠσπερ
1165 4729 1274 4800 γάρ
1307 4730 1398 4781 τὸν
1425 4727 1545 4780 καθ’
1568 4729 1714 4796 ἡμᾶς

171 4814 417 4887 ἄνθρωπον
462 4823 562 4874 οὐκ
599 4823 678 4884 εἱς
713 4821 806 4874 δύο
854 4822 1123 4892 πρόσωπα
1157 4821 1486 4892 διαιρεῖσθαι
1522 4821 1713 4890 θέμις,

173 4906 247 4958 κᾶν
274 4914 328 4964 ἐκ
355 4913 544 4982 ψυχῆς
570 4916 748 4965 νοοῖτο
781 4912 874 4965 καὶ
905 4912 1179 4983 σώματος,
1221 4913 1335 4966 ἀλλ’
1361 4907 1442 4976 εἷς
1467 4914 1605 4974 ἐστι,
1624 4912 1717 4964 καὶ

171 4998 346 5065 dauci),-
381 5004 674 5074 ἄνθρωπος
703 5046 717 5066 ,
753 5004 895 5057 οὓτω
933 5006 1027 5057 καὶ
1067 5007 1160 5057 ἐπὶ
1207 5005 1300 5058 τοῦ
1341 5003 1707 5074 Ἐμμανουήλ.

183 5089 360 5166 Ἐπειδὴ
393 5098 500 5166 γάρ
527 5097 677 5148 ἐστιν
709 5090 790 5157 εἷς
819 5096 944 5158 Υἱὸς
993 5097 1086 5149 καὶ
1112 5097 1336 5167 Κύριος,
1371 5100 1398 5150 ὁ
1430 5114 1710 5166 σεσαρκω-

176 5181 299 5248 μένος
325 5189 423 5240 καὶ
480 5187 912 5259 ὲνανθρωπὴσας
946 5189 1041 5242 τοῦ
1071 5189 1204 5242 Θεοῦ
1227 5189 1416 5257 Λόγος,
1449 5190 1506 5241 ἓν
1545 5190 1710 5243 αὑτοῦ

175 5275 347 5342 πάντως
367 5281 482 5332 ἐστὶ
511 5280 606 5334 καὶ
629 5281 955 5350 πρόσωπονο
994 5281 1088 5334 καὶ
1119 5281 1268 5352 αὑτῷ
1295 5281 1710 5352 προσνεμοῦμεν

245 5453 500 5528 'Philipp.
535 5473 597 5522 ll,
630 5455 684 5518 6,
718 5458 772 5510 7.

1819 4658 1982 4696 sonas
2009 4642 2274 4706 dividunt,
2324 4643 2636 4695 necessario
2676 4640 2809 4694 duos
2848 4653 3065 4708 quoque
3094 4638 3231 4693 ﬁlios
3267 4653 3401 4692 con-

1821 4734 2047 4802 tingunt.
2097 4731 2249 4785 Sicut
2291 4731 2436 4786 enim
2483 4731 2644 4785 homo
2690 4744 2755 4783 ex
2807 4730 2960 4784 nobis
2990 4729 3236 4800 quilibet,
3275 4730 3402 4781 licet

1825 4825 1977 4895 151
2019 4841 2081 4878 ex
2118 4824 2297 4877 anima
2335 4833 2389 4877 et
2419 4837 2647 4892 corpore
2687 4823 3017 4876 constitutus
3047 4819 3399 4889 intelligatur,

1823 4933 1927 4970 non
1961 4915 2232 4986 geminus,
2277 4916 2370 4970 sed
2408 4930 2547 4968 unus
2591 4923 2645 4968 et
2682 4915 2822 4967 idem
2865 4914 3028 4968 homo
3069 4922 3150 4966 est
3184 4931 3196 4966 :
3233 4913 3305 4965 ita
3336 4912 3402 4964 de

1821 5007 2176 5062 Emmanuele
2223 5020 2439 5074 quoque
2493 5006 2648 5060 nobis
2711 5005 3054 5073 cogitandum
3101 5013 3206 5058 est.
3265 5002 3402 5070 Quia

1821 5113 2054 5168 namque
2093 5096 2184 5151 Dei
2219 5095 2450 5149 Verbum
2502 5095 2841 5148 incarnatum
2877 5102 2930 5148 et
2972 5094 3133 5147 homo
3178 5092 3400 5155 factum,

1821 5205 1959 5244 unus
1995 5198 2079 5243 est
2105 5189 2273 5243 Filius
2307 5194 2360 5242 et
2397 5186 2679 5252 Dominus,
2726 5201 2830 5238 una
2877 5185 3038 5238 etiam
3068 5184 3290 5238 omnino
3319 5191 3406 5238 est

1821 5282 1989 5350 ipsius
2012 5295 2239 5350 persona
2274 5298 2286 5333 :
2321 5279 2476 5348 eique
2502 5278 2800 5332 tribuemus
2833 5287 2887 5331 et
2917 5277 3150 5332 humana
3186 5287 3405 5347 propter

1191 5608 1358 5663 Variae
1387 5610 1645 5663 lectiones
1666 5625 1728 5662 ex
1760 5610 1944 5664 codice
1976 5607 2348 5678 Seguieriano.

231 5771 610 5840 °Ax10n1u£vov
640 5765 1000 5836 οἰκονομικῶς
1024 5768 1458 5840 ἐπιγινώσκομεν
1493 5763 1796 5832 γεγονέναι,
1838 5767 2019 5836 φαμὲν
2064 5770 2243 5822 τοίνυν
2287 5770 2470 5824 αὐτόν.

179 5837 486 5909 ηρυθρίαᾩῖ
521 5840 846 5908 παραιτεῐτο
946 5837 1328 5906 ’κατωθήτας
1374 5837 1704 5904 καταϐήσοις.

2553 5780 2578 5819 P
2614 5775 2826 5842 φρονεῖν
2876 5773 3160 5828 εἰωθότων.
3241 5784 3266 5826 (ι
3305 5774 3398 5828 ἑπ-
