4104 6500
679 431 784 486 503

1660 429 1717 483 S.
1757 427 2032 485 CYRILLI
2073 427 2544 486 ALEXANDRINI
2585 429 2904 487 ARCHIEP.

3831 433 3984 490 504

679 541 824 598 illius
851 554 973 596 cum
1007 553 1170 594 carne
1206 537 1692 610 dispensationem,
1724 551 1778 597 et
1809 543 1990 597 divina
2027 553 2246 614 propter

2362 542 2418 596 τά
2459 560 2516 596 τε
2559 543 2876 615 ἀνθρώπινα
2905 545 2992 600 διὰ
3016 545 3116 616 τὴν
3151 547 3465 619 οἰκονομίαν
3496 549 3596 621 τὴν
3629 551 3768 621 μετὰ
3797 569 3982 624 σαρ-

679 631 1108 704 inexplicabilem
1165 631 1405 700 ejusdem
1455 645 1521 686 ex
1593 631 1753 688 Patre
1815 635 2243 704 generationem.

675 725 941 781 Caeterum
980 724 1070 793 qui
1121 723 1266 777 illum
1316 723 1366 777 in
1401 723 1616 779 homine
1645 726 1938 794 separatim
1976 725 2242 792 dividunt,

677 822 929 882 tanquam
975 813 1063 880 qui
1105 811 1246 866 alius
1291 826 1321 864 a
1369 809 1463 866 Dei
1505 812 1684 868 Verbo
1740 813 1813 868 sit
1863 813 2053 877 Filius,
2101 823 2156 868 et
2194 815 2246 868 in

677 904 844 958 Deum
885 917 1154 970 seorsum,
1207 911 1462 972 tanquam
1495 905 1585 974 qui
1632 904 1771 960 alius
1821 907 1892 961 sit
1924 905 2086 970 ﬁlius,
2115 905 2250 962 duos

676 994 815 1048 tilios
877 1002 1203 1058 asserentes,
1247 994 1506 1063 propositi
1571 997 2012 1053 anathetnatismi
2060 998 2248 1054 virtuti

677 1083 871 1140 merito
896 1083 1221 1140 subduntur.

1122 1201 1772 1261 ANATHEMATISMUS
1814 1203 1885 1258 V.

747 1321 804 1378 Si
836 1322 957 1392 quis
996 1319 1178 1376 dicere
1210 1318 1393 1383 audet,
1434 1318 1708 1374 Christum
1757 1320 2032 1376 hominem
2067 1319 2248 1378 Deile-

676 1431 818 1483 rum,
850 1429 915 1470 ac
945 1427 1052 1469 non
1083 1412 1260 1484 potius
1295 1425 1480 1466 verum
1526 1409 1695 1466 Deum
1726 1427 1868 1480 esse,
1901 1421 2085 1483 utpote
2129 1413 2251 1468 uni—

675 1516 798 1557 cum
838 1515 902 1556 ac
944 1497 1244 1554 naturalem
1279 1497 1486 1564 lilium;
1519 1507 1787 1568 quatenus
1829 1501 2083 1556 nimirum
2116 1499 2252 1556 Ver—

676 1592 802 1647 bum
842 1606 968 1646 caro
998 1590 1224 1657 factum,
1255 1589 1408 1644 carni
1440 1598 1495 1644 et
1521 1592 1774 1662 sanguini
1807 1593 2029 1662 perinde
2059 1606 2121 1648 ac
2155 1608 2253 1650 nos

677 1680 1102 1738 communicavit
1146 1698 1160 1733 :
1198 1679 1490 1735 anathema
1521 1681 1614 1736 sit.

1189 1789 1496 1844 Declaratio
1527 1792 1735 1860 quinta.

2349 635 2445 699 κὸς
2469 676 2482 699 ,
2520 636 2614 689 καὶ
2649 638 2756 708 μὴν
2805 639 2896 692 καὶ
2939 639 3006 692 τὰ
3037 640 3152 694 Οεία
3177 641 3266 694 διὰ
3310 641 3409 713 τὴν
3444 643 3508 696 ἐκ
3535 642 3669 697 Θεοῦ
3720 646 3984 717 [ἰατρὸς

2349 725 2660 796 ἀπόρρητον
2689 725 2962 798 γέννησιν.
2991 729 3052 782 Οί
3086 729 3140 782 δὲ
3178 730 3515 798 διιστῶντες,
3540 733 3634 786 καὶ
3657 735 3984 806 ἀπομεριη

2349 815 2535 880 ζοντες
2588 818 2668 880 είς
2721 817 3008 888 ἄνθρωπον
3049 820 3270 885 ίδικῶς,
3303 822 3378 885 ὡς
3407 823 3594 894 ἕτερον
3635 825 3764 878 ὄντα
3808 826 3981 881 Υἱὸν

2354 908 2505 979 παρὰ
2547 908 2638 962 τὸν
2671 909 2736 962 ὲκ
2780 909 2916 963 Θεοῦ
2946 911 3139 980 Λόγον,
3191 914 3284 967 xai
3319 915 3401 977 εἰς
3433 914 3565 968 Θεὸν
3600 914 3781 980 ίδικῶς
3804 956 3821 981 ,
3861 918 3978 981 ὡς·

2350 1000 2537 1071 ἕτερον
2566 999 2697 1054 ὄντα
2738 999 2873 1068 υἱὸν,
2917 1001 3010 1055 δύο
3057 1003 3306 1072 λέγοντες
3358 1006 3537 1072 υἱοὺς,
3570 1007 3972 1078 ὑποφέρονται

2351 1090 2578 1155 δικαίως
2603 1094 2668 1163 τῇ
2693 1091 2922 1163 δυνάμει
2944 1094 3039 1146 τοῦ
3065 1095 3428 1165 προκειμένου
3460 1097 3966 1170 ἁνὰθεματισμοῦ.

2787 1207 3379 1263 ΑΝΑΘΕΜΛΤΙΣΜΟΣ
3419 1211 3495 1267 E'.

2423 1319 2494 1374 E!’
2521 1336 2604 1384 τις
2632 1320 2808 1393 τολμᾷ
2835 1322 3016 1391 λέγειν
3051 1322 3309 1396 θεοφόρον
3358 1323 3648 1395 ἄνθρωπον
3678 1323 3771 1376 τὸν
3799 1324 3965 1396 Χρι-

2360 1413 2503 1476 στὸν,
2539 1413 2634 1466 καὶ
2665 1413 2785 1485 οὑχὶ
2818 1414 2882 1483 δὴ
2909 1414 3108 1485 μᾶλλον
3141 1416 3272 1470 Θεὸν
3306 1412 3447 1469 εἶναι
3479 1415 3619 1469 κατὰ
3649 1414 3962 1486 ἀλήθειαν,

2354 1503 2452 1554 καὶ
2489 1502 2619 1555 Υίὸν
2652 1503 2770 1571 ἕνα,
2803 1505 2897 1558 καὶ
2923 1504 3104 1574 φύσει,
3138 1507 3274 1560 καθὸ
3296 1507 3487 1576 γέγονε
3514 1505 3648 1578 σὰρξ
3678 1507 3706 1559 6
3739 1507 3960 1576 Λόγος,

2354 1592 2448 1647 καὶ
2499 1595 2870 1665 κεκοινώνηκε
2920 1597 3319 1669 παραπλησίως
3366 1600 3500 1670 ἡμῖν
3549 1601 3802 1670 αἵματος,
3845 1599 3965 1652 καὶ

2356 1681 2558 1751 σαρκός
2583 1697 2597 1711 ·
2633 1682 2886 1753 ἀνάθεμα
2918 1683 3079 1740 ἔστω.

2934 1795 3246 1862 Ἐπίλυσις
3284 1805 3348 1850 ε’.

747 1883 980 1941 Verbum
1021 1881 1116 1937 Dei
1149 1897 1368 1937 carnem
1416 1895 1538 1938 esse
1585 1881 1809 1948 factum,
1854 1883 1985 1938 dicit
2031 1898 2255 1955 magnus

2369 1961 2373 1965 ι
2425 1883 2613 1952 Σάρκα
2661 1883 2914 1951 γενέσθαι
2958 1881 3123 1954 φησίν
3163 1887 3190 1938 6
3233 1887 3517 1952 Θεσπέσιος
3547 1890 3958 1965 εὑαγγελιστὴς

679 1974 768 2028 ille
812 1975 1141 2043 evangelista
1183 1971 1422 2028 Joannes
1446 1971 1487 2004 ¹⁷
1523 1989 1536 2026 :
1570 1987 1678 2028 non
1711 1973 1852 2043 quod
1888 1976 2104 2045 prepria
2157 1989 2256 2030 na-

680 2077 801 2120 tura
832 2073 1214 2130 transmutata,
1259 2072 1354 2118 aut
1384 2077 1646 2119 conversa
1683 2065 1734 2119 in
1767 2078 1987 2120 carnem
2026 2067 2256 2120 transie-

679 2155 773 2220 rit,
833 2155 974 2209 sicut
1012 2152 1128 2220 jam
1184 2164 1314 2207 ante
1362 2152 1671 2222 expositum
1723 2162 1806 2208 est
1853 2153 2069 2224 (expers
2110 2155 2254 2209 enim

678 2245 996 2301 mutationis
1042 2253 1124 2299 est
1168 2253 1227 2297 ut
1266 2243 1454 2310 Deus),
1505 2243 1599 2298 sed
1640 2244 1769 2314 quia
1816 2258 1970 2312 aeque
2028 2259 2092 2299 ac
2135 2259 2253 2311 nos,

679 2338 859 2392 carnis
887 2343 942 2390 et
970 2334 1249 2405 sanguinis
1273 2335 1566 2404 particeps,
1595 2343 1650 2388 et
1676 2335 1837 2390 homo
1871 2334 2126 2395 elfectum
2151 2347 2253 2392 est.

681 2429 846 2484 Sacra
880 2428 1026 2483 enim
1072 2426 1354 2495 Scriptura
1389 2427 1664 2482 hominem
1707 2442 1804 2481 suo
1852 2442 2002 2481 more
2035 2443 2256 2483 carnem

681 2519 945 2590 appellat;
1001 2517 1264 2587 scripturn
1329 2527 1415 2572 est
1463 2518 1608 2574 enim
1656 2536 1670 2572 :
1735 2535 1755 2569 ι
1805 2515 2016 2573 Videbit
2082 2521 2257 2574 omnis

680 2625 808 2667 caro
869 2610 1106 2666 salutare
1153 2608 1248 2664 Dei
1275 2609 1340 2664 “.
1372 2627 1391 2660 ι
1445 2607 1552 2664 Sed
1598 2608 1883 2678 impiorum
1946 2610 2255 2679 dogmatum

681 2704 1018 2765 inventores,
1057 2699 1364 2765 Nestorius,
1406 2707 1461 2755 et
1505 2699 1598 2770 qui
1642 2699 1790 2753 illum
1818 2708 2122 2764 sectantur,
2165 2708 2259 2754 aut

680 2793 868 2849 eadem
905 2807 1026 2848 cum
1075 2790 1166 2848 illo
1206 2791 1450 2860 sapiunt,
1487 2791 1887 2846 incarnationis
1916 2791 2137 2860 quidem
2165 2807 2259 2846 vo-

680 2896 798 2939 cem
849 2881 1101 2938 conﬁteri
1147 2895 1208 2936 se
1256 2879 1534 2946 simulant,
1581 2888 1820 2935 attamen
1875 2879 1968 2936 Dei
2017 2879 2256 2935 Verbum

680 2973 980 3030 secundum
1011 2973 1299 3029 veritatem
1328 2973 1696 3038 incarnatum,
1727 2972 1829 3029 hoc
1854 2982 1961 3040 est,
1989 2975 2259 3028 manendo

680 3066 825 3136 quod
867 3073 1026 3130 erat,
1080 3065 1352 3120 hominem
1400 3065 1571 3119 nostri
1623 3063 1856 3120 similem
1895 3063 2095 3119 factum
2139 3079 2258 3118 esse

682 3165 903 3226 negant.
941 3155 1224 3212 Amrmant
1272 3169 1474 3221 autem,
1518 3156 1853 3226 unigenitum
1898 3157 1992 3211 Dei
2026 3157 2255 3212 Verbum

684 3249 740 3302 in
767 3247 987 3303 homine
1018 3263 1081 3302 ex
1113 3257 1298 3302 sancta
1330 3246 1546 3318 Virgine
1577 3260 1702 3301 nato
1730 3247 1950 3316 perinde
1981 3263 2044 3304 ac
2067 3249 2118 3302 in
2147 3263 2256 3302 uno
2284 3217 2327 3277 c

682 3341 864 3410 aliquo
889 3355 956 3394 ex
985 3340 1188 3394 sanctis
1217 3340 1570 3406 inhabitasse,
1602 3341 1673 3393 ita
1705 3350 1765 3393 ut
1790 3340 1904 3408 jam
1951 3355 2060 3395 non
2090 3355 2257 3410 opor-

683 3442 795 3488 teat
837 3433 1106 3494 conllteri,
1135 3433 1277 3501 quod
1315 3447 1455 3487 unus
1503 3433 1575 3486 sit
1613 3431 1870 3488 Christus
1909 3443 1963 3487 et
1995 3430 2166 3488 Filius
2205 3443 2260 3487 et

685 3525 946 3581 Dominus
986 3535 1040 3579 et
1073 3526 1417 3589 adorandus;
1464 3525 1556 3579 sed
1595 3533 1850 3596 tanquam
1879 3526 2039 3580 homo
2068 3539 2164 3595 per
2197 3539 2259 3580 se

684 3627 739 3672 et
772 3617 1066 3688 separatim
1112 3617 1440 3682 intellectus,
1473 3617 1543 3672 ob
1582 3617 1752 3671 solam
1782 3617 2176 3687 copulationem
2207 3617 2257 3670 iu

686 3710 884 3764 unione
913 3708 1188 3778 dignitatis
1237 3708 1552 3772 honoratus,
1593 3707 1750 3778 152
1782 3709 1945 3764 simul
1983 3711 2257 3776 adoretur,

685 3809 740 3854 et
775 3798 1234 3869 congloriiicetur.
1288 3797 1504 3853 Habitat
1545 3799 1760 3867 quidem
1819 3800 1975 3856 nobis
2015 3802 2260 3856 omnium

687 3891 828 3946 Deus
859 3903 953 3959 per
984 3889 1248 3958 Spiritum
1285 3899 1559 3945 sanctum.
1590 3888 1736 3944 Dixit
1775 3891 1920 3945 enim
1943 3892 2260 3962 jamdudum

687 3998 785 4052 per
816 3996 980 4036 unum
1023 3997 1054 4037 e
1088 3983 1296 4037 sanctis
1326 3981 1608 4050 prophetis
1639 3997 1654 4034 :
1689 3998 1707 4032 ι
1739 3979 2007 4047 Quoniam
2045 3981 2261 4037 inhabi-

690 4074 813 4128 tabo
857 4073 909 4128 in
940 4073 1045 4139 eis,
1078 4084 1131 4129 et
1164 4072 1528 4136 inambulabo,
1568 4079 1623 4126 et
1667 4086 1763 4126 ero
1812 4073 1981 4142 ipsius
2009 4071 2174 4138 Deus,
2207 4081 2264 4127 et

688 4173 847 4220 erunt
885 4164 1010 4217 mihi
1049 4163 1366 4232 populus".
1400 4180 1418 4214 ι
1475 4162 1678 4217 Scribit
1728 4173 1783 4218 et
1831 4165 2020 4218 beatus
2065 4164 2262 4218 Paulus

687 4269 902 4325 quoque
933 4271 949 4308 :
982 4271 1003 4305 ι
1034 4253 1268 4308 Nescitis
1300 4253 1422 4321 quia
1461 4252 1718 4321 templum
1752 4253 1842 4308 Dei
1870 4255 2024 4317 estis,
2058 4265 2111 4308 et
2142 4254 2263 4324 Spi-

688 4347 825 4401 ritus
859 4344 952 4401 Dei
982 4345 1193 4399 habitat
1227 4344 1279 4397 in
1323 4343 1583 4398 vobis"?
1613 4363 1631 4395 ι
1669 4345 1730 4398 Et
1766 4347 1878 4414 ipse
1910 4345 2163 4400 Christus
2198 4346 2265 4400 de

688 4437 892 4493 sanctis
917 4438 1030 4490 suis
1062 4433 1365 4504 prophetis,
1403 4435 1516 4488 sive
1546 4435 1612 4489 de
1643 4438 1867 4500 sanctis,
1897 4434 1986 4502 qui
2012 4445 2262 4489 anteces-

2369 1961 2624 2045 Ἰωάννης
2671 1974 2763 2028 τὸν
2794 1975 2888 2028 τοῦ
2916 1976 3053 2029 Θεοῦ
3083 1977 3278 2045 Λόγον.
3313 1979 3374 2031 οὑ
3405 1981 3546 2033 κατὰ
3582 1961 3954 2051 μετάστασιν,

2357 2067 2390 2136 ἢ
2423 2070 2629 2139 τροπὴν
2659 2070 2759 2138 τῆς
2792 2068 2930 2131 ίδίας
2975 2068 3191 2137 φύσεως
3234 2071 3313 2133 είς
3353 2070 3530 2138 σάρκα
3567 2089 3954 2145 μεταπεποιη-

2362 2158 2542 2227 μένον,
2576 2160 2824 2229 καθάπερ
2864 2159 2967 2230 ἥδη
2995 2160 3334 2230 προείπομεν
3356 2175 3370 2189 ·
3408 2162 3519 2232 ἔχει
3548 2162 3656 2234 γὰρ
3685 2163 3746 2216 τὸ
3773 2167 3960 2218 ἀναλ-

2358 2248 2581 2302 λοίωτον
2610 2251 2685 2312 ὼς
2719 2248 2851 2312 Θεός
2877 2264 2891 2279 ·
2925 2248 3042 2302 ἁλλ’
3061 2250 3143 2303 ὅτι
3173 2249 3571 2322 κεκοινώνηκεν
3603 2253 3735 2322 ἡμῖν
3760 2271 3962 2323 παρα-

2359 2339 2601 2408 πλησίως
2630 2340 2864 2409 αἵματος
2893 2381 2907 2406 ,
2939 2343 3034 2396 καὶ
3066 2342 3296 2414 σαρκὸς,
3333 2343 3427 2397 καὶ
3457 2343 3683 2410 γέγονεν
3721 2342 3962 2414 ἄνθρω-

2359 2446 2459 2492 πος
2481 2445 2493 2459 ·
2522 2429 2640 2493 ἔθος
2669 2429 2778 2499 γὰρ
2804 2434 2869 2502 τῇ
2906 2431 3250 2502 θεοπνεύστῳ
3307 2434 3496 2504 Γραφῇ
3521 2435 3699 2504 σάρκα
3730 2435 3823 2486 τὸν
3850 2436 3962 2488 ἇν-

2359 2519 2576 2588 θρωπον
2626 2521 2945 2592 ὀνομάζειν·
2990 2523 3301 2594 γέγραπται
3351 2524 3490 2593 γὰρ,
3535 2541 3554 2575 ι
3583 2525 3664 2576 ὃτι
3709 2524 3961 2593 Ὄψεται

2359 2613 2512 2667 πᾶσα
2556 2613 2692 2684 σὰρξ
2739 2613 2802 2666 τὸ
2846 2616 3113 2685 σωτήριον
3161 2615 3256 2668 τοῦ
3300 2615 3457 2669 Θεοῦ.
3496 2635 3514 2667 ι
3563 2617 3703 2669 Ἀλλ’
3744 2619 3794 2669 οί
3833 2616 3962 2670 τῶν

2358 2703 2588 2756 ἀνοσίων
2616 2703 2904 2774 δογμάτων
2942 2705 3186 2776 εὑρεταὶ,
3217 2705 3512 2776 Νεστόριός
3545 2723 3604 2759 τε
3635 2707 3728 2760 καὶ
3759 2710 3807 2760 οί
3841 2709 3961 2762 σὺν

2359 2794 2530 2866 αὑτῷ,
2557 2796 2677 2865 ἤτοι
2705 2796 2772 2850 τὰ
2799 2796 2938 2850 αὑτὰ
2964 2797 3288 2866 φρονοῦντες
3315 2798 3524 2868 ἐκείνῳ,
3556 2799 3961 2869 ὑποκρίνονται

2364 2881 2464 2951 μὲν
2491 2881 2773 2952 ὁμολογεῖν
2804 2884 2903 2954 τὴν
2932 2884 3028 2938 τοῦ
3074 2886 3455 2956 σεσαρκῶσθαι
3483 2889 3688 2958 φωνην.
3722 2889 3796 2940 Οὑ
3835 2889 3962 2960 μὴν

2359 2971 2448 3023 ὅτε
2472 2973 2488 3006 ¹
2529 2969 2624 3024 καὶ
2655 2971 3004 3042 σαρκωθῆναί
3049 2991 3184 3042 φασι
3227 2975 3369 3029 κατὰ
3416 2975 3675 3047 ἀληθειαν
3717 2979 3810 3031 τὸν
3847 2979 3960 3032 τοῦ

2360 3059 2495 3115 Θεοῦ
2540 3060 2746 3130 Λόγον·
2799 3063 3078 3118 τουτέστιν
3124 3063 3413 3136 ἄνθρωπον
3457 3066 3760 3135 γενέσθαιιι
3818 3069 3961 3122 καθ’

2358 3151 2529 3220 ἡμᾶς,
2563 3150 2704 3221 μετὰ
2735 3151 2829 3205 τοῦ
2877 3155 3059 3222 μεῖναι
3087 3154 3116 3207 ὃ
3139 3150 3227 3226 ἦν.
3269 3155 3428 3208 Ἀλλά
3470 3157 3580 3226 γὰρ
3608 3157 3686 3220 ὡς
3723 3159 3804 3221 εἰς
3841 3161 3959 3213 άν-

2360 3241 2586 3312 θρωπον⁶
2606 3241 2718 3296 τῶν
2747 3241 2919 3310 ἁγίων
2949 3243 3067 3308 ἕνα,
3097 3245 3188 3298 τὸν
3226 3246 3290 3299 ὲκ
3329 3245 3432 3314 τῆς
3456 3245 3620 3312 ἁγίας
3662 3245 3964 3317 Παρθένου

2360 3335 2762 3405 γεγεννημένον
2815 3339 3140 3407 κατοικῆσαι
3187 3337 3611 3406 διισχυρίζονται
3651 3337 3743 3390 τὸν
3781 3357 3963 3408 μονο-

2359 3426 2492 3497 γενῆ
2522 3425 2618 3478 τοῦ
2648 3425 2784 3479 Θεοῦ
2818 3427 2990 3495 Λόγον
3012 3444 3028 3459 ·
3077 3428 3164 3482 ἵνα
3195 3429 3392 3501 μηκέτι
3437 3430 3670 3501 Χριστὸς
3709 3425 3789 3495 εἷς
3815 3434 3966 3503 όμο⁹

2359 3516 2587 3587 λογῆται
2638 3521 2733 3574 καὶ
2776 3520 2940 3587 Υἱὸς,
2989 3523 3085 3575 καὶ
3134 3522 3364 3593 Κύριος,
3414 3523 3509 3575 καὶ
3545 3525 3961 3594 προσκυνητός·

2360 3608 2476 3662 ἁλλ’
2500 3610 2577 3673 ὠς
2605 3610 2891 3682 ἄνθρωπος
2949 3613 3152 3677 ίδικῶς,
3177 3614 3270 3667 καὶ
3297 3614 3613 3682 καταμόνας
3631 3613 3961 3683 νοούμενος,

2365 3700 2501 3771 μόνῃ
2533 3702 2799 3772 συναφείᾳ
2824 3706 2890 3773 τῇ
2922 3705 3066 3758 κατὰ
3091 3703 3188 3773 τὴν
3225 3704 3454 3773 ἑνότητα
3482 3705 3581 3772 τῆς
3613 3703 3769 3768 ἀξίας
3794 3723 3963 3759 τετι-

2364 3791 2623 3861 μημένος,
2643 3809 2706 3844 συ
2715 3793 3148 3863 μπροσκυνῆται,
3167 3794 3258 3846 καὶ
3273 3793 3967 3864 συνδοξάζηται.Κατοικεί

2362 3884 2514 3954 γὰρν
2553 3885 2610 3938 ὲν
2644 3885 2776 3955 ἡμῖν
2820 3887 2848 3937 6
2875 3884 2985 3937 τῶν
3015 3885 3151 3937 ὅλων
3179 3883 3311 3947 Θεὸς
3351 3885 3438 3937 διὰ
3465 3884 3559 3938 τοῦ
3587 3885 3745 3953 ἁγίου
3777 3886 3962 3939 Πνεύο

2366 3971 2554 4045 ματος.
2603 3977 2714 4030 Καὶ
2761 3976 2892 4044 γοῦν
2933 3976 3101 4030 πάλαι
3125 3985 3151 4014 ι
3192 3977 3290 4046 μὲν
3339 3976 3542 4046 ἔφασκε
3573 3978 3640 4030 δι’
3675 3978 3792 4041 ἑνὸς
3835 3979 3966 4031 τῶν

2365 4067 2536 4133 ἁγίων
2591 4067 2922 4140 προφητῶν·
2966 4084 2984 4118 ι
3013 4067 3136 4121 Ὀτι
3177 4069 3443 4138 ὲνοικήσω
3486 4071 3544 4122 ὲν
3589 4069 3805 4130 αὑτοῖς,
3857 4073 3965 4124 καὶ

2365 4161 2827 4229 ὲμπεριπατὴσω,
2862 4159 2958 4213 καὶ
2991 4159 3184 4228 ἔσομαι
3216 4161 3400 4222 αὑτοῖς
3445 4160 3611 4224 Θεὸς,
3662 4161 3758 4214 καὶ
3789 4163 3963 4215 αὑτοὶ

2364 4249 2578 4303 ἔσονταί
2612 4267 2700 4318 μοι
2740 4250 2884 4313 λαός.
2925 4269 2942 4300 ι
2980 4250 3185 4320 Γράφει
3213 4251 3269 4303 δὲ
3305 4251 3397 4304 καὶ
3425 4253 3454 4303 ό
3487 4253 3756 4322 μακάριος
3792 4253 3962 4305 Παῦ-

2364 4339 2472 4402 λος·
2500 4359 2520 4390 σ
2549 4339 2664 4391 Οὑκ
2697 4339 2896 4405 οἴδατε,
2925 4340 3005 4392 ὅτι
3039 4340 3160 4403 ναὸς
3181 4340 3317 4393 Θεοῦ
3348 4343 3604 4405 ὲστε,καὶ
3635 4343 3695 4396 τὸ
3719 4343 3962 4414 Πνεῦμα

2363 4429 2458 4482 τοῦ
2494 4429 2630 4481 Θεοῦ
2663 4430 2805 4484 οίκεῖ
2835 4431 2893 4482 ἐν
2944 4431 3107 4501 ὑμῖν;
3148 4449 3166 4483 ι
3201 4432 3346 4502 Ἔφη
3376 4433 3543 4486 δὲκαὶ
3567 4434 3780 4496 αὑτὸςό
3805 4435 3962 4506 Χρι-

689 4537 896 4591 serant,
938 4529 1059 4580 ait:
1093 4542 1112 4577 ι
1145 4525 1201 4578 Si
1254 4525 1377 4581 illos
1419 4525 1558 4579 dixit
1601 4523 1753 4588 deos,
1802 4526 1868 4579 ad
1910 4539 2046 4594 quos
2084 4539 2258 4580 sermo

2370 4521 2491 4584 στὸς
2534 4521 2663 4590 περὶ
2709 4523 2818 4574 τῶν
2867 4523 3036 4587 ἁγίων
3087 4522 3255 4576 αὑτοῦ
3305 4524 3635 4594 προφητῶν,
3681 4526 3797 4596 ἢτοι
3840 4526 3962 4580 τῶν

690 4619 786 4672 Dei
838 4617 1013 4671 factus
1059 4625 1183 4670 est:
1213 4631 1374 4685 quem
1412 4614 1568 4668 Pater
1600 4613 1976 4678 sanetilieavit,
2024 4624 2077 4668 et
2118 4616 2266 4668 misit

691 4711 744 4764 in
789 4709 1066 4772 mundum,
1102 4721 1197 4761 vos
1250 4705 1428 4761 dicitis
1463 4721 1476 4758 :
1510 4704 1887 4772 Blasphemas;
1935 4707 2058 4774 quia
2097 4707 2206 4760 dixi
2247 4720 2261 4758 :

690 4802 858 4856 Filius
914 4801 1003 4854 Dei
1061 4813 1177 4854 sum
1215 4798 1295 4862 ";
1326 4816 1344 4848 ι
1409 4800 1500 4851 sed
1549 4812 1652 4850 non
1709 4797 1782 4850 ita
1832 4797 1969 4850 Deus
2011 4800 2060 4850 in
2104 4798 2261 4851 Chri-

688 4903 773 4948 sto
810 4892 1043 4955 habitat,
1075 4890 1214 4944 sicut
1252 4889 1304 4942 in
1337 4890 1514 4943 nobis.
1551 4888 1684 4941 Erat
1713 4887 1854 4942 enim
1890 4900 2078 4940 natura
2104 4889 2262 4952 Deus,

689 4986 849 5040 nobis
882 4984 1078 5039 similis
1110 4982 1306 5046 factus,
1341 4996 1587 5050 unusque
1612 4994 1673 5033 ac
1704 4979 1850 5034 solus
1882 4977 2071 5044 Filius,
2102 4982 2263 5034 etiam

690 5091 811 5130 cum
862 5090 987 5129 caro
1043 5071 1222 5129 lactus
1266 5083 1369 5128 est.
1413 5073 1732 5141 Quicunque
1783 5071 1944 5140 igitur
1990 5071 2263 5126 Deilerum

691 5166 964 5220 hominem
1014 5181 1137 5220 cum
1180 5180 1299 5220 esse
1337 5165 1516 5218 dicere
1560 5167 1776 5226 audent,
1827 5179 1890 5217 ac
1938 5178 2040 5217 non
2091 5164 2267 5232 potius

695 5258 860 5312 Deum
902 5259 1175 5312 hominem
1228 5257 1454 5318 factum,
1488 5255 1797 5310 necessario
1850 5257 1899 5308 in
1933 5257 2264 5324 propositum

595 5399 601 5405 .
692 5351 1202 5405 anathentatismum
1233 5349 1496 5404 incidunt.

784 5556 998 5610 "Joan.
1035 5571 1073 5620 I,
1106 5556 1190 5609 Η.
1307 5555 1494 5610 "an.
1529 5568 1609 5616 ιιι,
1646 5552 1698 5604 6.

1815 5553 1856 5582 ¹⁹
1881 5551 2052 5605 Levii.
2085 5568 2232 5614 xxvr,
2271 5555 2368 5610 ηε
2406 5557 2446 5610 ll
2473 5559 2595 5613 Cor.
2639 5575 2707 5625 vr,
2745 5561 2828 5615 16.

2369 4614 2780 4682 προγεγονότων
2804 4615 2999 4681 ἁγίων·
3037 4632 3055 4666 ι
3090 4613 3150 4666 Ei
3183 4615 3427 4677 ἐκείνους
3455 4609 3576 4667 εἷπε
3608 4615 3786 4683 θεοὺς,
3807 4620 3961 4688 πρὸς

2363 4701 2457 4765 οὓς
2493 4705 2521 4755 6
2559 4703 2714 4770 λόγος
2745 4704 2839 4756 τοῦ
2881 4702 3019 4758 Θεοῦ
3068 4705 3304 4773 ἐγένετο,
3351 4705 3410 4758 ὃν
3440 4707 3468 4757 6
3500 4706 3692 4775 Πατὴρ
3724 4708 3957 4776 ἡγίασε,

2366 4793 2459 4845 καὶ
2493 4793 2815 4846 ἀπέστειλεν
2856 4796 2939 4856 εἰς
2980 4795 3072 4848 τὸν
3121 4795 3346 4863 κόσμον,
3397 4796 3554 4862 ὑμεῖς
3607 4794 3817 4861 λέγετε,
3868 4798 3962 4851 ὅτι

2371 4881 2742 4951 Βλασφημεῖς,
2774 4883 2860 4934 ὅτι
2891 4880 3043 4936 εἷπον
3066 4899 3080 4914 ·
3122 4883 3250 4944 Υἱὸς
3305 4882 3398 4936 τοῦ
3433 4883 3570 4936 Θεοῦ
3595 4887 3745 4954 είμι·
3783 4902 3800 4936 ι
3832 4886 3961 4939 ἀλλ’

2365 4974 2464 5042 οὑχ
2489 4972 2678 5044 ὥσπερ
2709 4975 2765 5024 ὲν
2796 4975 2928 5042 ἡμῖν
2954 4976 3092 5026 οἰκεῖ
3123 4973 3278 5040 Θεὸς,
3308 4973 3450 5027 οὑτω
3490 4979 3585 5029 καὶ
3614 4977 3671 5029 ὲν
3701 4976 3955 5046 Χριστῷ·

2368 5062 2498 5125 Θεὸς
2532 5063 2639 5133 γὰρ
2666 5061 2824 5131 φύσει
2855 5059 2921 5135 ἧν
2941 5104 2955 5128 ,
2989 5064 3244 5134 πεφηνὼς
3287 5065 3407 5119 καθ’
3434 5067 3601 5137 ἡμᾶς,
3631 5062 3710 5132 εἷς
3747 5084 3809 5120 τε
3853 5071 3958 5122 καὶ

2372 5153 2532 5221 μόνος
2560 5154 2687 5216 Υἱὸς
2707 5195 2721 5217 ,
2752 5155 2842 5206 καὶ
2870 5156 2958 5208 ὅτε
2987 5156 3180 5222 γέγονε
3223 5157 3379 5228 σάρξ.
3410 5161 3471 5211 Ui
3502 5158 3681 5212 τοίνυν
3709 5157 3962 5228 τολμῶν-

2367 5260 2456 5307 τες
2494 5245 2672 5311 λέγειν
2709 5245 2966 5315 θεοφόρον
2996 5245 3282 5316 ἄνθρωπον
3314 5247 3587 5318 ὑπάρχειν
3629 5248 3814 5313 αὑτὸν,
3860 5251 3961 5303 καὶ

2370 5335 2490 5404 οὑχ).
2512 5335 2575 5405 δὴ
2609 5337 2806 5404 μᾶλλον
2839 5336 3340 5406 ὲνανθρωπήσαντα
3363 5339 3515 5402 Θεὸν,
3550 5340 3962 5396 ὑποπίπτουσιν

2371 5426 2684 5493 ἀναγκαίως
2714 5427 2789 5496 τῷ
2815 5428 3163 5498 προκειμένῳ
3193 5429 3643 5500 ἁναθεματισμῷ.

2943 5563 2987 5594 ὀ
3015 5562 3030 5615 l
3059 5563 3183 5619 Cor.
3217 5578 3299 5630 tu,
3335 5564 3424 5620 16.
3502 5567 3542 5596 ²¹
3569 5563 3732 5621 Joan.
3769 5582 3827 5633 χ,
3864 5567 3934 5624 55

1738 5691 1911 5748 Varim
1944 5693 2206 5748 lectiones
2235 5708 2299 5749 ex
2327 5696 2513 5752 codice
2539 5697 2914 5767 Seguieriano.

771 5837 790 5874 ί
823 5835 924 5901 ὅτι,
955 5834 1015 5906 ἢ,
1052 5831 1129 5884 ἔτι
1229 5841 1253 5868 υ
1285 5833 1586 5901 γεγονέναι.
1665 5841 1694 5873 ν
1736 5833 1830 5902 μὲν
1855 5831 1983 5901 γάρ.

2063 5845 2087 5870 ι
2117 5832 2298 5884 πάλιν.
