4104 6500
118 466 199 522 305
1141 467 1553 526 EXPLICA'HO
1594 467 1950 527 DUODECIM
1993 467 2240 524 CAPITU
2253 467 2316 522 Μ.

1727 591 1774 646 Α

519 583 1134 638 ΑΝΑΘΕΜΔΤΙΣΜΟΣ
1173 587 1264 653 q'.

173 695 230 748 Εἰ
251 712 328 756 τις
365 696 507 749 Θεὸν
553 697 590 766 ἢ
626 697 912 768 Δεσπότην
952 692 1090 750 slva:
1125 695 1273 765 λέγει
1305 694 1399 748 τοῦ
1457 692 1696 766 Χριστοῦ

115 787 188 839 τδν
217 788 274 840 ὲκ
301 787 440 840 Θεοῦ
483 790 719 862 Πατρδς
753 791 948 856 Λόγον,
985 787 1078 841 καὶ
1127 787 1249 857 οὑχ).
1275 787 1339 858 δὴ
1370 786 1571 858 μᾶλλον
1607 785 1699 838 τὸν

117 876 254 927 αὑτὸν
298 877 566 947 ὁμολογεῖ
617 877 759 949 ὁμοῦ
819 896 878 930 τε
937 876 1068 931 Θεὸν
1116 879 1210 931 καὶ⁴
1259 876 1580 946 ἄνθρωπον,
1625 875 1701 938 ὡς

117 968 371 1035 γεγονότος
395 969 626 1042 σαρκὸς
659 968 752 1024 τοῦ
785 971 957 1039 Λόγου
987 969 1130 1024 κατὰ
1158 969 1255 1034 τὰς
1280 969 1524 1041 Γραφάς·
1568 967 1701 1022 ἀνά-

115 1059 234 1131 θεμα
260 1061 420 1117 ἔστω.

693 1177 869 1231 Ἐπίλ
879 1191 1017 1242 υσις
1057 1182 1134 1241 ς’.

185 1285 239 1339 '0
281 1287 495 1357 Κύριος
529 1287 702 1358 ἡμῶν
753 1286 959 1359 Ἰησοῦς
992 1285 1226 1358 Χριστὸς
1252 1325 1269 1352 ,
1299 1287 1326 1339 6
1376 1281 1456 1349 εἷς
1502 1303 1560 1339 τε
1607 1287 1703 1340 καὶ

117 1377 258 1447 μόνος
281 1423 294 1445 ,
331 1381 431 1433 καὶ
472 1380 636 1434 κατὰ
669 1379 930 1450 ἀλήθειαν
963 1379 1088 1441 Υἱὸς
1127 1379 1389 1450 ὑπάρχων
1439 1377 1534 1431 τοῦ
1567 1377 1701 1432 Θεοῦ

115 1471 198 1524 καὶ
218 1472 453 1542 Πατρὸς,
473 1473 684 1541 γέγονε
716 1471 851 1543 σάρξ
872 1472 900 1523 6
929 1471 1133 1540 Λόγος⁶
1166 1471 1261 1525 καὶ
1291 1470 1702 1540 συγκατάρχειγ

112 1562 208 1616 τῶν
231 1563 365 1617 ὅλων
396 1563 547 1635 ὁμοῦ
567 1565 650 1635 τῷ
669 1565 783 1634 ἰδίῳ
805 1565 1092 1635 Γεννήτορι
1111 1581 1124 1594 ·
1151 1583 1170 1614 ι
1197 1564 1437 1634 κάμπτει
1469 1579 1528 1615 τε
1553 1562 1704 1632 αὑτῷ

114 1655 213 1706 πᾶν
248 1656 377 1722 γόνυ
415 1655 796 1728 ἐπουρανίων,
845 1657 939 1709 καὶ
966 1655 1246 1724 ἐπιγείων,
1296 1654 1394 1708 καὶ⁹
1437 1652 1705 1724 καταχθο-

113 1744 264 1796 νίωνο
308 1745 407 1798 καὶ
445 1745 866 1817 ὲξομολογεῖται
915 1748 1063 1799 πᾶσα
1110 1745 1331 1814 γλῶσσα
1375 1745 1458 1798 ὅτι
1498 1743 1704 1816 Κύριος

126 1833 322 1904 Ἰησοῦς
339 1837 687 1907 Χριστὺςείς
715 1837 873 1901 δόξαν
890 1835 1024 1889 Θεοῦ
1050 1837 1282 1907 Πατρός.
1308 1854 1326 1886 ι
1355 1835 1510 1890 Ἔστι
1529 1834 1706 1889 τοίνυν

3263 474 3374 533 306

2206 582 2843 641 ANATIIEMATISMUS
2874 585 2965 642 Vl.

1879 695 1936 752 Si
1985 696 2106 766 quis
2156 695 2248 750 Dei
2293 694 2472 751 Patris
2521 693 2781 762 Verbum,
2832 695 3036 752 Christi
3078 695 3244 752 Deum
3290 698 3373 753 vel

1805 789 2088 844 Dominum
2130 802 2249 843 csse
2282 788 2518 854 dixerit;
2557 796 2611 843 et
2659 803 2762 843 non
2796 787 2976 858 potius
3003 787 3172 844 Deum
3214 789 3374 845 simul

1802 888 1858 935 et
1902 879 2178 934 hominem
2225 881 2474 935 eumdem
2519 877 2804 935 confessus
2835 878 3016 946 fuerit,
3053 889 3215 949 prout
3238 879 3375 936 Ver-

1802 971 1928 1026 bum
1968 984 2096 1025 caro
2138 971 2338 1025 factum
2375 979 2458 1025 cst
2500 971 2796 1027 secundum
2833 970 3145 1041 Scripturas
3178 988 3198 1026 :
3234 986 3373 1027 ana-

1805 1061 1981 1114 thema
2007 1061 2098 1114 sit.

2337 1172 2646 1230 Declaratio
2679 1183 2848 1230 sexta.

1878 1284 2136 1340 Dominus
2175 1293 2358 1340 noster
2381 1283 2543 1340 Jesus
2584 1282 2835 1341 Christus
2868 1300 3009 1341 unus
3039 1294 3096 1340 et
3124 1285 3275 1341 solus
3314 1295 3370 1341 et

1804 1378 2098 1432 secundum
2127 1377 2405 1432 veritatem
2433 1377 2528 1433 Dei
2557 1377 2736 1434 Patris
2763 1377 2956 1444 Filius,
2983 1376 3218 1435 Verbum
3245 1392 3374 1434 caro

1805 1466 2008 1522 factum
2041 1477 2145 1533 est,
2174 1476 2231 1521 et
2261 1481 2366 1521 una
2399 1481 2522 1522 cum
2559 1467 2808 1538 genitore
2853 1483 2951 1525 suo
2994 1464 3244 1524 omnibus
3282 1470 3378 1524 do-

1807 1555 2046 1609 minatur
2081 1577 2094 1611 :
2126 1556 2336 1626 ipsique
2369 1572 2388 1606 ι
2419 1554 2659 1612 nectitur
2686 1571 2848 1612 omne
2867 1572 3026 1627 genu,
3051 1556 3378 1618 caelestium,

1806 1647 2143 1702 terrestrium
2202 1658 2259 1702 et
2299 1648 2671 1716 infernorum;
2707 1656 2765 1704 et
2789 1649 2967 1704 omnis
3001 1649 3181 1720 lingua
3211 1647 3364 1704 confi-

1807 1748 1971 1804 tetur,
2005 1742 2130 1808 quia
2161 1739 2421 1796 Dominus
2457 1738 2612 1796 Jesus
2644 1738 2904 1796 Christus
2931 1739 2986 1795 in
3021 1740 3250 1810 gloriam
3283 1739 3376 1794 Dei

1806 1830 1984 1886 Patris
2006 1833 2073 1886 ”.
2105 1850 2123 1882 ι
2154 1831 2296 1886 idem
2334 1831 2516 1901 itaque
2557 1841 2828 1904 quatenus
2851 1832 3173 1903 intelligitur
3202 1840 3257 1887 et
3297 1842 3382 1886 est

118 1926 142 1978 6
179 1927 338 1991 αὐτὸς
392 1930 502 2000 μὲν
543 1929 660 1983 τῶν
692 1929 829 1983 ὅλων
876 1931 1080 2001 Κύριος
1103 1969 1118 1994 ,
1165 1929 1302 1983 καθὸ
1336 1932 1572 1996 νοεῖται,
1611 1928 1705 1981 καὶ

1816 1922 1989 1988 Deus;
2045 1921 2171 1978 licet
2222 1931 2346 1993 post
2396 1923 2899 1980 inbumanationem
2955 1924 3140 1980 carnis
3187 1936 3382 1992 expers

119 2018 220 2070 ἔστι
249 2018 404 2082 Θεὸς,
431 2022 486 2074 εί
519 2021 622 2074 καὶ
655 2020 730 2093 μὴ
760 2021 883 2091 δίχα
909 2021 1112 2091 σαρκὸς
1145 2021 1284 2091 μετὰ
1310 2020 1409 2090 τὴν
1432 2017 1704 2088 ὲνανθρώ-

121 2123 291 2177 πησιν.
331 2109 518 2173 Αὑτὸς
552 2109 614 2162 δὲ
657 2110 854 2163 ἑαυτοῦ
884 2108 1006 2162 οὔτε
1034 2109 1168 2172 Θεὸς
1191 2149 1204 2174 ,
1238 2109 1361 2162 οὔτε
1392 2108 1668 2178 Δεσπότης
1687 2125 1702 2139 ο

123 2200 203 2251 καὶ
230 2199 340 2269 γάρ
370 2201 496 2254 ἐστι
521 2200 637 2253 τῶν
658 2202 1044 2266 ἀτοπωτάτων,
1077 2201 1276 2270 μᾶλλον
1299 2200 1354 2252 δὲ
1386 2200 1707 2264 δυσσεϐείας

123 2288 325 2360 ἀπάσης
363 2291 677 2362 ὲπίμεστον
722 2291 971 2361 ἀληθῶς,
1016 2290 1077 2343 τὸ
1113 2289 1254 2344 οὑτω
1296 2293 1513 2362 φρονεῖν
1545 2291 1578 2362 ἧ
1618 2290 1706 2344 λέ-

128 2389 234 2438 γειν
254 2393 268 2406 ο
298 2378 540 2443 εἰκότως
570 2374 667 2433 οῦν
695 2380 783 2433 ἐπ’
809 2378 958 2450 αὑτῷ
985 2376 1052 2450 δὴ
1074 2379 1250 2452 τούτῳ
1278 2380 1502 2450 γέγονεν
1525 2381 1553 2432 6
1583 2398 1711 2451 προ-

131 2464 365 2532 κείμενος
399 2468 882 2540 ἀναθεματισμός-

563 2577 1158 2632 ΔΝΔΘΕΜΑΤΙΣΜΟΣ
1196 2579 1271 2632 Z'.

190 2688 253 2740 Et
286 2689 374 2752 τίς
407 2707 586 2760 φησιν
635 2691 712 2754 ὡς
751 2690 1036 2761 ἄνθρωπον
1083 2691 1424 2763 ὲνηργῆσθαι
1470 2691 1576 2746 ὑπὸ
1612 2689 1705 2746 τοῦ

136 2777 252 2830 Θεοῦ
289 2782 474 2849 Λόγου
513 2781 610 2834 τὸν
666 2780 896 2852 Ἰησοῦν,
948 2784 1041 2834 καὶ
1089 2783 1190 2853 τὴν
1228 2783 1323 2836 τοῦ
1371 2783 1712 2852 Μονογενοῦς

138 2869 358 2935 εὐδοξίαν
389 2873 702 2944 περιῆφθαι
729 2874 805 2939 ὠς
835 2873 1007 2946 ἑτέρῳ
1031 2876 1160 2945 παρ’
1185 2875 1346 2929 αὑτὸν
1375 2875 1670 2946 ὑπάρχοντι
1694 2915 1709 2942 ,

141 2960 372 3031 ἀνάθεμα
406 2964 580 3018 ἔστω.

712 3081 1016 3146 Ἐπίλυσις
1055 3082 1121 3143 ζ’.

205 3192 327 3246 Ὅτε
359 3196 463 3267 τὴν
499 3196 644 3250 κατά
675 3197 853 3268 σάρκα
893 3197 1145 3268 γέννησιν
1168 3197 1262 3251 τοῦ
1295 3196 1428 3252 Υίοῦ
1461 3194 1554 3252 τοῦ
1579 3197 1714 3252 Θεοῦ

1809 2029 1916 2068 non
1961 2015 2058 2078 sit,
2107 2014 2483 2070 universorum
2524 2015 2786 2072 Dominus
2827 2024 2910 2071 est
2953 2024 3059 2070 :at
3109 2029 3240 2070 vero
3297 2014 3380 2068 sui

1808 2103 1980 2174 ipsius
2029 2118 2128 2159 nec
2160 2102 2322 2168 Deus,
2377 2118 2478 2160 nec
2508 2104 2763 2160 dominus
2793 2114 2877 2160 est
2906 2123 2922 2161 :
2952 2104 3056 2161 hoc
3101 2104 3244 2159 enim
3295 2102 3384 2156 ab-

1807 2194 2187 2250 surdissimum
2219 2205 2324 2262 est,
2372 2195 2483 2250 into
2514 2194 2696 2265 potius
2743 2197 2892 2251 omni
2927 2196 3209 2266 impietate
3253 2208 3387 2250 vere

1807 2285 2049 2355 plenum,
2090 2286 2136 2340 si
2181 2286 2259 2341 ita
2303 2285 2508 2341 sentias
2555 2294 2650 2343 aut
2708 2287 2886 2343 dicas.
2931 2286 3123 2342 Merito
3161 2286 3390 2358 proinde

1809 2386 2001 2432 cutura
2057 2377 2160 2433 hoc
2210 2378 2385 2448 ipsum
2439 2390 2681 2446 prasens
2733 2379 3228 2436 anatltematismus
3270 2387 3386 2434 sta-

1809 2469 1978 2522 tuitur

2107 2579 2263 2652 153
2290 2579 2932 2639 ANATHEMATISMUS
2969 2581 3088 2639 VII.

1884 2694 1942 2752 Si
1984 2694 2107 2764 quis
2142 2691 2326 2749 Jesum
2375 2703 2631 2764 tanquam
2682 2695 2958 2752 hominem
3007 2709 3037 2750 a
3075 2694 3169 2751 Dci
3213 2694 3387 2751 Verbo

1813 2794 2071 2856 operante
2125 2795 2327 2840 motum
2371 2785 2666 2852 habuisse,
2720 2785 3111 2857 Unlgenitique
3155 2786 3386 2857 gloriam

1813 2879 1913 2945 illi,
1952 2888 2211 2949 tanquam
2251 2879 2410 2934 alteri
2453 2879 2687 2950 cuipiam
2725 2880 2792 2935 ab
2823 2879 2941 2950 ipso
2971 2877 3176 2946 Verbo,
3220 2880 3390 2935 adve-

1817 2969 1960 3026 nisse
1990 2968 2211 3034 dixerit,
2247 2971 2536 3026 anathema
2569 2972 2660 3027 sit.

2312 3083 2616 3140 Declaratio
2649 3087 2894 3155 septima.

1888 3197 2023 3254 Cum
2068 3199 2261 3255 beatus
2301 3195 2519 3255 Gabriel
2560 3198 2820 3267 unigeniti
2874 3197 2998 3254 Filii
3031 3197 3125 3254 Dei
3160 3212 3391 3269 genera-

147 3279 223 3344 τοῦ
275 3285 606 3354 μοθογενοῦς
654 3285 1042 3357 εὐηγγελίζετο
1086 3289 1153 3357 τῇ
1200 3285 1332 3356 ἁγίᾳ
1376 3284 1638 3356 Παρθένῳ
1684 3284 1709 3336 6

1818 3289 2016 3346 tionem
2059 3289 2353 3346 secundum
2381 3304 2603 3345 carnem
2641 3297 2842 3346 sancta
2870 3289 3066 3360 virgini
3105 3290 3396 3346 annuntia-

155 3375 398 3445 μακάριος
428 3375 678 3449 Γαϐριήλ
698 3394 710 3406 ⁸
737 3377 928 3449 ιΤέξῃ,
961 3377 1145 3447 φησὶν,
1175 3377 1309 3442 υἱὸν,
1342 3375 1436 3430 καὶ
1461 3375 1714 3439 καλέσεις

153 3461 200 3511 τὸ
227 3463 392 3534 ὄνομα
434 3467 608 3520 αὑτοῦ
653 3468 862 3537 Ἰησοῦν
883 3486 895 3498 ’
929 3469 1090 3530 αὑτὸς
1122 3468 1232 3539 γὰρ
1262 3468 1425 3520 σώσει
1457 3467 1550 3520 τὸν
1585 3467 1714 3522 λαὸν

159 3551 297 3604 αὑτοῦ
345 3557 453 3609 ἀπὸ
500 3556 612 3609 τῶν
652 3557 942 3628 ἁμαρτιῶν
995 3557 1194 3611 αὑτῶν.
1229 3577 1248 3608 ι
1296 3557 1622 3628 Ὠνόμασται
1658 3557 1715 3611 δὲ

158 3644 234 3695 καὶ
255 3645 490 3716 Χριστὸς
511 3688 528 3711 ,
561 3647 647 3700 διὰ
686 3647 748 3699 τὸ
780 3646 1065 3718 κεχρῖσθαι
1097 3647 1215 3717 μεθ’
1247 3647 1407 3718 ἡμῶν
1436 3647 1713 3719 ἀνθρωπίο

161 3749 264 3799 νως,
291 3739 430 3792 κατά
470 3740 576 3811 τὴν
607 3738 704 3792 τοῦ
731 3738 1039 3802 Ψάλλοντος
1079 3740 1292 3810 φωνήνο
1330 3758 1348 3791 ι
1395 3737 1717 3807 Ἠγάπησας

163 3822 503 3902 δικαιοσύνην,
531 3832 626 3884 καὶ
649 3832 916 3902 ἐμίσησας
942 3831 1174 3901 ἀνομίαν
1194 3848 1206 3860 ·
1233 3829 1323 3884 διά
1341 3828 1501 3883 τοῦτο
1530 3830 1717 3902 ἔχρισε

167 3930 212 3966 σε
234 3917 257 3968 ὁ
285 3918 432 3986 Θεὸς,
464 3925 496 3976 6
521 3920 660 3985 Θεός
686 3939 802 3986 σου,
821 3921 968 3976 ἔλεον
1017 3921 1390 3990 ἀγαλλιάσεως
1417 3919 1566 3990 παρὰ
1591 3921 1717 3984 τοὺς

170 4009 394 4082 μετόχους
443 4031 562 4067 σου.
599 4032 618 4066 ι
679 4013 874 4066 Καίτοι
925 4013 1034 4083 γάρ
1107 4013 1371 4082 ὑπάρχων
1415 4010 1577 4074 αὑτὸς
1617 4011 1713 4064 τοῦ

171 4099 293 4166 ἁγίου
317 4106 641 4175 Πνεὺματος
667 4104 923 4174 χορηγὸς,
956 4103 1049 4155 καὶ
1073 4102 1173 4156 οὑκ
1217 4104 1281 4155 ἐκ
1317 4101 1515 4172 μέτρου
1541 4101 1717 4165 διδοὺς

169 4194 257 4254 τοῖς
282 4195 452 4260 ἀξίοις
477 4196 632 4250 αὑτό·
667 4197 879 4267 πλήρης
908 4197 1015 4267 γάρ
1041 4197 1178 4258 ἐστι,
1211 4214 1228 4245 ι
1256 4196 1350 4248 καὶ
1373 4195 1438 4248 ὲκ
1464 4193 1559 4246 τοῦ
1587 4192 1717 4263 πλη-

176 4282 384 4353 ρώματος
440 4287 608 4341 αὑτοῦ
656 4290 819 4359 ἡμεῖς
850 4289 1048 4351 πάντες
1082 4286 1372 4358 ἐλάϐομεν,
1409 4307 1426 4339 ›
1474 4285 1616 4340 κατά
1657 4285 1719 4340 τὸ

176 4380 547 4451 γεγραμμένον
589 4381 948 4451 οίκονομικῶς
993 4382 1068 4443 ὡς
1106 4379 1389 4450 ἄνθρωπος
1429 4379 1719 4451 κεχρῖσθαι

176 4464 374 4535 λέγεται,
424 4471 652 4541 νοητῶς.
681 4473 777 4526 καὶ
829 4473 929 4526 οὑκ
959 4471 1315 4542 ἀνθρωπίνως
1341 4471 1720 4534 καταπτάντος

180 4555 243 4607 ἐπ’
281 4563 441 4617 αὑτὸν
474 4563 571 4616 τοῦ
617 4563 775 4632 ἀγίου
827 4564 1145 4633 Πνεὺματος
1172 4603 1185 4625 ,
1223 4564 1309 4614 ἵνα
1346 4564 1440 4617 καὶ
1488 4565 1546 4616 ὲν
1586 4564 1718 4634 ἡμῖν

1817 3390 1940 3436 ret:
1977 3399 1996 3432 ι
2029 3379 2255 3446 Paries,
2303 3381 2522 3446 aiebat,
2573 3381 2776 3446 lilium,
2822 3390 2878 3438 et
2932 3381 3156 3438 vocabis
3198 3397 3396 3438 nomen

1814 3472 1932 3543 ejus
1955 3471 2162 3531 Jesum.
2205 3472 2326 3545 Ipse
2355 3474 2500 3529 enim
2525 3472 2734 3528 salvum
2765 3471 2930 3529 faciet
2953 3473 3206 3543 populum
3234 3489 3394 3529 suum

1815 3579 1845 3618 a
1873 3563 2109 3631 peccatis
2138 3577 2321 3617 eorum
2347 3564 2415 3618 ”.
2451 3581 2470 3614 ›
2507 3561 2830 3618 Nominatus
2853 3571 3034 3617 autem
3062 3571 3118 3617 et
3143 3561 3397 3618 Christus

1816 3665 1900 3709 est
1926 3654 1995 3719 “,
2045 3661 2336 3724 propterea
2370 3653 2517 3724 quod
2549 3655 2848 3710 secundum
2893 3653 3186 3709 humanam
3228 3663 3389 3709 natu-

1820 3760 1934 3799 ram
1974 3745 2256 3801 nobiscum
2315 3752 2512 3801 unctus
2556 3754 2660 3808 est,
2684 3742 2840 3812 juxta
2882 3742 3012 3799 illud
3041 3742 3390 3802 Psalmistae:

1824 3852 1844 3886 ι
1873 3834 2123 3891 .Dilexisti
2163 3834 2460 3906 justitiam,
2513 3843 2568 3888 et
2614 3833 2776 3888 odisti
2823 3833 3166 3902 iniquitatem
3207 3850 3224 3888 :
3269 3846 3395 3902 pro-

1818 3933 2003 3995 pterea
2051 3924 2210 3979 unxit
2243 3932 2297 3978 te
2341 3923 2506 3986 Deus,
2545 3923 2684 3978 Deus
2713 3931 2838 3978 tuus
2865 3922 2987 3979 oleo
3015 3921 3396 3979 exsultationis

1818 4032 1929 4086 prae
1962 4016 2310 4072 consortibus
2345 4015 2454 4071 tuis
2481 4014 2547 4070 ".
2584 4032 2604 4066 ι
2643 4012 2903 4080 Quamvis
2933 4012 3078 4069 enim
3107 4012 3196 4066 ille
3229 4011 3398 4083 Spiri-

1822 4118 1932 4162 tum
1965 4117 2213 4163 sanctum
2242 4107 2510 4178 largiatur
2532 4107 2602 4171 ²⁶,
2632 4120 2806 4177 neque
2836 4107 2903 4161 ad
2941 4120 3253 4162 mensuram
3287 4105 3392 4168 his,

1821 4202 1912 4272 qui
1945 4201 2092 4271 digni
2161 4210 2310 4265 sunt,
2365 4214 2488 4254 eum
2536 4197 2798 4268 largiatur
2843 4197 2948 4268 (est
2986 4196 3131 4254 enim
3181 4195 3396 4266 plenus,

1828 4313 1848 4348 ι
1879 4304 1935 4350 et
1980 4296 2047 4349 de
2072 4293 2407 4364 plenitudine
2439 4291 2554 4359 ejus
2584 4305 2681 4344 nos
2716 4303 2906 4344 omnes
2933 4289 3242 4358 accepimus
3262 4287 3335 4352 ⁸⁷,
3371 4306 3389 4339 ι

1823 4385 1968 4442 sicut
2013 4385 2276 4453 scriptum
2338 4381 2495 4451 est);
2546 4389 2786 4434 attamen
2825 4389 2887 4434 ut
2933 4379 3094 4434 homo
3140 4387 3244 4444 est,
3286 4377 3399 4432 dis-

1822 4475 2133 4547 pcnsatorie
2169 4483 2362 4529 unctus
2398 4472 2617 4537 dicitur,
2665 4469 3001 4541 spiritaliter,
3039 4477 3094 4522 ct
3139 4481 3248 4521 non
3297 4467 3399 4520 ltu-

1827 4578 1991 4619 mano
2016 4577 2192 4628 more,
2225 4560 2509 4616 devolante
2534 4572 2698 4628 super
2733 4559 2904 4626 ipsum
2948 4555 3151 4624 Spiritu
3186 4565 3396 4619 sancto,

180 4657 477 4728 καταμείνῃ,
531 4655 707 4709 καίτοι
770 4655 861 4709 διὰ
923 4656 1022 4726 τὴν
1064 4657 1124 4708 ἐν
1187 4655 1358 4725 Ἀδὰμ
1399 4633 1709 4724 παράϐασιν

1824 4665 1883 4711 ut
1915 4663 2133 4709 maneat
2179 4652 2234 4706 in
2272 4651 2428 4705 nobis
2468 4648 2656 4712 etiam,
2703 4663 2731 4700 a
2782 4646 2978 4716 quibus
3011 4654 3231 4715 propter
3272 4643 3404 4698 Adae

183 4740 517 4818 impatrﬁaav
561 4748 620 4800 ὲν
649 4748 864 4818 ἀρχαῖς.
890 4746 1061 4810 Δὺτδς
1092 4742 1185 4799 οὖν
1228 4748 1257 4798 6
1293 4745 1583 4816 μονογενὴς
1619 4745 1714 4799 τοῦ

183 4830 281 4888 Θεοῦ
305 4841 474 4909 Λόγος
513 4839 650 4910 σάρξ
689 4840 997 4908 γενόμενος,
1031 4838 1292 4908 κέκληται
1330 4837 1595 4907 Χριστόςο
1625 4837 1718 4890 καὶ

184 4925 256 4993 τὴν
291 4931 404 5003 Θεῷ
435 4933 754 5002 πρέπουσαν
795 4929 1025 5000 δύναμιν
1059 4929 1196 4986 ίδίαν
1223 4928 1383 4999 ἔχων,
1433 4924 1720 4997 εἰργάζετο

187 5021 446 5090 παράδοξα.
488 5024 552 5076 Oi
586 5023 764 5076 τοίνυν
790 5022 1038 5089 λέγοντες
1068 5024 1134 5092 τῇ
1168 5019 1404 5092 Χριστοῦ
1433 5017 1721 5090 δυναστείᾳ

188 5106 257 5176 τὴν
276 5114 361 5168 τοῦ
399 5113 744 5182 Μονογενοῦς
799 5112 1042 5178 εὐδοξίαν
1074 5111 1398 5184 περιῆφθαι,
1450 5111 1526 5174 ὡς
1572 5111 1722 5174 ὄντος

190 5195 334 5272 ἐτέρου
360 5204 453 5260 τοῦ
479 5204 828 5274 Μονογενοῦς
861 5205 1014 5274 παρά
1056 5205 1146 5258 τὸν
1179 5203 1432 5275 Χριστὸν,
1462 5203 1558 5257 δύο
1589 5219 1724 5272 φρο·

197 5292 327 5351 ιοῦσιν
351 5299 527 5362 υἱοὺςο
571 5301 666 5354 καὶ
695 5299 789 5352 τὸν
848 5299 946 5368 μὲν
985 5296 1331 5369 ἐνεργοῦντα,
1361 5297 1452 5350 τὸν
1490 5297 1546 5349 δὲ
1573 5297 1725 5366 ἐνερο

197 5385 407 5457 γούμενον
448 5392 524 5455 ὼς
548 5391 842 5464 ἄνθρωπον
871 5389 968 5443 ἕνα
997 5389 1107 5443 τῶν
1141 5387 1265 5443 καθ’
1290 5389 1438 5458 ἡμᾶς
1456 5404 1470 5418 ·
1525 5386 1726 5458 ταύτη-

1827 4742 2318 4816 transgressionem
2347 4739 2500 4794 initio
2528 4745 2850 4792 recesserat.
2883 4733 3062 4802 Ipsum
3082 4733 3262 4800 itaque
3279 4729 3402 4784 uni-

1827 4838 2067 4908 genitum
2100 4833 2193 4888 Dei
2228 4831 2462 4886 Verbum
2498 4828 2839 4883 incarnatqu
2881 4825 3132 4881 Christus
3163 4821 3404 4892 appella-

1827 4938 1938 4982 tum
1986 4935 2071 4982 est
2101 4943 2113 4978 :
2146 4933 2202 4979 et
2241 4938 2362 4976 cum
2407 4920 2681 4991 propriam
2717 4917 3013 4988 potentiam
3063 4916 3259 4970 habeat
3292 4912 3405 4968 Deo

1831 5017 2070 5086 dignam,
2121 5012 2366 5067 miranda
2413 5019 2696 5080 operatum
2735 5017 2839 5064 est.
2873 5007 2975 5073 Qui
3030 5020 3158 5076 ergo
3197 5003 3406 5060 Christi

1828 5108 2086 5178 potentiae
2123 5102 2385 5173 tmigcniti
2413 5101 2640 5173 gloriam
2673 5099 2975 5155 accessisse
3008 5097 3217 5163 dicunt,
3247 5098 3404 5168 quasi

1830 5198 2142 5270 unigenitus
2172 5196 2312 5250 alter
2341 5194 2412 5248 sit
2449 5208 2478 5247 a
2507 5191 2747 5258 Christo,
2784 5192 2920 5245 duos
2958 5189 3100 5244 ﬁlios
3120 5204 3246 5245 esse
3275 5204 3404 5244 ssn-

1834 5291 2008 5357 tiunt,
2054 5289 2289 5343 alterum
2341 5285 2556 5354 quidem
2599 5291 2951 5353 operantem;
3002 5281 3231 5336 alterum
3279 5294 3407 5335 vero

1835 5383 2057 5438 alterius
2097 5380 2172 5443 vi,
2218 5389 2472 5447 tanquam
2505 5375 2777 5434 hominem
2820 5372 2976 5429 nobis
3005 5371 3259 5438 similem,
3304 5370 3408 5426 im-

241 5562 275 5597 "
297 5567 515 5643 Philipp.
538 5586 596 5642 ιι,
629 5571 726 5628 to.
809 5567 856 5599 υ
881 5566 1013 5623 Luc.
1046 5582 1081 5634 1,
1113 5566 1204 5620 ει.
1283 5563 1538 5620 “Matth.
1568 5579 1607 5628 ι,
1642 5561 1704 5615 ει

1816 5561 1853 5593 ’³
1877 5557 2019 5615 Psal.
2056 5573 2207 5623 χειν,
2237 5557 2288 5612 8.
2366 5556 2410 5588 ³⁸
2431 5553 2587 5612 Joan.
2623 5554 2679 5620 5,
2715 5555 2806 5610 54.
2884 5556 2927 5586 ’⁷
2953 5553 3108 5612 Joan.
3139 5570 3180 5623 ι,
3211 5554 3294 5612 16.

1202 5724 1372 5781 Varia:
1397 5721 1657 5780 lectiones
1683 5735 1751 5777 cx
1776 5721 1962 5778 codice
1987 5717 2358 5790 Seguieriano.

247 5888 270 5931 γ
294 5885 539 5959 συνάρχει.
