4106 6480
1238 420 1653 484 EXPLICA'I‘IO
1691 425 2044 488 DUODECIM
2089 436 2420 496 CAPITUM.

3352 452 3460 510 310

197 528 476 599 ἄνθρωπος
529 529 820 598 γεγονικ.
872 530 1246 606 ἐπιμεμινηκε
1297 539 1391 593 και
1434 540 1762 607 οὖτω-Θεόςι

1884 553 2227 618 operabatur.
2271 554 2454 622 Quare
2501 565 2853 628 posteaquam
2898 561 3059 615 homo
3104 561 3302 617 factum
3345 575 3451 633 est,

198 619 332 672 ὥστε
365 619 474 691 ἰδία
498 620 736 692 δυνάμει
767 625 834 693 τῇ
863 622 952 678 διὰ
977 623 1071 678 τοῦ
1103 627 1417 699 Πνεύματος
1442 631 1778 703 ἐπλήρου.τὰ

197 711 470 779 θαύματα.
501 713 569 765 Οί
596 711 660 766 δὲ
687 713 960 782 λέγοντες,
989 716 1065 779 ὡς
1097 717 1380 787 ἄνθρωπον
1412 721 1510 776 ἕνα
1536 723 1626 776 τὸν
1655 726 1775 779 καθ’

196 803 365 871 ἡμᾶς,
388 802 563 871 ἡγοον
587 801 699 856 τῶν
730 804 923 872 ἁγίων,
951 805 1262 872 δεδοξάσθαι
1294 811 1456 865 αὑτὸν
1483 815 1550 882 τῇ
1574 812 1662 868 διὰ
1679 814 1775 867 τοῦ

194 889 520 960 Πνεύματος
569 893 842 964 ἐνεργείᾳ,
891 894 989 965 οὐχ
1042 895 1118 960 ὡς
1153 898 1258 969 ίδίᾳ,
1296 900 1518 970 μᾶλλον,
1554 903 1669 956 ἀλλ’
1701 903 1776 968 ὡς

192 983 474 1054 ἀλλοτρίᾳ,
526 985 624 1038 καὶ
674 987 736 1039 οὑ
780 986 1074 1058 θεοπρεπεῖ
1099 990 1404 1062 χρώμενον,
1451 995 1546 1048 καὶ
1590 994 1668 1060 ὡς
1715 996 1776 1049 ἐν

190 1079 417 1149 χάριτος
449 1078 610 1150 μέρει
659 1079 844 1134 λαϐεῖν
892 1081 1048 1153 παρὰ
1088 1081 1184 1134 τοῦ
1216 1083 1532 1153 Πνεύματος
1556 1084 1656 1155 τὴν
1694 1087 1775 1149 είς

187 1169 457 1240 οὐρανοὺς
483 1169 783 1240 ἀνάληψιν·
826 1171 1207 1226 ὑποκείσονται
1252 1171 1476 1236 δικαίως
1515 1176 1582 1226 τῆ
1613 1174 1772 1230 δυνά-

189 1276 283 1329 μει
312 1259 410 1313 τοῦ
446 1260 920 1332 ἀναθεματισμοῦ.

625 1401 1224 1457 ΑΝΑΘΕΜΑΤΙΣΜΟΣ
1257 1405 1310 1458 I'.

267 1531 603 1620 ’Δρχιερέα,
657 1536 750 1589 καὶ
796 1537 1093 1591 ἀπόστολον
1132 1539 1235 1608 τῆς
1268 1539 1559 1609 ὁμολογίας
1611 1541 1773 1611 ἡμῶν

182 1625 518 1695 γεγενῆσθαι
545 1627 780 1696 Χριστὸν
807 1630 838 1699 ή
869 1628 989 1681 θεία
1015 1629 1165 1698 λέγει
1195 1631 1381 1702 Γραφή
1403 1647 1417 1662 ο
1464 1649 1771 1704 προσκεκο-

1883 639 2024 695 Deus
2074 643 2238 698 etiam
2283 645 2366 700 sic
2407 648 2741 715 permansit;
2779 656 2940 716 atque
2976 651 3053 703 ita
3105 652 3318 722 propria
3363 668 3460 722 per

1880 728 2142 802 Spiritum
2192 736 2393 791 virtute
2437 737 2696 792 miracula
2749 741 3019 807 patrabat.
3062 742 3162 809 Qui
3205 757 3335 796 vero
3377 745 3458 797 di-

1876 832 2026 889 cunt,
2057 824 2230 892 illum,
2264 836 2520 896 tanquam
2555 843 2722 883 unum
2755 831 3062 902 quempiam
3091 847 3122 888 ε
3151 835 3327 900 nobis,
3357 835 3458 890 hoc

1875 921 1960 967 est
2005 927 2036 968 e
2085 915 2261 970 sancti
2310 915 2550 986 Spiritus
2591 921 2904 986 operatione
2953 921 3333 989 clarificatum,
3367 940 3456 978 ea-

1875 1014 2000 1072 que,
2034 1017 2140 1058 non
2189 1015 2248 1059 ut
2291 1007 2532 1076 propria,
2583 1008 2674 1062 sed
2721 1017 2980 1078 tanquam
3023 1012 3219 1076 aliena,
3254 1023 3309 1067 et
3339 1029 3458 1083 qua:

1876 1091 2046 1149 Deum
2087 1110 2193 1151 non
2256 1097 2472 1164 deceat,
2521 1115 2701 1167 usum,
2761 1117 2972 1158 necnon
3020 1106 3174 1174 quasi
3223 1106 3455 1177 Spiritus

1874 1183 2050 1253 gratia
2079 1186 2146 1239 ad
2191 1186 2364 1243 caelos
2393 1204 2513 1244 esse
2547 1202 2890 1261 assumptum
2921 1210 2938 1248 :
2975 1195 3050 1249 illi
3088 1197 3286 1252 merito
3323 1213 3455 1252 ana-

1875 1272 2204 1331 thematismi
2240 1276 2399 1346 hujus
2430 1280 2617 1335 virtuti
2659 1283 3038 1352 subjacebunt.

2287 1408 2932 1471 ANATHEMATISMUS
2971 1418 3036 1472 X.

1943 1539 2306 1598 Confessionis
2353 1555 2548 1601 nostrae
2587 1549 2896 1616 pontificem
2938 1562 2992 1607 et
3020 1558 3320 1621 apostolum
3366 1561 3449 1611 la.

1872 1642 2017 1690 ctum
2071 1651 2193 1692 esse
2263 1637 2542 1694 Christum
2610 1640 2890 1710 Scriptura
2941 1645 3119 1698 divina
3179 1647 3447 1702 docet”:

182 1713 413 1780 μικέναι
438 1715 496 1768 δὲ
523 1716 716 1770 ἑαυτὸν
747 1718 886 1788 ὑπὲρ
918 1719 1074 1788 ἡμῶν
1105 1721 1186 1784 είς
1212 1721 1390 1792 ὀσμὴν
1423 1723 1650 1789 εὐωδίας
1690 1724 1762 1795 τῷ

1870 1719 2130 1776 obtulisse
2153 1736 2368 1792 quoque
2408 1725 2764 1793 semetipsum
2804 1742 2901 1796 pro
2937 1729 3092 1783 nobis
3128 1729 3233 1784 Deo
3266 1741 3315 1784 et
3348 1730 3451 1785 Pa-

179 1802 304 1876 Θεῷ
343 1808 440 1861 καὶ
483 1808 681 1880 Πατρί.
718 1810 784 1862 Et
819 1827 900 1872 τις
944 1811 1123 1864 τοίνυν
1164 1813 1461 1884 ἀρχιερέα,
1510 1815 1602 1869 καὶ
1635 1816 1762 1870 ἀπό-

1873 1813 1941 1867 tri
1969 1821 2025 1869 et
2051 1815 2104 1868 in
2134 1815 2356 1872 odorem
2402 1817 2695 1874 suavitatis
2718 1819 2787 1873 ³⁸.
2819 1821 2874 1874 Si
2905 1821 3026 1890 quis
3066 1835 3198 1892 ergo
3228 1822 3447 1886 dixerit,

181 1899 376 1951 στολον
423 1899 585 1969 ήμῶν
630 1899 963 1970 γεγενῆσθαί
1014 1919 1180 1973 φησιν
1223 1905 1322 1957 οὐκ
1365 1907 1525 1960 αὑτὸν
1573 1907 1662 1962 τὸν
1701 1909 1762 1961 ὲκ

1872 1903 2180 1972 pontificem
2226 1916 2281 1961 et
2310 1907 2617 1976 apostolum
2663 1921 2908 1965 nostrum
2959 1927 3066 1967 non
3103 1891 3227 1968 esse
3273 1914 3446 1983 ipsum

177 1990 320 2043 Θεοῦ
354 1991 571 2061 Πατρδς
599 1993 792 2061 Λόγον,
821 1994 910 2047 ὅτε
940 1997 1129 2064 γέγονε
1162 1995 1326 2068 σὰρξ,
1355 1999 1445 2052 καὶ
1473 1999 1598 2052 καθ’
1621 2001 1762 2070 ἡμᾶς

1872 1992 1964 2048 Dei
1991 1991 2251 2062 Verbum,
2273 2006 2628 2067 posteaquam
2662 2015 2789 2054 caro
2821 2009 2875 2055 et
2916 2002 3078 2058 homo
3107 2003 3262 2059 nobis
3296 2003 3447 2057 simi-

177 2081 275 2134 ἄνθ
284 2100 499 2154 ρωπος,
521 2083 640 2137 ἀλλ’
666 2083 742 2149 ὡς
765 2086 954 2156 ἕτερον
980 2088 1111 2158 παρ’
1133 2089 1314 2153 αὑτὸν,
1349 2090 1528 2154 ίδικῶς
1561 2091 1762 2163 ἄνθρω-

1871 2083 1937 2140 lis
1977 2083 2178 2140 factum
2210 2099 2333 2152 est;
2369 2092 2464 2142 sed
2497 2089 2774 2145 hominem
2805 2092 2977 2159 illum,
3011 2093 3102 2162 qui
3129 2109 3194 2149 et
3226 2094 3450 2150 muliere

175 2189 278 2224 πον
311 2175 378 2226 ἐκ
402 2175 695 2242 γυναικός⁸
723 2176 756 2246 ἢ
786 2179 840 2231 εί
865 2195 949 2240 τις
996 2178 1147 2246 λέγει
1187 2180 1326 2251 ὑπὲρ
1353 2179 1583 2236 ι’ἑαυτοῦ
1608 2201 1773 2254 προσα

175 2268 430 2332 ενεγκεῖν
477 2266 639 2319 αὑτὸν
668 2267 765 2338 τὴν
795 2270 1133 2340 προσφορὰν,
1184 2273 1278 2324 καί
1307 2273 1426 2342 οὐχὶ
1459 2274 1527 2343 δὴ
1567 2274 1767 2344 μᾶλλον

175 2356 322 2426 ὑπὲρ
355 2355 536 2426 μόνων
581 2357 773 2428 ήμῶνο
824 2361 885 2412 οὐ
920 2361 1029 2432 γὰρ
1063 2361 1130 2414 ἂν
1161 2361 1354 2432 ἐδεήθη
1384 2365 1699 2434 προσφορᾶς
1736 2365 1765 2416 ὁ

181 2447 250 2500 μὴ
279 2448 444 2500 είδὼ³
478 2450 786 2504 ἁααοτίαν·
821 2453 1069 2506 ἀνάθεμα
1103 2453 1264 2508 ἔστω.

783 2646 1094 2712 Ἐπίλυσις
1125 2655 1177 2704 ι’.

245 2751 472 2821 Σμικρὰ
525 2752 623 2821 μὲν
667 2754 1113 2827 ὁμολογουμένως
1157 2759 1234 2830 τῷ
1273 2761 1338 2814 ὲκ
1372 2761 1506 2815 Θεοῦ
1555 2764 1769 2836 Πατρδς

176 2843 336 2910 φύντι
390 2845 554 2915 Λόγῳ
588 2845 657 2899 τὰ
677 2847 1012 2919 ἀνθρώπινα.
1042 2850 1188 2921 Πλὴν
1222 2851 1336 2905 ἀλλ’
1356 2854 1456 2907 οὔκ
1486 2855 1766 2928 ἀπόϐλητα

173 2934 261 2987 διὰ
291 2936 392 3007 τὴν
423 2937 757 3008 οἰκονομίαν.
809 2940 1014 3010 Κύριος
1046 2943 1153 3012 γὰρ
1194 2942 1270 2995 ὢν
1300 2944 1409 2996 τῶν
1445 2945 1580 3000 ὅλων
1627 2947 1768 3000 κατά

176 3027 361 3093 φύσιν,
407 3029 651 3099 καθῆκεν
690 3031 881 3082 ἑαυτὸν
923 3033 981 3083 ὲν
1015 3035 1127 3094 τοῖς
1163 3033 1284 3086 καθ’
1328 3036 1506 3105 ἡμᾶς,
1553 3039 1766 3108 μορφὴν

175 3116 363 3170 δούλου
411 3119 625 3173 λαϐών*
666 3122 760 3175 καί⁵
795 3124 1202 3194 κεχρημάτικεν
1239 3125 1398 3197 ἡμῶν
1441 3131 1535 3182 καὶ
1578 3133 1764 3200 ἀρχιε-

1871 2185 2034 2231 natus
2072 2185 2175 2244 est,
2209 2180 2365 2247 quasi
2402 2180 2634 2235 alterum
2669 2185 2979 2253 quempiam
3013 2184 3082 2239 ab
3131 2185 3248 2254 ipso
3282 2187 3452 2240 diver-

1868 2281 1986 2321 sum
2018 2285 2035 2321 :
2064 2278 2156 2321 aut
2203 2270 2248 2323 si
2281 2274 2401 2339 quis
2436 2271 2716 2327 Christum
2767 2289 2866 2343 pro
2916 2275 3097 2344 seipso
3126 2290 3362 2344 quoque.
3396 2286 3452 2330 et

1867 2371 1974 2411 non
2029 2359 2208 2426 potius
2255 2377 2353 2431 pro
2401 2362 2558 2418 nobis
2615 2364 2747 2420 solis
2801 2366 3130 2421 sacrificium
3185 2369 3452 2422 obtulisse

1868 2447 2069 2504 dixerit
2096 2452 2296 2522 (neque
2345 2455 2490 2509 enim
2536 2455 2809 2510 oblatione
2853 2458 3070 2526 egebat,
3104 2460 3193 2528 qui
3241 2475 3440 2529 pecca-

1870 2547 1981 2594 tum
2009 2557 2113 2595 non
2151 2544 2318 2613 novit)
2351 2562 2362 2596 :
2402 2545 2687 2600 anathema
2719 2547 2816 2602 sit.

2378 2655 2678 2712 Declaratio
2698 2661 2924 2716 decium.

1940 2769 2146 2838 Exigua
2187 2785 2318 2825 sane
2349 2780 2472 2826 sunt
2511 2772 2706 2838 Verbo,
2745 2773 2884 2842 quod
2919 2788 2983 2827 ex
3021 2773 3131 2830 Deo
3160 2775 3321 2830 Patre
3351 2793 3462 2832 or--

1871 2869 1978 2913 tum
2005 2871 2106 2925 est,
2136 2875 2254 2929 qua:
2280 2862 2510 2915 humana
2540 2874 2701 2931 sunt;
2730 2874 2965 2920 attamen
2989 2877 3207 2935 prapter
3229 2869 3442 2938 dispen-

1868 2955 2131 3010 sationem
2173 2970 2276 3009 non
2322 2954 2635 3023 rejicieuda.
2669 2955 2800 3010 Cum
2839 2958 2981 3011 enim
3019 2960 3310 3014 secundum
3343 2979 3441 3016 na-

1871 3049 2043 3099 turam
2091 3047 2464 3101 universorum
2510 3046 2765 3104 Dominus
2806 3056 2992 3114 esset,
3041 3051 3225 3105 servili
3271 3051 3442 3107 forma

1870 3144 2108 3205 accepta,
2137 3135 2186 3190 in
2227 3149 2289 3190 ea
2331 3151 2452 3205 quae
2493 3145 2674 3192 nostra
2709 3150 2856 3202 sunt.
2892 3141 3238 3209 semetipsum
3264 3143 3442 3197 demi-

175 3211 324 3278 ρεὺς,
360 3212 458 3264 καὶ
487 3213 804 3278 ἀπόστολος,
835 3215 942 3267 τῶν
971 3217 1068 3286 τῆς
1101 3217 1514 3288 ἀνθρωπότητος
1551 3222 1762 3291 μέτρων

1876 3225 1980 3290 sit;
2015 3225 2420 3296 appellatusque
2445 3237 2526 3282 est
2562 3238 2747 3284 noster
2784 3231 3021 3299 pontifex
3057 3243 3111 3287 et
3144 3234 3438 3301 apostolus.

177 3303 272 3354 καὶ
311 3305 391 3364 είς
429 3302 588 3357 τοῦτο
632 3305 940 3359 καλούντων
980 3308 1169 3361 αὐτόν·
1213 3327 1230 3358 ι
1262 3310 1677 3383 Προσκεκόμικε
1707 3315 1762 3367 δὲ

175 3394 370 3446 ἑαυτὸν
408 3396 549 3465 ὑπὲρ
590 3397 749 3470 ἡμῶν
783 3401 862 3462 είς
906 3399 1082 3473 ὀσμὴν
1123 3403 1351 3467 εὐωδίας
1390 3405 1468 3475 τῷ
1514 3406 1632 3477 Θεῷ
1671 3411 1762 3461 καὶ

175 3484 380 3556 ῐιατρίο
417 3488 517 3557 μιᾷ
563 3488 672 3559 γὰρ
702 3494 990 3562 προσφορᾷ
1031 3494 1348 3548 τετελείωκε
1384 3498 1508 3560 τοὺς
1539 3499 1761 3567 ἁγιαζο-

175 3578 370 3643 μένους
407 3583 489 3644 είς
515 3581 576 3634 τὸ
605 3582 869 3653 διηνεκὲς,
899 3604 918 3637 ι
953 3586 1095 3640 καθὰ
1126 3588 1451 3658 γέγραπται.
1496 3592 1636 3644 Ἀλλ’
1662 3593 1760 3646 οὐκ

168 3667 265 3724 οἶδ’
287 3675 442 3738 ὅπως
472 3685 511 3711 ω
542 3678 598 3728 οἱ⁸
634 3677 984 3748 ἑτερόφρονες
1033 3681 1132 3733 οὐκ
1179 3683 1341 3733 αὑτὸν
1388 3684 1478 3736 τὸν
1528 3688 1590 3739 ὲκ
1623 3687 1758 3740 Θεοῦ

170 3766 340 3832 Λόγον
359 3767 651 3837 ἄνθρωπον
674 3771 933 3837 γεγονότα
958 3771 1396 3842 διισχυρίζονται,
1426 3780 1757 3847 χρηματίσαι

167 3873 224 3907 τε
254 3860 352 3910 καὶ
378 3859 708 3924 ἀπόστολον,
728 3862 819 3913 καὶ
843 3863 1106 3933 ἀρχιερέα
1150 3865 1249 3934 τῆς
1271 3867 1556 3936 ὁμολογίας
1580 3871 1756 3940 ἡμῶν,

168 3946 284 3997 ἀλλ’
305 3947 382 4008 ὼς
414 3948 604 4018 ἔτερόν
635 3966 759 4003 τινα
786 3952 912 4020 παρ’
939 3953 1098 4007 αὑτὸν
1125 3955 1408 4026 ἄνθρωπον
1441 3960 1641 4025 ίδικῶς,
1666 3961 1756 4014 τὸν

166 4037 228 4087 ἑκ
247 4037 352 4104 τῆς
379 4038 541 4106 ἁγίας
568 4041 844 4111 Παρθένου
871 4047 1237 4115 γεγενημένον
1259 4049 1390 4115 φασὶ
1417 4052 1756 4120 χρηματίσαι

166 4129 260 4178 καὶ
292 4129 619 4195 ἀπόστολον,
643 4132 737 4185 καὶ
759 4133 1039 4205 ἀρχιερέα,
1069 4138 1164 4190 καὶ
1194 4139 1333 4192 κατὰ
1364 4143 1646 4212 προκοπὴν
1676 4144 1755 4205 είς

163 4219 326 4274 τοῦτο
350 4221 695 4291 ἐληλυθέναι,
723 4224 818 4277 καὶ
841 4226 940 4296 οὐχ
965 4227 1104 4296 ὑπέρ
1125 4245 1184 4295 γε
1215 4230 1390 4298 μόνων
1417 4231 1592 4300 ἡμῶν,
1620 4233 1755 4287 ἀλλὰ

167 4313 260 4364 καὶ
309 4314 458 4384 ὑπὲρ
499 4313 692 4367 ἑαυτοῦ
728 4322 1112 4386 προσενεγκεῖν
1144 4328 1170 4355 ιι
1215 4321 1406 4373 ἑαυτὸν
1452 4324 1530 4384 είς
1564 4322 1755 4376 θυσίαν

168 4403 245 4465 τῷ
279 4406 407 4476 Θεῷ
451 4407 548 4458 καὶ
579 4407 786 4478 Πατρί”
817 4410 954 4481 ὅπερ
982 4412 1097 4464 ἐστὶ
1128 4414 1224 4479 τῆς
1258 4411 1444 4481 ὀρθῆς,
1478 4415 1570 4466 καὶ
1603 4417 1756 4485 ἀμω-

171 4496 346 4565 μήτου
381 4495 619 4559 πίστεως
647 4499 922 4570 ἀλλότριον
945 4502 1221 4565 παντελῶς
1240 4519 1261 4533 ο·
1281 4503 1341 4556 οὐ
1368 4506 1472 4576 γὰρ
1496 4506 1752 4578 ἐποίησεν

1868 3315 2114 3372 humana:
2145 3329 2349 3371 naturae
2383 3318 2783 3375 conditionibus
2813 3321 2879 3375 ad
2923 3322 3023 3377 hoc
3060 3324 3225 3378 etiam
3258 3324 3433 3394 ipsum

1867 3407 2200 3461 vocantibus.
2249 3425 2267 3458 ι
2306 3402 2510 3462 Obtulit
2543 3418 2722 3465 autem
2756 3411 3108 3480 semetipsum
3141 3429 3240 3484 pro
3277 3417 3432 3470 nobis

1866 3496 1973 3551 Deo
2016 3497 2163 3552 Patri
2203 3498 2253 3551 in
2276 3499 2498 3553 odorem
2529 3501 2893 3557 suavitatis".
2920 3503 3036 3559 Una
3063 3506 3259 3575 quippe
3281 3507 3435 3562 obla-

1865 3591 2797 3649 tioneconsummavitsanctificatos
2829 3595 2880 3649 in
2912 3597 3302 3666 sempiternum
3325 3599 3426 3664 ³³,ι

1861 3682 2008 3735 sient
2053 3683 2310 3752 scriptum
2366 3691 2465 3737 est.
2510 3683 2577 3737 At
2617 3684 2798 3739 nescio
2847 3688 3116 3755 quomodo
3151 3689 3242 3759 qui
3277 3704 3433 3746 secus

1861 3775 2121 3840 sentiunt,
2158 3789 2261 3828 non
2289 3776 2460 3843 ipsum
2499 3775 2594 3830 Dei
2638 3774 2871 3831 Verbum
2924 3779 3193 3834 hominem
3237 3781 3434 3836 factum

1862 3865 2162 3928 exstitisse,
2193 3875 2246 3919 et
2277 3864 2579 3934 apostolum
2626 3881 2690 3921 ac
2736 3868 3044 3937 pontificem
3076 3871 3436 3926 confessiOnis

1862 3965 2083 4018 nostra,
2116 3957 2209 4010 sed
2252 3957 2406 4025 quasi
2443 3958 2711 4013 diversum
2741 3961 3047 4030 quempiam
3085 3962 3153 4016 ab
3187 3963 3301 4032 ipso
3335 3964 3434 4017 ho-

1861 4050 2060 4102 minem
2091 4063 2336 4104 seorsum
2371 4063 2401 4102 e
2429 4060 2613 4103 sancta
2656 4048 2876 4120 Virgine
2923 4063 3107 4107 natum
3131 4094 3146 4119 ,
3184 4062 3239 4107 et
3275 4053 3438 4126 156

1859 4140 2158 4210 apostolum
2207 4155 2272 4194 ac
2326 4141 2633 4210 pontiﬁcem
2682 4154 2932 4199 vocatum
2990 4144 3158 4200 fuisse
3203 4158 3432 4201 conten-

1858 4232 2024 4296 dunt;
2055 4240 2108 4284 et
2142 4231 2472 4300 proficiendo
2504 4233 2569 4286 ad
2603 4233 2705 4288 hoc
2735 4245 2977 4290 evectum
3011 4251 3170 4292 esse:
3207 4253 3304 4292 nec
3333 4253 3430 4305 pro

1858 4319 2012 4373 nobis
2037 4319 2168 4374 solis
2194 4321 2539 4388 semetipsum
2581 4321 2692 4377 Deo
2731 4334 2786 4377 et
2831 4324 2974 4379 Patri
3010 4327 3060 4380 in
3099 4328 3428 4383 sacrificium

1855 4411 2133 4475 obtulisse,
2172 4413 2266 4466 sed
2318 4413 2479 4467 etiam
2524 4429 2620 4482 pro
2666 4416 2888 4485 seipso:
2927 4417 2978 4471 id
3017 4421 3158 4486 quod
3205 4435 3234 4474 a
3281 4429 3425 4476 recta

1856 4501 2239 4572 inculpataque
2285 4503 2390 4558 fide
2435 4507 2656 4559 omnino
2696 4517 2778 4560 est
2825 4507 3098 4575 alienum,
3146 4522 3423 4579 peccatum

169 4586 444 4656 ἁμαρτίαν
467 4604 486 4616 ⁶
517 4589 545 4640 ό
589 4589 646 4643 δὲ
691 4593 952 4662 κρείττων
1002 4593 1077 4646 ὣν
1113 4594 1208 4647 τοῦ
1247 4595 1606 4665 πλημμελεῖν,
1642 4576 1748 4652 καὶ

1865 4592 2000 4646 enim
2031 4608 2136 4647 non
2166 4592 2391 4648 fecerat.
2425 4593 2524 4660 Qui
2567 4606 2743 4651 autem
2775 4598 2972 4654 delicto
3010 4604 3275 4670 superior,
3302 4619 3427 4673 pec-

170 4675 480 4746 ἁμοιρήσας
501 4678 776 4749 ἁμαρτίας
801 4682 1098 4746 παντελῶς,
1120 4683 1218 4736 οὐκ
1243 4685 1310 4737 ἂν
1338 4685 1530 4757 ἐδεήθη
1559 4685 1747 4751 θυσίας

171 4765 266 4834 τῆς
295 4767 444 4837 ὑπὲρ
466 4769 681 4822 ἑαυτοῦ.
718 4771 933 4844 Ἐπειδὴ
956 4772 1012 4824 δὲ
1043 4773 1102 4824 τὸ
1133 4773 1278 4836 είκὺς
1311 4775 1746 4846 παρωθούμενοι,

174 4857 261 4911 δύο
297 4860 364 4930 δὴ
401 4859 566 4913 πάλιν
596 4862 743 4924 υἱοὺς
764 4864 1066 4917 ἐπινοοῦσιν
1093 4867 1139 4918 οἱ
1171 4867 1541 4936 έτερόφρονες,
1575 4870 1746 4938 ἀναγ-

1854 4682 2068 4752 catique
2094 4697 2318 4752 prorsus
2348 4699 2539 4753 expers
2565 4695 2716 4752 erat,
2746 4686 3020 4744 oblatione
3048 4707 3145 4760 pro
3187 4707 3245 4746 se
3278 4692 3424 4746 nullo

1853 4781 2008 4842 pacto
2036 4788 2175 4843 opus
2201 4775 2452 4830 habehat.
2493 4777 2752 4841 Quoniam
2781 4792 2908 4832 vero
2945 4783 3038 4850 qui
3081 4793 3269 4837 contra
3300 4799 3423 4838 sen-

1856 4863 2016 4927 tiunt,
2063 4863 2198 4917 duos
2238 4879 2424 4918 rursus
2463 4865 2600 4920 filios
2635 4866 2863 4921 absurde
2901 4871 3417 4935 comminiscuntur,

177 4954 339 5016 καίως
369 4953 594 5022 γέγονεν
627 4957 655 5009 ό
688 4957 1159 5028 ἀναθεματισμιὸς,
1207 4961 1424 5030 ἐμφανῆ
1474 4961 1749 5016 καθιστῶν

1865 4967 2028 5023 aperte
2052 4953 2284 5022 pretium
2318 4955 2439 5017 fuit,
2474 4964 2532 5008 ut
2555 4955 2641 5010 hic
2675 4972 2889 5026 quoque
2928 4961 3414 5017 anathematismus

178 5043 267 5111 τὴν
304 5045 561 5099 ἀσέϐειαν
590 5047 789 5102 αὐτῶν.

594 5238 1185 5295 ΑΝΑΘΕΜΑΊΊΣΜΟΣ
1218 5244 1318 5296 1Λ⁹.

244 5347 311 5402 Et
343 5364 424 5412 τις
458 5348 555 5421 οὐχ
593 5350 849 5422 ὁμολογεῖ
876 5353 974 5424 τὴν
1021 5353 1115 5408 τοῦ
1150 5355 1357 5426 Κυρίου
1395 5357 1572 5428 σάρκα
1604 5356 1740 5421 ζωο-

254 5527 298 5560 ³⁶
322 5530 477 5588 llebr.
513 5550 594 5603 ιιι,
632 5537 684 5589 1.

1850 5046 2240 5114 assignarelur,
2294 5047 2384 5114 qui
2436 5047 2768 5116 impietatem
2818 5049 3034 5106 illorum
3079 5056 3416 5124 perspicuam

1852 5135 2114 5196 redderet,

2248 5246 2885 5306 ANATHEMATISMUS
2927 5251 3017 5306 XI.

1919 5361 1974 5415 Si
1997 5359 2118 5426 quis
2143 5359 2352 5416 Domini
2377 5376 2594 5417 carnem
2622 5362 2911 5431 viviﬁcam,
2937 5365 3211 5436 ipsiusque
3236 5364 3416 5430 Verbi,

788 5535 830 5566 ³¹
861 5535 1060 5605 Ephes.
1095 5551 1144 5603 ν,
1173 5538 1225 5590 2.
1304 5540 1346 5570 "
1378 5537 1510 5593 lbitt.
1603 5539 1648 5572 ⁸³
1665 5542 1830 5596 Hebr.
1864 5556 1918 5608 κ,
1952 5543 2035 5599 14.

1241 5693 1412 5749 Variae
1452 5695 1713 5752 lectiones
1742 5713 1807 5754 ex
1839 5699 2026 5756 codice
2062 5700 2434 5771 Seguieriano.

231 5841 529 5925 ικαὶεὺπέρ.
614 5856 651 5878 "
687 5840 810 5903 οἶδα
839 5846 973 5910 πῶς.

1053 5859 1076 5887 ιι
1118 5851 1313 5920 μᾶλλον
1346 5853 1522 5925 ἡμῶν,
1559 5854 1587 5925 ἦ
1617 5855 1806 5909 ἑαυτοῦ
1840 5859 2244 5928 προσενεγκεῖν.
