4104 6490
705 424 805 482 3H

1694 428 1754 482 S.
1793 425 2073 480 CYlllLLl
2110 423 2585 481 ΑιΕχΑΝυιιιΝι
2620 424 2948 482 ARCHIEI'.

3847 414 3978 468 Si...

689 538 831 608 quod
864 551 927 591 ex
977 537 1084 592 Deo
1128 536 1290 593 Patre
1329 548 1436 603 est,
1481 539 1752 611 propriam
1799 556 1918 596 esse
1965 542 2262 610 negaverit,

2382 541 2523 592 ποιὸν
2557 531 2717 603 εῖναι,
2746 539 2840 592 καὶ
2868 537 3003 590 ίδίαν
3030 534 3196 588 αὐτου
3218 531 3311 586 τοῦ
3337 532 3401 585 ἐκ
3425 529 3562 584 Θεοῦ
3604 527 3824 598 Πατρδς
3851 530 3976 580 A6—

687 629 781 683 sed
814 627 974 681 veluti
1013 627 1237 684 alterius
1268 629 1565 699 cujuspiam
1609 631 1710 700 ipsi
1751 630 1928 686 Verbo
1960 633 2254 687 secundum

687 720 1005 788 dignitatem
1045 721 1314 789 conjuncti
1343 762 1358 785 ,
1395 722 1498 777 hoc
1527 731 1641 786 est,
1681 731 1739 776 ut
1781 722 2018 776 divinam
2051 731 2259 776 tantum

690 807 1142 864 inhabitationem
1174 811 1374 874 sortiti,
1403 826 1465 866 ac
1499 827 1604 866 non
1644 810 1822 880 potius
1851 810 2114 866 viviﬁcam
2143 826 2263 868 esse

686 898 906 966 dixerit,
920 908 978 954 ut
998 901 1156 957 modo
1169 901 1531 967 meminimus,
1551 917 1617 958 eo
1635 902 1777 972 quod
1789 901 1972 970 Verbi,
1991 902 2132 973 quod
2150 917 2268 958 om-

687 991 775 1046 nia
810 990 1086 1048 viviﬁcarc
1119 1001 1315 1065 potest,
1334 993 1472 1050 facta
1491 995 1562 1050 sit
1583 994 1829 1066 propria;
1858 996 2144 1052 anathema
2169 995 2259 1050 sit.

1161 1105 1461 1163 Declaralio
1492 1108 1794 1164 undecima.

762 1213 1022 1273 Sanctum
1061 1232 1125 1273 ac
1154 1219 1428 1275 viviﬁcum
1460 1220 1910 1291 incruentumque
1940 1222 1992 1277 in
2019 1220 2266 1279 ecclesiis

692 1308 1024 1364 sacriﬁcium
1051 1310 1397 1381 peragimus;
1425 1326 1621 1381 corpus
1644 1315 1787 1381 quod
1817 1315 2156 1383 proponitur,
2188 1315 2266 1370 si-

693 1397 892 1454 militer
914 1410 968 1455 et
993 1401 1286 1471 pretiosum
1318 1403 1661 1473 sanguinem,
1689 1418 1793 1458 non
1818 1405 2145 1471 communis,
2171 1421 2266 1460 no-

692 1489 880 1559 bisque
918 1492 1111 1548 similis
1160 1493 1394 1550 hominis
1446 1495 1746 1566 cujuspiam
1791 1509 1915 1550 esse
1963 1495 2263 1559 credentes,

691 1582 783 1634 sed
831 1583 1012 1651 potius
1058 1592 1313 1652 tanquam
1359 1587 1636 1654 proprium
1674 1602 1868 1657 corpus
1897 1587 2181 1653 eti‘ectum,
2213 1597 2268 1643 et

693 1673 1010 1741 sanguinem
1042 1675 1204 1730 etiam
1228 1675 1410 1742 Verbi,
1442 1679 1583 1748 quod
1621 1680 1802 1733 omnia
1836 1678 2092 1743 vivilicat,
2125 1679 2268 1734 acci-

691 1763 923 1829 pientes.
978 1765 1255 1834 Siquidem
1312 1772 1620 1824 communis
1675 1785 1802 1826 caro
1847 1771 2122 1828 viviﬁcare
2161 1788 2264 1827 non

2367 647 2487 699 γου,
2532 630 2648 684 ἀλλ’
2687 629 2762 694 ὡς
2793 629 2980 700 ἐτέρου
3007 624 3151 689 τινὸς
3188 641 3298 694 παρ
3357 624 3543 685 αὐτὸν,
3591 619 3972 688 συνημμένου

2370 724 2468 793 μὲν
2487 721 2636 793 αύτῷ
2658 721 2799 775 κατά
2821 720 2918 790 τὴν
2939 719 3116 786 ἀξίαν,
3137 718 3304 788 ἧγουν
3331 715 3406 778 ὼς
3430 714 3600 785 μόνην
3624 711 3913 780 ἐνοίκησιν
3940 715 3972 740 ⁸³

2367 813 2682 884 ἐσχηκότος,
2708 811 2802 866 καὶ
2827 810 2948 881 οὐχὶ
2975 808 3039 880 δὴ
3071 806 3274 878 μᾶλλον
3307 802 3590 870 ζωοποιδν,
3615 801 3691 863 ὡς
3716 799 3969 870 ἔφημεν,

2365 905 2448 958 ὅτι
2477 904 2703 973 γέγονεν
2730 902 2836 975 ἰδίᾳ
2866 913 2894 952 P
2916 900 3011 954 τοῦ
3032 899 3208 968 Λόγου
3239 896 3334 952 τοῦ
3364 895 3432 951 τὰ
3459 893 3639 948 πάντα
3664 892 3972 957 ζωοποιεῖν

2371 996 2646 1067 ἰσχύοντος
2661 1012 2676 1026 ·
2719 993 2969 1063 ἀνάθεμα
2993 991 3153 1045 ἔστω.

2941 1105 2996 1157 Ἐ
3009 1103 3263 1167 πίλυσις
3292 1105 3385 1154 ια’.

2437 1223 2548 1292 Τὴν
2579 1220 2759 1289 ἁγίαν,
2788 1219 2882 1274 καὶ
2913 1216 3201 1283 ζωοποιὺν,
3233 1214 3329 1269 καὶ
3361 1211 3700 1282 ἀναίμακτον
3738 1209 3798 1261 ἐν
3831 1209 3971 1269 ταῖς

2365 1313 2686 1384 ἐκκλησίαις
2711 1309 2971 1381 τελοῦμεν
2997 1308 3209 1370 θυσίαν,
3235 1305 3332 1375 οὐχ
3352 1303 3468 1367 ἐνὸς
3492 1302 3599 1356 τῶν
3625 1301 3747 1355 καθ’
3770 1300 3965 1368 ἡμᾶς,

2367 1404 2461 1457 καὶ
2507 1401 2798 1472 ἀνθρώπου
2849 1389 3030 1454 κοινοῦ
3089 1398 3250 1468 σῶμα
3296 1391 3438 1448 εἶναι
3484 1391 3837 1453 πιστεύοντες
3899 1388 3971 1441 τὺ

2367 1497 2748 1568 προκείμενον,
2769 1494 2971 1565 ὁμοίως
2995 1492 3051 1548 δὲ
3074 1492 3168 1545 καὶ
3194 1490 3254 1543 τὸ
3277 1489 3456 1559 τίμιον
3483 1481 3646 1555 αἷμα,
3669 1482 3972 1553 δεχόμενοι

2368 1588 2426 1642 δέ
2473 1586 2672 1658 μᾶλλον
2713 1584 2789 1649 ὡς
2831 1583 2963 1638 ἴδιον
2998 1581 3156 1652 σῶμα
3203 1576 3458 1648 γεγονὸς,
3506 1575 3601 1630 καὶ
3639 1574 3824 1644 μέντοι
3860 1571 3970 1624 καὶ

2367 1676 2508 1750 αἷμα
2535 1677 2630 1732 τοῦ
2656 1679 2724 1731 τὰ
2747 1677 2923 1730 πάντα
2953 1671 3343 1741 ζωογονοῦντος
3368 1679 3395 1718 τι
3420 1667 3616 1736 Λόγου.
3642 1664 3814 1733 Κοινὴ
3846 1662 3972 1730 γὰρ

2371 1771 2507 1842 σὰρξ
2533 1771 2813 1835 ζωοποιεῖν
2837 1768 2895 1821 ού
2918 1767 3164 1820 δύναται.
3189 1763 3297 1816 Καὶ
3321 1760 3513 1815 τούτου
3546 1759 3757 1829 μάρτυς
3785 1755 3967 1811 αὐτὸς

694 1863 890 1922 potest.
917 1855 980 1909 Et
1003 1858 1103 1912 hoc
1134 1857 1384 1913 Salvator
1409 1860 1524 1929 ipse
1555 1870 1812 1916 testatum
1838 1861 1966 1918 facit
1997 1882 2011 1919 :
2051 1882 2069 1916 ι
2101 1863 2264 1928 Caro,

2382 1865 2396 1917 5
2437 1862 2648 1932 Σωτὴρ,
2700 1859 2908 1928 λέγων’
2943 1875 2962 1907 ι
3001 1857 3066 1910 Ἦ
3102 1853 3240 1926 σὰρξ
3289 1853 3390 1906 οὑκ
3423 1849 3625 1920 ὠφελεῖ
3660 1846 3818 1900 οὐδέν
3841 1860 3856 1874 ⁸
3903 1845 3976 1897 τὸ

695 1945 969 2015 inquiens,
1010 1963 1117 2003 non
1153 1951 1372 2019 prodest
1415 1953 1748 2023 quidquam;
1789 1955 2010 2024 spiritus
2050 1966 2134 2011 est
2174 1954 2266 2025 qui

693 2038 930 2092 viviﬁcat
961 2041 1026 2094 “.
1069 2060 1086 2092 ι
1123 2041 1260 2108 Quia
1293 2046 1436 2099 enim
1473 2060 1601 2099 caro
1635 2045 1794 2100 Verbi
1837 2045 1982 2100 faeta
2023 2055 2106 2101 est
2156 2062 2272 2116 pro-

694 2129 834 2199 pria,
866 2132 934 2186 ob
980 2133 1030 2186 id
1070 2135 1391 2205 intelligitur
1434 2146 1488 2191 et
1527 2149 1610 2192 est
1650 2137 1882 2203 viviﬁca,
1912 2138 2269 2209 quemadmo-

695 2225 819 2277 dum
872 2225 985 2294 ipse
1034 2227 1285 2282 Salvator
1335 2230 1450 2283 ait:
1498 2249 1517 2282 ι
1558 2229 1710 2285 Sicut
1759 2231 1907 2285 misit
1955 2246 2041 2286 me
2084 2232 2272 2287 vivens

693 2311 875 2378 Pater,
905 2323 958 2368 et
990 2329 1089 2383 ego
1117 2318 1239 2371 vivo
1271 2328 1489 2388 propter
1521 2319 1732 2391 Patrem
1770 2339 1784 2376 :
1819 2329 1873 2375 et
1905 2322 1994 2389 qui
2037 2322 2271 2376 mandu-

696 2414 787 2458 cat
820 2420 926 2470 me,
958 2415 1011 2460 et
1052 2407 1166 2476 ipse
1210 2409 1350 2462 vivet
1394 2419 1611 2479 propter
1657 2427 1742 2466 me
1761 2413 1826 2466 ".
1862 2431 1881 2464 ι
1917 2412 2050 2468 Cum
2088 2413 2274 2483 itaque

695 2491 996 2559 Nestorius,
1027 2507 1082 2550 et
1113 2498 1352 2566 quicum
1395 2500 1487 2555 illo
1532 2501 1791 2566 sentiunt,
1831 2504 2074 2573 mysterii
2114 2503 2274 2573 hujus

697 2584 953 2639 virtutem
990 2597 1193 2642 temere
1239 2590 1574 2658 dissolvant;
1615 2605 1923 2662 propterea,
1969 2604 2025 2650 et
2060 2594 2111 2649 id
2153 2595 2276 2664 qui-

698 2678 820 2732 dem
853 2680 1142 2735 admodum
1175 2684 1577 2749 convenienter,
1604 2685 1782 2742 editus
1812 2695 1893 2741 est
1927 2687 2016 2742 hic
2048 2687 2274 2742 anathe-

699 2769 1003 2829 matismus.

1085 2861 1727 2923 ANATHEMATISMUS
1765 2865 1878 2922 ΧΠ.

774 2971 831 3027 Si
875 2973 1000 3043 quis
1030 2990 1135 3030 non
1187 2977 1495 3044 confitetur,
1534 2978 1628 3034 Dei
1672 2979 1908 3035 Verbum
1952 2994 2116 3037 carne
2154 2997 2279 3053 pas-

701 3079 820 3119 sum
846 3075 900 3120 et
923 3065 1240 3122 cruciﬁxum
1267 3084 1407 3135 esse,
1434 3079 1771 3142 mortemque
1798 3087 1962 3128 carne
1986 3085 2232 3144 gusmsse
2261 3090 2276 3129 :

701 3171 910 3213 necnon
975 3160 1390 3231 primogenitum
1453 3163 1611 3235 157
1673 3180 1739 3219 ex
1786 3167 2011 3222 mortuis
2066 3166 2272 3223 factum

700 3263 822 3304 esse
848 3247 894 3282 ⁸⁸
919 3267 934 3317 ;
965 3260 1233 3320 quatenus
1259 3254 1511 3311 nimirum
1544 3264 1601 3311 ut
1621 3256 1762 3313 Deus
1784 3258 1894 3312 vita
1917 3268 1973 3314 et
1995 3258 2277 3316 viviﬁcans

701 3347 821 3407 est;
852 3343 1141 3396 anathema
1177 3344 1271 3400 sit.

1159 3458 1458 3515 Declaratio
1483 3461 1813 3516 duodecima.

776 3571 1080 3641 lmpatibile
1113 3584 1168 3628 et
1207 3574 1512 3629 immortale
1542 3583 1627 3630 est
1660 3572 1753 3630 Dei
1806 3575 1981 3632 Patris
2005 3576 2240 3632 Verbum
2263 3616 2278 3643 ,

707 3665 867 3719 altior
893 3673 976 3721 est
997 3666 1141 3720 enim
1178 3667 1354 3721 divina
1390 3666 1476 3720 illa
1522 3675 1576 3721 et
1610 3667 2033 3737 incorruptibilis
2064 3679 2280 3734 natura,

708 3770 868 3826 quam
899 3770 1018 3824 quae
1048 3755 1247 3824 aliquid
1284 3757 1392 3824 pati
1434 3756 1639 3825 possit,
1671 3771 1842 3826 eaque
1886 3759 2064 3812 omnia
2110 3758 2284 3813 viviﬁ-

708 3857 839 3903 cat:
876 3849 1006 3916 quin
1049 3848 1211 3902 etiam
1251 3848 1526 3901 interitum
1552 3887 1568 3911 ,
1605 3856 1659 3902 et
1700 3847 1960 3918 quidquid
2004 3850 2280 3905 tristitiam

709 3938 905 3992 alferre
934 3937 1093 4004 solet,
1119 3937 1275 4007 longe
1305 3947 1611 4005 exsuperat.
1657 3938 1891 3992 Verbum
1930 3938 2056 3994 licet
2090 3954 2284 3994 secun-

709 4027 836 4082 dum
865 4029 1156 4082 essentiam
1185 4031 1285 4082 hoc
1309 4029 1380 4082 sit
1416 4027 1508 4082 Dei
1543 4027 1721 4082 Patris
1764 4028 2000 4083 Verbum
2030 4046 2044 4096 ;
2086 4029 2284 4084 nihilo-

713 4121 889 4176 minus
911 4135 1154 4184 carnem,
1186 4135 1303 4190 qua:
1353 4120 1486 4173 mori
1521 4131 1731 4189 posset,
1772 4122 1873 4176 sibi
1904 4123 2178 4192 propriam
2209 4121 2281 4177 fe-

713 4210 806 4273 cit,
853 4220 910 4262 ut
959 4224 1055 4278 per
1097 4211 1219 4276 hoc,
1257 4212 1399 4278 quod
1447 4211 1551 4277 pati
1607 4211 1823 4264 solitum
1871 4222 1972 4276 est,
2005 4213 2286 4280 passiones

713 4315 810 4370 pro
844 4300 1000 4355 nobis
1029 4315 1092 4354 ac
1112 4310 1340 4370 propter
1371 4317 1468 4355 nos
1501 4301 1551 4355 in
1588 4301 1819 4370 seipsum
1858 4317 2158 4368 assumens,
2189 4320 2286 4360 nos

713 4406 902 4446 omnes
930 4407 958 4444 a
992 4403 1163 4445 morte
1189 4400 1243 4444 et
1277 4393 1624 4460 corruptione
1655 4392 1952 4459 liberaret;
1983 4409 2140 4448 suum
2165 4409 2282 4449 cor-

717 4499 836 4552 pus,
861 4494 918 4536 ut
941 4483 1102 4548 Deus,
1126 4483 1798 4555 viviﬁcaris,primitiaeque
1816 4484 2202 4541 dormientium
2220 4486 2287 4551 π,

2372 1953 2590 2024 πνεῦμά
2631 1952 2748 2004 ἐστι
2781 1950 2845 2002 τὸ
2879 1946 3196 2014 ζωοποιοῦν.
3226 1963 3242 1995 ι
3285 1941 3506 2011 Ἐπειδὴ
3538 1940 3647 2010 γάρ
3679 1938 3788 2008 ἰδίᾳ
3814 1946 3836 1974 ι’
3869 1934 3976 2002 γέ-

2371 2063 2494 2115 γονε
2529 2043 2621 2098 τοῦ
2655 2041 2850 2110 Λόγου,
2877 2039 3131 2110 ταύτῃτοι
3160 2038 3362 2091 νοεῖται
3389 2032 3482 2086 καὶ
3516 2031 3633 2084 ἐστι
3667 2025 3976 2093 ζωοποιδς,

2373 2137 2514 2192 καθά
2543 2153 2704 2206 φησιν
2738 2133 2898 2195 αὐτὸς
2925 2133 2952 2184 ὁ
2985 2130 3203 2201 Σωτὴρο
3237 2148 3255 2180 ι
3284 2124 3481 2188 Καθὼς
3504 2118 3794 2177 ἀπέστειλέ
3834 2135 3908 2188 με
3944 2118 3978 2169 ὁ

2373 2228 2482 2292 ζῶν
2512 2225 2722 2296 Πατὴρ,
2754 2223 2908 2292 κάγὼ
2942 2221 3019 2287 ζῶ
3047 2220 3134 2275 διὰ
3163 2220 3256 2273 τὸν
3275 2217 3519 2288 Πατέρα,
3553 2214 3650 2268 καὶ
3677 2215 3705 2266 ὁ
3728 2209 3978 2283 τρώγων

2378 2336 2466 2391 με,
2493 2319 2745 2380 κάκεῖνος
2775 2316 2997 2385 ζήσεται
3026 2325 3047 2353 ³
3076 2312 3142 2366 δι’
3166 2310 3288 2383 ἐμέ.
3333 2305 3549 2396 Ἐπειδὴ
3574 2305 3631 2359 δέ
3665 2302 3978 2396 Νεστόριρς

2372 2411 2470 2465 καὶ
2513 2411 2563 2462 oi.
2605 2409 2677 2463 τὰ
2731 2406 2896 2462 αὐτοῦ
2949 2402 3274 2476 φρονοῦντες
3318 2392 3690 2469 παραλύουσιν
3735 2392 3980 2462 ἀμαθῶς

2374 2495 2467 2552 τοῦ
2503 2494 2801 2567 μυστηρίου
2827 2495 2925 2565 τὴν
2957 2493 3206 2563 δύναμιν,
3245 2490 3528 2560 ταύτῃτοι,
3572 2485 3670 2540 καὶ
3707 2484 3857 2556 μάλα
3888 2483 3980 2535 εί»

2377 2589 2572 2654 κότως,
2606 2588 2833 2656 γέγονεν
2859 2586 2888 2638 ὁ
2929 2581 3394 2654 ἀναθεματισμός.

2809 2863 3398 2924 ΔΝΑΘΕΜᾹἸΊΣΜΟΣ
3438 2860 3536 2915 IB'.

2452 2982 2520 3035 Εἴ
2569 2997 2651 3043 τις
2704 2977 2804 3049 οὐχ
2857 2975 3140 3048 ὁμολογεῖ,
3188 2973 3280 3027 τὸν
3312 2970 3408 3026 τοῦ
3447 2969 3583 3024 Θεοῦ
3629 2969 3806 3040 Λόγον
3865 2985 3986 3023 πα·-

2382 3073 2542 3127 θόντα
2578 3071 2764 3140 σαρκὶ,
2794 3072 2888 3122 καὶ⁵
2924 3063 3338 3136 ἐσταυρωμένον
3379 3060 3561 3132 σαρκὶ,
3605 3060 3700 3113 καὶ
3735 3058 3987 3112 θανάτου

2383 3164 2717 3233 γευσάμενον
2751 3159 2937 3230 σαρκὶ,
2967 3155 3233 3225 γεγονότα
3254 3153 3313 3206 δὲ
3337 3153 3359 3191 ⁸
3396 3151 3740 3224 πρωτότοκον
3773 3152 3846 3203 ἐκ
3885 3167 3989 3201 νε-

2384 3255 2555 3327 κρῶν,
2596 3253 2732 3307 καθὸ
2771 3252 2882 3322 ζωή
2913 3252 3051 3315 ἐστι,
3081 3249 3176 3302 καὶ
3204 3245 3487 3312 ζωοποιὸς,
3518 3245 3613 3299 καὶ
3641 3243 3775 3305 Θεός
3794 3259 3809 3273 ⁸
3845 3243 3993 3296 ἀνά-

2386 3348 2444 3400 θε
2456 3365 2531 3417 μα
2559 3344 2717 3398 ἔστω.

2963 3449 3280 3512 Ἐπίλυσις
3302 3447 3401 3512 ιβ’.

2470 3570 2711 3640 ’Λπαθὴς
2741 3568 2860 3638 μὲν,
2893 3566 2984 3618 καὶ
3008 3563 3274 3626 ἀθάνατος
3295 3561 3325 3614 ό
3355 3562 3420 3615 ἐκ
3451 3557 3588 3613 Θεοῦ
3616 3559 3830 3629 Πττρός
3856 3559 3989 3612 ἐστι

2388 3666 2581 3733 Λόγος,
2605 3663 2680 3725 ὡς
2709 3659 2963 3728 ἀνωτέρω
2995 3656 3102 3726 γὰρ
3122 3667 3149 3694 ιι
3180 3649 3276 3707 τοῦ
3307 3652 3543 3721 πάσχειν
3577 3651 3609 3721 ἠ
3637 3650 3756 3703 θεία
3783 3667 3847 3702 τε
3877 3649 3985 3702 καὶ

2388 3755 2666 3826 ἀκήρατός
2692 3756 2808 3807 ἐστι
2837 3751 2999 3819 φύσις
3018 3763 3033 3779 ·
3066 3747 3164 3800 καὶ
3194 3744 3332 3815 αῦτη
3373 3745 3442 3796 τά
3482 3742 3661 3797 πάντα
3691 3740 3984 3805 ζωοποιεῖ,

2391 3850 2485 3904 καὶ
2504 3848 2709 3918 φθορᾶς
2733 3843 2972 3914 ἀμείνων
3000 3839 3139 3903 ἐστὶ,
3166 3838 3258 3891 καὶ
3283 3835 3487 3898 παντὸς
3513 3832 3606 3888 τοῦ
3636 3832 3828 3885 λυπεῖν
3850 3835 3987 3884 εἰω-

2392 3942 2561 4004 θότος.
2605 3936 2786 4002 Ἀλλὰ,
2825 3935 3002 3988 καίτοι
3034 3932 3205 3985 ταῦτα
3245 3927 3518 3991 ούσιωδῶς
3547 3927 3810 3996 ὑπάρχων
3839 3926 3869 3977 ὁ
3914 3926 3986 3978 ἐκ

2392 4033 2525 4087 Θεοῦ
2563 4030 2774 4101 Ιῖατρὸς
2807 4027 2998 4094 Λόγος,
3040 4023 3174 4076 ίόἱαν
3203 4021 3498 4090 ἐποιήσατο
3533 4018 3716 4089 σάρκα
3746 4015 3846 4086 τὴν
3879 4017 3981 4069 τοῦ

2395 4122 2625 4178 θανάτου
2666 4119 2920 4188 δεκτικήν
2953 4134 2965 4147 ·
2994 4115 3083 4169 ἵνα
3112 4112 3188 4182 τῷ
3231 4111 3457 4180 πάσχειν
3493 4107 3704 4162 εἰωθότι
3739 4106 3808 4159 τά
3834 4106 3984 4176 ὑπὲρ

2393 4213 2572 4284 ἡμῶν,
2601 4211 2694 4264 καὶ
2721 4209 2786 4263 δι’
2809 4209 2976 4278 ἡμᾶς,
3005 4207 3084 4268 είς
3109 4203 3302 4257 ἐαυτὸν
3324 4199 3610 4255 ἀναλαϐὼν
3639 4198 3812 4267 πάθη,
3844 4198 3985 4250 πᾶν·

2394 4324 2490 4369 τας
2527 4305 2672 4373 ἡμᾶς
2710 4299 2996 4367 ἀπαλλάξῃ
3023 4297 3118 4350 καὶ
3151 4294 3404 4356 θανάτου,
3435 4293 3528 4346 καὶ
3557 4291 3796 4360 φθορᾶς,
3842 4288 3985 4352 ζωοο

2397 4399 2623 4467 ποιήσας
2657 4394 2731 4456 ὡς
2774 4390 2904 4452 Θεὸς
2933 4391 2993 4442 τὸ
3032 4389 3160 4441 ἴδιον
3197 4383 3361 4441 αὑτοῦ
3401 4383 3580 4452 σῶμα,
3614 4381 3706 4435 καὶ
3748 4381 3983 4449 ἀπαρχὴ

2396 4484 2633 4556 γεγονὼς
2666 4483 2773 4536 τῶν
2803 4477 3239 4547 κεκοιμημένων,
3269 4474 3362 4527 καὶ
3403 4471 3749 4543 πρωτότοκος
3777 4469 3843 4520 ἐκ
3879 4486 3978 4520 ve-

719 4588 781 4628 ac
837 4574 1223 4644 primogenitus
1273 4588 1341 4628 ex
1399 4576 1623 4630 mortuis
1679 4576 1930 4630 cllectum
1965 4577 2028 4631 ³³.
2104 4576 2276 4647 Nequt

2395 4579 2569 4650 κρῶν·
2600 4577 2658 4630 οὐ
2693 4573 2800 4645 γὰρ
2849 4571 3132 4640 ἄνθρωπος
3163 4563 3230 4638 ἦν
3261 4565 3459 4628 κοινὸς,
3506 4563 3611 4634 ίδίᾳ
3657 4578 3716 4616 τε
3749 4560 3842 4613 καὶ
3873 4561 3982 4613 ἀνά

716 4667 858 4719 enim
889 4666 979 4734 qui
1018 4678 1238 4734 propter
1277 4681 1376 4720 nos
1419 4667 1707 4735 pretiosam
1741 4685 2026 4738 perpessus
2053 4681 2134 4725 est
2168 4685 2292 4724 cru-

719 4771 858 4821 cem,
890 4766 1226 4825 mortemque
1255 4759 1491 4827 gustavit
1517 4759 1583 4823 °’,
1621 4761 1924 4815 communis
1966 4763 2147 4826 homo,
2184 4772 2237 4816 et
2263 4777 2291 4814 a

719 4846 898 4902 Verbo
932 4848 1218 4902 distinctus
1255 4848 1599 4915 sejunctusve
1639 4859 1787 4913 erat;
1825 4852 1918 4906 sed
1957 4851 2070 4921 ipse
2110 4853 2293 4920 gloria:

723 4941 980 4996 Dominus
1005 4941 1050 4972 ⁸⁸
1090 4955 1278 5009 passus
1323 4952 1403 4996 est
1437 4956 1600 4997 carne
1627 4942 1694 5008 “,
1718 4943 2012 4997 secundum
2044 4944 2293 5013 Scriptu-

725 5046 836 5087 ras.
859 5033 1122 5098 Quoniam
1153 5050 1302 5099 vero,
1339 5035 1430 5105 qui
1464 5051 1599 5091 vana
1635 5037 1904 5106 impiaque
1932 5037 2181 5108 dogmata
2209 5051 2294 5092 re-

724 5135 824 5180 cta:
868 5140 1117 5195 sanazque
1150 5127 1269 5181 ﬁdei
1317 5128 1625 5182 immiscere
1675 5128 1922 5192 student,
1952 5143 2294 5183 communem

727 5218 993 5271 hominem
1047 5233 1262 5272 crucem
1319 5234 1415 5287 pro
1470 5219 1622 5274 nobis
1688 5220 2008 5274 sustinuisse
2069 5222 2290 5285 dicunt;

726 5308 1207 5363 auathematismus
1247 5309 1355 5371 hic,
1387 5309 1476 5378 qui
1509 5310 1798 5378 impietatis
1841 5309 2053 5366 illorum
2095 5311 2295 5378 magni-

728 5398 966 5454 tudinem
1000 5399 1192 5469 aperit,
1231 5399 1538 5454 necessario
1572 5400 1902 5455 constitutus
1939 5411 2044 5455 est.

2401 4674 2562 4745 μέρος
2611 4668 2897 4738 νοούμενος
2953 4660 3104 4732 παρά
3139 4659 3230 4713 τὸν
3271 4659 3336 4710 ἐκ
3363 4655 3497 4710 Θεοῦ
3533 4652 3980 4745 Πατρὸςίξόγον,

2398 4739 2517 4818 όδί⁹
2545 4761 2690 4830 ἡμᾶς
2717 4756 2809 4809 τὸν
2841 4754 3019 4823 τίμιον
3050 4749 3349 4818 ὑπομείνας
3395 4743 3647 4814 σταυρὸν,
3679 4741 3772 4794 καὶ
3810 4739 3985 4794 θα.νὰ-

2396 4872 2488 4908 του
2547 4850 2915 4918 γευσάμενος·
2963 4843 3077 4897 ἀλλ’
3117 4841 3280 4902 αὐτὸς
3318 4839 3348 4890 ὁ
3379 4838 3479 4900 τῆς
3535 4833 3692 4902 δόξης
3735 4831 3982 4902 Κύριος,

2401 4946 2562 5016 σαρκὶ
2605 4939 2838 4996 πέπονθε
2882 4934 3024 4990 κατὰ
3061 4932 3157 4994 τὰς
3191 4930 3432 5002 Γραφάς.
3477 4922 3783 5016 Ἐπειδὴδέ
3822 4921 3983 5016 οἱ-τά

2399 5013 2532 5090 κενὰ
2562 5034 2654 5087 καὶ
2681 5029 2914 5098 δυσσεϐῆ
2935 5036 2961 5065 ν
2991 5025 3237 5094 δόγματα
3278 5024 3345 5090 τῇ
3380 5018 3514 5089 ὀρθῇ
3556 5015 3649 5068 καὶ
3690 5013 3984 5083 ἀμωμήτῳ

2403 5130 2582 5183 πίστει
2614 5121 3024 5194 παρεισκρίνειν
3051 5115 3345 5178 ἐθέλοντες,
3375 5109 3661 5179 ἄνθρωπόν
3695 5123 3831 5175 φασι
3867 5121 3982 5157 κοι-

2401 5219 2489 5274 νὸν
2519 5217 2802 5285 ὑπομεῖναι
2834 5212 2922 5264 τὸν
2952 5209 3091 5277 ὑπὲρ
3124 5202 3282 5276 ἡμῶν
3318 5201 3567 5271 σταυρὸν,
3595 5197 3818 5265 γέγονεν
3849 5195 3976 5247 ἀνα-

2403 5313 2590 5379 γκαίος
2613 5311 2639 5360 ὁ
2665 5298 3120 5373 ἀναθεματισμὸς,
3149 5295 3245 5365 τῆς
3270 5291 3494 5360 ἐνούσης
3519 5289 3704 5351 αὐτοῖς
3725 5285 3980 5349 ἀσεϐείας

2404 5399 2714 5471 ἐμφανίζων
2740 5395 2798 5448 τὸ
2832 5390 3080 5463 μέγεθος.

795 5562 1009 5619 “Joan.
1031 5581 1102 5630 vt,
1127 5564 1214 5619 64.
1258 5564 1301 5596 ³⁵
1326 5564 1455 5621 ibid.
1483 5563 1574 5617 58.
1616 5563 1659 5594 ³⁵
1682 5564 1885 5619 Coloss.
1917 5581 1955 5628 ι,
1992 5564 2074 5619 18.
2111 5564 2192 5617 ³⁷1
2220 5564 2276 5619 Ut

2382 5580 2463 5627 xv,
2495 5562 2585 5616 9.0.
2623 5558 2665 5590 ³⁸
2690 5556 2846 5610 llebr.
2888 5569 2946 5615 ιι,
2977 5552 3025 5605 9.
3061 5551 3104 5581 ³³
3133 5545 3291 5601 lCor.
3327 5559 3386 5606 ll,
3425 5542 3479 5595 8.
3513 5537 3600 5593 ‘°l
3635 5538 3779 5596 Pelr.
3815 5555 3885 5604 ιν,
3927 5540 3974 5596 Ι.

1791 5708 1960 5763 Variae
1997 5708 2255 5763 lectiones
2283 5721 2347 5760 ex
2383 5709 2566 5761 codice
2601 5703 2973 5773 Seguieriano.

813 5849 835 5873 °
868 5840 1036 5909 μόνην
1066 5837 1215 5890 θείαν
1254 5833 1543 5905 ἐνοίκησιν,
1586 5842 1611 5882 Ρ
1646 5831 1765 5885 ἰδία.
1828 5840 1856 5880 ιι
1887 5826 2294 5895 ζωοποιοῦντος.

2353 5838 2370 5864 ι’
2411 5825 2533 5881 ἰδία.
2609 5835 2631 5863 ³
2665 5822 2840 5894 ζήσει.
2920 5819 2936 5856 ι
2973 5833 3054 5871 τε.
3111 5812 3403 5880 ιιὰνωτερα
3431 5821 3557 5876 γαρ.
3638 5810 3668 5842 ν
3699 5803 3973 5874 δυσφημα.
