  <div class='ocr_page' id='page_1' title='image "/cluster/home/n/w/nwhite01/storage/ocr_20150623/76/uva.x030486937/166.png"; bbox 0 0 4104 6506; ppageno 0'>
   <div class='ocr_carea' id='block_1_1' title="bbox 179 444 3407 516">
    <p class='ocr_par' dir='ltr' id='par_1_1' title="bbox 179 444 3407 516">
     <span class='ocr_line' id='line_1_1' title="bbox 179 444 3407 516; baseline -0.002 -3"><span class='ocrx_word' id='word_1_1' title='bbox 179 459 254 513; x_wconf 69' lang='lat'><strong>313</strong></span> <span class='ocrx_word' id='word_1_2' title='bbox 742 454 1285 516; x_wconf 58' lang='lat' dir='ltr'><strong>‘APOLOGETICUS</strong></span> <span class='ocrx_word' id='word_1_3' title='bbox 1318 453 1453 510; x_wconf 79' lang='lat' dir='ltr'><strong>PRO</strong></span> <span class='ocrx_word' id='word_1_4' title='bbox 1493 454 1587 508; x_wconf 77' lang='grc' dir='ltr'>ΧΠ</span> <span class='ocrx_word' id='word_1_5' title='bbox 1629 452 1992 509; x_wconf 83' lang='lat' dir='ltr'><strong>CAPITIBUS</strong></span> <span class='ocrx_word' id='word_1_6' title='bbox 2030 449 2309 507; x_wconf 77' lang='lat' dir='ltr'><strong>CONTRA</strong></span> <span class='ocrx_word' id='word_1_7' title='bbox 2348 445 2801 504; x_wconf 81' lang='lat' dir='ltr'><strong>ORIENTALES.</strong></span> <span class='ocrx_word' id='word_1_8' title='bbox 3300 444 3407 506; x_wconf 73' lang='grc'><strong>516</strong></span> 
     </span>
    </p>
   </div>
   <div class='ocr_carea' id='block_1_2' title="bbox 184 645 1807 678">
    <p class='ocr_par' dir='ltr' id='par_1_2' title="bbox 184 645 1807 678">
     <span class='ocr_line' id='line_1_2' title="bbox 184 645 1807 678; baseline -0.007 -1"><span class='ocrx_word' id='word_1_9' title='bbox 184 645 1807 678; x_wconf 64' lang='lat' dir='ltr'><em>W</em></span> 
     </span>
    </p>
   </div>
   <div class='ocr_carea' id='block_1_3' title="bbox 1930 638 3391 663">
    <p class='ocr_par' dir='ltr' id='par_1_3' title="bbox 1930 638 3391 663">
     <span class='ocr_line' id='line_1_3' title="bbox 1930 638 3391 663; baseline 0 0"><span class='ocrx_word' id='word_1_10' title='bbox 1930 638 3391 663; x_wconf 46' lang='grc' dir='ltr'>Μ</span> 
     </span>
    </p>
   </div>
   <div class='ocr_carea' id='block_1_4' title="bbox 1420 844 2119 938">
    <p class='ocr_par' dir='ltr' id='par_1_4' title="bbox 1420 844 2119 938">
     <span class='ocr_line' id='line_1_4' title="bbox 1420 844 2119 938; baseline 0.004 -5"><span class='ocrx_word' id='word_1_11' title='bbox 1420 844 2119 938; x_wconf 83' lang='lat' dir='ltr'><strong>ADMONITIO</strong></span> 
     </span>
    </p>
   </div>
   <div class='ocr_carea' id='block_1_5' title="bbox 569 1062 2972 1141">
    <p class='ocr_par' dir='ltr' id='par_1_5' title="bbox 569 1062 2972 1141">
     <span class='ocr_line' id='line_1_5' title="bbox 569 1062 2972 1141; baseline -0.004 -10"><span class='ocrx_word' id='word_1_12' title='bbox 569 1068 657 1131; x_wconf 89' lang='lat' dir='ltr'><strong>IN</strong></span> <span class='ocrx_word' id='word_1_13' title='bbox 733 1066 1163 1141; x_wconf 84' lang='lat' dir='ltr'><strong>UTRUMQUE</strong></span> <span class='ocrx_word' id='word_1_14' title='bbox 1226 1068 1490 1128; x_wconf 86' lang='lat' dir='ltr'><strong>SANCTI</strong></span> <span class='ocrx_word' id='word_1_15' title='bbox 1556 1068 1855 1129; x_wconf 84' lang='lat' dir='ltr'><strong>CYRILLI</strong></span> <span class='ocrx_word' id='word_1_16' title='bbox 1922 1066 2301 1127; x_wconf 86' lang='lat' dir='ltr'><strong>LIBELLUM</strong></span> <span class='ocrx_word' id='word_1_17' title='bbox 2366 1062 2972 1126; x_wconf 83' lang='lat' dir='ltr'><strong>APOLOGETICUM.</strong></span> 
     </span>
    </p>
   </div>
   <div class='ocr_carea' id='block_1_6' title="bbox 1664 1266 1906 1306">
    <p class='ocr_par' dir='ltr' id='par_1_6' title="bbox 1664 1266 1906 1306">
     <span class='ocr_line' id='line_1_6' title="bbox 1664 1266 1906 1306; baseline -0.004 0"><span class='ocrx_word' id='word_1_18' title='bbox 1664 1266 1906 1306; x_wconf 77' lang='lat' dir='ltr'><strong>SCILICET</strong></span> 
     </span>
    </p>
   </div>
   <div class='ocr_carea' id='block_1_7' title="bbox 708 1405 2860 1489">
    <p class='ocr_par' dir='ltr' id='par_1_7' title="bbox 708 1405 2860 1489">
     <span class='ocr_line' id='line_1_7' title="bbox 708 1405 2860 1489; baseline -0.003 -19"><span class='ocrx_word' id='word_1_19' title='bbox 708 1410 835 1472; x_wconf 85' lang='lat' dir='ltr'><strong>Pro</strong></span> <span class='ocrx_word' id='word_1_20' title='bbox 875 1410 985 1469; x_wconf 82' lang='lat' dir='ltr'><strong>XII</strong></span> <span class='ocrx_word' id='word_1_21' title='bbox 1011 1408 1320 1489; x_wconf 82' lang='lat' dir='ltr'><strong>capitibus</strong></span> <span class='ocrx_word' id='word_1_22' title='bbox 1358 1416 1576 1469; x_wconf 84' lang='lat' dir='ltr'><strong>contra</strong></span> <span class='ocrx_word' id='word_1_23' title='bbox 1615 1406 1979 1479; x_wconf 87' lang='lat' dir='ltr'><strong>Orientales,</strong></span> <span class='ocrx_word' id='word_1_24' title='bbox 2022 1411 2083 1467; x_wconf 90' lang='lat' dir='ltr'><strong>et</strong></span> <span class='ocrx_word' id='word_1_25' title='bbox 2112 1411 2327 1467; x_wconf 84' lang='lat' dir='ltr'><strong>contra</strong></span> <span class='ocrx_word' id='word_1_26' title='bbox 2364 1405 2860 1467; x_wconf 90' lang='lat' dir='ltr'><strong>Theodoretum.</strong></span> 
     </span>
    </p>
   </div>
   <div class='ocr_carea' id='block_1_8' title="bbox 896 1593 2673 1663">
    <p class='ocr_par' dir='ltr' id='par_1_8' title="bbox 896 1593 2673 1663">
     <span class='ocr_line' id='line_1_8' title="bbox 896 1593 2673 1663; baseline 0.002 -17"><span class='ocrx_word' id='word_1_27' title='bbox 896 1599 913 1659; x_wconf 87' lang='lat'><strong>(</strong></span> <span class='ocrx_word' id='word_1_28' title='bbox 938 1597 993 1646; x_wconf 89' lang='lat' dir='ltr'><strong>P.</strong></span> <span class='ocrx_word' id='word_1_29' title='bbox 1030 1597 1305 1647; x_wconf 69' lang='lat' dir='ltr'><strong>Ganscnws</strong></span> <span class='ocrx_word' id='word_1_30' title='bbox 1334 1593 1383 1643; x_wconf 92' lang='lat' dir='ltr'><strong>in</strong></span> <span class='ocrx_word' id='word_1_31' title='bbox 1413 1596 1538 1658; x_wconf 84' lang='lat' dir='ltr'><strong>Opp.</strong></span> <span class='ocrx_word' id='word_1_32' title='bbox 1574 1597 1711 1647; x_wconf 83' lang='lat' dir='ltr'><strong>Marii</strong></span> <span class='ocrx_word' id='word_1_33' title='bbox 1755 1600 2063 1658; x_wconf 81' lang='lat' dir='ltr'><strong>Mercatoris,</strong></span> <span class='ocrx_word' id='word_1_34' title='bbox 2092 1600 2187 1648; x_wconf 89' lang='lat' dir='ltr'><strong>col.</strong></span> <span class='ocrx_word' id='word_1_35' title='bbox 2213 1599 2306 1648; x_wconf 82' lang='grc'><strong>955</strong></span> <span class='ocrx_word' id='word_1_36' title='bbox 2337 1600 2419 1654; x_wconf 78' lang='lat' dir='ltr'><strong>ed,</strong></span> <span class='ocrx_word' id='word_1_37' title='bbox 2448 1598 2673 1663; x_wconf 79' lang='lat' dir='ltr'><strong>Migne.)</strong></span> 
     </span>
    </p>
   </div>
   <div class='ocr_carea' id='block_1_9' title="bbox 220 1895 3425 1974">
    <p class='ocr_par' dir='ltr' id='par_1_9' title="bbox 220 1895 3425 1974">
     <span class='ocr_line' id='line_1_9' title="bbox 220 1895 3425 1974; baseline 0.003 -22"><span class='ocrx_word' id='word_1_38' title='bbox 220 1895 435 1969; x_wconf 81' lang='lat' dir='ltr'><strong>Cyrillus</strong></span> <span class='ocrx_word' id='word_1_39' title='bbox 455 1897 718 1967; x_wconf 72' lang='lat' dir='ltr'><strong>epistola:</strong></span> <span class='ocrx_word' id='word_1_40' title='bbox 744 1914 855 1953; x_wconf 88' lang='lat' dir='ltr'><strong>suae</strong></span> <span class='ocrx_word' id='word_1_41' title='bbox 879 1898 1052 1953; x_wconf 64' lang='lat' dir='ltr'><strong>tertiae</strong></span> <span class='ocrx_word' id='word_1_42' title='bbox 1079 1897 1145 1951; x_wconf 91' lang='lat' dir='ltr'><strong>ad</strong></span> <span class='ocrx_word' id='word_1_43' title='bbox 1168 1896 1474 1953; x_wconf 75' lang='lat' dir='ltr'><strong>Nestorium</strong></span> <span class='ocrx_word' id='word_1_44' title='bbox 1504 1898 1861 1969; x_wconf 81' lang='lat' dir='ltr'><strong>subjunxerat</strong></span> <span class='ocrx_word' id='word_1_45' title='bbox 1902 1901 2075 1968; x_wconf 87' lang='lat' dir='ltr'><strong>capita</strong></span> <span class='ocrx_word' id='word_1_46' title='bbox 2103 1914 2350 1955; x_wconf 87' lang='lat' dir='ltr'><strong>errorum</strong></span> <span class='ocrx_word' id='word_1_47' title='bbox 2394 1903 2699 1967; x_wconf 83' lang='lat' dir='ltr'><strong>duodecim,</strong></span> <span class='ocrx_word' id='word_1_48' title='bbox 2722 1919 2839 1971; x_wconf 75' lang='lat' dir='ltr'><strong>qua:</strong></span> <span class='ocrx_word' id='word_1_49' title='bbox 2861 1904 2986 1974; x_wconf 83' lang='lat' dir='ltr'><strong>quia</strong></span> <span class='ocrx_word' id='word_1_50' title='bbox 3006 1904 3214 1974; x_wconf 79' lang='lat' dir='ltr'><strong>singula</strong></span> <span class='ocrx_word' id='word_1_51' title='bbox 3242 1906 3425 1973; x_wconf 86' lang='lat' dir='ltr'><strong>subje-</strong></span> 
     </span>
    </p>
   </div>
   <div class='ocr_carea' id='block_1_10' title="bbox 163 1992 3422 2069">
    <p class='ocr_par' dir='ltr' id='par_1_10' title="bbox 163 1992 3422 2069">
     <span class='ocr_line' id='line_1_10' title="bbox 163 1992 3422 2069; baseline 0.004 -25"><span class='ocrx_word' id='word_1_52' title='bbox 163 1999 287 2044; x_wconf 89' lang='lat' dir='ltr'><strong>ctum</strong></span> <span class='ocrx_word' id='word_1_53' title='bbox 312 1992 512 2048; x_wconf 87' lang='lat' dir='ltr'><strong>habent</strong></span> <span class='ocrx_word' id='word_1_54' title='bbox 538 1994 867 2055; x_wconf 90' lang='lat' dir='ltr'><strong>anathema,</strong></span> <span class='ocrx_word' id='word_1_55' title='bbox 901 1992 1061 2063; x_wconf 84' lang='lat' dir='ltr'><strong>vulgo</strong></span> <span class='ocrx_word' id='word_1_56' title='bbox 1097 1992 1542 2049; x_wconf 87' lang='lat' dir='ltr'><strong>anathematismi</strong></span> <span class='ocrx_word' id='word_1_57' title='bbox 1569 2002 1851 2060; x_wconf 84' lang='lat' dir='ltr'><strong>vocantur,</strong></span> <span class='ocrx_word' id='word_1_58' title='bbox 1902 2011 2210 2064; x_wconf 86' lang='lat' dir='ltr'><strong>quanquam</strong></span> <span class='ocrx_word' id='word_1_59' title='bbox 2248 2006 2459 2052; x_wconf 82' lang='lat' dir='ltr'><strong>veteres</strong></span> <span class='ocrx_word' id='word_1_60' title='bbox 2490 1998 2767 2052; x_wconf 84' lang='lat' dir='ltr'><strong>malebant</strong></span> <span class='ocrx_word' id='word_1_61' title='bbox 2793 1998 3032 2069; x_wconf 89' lang='lat' dir='ltr'><strong>capitula</strong></span> <span class='ocrx_word' id='word_1_62' title='bbox 3066 2000 3267 2056; x_wconf 86' lang='lat' dir='ltr'><strong>dicere.</strong></span> <span class='ocrx_word' id='word_1_63' title='bbox 3298 2001 3422 2057; x_wconf 70' lang='lat' dir='ltr'><strong>llaec</strong></span> 
     </span>
    </p>
   </div>
   <div class='ocr_carea' id='block_1_11' title="bbox 164 2087 3423 2165">
    <p class='ocr_par' dir='ltr' id='par_1_11' title="bbox 164 2087 3423 2165">
     <span class='ocr_line' id='line_1_11' title="bbox 164 2087 3423 2165; baseline 0.004 -28"><span class='ocrx_word' id='word_1_64' title='bbox 164 2089 586 2157; x_wconf 83' lang='lat' dir='ltr'><strong>cumaccepisset</strong></span> <span class='ocrx_word' id='word_1_65' title='bbox 615 2087 924 2155; x_wconf 82' lang='lat' dir='ltr'><strong>Nestorius,</strong></span> <span class='ocrx_word' id='word_1_66' title='bbox 958 2087 1245 2144; x_wconf 78' lang='lat' dir='ltr'><strong>confestim</strong></span> <span class='ocrx_word' id='word_1_67' title='bbox 1279 2088 1618 2144; x_wconf 81' lang='lat' dir='ltr'><strong>Antiochiam</strong></span> <span class='ocrx_word' id='word_1_68' title='bbox 1646 2090 1793 2145; x_wconf 87' lang='lat' dir='ltr'><strong>misit</strong></span> <span class='ocrx_word' id='word_1_69' title='bbox 1816 2091 1879 2144; x_wconf 91' lang='lat' dir='ltr'><strong>ad</strong></span> <span class='ocrx_word' id='word_1_70' title='bbox 1907 2088 2168 2146; x_wconf 79' lang='lat' dir='ltr'><strong>Joannem</strong></span> <span class='ocrx_word' id='word_1_71' title='bbox 2202 2094 2538 2162; x_wconf 82' lang='lat' dir='ltr'><strong>episcOpum,</strong></span> <span class='ocrx_word' id='word_1_72' title='bbox 2574 2108 2771 2160; x_wconf 81' lang='lat' dir='ltr'><strong>rogans</strong></span> <span class='ocrx_word' id='word_1_73' title='bbox 2808 2103 2917 2149; x_wconf 92' lang='lat' dir='ltr'><strong>uta</strong></span> <span class='ocrx_word' id='word_1_74' title='bbox 2945 2096 3423 2165; x_wconf 69' lang='lat' dir='ltr'><strong>praestantissimis</strong></span> 
     </span>
    </p>
   </div>
   <div class='ocr_carea' id='block_1_12' title="bbox 164 2179 3418 2260">
    <p class='ocr_par' dir='ltr' id='par_1_12' title="bbox 164 2179 3418 2260">
     <span class='ocr_line' id='line_1_12' title="bbox 164 2179 3418 2260; baseline 0.004 -32"><span class='ocrx_word' id='word_1_75' title='bbox 164 2179 346 2235; x_wconf 89' lang='lat' dir='ltr'><strong>duobus</strong></span> <span class='ocrx_word' id='word_1_76' title='bbox 367 2197 479 2238; x_wconf 71' lang='lat' dir='ltr'><strong>sua:</strong></span> <span class='ocrx_word' id='word_1_77' title='bbox 516 2183 782 2239; x_wconf 68' lang='lat' dir='ltr'><strong>dimcesis</strong></span> <span class='ocrx_word' id='word_1_78' title='bbox 824 2182 1152 2248; x_wconf 82' lang='lat' dir='ltr'><strong>hominibus,</strong></span> <span class='ocrx_word' id='word_1_79' title='bbox 1189 2183 1405 2236; x_wconf 88' lang='lat' dir='ltr'><strong>Andrea</strong></span> <span class='ocrx_word' id='word_1_80' title='bbox 1452 2179 1810 2237; x_wconf 89' lang='lat' dir='ltr'><strong>Samosateno</strong></span> <span class='ocrx_word' id='word_1_81' title='bbox 1866 2192 1918 2238; x_wconf 92' lang='lat' dir='ltr'><strong>et</strong></span> <span class='ocrx_word' id='word_1_82' title='bbox 1954 2183 2299 2240; x_wconf 89' lang='lat' dir='ltr'><strong>Theodoreto</strong></span> <span class='ocrx_word' id='word_1_83' title='bbox 2328 2185 2574 2256; x_wconf 89' lang='lat' dir='ltr'><strong>Cyrensi,</strong></span> <span class='ocrx_word' id='word_1_84' title='bbox 2621 2185 2938 2250; x_wconf 81' lang='lat' dir='ltr'><strong>refellenda,</strong></span> <span class='ocrx_word' id='word_1_85' title='bbox 2988 2198 3043 2243; x_wconf 93' lang='lat' dir='ltr'><strong>et</strong></span> <span class='ocrx_word' id='word_1_86' title='bbox 3081 2188 3418 2260; x_wconf 89' lang='lat' dir='ltr'><strong>Apollinarii,</strong></span> 
     </span>
    </p>
   </div>
   <div class='ocr_carea' id='block_1_13' title="bbox 164 2280 1292 2349">
    <p class='ocr_par' dir='ltr' id='par_1_13' title="bbox 164 2280 1292 2349">
     <span class='ocr_line' id='line_1_13' title="bbox 164 2280 1292 2349; baseline 0.003 -17"><span class='ocrx_word' id='word_1_87' title='bbox 164 2280 364 2349; x_wconf 84' lang='lat' dir='ltr'><strong>Ariique</strong></span> <span class='ocrx_word' id='word_1_88' title='bbox 406 2296 673 2337; x_wconf 89' lang='lat' dir='ltr'><strong>errorum</strong></span> <span class='ocrx_word' id='word_1_89' title='bbox 711 2282 1016 2337; x_wconf 88' lang='lat' dir='ltr'><strong>damnanda</strong></span> <span class='ocrx_word' id='word_1_90' title='bbox 1054 2293 1292 2338; x_wconf 87' lang='lat' dir='ltr'><strong>curaret.</strong></span> 
     </span>
    </p>
   </div>
   <div class='ocr_carea' id='block_1_14' title="bbox 220 2370 3420 2446">
    <p class='ocr_par' dir='ltr' id='par_1_14' title="bbox 220 2370 3420 2446">
     <span class='ocr_line' id='line_1_14' title="bbox 220 2370 3420 2446; baseline -0 -22"><span class='ocrx_word' id='word_1_91' title='bbox 220 2370 482 2427; x_wconf 87' lang='lat' dir='ltr'><strong>Fecerunt</strong></span> <span class='ocrx_word' id='word_1_92' title='bbox 517 2375 693 2429; x_wconf 85' lang='lat' dir='ltr'><strong>ambo</strong></span> <span class='ocrx_word' id='word_1_93' title='bbox 721 2375 864 2445; x_wconf 89' lang='lat' dir='ltr'><strong>quod</strong></span> <span class='ocrx_word' id='word_1_94' title='bbox 900 2376 1255 2445; x_wconf 76' lang='lat' dir='ltr'><strong>rogabantur,</strong></span> <span class='ocrx_word' id='word_1_95' title='bbox 1291 2375 1663 2445; x_wconf 81' lang='lat' dir='ltr'><strong>scriptumque</strong></span> <span class='ocrx_word' id='word_1_96' title='bbox 1696 2374 1894 2445; x_wconf 86' lang='lat' dir='ltr'><strong>singuli</strong></span> <span class='ocrx_word' id='word_1_97' title='bbox 1935 2376 2191 2431; x_wconf 88' lang='lat' dir='ltr'><strong>acerbum</strong></span> <span class='ocrx_word' id='word_1_98' title='bbox 2240 2376 2445 2445; x_wconf 88' lang='lat' dir='ltr'><strong>pariter</strong></span> <span class='ocrx_word' id='word_1_99' title='bbox 2476 2385 2638 2446; x_wconf 89' lang='lat' dir='ltr'><strong>atque</strong></span> <span class='ocrx_word' id='word_1_100' title='bbox 2681 2375 3077 2430; x_wconf 83' lang='lat' dir='ltr'><strong>amarulentum</strong></span> <span class='ocrx_word' id='word_1_101' title='bbox 3107 2373 3420 2439; x_wconf 89' lang='lat' dir='ltr'><strong>ediderunt,</strong></span> 
     </span>
    </p>
   </div>
   <div class='ocr_carea' id='block_1_15' title="bbox 166 2459 3419 2535">
    <p class='ocr_par' dir='ltr' id='par_1_15' title="bbox 166 2459 3419 2535">
     <span class='ocr_line' id='line_1_15' title="bbox 166 2459 3419 2535; baseline 0.002 -22"><span class='ocrx_word' id='word_1_102' title='bbox 166 2461 389 2520; x_wconf 79' lang='lat' dir='ltr'><strong>Andreas</strong></span> <span class='ocrx_word' id='word_1_103' title='bbox 412 2464 789 2521; x_wconf 86' lang='lat' dir='ltr'><strong>Orientalium</strong></span> <span class='ocrx_word' id='word_1_104' title='bbox 823 2466 1061 2529; x_wconf 85' lang='lat' dir='ltr'><strong>nomine,</strong></span> <span class='ocrx_word' id='word_1_105' title='bbox 1087 2464 1459 2518; x_wconf 89' lang='lat' dir='ltr'><strong>Thcodoretus</strong></span> <span class='ocrx_word' id='word_1_106' title='bbox 1495 2478 1629 2529; x_wconf 87' lang='lat' dir='ltr'><strong>suo;</strong></span> <span class='ocrx_word' id='word_1_107' title='bbox 1656 2464 1879 2533; x_wconf 87' lang='lat' dir='ltr'><strong>scripsit</strong></span> <span class='ocrx_word' id='word_1_108' title='bbox 1907 2459 2163 2520; x_wconf 86' lang='lat' dir='ltr'><strong>enimille</strong></span> <span class='ocrx_word' id='word_1_109' title='bbox 2188 2466 2507 2532; x_wconf 71' lang='lat' dir='ltr'><strong>Antiochim,</strong></span> <span class='ocrx_word' id='word_1_110' title='bbox 2537 2466 2637 2520; x_wconf 89' lang='lat' dir='ltr'><strong>iste</strong></span> <span class='ocrx_word' id='word_1_111' title='bbox 2656 2466 2801 2535; x_wconf 89' lang='lat' dir='ltr'><strong>Cyri.</strong></span> <span class='ocrx_word' id='word_1_112' title='bbox 2828 2466 3058 2521; x_wconf 73' lang='lat' dir='ltr'><strong>Andreze</strong></span> <span class='ocrx_word' id='word_1_113' title='bbox 3083 2464 3419 2533; x_wconf 75' lang='lat' dir='ltr'><strong>obiectiones</strong></span> 
     </span>
    </p>
   </div>
   <div class='ocr_carea' id='block_1_16' title="bbox 168 2555 3425 2627">
    <p class='ocr_par' dir='ltr' id='par_1_16' title="bbox 168 2555 3425 2627">
     <span class='ocr_line' id='line_1_16' title="bbox 168 2555 3425 2627; baseline 0.001 -19"><span class='ocrx_word' id='word_1_114' title='bbox 168 2556 387 2621; x_wconf 81' lang='lat' dir='ltr'><strong>probavit</strong></span> <span class='ocrx_word' id='word_1_115' title='bbox 418 2556 659 2613; x_wconf 84' lang='lat' dir='ltr'><strong>Joannis</strong></span> <span class='ocrx_word' id='word_1_116' title='bbox 691 2557 966 2627; x_wconf 85' lang='lat' dir='ltr'><strong>synodus;</strong></span> <span class='ocrx_word' id='word_1_117' title='bbox 1003 2555 1282 2624; x_wconf 89' lang='lat' dir='ltr'><strong>misitque,</strong></span> <span class='ocrx_word' id='word_1_118' title='bbox 1317 2557 1532 2624; x_wconf 90' lang='lat' dir='ltr'><strong>opinor,</strong></span> <span class='ocrx_word' id='word_1_119' title='bbox 1564 2555 1945 2611; x_wconf 84' lang='lat' dir='ltr'><strong>Alexandriam</strong></span> <span class='ocrx_word' id='word_1_120' title='bbox 1985 2572 2080 2627; x_wconf 89' lang='lat' dir='ltr'><strong>per</strong></span> <span class='ocrx_word' id='word_1_121' title='bbox 2116 2557 2493 2611; x_wconf 84' lang='lat' dir='ltr'><strong>Possidonium</strong></span> <span class='ocrx_word' id='word_1_122' title='bbox 2529 2558 2701 2625; x_wconf 90' lang='lat' dir='ltr'><strong>ipsum</strong></span> <span class='ocrx_word' id='word_1_123' title='bbox 2737 2557 3051 2619; x_wconf 85' lang='lat' dir='ltr'><strong>diaconum,</strong></span> <span class='ocrx_word' id='word_1_124' title='bbox 3086 2559 3177 2626; x_wconf 90' lang='lat' dir='ltr'><strong>qui</strong></span> <span class='ocrx_word' id='word_1_125' title='bbox 3212 2556 3425 2612; x_wconf 83' lang='lat' dir='ltr'><strong>litteras</strong></span> 
     </span>
    </p>
   </div>
   <div class='ocr_carea' id='block_1_17' title="bbox 167 2646 3425 2722">
    <p class='ocr_par' dir='ltr' id='par_1_17' title="bbox 167 2646 3425 2722">
     <span class='ocr_line' id='line_1_17' title="bbox 167 2646 3425 2722; baseline -0.001 -19"><span class='ocrx_word' id='word_1_126' title='bbox 167 2649 419 2707; x_wconf 67' lang='lat' dir='ltr'><strong>Celestini</strong></span> <span class='ocrx_word' id='word_1_127' title='bbox 455 2668 521 2707; x_wconf 93' lang='lat' dir='ltr'><strong>ac</strong></span> <span class='ocrx_word' id='word_1_128' title='bbox 559 2652 751 2722; x_wconf 88' lang='lat' dir='ltr'><strong>Cyrilli</strong></span> <span class='ocrx_word' id='word_1_129' title='bbox 784 2653 851 2705; x_wconf 86' lang='lat' dir='ltr'><strong>ad</strong></span> <span class='ocrx_word' id='word_1_130' title='bbox 888 2650 1152 2704; x_wconf 87' lang='lat' dir='ltr'><strong>Joannem</strong></span> <span class='ocrx_word' id='word_1_131' title='bbox 1200 2649 1481 2705; x_wconf 82' lang='lat' dir='ltr'><strong>attulerat.</strong></span> <span class='ocrx_word' id='word_1_132' title='bbox 1517 2650 1891 2707; x_wconf 87' lang='lat' dir='ltr'><strong>Theodoretns</strong></span> <span class='ocrx_word' id='word_1_133' title='bbox 1941 2649 2394 2720; x_wconf 86' lang='lat' dir='ltr'><strong>reprehensiones</strong></span> <span class='ocrx_word' id='word_1_134' title='bbox 2430 2662 2557 2703; x_wconf 89' lang='lat' dir='ltr'><strong>suas</strong></span> <span class='ocrx_word' id='word_1_135' title='bbox 2592 2662 2687 2718; x_wconf 91' lang='lat' dir='ltr'><strong>per</strong></span> <span class='ocrx_word' id='word_1_136' title='bbox 2728 2646 3068 2702; x_wconf 75' lang='lat' dir='ltr'><strong>thniciam</strong></span> <span class='ocrx_word' id='word_1_137' title='bbox 3105 2649 3425 2717; x_wconf 83' lang='lat' dir='ltr'><strong>vicinasque</strong></span> 
     </span>
    </p>
   </div>
   <div class='ocr_carea' id='block_1_18' title="bbox 170 2739 3429 2813">
    <p class='ocr_par' dir='ltr' id='par_1_18' title="bbox 170 2739 3429 2813">
     <span class='ocr_line' id='line_1_18' title="bbox 170 2739 3429 2813; baseline 0.001 -22"><span class='ocrx_word' id='word_1_138' title='bbox 170 2743 395 2812; x_wconf 72' lang='lat' dir='ltr'><strong>regiones</strong></span> <span class='ocrx_word' id='word_1_139' title='bbox 427 2744 664 2813; x_wconf 89' lang='lat' dir='ltr'><strong>sparsit,</strong></span> <span class='ocrx_word' id='word_1_140' title='bbox 736 2742 846 2795; x_wconf 91' lang='lat' dir='ltr'><strong>imo</strong></span> <span class='ocrx_word' id='word_1_141' title='bbox 885 2752 939 2795; x_wconf 90' lang='lat' dir='ltr'><strong>et</strong></span> <span class='ocrx_word' id='word_1_142' title='bbox 970 2740 1022 2795; x_wconf 92' lang='lat' dir='ltr'><strong>in</strong></span> <span class='ocrx_word' id='word_1_143' title='bbox 1051 2740 1242 2795; x_wconf 88' lang='lat' dir='ltr'><strong>urbem</strong></span> <span class='ocrx_word' id='word_1_144' title='bbox 1272 2743 1475 2810; x_wconf 79' lang='lat' dir='ltr'><strong>regiam</strong></span> <span class='ocrx_word' id='word_1_145' title='bbox 1502 2742 1672 2807; x_wconf 87' lang='lat' dir='ltr'><strong>misit,</strong></span> <span class='ocrx_word' id='word_1_146' title='bbox 1705 2742 2112 2812; x_wconf 81' lang='lat' dir='ltr'><strong>gratiﬁcaturus</strong></span> <span class='ocrx_word' id='word_1_147' title='bbox 2140 2740 2317 2796; x_wconf 90' lang='lat' dir='ltr'><strong>amico</strong></span> <span class='ocrx_word' id='word_1_148' title='bbox 2353 2739 2605 2794; x_wconf 87' lang='lat' dir='ltr'><strong>Nestorio</strong></span> <span class='ocrx_word' id='word_1_149' title='bbox 2636 2758 2648 2793; x_wconf 90' lang='lat'><strong>:</strong></span> <span class='ocrx_word' id='word_1_150' title='bbox 2688 2739 2786 2794; x_wconf 90' lang='lat' dir='ltr'><strong>has</strong></span> <span class='ocrx_word' id='word_1_151' title='bbox 2811 2754 2934 2794; x_wconf 91' lang='lat' dir='ltr'><strong>cum</strong></span> <span class='ocrx_word' id='word_1_152' title='bbox 2962 2740 3262 2809; x_wconf 84' lang='lat' dir='ltr'><strong>accepisset</strong></span> <span class='ocrx_word' id='word_1_153' title='bbox 3288 2739 3429 2794; x_wconf 82' lang='lat' dir='ltr'><strong>Evo-</strong></span> 
     </span>
    </p>
   </div>
   <div class='ocr_carea' id='block_1_19' title="bbox 170 2833 2279 2907">
    <p class='ocr_par' dir='ltr' id='par_1_19' title="bbox 170 2833 2279 2907">
     <span class='ocr_line' id='line_1_19' title="bbox 170 2833 2279 2907; baseline 0 -21"><span class='ocrx_word' id='word_1_154' title='bbox 170 2836 295 2903; x_wconf 88' lang='lat' dir='ltr'><strong>ptius</strong></span> <span class='ocrx_word' id='word_1_155' title='bbox 325 2835 692 2891; x_wconf 87' lang='lat' dir='ltr'><strong>Ptolemaidis</strong></span> <span class='ocrx_word' id='word_1_156' title='bbox 723 2833 1085 2906; x_wconf 81' lang='lat' dir='ltr'><strong>Pentapoleos</strong></span> <span class='ocrx_word' id='word_1_157' title='bbox 1115 2836 1355 2906; x_wconf 76' lang='lat' dir='ltr'><strong>regionis</strong></span> <span class='ocrx_word' id='word_1_158' title='bbox 1384 2838 1689 2907; x_wconf 89' lang='lat' dir='ltr'><strong>episcopus,</strong></span> <span class='ocrx_word' id='word_1_159' title='bbox 1723 2838 1789 2890; x_wconf 89' lang='lat' dir='ltr'><strong>ad</strong></span> <span class='ocrx_word' id='word_1_160' title='bbox 1821 2835 2084 2907; x_wconf 75' lang='lat' dir='ltr'><strong>Cyrillum</strong></span> <span class='ocrx_word' id='word_1_161' title='bbox 2113 2834 2279 2889; x_wconf 90' lang='lat' dir='ltr'><strong>misit.</strong></span> 
     </span>
    </p>
   </div>
   <div class='ocr_carea' id='block_1_20' title="bbox 230 2923 3428 2998">
    <p class='ocr_par' dir='ltr' id='par_1_20' title="bbox 230 2923 3428 2998">
     <span class='ocr_line' id='line_1_20' title="bbox 230 2923 3428 2998; baseline 0.002 -19"><span class='ocrx_word' id='word_1_162' title='bbox 230 2923 456 2996; x_wconf 85' lang='lat' dir='ltr'><strong>Uterque</strong></span> <span class='ocrx_word' id='word_1_163' title='bbox 485 2925 721 2997; x_wconf 88' lang='lat' dir='ltr'><strong>scripsit</strong></span> <span class='ocrx_word' id='word_1_164' title='bbox 748 2935 873 2981; x_wconf 90' lang='lat' dir='ltr'><strong>ante</strong></span> <span class='ocrx_word' id='word_1_165' title='bbox 900 2927 1189 2982; x_wconf 88' lang='lat' dir='ltr'><strong>concilium</strong></span> <span class='ocrx_word' id='word_1_166' title='bbox 1222 2926 1578 2997; x_wconf 85' lang='lat' dir='ltr'><strong>Ephesinum,</strong></span> <span class='ocrx_word' id='word_1_167' title='bbox 1606 2927 1747 2996; x_wconf 90' lang='lat' dir='ltr'><strong>quod</strong></span> <span class='ocrx_word' id='word_1_168' title='bbox 1779 2926 1845 2981; x_wconf 92' lang='lat' dir='ltr'><strong>de</strong></span> <span class='ocrx_word' id='word_1_169' title='bbox 1868 2941 1928 2980; x_wconf 91' lang='lat' dir='ltr'><strong>se</strong></span> <span class='ocrx_word' id='word_1_170' title='bbox 1959 2932 2190 2980; x_wconf 89' lang='lat' dir='ltr'><strong>testatur</strong></span> <span class='ocrx_word' id='word_1_171' title='bbox 2218 2924 2593 2981; x_wconf 86' lang='lat' dir='ltr'><strong>Theodoretus</strong></span> <span class='ocrx_word' id='word_1_172' title='bbox 2624 2925 2676 2980; x_wconf 93' lang='lat' dir='ltr'><strong>in</strong></span> <span class='ocrx_word' id='word_1_173' title='bbox 2712 2926 3030 2995; x_wconf 63' lang='lat' dir='ltr'><strong>praefatione</strong></span> <span class='ocrx_word' id='word_1_174' title='bbox 3062 2926 3428 2998; x_wconf 87' lang='lat' dir='ltr'><strong>Pentalogus.</strong></span> 
     </span>
    </p>
   </div>
   <div class='ocr_carea' id='block_1_21' title="bbox 173 3021 3427 3094">
    <p class='ocr_par' dir='ltr' id='par_1_21' title="bbox 173 3021 3427 3094">
     <span class='ocr_line' id='line_1_21' title="bbox 173 3021 3427 3094; baseline 0.003 -24"><span class='ocrx_word' id='word_1_175' title='bbox 173 3021 363 3089; x_wconf 88' lang='lat' dir='ltr'><strong>utrique</strong></span> <span class='ocrx_word' id='word_1_176' title='bbox 395 3021 644 3094; x_wconf 90' lang='lat' dir='ltr'><strong>Cyrillus</strong></span> <span class='ocrx_word' id='word_1_177' title='bbox 698 3033 826 3079; x_wconf 89' lang='lat' dir='ltr'><strong>ante</strong></span> <span class='ocrx_word' id='word_1_178' title='bbox 856 3023 1143 3078; x_wconf 89' lang='lat' dir='ltr'><strong>concilium</strong></span> <span class='ocrx_word' id='word_1_179' title='bbox 1180 3023 1481 3092; x_wconf 85' lang='lat' dir='ltr'><strong>respondit,</strong></span> <span class='ocrx_word' id='word_1_180' title='bbox 1517 3022 1663 3092; x_wconf 91' lang='lat' dir='ltr'><strong>quod</strong></span> <span class='ocrx_word' id='word_1_181' title='bbox 1694 3023 1779 3076; x_wconf 87' lang='lat' dir='ltr'><strong>vel</strong></span> <span class='ocrx_word' id='word_1_182' title='bbox 1812 3037 1879 3076; x_wconf 79' lang='lat' dir='ltr'><strong>ex</strong></span> <span class='ocrx_word' id='word_1_183' title='bbox 1908 3037 1972 3076; x_wconf 90' lang='lat' dir='ltr'><strong>eo</strong></span> <span class='ocrx_word' id='word_1_184' title='bbox 2000 3029 2234 3085; x_wconf 87' lang='lat' dir='ltr'><strong>constat,</strong></span> <span class='ocrx_word' id='word_1_185' title='bbox 2267 3024 2412 3091; x_wconf 90' lang='lat' dir='ltr'><strong>quod</strong></span> <span class='ocrx_word' id='word_1_186' title='bbox 2450 3022 2698 3077; x_wconf 88' lang='lat' dir='ltr'><strong>damnati</strong></span> <span class='ocrx_word' id='word_1_187' title='bbox 2720 3037 2755 3084; x_wconf 50' lang='lat' dir='ltr'><strong>,a</strong></span> <span class='ocrx_word' id='word_1_188' title='bbox 2790 3022 2996 3093; x_wconf 86' lang='lat' dir='ltr'><strong>synodo</strong></span> <span class='ocrx_word' id='word_1_189' title='bbox 3028 3021 3261 3078; x_wconf 84' lang='lat' dir='ltr'><strong>Nestorii</strong></span> <span class='ocrx_word' id='word_1_190' title='bbox 3298 3038 3427 3080; x_wconf 82' lang='lat' dir='ltr'><strong>nus-</strong></span> 
     </span>
    </p>
   </div>
   <div class='ocr_carea' id='block_1_22' title="bbox 171 3112 3171 3185">
    <p class='ocr_par' dir='ltr' id='par_1_22' title="bbox 171 3112 3171 3185">
     <span class='ocr_line' id='line_1_22' title="bbox 171 3112 3171 3185; baseline 0.003 -26"><span class='ocrx_word' id='word_1_191' title='bbox 171 3125 307 3175; x_wconf 92' lang='lat' dir='ltr'><strong>quam</strong></span> <span class='ocrx_word' id='word_1_192' title='bbox 331 3114 612 3177; x_wconf 84' lang='lat' dir='ltr'><strong>meminit,</strong></span> <span class='ocrx_word' id='word_1_193' title='bbox 638 3129 760 3169; x_wconf 94' lang='lat' dir='ltr'><strong>cum</strong></span> <span class='ocrx_word' id='word_1_194' title='bbox 797 3124 979 3169; x_wconf 89' lang='lat' dir='ltr'><strong>tamen</strong></span> <span class='ocrx_word' id='word_1_195' title='bbox 1007 3116 1188 3185; x_wconf 81' lang='lat' dir='ltr'><strong>magni</strong></span> <span class='ocrx_word' id='word_1_196' title='bbox 1216 3113 1269 3169; x_wconf 92' lang='lat' dir='ltr'><strong>in</strong></span> <span class='ocrx_word' id='word_1_197' title='bbox 1298 3128 1413 3168; x_wconf 90' lang='lat' dir='ltr'><strong>rem</strong></span> <span class='ocrx_word' id='word_1_198' title='bbox 1445 3128 1599 3167; x_wconf 89' lang='lat' dir='ltr'><strong>suam</strong></span> <span class='ocrx_word' id='word_1_199' title='bbox 1636 3114 1893 3169; x_wconf 89' lang='lat' dir='ltr'><strong>momenti</strong></span> <span class='ocrx_word' id='word_1_200' title='bbox 1921 3113 2161 3167; x_wconf 82' lang='lat' dir='ltr'><strong>futurum</strong></span> <span class='ocrx_word' id='word_1_201' title='bbox 2187 3123 2334 3169; x_wconf 85' lang='lat' dir='ltr'><strong>esset</strong></span> <span class='ocrx_word' id='word_1_202' title='bbox 2362 3124 2570 3168; x_wconf 88' lang='lat' dir='ltr'><strong>tantum</strong></span> <span class='ocrx_word' id='word_1_203' title='bbox 2602 3112 2853 3168; x_wconf 72' lang='lat' dir='ltr'><strong>Ecclesiae</strong></span> <span class='ocrx_word' id='word_1_204' title='bbox 2872 3113 3171 3185; x_wconf 85' lang='lat' dir='ltr'><strong>judicium.</strong></span> 
     </span>
    </p>
   </div>
   <div class='ocr_carea' id='block_1_23' title="bbox 226 3201 3430 3276">
    <p class='ocr_par' dir='ltr' id='par_1_23' title="bbox 226 3201 3430 3276">
     <span class='ocr_line' id='line_1_23' title="bbox 226 3201 3430 3276; baseline 0.002 -21"><span class='ocrx_word' id='word_1_205' title='bbox 226 3201 340 3260; x_wconf 85' lang='lat' dir='ltr'><strong>Fuit</strong></span> <span class='ocrx_word' id='word_1_206' title='bbox 378 3221 518 3261; x_wconf 85' lang='lat' dir='ltr'><strong>vero</strong></span> <span class='ocrx_word' id='word_1_207' title='bbox 552 3205 799 3259; x_wconf 87' lang='lat' dir='ltr'><strong>Andreas</strong></span> <span class='ocrx_word' id='word_1_208' title='bbox 838 3220 899 3259; x_wconf 90' lang='lat' dir='ltr'><strong>ea</strong></span> <span class='ocrx_word' id='word_1_209' title='bbox 942 3215 1265 3276; x_wconf 89' lang='lat' dir='ltr'><strong>tempestate</strong></span> <span class='ocrx_word' id='word_1_210' title='bbox 1300 3206 1444 3261; x_wconf 90' lang='lat' dir='ltr'><strong>inter</strong></span> <span class='ocrx_word' id='word_1_211' title='bbox 1473 3204 1781 3260; x_wconf 90' lang='lat' dir='ltr'><strong>Orientales</strong></span> <span class='ocrx_word' id='word_1_212' title='bbox 1813 3204 2074 3258; x_wconf 72' lang='lat' dir='ltr'><strong>doctrinae</strong></span> <span class='ocrx_word' id='word_1_213' title='bbox 2104 3205 2247 3259; x_wconf 82' lang='lat' dir='ltr'><strong>fama</strong></span> <span class='ocrx_word' id='word_1_214' title='bbox 2274 3203 2601 3276; x_wconf 87' lang='lat' dir='ltr'><strong>pietatisque</strong></span> <span class='ocrx_word' id='word_1_215' title='bbox 2631 3206 2884 3261; x_wconf 88' lang='lat' dir='ltr'><strong>celebris.</strong></span> <span class='ocrx_word' id='word_1_216' title='bbox 2925 3205 3059 3262; x_wconf 88' lang='lat' dir='ltr'><strong>Tres</strong></span> <span class='ocrx_word' id='word_1_217' title='bbox 3101 3216 3321 3262; x_wconf 79' lang='lat' dir='ltr'><strong>exstant</strong></span> <span class='ocrx_word' id='word_1_218' title='bbox 3361 3220 3430 3261; x_wconf 86' lang='lat' dir='ltr'><strong>au</strong></span> 
     </span>
    </p>
   </div>
   <div class='ocr_carea' id='block_1_24' title="bbox 174 3297 3427 3372">
    <p class='ocr_par' dir='ltr' id='par_1_24' title="bbox 174 3297 3427 3372">
     <span class='ocr_line' id='line_1_24' title="bbox 174 3297 3427 3372; baseline 0.002 -22"><span class='ocrx_word' id='word_1_219' title='bbox 174 3308 276 3350; x_wconf 83' lang='lat' dir='ltr'><strong>eum</strong></span> <span class='ocrx_word' id='word_1_220' title='bbox 297 3297 629 3354; x_wconf 87' lang='lat' dir='ltr'><strong>Theodoreti</strong></span> <span class='ocrx_word' id='word_1_221' title='bbox 654 3298 920 3369; x_wconf 62' lang='lat' dir='ltr'><strong>epistolae,</strong></span> <span class='ocrx_word' id='word_1_222' title='bbox 947 3300 1121 3371; x_wconf 89' lang='lat' dir='ltr'><strong>prima</strong></span> <span class='ocrx_word' id='word_1_223' title='bbox 1144 3299 1287 3356; x_wconf 90' lang='lat' dir='ltr'><strong>inter</strong></span> <span class='ocrx_word' id='word_1_224' title='bbox 1320 3300 1497 3354; x_wconf 88' lang='lat' dir='ltr'><strong>editas</strong></span> <span class='ocrx_word' id='word_1_225' title='bbox 1519 3313 1549 3351; x_wconf 90' lang='lat' dir='ltr'><strong>a</strong></span> <span class='ocrx_word' id='word_1_226' title='bbox 1578 3297 1869 3353; x_wconf 89' lang='lat' dir='ltr'><strong>Sirmondo</strong></span> <span class='ocrx_word' id='word_1_227' title='bbox 1891 3299 2153 3369; x_wconf 83' lang='lat' dir='ltr'><strong>vigesimo</strong></span> <span class='ocrx_word' id='word_1_228' title='bbox 2177 3310 2372 3370; x_wconf 89' lang='lat' dir='ltr'><strong>quarto</strong></span> <span class='ocrx_word' id='word_1_229' title='bbox 2403 3316 2628 3356; x_wconf 86' lang='lat' dir='ltr'><strong>numero</strong></span> <span class='ocrx_word' id='word_1_230' title='bbox 2653 3310 2938 3366; x_wconf 90' lang='lat' dir='ltr'><strong>censetur;</strong></span> <span class='ocrx_word' id='word_1_231' title='bbox 2968 3301 3139 3355; x_wconf 89' lang='lat' dir='ltr'><strong>altera</strong></span> <span class='ocrx_word' id='word_1_232' title='bbox 3168 3302 3219 3356; x_wconf 92' lang='lat' dir='ltr'><strong>in</strong></span> <span class='ocrx_word' id='word_1_233' title='bbox 3242 3304 3427 3372; x_wconf 84' lang='lat' dir='ltr'><strong>quinta</strong></span> 
     </span>
    </p>
   </div>
   <div class='ocr_carea' id='block_1_25' title="bbox 188 3392 3429 3467">
    <p class='ocr_par' dir='ltr' id='par_1_25' title="bbox 188 3392 3429 3467">
     <span class='ocr_line' id='line_1_25' title="bbox 188 3392 3429 3467; baseline 0.002 -23"><span class='ocrx_word' id='word_1_234' title='bbox 188 3393 373 3460; x_wconf 83' lang='lat' dir='ltr'><strong>synodo</strong></span> <span class='ocrx_word' id='word_1_235' title='bbox 402 3394 719 3464; x_wconf 88' lang='lat' dir='ltr'><strong>reperitur;</strong></span> <span class='ocrx_word' id='word_1_236' title='bbox 756 3394 912 3452; x_wconf 87' lang='lat' dir='ltr'><strong>tertia</strong></span> <span class='ocrx_word' id='word_1_237' title='bbox 938 3396 1080 3467; x_wconf 87' lang='lat' dir='ltr'><strong>apud</strong></span> <span class='ocrx_word' id='word_1_238' title='bbox 1105 3394 1337 3450; x_wconf 82' lang='lat' dir='ltr'><strong>Marium</strong></span> <span class='ocrx_word' id='word_1_239' title='bbox 1368 3392 1748 3459; x_wconf 83' lang='lat' dir='ltr'><strong>Mercatorem,</strong></span> <span class='ocrx_word' id='word_1_240' title='bbox 1774 3409 1884 3464; x_wconf 90' lang='lat' dir='ltr'><strong>quo</strong></span> <span class='ocrx_word' id='word_1_241' title='bbox 1918 3396 2213 3464; x_wconf 89' lang='lat' dir='ltr'><strong>interprete</strong></span> <span class='ocrx_word' id='word_1_242' title='bbox 2247 3410 2390 3448; x_wconf 91' lang='lat' dir='ltr'><strong>nunc</strong></span> <span class='ocrx_word' id='word_1_243' title='bbox 2415 3394 2648 3463; x_wconf 85' lang='lat' dir='ltr'><strong>primum</strong></span> <span class='ocrx_word' id='word_1_244' title='bbox 2683 3396 2884 3450; x_wconf 89' lang='lat' dir='ltr'><strong>editur.</strong></span> <span class='ocrx_word' id='word_1_245' title='bbox 2911 3394 2990 3449; x_wconf 78' lang='lat' dir='ltr'><strong>Ex</strong></span> <span class='ocrx_word' id='word_1_246' title='bbox 3019 3396 3194 3466; x_wconf 92' lang='lat' dir='ltr'><strong>prima</strong></span> <span class='ocrx_word' id='word_1_247' title='bbox 3224 3397 3429 3452; x_wconf 87' lang='lat' dir='ltr'><strong>intelli-</strong></span> 
     </span>
    </p>
   </div>
   <div class='ocr_carea' id='block_1_26' title="bbox 180 3486 3429 3562">
    <p class='ocr_par' dir='ltr' id='par_1_26' title="bbox 180 3486 3429 3562">
     <span class='ocr_line' id='line_1_26' title="bbox 180 3486 3429 3562; baseline 0.003 -23"><span class='ocrx_word' id='word_1_248' title='bbox 180 3486 301 3554; x_wconf 76' lang='lat' dir='ltr'><strong>gitur</strong></span> <span class='ocrx_word' id='word_1_249' title='bbox 323 3498 593 3558; x_wconf 86' lang='lat' dir='ltr'><strong>quantam</strong></span> <span class='ocrx_word' id='word_1_250' title='bbox 628 3489 719 3546; x_wconf 90' lang='lat' dir='ltr'><strong>ille</strong></span> <span class='ocrx_word' id='word_1_251' title='bbox 752 3492 835 3547; x_wconf 92' lang='lat' dir='ltr'><strong>sui</strong></span> <span class='ocrx_word' id='word_1_252' title='bbox 873 3490 1185 3562; x_wconf 88' lang='lat' dir='ltr'><strong>opinionem</strong></span> <span class='ocrx_word' id='word_1_253' title='bbox 1212 3491 1350 3560; x_wconf 90' lang='lat' dir='ltr'><strong>apud</strong></span> <span class='ocrx_word' id='word_1_254' title='bbox 1380 3503 1573 3545; x_wconf 88' lang='lat' dir='ltr'><strong>omnes</strong></span> <span class='ocrx_word' id='word_1_255' title='bbox 1598 3488 1835 3557; x_wconf 79' lang='lat' dir='ltr'><strong>fecerat;</strong></span> <span class='ocrx_word' id='word_1_256' title='bbox 1869 3504 1933 3544; x_wconf 83' lang='lat' dir='ltr'><strong>ex</strong></span> <span class='ocrx_word' id='word_1_257' title='bbox 1970 3490 2227 3555; x_wconf 86' lang='lat' dir='ltr'><strong>secunda,</strong></span> <span class='ocrx_word' id='word_1_258' title='bbox 2261 3506 2366 3544; x_wconf 93' lang='lat' dir='ltr'><strong>non</strong></span> <span class='ocrx_word' id='word_1_259' title='bbox 2399 3492 2612 3545; x_wconf 85' lang='lat' dir='ltr'><strong>venisse</strong></span> <span class='ocrx_word' id='word_1_260' title='bbox 2643 3491 2708 3545; x_wconf 92' lang='lat' dir='ltr'><strong>ad</strong></span> <span class='ocrx_word' id='word_1_261' title='bbox 2742 3492 3033 3545; x_wconf 90' lang='lat' dir='ltr'><strong>concilium</strong></span> <span class='ocrx_word' id='word_1_262' title='bbox 3069 3491 3429 3562; x_wconf 85' lang='lat' dir='ltr'><strong>Ephesinum,</strong></span> 
     </span>
    </p>
   </div>
   <div class='ocr_carea' id='block_1_27' title="bbox 180 3580 3430 3653">
    <p class='ocr_par' dir='ltr' id='par_1_27' title="bbox 180 3580 3430 3653">
     <span class='ocr_line' id='line_1_27' title="bbox 180 3580 3430 3653; baseline 0.004 -25"><span class='ocrx_word' id='word_1_263' title='bbox 180 3588 378 3647; x_wconf 86' lang='lat' dir='ltr'><strong>propter</strong></span> <span class='ocrx_word' id='word_1_264' title='bbox 402 3582 700 3636; x_wconf 84' lang='lat' dir='ltr'><strong>adversam</strong></span> <span class='ocrx_word' id='word_1_265' title='bbox 736 3582 1142 3649; x_wconf 84' lang='lat' dir='ltr'><strong>valetudinem;</strong></span> <span class='ocrx_word' id='word_1_266' title='bbox 1165 3596 1229 3637; x_wconf 81' lang='lat' dir='ltr'><strong>ex</strong></span> <span class='ocrx_word' id='word_1_267' title='bbox 1262 3580 1446 3645; x_wconf 87' lang='lat' dir='ltr'><strong>tertia,</strong></span> <span class='ocrx_word' id='word_1_268' title='bbox 1481 3581 1831 3650; x_wconf 82' lang='lat' dir='ltr'><strong>pertinaciter</strong></span> <span class='ocrx_word' id='word_1_269' title='bbox 1857 3582 2149 3635; x_wconf 81' lang='lat' dir='ltr'><strong>adhaesisse</strong></span> <span class='ocrx_word' id='word_1_270' title='bbox 2177 3581 2460 3649; x_wconf 84' lang='lat' dir='ltr'><strong>Nestorio;</strong></span> <span class='ocrx_word' id='word_1_271' title='bbox 2496 3596 2672 3653; x_wconf 90' lang='lat' dir='ltr'><strong>neque</strong></span> <span class='ocrx_word' id='word_1_272' title='bbox 2707 3598 2942 3651; x_wconf 81' lang='lat' dir='ltr'><strong>unquam</strong></span> <span class='ocrx_word' id='word_1_273' title='bbox 2971 3585 3023 3638; x_wconf 92' lang='lat' dir='ltr'><strong>in</strong></span> <span class='ocrx_word' id='word_1_274' title='bbox 3058 3583 3173 3652; x_wconf 90' lang='lat' dir='ltr'><strong>ejus</strong></span> <span class='ocrx_word' id='word_1_275' title='bbox 3205 3589 3430 3640; x_wconf 84' lang='lat' dir='ltr'><strong>damna-</strong></span> 
     </span>
    </p>
   </div>
   <div class='ocr_carea' id='block_1_28' title="bbox 182 3668 2372 3745">
    <p class='ocr_par' dir='ltr' id='par_1_28' title="bbox 182 3668 2372 3745">
     <span class='ocr_line' id='line_1_28' title="bbox 182 3668 2372 3745; baseline 0.004 -25"><span class='ocrx_word' id='word_1_276' title='bbox 182 3668 356 3724; x_wconf 85' lang='lat' dir='ltr'><strong>tionem</strong></span> <span class='ocrx_word' id='word_1_277' title='bbox 392 3674 764 3741; x_wconf 86' lang='lat' dir='ltr'><strong>consensisse,</strong></span> <span class='ocrx_word' id='word_1_278' title='bbox 796 3676 958 3729; x_wconf 90' lang='lat' dir='ltr'><strong>etiam</strong></span> <span class='ocrx_word' id='word_1_279' title='bbox 989 3680 1219 3745; x_wconf 80' lang='lat' dir='ltr'><strong>cogente</strong></span> <span class='ocrx_word' id='word_1_280' title='bbox 1245 3688 1344 3744; x_wconf 87' lang='lat' dir='ltr'><strong>per</strong></span> <span class='ocrx_word' id='word_1_281' title='bbox 1368 3673 1702 3729; x_wconf 86' lang='lat' dir='ltr'><strong>Aristolaum</strong></span> <span class='ocrx_word' id='word_1_282' title='bbox 1730 3674 2005 3727; x_wconf 88' lang='lat' dir='ltr'><strong>tribunum</strong></span> <span class='ocrx_word' id='word_1_283' title='bbox 2041 3672 2372 3731; x_wconf 87' lang='lat' dir='ltr'><strong>Theodosio.</strong></span> 
     </span>
    </p>
   </div>
   <div class='ocr_carea' id='block_1_29' title="bbox 240 3763 3424 3840">
    <p class='ocr_par' dir='ltr' id='par_1_29' title="bbox 240 3763 3424 3840">
     <span class='ocr_line' id='line_1_29' title="bbox 240 3763 3424 3840; baseline 0.003 -21"><span class='ocrx_word' id='word_1_284' title='bbox 240 3763 422 3823; x_wconf 70' lang='lat' dir='ltr'><strong>Mirum</strong></span> <span class='ocrx_word' id='word_1_285' title='bbox 458 3785 618 3834; x_wconf 84' lang='lat' dir='ltr'><strong>sane,</strong></span> <span class='ocrx_word' id='word_1_286' title='bbox 655 3771 797 3839; x_wconf 90' lang='lat' dir='ltr'><strong>quod</strong></span> <span class='ocrx_word' id='word_1_287' title='bbox 832 3770 1021 3826; x_wconf 87' lang='lat' dir='ltr'><strong>scribit</strong></span> <span class='ocrx_word' id='word_1_288' title='bbox 1050 3769 1319 3826; x_wconf 89' lang='lat' dir='ltr'><strong>Baronius</strong></span> <span class='ocrx_word' id='word_1_289' title='bbox 1354 3768 1457 3840; x_wconf 82' lang='lat' dir='ltr'><strong>(Ad</strong></span> <span class='ocrx_word' id='word_1_290' title='bbox 1505 3788 1628 3824; x_wconf 78' lang='lat' dir='ltr'><strong>amt.</strong></span> <span class='ocrx_word' id='word_1_291' title='bbox 1662 3769 1787 3835; x_wconf 65' lang='grc'><strong>431,</strong></span> <span class='ocrx_word' id='word_1_292' title='bbox 1814 3785 1963 3823; x_wconf 90' lang='lat' dir='ltr'><strong>num.</strong></span> <span class='ocrx_word' id='word_1_293' title='bbox 1998 3769 2150 3840; x_wconf 75' lang='lat'><strong>183),</strong></span> <span class='ocrx_word' id='word_1_294' title='bbox 2184 3771 2475 3838; x_wconf 91' lang='lat' dir='ltr'><strong>impulsum</strong></span> <span class='ocrx_word' id='word_1_295' title='bbox 2507 3773 2678 3828; x_wconf 80' lang='lat' dir='ltr'><strong>fuisse</strong></span> <span class='ocrx_word' id='word_1_296' title='bbox 2697 3772 2969 3829; x_wconf 89' lang='lat' dir='ltr'><strong>Andream</strong></span> <span class='ocrx_word' id='word_1_297' title='bbox 3003 3790 3031 3828; x_wconf 91' lang='lat' dir='ltr'><strong>a</strong></span> <span class='ocrx_word' id='word_1_298' title='bbox 3063 3774 3275 3831; x_wconf 77' lang='lat' dir='ltr'><strong>Joanne</strong></span> <span class='ocrx_word' id='word_1_299' title='bbox 3306 3775 3424 3829; x_wconf 87' lang='lat' dir='ltr'><strong>An-</strong></span> 
     </span>
    </p>
   </div>
   <div class='ocr_carea' id='block_1_30' title="bbox 185 3858 3432 3934">
    <p class='ocr_par' dir='ltr' id='par_1_30' title="bbox 185 3858 3432 3934">
     <span class='ocr_line' id='line_1_30' title="bbox 185 3858 3432 3934; baseline 0.001 -19"><span class='ocrx_word' id='word_1_300' title='bbox 185 3858 434 3930; x_wconf 80' lang='lat' dir='ltr'><strong>tiocheno,</strong></span> <span class='ocrx_word' id='word_1_301' title='bbox 473 3871 599 3931; x_wconf 87' lang='lat' dir='ltr'><strong>post</strong></span> <span class='ocrx_word' id='word_1_302' title='bbox 622 3861 859 3917; x_wconf 88' lang='lat' dir='ltr'><strong>solutum</strong></span> <span class='ocrx_word' id='word_1_303' title='bbox 885 3861 1197 3931; x_wconf 89' lang='lat' dir='ltr'><strong>concilium,</strong></span> <span class='ocrx_word' id='word_1_304' title='bbox 1222 3862 1291 3917; x_wconf 92' lang='lat' dir='ltr'><strong>ad</strong></span> <span class='ocrx_word' id='word_1_305' title='bbox 1318 3861 1665 3917; x_wconf 89' lang='lat' dir='ltr'><strong>scribendum</strong></span> <span class='ocrx_word' id='word_1_306' title='bbox 1697 3870 1885 3916; x_wconf 85' lang='lat' dir='ltr'><strong>contra</strong></span> <span class='ocrx_word' id='word_1_307' title='bbox 1918 3860 1989 3931; x_wconf 86' lang='lat' dir='ltr'><strong>Cy</strong></span> <span class='ocrx_word' id='word_1_308' title='bbox 2006 3860 2107 3915; x_wconf 92' lang='lat' dir='ltr'><strong>rilli</strong></span> <span class='ocrx_word' id='word_1_309' title='bbox 2151 3862 2410 3931; x_wconf 85' lang='lat' dir='ltr'><strong>capitula,</strong></span> <span class='ocrx_word' id='word_1_310' title='bbox 2464 3864 2761 3934; x_wconf 89' lang='lat' dir='ltr'><strong>tulisscque</strong></span> <span class='ocrx_word' id='word_1_311' title='bbox 2811 3880 2931 3919; x_wconf 87' lang='lat' dir='ltr'><strong>eam</strong></span> <span class='ocrx_word' id='word_1_312' title='bbox 2998 3881 3095 3934; x_wconf 92' lang='lat' dir='ltr'><strong>pro</strong></span> <span class='ocrx_word' id='word_1_313' title='bbox 3149 3865 3432 3934; x_wconf 86' lang='lat' dir='ltr'><strong>impietate</strong></span> 
     </span>
    </p>
   </div>
   <div class='ocr_carea' id='block_1_31' title="bbox 186 3955 3417 4027">
    <p class='ocr_par' dir='ltr' id='par_1_31' title="bbox 186 3955 3417 4027">
     <span class='ocr_line' id='line_1_31' title="bbox 186 3955 3417 4027; baseline 0.001 -18"><span class='ocrx_word' id='word_1_314' title='bbox 186 3960 495 4020; x_wconf 89' lang='lat' dir='ltr'><strong>mercedem,</strong></span> <span class='ocrx_word' id='word_1_315' title='bbox 530 3965 587 4010; x_wconf 91' lang='lat' dir='ltr'><strong>ut</strong></span> <span class='ocrx_word' id='word_1_316' title='bbox 622 3971 689 4010; x_wconf 79' lang='lat' dir='ltr'><strong>es</strong></span> <span class='ocrx_word' id='word_1_317' title='bbox 719 3958 986 4012; x_wconf 89' lang='lat' dir='ltr'><strong>monacho</strong></span> <span class='ocrx_word' id='word_1_318' title='bbox 1008 3956 1608 4027; x_wconf 86' lang='lat' dir='ltr'><strong>Constantinopolitano</strong></span> <span class='ocrx_word' id='word_1_319' title='bbox 1638 3955 2024 4013; x_wconf 85' lang='lat' dir='ltr'><strong>Samosatenus</strong></span> <span class='ocrx_word' id='word_1_320' title='bbox 2053 3959 2339 4027; x_wconf 83' lang='lat' dir='ltr'><strong>episcOpus</strong></span> <span class='ocrx_word' id='word_1_321' title='bbox 2374 3958 2527 4012; x_wconf 81' lang='lat' dir='ltr'><strong>ﬁeret</strong></span> <span class='ocrx_word' id='word_1_322' title='bbox 2557 3975 2570 4012; x_wconf 88' lang='lat'><strong>:</strong></span> <span class='ocrx_word' id='word_1_323' title='bbox 2605 3972 2728 4011; x_wconf 88' lang='lat' dir='ltr'><strong>nam</strong></span> <span class='ocrx_word' id='word_1_324' title='bbox 2757 3958 2929 4026; x_wconf 89' lang='lat' dir='ltr'><strong>primo</strong></span> <span class='ocrx_word' id='word_1_325' title='bbox 2960 3957 3417 4027; x_wconf 81' lang='lat' dir='ltr'><strong>Constantinopo-</strong></span> 
     </span>
    </p>
   </div>
   <div class='ocr_carea' id='block_1_32' title="bbox 186 4045 3418 4122">
    <p class='ocr_par' dir='ltr' id='par_1_32' title="bbox 186 4045 3418 4122">
     <span class='ocr_line' id='line_1_32' title="bbox 186 4045 3418 4122; baseline 0.002 -22"><span class='ocrx_word' id='word_1_326' title='bbox 186 4045 361 4105; x_wconf 87' lang='lat' dir='ltr'><strong>litanus</strong></span> <span class='ocrx_word' id='word_1_327' title='bbox 393 4053 487 4107; x_wconf 87' lang='lat' dir='ltr'><strong>ille</strong></span> <span class='ocrx_word' id='word_1_328' title='bbox 515 4052 833 4119; x_wconf 86' lang='lat' dir='ltr'><strong>monachus,</strong></span> <span class='ocrx_word' id='word_1_329' title='bbox 863 4062 984 4122; x_wconf 91' lang='lat' dir='ltr'><strong>post</strong></span> <span class='ocrx_word' id='word_1_330' title='bbox 1016 4067 1200 4122; x_wconf 85' lang='lat' dir='ltr'><strong>pacem</strong></span> <span class='ocrx_word' id='word_1_331' title='bbox 1228 4051 1618 4119; x_wconf 85' lang='lat' dir='ltr'><strong>Ecclesiarum,</strong></span> <span class='ocrx_word' id='word_1_332' title='bbox 1651 4068 1774 4109; x_wconf 91' lang='lat' dir='ltr'><strong>cum</strong></span> <span class='ocrx_word' id='word_1_333' title='bbox 1807 4055 1873 4108; x_wconf 90' lang='lat' dir='ltr'><strong>ad</strong></span> <span class='ocrx_word' id='word_1_334' title='bbox 1897 4068 2017 4107; x_wconf 90' lang='lat' dir='ltr'><strong>eum</strong></span> <span class='ocrx_word' id='word_1_335' title='bbox 2042 4053 2303 4108; x_wconf 88' lang='lat' dir='ltr'><strong>scriberet</strong></span> <span class='ocrx_word' id='word_1_336' title='bbox 2327 4051 2721 4117; x_wconf 88' lang='lat' dir='ltr'><strong>Thcodoretus,</strong></span> <span class='ocrx_word' id='word_1_337' title='bbox 2750 4054 2928 4107; x_wconf 89' lang='lat' dir='ltr'><strong>adhuc</strong></span> <span class='ocrx_word' id='word_1_338' title='bbox 2958 4064 3075 4107; x_wconf 90' lang='lat' dir='ltr'><strong>erat</strong></span> <span class='ocrx_word' id='word_1_339' title='bbox 3102 4055 3418 4109; x_wconf 88' lang='lat' dir='ltr'><strong>monachus.</strong></span> 
     </span>
    </p>
   </div>
   <div class='ocr_carea' id='block_1_33' title="bbox 189 4141 3430 4215">
    <p class='ocr_par' dir='ltr' id='par_1_33' title="bbox 189 4141 3430 4215">
     <span class='ocr_line' id='line_1_33' title="bbox 189 4141 3430 4215; baseline 0.001 -22"><span class='ocrx_word' id='word_1_340' title='bbox 189 4141 364 4197; x_wconf 84' lang='lat' dir='ltr'><strong>Deinde</strong></span> <span class='ocrx_word' id='word_1_341' title='bbox 393 4144 690 4200; x_wconf 86' lang='lat' dir='ltr'><strong>Liberatus</strong></span> <span class='ocrx_word' id='word_1_342' title='bbox 723 4144 910 4209; x_wconf 88' lang='lat' dir='ltr'><strong>tradit,</strong></span> <span class='ocrx_word' id='word_1_343' title='bbox 942 4144 1125 4199; x_wconf 88' lang='lat' dir='ltr'><strong>statim</strong></span> <span class='ocrx_word' id='word_1_344' title='bbox 1154 4145 1390 4212; x_wconf 90' lang='lat' dir='ltr'><strong>acceptis</strong></span> <span class='ocrx_word' id='word_1_345' title='bbox 1418 4144 1604 4215; x_wconf 88' lang='lat' dir='ltr'><strong>Cyrilli</strong></span> <span class='ocrx_word' id='word_1_346' title='bbox 1633 4145 1849 4208; x_wconf 91' lang='lat' dir='ltr'><strong>litteris,</strong></span> <span class='ocrx_word' id='word_1_347' title='bbox 1887 4144 2197 4197; x_wconf 83' lang='lat' dir='ltr'><strong>Nestorium</strong></span> <span class='ocrx_word' id='word_1_348' title='bbox 2226 4158 2254 4196; x_wconf 89' lang='lat' dir='ltr'><strong>a</strong></span> <span class='ocrx_word' id='word_1_349' title='bbox 2285 4142 2495 4198; x_wconf 82' lang='lat' dir='ltr'><strong>Joanne</strong></span> <span class='ocrx_word' id='word_1_350' title='bbox 2524 4143 2766 4212; x_wconf 87' lang='lat' dir='ltr'><strong>petiisse,</strong></span> <span class='ocrx_word' id='word_1_351' title='bbox 2796 4153 2852 4196; x_wconf 94' lang='lat' dir='ltr'><strong>ut</strong></span> <span class='ocrx_word' id='word_1_352' title='bbox 2877 4158 2905 4195; x_wconf 90' lang='lat' dir='ltr'><strong>a</strong></span> <span class='ocrx_word' id='word_1_353' title='bbox 2939 4144 3051 4198; x_wconf 91' lang='lat' dir='ltr'><strong>suis</strong></span> <span class='ocrx_word' id='word_1_354' title='bbox 3086 4144 3237 4214; x_wconf 78' lang='lat' dir='ltr'><strong>argui</strong></span> <span class='ocrx_word' id='word_1_355' title='bbox 3278 4144 3430 4213; x_wconf 89' lang='lat' dir='ltr'><strong>capi-</strong></span> 
     </span>
    </p>
   </div>
   <div class='ocr_carea' id='block_1_34' title="bbox 188 4229 3433 4304">
    <p class='ocr_par' dir='ltr' id='par_1_34' title="bbox 188 4229 3433 4304">
     <span class='ocr_line' id='line_1_34' title="bbox 188 4229 3433 4304; baseline 0.002 -22"><span class='ocrx_word' id='word_1_356' title='bbox 188 4229 278 4284; x_wconf 86' lang='lat' dir='ltr'><strong>tula</strong></span> <span class='ocrx_word' id='word_1_357' title='bbox 303 4245 543 4296; x_wconf 88' lang='lat' dir='ltr'><strong>curaret,</strong></span> <span class='ocrx_word' id='word_1_358' title='bbox 569 4233 919 4304; x_wconf 91' lang='lat' dir='ltr'><strong>idipsumque</strong></span> <span class='ocrx_word' id='word_1_359' title='bbox 955 4233 1122 4289; x_wconf 81' lang='lat' dir='ltr'><strong>refert</strong></span> <span class='ocrx_word' id='word_1_360' title='bbox 1152 4248 1216 4289; x_wconf 78' lang='lat' dir='ltr'><strong>ex</strong></span> <span class='ocrx_word' id='word_1_361' title='bbox 1243 4233 1496 4290; x_wconf 85' lang='lat' dir='ltr'><strong>Liberata</strong></span> <span class='ocrx_word' id='word_1_362' title='bbox 1524 4235 1790 4290; x_wconf 87' lang='lat' dir='ltr'><strong>Baronius</strong></span> <span class='ocrx_word' id='word_1_363' title='bbox 1816 4236 1883 4289; x_wconf 91' lang='lat' dir='ltr'><strong>ad</strong></span> <span class='ocrx_word' id='word_1_364' title='bbox 1914 4250 2041 4298; x_wconf 89' lang='lat' dir='ltr'><strong>ann,</strong></span> <span class='ocrx_word' id='word_1_365' title='bbox 2072 4234 2199 4289; x_wconf 73' lang='grc'>450.</span> <span class='ocrx_word' id='word_1_366' title='bbox 2238 4234 2474 4303; x_wconf 87' lang='lat' dir='ltr'><strong>Denique</strong></span> <span class='ocrx_word' id='word_1_367' title='bbox 2502 4232 2877 4288; x_wconf 86' lang='lat' dir='ltr'><strong>Theodoretus</strong></span> <span class='ocrx_word' id='word_1_368' title='bbox 2902 4243 3029 4289; x_wconf 84' lang='lat' dir='ltr'><strong>ante</strong></span> <span class='ocrx_word' id='word_1_369' title='bbox 3056 4236 3343 4290; x_wconf 88' lang='lat' dir='ltr'><strong>concilium</strong></span> <span class='ocrx_word' id='word_1_370' title='bbox 3373 4254 3433 4291; x_wconf 85' lang='lat' dir='ltr'><strong>so</strong></span> 
     </span>
    </p>
   </div>
   <div class='ocr_carea' id='block_1_35' title="bbox 189 4328 3435 4404">
    <p class='ocr_par' dir='ltr' id='par_1_35' title="bbox 189 4328 3435 4404">
     <span class='ocr_line' id='line_1_35' title="bbox 189 4328 3435 4404; baseline 0 -22"><span class='ocrx_word' id='word_1_371' title='bbox 189 4330 457 4397; x_wconf 82' lang='lat' dir='ltr'><strong>scripsisse</strong></span> <span class='ocrx_word' id='word_1_372' title='bbox 493 4340 721 4386; x_wconf 87' lang='lat' dir='ltr'><strong>testatus</strong></span> <span class='ocrx_word' id='word_1_373' title='bbox 770 4338 885 4395; x_wconf 90' lang='lat' dir='ltr'><strong>est;</strong></span> <span class='ocrx_word' id='word_1_374' title='bbox 923 4340 977 4384; x_wconf 89' lang='lat' dir='ltr'><strong>et</strong></span> <span class='ocrx_word' id='word_1_375' title='bbox 1006 4331 1341 4385; x_wconf 77' lang='lat' dir='ltr'><strong>ostendimus</strong></span> <span class='ocrx_word' id='word_1_376' title='bbox 1373 4332 1585 4400; x_wconf 88' lang='lat' dir='ltr'><strong>utrique</strong></span> <span class='ocrx_word' id='word_1_377' title='bbox 1615 4348 1645 4387; x_wconf 89' lang='lat' dir='ltr'><strong>a</strong></span> <span class='ocrx_word' id='word_1_378' title='bbox 1680 4332 1885 4404; x_wconf 88' lang='lat' dir='ltr'><strong>Cyrillo</strong></span> <span class='ocrx_word' id='word_1_379' title='bbox 1917 4348 2229 4402; x_wconf 90' lang='lat' dir='ltr'><strong>responsum</strong></span> <span class='ocrx_word' id='word_1_380' title='bbox 2256 4340 2381 4386; x_wconf 89' lang='lat' dir='ltr'><strong>ante</strong></span> <span class='ocrx_word' id='word_1_381' title='bbox 2405 4333 2582 4400; x_wconf 87' lang='lat' dir='ltr'><strong>ipsum</strong></span> <span class='ocrx_word' id='word_1_382' title='bbox 2610 4346 2829 4400; x_wconf 90' lang='lat' dir='ltr'><strong>quoque</strong></span> <span class='ocrx_word' id='word_1_383' title='bbox 2860 4331 3172 4385; x_wconf 89' lang='lat' dir='ltr'><strong>concilium.</strong></span> <span class='ocrx_word' id='word_1_384' title='bbox 3199 4328 3435 4400; x_wconf 82' lang='lat' dir='ltr'><strong>Cyrillus</strong></span> 
     </span>
    </p>
   </div>
   <div class='ocr_carea' id='block_1_36' title="bbox 188 4421 3417 4495">
    <p class='ocr_par' dir='ltr' id='par_1_36' title="bbox 188 4421 3417 4495">
     <span class='ocr_line' id='line_1_36' title="bbox 188 4421 3417 4495; baseline 0.001 -23"><span class='ocrx_word' id='word_1_385' title='bbox 188 4432 313 4473; x_wconf 83' lang='lat' dir='ltr'><strong>certe</strong></span> <span class='ocrx_word' id='word_1_386' title='bbox 357 4422 693 4477; x_wconf 79' lang='lat' dir='ltr'><strong>l‘heodoreto</strong></span> <span class='ocrx_word' id='word_1_387' title='bbox 726 4421 1024 4490; x_wconf 90' lang='lat' dir='ltr'><strong>respondit,</strong></span> <span class='ocrx_word' id='word_1_388' title='bbox 1060 4422 1203 4477; x_wconf 86' lang='lat' dir='ltr'><strong>velut</strong></span> <span class='ocrx_word' id='word_1_389' title='bbox 1234 4424 1439 4477; x_wconf 91' lang='lat' dir='ltr'><strong>homini</strong></span> <span class='ocrx_word' id='word_1_390' title='bbox 1475 4424 1657 4495; x_wconf 87' lang='lat' dir='ltr'><strong>ignoto</strong></span> <span class='ocrx_word' id='word_1_391' title='bbox 1690 4444 1703 4479; x_wconf 90' lang='lat'><strong>:</strong></span> <span class='ocrx_word' id='word_1_392' title='bbox 1739 4428 1829 4493; x_wconf 86' lang='lat' dir='ltr'><strong>qui</strong></span> <span class='ocrx_word' id='word_1_393' title='bbox 1862 4440 1990 4479; x_wconf 87' lang='lat' dir='ltr'><strong>vero</strong></span> <span class='ocrx_word' id='word_1_394' title='bbox 2017 4426 2204 4480; x_wconf 79' lang='lat' dir='ltr'><strong>fuisset</strong></span> <span class='ocrx_word' id='word_1_395' title='bbox 2241 4434 2361 4495; x_wconf 89' lang='lat' dir='ltr'><strong>post</strong></span> <span class='ocrx_word' id='word_1_396' title='bbox 2394 4424 2703 4489; x_wconf 87' lang='lat' dir='ltr'><strong>concilium,</strong></span> <span class='ocrx_word' id='word_1_397' title='bbox 2741 4439 2862 4477; x_wconf 92' lang='lat' dir='ltr'><strong>cum</strong></span> <span class='ocrx_word' id='word_1_398' title='bbox 2898 4422 3280 4479; x_wconf 89' lang='lat' dir='ltr'><strong>Theodorctus</strong></span> <span class='ocrx_word' id='word_1_399' title='bbox 3306 4438 3417 4477; x_wconf 90' lang='lat' dir='ltr'><strong>rem</strong></span> 
     </span>
    </p>
   </div>
   <div class='ocr_carea' id='block_1_37' title="bbox 190 4513 3431 4585">
    <p class='ocr_par' dir='ltr' id='par_1_37' title="bbox 190 4513 3431 4585">
     <span class='ocr_line' id='line_1_37' title="bbox 190 4513 3431 4585; baseline 0.001 -21"><span class='ocrx_word' id='word_1_400' title='bbox 190 4513 676 4578; x_wconf 88' lang='lat' dir='ltr'><strong>schismaticorum,</strong></span> <span class='ocrx_word' id='word_1_401' title='bbox 716 4513 796 4568; x_wconf 89' lang='lat' dir='ltr'><strong>vel</strong></span> <span class='ocrx_word' id='word_1_402' title='bbox 828 4529 987 4579; x_wconf 90' lang='lat' dir='ltr'><strong>unus,</strong></span> <span class='ocrx_word' id='word_1_403' title='bbox 1021 4514 1100 4568; x_wconf 84' lang='lat' dir='ltr'><strong>vel</strong></span> <span class='ocrx_word' id='word_1_404' title='bbox 1133 4515 1275 4568; x_wconf 92' lang='lat' dir='ltr'><strong>inter</strong></span> <span class='ocrx_word' id='word_1_405' title='bbox 1301 4514 1503 4584; x_wconf 88' lang='lat' dir='ltr'><strong>primos</strong></span> <span class='ocrx_word' id='word_1_406' title='bbox 1528 4517 1896 4583; x_wconf 88' lang='lat' dir='ltr'><strong>promoverit?</strong></span> <span class='ocrx_word' id='word_1_407' title='bbox 1935 4517 2216 4571; x_wconf 84' lang='lat' dir='ltr'><strong>Postremo</strong></span> <span class='ocrx_word' id='word_1_408' title='bbox 2248 4516 2522 4571; x_wconf 84' lang='lat' dir='ltr'><strong>Andream</strong></span> <span class='ocrx_word' id='word_1_409' title='bbox 2550 4513 3051 4584; x_wconf 86' lang='lat' dir='ltr'><strong>Theodoretusjam</strong></span> <span class='ocrx_word' id='word_1_410' title='bbox 3084 4515 3431 4585; x_wconf 85' lang='lat' dir='ltr'><strong>episcopum,</strong></span> 
     </span>
    </p>
   </div>
   <div class='ocr_carea' id='block_1_38' title="bbox 190 4606 1979 4677">
    <p class='ocr_par' dir='ltr' id='par_1_38' title="bbox 190 4606 1979 4677">
     <span class='ocr_line' id='line_1_38' title="bbox 190 4606 1979 4677; baseline 0.004 -19"><span class='ocrx_word' id='word_1_411' title='bbox 190 4615 234 4659; x_wconf 87' lang='lat' dir='ltr'><strong>et</strong></span> <span class='ocrx_word' id='word_1_412' title='bbox 256 4609 464 4675; x_wconf 86' lang='lat' dir='ltr'><strong>quidem</strong></span> <span class='ocrx_word' id='word_1_413' title='bbox 494 4623 599 4663; x_wconf 90' lang='lat' dir='ltr'><strong>non</strong></span> <span class='ocrx_word' id='word_1_414' title='bbox 634 4608 709 4661; x_wconf 87' lang='lat' dir='ltr'><strong>ita</strong></span> <span class='ocrx_word' id='word_1_415' title='bbox 737 4608 945 4677; x_wconf 86' lang='lat' dir='ltr'><strong>pridem</strong></span> <span class='ocrx_word' id='word_1_416' title='bbox 978 4606 1203 4672; x_wconf 82' lang='lat' dir='ltr'><strong>factum,</strong></span> <span class='ocrx_word' id='word_1_417' title='bbox 1232 4607 1446 4676; x_wconf 86' lang='lat' dir='ltr'><strong>Epheso</strong></span> <span class='ocrx_word' id='word_1_418' title='bbox 1481 4608 1675 4664; x_wconf 88' lang='lat' dir='ltr'><strong>litteris</strong></span> <span class='ocrx_word' id='word_1_419' title='bbox 1702 4612 1979 4666; x_wconf 89' lang='lat' dir='ltr'><strong>convenit.</strong></span> 
     </span>
    </p>
   </div>
   <div class='ocr_carea' id='block_1_39' title="bbox 250 4698 3435 4773">
    <p class='ocr_par' dir='ltr' id='par_1_39' title="bbox 250 4698 3435 4773">
     <span class='ocr_line' id='line_1_39' title="bbox 250 4698 3435 4773; baseline 0.002 -22"><span class='ocrx_word' id='word_1_420' title='bbox 250 4698 520 4756; x_wconf 90' lang='lat' dir='ltr'><strong>Incertum</strong></span> <span class='ocrx_word' id='word_1_421' title='bbox 550 4716 834 4772; x_wconf 89' lang='lat' dir='ltr'><strong>quousque</strong></span> <span class='ocrx_word' id='word_1_422' title='bbox 858 4703 1022 4755; x_wconf 85' lang='lat' dir='ltr'><strong>vitam</strong></span> <span class='ocrx_word' id='word_1_423' title='bbox 1059 4703 1412 4769; x_wconf 79' lang='lat' dir='ltr'><strong>protraxerit,</strong></span> <span class='ocrx_word' id='word_1_424' title='bbox 1444 4718 1567 4757; x_wconf 90' lang='lat' dir='ltr'><strong>nam</strong></span> <span class='ocrx_word' id='word_1_425' title='bbox 1598 4705 1739 4773; x_wconf 90' lang='lat' dir='ltr'><strong>quod</strong></span> <span class='ocrx_word' id='word_1_426' title='bbox 1770 4704 1934 4758; x_wconf 85' lang='lat' dir='ltr'><strong>habet</strong></span> <span class='ocrx_word' id='word_1_427' title='bbox 1969 4704 2284 4759; x_wconf 80' lang='lat' dir='ltr'><strong>Theodorus</strong></span> <span class='ocrx_word' id='word_1_428' title='bbox 2310 4706 2480 4758; x_wconf 86' lang='lat' dir='ltr'><strong>lector</strong></span> <span class='ocrx_word' id='word_1_429' title='bbox 2515 4720 2527 4755; x_wconf 93' lang='lat'><strong>:</strong></span> <span class='ocrx_word' id='word_1_430' title='bbox 2558 4702 2823 4755; x_wconf 81' lang='lat' dir='ltr'><strong>Rabbulas</strong></span> <span class='ocrx_word' id='word_1_431' title='bbox 2847 4702 3140 4757; x_wconf 73' lang='lat' dir='ltr'><strong>Edessenus</strong></span> <span class='ocrx_word' id='word_1_432' title='bbox 3161 4704 3435 4772; x_wconf 83' lang='lat' dir='ltr'><strong>cpiscopus</strong></span> 
     </span>
    </p>
   </div>
   <div class='ocr_carea' id='block_1_40' title="bbox 193 4796 3429 4869">
    <p class='ocr_par' dir='ltr' id='par_1_40' title="bbox 193 4796 3429 4869">
     <span class='ocr_line' id='line_1_40' title="bbox 193 4796 3429 4869; baseline 0.002 -23"><span class='ocrx_word' id='word_1_433' title='bbox 193 4808 337 4852; x_wconf 67' lang='lat' dir='ltr'><strong>(ecus</strong></span> <span class='ocrx_word' id='word_1_434' title='bbox 365 4806 521 4861; x_wconf 81' lang='lat' dir='ltr'><strong>erat;</strong></span> <span class='ocrx_word' id='word_1_435' title='bbox 550 4796 791 4851; x_wconf 82' lang='lat' dir='ltr'><strong>Andreas</strong></span> <span class='ocrx_word' id='word_1_436' title='bbox 819 4813 936 4850; x_wconf 72' lang='lat' dir='ltr'><strong>vero</strong></span> <span class='ocrx_word' id='word_1_437' title='bbox 965 4797 1340 4852; x_wconf 80' lang='lat' dir='ltr'><strong>Samosatenus</strong></span> <span class='ocrx_word' id='word_1_438' title='bbox 1380 4801 1643 4852; x_wconf 81' lang='lat' dir='ltr'><strong>accusavit</strong></span> <span class='ocrx_word' id='word_1_439' title='bbox 1673 4816 1813 4863; x_wconf 85' lang='lat' dir='ltr'><strong>eum,</strong></span> <span class='ocrx_word' id='word_1_440' title='bbox 1840 4801 1990 4867; x_wconf 84' lang='lat' dir='ltr'><strong>quasi</strong></span> <span class='ocrx_word' id='word_1_441' title='bbox 2030 4808 2213 4852; x_wconf 85' lang='lat' dir='ltr'><strong>contra</strong></span> <span class='ocrx_word' id='word_1_442' title='bbox 2258 4800 2532 4852; x_wconf 80' lang='lat' dir='ltr'><strong>duodecim</strong></span> <span class='ocrx_word' id='word_1_443' title='bbox 2563 4799 2737 4865; x_wconf 86' lang='lat' dir='ltr'><strong>capita</strong></span> <span class='ocrx_word' id='word_1_444' title='bbox 2787 4797 3102 4851; x_wconf 81' lang='lat' dir='ltr'><strong>Theodoreti</strong></span> <span class='ocrx_word' id='word_1_445' title='bbox 3134 4800 3429 4869; x_wconf 78' lang='lat' dir='ltr'><strong>scripsisset</strong></span> 
     </span>
    </p>
   </div>
   <div class='ocr_carea' id='block_1_41' title="bbox 195 4885 3422 4960">
    <p class='ocr_par' dir='ltr' id='par_1_41' title="bbox 195 4885 3422 4960">
     <span class='ocr_line' id='line_1_41' title="bbox 195 4885 3422 4960; baseline 0.002 -21"><span class='ocrx_word' id='word_1_446' title='bbox 195 4885 323 4953; x_wconf 85' lang='lat' dir='ltr'><strong>(Lib.</strong></span> <span class='ocrx_word' id='word_1_447' title='bbox 351 4908 367 4945; x_wconf 84' lang='grc' dir='ltr'>ι</span> <span class='ocrx_word' id='word_1_448' title='bbox 399 4889 873 4956; x_wconf 83' lang='lat' dir='ltr'><strong>Collectaneorum,</strong></span> <span class='ocrx_word' id='word_1_449' title='bbox 915 4899 951 4942; x_wconf 91' lang='lat' dir='ltr'><strong>t.</strong></span> <span class='ocrx_word' id='word_1_450' title='bbox 984 4888 1025 4943; x_wconf 89' lang='lat' dir='ltr'><strong>ll</strong></span> <span class='ocrx_word' id='word_1_451' title='bbox 1054 4888 1391 4943; x_wconf 81' lang='lat' dir='ltr'><strong>Bibliotheca:</strong></span> <span class='ocrx_word' id='word_1_452' title='bbox 1445 4889 1667 4942; x_wconf 85' lang='lat' dir='ltr'><strong>Patrum</strong></span> <span class='ocrx_word' id='word_1_453' title='bbox 1693 4891 1734 4959; x_wconf 91' lang='lat'><strong>).</strong></span> <span class='ocrx_word' id='word_1_454' title='bbox 1763 4887 1908 4944; x_wconf 84' lang='lat' dir='ltr'><strong>Nihil</strong></span> <span class='ocrx_word' id='word_1_455' title='bbox 1956 4900 2132 4960; x_wconf 89' lang='lat' dir='ltr'><strong>potest</strong></span> <span class='ocrx_word' id='word_1_456' title='bbox 2160 4889 2226 4943; x_wconf 89' lang='lat' dir='ltr'><strong>ad</strong></span> <span class='ocrx_word' id='word_1_457' title='bbox 2257 4889 2662 4955; x_wconf 81' lang='lat' dir='ltr'><strong>clirouologiam</strong></span> <span class='ocrx_word' id='word_1_458' title='bbox 2688 4890 3016 4953; x_wconf 90' lang='lat' dir='ltr'><strong>conducere,</strong></span> <span class='ocrx_word' id='word_1_459' title='bbox 3044 4905 3164 4944; x_wconf 89' lang='lat' dir='ltr'><strong>cum</strong></span> <span class='ocrx_word' id='word_1_460' title='bbox 3191 4890 3324 4944; x_wconf 88' lang='lat' dir='ltr'><strong>nihil</strong></span> <span class='ocrx_word' id='word_1_461' title='bbox 3351 4893 3422 4947; x_wconf 86' lang='lat' dir='ltr'><strong>sit</strong></span> 
     </span>
    </p>
   </div>
   <div class='ocr_carea' id='block_1_42' title="bbox 194 4978 3427 5055">
    <p class='ocr_par' dir='ltr' id='par_1_42' title="bbox 194 4978 3427 5055">
     <span class='ocr_line' id='line_1_42' title="bbox 194 4978 3427 5055; baseline 0.002 -23"><span class='ocrx_word' id='word_1_462' title='bbox 194 4978 531 5039; x_wconf 85' lang='lat' dir='ltr'><strong>Collectaneis</strong></span> <span class='ocrx_word' id='word_1_463' title='bbox 566 4984 722 5053; x_wconf 83' lang='lat' dir='ltr'><strong>hujus</strong></span> <span class='ocrx_word' id='word_1_464' title='bbox 770 4985 869 5039; x_wconf 89' lang='lat' dir='ltr'><strong>viri</strong></span> <span class='ocrx_word' id='word_1_465' title='bbox 908 4986 1295 5055; x_wconf 84' lang='lat' dir='ltr'><strong>perturbatius.</strong></span> <span class='ocrx_word' id='word_1_466' title='bbox 1327 4983 1442 5039; x_wconf 72' lang='lat' dir='ltr'><strong>Non</strong></span> <span class='ocrx_word' id='word_1_467' title='bbox 1479 4985 1778 5054; x_wconf 79' lang='lat' dir='ltr'><strong>supervixit</strong></span> <span class='ocrx_word' id='word_1_468' title='bbox 1810 5001 1941 5040; x_wconf 91' lang='lat' dir='ltr'><strong>sane</strong></span> <span class='ocrx_word' id='word_1_469' title='bbox 1970 4988 2034 5039; x_wconf 92' lang='lat' dir='ltr'><strong>ad</strong></span> <span class='ocrx_word' id='word_1_470' title='bbox 2067 5000 2269 5039; x_wconf 89' lang='lat' dir='ltr'><strong>annum</strong></span> <span class='ocrx_word' id='word_1_471' title='bbox 2308 5000 2478 5053; x_wconf 86' lang='lat' dir='ltr'><strong>usque</strong></span> <span class='ocrx_word' id='word_1_472' title='bbox 2505 4985 2632 5049; x_wconf 68' lang='grc'><strong>451,</strong></span> <span class='ocrx_word' id='word_1_473' title='bbox 2666 5000 2772 5052; x_wconf 90' lang='lat' dir='ltr'><strong>quo</strong></span> <span class='ocrx_word' id='word_1_474' title='bbox 2804 4984 3098 5039; x_wconf 89' lang='lat' dir='ltr'><strong>concilium</strong></span> <span class='ocrx_word' id='word_1_475' title='bbox 3127 4985 3427 5040; x_wconf 58' lang='lat' dir='ltr'><strong>Chalcedoo</strong></span> 
     </span>
    </p>
   </div>
   <div class='ocr_carea' id='block_1_43' title="bbox 197 5074 3429 5145">
    <p class='ocr_par' dir='ltr' id='par_1_43' title="bbox 197 5074 3429 5145">
     <span class='ocr_line' id='line_1_43' title="bbox 197 5074 3429 5145; baseline 0.002 -23"><span class='ocrx_word' id='word_1_476' title='bbox 197 5088 339 5130; x_wconf 86' lang='lat' dir='ltr'><strong>nense</strong></span> <span class='ocrx_word' id='word_1_477' title='bbox 375 5076 617 5131; x_wconf 89' lang='lat' dir='ltr'><strong>habitum</strong></span> <span class='ocrx_word' id='word_1_478' title='bbox 648 5086 751 5131; x_wconf 92' lang='lat' dir='ltr'><strong>est.</strong></span> <span class='ocrx_word' id='word_1_479' title='bbox 786 5077 842 5130; x_wconf 86' lang='lat' dir='ltr'><strong>in</strong></span> <span class='ocrx_word' id='word_1_480' title='bbox 873 5092 937 5132; x_wconf 90' lang='lat' dir='ltr'><strong>co</strong></span> <span class='ocrx_word' id='word_1_481' title='bbox 974 5077 1120 5130; x_wconf 89' lang='lat' dir='ltr'><strong>enim</strong></span> <span class='ocrx_word' id='word_1_482' title='bbox 1158 5076 1353 5145; x_wconf 82' lang='lat' dir='ltr'><strong>legitur</strong></span> <span class='ocrx_word' id='word_1_483' title='bbox 1382 5091 1577 5130; x_wconf 91' lang='lat' dir='ltr'><strong>nomen</strong></span> <span class='ocrx_word' id='word_1_484' title='bbox 1614 5075 1794 5130; x_wconf 78' lang='lat' dir='ltr'><strong>Ruﬁni</strong></span> <span class='ocrx_word' id='word_1_485' title='bbox 1843 5077 2266 5135; x_wconf 83' lang='lat' dir='ltr'><strong>Samosatensis.</strong></span> <span class='ocrx_word' id='word_1_486' title='bbox 2295 5075 2409 5140; x_wconf 89' lang='lat' dir='ltr'><strong>qui,</strong></span> <span class='ocrx_word' id='word_1_487' title='bbox 2456 5090 2578 5128; x_wconf 88' lang='lat' dir='ltr'><strong>cum</strong></span> <span class='ocrx_word' id='word_1_488' title='bbox 2616 5074 2917 5128; x_wconf 89' lang='lat' dir='ltr'><strong>centesimo</strong></span> <span class='ocrx_word' id='word_1_489' title='bbox 2948 5075 3208 5143; x_wconf 85' lang='lat' dir='ltr'><strong>vigesimo</strong></span> <span class='ocrx_word' id='word_1_490' title='bbox 3250 5077 3429 5141; x_wconf 86' lang='lat' dir='ltr'><strong>primo</strong></span> 
     </span>
    </p>
   </div>
   <div class='ocr_carea' id='block_1_44' title="bbox 196 5164 3421 5241">
    <p class='ocr_par' dir='ltr' id='par_1_44' title="bbox 196 5164 3421 5241">
     <span class='ocr_line' id='line_1_44' title="bbox 196 5164 3421 5241; baseline 0.001 -24"><span class='ocrx_word' id='word_1_491' title='bbox 196 5164 293 5224; x_wconf 89' lang='lat' dir='ltr'><strong>loco</strong></span> <span class='ocrx_word' id='word_1_492' title='bbox 324 5174 653 5228; x_wconf 88' lang='lat' dir='ltr'><strong>sententiam</strong></span> <span class='ocrx_word' id='word_1_493' title='bbox 686 5172 903 5237; x_wconf 82' lang='lat' dir='ltr'><strong>dixerit,</strong></span> <span class='ocrx_word' id='word_1_494' title='bbox 935 5172 1074 5225; x_wconf 91' lang='lat' dir='ltr'><strong>inter</strong></span> <span class='ocrx_word' id='word_1_495' title='bbox 1099 5172 1279 5239; x_wconf 84' lang='lat' dir='ltr'><strong>plures</strong></span> <span class='ocrx_word' id='word_1_496' title='bbox 1316 5173 1586 5227; x_wconf 81' lang='lat' dir='ltr'><strong>sexcentis</strong></span> <span class='ocrx_word' id='word_1_497' title='bbox 1616 5171 1922 5241; x_wconf 87' lang='lat' dir='ltr'><strong>episcopos,</strong></span> <span class='ocrx_word' id='word_1_498' title='bbox 1958 5187 2060 5225; x_wconf 90' lang='lat' dir='ltr'><strong>non</strong></span> <span class='ocrx_word' id='word_1_499' title='bbox 2087 5173 2159 5225; x_wconf 86' lang='lat' dir='ltr'><strong>ita</strong></span> <span class='ocrx_word' id='word_1_500' title='bbox 2190 5170 2397 5240; x_wconf 88' lang='lat' dir='ltr'><strong>pridem</strong></span> <span class='ocrx_word' id='word_1_501' title='bbox 2429 5170 2612 5223; x_wconf 87' lang='lat' dir='ltr'><strong>debuit</strong></span> <span class='ocrx_word' id='word_1_502' title='bbox 2647 5169 3090 5222; x_wconf 82' lang='lat' dir='ltr'><strong>Samosatenscm</strong></span> <span class='ocrx_word' id='word_1_503' title='bbox 3118 5166 3421 5223; x_wconf 86' lang='lat' dir='ltr'><strong>Ecclesiam</strong></span> 
     </span>
    </p>
   </div>
   <div class='ocr_carea' id='block_1_45' title="bbox 200 5260 3427 5333">
    <p class='ocr_par' dir='ltr' id='par_1_45' title="bbox 200 5260 3427 5333">
     <span class='ocr_line' id='line_1_45' title="bbox 200 5260 3427 5333; baseline -0.001 -16"><span class='ocrx_word' id='word_1_504' title='bbox 200 5275 385 5331; x_wconf 67' lang='lat' dir='ltr'><strong>regere,</strong></span> <span class='ocrx_word' id='word_1_505' title='bbox 418 5264 859 5333; x_wconf 87' lang='lat' dir='ltr'><strong>quandoquidem</strong></span> <span class='ocrx_word' id='word_1_506' title='bbox 888 5264 1143 5318; x_wconf 88' lang='lat' dir='ltr'><strong>credibile</strong></span> <span class='ocrx_word' id='word_1_507' title='bbox 1170 5274 1254 5321; x_wconf 93' lang='lat' dir='ltr'><strong>est</strong></span> <span class='ocrx_word' id='word_1_508' title='bbox 1289 5278 1385 5333; x_wconf 86' lang='lat' dir='ltr'><strong>pro</strong></span> <span class='ocrx_word' id='word_1_509' title='bbox 1420 5264 1627 5317; x_wconf 89' lang='lat' dir='ltr'><strong>ratione</strong></span> <span class='ocrx_word' id='word_1_510' title='bbox 1668 5262 2029 5317; x_wconf 86' lang='lat' dir='ltr'><strong>ordinationis</strong></span> <span class='ocrx_word' id='word_1_511' title='bbox 2068 5262 2364 5317; x_wconf 88' lang='lat' dir='ltr'><strong>recensitos</strong></span> <span class='ocrx_word' id='word_1_512' title='bbox 2392 5275 2513 5316; x_wconf 89' lang='lat' dir='ltr'><strong>esse</strong></span> <span class='ocrx_word' id='word_1_513' title='bbox 2549 5260 2757 5313; x_wconf 78' lang='lat' dir='ltr'><strong>Patres.</strong></span> <span class='ocrx_word' id='word_1_514' title='bbox 2800 5260 2980 5324; x_wconf 80' lang='lat' dir='ltr'><strong>Quare</strong></span> <span class='ocrx_word' id='word_1_515' title='bbox 3020 5262 3107 5313; x_wconf 72' lang='lat' dir='ltr'><strong>vix</strong></span> <span class='ocrx_word' id='word_1_516' title='bbox 3150 5262 3427 5315; x_wconf 85' lang='lat' dir='ltr'><strong>Andream</strong></span> 
     </span>
    </p>
   </div>
   <div class='ocr_carea' id='block_1_46' title="bbox 199 5359 1421 5429">
    <p class='ocr_par' dir='ltr' id='par_1_46' title="bbox 199 5359 1421 5429">
     <span class='ocr_line' id='line_1_46' title="bbox 199 5359 1421 5429; baseline 0.007 -23"><span class='ocrx_word' id='word_1_517' title='bbox 199 5369 300 5410; x_wconf 82' lang='lat' dir='ltr'><strong>reor</strong></span> <span class='ocrx_word' id='word_1_518' title='bbox 324 5364 566 5428; x_wconf 85' lang='lat' dir='ltr'><strong>adusque</strong></span> <span class='ocrx_word' id='word_1_519' title='bbox 594 5375 726 5414; x_wconf 89' lang='lat' dir='ltr'><strong>ann.</strong></span> <span class='ocrx_word' id='word_1_520' title='bbox 754 5359 859 5413; x_wconf 71' lang='grc'><strong>440</strong></span> <span class='ocrx_word' id='word_1_521' title='bbox 892 5361 1052 5413; x_wconf 90' lang='lat' dir='ltr'><strong>vitam</strong></span> <span class='ocrx_word' id='word_1_522' title='bbox 1082 5360 1421 5429; x_wconf 76' lang='lat' dir='ltr'><strong>produxisse.</strong></span> 
     </span>
    </p>
   </div>
   <div class='ocr_carea' id='block_1_47' title="bbox 254 5447 3425 5522">
    <p class='ocr_par' dir='ltr' id='par_1_47' title="bbox 254 5447 3425 5522">
     <span class='ocr_line' id='line_1_47' title="bbox 254 5447 3425 5522; baseline -0.002 -17"><span class='ocrx_word' id='word_1_523' title='bbox 254 5452 527 5507; x_wconf 73' lang='lat' dir='ltr'><strong>Methodus</strong></span> <span class='ocrx_word' id='word_1_524' title='bbox 560 5467 724 5522; x_wconf 90' lang='lat' dir='ltr'><strong>porro</strong></span> <span class='ocrx_word' id='word_1_525' title='bbox 760 5466 920 5521; x_wconf 89' lang='lat' dir='ltr'><strong>quam</strong></span> <span class='ocrx_word' id='word_1_526' title='bbox 955 5452 1003 5505; x_wconf 92' lang='lat' dir='ltr'><strong>in</strong></span> <span class='ocrx_word' id='word_1_527' title='bbox 1040 5452 1204 5507; x_wconf 90' lang='lat' dir='ltr'><strong>hocce</strong></span> <span class='ocrx_word' id='word_1_528' title='bbox 1231 5468 1393 5521; x_wconf 86' lang='lat' dir='ltr'><strong>opere</strong></span> <span class='ocrx_word' id='word_1_529' title='bbox 1426 5460 1609 5507; x_wconf 89' lang='lat' dir='ltr'><strong>servat</strong></span> <span class='ocrx_word' id='word_1_530' title='bbox 1634 5453 1735 5508; x_wconf 88' lang='lat' dir='ltr'><strong>ista</strong></span> <span class='ocrx_word' id='word_1_531' title='bbox 1767 5453 1882 5509; x_wconf 81' lang='lat' dir='ltr'><strong>fere</strong></span> <span class='ocrx_word' id='word_1_532' title='bbox 1913 5463 2014 5507; x_wconf 86' lang='lat' dir='ltr'><strong>est.</strong></span> <span class='ocrx_word' id='word_1_533' title='bbox 2049 5450 2306 5521; x_wconf 89' lang='lat' dir='ltr'><strong>Cyrillum</strong></span> <span class='ocrx_word' id='word_1_534' title='bbox 2340 5450 2517 5519; x_wconf 79' lang='lat' dir='ltr'><strong>arguit</strong></span> <span class='ocrx_word' id='word_1_535' title='bbox 2548 5464 2659 5501; x_wconf 90' lang='lat' dir='ltr'><strong>non</strong></span> <span class='ocrx_word' id='word_1_536' title='bbox 2692 5458 2797 5501; x_wconf 90' lang='lat' dir='ltr'><strong>tam</strong></span> <span class='ocrx_word' id='word_1_537' title='bbox 2833 5447 3039 5502; x_wconf 90' lang='lat' dir='ltr'><strong>erroris</strong></span> <span class='ocrx_word' id='word_1_538' title='bbox 3082 5462 3241 5515; x_wconf 83' lang='lat' dir='ltr'><strong>quant</strong></span> <span class='ocrx_word' id='word_1_539' title='bbox 3284 5452 3425 5515; x_wconf 86' lang='lat' dir='ltr'><strong>quod</strong></span> 
     </span>
    </p>
   </div>
   <div class='ocr_carea' id='block_1_48' title="bbox 200 5542 3425 5617">
    <p class='ocr_par' dir='ltr' id='par_1_48' title="bbox 200 5542 3425 5617">
     <span class='ocr_line' id='line_1_48' title="bbox 200 5542 3425 5617; baseline -0.001 -19"><span class='ocrx_word' id='word_1_540' title='bbox 200 5549 466 5613; x_wconf 59' lang='lat' dir='ltr'><strong>[signantia</strong></span> <span class='ocrx_word' id='word_1_541' title='bbox 490 5548 563 5601; x_wconf 89' lang='lat' dir='ltr'><strong>sit</strong></span> <span class='ocrx_word' id='word_1_542' title='bbox 587 5547 835 5611; x_wconf 89' lang='lat' dir='ltr'><strong>locutus;</strong></span> <span class='ocrx_word' id='word_1_543' title='bbox 866 5547 1007 5615; x_wconf 92' lang='lat' dir='ltr'><strong>quod</strong></span> <span class='ocrx_word' id='word_1_544' title='bbox 1032 5548 1252 5602; x_wconf 89' lang='lat' dir='ltr'><strong>vocibus</strong></span> <span class='ocrx_word' id='word_1_545' title='bbox 1281 5548 1599 5604; x_wconf 89' lang='lat' dir='ltr'><strong>inconsultis</strong></span> <span class='ocrx_word' id='word_1_546' title='bbox 1630 5562 1683 5603; x_wconf 91' lang='lat' dir='ltr'><strong>et</strong></span> <span class='ocrx_word' id='word_1_547' title='bbox 1708 5548 1978 5617; x_wconf 77' lang='lat' dir='ltr'><strong>ambiguis</strong></span> <span class='ocrx_word' id='word_1_548' title='bbox 2007 5557 2221 5612; x_wconf 87' lang='lat' dir='ltr'><strong>utatur;</strong></span> <span class='ocrx_word' id='word_1_549' title='bbox 2250 5556 2304 5601; x_wconf 87' lang='lat' dir='ltr'><strong>et</strong></span> <span class='ocrx_word' id='word_1_550' title='bbox 2341 5554 2486 5613; x_wconf 78' lang='lat' dir='ltr'><strong>quoa</strong></span> <span class='ocrx_word' id='word_1_551' title='bbox 2515 5545 2748 5609; x_wconf 80' lang='lat' dir='ltr'><strong>maligne</strong></span> <span class='ocrx_word' id='word_1_552' title='bbox 2790 5543 2931 5597; x_wconf 76' lang='lat' dir='ltr'><strong>forte</strong></span> <span class='ocrx_word' id='word_1_553' title='bbox 2972 5543 3171 5612; x_wconf 86' lang='lat' dir='ltr'><strong>aliquid</strong></span> <span class='ocrx_word' id='word_1_554' title='bbox 3208 5542 3425 5598; x_wconf 86' lang='lat' dir='ltr'><strong>latentis</strong></span> 
     </span>
    </p>
   </div>
   <div class='ocr_carea' id='block_1_49' title="bbox 201 5639 741 5696">
    <p class='ocr_par' dir='ltr' id='par_1_49' title="bbox 201 5639 741 5696">
     <span class='ocr_line' id='line_1_49' title="bbox 201 5639 741 5696; baseline 0.011 -9"><span class='ocrx_word' id='word_1_555' title='bbox 201 5643 376 5696; x_wconf 79' lang='lat' dir='ltr'><strong>erroris</strong></span> <span class='ocrx_word' id='word_1_556' title='bbox 404 5639 741 5695; x_wconf 85' lang='lat' dir='ltr'><strong>dissimulet.</strong></span> 
     </span>
    </p>
   </div>
   <div class='ocr_carea' id='block_1_50' title="bbox 256 5726 3417 5805">
    <p class='ocr_par' dir='ltr' id='par_1_50' title="bbox 256 5726 3417 5805">
     <span class='ocr_line' id='line_1_50' title="bbox 256 5726 3417 5805; baseline -0.003 -17"><span class='ocrx_word' id='word_1_557' title='bbox 256 5734 324 5789; x_wconf 77' lang='lat' dir='ltr'><strong>Ex</strong></span> <span class='ocrx_word' id='word_1_558' title='bbox 349 5739 555 5792; x_wconf 88' lang='lat' dir='ltr'><strong>duobus</strong></span> <span class='ocrx_word' id='word_1_559' title='bbox 604 5745 783 5788; x_wconf 81' lang='lat' dir='ltr'><strong>autem</strong></span> <span class='ocrx_word' id='word_1_560' title='bbox 833 5736 1093 5789; x_wconf 75' lang='lat' dir='ltr'><strong>duntaxat</strong></span> <span class='ocrx_word' id='word_1_561' title='bbox 1128 5734 1386 5805; x_wconf 84' lang='lat' dir='ltr'><strong>aperibus</strong></span> <span class='ocrx_word' id='word_1_562' title='bbox 1417 5735 1599 5804; x_wconf 87' lang='lat' dir='ltr'><strong>Cyrilli</strong></span> <span class='ocrx_word' id='word_1_563' title='bbox 1639 5735 1907 5803; x_wconf 87' lang='lat' dir='ltr'><strong>depromit</strong></span> <span class='ocrx_word' id='word_1_564' title='bbox 1937 5732 2078 5798; x_wconf 89' lang='lat' dir='ltr'><strong>ioca,</strong></span> <span class='ocrx_word' id='word_1_565' title='bbox 2110 5747 2228 5801; x_wconf 83' lang='lat' dir='ltr'><strong>quae</strong></span> <span class='ocrx_word' id='word_1_566' title='bbox 2277 5729 2745 5784; x_wconf 85' lang='lat' dir='ltr'><strong>anathematismis</strong></span> <span class='ocrx_word' id='word_1_567' title='bbox 2778 5736 3033 5797; x_wconf 82' lang='lat' dir='ltr'><strong>opponat,</strong></span> <span class='ocrx_word' id='word_1_568' title='bbox 3075 5742 3138 5782; x_wconf 80' lang='lat' dir='ltr'><strong>ex</strong></span> <span class='ocrx_word' id='word_1_569' title='bbox 3191 5726 3417 5797; x_wconf 78' lang='lat' dir='ltr'><strong>cpistola</strong></span> 
     </span>
    </p>
   </div>
   <div class='ocr_carea' id='block_1_51' title="bbox 206 5819 3422 5899">
    <p class='ocr_par' dir='ltr' id='par_1_51' title="bbox 206 5819 3422 5899">
     <span class='ocr_line' id='line_1_51' title="bbox 206 5819 3422 5899; baseline -0.002 -21"><span class='ocrx_word' id='word_1_570' title='bbox 206 5839 374 5899; x_wconf 84' lang='lat' dir='ltr'><strong>netnpe</strong></span> <span class='ocrx_word' id='word_1_571' title='bbox 400 5830 465 5886; x_wconf 89' lang='lat' dir='ltr'><strong>ad</strong></span> <span class='ocrx_word' id='word_1_572' title='bbox 499 5827 721 5899; x_wconf 63' lang='lat' dir='ltr'><strong>Egypti</strong></span> <span class='ocrx_word' id='word_1_573' title='bbox 752 5827 1070 5893; x_wconf 86' lang='lat' dir='ltr'><strong>monachos,</strong></span> <span class='ocrx_word' id='word_1_574' title='bbox 1102 5836 1156 5882; x_wconf 92' lang='lat' dir='ltr'><strong>et</strong></span> <span class='ocrx_word' id='word_1_575' title='bbox 1188 5828 1404 5885; x_wconf 86' lang='lat' dir='ltr'><strong>homilia</strong></span> <span class='ocrx_word' id='word_1_576' title='bbox 1438 5828 1675 5897; x_wconf 84' lang='lat' dir='ltr'><strong>paschali</strong></span> <span class='ocrx_word' id='word_1_577' title='bbox 1712 5828 1797 5897; x_wconf 79' lang='grc' dir='ltr'><strong>Π,</strong></span> <span class='ocrx_word' id='word_1_578' title='bbox 1830 5828 2084 5894; x_wconf 89' lang='lat' dir='ltr'><strong>illamque</strong></span> <span class='ocrx_word' id='word_1_579' title='bbox 2115 5823 2274 5895; x_wconf 88' lang='lat' dir='ltr'><strong>primi</strong></span> <span class='ocrx_word' id='word_1_580' title='bbox 2300 5823 2431 5878; x_wconf 89' lang='lat' dir='ltr'><strong>tomi</strong></span> <span class='ocrx_word' id='word_1_581' title='bbox 2464 5822 2702 5886; x_wconf 88' lang='lat' dir='ltr'><strong>nomine,</strong></span> <span class='ocrx_word' id='word_1_582' title='bbox 2731 5823 2892 5877; x_wconf 86' lang='lat' dir='ltr'><strong>istam</strong></span> <span class='ocrx_word' id='word_1_583' title='bbox 2922 5821 3144 5877; x_wconf 89' lang='lat' dir='ltr'><strong>secundi</strong></span> <span class='ocrx_word' id='word_1_584' title='bbox 3175 5819 3422 5891; x_wconf 84' lang='lat' dir='ltr'><strong>appellat.</strong></span> 
     </span>
    </p>
   </div>
  </div>
