4104 6504
686 436 792 495 315
1679 440 1737 496 S.
1778 439 2055 497 CYRILLI
2098 436 2563 494 ALEXANDRINI
2604 435 2926 492 ARCHIEP.
3844 429 3956 487 516

686 555 818 610 Nam
852 558 951 612 ista
987 558 1094 615 duo
1124 558 1349 616 fuerunt
1376 560 1546 631 aperti
1575 576 1695 616 cum
1722 559 1978 616 Nestorio
2001 561 2210 616 dissidii
2250 562 2424 631 prima
2459 558 2604 614 velut
2645 558 2867 622 indicia,
2906 564 2960 610 et
2994 557 3149 626 quasi
3182 554 3304 611 belli
3336 556 3589 620 classica,
3630 553 3859 608 fuerunt
3901 562 3956 605 et

682 651 879 718 ubique
907 654 1146 722 gentium
1173 654 1481 716 notissima,
1505 670 1625 707 cum
1658 663 1879 723 propter
1908 653 2143 708 humilia!
2164 653 2632 715 communitatem,
2659 660 2770 704 tum
2805 648 3040 703 maxime
3066 648 3139 701 ob
3195 647 3441 715 epistola:
3467 645 3663 701 factam
3688 646 3757 699 de
3792 642 3959 698 indu-

680 746 814 797 stria
847 761 941 813 per
970 747 1153 814 urbes,
1183 758 1237 802 et
1268 747 1730 816 Constantinopoli
1772 748 2026 811 maxime,
2068 749 2153 802 cui
2191 746 2437 801 Andreas
2470 744 2763 809 scribebat,
2801 742 3332 800 disseminationent.

750 838 1156 896 Observandum
1192 844 1293 896 sub
1338 844 1521 907 linem,
1554 844 1845 896 admodum
1893 858 2061 911 pauca
2099 844 2166 895 ab
2200 844 2417 897 Andrea
2463 840 2634 895 asseri
2671 854 2789 908 quae
2832 838 3031 891 bonum
3079 851 3298 890 sensum
3338 834 3481 889 ferre
3525 850 3631 888 non
3683 832 3905 901 possint
3940 848 3951 882 :

678 944 849 996 quare
884 946 987 986 non
1022 936 1094 986 ita
1117 936 1425 1001 discrepare
1446 934 1618 1003 ipsum
1647 948 1674 985 a
1708 932 1929 1003 Cyrillo,
1968 934 2097 1003 quin
2126 933 2304 997 facile,
2331 933 2376 987 si
2410 930 2774 987 contentionis
2793 927 3032 983 studium
3052 927 3210 991 absit,
3234 926 3515 980 conciliari
3541 933 3706 994 queat
3730 942 3743 978 :
3774 923 3953 977 asseri

678 1020 823 1084 dico,
848 1022 969 1088 quia
1001 1024 1329 1077 sententiam
1359 1024 1714 1080 Orientalium
1733 1024 2122 1080 velutNestorii
2157 1025 2374 1079 nomine
2392 1020 2866 1077 auatbematismis
2894 1019 3186 1088 appetitam
3209 1018 3438 1072 subinde
3465 1017 3711 1084 exponit,
3740 1019 3800 1067 ut
3834 1014 3955 1067 haec

679 1109 1020 1165 elucubratio
1050 1129 1154 1166 non
1197 1125 1305 1167 tam
1345 1115 1684 1183 impugnatio
1712 1115 1946 1168 hominis
1979 1116 2206 1183 alicujus
2235 1116 2407 1170 videri
2440 1115 2631 1185 possit,
2664 1128 2827 1182 quam
2861 1111 2943 1166 vel
2969 1110 3214 1165 defensio
3240 1108 3619 1178 iudiciumque
3648 1104 3954 1163 Orientalis

677 1205 889 1272 synodi,
931 1201 1316 1263 vel’sententia
1348 1211 1415 1264 de
1450 1210 1943 1273 anatliematisniis,
1976 1219 2235 1281 tanquam
2263 1211 2366 1266 sibi
2397 1209 2921 1265 contradicentibus.

746 1300 925 1368 Atque
952 1302 1065 1355 inec
1100 1319 1257 1357 causa
1291 1303 1392 1357 fuit
1422 1322 1520 1359 cur
1555 1304 1814 1375 Cyrillus,
1848 1305 1950 1357 etsi
1987 1305 2255 1361 interdum
2283 1306 2570 1370 irascatur,
2596 1313 2819 1374 propter
2848 1300 3320 1370 importunitatem
3350 1299 3812 1363 obtrectatorum,
3847 1297 3951 1350 mi-

678 1393 783 1445 tius
811 1405 989 1448 tamen
1020 1396 1387 1452 cum‘Andrea
1419 1414 1580 1468 quam
1608 1412 1731 1449 cum
1760 1395 2109 1451 Tlteodoreto
2144 1407 2311 1469 agat;
2336 1398 2389 1451 in
2415 1397 2509 1451 illo
2542 1396 2686 1451 enim
2722 1395 3058 1465 provinciam
3099 1408 3264 1445 unam
3299 1399 3494 1455 totam,
3526 1390 3578 1443 in
3616 1389 3718 1444 isto
3751 1388 3949 1457 singua

674 1487 840 1541 larem
877 1504 1185 1559 personam,
1216 1502 1271 1547 et
1300 1508 1421 1547 eam
1457 1492 1675 1562 quidem
1705 1489 1808 1544 sibi
1846 1489 2082 1560 ignotam
2116 1492 2402 1563 spectavit.

1379 1891 1726 2025 ΤΟΥ
1802 1889 2326 2023 ΑΓΙΟΥ
2388 1886 3259 2023 ΚΥΡΙΛΛΟΥ

1702 2160 2267 2215 ΑΡΧΙΕΠΙΣΚΟΠΟΥ
2314 2159 2791 2216 ΔΛΕΞΑΝΔΡΕΙΔ

887 2340 1772 2434 ΑΠΟΛΟΓΗΤΙΚΟΣ
1844 2347 2145 2433 ΥΠΕΡ
2217 2347 2447 2433 ΤΩΝ
2526 2344 2980 2433 ΔΩΔΕΚΑ
3058 2344 3713 2432 ΚΕΦΑΛΑΙΩΝ

1523 2552 1713 2606 ΠΡΟΣ
1753 2550 1936 2606 ΊῸΥΣ
1979 2552 2120 2604 ΤΗΣ
2154 2547 2538 2605 ΑΝΑΤΟΛΗΣ
2567 2551 3062 2606 ΕΠΙΣΚΟΠΟΥΣ.

1504 2885 2193 3048 SANCTI
2292 2890 3075 3047 CYRILLI

1765 3186 2238 3243 ALEXANDRLE
2278 3184 2806 3243 ARCHIEPISCOPI

964 3379 1875 3478 APOLOGETICUS
1954 3388 2187 3481 PRO
2265 3388 2893 3479 DUODECIM
2973 3386 3604 3477 CAPITIBUS

1580 3579 1979 3641 ADVERSUS
2035 3581 2517 3643 ORIENTALES
2569 3580 2988 3641 EPISCOPOS.

723 3903 825 3972 Qui
859 3919 1009 3960 suam
1056 3916 1289 3962 mentem
1330 3910 1674 3965 sanctissimo
1708 3913 1817 3967 Deo
1858 3916 2135 3982 dicarunt,
2177 3930 2227 3973 et
2261 3924 2304 3979 A

2407 3920 2467 3970 Οἱ
2500 3916 2577 3987 τῷ
2611 3916 2859 3985 παναγίῳ
2906 3912 3025 3985 Θεῷ
3068 3914 3165 3985 τὴν
3206 3914 3411 3967 ἑαυτῶν
3448 3914 3690 3968 διάνοιαν
3743 3933 3924 3987 παρα-

652 3995 899 4052 veritatis
929 3996 1275 4067 dOgmatibus
1300 4000 1625 4067 patrocinari
1666 4002 2001 4071 delegerunt,
2037 4020 2230 4061 cavent

2339 4014 2653 4081 στήσαντες,
2687 4009 2779 4060 καὶ
2806 4009 2917 4069 τοῖς
2953 4008 3047 4075 τῆς
3083 4007 3340 4077 ἀληθείας
3374 4008 3605 4075 δόγμασι
3641 4011 3925 4061 συνειπεῖν

654 4087 878 4158 profana
914 4089 1338 4159 irreligiosorum
1378 4093 1751 4149 haereticorum
1793 4097 2100 4167 vaniloquia
2127 4117 2139 4162 ;
2166 4117 2230 4155 ac

2338 4101 2600 4170 ᾑρημένοι
2622 4144 2634 4163 ,
2681 4097 3071 4167 παραιτοῦνται
3109 4098 3207 4166 μὲν
3242 4098 3337 4160 τὰς
3383 4097 3646 4167 βεϐήλους
3681 4116 3927 4165 κενοφω-

656 4184 881 4250 ligentes
917 4182 1188 4236 internum
1222 4192 1275 4238 et
1309 4184 1683 4239 absconditum
1713 4190 1893 4242 cordis
1930 4192 2142 4245 oculum
2176 4194 2226 4246 in

2338 4192 2452 4250 νίας
2480 4198 2503 4224 ι
2529 4188 2634 4241 τῶν
2657 4189 2883 4240 ἀνοσίων
2907 4186 3220 4257 αἰρετικῶν,
3249 4188 3559 4257 ἐρείσαντες
3585 4187 3643 4240 δὲ
3672 4189 3767 4241 τὸν
3795 4190 3924 4250 ἔσω,

655 4274 994 4342 Scripturam
1024 4276 1285 4332 divinitus
1323 4278 1662 4346 inspiratam,
1690 4281 1878 4351 sicque
1909 4284 2060 4336 bouis
2089 4286 2228 4353 cogi-

2338 4281 2425 4331 κα“ι
2455 4277 2979 4347 κατακεκρυμμένον
3018 4275 3294 4344 ὀφθαλμὸν
3332 4277 3429 4346 τῆς
3450 4276 3679 4347 καρδίας
3707 4281 3775 4347 τῇ
3810 4277 3924 4329 θεο-

656 4364 948 4418 tatiunibus
968 4380 1091 4418 eum
1124 4362 1327 4418 aliatint
1354 4367 1649 4435 eXplentes,
1691 4370 1755 4422 iis
1786 4371 1875 4439 qui
1913 4383 2056 4425 recta
2102 4388 2225 4441 per-

2337 4372 2585 4439 πνεύστῳ
2614 4371 2824 4441 Γραφῇ,
2850 4369 2991 4421 οὕτω
3023 4384 3082 4419 τε
3112 4369 3275 4420 αὑτὸν
3306 4369 3578 4431 πλουσίως
3604 4372 3925 4440 ἁναμεστώ-

654 4465 891 4518 vertunt,
918 4457 1265 4510 obluctantur
1295 4473 1551 4527 perquam
1585 4472 1831 4527 strenue,
1859 4465 2016 4531 quasi
2048 4465 2229 4520 «licen-

2338 4480 2526 4525 σαντες
2569 4461 2785 4513 ἐννοιῶν
2816 4460 3058 4527 ἀγαθῶν,
3102 4461 3213 4522 τοῖς
3241 4460 3308 4511 τὰ
3337 4459 3474 4529 ὀρθὰ
3502 4461 3925 4531 διαστρέφουσιν

654 4557 777 4604 tes:
810 4567 828 4600 ι
879 4547 1114 4604 Zelando
1164 4550 1322 4604 zelati
1374 4566 1562 4606 sumus
1605 4553 1833 4607 Domino
1865 4555 1928 4608 “.
1972 4575 1989 4606 ι
2042 4554 2230 4624 itaque

2337 4554 2779 4615 ἁντανίστανται,
2827 4554 2920 4604 καὶ
2958 4553 3101 4621 μάλα
3149 4552 3441 4615 νεανικῶς,
3499 4554 3790 4623 μονονουχὶ
3836 4554 3922 4605 λέ-

650 4654 772 4692 cum
818 4638 1099 4693 Nestorins
1142 4642 1341 4695 multas
1394 4651 1449 4695 et
1496 4644 1737 4698 diversas
1771 4644 1933 4715 158
1979 4641 2229 4714 blasphe-

2336 4664 2557 4715 γοντες·
2603 4664 2620 4695 ι
2656 4641 2950 4714 Ζηλοῦντες
3000 4644 3357 4714 ἐζηλώκαμεν
3390 4643 3466 4709 τῷ
3502 4644 3719 4715 Κυρίῳ.
3753 4667 3770 4697 ›
3818 4647 3922 4698 Νε-

654 4731 791 4785 mias
824 4743 1008 4784 contra
1042 4732 1316 4786 Christum
1346 4733 1680 4789 Salvatorem
1713 4740 1954 4793 onmium
1983 4749 2227 4794 noslrum

2339 4739 2552 4808 στορίου
2588 4736 2765 4789 τοίνυν
2798 4736 2994 4800 πολλάς
3022 4753 3081 4788 τε
3110 4736 3201 4788 καὶ
3229 4736 3521 4807 διαφόρους
3554 4739 3923 4808 καταχέοντος

650 4820 967 4886 eﬂunderet,
998 4834 1051 4879 et
1080 4827 1475 4893 quodammodo
1508 4830 1869 4883 venerandum
1899 4841 1953 4885 et
1976 4847 2223 4897 magnum

2338 4828 2682 4898 βλασφημίας
2708 4826 2802 4878 τοῦ
2832 4826 3048 4879 πάντων
3075 4829 3106 4895 ἠ
3116 4827 3231 4896 μῶν
3250 4828 3502 4898 Σωτῆρος
3527 4829 3797 4899 Χριστοῦ,
3826 4830 3922 4885 καὶ

652 4914 1046 4971 incarnationis
1118 4928 1520 4972 sacramentum
1599 4918 1839 4975 funditus
1891 4933 2223 4989 removeret,

2333 4915 2443 4971 οἷον
2473 4919 2535 4969 ὲκ
2568 4916 2782 4986 βάθρων
2812 4915 3276 4986 ἀναμοχλεύοντος
3300 4916 3360 4968 τὸ
3386 4916 3603 4980 σεπτὸν,
3643 4920 3743 4971 καὶ
3781 4919 3922 4987 μέγα

654 5020 759 5061 non
820 5008 1132 5075 ignorantes
1179 5008 1243 5061 ad
1298 5009 1412 5063 lucc
1464 5010 1601 5065 velle
1650 5010 1812 5066 silere
1863 5012 2225 5083 periculosum

2333 5010 2434 5079 τῆς
2455 5008 2610 5061 ὲνανθ
2621 5008 2917 5079 ρωπήσεως
2945 5008 3260 5078 μυστήριον,
3284 5008 3384 5060 οὐκ
3411 5008 3697 5061 ἀκίνδυνον
3722 5008 3920 5071 εἰδότες

652 5112 795 5162 esse,
834 5106 885 5153 et
932 5115 1052 5153 cum
1105 5099 1402 5167 saepissime
1446 5103 1902 5160 consuluissetnus
1956 5105 2055 5171 illi,
2107 5114 2225 5159 uta

2334 5101 2393 5153 τὸ
2414 5100 2502 5153 ἐπε
2536 5117 2597 5167 γε
2628 5099 2836 5163 τούτοις
2868 5099 3081 5151 ἑλέσθαι
3113 5102 3291 5169 σιγᾷν,
3320 5098 3834 5169 συμϐουλεύσαντές
3859 5120 3916 5155 τε

656 5188 855 5244 talibus
890 5190 1241 5260 blaspliemiis
1273 5202 1546 5259 cessaret,
1586 5194 1827 5264 nihilque
1858 5198 2071 5264 penitus
2103 5212 2227 5266 pro-

2334 5192 2653 5254 πλειστάκις
2710 5190 2859 5261 αὑτῷ
2904 5190 3012 5242 τῶν
3051 5189 3305 5242 τοιούτων
3350 5189 3654 5261 ἀπέχεσθαι
3708 5193 3914 5263 δυσφη-

655 5280 992 5346 l'ecissemus,
1022 5285 1331 5339 necessario
1374 5289 1584 5342 tandem
1630 5290 1697 5343 ad
1742 5289 2075 5343 defendenda
2110 5289 2224 5354 pie-
2259 5282 2276 5337 Ι

2292 5286 2299 5331 ἶ
2333 5286 2490 5358 μιῶν,
2542 5286 2832 5353 ὀνήσαντες
2867 5284 2923 5336 δὲ
2970 5281 3252 5345 παντελῶς
3289 5283 3464 5345 οὐδὲν,
3504 5287 3913 5357 κεχωρήκαμεν

658 5373 784 5428 tatis
835 5374 1084 5444 dogmata
1141 5380 1491 5447 accessimus,
1540 5390 1594 5437 et
1636 5380 1852 5437 selectis
1904 5381 2227 5450 quibusdam

2335 5377 2647 5448 ἀναγκαίως
2690 5378 2782 5430 ἐπὶ
2826 5377 2885 5430 τὸ
2918 5376 3114 5447 χρῆναι
3154 5375 3432 5429 συναθλείν
3464 5378 3577 5439 τοῖς
3621 5378 3725 5447 τῆς
3761 5376 3910 5429 εὐσε-

730 5550 770 5582 ⁶¹
804 5549 864 5604 lll
900 5550 1029 5620 Reg.
1065 5570 1177 5617 xu,
1214 5554 1270 5606 Η

1722 5714 1893 5771 Varia:
1924 5714 2182 5772 lectiones
2205 5729 2267 5771 ex
2303 5714 2485 5772 codice
2522 5715 2890 5784 Seguieriauo.

669 5869 694 5900 ³
718 5862 882 5927 ἴσως,
914 5864 1269 5933 καινοφωνίις
