4104 6500
253 456 362 516 317

879 458 1415 514 APOLOGETICUS
1453 458 1591 513 PRO
1634 457 1726 511 χιι
1766 454 2132 511 CAPITIBUS
2165 454 2447 509 CONTRA
2486 447 2950 505 ORIENTALES.

3434 440 3542 495 313

251 574 414 634 σείας
441 569 731 640 δόγμασιν.
757 571 1199 643 Ἀπολεξάμενοι
1223 573 1279 624 δὲ
1307 571 1584 640 κεφάλαιά
1603 588 1724 623 τινα
1752 570 1859 622 τῶν

1973 569 2115 622 illius
2141 564 2599 634 blasphemiarum
2656 555 2943 627 capitibus,
2988 568 3049 606 ca
3086 552 3288 606 utiliter
3325 550 3546 603 anathe-

251 663 483 714 ἑκείνου
510 661 861 733 δυσφημιῶν,
915 662 1089 714 ταῦτα
1134 662 1422 732 χρησίμως
1465 660 1864 730 ἀνεθεματίσα-

255 771 387 822 μεν,
431 756 554 823 ἦτοι
596 754 726 816 τοὺς
757 756 981 822 φρονεῖν
1026 751 1310 814 ἐθέλοντας
1341 751 1509 812 αὐτὰ,
1554 750 1866 819 πειθόμενοι

247 845 484 911 λέγοντι
517 843 604 914 τῷ
634 845 894 914 μακαρίῳ
931 843 1163 913 Παύλῳο
1196 863 1211 892 σ
1249 843 1312 895 EE
1343 860 1425 905 τις
1458 843 1602 911 ὑμᾶς
1635 842 1866 908 εὐαγγε-

251 936 485 998 λίζεται
529 935 659 1006 παρ’
704 935 733 986 ὃ
801 934 1174 1004 παρελάϐετε,
1223 933 1471 1003 ἀνάθεμα
1518 932 1690 984 ἑστω³
1733 929 1868 982 ἀλλά

250 1028 366 1079 κᾶν
397 1030 594 1097 ἡμεῖς,
623 1026 656 1097 ἢ
681 1026 911 1093 ἄγγελος
940 1026 1000 1089 ἐξ
1021 1024 1254 1096 οὐρανοῦ
1279 1023 1700 1091 εὐαγγελίσηται
1724 1021 1868 1090 ὑμᾶς

253 1120 400 1187 παρ’
433 1120 469 1170 ὃ
512 1119 878 1188 παρελάϐετε,
923 1116 1172 1186 ἀνάθεμα
1202 1116 1362 1168 ἔστω.
1392 1135 1409 1166 ι
1467 1114 1606 1168 Ἀλλ’
1641 1114 1740 1166 οὐκ
1773 1110 1867 1184 οἷδ’

251 1214 424 1273 ὅπως
479 1211 918 1281 δεδυσςρορήκασί
950 1227 1095 1273 τινες
1139 1210 1234 1263 ἐπὶ
1267 1209 1442 1279 τούτῳ
1475 1209 1617 1273 λίαν,
1662 1207 1696 1278 ἢ
1743 1206 1872 1276 όμό-

253 1320 476 1370 φρονες
500 1303 675 1366 ὄντες,
702 1303 793 1356 καὶ
828 1301 1259 1372 ίσογνώμονες,ἢ
1287 1301 1740 1372 προσποιούμενοι
1773 1300 1871 1368 μὲν

251 1397 672 1466 παραιτεῖσθαι
702 1395 802 1467 τὴν
838 1395 1142 1464 όμοδοξίαν,
1183 1393 1513 1465 πειρώμενοι
1552 1393 1607 1446 δὲ
1641 1393 1728 1446 διὰ
1756 1391 1874 1462 τρό-

254 1507 373 1541 που
421 1489 632 1553 παντὸς
680 1490 994 1558 ἐπικουρεῖν
1032 1487 1210 1557 αὐτῷ,
1260 1488 1355 1539 καὶ
1419 1485 1688 1538 ποιεῖσθαι
1737 1501 1869 1536 κατ-

256 1582 696 1651 εστυγημὲνους
728 1583 854 1641 τοὺς
884 1579 962 1650 τῷ
998 1579 1213 1648 Σωτῆρι
1251 1577 1634 1647 συναγορεύειν
1659 1576 1870 1629 ἐθέλον-

253 1693 390 1737 τας.
443 1674 587 1726 Ἀλλ’
615 1669 682 1744 ἦν
723 1671 1017 1726 ἀκόλουθον
1062 1673 1282 1732 ἐννοεῖν,
1321 1671 1404 1722 ὃτι
1435 1672 1547 1732 τοῖς
1576 1666 1874 1737 ἑτεροδιδα-

251 1766 504 1827 cum;
556 1765 818 1834 ἐπιτιμᾷν
875 1761 1247 1833 προύξένησεν
1298 1759 1363 1813 ἂν
1411 1761 1595 1821 αὐτοῖς
1645 1758 1743 1826 τῆς
1793 1757 1874 1818 εἰς

253 1856 522 1924 Χριστὸν
564 1855 782 1925 ἀγάπης
817 1857 878 1906 τὸ
910 1853 1160 1923 γνήσιον·
1203 1851 1299 1904 νῦν
1329 1851 1386 1905 δὲ
1421 1849 1736 1922 πεπράκασι
1775 1847 1871 1917 μὲν

1975 659 2371 720 matizavimus,
2401 656 2503 708 hoc
2524 661 2628 714 est,
2660 663 2753 704 eos
2792 647 2885 714 qui
2928 645 3052 698 talia
3088 643 3291 698 sentire
3340 640 3545 702 volunt,

1968 753 2401 818 obtemperantes
2433 748 2590 799 beato
2623 742 2788 795 Paulo
2814 739 3013 794 dicenti
3054 753 3066 787 :
3104 755 3121 786 ι
3164 736 3218 789 Si
3251 733 3371 802 quis
3395 732 3546 784 vobis

1969 839 2421 909 evangelizaverit
2476 843 2669 903 praeter
2726 831 2776 882 id
2839 829 2979 896 quod
3049 821 3355 890 accepistis,
3412 833 3546 871 ana-

1972 934 2147 985 thema
2188 930 2278 982 sit.
2311 926 2413 981 Sed
2448 925 2549 980 etsi
2592 937 2710 986 nos,
2739 919 2820 973 vel
2858 917 3079 987 angelus
3109 914 3172 967 de
3217 910 3355 966 caelo
3384 924 3546 962 evan-

1965 1019 2280 1090 gelizaverit
2321 1015 2476 1070 vobis
2517 1022 2715 1083 prazter
2766 1011 2815 1064 id
2869 1007 3012 1076 quod
3055 1002 3367 1072 accepistis,
3412 1014 3544 1053 ana-

1974 1115 2152 1169 thema
2182 1112 2254 1166 sit
2284 1110 2347 1163 “.
2385 1126 2407 1160 ι
2439 1110 2508 1161 At
2541 1105 2722 1159 nescio
2750 1117 2859 1172 quo
2889 1109 3047 1170 pacto
3079 1097 3131 1150 id
3172 1095 3387 1149 modum
3423 1105 3549 1160 gra-

1971 1217 2092 1260 vate
2133 1205 2350 1259 tulerint
2379 1201 2566 1270 aliqui,
2595 1198 2674 1252 vel
2704 1195 2846 1266 quod
2895 1194 3005 1248 sint
3048 1189 3284 1258 ejusdem
3331 1195 3550 1241 senten-

1972 1300 2060 1353 tia:
2087 1313 2150 1350 ac
2178 1295 2447 1364 opiuiOnis
2486 1307 2607 1346 cum
2655 1290 2775 1354 illo;
2811 1287 2890 1340 vel
2932 1284 3072 1356 quod
3123 1278 3377 1334 simulent
3426 1275 3549 1344 qui-

1973 1390 2090 1442 dem
2123 1402 2182 1441 se
2208 1387 2376 1438 vitare
2402 1382 2672 1451 Opinionis
2699 1378 3038 1437 societatem,
3069 1378 3332 1424 atlentent
3366 1376 3545 1420 autem

1976 1480 2146 1533 modis
2176 1478 2425 1532 omnibus
2462 1477 2634 1543 ipsmu
2683 1469 2958 1534 adjuvare,
2992 1475 3044 1520 et
3084 1463 3304 1516 reddere
3354 1474 3550 1513 exesos

1973 1587 2066 1624 eos
2133 1569 2224 1639 qui
2276 1569 2614 1622 Salvatorem
2668 1563 2942 1617 Christqu
2996 1551 3288 1610 defendere
3343 1550 3545 1604 volunt.

1977 1661 2354 1716 Verumtamen
2379 1656 2722 1726 cogitandum
2771 1661 2911 1716 erat,
2953 1649 3096 1718 quod
3148 1648 3428 1712 increpare
3465 1640 3544 1694 dio

1977 1769 2128 1807 versa
2164 1753 2441 1815 docentes,
2474 1747 2816 1803 conciliasset
2859 1741 2990 1810 ipsis
3041 1738 3242 1793 amoris
3290 1735 3343 1789 in
3389 1731 3549 1786 Chri-

1975 1855 2115 1900 stum
2171 1843 2583 1898 sinceritatem:
2641 1852 2781 1890 nunc
2831 1843 3012 1887 autem
3057 1835 3285 1899 egerunt
3330 1824 3547 1895 quidem

253 1951 367 2018 οὐχ
416 1951 563 2019 ὅπερ
586 1944 653 2018 ἦν
678 1948 898 2018 ἄμεινον
919 1963 932 1977 ⁸
966 1944 1162 1999 πολλοῦ
1193 1961 1255 2012 γε
1281 1945 1373 1997 καὶ
1400 1943 1506 1996 δεῖ·
1545 1943 1865 2010 πεποίηνται

1979 1953 2084 1992 non
2146 1937 2286 2005 quod
2331 1935 2447 1988 ﬁeri
2494 1931 2812 2001 oportebat;
2883 1923 3141 1995 quinam?
3196 1920 3321 1974 lacti
3368 1925 3545 1969 autem

251 2040 311 2091 δὲ
359 2039 840 2108 πολεμιωτάτους,
872 2030 948 2090 ὧν
993 2039 1041 2090 εί
1079 2035 1335 2104 γεγόνασι
1378 2033 1636 2103 ζηλωταὶ,
1679 2030 1864 2099 ἀνεδή-

258 2148 448 2184 σαντο
478 2130 547 2183 ἂν
598 2131 694 2183 σὺν
733 2132 922 2191 αὐτοῖς
962 2132 1062 2198 τῆς
1097 2127 1410 2197 ἀφθαρσίας
1449 2126 1540 2178 τὸν
1584 2123 1867 2192 στέφανον.

265 2221 785 2293 Ἑπιλαμσάνονται
811 2221 990 2274 τοίνυν
1015 2219 1122 2272 τῶν
1153 2216 1632 2287 ἀναθεματισμῶν,
1661 2215 1736 2276 ὡς
1770 2215 1869 2266 οὐκ

249 2312 315 2369 εὖ
355 2315 711 2383 γεγονότωνο
746 2314 842 2367 καὶ
882 2312 946 2373 δὴ
988 2312 1083 2365 καὶ
1130 2310 1346 2379 ἑκάστῳ
1394 2307 1734 2381 παραθέντες
1776 2306 1869 2371 ἐτ’

247 2407 506 2476 γράφως
535 2405 607 2457 τά
628 2406 726 2474 τῆς
759 2404 968 2458 ἑαυτῶν
993 2403 1233 2465 διανοίας
1257 2402 1565 2471 εὑρήματα,
1597 2400 1688 2451 καὶ
1714 2399 1869 2450 ἀσυν-

247 2499 428 2560 (seu;
473 2496 630 2559 τινάς
673 2495 1078 2563 είκαιομυθίας,
1113 2493 1482 2563 συναρπάσειν
1509 2491 1708 2543 οἴονται
1743 2489 1869 2550 τοὺς

247 2580 716 2651 ἐντευξομένους,
749 2582 844 2633 καὶ
870 2579 1249 2643 ἀϐασανίστως
1283 2583 1394 2642 τοῖς
1422 2579 1551 2648 παρ’
1573 2577 1752 2630 αὐτῶν
1783 2579 1867 2629 ὲν-

249 2675 647 2744 τυγχάνοντας
689 2673 891 2741 λόγοις.
942 2667 1051 2725 Ἦν
1099 2667 1190 2725 οὖν
1239 2673 1535 2738 ἀναγκαῖον
1574 2671 1668 2724 καὶ
1718 2670 1866 2739 ἡμᾶς

250 2768 472 2829 αὐτοὺς
515 2763 972 2836 ἀντιπαρεξάγειν
997 2763 1062 2816 ’τὸ
1090 2762 1311 2833 ἀληθὲς,
1339 2764 1432 2815 καὶ
1463 2760 1865 2832 ἀποκρούεσθαι

248 2859 360 2928 τὴν
401 2856 771 2927 κατάρρησιν,
794 2854 1072 2925 ἀποφῆναί
1099 2873 1156 2908 τε
1184 2853 1668 2924 φιλοσκώμμονας,
1697 2853 1865 2922 ῆγουν

251 2949 536 3020 ἀληθείας
580 2948 882 3018 ἐρευνητὰς
931 2950 1057 3011 τοὺς
1085 2948 1150 3001 δι’
1190 2946 1459 3009 ἐναντίας.
1491 2945 1865 3016 Προτάξαντες

253 3042 458 3093 τοίνυν
503 3040 738 3092 ἕκαστον
764 3039 874 3092 τῶν
903 3037 1386 3108 ἀναθεματισμῶν,
1415 3033 1533 3090 εἶτα
1561 3037 1770 3100 τούτοις
1795 3037 1863 3090 τά

251 3135 403 3202 παρ’
430 3131 660 3185 ἐκείνων
692 3130 1081 3200 συντεθειμένα
1115 3130 1495 3195 συντάξαντες,
1525 3129 1862 3199 παρεζεύξαο
1891 3147 1933 3204 C

256 3240 369 3296 μεν
401 3224 472 3276 τά
504 3224 635 3295 παρ’
660 3221 891 3286 ἑαυτῶν,
921 3224 1032 3286 τοῖς
1059 3221 1358 3274 τῶν’θείων
1383 3221 1614 3292 Γραφῶν
1642 3221 1864 3288 ἐπιστήο

257 3334 422 3385 μοσι,
443 3317 730 3378 δικασταῖς
755 3315 915 3367 οἱονεὶ
943 3311 1234 3384 χρώμενοι,
1260 3314 1353 3365 καὶ
1381 3313 1559 3384 ψῆφον
1585 3310 1862 3374 αἰτοῦντες

256 3409 442 3477 ὀρθήν
482 3424 544 3459 τε
574 3408 670 3459 καὶ
718 3407 1122 3476 ἀνεπίπληκτον
1171 3404 1324 3476 παρά
1371 3406 1480 3458 τῶν
1513 3405 1731 3458 εἰδότων
1763 3404 1862 3458 τὴν

258 3498 555 3570 ἀληθειαν.

715 3609 1306 3663 ΑΝΑΘΕΜΑΤΙΣΜΟΣ
1345 3614 1422 3662 A'.

335 3721 414 3776 Εἴ
434 3738 520 3786 τις
551 3721 652 3790 οὐχ
683 3719 942 3790 ὁμολογεῖ
975 3718 1108 3771 Θεὸν
1140 3715 1280 3771 εἶναι
1310 3721 1452 3772 κατά
1482 3720 1738 3791 ἀλήθειαν
1769 3723 1862 3775 τὸν

276 3813 664 3886 Ἑμμανουὴλ,
692 3813 787 3865 καὶ
815 3812 902 3865 διά
930 3812 1086 3866 τοῦτο
1112 3812 1376 3865 Θεοτόκον
1398 3813 1496 3882 τὴν
1531 3813 1691 3881 ἀγίαν
1717 3816 1861 3886 Παρυ

263 3908 446 3961 θένονο
482 3906 785 3976 γεγέννηκε
816 3905 924 3976 γάρ
957 3905 1234 3974 σαρκικῶς
1263 3905 1445 3972 σάρκα
1476 3906 1737 3972 γεγονότα
1769 3907 1860 3961 τὸν

259 4003 335 4059 ἐκ
359 3998 498 4054 Θεοῦ
525 3998 742 4069 Πατρός
769 3997 940 4064 Λόγον
959 4013 972 4026 ’
995 3997 1240 4068 ἀνάθεμα
1268 3997 1409 4050 ἔστω

590 4109 952 4177 Αντίρῤησις
986 4106 1104 4159 τῶν
1149 4107 1558 4161 Ἀνατολικῶν.

340 4225 454 4277 Καὶ
498 4223 583 4284 τίς
635 4221 940 4292 σαρκικῶς,
979 4220 1157 4290 σάρκα
1189 4219 1449 4287 γεγονότα
1492 4219 1581 4272 τὸν
1629 4222 1692 4272 ὲκ
1723 4219 1858 4273 Θεοῦ

266 4316 469 4382 Λόγον,
494 4312 860 4382 ἀπωετέχθαι
890 4309 1409 4380 συνομολογήσειεν;
1440 4309 1503 4363 Et
1530 4309 1638 4380 γάρ
1667 4326 1859 4380 σαρκιο

267 4409 386 4470 κῶς
419 4407 735 4476 ἐγέννησεν,
769 4404 954 4457 οὐκέτι
983 4401 1125 4455 κατά
1171 4402 1438 4472 παρθένον
1460 4420 1474 4433 ·
1503 4401 1596 4454 καὶ
1636 4401 1737 4454 ποῦ
1771 4401 1862 4471 θή-

1973 2040 2098 2084 sunt
2131 2025 2473 2082 inl‘ensissimi
2527 2024 2631 2086 his,
2664 2035 2891 2091 quorum
2947 2017 2990 2072 si
3040 2015 3265 2068 fuissent
3313 2009 3550 2063 imitato-

1974 2139 2081 2184 res,
2117 2117 2540 2174 immortalitatis
2579 2129 2776 2168 corona
2829 2126 2947 2164 cum
2999 2107 3131 2176 ipsis
3179 2103 3412 2158 redimiti
3470 2100 3548 2152 fo-

1974 2221 2113 2271 rent.
2142 2209 2327 2279 Itaque
2373 2205 2861 2261 analhematimnus
2911 2197 3346 2270 reprehendunt,
3390 2191 3544 2259 quasi

1975 2319 2079 2358 non
2132 2312 2279 2356 recte
2329 2301 2608 2354 habeant:
2665 2309 2823 2364 atque
2870 2295 3031 2347 etiam
3085 2288 3378 2354 unicuique
3436 2297 3548 2336 sua:

1973 2395 2170 2448 mentis
2197 2391 2638 2452 adinventiones,
2681 2400 2735 2440 ct
2763 2385 2963 2439 stultas
2996 2378 3256 2450 quasdam
3294 2391 3356 2428 ac
3384 2373 3549 2428 frivo-

1971 2487 2050 2541 las
2103 2484 2464 2539 fabulatioues
2513 2479 2800 2535 scribendo
2861 2479 3249 2542 apposiierunt,
3311 2470 3436 2530 rati,
3487 2481 3548 2522 se

1969 2591 2064 2644 per
2102 2574 2346 2628 fraudem
2397 2581 2729 2626 attracturos
2776 2568 3033 2620 librorum
3081 2576 3301 2614 suorum
3340 2559 3547 2626 impru-

1969 2667 2157 2720 dentes
2213 2665 2470 2719 lectores.
2513 2663 2698 2730 Itaque
2747 2665 2802 2712 et
2849 2655 3003 2710 nobis
3047 2649 3408 2706 necessarium
3447 2647 3549 2700 fuit

1969 2773 2000 2813 e
2030 2759 2244 2810 diverso
2289 2755 2570 2808 veritatem
2610 2762 2905 2821 opponere,
2946 2756 2998 2800 et
3043 2743 3256 2797 illorum
3300 2737 3548 2792 refellere

1968 2845 2393 2909 oblocutionem,
2430 2857 2493 2897 ac
2531 2841 2820 2897 ostendere
2857 2837 2980 2891 illos
3005 2829 3308 2888 dicacitatis
3343 2826 3552 2882 studio-

1967 2954 2078 3002 sos,
2105 2938 2206 2992 boc
2229 2945 2313 2990 est
2334 2950 2521 2990 eorum
2546 2933 2891 2988 adversarios
2912 2925 3160 2982 veritatis
3181 2923 3544 2992 indagator-es.

1966 3028 2203 3084 Proinde
2222 3025 2712 3098 prmordinavimus
2744 3021 2986 3092 singulos
3029 3016 3543 3077 anathematismos;

1968 3120 2162 3174 deinde
2195 3118 2281 3172 his
2303 3116 2670 3186 adjunximus,
2700 3127 2819 3182 qum
2844 3110 2913 3165 ab
2938 3110 3040 3164 illis
3065 3105 3364 3176 composita
3394 3112 3542 3166 sunt;

1963 3222 2240 3283 postremo
2281 3209 2619 3266 subdidimus
2657 3216 2712 3262 et
2740 3215 2949 3268 nostra,
2984 3201 3193 3256 divinas
3231 3197 3547 3266 Scripturas

1963 3303 2267 3358 scientibus
2291 3301 2450 3370 quasi
2469 3299 2744 3368 judicibus
2789 3305 3026 3358 utentes,
3056 3303 3218 3363 atque
3243 3291 3310 3346 ab
3343 3290 3426 3343 his
3451 3289 3542 3357 qui

1964 3395 2251 3450 veritatem
2283 3392 2485 3458 sciunt,
2520 3398 2726 3445 rectam
2761 3397 2815 3442 et
2853 3386 3183 3456 inculpatam
3220 3382 3543 3438 sententiain

1965 3487 2314 3544 postulantes.

2393 3588 3034 3651 ANATHEMATISMUS
3074 3587 3114 3641 l.

2033 3716 2091 3772 Si
2125 3715 2248 3786 quis
2280 3728 2385 3770 non
2425 3709 2739 3773 conﬁtetur,
2785 3701 3189 3759 Emmanuelem
3226 3696 3385 3767 159
3421 3711 3546 3750 vere

1964 3812 2132 3866 Deum
2176 3822 2319 3873 esse,
2364 3815 2420 3860 et
2464 3804 2534 3859 ob
2567 3803 2620 3856 id
2665 3806 2908 3855 sanetam
2942 3792 3220 3863 Virginem
3256 3789 3543 3856 Deiparam

1965 3902 2189 3974 (genuit
2213 3900 2357 3955 enim
2396 3896 2484 3952 illa
2519 3891 2817 3949 carnaliter
2849 3889 3191 3943 incarnatum
3235 3881 3326 3936 Dei
3368 3879 3544 3934 Patris

1963 3991 2276 4064 Verbum):
2313 3988 2601 4044 anathema
2643 3982 2736 4037 sit.

2415 4096 2771 4152 Orientalium
2809 4088 3082 4159 appositio.

2031 4216 2230 4286 Ecquis
2276 4227 2498 4270 carnem
2545 4210 2749 4264 factum
2806 4207 2902 4261 Dei
2940 4204 3203 4266 Verbum,
3252 4196 3545 4255 carnaliter
3598 4204 3603 4209 '

1963 4319 2147 4366 natum
2164 4321 2286 4362 esse
2301 4304 2463 4360 simul
2491 4301 2867 4364 conﬁtebitur;
2901 4313 3023 4350 nam
3048 4296 3092 4350 si
3127 4292 3420 4350 carnaliter
3453 4305 3546 4356 ge-

1964 4403 2104 4466 nuit,
2127 4401 2237 4470 jam
2268 4413 2375 4453 non
2402 4405 2459 4450 ut
2484 4396 2656 4463 virgo.
2691 4394 2756 4448 Et
2779 4392 2868 4447 ubi
2902 4403 3162 4460 ponemus
3185 4388 3287 4441 hoc
3318 4405 3331 4440 :
3367 4404 3384 4435 ι
3417 4383 3544 4452 Spi-

269 4515 444 4570 σομεν
487 4497 584 4548 τό’
626 4514 644 4546 ι
675 4493 902 4563 Πνεῦμα
934 4493 995 4545 τὸ
1035 4494 1188 4560 ἆγιον
1236 4491 1589 4544 ἐπελεύσεται
1637 4491 1731 4543 ἐπὶ
1765 4491 1852 4555 σὲ,

1969 4493 2100 4548 ritus
2129 4497 2370 4546 sanctus.
2393 4485 2742 4554 superveniet
2776 4485 2827 4536 in
2862 4489 2936 4547 te,
2969 4491 3026 4535 et
3061 4480 3232 4532 virtus
3277 4474 3542 4528 Altissimi

268 4590 372 4644 καὶ
384 4589 618 4657 δύναμις
646 4585 901 4654 Ὑψίστου
919 4585 1363 4654 ἐπισκιάσεισοιΛ
1379 4604 1395 4635 ι
1435 4581 1717 4653 σαρκικῶς
1739 4583 1862 4635 κατ’

267 4677 440 4732 αὑτὸν
474 4680 572 4748 τῆς
602 4677 900 4749 Παρθένου,
931 4679 1026 4730 καὶ
1054 4678 1116 4729 οὐ
1145 4676 1467 4748 θεοπρεπῶς
1489 4677 1860 4746 γεννησάσης;

270 4773 371 4824 καὶ
397 4769 518 4832 πῶς
548 4767 755 4836 ταύτην
775 4775 804 4815 Υ
830 4767 1005 4838 ἀστὴρ
1039 4767 1353 4838 παραδόξως
1379 4767 1702 4836 φαινόμενος
1731 4783 1864 4818 κατ-

271 4860 526 4931 εμήνυε;
580 4857 747 4928 μάγοι
802 4857 859 4909 δὲ
901 4859 966 4909 ὲκ
1015 4857 1276 4928 Περσίδος
1320 4857 1388 4909 δι’
1428 4855 1593 4909 αὐτοῦ
1632 4855 1861 4925 ὁδηγού-

272 4967 432 5016 μενοι
477 4954 767 5020 παρῄεσαν
793 4958 841 5013 ι,
871 4949 962 5001 τὸν
991 4949 1252 5018 τεχθέντα
1291 4946 1612 5018 ζητοῦντες·
1643 4949 1736 5000 καὶ
1766 4948 1858 5000 εὑ-

272 5043 487 5114 ρόντες,
518 5039 713 5112 ἔφερον
746 5041 897 5111 δῶρα
928 5041 1021 5093 καὶ
1048 5039 1128 5110 τῷ
1170 5042 1465 5110 νοουμένῳ,
1509 5039 1604 5092 καὶ
1630 5039 1706 5109 τῷ
1739 5057 1862 5108 φαι-

268 5135 493 5203 νομένῳ
527 5134 837 5203 πρόσφορα.
864 5131 1117 5201 ’Δγγελοί
1145 5149 1203 5184 τε
1251 5131 1542 5202 οὐρανόθεν
1575 5132 1862 5203 κατελθόν-

273 5244 366 5289 τες
391 5225 493 5297 τὴν
520 5200 794 5295 γέννησιν,
831 5200 1105 5295 μετὰτῶν
1132 5200 1404 5295 ποιμένων
1431 5200 1792 5296 ἀναμιγέντεξ
1808 5237 1860 5288 ι,

273 5318 534 5388 ἐχόρευον
567 5317 853 5385 λέγοντες·
890 5335 908 5367 ι
935 5315 1073 5380 Δόξα
1103 5319 1162 5371 ὲν
1192 5317 1438 5386 ὑψίστοις
1468 5317 1607 5388 Θεῷ,
1638 5318 1730 5370 καὶ
1763 5317 1858 5370 ἐπὶ

311 5409 380 5477 ἧς
432 5409 648 5479 εἰρήνη,
695 5409 757 5462 ἐν
798 5407 1106 5478 ἀνθρώποις
1153 5408 1389 5463 εὐδοκία.
1418 5429 1434 5460 ›
1485 5407 1671 5462 Ταῦτα
1715 5408 1859 5470 τίνος

350 5587 396 5621 ⁸³
423 5587 600 5644 Galat.
646 5609 684 5657 ι,
717 5594 773 5657 8,
809 5588 863 5642 9.

946 5589 990 5618 ⁸³
1022 5586 1151 5641 Luc.
1189 5604 1237 5653 ι,
1266 5589 1354 5642 35.
1432 5587 1475 5618 “
1505 5589 1689 5642 Matth.
1732 5604 1802 5653 tt,
1836 5587 1856 5640 ι
1895 5601 2050 5657 seqq.

1963 4579 2311 4638 obumbrabit
2348 4577 2445 4632 tibi
2474 4577 2542 4642 ⁸³,
2571 4595 2590 4628 ι
2615 4576 2686 4640 si,
2711 4576 2867 4644 juxta
2893 4573 3033 4627 illius
3063 4579 3325 4632 mentem,
3353 4580 3544 4621 carna-

1962 4674 2088 4728 liter
2110 4682 2165 4727 et
2194 4685 2300 4726 non
2333 4678 2391 4724 ut
2432 4669 2595 4723 Deum
2626 4666 2803 4730 decet,
2848 4665 3014 4733 Virgo
3051 4660 3281 4731 genuit?
3325 4668 3380 4712 et
3406 4670 3544 4725 quo-

1966 4768 2126 4822 modo
2167 4766 2310 4820 hunc
2354 4762 2511 4818 stella
2558 4760 2776 4815 insolito
2819 4756 2978 4811 modo
3020 4765 3288 4823 apparens
3317 4752 3543 4804 demou-

1963 4858 2198 4915 stravit?
2223 4855 2363 4925 Magi
2394 4869 2526 4909 vero
2561 4867 2629 4907 ex
2671 4849 2916 4911 Perside,
2963 4845 3053 4900 illa
3107 4845 3265 4906 duce,
3314 4840 3548 4894 advene-

1967 4957 2112 5013 runt,
2140 4955 2328 5000 natum
2355 4951 2684 5014 quarentes,
2717 4947 2774 4994 et
2806 4937 3027 4992 invento
3053 4933 3196 4988 dona
3228 4930 3545 4986 obtulerunt

1964 5050 2018 5095 et
2050 5040 2122 5105 ei,
2153 5038 2244 5109 qui
2274 5035 2558 5091 videbatur
2586 5031 2783 5097 oculis,
2815 5039 2869 5084 et
2897 5029 2972 5093 ei,
3015 5026 3107 5097 qui
3146 5032 3328 5079 mente
3362 5022 3542 5092 perci-

1958 5130 2229 5201 piebatur,
2301 5125 2686 5182 convenientia
2717 5123 2780 5176 “.
2831 5119 3044 5192 Angeli,
3090 5118 3180 5188 qui
3240 5115 3541 5172 descende-

1957 5231 2082 5278 runt
2109 5222 2178 5277 de
2209 5221 2371 5286 ccelo,
2401 5236 2524 5277 cum
2559 5217 2868 5289 pastoribus
2906 5213 3074 5277 misti,
3120 5212 3186 5265 de
3233 5208 3404 5264 natali
3443 5208 3541 5261 tri-

1956 5317 2246 5388 pudiarunt
2271 5355 2288 5382 ,
2318 5314 2560 5369 dicentes
2596 5328 2611 5366 :
2661 5328 2681 5362 ι
2711 5307 2896 5364 Gloria
2941 5305 2996 5359 in
3044 5302 3279 5359 excelsis
3317 5300 3448 5363 Deo,
3486 5308 3542 5352 et

1956 5410 2010 5466 in
2049 5418 2190 5464 terra
2223 5421 2349 5476 pax,
2386 5405 2436 5458 in
2470 5401 2780 5457 hominibus
2807 5400 2948 5456 bona
2980 5395 3228 5452 voluntas
3255 5392 3325 5447 “.
3361 5409 3379 5442 ι
3416 5390 3541 5444 llaac

2127 5586 2172 5617 "
2209 5583 2344 5639 Luc.
2378 5582 2434 5647 2,
2466 5580 2550 5634 Η.

1338 5741 1508 5799 Varia:
1542 5742 1800 5800 lectiones
1830 5757 1890 5798 ex
1926 5740 2112 5797 codice
2142 5736 2513 5809 Seguicriauo.

339 5911 372 5955 .'
399 5908 598 5962 τοῦτον.
687 5913 708 5941 ι
742 5898 1034 5970 παρίεσαν.
1112 5910 1137 5940 α
1163 5896 1578 5968 ἀναμιγνύντες.
