4106 6506
607 489 716 545 319
1605 475 1666 531 S.
1714 470 1990 530 CYlllLL.
2029 461 2504 523 ALEXANDRINI
2542 457 2863 516 ARCHIEP.
3783 441 3897 500 520

607 608 758 675 cujus
802 603 1044 660 indicia?
1081 602 1343 666 carnalis,
1391 615 1459 654 au
1505 598 1621 667 ejus
1670 611 1790 666 qua:
1834 595 2003 648 Deum
2034 591 2191 645 decet
2219 593 2247 648 Α

2356 585 2621 656 λνύματας
2653 579 2950 651 Σαρκικῆς,
2972 576 3004 647 ἢ
3029 569 3365 646 θεοπρεποῦς
3391 567 3730 639 γεννήσεωςς
3762 563 3900 675 Ἀἶ-

606 699 952 755 nativitatis?
987 696 1044 749 Et
1081 695 1281 763 alioqui
1320 694 1364 748 si
1402 692 1607 758 absque
1652 688 1922 751 examine,
1959 693 2014 739 et
2049 681 2196 749 judi-

2356 655 2405 740 νς
2451 692 2511 729 τε
2542 676 2592 727 εί
2643 670 3023 763 άῦασανίστως
3061 668 3182 729 ταῖς
3229 664 3436 734 φωναῖς
3483 658 3821 730 ὲμόάλοιμεν
3845 655 3900 717 δ,

607 795 692 847 cio
726 793 777 844 in
816 790 935 858 ejus
967 803 1127 842 voces
1173 784 1554 844 ittcitierlltttts,
1595 792 1649 835 et
1690 778 2099 835 conversionem
2144 783 2198 828 et

2356 771 2395 821 tt
2425 766 2632 838 τροπὴν
2666 763 2762 817 τοῦ
2792 752 2984 830 ⁸ὶῖόγου,
3010 760 3103 812 καὶ
3142 754 3448 827 μεταϐολὴν
3473 751 3572 823 τὴν
3601 750 3680 812 είς
3713 750 3902 818 σάρκα

613 881 1097 935 commutationem
1129 876 1290 932 Verbi
1326 876 1378 929 in
1413 888 1632 927 carnem
1666 869 2109 939 imaginabimur,
2146 875 2201 920 et

2356 856 2829 929 ιντασθησόμεθα·
2855 853 2952 907 καὶ
2976 851 3150 913 οὕτως
3177 849 3271 903 καὶ
3293 843 3567 917 ἁμαρτίαν
3590 842 3775 906 αὑτὸν,
3807 839 3906 892 καὶ

608 975 686 1028 sic
718 973 882 1027 etiam
910 981 1190 1041 peccatum
1212 970 1257 1000 ⁵⁸
1275 978 1328 1022 et
1353 966 1698 1021 maledictum
1729 964 1772 996 ⁸⁷
1801 964 1974 1029 ipsum
2002 961 2201 1014 factum

2356 928 2937 1021 ItépaerETEVﬁO’Oat
2985 937 3410 1012 ὑποληψόμεθα,
3455 936 3503 988 εί
3536 935 3650 995 τοῖς
3696 928 3906 1000 ἑπομέ-

610 1077 728 1118 esse
765 1062 1174 1130 suSpicabimur
1203 1077 1214 1112 :
1252 1059 1295 1113 si
1329 1059 1544 1128 quidem
1576 1059 1757 1110 minus
1788 1057 1855 1108 ad
1891 1052 2200 1121 sequentia,

2356 1061 2433 1106 ης,
2464 1042 2495 1112 ἢ
2538 1038 2861 1111 ἡγουμένοις
2891 1035 3000 1089 τῶν
3041 1033 3332 1104 κειμένων,
3362 1029 3457 1083 καὶ
3499 1025 3638 1095 αὐτῇ
3668 1025 3734 1092 τῇ
3773 1037 3908 1072 συντ

609 1154 695 1208 vel
742 1153 1104 1223 praecedentia
1141 1160 1432 1204 contextus
1474 1147 1767 1211 sermonis,
1812 1155 1866 1199 et
1915 1143 1980 1197 ad
2032 1143 2201 1210 ipsam

2356 1133 2463 1205 )εἱᾳ
2514 1133 2612 1201 τῆς
2659 1131 2697 1182 Γ
2701 1129 2884 1200 ραφῆς
2921 1129 2995 1198 μὴ
3060 1126 3446 1197 προσέχωμεν.
3486 1117 3651 1172 Ἀλλὰ
3696 1115 3808 1223 γὰρ
3842 1113 3906 1165 τὸ

609 1245 1061 1300 consuetudinem
1118 1241 1416 1311 Scriptum
1455 1241 1872 1294 attenderimus.
1930 1235 2202 1289 Caeterum

2356 1223 2565 1278 ενέσθαι
2595 1223 2774 1293 σάρκα
2800 1220 2891 1274 τὸν
2918 1219 3112 1287 Λόγον,
3142 1216 3239 1287 τὴν
3264 1217 3322 1268 ὲν
3344 1215 3410 1282 τῇ
3439 1209 3602 1282 σαρκὶ
3625 1207 3906 1311 σκήνωσιν

610 1351 828 1391 carnem
869 1350 992 1391 esse
1043 1333 1242 1388 factum
1282 1331 1539 1394 Verbum,
1589 1341 1736 1383 recte
1762 1329 1915 1398 juxta
1957 1327 2205 1393 Evange-

2356 1315 2486 1379 ιλῶς
2511 1313 2926 1383 ὲκλαμϐάνομεν
2955 1309 3098 1364 κατὰ
3126 1307 3223 1378 τὴν
3257 1305 3366 1359 τῶν
3395 1299 3745 1370 Εὑαγγελίων
3781 1295 3904 1349 διά-

614 1427 806 1482 liornm
846 1435 1108 1490 mentem,
1144 1421 1536 1479 habitationem
1575 1421 1627 1473 in
1659 1433 1822 1473 carne
1855 1417 2201 1487 exponimus.
2305 1426 2472 1462 νοιαν.

1163 1551 1410 1622 Defensio
1437 1548 1652 1620 Cyrillt'.

2770 1536 3081 1604 Ἀπολογία
3115 1531 3445 1600 Κυρίνῖλου.

2380 1675 2491 1743 Τῆς
2521 1668 2661 1743 μετὰ
2694 1668 2895 1739 σαρκὸς
2933 1664 3245 1734 οἰκονομίας
3277 1661 3369 1715 τοῦ
3412 1658 3740 1730 μονογενοῦς
3771 1655 3907 1710 Υίοῦ

616 1787 856 1831 mentum
889 1777 1324 1847 sapientissimus
1352 1774 1592 1830 Joannes
1627 1774 1888 1837 declarat,
1921 1773 2204 1828 scribens:

2356 1764 2403 1818 ιῦ
2433 1763 2568 1816 Θεοῦ
2600 1747 2658 1815 τὸ
2696 1760 2994 1832 μυστήριον
3023 1760 3050 1810 ὁ
3083 1758 3356 1825 πάνσοφος
3390 1753 3646 1822 Ἰωάννης
3674 1751 3906 1822 διατρα-

623 1867 715 1920 «Et
736 1843 967 1922 Verbum
988 1881 1117 1920 caro
1135 1866 1333 1920 factum
1357 1874 1462 1932 est,
1489 1873 1544 1918 et
1566 1863 1834 1919 habitavit
1853 1865 1902 1917 iu
1927 1863 2083 1918 nobis
2102 1862 2202 1918 ⁸⁸.»

2356 1859 2393 1908 »ἴ
2426 1852 2830 1925 γεγραφηκώς-
2868 1869 2886 1903 ι
2920 1851 3030 1904 Καὶ
3073 1852 3102 1903 ὁ
3125 1849 3297 1917 Λόγος
3340 1845 3480 1917 σὰρξ
3529 1846 3766 1914 ἐγένετο,
3802 1843 3904 1897 καὶ

619 1959 742 2013 ηωο
774 1970 920 2013 recte
956 1958 1316 2029 intelligentes
1365 1958 1505 2013 beati
1541 1956 1729 2011 Patres
1760 1956 1889 2012 olim
1928 1957 1981 2010 in
2029 1954 2202 2010 Nieaza
2241 1953 2247 2007 l

2356 1947 2616 2016 πκήνωσεν
2645 1944 2703 1996 ἐν
2734 1943 2888 2011 ἡμῖν.
2918 1958 2937 1992 ι
2973 1938 3162 1993 Ταῦτα
3196 1936 3470 1994 συνιέντες
3499 1934 3676 2005 ὀρθῶς
3705 1935 3755 1986 oi
3791 1949 3905 2002 μα-

617 2052 934 2122 congregati
968 2027 1244 2114 dixerunt,
1295 2051 1467 2119 ipsum
1516 2048 1754 2103 Verbum
1809 2064 1875 2103 cx
1911 2049 2020 2102 Deo
2053 2047 2212 2102 Patre

2356 2038 2491 2108 άριον
2521 2035 2786 2105 Πατέρες,
2805 2036 2853 2086 οἱ
2891 2031 3034 2086 κατὰ
3063 2031 3290 2102 καιροὺς
3310 2031 3367 2082 ὲν
3396 2031 3462 2099 τῇ
3497 2027 3750 2081 Νικαέων
3777 2042 3909 2078 συν-

619 2117 959 2211 ιιειιιιιιιίρει-
987 2143 1131 2212 quod
1173 2117 1353 2197 omnia
1406 2140 1536 2196 fecit
1581 2141 1759 2207 Pater,
1796 2142 1981 2194 lumen
2022 2140 2088 2193 de
2130 2139 2212 2192 lu-

2356 2129 2640 2198 ;λεγμὲνοι,
2668 2125 2831 2179 αὐτὸν
2863 2123 3072 2193 ἔφασαν
3102 2121 3194 2174 τὸν
3222 2121 3288 2174 ἐκ
3320 2118 3456 2173 Θεοῦ
3487 2117 3702 2190 Πατρός
3733 2117 3913 2188 φύντι

618 2234 786 2296 mine,
818 2233 984 2287 Deum
1017 2248 1200 2286 verum
1234 2232 1298 2286 de
1327 2231 1436 2285 Deo
1468 2247 1620 2295 vero,
1673 2232 2013 2287 inearuatum
2044 2240 2097 2285 et
2129 2232 2213 2284 in-

2356 2217 2509 2286 όγον,
2548 2215 2639 2268 τὸν
2682 2215 2750 2266 δι’
2775 2208 2835 2267 οὗ
2873 2215 2942 2266 τὰ
2976 2212 3156 2267 πάντα
3199 2209 3500 2280 πεποίηκεν
3529 2211 3557 2263 ό
3589 2208 3816 2278 Πατὴρ,
3850 2206 3914 2259 τὸ

622 2324 976 2378 humauatum
1030 2337 1171 2387 esse,
1221 2323 1324 2376 hoc
1372 2332 1477 2387 est,
1525 2323 1737 2376 unitum
1785 2322 1935 2376 carni
1980 2322 2214 2375 animam

2357 2310 2432 2373 ῶς
2464 2309 2523 2362 τὸ
2556 2311 2621 2361 ὲκ
2668 2305 2763 2359 τοῦ
2799 2305 3009 2375 φωτὸς,
3060 2303 3152 2356 τόν
3194 2301 3330 2354 Θεὸν
3366 2299 3624 2371 ἀληθινὸν
3665 2300 3730 2352 ὲκ
3769 2296 3913 2351 Θεοῦ

620 2415 843 2470 habenti
901 2415 1247 2478 rationalem,
1284 2423 1340 2468 ct
1383 2414 1660 2468 hominem
1711 2414 1911 2467 factum
1959 2427 2108 2476 esse;
2165 2423 2216 2466 et

2356 2400 2597 2472 ληθινοῦ,
2629 2396 2982 2470 σαρκωθῆναί
3011 2412 3072 2448 τε
3104 2394 3197 2448 καὶ⁵
3241 2391 3665 2464 ὲνανθρωπῆσαι
3685 2407 3698 2420 ·
3744 2407 3912 2443 τουτ-

619 2520 741 2560 cum
778 2504 882 2558 hoc
907 2504 1070 2559 etiam
1104 2504 1371 2559 mansisse
1400 2503 1588 2560 Deum.
1624 2503 1778 2570 Quod
1809 2513 1988 2557 autem
2014 2502 2219 2571 absque

2356 2510 2466 2545 στιν
2507 2491 2774 2560 ἑνωθῆναι
2826 2487 2993 2558 σαρκὶ
3040 2487 3220 2557 ψυχὴν
3270 2483 3472 2556 ἐχούσῃ
3516 2484 3617 2555 τὴν
3661 2483 3914 2553 λογικὴν,

618 2599 981 2654 conversione
1005 2608 1060 2652 et
1086 2598 1409 2654 confusione
1436 2598 1653 2652 uniouis
1682 2597 1841 2668 160
1859 2611 1995 2666 opus
2015 2597 2216 2651 factum

2360 2586 2414 2637 αἱ
2437 2584 2724 2654 ἄνθρωπον
2752 2579 3007 2650 γενέσθαι
3039 2578 3177 2649 μετὰ
3199 2576 3295 2629 τοῦ
3320 2577 3411 2630 καὶ
3437 2577 3732 2646 ἀπομεῖναι
3753 2574 3913 2627 Θεόν.

621 2694 728 2752 est,
765 2697 1041 2752 manente,
1081 2697 1137 2739 ut
1177 2687 1313 2751 dixi,
1367 2685 1478 2740 Deo
1514 2663 1779 2740 ναιοἿᾶ
1802 2663 1966 2754 -ψιοιι
1996 2695 2096 2748 est,
2136 2697 2218 2738 ta-

2356 2679 2449 2730 Οτι
2474 2675 2533 2727 δὲ
2567 2675 2857 2744 ἀτρέπτως
2887 2688 2944 2724 τε
2973 2671 3066 2724 καὶ
3095 2668 3420 2736 ἀσυγχύτως
3449 2667 3510 2719 τὸ
3535 2666 3636 2736 τῆς
3667 2663 3918 2728 ὲνὼσεως

623 2778 779 2834 metsi
821 2778 1023 2834 factum
1060 2780 1130 2834 sit
1161 2794 1291 2833 caro
1321 2779 1699 2848 (immutabile
1731 2777 1875 2831 enim
1923 2780 2220 2831 secundum

2356 2769 2636 2839 ;ἑπρακται
2667 2765 2877 2835 χρῆμα,
2924 2761 3318 2833 μεμενηκότος,
3343 2759 3418 2820 ὡς
3453 2758 3610 2828 ἔφην,
3651 2757 3747 2810 τοῦ
3776 2757 3920 2811 Θεοῦ

625 2880 877 2924 naturam
918 2871 1063 2934 est),
1095 2869 1225 2924 nulli
1263 2869 1511 2923 dubium.
1551 2868 1686 2922 Nam
1719 2871 1861 2936 quod
1895 2866 2094 2921 dicitur
2139 2866 2223 2919 in-

2356 2860 2499 2928 λόγου
2548 2857 2695 2910 τοῦθ’
2723 2857 2862 2925 ὅπερ
2893 2853 3044 2918 ἐστὶ,
3090 2852 3184 2904 καὶ
3213 2853 3264 2904 ei
3309 2849 3501 2918 γέγονε
3537 2848 3708 2917 σὰρξ,
3755 2848 3921 2900 ἀναλ-

625 2961 867 3025 carnari,
899 2975 1005 3015 non
1041 2961 1094 3014 in
1135 2961 1320 3014 carnis
1363 2970 1612 3014 naturam
1653 2959 1903 3022 vertitur,
1946 2958 2040 3012 sed
2076 2956 2222 3010 aliud

2356 2951 2542 3014 οίωτος
2571 2949 2680 3019 γὰρ
2710 2947 2851 3000 κατὰ
2879 2943 3040 3014 φύσιν
3073 2944 3242 3007 ἐστὶν,
3270 2940 3448 2994 οὐδενὶ⁵
3476 2938 3585 2994 τῶν
3615 2940 3786 2992 ὄντων
3821 2939 3924 3008 ἀμ-

626 3054 883 3123 quiddam
921 3054 990 3108 ab
1021 3052 1133 3117 illa,
1165 3061 1221 3106 et
1263 3053 1311 3106 ei
1344 3053 1551 3105 unitum
1587 3048 1927 3118 intelligitur.
1968 3047 2060 3102 Sic
2099 3062 2227 3101 sen-

2356 3041 2565 3094 ›ί6ολον.
2591 3039 2666 3092 Τὸ
2695 3036 2804 3107 γὰρ
2841 3033 3177 3106 σαρκοῦσθαι
3209 3033 3523 3102 λεγόμενον,
3551 3032 3652 3083 οὐκ
3682 3031 3763 3094 είς
3795 3047 3927 3100 σαρ-

630 3121 828 3199 tientcs
870 3144 1012 3199 beati
1066 3143 1260 3198 Patres
1307 3143 1402 3198 Dei
1434 3141 1752 3212 genitricem
1807 3123 2228 3193 nominavet-uni.

2356 3129 2422 3193 ιὸς
2454 3127 2720 3200 τρέπεται
2755 3125 2939 3195 φύσιν,
2983 3124 3098 3178 ἀλλ’
3129 3124 3317 3194 ἔτερόν
3348 3140 3400 3175 τι
3429 3123 3692 3189 ἐννοεῖται
3723 3133 3745 3160 ο
3789 3121 3926 3190 παρ’

630 3249 882 3292 sanctam
910 3236 1202 3307 virginem.
1239 3233 1604 3289 Crediderunt
1649 3232 1816 3297 enim,
1864 3230 2005 3300 quod
2043 3230 2225 3283 incar-

2356 3223 2502 3294 ιὺτὴν
2532 3221 2801 3292 ὑπάρχον,
2843 3218 2938 3271 καὶ
2969 3217 3168 3270 ὲνωθὲν
3199 3216 3363 3287 αὐτῇ.
3394 3214 3552 3268 Οῦτω
3598 3215 3928 3283 φρονοῦντες

632 3340 820 3384 natum
857 3339 911 3383 et
948 3328 1228 3382 hominem
1268 3326 1470 3379 factum
1503 3323 1755 3394 genuerit
1806 3321 2002 3376 Filium
2047 3319 2221 3384 illum,

2356 3317 2377 3368 ιί
2411 3314 2668 3386 μακάριοι
2713 3310 2974 3381 Πατέρες,
3007 3309 3269 3363 Θεοτόκον
3302 3308 3593 3376 ὠνόμασαν
3625 3306 3725 3377 τὴν
3759 3308 3931 3376 ἁγίαν

632 3436 730 3485 per
758 3435 918 3490 quem
954 3421 1138 3475 omnia
1170 3417 1300 3474 fecit
1341 3419 1524 3474 Pater.
1561 3414 1762 3471 Verum
1802 3413 2085 3469 Nestorius
2128 3427 2226 3464 n0-

2356 3406 2624 3479 ῐαρθένον.
2670 3401 3079 3458 Πεπιστεόκασι
3136 3399 3245 3472 γάρ
3298 3401 3380 3454 ὅτι
3434 3399 3788 3471 σαρκωθέντα
3835 3400 3934 3454 καὶ

635 3513 896 3567 vellarum
922 3511 1377 3582 blasphemiarum
1400 3511 1650 3564 inventor
1679 3523 1801 3562 cum
1826 3507 1927 3560 hac
1952 3505 2227 3560 sententia

2361 3498 2834 3568 νανθρωπήσαντα
2865 3495 3166 3564 γεγέννηκε
3210 3493 3302 3546 τὸν
3353 3494 3504 3555 Υίὸν,
3549 3493 3640 3546 τὸν
3671 3493 3738 3546 δι’
3764 3485 3830 3546 οὗ
3863 3493 3934 3546 τὰ

636 3618 905 3672 pugnans,
948 3602 1220 3668 improbat
1260 3600 1480 3670 quidem
1528 3614 1715 3655 vocem
1762 3598 1920 3660 hanc,
1954 3595 2047 3649 Dei
2079 3597 2225 3664 geni-

2356 3591 2514 3644 ιάντα
2554 3588 2857 3658 πεποίηκεν
2899 3590 2928 3641 ό
2973 3587 3186 3656 Πατήρ.
3234 3585 3293 3638 '0
3327 3585 3386 3638 δὲ
3444 3584 3553 3636 τῶν
3603 3583 3738 3636 νέων
3800 3586 3936 3654 ἡμῖν

639 3694 768 3759 trix,
801 3695 960 3765 quasi
1005 3710 1111 3748 non
1147 3694 1220 3748 sit
1249 3709 1376 3750 vere
1409 3693 1587 3754 dicta;
1633 3690 1846 3745 dicebat
1881 3697 2062 3742 autem
2091 3690 2169 3742 sic
2215 3704 2228 3741 :

2356 3682 2659 3752 ῑυσφημιῶν
2738 3679 2967 3751 εὑρετὴς
3040 3679 3340 3748 Νεστόριος
3390 3677 3567 3747 τοιᾷδε
3629 3677 3939 3747 μαχόμενος

639 3764 996 3854 Interrogavi,
1038 3783 1234 3853 inquit,
1277 3799 1420 3853 sazpe
1458 3797 1552 3837 eos
1592 3800 1605 3836 ε
1645 3780 1998 3835 Divinitatem
2049 3788 2231 3833 natam

2356 3773 2488 3844 ῑόξῃ,
2518 3770 2966 3842 κατακιὸδηλεόει
3000 3769 3096 3840 μὲν
3120 3767 3145 3808 ἀ
3178 3769 3254 3833 ὼς
3279 3769 3380 3823 οὐκ
3411 3764 3582 3822 οὖσαν
3615 3768 3802 3839 άληθῆ
3835 3771 3938 3841 τὴν

640 3874 820 3930 dicitis
859 3890 890 3928 e
937 3873 1095 3929 beata
1142 3873 1406 3945 Virgine?
1457 3872 1722 3926 Resiliunt
1763 3871 1945 3926 statim
1988 3871 2053 3924 ad
2097 3871 2238 3925 hanc

2356 3869 2606 3930 Βεότοκος
2647 3867 2865 3936 φωνήν·
2904 3865 3006 3935 ἔφη
3075 3863 3133 3916 δὲ
3177 3862 3379 3926 οὕτως·
3421 3861 3733 3934 Ἣρώτησα,
3766 3864 3938 3934 φησὶ,

645 3980 854 4020 vocem.
896 3963 963 4018 Et
1005 3965 1150 4035 quis,
1209 3964 1404 4034 inquit,
1454 3973 1603 4016 tanto
1647 3962 2001 4030 blasphemia:
2050 3962 2238 4016 morbo

2356 3960 2602 4020 πολλάκις
2641 3956 2866 4035 αὐτούς·
2903 3955 3015 4025 Τὴν
3045 3954 3287 4020 Θεότητα
3336 3953 3524 4022 λέγετε
3574 3953 3940 4024 γεγεννῆσθαι

644 4054 882 4117 laborat,
912 4064 971 4107 ut
1005 4033 1128 4123 qua:
1155 4033 1340 4123 genuit
1369 4051 1652 4120 templum,
1683 4051 1735 4103 in
1770 4049 1856 4103 illa
1884 4052 2029 4106 dicat
2062 4067 2087 4102 a
2120 4049 2240 4119 Spi-

2356 4055 2407 4103 '-:x
2427 4051 2525 4122 τῆς
2553 4033 2832 4120 μακαρίας
2858 4047 3138 4117 Παρθένου
3166 4063 3180 4111 ;
3215 4045 3596 4114 Ἀποπηδῶσιν
3616 4044 3780 4108 εὐθὺς
3805 4046 3943 4116 πρὸς

645 4148 752 4202 ritu
783 4157 974 4201 saneto
1007 4144 1176 4200 Deum
1209 4153 1457 4199 creatum
1488 4141 1649 4196 esse?
1681 4141 1882 4194 Deinde
1906 4142 2122 4209 quando
2161 4141 2244 4193 in-

2356 4139 2405 4192 ιδ
2433 4140 2606 4209 ῥῆμα·
2633 4129 2875 4204 Καΐτίς,
2907 4138 3062 4208 φησὶ,
3087 4135 3358 4206 τοσαύτην
3388 4133 3740 4206 βλασφημίαν
3769 4136 3941 4198 νοσεῖ,

649 4242 920 4297 terimus:
966 4238 1105 4306 Quid
1147 4237 1311 4306 igitur
1343 4235 1640 4290 absurdum
1688 4247 1782 4287 nos
1815 4233 2070 4296 dicimus,
2113 4247 2245 4287 con-

2356 4231 2420 4293 ὥς
2449 4229 2666 4301 ἐκείνην
2693 4231 2794 4300 τὴν
2822 4231 3164 4299 γεννήσασιν
3192 4228 3284 4281 τὸν
3308 4227 3437 4282 ναὸν
3461 4227 3642 4296 λέγειν
3666 4227 3822 4296 παρὰ
3850 4227 3944 4281 τοῦ

648 4329 888 4384 sulentes
920 4325 1225 4396 fugiendam
1254 4325 1399 4379 illam
1435 4338 1645 4384 vocem,
1669 4322 1977 4377 eleundum
2005 4324 2070 4376 ad
2099 4336 2246 4377 com-

2356 4317 2668 4389 [Ινεύματος
2701 4319 2790 4372 τὸν
2820 4319 2954 4373 Θεὸν
2983 4321 3041 4372 ὲν
3075 4320 3261 4392 ἐκείνῃ
3286 4318 3536 4372 ἐκτίσθαι
3562 4330 3621 4382 °;
3657 4315 3792 4372 Εἶτα
3817 4321 3948 4373 ὅταν

649 4435 869 4474 munem
903 4419 1190 4485 utriusque
1223 4426 1430 4468 naturte
1462 4413 1828 4484 significatum
1848 4414 1870 4465 ἳ
1892 4414 1942 4467 id
1970 4422 2098 4467 tunc
2128 4412 2247 4468 bla-

2356 4411 2724 4480 ὲπαγάγωμεν
2751 4410 2794 4448 ί·
2823 4411 2888 4463 Τί
2919 4406 3012 4464 οὖν
3041 4411 3242 4464 ἄτοπον
3287 4412 3451 4481 ἡμεῖς
3491 4409 3746 4481 λέγομεν,
3808 4429 3948 4481 συμ-

652 4511 874 4580 spheme
920 4509 1127 4564 dictum
1184 4516 1403 4576 putant.
1465 4506 1564 4559 Vel
1621 4507 1883 4562 confitere
1934 4505 2247 4571 manifeste,

2356 4500 2703 4564 ϐουλεύοντες
2742 4503 2936 4568 φυγεῖν
2973 4501 3074 4571 τὴν
3105 4500 3308 4570 φωνὴν,
3338 4500 3435 4554 καὶ
3465 4500 3721 4572 ἔρχεσθαι
3753 4502 3852 4554 ἐπὶ
3886 4501 3949 4554 τὸ

652 4603 908 4656 deitatem
946 4615 1012 4655 ex
1048 4600 1206 4654 beata
1255 4598 1422 4653 Maria
1446 4606 1626 4655 natam
1666 4612 1789 4656 esse
1819 4615 1832 4652 :
1867 4597 1975 4663 vel,
2013 4597 2059 4654 si
2105 4597 2246 4668 lugis

2356 4593 2531 4647 κοινὸν
2582 4593 2984 4663 σημαινόμενον
3026 4593 3138 4646 τῶν
3169 4593 3264 4648 δύο
3305 4593 3562 4661 φύσεων;
3603 4593 3738 4647 Τότε
3789 4595 3946 4665 νομί-ν

653 4695 794 4750 hanc
835 4692 1205 4760 blasphemam
1241 4705 1450 4755 vocem,
1497 4704 1596 4744 cur
1630 4692 1721 4760 qui
1769 4690 1957 4747 eadem
2001 4689 2165 4754 dicis,
2196 4699 2247 4741 te

2356 4681 2505 4748 ζεται
2537 4683 2750 4746 ἑαυτοῖς
2782 4680 2918 4736 εἷναι
2958 4683 3278 4753 βλάσφημον
3304 4685 3367 4737 τὸ
3392 4683 3807 4754 λεγόμενον’“Ἡ
3827 4687 3952 4756 ὁμο-

661 4800 765 4839 ιιοιι
798 4784 981 4837 dicere
1009 4781 1276 4837 simulas?
1309 4781 1478 4851 Igitur
1518 4781 1607 4834 illo
1640 4790 1882 4850 urgente,
1933 4782 2041 4839 imo
2076 4779 2247 4833 incul-

2356 4774 2586 4845 λόγησον
2638 4775 2828 4845 σαφῶς
2858 4775 3089 4846 θεότητα
3127 4775 3486 4846 γεγεννῆσθαι
3517 4779 3583 4830 ἐκ
3628 4777 3728 4848 τῆς
3763 4795 3950 4848 μακα-

686 1685 1116 1756 Dispensationis
1149 1684 1414 1756 unigeniti
1446 1683 1567 1738 Filii
1605 1682 1697 1737 Dei
1736 1681 1789 1736 in
1821 1695 1989 1736 carne
2021 1695 2209 1735 saera-

657 4887 816 4931 cantc
845 4876 1031 4945 impie,
1065 4883 1121 4927 ut
1145 4875 1179 4928 ii
1211 4883 1456 4928 sanetam
1484 4872 1761 4942 Virginem
1799 4873 1893 4930 Dei
1922 4873 2242 4942 genitricem

658 4971 870 5037 dicunt,
903 4969 1062 5024 fateri
1093 4967 1343 5034 debeant,
1369 4967 1555 5023 carnis
1580 4965 1750 5022 fuisse
1782 4967 2013 5021 fructum
2050 4965 2249 5020 nudam

662 5070 714 5116 et
739 5074 985 5115 seorsum
1023 5057 1255 5129 positam
1291 5057 1509 5112 deitatis
1553 5065 1823 5118 naturam,
1861 5061 1915 5110 et
1949 5053 2248 5107 subsisten-

663 5153 749 5207 tiae
786 5152 1001 5206 initium
1029 5166 1098 5205 ex
1131 5149 1359 5206 muliere
1390 5147 1646 5202 habuisse
1687 5145 1782 5200 Dei
1815 5144 2087 5209 Verbum;
2125 5159 2247 5212 pro.

662 5247 794 5299 bare
818 5243 1081 5305 volentes,
1118 5255 1216 5297 nos
1265 5242 1332 5296 ab
1368 5239 1470 5294 hac
1498 5237 1754 5307 opinione
1783 5250 2008 5306 prorsus
2040 5235 2248 5290 alienos

662 5351 786 5390 esse
829 5348 967 5405 (non
1015 5333 1158 5388 enim
1195 5333 1268 5389 ita
1323 5331 1637 5394 deliramus,
1686 5339 1743 5384 ιιι
1785 5328 2013 5382 velimus
2058 5341 2249 5394 sapere

662 5423 828 5486 aliud,
857 5437 1017 5490 quam
1048 5423 1193 5491 quod
1229 5429 1442 5490 oportet
1483 5421 1736 5489 sapere),
1763 5417 2046 5490 Virginem
2082 5432 2248 5487 pepeo

737 5597 784 5632 δ’
811 5595 850 5649 ll
880 5596 1003 5652 Cor.
1034 5615 1087 5662 ν,
1107 5596 1198 5650 21.

1277 5597 1316 5628 δ’
1349 5595 1524 5651 Galat.
1563 5610 1644 5662 ιιι,
1672 5594 1759 5650 l5.
1836 5594 1882 5625 ⁸⁸
1910 5593 2067 5648 Joan.
2096 5605 2134 5658 ι,
2163 5591 2253 5647 14.

2358 4865 2478 4936 ρίας
2519 4865 2758 4935 Μαρίας,
2803 4866 2835 4935 ἢ
2872 4866 3087 4933 φεύγων
3123 4865 3447 4935 βλάσφημον
3494 4867 3593 4936 τὴν
3642 4867 3856 4939 φωνὴν,
3899 4871 3951 4921 τί

2353 4956 2528 5011 ταῦτὰ
2564 4974 2655 5026 μοι
2694 4955 2889 5024 λέγων,
2919 4956 3191 5028 ὑποκρίνῃ
3228 4959 3302 5028 μὴ
3327 4957 3546 5025 λέγειν;
3579 4959 3953 5027 Περιστάντος

2355 5048 2530 5102 τοίνυν
2562 5048 2795 5113 ἐκείνου,
2835 5049 3034 5118 μᾶλλον
3059 5048 3117 5101 δὲ
3150 5049 3536 5112 ἁναπείθοντος
3564 5048 3804 5113 ἀνοσίως
3829 5053 3952 5114 τοὺς

2355 5139 2619 5193 Θεοτόκον
2654 5139 2911 5206 λέγοντας
2937 5139 3037 5213 τὴν
3068 5139 3343 5212 Παρθένον
3382 5141 3464 5201 είς
3504 5140 3565 5192 τὸ
3601 5140 3711 5193 δεῖν
3755 5141 3952 5210 ὁμολο-

2355 5233 2471 5300 γεῖν
2506 5232 2708 5303 σαρκὸς
2759 5231 3015 5298 γενέσθαι
3049 5232 3262 5302 καρπὸν
3300 5232 3514 5302 γυμνήν
3547 5248 3606 5284 τε
3647 5231 3745 5286 καὶ
3783 5250 3952 5287 κατα·-

2359 5323 2526 5394 μόνας
2572 5323 2669 5393 τὴν
2702 5322 2955 5393 θεότητος
3000 5323 3182 5392 φύσιν,
3229 5323 3321 5376 καὶ
3364 5323 3463 5394 τῆς
3506 5323 3805 5394 ὑπάρξεως
3858 5324 3954 5396 τὴν

2357 5415 2533 5486 ἀρχὴν
2571 5417 2635 5469 ὲκ
2671 5415 2930 5484 γυναικὸς
2974 5415 3265 5486 ἐσχηκέναι
3310 5414 3404 5482 τὸν
3443 5415 3535 5468 τοῦ
3578 5413 3717 5468 Θεοῦ
3756 5416 3948 5486 Λόγον,

1725 5744 1898 5803 Varia!
1925 5746 2190 5804 lectiones
2211 5763 2276 5804 ex
2301 5747 2488 5803 codice
2514 5745 2885 5817 Seguienauo.

753 5908 785 5951 δ
811 5905 1200 5978 συμϐάλωμεν.
1280 5915 1301 5943 ο
1335 5907 1556 5959 νοεῖται.

1631 5903 1658 5945 ἀ
1694 5905 1814 5959 κατ’
1853 5904 2016 5959 αὐτοῦ
2054 5897 2358 5966 κιϐδηλεύει
2386 5901 2512 5957 μέν.
2591 5911 2615 5939 υ
2641 5897 2940 5962 κεκτίσθαι.
3021 5892 3041 5936 ί
3076 5893 3361 5966 ἐπαγάγω.
