4104 6528
247 446 342 501 ’ὅῖί

881 442 1418 502 APOLOGETICUS
1459 443 1595 499 PRO
1635 442 1729 498 ΧΠ
1769 439 2140 500 CAPITlBUS
2177 444 2455 502 CONTRA
2499 445 2959 506 ORIENTALES.

3447 451 3555 508 522

245 561 620 632 πληροφορεῖν
664 559 978 624 ἐθέλοντες,
1016 562 1098 613 ὅτι
1127 563 1224 624 τῆς
1267 561 1482 614 τοιᾶσδε
1510 559 1664 632 δόξης
1701 561 1843 614 ἁλλό-

1963 560 2098 614 risse
2165 562 2399 618 dit-intus
2452 564 2546 620 Dci
2600 565 2834 622 Verbum
2889 565 3188 621 secundum
3241 565 3557 636 Scripturas

238 671 390 721 τριοι
443 651 728 715 παντελῶς
764 652 1237 724 καθεστήκαμενθ
1261 653 1323 705 οὐ
1363 653 1471 724 γὰρ
1521 653 1666 708 οὕτω
1698 653 1856 723 λεληο

244 747 534 814 ρήκαμεν,
582 742 659 806 ὼς
707 742 931 796 ἑλέσθαι
985 745 1203 814 φρονεῖν
1239 745 1370 815 παρ’
1398 744 1425 796 ὃ
1470 745 1550 797 δεῖ
1596 747 1853 815 φρονεῖν’

239 836 548 888 ἀποτεκεῖν
569 833 782 905 ἔφημεν
801 834 903 906 τὴν
926 835 1202 905 Παρθένον
1224 835 1403 906 σάρκα
1424 837 1688 905 γεγονότα
1715 837 1858 890 κατὰ

236 926 342 989 τὰς
378 926 614 996 Γραφὰς
639 927 734 980 τὸν
779 925 875 979 τοῦ
921 924 1059 979 Θεοῦ
1098 927 1291 995 Λόγον,
1323 928 1604 982 τουτέστιν
1649 928 1859 1000 ἄνθρω-

235 1035 346 1070 πον
369 1035 386 1047 ο
422 1019 720 1070 ἀποτεκεῖν
764 1017 822 1071 δὲ
857 1018 1020 1072 αὐτὸν
1069 1022 1383 1092 σαρκικῶς,
1435 1021 1680 1074 τουτέστι
1717 1022 1858 1074 κατὰ

237 1112 445 1181 σάρκα
465 1127 478 1139 ·
506 1113 536 1164 6
570 1110 668 1181 μὲν
701 1111 811 1183 γὰρ
842 1109 976 1176 Θεὸς
1033 1115 1128 1167 καὶ
1161 1113 1351 1184 Πατὴρ
1379 1114 1575 1178 θεῖκῶς
1605 1114 1858 1185 γεγέννηι

234 1221 342 1257 κεν
377 1203 448 1268 ἐξ
476 1202 647 1256 αὑτοῦ
683 1202 818 1257 Θεὸν
860 1204 990 1258 ὄντα
1032 1205 1124 1259 τὸν
1168 1206 1290 1260 Υίόν
1312 1223 1324 1235 ·
1358 1207 1546 1277 ἐπειδὴ
1578 1207 1635 1259 δὲ
1664 1207 1724 1260 τὸ
1760 1223 1856 1277 γε·

233 1315 421 1367 γεννη
435 1296 597 1368 μένον
623 1297 688 1350 ὲκ
721 1296 821 1366 τῆς
852 1298 1077 1368 σαρκὸς,
1119 1299 1257 1369 σάρξ
1285 1300 1425 1364 ἐστι,
1457 1300 1787 1369 γεγέννηκεν
1822 1299 1855 1369 ἡ

236 1387 567 1460 Παρθένος,
585 1388 661 1452 ὡς
693 1387 832 1460 σάρξ
863 1389 1202 1462 ὑπάρχουσα,
1231 1392 1508 1462 σαρκικῶς
1527 1409 1539 1422 ’
1561 1392 1622 1445 τὸ
1642 1393 1697 1445 δὲ
1724 1409 1856 1464 σαρ-

233 1482 434 1545 γικῶς
462 1482 660 1545 εἰπεῖν,
676 1481 777 1536 οὐκ
809 1481 1162 1552 άναιροῦντός
1186 1485 1302 1535 ἐστι
1333 1484 1434 1554 τῆς
1459 1486 1768 1555 γεννήσεως
1793 1486 1856 1537 τὸ

231 1570 590 1642 παράδοξον,
620 1571 741 1624 οὔτε
768 1570 878 1642 μὴν
914 1572 1313 1643 ἀνατρέποντος
1356 1573 1448 1626 τοῦ
1483 1575 1644 1642 ἁγίου
1683 1575 1856 1628 Πνεῦ-

235 1680 431 1733 ματος
467 1665 571 1735 τὴν
611 1663 932 1738 ἐνέργειαν,
981 1665 1047 1719 δι’
1079 1661 1148 1739 ἧς
1193 1667 1252 1719 ἐν
1289 1667 1472 1737 μήτρα
1504 1665 1759 1720 διέπλασε
1794 1667 1856 1721 τὸ

227 1754 481 1825 τεχθέν·
516 1755 862 1820 διδάσκοντος
890 1756 950 1810 δὲ
989 1757 1215 1826 μᾶλλον,
1257 1759 1340 1810 ὅτι
1384 1757 1575 1828 ῶσπερ
1607 1758 1742 1822 Θεὸς
1772 1758 1856 1811 τί-

227 1865 368 1902 κτει
406 1847 634 1912 θεῖκῶς,
668 1849 787 1919 ἦτοι
820 1847 1145 1920 θεοπρεπῶς
1184 1850 1326 1904 κατά
1359 1849 1458 1922 τὴν
1490 1851 1628 1905 ἰδίαν
1664 1850 1848 1921 φύσιν,

1962 665 2185 706 carnem
2220 653 2444 718 factum,
2476 655 2576 710 hoc
2600 665 2703 723 est,
2733 657 3005 709 hominem
3029 672 3042 720 ;
3069 655 3343 724 peperisse
3370 661 3551 711 autem

1962 741 2110 796 illum
2153 746 2470 809 carnaliter,
2505 747 2606 802 hoc
2643 756 2749 814 est,
2799 747 3096 802 secundum
3125 762 3366 802 carnem.
3413 746 3548 800 Nam

1964 834 2104 889 Dcus
2143 845 2200 890 et
2244 835 2407 892 Pater
2451 841 2746 893 secundum
2784 839 3125 894 divinitatem
3161 840 3347 908 genuit
3392 854 3456 892 ex
3497 855 3557 894 se

1965 924 2133 979 Deum
2184 929 2540 984 exsistenlent
2592 930 2808 984 Filium.
2865 931 3133 996 Quoniam
3185 940 3364 984 autent
3413 931 3555 999 quod

1962 1027 2145 1073 natum
2193 1030 2276 1074 est
2313 1036 2381 1076 ex
2425 1037 2608 1088 carne,
2655 1039 2784 1076 caro
2815 1035 2897 1078 est
2924 1024 3005 1088 ‘9;
3056 1025 3242 1094 genuit
3276 1023 3463 1092 Virgo,
3499 1031 3558 1077 ιιι

1959 1125 2089 1164 caro
2122 1112 2416 1175 exsistens,
2454 1113 2766 1168 carnaliter.
2795 1113 3104 1169 Carnaliter
3140 1127 3323 1168 autem
3347 1115 3552 1177 dicere,
3647 1103 3650 1106 ’

1961 1217 2068 1256 non
2114 1214 2196 1257 est
2250 1204 2492 1260 tollentis
2540 1204 2916 1260 admirabilem
2969 1206 3328 1271 nativitatem,
3382 1221 3558 1276 neque

1959 1295 2256 1350 evertentis
2323 1295 2560 1365 Spiritus
2621 1297 2795 1350 Sancti
2863 1300 3271 1366 Operationcm,
3332 1313 3437 1366 qua
3499 1299 3551 1351 in

1960 1396 2113 1440 utero
2155 1387 2410 1442 formavit
2448 1399 2668 1459 partum
2711 1406 2726 1444 :
2770 1391 2864 1443 sed
2909 1390 3153 1444 docentis
3195 1392 3375 1459 potius
3410 1391 3557 1460 quod

1958 1479 2100 1533 sicut
2130 1479 2270 1535 Deus
2295 1481 2466 1552 gignit
2496 1481 2701 1543 divine,
2735 1481 2837 1535 hoc
2867 1492 2971 1547 est,
3008 1484 3166 1551 digne
3207 1484 3314 1537 Deo
3353 1497 3555 1537 secun-

1957 1569 2083 1622 dum
2126 1584 2279 1623 suam
2324 1581 2613 1634 naturam;
2662 1571 2816 1641 161
2863 1571 2934 1624 ita
2974 1581 3030 1624 et
3085 1573 3246 1626 homo
3296 1572 3552 1638 humane,

1961 1661 2062 1713 hoc
2124 1672 2238 1723 est,
2286 1675 2416 1716 caro
2462 1662 2776 1716 carnaliter.
2845 1662 2989 1717 Deus
3042 1673 3220 1719 autem
3283 1664 3554 1719 exsistens

1957 1753 2250 1806 secundum
2287 1763 2534 1808 naturam
2567 1753 2837 1821 Verbum,
2874 1756 3122 1824 quamvis
3151 1770 3281 1812 caro
3325 1755 3554 1822 factum,

1959 1844 2138 1900 divine
2165 1847 2465 1914 processit,
2502 1847 2604 1902 hoc
2634 1855 2717 1902 est
2737 1886 2752 1913 ,
2780 1857 2839 1901 ut
2869 1847 3027 1902 decet
3046 1862 3167 1902 eum
3194 1887 3209 1912 ,
3239 1848 3328 1915 qui
3355 1862 3550 1902 secun-

227 1941 393 1994 οῦτω
436 1941 536 1995 καὶ
578 1941 866 2013 ἄνθρωπος
897 1939 1275 2012 ἀνθρωπίνως,
1311 1941 1429 2013 ἤτοι
1469 1942 1609 2014 σὰρξ
1657 1961 1846 2015 σαρκι-

1956 1936 2080 1992 dtnn
2117 1939 2400 1995 veritatem
2425 1948 2509 1994 est
2530 1939 2690 1994 Deus.
2728 1937 2886 1995 Solus
2915 1941 3060 1995 enim
3094 1939 3288 1994 habuit
3317 1949 3548 1994 matrem

226 2032 383 2096 κῶς.
441 2032 577 2096 Θεὸς
604 2033 661 2085 δὲ
693 2031 770 2086 ὢν
801 2030 947 2085 κατὰ
996 2030 1160 2102 φύσιν
1206 2034 1235 2085 6
1284 2032 1480 2101 Λόγος,
1508 2033 1626 2104 ἦτοι
1659 2036 1684 2073 3
1709 2033 1849 2104 σὰρξ

225 2125 522 2194 γεγονὼς,
551 2126 784 2196 προῆλθε
817 2125 1160 2197 θεοπρεπῶς,
1181 2127 1480 2192 τουτέστιν,
1515 2127 1590 2192 ὼς
1618 2128 1683 2182 ἂν
1717 2130 1849 2200 πρέ-

225 2235 332 2271 ποι
364 2215 457 2286 τῷ
488 2232 556 2284 γε
588 2217 702 2270 ὄντι
731 2217 875 2270 κατὰ
907 2217 1010 2288 τὴν
1051 2218 1312 2289 ἀλήθειαν
1341 2219 1482 2290 Θεῷ.
1525 2220 1701 2284 Μόνος
1739 2222 1848 2292 γὰρ

224 2313 367 2381 ἔσχε
412 2307 637 2380 μητέρα
685 2308 785 2380 τὴν
815 2309 1228 2382 άπειρόγαμον,
1261 2311 1354 2365 καὶ
1385 2314 1657 2384 τετήρηκε
1706 2331 1849 2385 παρα

229 2401 405 2454 θένον
442 2401 548 2472 τὴν
577 2399 846 2455 τεκοῦσαν
874 2401 1038 2456 αὐτὸν
1065 2401 1207 2456 κατὰ
1231 2403 1432 2474 σάρκα.
1460 2403 1739 2474 Θαυμάζω
1768 2405 1844 2473 δὲ,

227 2495 320 2546 ὅτι
369 2491 654 2545 Θεοτόκον
681 2492 970 2557 ὀκνοῦντες
993 2496 1170 2548 εἰπεῖν
1196 2495 1296 2566 τὴν
1335 2496 1499 2564 ἁγίαν
1545 2497 1845 2568 Παρθένον,

227 2581 582 2653 θεοπρεπῶς
608 2583 772 2637 αὑτὸν
808 2584 1174 2654 γεγεννῆσθαί
1208 2603 1374 2654 φασιν
1401 2587 1451 2640 ιι.
1487 2589 1560 2641 Οὐ
1605 2589 1714 2660 γὰρ
1756 2590 1849 2642 ἄν·

229 2678 474 2749 θρωπος
523 2676 702 2740 κοινὸς
739 2676 985 2732 τίκτεται
1018 2677 1358 2748 θεοπρεπῶς.
1399 2679 1559 2750 Δῶρα
1589 2681 1644 2733 δὲ
1683 2698 1850 2751 προσ-

226 2769 583 2841 κεκομίσθαι
618 2771 752 2839 φασὶ
779 2769 933 2841 παρὰ
967 2769 1077 2824 τῶν
1110 2771 1304 2841 μάγων
1330 2770 1401 2824 τὰ
1429 2773 1716 2844 πρόσφορα
1754 2773 1848 2827 καὶ

223 2858 310 2926 τῷ
340 2857 654 2928 νοουμένῳ,
679 2859 776 2912 καὶ⁵
809 2858 888 2929 τῷ
919 2860 1252 2936 φαινομένῳ,
1279 2860 1617 2933 διαιροῦντες
1646 2863 1728 2925 είς
1755 2862 1849 2916 δύο

227 2944 294 3012 δὴ
325 2943 508 2997 πάλιν
539 2943 676 3014 μετὰ
698 2946 798 3016 τὴν
822 2945 1020 3000 ἕνωσιν
1049 2947 1140 3002 τὸν
1177 2947 1383 3022 Κύριον
1413 2952 1428 2990 ἱ
1471 2951 1679 3022 Ἰησοῦν
1709 2952 1847 3022 Χρι-

230 3035 371 3088 στόν
394 3051 411 3065 °
442 3034 474 3086 6
508 3034 620 3105 γὰρ
650 3035 946 3107 νοούμενος
985 3037 1212 3107 γέγονεν
1242 3042 1438 3112 όρατὸς
1481 3044 1542 3096 οὑ
1575 3043 1844 3115 μεταϐολῇ

229 3128 489 3196 φύσεως,
522 3125 640 3180 ἀλλ’
667 3126 859 3181 ένὼσει
883 3130 948 3198 τῇ
983 3129 1119 3199 πρὸς
1149 3130 1209 3183 τὸ
1234 3131 1508 3202 δρώμενον
1533 3135 1711 3204 σῶμα.
1736 3137 1846 3190 Καὶ

228 3218 377 3287 γοῦν
425 3218 733 3283 αὐτόπτας,
777 3219 874 3272 καὶ
925 3220 1205 3291 ὑπηρέτας
1248 3223 1499 3290 γενέσθαι
1536 3224 1631 3277 τοῦ
1668 3226 1843 3294 Λόγου

1951 2030 2168 2100 nuptias
2212 2046 2321 2086 non
2355 2041 2676 2102 expertam;
2717 2040 2773 2087 et
2820 2031 3058 2086 servavit
3092 2032 3356 2101 virginem
3404 2047 3544 2100 eam,

1954 2134 2076 2190 qute
2127 2120 2302 2190 ipsum
2353 2121 2566 2192 peperit
2624 2121 2922 2176 secundum
2975 2136 3219 2176 carnem.
3288 2122 3551 2177 Admiror

1948 2221 2149 2276 autem,
2177 2213 2318 2281 quod
2345 2227 2450 2268 non
2479 2211 2742 2267 audentes
2771 2212 2954 2267 dicere
2984 2221 3234 2266 sanctam
3267 2210 3548 2281 Virginem

1950 2301 2040 2356 Dei
2076 2301 2427 2368 Genitricem,
2455 2319 2578 2359 cum
2602 2303 2713 2358 Deo
2742 2301 2904 2373 digne
2935 2302 3110 2372 ipsum
3147 2315 3268 2355 esse
3299 2300 3540 2370 genitum

1949 2389 2204 2445 fatentur.
2259 2390 2376 2446 Non
2412 2394 2554 2446 enim
2598 2394 2759 2447 homo
2803 2389 3111 2446 communis
3157 2389 3393 2459 gignitur
3440 2389 3550 2443 Deo

1948 2483 2127 2552 digne.
2153 2483 2298 2538 Dona
2330 2498 2458 2538 vero
2487 2482 2650 2537 allata
2683 2497 2804 2538 esse
2833 2481 3022 2537 dicunt
3053 2495 3116 2534 ac
3147 2480 3319 2551 magis
3354 2493 3550 2534 conve-

1948 2575 2150 2630 nientia
2179 2575 2305 2630 etei
2345 2576 2436 2643 qui
2464 2575 2901 2644 intelligebatur,
2927 2581 2982 2628 et
3020 2573 3069 2627 ei
3094 2572 3187 2642 qui
3240 2571 3547 2638 videbatur,

1947 2666 2250 2722 dividentes
2292 2669 2343 2720 in
2370 2670 2503 2722 duos
2543 2668 2735 2722 iterum
2770 2677 2894 2738 post
2918 2667 3224 2721 unitionem
3264 2667 3549 2720 Domimtm

1948 2767 2194 2814 nostrum
2229 2757 2411 2814 Jesum
2434 2759 2735 2815 Christum.
2783 2756 2884 2826 Qui
2915 2761 3060 2814 enim
3088 2758 3437 2828 intelligitur,
3465 2756 3548 2810 fa-

1948 2855 2068 2905 ctus
2100 2859 2186 2904 est
2228 2851 2458 2906 visibilis
2497 2866 2602 2907 non
2633 2851 3007 2905 immutatione
3038 2859 3264 2914 naturae,
3301 2850 3394 2904 sed
3426 2849 3548 2903 uni-

1948 2939 2091 2992 tione
2107 2953 2228 2993 cum
2248 2954 2492 3007 corpore,
2518 2940 2659 3009 quod
2685 2941 2986 2995 videbatur.
3013 2939 3078 2995 Et
3109 2948 3257 2995 certe
3280 2948 3551 3007 spectato-

1948 3043 2035 3084 res
2053 3038 2105 3083 et
2119 3029 2396 3084 ministros
2421 3030 2590 3085 fuisse
2618 3029 2776 3086 Verbi
2816 3042 3035 3086 sanctos
3067 3031 3213 3099 ipsos
3245 3029 3543 3099 apostolos,

1948 3135 2100 3175 sacra
2123 3121 2397 3190 Scriptura
2426 3123 2726 3177 ostendit"
2759 3138 2772 3174 :
2806 3125 3055 3192 quamvis
3074 3123 3158 3177 cui
3190 3137 3294 3176 non
3321 3121 3547 3176 manife-

1947 3220 2088 3266 stum
2115 3221 2216 3276 est,
2238 3214 2381 3282 quod
2407 3213 2802 3282 incorporeum,
2832 3228 2894 3268 ac
2915 3213 3250 3284 intangibile,
3277 3223 3332 3268 et
3351 3212 3544 3267 invisi-

229 3283 368 3374 τοὺς
409 3311 605 3380 ἁγίους
640 3311 1002 3376 ἀποστόλους,
1023 3283 1089 3365 τὸ
1121 3283 1364 3384 Γράμμα
1403 3316 1536 3386 φησι
1569 3317 1629 3370 τὸ
1664 3283 1805 3387 ἱερόν
1831 3334 1843 3346 ·

1952 3303 2057 3358 bile
2081 3305 2149 3358 sit
2170 3306 2345 3374 ipsum
2371 3305 2462 3360 Dei
2487 3303 2666 3360 Patris
2699 3304 2976 3360 Verbum?
3008 3283 3168 3376 Atqui
3206 3306 3425 3360 invenio
3457 3305 3540 3358 di-

229 3403 426 3456 καίτοι
456 3404 576 3469 πῶς
605 3404 669 3457 οὐ
699 3406 877 3476 πάντη
907 3405 970 3459 τὸ
997 3407 1166 3475 σαφὲς
1190 3417 1236 3470 1,
1288 3407 1362 3470 ὡς
1387 3407 1532 3461 ἔστιν
1557 3409 1846 3481 ἀσώματος

231 3512 294 3547 τε
328 3495 432 3548 καὶ
467 3495 709 3565 ἀναφὴς,
748 3497 845 3548 καλ⁵
890 3486 1126 3566 ἀόρατος
1164 3500 1193 3550 6
1222 3499 1286 3549 ἐκ
1317 3499 1452 3552 Θεοῦ
1490 3501 1704 3572 Πατρὸς
1744 3502 1848 3554 Λό-

233 3603 375 3654 γοςς
421 3586 566 3638 Ἀλλ’
603 3587 848 3656 εὑρίσκω
900 3587 1162 3655 λέγοντας
1208 3589 1334 3652 τοὺς
1377 3591 1564 3655 ἁγίους
1610 3592 1846 3644 ἀποστό-

234 3678 402 3739 λουςσ
447 3695 466 3726 ι
500 3677 567 3728 Ὀ
599 3672 669 3746 ἦν
718 3677 814 3729 ἀπ’
846 3677 1045 3748 ἀρχῆς,
1079 3677 1105 3730 ὃ
1148 3678 1489 3747 ἀκηκόαμεν,
1521 3680 1548 3731 ὃ
1594 3681 1846 3749 ἑωράκα-

237 3766 433 3837 μενηὸ
481 3766 840 3837 ἐθεασάμεθα
875 3770 989 3830 τοῖς
1040 3768 1340 3838 ὀφθαλμοῖς
1392 3770 1549 3840 ἡμῶν
1581 3814 1594 3836 ,
1641 3772 1735 3824 καὶ
1788 3774 1846 3825 αί

232 3861 425 3929 χεῖρες
453 3858 616 3929 ήμῶν
647 3858 1012 3930 ἐψηλάφησαν
1035 3861 1165 3930 περὶ
1198 3859 1293 3912 τοῦ
1316 3861 1488 3927 Λόγου
1516 3861 1613 3930 τῆς
1644 3863 1840 3932 ζωῆς.»

235 3949 543 4019 Ιιρόσφορα
566 3950 754 4004 τοίνυν
786 3949 854 4003 τὰ
892 3949 1042 4024 δῶρα
1072 3950 1151 4020 τῷ
1182 3951 1280 4014 ἐνὶ,
1316 3951 1563 4004 τουτέστι
1602 3952 1679 4022 τῷ
1710 3954 1846 4024 Χρι-

238 4041 353 4111 στῷ
376 4057 392 4070 ⁸
417 4042 514 4094 καὶ
550 4042 660 4113 γάρ
695 4044 844 4096 ἐστιν
878 4045 938 4097 ἐν
983 4042 1170 4112 ταυτῷ
1196 4043 1330 4106 Θεός
1364 4061 1421 4096 τε
1455 4043 1591 4113 ὁμοῦ
1625 4045 1718 4097 καλ⁸
1751 4045 1844 4098 ἄν·

239 4134 466 4204 θρωπος
499 4137 530 4187 6
575 4136 763 4198 αὑτός.
813 4135 1084 4207 Ταύτῃτοι
1137 4135 1424 4205 τεχθέντος
1468 4136 1636 4190 αὑτοῦ
1682 4155 1843 4210 χορο-

237 4226 462 4280 στασίαι
500 4227 603 4296 μὲν
643 4221 786 4296 ἦσαν
831 4227 944 4279 τῶν
985 4227 1158 4295 ἁγίων
1197 4227 1465 4296 ἀγγέλων,
1505 4232 1754 4300 στρατιαὶ
1784 4231 1843 4284 δὲ

235 4317 596 4386 πνευμάτων,
635 4318 867 4389 Σωτῆρα
909 4318 1003 4371 καὶ
1030 4318 1326 4389 Λυτρωτὴν
1356 4319 1623 4388 λεγόντων
1655 4321 1839 4375 αὐτόν.

247 4405 473 4477 Ἐπειδὴ
508 4407 566 4460 δὲ
617 4406 713 4460 τοῦ
757 4407 1148 4476 εὐαγγελιστοῦ
1199 4407 1476 4477 λέγοντος·
1519 4429 1536 4460 ι
1577 4410 1633 4464 '0
1667 4411 1842 4480 Λόγος

235 4499 390 4569 σὰρξ
429 4499 671 4566 ἐγένετο,
708 4517 725 4548 ι
760 4499 995 4552 δεδιέναι
1051 4500 1207 4568 φασὶ,
1262 4500 1339 4570 μὴ
1394 4501 1500 4573 ἄρα
1551 4519 1692 4567 πως,
1746 4502 1840 4556 τοῦ

1951 3406 2135 3452 centes
2165 3408 2387 3454 sanctos
2415 3397 2685 3468 apostolos
2713 3416 2725 3451 :
2759 3417 2776 3449 ι
2803 3397 2955 3464 Quod
2980 3397 3080 3451 fuit
3101 3399 3169 3452 ab
3192 3398 3343 3452 initio
3362 3440 3377 3466 ,
3401 3398 3544 3466 quod

1951 3488 2276 3554 audivimus,
2312 3491 2457 3561 quod
2484 3490 2720 3544 vidimus
2745 3529 2758 3553 ,
2790 3490 2933 3559 quod
2971 3490 3346 3561 perspeximus
3366 3489 3543 3545 oculis

1952 3584 2170 3646 nostris,
2192 3584 2330 3651 quod
2349 3599 2540 3637 manus
2560 3591 2756 3636 nostra:
2781 3591 3254 3637 contrectaverunt
3279 3581 3346 3637 de
3361 3580 3542 3638 Verbo

1950 3671 2073 3726 vita:
2107 3673 2174 3725 ⁵¹.
2241 3690 2258 3723 ι
2306 3670 2694 3726 Convenienlia
2765 3673 2929 3740 igitur
2993 3671 3214 3726 fuerunt
3256 3672 3391 3725 dona
3449 3671 3539 3726 illa

1950 3765 2075 3828 uni,
2109 3765 2208 3820 hoc
2234 3775 2316 3819 est
2336 3766 2573 3821 Christo.
2626 3764 2837 3819 Etenim
2864 3773 2946 3818 est
2971 3764 3175 3832 pariter
3203 3761 3344 3818 Deus
3370 3764 3534 3818 simul

1948 3868 2001 3912 et
2027 3858 2187 3912 homo
2222 3858 2384 3912 idem.
2434 3856 2546 3912 llac
2578 3857 2788 3911 ratione
2812 3864 2938 3910 nato
2972 3856 3090 3925 ipso
3121 3855 3272 3910 chori
3307 3855 3528 3924 quidem

1948 3949 2261 4003 cecinerunt
2297 3958 2608 4003 sanctorum
2636 3947 2972 4017 angelorum,
3013 3947 3287 4000 exercitus
3317 3960 3536 4016 quoque

1946 4041 2230 4109 spirituum
2250 4040 2542 4094 dicentium
2568 4041 2744 4108 ipsum
2764 4039 3100 4094 Salvatorem
3127 4056 3190 4094 ac
3211 4039 3536 4110 Redempto-

1947 4150 2082 4189 rem.
2124 4134 2257 4200 Quia
2291 4148 2452 4201 porro
2477 4148 2600 4188 cum
2627 4133 2960 4202 evangelista
3001 4134 3147 4188 dicat
3181 4149 3194 4187 :
3231 4153 3250 4185 ι
3297 4133 3536 4188 Verbum

1946 4239 2071 4280 caro
2100 4224 2299 4278 factum
2324 4233 2430 4290 est;
2471 4243 2489 4274 ι
2525 4222 2820 4278 formidare
2847 4237 2905 4278 se
2928 4223 3132 4288 dicunt,
3158 4237 3246 4288 ne,
3278 4224 3321 4279 si
3349 4225 3534 4287 dictio.

1953 4335 1970 4368 ι
2002 4316 2225 4372 Factum
2248 4326 2355 4379 est,
2392 4335 2410 4365 ι
2437 4317 2709 4385 propriam
2728 4315 3536 4384 servetsigniﬁcationem,ver-

1945 4409 2027 4464 sio
2055 4410 2297 4479 qnzedam
2334 4408 2666 4478 intelligatur
2719 4409 2863 4461 circa
2897 4406 3141 4460 divinam
3168 4404 3333 4460 Verbi
3366 4417 3528 4461 natu-

1949 4519 2060 4555 ram
2095 4501 2260 4555 fuisse
2293 4517 2309 4565 ;
2344 4499 2504 4554 laudo
2565 4500 2780 4568 quidem
2830 4509 3068 4562 metum,
3124 4499 3294 4552 miror
3327 4509 3532 4562 autem,

240 4612 256 4640 ι
289 4591 518 4658 ἐγένετο
546 4611 564 4642 ν
601 4591 698 4662 τὴν
756 4592 891 4644 ἰδίαν
929 4590 1194 4656 σώζοντος
1225 4591 1480 4659 δήλωσιν,
1514 4594 1714 4663 τρόπος
1755 4612 1839 4660 τις

1951 4595 2084 4662 quod
2109 4601 2367 4647 caventes
2407 4591 2698 4644 dictionem
2722 4629 2737 4653 ,
2770 4603 3062 4657 veramque
3085 4597 3138 4642 et
3163 4589 3530 4643 necessariam

236 4683 414 4733 νοοῖτο
474 4681 608 4751 περὶ
652 4680 748 4750 τὴν
790 4680 941 4734 θείαν
972 4679 1064 4734 τοῦ
1118 4681 1296 4748 Λόγου
1348 4680 1600 4748 γενέσθαι
1637 4682 1833 4750 φύσιν·

236 4770 448 4822 ἐπαινῶ
488 4771 588 4840 μὲν
614 4770 675 4823 τὸ
711 4771 875 4841 δεῖμα
895 4814 910 4838 ,
945 4770 1211 4841 θαυμάζω
1233 4771 1313 4836 δὲ,
1339 4771 1420 4824 ὃτι
1461 4774 1836 4843 παραιτούμε-

235 4879 314 4913 νοι
365 4862 463 4931 τὴν
507 4861 675 4926 λέξιν,
713 4861 811 4932 τὴν
850 4862 1027 4933 ἀληθῆ
1068 4879 1128 4914 τε
1172 4862 1267 4915 καὶ
1323 4862 1632 4930 ἀναγκαίαν
1660 4864 1836 4934 δήλω·

236 4969 345 5011 τιν,
380 4953 523 5004 οὕτω
551 4953 809 5020 γενέσθαι
836 4957 969 5024 φασὶ
1014 4956 1192 5027 σάρκα
1225 4957 1316 5010 τὸν
1352 4959 1543 5025 Λόγου,
1577 4959 1652 5021 ὡς
1684 4959 1750 5011 ἂν
1785 4961 1832 5012 εί

231 5047 450 5112 λέγοιτο
485 5044 739 5110 γενέσθαι
788 5047 1029 5118 κατάρα,
1078 5051 1174 5100 καὶ
1222 5049 1485 5118 ἁμαρτία.
1543 5046 1673 5101 Εἶτα
1716 5051 1832 5113 πῶς

227 5137 332 5188 οὐκ
388 5135 496 5188 ἔδει
537 5135 662 5189 νοῦν
708 5137 933 5207 ἔχοντας
981 5141 1113 5209 όρᾷν
1144 5141 1191 5205 κ,
1233 5142 1314 5192 ὅτι
1367 5141 1444 5202 τὸ,
1487 5160 1503 5190 ι
1541 5141 1776 5206 ἐγένετο,
1810 5161 1826 5190 ι

225 5228 500 5291 τεθεικὼς
541 5230 570 5281 6
599 5231 876 5301 μακάριος
911 5230 1328 5302 εὐαγγελιστὴς,
1371 5232 1587 5301 ἁπάσης
1624 5234 1832 5303 τροπῆς

231 5323 495 5374 ζπὸνοιαν
546 5323 798 5394 ἀναιρεῖ,
851 5325 1313 5395 προσεπενεγκὼν
1378 5325 1538 5388 εὐθὺς
1592 5327 1686 5377 καὶ
1736 5325 1825 5377 τό·

298 5502 347 5533 δ’
372 5501 532 5558 Joan.
569 5519 650 5570 nt,
679 5503 733 5558 6.
817 5501 864 5534 '°
887 5501 1017 5557 Luc.
1054 5520 1090 5569 ι,
1128 5503 1183 5557 2.
1262 5504 1304 5536 ⁸⁸
1340 5502 1358 5556 Ι
1391 5502 1549 5558 Joan.
1586 5519 1625 5566 ι,
1655 5504 1706 5558 l.

1945 4683 2394 4753 significationem
2421 4722 2435 4745 ,
2467 4682 2546 4736 sic
2596 4679 2797 4734 factum
2838 4679 3005 4734 fuisse
3037 4692 3254 4732 carnem
3295 4675 3530 4732 Verbum

1945 4778 2148 4838 dicunt,
2183 4774 2404 4842 perinde
2444 4787 2507 4826 ac
2541 4771 2584 4827 si
2615 4771 2862 4834 dicatur,
2891 4769 3094 4823 factum
3132 4767 3304 4822 fuisse
3350 4767 3525 4822 male-

1944 4869 2144 4921 dictum
2179 4875 2232 4920 ct
2265 4874 2568 4934 peccatum.
2628 4861 2832 4915 Deinde
2867 4874 2972 4926 quo
3004 4867 3162 4927 pacto
3197 4873 3300 4912 non
3349 4858 3533 4913 vident

1945 4967 2124 5012 nicntc
2171 4956 2384 5026 prmditi
2436 4951 2891 5025 [prudentissimi
2925 4952 3023 5003 viri
3065 4949 3281 5020 ],quod
3339 4948 3532 5003 beatus

1941 5049 2267 5119 evangelista
2299 5061 2505 5117 ponens
2528 5045 2846 5108 dictionem,
2882 5060 2899 5092 ι
2929 5040 3154 5095 Factum
3190 5049 3293 5102 est,
3333 5059 3350 5090 ι
3393 5054 3520 5094 mox

1940 5142 2116 5194 (tltlllis
2168 5138 2542 5195 conversionis
2595 5136 2958 5203 suspicionem
3001 5136 3172 5200 tollit,
3226 5134 3524 5203 adjiciens:

1945 5252 1962 5283 ‹
2011 5231 2075 5286 Ει
2128 5230 2392 5284 habitavit
2439 5229 2490 5282 in
2523 5229 2679 5281 nobis
2725 5228 2799 5279 ?o
2841 5229 3147 5280 Absurdum
3207 5237 3385 5280 autem
3421 5227 3526 5279 alia

1941 5340 2155 5395 quoque
2189 5324 2400 5378 ratione
2431 5331 2534 5386 est,
2573 5324 2616 5376 si
2650 5321 2771 5389 quis
2801 5322 2960 5373 audet
2985 5321 3185 5383 dicere,
3219 5319 3296 5372 sic
3325 5317 3525 5371 factum

1297 5657 1472 5716 Variae
1497 5659 1758 5716 lectiones
1782 5672 1845 5714 ex
1875 5655 2059 5712 codice
2084 5653 2457 5726 Seguieriano.

297 5816 331 5858 ε
364 5817 550 5872 καίτοι.
625 5817 650 5857 δ
686 5817 869 5890 αὐτὴν
908 5817 1167 5888 γεννῆσαί
1213 5838 1397 5890 φασιν.

222 5887 284 5938 ιν
297 5903 392 5950 τας
421 5891 568 5963 ὀρᾷν.

1481 5822 1498 5861 ί
1539 5822 1630 5875 τὸν
1673 5821 1770 5874 ἕνα
1817 5820 2043 5894 Κύριον.

2126 5820 2138 5869 i
2180 5816 2357 5880 ἴσως,
2394 5813 2554 5867 παντί
2580 5829 2657 5882 τῳ
2691 5825 2880 5879 σαφές.
2985 5807 3011 5846 ¹ί
3047 5812 3512 5880 νουνεχεστάτους
