4104 6482
678 405 784 458 3⁸23

1707 400 1766 454 S.
1809 399 2088 454 CYRII.”
2119 400 2591 457 ALEXANDRINI
2629 403 2948 462 ARCHIEP.

3842 415 3965 468 59.4

683 538 808 577 esse
839 536 1057 577 carnem
1098 522 1329 577 Verbum
1357 560 1371 585 ,
1399 530 1456 575 ut
1490 521 1685 577 factum
1713 536 1832 576 esse
1875 523 2073 575 dicitur
2096 521 2261 576 male-

2374 542 2392 572 ‹
2432 524 2770 593 Ἐσκήνωσεν
2798 525 2854 575 ἐν
2886 525 3049 594 mihi;
3081 542 3098 573 ι
3137 527 3373 578 Ἄτοπον
3423 524 3481 578 δὲ
3530 527 3624 580 καὶ
3658 526 3863 596 ἑτέρως
3901 527 3969 581 τὸ

681 617 886 669 dictum
918 623 974 669 et
1015 625 1318 685 peccatum.
1363 615 1476 669 Non
1515 615 1657 668 enim
1713 614 2006 682 ipsummet
2050 614 2270 667 maledi-

677 719 826 762 ctum
851 707 935 761 vel
955 717 1232 776 peccatum
1261 708 1461 760 factum
1480 715 1581 771 est,
1614 706 1708 761 sed
1739 721 1860 760 cmn
1883 706 2083 775 iniquis
2114 721 2270 775 repu.

684 811 831 854 tatus
847 798 1206 867 est",justus
1235 799 1503 854 exsistens
1530 808 1587 851 ut
1611 797 1821 853 aboleat
1853 809 2132 866 peccatum
2165 814 2178 859 ;
2214 807 2267 850 et

678 891 977 961 appellatus
1016 901 1099 946 est
1130 890 1482 952 maledictus,
1517 892 1608 960 qui
1645 890 1911 945 benedicit
1940 897 2264 952 creaturam,

683 984 841 1054 162
856 994 910 1036 ut
934 983 1108 1036 solvat
1125 991 1367 1037 nostrum
1389 981 1756 1044 maledictum,
1775 988 1829 1034 ct
1848 980 2037 1034 liberet
2054 997 2081 1032 a
2107 995 2264 1049 paena

680 1076 965 1129 credentes
991 1075 1042 1128 in
1074 1073 1268 1142 ipsum.
1310 1073 1474 1142 Igitur
1512 1087 1619 1126 non
1645 1079 1730 1126 est
1774 1071 1947 1124 factus
1972 1071 2264 1124 secundum

679 1166 965 1217 veritatem
1007 1162 1350 1216 maledictum
1383 1171 1437 1215 et
1483 1169 1761 1228 peccatum
1795 1175 1810 1212 :
1853 1159 2155 1229 appellatus
2184 1167 2267 1213 est

681 1261 860 1306 autem
915 1252 998 1306 his
1058 1253 1400 1315 nominibus,
1452 1262 1510 1305 ut
1563 1250 1779 1304 aboleat
1826 1251 2170 1303 maledictum
2212 1259 2264 1302 et

681 1355 984 1414 peccatum.
1057 1343 1221 1415 [gitur
1263 1346 1306 1399 si
1344 1344 1422 1398 sic
1470 1343 1670 1396 factum
1719 1355 1804 1398 est
1841 1359 2006 1407 caro,
2034 1343 2265 1397 abolevit

681 1438 866 1508 utique
898 1451 1152 1500 carnem,
1208 1436 1349 1490 sicut
1379 1447 1434 1490 et
1465 1434 1809 1490 maledictum
1851 1446 1905 1488 et
1932 1446 2211 1503 peccatum
2245 1451 2260 1500 ;

679 1540 732 1583 et
766 1545 937 1598 neque
977 1527 1175 1583 factum
1207 1537 1292 1582 est
1342 1529 1501 1581 homo
1525 1571 1540 1593 ,
1595 1541 1770 1595 neque
1815 1527 2155 1580 incarnatum
2181 1535 2264 1581 est

681 1623 973 1675 secundum
1018 1619 1298 1674 veritatem
1340 1636 1354 1672 :
1386 1618 1479 1673 sed
1507 1619 1560 1673 in
1588 1618 1994 1673 existimatione
2039 1617 2147 1672 sola
2181 1626 2262 1672 est

682 1720 1078 1768 sacramentum
1102 1750 1118 1774 ,
1147 1721 1201 1764 ct
1235 1709 1285 1763 in
1323 1710 1484 1763 nudis
1516 1709 1829 1764 nominibus
1858 1707 2132 1764 invenitur
2176 1709 2259 1764 in-

2371 614 2548 682 λέγειν
2582 616 2916 685 ἀποτολμᾷν,
2949 614 3090 668 οὕτω
3115 616 3373 684 γενέσθαι
3411 616 3592 688 σάρκα
3619 617 3712 670 τὸν
3754 619 3964 687 Λόγον,

2369 705 2442 768 ὼς
2475 705 2725 772 γενέσθαι
2775 705 2996 773 λέγεται
3031 706 3270 777 κατάρα,
3305 706 3398 758 καὶ
3437 707 3716 777 ἁμαρτία·
3756 707 3818 760 οὐ
3848 706 3968 776 γὰρ

2371 797 2694 867 αὐτόχρημα
2724 797 2915 865 γέγονε
2947 788 3198 868 κατάρα,⁴
3219 797 3341 851 οὔτε
3377 799 3485 870 μὴν
3519 798 3766 868 ἁμαρτία
3787 814 3801 826 ·
3838 799 3967 851 ἀλλ’

2370 889 2428 940 ἐν
2457 891 2570 950 τοῖς
2603 888 2828 956 ἀνόμοις
2871 888 3124 959 ἐλογίσθη
3153 889 3358 953 δίκαιος
3387 889 3484 953 ῶν.
3512 891 3601 943 ἵνα
3629 893 3969 962 καταργήσῃ

2367 977 2468 1045 τὴν
2521 977 2828 1046 ἁμαρτίανδ
2866 976 2962 1029 καὶ
3014 978 3420 1048 κεχρημάτικεν
3475 979 3887 1048 ὲπικατάρατος
3939 982 3968 1032 6

2368 1066 2605 1135 εὐλογῶν
2637 1066 2734 1137 τὴν
2769 1067 2970 1132 κτίσιν,
3008 1068 3097 1120 ἵνα
3124 1068 3262 1140 λύσῃ
3291 1070 3392 1140 τὴν
3433 1068 3554 1124 καθ’
3589 1071 3749 1140 ἡμῶν
3787 1071 3965 1141 ἀρὰν,

2368 1161 2462 1214 καὶ
2492 1159 2780 1232 ἀπαλλάξῃ
2813 1160 2968 1231 δίκης
2997 1161 3124 1225 τοὺς
3154 1162 3507 1226 πιστεύοντας
3533 1162 3612 1226 είς
3637 1163 3823 1216 αὐτόν.
3852 1164 3967 1217 0‘3-

2367 1250 2498 1304 κοῦν
2531 1251 2593 1302 οὐ
2622 1251 2811 1319 γέγονε
2841 1251 2982 1304 κατὰ
3016 1251 3276 1323 ἀλήθειαν
3297 1254 3534 1324 κατάρα,
3565 1252 3657 1306 καὶ
3684 1253 3963 1324 ἁμαρτίαο

2367 1346 2744 1416 κεχρημάτικε
2795 1344 2851 1396 δὲ
2905 1343 3116 1408 ταῦτα,
3175 1347 3261 1398 ἵνα
3309 1345 3501 1416 λύσῃι
3553 1345 3825 1415 κατάραν.
3869 1348 3966 1398 καὶ

2364 1436 2660 1506 ἁμαρτίαν.
2693 1432 2901 1488 Οὐκοῦν
2930 1435 2978 1486 εί
3012 1434 3153 1487 οὕτω
3184 1437 3372 1503 γέγονε
3410 1435 3568 1507 σὰρξ,
3605 1438 3966 1507 κατήργηκεν

2364 1528 2473 1597 ἄρα
2505 1527 2605 1598 τὴν
2651 1526 2849 1598 σάρκα,
2883 1526 3027 1580 καθὰ
3057 1529 3150 1580 καὶ
3179 1529 3276 1597 τὴν
3329 1529 3490 1598 ἀρὰν,
3518 1528 3611 1581 καὶ
3641 1529 3738 1599 τὴν
3768 1531 3966 1598 ἁμαρ-

2363 1620 2484 1671 τίαν
2509 1634 2522 1649 ⁶
2566 1621 2660 1672 καὶ
2692 1618 2817 1672 οὔτε
2863 1620 3086 1688 γέγονεν
3133 1618 3442 1689 ἄνθρωπος,
3472 1619 3598 1673 οὔτε
3650 1620 3755 1690 μὴν
3792 1623 3964 1690 ἐσαρ-

2364 1707 2517 1778 κώθη
2544 1707 2687 1761 κατὰ
2719 1707 3012 1780 ἀλήθειαν·
3050 1708 3166 1761 ἀλλ’
3203 1711 3258 1760 ὲν
3305 1708 3525 1780 δοκήσει
3575 1710 3712 1782 μόνῃ
3753 1710 3820 1761 τὸ
3858 1729 3962 1780 μυ-

682 1805 1020 1858 carn:rtionis
1066 1803 1282 1855 modus.
1337 1799 1570 1855 Tollitur
1621 1811 1802 1855 autem
1848 1803 2068 1855 omnino
2097 1810 2152 1856 et
2177 1817 2263 1856 re-

2378 1802 2622 1872 στήριον,
2662 1802 2756 1854 καὶ
2787 1804 2846 1855 ἐν
2885 1801 3061 1871 ψιλοῖς
3093 1802 3352 1870 ὀνόμασιν
3387 1805 3415 1855 6
3464 1803 3564 1873 τῆς
3598 1803 3964 1874 ὲνανθρωπήο

681 1894 1035 1949 surrectionis
1066 1908 1210 1964 spes.
1257 1892 1312 1945 In
1360 1893 1512 1962 cujus
1544 1892 1708 1960 igitur
1741 1903 1971 1947 mortem
2002 1895 2261 1962 baptizati

682 2003 868 2042 sumus
895 1985 990 2038 ⁸³2
1021 1984 1122 2041 Ubi
1175 1986 1399 2039 verbum
1457 1984 1619 2049 ﬁdei,
1652 1985 1794 2054 quod
1841 1985 2204 2055 praedicamus
2243 1987 2266 2039 ?

681 2079 928 2134 Confessi
957 2080 1099 2134 enim
1123 2080 1264 2148 quod
1301 2078 1557 2133 Dominus
1585 2087 1670 2132 est
1718 2077 1745 2130 J
1757 2092 1878 2132 esus
1904 2086 1958 2132 et
1985 2078 2265 2133 credentes

682 2173 824 2241 quod
873 2173 1009 2225 Deus
1059 2172 1230 2240 ipsum
1257 2170 1510 2224 excitavit
1554 2184 1581 2222 a
1634 2171 1902 2234 mortuis,
1959 2171 2260 2224 salvamur.

684 2259 850 2329 Igitur
883 2263 932 2315 in
971 2278 1134 2316 unum
1168 2263 1399 2316 similem
1437 2262 1612 2327 nobis,
1645 2273 1699 2316 et
1727 2278 2064 2316 communem
2090 2263 2266 2316 homi-

681 2366 806 2406 nem
857 2353 960 2405 erit
1021 2353 1184 2415 ﬁdes,
1237 2368 1334 2405 nec
1386 2352 1496 2420 jam
1550 2352 1782 2420 amplius
1824 2352 2088 2414 Verbum,
2120 2351 2262 2419 quod

684 2443 735 2495 in
773 2445 1004 2496 humana
1041 2442 1210 2496 forma
1239 2452 1460 2510 propter
1492 2459 1592 2497 nos
1623 2445 1893 2512 apparuit,
1928 2442 2264 2496 adoramus?

681 2535 762 2586 An
797 2549 900 2586 non
932 2534 1137 2602 accepit
1170 2534 1310 2588 servi
1346 2532 1596 2598 formam,
1630 2536 1718 2602 qui
1745 2545 1827 2588 est
1861 2536 1998 2588 liber
2015 2546 2072 2588 ut
2095 2533 2264 2588 Deus?

683 2639 789 2676 uou
825 2625 1126 2676 humiliavit
1167 2625 1399 2693 scipsum
1427 2665 1442 2690 ,
1477 2624 1563 2692 qui
1601 2623 1907 2678 divinitatis
1939 2625 2263 2679 excellentia

680 2716 1004 2784 conspicuus
1051 2716 1177 2770 eSI?
1227 2717 1316 2785 qui
1387 2718 1436 2768 iu
1475 2714 1645 2768 forma
1695 2726 1748 2769 et
1791 2717 2098 2784 aequalitate
2147 2716 2264 2770 Pa—

683 2810 814 2866 tris.
871 2824 972 2860 nou
1023 2808 1238 2861 demisit
1275 2824 1332 2862 se
1385 2811 1436 2862 in
1484 2809 1912 2861 exiuauitiouem
1944 2849 1957 2871 ,
2008 2811 2262 2877 quamvis

684 2899 971 2952 distribuat
1027 2900 1092 2952 de
1145 2915 1240 2952 sua
1289 2899 1620 2969 plenitudine
1676 2910 1941 2955 creatura:
2000 2903 2139 2954 bona
2168 2901 2265 2954 “?

683 2989 865 3058 Apage
897 3004 924 3040 a
959 2987 1098 3041 malo
1134 2989 1238 3041 isto
1268 2989 1519 3042 consilio.
1572 2990 1746 3044 Aliter
1793 3006 1892 3045 nos
1930 2992 2265 3048 edocuerunt

686 3078 825 3130 hcati
857 3076 1048 3131 Patres
1087 3079 1426 3132 incarnatum
1451 3093 1576 3135 esse
1599 3119 1615 3144 ,
1651 3088 1705 3134 et
1740 3081 2013 3136 hominem
2062 3083 2261 3138 factum

684 3170 978 3224 secundum
1017 3171 1294 3224 veritatem
1332 3171 1503 3239 ipsmn
1543 3171 1634 3226 Dei
1667 3171 1846 3226 Patris
1904 3173 2150 3227 Verbum
2182 3176 2264 3229 di-

685 3269 905 3320 xerunt,
938 3261 1139 3327 absque
1167 3260 1519 3314 conversione
1549 3272 1601 3314 et
1627 3259 2265 3318 confusioneJnell‘abilis

687 3360 865 3400 autem
923 3349 1144 3401 omnino
1191 3359 1276 3402 cst
1332 3349 1754 3418 dispensationis
1807 3355 2016 3406 modus.
2081 3351 2267 3407 Testes

687 3456 813 3494 vero
837 3455 1043 3502 eorum,
1067 3455 1186 3509 qua:
1210 3441 1353 3495 dicta
1379 3451 1525 3507 sunt,
1549 3455 1829 3497 sermones
1854 3444 2263 3500 illorumerunt.

932 3703 1077 3758 Petri
1119 3709 1366 3774 martyris
1403 3705 1630 3775 episcopi
1663 3706 2019 3761 Alexandria}.

760 3818 910 3874 Unde
927 3831 979 3872 et
1006 3819 1334 3886 evangelista
1363 3833 1490 3872 vere
1511 3819 1784 3888 loquitur,
1815 3822 1999 3875 dicens
2032 3838 2046 3876 :
2085 3840 2104 3872 ι
2135 3819 2265 3876 Ver-

687 3911 812 3964 bum
843 3927 968 3965 caro
999 3910 1198 3965 factum
1223 3921 1324 3976 est,
1359 3922 1414 3966 et
1443 3912 1711 3966 habitavit
1740 3913 1791 3968 in
1826 3915 1982 3968 nobis
2017 3930 2033 3977 ;
2077 3934 2093 3966 ι
2137 3925 2265 3968 tunc

686 4002 965 4068 videlicet,
993 4018 1058 4056 ex
1090 4017 1195 4072 quo
1251 4002 1475 4073 angelus
1529 4002 1784 4058 salutavit
1845 4003 2147 4075 Virginem,
2187 4006 2265 4059 in-

686 4096 926 4166 quiens:
967 4114 985 4147 ι
1013 4096 1146 4159 Ave,
1175 4095 1348 4165 gratia
1375 4095 1552 4164 plena,
1592 4095 1850 4151 Dominus
1906 4107 2081 4150 tecum
2121 4099 2186 4151 ⁸⁸.
2244 4116 2261 4149 ι

687 4189 839 4254 Quod
881 4187 1012 4242 dicit
1039 4187 1254 4242 Gabriel
1292 4206 1304 4242 :
1346 4206 1365 4239 ‹
1417 4189 1674 4242 Dominus
1717 4199 1925 4251 tecum,
1971 4207 1988 4239 i
2022 4205 2117 4256 pro
2166 4189 2268 4244 hoc

687 4287 770 4332 est
824 4279 1061 4344 dictum,
1114 4277 1375 4333 Dominus
1434 4278 1671 4333 Verbum
1732 4290 1948 4342 tecum,
1998 4281 2268 4350 signiﬁcat

687 4371 832 4424 enim
867 4371 1042 4440 ipsum
1089 4370 1232 4440 gigni
1277 4371 1330 4424 iu
1363 4385 1549 4436 utero,
1590 4382 1644 4426 et
1699 4373 1811 4426 ﬁeri
1857 4388 2096 4437 carnem,
2131 4375 2268 4426 sicut

2368 1907 2505 1954 σεως
2553 1891 2874 1960 εὑρίσκεται
2931 1892 3130 1963 τρόπος
3157 1902 3214 1945 ⁸³.
3262 1893 3555 1964 Ἀνῂρηται
3601 1894 3658 1946 δὲ
3701 1894 3783 1954 είς
3815 1895 3964 1947 ἆπαν

2366 1982 2460 2036 καὶ
2492 1984 2526 2053 ἡ
2562 1986 2660 2054 τῆς
2685 1984 3040 2046 ἀναστάσεως
3074 1983 3250 2046 ἐλπίς.
3283 1984 3374 2046 Εἰς
3412 1984 3504 2036 τὸν
3539 1985 3685 2048 τίνος
3716 1980 3814 2038 οὖν
3850 1986 3961 2053 ἄρα

2366 2074 2594 2128 θάνατον
2629 2074 3076 2145 βεὸαπτίσμεθα;
3113 2074 3222 2128 Ποῦ
3262 2076 3323 2128 τὸ
3357 2076 3509 2146 ῥῆμα
3556 2076 3655 2145 τῆς
3687 2076 3957 2140 πίστεως,

2364 2165 2392 2217 ὃ
2438 2167 2828 2237 κηρύσσομενς
2896 2165 3361 2237 Ὀμολογὴσαντες
3418 2168 3561 2237 γὰρ,
3616 2168 3698 2219 ὅτι
3745 2169 3958 2238 Κύριος

2378 2259 2609 2327 Ἰησοῦς,
2648 2261 2743 2311 καὶ
2792 2259 3186 2321 πιστεύσαντες
3243 2259 3325 2311 ὅτι
3366 2258 3496 2321 Θεὸς
3528 2259 3692 2310 αὐτὸν
3739 2260 3968 2330 ἤγειρεν

2365 2351 2428 2402 ὲκ
2475 2351 2724 2421 νεκρῶν,
2767 2349 3076 2419 σωζόμεθα.
3121 2345 3249 2420 'Ap‘
3285 2345 3376 2403 οὖν
3411 2351 3490 2411 είς
3529 2350 3624 2400 ἕνα
3659 2348 3750 2400 τὸν
3781 2360 3807 2385 η
3839 2349 3965 2402 καθ’

2365 2439 2535 2508 ἡμᾶς,
2571 2441 2666 2491 καὶ
2707 2440 2887 2491 κοινὸν
2917 2438 3204 2509 ἄνθρωπον
3237 2439 3269 2507 ἡ
3306 2437 3506 2500 πίστις,
3551 2436 3736 2490 οὐκέτι
3782 2437 3842 2490 δὲ
3873 2439 3963 2489 τὸν

2365 2531 2422 2582 ὲν
2454 2531 2774 2602 ἀνθρωπεία
2810 2535 2993 2602 μορφῇ
3029 2530 3307 2600 πεφηνότα
3341 2530 3408 2583 δι’
3441 2532 3588 2602 ἡμᾶς
3620 2529 3960 2602 προσκυνοῦ-

2367 2639 2466 2692 μεν
2495 2623 2669 2689 Λόγον
2699 2641 2712 2687 ;
2747 2624 2860 2675 Οὐκ
2888 2623 3047 2675 ἔλαϐε
3071 2625 3167 2694 τὴν
3189 2625 3280 2676 τοῦ
3301 2624 3489 2676 δούλου
3524 2623 3740 2694 μορφὴν
3763 2624 3790 2674 ὁ
3816 2623 3962 2674 uso.

2365 2711 2523 2784 θερος
2556 2714 2631 2776 ὠς
2658 2713 2788 2776 Θεός
2818 2721 2873 2778 °;
2912 2715 2972 2766 οὐ
3008 2715 3408 2766 τεταπείνωκεν
3449 2714 3640 2767 ἑαυτὸν
3667 2717 3694 2767 6
3723 2717 3836 2782 τοῖς
3865 2715 3961 2783 τῆς

2365 2802 2618 2873 θεότητος
2659 2804 2917 2874 ὑψώμασι
2950 2807 3301 2875 διαπρέπων;
3337 2806 3364 2857 6
3391 2807 3446 2857 ὲν
3491 2809 3692 2876 μορφῇ,
3726 2807 3821 2858 καὶ
3854 2806 3959 2858 ίσό-

2364 2913 2487 2966 τητι
2535 2893 2628 2947 τοῦ
2677 2897 2890 2967 [ἰατρὸς
2925 2899 2986 2949 οὐ
3043 2896 3283 2967 καθῆκεν
3329 2896 3520 2948 ἑαυτὸν
3562 2896 3640 2958 είς
3703 2897 3956 2957 κένωσιν,

2365 2987 2541 3040 καίτοι
2579 2987 2853 3056 διανέμων
2886 2987 2944 3051 ἐξ
2990 2988 3120 3040 ἰδίου
3165 2987 3539 3060 πληρώματος
3583 2990 3649 3058 τῇ
3688 2988 3862 3040 κτίσει
3895 2989 3960 3039 τὰ

2366 3077 2574 3143 ἁγαθὰ;
2613 3079 2822 3145 ’Ἄπαγε
2859 3079 2960 3146 τῆς
3019 3079 3381 3142 δυσϐουλίας·
3423 3079 3625 3147 ἑτέρως
3669 3080 3818 3145 ἡμᾶς
3861 3094 3958 3146 με-

2373 3173 2871 3239 μυσταγωγήκασιν
2902 3173 2950 3222 oi
2982 3173 3241 3241 μακάριοι
3289 3171 3567 3241 Πατέρες’
3608 3172 3960 3240 σαρκωθῆναι

2369 3263 2500 3332 γὰρ,
2537 3264 2629 3314 καὶ
2659 3263 3078 3332 ὲνανθρωπῆσαι
3109 3265 3248 3317 κατὰ
3276 3263 3534 3332 ἀλήθειαν
3562 3263 3728 3315 αὑτὸν
3753 3265 3961 3332 ἔφασαν

2368 3355 2460 3405 τὸν
2501 3356 2563 3406 ὲκ
2593 3352 2729 3404 Θεοῦ
2774 3354 2985 3424 Πατρὸς
3009 3354 3184 3421 Λόγον
3226 3354 3537 3424 ἀτρέπτως,
3587 3354 3681 3406 καὶ
3715 3354 3957 3424 ἀσυγχύ-

2368 3462 2492 3508 τως.
2534 3445 2870 3516 ’Λπόρρητος
2890 3446 2946 3498 δὲ
2986 3446 3266 3510 παντελῶς
3304 3446 3404 3516 τῆς
3433 3447 3751 3516 οἰκονομίας
3776 3451 3804 3499 6
3842 3450 3961 3515 τρό-

2370 3555 2486 3600 πος.
2521 3537 2824 3609 Μάρτυρας
2853 3538 2909 3591 δὲ
2950 3538 3060 3591 τῶν
3094 3539 3403 3610 εἰρημένων
3428 3539 3553 3602 τοὺς
3590 3538 3772 3592 αὐτῶν
3807 3542 3959 3608 ποιή-

2372 3643 2431 3678 σο
2439 3644 2534 3694 μαι
2570 3626 2761 3694 λόγους
2773 3667 2786 3679 .

2440 3716 2664 3785 Πέτρου
2687 3717 2990 3786 μάρτυρος
3036 3719 3379 3774 ἐπισκόπου
3417 3721 3887 3790 Ἀλεξανδρείας.

2443 3830 2604 3882 Ὅθεν
2631 3833 2722 3883 καὶ
2748 3832 2775 3883 6
2799 3833 3189 3904 εὐαγγελιστὴς
3219 3833 3474 3905 ἀληθεύει
3502 3836 3702 3904 λέγων·
3739 3857 3756 3887 ι
3783 3839 3840 3890 'U
3865 3838 3960 3888 A6-

2368 3939 2462 3988 γος
2499 3921 2635 3992 σὰρξ
2678 3923 2930 3990 ἐγένετο,
2967 3925 3061 3976 καὶ
3105 3927 3419 3995 ἐσκήνωσεν
3459 3929 3516 3980 ὲν
3562 3931 3730 3997 ἡμῖν·
3782 3945 3799 3980 t
3843 3931 3958 3981 τότε

2374 4013 2642 4083 δηλονότι,
2669 4016 2763 4084 ἀφ’
2793 4011 2852 4070 οὗ
2879 4019 2906 4068 6
2940 4017 3170 4084 ἅγγελος
3201 4019 3491 4086 ἠσπάσατο
3529 4022 3628 4088 τὴν
3662 4021 3956 4090 Παρθένον,

2370 4105 2559 4157 εἰπών’
2582 4125 2599 4156 ι
2628 4107 2824 4176 Χαῖρε,
2853 4109 3295 4179 κεχαριτωμένη,
3347 4112 3375 4163 6
3398 4110 3601 4181 Κύριος
3631 4113 3770 4181 μετὰ
3797 4112 3889 4165 σοῦ
3912 4130 3954 4162 ἰ

2367 4196 2430 4249 τὸ
2457 4197 2584 4265 γὰρ,
2623 4215 2640 4246 ι
2687 4195 2891 4267 Κύριος
2922 4199 3061 4268 μετὰ
3093 4199 3210 4262 σοῦ,
3239 4218 3256 4250 ι
3287 4200 3385 4253 νῦν
3423 4200 3572 4255 ἐστιν
3600 4203 3837 4257 ἀκοῦσαι
3869 4201 3957 4255 τοῦ

2370 4288 2633 4359 Γαϐριὴλ,
2665 4289 2786 4341 ἀντὶ
2813 4290 2930 4352 τοῦ,
2963 4291 3023 4343 '0
3045 4291 3175 4354 Θεὸς
3192 4292 3364 4360 Λόγος
3392 4294 3531 4364 μετὰ
3561 4295 3681 4348 σοῦ’
3705 4297 3958 4368 σημαίνει

2371 4380 2478 4447 γὰρ
2530 4377 2694 4430 αὐτὸν
2727 4379 3067 4451 γεννώμενον
3113 4384 3171 4435 ἐν
3209 4385 3410 4454 μήτρᾳ,
3457 4386 3554 4439 καὶ
3600 4387 3781 4458 σάρκα
3815 4390 3958 4457 γινό-

689 4462 945 4530 scriptum
982 4467 1065 4515 est
1106 4475 1118 4510 :
1160 4477 1179 4509 ι
1215 4457 1449 4528 Spiritus
1479 4470 1698 4514 sanctus
1733 4461 2078 4528 superveniet
2105 4459 2158 4512 in
2191 4469 2259 4520 te,

2374 4487 2552 4541 μενον,
2597 4471 2779 4535 καθὼς
2824 4473 3173 4542 γέγραπταιο
3217 4495 3234 4526 ι
3268 4476 3491 4547 Πνεῦμα
3539 4457 3694 4546 ἆγιον
3738 4480 3958 4534 ἐπελεύ-

688 4562 743 4606 et
771 4553 940 4604 virtus
983 4551 1246 4605 Altissizni
1305 4552 1648 4606 obumbrabit
1702 4553 1796 4606 tibi
1829 4568 1843 4605 :
1880 4551 2000 4605 ideo
2032 4561 2086 4604 ct
2126 4550 2268 4619 quod

689 4658 944 4700 nascetur
968 4655 1239 4710 sanctum,
1269 4645 1546 4698 vocabitur
1579 4644 1748 4700 Filius
1779 4645 1871 4698 Dei
1893 4645 1961 4695 ".
1993 4664 2010 4695 ι

1017 4761 1290 4816 Athanasii
1329 4762 1553 4831 episcOpi
1580 4761 1936 4814 Alexandrina

762 4874 913 4930 Unde
943 4883 996 4929 ct
1021 4891 1142 4929 cum
1186 4883 1503 4929 nasceretur
1528 4889 1656 4927 caro
1697 4888 1760 4927 ex
1799 4871 1890 4926 Dei
1928 4871 2084 4941 163
2115 4870 2264 4940 geni-

689 4970 823 5024 trice
879 4967 1083 5033 Maria,
1136 4969 1250 5036 ipse
1307 4969 1505 5022 dicitur
1558 4975 1716 5021 natus
1771 4981 1925 5028 esse,
2001 4965 2089 5032 qui
2148 4963 2269 5016 aliis

2373 4579 2522 4615 σεται
2553 4563 2646 4615 ἐπὶ
2685 4563 2767 4628 σὲ,
2800 4566 2893 4617 καὶ
2939 4565 3170 4636 δύναμις
3198 4567 3457 4637 Ὑψίστου
3497 4569 3812 4625 ἐπισκιάσει
3845 4587 3954 4624 σοι’

2366 4654 2447 4707 διὸ
2481 4655 2576 4707 καὶ
2604 4655 2663 4707 τὸ
2683 4655 3024 4726 γεννώμενον
3053 4659 3226 4726 ᾰγιον,
3251 4660 3584 4732 κληθήσεται
3614 4663 3739 4726 Υἱὸς
3763 4663 3949 4717 Θεοῦ.»

2521 4770 2873 4823 Ἀθανασίου
2907 4771 3247 4826 ἐπισκόπου
3276 4784 3300 4822 ι’
3344 4774 3817 4843 Ἀλεξανδρείας.

2449 4881 2613 4934 Ὅθεν
2645 4882 2738 4933 καὶ
2775 4883 3122 4952 γεννωμένης
3156 4885 3253 4952 τῆς
3295 4886 3497 4956 σαρκὸς
3534 4888 3596 4938 ὲκ
3635 4887 3738 4955 τῆς
3772 4887 3954 4940 Θεοτὸ-

2376 4989 2472 5024 κευ
2490 4971 2724 5041 Μαρίας,
2745 4972 2907 5034 αὐτὸς
2934 4973 3184 5026 λέλεκται
3205 4975 3571 5042 γεγεννῆσθαι
3595 4977 3622 5028 ὁ
3637 4980 3751 5031 τοῖς
3781 4976 3953 5036 ἄλλοις

687 5061 1027 5116 nativitatem
1063 5071 1121 5113 ut
1155 5061 1265 5115 sint
1293 5061 1542 5124 exhibet,
1572 5069 1629 5113 ut
1661 5069 1897 5112 nostram
1928 5057 1979 5109 in
2013 5072 2070 5110 se
2098 5063 2264 5107 trans~

2370 5065 2583 5130 γένεσιν
2614 5066 2692 5126 εἰς
2726 5065 2782 5116 τὸ
2810 5061 2950 5118 εἶναι
2988 5067 3266 5138 παρέχων,
3300 5069 3384 5120 ἵνα
3416 5068 3511 5138 τὴν
3536 5068 3694 5138 ἡμῶν
3734 5073 3812 5131 εἰς
3835 5071 3952 5121 ἑαυ-

690 5150 858 5204 l'erret
881 5150 1238 5204 nativitatem.

948 5263 1200 5333 Ejusdem
1226 5279 1288 5316 ea:
1318 5265 1538 5330 epistola
1579 5265 1646 5316 ad
1682 5262 1998 5330 Epictetum.

765 5377 1048 5442 Quomodo
1076 5386 1130 5433 et
1164 5378 1438 5447 ambigere
1483 5377 1598 5432 ausi
1636 5388 1796 5441 sunt,
1839 5377 1930 5445 qui
1967 5376 2261 5434 Christiani

762 5533 806 5564 “
837 5530 937 5588 lsa.
965 5547 1082 5596 Llll,
1112 5531 1218 5598 ης
1253 5529 1416 5586 Marc.
1441 5547 1528 5597 xv,
1564 5530 1652 5585 28.
1731 5531 1778 5561 ⁸³
1815 5530 1970 5584 Rom.
2005 5547 2080 5594 γι,
2113 5532 2167 5586 3.
2202 5532 2250 5562 ”

2367 5533 2519 5603 ilipp.
2559 5550 2616 5600 tt,
2661 5535 2693 5587 6
2721 5550 2873 5604 seqq.

2368 5156 2458 5206 τὸν
2493 5155 2700 5225 μεταθῇ
2731 5155 3008 5226 γέννησιν.

2410 5267 2516 5320 Τοῦ
2546 5268 2732 5321 αὑτοῦ
2758 5269 2826 5320 ἐκ
2856 5270 2963 5336 τῆς
2995 5272 3146 5336 πρὸς
3187 5273 3539 5340 Ἐπίκτητον
3563 5271 3915 5338 ἐπιστολῆς.

2435 5379 2557 5443 Πῶς
2602 5381 2658 5433 δὲ
2693 5383 2784 5433 καὶ
2833 5381 3198 5451 ἀμφιδάλλειν
3241 5384 3551 5456 ἐτόλμησαν
3577 5388 3628 5439 oi
3672 5386 3951 5457 λεγόμενοι

2951 5537 2998 5568 ³⁸
3033 5535 3166 5592 Luc.
3204 5553 3244 5604 t,
3275 5537 3365 5595 28.
3441 5538 3487 5570 "
3517 5539 3650 5595 ibid.
3683 5539 3755 5596 55

1737 5689 1912 5743 Variae
1939 5689 2196 5745 lectiones
2220 5707 2285 5745 ex
2308 5691 2495 5746 codice
2525 5691 2902 5762 Seguieriano.

768 5849 784 5886 ι
817 5844 1116 5918 καταλύσῃ.
1191 5844 1429 5914 ιι²).όγος.
1507 5853 1532 5881 ³
1569 5845 1696 5899 τῶν.

1777 5851 1802 5880 °
1835 5845 2116 5916 ἐλεύθερος
2150 5847 2301 5910 Θεός.

2382 5859 2408 5897 ι’
2438 5850 2588 5918 ἀρχιι
2603 5850 2895 5905 πισκόττου.
