4104 6518
269 441 370 498 535
894 439 1432 497 APOLUGETICUS
1470 438 1605 494 PRO
1639 438 1733 492 XII
1775 436 2143 492 CAPITIBUS
2175 436 2455 494 CONTRA
2491 436 2951 496 OlilENTALES.
3454 445 3560 501 326

266 561 624 635 Χριστιανοὶ,
657 561 708 612 εί
749 560 779 612 ό
808 559 875 612 ὲκ
907 558 1132 630 Μαρίας
1161 556 1439 629 προελθὼν
1481 555 1706 622 Κύριος,
1747 554 1845 607 Υἱὲ

1981 563 2276 618 vocantur,
2338 570 2465 608 num
2525 556 2816 621 Dominus,
2868 555 3211 625 quieMaria
3269 563 3558 629 processit.

268 659 369 726 μὲν
399 658 470 727 τῇ
495 652 676 724 οὐσία,
706 653 806 706 xui.
834 656 901 724 τῇ
930 652 1090 722 φύσει
1113 651 1205 705 τοῦ
1229 649 1364 703 Θεοῦ
1389 653 1530 702 ἐστι·
1557 649 1618 701 τὸ
1645 648 1701 700 δὲ
1731 648 1849 700 κατέ

1975 643 2146 697 Filius
2191 644 2405 712 quidem
2463 646 2763 700 substantia
2798 655 2853 700 et
2895 657 3085 700 natura
3130 646 3223 702 Dei
3258 648 3358 711 sit,
3414 653 3559 719 quod

266 748 484 818 σάρκα,
526 746 589 798 ὲκ
644 745 972 814 σπέρματός
1018 744 1132 796 ἔστι
1184 742 1366 804 Δαυῒδ,
1404 740 1604 812 σαρκὸς
1659 740 1717 792 δὲ
1771 740 1849 808 τῆς

1973 749 2098 788 vero
2131 735 2427 789 secundum
2458 750 2700 800 carnem,
2730 751 2793 790 ex
2829 740 3032 792 semine
3063 738 3135 792 sit
3170 738 3361 804 David,
3387 752 3554 794 carne

263 842 445 906 ἁγίας
472 838 730 908 Μαρίνιςς
767 837 924 900 Τίνες
958 837 1014 891 δὲ
1041 836 1148 907 ἄρα
1178 834 1319 888 οὕτω
1350 833 1611 904 τολμηροὶ
1644 833 1843 901 γεγόνα

1972 836 2147 879 autent
2204 835 2407 880 sanctas
2467 827 2710 881 Mariae?
2762 828 2868 894 Qui
2932 838 3109 884 autem
3153 841 3261 884 tam
3329 834 3558 888 audaces

261 946 380 991 σιν,
415 927 560 981 ὥστε
591 930 764 980 εἰπεῖν
794 927 886 978 τὸν
917 926 1153 992 Χριστὸν
1191 925 1284 977 τὸν
1308 924 1473 994 σαρκὶ
1508 923 1750 976 παθόντα
1775 923 1849 977 κα

1974 916 2122 971 fuere
2143 957 2156 982 ,
2187 926 2247 971 ut
2276 918 2541 984 dicerent,
2575 918 2848 974 Christmu
2871 962 2885 984 ,
2919 922 3011 992 qui
3055 936 3217 976 carne
3257 939 3448 993 passus
3475 935 3557 980 est

260 1018 702 1090 ἐσταυρωμένον
739 1017 814 1087 μὴ
866 1013 1007 1070 εἶναι
1056 1017 1287 1086 Κύριον,
1331 1015 1424 1068 καὶ
1475 1014 1734 1085 Σωτῆρα,
1775 1013 1849 1066 κα

1971 1017 2022 1062 et
2056 1009 2351 1065 cruciﬁxus
2371 1049 2384 1074 ,
2417 1026 2520 1064 non
2566 1026 2685 1067 esse
2711 1012 2994 1068 Dominum
3026 1026 3078 1068 et
3102 1013 3434 1071 Salvatnrem
3460 1055 3475 1082 ,
3504 1029 3558 1073 et

257 1111 434 1175 Θεὸν,
474 1111 572 1164 καὶ
599 1109 726 1164 Υίὸν
761 1108 858 1162 τοῦ
905 1108 1153 1178 Πατρός;
1190 1107 1222 1177 ἢ
1261 1107 1377 1171 πῶς
1418 1107 1739 1178 Χριστιανοὶ
1781 1106 1849 1160 θέ-

1970 1097 2135 1152 Deum
2168 1110 2219 1154 et
2246 1099 2438 1154 Filium
2463 1101 2640 1157 Patris
2677 1120 2690 1167 ;
2730 1105 2809 1158 vel
2839 1120 2945 1174 quo
2979 1116 3139 1175 pacto
3172 1108 3354 1162 volunt
3378 1111 3550 1165 nomi-

255 1204 465 1256 λουσιν
506 1200 871 1272 ὀνομάζεσθαι
900 1201 950 1254 οἱ
989 1200 1239 1267 λέγοντες
1278 1201 1354 1262 εἰς
1377 1199 1664 1267 ἄνθρωπον
1689 1199 1862 1267 ἅγιον,

256 1295 340 1357 ὡς
372 1296 474 1348 ἐπὶ
506 1295 603 1348 ἕνα
635 1293 742 1347 τῶν
776 1292 1069 1362 προφητῶν
1094 1290 1411 1362 ἐληλυθέναι
1433 1291 1522 1342 τὸν
1556 1290 1745 1358 Λόγον,
1771 1289 1867 1342 καὶ

260 1391 342 1456 μὴ
364 1387 540 1438 αὐτὰν
570 1386 857 1456 ἄνθρωπον
885 1384 1193 1452 γεγονέναι,
1219 1383 1452 1436 λαϐόντα
1483 1385 1546 1436 ὲκ
1567 1382 1782 1452 Μαρίας
1803 1381 1865 1434 τὸ

253 1481 463 1547 σῶμα,
480 1479 596 1532 ἀλλ’
613 1479 799 1548 ἕτερον
817 1474 955 1529 εἷναι
970 1476 1060 1529 τὸν
1078 1477 1122 1528 Χ
1134 1475 1333 1544 ριστὸν,
1350 1476 1442 1528 καὶ
1458 1474 1542 1527 ἒτε
1553 1490 1644 1546 ρον
1667 1474 1755 1526 τὸν
1772 1473 1864 1526 τοῦ

249 1572 408 1625 Θεοῦ
429 1573 625 1638 Λόγον,
643 1572 732 1624 τὸν
756 1572 860 1641 sep-‘1
874 1570 1113 1641 Μαρίας,
1128 1569 1345 1639 καὶπρὸ
1367 1568 1577 1622 αἰώνων
1594 1568 1720 1621 Υἱὸν
1737 1568 1866 1621 ὄντα

245 1663 356 1718 τοῦ
379 1665 634 1734 Πατρός;
654 1664 684 1734 ἢ
708 1663 822 1726 πῶς
836 1659 1312 1732 εἷναιΧριστιανοὶ
1337 1660 1591 1714 δύνανται
1619 1662 1666 1714 oi
1687 1662 1866 1729 λέγον-

246 1771 351 1817 τες
371 1753 545 1806 ἄλλον
561 1749 698 1806 εἶναι
714 1753 804 1806 τὸν
822 1752 971 1815 Υίδν,
986 1753 1081 1804 καὶ
1101 1751 1261 1805 ἄλλον
1281 1751 1371 1804 τὸν
1389 1751 1483 1804 τοῦ
1505 1750 1639 1804 Θεοῦ
1653 1751 1825 1819 Λόγον
1845 1770 1859 1816 ;

328 1845 588 1907 Ταύταις
621 1847 785 1914 ἡμεῖς
811 1847 931 1906 ταῖς
955 1844 1064 1896 τῶν
1107 1844 1278 1909 ἁγίων
1322 1841 1583 1912 Πατέρων
1618 1842 1862 1911 ἑψόμεθα

1970 1190 2087 1244 nari
2136 1190 2459 1260 Christiani,
2503 1196 2591 1263 qui
2641 1196 2826 1250 dicunt
2880 1197 2931 1250 in
2969 1199 3237 1252 hominem
3285 1212 3552 1270 sanctum,

1968 1281 2107 1334 sicut
2147 1281 2199 1334 in
2231 1297 2394 1335 unum
2450 1284 2868 1352 prophetarum,
2926 1289 3139 1343 venisse
3195 1287 3425 1345 Verbum
3452 1333 3466 1356 ,
3499 1303 3556 1348 et

1969 1387 2072 1426 non
2107 1372 2278 1442 ipsum
2311 1374 2580 1429 hominem
2620 1375 2842 1440 factum,
2872 1393 2993 1432 cmn
3025 1383 3254 1450 sumpsit
3285 1397 3349 1435 ex
3379 1383 3550 1439 Maria

1967 1479 2207 1534 corpus:
2238 1465 2330 1520 sed
2388 1465 2550 1520 alium
2600 1483 2721 1523 esse
2770 1468 3085 1536 Christum,
3126 1485 3179 1525 et
3224 1473 3390 1528 alium
3457 1477 3550 1530 Dei

1968 1551 2204 1607 Verbum
2250 1556 2390 1623 quod
2442 1567 2568 1611 ante
2605 1557 2827 1611 Mariam
2896 1571 2949 1613 et
2976 1573 3102 1614 aute
3138 1565 3330 1618 saecula
3381 1566 3551 1622 Filius

1965 1655 2083 1700 erat
2117 1645 2290 1699 Patris
2319 1647 2447 1702 ivel
2479 1651 2747 1717 quomodo
2793 1648 3088 1705 Christiani
3125 1669 3244 1709 esse
3297 1669 3548 1725 possunt,

1967 1736 2208 1792 dicentes
2245 1737 2407 1791 alium
2430 1753 2550 1794 esse
2574 1738 2768 1793 Filium
2793 1779 2809 1804 ,
2843 1750 2897 1795 et
2923 1742 3086 1796 alium
3125 1744 3214 1799 Dei
3268 1745 3551 1802 Verbum?

2038 1827 2147 1882 Has
2180 1844 2280 1884 nos
2312 1841 2624 1885 sanctorum
2650 1830 2875 1887 Patrum
2909 1849 3202 1903 sequemur
3231 1842 3545 1896 sententias.

244 1936 473 2001 δόξαις.
513 1899 586 1986 Εἰ.
721 1899 806 1997 τίς
854 1899 1362 2003 ἑτεροδιδασκαλεῖ,
1401 1899 1495 1984 καί
1550 1899 1849 2005 ἑτερόιρρωι

1970 1918 2025 1973 Si
2057 1929 2237 1974 autem
2298 1924 2421 1989 quis
2451 1923 2728 1978 diversum
2769 1926 2962 1990 docet,
2996 1938 3050 1980 et
3075 1929 3346 1982 diversum
3380 1932 3545 2001 sapit,

245 2028 442 2088 ἐστὶν,
485 2026 593 2090 ἔξω
619 2026 717 2095 τῆς
754 2029 834 2088 είς
872 2026 1024 2085 εὐθὺ,
1062 2025 1158 2078 καὶ
1193 2023 1479 2095 βασιλικῆς
1503 2023 1728 2094 φέρεται
1754 2025 1863 2095 τρί-

245 2120 382 2171 δου.
423 2119 552 2170 Ὀτι
591 2118 646 2170 δὲ
678 2118 772 2170 καὶ
807 2117 868 2170 τὸ
900 2117 1179 2188 σαρκικῶς
1224 2115 1480 2183 λέγεσθαι
1534 2115 1862 2186 γεννηθῆναι

243 2211 537 2283 Χριστὸν,
595 2210 692 2261 οὐκ
724 2208 994 2278 ἀσύνηθες
1030 2211 1142 2272 τοῖς
1174 2207 1350 2275 ἁγίοις
1407 2207 1708 2276 Πατράσιν,
1747 2207 1862 2259 ἐστι

241 2303 306 2354 δὲ
344 2302 422 2370 δὴ
455 2300 660 2370 μᾶλλον
705 2300 799 2352 καὶ
849 2301 1059 2370 ἑτέροις
1117 2297 1372 2368 ἐντριϐὴς
1420 2299 1452 2365 ὴ
1491 2298 1656 2362 λέξις,
1708 2297 1861 2351 οὐδὲν

241 2387 429 2462 ἦττον
463 2392 596 2458 ἡμῖν
641 2389 847 2459 ἀληθὲς
885 2390 1133 2460 ὑπάρχον
1178 2386 1468 2441 ἀποφαίνει
1500 2388 1559 2438 τὸ
1596 2388 1856 2439 ὑποτετα-

241 2483 468 2552 γμένον
505 2480 669 2549 ῥητόν
687 2497 701 2510 ο
737 2479 848 2550 ἔχει
871 2480 928 2532 δὲ
955 2480 1149 2543 οὕτως’

533 2592 912 2660 Ἀμφιλοχίου
951 2592 1292 2645 ἐπισκόπου
1331 2591 1602 2643 Ἰκονίου.

322 2680 396 2730 Ei
434 2679 513 2747 μὴ
547 2682 655 2748 γὰρ
692 2681 905 2741 ἐκεῖνος·
935 2678 1197 2748 ἐγεννήθη
1231 2679 1533 2748 σαρκικὼς,
1561 2679 1660 2731 οὐκ
1693 2679 1758 2731 ἂν
1791 2678 1856 2731 σὺ

242 2771 566 2840 ἐγεννήθης
592 2772 984 2840 πνευματικῶς
1008 2789 1021 2801 ο
1052 2774 1102 2823 εἰ
1133 2773 1209 2843 μὴ
1237 2773 1444 2834 ἐκεῖνος
1472 2773 1729 2841 ἠνέσχετο
1756 2770 1857 2840 τῆς

239 2862 346 2913 τοῦ
376 2861 575 2913 δούλου
622 2862 859 2931 μορφῆς,
901 2863 1001 2914 οὐκ
1031 2863 1097 2916 ἂν
1130 2867 1194 2916 σὺ
1223 2864 1320 2934 τὴν
1352 2863 1510 2927 δόξαν
1541 2863 1638 2932 τῆς
1675 2861 1852 2914 υἱοθεο

245 2955 384 3014 σίας
415 2952 739 3022 ἐκέρδανας.
793 2955 958 3025 Δηλοῖ
996 2955 1052 3008 δὲ
1102 2955 1380 3008 κάνταῦθα
1419 2955 1502 3018 τὸ,
1550 2952 1850 3023 σαρκικῶς,

243 3046 332 3107 τὸ,
370 3044 521 3098 κατὰ
572 3047 786 3117 σάρκαο
836 3047 1090 3100 καθάπεο
1138 3048 1330 3100 ἀμέλει
1393 3046 1455 3099 τὸ
1520 3045 1738 3108 θεῖκῶς,
1768 3045 1847 3109 τὸ,

247 3135 408 3188 κατὰ
429 3137 691 3205 θεότητα.

700 3251 1290 3306 ΑΝΑΘΕΜΑΤΙΣΜΟΣ
1327 3253 1398 3306 Γ’.

321 3366 398 3419 Et
432 3384 516 3430 τις
549 3367 642 3420 ἐπὶ
671 3365 768 3418 τοῦ
809 3367 930 3428 ἑνὸς
969 3366 1207 3435 Χριστοῦ
1249 3367 1450 3437 διαιρεῖ
1488 3366 1584 3430 τὰς
1611 3367 1849 3420 ὑποστά-

248 3473 372 3519 σεις
403 3457 542 3525 μετά
601 3455 700 3526 τὴν
731 3453 945 3519 ἕνωσιν,
1005 3455 1145 3525 μόνῃ
1181 3455 1469 3509 συνάπτων
1519 3456 1688 3518 αὑτὰς
1727 3473 1850 3507 συν-

245 3548 424 3617 αφείᾳ
451 3552 518 3620 τῇ
555 3550 698 3602 κατὰ
729 3547 827 3617 τὴν
853 3547 1011 3612 ἀξίαν
1041 3587 1054 3612 ,
1088 3548 1255 3616 ἤγουν
1288 3548 1594 3610 αύθεντίαν,
1625 3547 1657 3618 ἢ
1693 3546 1852 3600 δυνα-

248 3641 444 3692 στείαν
468 3681 484 3704 ,
524 3641 620 3692 καὶ
652 3641 774 3709 οὐχὶ
806 3638 871 3706 δὴ
921 3637 1125 3706 μᾶλλον
1158 3638 1359 3708 συνόδῳ
1390 3641 1454 3690 τῆ
1494 3638 1615 3692 καθ’
1657 3639 1849 3692 ἕνωσιν

248 3731 498 3799 φυσικήν
522 3746 536 3760 ⁸
564 3729 816 3800 ἀνάθεμα
846 3728 1006 3784 ἔστω.

577 3841 964 3909 Ἀντίρῤησις
989 3840 1107 3894 τῶν
1140 3841 1548 3897 Ἁνατολικῶν.

327 3934 504 3987 Πάλιν
536 3934 702 3986 αὐτὸν
723 3933 830 3986 τῶν
862 3933 1027 3985 αὑτοῦ
1061 3934 1451 4002 ὑπομνήσομεν
1473 3944 1500 3981 (ι
1528 3933 1722 4000 λόγων,
1748 3935 1849 3987 δει-

251 4024 482 4087 κνύντες
509 4024 674 4075 αὐτὸν
713 4022 805 4075 δύο
836 4024 1163 4087 ὑποστάσεις
1193 4024 1438 4092 λέγοντα,
1475 4025 1532 4076 ὲν
1569 4019 1650 4086 οἷς
1683 4042 1846 4095 φησιν

251 4123 309 4174 ἐν
334 4118 414 4187 τῷ
437 4119 640 4187 πρώτῳ
666 4119 839 4187 τόμῳ·
875 4118 1082 4172 Οὐκοῦν
1108 4118 1230 4170 ὅσον
1256 4119 1331 4179 εἰς
1376 4117 1510 4168 ἰδίαν
1536 4116 1718 4185 φύσιν,
1748 4118 1845 4188 οὐχ

247 4212 520 4281 ηγίασται
552 4211 713 4279 μόνος
745 4211 774 4262 ὁ
815 4213 880 4262 ὲκ
931 4209 1067 4262 Θεοῦ
1103 4211 1320 4279 Πατρὺς
1361 4209 1532 4275 Λόγος
1557 4225 1569 4236 ο
1612 4212 1659 4261 εί
1694 4210 1750 4261 δὲ
1779 4210 1842 4280 δή

249 4319 333 4365 τις
367 4302 533 4353 οἴοιτο
562 4301 655 4353 τὸν
699 4303 762 4352 ἐκ
794 4302 891 4370 τῆς
938 4301 1101 4368 ἁγίας
1149 4301 1422 4371 Παρθένου
1448 4301 1844 4371 γεγεννημένον

251 4392 545 4461 κεκρίσθαι
601 4407 659 4442 τε
712 4391 815 4442 ’καὶ
865 4391 1122 4458 ἡγιάσθαι
1205 4390 1385 4460 μόνον,
1444 4391 1698 4461 ταύτῃτοι
1749 4391 1844 4443 καὶ

249 4482 574 4551 ὠνομάσθαι
626 4481 758 4533 Θεόν
784 4491 805 4518 ι’
838 4496 850 4509 ·
887 4481 1006 4544 πῶς
1048 4476 1141 4534 οὖν
1164 4483 1239 4543 ὼς
1294 4481 1684 4551 ἐπιλαθόμενος
1734 4483 1841 4534 τῶν

1965 2020 2116 2065 extra
2146 2021 2344 2067 rectam
2364 2019 2418 2067 et
2442 2014 2644 2084 regiam
2681 2016 2820 2070 viam
2849 2017 3043 2072 fertur.
3102 2019 3253 2085 Quod
3289 2031 3468 2075 autem
3492 2034 3547 2076 et

1965 2103 2258 2158 carnaliter
2286 2104 2391 2158 dici
2422 2116 2605 2159 natum
2653 2121 2776 2163 esse
2807 2107 3105 2176 Christum,
3131 2127 3235 2164 non
3270 2113 3542 2168 insolitum

1968 2193 2040 2248 sit
2083 2196 2287 2250 sanctis
2335 2196 2625 2264 Patribus,
2657 2200 2768 2254 imo
2810 2216 2938 2256 vero
2972 2203 3134 2256 etiam
3175 2203 3299 2258 aliis
3354 2206 3544 2261 tritum

1966 2287 2220 2350 verbum,
2269 2304 2372 2342 non
2411 2290 2590 2344 minus
2633 2307 2823 2346 verum
2876 2295 3031 2350 nobis
3078 2311 3202 2351 esse
3258 2298 3546 2369 subjuncta

1965 2377 2124 2430 verba
2168 2379 2560 2435 demonstrant.
2605 2381 2676 2436 Ea
2705 2383 2783 2438 sic
2810 2385 3016 2440 habent

2332 2579 2684 2649 Amphiloclzii
2717 2584 2951 2651 episc0pi
2993 2584 3183 2638 lcanii.

2031 2667 2144 2722 Nisi
2177 2668 2320 2721 enim
2354 2669 2439 2723 ille
2496 2679 2657 2725 natus
2693 2682 2839 2725 esset
2881 2675 3206 2740 carnaliter,
3259 2692 3430 2746 neque
3482 2688 3539 2734 tu

1961 2769 2115 2813 natus
2152 2774 2301 2814 esses
2336 2762 2650 2830 spiritaliter
2683 2778 2696 2816 :
2737 2764 2835 2819 nisi
2866 2763 2954 2819 ille
2982 2767 3193 2821 tulisset
3235 2772 3374 2824 servi
3425 2770 3538 2826 for-

1959 2866 2131 2917 mam,
2165 2867 2342 2921 neque
2383 2862 2435 2907 tu
2477 2854 2703 2923 gloriam
2740 2856 3044 2927 adoptionis
3085 2858 3313 2915 filiorum
3352 2874 3542 2918 nactus

1955 2955 2129 2995 esses.
2196 2941 2480 3013 Significat
2540 2954 2719 2999 autem
2773 2958 2825 3001 et
2880 2950 2979 3003 hoc
3037 2950 3156 3005 loco
3209 2955 3537 3020 carnaliter,

1955 3031 2096 3087 idem
2129 3035 2271 3101 quod
2301 3035 2598 3090 secundum
2628 3052 2871 3105 carnem,
2898 3041 3042 3095 sicut
3073 3043 3284 3099 scilicet
3336 3046 3538 3114 divine,

1954 3124 2257 3178 secundum
2290 3124 2652 3184 divinitatem.

2369 3237 3009 3301 ANATHEMATISMUS
3048 3244 3138 3301 111.

2026 3346 2083 3400 Si
2121 3347 2242 3416 quis
2274 3348 2324 3402 in
2368 3365 2474 3404 uno
2509 3350 2726 3407 Christo
2755 3365 2878 3423 post
2923 3358 3181 3413 unionem
3212 3361 3396 3415 dividit
3440 3362 3541 3432 hy-

1954 3446 2233 3505 postases,
2288 3440 2542 3511 ipsasque
2585 3453 2795 3499 tantum
2846 3448 3231 3518 conjunctione
3286 3453 3426 3507 inter
3479 3469 3541 3509 se

1954 3531 2250 3595 connectit,
2286 3546 2404 3600 qua:
2437 3537 2734 3589 secundum
2770 3539 3110 3607 dignitatem,
3144 3541 3258 3596 sive
3298 3545 3538 3599 auctori-

1956 3630 2144 3688 tatem,
2177 3622 2259 3677 vel
2296 3634 2642 3691 potestatem,
2671 3635 2722 3681 et
2761 3643 2863 3681 non
2898 3632 3074 3697 potius
3114 3649 3407 3700 concursu,
3445 3640 3536 3707 qui

1952 3721 2037 3766 est
2071 3714 2367 3768 secundum
2401 3715 2704 3770 naturalem
2738 3719 3020 3773 unionem:
3052 3727 3338 3779 anathema
3369 3727 3461 3784 sit.

2329 3826 2488 3899 164
2534 3827 2884 3883 Orientalium
2929 3833 3172 3901 objectio.

2023 3917 2220 3972 lterum
2243 3918 2390 3973 illum
2415 3936 2634 3976 suorum
2655 3926 3206 3983 commonefaciemus
3221 3945 3532 3996 vcroorum,

1950 4012 2298 4065 ostendentes
2345 4014 2520 4080 ipsum
2550 4014 2685 4068 duas
2711 4015 3091 4074 subsistentias
3127 4022 3347 4076 dixisse.
3395 4023 3534 4079 Dicit

1949 4102 2092 4154 enim
2122 4102 2173 4154 in
2198 4103 2370 4171 primo
2403 4114 2548 4158 tomo
2586 4124 2597 4158 :
2639 4106 2820 4175 Itaque
2848 4122 3109 4176 quantum
3136 4114 3201 4165 ad
3243 4129 3395 4167 suam
3431 4132 3528 4168 nas»

1952 4201 2150 4254 turam,
2181 4208 2286 4245 non
2322 4195 2726 4250 sanctificatum
2759 4207 2843 4252 est
2865 4202 3038 4254 solum
3068 4200 3158 4255 Dei
3193 4202 3370 4257 Patris
3400 4206 3532 4260 Ver-

1949 4285 2096 4337 bum.
2128 4282 2181 4337 Si
2215 4292 2394 4338 autem
2428 4287 2550 4355 quis
2586 4289 2882 4357 putaverit,
2926 4307 3073 4357 eum,
3108 4295 3196 4362 qui
3233 4310 3296 4349 ex
3342 4309 3526 4352 sancta

1948 4373 2169 4445 Virgine
2215 4377 2430 4444 genitus
2474 4387 2578 4442 est,
2613 4387 2835 4433 unctum
2871 4396 2988 4436 esse
3034 4393 3087 4436 et
3134 4387 3528 4441 sanctificatum

1948 4464 2140 4530 solum,
2161 4467 2261 4520 hac
2283 4468 2491 4523 ratione
2513 4470 2677 4523 etiam
2707 4473 3040 4528 nominatum
3059 4475 3350 4535 Christum.
3387 4479 3529 4546 Quo-

252 4574 475 4641 ἑαυτοῦ,
499 4577 578 4637 εἱς
611 4574 739 4644 μίαν
771 4575 1066 4627 ὑπόστασιν
1093 4575 1311 4642 συνάγει
1339 4574 1581 4642 συγχέων
1607 4574 1703 4637 τὰς
1735 4574 1836 4643 φύε

1954 4558 2106 4612 modo
2155 4559 2340 4628 igitur,
2389 4563 2546 4630 quasi
2581 4565 2784 4619 oblitus
2831 4582 3053 4621 suorum
3106 4572 3410 4637 verborum,
3459 4575 3526 4627 ad

253 4685 395 4730 σεις,
428 4667 667 4736 φυσικὴν
700 4666 798 4735 τὴν
834 4665 984 4718 θείαν
1012 4666 1204 4718 ἕνωσιν
1244 4666 1566 4728 damnaui»;
1617 4667 1725 4718 Kal.
1755 4667 1839 4729 τίς

250 4776 386 4811 ποτε
419 4758 782 4828 παραδέξεται
815 4759 1050 4828 φυσικὴν
1079 4757 1176 4828 τὴν
1213 4757 1362 4810 θείαν
1385 4758 1577 4810 ἕνωσιν
1607 4757 1700 4810 τοῦ
1738 4776 1838 4827 μυ-

249 4851 482 4920 στηρίου
521 4851 622 4919 τῆς
668 4849 1019 4918 οἱκονομίας;
1052 4849 1115 4901 Εἰ
1161 4848 1272 4919 γὰρ
1309 4850 1513 4918 φυσικὴ
1556 4851 1588 4918 ἡ
1622 4850 1833 4915 ἓνωσις,

250 4943 357 4995 ποῦ
384 4946 416 5012 ἡ
459 4942 652 5012 χὰριςς
684 4940 789 4995 ποῦ
823 4942 885 4994 τὸ
939 4941 1082 4994 θεῖον
1121 4942 1452 5012 μυστήριονς
1481 4944 1547 4994 Αἰ
1587 4943 1695 5012 γὰρ
1729 4942 1834 5010 φύ-

247 5053 388 5098 σεις,
423 5037 500 5097 ὡς
528 5032 910 5104 δεδιδάγμεθα,
939 5031 1084 5098 ἅπαξ
1114 5032 1263 5103 παρὰ
1301 5032 1394 5085 τοῦ
1411 5033 1669 5096 τάξαντος
1698 5033 1832 5086 Θεοῦ

245 5129 533 5192 sta-reiecit,
569 5125 818 5194 ἀνάγκης
865 5123 1157 5194 ἀκολουθία
1184 5132 1204 5158 ³
1247 5123 1620 5177 δουλεύουσιν·
1672 5125 1704 5194 ἢ
1738 5127 1834 5178 καὶ

243 5218 403 5270 ἔσται
438 5217 601 5270 πάλιν
634 5215 777 5268 κατὰ
811 5214 1202 5284 ἁνακύκλησιν,
1239 5215 1331 5268 καὶ
1371 5215 1583 5284 φύσεως
1609 5217 1832 5269 ἀκολου-

242 5308 368 5359 θίαν
402 5307 466 5359 τὸ
493 5308 590 5377 τῆς
629 5308 946 5377 οἰκονομίας
989 5310 1175 5379 χρῆμα
1215 5307 1354 5359 κατὰ
1384 5307 1474 5359 τὸν
1504 5306 1686 5378 λῆρον,
1737 5308 1828 5359 καὶ

242 5398 468 5467 μυθώδη
512 5398 612 5468 τῆς
651 5397 1144 5469 χιλιονταετηρίδος
1173 5395 1269 5450 τοῦ
1304 5396 1622 5465 δυσωνύμου
1667 5396 1826 5449 Ἀπο-

239 5489 490 5562 λιναρίου
517 5490 767 5562 δόγματα
784 5508 800 5556 ;

1948 4668 2108 4704 unam
2155 4653 2467 4721 hypostasin
2515 4656 2679 4723 cogit,
2715 4667 2935 4712 naturas
2967 4659 3322 4726 confundens,
3369 4677 3528 4717 naltt-

1942 4745 2109 4801 ralem
2145 4747 2382 4800 divinam
2435 4749 2730 4804 unitiouem
2778 4753 3105 4807 nominans?
3149 4755 3210 4808 Et
3262 4756 3382 4825 quis
3428 4774 3548 4813 un-.

1941 4852 2100 4906 quam
2139 4837 2386 4891 admittet
2422 4840 2721 4894 naturalem
2750 4841 2986 4895 divinam
3023 4844 3319 4899 unitiouem
3357 4847 3407 4899 iu
3439 4864 3525 4902 sa-

1941 4939 2220 4983 eramento
2249 4930 2712 4997 dispensationis?
2758 4933 2813 4987 Si
2852 4935 2995 4988 enim
3038 4937 3300 4990 naturalis
3330 4940 3520 5004 unitio,

1944 5021 2030 5074 uhi
2088 5021 2299 5089 gratia?
2365 5021 2452 5075 ubi
2507 5023 2747 5076 divinum
2802 5029 3244 5081 sacramentum?
3307 5026 3523 5086 Natura:

1941 5112 2107 5175 enim,
2146 5122 2201 5165 ut
2230 5113 2408 5166 edocti
2444 5128 2650 5177 sumus,
2676 5115 2843 5168 semel
2874 5115 2942 5169 ab
2965 5117 3253 5173 ordinante
3288 5120 3395 5174 Deo
3426 5138 3520 5176 or-

1940 5205 2172 5267 dinatae,
2241 5205 2564 5258 necessariis
2612 5209 3015 5274 consequentiis
3063 5211 3330 5265 serviunt.
3381 5212 3517 5268 Num

1938 5297 2098 5349 etiam
2138 5295 2333 5348 iterum
2363 5296 2470 5350 erit
2502 5299 2794 5352 secundum
2826 5300 3214 5355 revolutionem
3239 5315 3291 5358 et
3315 5315 3519 5362 nalurac

1936 5388 2379 5454 consequentiam
2435 5390 2855 5459 dispensationis
2915 5407 3050 5461 Opus
3107 5394 3258 5462 juxta
3318 5398 3515 5452 delira-

1937 5484 2140 5544 menta,
2175 5477 2528 5549 fabulosaqne
2569 5481 2713 5536 mille
2746 5497 3009 5540 annorum
3056 5485 3276 5541 infausti
3308 5488 3515 5560 Apolli-

1938 5569 2074 5626 narii
2106 5569 2395 5641 dogmata?

1296 5710 1471 5765 Varia:
1494 5711 1751 5764 lectiones
1785 5725 1846 5763 ex
1875 5708 2062 5763 codice
2089 5706 2462 5776 Seguieriano.

306 5878 334 5917 ιι
363 5870 790 5942 ὑπομνήσωμεν.
879 5875 900 5903 τ
934 5866 1186 5938 Χριστόν.

1271 5877 1290 5903 η
1325 5868 1596 5935 ταγεῖσαι,
1633 5863 1896 5932 ἀνάγκαις
1929 5862 2274 5934 ἀκολουθίας,
2301 5866 2341 5936 ἣ
2373 5868 2539 5935 ἴσως,
2584 5869 2921 5939 ἀναγκαίαις
2945 5873 3309 5939 ἀκολουθίαις.
