4106 6552
645 491 751 546 327

1198 599 1388 672 Cyrilli
1429 600 1684 669 defensio.

723 713 951 769 Divinos
985 711 1203 778 Paulus,
1228 713 1498 782 quomodo
1527 712 1726 767 factum
1755 714 1826 768 sit
1854 713 2014 766 homo
2050 713 2235 783 unige-

650 808 823 861 nitum
861 805 953 860 Dei
993 805 1251 870 Verbum,
1276 816 1332 858 ut
1360 805 1530 859 tidelis
1554 805 1896 874 dispensator
1931 819 2236 859 sacramen-

653 908 826 951 torum
858 896 948 950 Dei
973 897 1113 960 ",et
1142 897 1312 966 ipsum
1336 894 1539 949 habens
1571 896 1622 948 in
1656 911 1716 950 se
1741 895 2046 960 loquentem
2074 895 2234 948 Chri-

649 1000 790 1044 stum
819 987 886 1054 ⁸⁸,
923 988 1208 1042 manifeste
1239 988 1491 1043 omnibus
1519 988 1816 1043 ostendens
1849 1006 1862 1041 :
1897 1007 1915 1039 ι
1945 986 2060 1040 Non
2089 988 2232 1041 enim

650 1080 869 1149 angelos
900 1078 1278 1149 apprehendit,
1301 1080 1501 1148 inquit,
1531 1079 1624 1133 sed
1658 1092 1840 1133 semen
1876 1079 2109 1133 Abraha:
2139 1094 2232 1148 ap-

649 1172 1020 1239 prehendit".
1052 1191 1070 1224 ι
1097 1170 1250 1227 Unde
1267 1171 1525 1239 Oportuit,
1550 1187 1673 1226 eum
1709 1186 1804 1240 per
1837 1172 2018 1225 omnia
2050 1171 2234 1225 fratri-

648 1266 747 1318 bus
778 1264 1006 1318 similem
1042 1261 1188 1328 lieri,
1221 1271 1278 1315 ut
1312 1261 1621 1316 misericors
1641 1271 1696 1316 et
1729 1262 1898 1315 ﬁdelis
1918 1261 2069 1315 ﬁeret
2105 1277 2233 1330 pon-

650 1355 779 1409 tifex
813 1355 862 1408 in
899 1354 1005 1415 his,
1041 1367 1160 1422 qua:
1189 1353 1256 1405 ad
1293 1352 1460 1406 Deum
1494 1352 1558 1405 ⁸⁰.
1599 1350 1706 1405 Nos
1731 1366 1863 1404 vero
1896 1361 1952 1402 ut
1989 1350 2230 1404 rectissi-

648 1464 735 1504 me
784 1448 1055 1516 prolatum
1089 1447 1188 1499 hoc
1223 1443 1442 1500 dictum'
1474 1453 1658 1498 nostra
1713 1443 1982 1497 sententia
2033 1442 2226 1510 proba-

647 1552 787 1602 mus,
817 1541 1108 1604 sequentes
1138 1532 1339 1601 ubique
1375 1531 1636 1586 divinitus
1665 1531 1956 1600 inspiratas
1979 1530 2231 1599 Scriptu-

646 1644 757 1692 ras,
795 1637 848 1682 et
891 1627 1045 1679 valde
1087 1623 1422 1678 admirantes
1471 1622 1845 1691 theologorum
1897 1635 2078 1684 voces,
2125 1620 2231 1673 imo

645 1734 737 1773 eas
774 1735 870 1787 pro
911 1716 1114 1771 divinis
1162 1715 1369 1785 legibus
1407 1713 1691 1778 habentes,
1731 1712 1963 1767 dicimus
1995 1710 2088 1764 Dei
2125 1709 2228 1764 Pa-

646 1809 742 1861 tris
774 1806 1007 1860 Verhum
1057 1818 1164 1858 non
1215 1802 1644 1873 apprehendisse
1688 1815 1867 1870 neque
1916 1810 2227 1855 sanctorum

645 1900 982 1969 angelorum,
1019 1913 1194 1969 neque
1217 1913 1369 1952 suam
1400 1906 1649 1950 naturam
1684 1913 1697 1950 :
1725 1895 1999 1950 credimus
2025 1905 2225 1958 autem,

643 1992 939 2048 secundum
965 1991 1107 2060 quod
1134 1989 1307 2044 sacris
1339 1987 1562 2042 Litteris
1598 1987 1834 2051 videtur,
1863 1986 2006 2055 quod
2036 1985 2228 2040 obum-

643 2087 808 2140 brans
841 2095 1042 2140 sanctae
1075 2084 1310 2152 Virgini,
1355 2092 1541 2151 utpote
1573 2081 1746 2134 virtus
1772 2080 2040 2133 exsistens
2073 2080 2227 2132 altis-

642 2175 765 2227 simi
804 2173 1000 2238 Patris,
1039 2172 1294 2227 tormavit
1329 2171 1430 2226 sibi
1470 2184 1668 2236 corpus
1700 2183 1765 2222 ex
1804 2168 1914 2233 illa,
1956 2179 2227 2221 verumta-

643 2280 763 2319 men
792 2282 886 2334 per
916 2265 1290 2333 operationem
1321 2262 1495 2317 sancti
1528 2261 1794 2331 Spiritus;
1829 2271 1881 2316 et
1909 2260 2106 2316 factum
2142 2270 2226 2315 est

643 2359 822 2424 homo,
858 2356 1296 2427 appellatumque
1337 2361 1421 2408 est
1458 2352 1598 2408 illius
1627 2353 1856 2408 Abrahm
1893 2363 1946 2407 et
1975 2353 2222 2417 Davidis;

642 2465 745 2504 non
785 2449 1040 2503 amittens
1079 2458 1300 2517 propter
1330 2444 1749 2510 humanitatem,
1775 2443 1918 2513 quod
1959 2444 2030 2499 sit
2058 2443 2225 2498 Filius

643 2541 734 2595 Dei
763 2549 816 2594 et
855 2539 1030 2593 Patris
1073 2537 1370 2593 secundum
1419 2536 1740 2599 veritatem;
1789 2549 2013 2589 manens
2043 2546 2222 2591 autem

642 2632 844 2699 potius,
877 2631 1126 2700 quamvis
1154 2628 1357 2682 factum
1390 2627 1462 2681 sit
1493 2640 1644 2687 caro,
1681 2623 1838 2695 165
1874 2625 1924 2679 in
1955 2637 2145 2680 natura
2171 2637 2225 2681 et

638 2721 929 2776 eminentia
949 2727 1002 2772 et
1024 2717 1194 2787 gloria
1213 2717 1452 2770 deitatis.
1487 2714 1843 2768 lmmutabilis
1870 2715 2012 2767 enim
2047 2723 2149 2777 est,
2170 2722 2225 2767 et

637 2812 990 2868 conversione
1007 2808 1298 2878 potentior,
1315 2817 1373 2860 ut
1393 2805 1552 2861 Deus.
1572 2805 1664 2859 Est
1678 2805 1840 2875 igitur
1858 2819 1996 2858 unus
2012 2815 2066 2858 et
2080 2803 2221 2859 idem

635 2912 690 2956 et
711 2900 880 2955 Filius
902 2907 956 2953 et
981 2897 1238 2952 Dominus
1266 2906 1319 2951 et
1361 2906 1488 2950 ante
1524 2905 1578 2950 et
1616 2906 1737 2964 post
1770 2896 2219 2950 incarnationem.

640 2994 888 3048 Dividere
911 3000 1091 3045 autem
1122 3004 1286 3042 unum
1323 2988 1376 3041 in
1403 2988 1540 3042 duos
1569 2987 1726 3052 tilios,
1755 2996 1811 3042 et
1837 2986 2049 3041 solvere
2083 3001 2223 3040 vera:

639 3085 897 3140 nnitionis
941 3096 1102 3152 opus,
1135 3080 1518 3148 distinguendo
1559 3093 1826 3144 seorsum,
1876 3088 1929 3134 et
1974 3080 2222 3149 ponendo

639 3177 888 3246 privatim
910 3174 1208 3236 hominem,
1226 3181 1280 3225 et
1308 3170 1560 3240 privatim
1588 3171 1775 3237 Deum,
1801 3171 1972 3225 crime
1996 3187 2028 3223 ιι
2055 3179 2140 3225 est
2165 3169 2219 3224 in

638 3272 826 3340 primis
859 3271 1101 3337 impium.
1131 3265 1300 3320 Porro
1322 3263 1603 3318 Nestorius
1631 3264 1733 3318 ista
1767 3279 1952 3331 parum
1991 3279 2216 3332 curans,

636 3363 798 3416 audet
832 3361 961 3430 ipsis
990 3357 1256 3413 verbissic
1281 3356 1464 3410 dicere
1497 3372 1510 3408 :
1547 3373 1565 3404 ι
1593 3354 1704 3408 lloc
1733 3353 2006 3408 sentitein
2037 3355 2218 3421 vobis,

636 3455 780 3523 quod
813 3451 936 3505 etin
967 3449 1184 3504 Christo
1208 3445 1357 3510 Jesu,
1393 3444 1487 3515 qui
1509 3444 1560 3498 in
1595 3443 1765 3499 forma
1799 3444 1893 3498 Dei
1923 3445 2218 3510 exsistcns,

636 3546 873 3615 scipsum
901 3539 1219 3603 exinanivit,
1250 3539 1478 3592 formam
1501 3536 1641 3590 servi
1668 3532 2060 3606 accipiens“.i
2105 3536 2217 3592 Non

635 3637 774 3691 dixit
814 3652 830 3690 :
877 3633 988 3688 lloc
1021 3633 1220 3687 sentite
1255 3631 1306 3682 in
1340 3627 1511 3692 vobis,
1536 3628 1677 3696 quod
1708 3639 1763 3682 et
1795 3629 1846 3682 in
1883 3628 1990 3682 Deo
2019 3627 2216 3692 Verbo,

633 3728 776 3797 quod
805 3725 1045 3779 informa
1073 3723 1163 3776 Dei
1184 3721 1477 3784 exsistens,
1510 3720 1651 3773 servi
1681 3719 1910 3792 formam
1944 3720 2213 3788 suscepit:

634 3823 728 3875 sed
753 3835 874 3874 cum
906 3818 1208 3886 accepisset
1241 3813 1342 3867 hoc
1364 3826 1586 3875 nomen,
1618 3811 1886 3874 Christus,
1917 3813 2214 3866 utduarum

633 3921 945 3966 naturarum
962 3907 1374 3979 appellationem
1400 3904 1835 3974 signiticativam,
1853 3904 1967 3957 sine
1981 3902 2217 3972 periculo

633 4008 806 4076 ipsum
860 4014 914 4058 et
958 4003 1098 4057 servi
1146 4001 1372 4055 formam
1413 3999 1547 4053 dicit
1595 4000 1920 4066 suscepisse,
1959 4008 2011 4052 et
2046 3998 2213 4053 Deum

635 4099 898 4159 nominat,
950 4096 1079 4148 dum
1121 4108 1208 4156 ea,
1249 4107 1365 4161 qua:
1396 4093 1674 4151 dicuntur.
1729 4091 1779 4142 in
1816 4095 1948 4143 duas
1995 4100 2216 4145 naturas

631 4189 748 4242 sine
773 4186 1191 4256 reprehensione
1212 4183 1548 4236 dividuntur.
1583 4181 1635 4235 In
1661 4181 1827 4235 altera
1852 4191 2030 4236 autem
2059 4197 2215 4236 enar-

631 4281 838 4335 ratione
884 4280 1078 4332 iterum
1126 4276 1258 4330 dicit
1315 4291 1329 4326 ε
1386 4293 1402 4325 ι
1440 4274 1508 4329 Ut
1539 4276 1593 4328 in
1631 4273 1848 4327 nomine
1888 4270 2014 4328 Jesu
2055 4287 2216 4328 omne

627 4390 764 4445 genu
789 4352 1032 4426 ﬂectatur
1047 4368 1375 4434 caelestium,
1393 4367 1731 4422 terrestrium
1755 4380 1809 4420 et
1836 4366 2169 4420 infernorum
2196 4384 2210 4420 :

1642 487 1704 543 S.
1743 483 2019 542 CYltl-LLI
2060 483 2529 544 ALEXANDRINI
2567 490 2886 547 ARCHIEP.

3809 493 3916 554 528

2810 605 3118 676 Ἀπολογία
3146 606 3468 674 Κινρίλλου.

2419 715 2475 768 Ὀ
2507 716 2790 781 θεσπέσιος
2837 718 3046 782 Παῦλος
3075 719 3155 781 τὸ,
3202 720 3324 773 τίνα
3355 720 3418 791 δὴ
3457 736 3659 790 τροπον
3693 721 3917 791 γέγονεν

2336 806 2622 876 ἄνθρωπος
2677 809 2705 860 ό
2756 809 3054 878 μονογενὴς
3098 809 3193 861 τοῦ
3249 809 3382 862 Θεοῦ
3431 811 3634 878 Λόγος,
3688 813 3918 884 ἐναργὲς

2336 896 2507 948 ἅπασι
2538 897 2817 962 καθιστὰς,
2856 899 2932 962 ὡς
2964 899 3246 968 οἰκονόμος
3279 902 3595 970 μυστηρίων
3627 902 3784 966 Θεοῦ,
3819 905 3916 956 καὶ

2335 988 2496 1040 αὐτὸν
2545 987 2680 1058 ἔχων
2715 991 2772 1042 tv
2829 991 3008 1059 ἐαυτῷ
3042 990 3306 1043 λαλοῦντα
3338 992 3569 1062 Χριστόν
3591 1009 3604 1023 ·
3643 1013 3660 1040 ο
3687 996 3761 1047 Ού
3803 997 3916 1066 γὰρ

2332 1077 2396 1146 δή
2437 1095 2536 1129 που
2566 1078 2813 1146 ἀγγέλων
2863 1080 3314 1149 ἐπιλαμϐάνεται,
3356 1083 3542 1151 φησὶν,
3569 1082 3705 1136 ἁλλὰ
3742 1085 3913 1155 σπέρ-

2337 1185 2506 1237 ματος
2540 1169 2790 1240 Ἀϐρααμ
2830 1171 3293 1241 ἐπιλαμϐάνεται·
3339 1190 3356 1222 ι
3399 1173 3520 1225 ὅθεν
3545 1173 3740 1242 ὤφειλε
3771 1179 3913 1230 κατὰ

2333 1262 2509 1315 πάντα
2543 1265 2653 1324 τοῖς
2683 1263 2930 1332 ἀδελφοῖς
2956 1264 3318 1334 ὁμοιωθῆναι,
3351 1265 3436 1318 ἵνα
3467 1267 3715 1337 ἐλεήμων
3747 1271 3911 1338 γένη-

2331 1371 2438 1413 ται.
2459 1355 2552 1406 καὶ
2580 1354 2768 1418 πιστὸς
2801 1356 3091 1426 ἀρχιερεὺς
3118 1356 3186 1409 τὰ
3221 1356 3357 1426 πρὸς
3371 1358 3462 1410 τὸν
3483 1358 3633 1412 Θεόν.
3652 1359 3841 1430 Ἡμεῖς
3854 1361 3912 1415 8t

2329 1445 2450 1505 ταῖς
2491 1446 2568 1504 είς
2604 1445 2873 1515 ὀρθότητα
2920 1445 3120 1514 ψήφοις
3175 1447 3561 1515 στεφανοῦντες
3595 1450 3654 1501 τὸ
3684 1453 3912 1521 εἰρημέ-

2330 1549 2440 1594 νον,
2465 1534 2722 1604 ἑπόμενοί
2751 1552 2810 1588 τε
2833 1538 3081 1607 πανταχῆ
3101 1541 3220 1600 ταῖς
3242 1537 3616 1603 θεοπνεύστοις
3645 1541 3683 1592 Γ
3687 1545 3909 1610 ραφαῖς,

2331 1627 2424 1679 καὶ
2455 1628 2554 1690 τὰς
2601 1626 2708 1678 τῶν
2743 1626 3022 1700 θεηγόρων
3055 1629 3240 1697 φωνὰς
3273 1631 3366 1683 τοῦ
3405 1632 3606 1694 παντὸς
3633 1634 3909 1698 ἀξιοῦντες

2331 1717 2627 1787 θαύματος,
2662 1719 2860 1788 μᾶλλον
2898 1720 2955 1773 δὲ
3003 1721 3097 1773 καὶ
3148 1721 3326 1785 θείους
3365 1723 3656 1793 ἡγούμενοι
3690 1727 3904 1795 νόμους,

2329 1810 2392 1861 οὐ
2423 1809 2522 1879 τῆς
2565 1810 2678 1862 τῶν
2730 1813 2902 1878 ἁγίων
2955 1813 3224 1880 ἀγγέλων,
3253 1814 3377 1867 οῦτε
3421 1816 3526 1884 μὴν
3566 1820 3665 1887 τῆς
3709 1819 3906 1871 ἑαυτοῦ

2331 1899 2542 1967 φύσεως
2579 1901 2931 1955 ἐπιλαϐέσθαι
2968 1905 3147 1974 φαμὲν
3178 1905 3270 1957 τὸν
3304 1909 3368 1958 ὲκ
3398 1907 3532 1958 Θεοῦ
3565 1909 3779 1976 [ἰατρὸς
3808 1912 3908 1963 Λό-

2331 2009 2458 2059 γον·
2508 1994 2954 2065 πεπιστεύκαμεν
3013 1995 3091 2059 at,
3146 1996 3230 2049 ὃτι
3279 1998 3418 2050 κατὰ
3470 1996 3529 2049 τὸ
3573 2001 3683 2061 τοῖς
3741 2000 3907 2069 ἱεροῖς

2330 2086 2369 2136 Γ
2375 2086 2624 2156 ράμμασι
2654 2085 2863 2147 δοκοῦν,
2893 2088 3221 2151 ὲπισκιὰσας
3244 2092 3310 2160 τῇ
3345 2090 3476 2160 ἁγίᾳ
3505 2090 3784 2161 Παρθένῳ,
3809 2094 3905 2145 ἇτε

2326 2179 2390 2249 δὴ
2433 2179 2524 2232 καὶ
2576 2178 2807 2249 δύναμις
2849 2177 2926 2233 ὢν
2960 2180 3054 2233 τοῦ
3111 2180 3335 2249 ὑψίστου
3393 2181 3626 2251 Πατρὸς.
3674 2183 3906 2237 ἔπλασεν

2328 2270 2507 2339 ἑαυτῷ
2540 2269 2602 2322 τὸ
2641 2271 2801 2341 σῶμα
2828 2271 2890 2323 τὸ
2923 2270 2983 2335 ἐξ
3013 2271 3206 2341 αὐτῆς,
3243 2272 3382 2343 πλὴν
3410 2273 3476 2326 δι’
3503 2274 3780 2342 ἐνεργείας
3810 2275 3904 2328 τοῦ

2328 2362 2486 2430 ἁγίου
2527 2361 2842 2430 Πνεύματος
2866 2379 2880 2392 ·
2922 2364 3017 2415 καὶ
3050 2363 3275 2431 γέγονεν
3289 2363 3596 2434 ἄνθρωπος,
3625 2366 3908 2434 κεχρημά-

2326 2456 2444 2508 τικέ
2471 2471 2527 2508 τε
2586 2455 2683 2507 καὶ
2720 2454 2833 2515 υίὸς
2874 2453 3144 2524 Ἀϐραὰμ,
3177 2455 3270 2506 καὶ
3293 2454 3487 2508 Δαυῒδ·
3523 2455 3624 2507 οῦκ
3660 2457 3908 2524 ἀπεμπο-

2327 2548 2494 2615 λήσας
2528 2547 2616 2599 διὰ
2682 2547 2742 2598 τὸ
2786 2545 3126 2616 ἀνθρώπινον
3169 2548 3230 2600 τὸ
3285 2543 3424 2600 εἶναι
3458 2550 3599 2600 κατὰ
3647 2548 3907 2617 ἀλήθειαν

2328 2638 2455 2699 Υἱὸς
2486 2637 2579 2689 τοῦ
2613 2637 2774 2699 Θεοῦ,
2823 2638 2916 2689 καὶ
2963 2638 3196 2707 [ἰατρὸς.
3235 2639 3560 2708 μεμενηκὼς
3593 2641 3648 2692 δὲ
3679 2641 3903 2708 μᾶλλον,

2326 2729 2420 2780 καὶ
2461 2730 2511 2780 εί
2561 2727 2754 2797 γέγονε
2793 2729 2948 2800 σὰρξ,
2979 2732 3035 2780 ἐν
3088 2730 3249 2798 φύσει
3275 2747 3336 2782 τε
3381 2734 3476 2784 καὶ
3511 2732 3771 2802 ὑπεροχῇ,
3807 2734 3908 2785 καὶ

2324 2818 2449 2892 δόξῃ
2500 2818 2780 2888 θεότητος·
2816 2821 3170 2883 ἀναλλοίωτος
3199 2822 3306 2891 γάρ
3357 2824 3494 2886 ἐστι,
3548 2825 3640 2876 καὶ
3695 2824 3906 2893 τροπῆς

2323 2911 2585 2980 ἀμείνων,
2612 2911 2687 2972 ὼς
2708 2911 2859 2973 Θεός.
2891 2910 3049 2963 Ἐστι
3087 2913 3103 2946 ί
3136 2911 3316 2963 τοίνυν
3344 2908 3425 2974 εἷς
3449 2930 3509 2965 τε
3559 2915 3652 2968 καὶ
3685 2915 3714 2965 ὁ
3739 2914 3907 2977 αὐτὸς

2327 3003 2474 3068 Υίδς,
2503 3004 2596 3056 καὶ
2623 3003 2829 3074 Κύριος
2860 3003 2952 3056 καὶ
2979 3002 3114 3070 πρὸς
3136 3003 3236 3071 τῆς
3265 3003 3615 3074 σαρκώσεως,
3637 3006 3732 3060 καὶ
3762 3005 3909 3076 μετὰ

2323 3095 2422 3165 τὴν
2447 3095 2745 3166 σάρκωσιν.
2769 3095 2881 3148 Καὶ
2903 3095 2965 3147 τὸ
2991 3095 3220 3165 διαιρεῖν
3252 3098 3331 3159 είς
3367 3097 3513 3158 υἱοὺς
3544 3097 3636 3150 δύο
3664 3097 3753 3150 τὸν
3780 3099 3906 3164 ἕνα,

2323 3187 2421 3240 καὶ
2448 3187 2508 3239 τὸ
2545 3187 2644 3256 τῆς
2675 3185 2908 3255 ἀληθοῦς
2940 3185 3185 3250 ένώσεως
3230 3186 3534 3256 παραλύειν
3577 3188 3786 3258 χρῆμα,
3819 3188 3910 3241 δι-

2249 3275 2293 3335 C
2329 3277 2585 3338 ιστάντας
2616 3275 2717 3329 ἁνὰ
2759 3275 2945 3345 μέρος,
2984 3275 3079 3329 καὶ
3109 3274 3357 3338 τιθέντας
3384 3275 3565 3338 ίδικῶς
3593 3275 3908 3347 ἄνθρωπον,

2323 3369 2418 3420 καὶ
2447 3364 2629 3427 ίδικῶς
2649 3364 2803 3427 Θεὸν,
2834 3363 3154 3426 δυσσεϐείας
3183 3363 3296 3433 ἔχει
3329 3363 3431 3432 τῆς
3471 3365 3730 3418 ἀνωτάτω
3761 3382 3908 3436 γρα-

2322 3463 2450 3531 φήν.
2495 3456 2682 3525 Ὀλίγα
2705 3467 2734 3494 ιι
2767 3454 2824 3508 δὲ
2866 3455 3057 3509 τούτου
3111 3455 3491 3527 πεφροντικὼς
3515 3458 3544 3509 ό
3579 3456 3907 3527 Νεστόριος,

2320 3550 2654 3620 τετόλμηκεν
2676 3545 2850 3599 εἰπεῖν
2881 3547 3074 3609 αὑταῖς
3093 3546 3306 3609 λέξεσιν
3330 3546 3525 3608 οὕτως·
3548 3547 3747 3600 «Τοῦτο
3765 3564 3903 3618 φρο-

2322 3641 2518 3695 νείσθω
2545 3643 2602 3692 tv
2640 3640 2787 3711 ὑμῖν,
2815 3638 2844 3692 ὅ
2877 3637 2968 3692 καὶ
2994 3639 3053 3691 tv
3084 3637 3309 3708 Χριστῷ
3349 3637 3524 3706 Ἰησοῦ
3549 3655 3563 3669 ·
3599 3639 3658 3702 ὃς
3686 3639 3744 3690 tv
3771 3655 3911 3710 μορ-

2321 3736 2395 3804 φῇ
2448 3732 2582 3786 Θεοῦ
2611 3731 2896 3802 ὑπάρχων,
2944 3730 3137 3784 ἑαυτὸν
3164 3731 3422 3794 ὲκένωσε,
3462 3731 3677 3802 μορφὴν
3707 3731 3908 3786 δούλου

2319 3825 2518 3881 λαϐὼν.
2551 3844 2569 3877 ι
2606 3825 2719 3878 Ούκ
2749 3819 2891 3887 εἶπε,
2922 3821 3093 3876 Τοῦτο
3128 3823 3430 3892 φρονείσθω
3472 3826 3529 3876 tv
3566 3824 3712 3893 ὑμῖν,
3743 3823 3771 3876 δ
3801 3824 3910 3878 καὶ

2319 3920 2377 3971 tv
2411 3915 2490 3987 τῷ
2517 3915 2636 3985 Θεῷ
2667 3913 2856 3982 Λόγῳ,
2889 3911 2946 3972 ὃς
2985 3913 3042 3962 tv
3085 3913 3266 3981 μορφῇ
3300 3909 3436 3963 Θεοῦ
3469 3911 3751 3982 ὑπάρχων,
3783 3911 3908 3965 δοῦ-

2319 4003 2409 4056 λον
2444 4002 2659 4073 μορφὴν
2689 4000 2880 4054 ἔλαϐεν
2901 3997 3078 4051 ·¹ἀλλὰ
3105 3998 3286 4051 λαϐὼν
3303 3999 3385 4058 τὸ.
3417 4001 3669 4071 Χριστὸς,
3691 4001 3764 4064 ὠς
3785 4002 3906 4054 τῶν

2316 4095 2410 4148 δύο
2441 4097 2656 4162 φύσεων
2696 4093 3068 4165 προσηγορίαν
3096 4092 3459 4162 σημαντικὴν,
3480 4092 3775 4154 ἀκινδύνως
3803 4093 3908 4146 αὖ·

2316 4187 2406 4238 τὸν
2440 4187 2534 4238 καὶ
2574 4185 2762 4237 δούλου
2818 4184 3032 4256 μορφὴν
3062 4183 3268 4245 λαϐεῖν,
3302 4184 3398 4235 καὶ
3445 4183 3575 4237 Θεὸν
3601 4183 3861 4253 ὀνομάζει
3882 4201 3901 4215 ·

2316 4276 2422 4328 τῶν
2452 4277 2507 4328 δὲ
2541 4275 2771 4344 λεγομὲν
2784 4293 2859 4328 ων
2893 4285 2915 4312 ν
2946 4277 3026 4338 είς
3054 4275 3115 4328 τὸ
3137 4274 3245 4328 τῶν
3277 4274 3493 4343 φύσεων
3518 4274 3773 4344 ἁλὴπτως
3801 4291 3907 4344 με·

2320 4366 2619 4436 ριζομένων
2640 4365 2880 4418 διπλοῦν,
2930 4366 3018 4418 Ἐν
3050 4365 3213 4435 ἑτέρᾳ.
3241 4365 3294 4417 δὲ
3317 4365 3478 4418 πάλιν
3506 4365 3761 4434 ἐξηγήσει
3789 4382 3906 4434 φη-

2318 4460 2435 4512 σίν·
2473 4477 2490 4509 ί
2521 4459 2640 4510 ’Ὶνα
2676 4460 2734 4510 ἐν
2783 4457 2860 4526 τῷ
2899 4457 3124 4526 ὀνόματι
3164 4455 3337 4525 Ἰησοῦ
3373 4458 3482 4509 πᾶν
3527 4458 3653 4522 γόνυ
3698 4457 3906 4528 κάμψῃ

2318 4549 2680 4618 ἐπουρανίων,
2745 4548 2840 4598 καὶ
2895 4545 3172 4612 ἐπιγείων,
3217 4545 3310 4597 καὶ⁹
3356 4543 3753 4612 καταχθονίων,
3796 4545 3906 4596 καὶ

2320 4643 2466 4693 πᾶσα
2509 4639 2732 4706 γλῶσσα
2777 4638 3277 4707 ἐξομολογήσηται,
3324 4637 3406 4688 ὅτι
3443 4634 3643 4706 Κύριος
3682 4633 3906 4702 Ἰησοῦς

2313 4731 2563 4803 Χριστός.
2606 4749 2623 4780 ι
2653 4728 2750 4781 Διὰ
2784 4730 2874 4780 τὸν
2905 4727 3194 4798 φοροῦντα,
3241 4727 3303 4778 τὸ
3334 4725 3670 4794 φορούμενον
3707 4723 3859 4776 σέϐω
3887 4741 3903 4754 ·

628 4833 731 4885 hoc
764 4829 900 4898 ejus,
933 4829 1024 4896 qui
1060 4843 1164 4880 non
1203 4835 1512 4896 separatur,
1546 4826 1806 4878 honorem
1843 4839 1947 4877 non
1987 4837 2208 4892 separo;

2323 4826 2397 4878 5ιὰ
2422 4825 2511 4877 τὸν
2539 4822 2924 4893 κεκρυμμένον
2959 4820 3250 4892 προσκυνῶ
3279 4820 3340 4872 τὸ
3371 4819 3722 4886 φαινόμενον·
3755 4818 3912 4887 ἀχώ-

627 4936 822 4991 separo
857 4932 1098 4982 naturas,
1131 4918 1224 4973 sed
1259 4920 1386 4971 unio
1432 4917 1823 4971 adorationem.
1859 4915 1961 4983 (Et
2011 4916 2206 4969 iterum

2323 4929 2488 4974 7:310;
2523 4911 2616 4963 τοῦ
2646 4911 2970 4980 φαινομένου
2997 4909 3157 4972 Θεός·
3193 4909 3278 4961 διὰ
3302 4908 3462 4960 τοῦτο
3487 4907 3581 4961 τοῦ
3621 4909 3694 4978 μὴ
3725 4925 3912 4976 χωρι-

627 5014 682 5068 in
720 5013 824 5066 alia
854 5010 1212 5079 etplieationc
1244 5027 1256 5061 :
1295 5007 1391 5063 Dic
1438 5010 1503 5061 de
1532 5023 1596 5061 eo
1636 5008 1726 5075 qui
1761 5006 2018 5075 suscepit,
2066 5006 2207 5072 quod

2323 5006 2538 5072 ζομένου
2579 5002 2678 5072 τὴν
2706 5003 2872 5073 τιμὴν
2903 5003 2964 5054 οῦ
3000 4999 3236 5072 χωρίζω.
3277 5000 3510 5068 Χωρίζω
3538 5000 3637 5062 τὰς
3675 5001 3909 5066 φύσεις,

627 5107 696 5159 sit
728 5104 906 5168 Deus;
936 5117 1146 5170 appone
1170 5101 1318 5155 illum
1345 5101 1434 5169 qui
1467 5111 1752 5168 susceptus
1781 5108 1882 5161 est,
1913 5098 2036 5166 quia
2061 5098 2202 5152 servi

2323 5094 2428 5144 ἀλλ’
2468 5093 2571 5144 ὲνῶ
2617 5093 2715 5162 τὴν
2751 5091 3142 5161 προσκύνησιν.
3175 5090 3284 5143 Καὶ
3333 5092 3390 5142 tv
3441 5089 3699 5160 ἐξηγήσει
3731 5089 3915 5142 πάλιν

629 5201 829 5260 l'orma;
863 5197 1035 5265 adjice
1060 5197 1298 5263 posthaec
1323 5191 1687 5247 connexionis
1710 5191 2054 5260 dignitatem,
2079 5190 2201 5258 quia

2323 5185 2499 5254 ἑτέρᾳ·
2539 5184 2672 5236 Εἰπὲ
2706 5183 2795 5235 τὸν
2826 5183 3185 5234 ἀναλαϐόντα·
3220 5183 3301 5234 ὅτι
3333 5181 3485 5244 Θεός.
3521 5179 3762 5252 Πρόσθες
3804 5180 3917 5233 τὸν

627 5289 856 5339 duorum
895 5284 1193 5337 auctoritas
1223 5283 1547 5344 communis,
1581 5278 1706 5348 quia
1744 5280 1972 5333 duorum
2015 5281 2201 5333 eadem

2323 5277 2717 5345 Ξιναληφοέντοι,
2751 5277 2832 5329 ὅτι
2864 5275 3050 5328 δούλου
3081 5274 3259 5345 μορφή
3281 5291 3294 5304 ·
3334 5275 3580 5342 ὲπὰγαγε
3609 5275 3744 5342 μειτα
3771 5273 3922 5326 ταῦ-

628 5379 890 5448 dignitas;
921 5375 1133 5429 naturis
1165 5373 1531 5435 manentibus,
1568 5372 1739 5426 fatere
1769 5371 2045 5440 dignitatis
2082 5372 2202 5422 uni-

2323 5386 2380 5420 εα
2416 5369 2474 5420 τὸ
2501 5368 2600 5436 τῆς
2630 5367 2923 5435 συναφείας
2945 5366 3183 5434 ἀξίωμα,
3205 5365 3289 5417 ὃτι
3323 5363 3432 5416 τῶν
3450 5363 3544 5416 δύο
3572 5366 3604 5433 ἡ
3636 5362 3921 5416 αὐθεντία

628 4477 682 4518 et
715 4463 890 4518 omnis
918 4462 1095 4530 lingua
1120 4459 1466 4522 conﬁteatur,
1495 4460 1637 4527 quod
1665 4458 1926 4513 Dominus
1955 4468 2034 4513 est
2059 4457 2214 4512 Jesus

627 4556 877 4610 Christus
899 4556 967 4605 δ’.
1009 4573 1026 4604 ι
1062 4551 1288 4620 Propter
1323 4560 1652 4620 gestantem,
1691 4566 1812 4605 eum
1845 4551 1936 4619 qui
1971 4559 2213 4619 gestator

627 4661 856 4700 veneror
898 4662 909 4697 :
964 4653 1181 4712 propter
1226 4642 1508 4703 latentem,
1548 4643 1691 4711 quod
1740 4654 1966 4710 apparet
2014 4641 2205 4695 adoro.

630 4733 1014 4804 Inseparabilis
1040 4731 1140 4786 est
1185 4734 1252 4786 ab
1290 4748 1355 4786 eo
1384 4733 1476 4800 qui
1509 4733 1723 4785 videtur
1756 4731 1936 4795 Deus;
1989 4742 2212 4799 propter

2245 4610 2286 4664 D

699 5555 744 5586 ⁸⁷
778 5559 790 5606 ι
823 5555 946 5608 Cor.
985 5571 1034 5607 tv
1091 5554 1139 5607 Ι.
1217 5553 1263 5583 ⁸⁸
1295 5551 1335 5606 ιι
1364 5554 1487 5607 Cor.
1523 5567 1638 5616 Slll,
1668 5551 1700 5604 3
1797 5547 1842 5578 ”
1874 5546 2035 5601 llcbr.
2069 5561 2126 5608 Il,
2165 5545 2222 5598 lb'

2326 5546 2369 5575 “
2396 5542 2558 5598 llebr.
2589 5559 2648 5608 ll,
2687 5544 2772 5596 l7.
2851 5545 2890 5574 ⁸⁸
2923 5542 3152 5612 Philipp.
3181 5558 3236 5606 ll,
3284 5542 3338 5600 5.
3363 5540 3412 5596 6.
3492 5540 3536 5571 ⁶²
3566 5538 3696 5593 ibid.
3729 5537 3787 5596 8.

1678 5725 1848 5778 Varize
1874 5725 2131 5777 lectiones
2157 5737 2219 5775 ex
2256 5723 2438 5774 codice
2464 5721 2836 5790 Seguicriano.

705 5892 722 5926 ‘
757 5889 930 5944 ἔσται.
1005 5895 1032 5924 υ
1063 5884 1259 5955 ὀλίγον.
1325 5892 1350 5922 V
1375 5883 1480 5936 τῶν
1508 5882 1840 5952 λεγομένων,
1873 5880 1910 5948 ἢ
1945 5879 2115 5945 ἴσως,
2144 5878 2252 5931 τῶν
2281 5876 2342 5948 δὴ
2380 5877 2705 5947 λεγομένων,
