4104 6498
104 409 174 462 3‘29
688 409 1220 468 APOLOGETICUS
1257 410 1394 470 PRO
1440 394 1530 471 Χιῐ
1569 411 1937 472 CAPITIBUS
1976 414 2256 472 CONTRA
2297 412 2762 472 ORIENTALES.

3243 414 3348 473 330

102 528 229 598 κοινὴ,
259 525 475 581 ὅτιτῶν
511 526 622 582 δύο
652 531 865 585 ταυτὸν
896 530 959 584 τὸ
1002 529 1255 603 ἀξίωμα,
1288 534 1398 589 τῶν
1434 535 1655 604 φύσεων

1776 535 1994 606 tatem.)
2029 533 2195 590 Vides
2223 533 2422 603 ubique
2465 541 2814 602 separantem
2850 523 3068 602 quidem
3115 532 3257 588 inter
3290 551 3349 587 se

102 620 324 689 μενουσῶν
379 621 670 692 ὁμολόγει
728 624 826 695 τὴν
863 623 960 693 τῆς
998 623 1156 690 ἀξίας
1206 626 1454 698 ἑνότητα.
1505 627 1667 698 Ὁρᾷς

99 713 298 785 πανταχῆ
317 714 657 786 διορίζοντα
689 717 788 788 μὲν
819 703 1065 790 ἀλλήλων
1090 719 1186 784 τὰς
1207 719 1417 788 φύσεις,
1443 719 1669 774 ἑνοῦντα

97 804 151 865 δὲ,
178 805 238 867 ὧς
263 825 415 876 φησι,
455 808 568 878 τὴν
601 809 1007 882 προσκύνησιν,
1035 813 1125 866 καὶ
1156 812 1342 882 κοινὴν
1382 812 1669 866 αύθεντίαν

93 898 402 969 ἀτιμάζοντα,
438 902 548 955 καὶ
573 902 693 973 τὴν
722 903 818 972 τῆς
851 904 1008 970 ἀξίας
1047 905 1276 976 ἑνότητα
1300 904 1485 976 μόνης.
1509 905 1583 958 Τὸ
1613 903 1669 957 δὲ

93 991 232 1042 κοινὸν
257 992 350 1061 οὑχ
386 991 472 1054 ἓν,
515 994 572 1046 εί
634 994 822 1048 κοινὸν
869 1008 916 1062 ι,
967 997 1052 1065 εἴη
1088 998 1152 1049 ἂν
1179 1006 1229 1061 γ,
1271 997 1407 1050 ἀλλά
1437 996 1530 1048 δύο
1566 1012 1668 1049 που

93 1082 289 1146 πάντως,
320 1083 351 1154 ἦ
386 1083 668 1140 πλείοσιν
706 1085 886 1150 ίδικῶς
910 1104 967 1139 τε
1001 1088 1097 1141 καὶ
1123 1088 1227 1142 ἀνά
1251 1088 1411 1159 μέρος
1432 1089 1668 1161 θεωρου-

94 1173 255 1239 μὲνοις.
295 1175 445 1228 Ἀνθ’
485 1177 635 1230 ὅτου
673 1178 736 1248 δὴ
769 1175 861 1234 οῦν
887 1178 1157 1250 τοσαύτην
1207 1180 1482 1233 ποιοῦνται
1519 1189 1540 1216 ι
1571 1180 1670 1250 τὴν

90 1267 391 1337 κιτᾶρῤησιν
435 1268 548 1322 τοῦ
602 1270 681 1323 τά
727 1270 907 1324 τοιάδε
948 1271 1130 1334 καλῶς
1179 1271 1671 1340 ἀναθεματίσαντος

87 1357 246 1422 λόγου;
280 1362 343 1412 Τί
382 1361 447 1414 τὸ
478 1361 727 1426 ἄτοπον,
768 1365 816 1418 εί
853 1367 965 1428 τοῖς
1019 1364 1291 1435 βδελυροῖς
1321 1365 1416 1417 καὶ
1471 1365 1674 1434 ἀπηχε’

87 1450 266 1514 στάτοις
306 1453 642 1525 Νεστορίου
672 1456 851 1524 λόγοις
887 1457 955 1509 τά
997 1459 1095 1527 τῆς
1125 1454 1408 1518 εὐσεϐείας
1431 1455 1680 1525 ἁντεγεί-“

86 1560 242 1611 ροντες
267 1545 560 1616 δόγματα,
591 1548 698 1618 τῆς
739 1549 850 1602 τῶν
901 1548 1146 1618 ἀδελφῶν
1177 1547 1478 1617 ἀσφαλείας
1520 1564 1674 1617 φρον-

86 1636 180 1689 τίδα
203 1637 297 1707 τὴν
319 1637 575 1693 δέουσαν
611 1639 1000 1711 πεποιήμεθας
1048 1639 1266 1710 Ἐπειδὴ
1299 1639 1357 1692 δέ
1385 1656 1548 1708 φασιν
1572 1638 1671 1708 ἐμὲ

84 1730 172 1790 τοῖς
196 1727 355 1782 αὑτοῦ
406 1730 710 1801 μάχεσθαι
751 1731 952 1800 λόγοις,
978 1730 1420 1800 παρακομίζουσι
1451 1729 1506 1782 δὲ
1536 1729 1672 1800 πρὸς

85 1816 325 1881 ἀπόδειξιν
350 1821 534 1890 μέρος
565 1821 670 1889 τῆς
697 1818 1005 1889 ἐπιστολῆς,
1028 1814 1095 1890 ἦς
1114 1819 1367 1888 γέγραφα
1394 1817 1529 1888 πρὸς
1549 1819 1673 1881 τοὺς

1772 637 2013 691 naturas,
2052 626 2325 679 nnientem
2361 632 2562 688 autem,
2612 632 2670 676 ut
2707 622 2859 685 dicit,
2894 623 3268 677 adorationem
3295 634 3350 676 et

1771 734 2114 772 couununem
2144 717 2525 771 auctoritatem
2557 715 2948 779 nominantem,
2986 723 3040 771 el
3073 714 3240 770 solius
3267 715 3351 768 tli-

1770 810 1995 881 gnitatis
2022 810 2312 863 unitatem.
2343 808 2495 874 Quod
2540 815 2718 861 autem
2762 819 3070 873 commune,
3111 820 3215 860 non
3246 808 3352 858 nti-

1771 915 1877 970 que
1917 900 2007 954 uni
2035 890 2467 964 comniune'est,
2493 897 2585 951 sed
2614 897 2822 952 duobus
2853 911 3095 966 prorsus,
3127 897 3208 950 vel
3231 896 3352 966 plu-

1774 993 1940 1053 ribus,
1974 989 2064 1059 qui
2098 1003 2346 1044 seorsum
2371 999 2426 1043 et
2457 987 2746 1057 separatim
2780 986 3214 1041 considerantur.
3244 985 3353 1040 Cur

1774 1083 1941 1154 igitur
1964 1088 2113 1135 tanta
2137 1079 2277 1135 facta
2302 1089 2387 1135 est
2409 1078 2734 1134 declamatio
2757 1080 3016 1134 adversus
3044 1092 3350 1133 sermonem

1775 1185 1921 1230 recte
1956 1176 2070 1229 bzec
2113 1171 2713 1228 anathematizamem?
2755 1171 2893 1238 Quid
2930 1171 3246 1236 absurdum,
3279 1171 3349 1235 si,

1772 1266 2198 1322 exsecrabilibus
2223 1275 2279 1320 et
2308 1264 2718 1320 absurdissimis
2745 1263 2978 1318 Nestorii
3009 1263 3353 1318 sermonibus

1774 1359 1859 1427 pia
1890 1359 2144 1427 dogmata
2171 1365 2526 1426 Opponentes,
2562 1357 2628 1410 de
2669 1355 2899 1410 fratrum
2947 1353 3119 1410 salute
3149 1354 3352 1425 justam

1773 1466 1960 1505 curam
1984 1450 2286 1522 gessimus?
2311 1448 2575 1516 Quoniam
2605 1448 2790 1503 dicunt
2836 1462 2956 1504 mea
2979 1448 3142 1503 verba
3168 1463 3352 1502 secum

1775 1557 2037 1611 pugnare,
2062 1551 2116 1597 et
2144 1540 2375 1596 aﬂ'erunt
2400 1541 2465 1596 ad
2496 1540 3016 1596 demonstrationem
3050 1539 3210 1612 166
3230 1554 3356 1608 par-

1775 1642 1882 1688 tem
1933 1633 2175 1703 epistolae
2215 1647 2377 1703 qnam
2423 1632 2612 1702 scripsi
2662 1634 2729 1686 ad
2775 1642 3000 1688 sanctos
3037 1633 3355 1696 monachos,

1774 1741 1953 1796 operae
1984 1729 2218 1795 pretium
2252 1725 2494 1781 arbitror
2535 1735 2588 1782 et
2617 1727 2681 1778 ad
2715 1724 2818 1780 hoc
2860 1726 3240 1780 convenientia
3275 1725 3358 1778 di-

1774 1831 1921 1872 cere.
1957 1814 2154 1872 Dicunt
2180 1817 2328 1872 enim
2362 1817 2506 1886 quod
2555 1818 2694 1871 duas
2723 1817 2885 1871 etiam
2924 1816 3039 1885 ipse
3080 1815 3356 1870 nominavi

87 1909 248 1973 ἁγίους
277 1881 605 1978 μοναστὰς,
630 1881 746 1964 ’δεῖν
783 1881 1063 1980 ᾠήθην
1089 1881 1277 1962 είκότα
1305 1881 1408 1961 ’καὶ
1437 1881 1573 1978 πρός
1603 1924 1667 1976 γε

1776 1908 2178 1974 subsistentias,
2227 1916 2283 1963 et
2339 1881 2584 1963 sumcere
2640 1908 2720 1963 eis
2773 1907 2842 1961 ad
2901 1881 3356 1977 redarguendum,

83 1998 214 2052 τοῦτο
250 2001 432 2055 εἰπεῖν
455 2018 472 2031 ’
513 2003 660 2071 φασὶ
684 2000 795 2072 γὰρ
829 2001 906 2054 ὅτι
936 2001 1028 2054 δύο
1068 2001 1162 2054 καὶ⁹
1181 2001 1341 2063 αύτὺς
1366 2000 1666 2072 ιῖυνόμασα⁸

86 2093 415 2159 ύποστάσειςσ
452 2096 566 2149 καὶ
597 2095 932 2166 ἀποχρήσειν
953 2095 976 2134 δ
1002 2094 1188 2157 αὐτοῖς
1218 2094 1298 2157 εἰς
1325 2092 1546 2164 ἔλεγχον
1574 2095 1669 2149 τοῦ

85 2186 159 2237 καὶ
186 2188 331 2255 ἡμᾶς
359 2187 603 2241 ἑλέσθαι
632 2187 797 2240 ταυτδ
841 2188 1015 2240 εἰπεῖν
1058 2188 1170 2248 τοῖς
1195 2195 1216 2224 ε
1255 2184 1389 2239 αὐτὸ
1429 2185 1493 2257 δὴ
1516 2186 1673 2239 τοῦτο

87 2276 360 2342 νομίζουσι.
385 2277 686 2349 Παραθεὶς
715 2273 808 2332 οῦν
831 2276 1145 2345 ἀναγκαίως
1173 2276 1235 2330 τδ
1265 2277 1364 2347 τῆς
1385 2276 1671 2348 ἐπιστολῆς

91 2363 251 2432 μέρος,
280 2367 657 2436 προσεποίσω
690 2368 832 2438 μετά
869 2365 1030 2419 τοῦτο
1057 2366 1124 2420 τά
1153 2365 1219 2418 δι’
1261 2357 1336 2418 ὧν
1363 2365 1430 2419 ἂν
1461 2367 1672 2433 γένοιτο

89 2456 430 2527 ψευδομυθεῖν
469 2459 798 2530 ᾑρημένους
848 2459 1124 2528 ἀποφῆναι
1180 2455 1478 2526 πανταχοῦ.
1517 2458 1671 2528 Ἔχει

89 2545 131 2596 δὲ
171 2547 375 2612 οὕτως’
418 2549 647 2603 Οὐκοῦν
693 2550 816 2602 ὅσον
857 2544 992 2619 ἧκεν
1042 2548 1119 2610 εἰς
1181 2546 1318 2601 ίδίαν
1353 2545 1541 2615 φύσιν,
1575 2548 1673 2619 ούχ

92 2637 324 2703 ἡγίασται
356 2641 697 2709 καταμόνας
725 2642 753 2692 ό
782 2641 844 2692 ἐκ
888 2639 1023 2691 Θεοῦ
1053 2639 1268 2709 [ἰατρὸς
1303 2639 1505 2707 Λόγος·
1535 2641 1583 2693 εί
1617 2641 1674 2694 δὲ

95 2728 142 2800 δή
170 2749 248 2794 τις
274 2736 450 2787 οἴοιτο
489 2733 588 2785 τὸν
619 2734 684 2786 ὲκ
720 2733 819 2800 τῆς
848 2731 1010 2800 ἁγίας
1037 2731 1318 2805 Παρθένου
1346 2733 1676 2804 γεγεννημέ-

94 2838 164 2874 νον
186 2824 486 2894 κεχρίσθαι
521 2841 578 2877 τε
614 2824 707 2876 καὶ
738 2823 1000 2894 ὴγιάσθαι
1036 2824 1219 2894 μόνον,
1259 2825 1431 2898 ταύτῃ
1464 2841 1545 2878 τοι
1581 2826 1675 2878 καὶ

97 2913 386 2982 ὠνομάσθαι
422 2915 694 2985 Χριστὸν,
717 2915 924 2984 λεγέτω
954 2915 1262 2986 παρελθὼν,
1292 2917 1340 2968 sl
1369 2917 1585 2988 ἀπόχρη
1616 2917 1675 2971 τὸ

98 3005 280 3075 χρίσμα
309 3009 453 3080 πρὸς
489 3008 554 3061 τὸ
578 3007 855 3077 ἀποφῆναι
884 3009 974 3061 τὸν
995 3008 1284 3079 χριόμενον
1320 3007 1537 3060 ἱσοκλεᾶ
1581 3008 1676 3060 καὶ

102 3096 366 3166 ὀμὸθρονον
417 3098 507 3168 τῷ
541 3100 762 3152 πάντων
817 3097 1073 3150 ἐπέκεινα
1125 3096 1262 3168 Θεῷ.
1322 3098 1539 3168 Ἐπειδὴ
1568 3097 1677 3168 γὰρ

104 3186 173 3236 τὸν
195 3190 257 3240 ὲκ
287 3189 430 3244 Θεοῦ
469 3190 647 3257 Λόγον
680 3189 860 3252 ἱδικῶς
886 3187 1200 3258 ὠνομάσθαι
1231 3189 1484 3260 Χριστὸν,
1515 3192 1543 3241 ὁ
1569 3190 1676 3241 τῶν

105 3277 216 3331 νέων
270 3282 406 3351 ἡμῖν
472 3280 836 3350 βλασφημιῶν
897 3281 1123 3352 εὑρετὴς
1167 3281 1460 3351 Νεστόριος
1491 3281 1674 3334 διαϐε-

108 3368 330 3426 ϐαιοῦται
357 3372 577 3445 συχνῶς
596 3388 610 3401 ⁶
652 3371 835 3435 ίδικῶς
884 3372 962 3437 δὲ,
992 3374 1087 3425 καὶ
1115 3372 1219 3426 ἀνά
1247 3373 1411 3444 μέρος
1442 3372 1675 3444 Χριστὸν

109 3461 270 3532 ἓτερον
313 3467 408 3519 τὸν
464 3468 532 3519 ὲκ
578 3466 676 3537 τῆς
715 3464 878 3534 ἁγίας
928 3462 1208 3536 Παρθένου
1249 3464 1672 3536 γεγεννημένον*

111 3555 653 3630 κατακιϐδηλεύοντες
676 3557 776 3626 τὴν
798 3556 975 3623 δόξαν,
1010 3556 1084 3618 ὡς
1114 3554 1324 3626 ἀκαλλῆ
1375 3557 1468 3610 καὶ
1502 3555 1676 3625 ἀσύμ-

113 3640 293 3706 φιλονά
317 3648 416 3700 καὶ
447 3645 550 3716 τῆς
581 3643 842 3715 ἀληθείας
888 3644 1283 3715 ὲξῳκισμένην,
1304 3644 1427 3698 οὔτε
1447 3645 1500 3699 δὲ
1532 3657 1554 3684 θ
1586 3646 1676 3699 τὸν

114 3729 164 3779 ἐκ
190 3730 314 3786 Θεοῦ
347 3736 572 3807 Πατρός
601 3736 777 3803 Λόγον
804 3736 946 3789 κατά
975 3736 1142 3805 μόνας
1178 3736 1464 3808 νοούμενον
1497 3736 1678 3807 κεχρι-

117 3818 220 3874 σθαι
269 3825 347 3897 τῷ
400 3826 576 3896 ἐλαίῳ
624 3828 723 3896 τῆς
769 3827 1144 3895 ἀγαλλιάσεως
1197 3828 1675 3900 διαϐεϐαιούμεθα,

117 3910 218 3965 οὒτε
247 3917 346 3988 μὴν
388 3919 502 3989 ἰδία
539 3935 601 3970 τε
631 3919 726 3971 καὶ
759 3919 903 3972 κατά
936 3919 1104 3990 μόνας
1135 3918 1210 3982 ὡς
1247 3920 1550 3991 ἄνθρωπον,
1583 3924 1677 3975 καὶ

119 4001 273 4074 ἕτερον
303 4008 438 4061 δντα
497 4007 626 4061 Υίὺν
657 4009 811 4080 παρά
858 4009 951 4064 τὸν
980 4012 1045 4065 ὲκ
1095 4009 1230 4064 Θεοῦ
1271 4012 1461 4080 Λόγον,
1498 4013 1587 4067 τὸν
1615 4015 1676 4067 ἐκ

123 4092 200 4163 τῆς
238 4098 398 4166 ἁγίας
435 4100 742 4174 Παρθένου.
777 4101 917 4157 Ἕνα
965 4103 1022 4155 δὲ
1057 4104 1256 4174 μᾶλλον
1292 4105 1488 4175 χρῆναι
1540 4107 1678 4177 πρὸς

124 4185 346 4246 ἁπάντων
372 4192 823 4266 διισχυριζόμεθα
849 4195 1232 4264 ὁμολογεῖσθαι
1255 4197 1511 4267 Χριστὸν,
1540 4215 1676 4271 cap-

129 4277 336 4336 κωθέντα
376 4285 473 4337 καὶ
519 4284 1058 4355 ὲνανθρωπήσαντα,
1110 4287 1203 4340 τὸν
1263 4290 1526 4360 μονογενῆ
1584 4290 1676 4343 τοῦ

127 4365 233 4424 θεοῦ
260 4375 472 4443 Λόγονο
517 4393 536 4426 t
567 4370 658 4439 Εἷς
691 4375 801 4447 γὰρ
841 4375 1068 4447 Κύριος,
1117 4378 1216 4448 μία
1255 4379 1457 4444 πίστις,
1491 4379 1547 4432 ἓν
1583 4379 1679 4449 βά-

129 4474 322 4534 πτισμα.
360 4485 381 4520 ι
411 4467 570 4520 Ἐστι
590 4467 772 4521 τοίνυν
800 4467 976 4521 οὐδενὶ
1009 4468 1117 4522 τῶν
1151 4468 1288 4540 ὀρθὰ
1306 4474 1523 4542 φρονεῖν
1557 4475 1680 4526 ειω-

1772 2003 1916 2071 quod
1958 2017 2057 2056 nos
2104 2001 2245 2057 idem
2295 2013 2459 2071 atque
2495 2001 2594 2070 ipsi
2628 2001 2808 2056 dicere
2853 2014 2958 2055 non
2994 2000 3356 2066 renuerimus,

1773 2096 1862 2164 qui
1920 2096 2064 2151 istud
2133 2096 2308 2166 ipsum
2370 2096 2581 2150 scilicet
2650 2103 2864 2164 putant.
2938 2094 3197 2164 Apposita
3259 2093 3360 2163 igi-

1777 2199 1861 2242 tur
1889 2188 2198 2244 necessario
2237 2203 2303 2242 ea
2351 2199 2505 2257 parte
2554 2187 2822 2256 epistolae,
2874 2186 3210 2242 subinleram
3241 2197 3363 2257 post

1777 2283 1890 2335 haec
1921 2296 2007 2347 ea,
2053 2280 2250 2350 quibus
2283 2280 2484 2348 ubique
2521 2279 2660 2334 falso
2706 2279 2897 2348 nugari
2944 2279 3084 2333 velle
3131 2281 3361 2332 demon-

1774 2381 2036 2428 Slt'entur.
2066 2371 2239 2426 liabet
2260 2382 2436 2425 autem
2461 2371 2541 2425 sic
2567 2389 2579 2424 :
2612 2369 2799 2439 Itaque
2819 2379 3083 2438 quantum
3111 2367 3178 2423 ad
3206 2383 3361 2424 suam

1777 2474 2049 2527 naturam,
2085 2479 2189 2518 non
2229 2463 2632 2518 sanctilicatum
2663 2469 2746 2516 est
2777 2461 3072 2529 separatim
3120 2461 3214 2516 Dei
3262 2458 3362 2514 Pa-

1778 2554 1875 2609 tris
1903 2552 2167 2610 Verbum.
2198 2551 2253 2607 Si
2281 2562 2460 2607 autem
2493 2553 2616 2622 quis
2647 2552 2934 2607 existimet
2981 2565 3128 2616 eum,
3156 2550 3248 2620 qui
3279 2559 3364 2605 est

1776 2660 1843 2702 ex
1875 2653 2063 2700 sancta
2099 2642 2320 2714 Virgine
2352 2651 2534 2706 natus,
2570 2653 2794 2697 unctum
2819 2655 2940 2697 esse
2971 2647 3026 2697 et
3051 2642 3363 2696 sanctiﬁca-

1777 2747 1889 2792 tum
1932 2737 2126 2802 solum,
2176 2745 2231 2790 et
2286 2735 2387 2790 hac
2440 2735 2651 2788 ratione
2685 2736 3024 2790 nominatum
3061 2735 3361 2800 Christum,

1779 2829 2003 2897 prodeat
2040 2835 2095 2880 et
2142 2825 2307 2890 dicat,
2361 2840 2487 2878 num
2525 2823 2755 2879 suiﬁciat
2797 2825 2982 2881 unctio
3015 2827 3083 2879 ad
3128 2825 3253 2890 hoc,
3305 2837 3365 2879 ut

1777 2920 1993 2984 elﬁciat,
2031 2919 2173 2987 quod
2223 2927 2418 2971 unctus
2461 2917 2686 2987 aequalis
2732 2917 2918 2987 gloriae
2962 2924 3016 2970 et
3060 2915 3363 2982 maiestatis

1779 3014 1850 3066 sit
1890 3026 2010 3064 cum
2061 3024 2146 3072 eo,
2181 3009 2270 3078 qui
2318 3018 2403 3062 est
2445 3023 2608 3077 super
2636 3009 2840 3072 omnia,
2892 3006 3056 3062 Deus.
3095 3007 3360 3072 Quoniam

1779 3105 1922 3158 enim
1963 3101 2057 3156 Dei
2088 3099 2324 3156 Verbum
2357 3102 2581 3155 seorsim
2608 3098 2879 3154 nominari
2915 3097 3213 3160 Christum,
3249 3093 3362 3150 Ne-

1705 3215 1748 3270 c
1780 3194 2004 3254 storius,
2056 3192 2392 3245 novellarum
2426 3191 2581 3244 nobis
2609 3188 3070 3257 blasphemiarum
3116 3188 3364 3241 inventor

1783 3285 1998 3338 assidue
2024 3281 2283 3348 allirmat;
2317 3295 2370 3338 et
2401 3281 2630 3339 seors'un
2663 3281 2939 3335 Christum
2974 3278 3232 3344 alterum,
3267 3279 3360 3349 qui

1780 3389 1845 3429 ex
1881 3385 2068 3429 sancta
2099 3373 2321 3442 Virgine
2364 3375 2580 3444 genitus
2621 3380 2698 3424 est
2746 3388 2760 3425 :
2795 3377 2852 3423 ut
2887 3370 3025 3424 banc
3052 3369 3360 3438 opinionem

1783 3474 2101 3520 notaremus
2145 3474 2406 3533 tanquam
2451 3461 2860 3533 improbaudam
2888 3476 2953 3516 ac
2991 3461 3360 3526 temerariam,

1780 3568 1835 3614 et
1880 3573 1908 3612 a
1961 3559 2191 3613 veritate
2224 3557 2488 3619 alienam,
2534 3569 2707 3624 neque
2760 3553 2998 3607 Verbum
3053 3555 3143 3607 Dei
3185 3553 3365 3609 Patris

1779 3665 2024 3705 seorsum
2072 3652 2500 3716 consideratam,
2540 3656 2764 3702 unctum
2808 3662 2928 3704 esse
2974 3646 3094 3700 oleo
3125 3645 3363 3700 exsulta-

1781 3741 1947 3795 tionis
1993 3740 2364 3804 aliirmamus,
2402 3751 2576 3807 neque
2623 3751 2870 3792 seorsum
2911 3747 2966 3791 et
3003 3737 3254 3805 privatim
3307 3748 3366 3790 ut

1781 3831 2077 3897 hominem,
2103 3842 2157 3885 et
2180 3830 2344 3884 alium
2376 3828 2570 3883 Filium
2602 3829 2668 3883 ab
2689 3813 2777 3894 eo,
2799 3830 2889 3898 qui
2921 3837 3006 3884 est
3034 3827 3270 3883 Verbum
3295 3843 3363 3882 ex

1780 3923 1915 3987 Deo,
1958 3937 2080 3977 eum
2128 3923 2218 3990 qui
2264 3936 2294 3976 e
2329 3931 2516 3976 sancta
2562 3919 2813 3989 Virgine;
2855 3922 3149 3975 asserimus
3184 3929 3362 3976 autem

1781 4014 2151 4069 necessarium
2206 4026 2350 4078 esse,
2402 4021 2466 4066 ut
2522 4027 2716 4066 omnes
2778 4012 3141 4067 conﬁteantur
3195 4027 3362 4067 unum

1781 4105 2082 4168 Christum,
2121 4105 2462 4159 incarnatum
2503 4113 2561 4160 et
2608 4104 2883 4158 hominem
2937 4103 3137 4158 factum
3175 4105 3366 4171 unige-

1782 4195 1956 4248 nitum
1984 4193 2081 4248 Dei
2115 4191 2401 4249 Verbum:
2461 4211 2479 4244 ι
2515 4194 2665 4249 Unus
2716 4195 2862 4248 enim
2915 4193 3198 4259 Dominus,
3256 4211 3362 4249 una

1780 4284 1933 4348 ﬁdes,
1997 4301 2162 4340 unum
2205 4287 2471 4354 baptisma
2517 4286 2582 4338 “.
2617 4303 2634 4336 ι
2681 4283 2848 4356 Igitur
2901 4285 3053 4350 nulli,
3089 4287 3177 4355 qui
3217 4296 3365 4342 recte

1784 4378 1987 4431 sentire
2026 4377 2182 4442 solet,
2237 4378 2528 4431 obscurum
2570 4386 2673 4443 est,
2733 4377 2876 4447 quod
2918 4379 3111 4432 vitiant
3145 4394 3362 4434 sensum

1782 4485 1970 4524 eorum
2024 4484 2145 4538 quae
2192 4485 2220 4523 a
2274 4486 2358 4524 nte
2429 4472 2629 4537 scripta
2680 4480 2826 4533 sunt,
2871 4483 2925 4526 et
2960 4473 3366 4526 calumniantur

128 4551 265 4612 Θότων
315 4560 661 4631 ἀσυμφανὲς,
716 4563 798 4615 ὅτι
859 4563 1346 4633 παραχαράττουσι
1384 4565 1492 4617 τῶν
1547 4565 1674 4637 παρ’

1787 4562 1951 4615 etiam
1987 4562 2038 4615 in
2077 4562 2181 4616 hoc
2213 4563 2520 4617 veritatem.
2548 4564 2653 4617 Sed
2686 4574 2739 4616 et
2761 4563 2866 4617 alio
2900 4565 3060 4618 modo
3086 4565 3240 4632 culpa
3270 4579 3364 4614 va-

131 4644 234 4713 ὶμῦῦ
257 4651 672 4722 γεγραμμένων
704 4653 805 4723 τὴν
839 4651 1101 4716 διάνοιαν,
1141 4655 1236 4708 καὶ
1277 4659 1676 4725 συκοφαντοῦσι

130 4736 205 4790 κᾶν
231 4743 406 4814 τούτῳ
432 4744 531 4813 τὴν
569 4743 849 4814 ἀλήθειαν.
885 4745 994 4798 Καὶ
1025 4746 1146 4799 καθ’
1177 4745 1365 4818 ἕτερον
1392 4748 1449 4802 δὲ
1479 4749 1678 4818 τρόπον

130 4826 454 4904 ἁπλημμελὲς
500 4833 586 4903 εἴη
618 4833 708 4898 ἂν,
751 4834 848 4888 καὶ
881 4835 1027 4904 μάλα
1072 4838 1317 4904 εἰκότως,
1356 4839 1679 4911 ἀμοιρήσειε

129 4912 160 4964 δ’
185 4915 237 4972 ἂν
263 4921 363 4976 καὶ
405 4919 600 4991 μώμου
625 4923 828 4987 παντὸς
862 4924 931 4977 τὸ,
961 4925 1161 4981 ειδέναι
1187 4928 1372 4997 τυχὸν,
1409 4929 1483 4993 ὡς
1514 4930 1678 5003 ἑτέρα

133 5013 204 5076 μὶν
228 5017 344 5072 ἔστι
378 5017 519 5072 κατά
557 5016 719 5087 φύσιν
766 5018 906 5073 ίδίαν
939 5022 972 5091 ὴ
1017 5018 1156 5092 σὰρξ
1204 5021 1356 5094 παρά
1393 5039 1456 5091 γε
1486 5023 1578 5077 τὸν
1614 5027 1680 5079 ὲκ

131 5102 232 5158 Θεοῦ
266 5107 480 5178 [ἰατρὸς
521 5107 698 5178 φύντα
726 5107 744 5150 ι
772 5109 966 5178 Λόγον,
997 5111 1184 5182 ἕτερος
1221 5111 1278 5165 δὲ
1324 5108 1390 5167 αὖ
1432 5114 1572 5168 κατά
1618 5132 1679 5184 γε

130 5195 194 5248 τὸν
215 5197 316 5268 τῆς
365 5199 499 5265 ιδίας
533 5200 750 5271 φύσεως
798 5202 955 5271 λόγον
1000 5205 1028 5256 ό
1069 5206 1402 5278 Μονογενής.
1439 5207 1577 5261 Ἀλλ’
1618 5209 1678 5262 ού

131 5288 171 5338 τὸ
196 5291 590 5360 εἰδέναιταῦτα,
628 5294 869 5366 μερίζειν
900 5297 1018 5350 ἐστὶ
1058 5295 1156 5361 τὰς
1191 5297 1383 5368 φύσεις
1412 5301 1551 5370 μετὰ
1583 5300 1683 5373 τὴν

180 5444 217 5475 ⁸⁸
248 5443 432 5514 Ephes.
471 5463 542 5510 tv,
574 5448 608 5502 5

1783 4663 1935 4707 caret
1980 4661 2034 4706 et
2089 4654 2235 4707 omni
2288 4655 2734 4722 reprehensione,
2770 4653 2930 4722 idque
2967 4654 3183 4718 merito,
3222 4654 3366 4708 scire

1783 4744 2033 4809 forsitan,
2065 4747 2210 4814 quod
2258 4745 2362 4799 alia
2399 4745 2616 4814 quidem
2660 4752 2744 4798 est
2784 4745 3076 4799 secundum
3113 4755 3363 4798 naturam

1782 4839 2060 4908 propriam
2085 4851 2215 4891 caro
2251 4852 2279 4890 a
2319 4834 2496 4890 Verbo
2547 4835 2658 4890 Deo
2712 4835 2872 4890 Patre
2919 4844 3070 4898 nato,
3123 4845 3176 4889 et
3229 4837 3366 4890 alius

1780 4945 1978 4986 rursus
2008 4928 2340 4999 Unigenitus
2375 4930 2673 4983 secundum
2707 4939 2912 4982 natura:
2945 4929 3173 4996 praprim
3197 4929 3363 4980 ratio-

1781 5040 1922 5078 nem.
1959 5021 2062 5077 Sed
2098 5021 2242 5076 scire
2271 5023 2408 5086 haec,
2445 5036 2548 5074 non
2585 5030 2668 5075 est
2705 5021 2945 5074 dividere
2981 5031 3204 5074 naturas
3242 5029 3364 5090 post

1783 5119 2105 5173 unitionem.
2153 5114 2271 5171 Jam
2308 5119 2352 5170 si
2399 5116 2524 5186 quis
2555 5116 2786 5170 voluerit
2835 5117 3156 5171 sacramenti
3195 5117 3366 5170 virtu-

1787 5222 1896 5266 tem
1929 5221 2122 5266 exacm
2147 5211 2345 5265 mentis
2375 5207 2533 5263 oculo
2557 5210 2923 5272 considerare.
2953 5209 3155 5262 videbit.
3180 5209 3366 5278 utique

1793 5301 1935 5372 quod
1967 5299 2144 5369 (sicut
2197 5299 2304 5354 dixi
2341 5299 2393 5354 in
2431 5299 2734 5369 principio)
2781 5314 2888 5354 non
2923 5313 3074 5352 suam
3114 5309 3362 5352 naturam

1159 5602 1332 5657 Varia:
1366 5604 1626 5660 lectiones
1651 5621 1717 5660 ex
1744 5606 1930 5662 codice
1965 5605 2351 5678 Seguieriano.

184 5767 206 5796 ι
234 5757 286 5809 τὸ
306 5756 776 5848 δὶικοινὴνἎτιζως
813 5755 910 5848 οῦκ
942 5756 1142 5848 ἐννοεξι
1191 5760 1394 5848 κοινέγν.
1472 5767 1502 5848 ἶ
1541 5799 1554 5819 ,
1581 5759 1680 5830 οὐχ
1709 5761 1788 5848 ένὶ
1823 5763 2001 5817 κοινὸν
2023 5762 2131 5832 εἴη.
2212 5773 2231 5800 ι
2264 5765 2607 5834 πεποίηνται.
2687 5778 2710 5804 ι
2741 5767 3078 5837 ὠνόμασεν,δ
3108 5769 3353 5848 ἀπόχρη.

139 5836 215 5880 σιν.
282 5841 299 5866 ι
330 5825 529 5892 αὐτοῖς.
603 5825 629 5866 δ
662 5825 956 5894 ἀσύφηλον.

410 5924 685 5983 Ρηιιοι..
723 5917 836 5977 Gn.
867 5917 1133 5979 LXXVI.

1043 5837 1064 5863 ⁸
1099 5827 1265 5893 ἴσως,
1301 5827 1382 5900 δή.
1472 5828 1488 5868 ί
1529 5827 1825 5901 πεφηνότα.

2887 5927 2947 5990 11
