4104 6492
734 411 830 467 351

1760 405 1818 460 S.
1860 401 2129 460 CYRILLI
2168 397 2635 455 ALEXANDRINI
2680 395 2996 451 ARCHIEP.

3885 399 3998 455 552

734 523 1090 593 apprehendit
1135 521 1275 577 Deus
1321 519 1591 575 exsistens
1650 517 1921 582 Verbum,
1975 517 2068 569 sed
2121 528 2303 568 semen

2410 510 2623 563 ἕνωσιν.
2654 509 2715 562 Ei
2748 507 2806 561 δὲ
2832 507 2894 578 δή
2927 525 3012 571 τις
3043 506 3285 577 βούλοιτο
3306 507 3405 578 τὴν
3436 507 3530 561 τοῦ
3563 510 3868 580 μυστηρίου
3897 513 3994 566 δύο

733 615 987 670 Abrahae.
1018 612 1132 667 Non
1166 620 1249 668 est
1290 620 1468 665 autem
1507 607 1965 666 consubstantiale
2019 606 2198 660 Verbo
2241 619 2310 658 ex

738 706 845 760 Deo
876 713 1022 767 nato,
1053 704 1195 772 quod
1229 717 1294 757 ex
1320 702 1523 757 semine
1547 699 1779 754 Abrahae
1809 708 2055 753 sanctum
2090 710 2307 764 corpus,

735 797 873 866 quod
906 795 1062 864 167
1094 810 1123 848 e
1149 794 1305 849 beata
1344 791 1562 862 Virgine
1595 791 1846 858 sumpsit,
1883 788 2178 859 procedens
2209 787 2308 840 ho-

733 902 845 952 mo,
884 895 939 939 ut
978 885 1236 940 fratribus
1279 885 1469 938 similis
1506 891 1672 945 esset,
1705 891 1760 935 et
1799 880 2166 950 appellaretur
2197 879 2309 947 pri-

735 977 1040 1045 mogenitus
1076 977 1166 1046 qui
1195 986 1310 1030 erat
1335 975 1662 1046 unigenitus.
1691 972 1944 1039 Quamvis
1972 981 2150 1024 autem
2182 971 2313 1024 alte-

734 1069 847 1120 rius
881 1075 1086 1119 naturm
1115 1066 1185 1120 sit
1212 1080 1407 1132 corpus
1433 1078 1460 1116 a
1488 1063 1668 1118 Verbo
1704 1062 1792 1115 Dei
1825 1061 2027 1125 Patris;
2063 1075 2200 1112 unus
2228 1069 2311 1112 ta-

734 1172 854 1211 men
884 1166 966 1211 est
1000 1156 1270 1221 Christus,
1307 1165 1361 1210 et
1393 1154 1584 1215 Filius,
1622 1162 1675 1209 et
1713 1153 1877 1220 Deus,
1926 1161 1976 1206 et
2028 1151 2306 1215 Dominus,

736 1247 945 1301 tametsi
995 1245 1172 1301 factus
1222 1247 1296 1299 sit
1337 1259 1488 1298 caro.
1531 1242 1647 1297 Non
1695 1251 1844 1298 caret
1877 1253 2056 1296 autem
2091 1243 2306 1306 damno,

733 1323 1027 1392 dissolvere
1064 1351 1206 1391 verae
1241 1336 1502 1389 unitionis
1545 1335 1786 1396 modum,
1822 1345 1877 1388 et
1915 1333 2151 1388 dividere
2183 1338 2308 1388 sub-

730 1427 1013 1481 sistentias
1062 1440 1089 1478 a
1141 1440 1199 1480 se
1232 1437 1418 1478 nmtuo
1469 1425 1742 1494 sejunctas
1778 1424 1828 1476 in
1874 1424 2008 1477 duos
2045 1423 2203 1487 lilios,
2255 1431 2312 1474 ut

729 1518 982 1587 privatim
1018 1527 1072 1572 et
1120 1530 1363 1572 seorsum
1422 1516 1554 1579 sint,
1609 1515 1871 1569 habentes
1916 1526 2094 1568 autem
2138 1515 2308 1567 solum

729 1617 1011 1661 externam
1040 1607 1455 1669 connexionem,
1495 1615 1549 1660 et
1603 1615 1660 1659 ut
1699 1606 1751 1658 in
1796 1605 1985 1659 ordine
2010 1606 2307 1676 dignitatis.

730 1697 883 1762 Quod
918 1696 960 1751 si
1005 1696 1304 1750 naturalem
1342 1697 1597 1748 unionem
1643 1695 1963 1760 dixerimus,
2007 1709 2191 1749 veram
2228 1696 2311 1747 in-

734 1789 1044 1860 telligimus.
1077 1788 1251 1843 Habet
1277 1789 1421 1840 enim
1456 1786 1735 1857 Scriptura
1762 1788 2015 1841 divinitus
2053 1788 2312 1855 inspirata

2412 619 2576 671 ναμιν
2610 600 2829 672 ἀκριϐεῖ
2860 599 3099 664 διανοίας
3132 599 3338 670 ὄμματι
3361 601 3860 666 κατασκέπτεσθαι,
3891 623 4001 657 κα-

2413 691 2737 762 ταθρήσειεν
2765 689 2852 752 ἂν,
2880 688 2982 752 ὅτι,
3011 687 3262 758 καθάπερ
3297 687 3431 756 ἔφην
3462 689 3519 740 ὲν
3553 689 3772 759 ἀρχαῖς,
3805 691 3870 742 οὑ
3894 691 4004 760 τῆς

2411 782 2574 837 αὑτοῦ
2589 783 2801 852 φύσεως
2825 781 3117 834 ἐπελάϐετο
3137 781 3268 843 Θεὸς
3302 780 3376 834 ὢν
3398 783 3426 834 ὁ
3453 781 3644 850 Λόγος,
3665 780 3801 835 ἀλλὰ
3831 785 4005 854 σπέρ-

2417 891 2582 943 ματος
2616 872 2868 944 ’Λ6ραάμ
2892 886 2906 900 ⁸
2938 872 3035 940 οὑχ
3061 870 3345 941 όμοούσιον
3370 871 3427 924 δὲ
3458 872 3535 942 τῷ
3567 875 3628 926 ὲκ
3661 873 3796 926 Θεοῦ
3833 874 4003 941 φύντι

2413 967 2588 1034 Λόγῳ,
2613 964 2672 1017 τὸ
2702 967 2764 1016 ἐκ
2795 963 3107 1034 σπέρματος
3142 963 3396 1034 Ἀϐραάμ
3435 964 3588 1032 ἅγιον
3620 965 3780 1036 σῶμα
3854 968 4002 1037 ὅπερ

2413 1056 2476 1108 ὲκ
2501 1055 2599 1124 τῆς
2634 1056 2910 1123 μακαρίας
2936 1051 3215 1122 Παρθένου
3254 1051 3454 1118 λαϐὼν,
3474 1051 3743 1121 προῆλθεν
3775 1052 4001 1124 ἄνθρω-

2415 1163 2532 1208 πος,
2559 1146 2646 1196 ἴνα
2675 1147 2786 1206 τοῖς
2805 1143 3054 1212 ἀδελφοῖς
3080 1144 3342 1213 ὀμοιωθῇ,
3369 1143 3462 1196 καὶ
3498 1145 3810 1217 χρηματίσῃ
3847 1161 4008 1216 πρω-

2411 1239 2629 1302 τότοκος
2650 1239 2678 1290 ό
2708 1239 3024 1308 μονογενής.
3063 1239 3204 1292 Ἀλλ’
3235 1240 3282 1290 εἰ
3317 1239 3410 1292 καὶ
3436 1238 3581 1291 ἔστιν
3606 1238 3905 1309 ὲτεροφυὲς
3939 1238 4006 1290 τὸ

2415 1329 2573 1400 σῶμα
2609 1330 2761 1400 παρά
2788 1329 2977 1398 γε’τὸν
3019 1330 3083 1382 ὲκ
3116 1329 3252 1382 Θεοῦ
3288 1328 3501 1398 Πατρὸς
3527 1329 3718 1396 Λόγον,
3753 1327 3873 1381 ἀλλ’
3905 1324 4006 1380 οὖν

2415 1417 2494 1484 εἷς
2523 1421 2777 1491 Χριστὸς,
2812 1420 2907 1474 καὶ
2932 1420 3079 1484 Υἱὸς,
3115 1421 3210 1474 καὶ
3240 1421 3393 1484 Θεὸς,
3423 1422 3517 1472 καὶ
3549 1419 3753 1489 Κύριος
3772 1459 3788 1485 ,
3821 1419 3922 1472 καὶ
3955 1420 4007 1471 εί

2414 1513 2603 1581 γέγονε
2647 1513 2801 1583 σάρξ.
2839 1514 2950 1565 Καὶ
2981 1513 3072 1566 τὸν
3112 1513 3210 1580 τῆς
3240 1511 3478 1583 ἀληθοῦς
3506 1511 3750 1574 ὲνώσεως
3793 1511 4010 1580 τρόπον

2415 1604 2719 1675 παραλύειν
2749 1605 2849 1657 οὑκ
2877 1603 3130 1675 ἀζήμιον,
3155 1605 3464 1667 διιστάντας
3492 1605 3572 1666 εἰς
3597 1603 3744 1666 υἱοὺς
3775 1603 3872 1655 δύο
3901 1603 4008 1664 τὰς

2415 1697 2765 1761 ὑποστάσεις,
2807 1695 3195 1765 άποφοιτὼσας
3253 1697 3350 1766 μὲν
3382 1696 3629 1765 ἀλλήλων
3671 1697 3749 1757 είς
3783 1693 3846 1746 τὸ
3896 1695 4011 1765 ἰδία

2415 1805 2473 1840 τε
2506 1784 2645 1840 εἶναι
2693 1788 2788 1842 καὶ
2811 1788 2915 1841 άνὰ
2941 1787 3372 1859 μέρος,ὲχούσας
3400 1787 3457 1840 δὲ
3487 1787 3657 1857 μόνην
3698 1786 4010 1854 συνάφειαν

729 1881 876 1935 hunc
906 1894 1133 1944 morem,
1161 1880 1262 1934 hac
1285 1879 1519 1934 dictione
1543 1880 1592 1933 in
1623 1880 1766 1935 hunc
1794 1895 2010 1935 sensum
2033 1881 2129 1934 uti.
2158 1881 2306 1935 Scri-

2412 1878 2509 1948 τὴν
2544 1877 2740 1943 ἔξωθέν
2771 1896 2830 1931 τε
2862 1879 2955 1932 καὶ
2987 1879 3064 1942 ὡς
3101 1880 3159 1931 ἐν
3211 1878 3363 1944 τάξει
3403 1878 3592 1948 τιμῆς.
3635 1877 3699 1929 Εἰ
3728 1875 3786 1929 δὲ
3818 1877 3888 1947 δὴ
3919 1875 4014 1929 λέ-

731 1973 809 2026 hit
842 1974 985 2027 enim
1038 1972 1236 2026 alicubi
1271 1972 1599 2041 quihusdam
1645 1973 1859 2026 divinus
1895 1971 2099 2025 Paulus
2132 1989 2147 2027 ε
2190 1990 2209 2022 ι
2247 1973 2312 2026 Ει

727 2079 949 2118 eramus
987 2072 1178 2117 natura
1205 2062 1298 2117 lilii
1333 2063 1447 2128 irae,
1481 2062 1622 2117 sicut
1647 2070 1698 2116 et
1727 2062 1912 2117 ceteri
1935 2060 2012 2128 “;
2043 2080 2062 2113 ι
2101 2070 2156 2117 et
2182 2076 2312 2114 neu-

730 2158 934 2223 tiquam
983 2155 1184 2208 dixerit.
1213 2155 1476 2223 quispiam
1514 2154 1811 2210 subsistere
1843 2164 2090 2208 naturam
2120 2156 2312 2208 divina:

729 2246 844 2309 irae,
894 2246 964 2299 ita
1019 2255 1076 2299 ut
1130 2256 1443 2314 peccatores
1479 2246 1621 2300 illius
1649 2247 1756 2301 sint
1802 2247 2017 2301 suboles
2067 2246 2309 2314 :aliani

719 2352 950 2406 prorsus
979 2347 1034 2391 et
1063 2337 1314 2391 onmibus
1349 2339 1524 2392 modis
1575 2339 1974 2392 consentiemns
2011 2337 2312 2391 laboranti-

727 2430 828 2483 bus
884 2428 1092 2482 insania
1143 2426 1588 2483 Manichmorum.
1635 2427 1738 2482 Sed
1772 2428 1866 2492 ibi,
1910 2439 2121 2492 natura,
2169 2429 2308 2480 idem

720 2525 809 2571 est
840 2517 1005 2585 quod,
1057 2531 1206 2571 vere.
1253 2516 1368 2572 Non
1425 2519 1587 2587 igitur
1616 2518 2012 2573 confundentes
2065 2527 2308 2580 naturas,

730 2623 906 2677 neque
935 2609 1083 2677 ipsas
1115 2613 1256 2662 inter
1288 2623 1346 2664 se
1383 2610 1696 2674 miscentes,
1729 2611 1874 2663 sicut
1899 2611 2083 2664 dicunt
2114 2612 2309 2662 adver-

728 2699 878 2764 sarii,
899 2699 1196 2754 naturalem
1222 2700 1453 2754 dicimus
1481 2699 1676 2754 factam
1696 2714 1817 2755 esse
1847 2701 2180 2766 nnitionem;
2217 2701 2309 2754 sed

727 2803 793 2843 ex
831 2789 1042 2843 duabus
1088 2789 1249 2842 rebus
1282 2788 1654 2853 dissimilibus,
1708 2791 1928 2856 deitate,
1968 2790 2209 2859 inquam,
2259 2799 2312 2843 et

735 2880 1098 2942 humanitate,
1135 2894 1296 2930 unmn
1336 2877 1537 2931 factum
1573 2894 1694 2933 esse
1716 2878 2310 2944 Christum,etFilium,

733 2979 785 3024 et
811 2969 1116 3034 Dominum,
1144 2970 1342 3036 ubique
1364 2967 1718 3024 allii-mantus.
1751 2971 1971 3025 Demum
1997 2986 2117 3024 cum
2149 2970 2312 3039 Apol-

727 3063 908 3117 linarii
954 3065 1220 3132 dogmatis
1268 3063 1427 3132 plane
1473 3064 1606 3117 nihil
1665 3065 1818 3120 nobis
1872 3079 2156 3119 commune
2207 3077 2307 3118 est.

728 3156 907 3209 Semvl
937 3157 1080 3211 enim
1116 3158 1528 3212 condemnatos.
1565 3167 1818 3226 tanquam
1851 3157 2130 3211 veritatem
2161 3156 2309 3210 adul-

731 3257 965 3300 terantes
996 3247 1233 3300 aversari
1261 3256 1498 3315 oportet.

2413 1987 2608 2040 γοιμεν
2641 1971 2876 2039 φυσικὴν
2907 1970 3007 2037 τὴν
3049 1971 3264 2035 ἕνωσιν,
3292 1971 3391 2039 τὴν
3425 1969 3602 2041 ἀληθῆ
3643 1987 3848 2040 φαμεν,
3883 1969 4013 2031 ἔθος

2413 2062 2646 2132 ἐχούσης
2675 2062 2775 2132 τῆς
2829 2062 3191 2115 θεοπνεύστου
3236 2063 3462 2132 Γραφῆς
3513 2063 3656 2116 οὕτω
3691 2061 4012 2133 κεχρῆσθαι

2411 2157 2476 2225 τῇ
2515 2153 2681 2220 λέξει.
2718 2155 2924 2225 Γράφει
2947 2154 3056 2224 γάρ
3081 2154 3181 2207 ποὺ
3210 2171 3352 2206 τισιν
3378 2155 3405 2207 ὁ
3431 2153 3716 2215 θεσπέσιος
3749 2153 3972 2217 Παῦλος
3992 2168 4009 2181 ’

2419 2262 2437 2294 ι
2480 2245 2589 2298 Καὶ
2630 2240 2774 2314 ἦμεν
2803 2244 2968 2299 τέκνα
2997 2247 3158 2314 φύσει
3199 2244 3392 2315 ὀργῆς,
3423 2245 3500 2308 ὡς
3532 2246 3626 2298 καὶ
3649 2247 3698 2298 οῖ
3732 2245 3947 2298 λοιποί’
3987 2263 4007 2296 ι

2413 2335 2507 2388 καὶ
2549 2336 2609 2388 οὐ
2642 2337 2812 2407 δήπου
2843 2337 2977 2407 φαίη
3009 2355 3091 2400 τις
3118 2336 3184 2389 ἂν
3206 2336 3506 2404 ὑφεστάναι
3547 2339 3688 2392 κατά
3717 2336 3884 2405 φύσιν
3907 2337 4012 2407 τὴν

2413 2425 2562 2478 θείαν
2597 2425 2792 2495 ὀργὴν,
2851 2425 2993 2479 ὥστε
3050 2427 3145 2480 καὶ
3180 2427 3349 2496 αὑτῆς
3404 2426 3723 2497 γεννήματα
3751 2425 4010 2479 νοεῖσθαι

2411 2519 2537 2580 τοὺς
2560 2518 2982 2587 ἁμαρτάνοντας
3006 2534 3018 2548 °
3045 2520 3077 2588 ἢ
3103 2520 3281 2589 πάντη
3305 2536 3364 2571 τε
3393 2520 3486 2572 καὶ
3516 2520 3731 2581 πάντως
3759 2519 4016 2589 ἐσόμεθα

2415 2608 2731 2678 σύμφρονες
2762 2610 2787 2648 8
2820 2612 2934 2673 τοῖς
2981 2609 3080 2679 τὴν
3129 2609 3450 2678 Μανιχαίων
3512 2609 3727 2664 νοσοῦσι
3777 2611 4011 2680 μανίαν.

2425 2701 2586 2753 Ἀλλὰ
2614 2701 2694 2764 τὸ,
2728 2700 2911 2768 φύσει,
2937 2700 3089 2771 δηλοί
3121 2701 3183 2753 τὸ
3211 2702 3351 2756 κατά
3380 2701 3660 2772 ἀλήθειαν.
3695 2701 3912 2756 Οὐκοῦν
3943 2704 4012 2756 οὑ

2413 2792 2740 2862 συγχέοντες
2784 2791 2884 2855 τάς
2929 2793 3156 2861 φύσεις,
3196 2793 3321 2847 οὕτε
3372 2795 3478 2865 μὴν
3524 2794 3782 2865 ἀλλήλαις
3827 2795 4014 2857 αὑτὰς

2414 2883 2822 2953 άναφύροντες,
2861 2884 3004 2939 καθά
3037 2903 3199 2954 φασιν
3231 2888 3280 2938 ol
3322 2887 3389 2938 δι’
3441 2887 3710 2950 ἐναντίας,
3759 2888 4014 2956 φυσικήν

2414 2993 2594 3046 φαμεν
2627 2976 2880 3043 γενέσθαι
2904 2978 3001 3047 τὴν
3034 2977 3254 3030 ἕνωσιν·
3289 2977 3402 3030 ἀλλ’
3435 2979 3499 3031 ὲκ
3526 2977 3618 3032 δύο
3651 2981 4014 3051 πραγμάτων

2414 3067 2705 3135 ἀνομοίων,
2749 3066 3001 3136 θεότητός
3029 3084 3088 3119 τε
3146 3070 3240 3120 καὶ
3273 3068 3709 3138 άνθρωπότητος,
3757 3069 3850 3121 τὸν
3906 3071 4012 3122 ἕνα

2414 3157 2668 3227 γενέσθαι
2698 3159 2952 3228 Χριστὸν,
2986 3161 3078 3211 καὶ
3111 3159 3258 3222 Υἰον,
3291 3163 3383 3212 xui.
3416 3161 3620 3231 Κύριον
3652 3160 4012 3214 διαδεδαιοῦ-

2339 3231 2379 3284 C
2418 3248 2560 3316 μεθα
2589 3248 2886 3317 πανταχοῦ.
2930 3249 3051 3301 Τῶν
3079 3251 3132 3302 δὲ
3183 3252 3557 3323 ’Λπολιναρίου
3597 3253 3882 3324 δογμάτων
3912 3254 4011 3306 οὑ-

721 3343 837 3406 δεὶς
873 3343 1152 3406 παντελῶς
1222 3346 1353 3413 ἡμῖν
1383 3346 1412 3396 ὁ
1445 3344 1638 3413 λόγος’
1699 3346 1826 3409 τοὺς
1869 3345 1977 3416 γάρ
2044 3343 2190 3409 ams
2262 3347 2796 3415 κατακεκριμένους,
2847 3347 2922 3409 ὡς
2989 3349 3511 3417 παραχαράττοντας
3561 3350 3659 3420 τὴν
3713 3349 4006 3419 ἀλήθειαν,

720 3435 1191 3506 ἀποστρέφεσθαι.
1214 3436 1341 3505 χρή.

1136 3526 1770 3585 ANATHEMATISMUS
1811 3530 1900 3584 ιν.

803 3643 859 3695 Si
897 3642 1015 3708 quis
1065 3640 1275 3694 duabus
1309 3642 1575 3708 personis,
1601 3644 1713 3697 sive
1749 3643 2155 3713 hypostasibus,
2212 3660 2304 3697 eas

730 3751 888 3790 voces
935 3733 1202 3795 attribuit,
1255 3748 1374 3800 quae
1418 3734 1468 3785 in
1523 3735 1848 3802 evangelicis
1894 3746 1948 3789 et
1991 3737 2302 3805 apostolicis

733 3827 1032 3894 Srripmris
1077 3825 1274 3892 passim
1329 3836 1642 3887 occurrunt,
1695 3842 1882 3893 qumve
1922 3844 1949 3879 ιι
1990 3830 2193 3880 sanctis
2239 3833 2304 3879 de

726 3919 968 3979 Christo,
1000 3915 1080 3967 vel
1113 3915 1176 3966 ab
1204 3915 1317 3981 ipso
1345 3928 1560 3982 quoque
1600 3915 1818 3967 Christo
1848 3917 1912 3967 de
1944 3917 2120 3982 scipso
2150 3918 2305 3967 dicta:

729 4022 890 4073 sunt;
937 4018 990 4064 et
1030 4008 1164 4062 alias
1197 4006 1413 4074 quidem
1447 4004 1646 4056 homini
1697 4013 1950 4072 tanquam
1981 4020 2226 4056 seorsum
2273 4021 2303 4058 a

727 4104 838 4156 Deo
863 4102 1036 4156 Verbo
1059 4099 1400 4153 considerato
1431 4096 1684 4157 ascribit;
1719 4095 1852 4148 alias
1887 4111 2013 4148 vero
2046 4104 2302 4162 tanquam

731 4197 836 4249 Deo
874 4192 1281 4253 convenientes,
1332 4188 1430 4243 soli
1489 4189 1579 4242 Dei
1630 4187 1804 4241 l’atris
1852 4187 2027 4240 Verbo
2049 4187 2301 4254 adaptat;

725 4287 1010 4340 anathema
1052 4281 1144 4337 sit.

1183 4391 1536 4446 Orientalium
1571 4392 1843 4459 oppositio.

795 4507 1168 4574 Congrncnter
1228 4505 1386 4557 etiam
1440 4506 1540 4558 hoe
1597 4504 1714 4558 loco
1765 4503 1835 4556 illi
1878 4518 1970 4556 sna
2003 4504 2174 4574 ipsius
2214 4504 2304 4557 dc-

722 4606 871 4652 creta
925 4593 1257 4662 suggerenda
1311 4603 1454 4646 sunt.
1491 4593 1635 4646 Dixit
1673 4595 1813 4646 cnim
1864 4612 1876 4646 :
1909 4592 2166 4658 Quamvis
2204 4609 2300 4643 au~

724 4688 840 4739 ;lias
886 4684 1024 4753 quod
1077 4683 1364 4751 proleCerit
1393 4692 1548 4736 aetate
1581 4692 1631 4734 ct
1660 4682 1921 4749 sapientia
1947 4691 1999 4733 ct
2032 4681 2201 4748 gratia
2231 4682 2296 4742 ⁵⁵,

724 4793 788 4831 ne
821 4785 974 4843 pntcs
1011 4775 1226 4841 sapiens
1270 4787 1335 4826 ex
1385 4774 1716 4826 incremento
1753 4773 1949 4825 factum
1991 4773 2150 4843 168
2184 4788 2301 4827 esse

721 4864 956 4920 Verbum
997 4863 1091 4916 Dci
1131 4881 1143 4915 :
1194 4879 1367 4930 neque
1415 4879 1601 4916 rursus
1646 4863 1771 4916 illud
1831 4867 2109 4933 nngaciter
2154 4868 2302 4918 ansis

724 4959 923 5020 dicere,
959 4956 1119 5024 quod,
1153 4955 1412 5022 prolicere
1442 4955 1493 5006 in
1529 4964 1684 5008 relate
1712 4966 1764 5008 et
1797 4957 2057 5024 sapientia
2095 4965 2148 5008 et
2180 4972 2302 5023 grn-

725 5050 822 5112 tia,
868 5048 1071 5101 homini
1116 5047 1440 5112 aptabimus.
1491 5046 1720 5112 (Verum
1756 5048 1965 5100 tametsi
2007 5058 2164 5116 neget
2202 5048 2299 5099 hoc

729 5140 845 5193 loco
889 5139 1184 5205 Scriptura:
1230 5137 1623 5197 testimonium,
1662 5152 1767 5204 quo
1805 5138 2080 5200 docemur,
2124 5138 2300 5205 profe-

723 5242 869 5285 ctum
903 5230 1050 5283 illum
1087 5229 1238 5297 juxta
1271 5209 1524 5279 naturam.
1557 5227 1741 5280 carnis
1774 5228 2009 5292 Domini,
2056 5244 2174 5296 qum
2218 5228 2296 5278 vi-

725 5325 972 5387 debatur,
1004 5321 1200 5385 fuisse;
1233 5334 1373 5372 nunc
1409 5327 1585 5372 tamen
1616 5333 1719 5372 non
1755 5331 1835 5374 est
1870 5329 2078 5389 tempus
2110 5322 2296 5374 redar-

796 5480 838 5511 δδ
865 5478 1056 5549 Ephes.
1091 5491 1150 5539 ιι,
1181 5475 1232 5528 5.
1311 5476 1354 5506 ⁸³
1396 5473 1523 5529 an.
1571 5492 1624 5541 ll,
1667 5476 1754 5530 5‘2.

2839 3524 3435 3580 ΑΝΑΘΕΜΛΤΙΣΜΟΣ
3495 3532 3568 3582 Δ’.

2491 3637 2555 3690 Εἴ
2589 3654 2667 3701 τις
2697 3638 3010 3708 προσώποις
3037 3639 3208 3700 δυσὶν,
3241 3643 3406 3711 ἤγουν
3436 3643 3788 3710 ὑποστάσεσι,
3815 3650 3917 3712 τάς
3941 3668 4005 3704 τε

2414 3732 2471 3782 ἐν
2496 3734 2605 3793 τοῖς
2645 3731 3020 3799 εὑαγγελικοῖς
3067 3734 3157 3784 καὶ
3186 3736 3560 3800 ἀποστολικοῖς
3601 3742 4007 3810 συγγράμμασι

2412 3823 2657 3890 διανέμει
2713 3824 2915 3891 φωνὰς,
2975 3826 3005 3894 ἢ
3066 3827 3157 3876 ἐπὶ
3211 3828 3430 3897 Χριστῷ
3481 3832 3630 3900 παρὰ
3666 3833 3776 3884 τῶν
3829 3836 4006 3902 ἁγίων

2415 3911 2734 3981 λεγομένας,
2771 3914 2801 3982 ἢ
2833 3915 2961 3985 παρ’
2993 3916 3160 3967 αὑτοῦ
3205 3918 3329 3985 περὶ
3373 3919 3563 3971 ἑαυτοῦ
3591 3937 3612 3959 ⁸-
3646 3923 3861 3988 καὶτὰς
3903 3928 4006 3994 μὲν

2412 4001 2487 4064 ὡς
2516 4003 2785 4072 ἀνθρώπῳ
2821 4005 2970 4074 παρά
3003 4005 3093 4057 τὸν
3123 4009 3186 4059 ὲκ
3217 4007 3349 4060 Θεοῦ
3384 4010 3595 4081 Πατρός
3623 4013 3793 4080 Λόγον
3816 4015 4004 4078 ἰδικῶς

2413 4096 2685 4164 νοουμένῳ
2725 4101 3048 4165 προσάπτει,
3077 4103 3174 4164 τάς
3208 4101 3263 4153 δὲ
3291 4103 3366 4165 ὡς
3395 4104 3717 4174 θεοπρεπεῖς
3743 4113 3890 4180 μόνῳ
3921 4113 4002 4182 τῷ

2413 4188 2476 4239 ἐκ
2515 4187 2646 4239 Θεοῦ
2681 4189 2889 4259 [ἰατρὸς
2915 4191 3073 4260 Λόγῳ
3092 4208 3104 4220 ·
3131 4193 3376 4262 ἀνάθεμα
3409 4196 3565 4251 ἔστω.

2685 4389 3061 4458 Ἀντίῤῥησις
3116 4393 3235 4447 τῶν
3301 4397 3704 4454 Ἀνατολικῶν.

2496 4500 2812 4552 ’Λκόλουθον
2889 4505 3168 4558 κάνταῦθα
3216 4508 3321 4560 τῶν
3378 4511 3542 4563 αὑτοῦ
3603 4513 3998 4585 θεσπισμάτων

2411 4590 2570 4642 αὑτὸν
2617 4592 2949 4661 ὑπομνῆσαι,
3004 4598 3058 4648 ἐν
3107 4593 3187 4661 οἷς
3226 4617 3384 4670 φησιο
3436 4602 3550 4655 Κᾶν
3599 4606 3863 4678 ἀκούσῃς,
3915 4592 4000 4665 ὃτί

2414 4683 2718 4751 προέκοπτε
2760 4683 2940 4754 σοφία,
2975 4687 3066 4737 καὶ
3099 4689 3304 4758 ἡλικίᾳ,
3343 4693 3434 4742 καὶ
3465 4692 3666 4762 χάριτι,
3702 4696 3777 4766 μὴ
3831 4702 3997 4766 σοφὸν

2405 4775 2463 4838 ἐξ
2488 4775 2778 4836 ἐπιδόσεως
2813 4778 3065 4842 γενέσθαι
3096 4782 3322 4851 νομίσῃς
3357 4783 3448 4834 τὸν
3492 4785 3586 4837 τοῦ
3621 4786 3754 4840 Θεοῦ
3784 4791 3991 4859 Λόγων

2408 4865 2528 4934 μηδ’
2561 4862 2627 4917 αὖ
2668 4867 2845 4919 ἐκεῖνο
2900 4868 3192 4938 φληνάφως
3241 4873 3521 4945 τολμήσῃς
3562 4879 3758 4941 εἰπεῖν,
3801 4881 3884 4933 ὅτι
3933 4885 3994 4936 τὸ

2404 4957 2735 5026 προκόπτειν
2792 4960 2848 5010 ἐν
2906 4961 3112 5031 ἡλικίᾳ,
3163 4963 3256 5014 καὶ⁸
3306 4965 3486 5036 σοφίᾳ,
3541 4970 3634 5020 καὶ
3691 4971 3875 5039 χάριτι
3917 4976 3994 5045 τῷ

2404 5045 2673 5114 ἀνθρώπῳ
2693 5048 3045 5118 προσάψομεν
3070 5067 3081 5080 ·
3106 5051 3278 5113 (Ἀλλ’
3296 5055 3342 5105 εί
3362 5056 3454 5107 καὶ
3483 5057 3724 5126 ἀρνεῖται
3757 5061 3993 5117 ἐνταῦθα

2400 5136 2499 5206 τὴν
2522 5141 2618 5206 τῆς
2648 5139 2868 5208 Γραφῆς
2895 5141 3203 5212 μαρτυρίαν
3228 5143 3585 5200 διδάσκουσαν
3617 5149 3697 5201 ὅτι
3732 5153 3870 5204 κατὰ
3895 5155 3996 5224 τὴν

2401 5231 2498 5296 τῆς
2533 5229 2864 5298 φαινομένης
2914 5234 3114 5302 σαρκὸς
3156 5233 3318 5302 φύσιν
3369 5237 3462 5289 τοῦ
3519 5241 3730 5307 Κυρίου
3780 5243 3847 5295 τὰ
3892 5247 3995 5315 τῆς

2403 5319 2685 5390 προκοπῆς
2735 5321 2944 5389 ἐγίνετο
3007 5326 3054 5389 ιι,
3111 5325 3229 5379 ἀλλ’
3260 5328 3318 5380 οὑ
3357 5331 3548 5402 καιρὸς
3585 5331 3679 5386 νῦν
3709 5334 3868 5389 τοῦτο
3917 5338 3998 5391 δι‹⁵

1780 5628 1950 5684 Varite
1985 5630 2240 5686 lectiones
2271 5646 2331 5686 ex
2363 5632 2547 5688 codice
2582 5632 2955 5703 Seguieriano.

781 5787 821 5826 ⁸
845 5785 1144 5855 ίσόφρονες.
1218 5783 1240 5819 δ
1270 5784 1487 5852 ἐγένετο
