4104 6510
134 433 231 488 333

767 434 1289 498 APOLOGETICUS
1326 440 1462 498 PRO
1499 439 1593 496 XII
1630 436 1992 499 CAPITIBUS
2026 443 2302 502 CONTRA
2342 443 2803 503 ORIENTALES.
2880 460 2882 462 '

3301 451 3406 506 534

147 554 400 622 εὶέγίειν,
422 553 825 626 ἐπειγομένοις
851 558 943 610 ἐπὶ
960 559 1019 611 τὸ
1035 559 1393 630 προκείμενον
1415 561 1730 631 κεφάλαιον·

1856 563 2029 627 ςιιεηᾱί
2057 564 2180 631 hoc,
2219 566 2601 622 festinantibus
2643 569 2709 621 ad
2730 566 3061 637 propositum
3089 568 3397 636 capitulum.

152 645 234 696 τοῦ
265 646 375 715 γὰρ
409 645 602 712 δεῖξαι
641 647 738 700 δύο
780 649 1104 714 ὑποστάσεις
1147 651 1309 704 αὑτὸν
1349 651 1595 719 λέγοντα.
1643 650 1740 704 καὶ

158 736 321 807 ἑαυτῷ
350 737 805 807 ἐναντιούμενον,
841 741 1237 812 παρεθήκαμεν
1283 743 1352 796 τὰ
1392 743 1561 797 πάλαι
1591 743 1740 813 αὑτῷ

163 828 436 897 εἰρημένα.
479 830 577 891 Ὠς
604 830 662 881 δὲ
703 832 717 870 ί
754 836 1062 901 προσώποις
1091 833 1264 897 δυσὶν,
1293 834 1324 902 ἦ
1359 833 1736 900 ὑποστάσεσιν,

167 926 195 992 ἦ
226 926 352 986 υἱοῖς
381 924 504 975 δυσὶ
552 923 898 994 διαιροῦντας
928 928 1026 996 τὴν
1055 928 1268 994 ἕνωσιν,
1301 931 1466 1000 ἤγουν
1507 931 1597 983 τὸν
1646 931 1740 982 ἕνα

175 1020 310 1082 Tibi,
340 1018 440 1081 τὰς
472 1019 663 1087 φωνὰς
693 1020 1020 1090 ἐφαρμόζειν
1042 1023 1102 1074 οὑ
1128 1021 1231 1075 δείἱ
1271 1039 1284 1054 ·
1315 1024 1616 1093 ἀδιαίρετος
1635 1025 1742 1094 γὰρ

169 1113 256 1162 καὶ
299 1109 612 1180 ἀχώριστος
661 1111 694 1179 ἡ
741 1111 882 1181 ἄκρα
925 1113 1148 1175 ἓνωσις·
1202 1115 1296 1167 καὶ
1345 1117 1372 1167 ὁ
1421 1109 1498 1177 εἷς
1547 1115 1674 1176 Υἱὸς
1714 1117 1740 1154 ¹ι

167 1204 298 1254 κατὰ
326 1205 507 1254 πάντα
541 1204 636 1255 καὶ
661 1203 838 1271 λόγον,
882 1204 973 1257 καὶ
1001 1206 1218 1274 τρόπον,
1243 1208 1334 1260 καὶ
1368 1207 1573 1260 ἔννοιάν
1604 1209 1738 1262 ἐστι.

165 1296 272 1355 Τῆς
297 1296 351 1346 δὲ
382 1295 559 1364 ἄκρας
599 1295 843 1358 ἑνὼσεως
888 1297 1314 1370 φυλαττομένης,
1363 1301 1454 1354 καὶ
1502 1301 1592 1352 τοῦ
1628 1301 1744 1364 ἐνὸς

166 1385 291 1436 Υἱοῦ
339 1384 383 1448 ι,
437 1386 531 1437 καὶ
573 1379 833 1455 Χριστοῦ,
891 1387 985 1439 καὶ
1035 1390 1240 1460 Κυρίου
1291 1391 1741 1462 ὁμολογουμένου,

164 1479 290 1547 περὶ
320 1479 412 1530 τὸν
440 1478 538 1531 ἕνα
597 1481 689 1531 καὶ
724 1480 813 1530 τὸν
841 1480 999 1531 αὑτὸν
1031 1481 1156 1534 Υἰὸν
1181 1483 1617 1551 ἐκλαμϐάνεσθαι
1640 1484 1744 1557 χρὴ

162 1572 229 1621 τὰ
286 1570 577 1640 λεγόμενα.
657 1571 815 1623 Κατὰ
874 1571 1058 1640 μέντοι
1115 1572 1214 1643 τὴν
1281 1574 1390 1627 τῶν
1443 1575 1744 1628 ἐνωθεισῶν

164 1661 381 1728 φύσεων
421 1661 652 1730 δύναμιν
685 1663 1092 1732 ἐφ-αρμὸζεσοαι
1133 1664 1332 1734 πρέπει
1380 1664 1456 1735 τῷ
1502 1667 1581 1718 ἐνὶ
1634 1666 1746 1736 Υἰῴ

163 1755 229 1805 τὰ
261 1755 577 1823 λεγόμενα.)
604 1755 676 1805 Τὸ
707 1754 764 1807 δὲ
805 1755 878 1825 μὴ
910 1757 1056 1826 ὲρεῖν
1087 1766 1124 1792 σι
1154 1758 1252 1820 τὰς
1282 1759 1337 1810 ἐν
1366 1762 1476 1822 τοῖς
1498 1760 1746 1827 Εὐαγγε·

165 1844 300 1907 λίοις
330 1844 539 1912 φωνὰς,
572 1845 605 1914 ἦ
633 1847 732 1908 τὰς
766 1848 893 1916 παρ’
923 1847 1086 1900 αὑτοῦ
1116 1847 1208 1900 τοῦ
1242 1849 1444 1918 Κυρίου
1473 1850 1600 1920 περὶ
1625 1851 1750 1902 ἑαυ-

163 1936 254 1989 τοῦ
285 1935 604 2007 εἰρημένας,
631 1937 664 2008 ἦ
692 1936 793 2000 τὰς
835 1941 890 1991 ἐν
919 1940 1031 2001 τοῖς
1059 1939 1433 2003 ἀποστολικοῖς
1462 1941 1744 2009 συγγράμ-

167 2046 298 2096 μασι
358 2031 642 2098 κειμένας,
692 2030 852 2084 ποίαν
898 2031 1202 2103 ὑπερϐολὴν
1253 2032 1602 2102 βλασφημίας
1646 2034 1744 2102 οὑχ

165 2120 490 2189 ὑπεραίρει;
543 2122 604 2172 Εἰ
635 2121 740 2190 γὰρ
781 2123 855 2190 μὴ
895 2123 1210 2194 διαιροῦμεν
1246 2125 1344 2188 τὰς
1391 2125 1593 2194 φωνὰς,
1629 2125 1746 2188 πῶς

166 2213 230 2266 ἂν
259 2213 688 2282 ἀντιϐλέῲαιμεν
717 2216 828 2277 τοῖς
858 2216 1119 2284 Εὑνομίου
1170 2219 1264 2270 καὶ⁵
1296 2218 1532 2288 Ἀρείου,
1571 2219 1748 2272 πάντα

165 2305 237 2366 ὼς
291 2305 375 2367 εἰς
422 2304 551 2373 μίαν
601 2304 762 2371 φύσιν
807 2306 1075 2375 εἰρημένα
1118 2308 1482 2378 συμφὺρουσι,
1534 2309 1628 2362 καὶ
1679 2309 1749 2363 τὰ

166 2397 399 2448 ταπεινὰ
441 2397 542 2464 τῆς
584 2396 1004 2469 evomam-mm;
1048 2400 1127 2462 εἰς
1154 2401 1252 2470 τὴν
1283 2399 1623 2470 ὑψηλοτάτην
1652 2401 1748 2470 τῆς

167 2487 450 2557 ἀκηράτου
514 2488 781 2558 Θεὸτητος
818 2491 978 2558 φύσιν
1028 2491 1361 2562 βλασφήμως
1417 2492 1747 2559 ἁνὰγουσιν;

169 2582 238 2632 Ἶι
263 2581 384 2641 πῶς
410 2581 678 2649 νοήσομεν
705 2583 798 2642 τὰς
832 2580 921 2632 τοῦ
959 2583 1162 2651 Κυρίου
1194 2583 1397 2651 φωνὰς,
1421 2583 1506 2635 διὰ
1529 2583 1625 2652 τὴν
1649 2585 1751 2652 ⁵τῆς

170 2669 504 2738 φαινομένης
548 2670 750 2738 σαρκὸς
784 2669 944 2737 φύσιν
991 2671 1263 2733 εἰπόντος’
1306 2691 1322 2722 ι
1353 2673 1465 2724 Οὑκ
1503 2668 1663 2742 ἦλθον
1692 2674 1753 2726 τὸ

170 2763 296 2832 ἐμὸν
332 2762 548 2832 θέλημα
568 2762 792 2831 ποιῆσαι
823 2778 836 2824 ;
864 2780 880 2812 ι
913 2763 1005 2814 καὶ
1038 2762 1099 2814 τὸ
1119 2803 1132 2826 ,
1169 2783 1185 2812 ι
1211 2762 1460 2833 Ἐντολὴν
1486 2764 1678 2818 ἔλαϐον
1702 2766 1753 2818 τί

171 2856 324 2918 εἴπω,
356 2855 452 2906 καὶ
495 2853 546 2906 τί
579 2853 838 2922 λαλήσω;
876 2874 892 2905 ι
931 2853 1112 2907 καὶτὸ
1138 2895 1152 2917 ,
1193 2873 1211 2906 ι
1256 2854 1397 2922 Ἐγὼ
1439 2855 1532 2908 ἀπ’
1579 2859 1752 2927 ἐμαυ-

170 2946 259 2998 τοῦ
310 2946 468 2998 οὐδὲν
515 2946 685 3008 ποιῶ;
721 2966 737 2996 ι
790 2948 883 2998 καὶ
918 2949 1013 3009 τὸ,
1073 2966 1092 2998 ι
1120 2948 1430 3017 Πορεύομαι
1479 2950 1618 3020 πρὸς
1663 2951 1756 3003 τὸν

173 3036 390 3102 Πατέρα
420 3053 542 3105 μου,
576 3038 669 3087 καὶ
713 3036 933 3106 Πατέρα
972 3038 1144 3106 ὑμῶν,
1180 3040 1276 3091 καὶ
1324 3040 1456 3092 Θεόν
1492 3058 1614 3111 μου,
1659 3043 1756 3095 καὶ

173 3126 299 3178 Θεὸν
327 3127 484 3195 ὑμῶν
502 3143 515 3156 ⁸
550 3146 566 3178 ι
601 3126 694 3179 καὶ
725 3125 792 3178 τὰ
815 3127 975 3178 λοιπὰ
998 3128 1096 3180 ὅσα
1110 3129 1334 3181 τοιαῦτα
1359 3147 1372 3194 ;
1414 3131 1757 3202 Ἀδιαιρέτων

175 3218 274 3271 τῶν
310 3219 526 3287 φωνῶν,
558 3218 745 3291 ῶσπερ
769 3219 862 3272 καὶ
886 3220 990 3271 τῶν
1017 3218 1251 3288 φύσεων,
1284 3224 1580 3290 μενουσῶν,
1605 3224 1757 3276 ἔσται

179 3313 294 3362 κατ’
330 3310 496 3363 αὑτὸν
564 3311 657 3363 τοῦ
723 3313 1043 3381 μονογενοῦς
1080 3312 1213 3364 Θεοῦ
1254 3311 1410 3377 Θεὸς,
1451 3314 1479 3366 ὁ
1529 3315 1757 3385 Πατήρ’

177 3399 488 3471 λειτουργὸς
532 3402 588 3454 δὲ
645 3405 740 3455 καὶ
797 3403 1040 3465 διάκονος
1082 3402 1191 3456 τῶν
1249 3404 1532 3476 πατρικῶν
1589 3424 1760 3477 προσ-

175 3492 491 3560 ταγμάτων,
511 3494 538 3543 ὁ
560 3492 686 3552 Υἱὸς
703 3493 842 3544 κατᾶ
859 3495 954 3562 τὴν
972 3493 1200 3564 Οεότητα
1217 3511 1230 3526 '
1258 3496 1352 3549 καὶ
1375 3499 1422 3549 εἰ
1445 3497 1512 3550 τὰ
1533 3500 1764 3553 ταπεινὰ

176 3584 250 3641 εἰς
274 3583 376 3649 τὴν
405 3584 507 3650 τῆς
530 3580 780 3649 θεότητος
808 3583 967 3650 φύσιν
1007 3584 1352 3654 ἐκλάϐοιμεν,
1382 3585 1487 3639 τίνι
1527 3588 1618 3640 καὶ
1656 3589 1716 3640 τὸ
1745 3629 1759 3653 ,

185 3691 201 3721 ι
224 3671 363 3740 Ἐγὼ
403 3672 499 3724 καὶ
531 3673 558 3724 ὁ
589 3674 776 3745 Πατὴρ
806 3674 863 3726 ’έν
896 3677 1082 3744 ἐσμεν,
1114 3694 1132 3727 ι
1167 3677 1515 3749 ἁρμόσομεν;
1558 3680 1652 3732 καὶ
1682 3681 1760 3745 τὸ,

179 3765 378 3834 ὁμοίως
434 3765 596 3817 αὑτὸν
653 3768 826 3819 ποιεῖν
861 3766 937 3835 τῷ
969 3767 1176 3838 Πατρί;
1214 3769 1309 3822 καὶ
1354 3771 1415 3823 τὸ
1438 3812 1451 3836 ,
1511 3791 1528 3823 ι
1553 3774 1762 3843 Ὥσπερ

178 3856 282 3926 γὰρ
317 3856 347 3906 ὁ
389 3857 581 3926 Πατὴρ
607 3857 809 3924 ἐγείρει
841 3859 967 3921 τοὺς
988 3862 1237 3930 νεκροὺς,
1274 3860 1417 3916 οὕτω
1448 3864 1541 3918 καὶ
1571 3867 1606 3918 6-
1636 3866 1762 3929 Υἱὸς

177 3943 266 4006 οὓς
313 3944 480 4008 θέλει,
543 3949 636 3998 καὶ
691 3948 787 4017 οὑχ
832 3948 926 4012 οὓς
955 3951 1375 4020 προστάσσεται,
1431 3954 1755 4024 ξωοποιεῖ;ι

189 4039 325 4091 Ἀλλ’
358 4039 507 4092 ἔστιν
531 4040 703 4108 ὀρθῶς
734 4043 874 4096 κατὰ
903 4043 999 4112 τὴν
1029 4044 1193 4098 αὑτοῦ
1220 4045 1314 4099 τοῦ
1340 4049 1548 4119 Κυρίου
1577 4051 1760 4120 φωνὴν

179 4130 389 4200 Πατὴρ,
421 4131 517 4183 καὶ
547 4132 696 4195 Θεὸς,
735 4134 763 4184 ὁ
795 4134 1012 4204 Πατήρ·
1049 4136 1179 4199 Θεὸς
1215 4138 1310 4205 μὲν
1339 4139 1432 4191 τοῦ
1464 4150 1487 4176 η
1521 4142 1578 4193 ἐν
1610 4142 1762 4194 ὑστέ-

181 4239 290 4290 ροις
334 4223 549 4291 καιροῖς
594 4222 656 4272 ὲκ
702 4223 1015 4292 σπέρματος
1050 4225 1213 4278 Δαυῗδ
1266 4229 1404 4295 μετὰ
1449 4229 1648 4298 σαρκὸς
1700 4239 1756 4296 ο,

179 4315 370 4383 Πατὴρ
404 4313 460 4365 δὲ
486 4312 580 4364 τοῦ
610 4314 665 4378 ἐξ
692 4314 852 4365 αὑτοῦ
878 4314 1104 4379 ἁπαοῶς
1131 4334 1190 4369 τε
1222 4318 1316 4370 καὶ
1343 4319 1528 4381 ἀϊδὶως
1570 4338 1762 4390 γεννη-

181 4407 364 4470 θέντος
412 4406 547 4458 Θεοῦ
594 4407 790 4473 Λόγου,
831 4407 928 4476 τῆς
976 4408 1223 4478 υἱότητος
1259 4410 1316 4462 ἐν
1363 4410 1440 4480 τῷ
1490 4414 1760 4483 μοναδικῴ

180 4499 334 4568 τύπῳ
383 4499 788 4567 φυλαττομένης
832 4516 889 4550 τε
921 4500 1015 4552 καὶ
1042 4499 1500 4571 ὁμολογουμένης.
1546 4504 1666 4566 Πῶς
1715 4505 1758 4555 δ’

1839 650 1996 718 Nam,
2028 657 2084 708 ut
2104 658 2514 712 ostenderemus
2545 671 2668 712 eum
2697 658 2879 712 dicere
2911 659 3042 712 duas
3065 659 3406 728 hypostases,

1839 748 1894 798 et
1927 745 2025 800 sibi
2062 747 2162 816 ipsi
2193 763 2314 803 esse
2358 750 2713 812 contrarium,
2764 748 3110 818 apposuimus
3153 763 3256 814 ea,
3289 763 3410 818 qua:

1843 837 1968 891 olim
2001 839 2069 893 ab
2102 840 2218 908 ipso
2245 842 2384 895 dicta
2421 850 2570 895 sunt.
2603 840 2886 911 Tanquam
2913 857 3040 895 vero
3061 842 3268 896 duabus
3290 857 3408 910 per-

1842 927 2008 993 sonis,
2047 929 2131 982 vel
2167 931 2375 985 duabus
2406 931 2746 995 substantiis,
2782 931 2864 985 vel
2911 931 3116 986 duobus
3157 931 3301 997 liliis,
3332 934 3412 984 di-

1842 1019 2071 1073 videndo
2122 1021 2444 1086 unitionem,
2479 1023 2580 1077 hoc
2641 1032 2722 1075 est
2781 1036 2945 1076 unum
2975 1021 3193 1087 Filium,
3250 1037 3413 1076 vaces

1845 1119 2026 1174 aptare
2057 1125 2161 1163 non
2198 1122 2413 1179 oportet
2453 1128 2467 1165 :
2505 1112 2848 1166 indivisibilis
2877 1113 3018 1165 enim
3054 1121 3108 1166 et
3138 1112 3416 1182 insepara-

1845 1200 1966 1253 bilis
1998 1212 2079 1256 est
2111 1218 2314 1256 summa
2345 1204 2551 1267 unitio;
2580 1217 2632 1257 et
2658 1218 2797 1258 unus
2828 1202 2996 1257 Filius
3028 1203 3278 1257 omnibus
3305 1218 3416 1254 mo-

1846 1293 1926 1346 dis
1955 1306 2010 1346 et
2036 1294 2330 1350 rationibus
2358 1305 2412 1350 et
2448 1296 2865 1366 cogitationibus
2891 1306 2971 1351 est
3021 1313 3034 1348 :
3068 1297 3161 1351 sed
3205 1311 3415 1349 summa

1846 1386 2087 1441 unitione
2115 1388 2745 1454 servata,etconﬁtendo
2770 1388 3140 1442 unanilium
3181 1397 3228 1441 et
3261 1387 3419 1441 Chri-

1847 1486 1986 1531 stum
2009 1488 2061 1533 et
2087 1479 2394 1542 Dominum,
2420 1480 2485 1534 de
2512 1496 2616 1534 uno
2642 1488 2696 1534 et
2718 1481 2906 1533 eodem
2945 1477 3082 1532 Filio
3107 1479 3418 1546 accipienda

1847 1581 1974 1624 sunt
2013 1586 2131 1640 quae
2167 1573 2418 1626 dicuntur
2451 1589 2465 1625 :
2500 1581 2740 1625 attamen
2774 1572 2924 1640 juxta
2961 1571 3216 1624 virtutem
3265 1581 3421 1623 natu-

1847 1675 2029 1716 rarum
2072 1663 2344 1716 unitarum
2390 1664 2648 1730 adaptare
2684 1663 2938 1716 convenit
2981 1662 3072 1715 uni
3122 1661 3259 1716 Filio
3303 1676 3422 1729 qua:

1849 1754 2162 1825 dicuntur.)
2193 1753 2464 1809 Czeterum
2497 1771 2600 1809 non
2635 1769 2892 1822 separare
2952 1769 3112 1808 voces
3147 1769 3266 1821 qua:
3296 1763 3422 1807 sunt

1851 1842 1903 1896 in
1939 1843 2268 1913 Evangeliis,
2300 1859 2433 1912 quas
2468 1843 2550 1899 vel
2590 1845 2704 1913 ipse
2731 1843 2988 1898 Dominus
3020 1844 3086 1896 de
3114 1857 3172 1896 se
3212 1841 3421 1896 locutus

1850 1942 1956 1998 est,
2001 1933 2084 1988 vel
2119 1934 2413 2004 apostolica
2445 1934 2645 2002 scripta
2692 1935 2914 1999 habent,
2954 1948 3113 2002 quam
3155 1934 3426 2004 hyperbo-

1851 2025 1936 2079 len
1963 2024 2312 2093 blasphemiae
2342 2041 2448 2080 non
2481 2025 2857 2081 transcendit?
2887 2025 3016 2079 Nam
3049 2026 3093 2080 si
3118 2040 3281 2080 voces
3317 2042 3422 2078 nun

1853 2116 2252 2183 diSIingnimus,
2278 2119 2548 2188 quomodo
2575 2119 3046 2174 obsistemusArio
3069 2126 3124 2172 et
3141 2118 3424 2183 Eunomia,

1853 2209 2033 2262 omnia
2068 2218 2320 2279 tanquam
2369 2211 2423 2265 in
2452 2226 2614 2266 unam
2642 2218 2888 2266 naturam
2916 2211 3058 2265 dicta
3085 2211 3426 2266 confunden-

1857 2300 2023 2365 tibus,
2056 2309 2110 2354 et
2143 2300 2362 2356 humilia
2395 2301 2752 2358 humanitatis
2780 2301 2838 2357 in
2870 2316 3138 2357 summam
3177 2303 3427 2357 incorru-

1857 2391 2062 2460 ptibilis
2096 2392 2314 2448 deitatis
2363 2403 2616 2448 naturam
2667 2392 2832 2462 impie
2879 2393 3280 2450 referentibus?
3337 2393 3431 2450 Vel

1857 2483 2126 2550 quomodo
2163 2484 2526 2555 intelligemus
2569 2486 2784 2542 Domini
2813 2501 2996 2550 voces,
3023 2497 3244 2558 propter
3274 2496 3436 2543 natu-

1859 2589 1974 2629 ram
2024 2575 2228 2642 carnis,
2289 2592 2410 2647 quat
2457 2579 2694 2644 videtur,
2746 2579 2973 2636 dicentis
3013 2598 3027 2635 :
3081 2599 3100 2633 ι
3142 2579 3259 2636 Non
3311 2582 3432 2638 veni

1859 2680 2035 2720 meam
2061 2669 2396 2724 voluntatem
2433 2669 2619 2726 facere
2650 2671 2728 2736 ‘3;
2765 2690 2784 2724 ι
2817 2681 2870 2727 et
2902 2686 2917 2724 :
2955 2690 2974 2724 ι
3007 2671 3313 2728 Mandatum
3342 2689 3435 2726 ac-

1861 2758 1976 2826 cepi
2006 2759 2132 2824 quid
2173 2760 2370 2826 dicam,
2399 2769 2454 2816 et
2504 2761 2635 2831 quid
2673 2761 2867 2832 loquar
2903 2765 2983 2830 '7;
3025 2783 3045 2818 ι
3074 2774 3166 2820 et:
3211 2784 3229 2818 ι
3265 2766 3375 2834 Εκο
3403 2787 3434 2820 a

1862 2851 2066 2917 meipso
2120 2852 2253 2906 nihil
2287 2853 2425 2909 iacio
2450 2854 2526 2921 '3;
2558 2873 2576 2906 ι
2603 2863 2693 2908 et:
2723 2855 2904 2911 «Vado
2926 2857 2991 2911 ad
3018 2856 3230 2912 Patrem
3257 2873 3434 2914 meum

1861 2949 1917 2996 et
1946 2939 2163 2996 Patrem
2197 2953 2462 3010 vestrum,
2505 2955 2560 3002 et
2596 2946 2765 3001 Deum
2807 2962 2986 3003 meum
3029 2956 3086 3003 et
3132 2947 3302 3004 Deum
3345 2963 3439 3004 vc-

1863 3039 2031 3086 strum
2066 3033 2144 3100 ‘9;
2179 3052 2197 3085 ι
2236 3042 2290 3089 et
2331 3045 2529 3091 caetera
2572 3051 2908 3109 quaecunque
2933 3039 3058 3094 talia
3101 3041 3268 3095 sunt?
3294 3039 3438 3096 Indi-

1864 3121 1994 3176 visis
2027 3123 2172 3176 enim
2219 3126 2462 3189 vocibus,
2507 3127 2648 3182 sicut
2695 3136 2748 3183 et
2803 3129 3016 3183 naturis
3069 3131 3437 3197 manentibus,

1787 3255 1831 3312 Ω
1865 3213 1971 3266 erit
1999 3216 2290 3269 secundum
2325 3216 2472 3270 illum
2503 3219 2764 3289 unigeniti
2805 3220 2898 3275 Dei
2935 3220 3077 3275 Deus
3118 3220 3301 3288 Pater,
3335 3225 3441 3277 mi-

1866 3305 2039 3359 nister
2061 3317 2237 3361 autem
2276 3319 2330 3363 et
2363 3319 2650 3366 exsecutor
2679 3320 3023 3380 paternorum
3062 3314 3437 3368 mandatorum

1864 3398 2031 3453 Filius
2062 3400 2354 3455 secundum
2387 3400 2743 3458 divinitatem.
2780 3403 2847 3458 Et
2883 3405 2926 3460 si
2972 3405 3191 3459 humilia
3232 3407 3281 3459 in
3321 3408 3438 3460 dei-

1868 3491 1994 3544 tatis
2042 3502 2287 3546 naturam
2337 3495 2727 3563 acceperimus,
2779 3496 2864 3549 cui
2911 3497 3213 3563 aptabimus
3257 3495 3435 3552 illud:

1872 3601 1890 3632 ι
1920 3581 2030 3651 Ego
2059 3594 2113 3637 et
2136 3582 2298 3638 Pater
2330 3602 2492 3640 unum
2528 3602 2715 3640 sumus
2743 3587 2829 3639 ὀἳ
2859 3607 2876 3638 ι
2907 3599 2962 3640 et
2993 3586 3142 3654 illttd,
3189 3588 3441 3643 similiter

1864 3689 1928 3728 ac
1971 3674 2206 3742 Patrem,
2241 3677 2412 3745 ipsum
2455 3679 2712 3746 cperari?
2745 3689 2798 3733 et
2835 3678 2965 3733 illud
3002 3697 3014 3732 :
3056 3698 3073 3730 ι
3104 3679 3258 3732 Sicut
3295 3679 3440 3734 enim

1865 3764 2024 3820 Pater
2061 3769 2263 3821 excitat
2294 3781 2554 3837 mortuos,
2589 3773 2658 3824 ita
2703 3780 2753 3824 et
2803 3769 2970 3824 Filius
3003 3786 3137 3840 quos
3185 3770 3316 3836 vult,
3349 3781 3443 3825 iet

1866 3873 1970 3912 non
1988 3874 2120 3925 quos
2146 3860 2217 3911 illi
2245 3862 2573 3930 praecipitur,
2600 3881 2617 3913 ι
2640 3861 2930 3916 vivilieat“
2955 3863 2978 3916 ?
3007 3881 3024 3914 ι
3059 3862 3163 3917 Sed
3189 3873 3272 3916 est
3298 3873 3445 3916 recte

1864 3950 2155 4004 secundum
2193 3951 2359 4019 ipsius
2397 3952 2613 4006 Domini
2643 3969 2852 4016 vocem,
2887 3953 3046 4008 Pater
3079 3964 3134 4007 et
3161 3953 3302 4008 Deus
3331 3953 3446 4022 ipse

1863 4042 2042 4096 Pater.
2082 4042 2224 4096 Deus
2256 4044 2468 4112 quidem
2505 4045 2668 4107 illius,
2708 4044 2866 4114 169
2914 4045 3002 4113 qui
3042 4046 3092 4098 itt
3134 4045 3446 4098 novissimis

1864 4137 2198 4204 temporibus
2229 4150 2292 4190 ex
2325 4138 2531 4189 semine
2559 4137 2724 4191 David
2754 4139 2962 4191 exstitit
3003 4142 3298 4192 secundum
3322 4152 3444 4193 car-

1863 4242 1984 4281 nem
2031 4226 2234 4281 :Pater
2275 4236 2454 4281 autem
2498 4229 2636 4298 ejus,
2681 4229 2770 4296 qui
2804 4245 2869 4282 ex
2921 4229 3038 4298 ipso
3083 4230 3286 4298 absque
3320 4243 3446 4298 pas-

1864 4320 2016 4371 sione
2047 4328 2099 4369 et
2131 4327 2334 4371 aeterne
2367 4329 2522 4372 natus
2545 4329 2646 4383 est,
2677 4319 2766 4372 Dei
2800 4319 2962 4373 Verbi
2992 4338 3004 4373 :
3039 4331 3097 4373 ut
3131 4319 3442 4374 liliutionem

1864 4408 2003 4460 intra
2030 4409 2250 4462 unitatis
2275 4410 2643 4478 praescriptum
2670 4425 2945 4465 servemus
2986 4421 3040 4464 et
3064 4411 3442 4469 coniiteamur.

1863 4499 2144 4564 Quomodo
2187 4510 2365 4552 autem
2403 4501 2768 4567 intelligemus
2795 4501 2923 4554 illud
2956 4518 2969 4553 :
3007 4519 3024 4551 ι
3056 4502 3251 4566 Amen,
3283 4516 3440 4555 amen

182 4591 245 4642 ἂν
293 4600 320 4638 P
356 4591 625 4658 νοήσομεν
659 4589 755 4652 τὸ,
814 4608 832 4640 ι
856 4589 1026 4660 Ἀμὴν
1063 4590 1209 4660 ἀμὴν
1255 4590 1396 4658 λέγω
1435 4594 1583 4660 ὑμῖν,
1631 4594 1752 4663 πρὶν

1869 4589 1985 4641 dico
2008 4589 2182 4649 vobis,
2213 4590 2521 4657 priusquam
2555 4589 2829 4643 Abraham
2864 4591 3014 4644 ﬁeret
3049 4605 3148 4659 ego
3169 4606 3286 4644 sum
3310 4592 3394 4644 7'?
3416 4611 3435 4642 ι

181 4679 434 4750 Ἀδραὰμ
447 4678 700 4746 γενέσθαι
722 4678 828 4747 ἐγώ
852 4681 990 4750 εἰμι;
1023 4699 1040 4731 ι
1065 4680 1260 4745 καὶτὸ,
1284 4699 1300 4731 ι
1327 4682 1760 4736 Πάνταδιάὑτοῦ

185 4772 398 4837 ἐγένετο
422 4789 436 4837 ;
464 4790 482 4824 ι
535 4770 875 4842 Ἀδιαιρέτων
908 4770 1027 4823 ,τῶν
1067 4772 1261 4840 φωνῶν
1299 4773 1607 4842 μενουσῶν,
1654 4771 1762 4846 ἆρα

187 4863 526 4930 περιὰψομεν
557 4871 582 4909 ιι
617 4861 712 4930 τὴν
744 4864 927 4932 φωνὴν
951 4865 1016 4931 τῇ
1045 4862 1223 4931 φύσει,
1257 4865 1319 4932 τῇ
1356 4864 1418 4915 ὲκ
1448 4863 1762 4934 σπέρματος

191 4952 345 5004 Δανῖδ
406 4955 463 5005 ὲν
519 4952 764 5023 ὑστέροις
820 4956 1029 5023 καιροῖς
1077 4954 1368 5027 γενομένῃ,
1403 4955 1462 5007 τὸ
1517 4957 1621 5025 πρὸ
1668 4957 1761 5009 τοῦ

203 5045 448 5116 Ἀϐραὰμ
499 5047 592 5098 καὶ
658 5045 821 5098 Δαυῒδ
868 5041 1028 5112 εἶναι,
1082 5047 1173 5099 καὶ
1215 5049 1390 5101 πάντα
1430 5048 1495 5101 δι’
1536 5048 1705 5118 αὐτῆς
1745 5059 1764 5084 ι’

197 5140 434 5194 γενέσθαι
462 5156 474 5204 ;
504 5140 535 5210 ἧ
568 5141 816 5211 φήσομεν
846 5139 1105 5205 εὐσεϐῶς,
1135 5139 1242 5192 τῶν
1275 5139 1490 5207 φύσεων
1521 5140 1760 5209 ἀσυγχὺ-

199 5245 294 5280 των
325 5242 343 5267 ε
381 5231 677 5299 μενουσῶν,
704 5231 796 5282 καὶ
823 5231 921 5300 τῆς
950 5231 1198 5296 ὲνώσεως
1229 5233 1533 5302 ἀδιαιρέτου
1573 5233 1764 5301 ὁμολοο

270 5407 308 5434 ⁶¹⁵
332 5407 479 5460 «Ιοτιιι.
523 5424 593 5472 γι,
637 5407 725 5459 58.

803 5407 847 5436 ⁸⁷
893 5405 1048 5461 Joan.
1072 5424 1168 5473 χιι,
1198 5409 1287 5463 49.

207 5475 244 5505 τ’
267 5478 404 5531 Joan.
444 5496 564 5542 vm,
597 5479 690 5530 58.

769 5474 1062 5542 "103ml,
1091 5480 1146 5532 3.

1366 5409 1408 5439 ³⁸
1435 5407 1593 5462 Joan.
1629 5423 1746 5471 vm,
1782 5407 1870 5461 28.

1867 4689 1918 4732 et
1956 4680 2056 4732 hoc
2089 4697 2099 4730 :
2145 4697 2162 4729 ι
2203 4680 2396 4734 Omnia
2434 4698 2527 4749 per
2558 4682 2728 4750 ipsum
2777 4683 2913 4736 facta
2946 4695 3072 4736 sunt
3108 4684 3182 4746 ⁷³;
3218 4702 3234 4732 ο
3273 4683 3316 4737 si
3354 4683 3438 4736 itt-

1867 4772 2114 4825 discreta:
2144 4785 2399 4826 maneant
2427 4775 2628 4828 voces?
2654 4774 2788 4828 Num
2815 4775 3120 4843 aptabimus
3150 4789 3311 4830 voces
3339 4775 3438 4828 has

1868 4871 2097 4925 naturae,
2124 4879 2240 4932 quae
2263 4879 2326 4916 ex
2355 4865 2560 4920 semine
2589 4864 2752 4918 David
2780 4866 3088 4920 novissimis
3112 4866 3443 4935 temporibus

1870 4953 2006 5007 facta
2032 4963 2132 5020 est,
2167 4968 2358 5024 nempe
2386 4957 2526 5023 quod
2559 4957 2770 5012 sitantc
2797 4936 3064 5010 Abraham
3097 4966 3151 5011 et
3178 4956 3364 5021 David,
3391 4967 3444 5010 et

1868 5044 2046 5097 omnia
2075 5059 2170 5113 per
2193 5046 2362 5112 ipsam
2397 5047 2533 5099 facta
2561 5046 2711 5100 sint?
2737 5061 2802 5100 an
2836 5047 3074 5100 dicemus
3103 5046 3207 5115 pie,
3236 5047 3442 5099 naturis

1870 5137 2168 5191 ἱιιοοιιΐυείε
2199 5139 2559 5201 manentibus,
2589 5147 2644 5190 et
2676 5137 2916 5190 unitione
2958 5135 3306 5204 inseparabili
3350 5152 3445 5204 po—

1870 5233 1995 5294 sita,
2025 5230 2197 5297 aptari
2227 5229 2444 5298 quidem
2488 5229 2584 5282 has
2632 5244 2791 5282 voces
2839 5230 3132 5282 secundum
3172 5229 3442 5281 unitarum

1949 5406 1994 5436 ⁶⁹
2023 5403 2177 5459 Joan.
2214 5422 2303 5471 xx,
2336 5406 2420 5460 l7.
2497 5406 2542 5437 7°
2566 5403 2721 5461 Joan.
2751 5420 2806 5470 ιι,
2839 5405 2932 5460 50.
3009 5405 3050 5436 ⁷⁸
3085 5403 3312 5464 Joan.v.
3344 5407 3436 5460 21.

2497 5406 2542 5437 ⁷⁰
2566 5403 2721 5461 Joan.
2751 5420 2806 5470 ιι,
2839 5405 2932 5460 50.

1264 5629 1435 5683 Vat-im
1471 5630 1729 5683 lectiones
1763 5643 1827 5681 ex
1856 5629 2042 5684 codice
2075 5629 2453 5700 Segnieriano.

262 5797 274 5838 ί
309 5795 444 5850 οὐδὲ.

252 5877 277 5916 P
305 5867 470 5936 ἴσως,
506 5861 602 5919 αὖ.
685 5871 713 5910 τι
742 5860 1121 5931 περιάψωμεν.
1207 5867 1226 5894 τ
1267 5857 1450 5912 αὑτοῦ.

685 5871 713 5910 τι
742 5860 1121 5931 περιάψωμεν.

531 5806 544 5843 ι
586 5793 687 5845 δεῖ,
739 5790 761 5827 Ι(
799 5789 963 5854 ἴσως,
992 5790 1084 5842 καὶ
1117 5783 1196 5850 εἷς
1224 5789 1251 5840 ὁ
1282 5786 1428 5848 Υἱός.
1483 5782 1500 5824 ι
1536 5787 1626 5839 καὶ
1661 5787 1776 5848 ἑνὸς
1802 5786 1954 5840 Υῐοῦ.
1999 5804 2032 5825 π’
2062 5787 2307 5860 διαιρεῖν.
2382 5795 2409 5824 ι
2442 5787 2536 5858 τῆς
2562 5789 2724 5845 Δαυῖδ
2755 5793 2974 5864 σαρκός.
3019 5801 3044 5830 θ
3076 5793 3214 5847 κατὰ
3247 5794 3450 5866 σάρκα.

531 5861 602 5910 [ὗ-
685 5871 713 5910 τι
742 5860 1121 5910 πεοιάῲοιαεν.
1207 5867 1226 5894 τ
1267 5857 1450 5910 αὑτοῦ.
1528 5875 1550 5910 ,ι
1585 5856 1921 5910 ἁσυγγύτιυε.

1528 5875 1550 5910 ,ι
1585 5873 1921 5925 ασυγχυτιυς.
