4104 6484
652 424 758 478 3'55

1642 419 1702 476 S.
1742 414 2017 473 CYRILLI
2057 411 2532 470 ALEXANDRINI
2568 409 2891 469 ARCHIEP.

3810 406 3916 461 556

653 551 974 597 naturarum
1018 538 1125 593 vim
1171 537 1350 611 (sicut
1399 537 1717 609 praedictum
1764 536 1902 607 est).
1953 537 2006 591 in
2057 550 2218 591 unttm

2339 533 2619 603 γουμένης,
2666 530 2766 593 τὰς
2796 528 2979 599 φωνάς
3037 524 3444 599 ἑφαρμόζεσθαι
3490 522 3630 578 κατά
3675 521 3772 594 τὴν
3806 521 3917 575 τῶν

652 632 871 699 Filium,
903 641 959 688 et
992 630 1300 697 Dominum,
1324 641 1378 687 et
1403 630 1702 696 Christum,
1734 631 1828 685 sed
1853 644 1959 685 non
1986 630 2037 684 in
2063 644 2223 683 unam

652 736 903 781 naturam
920 726 1101 781 omnia
1134 726 1557 791 contrahentes;
1590 724 1660 778 ita
1691 731 1750 778 ut
1772 739 1839 778 ex
1870 736 1977 777 uno
2002 731 2225 777 natura—

654 833 773 872 rum
805 818 1023 873 nomine
1049 826 1278 887 utraque
1306 816 1638 887 intelligatur
1667 826 1886 887 propter
1923 816 2229 885 incompre-

656 908 978 963 hensibilem
1028 907 1290 962 unitionis
1336 906 1731 972 summitatem,
1777 904 2226 976 quemadmodum

654 1009 708 1055 et
731 1001 835 1054 hoc
868 1018 881 1053 :
922 1019 942 1051 t
970 996 1140 1054 Nemo
1168 999 1413 1053 ascendit
1438 998 1490 1051 in
1514 997 1733 1064 ccelum,
1754 998 1859 1051 nisi
1886 997 1974 1066 qui
2005 996 2227 1050 descen-

654 1092 732 1144 dit
757 1091 824 1145 de
851 1091 990 1145 coelo
1024 1089 1194 1144 Filius
1232 1089 1468 1144 hominis
1489 1087 1582 1157 qui
1619 1097 1699 1143 est
1731 1089 1780 1141 in
1814 1088 1951 1143 coelo
1974 1088 2051 1152 τις
2083 1105 2101 1138 ι
2134 1093 2223 1139 et:

659 1199 679 1233 ι
710 1179 766 1235 Si
818 1180 983 1250 igitur
1031 1180 1275 1235 videritis
1321 1177 1518 1234 Filium
1564 1178 1800 1233 hominis
1847 1178 2226 1233 ascendentem

654 1271 745 1328 ubi
776 1272 927 1341 prius
960 1271 1182 1339 erat";
1216 1289 1236 1323 ι
1274 1284 1453 1326 nonne
1491 1285 1558 1325 ex
1590 1270 1948 1340 appellatione
1982 1268 2097 1323 Filii
2134 1270 2231 1323 ho-

656 1365 816 1419 minis
838 1366 1004 1419 etiam
1030 1364 1201 1429 illum,
1227 1365 1319 1434 qui
1354 1363 1405 1418 ei
1436 1363 1722 1418 inconfuse
1759 1372 1828 1417 et.
1848 1362 2230 1432 inseparabili-

656 1467 736 1511 ter
760 1457 942 1511 unitus
965 1466 1049 1511 est
1082 1454 1476 1526 intelligimus?
1510 1453 1642 1509 Nam
1672 1454 1919 1524 quamvis
1942 1465 1997 1507 et
2032 1453 2227 1508 Filium

656 1545 891 1599 hominis
937 1546 1236 1599 nominarit
1282 1554 1501 1613 prepter
1545 1556 1840 1614 assumpta}
1896 1554 1950 1599 et
2000 1545 2230 1599 visibilis

656 1638 837 1690 carnis
864 1646 1145 1702 naturam;
1171 1644 1347 1690 tamen
1382 1651 1476 1705 per
1500 1651 1585 1701 ea,
1617 1650 1737 1705 quas
1769 1637 1835 1691 ab
1862 1635 1976 1705 ipso
2006 1635 2226 1701 ﬂebant,

651 1728 824 1782 Deum
872 1728 1107 1798 seipsum
1160 1728 1586 1783 demonstrabat.
1652 1727 1717 1783 Et
1747 1728 1987 1784 iterum:
2028 1727 2231 1785 «Jesus

651 1820 903 1875 Christus
937 1836 1034 1890 per
1073 1835 1234 1891 quem
1279 1821 1462 1876 omnia
1492 1821 1577 1887 ἐς
1611 1840 1629 1873 ι
1659 1831 1713 1875 et
1748 1821 1940 1877 iterum
1969 1838 1983 1876 :
2020 1840 2038 1872 (
2073 1820 2230 1876 Jesus

2333 623 2636 677 ὲνωθεισῶν
2682 620 2894 692 φύσεων
2923 619 3172 691 δύναμιν,
3212 618 3287 679 ὼς
3319 615 3667 687 προείρηται,
3700 616 3780 677 εἰς
3818 613 3919 666 ἕνα

2338 716 2435 787 μὲν
2466 715 2557 768 τὸν
2586 715 2734 779 Υίδν,
2766 715 2858 767 καὶ
2890 712 3116 784 Κύριον,
3149 709 3244 764 καὶ
3274 706 3530 780 Χριστὸν,
3560 705 3674 760 ἀλλ’
3708 703 3807 757 οὐκ
3836 706 3919 765 είς

2338 809 2464 879 μίαν
2497 806 2656 877 φύσιν
2686 805 2757 860 τὰ
2790 805 2967 858 πάντα
3000 800 3380 872 συναιροῦντες
3404 814 3418 829 ·
3471 797 3547 862 ὡς
3578 795 3673 850 καὶ
3708 795 3769 861 ἐξ
3796 796 3921 857 ἐνὸς

2333 900 2443 954 τῶν
2476 901 2692 970 φύσεων
2732 899 2999 969 ὀνόματος
3042 895 3308 964 ἑκατέρας
3342 890 3579 945 νοεῖσθαι
3606 889 3693 944 διὰ
3726 888 3786 941 τὸ
3814 887 3923 956 τῆς

2336 990 2581 1055 ἐνώσεως
2613 993 2808 1063 ἀκρον,
2840 990 2934 1043 καὶ
2959 992 3091 1059 ἡμῖν
3119 986 3507 1055 ἀκατάληπτον
3529 999 3542 1014 ⁸
3576 982 3652 1046 ῶς
3692 998 3797 1035 που
3820 980 3924 1034 καὶ

2333 1086 2394 1139 τὸ
2418 1125 2433 1150 ,
2467 1104 2485 1136 t
2515 1082 3077 1153 Οὑδεὶςάναὸέϐηκεν
3109 1082 3188 1144 εἰς
3222 1079 3313 1133 τδν
3344 1078 3591 1149 οὐρανὸν,
3626 1078 3675 1130 εί
3711 1074 3787 1146 μὴ
3808 1075 3836 1125 6
3858 1076 3925 1125 ὲκ

2335 1176 2429 1230 τοῦ
2463 1175 2693 1247 ούρανοῦ
2732 1174 3000 1239 καταϐὰς,
3035 1173 3065 1225 6
3098 1171 3226 1235 Υίδς
3267 1169 3363 1225 τοῦ
3409 1167 3720 1239 ἀνθρώπου,
3771 1168 3798 1217 6
3845 1162 3930 1216 ῶν

2336 1272 2393 1323 ὲν
2416 1267 2492 1339 τῷ
2519 1266 2732 1340 οὐρανῷ
2752 1282 2766 1297 ·
2803 1286 2822 1319 ι
2870 1267 2965 1319 καί
2992 1265 3085 1331 τὸ,
3141 1282 3159 1317 t
3182 1264 3308 1317 Ἐάν
3348 1259 3441 1317 οὖν
3471 1262 3616 1331 ῐδητε
3660 1259 3751 1312 τὸν
3794 1256 3931 1310 Υίδν

2335 1360 2429 1415 τοῦ
2466 1359 2752 1431 ἀνθρώπου
2788 1359 3168 1424 ἀναϐαίνοντα,
3205 1358 3341 1411 ὅπου
3369 1351 3437 1425 ἦν
3477 1354 3538 1407 τὸ
3566 1352 3832 1424 πρότερον
3855 1367 3871 1382 ·
3902 1368 3923 1400 ο

2336 1456 2457 1525 οὐχὶ
2488 1456 2552 1507 ἐκ
2576 1454 2679 1525 τῆς
2706 1454 3079 1525 προσηγορίας
3108 1452 3200 1507 τοῦ
3234 1450 3362 1505 Υίοῦ
3391 1449 3485 1503 τοῦ
3514 1448 3801 1521 ἀνθρώπου
3827 1449 3932 1500 καὶ

2334 1547 2427 1601 τὸν
2460 1545 2611 1617 αὺτῷ
2646 1546 2975 1615 ἀσυγχύτως
3002 1562 3063 1599 τε
3097 1547 3213 1614 ἅμα
3243 1544 3336 1598 καὶ
3365 1543 3681 1614 ἀχωρίστως
3714 1557 3931 1610 συνημ-

2341 1638 2500 1710 μένον
2540 1638 2806 1709 νοοῦμενς
2857 1638 2921 1691 Et
2952 1638 3062 1708 γὰρ
3084 1635 3180 1690 καὶ
3207 1636 3334 1689 Υίὺν
3358 1633 3645 1705 ἀνθρώπου
3674 1630 3933 1701 ὠνόμαζε

2336 1729 2423 1783 διὰ
2447 1729 2545 1801 τὴν
2569 1728 2668 1798 τῆς
2704 1726 3155 1799 προσληφθείσης
3224 1726 3319 1780 καὶ
3350 1723 3685 1794 φαινομένης
3723 1720 3936 1791 σαρκὸς

2340 1821 2521 1890 φύσιν.
2546 1819 2680 1873 ἀλλὰ
2696 1819 2784 1872 διὰ
2805 1816 2956 1890 [τῶν]
2974 1817 3069 1871 καὶ
3091 1817 3222 1888 παρ’
3244 1816 3410 1870 αὑτοῦ
3432 1814 3772 1884 τελουμένων
3794 1812 3934 1865 Θεὸν

654 1912 906 1967 Christus
936 1914 1049 1967 heri
1073 1922 1127 1967 et
1153 1912 1331 1975 hodie,
1371 1913 1484 1983 ipse
1508 1924 1562 1969 et
1599 1914 1650 1967 in
1677 1913 1955 1969 saecula".
1984 1932 2001 1966 ι
2035 1913 2091 1968 Si
2118 1914 2233 1969 beri

2342 1910 2529 1965 ἑαυτὸν
2576 1909 2925 1980 παρεδείκνυ.
2969 1908 3077 1963 Καὶ
3119 1909 3313 1962 πάλιν·
3364 1926 3381 1959 ι
3413 1906 3623 1976 Ἰησοῦς
3665 1904 3931 1977 Χριστὸς,

652 2014 708 2057 et
732 2004 915 2071 hodie,
943 2005 1216 2073 quomodo
1251 2018 1349 2073 per
1378 2004 1551 2074 ipsum
1582 2004 1803 2058 omnia?
1829 2004 1884 2059 Si
1928 2013 2109 2059 autem
2145 2020 2239 2074 per

655 2096 827 2163 ipsum
856 2096 1064 2160 omnia,
1091 2095 1362 2165 quomodo
1409 2095 1521 2151 heri
1570 2106 1625 2151 et
1671 2096 1870 2151 hodie?
1897 2096 2002 2151 Sed
2027 2108 2235 2152 certum

652 2200 738 2244 est
763 2198 819 2244 et
846 2191 987 2259 quod
1014 2209 1027 2245 :
1056 2191 1287 2246 «Omnia
1316 2207 1412 2261 per
1438 2192 1611 2260 ipsum
1640 2192 1710 2261 ⁷⁸,
1743 2211 1760 2244 ι
1785 2201 1838 2247 et
1868 2194 2033 2263 quod,
2065 2214 2082 2246 ι
2111 2193 2236 2249 lleri

652 2293 709 2336 et
742 2283 920 2349 hodie,
953 2302 970 2333 ι
999 2284 1102 2338 [ide
1145 2284 1538 2353 recipiendum,
1568 2294 1621 2337 et
1660 2285 1762 2339 hoc
1803 2304 1816 2340 :
1853 2304 1870 2338 ι
1903 2284 2020 2355 Ipse
2050 2288 2102 2341 in
2134 2304 2236 2341 sa:-

654 2372 804 2437 cula,
845 2393 862 2426 ι
890 2388 1097 2438 verum,
1126 2376 1169 2428 si
1203 2378 1499 2429 secundum
1526 2374 1886 2430 diﬂ'erentiam
1921 2389 2234 2433 naturarum

656 2465 938 2519 incoufuse
964 2474 1021 2520 et
1070 2465 1504 2535 inseparabiliter
1563 2466 1835 2520 unitarum
1878 2484 2035 2524 voces
2083 2480 2235 2540 apte-

658 2572 796 2622 mus,
874 2557 1255 2628 intelligentes,
1305 2560 1601 2613 secundum
1650 2558 1862 2614 visibile
1933 2563 2153 2631 quidem
2220 2583 2232 2619 :

665 2663 679 2696 ι
718 2644 842 2701 Ileri
871 2656 928 2702 et
954 2649 1141 2715 hodie;
1173 2668 1191 2699 ι
1229 2650 1530 2703 secundum
1563 2662 1691 2703 vero
1720 2648 2055 2721 intelligibile
2083 2672 2097 2708 :
2129 2673 2147 2704 ι
2182 2656 2234 2707 In

655 2739 887 2804 szecula;
941 2759 959 2792 ι
1011 2741 1305 2795 secundum
1368 2751 1548 2797 autem
1608 2742 1885 2802 illiationis
1950 2747 2233 2812 unitatem,

662 2846 683 2880 ι
724 2843 887 2884 unum
914 2838 969 2886 et
995 2830 1271 2889 eumdem.
1301 2850 1321 2885 ι

1213 3136 1404 3209 Cyri/li
1429 3140 1687 3210 defensio.

2338 2004 2405 2057 δι’
2432 1996 2493 2057 οὗ
2513 2001 2581 2056 τὰ
2611 2002 2811 2057 πάντα.
2839 2020 2857 2054 ι
2882 2001 2996 2056 Καὶ
3027 2000 3211 2056 πάλιν*
3246 2020 3265 2053 t
3308 1999 3513 2071 Ἰησοῦς
3537 1998 3772 2070 Χριστὸς
3801 1996 3935 2067 χθὲς

2339 2097 2436 2151 καὶ
2466 2098 2708 2167 σήμερον
2741 2097 2770 2148 6
2798 2095 2961 2159 αὐτὸς
2988 2095 3083 2148 καὶ
3118 2095 3200 2158 είς
3230 2094 3359 2156 τοὺς
3401 2090 3625 2155 αἰῶνας.
3654 2108 3673 2143 ι
3711 2090 3774 2143 Εί
3801 2086 3937 2160 χθὲς

2340 2188 2433 2242 καὶ
2463 2188 2727 2258 σήμερον,
2760 2184 2879 2249 πῶς
2901 2184 2967 2237 δι’
2988 2183 3152 2237 αὐτοῦ
3177 2182 3246 2237 τὰ
3266 2182 3473 2247 πάντας
3504 2181 3567 2234 Et
3591 2180 3647 2233 δὲ
3672 2179 3739 2233 δι’
3759 2175 3935 2232 αὐτοῦ

2338 2281 2406 2334 τὰ
2458 2280 2658 2341 πάντα,
2714 2276 2833 2340 πῶς
2880 2276 3006 2347 χθὲς
3051 2276 3148 2329 καὶ
3195 2278 3470 2347 σήμερον;
3512 2272 3673 2326 Ἀλλά
3705 2272 3801 2325 καὶ
3832 2271 3933 2335 τὸ,

2346 2389 2363 2420 ι
2396 2370 2579 2424 Πάντα
2625 2368 2692 2421 δι’
2744 2366 2936 2432 αὐτοῦ,
2966 2386 2984 2420 ι
3028 2367 3228 2438 ἀληθές
3252 2383 3266 2397 ο
3317 2367 3413 2419 καὶ
3460 2366 3543 2429 τδ,
3583 2384 3601 2416 ι
3632 2363 3793 2427 Χθὲς,
3833 2362 3938 2414 καὶ

2341 2463 2600 2531 σήμερον,
2623 2480 2640 2512 ι
2670 2460 2882 2513 πιστόν·
2909 2460 3003 2512 καὶ
3019 2458 3100 2523 τὸ,
3130 2476 3148 2508 t
3172 2458 3230 2510 '0
3248 2457 3409 2521 αὐτὸς
3430 2458 3509 2520 είς
3526 2456 3651 2520 τοὺς
3667 2455 3930 2517 αἰῶνας.»

2339 2551 2628 2622 (Ξιληθινόν⁸
2661 2550 2757 2604 ἐὰν
2790 2549 2931 2603 κατά
2960 2548 3023 2602 τὸ
3053 2546 3163 2601 τῶν
3193 2547 3496 2601 ὲνωθεισῶν
3526 2546 3850 2617 ἀσυγχύτως
3871 2563 3935 2597 τε

2338 2641 2431 2693 καὶ
2464 2639 2785 2711 ἀχωρίστως
2815 2638 3033 2707 φύσεων
3062 2637 3319 2709 διάφορον
3346 2638 3445 2700 τὰς
3470 2638 3655 2706 φωνὰς
3685 2635 3938 2706 ἐφαρμόο

2339 2730 2543 2800 ζωμεν,
2587 2729 2834 2792 νοοῦντες
2870 2729 3014 2783 κατά
3074 2728 3173 2799 μὲν
3205 2728 3267 2782 τὸ
3332 2728 3679 2798 φαινόμενον,
3717 2744 3735 2777 t
3786 2726 3937 2791 Χθὲς

2339 2819 2432 2872 καὶ
2478 2822 2750 2891 σήμερον
2782 2839 2798 2870 ι
2848 2819 2989 2873 κατὰ
3046 2819 3102 2872 δὲ
3158 2818 3220 2871 τὸ
3264 2818 3572 2888 νοούμενον,
3624 2836 3642 2869 t
3682 2816 3776 2881 Είς
3803 2818 3937 2881 τοὺς

2339 2907 2573 2971 αἰῶνας·
2606 2928 2622 2960 ι
2657 2908 2800 2961 κατά
2825 2908 2958 2961 δὲτὸ
3002 2907 3101 2977 τῆς
3128 2906 3376 2978 υἱότητος
3412 2905 3717 2977 μοναδικόν,
3751 2923 3768 2955 t
3795 2902 3937 2957 Ἕνα

2338 3000 2435 3053 καὶ
2463 3001 2552 3055 τὸν
2580 3000 2759 3055 αὐτόν.
2775 2989 2799 3051 ι’

2800 3134 3128 3204 Ἀπολογία
3170 3134 3494 3202 Κυρίλλου.

731 3248 801 3304 Ut
828 3259 1070 3320 apparet,
1098 3251 1181 3305 his
1207 3253 1301 3322 qui
1336 3257 1821 3310 anathematismos
1872 3270 1900 3309 a
1943 3257 2103 3328 17o
2136 3274 2233 3312 no-

2414 3256 2621 3320 Σκοπὸς
2671 3250 2780 3320 οὖν,
2825 3253 2900 3317 ὡς
2947 3256 2964 3290 ί
3018 3253 3183 3316 ἔοικε,
3246 3252 3359 3313 τοῖς
3402 3248 3684 3303 ἐθέλουσιν
3735 3247 3940 3318 ἀπερι-

661 3342 745 3397 his
778 3342 1062 3397 utilissime
1099 3352 1153 3398 et
1185 3347 1492 3401 necessario
1536 3346 1709 3402 factos
1752 3350 2125 3418 imprudenter
2154 3368 2238 3405 re-

664 3434 998 3503 prehendere
1032 3435 1453 3503 volunt,t'inicus
1486 3439 1575 3492 ille
1605 3454 1799 3507 scopus
1844 3450 1949 3506 est,
2000 3450 2058 3495 ut
2107 3444 2238 3497 nihil

667 3542 849 3579 verum
890 3526 969 3580 vel
996 3527 1209 3595 sapiant
1237 3529 1318 3582 vel
1348 3530 1562 3596 dicant,
1597 3530 1989 3604 declarentque
2038 3549 2097 3590 se
2122 3536 2238 3590 solo

660 3617 1024 3671 calumniandi
1056 3619 1231 3674 studio
1249 3631 1563 3691 occupatos.
1588 3621 1721 3676 Nam
1746 3626 1789 3679 si
1812 3637 2043 3681 mentem
2083 3642 2237 3681 suam

654 3706 903 3761 studiose
933 3722 995 3761 ac
1025 3706 1314 3775 diligenter
1347 3709 1572 3778 scriptis
1600 3711 1862 3766 adhibere
1892 3722 2229 3783 paterentur,

663 3813 769 3851 non
800 3799 1159 3869 ignorassent,
1198 3802 1340 3870 quod
1374 3803 1487 3857 suis
1541 3805 1825 3859 sententiis
1871 3814 1925 3860 et
1968 3809 2236 3862 sermoni-

664 3892 786 3956 bus,
815 3906 949 3960 quos
979 3892 1206 3959 faciunt,
1255 3894 1531 3949 stabiliant
1574 3897 2118 3962 anathematismum,
2184 3912 2238 3955 et

661 3996 1005 4051 nequaquam
1042 3984 1334 4037 ostendant
1363 3984 1512 4037 illum
1538 3984 1806 4039 inerudite
1845 3988 2146 4044 conditum.
2174 3989 2239 4044 Et

661 4074 956 4143 quomodo,
986 4074 1184 4127 dicam.
1208 4072 1387 4129 Bonus
1418 4075 1699 4132 Nestorius
1721 4077 1934 4133 dicebat
1959 4080 2065 4136 tale
2082 4083 2240 4150 quid—

664 4167 807 4228 dam,
838 4166 891 4218 in
927 4164 1157 4219 ecclesia
1206 4179 1494 4220 enarrans.
1536 4164 1604 4220 Ut
1634 4175 1814 4220 autem
1846 4168 2019 4237 ipsum
2066 4173 2239 4225 mani-

661 4254 854 4311 festius
903 4258 1107 4319 dicam,
1166 4266 1218 4310 et
1275 4256 1345 4309 ita
1406 4266 1464 4308 ut
1516 4271 1703 4311 omnes
1738 4256 1947 4313 facilius
1977 4262 2235 4330 capiant:

660 4348 841 4414 Arius,
876 4356 931 4401 et
963 4345 1281 4408 Eunomius,
1314 4354 1367 4398 et
1394 4344 1781 4413 Apollinarius,
1810 4356 1865 4400 et
1923 4362 2114 4403 omnes
2142 4366 2235 4405 so-

661 4439 876 4494 cietatis
911 4438 1121 4491 illorum
1146 4437 1322 4501 chori,
1388 4436 1679 4490 studebant
1733 4436 1991 4492 inducere
2040 4454 2235 4496 nomen

660 4531 784 4595 hoc,
811 4530 907 4585 Dei
943 4529 1199 4600 genitrix,
1229 4528 1351 4583 utsi
1376 4527 1683 4582 commistio
1736 4527 1909 4593 ﬁeret,
1940 4540 1995 4583 et
2022 4542 2231 4587 naturae

666 4638 768 4677 non
808 4632 1211 4692 separarentur,
1270 4618 1404 4673 nihil
1452 4618 1732 4673 humiliter
1778 4619 1979 4674 dictum
2020 4622 2087 4676 de
2132 4623 2234 4676 Ιιιι⁶

669 4713 926 4768 manitate
951 4710 1322 4781 accipiendum
1355 4720 1519 4774 esset,
1578 4709 1863 4780 locumque
1908 4711 2022 4782 jam
2076 4716 2238 4768 habe-

666 4811 784 4859 rent
816 4805 917 4875 ipsi
951 4814 1137 4859 contra
1174 4804 1468 4869 deitatem;
1513 4804 1669 4871 quasi
1698 4802 1902 4868 omnia,
1924 4819 2042 4874 qua:
2084 4805 2239 4859 dice-

665 4900 881 4959 bantur,
905 4897 969 4948 de
998 4911 1103 4948 uno
1134 4896 1462 4948 dicerentur.
1492 4891 1617 4946 llaec
1643 4910 1764 4947 cum
1785 4896 1867 4949 sic
1919 4896 2061 4950 dicta
2109 4897 2238 4958 sint,

668 4986 957 5039 utilissime
989 4985 1498 5038 anathematismutn
1545 4982 1791 5046 fecimus,
1857 5001 1959 5038 non
2018 4988 2241 5054 permit-

673 5088 845 5132 tentes
891 5078 943 5129 in
1003 5077 1138 5129 duas
1203 5076 1366 5127 dividi
1432 5090 1690 5143 personas
1731 5086 1783 5128 et
1842 5076 2222 5132 subsistentias

670 5188 833 5225 unum
866 5168 1153 5224 Dominum
1188 5166 1369 5221 Jesnin
1404 5168 1701 5221 Christum.
1734 5164 1885 5232 Quod
1948 5179 2128 5221 autem
2179 5180 2233 5222 et

668 5263 766 5333 ipsi
798 5278 920 5316 cum
946 5260 1499 5315 nostrissermonibus
1524 5261 1868 5323 conveniant,
1892 5259 2232 5328 perspicuum

733 5442 780 5475 “
804 5441 955 5497 Joan.
987 5456 1071 5505 ut,
1108 5439 1199 5495 1⁸5.
1272 5438 1318 5469 τ’
1355 5435 1508 5496 Joan.
1542 5454 1622 5503 vt,
1660 5439 1747 5493 65.
1818 5438 1860 5469 ⁷⁸
1894 5437 2058 5493 Hebr.
2093 5454 2152 5505 tt,
2187 5439 2272 5496 10.

2343 3338 2594 3407 σκέπτως
2633 3346 2898 3415 ἐπιτιμᾷν
2929 3345 3040 3405 τοῖς
3088 3340 3217 3412 παρ’
3249 3339 3405 3411 ήμῶν
3435 3337 3840 3412 χρειωδέστατά
3872 3357 3940 3393 τε

2341 3440 2434 3493 καὶ
2479 3436 2795 3505 ἀναγκαίως
2839 3434 3122 3504 γεγονόσιν
3164 3432 3657 3503 ἀναθεματισμοῖς,
3710 3434 3940 3503 φρονεῖν

2348 3532 2447 3601 μὲν
2494 3530 2527 3601 ἢ
2585 3529 2767 3595 λέγειν
2810 3526 2918 3580 τῶν
2968 3525 3238 3597 ἀληθινῶν
3292 3526 3464 3589 οὐδὲν,
3508 3524 3828 3595 φιλοψογίας
3878 3526 3940 3579 δὲ

2345 3623 2513 3693 μόνης
2548 3620 2824 3685 ἀπόδειξιν
2857 3620 3065 3691 ἐναργῆ
3099 3618 3375 3672 ποιεῖσθαι
3401 3618 3460 3671 τὸ
3485 3619 3674 3689 χρῆμα
3697 3632 3710 3645 °
3753 3620 3801 3670 εί
3825 3617 3939 3688 γὰρ

2340 3713 2631 3784 ἀνίσχοντα
2653 3723 2701 3775 υ,
2722 3710 2818 3762 καὶ
2838 3710 3043 3781 ἀκρισῆ
3064 3712 3177 3773 τοῖς
3198 3708 3604 3779 γεγραμμένοις
3624 3708 3714 3760 τὸν
3734 3709 3939 3761 οἰκεῖον

2342 3802 2717 3873 ὲνερείσαντες
2762 3799 2907 3865 νοῦν,
2955 3801 3056 3853 οὐκ
3096 3801 3402 3870 ἠγνόησαν,
3465 3800 3549 3851 ὅτι
3604 3798 3937 3869 κρατύνουσι

2340 3894 2461 3954 ταῖς
2518 3890 2649 3961 παρ’
2696 3888 2906 3943 ἑαυτῶν
2937 3898 2964 3926 ν
2990 3889 3215 3960 ψήφοις,
3253 3889 3345 3941 καὶ
3390 3887 3457 3941 δι’
3501 3882 3577 3941 ὧν
3604 3889 3939 3958 πεποίηνται

2341 3983 2537 4051 λόγων,
2604 3980 2694 4035 τὸν
2747 3979 3215 4051 άναθεματισμδν,
3286 3980 3383 4034 καὶ
3434 3980 3554 4051 οὐχὶ
3605 3980 3669 4049 δὴ
3733 3980 3939 4050 μᾶλλον

2344 4074 2794 4147 ἀνεπιστημόνως
2824 4073 2989 4127 αὑτὸν
3022 4073 3291 4142 γεγονότα
3316 4072 3789 4126 καταδεικνύουσι.
3824 4074 3938 4125 Καὶ

2341 4172 2463 4225 τίνα
2489 4168 2713 4241 τρόπον,
2742 4168 2873 4242 ὲρῶ·
2922 4163 2981 4220 '0
3012 4164 3250 4238 χρηστὸς
3274 4167 3407 4235 ἡμῖν
3439 4164 3729 4236 Νεστόριος
3753 4164 3855 4236 ἔφη
3884 4184 3937 4219 τι

2340 4262 2582 4316 τοιοῦτον
2627 4264 2714 4314 ἐπ’
2757 4263 3053 4333 ἐκκλησίας
3088 4270 3114 4297 ι
3155 4259 3539 4332 ἐξηγούμενος.
3571 4259 3689 4313 ’Ὶνα
3716 4258 3772 4311 δὲ
3802 4259 3938 4313 αὐτὸ

2344 4355 2677 4424 σαφέστερον
2731 4353 2823 4406 καὶ
2884 4356 3050 4407 πᾶσιν
3106 4353 3505 4423 εύληπτότερον
3595 4353 3755 4417 εῐπω,
3819 4352 3937 4415 τοῖς

2356 4442 2586 4511 ’Δρείου,
2624 4442 2717 4495 καὶ
2751 4442 3042 4512 Εὑνομίου,
3079 4443 3173 4495 κα)⁸
3213 4442 3614 4513 Ἀπολιναρίου,
3655 4443 3749 4496 καὶ
3798 4444 3937 4497 πάν-

2272 4566 2312 4621 υ
2340 4551 2446 4586 των
2471 4535 2580 4594 τοῖς
2604 4534 2780 4603 χοροῖς
2806 4532 2913 4585 τῶν
2941 4531 3043 4604 τῆς
3076 4531 3331 4603 τοιαύτης
3363 4532 3595 4605 φατρίας
3614 4542 3666 4598 Υ,
3699 4534 3932 4605 σπουδὴ,

2342 4625 2422 4699 τὸ,
2458 4623 2747 4689 Θεοτόκος,
2779 4625 3038 4694 είσάγειν,
3086 4624 3163 4688 ὡς
3200 4626 3451 4697 κράσεως
3492 4625 3805 4695 γινομένης,
3842 4630 3937 4679 καὶ

2345 4716 2454 4769 τῶν
2497 4714 2713 4787 φύσεων
2755 4716 2830 4787 μὴ
2869 4715 3285 4788 διαιρουμένων,
3342 4716 3507 4786 μηδὲν
3550 4714 3659 4768 τῶν
3699 4716 3936 4769 εὐτελῶν

2346 4809 2425 4869 είς
2451 4807 2546 4878 τὴν
2578 4806 2971 4878 ἁνθρωπότητα
2995 4807 3389 4875 λαμϐάνεσθαι,
3415 4806 3509 4860 καὶ
3534 4804 3717 4877 χώραν
3734 4807 3936 4871 αὐτοὺς

2347 4898 2533 4951 λοιπὸν
2583 4899 2721 4952 κατά
2776 4899 2874 4969 τῆς
2935 4897 3188 4967 θεότητος
3232 4899 3374 4969 ἔχειν
3402 4915 3414 4927 ⁸
3443 4899 3519 4962 ὡς
3565 4898 3781 4951 πάντων
3825 4899 3937 4953 τῶν

2348 4990 2657 5060 λεγομένων
2702 4991 2832 5061 παρ’
2864 4990 2981 5053 ἐνὸς
3016 4989 3341 5060 λεγομένων.
3390 4989 3609 5043 Τούτων
3634 4989 3730 5043 ὡδὶ
3774 4990 3938 5058 λεγο-

2352 5082 2549 5151 μένων,
2585 5075 3006 5152 χρειωὸέστατος
3038 5091 3058 5117 ι
3089 5084 3215 5152 παρ’
3249 5092 3267 5111 ⁸
3308 5080 3463 5152 ήμῶν
3493 5081 3713 5151 γέγονεν
3740 5084 3768 5135 ό
3801 5084 3939 5137 ἁνα-

2349 5172 2707 5245 θεματισμὸς,
2759 5175 2857 5227 οὑκ
2897 5174 3070 5243 ἐφιεὶς
3123 5174 3203 5237 είς
3265 5174 3356 5227 δύο
3396 5172 3717 5245 μερίζεσθαι
3762 5175 3938 5247 πρόσ-

2346 5265 2475 5317 ωπά
2499 5282 2555 5317 τε
2592 5268 2685 5318 καὶ
2715 5266 3045 5330 ὑποστάσεις
3073 5268 3166 5321 τὸν
3198 5266 3293 5319 ἕνα
3324 5266 3527 5337 Κύριον
3558 5264 3769 5336 Ἰησοῦν
3796 5269 3938 5340 Χρι-

2345 5443 2388 5473 ’τ
2424 5442 2587 5499 llebr.
2628 5460 2743 5511 xm,
2778 5443 2832 5498 8.
2911 5446 2955 5475 ⁷⁸
2982 5444 3135 5501 Jonn.
3174 5462 3214 5512 i,
3261 5446 3314 5500 5.

1729 5592 1901 5648 Variae
1938 5593 2196 5649 lectiones
2234 5613 2297 5649 ex
2324 5598 2508 5652 codice
2545 5598 2921 5667 Seguieriano.

1256 5762 1281 5789 ιι
1318 5752 1403 5807 lo’.
1436 5753 1483 5805 εί
1517 5750 1624 5823 γὰρ
1650 5750 1926 5823 ήνείχοντο
1973 5750 2250 5805 ἀκο.6οὖν.

1585 5821 1609 5862 ἀ
1646 5821 1733 5875 lo’.
1771 5822 1917 5891 περί.

742 5761 761 5799 ι
792 5757 1018 5821 Σκοπὸς,
1048 5756 1143 5819 ὡς.

664 5844 690 5873 υ
723 5830 1055 5899 λελεγμένων
1086 5823 1503 5896 χρειωδέστατα.

2330 5762 2354 5789 τ
2388 5754 2513 5823 παρ’
2545 5752 2747 5807 αὐτῶν.

2867 5761 2891 5789 ι
2933 5753 3219 5823 ἐκκλησίᾳ.
3343 5762 3368 5800 Y
3406 5754 3576 5817 αὐτῆς
3615 5757 3930 5828 φρατρίας·
