4104 6504
195 431 276 489 337
780 436 1309 498 APOLOGETICUS
1349 440 1487 499 PRO
1527 443 1623 499 ΧΠ
1661 442 2028 501 CAPITIBUS
2068 443 2350 501 CONTRA
2387 444 2845 502 ORIENTALES.

3308 451 3413 507 338

192 547 303 599 στόν.
331 547 445 600 Ὀτι
467 548 526 601 δὲ
552 551 654 604 καὶ
686 553 870 620 αὐτοῖς
894 558 1010 620 τοῖς
1037 561 1166 628 παρ’
1198 560 1356 631 ἡμῶν
1380 564 1739 635 συμφέρονται

1845 562 1948 618 erit
1969 578 2036 618 ex
2068 564 2154 621 bis
2193 580 2313 635 quae
2341 566 2679 636 scripserunt
2743 575 2800 622 et
2866 566 3130 627 sentiunt.
3198 569 3412 629 Habent

187 637 351 705 λόγοις,
376 639 537 711 δῆλον
568 642 640 697 ἂν
675 644 761 716 εἴη
788 646 1055 717 δήπουθεν
1088 650 1148 714 ἐξ
1185 644 1260 706 ὧν
1286 654 1617 724 γεγράφασι,
1648 658 1740 710 καὶ

185 733 366 798 φρονεῖν
402 734 722 801 ἐγνώκασιν
746 755 759 769 ·
806 738 920 811 ἔχει
958 741 1017 796 δὲ
1060 743 1235 809 οὕτως
1260 760 1276 778 ⁸
1344 746 1433 810 Ὦς
1463 748 1520 801 δὲ
1569 765 1737 821 προσο

182 822 339 888 ώποις,
360 824 392 894 ἢ
417 825 449 865 δ
469 827 815 885 ὑποστάσεσι
836 833 1008 901 δυσὶν,
1036 836 1069 907 ἢ
1103 838 1239 901 υίοτς
1257 837 1379 892 δυσὶ
1401 840 1741 912 διαιροῦντας

180 913 257 984 τὴν
277 915 481 985 ἕνωσιν,
517 921 700 990 ἦγουν
730 925 819 977 τὸν
847 926 942 979 ἕνα
967 928 1117 991 Υἱὸν,
1139 928 1243 993 τὰς
1277 932 1463 1001 φωνὰς
1492 934 1739 1005 ἐφαρμό-

179 1006 271 1069 ζειν
295 1009 348 1061 οὐ
373 1007 487 1063 δεῖ*
544 1013 862 1086 ἀδιαίρετος
896 1017 1006 1090 γὰρ
1037 1020 1133 1074 καὶ
1164 1021 1471 1093 ἀχώριστος
1519 1028 1550 1097 ἡ
1593 1028 1740 1100 ἄκρα

181 1100 346 1164 ἒνωσις
366 1115 382 1131 ·
430 1103 530 1156 καὶ
561 1107 593 1159 6
627 1102 710 1171 εἷς
745 1108 871 1173 Υἱὸς
896 1110 1041 1165 κατὰ
1084 1111 1262 1169 πάντα
1291 1116 1385 1170 καὶ
1423 1116 1599 1187 λόγον,
1646 1121 1742 1175 καὶ

173 1192 365 1260 τρόπον,
406 1196 505 1249 καὶ
546 1197 765 1253 ἔννοιαν
805 1201 944 1257 ἐστι.
986 1203 1098 1274 Τῆς
1150 1204 1209 1258 δὲ
1270 1205 1449 1278 ἄκρας
1495 1209 1741 1274 ὲνώσεως

174 1281 589 1357 φυλαττομένης,
633 1288 731 1343 καὶ
762 1289 855 1348 τοῦ
882 1292 1000 1355 ἑνὸς
1034 1293 1188 1361 Υίοῦ,
1221 1297 1316 1350 καὶ
1343 1298 1606 1369 Χριστοῦ,
1647 1302 1740 1355 καὶ

170 1373 348 1444 Κυρίου
376 1378 853 1452 ὁμολογουμένου,
885 1385 1016 1456 περὶ
1054 1386 1146 1441 τὸν
1177 1388 1273 1443 ἕνα
1325 1392 1423 1444 καὶ
1455 1392 1549 1448 τὸν
1579 1393 1740 1447 αὐτὴν

169 1464 277 1517 Υίὸν
301 1467 642 1525 ἐκλύεσθαι
684 1484 708 1512 ε
767 1476 873 1547 χρὴ
912 1476 981 1531 τὰ
1013 1477 1317 1550 λεγόμεναο
1366 1484 1506 1537 κατὰ
1558 1484 1738 1554 μέντοι

163 1555 245 1626 τὴν
284 1558 391 1614 τῶν
436 1562 757 1619 ἑνώθεισῶν
804 1568 1022 1638 φύσεων
1061 1570 1290 1642 δύναμιν
1332 1575 1740 1645 ἐφαρμόζεσθαι

165 1650 346 1717 πρέπει
406 1653 491 1724 τῷ
527 1656 619 1711 ἐνὶ
674 1658 789 1730 Υἱῷ
824 1658 893 1713 τὰ
934 1661 1225 1733 λεγόμενα.
1270 1666 1478 1720 Οὐκοῦν
1510 1668 1612 1737 τῆς
1660 1670 1739 1732 εἰς

162 1741 310 1811 ἄκρον
367 1746 635 1813 ἐνὼσεως
723 1752 1061 1823 σωζομένης,
1117 1757 1246 1811 ποία
1303 1758 1651 1828 παρείσδυσις
1705 1763 1739 1831 ἢ

159 1833 274 1899 γοῦν
323 1842 615 1904 φαντασία
664 1845 840 1913 τομῆς
878 1847 1318 1917 παρεισκρίνοιτο
1352 1849 1418 1902 ἂν
1447 1850 1561 1915 ἐτι;
1590 1854 1683 1905 καὶ
1712 1854 1740 1906 6

161 1926 381 1995 μερίζειν
407 1931 747 2001 ἁποτολμῶν
771 1934 885 1998 πῶς
904 1936 1005 1989 οὐκ
1027 1937 1132 2002 ἔξω
1158 1939 1385 2009 φέρεται
1406 1943 1504 2013 τῆς
1525 1944 1741 2008 εὐθείας

158 2016 281 2083 ὀδοῦ,
329 2022 425 2074 καὶ
477 2022 600 2077 τῶν
643 2028 745 2095 τῆς
795 2027 1078 2094 εὐσεὸείας
1127 2031 1415 2103 δογμάτων
1466 2039 1545 2099 είς
1597 2018 1742 2091 ἆπαν

158 2108 498 2180 (inciperem;
538 2116 610 2168 Τί
651 2114 745 2171 οὖν
779 2136 945 2189 φησιν
977 2124 1005 2175 ό
1046 2124 1535 2196 ἀναθεματισμός;
1568 2129 1636 2181 El’
1661 2145 1743 2191 τις

160 2204 351 2270 μερίζει
382 2206 489 2269 τὰς
535 2208 727 2275 φωνὰς
756 2211 899 2264 κατά
928 2228 990 2279 γε
1018 2215 1228 2266 τουτονὶ
1263 2215 1356 2267 τὸν
1390 2217 1616 2286 τρόπον,
1647 2220 1743 2271 καὶ

157 2286 240 2347 τὰς
265 2286 289 2325 ά
314 2291 413 2358 μὲν
435 2292 516 2354 ὡς
546 2293 822 2368 ἀνθρώπῳ
839 2315 911 2352 πα
921 2298 990 2370 ρὰ
1016 2299 1106 2353 τὸν
1123 2303 1186 2355 ἐκ
1210 2303 1344 2356 Θεοῦ
1366 2306 1537 2373 Λόγον
1561 2305 1743 2370 ἰδικῶς

158 2381 415 2469 νοουμένῳ
458 2387 830 2457 προσάπτειν,
886 2391 981 2456 τὰς
1027 2392 1084 2446 δὲ
1126 2394 1202 2458 ὡς
1240 2394 1563 2466 θεοπρεπεῖς
1595 2399 1742 2469 μόνῳ

154 2467 222 2537 τῷ
253 2471 315 2524 ὲκ
344 2473 491 2529 Θεοῦ
536 2480 732 2549 Λόγῳο
761 2482 1012 2553 ἀνάθεμα
1075 2485 1234 2540 ἔστω.
1285 2488 1349 2540 Et
1401 2489 1500 2559 μὲν
1546 2486 1639 2543 οὖν
1690 2467 1743 2544 oi

155 2560 445 2631 διιστάντες
480 2581 509 2608 ε
547 2573 641 2623 καὶ
666 2571 997 2643 διορίζοντες
1024 2578 1103 2639 εἰς
1133 2577 1421 2648 ἄνθρωπον
1450 2582 1633 2647 ἰδικῶς
1680 2600 1743 2637 τε

158 2653 239 2705 καὶ
270 2655 371 2711 ἀνὰ
417 2660 618 2728 μέρος,
656 2663 752 2713 καὶ
795 2664 873 2725 είς
916 2663 1049 2717 Θεὸν
1101 2666 1273 2735 Λόγον
1312 2669 1495 2733 ἰδικῶς
1538 2687 1598 2722 τε
1646 2671 1743 2723 καὶ

158 2740 253 2795 ἀνὰ
290 2744 491 2816 μέρος,
524 2748 583 2798 οὐ
622 2750 904 2819 μερίζουσι
936 2753 1026 2806 τὸν
1057 2754 1153 2809 ἕνα
1187 2758 1443 2827 Χριστὸν,
1476 2763 1567 2813 καὶ
1597 2760 1690 2813 δύο
1718 2761 1737 2801 ι

160 2831 393 2899 λέγουσιν
430 2837 613 2901 υἱοὺς,
663 2840 1146 2908 ἁγανακτείτωσαν
1176 2846 1295 2899 καθ’
1321 2850 1480 2919 ἡμῶν
1506 2853 1556 2902 οἱ
1616 2852 1738 2920 φιλ-

162 2924 492 2996 εγκλήμονες
519 2946 531 2958 °
563 2932 613 2984 εἰ
630 2931 688 2985 δὲ
707 2934 848 3006 τομὴ
871 2938 964 2989 καὶ
989 2937 1248 3006 διαίρεσις
1267 2941 1328 2994 τὸ
1353 2926 1496 2996 οὖτῶ
1522 2948 1739 3014 φρονεῖν

162 3015 282 3083 ἐστι,
306 3023 459 3076 κατὰ
496 3022 619 3078 τίνα
647 3028 849 3097 τρόπον
870 3033 984 3094 τοῖς
1014 3035 1141 3096 παρ’
1176 3035 1331 3103 ἡμῶν
1360 3036 1538 3105 λόγοις
1565 3042 1740 3091 ἐπιτι-

165 3108 256 3176 μᾷν
283 3114 589 3182 ἐγνώκασι,
633 3118 814 3171 καίτοι
841 3122 936 3173 καὶ
968 3122 1144 3187 αὐτοὶ,
1181 3126 1324 3178 καθὰ
1344 3145 1525 3194 φασιν,
1560 3130 1737 3182 ἀδιαί-

1841 664 2019 709 autem
2056 657 2136 710 sic
2167 672 2181 709 :
2208 656 2489 728 Tanquam
2518 672 2646 714 vero
2669 660 2916 729 personis
2944 659 3259 723 duabus,vel
3279 666 3412 719 sub-

1841 746 2104 802 sistentiis
2137 750 2367 814 duabus,
2404 749 2488 804 vel
2542 750 2671 804 ﬁliis
2701 750 2931 815 duobus,
2982 751 3272 809 dividendo
3292 756 3415 809 uni-

1843 839 2066 903 tionem,
2093 840 2194 895 hoc
2217 849 2302 895 est
2324 857 2488 895 unum
2522 841 2907 907 Filium,voces
2938 855 3126 913 aptare
3149 861 3254 899 non
3284 861 3408 900 con-

1843 930 2005 984 venit.
2036 929 2388 986 lndivisibilis
2414 932 2557 987 enim
2596 942 2651 988 et
2681 934 3053 1005 inseparabilis
3083 944 3167 990 est
3202 950 3410 989 summa

1842 1019 2035 1082 unitio,
2074 1026 2288 1075 ctunus
2325 1020 2496 1077 Filius
2523 1031 2608 1077 est
2642 1024 2939 1079 secundum
2991 1039 3207 1079 omnem
3248 1027 3415 1080 ratiu-

1842 1124 1964 1164 nem
1993 1118 2047 1163 et
2078 1111 2294 1166 modum
2334 1123 2389 1167 et
2413 1114 2820 1183 cogitationem.
2865 1115 2923 1169 Si
2974 1124 3159 1171 autem
3202 1132 3412 1171 summa

1843 1202 2018 1255 nnitio
2051 1214 2318 1267 servetur,
2354 1215 2407 1259 et
2448 1222 2585 1261 unus
2615 1205 2784 1261 Filius
2804 1217 2859 1261 et
2885 1206 3131 1263 Christus
3153 1217 3208 1262 et
3230 1207 3415 1264 Domi-

1843 1310 1944 1348 nus
1979 1303 2229 1363 ponatur,
2263 1296 2328 1350 de
2361 1312 2467 1352 uno
2497 1307 2552 1351 et
2576 1299 2767 1353 eodem
2802 1297 2939 1353 Filio
2968 1300 3218 1369 accipere
3249 1314 3413 1370 opor-

1845 1393 1941 1449 tet,
1981 1400 2100 1454 quae
2127 1386 2385 1441 dicuntur
2413 1405 2427 1440 :
2460 1388 2553 1442 sed
2589 1397 2767 1442 tamen
2800 1390 3095 1445 secundum
3140 1392 3413 1445 unitarum

1843 1486 2157 1531 naturarum
2202 1478 2454 1534 virtutem
2486 1480 2901 1535 accommodare
2932 1483 3087 1536 decet
3136 1483 3225 1535 uni
3253 1482 3413 1545 Filio,

1841 1581 1964 1634 qua:
1991 1567 2266 1623 dicuntur.
2295 1568 2465 1639 igitur
2498 1570 2624 1623 dum
2649 1580 2899 1624 servatur
2948 1587 3162 1627 summa
3210 1574 3413 1637 unitas,

1841 1657 2016 1725 qualis
2049 1658 2291 1728 irreptio,
2326 1659 2409 1714 vel
2437 1659 2625 1715 saltem
2656 1660 2966 1731 imaginatio
2988 1663 3413 1719 sectiunisindu-

1842 1746 2093 1803 cer’etur?
2126 1749 2311 1820 Et'qui
2347 1752 2510 1807 audet
2537 1752 2803 1819 dividere,
2828 1755 3099 1823 quomodo
3124 1771 3226 1809 non
3262 1764 3416 1810 extra

1846 1845 2050 1892 rectam
2119 1840 2261 1894 viam
2320 1840 2620 1904 incedit,ct
2676 1856 2706 1896 a
2748 1841 2961 1910 pietatis
2993 1842 3330 1911 dogmatibus
3359 1844 3416 1897 in

1846 1930 2155 1984 universum
2196 1930 2597 1997 recedit‘lQuid
2660 1932 2823 2001 igitur
2871 1932 3005 1985 dicit
3056 1932 3417 1986 anathemati-

1844 2022 2031 2077 smus?
2057 2022 2112 2078 Si
2146 2023 2267 2093 quis
2311 2022 2504 2077 dividit
2558 2037 2738 2085 voces,
2769 2023 3064 2077 secundum
3117 2023 3259 2078 hunc
3303 2039 3418 2078 mo-

1845 2115 1993 2178 dum,
2026 2124 2085 2168 ut
2112 2115 2247 2169 alias
2284 2116 2499 2184 quidem
2531 2125 2783 2185 tanquam
2815 2116 3019 2169 homini
3057 2131 3085 2168 a
3116 2114 3240 2170 Deo
3266 2131 3418 2172 seor-

1843 2206 1946 2259 sim
1975 2206 2245 2260 intellecto
2267 2207 2503 2275 adaptet,
2534 2206 2670 2260 alias
2692 2222 2838 2271 veru,
2867 2214 2923 2259 nt
2948 2207 3053 2260 Deo
3073 2207 3283 2273 dignas.
3313 2207 3417 2262 soli

1847 2295 2023 2350 Verbo
2057 2295 2169 2361 Dei,
2209 2297 2499 2349 anathema
2536 2296 2627 2349 sit.
2683 2294 2740 2349 Si
2801 2298 2961 2365 igitur
3009 2306 3324 2364 separantes
3364 2304 3421 2351 et

1844 2384 2241 2454 distinguentes
2271 2386 2322 2438 in
2356 2386 2630 2441 hominem
2664 2387 2877 2455 proprie
2917 2396 2971 2438 et
2999 2386 3253 2448 seorsim,
3281 2396 3336 2440 et
3362 2386 3421 2440 in

1846 2476 2080 2533 Verbum
2113 2478 2203 2533 Dei
2242 2480 2457 2549 proprie
2486 2487 2540 2532 et
2562 2480 2814 2544 seorsim,
2847 2478 3001 2548 171
3027 2492 3132 2531 non
3165 2477 3429 2547 partiun-

1844 2576 1933 2623 tur
1956 2584 2121 2623 unum
2153 2569 2450 2632 Christum,
2476 2584 2581 2623 non
2610 2570 2746 2623 duos
2768 2570 2958 2623 dicunt
2995 2568 3172 2636 ﬁlios;
3199 2582 3430 2623 succen-

1843 2674 2001 2720 seant
2036 2662 2189 2717 nobis
2217 2665 2618 2718 criminatores.
2656 2662 2714 2716 Si
2743 2673 2924 2717 autem
2956 2662 3127 2716 sectio
3162 2669 3216 2715 et
3266 2676 3433 2729 sepa~

1842 2756 1981 2811 ratio
2003 2768 2085 2809 est
2112 2756 2181 2809 ita
2214 2754 2454 2808 sentire:
2487 2754 2784 2808 secundum
2842 2766 3002 2822 quem
3044 2753 3262 2808 modum
3318 2768 3426 2807 no-

1843 2857 1989 2901 atros
2019 2860 2301 2900 sermones
2331 2844 2730 2913 reprehendere
2755 2853 3090 2909 statuerunt,
3124 2845 3340 2913 quando
3365 2854 3421 2898 et

1842 2937 1970 3006 ipsi,
1999 2940 2138 2991 sicut
2166 2936 2370 3001 dicunt,
2399 2933 2779 2990 indivisibilem
2809 2944 2866 2989 et
2916 2950 3080 2989 unum
3112 2936 3422 2991 secundum

1840 3044 2104 3084 summam
2134 3028 2432 3082 nnitionem
2456 3027 2821 3083 conﬁteantur
2837 3042 2957 3082 esse
2991 3027 3425 3081 Emmanuelem!

1843 3118 2029 3190 Itaque
2058 3121 2358 3189 prudenter
2400 3134 2839 3190 unamquamque
2866 3134 3073 3186 vocem,
3112 3122 3192 3173 vel
3255 3120 3436 3173 etiam

166 3203 300 3305 ρετόν
338 3223 399 3260 τε
462 3207 557 3261 χαί
594 3208 692 3261 ἕνα
720 3210 863 3263 κατὰ
907 3213 1083 3284 ἄκραν
1123 3215 1313 3271 ἕνωσιν
1346 3219 1735 3287 ὁμολογοῦντες

1845 3209 1905 3263 ab
1977 3211 2091 3278 ipso
2126 3208 2264 3264 forte
2314 3209 2535 3272 dictam,
2593 3208 2962 3277 accipiendam
3022 3224 3182 3273 esse,
3232 3209 3423 3262 lauda-

162 3293 412 3367 ὑπάρχειν
457 3298 555 3351 τὸν
591 3299 971 3376 Ἐμμανουήλ;
1032 3305 1105 3357 Τὸ
1154 3307 1252 3375 μὲν
1310 3304 1402 3361 οῦν
1452 3312 1734 3379 ἐμφρόνως

163 3386 387 3460 ἑκάστην
421 3391 633 3463 φωνὴν,
662 3396 710 3446 εἰ
735 3395 829 3448 καὶ
864 3396 992 3467 παρ’
1024 3397 1188 3451 αὐτοῦ
1219 3385 1380 3469 τυχὸν
1414 3402 1733 3473 εἰρημένην,

162 3476 599 3547 ἐπιλαμϐάνεσθαι
633 3485 763 3552 δεῖν,
805 3486 1152 3558 ἐπαινέσαιμ’
1183 3489 1249 3543 ἂν
1280 3493 1373 3545 κοιλ⁸
1406 3493 1565 3558 αὐτὸς
1602 3494 1735 3563 ἐγὼ,

164 3569 243 3620 καὶ
266 3571 829 3646 ἀπαστισοῦν,οίμαι,
860 3576 966 3630 τῶν
1000 3579 1135 3649 ὀρθὰ
1167 3587 1384 3650 φρονεῖν
1431 3586 1698 3639 εἰωθότων
1721 3604 1735 3618 ο

166 3661 210 3711 al
248 3664 346 3732 μὲν
381 3668 492 3737 γάρ
530 3669 637 3720 είσι
679 3667 1024 3741 θεοπρεπείς,
1057 3674 1115 3725 αἰ
1155 3673 1210 3727 δὲ
1259 3678 1324 3745 τῇ
1362 3675 1502 3744 μετὰ
1540 3680 1740 3748 σαρκὸς

165 3756 438 3831 οἰκονομίᾳ
466 3759 665 3829 μᾶλλον
697 3762 1117 3836 ἀρμοδιώτεραι.
1154 3768 1370 3838 Ἐπειδὴ
1400 3769 1456 3822 δέ
1486 3770 1631 3823 ἐστιν
1661 3766 1740 3834 εἷς

167 3852 247 3904 καὶ
271 3856 297 3907 6
334 3855 525 3916 αὐτὸς,
555 3855 687 3919 Θεός
718 3874 779 3909 τε
806 3858 942 3928 ὁμοῦ
980 3860 1071 3912 καὶ
1106 3860 1414 3928 ἄνθρωπος,
1455 3862 1626 3933 ταύτῃ
1662 3882 1740 3918 τοι

169 3943 247 3996 καὶ
263 3946 392 3997 λίαν
411 3943 610 4016 ὀρθῶς,
628 3947 759 4001 ποτὲ
783 3950 881 4019 μὲν
907 3948 1124 4013 θεῖκῶς,
1153 3952 1280 4004 ποτὲ
1304 3952 1360 4004 δὲ
1385 3951 1741 4023 ἀνθρωπίνως

169 4040 392 4089 ποιεῖται
429 4037 556 4101 τοὺς
585 4039 777 4107 λόγους
802 4058 814 4070 ·
847 4042 985 4112 πλὴν
1011 4042 1103 4095 τοῦ
1131 4043 1245 4106 ἐνὸς
1302 4044 1474 4111 Ἰησοῦ
1499 4046 1737 4116 Χριστοῦ

170 4126 357 4189 ταύτας
408 4145 469 4181 τε
525 4130 785 4195 κάκείνας
831 4128 969 4185 εἶναι
1029 4134 1213 4203 φωνὰς
1263 4134 1739 4208 διισχυριζόμεθαο

169 4217 275 4272 οὗτε
309 4219 602 4289 ψιλοῦντες
634 4223 886 4293 θεότητος
924 4224 1016 4278 τὸν
1058 4226 1122 4277 ἐκ
1150 4224 1252 4293 τῆς
1280 4227 1554 4294 παναγίας
1590 4230 1739 4297 Παρ-

171 4308 310 4363 Θὲνου
362 4312 513 4375 ναὸν,
549 4311 674 4366 οὔτε
721 4313 827 4385 μὴν
864 4315 1103 4386 ἄσαρκον
1136 4316 1336 4379 εἰδότες
1376 4317 1469 4371 τὸν
1507 4320 1572 4372 ἐκ
1607 4320 1742 4393 Θεοῦ

172 4398 375 4471 [ἰατρὸς
413 4404 588 4469 Λόγον
629 4404 767 4474 μετὰ
807 4405 905 4476 τὴν
940 4407 1179 4477 ἄρρητον
1218 4407 1428 4463 ἕνωσιν.
1468 4408 1744 4479 Θαυμάζω

171 4490 215 4543 δὲ
251 4495 362 4557 ὅτι,
393 4496 576 4549 καίτοι
602 4495 1186 4568 πολυπραγμονοῦντες
1216 4500 1373 4568 ἄγαν,
1421 4502 1514 4556 καὶ
1560 4502 1634 4566 ὥς
1678 4520 1740 4571 γε

1842 3300 1941 3353 rim
1969 3300 2131 3354 etiam
2166 3313 2284 3368 ego,
2311 3308 2384 3362 et,
2410 3308 2467 3352 ut
2492 3296 2706 3366 opinor,
2725 3298 2955 3367 quisque
2989 3306 3134 3354 recte
3158 3298 3433 3355 sentiensa

1840 3388 1974 3446 Nam
2008 3390 2129 3445 aliae
2154 3391 2371 3459 quidem
2402 3388 2656 3444 suntDeo
2685 3390 2881 3458 dignae,
2913 3390 3033 3444 alia:
3065 3405 3191 3444 vero
3208 3390 3435 3461 dispen-

1843 3481 2045 3537 sationi
2073 3496 2192 3536 cum
2241 3495 2406 3536 carne
2451 3482 2918 3549 congruentiores.
2946 3482 3210 3549 Quoniam
3240 3494 3420 3539 autem

1841 3582 1922 3630 est
1941 3590 2076 3628 unus
2094 3583 2148 3629 et
2165 3574 2302 3628 idem
2320 3573 2457 3629 Deus
2475 3572 2696 3628 simulet
2732 3573 2911 3637 homo,
2933 3575 3034 3629 hac
3053 3574 3258 3629 ratione
3276 3584 3435 3630 recte

1843 3666 2130 3736 aliquando
2173 3667 2368 3732 divine,
2403 3667 2689 3734 aliquando
2745 3666 2977 3719 humane
3024 3665 3259 3735 loquitur
3295 3682 3429 3720 :ve—

1846 3770 2150 3815 rumtanien
2174 3759 2330 3813 unius
2356 3756 2481 3812 Jcsu
2512 3756 2707 3811 Christi
2728 3764 2779 3809 et
2809 3755 2907 3810 llas
2924 3766 2976 3810 et
2993 3756 3109 3811 illas
3128 3772 3286 3812 voces
3304 3772 3439 3811 essc~

1844 3852 2160 3915 asserimns,
2185 3865 2283 3905 nec
2312 3850 2597 3903 divinitate
2633 3848 2933 3917 spoliantes
2964 3848 3246 3917 templum,
3276 3850 3419 3917 quod

1846 3955 1911 3993 ex
1945 3949 2130 3993 sancta
2163 3938 2387 4008 Virgine
2418 3948 2521 4001 est,
2552 3953 2651 3991 nec
2680 3938 2796 3990 sine
2816 3952 2983 3990 carne
3043 3947 3297 4006 putantes
3328 3937 3418 3991 Dei

1848 4029 2024 4083 Patris
2054 4028 2285 4083 Verbum
2330 4039 2449 4097 post
2485 4028 2807 4081 itteﬂabileiii
2864 4028 3184 4082 nnilionem.
3234 4029 3420 4081 Adtui-

1848 4138 1938 4176 ror
1958 4132 2135 4175 autem
2163 4120 2327 4190 quod,
2363 4119 2608 4189 quamvis
2630 4119 2781 4172 valde
2806 4122 3018 4173 curiose
3055 4120 3417 4188 inquirentes,

1846 4222 1921 4276 et,
1952 4222 2008 4266 ut
2059 4212 2417 4276 arbitrantur,
2470 4212 2742 4265 subtiliter
2811 4211 3185 4265 examinantes
3267 4227 3420 4265 meas

1848 4304 2126 4373 epistolas,
2164 4319 2503 4373 quamcunque
2524 4303 2574 4355 in
2597 4302 2676 4357 eis
2708 4313 2831 4356 sunt
2853 4302 3002 4355 utilia
3033 4312 3087 4356 et
3116 4303 3415 4357 necessaria

1848 4391 1913 4444 ad
1944 4390 2415 4445 demonstrandam
2446 4392 2755 4457 dogmatqu
2782 4390 3158 4443 rectitudinem
3205 4399 3258 4442 et
3307 4390 3423 4444 dili-

1849 4484 2104 4552 gentiam,
2188 4483 2431 4535 volentes
2504 4490 2860 4549 praetereunt;
2934 4481 3178 4534 insiliunt
3238 4492 3418 4535 autem

170 4583 383 4651 νομίζοι)
393 4603 468 4648 σι,
502 4584 715 4649 λεπτῶς
767 4586 1144 4655 βασανίζοντες
1161 4589 1258 4652 τὰς
1275 4590 1410 4660 ἐμὰς
1431 4570 1738 4655 ἐπιστολὰς,

1849 4573 2268 4643 promptissime,
2300 4573 2472 4639 siqua
2525 4570 2655 4638 ipsis
2686 4571 2767 4623 vel
2809 4570 3089 4623 minimam
3143 4570 3421 4640 conjectu-

172 4672 226 4723 τὰ
262 4674 365 4742 μὲν
399 4676 500 4728 ὃσα
524 4675 670 4728 ἐστὶν
697 4677 755 4728 ἐν
772 4677 961 4740 αὑταῖς
983 4678 1228 4748 χρήσιμά
1257 4696 1314 4731 τε
1345 4680 1437 4732 καὶ
1466 4680 1739 4747 ἀναγκαῖα

175 4766 298 4835 πρὸς
330 4764 607 4831 ἀπόδειξιν
643 4769 741 4838 τῆς
764 4768 869 4821 τῶν
909 4769 1195 4839 δογμάτων
1228 4769 1519 4840 ὀρθότητός
1552 4789 1610 4823 τε
1646 4772 1739 4823 καὶ

173 4854 473 4924 ἀκριϐείας,
513 4857 788 4923 ἐθέλοντες
828 4856 1287 4931 παρατρέχουσιν,
1341 4861 1649 4932 ἐπιπηδῶσι
1684 4862 1739 4915 δὲ

174 4948 258 4999 καὶ
278 4949 422 5018 μάλα
438 4949 655 5019 γοργῶς
691 4952 804 5013 τοῖς
831 4950 936 5004 κᾶν
976 4950 1106 5020 γοῦν
1135 4952 1319 5022 ἰσχνὴν
1375 4952 1586 5023 ἔχουσιν
1636 4954 1739 5005 ὑπ-

174 5039 345 5105 οψίαν,
385 5040 527 5094 κατά
564 5057 628 5109 γε
651 5040 710 5094 τὸ
748 5040 927 5105 αὐτοῖς
955 5040 1164 5102 δοκοῦν,
1192 5043 1271 5104 είς
1301 5043 1361 5095 τὸ
1389 5042 1646 5097 δύνασθαι
1678 5043 1745 5095 δι’

176 5130 345 5182 αὐτῶν
430 5130 529 5193 τὰς
593 5130 718 5184 καθ’
791 5130 944 5200 ἡμῶν
1026 5130 1297 5183 ποιεῖσθαι
1358 5132 1740 5198 συκοφαντίας.

178 5220 530 5295 Μεμνήσομαι
555 5221 613 5275 δὲ
642 5221 751 5274 τῶν
772 5220 1006 5291 ἐμαυτοῦ
1049 5221 1227 5291 ῥητῶν
1261 5230 1307 5273 κ.
1355 5222 1609 5293 Γέγραφα
1636 5223 1743 5292 γὰρ

182 5310 336 5377 οὕτως
370 5316 428 5368 ἐν
456 5318 525 5386 τῇ
559 5313 699 5384 πρὸς
722 5312 1012 5381 Νεστόριον
1050 5313 1305 5383 ἐπιστολῇ
1328 5328 1339 5339 ·
1363 5313 1471 5376 Τὰς
1502 5313 1558 5365 δέ
1593 5330 1654 5382 γε
1683 5316 1740 5367 ἐν

183 5408 274 5469 τοῖς
332 5407 691 5479 Εὑαγγελίοις
744 5404 837 5457 τοῦ
886 5406 1133 5475 Σωτῆρος
1192 5404 1347 5475 ἡμῶν
1393 5404 1573 5473 φωνὰς
1617 5405 1739 5459 οὕτε

1852 4681 1962 4717 ram
1990 4663 2228 4734 praebere
2262 4665 2570 4727 videantur,
2604 4678 2669 4715 es
2707 4661 2835 4730 ipsis
2854 4673 3043 4716 contra
3081 4679 3179 4718 nos
3213 4664 3420 4717 calum-

1852 4759 1969 4810 nias
2015 4756 2228 4811 contexi
2264 4770 2439 4825 posse.
2468 4756 2917 4809 Cummemoraho
2947 4764 3123 4808 autem
3192 4766 3249 4809 et
3303 4772 3421 4808 mea

1852 4850 2036 4912 verba,
2067 4864 2184 4918 qua:
2209 4849 2285 4902 sic
2316 4849 2368 4901 in
2396 4847 2621 4916 cpistola
2681 4847 2745 4900 ad
2766 4856 2779 4870 '
2805 4846 3115 4900 Nestorium
3172 4848 3359 4915 scripsi
3399 4864 3413 4899 :

1854 4942 2022 4995 \‘oces
2041 4951 2215 4995 autem
2243 4943 2536 4996 Salvatoris
2568 4942 2735 4995 nostri
2764 4941 2816 4994 in
2870 4941 3193 5009 Evangeliis,
3249 4958 3422 5009 neque

1855 5034 2172 5087 substantiis
2206 5036 2432 5093 duabus,
2468 5049 2641 5100 neque
2706 5046 2855 5087 certe
2908 5034 3115 5087 duabus
3178 5035 3423 5102 personis

1852 5126 2226 5180 distribuimus
2289 5126 2417 5195 (non
2447 5127 2589 5179 enim
2625 5127 2819 5195 duplex
2845 5136 2928 5181 est
2983 5142 3122 5180 unus
3174 5136 3227 5179 et
3273 5128 3420 5181 solus

1849 5217 2121 5281 Christus,
2150 5218 2360 5272 etiamsi
2391 5233 2455 5271 ex
2490 5219 2695 5271 duabus
2722 5228 2775 5271 et
2801 5218 3032 5273 diversis
3070 5219 3225 5273 rebus
3265 5219 3420 5273 intel-

1849 5310 2042 5375 ligatur
2078 5309 2129 5362 in
2155 5312 2409 5363 unitatem
2432 5310 2808 5364 indivisibilem
2838 5312 3173 5365 coadunatus
3196 5328 3211 5375 ;
3238 5326 3421 5379 quem-

1845 5402 2130 5455 admodum
2191 5404 2397 5461 scilicet
2446 5413 2497 5457 et
2528 5404 2685 5459 homo
2726 5419 2792 5458 ex
2818 5406 2994 5458 anima
3025 5405 3339 5475 intelligitur
3366 5416 3421 5458 et

1240 5622 1410 5677 Varia:
1438 5620 1693 5677 lectiones
1720 5635 1783 5673 cx
1817 5621 2000 5675 codice
2034 5622 2399 5692 Segnieriano.

248 5837 273 5877 δ
310 5833 637 5907 προσώποις
675 5826 848 5893 δυσὶν,
1006 5834 1027 5863 ε
1059 5822 1306 5895 Υἰδνριαὶ
1342 5817 1797 5890 ἐκλαμῆάνεσθιι.
1864 5817 1889 5857 ἀ
1926 5818 1996 5880 ὡς
2024 5836 2130 5883 τις.
2202 5830 2223 5858 ⁸
2258 5821 2317 5873 οὐ
2349 5822 2661 5884 διιστάντες.
2709 5819 2729 5859 ί
2756 5821 2814 5873 οὺ
2854 5820 2964 5875 δύο.
3048 5822 3071 5860 3
3109 5822 3391 5891 ῥημάτων.
