4104 6492
667 424 776 482 339

1661 424 1719 480 S.
1763 423 2034 482 CYBILLI
2074 423 2545 480 ALEXANDRINI
2583 423 2906 482 ARClllEP.

3831 419 3940 473 διο

671 556 919 612 corpore,
951 550 1006 598 et
1041 557 1146 599 non
1171 542 1389 614 duplex,
1421 543 1516 600 sed
1549 546 1720 615 magis
1757 560 1897 600 unus
1948 544 2032 616 (ex
2085 546 2249 599 utris-

2353 545 2686 600 ὑποστάσεσι
2724 549 2898 607 δυσιν,
2920 541 3044 596 οὔτε
3070 539 3177 613 μὴν
3206 539 3521 612 προσώποις
3538 537 3659 591 δυσὶ
3689 549 3941 605 καταμε-

669 635 819 705 que),
844 636 938 692 sed
975 637 1241 693 humanas
1272 647 1323 691 et
1353 637 1564 693 divinas
1591 653 1807 707 quoque
1831 639 1899 692 ab
1937 654 2045 693 uno
2075 637 2248 692 dictas

669 736 791 782 esse
815 729 1217 795 cognoscimus,
1236 738 1383 785 recte
1408 729 1702 797 sapientes.
1731 729 1958 795 Quando
1989 730 2161 793 enim,
2185 738 2244 783 ut

671 816 838 870 Deum
871 818 1045 884 decet,
1078 820 1146 876 de
1175 835 1234 876 se
1260 820 1498 891 loquitur
1534 837 1550 873 :
1580 838 1602 874 ι
1638 819 1738 886 Qui
1777 821 1910 874 vidit
1954 835 2060 887 me,
2115 820 2250 874 vidit

669 918 726 963 et
780 908 1003 967 Patrem
1028 913 1109 979 "’;
1149 932 1169 966 ι
1227 922 1333 969 et:
1406 932 1426 967 ι
1468 914 1579 985 Ego
1638 922 1695 968 et
1753 912 1910 968 Pater
1955 929 2119 967 unum
2152 928 2246 967 su-

672 999 883 1068 mus“;
918 1018 941 1056 ι
984 1001 1220 1057 divinam
1259 1003 1431 1074 ipsius
1455 1002 1856 1060 etineﬂ‘abilem
1892 1002 2250 1073 intelligimus

673 1098 946 1161 naturam,
978 1095 1273 1149 secundum
1307 1111 1471 1164 quam
1513 1105 1595 1151 est
1647 1095 1828 1150 Patris
1881 1095 1985 1160 sui,
2027 1104 2250 1165 propter

669 1184 1008 1240 identitatem
1042 1186 1380 1251 substantia,
1419 1197 1475 1242 et
1533 1189 1706 1259 imago
1753 1198 1806 1243 et
1862 1187 2146 1242 character
2196 1196 2250 1241 et

671 1277 926 1346 splendor
951 1278 1134 1350 gloriae
1165 1279 1332 1350 ipsius
1351 1282 1418 1336 ⁸ί.
1439 1282 1598 1351 172
1616 1282 1836 1348 Quando
1858 1290 2037 1334 autem
2056 1281 2248 1334 huma-

670 1369 862 1425 nitatis
885 1385 1194 1430 mensuram
1222 1375 1519 1429 observans
1536 1375 1732 1430 Judaeis
1762 1376 2031 1444 loquitur:
2057 1394 2074 1426 ι
2100 1373 2249 1430 Nunc

670 1469 851 1516 autem
888 1476 976 1518 me
1005 1465 1246 1532 queritis
1278 1466 1534 1520 occidere
1565 1468 1864 1532 hominem,
1924 1466 2012 1534 qui
2050 1464 2250 1519 verita-

673 1563 780 1608 tem
814 1553 968 1610 vobis
995 1555 1207 1613 locutus
1254 1572 1373 1614 sum
1426 1558 1502 1625 ⁸¹;
1549 1579 1567 1611 ι
1629 1576 1844 1613 rursum
1905 1558 2253 1614 nihilominus

671 1646 846 1715 ipsum
875 1649 927 1703 in
959 1650 1274 1718 aequalitate
1341 1659 1398 1707 et
1444 1652 1800 1707 similitudine
1858 1650 2034 1706 Patris
2083 1650 2251 1705 Deum

670 1739 930 1807 Verbum,
970 1753 1026 1798 et
1049 1758 1113 1797 ex
1138 1743 1498 1798 humanitatis
1536 1759 1646 1799 suae
1691 1745 1963 1798 mensuris
1998 1742 2254 1809 agnosci-

669 1848 814 1888 mus.
843 1831 979 1888 Nam
1014 1835 1057 1888 si
1089 1835 1463 1890 necessarium
1491 1845 1576 1891 est
1638 1837 1863 1891 credere
1907 1836 2052 1905 quod
2112 1834 2253 1889 Deus

2352 637 2577 710 ρίζομεν
2597 655 2610 667 ·
2645 637 2706 690 οὐ
2747 637 2856 708 γάρ
2892 636 3010 689 ἐστι
3064 635 3287 698 διπλοῦς
3315 635 3343 686 ὁ
3368 627 3452 695 εἷς
3481 631 3577 686 καὶ
3613 630 3770 700 μόνος
3801 629 3943 699 Χρι-

2351 733 2497 795 στὸς,
2519 729 2623 784 κάν
2640 730 2705 783 ὲκ
2735 728 3029 798 δύονοῆται
3054 727 3149 781 καὶ
3182 726 3456 798 διαφόρων
3483 722 3827 796 πραγμάτων
3855 723 3944 783 είς

2351 824 2580 895 ἑνότητα
2624 824 2720 895 τὴν
2782 821 3073 893 ἀμέριστον
3135 817 3626 888 συνενηνεγμένος·
3682 813 3944 882 καθάπερ

2348 916 2542 987 ἀμέλει
2571 916 2664 968 καὶ
2685 914 2972 987 ἄνθρωπος
2995 915 3060 966 ὲκ
3084 912 3260 984 ψυχῆς
3280 913 3480 965 νοεῖται
3522 909 3618 962 καὶ
3652 907 3939 977 σώματος’

2350 1010 2445 1062 καὶ
2469 1008 2529 1062 οὑ
2574 1006 2798 1070 διπλοῦς
2831 1005 3052 1077 μᾶλλον,
3101 1004 3220 1059 ἀλλ’
3256 999 3381 1067 εἷςὶι
3419 1002 3479 1066 ἐξ
3510 1001 3711 1072 ἀμφοῖν
3734 1015 3747 1028 ·
3801 996 3947 1051 ἀλλὰ

2347 1101 2446 1165 τάς
2478 1117 2536 1153 τε
2569 1100 2938 1171 ἀνθρωπίνας,
2987 1098 3081 1151 καὶ
3118 1097 3258 1168 πρός
3300 1113 3365 1164 γε
3399 1093 3574 1162 τούτῳ
3611 1092 3711 1155 τάς
3748 1089 3948 1152 θεῖκάς

2350 1194 2479 1263 παρ’
2519 1191 2639 1255 ἐνὸς
2671 1190 2944 1262 εἰρῆσθαι,
2969 1187 3360 1259 διακεισόμεθα
3385 1184 3708 1257 φρονοῦντες
3738 1181 3941 1253 ὀρθῶς.

2352 1286 2521 1339 Ὅταν
2565 1284 2661 1355 μὲν
2701 1283 2809 1354 γὰρ
2847 1281 3166 1354 θεοπρεπῶς
3208 1281 3342 1352 λέγῃ
3390 1278 3519 1348 περὶ
3547 1275 3742 1330 ἑαυτοῦ
3775 1293 3788 1305 ·
3835 1293 3854 1324 ‹
3881 1273 3944 1325 '0

2351 1377 2610 1450 ἑωρακὼς
2658 1376 2783 1447 ἐμὲ,
2829 1374 3044 1446 ἑώρακε
3075 1374 3168 1428 τὸν
3200 1373 3423 1443 Πατέρα
3444 1386 3457 1399 ·
3481 1389 3499 1421 ›
3549 1369 3644 1423 καὶ
3665 1407 3683 1434 ,
3744 1385 3762 1419 t
3796 1364 3947 1434 Ἐγὼ

2351 1473 2446 1525 καὶ
2470 1473 2498 1524 ὁ
2531 1469 2719 1541 Πατὴρ
2751 1469 2809 1521 έν
2849 1469 3050 1538 ὲσμεν·
3080 1487 3097 1519 ι
3127 1467 3227 1538 τὴν
3263 1465 3410 1519 θείαν
3444 1462 3610 1516 αὑτοῦ
3638 1460 3732 1515 καὶ
3760 1458 3947 1531 ἀπόρο

2355 1567 2516 1636 ρητον
2557 1561 2843 1632 ἐννοοῦμεν
2888 1559 3072 1631 φύσιν,
3120 1559 3242 1613 καθ’
3293 1558 3360 1628 ἦν
3419 1559 3539 1609 ἐστι
3579 1557 3596 1596 ί
3653 1553 3791 1625 πρὸς
3846 1551 3949 1606 τὸν

2353 1655 2574 1726 Πατέρα
2618 1654 2710 1706 τὸν
2753 1652 2947 1707 ἑαυτοῦ
2995 1651 3081 1705 διὰ
3130 1652 3227 1722 τὴν
3271 1647 3709 1720 ταυτότητα’τῆς
3754 1643 3950 1707 οὐσίας

2353 1747 2519 1801 είκών
2559 1763 2620 1814 τε
2650 1746 2744 1799 καὶ
2779 1743 3086 1815 χαρακτὴρ,
3121 1743 3217 1795 καὶ
3264 1740 3611 1809 ἀπαύγασμα
3648 1738 3746 1808 τῆς
3781 1735 3950 1806 δόξης

2354 1839 2722 1896 αὑτοῦ.”οταν
2768 1837 2826 1892 δὲ
2873 1836 2934 1890 τὸ
2967 1837 3067 1906 τῆς
3114 1835 3538 1907 ἀνθρωπότητος
3593 1831 3793 1902 μέτρον
3842 1829 3952 1881 οὐκ

670 1929 940 1985 exsistens
983 1937 1176 1985 natura
1229 1931 1430 1987 factum
1466 1941 1550 1985 est
1591 1947 1757 1996 caro,
1803 1935 1906 1986 hoc
1947 1940 2033 1986 est
2064 1931 2244 1993 homo,

2353 1933 2656 2007 ἀτιμάζων,
2709 1935 2824 1995 τοῖς
2868 1931 3144 1993 Ἰουδαίοις
3191 1927 3504 2000 προσλαλῇ·
3562 1944 3580 1977 ι
3608 1923 3724 1978 Νῦν
3765 1922 3823 1976 δέ
3875 1938 3948 1992 με

670 2030 835 2070 carne
872 2016 1111 2072 animata
1145 2019 1327 2074 anima
1359 2018 1613 2074 rationali
1651 2037 1662 2072 :
1703 2021 1950 2089 quamam
1983 2021 2119 2076 ratio
2172 2019 2253 2074 le-

671 2117 776 2173 rat,
801 2116 859 2162 ut
887 2109 1010 2178 quis
1031 2126 1191 2167 voces
1216 2113 1334 2181 ejus
1387 2111 1699 2177 erubescat,
1740 2113 1786 2167 si
1817 2113 1970 2168 facta:
1998 2121 2123 2168 sunt
2159 2113 2250 2168 bo-

671 2197 801 2254 mini
835 2202 1228 2271 cougruentesi
1254 2203 1390 2257 Nam
1419 2202 1464 2258 si
1495 2213 1766 2273 respueret
1833 2218 2113 2259 sermones
2156 2205 2248 2272 qui

671 2287 981 2345 hominibus
1005 2302 1336 2360 congruunt,
1367 2293 1489 2362 quis
1525 2293 1788 2361 compulit
1818 2303 1874 2345 ιιι
1905 2295 2064 2348 homo
2095 2292 2251 2348 ﬁeret

667 2379 862 2435 similis
881 2381 1076 2437 nobis?
1121 2383 1222 2451 Qui
1253 2393 1434 2438 autem
1468 2400 1526 2438 se
1557 2383 1777 2437 demisit
1810 2398 2034 2454 prepter
2066 2401 2165 2439 nos
2191 2386 2246 2439 in

667 2474 1027 2529 voluntariam
1051 2477 1502 2542 exinanitionem,
1532 2487 1753 2547 propter
1798 2493 1960 2547 quam
2024 2492 2245 2532 causam

670 2577 950 2636 respueret
979 2583 1262 2625 sermones
1293 2583 1408 2624 sua:
1435 2571 1802 2626 exinanitioni
1832 2569 2251 2625 convenientes?

670 2658 837 2728 igitur
861 2660 952 2714 uni
986 2676 1232 2731 personat
1252 2675 1442 2718 omnes
1476 2663 1713 2716 vocesin
1757 2660 2084 2732 Evangeliis,
2121 2661 2252 2715 sub-

668 2751 953 2818 sistentiaz,
991 2753 1237 2824 inquam,
1272 2755 1365 2808 uni
1398 2752 1563 2809 Verbi
1619 2752 1887 2808 incarnati
1947 2753 2251 2808 tribuenda:

670 2851 795 2899 sunt
849 2843 1132 2916 (Dominus
1165 2847 1311 2901 enim
1371 2861 1512 2901 unus
1547 2845 1706 2902 Jesus
1741 2844 2016 2909 Christus,
2058 2859 2252 2899 secun-

670 2936 794 2989 dum
824 2931 1180 3006 Scripturas).
1221 2935 1411 3007 lgitur,
1438 2947 1702 3006 quantum
1731 2950 1794 2990 ex
1821 2950 1933 3002 iam
1971 2944 2096 2990 ante
2122 2936 2252 2990 scri-

671 3027 798 3096 ptis,
829 3043 932 3083 non
967 3028 1245 3097 ignorasse
1293 3027 1752 3097 deprehendimur
1770 3027 2250 3096 dispensationem,

669 3129 725 3172 et
755 3135 880 3174 suas
915 3121 1198 3189 utriusque
1221 3130 1430 3177 natura;
1461 3124 1752 3187 voces,sed
1785 3124 1966 3192 potius
2000 3136 2105 3175 non
2129 3135 2250 3190 per-

2354 2026 2566 2097 ζητεῖτε
2594 2023 2914 2077 ἀποκτεῖναι
2973 2019 3279 2090 ἄνθρωπον,
3317 2018 3375 2081 ὃς
3406 2017 3506 2087 τὴν
3532 2014 3788 2086 ἀλήθειαν
3815 2013 3952 2082 ὑμῖν

2352 2111 2628 2186 λελάληκα
2655 2132 2670 2147 ο
2708 2133 2726 2166 ι
2765 2114 2928 2168 πάλιν
2957 2111 3108 2164 οὐδὲν
3141 2105 3305 2182 ἦττον
3335 2107 3496 2162 αὑτὸν
3526 2107 3618 2160 τὸν
3651 2107 3708 2159 ὲν
3736 2103 3953 2171 ίσότητί

2351 2226 2411 2262 τε
2443 2208 2535 2262 καὶ
2558 2206 2838 2277 ὁμοιότητι
2865 2201 2960 2258 τοῦ
2989 2201 3202 2273 [ἰατρὸς
3234 2200 3367 2254 Θεὸν
3397 2199 3588 2267 Λόγον,
3613 2198 3707 2250 καὶ
3737 2198 3802 2248 ὲκ
3834 2195 3949 2248 τῶν

2353 2302 2451 2370 τῆς
2481 2298 2901 2368 ἀνθρωπότητος
2935 2293 3100 2347 αὑτοῦ
3132 2291 3347 2363 μέτρων
3388 2286 3847 2357 ὲπιγινώσκομεν.
3883 2285 3950 2336 Εἰ

2354 2391 2462 2461 γάρ
2494 2390 2643 2442 ἐστιν
2691 2389 2988 2456 ἀναγκαῖον
3035 2384 3097 2438 τὸ
3138 2382 3437 2446 πιστεύειν,
3470 2382 3552 2435 ὅτι
3581 2379 3711 2442 Θεὸς
3738 2377 3813 2432 ὢν
3847 2376 3955 2446 φύ-

2356 2500 2468 2548 σει,
2521 2482 2718 2551 γέγονε
2766 2477 2938 2550 σὰρξ,
2992 2479 3160 2549 ἤγουν
3213 2469 3954 2544 ἀνθρωπος,ὲμψυχωμένης

2353 2575 2498 2645 ψυχῇ
2530 2574 2722 2644 λογικῇ
2757 2572 2858 2642 τῆς
2897 2569 3098 2640 σαρκός
3121 2584 3134 2598 ·
3172 2564 3361 2621 ποῖονὶ
3423 2566 3488 2619 ἂν
3533 2565 3645 2634 ἔχοι
3694 2563 3849 2630 λόγον
3883 2560 3953 2613 τὸ

2354 2664 2775 2737 ὲπαισχύνεσθαί
2792 2681 2912 2717 τινα
2931 2664 3052 2726 ταῖς
3069 2662 3200 2733 παρ’
3217 2659 3382 2714 αὑτοῦ
3407 2660 3631 2728 φωναῖς,
3653 2657 3701 2708 εί
3717 2653 3952 2725 γεγόνα-

2357 2777 2440 2813 σιν
2466 2756 2984 2830 ἀνθρωποπρεπῶς;
3021 2754 3084 2808 Εί
3119 2753 3228 2824 γὰρ
3261 2754 3560 2824 παρῃτεῖτο
3583 2751 3707 2811 τοὺς
3735 2745 3954 2816 ἀνθρώ-

2357 2868 2445 2921 πῳ
2472 2852 2780 2922 πρέποντας
2802 2848 3014 2916 λόγους,
3039 2846 3120 2910 τίς
3145 2849 3170 2898 ό
3193 2846 3511 2913 ἀναγκάσας
3533 2840 3786 2912 γενέσθαι
3812 2839 3920 2892 καθ
3943 2836 3958 2856 ⁹

2355 2945 2503 3014 ἡμᾶς
2546 2941 2874 3013 ἀνθρωπον;
2919 2940 2976 2993 Ὀ
3007 2939 3063 2992 δὲ
3099 2937 3288 3000 καθεὶς
3335 2937 3525 2990 ἑαυτὸν
3574 2934 3641 2987 δι’
3674 2934 3820 3003 ἡμᾶς
3867 2934 3956 2995 εἰς

2357 3036 2604 3090 ἑκούσιον
2657 3034 2908 3098 κένωσιν,
2940 3031 3028 3086 διὰ
3076 3032 3238 3083 ποίαν
3295 3029 3480 3084 αἰτίαν
3532 3028 3830 3098 παρῃτεῖτο
3881 3025 3956 3078 ἂν

2355 3134 2483 3196 τοὺς
2527 3133 2592 3200 τῇ
2628 3126 2857 3181 κενώσει
2906 3125 3216 3197 πρέποντας
3246 3121 3480 3190 λόγους;
3523 3120 3636 3173 'Ev‘t
3658 3117 3958 3188 τοιγαροῦν

670 3213 888 3268 mittere
941 3214 1289 3280 animalibus,
1350 3225 1402 3269 et
1449 3215 1699 3284 spiritum
1746 3232 1850 3270 non
1897 3214 2249 3278 habentibus,

2368 3223 2644 3296 προσώπῳ
2677 3219 2777 3282 τάς
2811 3221 2868 3271 ὲν
2900 3219 3014 3281 τοῖς
3048 3214 3401 3284 Εὑαγγελίοις
3441 3212 3622 3276 πάσας
3658 3210 3957 3264 ἀναθετέον

670 3307 808 3361 duos
829 3307 1073 3377 cogitare
1100 3307 1184 3362 vel
1209 3308 1389 3363 dicere
1417 3308 1603 3373 Filios,
1639 3309 1712 3362 ita
1743 3318 1802 3361 ut
1826 3309 2070 3361 dividant
2102 3309 2246 3361 inter

670 3413 730 3453 se
775 3398 1160 3454 subsistentias
1211 3409 1330 3469 post
1369 3401 1692 3455 indivulsam
1754 3401 2074 3455 unitionem.
2131 3399 2241 3453 Sed

668 3489 798 3560 quia
833 3505 1022 3559 parum
1055 3490 1184 3561 quid
1209 3506 1274 3546 ex
1336 3502 1521 3547 nostra
1583 3492 1812 3562 epistola
1846 3499 2148 3560 posuerunt
2196 3491 2248 3543 in

671 3581 945 3651 principio
1004 3597 1225 3638 suorum
1295 3597 1634 3649 sermonum,
1664 3592 1721 3637 et
1775 3582 2246 3645 minanturnobis,

670 3675 814 3740 quod
854 3673 908 3727 in
944 3681 1187 3744 tempore
1211 3675 1714 3745 siutredarguturi,
1774 3676 1926 3746 quasi
1981 3690 2085 3729 non
2139 3689 2252 3728 me-

670 3764 928 3820 diocriter
962 3767 1367 3834 peccaverimus
1393 3767 1445 3822 in
1472 3767 1708 3822 Verbum
1736 3784 1801 3822 ex
1829 3768 1937 3823 Deo
1969 3767 2134 3821 Patre
2155 3808 2170 3832 ,
2197 3779 2252 3823 et

669 3857 1066 3913 incrementum
1097 3872 1161 3912 ac
1187 3859 1612 3926 profectum,qui
1643 3859 1710 3912 ad
1741 3874 1961 3914 carnem
1992 3859 2248 3930 pertinet,

669 3959 878 4006 natura:
908 3951 1075 4017 ipsius
1103 3949 1552 4020 iusipientissime
1601 3951 2004 4006 tribuerimus:
2049 3966 2150 4022 age
2198 3960 2254 4006 et

669 4045 737 4099 ad
765 4044 868 4099 hoc
883 4042 1266 4099 convenientia
1290 4042 1558 4107 dicamus,
1594 4041 1897 4110 adiiciendo
1928 4051 2096 4098 totam
2124 4044 2244 4112 epi-

669 4135 823 4188 stolae
857 4143 1086 4202 partem.
1139 4131 1245 4201 ipsi
1305 4134 1450 4188 enim
1498 4141 1801 4188 metuentes
1847 4135 2157 4200 veritatem,
2196 4142 2254 4190 et

670 4226 947 4280 auditores
990 4223 1260 4290 fallentes,
1315 4234 1520 4292 partem
1567 4225 1858 4294 quamdam
1929 4237 2247 4294 posuerunt,

669 4334 788 4374 eam
816 4331 937 4379 qua;
967 4317 1097 4386 ipsis
1133 4316 1424 4371 utilissima
1460 4331 1582 4372 esse
1626 4316 1909 4371 videbatur
1928 4317 1994 4370 ad
2031 4318 2155 4384 hoc,
2193 4327 2254 4374 ιιι

672 4411 796 4465 inde
855 4417 1074 4479 possent
1103 4421 1168 4462 ac
1191 4407 1505 4463 viderentur
1528 4409 1675 4479 juste
1700 4409 1998 4463 calumnias
2044 4410 2095 4463 in
2152 4426 2250 4466 nos

669 4514 908 4558 struere.
942 4501 1120 4555 Habet
1143 4509 1326 4556 autem
1349 4502 1427 4556 sic
1477 4503 1619 4571 quod
1666 4503 1871 4557 dictum
1917 4512 2045 4560 est:
2083 4504 2149 4558 Et
2204 4504 2249 4558 si

2355 3318 2557 3391 φωνὰς,
2591 3311 2887 3367 ὑποστάσει
2918 3310 3108 3380 μιᾷμτῇ
3140 3307 3234 3360 τοῦ
3259 3305 3434 3375 Λόγου
3459 3302 3858 3377 σεσαρκωμένῃ
3887 3302 3914 3340 ιι
3937 3319 3953 3332 ·

2353 3412 2556 3480 Κύριος
2589 3405 2698 3476 γὰρ
2729 3397 2810 3466 εἷς
2843 3401 3050 3472 Ἰησοῦς
3076 3397 3373 3471 Χριστδςι,
3399 3397 3539 3452 κατά
3566 3397 3665 3460 τάς
3701 3395 3955 3467 Γραφάς.

2353 3503 2563 3560 Οὐκοῦν
2599 3500 2726 3563 ώςπι
2759 3497 2867 3552 ἀπό
2899 3512 2963 3566 γε
2991 3493 3100 3548 τῶν
3132 3493 3233 3564 ἤδη
3263 3490 3774 3564 προγεγραμμένων
3795 3529 3810 3551 ,
3847 3488 3960 3541 οῦκ

2350 3595 2681 3668 ἠγνοηκότες
2735 3592 2833 3661 μὲν
2873 3587 3193 3658 ἁλωσόμεθα
3221 3587 3322 3658 τὴν
3352 3587 3686 3655 οἰκονομίαν,
3719 3581 3814 3634 καὶ
3846 3580 3958 3651 τὴν

2353 3691 2558 3762 ἑκάστῃ
2612 3685 2773 3756 φύσει
2836 3681 3154 3754 πρέπουσαν
3204 3677 3407 3749 φωνὴν,
3457 3677 3556 3731 οὐκ
3601 3673 3844 3743 ἐφιέντες
3897 3672 3959 3725 δὲ

2355 3782 2555 3853 μᾶλλον
2609 3781 2724 3841 τοῖς
2768 3776 3040 3847 ψυχικοῖς,
3068 3772 3163 3825 καὶ
3193 3772 3412 3840 πνεῦμα
3459 3770 3534 3838 μὴ
3570 3767 3772 3838 ἔχουσι,
3808 3769 3960 3856 νοεῖν

2352 3874 2445 3929 δύο
2470 3873 2642 3935 υἱοὺς,
2676 3871 2708 3940 ἢ
2741 3870 2945 3937 λέγειν,
2977 3863 3321 3936 διαιροῦντας
3371 3859 3622 3930 ἀλλήλων
3669 3858 3766 3922 τάς
3810 3859 3957 3911 ὑπο-

2354 3965 2574 4027 στάσεις
2625 3960 2763 4033 μετὰ
2801 3959 2898 4030 τὴν
2942 3957 3357 4011 ἀδιάσπαστονη
3387 3949 3842 4018 ἒνωσιν.“Επειδὴ
3893 3948 3959 4002 δὲ

2355 4057 2526 4128 βραχύ
2579 4073 2633 4107 τι
2685 4053 2850 4124 μέρος
2883 4049 3141 4112 λαϐόντες
3192 4047 3252 4113 ἐξ
3303 4046 3582 4118 ἡμετέρας
3630 4041 3956 4110 ἐπιστολῆς,

2351 4147 2661 4200 τεθείκασιν
2715 4146 2771 4196 ὲν
2820 4143 2962 4214 ἀρχῇ
3013 4139 3121 4194 τῶν
3176 4138 3321 4192 ίδίων
3372 4135 3567 4205 λόγων,
3597 4131 3960 4196 ἀπειλοῦντες

2353 4239 2500 4308 ἡμᾶς
2532 4236 2626 4289 ἐπὶ
2655 4233 2847 4302 καιροῦ
2882 4231 3200 4302 διελέγχειν,
3225 4229 3302 4292 ὡς
3329 4228 3391 4282 οὐ
3429 4226 3665 4299 μετρίως
3694 4226 3961 4295 ἡμαρτη-

2352 4330 2514 4392 κότας
2545 4329 2624 4390 είς
2657 4325 2749 4378 τὸν
2795 4327 2858 4377 ἐκ
2896 4323 3031 4377 Θεοῦ
3070 4321 3281 4393 ΙΙατρὸς
3314 4319 3506 4388 Λόγον,
3539 4318 3632 4370 καὶ
3665 4320 3730 4387 τῇ
3779 4316 3957 4369 αὑτοῦ

2352 4417 2509 4488 φύσει
2538 4417 2634 4488 τὴν
2661 4417 2726 4484 τῇ
2759 4414 2923 4483 σαρκὶ
2955 4413 3275 4482 πρέπουσαν
3312 4407 3542 4479 αὔξησίν
3582 4424 3639 4460 τε
3674 4407 3767 4460 καὶ
3809 4423 3959 4477 προ-

2353 4503 2527 4573 κοπὴν
2557 4501 2896 4556 ἀϐουλότατα
2921 4499 3469 4570 προσνενεμηκόταςο
3515 4497 3648 4568 φέρε
3678 4495 3773 4549 καὶ
3810 4497 3962 4565 πρός

669 4595 908 4650 audieris
952 4594 1092 4664 quod
1130 4593 1604 4663 profeceritJesus
1638 4604 1800 4649 aetate
1822 4605 1875 4648 et
1899 4596 2164 4666 sapientia
2192 4607 2246 4652 et

2353 4613 2410 4664 γε
2442 4596 2615 4648 ταῦτα
2653 4593 2721 4647 τὰ
2768 4593 2956 4646 εἰκότα
2995 4591 3265 4660 λέγοιμεν,
3302 4591 3419 4643 ὅλον
3458 4587 3796 4657 παραθέντες
3847 4587 3959 4657 τῆς

669 4687 842 4758 gratia
875 4685 941 4749 ⁸³,
980 4700 1047 4739 ne
1070 4693 1227 4752 putes
1280 4683 1516 4739 Verbum
1583 4684 1676 4740 Dei
1742 4687 1960 4755 sapiens
2005 4686 2248 4756 profectu

669 4779 919 4833 allectum
936 4792 1076 4832 esse.
1113 4776 1561 4833 Commemorabo
1583 4785 1760 4831 autem
1795 4780 1984 4848 magis,
2013 4779 2153 4848 quod
2174 4779 2255 4834 sic

672 4871 886 4924 divinus
937 4868 1137 4924 Paulus
1185 4869 1468 4937 scripserit
1507 4884 1518 4920 :
1561 4885 1579 4918 ι
1615 4867 1865 4924 Christus
1915 4870 2009 4924 Dei
2056 4871 2249 4935 virtus,

671 4975 726 5019 et
762 4963 852 5019 Dei
881 4961 1142 5031 sapientia
1173 4960 1240 5014 “.
1286 4979 1305 5013 ι
1347 4959 1531 5029 Neque
1565 4976 1753 5015 rursus
1783 4962 1909 5016 illud
1972 4966 2252 5032 nugaciter

672 5055 820 5108 ausis
851 5052 1053 5117 dicere,
1079 5051 1219 5120 quod
1244 5051 1509 5120 prolicere
1544 5053 1596 5106 in
1615 5063 1773 5106 aztate
1805 5053 2162 5122 etsapientia,
2197 5063 2250 5108 et

675 5145 871 5216 gratia,
903 5143 1103 5197 homini
1135 5143 1493 5198 attribuamus
1528 5162 1540 5198 :
1573 5143 1675 5199 hoc
1713 5143 1867 5214 173
1886 5144 2115 5208 enim,ut
2146 5146 2252 5212 opi-

677 5253 797 5298 nor,
832 5235 966 5289 nihil
991 5234 1134 5288 aliud
1165 5244 1270 5296 est,
1302 5249 1462 5302 quam
1516 5233 1757 5289 dividere
1812 5235 1863 5288 in
1908 5235 2043 5288 duos
2089 5252 2250 5288 unum

674 5327 948 5381 Christum
980 5343 995 5381 :
1027 5328 1145 5391 sed,
1164 5325 1303 5379 sicut
1328 5325 1486 5394 paulo
1513 5335 1638 5380 ante
1676 5327 1811 5393 dixi,
1835 5324 2024 5394 Filius,
2049 5326 2138 5397 qui
2171 5337 2254 5380 est

743 5487 787 5517 ⁷⁸
818 5485 971 5540 loau.
1005 5499 1116 5548 xrv,
1145 5482 1197 5536 9.
1275 5483 1320 5513 ⁸ο
1351 5481 1503 5548 Joan,
1533 5499 1565 5537 ιι
1615 5486 1702 5539 30.
1777 5483 1820 5514 ⁸⁸
1848 5484 2011 5538 llehr.
2045 5500 2081 5550 ι,
2115 5485 2169 5538 5.

2355 4687 2646 4755 ἐπιστολῆς
2670 4687 2729 4739 τὸ
2763 4685 2946 4756 μέρος.
2983 4684 3288 4745 Δεδοικότες
3310 4692 3335 4719 ο
3363 4683 3470 4753 γὰρ
3505 4683 3659 4734 αὐτοὶ
3683 4681 3785 4750 τὴν
3813 4678 3962 4751 ἀλή-

2355 4776 2527 4840 θειαν,
2558 4778 2652 4830 καὶ
2683 4775 3123 4847 συναρπάζοντες
3169 4775 3296 4837 τοὺς
3345 4771 3750 4842 ἀκροωμένους,
3782 4770 3960 4840 μέρος

2352 4886 2406 4920 τι
2435 4869 2769 4931 τεθείκασιν,
2803 4869 2939 4938 ὅπερ
2973 4866 3154 4928 αὐτοῖς
3198 4865 3370 4916 ἐδόκει
3405 4862 3834 4934 χρειωδέστατον
3871 4860 3959 4916 εἷ·-

2362 4977 2443 5012 θαι
2478 4960 2612 5029 πρὸς
2633 4961 2695 5011 τὸ
2724 4959 2984 5012 δύνασθαί
3020 4976 3080 5011 τε
3124 4959 3263 5010 καὶρ
3300 4957 3403 5027 μὴν
3436 4957 3530 5009 καὶ
3567 4955 3746 5008 δοκεῖν
3788 4955 3954 5010 εὐλό-

2357 5060 2529 5118 γουςει
2560 5051 2656 5113 τὰς
2687 5048 2809 5100 καθ’
2837 5047 2994 5119 ἡμῶν
3021 5046 3289 5101 ποιεῖσθαι
3321 5045 3682 5113 συκοφαντίας
3702 5060 3716 5073 ⁸
3753 5043 3871 5114 ἔχει
3896 5045 3956 5099 δὲ

2359 5142 2532 5203 οὕτως
2569 5141 2628 5192 τὸ
2667 5141 2958 5211 εἰρημένον
2984 5156 2996 5169 ’
3035 5140 3153 5193 Κάν
3188 5139 3448 5210 ἀκούσῃς,
3477 5140 3557 5190 ὅτι
3604 5136 3955 5206 προέκοπτεν

2359 5237 2385 5286 ὁ
2424 5233 2628 5303 Ἰησοῦς
2675 5233 2877 5305 ἡλικίᾳ,
2915 5233 3006 5286 καὶ
3058 5234 3238 5301 σοφίᾳ,
3272 5232 3367 5284 καὶ
3411 5231 3611 5300 χάριτι,
3656 5231 3731 5300 μὴ
3779 5233 3955 5301 σοφὸν

2360 5327 2418 5392 ἐξ
2453 5327 2742 5388 ἐπιδόσεως
2772 5325 2998 5396 νομίσῃς
3032 5324 3281 5393 γενέσθαι
3315 5324 3406 5376 τὸν
3434 5321 3526 5375 τοῦ
3562 5321 3696 5374 Θεοῦ
3732 5323 3913 5392 Λόγον
3937 5342 3950 5354 ·

2249 5485 2292 5515 ⁸¹
2329 5483 2484 5539 Joan.
2526 5501 2638 5546 \‘lll,
2671 5485 2759 5539 40.
2838 5484 2882 5516 ⁸³
2911 5482 3038 5538 Luc.
3076 5499 3134 5550 ιι,
3159 5481 3247 5540 52.
3323 5481 3369 5513 ⁸⁸
3401 5481 3563 5537 lCor.
3604 5500 3637 5543 ι,
3673 5481 3765 5535 Ξ-ί.

1745 5640 1914 5693 \‘arisr.
1942 5641 2200 5696 lcctioues
2232 5657 2296 5695 ex
2333 5641 2515 5696 codice
2549 5641 2919 5712 Seguieriauo.

1095 5799 1292 5870 μᾶλλον
1322 5797 1437 5852 ἀλλ’
1459 5792 1560 5860 εἷς.

1135 5879 1170 5901 ⁸
1199 5871 1288 5923 καὶ
1321 5871 1414 5934 ὡς.

759 5795 788 5838 δ
812 5798 1050 5862 διπλοῦς,

694 5867 715 5912 ι
741 5873 772 5927 ὸ
805 5871 1058 5943 Χριστός.

1648 5799 1661 5838 ἱ
1703 5799 1824 5852 καθ’
1852 5801 1919 5869 ἣν
1951 5801 2043 5853 καὶ
2070 5799 2128 5852 ἓν
2159 5801 2294 5853 ἐστι.

1496 5881 1520 5908 τ’
1551 5869 1902 5924 ἀδιάστατον.
1987 5878 2011 5905 °
2035 5872 2286 5935 δεδιότες.

2385 5812 2398 5849 ι
2439 5800 2833 5869 ἐμψυχωμένος
2874 5799 3028 5873 ψυχῇ
3063 5799 3277 5873 λογγχῇ,
3357 5795 3382 5837 ι
3418 5800 3878 5873 σεσαρκωμενου.

2373 5883 2398 5922 ιι
2432 5872 2517 5929 Ic.
2560 5873 2671 5926 vati.
2752 5881 2779 5922 τί
2803 5871 3065 5941 εὐδοκεῖ-λ,
3098 5871 3354 5940 εὐλόγως.
