4104 6490
175 604 263 658 σίου
285 607 530 664 Παῦλουο
577 634 599 702 ι
632 617 882 689 Χριστὸς
908 604 1327 702 Θεοῦὶδῦναμις,
1361 635 1452 698 καὶ
1482 636 1616 690 Θεοῦ
1647 657 1733 693 σοι·

167 696 263 799 ρέα.
344 702 502 774 Μηδὲ
542 701 613 760 αῦ
651 709 834 766 ἐκεῖνο
866 715 1158 788 φληνάφως
1209 696 1489 797 τολμήσῄς
1517 730 1689 783 εἰπεῖν
1713 773 1728 800 ,

161 788 230 891 ὅτι
263 791 318 843 τὸ
339 796 682 864 προκόπτειν
710 803 768 854 ὲν
794 804 980 880 ἡλικίᾳ
1008 826 1063 862 τε
1086 813 1177 865 καὶ
1201 788 1381 886 σοφία,
1413 788 1504 872 ἕᾴι
1527 788 1727 893 χάριτι,

268 883 547 958 ἀνθρώπῳ
567 878 1141 967 προσάψομενίτοῦτο
1187 878 1296 977 γάρ
1334 878 1722 982 ’ἐστιν,ὀῖὶιαι,

151 970 370 1070 ἕτερον’
407 977 585 1046 οὐδὲν,
618 982 652 1051 ἢ
698 984 895 1040 διελεῖν
935 991 1014 1055 είς
1061 992 1154 1046 δύο
1323 997 1416 1050 ἕνα
1453 970 1725 1070 Χριστόνί

147 1061 485 1157 αλλ⁹ὦσπερ
519 1071 657 1143 ἔφην
686 1076 907 1144 ἀρτίως,
943 1086 1264 1152 προσιώνιος
1312 1089 1388 1142 ὢν
1433 1094 1460 1144 6
1496 1061 1639 1157 Ῠὶὺς,
1670 1096 1729 1148 ὲν

144 1153 399 1223 ἐσχάτοις
423 1161 519 1214 τοῦ
560 1165 750 1230 αἰῶνος
775 1176 984 1242 καιροῖς
1011 1179 1089 1239 εις
1131 1178 1257 1231 Υίὸν
1300 1181 1532 1251 ὡρίσθαι
1575 1185 1725 1252 λέγεν

141 1258 227 1295 ται
261 1245 428 1313 Θεοῦ,
464 1250 564 1320 τῆς
594 1254 728 1320 ιδίας
773 1262 972 1331 σαρκὸς
1014 1265 1113 1336 τὴν
1142 1268 1394 1338 γέννησιν
1424 1274 1725 1344 οἰκειούμε-

138 1345 227 1392 νος
255 1333 625 1406 οἰκονομικῶς
650 1357 664 1372 °
691 1344 833 1397 οὕτω
881 1350 975 1401 καὶ
1022 1352 1281 1425 ὑπάρχων
1311 1359 1472 1428 σοφία
1500 1362 1594 1414 τοῦ
1631 1380 1724 1431 γε-

134 1426 500 1496 γεννηκότος,
547 1435 877 1505 προκόπτειν
933 1445 990 1495 ὲν
1043 1447 1204 1517 σοφίᾳ
1255 1449 1493 1518 λέγεται,
1545 1457 1722 1511 καίτοι

132 1518 460 1584 παντέλειος
491 1521 568 1576 ὣν
617 1526 691 1592 ὡς
725 1529 877 1598 Θεὸς,
907 1535 973 1588 τὰ
1022 1541 1121 1610 τῆς
1167 1541 1585 1616 ἀνθρωπὸτητος
1616 1551 1724 1603 ἴδια

249 1610 356 1682 τὴν
400 1616 481 1679 εἰς
525 1617 691 1692 ἄκρον
729 1621 923 1678 ἕνωσιν
949 1630 1026 1692 εἰς
1053 1605 1244 1686 ἑαυτὸν
1270 1605 1494 1700 εἰκότως
1521 1605 1720 1696 ἀναλαι

129 1697 435 1758 6ών.Ἀνθ’
465 1709 587 1763 ὅτου
621 1713 682 1783 δὴ
729 1711 820 1769 οὖν
865 1718 996 1773 Θεοῦ
1044 1723 1322 1793 λέγοντος,
1361 1748 1378 1780 ι
1416 1697 1604 1804 κρῖμα
1640 1736 1721 1789 δί-

127 1807 294 1892 καιον
324 1797 571 1869 κρίνατε,
613 1824 632 1856 ι
659 1809 1115 1879 παραλογίζονται
1139 1817 1237 1890 τὴν
1261 1797 1554 1892 ἀλήθειανξ
1584 1826 1720 1880 Οὔτε

123 1883 236 1954 γὰρ
269 1892 542 1963 μερισμὸν
581 1897 691 1950 τῶν
718 1900 1068 1960 ὑποστάσεων
1108 1883 1245 1978 μετὰ
1404 1883 1596 1969 ἕνωσιν
1623 1919 1712 1972 δο-

122 1980 499 2054 γματίζομεν,
535 1988 658 2044 οὔτε
703 1993 802 2065 τὴν
831 1996 925 2066 τῆς
952 1998 1217 2071 Θεότητος
1233 2003 1394 2072 φύσιν
1435 2006 1716 2078 αὐξήσεως

121 2085 179 2166 τε
211 2071 316 2123 καὶ
335 2083 618 2151 προκοπῆς
649 2084 931 2155 δεδεῆσθαι
955 2109 1136 2162 φαμεν
1161 2109 1173 2122 ⁸
1205 2071 1380 2150 ὲιιεῖνο
1399 2098 1454 2150 δὲ
1482 2071 1712 2166 μᾶλλονι

120 2158 201 2210 ὅτι
252 2167 380 2217 κατ’
412 2169 686 2226 οῑκείωσιν
717 2179 1066 2253 οἰκονομικὴν
1097 2185 1288 2239 ἑαυτοῦ
1322 2189 1617 2259 πεποίηται
1647 2191 1714 2245 τὰ

121 2250 231 2304 [δια
258 2253 364 2324 τῆς
399 2262 622 2331 σαρκὸς,
654 2266 759 2330 ὼς(
791 2270 922 2341 σὰρξ
952 2275 1212 2343 γεγονὼς,
1240 2296 1258 2328 ι
1288 2279 1426 2331 κατά
1448 2282 1547 2343 τὰς
1570 2281 1714 2351 Γρα-

121 2345 385 2414 φὰς.”οτι
410 2353 466 2407 δὲ
502 2360 568 2428 τῇ
598 2361 773 2432 τοιᾷδε
817 2365 996 2419 πίστει
1020 2385 1080 2421 τε
1113 2371 1205 2423 καὶ
1232 2371 1358 2444 δόξῃ

123 2439 400 2510 παραθεὶς
445 2447 527 2511 εἰς
595 2453 1042 2530 ιιιληροφόρπιισιν⁸

124 2553 232 2607 μης
270 2539 553 2598 Ἀττικοῦ·
590 2547 704 2618 ἔχει
731 2552 791 2604 δὲ
819 2554 990 2620 οὕτως
1021 2573 1039 2590 ο

238 2659 505 2717 Ἀττικοῦ
531 2664 869 2726 ἐπισκόπου
888 2676 1601 2754 Κωνσταντινουπόλεως.

193 2767 452 2842 Σήμερον
481 2775 720 2847 Χριστὸς
750 2782 779 2834 6
806 2784 1083 2859 Δεσπότης
1114 2791 1213 2862 τὴν
1257 2796 1358 2864 τῆς
1410 2799 1714 2872 φιλανθρω-

761 413 1296 478 APOLOGETICUS
1334 425 1470 480 PRO
1509 426 1602 483 XII
1642 428 2014 491 CAPITIBUS
2058 437 2335 496 CONTRA
2377 443 2836 504 ORIENTALES.

1113 539 1272 607 φότος
1297 541 1396 596 ὡδὶ
1423 545 1516 598 τοῦ
1541 545 1706 601 θεσπε

1839 562 1965 609 ante
1987 558 2203 624 saecula,
2239 560 2291 613 in
2328 564 2640 620 novissimis
2706 566 2888 622 saeculi
2943 568 3274 639 temporibus
3349 575 3399 626 in

3297 454 3403 510 36‘2

1834 643 2027 700 Filium
2062 647 2153 701 Dei
2183 652 2594 719 prmdestinatus
2626 672 2746 712 csse
2786 657 2984 714 dicitur
3007 659 3075 727 δ’,
3120 676 3230 715 suae
3279 676 3399 718 car-

1832 735 1918 791 nis
1940 740 2273 795 nativitatem
2308 744 2410 799 sibi
2473 749 2831 816 approprians
2868 751 3251 820 dispensative.
3310 753 3402 805 Sic

1830 836 1884 882 et
1913 831 2177 887 exsistens
2211 835 2474 903 sapientia
2518 838 2656 905 ejus,
2691 842 2780 909 qui
2818 843 3023 910 genuit,
3058 845 3322 914 prolicere
3348 845 3397 896 in

1831 920 2092 990 sapientia
2132 925 2351 992 dicitur,
2391 933 2638 996 quamvis
2681 933 3109 1000 perfectissimus
3167 939 3258 1000 sit,
3309 945 3393 988 ut-

1830 1022 1954 1080 pote
1990 1013 2148 1081 Deus,
2176 1017 2303 1072 dum
2337 1021 2689 1080 humanitatis
2716 1028 3072 1095 proprietates
3125 1041 3223 1096 per
3248 1043 3396 1080 sum-

1827 1118 1970 1158 mam
2001 1108 2296 1164 unitionem
2328 1111 2380 1165 in
2412 1126 2474 1168 se
2532 1118 2920 1172 convenienter
2983 1118 3243 1189 suscepit.
3289 1119 3401 1172 Cur

1827 1208 1955 1264 ergo
1983 1211 2104 1250 cum
2159 1198 2300 1256 Deus
2357 1201 2503 1258 dicat
2540 1219 2555 1259 :
2593 1223 2612 1257 ‹
2645 1204 2912 1261 Iudicium
2938 1206 3141 1276 justum
3197 1208 3401 1276 judica-

1829 1295 1881 1340 te
1918 1286 1995 1340 ⁸⁶ε
2040 1307 2058 1340 ι
2087 1291 2372 1347 veritatem
2402 1293 2553 1351 falsis
2584 1297 2887 1354 rationibus
2909 1300 3263 1355 adur‘nbrant?
3287 1299 3397 1355 Ne-r

1827 1391 1930 1445 que
1955 1380 2096 1433 enim
2134 1384 2482 1450 partitionem
2517 1389 2991 1443 subsistentiarum
3041 1397 3164 1458 post
3201 1390 3399 1444 unitio-

1829 1482 1950 1524 nem
1981 1471 2425 1542 dogmatizamus,
2475 1491 2650 1547 neque
2700 1478 2926 1535 Deitatis
2982 1489 3232 1534 naturam
3295 1495 3398 1534 au-

1829 1571 2050 1628 gmento
2068 1571 2120 1618 et
2149 1563 2391 1632 profectu
2415 1583 2551 1636 opus
2578 1569 2831 1624 habuisse
2860 1571 3123 1636 dicimus;
3145 1571 3235 1626 sed
3265 1571 3396 1626 illud

1824 1652 2022 1719 potius,
2057 1658 2200 1722 quod
2229 1660 2526 1714 secundum
2553 1659 2974 1730 dispensativam
3004 1661 3396 1732 appropriatio-

1824 1758 1946 1797 nem
2008 1736 2135 1802 suas
2173 1747 2368 1804 fecerit
2428 1751 2612 1806 carnis
2664 1753 3049 1822 proprietates,
3122 1768 3186 1808 eo
3226 1755 3393 1822 quod,

1829 1851 1848 1883 ι
1879 1835 2108 1893 Verbum
2134 1854 2262 1896 caro
2282 1841 2481 1896 factum
2516 1852 2653 1909 est,»
2681 1846 2974 1900 secundum
3002 1844 3393 1915 Scripturas‘".

1753 1900 1794 1954 Β
1823 1926 1973 1991 Quod
2004 1940 2182 1985 autem
2215 1932 2308 1988 tali
2335 1932 2458 1989 ﬁdei
2517 1945 2572 1989 et
2601 1935 2842 2004 opinioni
2879 1937 3043 1991 etiam
3080 1944 3391 1991 sanctorum

1826 2018 2048 2076 Patrum
2082 2025 2336 2080 concinat
2361 2026 2584 2093 chorus,
2624 2028 2916 2083 ostendere
2945 2029 3222 2082 attentabo
3261 2025 3396 2093 adji-

1819 2110 1966 2165 ciens
1998 2116 2064 2166 ad
2096 2115 2355 2183 majorem
2393 2119 2799 2184 certitudinem,
2833 2130 3040 2189 partem
3101 2119 3396 2174 enarratio-

1822 2201 1904 2255 nis
1932 2203 2058 2257 olim
2090 2208 2157 2260 ab
2185 2210 2364 2266 Attico
2391 2211 2565 2266 beatae
2592 2213 2870 2267 memoriae
2920 2212 3180 2283 episcopo
3212 2209 3395 2266 facta.

1819 2289 1893 2345 Ea
1933 2294 2012 2348 sic
2046 2297 2207 2351 habet
2250 2318 2264 2353 :

1409 2373 1501 2426 καὶ
1564 2376 1592 2427 6
1635 2380 1741 2433 τῶν
1779 2387 1951 2454 ἁγίων
1985 2392 2244 2464 Πατέρων
2303 2396 2515 2467 συνᾴδει
2541 2397 2721 2467 χορὸς,
2750 2396 3011 2460 ἐπιδεῖξαι
3037 2395 3390 2466 πειράσομαι.

1051 2507 1064 2530 ,
1105 2463 1416 2535 ἐξηγήσεως
1482 2465 1667 2536 μέρος.
1705 2480 2005 2551 γενομένης
2034 2463 2176 2539 κατὰ
2240 2463 2468 2559 καιροῦς
2692 2489 2787 2542 τοῦ
2817 2492 2918 2560 τῆς
2947 2463 3224 2560 μακαρίας
3255 2463 3394 2556 μνή-

2107 2689 2265 2743 Altici
2291 2691 2515 2761 episcopi
2533 2689 3124 2758 Constantinopolitani.

1886 2799 2055 2855 Hodie
2074 2801 2334 2858 Dominus
2362 2804 2613 2860 Christus
2635 2802 2986 2872 benignitatis
3046 2805 3386 2861 nativitatem

126 2860 254 2925 πίας
287 2865 548 2934 γέννησιν
585 2871 895 2939 ἀνεδέξατο’
924 2879 1022 2950 τὴν
1053 2860 1291 2957 γὰρντῆς
1313 2860 1513 2962 ἰθεῖιξῆς
1555 2860 1712 2959 ἀξίας

1816 2891 2067 2960 suscepit.
2101 2891 2234 2946 Nam
2283 2896 2578 2950 secundum
2649 2896 2793 2951 illam
2855 2897 3050 2952 divinae
3105 2897 3386 2967 dignitatis

125 2954 511 3025 προϋπῆρχεν.
553 2957 685 3015 Εἶτα
713 2965 923 3032 τούτοις
973 2954 1461 3045 ἐπιφέρει-πάλινο
1499 2983 1555 3037 '0
1610 2989 1712 3057 τῆς

1816 2985 1958 3050 prius
1975 2994 2112 3039 erat.
2149 2987 2352 3042 Deinde
2379 2987 2482 3045 illis
2513 2989 2709 3044 iterum
2732 2993 2974 3045 annectit
3009 3010 3024 3046 :
3069 2992 3388 3044 Humanita-

127 3041 544 3116 φιλανθρωπίας
593 3053 768 3121 Λόγος
797 3059 1067 3129 κενοῦται,
1101 3067 1370 3133 ὰκένωτος
1407 3075 1505 3144 τὴν
1549 3078 1710 3145 φύσιν

1816 3075 1878 3129 Lis
1927 3076 2157 3131 Verbum
2203 3080 2547 3153 'exinauitur,
2593 3092 2784 3137 natura
2862 3096 2968 3136 non
3049 3080 3380 3136 exinanibile

127 3132 422 3241 Ῠπάρχωνο
469 3140 734 3198 ιἙαυτὸν
779 3149 887 3220 γὰρ
945 3153 1202 3220 ὲκένωσε,
1260 3132 1475 3234 μορφὴν
1521 3132 1705 3222 δούλου

1816 3167 2100 3222 exsistcns.
2138 3188 2155 3220 ι
2195 3169 2443 3239 Seipsum
2472 3175 2614 3227 enim
2645 3174 2964 3241 exinanivit,
2989 3172 3218 3229 formam
3240 3175 3384 3227 servi

125 3223 322 3283 λαϐὼν.
364 3250 383 3280 ι
417 3229 474 3285 '0
511 3233 754 3308 ἄσαρκος
783 3240 869 3294 διὰ
905 3244 961 3297 σὲ
1002 3223 1444 3317 σαρκοῦταιίιίό
1473 3258 1580 3329 γὰρ
1612 3261 1712 3314 Λό-

1816 3257 2089 3325 accipieus
2118 3259 2185 3314 ⁸⁸.
2225 3279 2243 3310 ι
2279 3261 2379 3328 Qui
2408 3263 2589 3317 carnis
2612 3277 2806 3330 expers
2837 3272 2942 3328 est,
2974 3272 3193 3332 propter
3226 3271 3276 3316 te
3307 3265 3393 3316 in-

127 3333 214 3422 γος
248 3320 392 3392 σὰρξ
419 3324 668 3392 ἐγένετο⁹
703 3331 814 3418 ι”Ο
831 3335 940 3408 ἁφῇ
964 3338 1038 3408 μὴ
1070 3339 1390 3398 ὑποπίπτων
1413 3320 1500 3402 δια
1530 3320 1589 3405 τὸ
1610 3352 1711 3422 τῆς

128 3409 336 3475 φύσεως
368 3414 677 3486 ἀσώματον,
699 3414 1036 3493 ψηλαφᾶται.
1060 3432 1115 3484 Ὀ
1139 3433 1393 3506 ἄναρχος,
1409 3439 1512 3492 ὑπὸ
1536 3409 1708 3515 ἀρχήν

128 3501 329 3565 γίνεται
391 3513 740 3580 σωματικήν·
798 3517 826 3568 6
872 3517 1072 3583 τέλειος
1120 3523 1308 3590 αὔξειο
1367 3531 1395 3581 ὁ
1441 3532 1708 3602 ἄτρεπτος

128 3594 427 3659 προκόπτει
495 3600 523 3650 ὁ
542 3599 816 3669 πλούσιος,
834 3607 891 3659 ἐν
918 3611 1261 3684 καταλύματι
1291 3617 1526 3686 γίνεται·
1550 3627 1578 3676 6
1613 3643 1710 3677 πε-

128 3686 394 3752 ριόάλλων
427 3689 520 3743 τὸν
551 3694 779 3763 οὐρανὸν
799 3699 856 3751 ὲν
895 3702 1164 3771 νεφέλαις,
1201 3713 1608 3780 σπαργανοῦται
1631 3734 1644 3748 ·
1677 3716 1706 3768 ὁ

129 3775 397 3844 βασιλεὺς,
440 3782 500 3834 ὲν
527 3785 701 3858 φάτνῃ
736 3789 964 3848 τίθεται.

191 3957 312 4010 Ὀτι
359 3958 418 4012 δὲ
461 3960 690 4032 διαιρεῖν
718 3965 816 4029 τὰς
852 3968 1177 4038 ὑποστάσεις
1208 3978 1344 4046 μετὰ
1377 3980 1476 4052 τὴν
1511 3983 1704 4038 ἕνωσιν

124 4049 216 4101 οὐκ
267 4051 656 4122 ἀπλημμελὲς,
695 4058 895 4127 μᾶλλον
933 4062 989 4116 δὲ
1034 4049 1450 4138 ἀνατρεπόντων
1495 4075 1610 4129 ἐστὶ
1643 4079 1703 4131 τὸ

127 4144 320 4197 σεπτὸν
359 4147 460 4216 τῆς
506 4149 968 4222 ὲνανθρωπήσεως
1004 4161 1324 4230 μυστήριον,
1357 4165 1508 4220 οὐδὲν
1538 4164 1702 4240 ἧττον

124 4235 402 4305 εὲσὸμεθα,
437 4240 551 4301 τοῖς
600 4239 1016 4311 ἐντεταγμένοις
1046 4248 1466 4319 ἐντυγχάνοντες
1518 4235 1702 4327 ρἦοῖς

135 4325 350 4381 Ἰουλίου
405 4343 465 4380 τε
517 4331 612 4381 καὶ
660 4331 912 4402 Φήλικος,
945 4336 1052 4388 τῶν
1085 4325 1530 4414 ἀφηγησαμένων
1561 4325 1700 4404 atati

125 4418 346 4490 καιροὺς
377 4418 481 4489 τῆς
514 4421 802 4490 Ῥωμαίων
837 4424 1181 4497 Ἐκκλησίας.

451 4535 713 4590 Ἰουλίου
752 4537 1088 4596 ἐπισκόπου
1130 4543 1376 4616 Ῥώμης.

188 4648 545 4720 κηρύσσεται
583 4649 639 4705 δὲ
680 4653 759 4714 είς
789 4653 1179 4726 συμπλήρωσιν
1208 4660 1307 4729 τῆς
1340 4663 1577 4728 πίστεως
1606 4669 1700 4722 καὶ

125 4740 428 4809 σαρκωθεὶς
447 4741 512 4791 ὲκ
542 4739 821 4810 Παρθένου
845 4745 1063 4815 Μαρίας
1090 4749 1116 4798 6
1144 4749 1236 4801 τοῦ
1267 4750 1402 4804 Θεοῦ
1431 4753 1578 4819 Υἱὸς,
1605 4760 1700 4812 καὶ

125 4832 406 4902 σκῃνὼσας
455 4834 514 4885 ὲν
560 4834 888 4904 ἀνθρώποις,
923 4840 1020 4893 οὐκ
1067 4842 1124 4894 ἐν
1171 4843 1444 4916 ἀνθρώπῳ
1477 4851 1701 4922 ἐνεργής-

127 4943 247 4990 ως·
275 4927 437 4979 τοῦτο
476 4927 585 4997 γὰρ
615 4929 708 4981 ἐπὶ
743 4933 1035 5003 προφητῶν
1065 4935 1179 4989 ἐστι
1227 4940 1320 4991 καὶ
1346 4940 1660 4997 ἀποστόλων
1680 4962 1692 4975 ο

126 5020 317 5082 τέλειος
340 5020 474 5082 Θεὸς
496 5023 554 5072 ἐν
583 5024 764 5092 σαρκὶ,
792 5026 887 5076 καὶ
917 5025 1200 5098 ἅνθρωπος
1231 5032 1434 5097 τέλειος
1456 5037 1509 5088 ἐν
1535 5037 1698 5090 πνεύ-

133 5130 284 5180 pars
331 5115 392 5167 οὐ
444 5113 536 5167 δύο
594 5115 720 5178 υἱοὶ,
755 5112 833 5179 εἷς
874 5120 974 5189 μὲν
1008 5123 1227 5190 γνήσιος
1257 5124 1384 5188 Υἱὸς
1411 5127 1699 5182 ἀναλαϐὼν

131 5205 422 5275 ἄνθρωπον,
456 5205 643 5276 ἕτερος
693 5207 749 5259 δὲ
794 5208 983 5279 θνητὸς
1036 5212 1320 5285 ἄνθρωπος
1368 5218 1697 5289 ἀναληφθεὶς

136 5295 230 5346 ὑπὸ
256 5295 410 5361 Θεοῦ,
442 5296 556 5349 ἀλλ’
592 5293 672 5358 εἷς
713 5299 741 5349 ὁ
777 5302 1070 5373 μονογενὴς
1110 5304 1168 5354 ἐν
1199 5305 1432 5378 οὐρανῷ,
1469 5310 1561 5363 καὶ
1596 5329 1695 5381 μο-

137 5389 342 5458 νογενὴς
377 5390 471 5442 ἐπὶ
497 5391 599 5461 τῆς
629 5393 733 5462 γῆς
755 5392 904 5455 Θεὸς.

199 5547 243 5578 ⁸³
272 5549 418 5607 Roth.
453 5568 488 5620 ι,
525 5553 575 5606 4.

1727 4507 1782 4566 D

657 5554 703 5582 “‘3
733 5553 884 5607 Deut.
923 5569 975 5614 ι.
1018 5553 1100 5610 16.
1178 5555 1411 5612 ".Joan.
1453 5575 1493 5622 ι,
1531 5559 1609 5613 li.
1689 5562 1734 5593 ⁸⁸
1765 5561 1994 5632 Philipp.
2031 5581 2090 5630 ιι,
2121 5565 2174 5622 6.

1814 3360 2071 3402 carpatur
2098 3369 2110 3405 :
2141 3369 2158 3400 ι
2199 3349 2432 3406 Verbum
2460 3352 2603 3408 enim
2635 3368 2764 3408 caro
2792 3352 2993 3408 factum
3018 3363 3101 3409 est
3131 3352 3199 3419 δ’,
3246 3371 3265 3404 ι
3293 3354 3384 3422 qui

1815 3441 1976 3493 tactui
2005 3456 2108 3494 non
2137 3442 2447 3510 subiacebat
2477 3446 3078 3514 propterincorpoream
3106 3454 3382 3506 naturam,

1813 3527 2081 3597 palpatur.
2115 3530 2214 3597 Qui
2248 3534 2365 3588 sine
2398 3535 2665 3604 principio
2690 3545 2794 3602 est,
2836 3535 2936 3590 sub
2965 3533 3234 3604 principio
3264 3548 3386 3586 cor-

1811 3633 1974 3686 poreo
1999 3619 2092 3674 fuit
2117 3639 2130 3688 ;
2166 3623 2252 3691 qui
2279 3624 2550 3692 perfectus
2568 3635 2671 3690 est,
2691 3627 2927 3690 crescit;
2952 3626 3042 3694 qui
3075 3635 3158 3680 est
3187 3625 3398 3678 imum--

1810 3708 2009 3772 tabilis,
2031 3713 2276 3779 prolicit;
2299 3716 2390 3785 qui
2411 3717 2562 3771 dives
2586 3726 2687 3780 est,
2718 3716 2770 3770 in
2793 3716 3093 3771 diversorio
3119 3715 3380 3779 nascitur;

1809 3797 1903 3867 qui
1936 3802 2112 3868 aperit
2141 3803 2336 3859 coelum
2371 3806 2423 3859 in
2458 3806 2688 3860 nubibus
2720 3806 2789 3873 ’°,
2819 3806 3014 3874 pannis
3037 3803 3330 3860 involvitur
3361 3821 3378 3866 ;

1808 3889 1902 3959 qui
1936 3905 2025 3946 rex
2055 3903 2160 3958 est,
2193 3896 2412 3962 ponitur
2437 3897 2489 3950 in
2521 3897 2810 3966 praesepio.

1878 3981 1947 4037 At
1972 3985 2112 4051 quod
2137 3993 2259 4054 post
2300 3987 2600 4042 unitiunem
2659 3988 3047 4046 subsistentias
3106 3987 3378 4053 dividere,

1807 4075 2004 4130 delicto
2038 4090 2143 4129 non
2168 4087 2369 4142 careat,
2400 4090 2454 4132 et
2477 4078 2548 4132 sit
2572 4079 2749 4146 potius
2776 4081 3095 4137 subvertere
3116 4097 3390 4139 veneram

1806 4167 2342 4222 dumiucarnationis
2389 4180 2819 4238 sacramentum,
2879 4173 3229 4229 nihilominus
3284 4189 3389 4228 co-

1807 4273 2154 4326 gnoscemus,
2195 4259 2435 4329 legentes
2466 4263 2764 4316 sententias
2791 4261 2915 4319 Julii
2943 4274 2997 4321 et
3040 4264 3258 4332 Felicis,
3290 4265 3393 4334 qui

1805 4350 1931 4406 olim
1956 4351 2211 4407 Romamn
2237 4351 2492 4410 Ecclesiae
2528 4355 2878 4425 praefuerunt.

2254 4567 2390 4622 Julii
2431 4572 2657 4640 episc0pi
2678 4571 2919 4627 Romani.

1876 4679 1956 4733 Ad
1991 4678 2113 4733 ﬁdei
2132 4681 2515 4750 plenitudinem
2532 4681 2622 4736 Dei
2653 4683 2817 4738 Filius
2843 4698 2910 4738 ex
2952 4683 3121 4738 Maria
3152 4685 3384 4756 Virgine

1807 4771 2119 4826 incarnatus
2170 4774 2528 4841 praedicatur;
2595 4773 2756 4845 174
2800 4776 2892 4842 qui
2951 4776 3094 4830 inter
3128 4777 3379 4832 homines

1806 4868 2064 4924 moratus,
2105 4876 2210 4914 non
2246 4862 2474 4932 (potenti
2506 4864 2736 4929 quadam
2776 4864 2848 4931 vi)
2895 4864 2945 4917 iu
3001 4865 3218 4920 homine
3249 4881 3378 4936 0pc-

1805 4959 1952 5003 ratus
1976 4959 2057 5002 est
2095 4966 2106 5001 :
2139 4951 2239 5004 hoc
2266 4951 2408 5004 enim
2434 4953 2484 5004 in
2517 4951 2792 5019 prophetis
2811 4960 2864 5005 et
2897 4954 3156 5021 apostolis
3198 4955 3372 5010 locum

1807 5041 1983 5094 habet.
2010 5041 2100 5094 Est
2123 5050 2302 5094 autem
2337 5040 2608 5109 perfectus
2633 5043 2772 5097 Deus
2816 5043 2867 5096 in
2907 5059 3096 5112 carne,
3131 5053 3185 5101 et
3215 5049 3377 5103 homo

1805 5129 2069 5198 perfectus
2106 5133 2156 5185 in
2202 5133 2434 5201 spiritu:
2472 5149 2578 5189 non
2624 5135 2728 5189 duo
2782 5133 2897 5200 ﬁlii,
2963 5152 3106 5191 unus
3152 5139 3379 5210 quidem

1805 5238 2090 5290 germanus
2119 5223 2304 5288 Filius,
2338 5227 2426 5292 qui
2468 5228 2707 5296 suscepit
2731 5227 3027 5292 hominem,
3053 5229 3194 5282 alter
3247 5247 3376 5286 vero

1806 5314 1961 5366 homo
1988 5317 2233 5369 mortalis
2267 5332 2293 5369 a
2331 5317 2437 5370 Deo
2471 5331 2779 5388 assumptus
2807 5336 2822 5372 :
2850 5322 2942 5374 sed
3009 5338 3149 5377 unus
3189 5325 3375 5395 unige-

1805 5406 1947 5460 uitus
1972 5407 2021 5459 in
2053 5405 2214 5474 cwlo,
2244 5418 2295 5461 et
2335 5410 2636 5478 unigenitus
2669 5411 2718 5465 in
2752 5422 2889 5466 terra
2927 5411 3082 5465 Deus.

2260 5569 2301 5600 ⁸⁸³
2332 5566 2488 5623 Joan.
2525 5586 2558 5634 ι,
2596 5573 2675 5625 Η.
2752 5573 2796 5605 ⁹⁰
2823 5573 2962 5628 Psal.
3001 5589 3180 5640 cxm,
3211 5572 3265 5630 8.

1183 5693 1358 5749 Varia:
1390 5697 1646 5756 lectiones
1673 5717 1736 5756 ex
1765 5704 1948 5761 codice
1974 5704 2347 5776 chuicriano.

200 5834 220 5867 ⁸
248 5821 408 5902 οἶμαι,
448 5830 544 5888 καὶ
570 5832 782 5906 ἕτερον.
864 5839 884 5868 ⁸
923 5835 1014 5888 καὶ
1053 5833 1435 5906 πληροφορίαν.
