4106 6464
190 392 280 452 545

780 398 1308 461 APOLOGETICUS
1346 406 1481 464 PRO
1516 404 1615 462 XII
1654 406 2019 466 CAPlTlBUS
2056 410 2335 467 CONTRA
2377 410 2831 469 ORIENTALES.

3314 412 3420 469 546

190 512 575 584 τοςἙπλήρου
617 518 905 588 τοιγαροῦν
959 521 1024 573 τὰ
1073 525 1379 593 παράδοξα’
1433 524 1592 579 τοῦτο
1648 524 1732 596 μὲι

1854 527 2033 583 Ιιοιιιο.
2062 528 2317 584 Faciebat
2348 529 2512 598 igitur
2542 529 2780 596 insolita,
2832 537 2945 582 tum
2991 529 3131 596 quod
3152 529 3418 582 damnantia

185 603 456 674 δαιμονίοις
503 607 795 678 ἐπιτιμῶν,
824 610 917 663 καὶ
968 614 1265 684 συντρίὸων
1309 617 1396 669 τὸν
1456 618 1735 671 Σατανᾶν·

187 697 323 750 τοῦτο
350 698 404 750 δὲ
431 698 659 767 τυφλοῖς
686 702 746 753 τὸ
774 703 888 771 φῶς
921 705 1110 769 ἐνιείς·
1145 710 1381 780 νεκροὺς,
1417 708 1647 763 ἁνιστῶν
1668 717 1695 757 7
1722 723 1736 739 ο

187 789 437 844 Θάλασσαν
468 792 863 863 ἀγριαίνουσαν
905 797 985 849 ἐνὶ
1014 801 1358 865 κατευνάζων
1387 804 1608 871 ῥήματι·
1637 802 1735 871 οὐχ

184 880 247 943 ὡς
273 880 552 949 ἄνθρωπόν
586 902 727 951 τινα,
758 889 853 942 καὶ
889 888 1073 959 ἕτερον
1103 891 1230 946 ὄντα
1261 894 1571 961 καταμόνας
1603 895 1736 965 Χρι-

184 971 312 1038 στὸν,
344 972 664 1038 δοξάζεσθαι
695 977 882 1043 ποιῶν,
902 981 1152 1053 καθάπερ
1169 983 1360 1051 ἀμέλει
1390 985 1480 1037 καὶ
1511 984 1605 1037 ἕνα
1629 984 1735 1037 τῶν

182 1064 334 1130 ἁγίων
376 1067 692 1137 προφητῶν,
736 1069 767 1140 ἢ
814 1070 941 1139 γοῦν
985 1073 1363 1128 ἀποστόλωνιο
1420 1075 1533 1129 ἀλλ’
1564 1075 1739 1146 ἐαυτῷ

182 1156 267 1223 τὴν
310 1155 462 1223 δόξαν
506 1163 1054 1233 πραγματευόμενος,
1091 1167 1176 1219 ἴνα
1214 1167 1365 1237 παρὰ
1398 1168 1615 1221 πάντων
1648 1186 1737 1221 πι-

184 1246 416 1317 στεύηται
461 1249 599 1314 Θεὸς
642 1250 719 1305 ὣν
759 1253 941 1321 φύσει,
973 1256 1068 1310 καὶ
1102 1258 1151 1309 εί
1182 1258 1403 1327 γέγονεν
1430 1259 1733 1329 ἄνθρωπος.

184 1332 275 1390 Ἦν
303 1334 391 1392 οὖν
419 1340 533 1411 ἄρα
576 1341 684 1394 τῶν
726 1344 1115 1399 ὲκτοπωτάτων
1164 1348 1493 1418 ἀνασχέσθαι
1536 1349 1738 1403 Νεστο-

181 1428 282 1497 ρίου
310 1429 557 1498 λέγοντος
578 1447 591 1459 ·
619 1433 810 1487 Κοιναὶ
840 1434 949 1505 γὰρ
980 1436 1036 1489 αί
1057 1436 1157 1507 τῆς
1187 1439 1414 1509 Τριὰδος
1442 1440 1733 1511 ἐνέργειαι,

179 1517 262 1569 καὶ
290 1518 475 1588 μόναις
501 1521 831 1577 ὑποστάσεσι
866 1524 965 1595 τὴν
989 1526 1251 1599 διαίρεσιν
1280 1528 1498 1601 ἔχουσαι
1523 1548 1535 1561 °
1566 1532 1736 1602 ἤγουν

177 1607 258 1661 τοῦ
282 1609 621 1679 Μονογενοῦς
652 1616 685 1685 ἡ
719 1614 928 1681 εὐδοξία
954 1618 1081 1671 ποτὲ
1119 1619 1217 1689 μὲν
1249 1620 1326 1691 τῷ
1375 1623 1549 1693 Πατρὶ
1576 1640 1733 1694 περιο

175 1697 349 1767 ἧπται,
366 1702 510 1755 νποτέ
538 1702 596 1756 δέ
622 1704 700 1775 τῷ
734 1707 1027 1778 Πνεῦματι,
1052 1711 1182 1763 ποτὲ
1206 1709 1261 1764 δέ
1290 1714 1355 1783 τῇ
1379 1711 1469 1764 τοῦ
1497 1713 1734 1783 Χριστοῦ

175 1788 457 1865 δυναστείᾳ.
492 1794 703 1849 Οὐκοῦν
752 1797 783 1868 ἢ
831 1798 1284 1869 δεικνύτωσαν,οἱ
1331 1804 1589 1875 ἐπιτιμᾷν
1619 1805 1735 1859 ἐθέ-

174 1879 357 1950 λοντες,
394 1886 582 1959 ἕτερον
613 1889 742 1960 ἡμῖν
775 1890 1008 1961 Χριστὸν
1041 1893 1145 1963 ἰδίᾳ
1178 1894 1267 1946 καὶ
1293 1894 1397 1948 ἀνὰ
1436 1897 1599 1967 μέρος
1629 1897 1733 1949 ὑπ·
1765 1880 1807 1934 Β

174 1972 388 2043 ἄρχοντα
444 1980 539 2031 καὶ
582 1981 901 2051 νοούμενον,
931 1975 983 2049 ᾧ
1020 1983 1117 2053 τὴν
1167 1984 1359 2037 ἑαυτοῦ
1416 1987 1733 2040 δυναστείαν

173 2065 421 2135 περιῆψεν
444 2072 473 2121 6
509 2073 803 2143 μονογενὴς
832 2073 927 2127 τοῦ
960 2072 1094 2128 Θεοῦ
1127 2075 1319 2144 Λόγος,
1346 2076 1421 2139 ὡς
1448 2077 1633 2149 ἕτερος
1657 2080 1733 2132 ὢν

172 2156 287 2227 παρ’
316 2159 472 2212 αὑτὸν
505 2161 687 2226 ίδικῶς
716 2165 744 2215 6
772 2164 894 2229 Υἱός
914 2182 927 2197 ·
958 2168 1050 2219 καὶ
1076 2166 1108 2238 ἢ
1134 2169 1223 2219 εί·
1251 2172 1323 2239 μή
1353 2171 1498 2223 ἐστιν
1522 2168 1730 2241 ἕτερος,

172 2253 252 2301 καὶ
282 2249 483 2320 ἔτερος,
514 2252 629 2306 ἀλλ’
657 2248 739 2317 εἷς
772 2272 831 2308 τε
861 2258 952 2309 καὶ
992 2259 1021 2310 6
1063 2259 1245 2325 αὐτὸς,
1282 2262 1373 2312 καὶ
1411 2262 1475 2315 ἐκ
1520 2262 1733 2334 Πατρδς

172 2342 463 2413 μονογενὴς,
495 2347 589 2399 καὶ
621 2348 880 2415 γυναικὸς
909 2347 1189 2418 ἄνθρωπος
1224 2352 1366 2404 κατὰ
1389 2353 1584 2422 σάρκα,
1614 2356 1731 2418 πῶς

167 2425 226 2501 ἦν
250 2433 534 2490 ἀκόλουθον
563 2437 777 2491 ἑλέσθαι
803 2440 979 2510 σιγᾷν,
1006 2442 1099 2494 καὶ
1132 2443 1252 2511 οὐχὶ
1274 2443 1338 2513 δὴ
1372 2444 1569 2512 μᾶλλον
1601 2445 1731 2497 ἀντ-

166 2526 482 2597 αναστῆναιδ
532 2528 694 2582 πάλιν
737 2531 838 2600 τῆς
884 2534 1140 2602 ἀληθείας
1184 2535 1282 2604 τὴν
1330 2534 1557 2604 δύναμιν
1623 2540 1731 2601 τοῖς

168 2618 283 2687 παρ’
320 2617 531 2675 ἐκείνου
586 2619 996 2693 βατταρισμοίς,
1026 2625 1133 2684 τῶν
1186 2627 1284 2693 τῆς
1332 2626 1614 2691 εὐσεϐείας
1646 2628 1732 2681 δοο

167 2711 370 2779 γμάτων
394 2711 456 2765 τὸ
478 2713 673 2777 κάλλος
703 2715 1180 2786 παρασημαίνουσι
1202 2735 1216 2783 ;
1242 2714 1349 2770 Ἦν
1379 2718 1478 2788 μέν
1501 2715 1593 2771 οὖν
1638 2721 1730 2772 καὶ

167 2796 265 2851 ἐστι
295 2798 421 2865 Θεὸς
447 2805 475 2856 6
512 2803 659 2868 Υἱός.
679 2804 896 2877 Ἐπειδὴ
923 2806 978 2859 δὲ
1010 2805 1153 2873 ἅπαξ
1176 2808 1235 2861 τὸ
1258 2811 1354 2879 τῆς
1378 2809 1731 2881 ἁνθρωπότη-

165 2902 243 2951 τος
286 2892 446 2945 ὑπέδυ
503 2894 720 2965 μέτρον,
760 2898 853 2950 καὶ⁵
902 2899 1041 2950 οὐκο
1093 2901 1400 2973 ἀπόϐλητον
1439 2904 1746 2973 ἐποιήσατο.

166 2978 249 3047 τὴν
274 2983 600 3053 οἰκονομίαν,
634 2988 891 3056 ὑπέμεινε
932 2989 987 3041 δὲ
1018 2991 1192 3044 πάντα
1229 2993 1315 3046 διὰ
1353 2993 1452 3064 τὴν
1500 2994 1729 3048 κένωσιν

168 3070 420 3128 ἐθελοντὶά
474 3077 543 3130 δι’
574 3080 720 3149 ημᾶς
742 3096 754 3109 ·
812 3080 985 3151 ταύτῃ
1017 3100 1119 3145 τοι,
1178 3084 1358 3138 καίτοι
1398 3086 1537 3137 κατὰ
1568 3085 1728 3154 φύσιν

168 3164 401 3237 ὑπάρχων
430 3166 566 3241 ζωὴ,
600 3171 979 3236 ζωοποιεῑσθαι
1009 3173 1224 3242 λέγεται
1273 3176 1424 3246 παρὰ
1472 3177 1566 3230 τοῦ
1613 3179 1728 3231 Πασ

166 3258 303 3327 τρόςο
336 3260 427 3315 καὶ
469 3263 570 3328 τῆς
601 3262 757 3333 δόξης
789 3264 992 3334 Κύριος
1029 3265 1125 3328 ὢν,
1161 3267 1319 3339 δόξαν
1366 3267 1587 3337 λέγεται
1630 3268 1728 3323 λα-

170 3347 283 3401 θεῖν.
302 3350 438 3421 Ἔφη
470 3351 603 3419 γοῦν
630 3353 659 3405 6
692 3353 936 3424 Ἐὅραίος
960 3356 1021 3420 ἐξ
1050 3356 1335 3426 Ἐϐραίων,
1362 3359 1391 3410 6
1413 3357 1728 3429 νομομαθὴς

168 3437 378 3507 ἀληθῶς,
414 3444 507 3496 καὶ
538 3446 603 3496 ἐκ
629 3446 800 3514 φυλῆς
832 3445 1116 3515 Βενιαμίν
1155 3465 1172 3498 ι
1202 3447 1409 3510 Παῦλος
1431 3448 1727 3513 ἀπόστολος

168 3528 252 3582 οὐκ
280 3532 366 3583 ἀπ’
404 3532 730 3603 ἀνθρώπων,
766 3535 884 3587 οὐδὲ
912 3535 976 3587 δι’
1001 3535 1309 3607 ἀνθρώπου,
1337 3538 1470 3591 ἀλλὰ
1498 3538 1585 3592 διὰ
1621 3540 1725 3609 Ἰη-

170 3620 248 3674 σοῦ
282 3624 540 3693 Χριστοῦ,
582 3626 676 3679 καὶ
717 3626 852 3680 Θεοῦ
892 3629 1124 3699 Πατρὸς,
1154 3628 1246 3683 τοῦ
1278 3631 1590 3700 ἐγείραντος
1629 3633 1728 3685 αὺ-

167 3710 242 3763 τὸν
264 3714 324 3766 ἐκ
358 3716 589 3785 νεκρῶν,
618 3716 711 3768 καὶ
740 3716 894 3781 δόξαν
924 3718 1072 3789 αὑτῷ
1100 3719 1299 3781 δόντος.
1338 3739 1355 3771 ι
1396 3720 1556 3774 Ἀλλά
1602 3721 1724 3775 καί·

167 3816 235 3853 τοι
271 3802 558 3874 λεγόμενος
610 3804 763 3871 δόξαν
801 3805 985 3859 λαϐεῖν
1033 3807 1183 3878 παρά
1227 3808 1321 3861 τοῦ
1374 3810 1605 3879 Πατρός,
1640 3810 1722 3863 διο

166 3890 365 3962 ήκοντος
409 3895 508 3950 τοῦ
556 3897 880 3969 πράγματος
934 3899 1026 3951 ἐπὶ
1074 3899 1133 3952 τὸ
1178 3900 1274 3970 τῆς
1300 3901 1723 3972 ἁνθρωπότητος

169 3983 357 4057 μέτρον,
382 3984 529 4043 οἶδεν
562 3990 749 4044 ἐαυτὸν
798 3990 1009 4060 ἔχοντα,
1040 3990 1175 4044 καθὸ
1221 3994 1422 4047 νοεῖται
1476 3994 1565 4046 καὶ
1606 3993 1723 4047 ἐστι

166 4075 297 4141 Θεὸς,
336 4080 395 4133 τὸ
441 4082 587 4149 ὑπὲρ
638 4082 810 4135 κτίσιν
858 4083 1243 4155 ἀξίωμα.”Εφη
1289 4084 1449 4152 γοῦν·
1489 4104 1507 4136 ι
1540 4087 1721 4139 Πάντα

169 4184 243 4236 μοι
272 4173 535 4244 παρεδόθη
564 4173 715 4243 παρὰ
737 4172 832 4227 τοῦ
864 4175 1074 4245 Πατρός
1109 4192 1210 4245 μου
1230 4192 1244 4206 θ
1275 4178 1368 4229 καὶ
1399 4176 1576 4240 οὐδεὶς
1601 4181 1722 4231 ἐπι-

166 4260 395 4325 γινώσκει
426 4265 515 4328 τίς
545 4267 693 4318 ἐστιν
719 4268 748 4319 6
777 4265 923 4330 Υἱὸς,
970 4267 1019 4318 ει
1064 4266 1140 4337 μὴ
1168 4270 1196 4321 6
1228 4269 1417 4340 Πατήρ
1440 4287 1451 4299 ·
1486 4270 1606 4324 οὐδὲ
1630 4272 1721 4324 τὸν

167 4351 356 4426 Πατέρα
385 4375 471 4422 τις
502 4358 856 4427 ἐπιγινώσκει
885 4360 967 4423 τίς
1005 4361 1174 4422 ἐστιν,
1205 4363 1254 4414 sl
1283 4362 1357 4433 μὴ
1392 4365 1419 4416 6
1442 4364 1589 4427 Υἱὸς,
1624 4366 1719 4417 καὶ

164 4434 201 4508 ᾧ
238 4445 296 4497 ἂν
319 4451 346 4501 6
374 4448 503 4513 Υίὸς
547 4450 891 4523 ἀποκαλύψῃ.
926 4470 943 4501 ι
982 4452 1118 4504 Ἀλλ’
1148 4450 1277 4516 ῐσως
1328 4456 1443 4524 ἐρεῖ
1483 4472 1566 4517 τις
1609 4456 1718 4509 τῶν

169 4534 611 4611 φιλομαθεστέρων
630 4556 645 4571 ’
696 4542 757 4594 Ei
804 4542 983 4596 πάντα
1014 4559 1095 4595 σοι
1125 4544 1396 4615 παρεδόθη
1444 4546 1597 4617 παρὰ
1626 4546 1718 4600 τοῦ
1751 4549 1796 4607 D

168 4622 365 4698 Πατρός,
390 4632 465 4696 ὡς
491 4631 645 4704 δόξης
674 4632 821 4703 δεδεη
832 4634 997 4705 μένῳ,
1026 4635 1120 4687 καί
1146 4635 1294 4688 δοτὸν
1320 4636 1462 4707 ἔχειν
1480 4636 1719 4706 ὀφείλον-

166 4732 209 4769 τι
238 4720 292 4774 τὸ
315 4724 451 4778 κατά
486 4723 700 4777 πάντων
717 4736 739 4764 θ
771 4726 970 4797 κράτος
998 4727 1084 4780 διὰ
1106 4727 1166 4780 τὸ
1192 4727 1531 4799 ἀνθρώπινον
1548 4746 1563 4760 ·
1599 4730 1717 4794 πῶς

167 4807 419 4879 ἀνέφικτον
443 4814 569 4874 ταῖς
612 4812 913 4885 ἀνθρώπων
944 4815 1203 4879 διανοίαις
1234 4811 1374 4868 εἶναι
1404 4816 1513 4884 φὴς
1547 4816 1607 4867 τὸ
1639 4816 1717 4868 εί-

166 4896 288 4954 δὲναι
328 4920 405 4967 σε,
433 4902 688 4974 καθάπερ
738 4906 931 4973 ἀμέλει
977 4908 1069 4959 καὶ
1110 4906 1200 4959 τὸν
1245 4906 1497 4978 Πατέρας
1556 4906 1716 4959 Ἀλλὰ

167 4990 257 5054 ναὶ,
293 4997 476 5063 φησιν,
501 4995 561 5048 οὐ
601 4995 760 5065 μέχρι
811 4996 918 5048 τῶν
963 4997 1313 5068 όρωμένωνή
1348 4998 1433 5051 ἐπ’
1467 4998 1590 5067 ἐμοὶ
1617 5015 1713 5050 συ-

170 5081 409 5139 στέλλεται
450 5085 673 5155 γνῶσις.
705 5087 833 5156 Εἰμὶ
880 5087 988 5159 γὰρ
1037 5086 1167 5151 Θεός
1202 5091 1258 5141 ὲν
1293 5089 1455 5157 σαρκὶ
1502 5089 1593 5142 καὶ
1626 5087 1713 5140 αῖ-

170 5189 294 5242 ματι,
323 5179 461 5233 κατὰ
517 5177 616 5250 μὲν
666 5180 763 5248 τὴν
798 5180 975 5250 σάρκα
1016 5181 1434 5251 γινωσκόμενος.
1471 5180 1611 5233 κατὰ
1656 5180 1712 5231 δέ

169 5264 246 5336 τὴν
267 5268 511 5343 θεότητος
554 5270 713 5341 φύσιν
740 5288 801 5325 τε
828 5273 923 5326 καὶ
951 5272 1109 5336 δόξαν
1140 5271 1437 5343 ίσομὲτρως
1467 5272 1603 5341 ἔχων
1636 5269 1712 5340 τῷ

212 5424 251 5498 ‘f
282 5426 461 5481 lluth.
508 5444 581 5491 tv,
614 5429 647 5481 6
680 5445 832 5498 seqq.
903 5428 947 5459 ⁸⁸
971 5426 1125 5483 Joan.
1165 5443 1236 5481 tv.
1275 5426 1292 5480 l
1326 5442 1478 5498 seqq.
1549 5427 1594 5457 ⁸⁸
1624 5423 1781 5498 Joan.

169 5491 264 5548 5-7.
329 5499 369 5527 ”
396 5500 412 5553 |
442 5500 571 5555 Cor.
609 5491 769 5563 ιι,8.’
796 5491 865 5531 ’³ο
889 5498 1063 5554 Galat.
1094 5516 1131 5565 I,
1170 5500 1215 5552 Ι.
1248 5500 1287 5531 ³¹
1323 5497 1336 5551 l
1371 5491 1509 5551 Petr.
1550 5515 1583 5561 i,
1610 5497 1697 5551 2|.
1780 5497 1797 5526 ’

1844 622 2178 689 increpabat,
2205 630 2259 677 et
2306 620 2563 677 Satanam
2623 622 2940 677 conterebat
2979 621 3064 685 “;
3121 632 3231 674 tum
3278 625 3420 690 quod

1841 714 1998 769 caecis
2029 714 2203 768 lumen
2232 714 2523 784 praestabat
2552 716 2622 781 ⁸⁵,
2649 724 2891 771 mortuos
2944 714 3310 770 resuscitabat
3348 715 3418 777 ",

1844 818 1992 857 mare
2016 804 2369 872 procellosum
2393 820 2499 860 uno
2531 807 2697 861 verbo
2740 805 3074 872 sedabat";
3122 820 3229 859 non
3280 806 3423 860 sicut

1844 895 2111 949 hominem
2130 911 2285 965 quem
2296 897 2521 966 piam,et
2539 898 2766 951 alterum
2788 897 3139 951 exsistentem
3191 896 3419 950 seorsim

1839 980 2111 1037 Christum
2132 984 2417 1053 glorilicari
2486 984 2714 1049 faciens,
2747 987 3212 1055 quemadmodum
3271 985 3421 1039 scili-

1839 1081 1925 1127 cet
1954 1083 2007 1127 et
2055 1090 2215 1140 unum
2252 1091 2316 1130 ex
2347 1078 2548 1131 sanctis
2577 1079 2853 1146 prophetis
2890 1076 2973 1131 vel
3010 1076 3300 1144 apostolis:
3325 1078 3419 1132 sed

1838 1165 1936 1219 sibi
1956 1166 2177 1236 gloriam
2204 1182 2523 1236 procurans,
2560 1179 2617 1224 ut
2663 1170 2732 1224 ab
2797 1169 3054 1223 omnibus
3101 1171 3421 1223 crederetur

1838 1256 1979 1312 Dens
2012 1259 2277 1314 easistens
2307 1271 2521 1325 natura,
2549 1260 2765 1315 tametsi
2812 1261 2988 1314 factus
3045 1270 3190 1313 esset
3230 1261 3416 1314 homo.

1839 1347 2231 1420 Fuissetigitur
2254 1351 2706 1407 absurdissimum
2779 1351 2925 1405 ierre
2987 1351 3292 1405 Nestorium
3334 1351 3421 1406 di-

1835 1451 2044 1497 centem
2081 1461 2095 1497 :
2136 1444 2463 1499 Communes
2488 1445 2632 1498 enim
2661 1443 2951 1497 Trinitatis
2986 1453 3113 1498 sunt
3149 1444 3421 1511 operatio.

1836 1551 1953 1599 nes,
1986 1546 2039 1590 et
2063 1537 2194 1590 solis
2241 1537 2616 1591 subsistentiis
2661 1537 3071 1590 distinctionem
3128 1537 3417 1589 habentes.

1836 1624 2065 1678 Proinde
2092 1623 2366 1695 Unigeniti
2400 1626 2571 1696 gloria
2609 1628 2884 1681 interdum
2920 1624 3069 1679 Patri
3101 1623 3417 1692 adaptatur,

1836 1716 2103 1770 interdum
2138 1715 2383 1786 Spiritui,
2421 1718 2691 1773 interdum
2725 1717 2923 1772 Christi
2988 1716 3267 1785 potentiae.
3331 1712 3418 1768 ld~

1838 1807 1983 1862 circo
2012 1810 2101 1877 qui
2140 1808 2539 1878 reprehendere
2576 1808 2785 1871 volunt,
2815 1806 2897 1862 vel
2930 1807 3225 1861 ostendant
3262 1804 3419 1859 nobis

1837 1896 1999 1951 alium
2025 1898 2323 1964 Christum,
2353 1900 2445 1967 qui
2476 1899 2726 1967 privatim
2789 1897 3018 1952 seorsim
3070 1897 3303 1950 exsistat
3364 1906 3420 1949 et

1836 1986 2187 2056 intelligatur,
2218 1989 2303 2042 cui
2328 2003 2480 2042 suam
2514 1988 2812 2057 potentiam
2846 1986 3172 2056 applicuerit
3227 1986 3420 2056 unige-

1835 2079 2007 2133 nitutn
2030 2078 2120 2133 Dei
2141 2076 2403 2145 Verbum,
2449 2080 2605 2147 quasi
2653 2080 2887 2134 seorsim
2944 2078 3194 2131 diversus
3225 2079 3298 2131 sit
3351 2077 3421 2129 ah

1834 2170 1952 2239 ipso
1980 2168 2185 2237 Filius;
2216 2169 2420 2226 velnisi
2456 2170 2529 2224 sit
2557 2171 2696 2225 alius
2724 2179 2777 2223 et
2836 2170 2997 2233 alios,
3043 2168 3137 2222 sed
3180 2181 3319 2221 unus
3366 2174 3422 2221 et

1836 2256 1976 2313 idem
2008 2266 2061 2311 et
2081 2273 2149 2312 ex
2187 2257 2346 2313 Patre
2371 2259 2703 2329 unigenitus,
2734 2268 2789 2313 et
2822 2273 2887 2312 ex
2924 2267 3095 2311 matre
3148 2256 3309 2311 homo
3333 2271 3422 2311 se-

1832 2348 2065 2404 cundum
2090 2362 2338 2413 carnem,
2374 2350 2646 2417 quomodo
2684 2349 2881 2403 silendi
2932 2348 3083 2402 locus
3139 2356 3309 2414 esset,
3360 2358 3417 2400 et

1834 2454 1937 2493 non
1969 2440 2139 2508 magis
2166 2441 2413 2495 veritatis
2436 2440 2675 2509 potentia
2710 2440 2857 2495 illius
2889 2439 3046 2508 nugis
3070 2438 3417 2507 opponenda,

1834 2529 2051 2598 pulchra
2078 2529 2296 2598 pietatis
2350 2532 2605 2599 dogmata
2672 2530 3185 2596 corrnmpentibus?
3234 2527 3421 2599 Itaque

1833 2622 2183 2689 eratquidem
2220 2634 2274 2675 et
2299 2631 2382 2676 est
2414 2623 2553 2675 Deus
2578 2622 2691 2690 ipse
2736 2620 2897 2691 [73
2932 2619 3122 2674 Filius.
3151 2618 3417 2685 Quoniam

1832 2722 2009 2766 autem
2041 2712 2205 2767 semel
2231 2712 2397 2767 subiit
2433 2713 2784 2766 humanitatis
2833 2726 3168 2774 mensuram,
3196 2720 3251 2764 et
3305 2710 3422 2765 dis-

1832 2801 2199 2868 pensationem
2254 2802 2394 2856 haud
2427 2800 2781 2870 rejiciendam
2833 2800 3071 2866 censuit,
3124 2800 3193 2852 ob
3232 2800 3423 2853 exina-

1831 2893 2090 2947 nitionem
2123 2900 2304 2946 autem
2329 2892 2590 2946 sustinuit
2655 2894 2841 2946 omnia
2894 2891 3203 2946 voluntarie
3235 2891 3416 2944 nostri

1829 2999 1991 3040 causa
2019 2984 2064 3017 ⁸⁸
2090 3001 2103 3037 :
2131 2994 2420 3055 eapropter
2447 3022 2463 3049 ,
2506 2984 2755 3054 quamvis
2804 2985 2878 3038 sit
2936 2983 3235 3039 secundum
3262 2995 3421 3038 natu-

1830 3092 1945 3129 ram
1978 3077 2111 3138 vita,
2148 3077 2415 3131 viviﬁcari
2440 3076 2640 3130 dicitur
2672 3090 2699 3129 a
2732 3075 2934 3130 Patre:
2972 3084 3024 3129 et
3049 3090 3171 3129 cum
3200 3076 3274 3129 sit
3305 3075 3421 3144 glo-

1834 3168 1924 3220 ria:
1960 3166 2221 3221 Dominus
2244 3167 2313 3231 ⁸³,
2335 3166 2534 3221 dicitur
2557 3166 2786 3236 gloriam
2814 3167 3110 3234 accepisse.
3154 3165 3289 3220 llinc
3314 3165 3420 3220 lle-

1835 3259 2010 3312 brrens
2031 3273 2095 3312 ex
2132 3256 2395 3325 Hebraeis,
2422 3271 2549 3312 vere
2579 3257 2775 3312 doctus
2814 3257 2867 3311 in
2896 3258 3032 3327 lege,
3063 3266 3116 3311 et
3174 3271 3240 3311 ex
3272 3257 3417 3311 tribu

1830 3348 2137 3417 Benjamin.
2164 3348 2380 3405 dicebat
2417 3367 2431 3404 :
2470 3368 2489 3400 ι
2526 3348 2725 3404 Paulus
2751 3349 3035 3417 apostolus
3067 3363 3174 3402 non
3213 3349 3279 3402 ab
3315 3348 3415 3402 ho-

1830 3442 2089 3507 minibus,
2126 3455 2300 3511 neque
2322 3456 2418 3510 per
2451 3441 2749 3503 hominem,
2785 3439 2883 3495 sed
2911 3454 3005 3509 per
3045 3438 3230 3493 Jesum
3259 3437 3419 3494 Chri-

1828 3542 1993 3595 stum,
2028 3543 2079 3585 et
2112 3532 2277 3585 Deum
2304 3530 2544 3597 Patrem,
2578 3531 2669 3599 qui
2700 3531 2986 3584 suscitavit
3027 3544 3153 3584 eum
3203 3544 3232 3583 a
3270 3545 3417 3584 mor-

1830 3626 1938 3679 tuis
1956 3625 2031 3689 ’°,
2064 3634 2118 3678 et
2152 3623 2377 3693 gloriam
2400 3623 2476 3678 illi
2512 3623 2662 3677 dedit
2692 3623 2793 3675 “.t
2830 3621 3026 3675 Verum
3054 3621 3303 3690 quamvis
3335 3621 3418 3675 di-

1825 3729 1982 3773 catur
2009 3717 2240 3787 gloriam
2299 3716 2577 3785 accepisse
2628 3729 2657 3767 a
2717 3712 2896 3777 Patre,
2949 3727 3072 3766 cum
3123 3726 3184 3766 ea
3220 3727 3307 3767 res
3348 3711 3418 3768 ad

1828 3809 2177 3862 humanitatis
2213 3822 2520 3863 mensuram
2552 3804 2859 3875 perveniat,
2897 3805 3047 3859 novit
3102 3815 3281 3858 tamen
3335 3816 3419 3858 se-

1824 3897 2000 3966 ipsum
2062 3898 2262 3952 habere
2288 3896 2605 3965 dignitatem
2647 3896 2787 3948 ultra
2841 3904 3173 3957 creaturam,
3213 3907 3414 3948 secun-

1824 3990 1948 4043 dum
1983 3989 2126 4057 quod
2162 3986 2475 4058 intelligitur
2508 3997 2562 4042 et
2595 3996 2677 4041 est
2707 3985 2868 4041 Deus.
2900 3984 3135 4040 Proinde
3162 3986 3411 4041 dicebat:

1829 4100 1847 4133 ι
1878 4081 2071 4136 Omnia
2113 4081 2243 4134 mihi
2274 4079 2473 4134 tradita
2508 4088 2636 4133 sunt
2667 4096 2695 4131 a
2756 4077 2914 4131 Patre
2948 4093 3107 4132 meo:
3139 4085 3196 4132 et
3253 4091 3415 4133 nemo

1822 4171 2099 4237 cognoscit
2125 4172 2246 4240 quis
2275 4169 2346 4224 sit
2379 4167 2575 4232 Filius,
2605 4167 2707 4221 nisi
2756 4165 2921 4220 Pater
2947 4184 2961 4232 ;
2991 4182 3168 4236 neque
3195 4165 3411 4222 Patrem

1821 4268 1941 4334 quis
1964 4264 2206 4333 agnoscit
2233 4263 2357 4331 quis
2392 4262 2481 4327 sit,
2515 4260 2617 4314 nisi
2653 4258 2841 4320 Filius,
2883 4269 2936 4312 et
2986 4259 3071 4311 cui
3099 4256 3269 4313 Filius
3313 4273 3405 4312 re-

1820 4356 2082 4410 velaverit
2118 4356 2209 4411 ον.
2254 4372 2270 4404 ι
2308 4352 2561 4407 Fortasse
2595 4350 2864 4419 quispiam
2902 4349 3292 4404 studiosiorum
3324 4351 3411 4405 in-

1820 4447 2157 4517 terrogabit:
2213 4445 2268 4500 Si
2322 4445 2501 4499 omnia
2564 4444 2657 4496 tibi
2704 4443 2904 4496 tradita
2959 4450 3091 4495 sunt
3147 4456 3176 4494 a
3216 4441 3401 4509 Patre,

1825 4539 1975 4608 quasi
2036 4538 2084 4592 ei
2122 4539 2210 4608 qui
2248 4536 2419 4607 gloria
2458 4534 2783 4603 indigneris,
2821 4544 2875 4589 et
2928 4533 3182 4588 debueris
3209 4535 3411 4588 habere

1820 4632 2003 4686 datum
2037 4630 2323 4699 imperium
2361 4629 2413 4683 in
2443 4643 2633 4683 omnes
2701 4636 2934 4696 propter
2968 4624 3406 4689 humanitatem;

1818 4722 2087 4792 quomodo
2114 4722 2365 4775 humanis
2391 4720 2663 4774 mentibus
2702 4716 3041 4789 impossibile
3102 4731 3225 4769 esse
3270 4716 3407 4770 dicis

1818 4814 1959 4868 scire
1985 4823 2051 4876 te,
2083 4812 2537 4881 quemadmodum
2594 4812 2737 4865 scire
2792 4820 2843 4863 et
2909 4808 3167 4861 Patrem?
3219 4806 3401 4873 Certe,

1820 4904 2011 4975 inquit,
2039 4906 2140 4959 mei
2167 4903 2405 4972 cognitio
2437 4919 2544 4956 non
2581 4917 2753 4972 usque
2790 4901 2855 4954 ad
2918 4899 3189 4953 visibilem
3240 4908 3403 4951 natu-

1822 5013 1934 5051 ram
1955 5007 2286 5053 coarctatur.
2319 4994 2454 5049 Nam
2477 4996 2617 5049 Dens
2640 5010 2757 5047 sum
2780 4993 2830 5046 in
2856 5007 3019 5046 carne
3042 5000 3096 5046 et
3113 4992 3398 5059 sanguine,

1819 5100 1873 5144 et
1902 5090 2197 5144 secundum
2228 5102 2445 5142 carnem
2476 5087 2692 5157 quidem
2718 5100 3047 5152 cognoscor,
3094 5083 3396 5137 secundum

1821 5189 2066 5232 naturam
2098 5190 2276 5233 autem
2308 5186 2361 5233 et
2381 5178 2607 5248 gloriam
2644 5176 3251 5245 divinitatismqualem
3274 5190 3395 5229 cum

1824 5272 1930 5325 Deo
1953 5279 2005 5325 et
2034 5270 2193 5324 Patre
2231 5285 2536 5325 mensuram
2573 5271 2767 5333 habeo,
2804 5270 3046 5324 omnium
3088 5276 3324 5322 mentem
3343 5278 3395 5321 et

1818 5439 1891 5489 XI,
1917 5428 1947 5496 Vl
1981 5440 2137 5495 seqq.
2211 5425 2253 5496 ⁸7
2284 5426 2467 5479 Matth.
2507 5440 2617 5487 xiv,
2648 5423 2717 5477 26
2743 5440 2896 5496 seqq.
2964 5421 3009 5451 ⁸⁸
3040 5420 3268 5490 Philipp.
3308 5435 3391 5489 In,

1808 5497 1842 5525 ⁸⁸
1879 5495 2070 5549 Matth.
2103 5511 2163 5561 ιι,
2194 5495 2285 5549 27.

1214 5659 1387 5714 Varia:
1420 5659 1676 5715 lectiones
1705 5674 1768 5714 cx
1807 5658 1992 5714 codice
2027 5656 2399 5727 Seguieriano.

205 5823 228 5866 1
253 5817 475 5887 ἀνιστάς.
560 5829 581 5859 ³
612 5820 646 5892 ἢ
672 5818 1000 5874 ἀποστόλων.
1045 5832 1067 5861 ι
1107 5816 1288 5881 ἱδικῶς
1316 5816 1460 5880 Υἱός·
1492 5815 1523 5888 ἦ
1559 5818 1627 5870 εἱ.

1706 5815 1734 5856 ιι
1768 5814 2193 5884 ἀνταναστῆσαι.

2274 5824 2295 5852 ⁸
2330 5812 2524 5886 μέτρον
2554 5813 2671 5872 οὐκ.
2741 5810 3092 5886 ὶέθελοντής.
3139 5826 3162 5853 ⁸
3191 5815 3384 5875 πάντα.
