4108 6474
655 399 763 456 3U

1691 397 1747 453 S.
1775 395 2053 453 CYRlLlJ
2108 389 2577 448 ALEXANDRINI
2607 385 2927 444 ARCHIEI’.

3814 369 3927 424 548

656 534 962 572 sermonem
1000 519 1338 574 transeendo.
1378 519 1608 574 Proinde
1649 519 1919 587 (revertor
1969 517 2111 571 enim
2165 516 2229 571 ad

2348 511 2457 582 θεῷ
2490 511 2583 565 καὶ
2615 509 2810 580 Ila-cpi,
2844 508 2936 560 καὶ
2966 504 3058 558 νοῦ
3123 502 3216 555 καὶ
3244 499 3403 568 λόγου
3431 495 3633 558 παντὸς
3664 491 3932 546 ἐπέκεινα

659 610 950 677 propositae
981 609 1052 663 rei
1082 610 1430 679 sententiam)
1463 623 1638 677 neque
1682 607 2012 676 apostolicas
2071 619 2233 658 voces

661 699 915 766 toilimus,
979 702 1161 754 absit!
1231 717 1404 771 neque
1447 703 1569 754 dum
1619 701 1721 753 alia
1784 699 2026 768 quaedam
2062 697 2238 749 minus

657 801 1020 846 consentanea
1054 794 1369 857 sentientes,
1407 794 1488 846 vel
1522 793 1825 860 loquentes,
1848 788 2238 843 incarnationis

658 886 961 940 rationibus
1028 888 1401 939 adversamur.
1463 883 1752 952 Sequimur
1793 893 1973 936 autem
2043 882 2238 947 ubique

657 990 844 1030 sacras
876 976 1269 1044 Scripturas,et
1301 979 1673 1047 theologorum
1712 977 1934 1031 vocibus
1965 989 2236 1028 summum

653 1068 741 1137 jus
760 1072 1146 1132 concedentes,
1174 1071 1490 1124 obsistimus
1523 1072 1653 1125 solis
1683 1071 1823 1136 istis,
1843 1071 1931 1139 qui
1963 1078 2107 1122 recta
2139 1067 2239 1122 Ec-

657 1161 842 1214 clesim
883 1163 1131 1231 dogmata
1180 1173 1512 1231 pervertunt.
1546 1163 1696 1229 Quod
1741 1173 1920 1215 autem
1961 1161 2122 1214 Pater
2171 1175 2237 1213 ex

659 1252 887 1304 mortuis
911 1253 1268 1307 resuscitasse
1291 1254 1579 1307 Dominum
1605 1263 1848 1308 nostrum
1868 1252 2049 1307 Jesnm
2077 1252 2228 1306 Chri-

657 1353 796 1395 stum
839 1345 1059 1407 dicitur,
1095 1360 1159 1398 eo
1189 1360 1353 1413 opere
1379 1345 1585 1399 scilicet
1631 1347 1778 1400 circa
1841 1345 1958 1414 ejus
2012 1359 2234 1398 carnem

656 1434 872 1502 effecto,
898 1453 1055 1492 nemo
1083 1446 1166 1492 est
1196 1438 1288 1507 qui
1327 1437 1589 1508 ambigat.
1616 1437 1734 1508 Ipse
1767 1446 1972 1498 autem,
2003 1452 2124 1490 cum
2167 1438 2240 1489 sit

657 1529 787 1591 vita,
810 1537 864 1582 et
902 1530 1221 1594 vivificator,
1247 1539 1300 1583 et
1327 1533 1634 1598 operatoria
1658 1534 1837 1585 virtus
1868 1531 2237 1591 Patris,snum

658 1618 971 1674 viviﬁcabat
1009 1621 1288 1690 templum,
1314 1622 1467 1691 juxta
1496 1624 1620 1677 illud
1649 1642 1663 1679 :
1709 1643 1726 1675 ι
1757 1623 1960 1678 Solvite
1984 1622 2240 1690 templum

659 1711 783 1774 hoc,
816 1721 867 1766 et
891 1713 942 1766 in
971 1713 1142 1768 tribus
1177 1715 1365 1770 diebus
1400 1717 1652 1770 excitabo
1713 1716 1841 1770 illud
1876 1718 1949 1765 θ’.
1992 1735 2009 1766 ι
2050 1715 2247 1784 Itaque.

657 1805 801 1872 quod
839 1805 1236 1872 viviﬁcabatur,
1272 1824 1379 1862 non
1411 1819 1528 1862 erat
1560 1809 1817 1870 alienum,
1855 1824 2030 1878 neque
2071 1808 2241 1861 alicu-

2339 581 2568 673 τρέχων.
2602 599 2811 654 Οὐκοῦν
2843 596 3157 666 (ἀνθέξομαι
3192 593 3300 663 γὰρ
3342 591 3441 659 τῆς
3472 587 3581 640 τῶν
3621 581 3929 654 προκειμέ-

2340 712 2445 748 νων
2479 692 2705 762 ἐννοίας)
2740 690 2862 743 οὔτε
2917 689 3014 752 τάς
3061 684 3422 744 ἀποστολικάς
3453 677 3779 749 ἀναιροῦμεν
3807 693 3928 744 φω-

2340 788 2454 849 νὰς,
2488 786 2561 856 μὴ
2589 786 2818 852 γένοιτο,
2847 781 2968 835 οὕτε
3001 780 3103 851 μὴν
3137 779 3299 848 ἔτερα
3334 778 3468 830 ἄττα
3507 771 3656 842 παρὰ
3681 770 3740 824 τὸ
3774 767 3931 830 εἰκὸς

2340 879 2371 948 ἢ
2413 875 2758 948 φρονοῦντες,
2795 873 2827 944 ἢ
2860 873 3129 941 λέγοντες,
3161 872 3273 932 τοῖς
3315 869 3412 937 τῆς
3456 863 3933 933 ὲνανθρωπήσεως

2340 967 2777 1037 ἁντιπράττομεν
2824 963 3034 1029 λόγοις’
3084 960 3338 1029 ἑπόμενοι
3382 958 3438 1009 δὲ
3487 949 3756 1022 πανταχοῦ
3808 953 3934 1009 τοῖς

2344 1059 2509 1127 ἱεροῖς
2541 1057 2856 1126 Γράμμασι,
2885 1057 2979 1107 καὶ
3017 1056 3135 1116 ταῖς
3176 1052 3283 1104 τῶν
3322 1049 3598 1120 θεηγόρων
3629 1045 3832 1113 φωναῖς
3865 1042 3936 1091 τὸ

2342 1148 2540 1225 χρῆναι
2587 1150 2809 1215 κρατεῖν
2852 1146 3240 1215 ἀπονέμοντες,
3276 1135 3711 1202 ἁντανιστάμεθα
3741 1135 3938 1204 μόνοι-ς

2340 1244 2452 1302 τοῖς
2483 1238 2552 1292 τὰ
2581 1238 2714 1310 ὀρθὰ
2737 1241 2835 1308 τῆς
2867 1236 3188 1306 Ἐκκλησίας
3214 1235 3462 1303 δόγματα
3485 1227 3934 1298 διαστρέφουσιν.

2343 1334 2464 1384 ’Ότι
2495 1331 2549 1383 δὲ
2597 1333 2625 1382 ὁ
2671 1331 2859 1399 Πατὴρ
2894 1331 2957 1382 ὲκ
3003 1329 3212 1399 νεκρῶν
3255 1325 3556 1394 ἀναστῆσαι
3589 1320 3678 1373 τὸν
3719 1317 3937 1388 Κύριον

2342 1423 2498 1494 ἡμῶν
2534 1422 2740 1492 Ἰησοῦν
2767 1422 3001 1493 Χριστὸν
3047 1420 3286 1487 λέγεται,
3324 1413 3714 1491 ὲνεργουμένου
3739 1408 3938 1479 δηλονο

2341 1516 2423 1567 ότι
2464 1516 2590 1584 περὶ
2619 1516 2718 1584 τὴν
2753 1515 2932 1583 σάρκα
2975 1510 3140 1566 αὐτοῦ
3189 1511 3282 1563 τοῦ
3334 1509 3679 1579 πράγματος,
3711 1504 3812 1556 οὐκ
3859 1503 3939 1554 ἂν

2344 1606 2634 1659 ὲνδοιάσειέ
2668 1623 2771 1668 τις.
2805 1603 2976 1666 Αὐτὸς
3022 1602 3080 1654 δὲ
3116 1601 3377 1669 ὑπάρχων
3431 1599 3463 1668 ἡ
3495 1595 3629 1666 ζωὴ.
3663 1593 3939 1658 ζωοποιρς

2342 1716 2399 1751 τε
2433 1699 2524 1751 καὶ
2578 1696 2806 1768 ἐνεργὴς
2832 1694 3060 1764 δύναμις
3088 1691 3181 1745 τοῦ
3213 1691 3446 1760 Πατρδς,
3477 1688 3568 1741 τὸν
3602 1687 3730 1739 ἴδιον
3760 1686 3939 1749 ἐζωο-

2345 1792 2484 1842 ποίει
2520 1790 2673 1842 ναόν·
2708 1808 2724 1840 t
2757 1785 3153 1842 Καταλύσατεί
3202 1786 3293 1837 τὸν
3338 1784 3463 1836 ναὸν
3518 1781 3724 1844 τοῦτον,
3769 1779 3937 1849 φησὶ,

662 1852 690 1872 τ
719 1852 800 1859 .--
850 1852 1236 1872 .....---.---...,
1272 1852 1379 1862 ..νη
1413 1852 1528 1862 νη.-
1857 1852 2029 1878 ..ν.,..ν
2071 1852 2210 1861 -..ν-

655 1897 742 1964 jus
777 1898 935 1968 177
965 1914 1026 1952 ex
1057 1901 1366 1954 hominibus
1434 1901 1590 1955 nobis
1633 1901 1921 1965 similibus,
1972 1901 2065 1954 sed
2112 1915 2237 1964 pro-

2348 1882 2438 1934 καὶ
2471 1883 2526 1932 ὲν
2554 1879 2734 1950 τρισὶν
2765 1879 3001 1950 ἡμέραις
3030 1880 3117 1943 ὲγε
3130 1876 3204 1946 ρῶ
3243 1876 3422 1928 αὐτόν.
3459 1852 3594 1926 »Ἶίν
3619 1866 3710 1924 οὖν
3732 1869 3844 1941 ἄρα
3869 1869 3942 1921 τὸ

658 1989 834 2058 prium
867 1991 1034 2062 ipsius
1057 1990 1220 2047 Verbi
1250 2006 1464 2060 corpus.

1032 2306 1687 2368 ANATHEMATISMUS
1727 2306 1865 2361 V'lll.

736 2424 791 2479 Si
823 2424 944 2495 quis
976 2425 1155 2479 dicere
1189 2423 1352 2477 audet
1407 2421 1687 2475 hominem
1751 2427 2090 2484 assumptum
2136 2430 2241 2468 una

658 2532 782 2571 cum
824 2517 915 2571 Dei
953 2515 1134 2572 Verbo
1158 2513 1517 2577 adorandum,
1569 2520 1625 2565 et
1689 2507 2240 2578 congloriiicandum,

659 2617 711 2664 et
737 2610 924 2675 Deum,
959 2619 1210 2677 tanquam
1246 2606 1475 2661 alterum
1506 2618 1630 2659 cum
1652 2603 1822 2656 altero
1853 2600 2244 2654 connominan-

658 2700 787 2754 dum
823 2715 944 2754 esse
970 2699 1134 2770 (hunc
1163 2698 1307 2753 enim
1351 2695 1687 2750 intellectum
1746 2691 2031 2762 particula,
2093 2703 2238 2752 cum,

658 2790 894 2860 adjecta,
920 2799 1180 2859 perpetuo
1208 2804 1272 2842 ac
1297 2786 1604 2842 necessario
1637 2783 1816 2853 aﬂ'ert)
1844 2792 1897 2836 et
1925 2796 2028 2835 non
2065 2781 2242 2849 potius

661 2900 767 2937 una
815 2884 1132 2938 adoratione
1175 2880 1584 2935 Emmanuelem
1639 2879 1898 2940 honorat,
1965 2888 2243 2942 unamque

662 2969 739 3023 illi
800 2969 1251 3039 glorificationem
1327 2967 1600 3031 attribuit,
1671 2977 1936 3036 quatenus
2003 2963 2240 3018 Verbum

662 3060 861 3117 factum
897 3071 982 3117 est
1009 3077 1178 3127 caro;
1215 3063 1505 3115 anathema
1535 3062 1625 3114 sit.

1049 3158 1051 3160 I
1121 3171 1476 3226 Orientalium
1513 3171 1790 3239 oppositio.

734 3282 1029 3338 Coadorari
1091 3290 1145 3336 et
1179 3280 1601 3348 congloriﬁcari,
1636 3280 1791 3349 quasi
1852 3279 1920 3333 de
1972 3279 2240 3347 personis,

663 3373 748 3429 vel
772 3374 1158 3437 subsistentiis,
1235 3373 1318 3427 vel
1379 3373 1501 3426 filiis
1570 3374 1780 3426 duobus
1838 3386 1944 3423 non
1991 3371 2242 3436 dicimus,

664 3467 816 3536 «μιαεί
874 3466 1032 3520 aliter
1081 3465 1173 3518 ﬁat
1218 3465 1466 3519 adoratio
1522 3466 1630 3518 Deo
1694 3461 1907 3526 Verbo,
1962 3473 2013 3517 et
2089 3462 2248 3516 aliter

665 3560 848 3624 carni;
879 3559 971 3614 sed
1006 3574 1166 3612 unam
1192 3559 1372 3628 potius
1415 3557 1809 3620 adorationem,
1858 3566 1910 3610 et
1945 3564 2139 3611 cmtera
2191 3563 2249 3609 ut

667 3652 762 3707 uni
800 3651 936 3706 Filio
981 3651 1277 3715 offerimus,
1310 3661 1364 3706 et
1407 3652 1579 3720 ipsum
1634 3651 1944 3714 coadorari,
1989 3651 2131 3706 sicut
2196 3659 2251 3702 et

666 3742 782 3810 ipse
814 3743 867 3796 in
894 3743 1070 3811 primo
1099 3752 1246 3799 tomo
1275 3745 1427 3798 dicit.
1456 3743 1585 3796 Nam
1638 3743 1887 3812 quamvis
1933 3756 2150 3810 semper
2193 3752 2253 3796 ut

667 3831 905 3887 Verbum
940 3850 1060 3888 cum
1085 3834 1248 3890 Patre
1277 3850 1377 3889 suo
1410 3833 1712 3902 consident,
1747 3843 1801 3889 et
1830 3849 1894 3888 ex
1938 3834 2055 3901 ipso
2111 3843 2166 3888 et
2197 3835 2248 3888 in

669 3928 786 3997 ipso
814 3927 1110 3983 secundum
1171 3937 1416 3982 naturam
1455 3927 1705 3991 exsistat,
1761 3936 1940 3981 tamen
2000 3927 2254 3980 audiebat

667 4019 832 4073 etiam
878 4034 999 4072 cmn
1055 4033 1220 4073 carne
1286 4019 1558 4098 exsistens
1607 4018 1930 4071 dicentem:
1969 4036 1987 4070 ί
2027 4015 2166 4071 Sede
2221 4031 2249 4071 a

669 4112 875 4165 dextris
916 4112 1071 4177 meis,
1103 4111 1275 4166 donec
1301 4126 1494 4179 ponam
1532 4111 1781 4164 inimicos
1807 4120 1926 4164 tuos
1955 4109 2248 4165 scabellum

669 4205 864 4272 pedum
890 4204 1192 4259 tuorum".
1240 4223 1257 4255 ›
1285 4204 1364 4258 Ita
1399 4212 1452 4257 et
1476 4205 1689 4258 adorari
1729 4203 1962 4257 dicimus
2000 4204 2172 4270 ipsum
2199 4211 2253 4255 et

672 4312 704 4350 a
738 4297 894 4350 nobis
922 4296 1057 4366 ipsis
1103 4306 1154 4350 et
1184 4297 1436 4351 asauetis
1472 4297 1698 4365 angelis.
1752 4296 1984 4349 Proinde
2014 4295 2079 4347 ad
2139 4295 2253 4348 lucc

672 4388 940 4450 dicimus,
973 4387 1115 4455 quod
1141 4387 1278 4442 scite
1335 4386 1624 4441 admodum
1681 4386 1938 4456 praecepit
1993 4386 2100 4447 liis,
2162 4384 2252 4452 qui

673 4494 795 4533 cum
817 4493 982 4532 carne
1007 4493 1173 4531 unum
1209 4486 1262 4532 et
1289 4477 1534 4531 eumdem
1563 4475 1757 4530 Filium
1786 4477 2013 4531 adorare
2040 4475 2250 4537 volunt,

676 4579 929 4637 tanquam
992 4569 1136 4623 aliud
1189 4570 1444 4639 quiddam
1505 4570 1574 4622 sit
1618 4569 1782 4638 μετὰ,
1837 4583 2001 4638 quam
2048 4569 2168 4631 σὺν,
2197 4569 2250 4621 id

676 4660 818 4729 quod
840 4660 1027 4728 etipse
1073 4662 1276 4729 posuit,
1323 4661 1463 4713 sicut
1512 4661 1827 4728 praedictum
1876 4667 1983 4722 est,
2042 4659 2247 4722 dicens,

677 4751 851 4818 ipsum
883 4764 1004 4804 cum
1033 4750 1572 4814 carueadoramlum,
1596 4766 1798 4821 negans
1833 4761 2013 4805 autem
2048 4751 2248 4804 coado-

679 4845 904 4898 rendam
938 4857 1059 4896 cum
1087 4841 1368 4896 divinitate
1392 4858 1635 4899 carnem.

1224 5042 1411 5114 σε]νὶΗὶ
1447 5045 1699 5114 defensio.

754 5161 935 5216 Mente
985 5159 1348 5215 attentissima
1419 5176 1515 5214 nos

689 5346 880 5403 fide“.
945 5363 964 5397 ι
1021 5344 1154 5399 Nam
1195 5359 1348 5399 mens
1387 5346 1645 5409 humana,
1692 5343 1817 5400 licet
1866 5356 2255 5411 nonnunquam

759 5530 806 5560 "
833 5525 994 5581 Joan.
1039 5542 1103 5593 ll,
1136 5527 1218 5582 19.
1297 5527 1342 5558 "
1375 5525 1516 5580 Psal.
1547 5541 1655 5590 CIX,
1693 5526 1744 5587 1,
1784 5524 1840 5580 2.

2273 3210 2319 3272 C

1577 5175 1699 5214 esse
1752 5160 2002 5213 hortatur
2045 5157 2263 5213 divinus

690 5254 907 5316 Paulos,
953 5253 1178 5308 dicens:
1219 5270 1237 5303 ι
1276 5252 1508 5307 Probate
1533 5267 1626 5306 vos
1672 5251 1842 5320 ipsos,
1883 5266 2010 5304 num
2055 5250 2174 5305 sitis
2210 5251 2261 5304 in

2345 1971 2778 2041 ζωοποιούμενον
2823 1971 2922 2022 οὐκ
2972 1969 3274 2038 ἀλλότριον,
3324 1965 3449 2018 οὔτε
3497 1967 3600 2036 μὴν
3652 1963 3770 2026 ἑνὸς
3821 1961 3940 2014 τῶν

2344 2061 2464 2113 καθ’
2504 2062 2650 2131 ἡμᾶς
2699 2058 3033 2130 ἀνθρώπων,
3075 2057 3190 2111 ἀλλ’
3219 2057 3348 2108 ἴδιον
3402 2053 3569 2108 αὐτοῦ
3617 2053 3712 2107 τοῦ
3753 2051 3939 2120 Λόγου

2347 2154 2529 2224 σῶμα.

2784 2280 3378 2335 ΑΝΑΘΕΜΑΤΙΣΜΟΣ
3418 2280 3498 2332 Η’.

2416 2400 2484 2453 Εἴ
2527 2417 2611 2463 τις
2659 2398 2835 2468 τολμᾷ
2874 2398 3053 2464 λέγειν
3088 2396 3176 2448 τὸν
3219 2390 3600 2461 ἀναληφθέντα
3646 2387 3944 2458 ἄνθρωπον

2347 2491 2882 2564 συμπροσκυνεῖσθαι
2911 2489 3020 2540 δεῖν
3048 2486 3124 2556 τῷ
3157 2485 3275 2554 Θεῷ
3323 2486 3501 2553 Λόγῳ,
3535 2482 3628 2534 καὶ
3678 2479 3941 2543 συνδοξα-

2344 2586 2553 2650 ξεσθαι,
2590 2585 2686 2637 καὶ
2716 2577 3183 2651 συγχρηματίζειν
3216 2576 3382 2640 Θεὸν,
3428 2575 3500 2637 ὡς
3532 2574 3717 2641 ἕτερον
3759 2569 3943 2640 ἑτέρῳ

2347 2680 2425 2748 (τὸ
2456 2677 2566 2746 γὰρ
2597 2677 2739 2738 σὺν,
2766 2675 2854 2729 ἀεὶ
2875 2670 3300 2744 προστιθέμενον
3333 2667 3489 2720 τοῦτο
3517 2668 3655 2719 νοεῖν
3682 2662 3938 2728 ἀναγκά-

2347 2767 2448 2838 σει)
2481 2786 2497 2799 ο
2533 2768 2626 2820 καὶ
2661 2766 2780 2835 οὐχὶ
2812 2765 2876 2835 δὴ
2915 2762 3114 2834 μᾶλλον
3150 2761 3244 2829 μιᾷ
3272 2758 3636 2830 προσκυνήσει
3671 2755 3806 2824 τιμᾷ.
3846 2752 3944 2805 τὸν

2358 2858 2745 2929 Ἐμμανουήλ,
2795 2857 2890 2909 καὶ
2944 2854 3073 2924 μίαν
3122 2850 3270 2921 αὐτῷ
3319 2850 3418 2918 τὴν
3463 2845 3754 2918 ὁμολογίαν
3807 2860 3939 2896 συν-

2346 2951 2571 3014 άπτειε,
2611 2947 2745 3002 καθδ
2775 2946 2964 3015 γέγονε
3005 2939 3143 3011 σὰρξ
3180 2944 3207 2993 ὁ
3236 2941 3403 3008 Λόγος
3429 2954 3442 2968 ·
3485 2937 3732 3006 ἀνάθεμα
3768 2935 3940 2987 ἔστω.

2659 3149 3028 3216 ἌντΙρῤησις
3064 3143 3182 3198 τῶν
3231 3137 3646 3196 Ἀνατολικῶν.

2420 3265 2494 3318 To
2525 3258 3082 3333 συμπροσκυνεῖσθαι,
3119 3254 3212 3309 καὶ
3244 3247 3681 3315 συνδοξάζεσθαι,
3703 3246 3778 3310 ὡς
3805 3262 3944 3316 περ,

2347 3355 2676 3429 προσώπων,
2709 3353 2741 3423 ἦ
2778 3350 3128 3404 ὑποστάσεων
3182 3345 3215 3417 ἢ
3260 3343 3392 3396 υἱῶν
3440 3340 3532 3394 δύο
3569 3340 3630 3392 οὐ
3681 3337 3941 3407 λέγομεν,

2349 3452 2422 3514 ὼς
2471 3451 2536 3519 τῇ
2580 3445 2746 3517 σαρκὶ
2787 3443 2988 3515 ἑτέρως
3043 3439 3466 3511 προσκυνήσεως
3499 3432 3816 3504 γινομένης,
3847 3429 3949 3483 καὶ

2349 3543 2426 3612 τῷ
2453 3540 2572 3610 Θεῷ
2609 3539 2768 3608 Λόγῳ
2799 3535 3030 3605 ἑτέρως·
3060 3531 3196 3586 ἀλλὰ
3229 3529 3430 3602 μᾶλλον
3463 3527 3592 3598 μίαν
3629 3521 3949 3594 προσκύνη-

2352 3650 2455 3696 σιν,
2490 3630 2675 3684 καὶτὰ
2702 3627 2866 3681 λοιπὰ
2891 3626 2968 3687 ὼς
3011 3624 3093 3677 ἑνὶ
3149 3621 3267 3691 Υἱῷ
3319 3620 3723 3690 προσφέρομεν,
3756 3615 3856 3668 καὶ
3887 3614 3951 3666 τὸ

2354 3719 2914 3797 συμπροσκυνεῖσθαι,
2943 3718 3018 3780 ὡς
3049 3716 3144 3770 καὶ
3171 3714 3333 3776 αὐτὸς
3366 3713 3424 3764 ὲν
3449 3710 3526 3781 τῷ
3561 3708 3763 3780 πρώτῳ
3787 3707 3950 3776 τὸμῳ

2355 3819 2525 3886 λέγει.
2569 3815 2764 3870 Καίτοι
2790 3813 2900 3882 γὰρ
2928 3811 3016 3864 ἀεὶ
3047 3806 3382 3878 συνεδρεύων
3407 3805 3482 3867 ὡς
3512 3803 3683 3869 Λόγος
3717 3801 3795 3870 τῷ
3833 3800 3953 3868 ἰδίῳ

2354 3909 2552 3979 Πατρὶ,
2581 3908 2675 3961 καὶ
2717 3906 2776 3969 ἐξ
2801 3901 2967 3958 αὑτοῦ
2995 3917 3054 3953 τε
3090 3899 3184 3952 καὶ
3211 3899 3270 3950 ἐν
3296 3894 3445 3964 αὑτῷ
3469 3892 3612 3948 κατὰ
3646 3890 3810 3960 φύσιν
3846 3891 3951 3943 ὑπ·-

2355 4001 2560 4070 άρχων,
2600 3998 2761 4052 πάλιν
2811 3997 2977 4066 ἤκουε
3022 3991 3309 4062 λέγοντοςὶι
3372 3989 3460 4044 καὶ
3512 3984 3651 4056 μετὰ
3701 3983 3948 4070 σαρκόςο

2362 4069 2597 4144 (Κάθου
2627 4090 2691 4140 ὲκ
2729 4084 2916 4150 δεξιῶν
2952 4100 3074 4154 μου,
3107 4081 3208 4142 ’ἐως
3243 4078 3308 4131 ἂν
3333 4075 3408 4129 θῶ
3431 4074 3556 4137 τοὺς
3588 4069 3825 4142 ἐχθρούς
3853 4086 3950 4122 σου

2357 4181 2647 4236 ὑποπόδιον
2679 4177 2787 4231 τῶν
2836 4175 3012 4228 ποδῶν
3061 4190 3178 4225 σου.
3218 4189 3236 4220 ι
3301 4167 3458 4222 Οὕτω
3496 4165 3590 4216 καὶ
3621 4163 3954 4233 προσκυνεῖς

2358 4273 2482 4328 σθαί
2529 4289 2710 4342 φαμεν
2747 4267 2908 4323 αὑτὸν
2960 4265 3095 4336 πρὸς
3145 4279 3204 4314 τε
3259 4257 3417 4329 ἡμῶν
3458 4254 3660 4318 αὐτῶν,
3691 4253 3791 4306 καὶ
3841 4252 3952 4306 τῶν

2358 4364 2528 4432 ἁγίων
2578 4361 2845 4429 ἀγγέλων.
2882 4355 3026 4426 Πρὸς
3072 4347 3164 4406 οὖν
3216 4347 3391 4402 ταῦτά
3443 4361 3644 4415 φαμεν,
3675 4343 3755 4407 ὼς
3805 4343 3948 4396 πάνυ

2359 4449 2797 4523 ἐπιστημονικῶς
2832 4444 3116 4514 ἐπέσκηψε
3162 4443 3272 4504 τοῖς
3314 4440 3411 4492 σὺν
3449 4439 3512 4507 τῇ
3567 4435 3734 4504 σαρκὶ
3777 4449 3950 4505 προσ-

2289 4571 2328 4623 ί)
2359 4548 2538 4600 κυνεῖν
2585 4542 2662 4612 τῷ
2715 4542 2795 4594 ὲν).
2857 4538 2952 4592 καὶ
2999 4536 3075 4607 τῷ
3121 4532 3271 4603 αὐτῷ
3305 4530 3422 4602 Υἱῷ
3454 4527 3836 4599 βουλομένοις·
3877 4525 3951 4587 ὼς

2363 4639 2553 4708 ἐτέρου
2587 4636 2731 4699 τινὸς
2786 4633 2941 4694 ὅντος
2971 4629 3121 4701 παρὰ
3169 4627 3225 4679 τὸ
3267 4624 3410 4687 σὺν,
3440 4621 3536 4675 τοῦ
3577 4617 3767 4688 μετὰ,
3816 4619 3950 4684 ὅπερ

2361 4705 2524 4793 αὐτὸς
2575 4728 2802 4797 ἔθηκεν,
2841 4723 2917 4786 ὡς
2966 4720 3311 4792 προείρηται,
3361 4714 3535 4780 λέγων
3590 4708 3755 4762 αὐτὸν
3815 4705 3952 4778 μετὰ

2365 4825 2567 4894 σαρκὸς
2592 4824 2700 4877 δεῖν
2729 4815 3169 4889 προσκυνεῖσθαι,
3189 4807 3547 4881 ἀπαγορεύων
3574 4806 3631 4859 δὲ
3662 4820 3952 4876 συμπροσ·

2366 4918 2643 4974 κυνεῖσθαι
2682 4917 2748 4985 τῇ
2777 4912 3010 4980 Θεότητι
3039 4908 3140 4978 τὴν
3179 4905 3379 4973 σάρκα.

2834 5020 3145 5090 Ἀπολογία
3177 5016 3498 5084 Κυρίλλου.

2443 5141 2907 5214 Νουνεχεστάτους
2937 5149 2950 5177 ι
2985 5136 3130 5207 ἡμᾶς
3169 5133 3197 5185 ὁ
3231 5130 3514 5191 Θεσπέσιος
3564 5126 3780 5189 Παῦλος
3813 5128 3950 5181 ἁπο-

2372 5240 2570 5309 φαὶνει,
2591 5235 2792 5302 λέγων·
2833 5251 2850 5283 t
2890 5227 3147 5288 Ἑαυτοὺς
3177 5221 3522 5294 δοκιμάζετε,
3552 5220 3599 5271 εἰ
3629 5218 3757 5270 ἐστὲ
3790 5219 3848 5270 ὲν
3881 5215 3949 5286 τῇ

2368 5308 2568 5386 πίστει.
2597 5348 2615 5382 ι
2652 5325 2794 5389 Νοῦς
2831 5324 2928 5395 μὲν
2967 5321 3075 5390 γὰρ
3104 5321 3130 5373 ὁ
3163 5312 3502 5388 ἀνθρώπινος
3533 5309 3636 5364 ὑπὸ
3663 5308 3946 5380 φιλαυτίας

1919 5523 1966 5555 ’δ
1999 5519 2037 5573 ll
2071 5521 2196 5574 Cor.
2227 5533 2326 5573 xm
2349 5562 2362 5584 ,
2394 5515 2446 5570 5.

1745 5680 1919 5735 Varim
1951 5679 2208 5734 lectiones
2241 5693 2306 5730 ex
2334 5673 2518 5731 codice
2549 5668 2925 5742 Seguieriano.

770 5843 790 5886 ί
837 5842 977 5898 κατὰ
1003 5845 1095 5910 τὸς
1119 5842 1316 5901 λύσατε
1345 5844 1436 5901 τὸν
1457 5845 1602 5900 ναόν.
1682 5844 1707 5885 ⁸
1737 5843 1985 5907 ἀνάπτει,
2024 5839 2056 5908 ἢ
2087 5836 2423 5906 ἀναπέμπει.
2501 5834 2529 5876 ιι
2559 5831 2803 5901 λέγοντα.
2886 5829 2903 5870 ί
2935 5822 3365 5898 Νοννεχέστατα.
