4108 6484
138 429 217 489 53:9
759 431 1304 490 APOLOGETICUS
1341 431 1479 489 PRO
1520 432 1611 488 .\"ll
1651 433 2017 492 CAPITIBUS
2056 433 2342 492 CONTRA
2381 432 2843 491 ORlENTALES.

3310 429 3416 486 ’550

156 549 241 606 ἱςθ’
269 550 377 614 ὅτε,
413 548 522 603 κᾶν
571 550 623 604 εί
662 549 777 616 ἔξω
813 553 1031 624 φέροιτο
1059 552 1160 623 τῆς
1194 552 1410 616 εὐθείας
1450 554 1595 620 ὀδοῦ,
1639 554 1730 607 καὶ

1836 565 2060 624 propter
2105 569 2346 610 amorem
2403 555 2482 610 sui
2522 571 2551 610 a
2599 564 2748 612 recta
2792 553 2875 609 via
2931 552 3262 625 egrediatur,
3297 563 3352 604 et
3382 566 3411 603 a

159 644 244 698 τῶν
272 644 365 714 τῆς
410 641 685 713 ἀληθείας
717 643 1006 714 δογμάτων
1055 645 1440 713 ἀποφοιτῶσαν
1471 644 1584 715 ἔχοι
1630 645 1729 718 τὴν

153 737 367 808 κίνησιν,
408 735 521 790 τῶν
574 735 728 790 ἰδίων
779 736 1001 790 ἐννοιῶν
1056 736 1364 808 καθορίζειν
1407 737 1470 790 τὸ
1520 738 1732 809 ἀπηχὲς

146 833 283 884 ὀκνεί
313 847 437 894 πως
463 829 555 883 ἀεὶ
579 828 680 882 καὶ
707 828 881 882 δέδιεν
901 846 914 858 ·
948 829 1139 882 ἑαυτόν
1170 846 1235 898 γε
1272 829 1378 902 μὴν
1419 828 1732 900 ἐπανορθώ-

143 939 291 975 σεται
332 921 436 975 καὶ
470 919 618 991 μάλα
655 919 887 991 ῥᾳδίως,
932 919 1060 982 τοὺς
1109 918 1219 972 τῶν
1251 919 1425 987 ἁγίων
1472 919 1731 989 Πατέρων

139 1014 685 1087 πολυπραγμονήσας
737 1014 967 1079 πόνους,
1010 1015 1060 1067 οἳ
1091 1014 1187 1068 καὶ
1240 1015 1329 1068 ἐπ’
1377 1014 1629 1086 όρθότητί
1672 1031 1731 1067 τε

141 1111 226 1164 καὶ
255 1108 524 1181 ἀκριϐείᾳ
559 1108 846 1180 δογμάτων
884 1107 1170 1180 διαϐόητον
1195 1107 1379 1178 ἔχουσι
1416 1107 1567 1180 παρά
1596 1108 1730 1161 πάν-

128 1219 238 1254 των
275 1202 378 1272 τὴν
426 1201 725 1272 εὐφημίαν.
752 1201 886 1255 Τότε
915 1200 1012 1273 τὴν
1039 1201 1248 1255 οἰκείαν
1279 1199 1548 1272 εὐτέχνως
1589 1199 1732 1252 δοκι-

127 1295 303 1364 μάσει
346 1295 564 1348 πίστινο
598 1293 800 1358 σκοπὸς
850 1294 958 1364 γὰρ
1006 1293 1178 1348 ἅπασι
1220 1296 1334 1357 τοῖς
1390 1294 1598 1365 ἀρτίοις
1634 1293 1732 1364 τὴν

124 1385 341 1454 φρένα,
381 1388 506 1448 ταῖς
555 1384 780 1438 ἐκείνων
826 1385 1056 1438 ἕπεσθαι
1089 1385 1301 1451 δόξαις”
1331 1385 1414 1438 ὅτι
1453 1384 1548 1438 καὶ
1580 1382 1734 1435 αὐτοὶ

119 1479 226 1546 τῆς
281 1495 340 1530 τε
394 1477 762 1548 ἀποπολικῆς
823 1476 918 1530 καὶ⁵
961 1476 1325 1547 εύαγγελικῆς
1379 1474 1734 1544 παραδόσεως

119 1567 218 1620 τὸν
249 1569 459 1622 οἰκεῖον
488 1568 873 1640 ἐμπλήσαντες
901 1566 1049 1632 νοῦν,
1076 1568 1170 1621 καὶ
1198 1567 1306 1620 τῶν
1337 1565 1431 1620 ἐπὶ
1457 1568 1523 1637 τῇ
1553 1564 1733 1617 πίστει

119 1661 310 1730 λόγων
336 1660 350 1711 i
385 1661 568 1734 ὀρθῶς
593 1679 654 1715 τε
685 1662 780 1716 καὶ
805 1663 1120 1733 ἀμωμήτως
1143 1663 1206 1714 ἐκ
1230 1661 1340 1714 τῶν
1364 1660 1525 1732 ἱερῶν
1550 1661 1735 1732 Γραμ-

124 1752 327 1819 μάτων
370 1746 434 1804 εὖ
473 1750 621 1822 μάλα
670 1751 1120 1820 κατωρθωκότες,
1156 1752 1442 1822 φωστῆρες
1490 1746 1633 1821 ἦσαν
1674 1751 1733 1804 ἐν

121 1843 353 1912 κόσμῳ,
384 1840 546 1911 λόγον
562 1841 709 1912 ζωῆς
739 1842 1046 1911 ἐπέχοντες,
1079 1841 1297 1895 κατὰτὸ
1319 1842 1727 1911 γεγραμμένον.

1832 649 1977 704 veris
2008 648 2348 719 dogmatibus
2382 650 2647 711 discedat.
2692 663 2916 703 suarum
2974 656 3156 702 tamen
3211 646 3415 714 cogita-

1833 739 2037 794 tionum
2096 740 2491 795 absurditatem
2551 750 2789 796 statuere
2853 737 3256 810 quodammodo
3307 753 3413 791 non

1833 831 2014 884 audet.
2051 829 2157 885 Sed
2194 840 2370 888 tamen
2400 833 2633 902 seipsam
2660 831 2816 886 facile
2838 831 3097 900 corriget,
3127 830 3170 883 si
3198 829 3415 883 labores

1832 930 2072 976 scrutata
2129 921 2293 977 fuerit
2356 933 2668 978 sanctorum
2727 922 2972 982 Patrum,
3219 921 3307 986 qtti
3348 921 3414 970 ah

1833 1015 2088 1070 omnibus
2146 1017 2214 1070 de
2279 1018 2606 1072 rectitudine
2641 1029 2693 1071 et
2722 1017 3049 1072 certitudine
3101 1016 3413 1078 dngnmtnm

1835 1108 2202 1170 celebrantur.
2266 1118 2378 1161 tum
2431 1124 2584 1163 suam
2631 1120 2834 1163 rectam
2881 1108 3038 1160 tidem
3090 1105 3415 1172 eaplorabit.

1834 1200 2036 1256 Omnes
2057 1203 2222 1266 enim,
2252 1203 2450 1272 quibus
2483 1203 2751 1272 integrum
2777 1217 2872 1255 cor
2909 1212 3013 1265 est,
3051 1199 3265 1252 illorum
3291 1213 3418 1251 sen-

1833 1295 2033 1348 tentias
2061 1293 2212 1362 sequi
2268 1295 2606 1348 contendunt
2643 1312 2656 1346 :
2699 1293 2826 1362 quia
2870 1303 2924 1346 et
2975 1291 3072 1359 ipsi
3117 1288 3415 1359 apostolica

1835 1394 1892 1438 et
1919 1384 2228 1455 evangelica
2283 1385 2576 1438 traditione
2609 1399 2762 1438 suam
2797 1392 3034 1436 mentem
3062 1395 3184 1435 cum
3223 1379 3422 1447 imple-

1837 1475 2062 1543 vissent,
2089 1484 2143 1530 et
2170 1491 2236 1529 ex
2264 1476 2435 1529 sacris
2468 1474 2767 1545 Scripturis
2805 1487 3090 1545 sermones
3121 1471 3242 1525 ﬁdei
3272 1480 3419 1526 recte

1841 1576 1895 1620 et
1929 1568 2067 1621 citra
2121 1566 2601 1634 reprehensionem
2643 1571 2997 1626 tractassent,
3035 1560 3222 1614 mundi
3265 1558 3420 1614 fuere

1835 1656 2202 1721 ltnninariam,
2231 1670 2536 1711 sermonem
2569 1655 2693 1709 vitae
2721 1654 3260 1722 continentes,prout
3279 1650 3418 1704 scri-

1835 1753 1982 1816 ptum
2023 1754 2106 1800 est
2135 1747 2202 1800 ’⁵.
2236 1743 2422 1814 itaque
2464 1745 2655 1800 scribit
2687 1755 2904 1798 aeterna:
2943 1743 3220 1798 memoriae
3256 1737 3421 1796 Pater

1838 1846 2022 1892 noster
2055 1845 2108 1890 et
2138 1838 2427 1906 episcopus
2463 1837 2795 1892 Athanasius
2832 1837 2898 1891 de
2958 1835 3129 1890 nostri
3174 1833 3420 1888 omnium

117 1909 341 2002 Γράφει
362 1909 544 1984 τοίνυν
563 1934 591 1984 ό
608 1909 710 2001 τῆς
731 1909 901 1985 ἀϊδίου
948 1932 1166 2002 μνήμης
1189 1932 1216 1971 ¹ί
1240 1909 1610 2002 Πατὴρίὴμῶν
1634 1932 1726 1985 καὶ

1838 1926 2119 1983 Salvatore
2164 1927 2382 1982 Christo
2428 1928 2481 1982 in
2525 1928 2780 1981 librisde
2817 1927 3235 1981 incarnatione:
3272 1924 3421 1978 Con-

118 2023 443 2089 ἐπίσκοπος
497 2025 818 2088 Ἀθανάσιος
879 2023 1008 2095 περὶ
1044 2022 1138 2077 τοῦ
1186 2023 1402 2078 πάντων
1432 2024 1590 2095 ἡμῶν
1615 2025 1731 2077 Σω-

120 2115 298 2187 τῆρος
321 2116 566 2188 Χριστοῦ
594 2119 652 2170 ἐν
671 2119 786 2184 τοῖς
811 2117 943 2190 περ)⁸
971 2118 1074 2189 τῆς
1108 2117 1468 2190 σαρκώσεως·
1509 2117 1729 2189 Ὁμολο-

121 2206 223 2274 γοῦ
233 2225 339 2277 μεν
368 2208 467 2260 καὶ
492 2204 632 2262 εἶναι
658 2210 821 2263 αὑτὸν
846 2209 974 2264 Υίὺν
999 2208 1093 2263 τοῦ
1125 2208 1285 2272 Θεοῦ,
1311 2209 1404 2262 καὶ
1432 2207 1564 2260 Θεὸν
1587 2208 1731 2263 κατὰ

124 2299 352 2368 πνεῦμα
371 2343 388 2366 ,
431 2300 545 2353 υἱὸν
575 2300 867 2372 ἀνθρώπου
897 2301 1038 2355 κατά
1066 2301 1266 2370 σάρκα.
1297 2299 1372 2352 Οὐ
1391 2298 1504 2352 ’δύο
1539 2298 1731 2367 φύσεις

123 2391 217 2443 τὸν
250 2391 348 2445 ἕνα
382 2391 536 2458 Υίδν,
567 2393 697 2462 μίαν
731 2393 1139 2463 προσκυνητὴν,
1164 2392 1260 2444 καὶ
1290 2390 1420 2461 μίαν
1450 2388 1729 2461 ἀπροσκύ-

126 2500 312 2553 νητον,
341 2482 483 2536 ἀλλά
522 2483 652 2552 μίαν
683 2483 845 2552 φύσιν
869 2482 962 2536 τοῦ
995 2481 1131 2535 Θεοῦ
1160 2482 1336 2550 Λόγου
1374 2480 1728 2554 σεσαρκωμέ-

128 2593 251 2643 νην,
281 2577 378 2628 καὶ
407 2574 882 2645 προσκυνούμενον
919 2573 1058 2644 μετά
1081 2575 1180 2646 τῆς
1205 2575 1407 2647 σαρκὸς
1433 2572 1598 2627 αὑτοῦ
1632 2575 1730 2644 μιᾷ

133 2665 546 2736 προσκυνήσει·
579 2666 700 2718 ούδέ
740 2665 836 2742 δύο
866 2667 1034 2732 υἱοὺς,
1076 2666 1235 2720 ἄλλον
1283 2667 1380 2738 μὲν
1424 2666 1554 2719 Υίὸν
1596 2651 1729 2718 Θεοῦ

133 2755 391 2822 ἀληθινὸν
419 2757 513 2806 καὶ
542 2755 1039 2826 προσκυνούμενον,
1061 2757 1220 2812 ἄλλον
1241 2757 1298 2811 δὲ
1319 2759 1384 2810 ἐκ
1403 2756 1624 2827 Μαρίας
1646 2756 1733 2809 ἄν·

139 2849 356 2916 θρωπον
383 2847 457 2917 μὴ
487 2848 981 2919 προσκυνούμενον,
1007 2849 1148 2903 κατά
1176 2849 1338 2921 χάριν
1362 2849 1418 2902 δὲ
1444 2849 1572 2902 Υίδν
1594 2848 1729 2902 Θεοῦ

139 2941 451 3009 γενόμενον,
479 2941 553 3004 ὼς
582 2942 674 2994 καὶ
712 2941 1008 3013 ἄνθρωποι.
1039 2943 1150 2995 Καὶ
1194 2942 1311 3012 μεθ’
1342 2943 1507 3013 ἔτερα
1547 2942 1728 2996 ’πάλιν⁸

152 3029 206 3081 '0
246 3031 432 3085 τοίνυν
461 3033 747 3100 γεννηθεὶς
777 3036 841 3087 ὲκ
871 3034 972 3104 τῆς
999 3033 1284 3106 Παρθένου
1317 3035 1559 3105 Μαρίας,
1605 3033 1732 3097 Υἱὸς

142 3120 270 3174 Θεοῦ
297 3121 479 3188 φύσει,
500 3123 594 3176 καὶ
608 3123 744 3186 Θεὸς
773 3125 1044 3192 ἀληθινὸς,
1063 3127 1157 3180 καὶ
1184 3126 1245 3178 ού
1264 3125 1451 3196 χάριτι
1481 3125 1572 3178 καὶ
1600 3141 1732 3194 μετα

142 3214 337 3307 ουσία,
374 3213 515 3307 κατά
547 3216 734 3307 σάρκα
759 3216 928 3284 μόνην
955 3215 1054 3286 τὴν
1084 3218 1147 3268 ἐκ
1171 3217 1392 3288 Μαρίας
1422 3218 1729 3287 ἄνθρωπος,
1759 3249 1803 3307 C

143 3305 277 3358 κατά
297 3306 356 3358 δὲ
378 3305 597 3373 πνεῦμα
618 3305 780 3368 αὐτὸς
799 3305 924 3369 Υίὺς
944 3306 1079 3360 Θεοῦ
1127 3309 1222 3360 καὶ
1242 3308 1374 3370 Θεός
1390 3325 1403 3338 ο
1427 3309 1522 3361 καὶ
1542 3308 1727 3362 πάλιν·

143 3397 200 3448 El
227 3397 282 3451 δέ
306 3413 396 3458 τις
419 3395 572 3466 παρά
603 3394 773 3448 ταῦτα
800 3397 862 3450 ἐκ
887 3396 996 3450 τῶν
1023 3397 1183 3450 θείων
1213 3399 1446 3471 Γραφῶν
1466 3398 1730 3463 διδάσκει,

144 3486 323 3557 ἕτερον
361 3484 540 3554 λέγων
571 3487 700 3540 Υίὸν
723 3489 817 3541 τοῦ
862 3487 1021 3553 Θεοῦ,
1062 3491 1152 3543 καὶ
1186 3489 1371 3562 ἕτερον
1404 3489 1493 3544 τὸν
1525 3492 1590 3544 ἐκ
1633 3490 1732 3561 τῆς

142 3579 378 3650 Μαρίας,
407 3578 549 3632 κατά
577 3580 740 3651 χάριν
761 3581 1144 3651 υίοποιηθὲντα
1164 3581 1239 3645 ὼς
1264 3584 1429 3652 ἡμεῖς
1447 3598 1462 3613 ο
1487 3583 1562 3646 ὡς
1593 3578 1732 3638 εἶναι

139 3667 226 3718 δύο
251 3669 422 3731 υἱοὺς,
449 3667 548 3720 ἕνα
573 3669 715 3722 κατά
741 3668 901 3738 φύσιν
927 3669 1053 3723 Υἱὸν
1080 3669 1237 3734 Θεοῦ,
1267 3672 1360 3725 τὸν
1383 3675 1447 3725 ἐκ
1465 3672 1623 3737 Θεοῦ,
1641 3674 1733 3726 καὶ

141 3759 228 3810 ἕνα
249 3760 394 3812 κατὰ
423 3761 584 3830 χάριν
607 3761 699 3812 τὸν
725 3763 789 3814 ἐκ
815 3761 1036 3830 Μαρίας
1058 3761 1345 3834 ἄνθρωπον
1361 3777 1375 3792 ο
1397 3763 1430 3834 ἢ
1460 3763 1513 3816 εί
1528 3781 1612 3827 τις
1633 3765 1731 3835 τὴν

141 3851 226 3902 τοῦ
258 3852 464 3923 Κυρίου
489 3853 519 3919 ἡ
531 3851 646 3920 μῶν
678 3852 858 3923 σάρκα
881 3851 1087 3906 ἄνωθεν
1109 3851 1281 3921 λέγει,
1307 3853 1402 3907 καὶ
1433 3855 1508 3926 μὴ
1538 3856 1603 3909 ἐκ
1631 3854 1731 3925 τῆς

142 3943 415 4015 Παρθένου
431 3943 651 4013 Μαρίας
669 3960 681 3972 ·
701 3944 734 4015 ἢ
751 3949 1052 4016 τραπεῖσαν
1067 3947 1167 4019 τὴν
1184 3948 1412 4018 θεότητα
1429 3949 1508 4010 είς
1529 3949 1727 4019 σάρκα,

140 4033 170 4100 ἦ
211 4034 602 4101 συγχυθεῖσαν,
630 4034 664 4107 ἢ
699 4035 1107 4102 ἀλλοιωθεῖσαν,
1148 4039 1181 4109 ἢ
1227 4037 1477 4110 παθητὴν
1505 4036 1604 4109 τὴν
1635 4037 1729 4090 τοῦ

140 4127 340 4195 Κυρίου
392 4126 660 4198 θεότητα·
701 4128 734 4198 ἢ
792 4129 1206 4200 ἀπροσκύνητον
1255 4131 1354 4201 τὴν
1382 4131 1476 4184 τοῦ
1520 4131 1728 4201 Κυρίου

140 4218 286 4286 ἡμῶν
319 4219 504 4288 σάρκα
535 4219 611 4282 ὡς
643 4219 955 4290 ἀνθρώπου,
987 4222 1083 4276 καὶ
1115 4223 1191 4293 μὴ
1224 4224 1627 4294 προσκυνητὴν,
1654 4223 1730 4286 ὡς

139 4309 335 4378 Κυρίου
393 4310 490 4363 καὶ
509 4309 645 4362 Θεοῦ
667 4312 844 4381 σάρκα
865 4329 876 4340 ·
903 4312 1092 4366 τοῦτον
1115 4313 1502 4383 ἀναθεματίζει
1524 4315 1555 4382 ὴ
1577 4314 1726 4381 ἁγία,

139 4403 225 4452 καὶ
259 4401 529 4473 γαθολικὴ
563 4402 861 4474 Ἐκκλησία
883 4446 897 4470 ,
948 4406 1248 4476 πειθομένη
1289 4406 1366 4475 τῷ
1399 4407 1528 4477 θείῳ
1561 4407 1727 4458 Ἀπο-

138 4489 304 4559 στόλῳ
339 4488 588 4559 λέγοντι³
627 4509 644 4539 ι
679 4491 747 4544 Ei.’
783 4511 868 4556 τις
904 4496 1048 4564 ὑμᾶς
1093 4496 1509 4563 εὐαγγελίζεται
1545 4497 1674 4567 παρ’
1700 4497 1728 4549 ὃ

1831 2020 2054 2078 ﬁtentur
2103 2021 2267 2076 etiam
2295 2034 2418 2075 esse
2466 2019 2616 2074 illum
2662 2017 2857 2073 Filium
2891 2018 3007 2084 Dei,
3037 2027 3091 2072 et
3122 2017 3289 2071 Deum
3330 2031 3420 2069 se-

1831 2116 2066 2170 cundum
2101 2116 2377 2185 spiritum;
2415 2111 2614 2168 Filium
2673 2113 2913 2166 hominis
2966 2113 3260 2166 secundum
3293 2124 3412 2164 car-

1832 2221 1980 2270 nem,
2008 2220 2115 2260 non
2156 2206 2291 2259 duas
2328 2213 2575 2271 naturas,
2615 2219 2780 2258 unum
2817 2203 3012 2258 Filium
3047 2218 3061 2270 ;
3104 2215 3266 2254 unam
3298 2213 3420 2268 qua:

1833 2299 2112 2360 adoretur,
2147 2305 2202 2350 et
2223 2296 2452 2350 alteram
2492 2311 2610 2363 qua:
2637 2309 2741 2348 non
2778 2294 3034 2348 adoretur
3065 2309 3080 2350 :
3121 2292 3217 2347 sed
3255 2306 3417 2344 unam

1833 2399 2086 2443 naturam
2118 2386 2213 2440 Dei
2255 2386 2415 2441 Verbi
2461 2387 2799 2440 incantatam
2830 2394 2885 2438 et
2914 2383 3248 2436 adorandam
3296 2396 3417 2435 cum

1831 2496 1998 2536 carne
2039 2495 2135 2535 sua
2165 2495 2270 2533 una
2304 2479 2654 2532 adoratione:
2678 2491 2853 2546 neque
2891 2477 3024 2530 duos
3058 2475 3196 2529 ﬁlios
3218 2492 3231 2541 ;
3253 2474 3419 2528 alium

1833 2575 2051 2643 quidem
2108 2571 2305 2626 Filium
2372 2569 2467 2624 Dei
2513 2585 2699 2625 verum
2743 2579 2797 2622 et
2836 2568 3213 2632 adorandum;
3253 2566 3418 2620 alium

1834 2678 1965 2719 vero
1998 2678 2065 2717 ex
2102 2661 2273 2716 Maria
2327 2661 2598 2715 hominem
2635 2674 2738 2712 non
2782 2658 3116 2712 adorandum
3158 2674 3172 2723 ;
3210 2656 3420 2710 scilicet

1834 2754 2129 2810 secundum
2168 2753 2404 2823 gratiam
2446 2752 2644 2806 Filium
2680 2750 2775 2803 Dei
2818 2748 3018 2803 factum
3069 2749 3289 2802 sicutet
3317 2747 3420 2800 ho-

1836 2847 2009 2900 mines
2049 2844 2177 2914 (1).
2223 2844 2289 2897 Et
2317 2853 2437 2914 post
2490 2844 2594 2906 alia
2631 2843 2826 2894 iterum
2865 2860 2879 2895 :
2919 2842 3088 2911 Igitur
3137 2841 3227 2909 qui
3258 2849 3419 2893 natus

1835 2953 1904 2992 ex
1943 2935 2168 3006 Virgine
2223 2935 2413 2999 Maria,
2473 2944 2669 2989 natura
2708 2933 2876 2986 Filius
2928 2933 3017 2984 Dei
3055 2940 3161 2993 est,
3197 2941 3250 2985 et
3277 2930 3421 2986 Dens

1835 3045 2016 3094 verus,
2058 3040 2113 3082 et
2168 3045 2272 3082 non
2305 3029 2475 3096 gratia
2528 3037 2580 3081 et
2628 3025 3070 3095 participatione.
3118 3023 3418 3076 secundum

1835 3136 2057 3177 carnem
2092 3121 2263 3175 solam
2293 3135 2357 3172 ex
2379 3119 2546 3173 Maria
2577 3119 2738 3172 homo
2772 3133 2786 3182 ;
2829 3116 3128 3170 secundum
3165 3113 3416 3182 Spiritum

1837 3223 2042 3277 autem,
2085 3213 2199 3281 ipse
2265 3212 2436 3265 Filius
2493 3211 2581 3279 Dei
2641 3219 2694 3263 et
2745 3210 2904 3262 Deus.
2972 3206 3038 3260 Et
3079 3208 3324 3259 iterum:
3363 3202 3423 3258 Si

1835 3303 1959 3373 quis
1999 3313 2178 3358 autem
2211 3312 2408 3370 przeter
2445 3301 2558 3354 hanc
2584 3315 2648 3353 ex
2685 3300 2883 3352 divinis
2921 3296 3218 3366 Scripturis
3241 3299 3424 3362 docet,

1837 3393 2002 3448 alium
2044 3393 2231 3448 dicens
2272 3392 2468 3446 Filium
2498 3391 2616 3454 Dei,
2646 3393 2810 3446 alium
2839 3407 2904 3446 ex
2929 3391 3094 3448 Maria
3126 3391 3424 3445 secundum

1835 3484 2065 3553 gratiam
2108 3481 2276 3535 ﬁlium
2323 3482 2666 3551 adoptatum,
2715 3481 2864 3534 sicut
2907 3494 3026 3541 nos,
3080 3486 3139 3529 ut
3181 3476 3288 3530 sint
3318 3476 3425 3529 duo

1838 3578 1955 3643 ﬁlii,
1989 3591 2130 3630 unus
2180 3575 2476 3630 secundum
2517 3583 2767 3626 naturam
2817 3571 2988 3624 Filius
3047 3570 3162 3632 Dei,
3223 3568 3313 3637 qui
3358 3582 3423 3620 ex

1837 3671 1986 3733 Deo;
2013 3679 2067 3722 et
2111 3683 2250 3722 unus
2297 3666 2597 3722 secundmn
2631 3666 2888 3733 gratiam,
2915 3666 3075 3718 hmno
3109 3677 3177 3716 ex
3215 3661 3423 3714 Maria:

1836 3761 1920 3816 vel
1943 3761 1989 3816 si
2019 3761 2140 3829 quis
2167 3759 2383 3813 Domini
2407 3758 2580 3811 nostri
2614 3773 2835 3812 carnem
2862 3772 3096 3823 superne
3122 3769 3246 3808 esse
3267 3755 3418 3815 dicit,

1835 3865 1890 3910 et
1936 3867 2043 3907 non
2072 3865 2136 3905 ex
2169 3847 2391 3919 Virgine
2443 3846 2650 3912 Maria;
2688 3846 2770 3900 vel
2809 3861 3126 3899 conversam
3166 3843 3424 3896 divinita-

1837 3956 1941 4001 tem
1976 3945 2027 3998 in
2060 3957 2304 4008 carnem,
2343 3951 2432 3995 aut
2467 3939 2772 4004 confusam,
2811 3949 2904 3992 aut
2940 3941 3316 4002 immutatam;
3344 3936 3425 3990 vel

1835 4037 2144 4107 passibilem
2193 4033 2406 4089 Domini
2452 4033 2755 4096 deitatem;
2793 4031 2873 4084 vel
2927 4046 3032 4084 non
3089 4031 3421 4084 adorandam

1835 4128 2046 4183 Domini
2073 4126 2242 4181 nostri
2278 4139 2524 4190 carnem,
2564 4133 2622 4177 ut
2647 4122 2902 4185 hominis,
2951 4131 3004 4175 et
3032 4136 3136 4174 non
3186 4122 3424 4172 adoran-

1833 4224 1956 4276 dam
1993 4229 2051 4273 ut
2077 4218 2288 4274 Domini
2320 4227 2375 4272 et
2406 4217 2500 4271 Dei
2549 4231 2771 4271 carnem
2804 4232 2818 4281 ;
2855 4216 2998 4267 hunc
3053 4212 3421 4266 anathemati-

1833 4320 2132 4367 zatsancta
2191 4318 2248 4364 et
2290 4308 2569 4362 catholica
2629 4304 2872 4360 Ecclesia
2923 4305 3108 4358 divino
3160 4302 3421 4372 Apostolo

1832 4403 2238 4471 obtemperans,
2291 4399 2384 4468 qui
2426 4400 2557 4453 dicit
2589 4415 2603 4454 :
2647 4417 2665 4449 ‹
2719 4396 2773 4450 Si
2811 4396 2932 4465 quis
2966 4394 3119 4449 vobis
3145 4395 3420 4463 evangeli-

1833 4497 2037 4551 zaverit
2062 4503 2259 4564 praeter
2280 4493 2355 4559 id,
2374 4492 2518 4561 quod
2547 4489 2863 4558 accepistis,
2889 4487 3180 4540 anathema
3204 4486 3272 4540 sit
3291 4486 3358 4540 ’⁸.
3396 4505 3415 4538 ι

139 4576 501 4646 παρελᾶὄετε,
532 4577 783 4648 ἀνάθεμα
814 4582 976 4637 ἔστω.
1000 4603 1018 4634 ι
1054 4584 1238 4637 Ταῦτα
1268 4587 1593 4656 φρονοῦντος
1629 4589 1720 4640 καὶ

1833 4588 1987 4657 (Πωο
2025 4603 2146 4641 cum
2172 4586 2255 4638 vir
2288 4585 2378 4640 ille
2408 4582 2648 4639 senserit
2681 4592 2737 4636 et
2763 4581 3048 4651 scripserit
3097 4578 3277 4640 nobis,
3311 4575 3419 4631 Ne-

139 4671 442 4739 γράφοντος
473 4670 488 4708 1
523 4673 652 4742 ἡμῖν
677 4674 772 4726 τοῦ
802 4674 1015 4743 ἀνδρὸς,
1045 4678 1074 4730 ὁ
1098 4679 1163 4747 τῇ
1196 4678 1433 4748 Χριστοῦ
1467 4677 1593 4749 δόξῃ
1626 4697 1722 4731 πο-

139 4763 322 4832 λεμεῖν
365 4764 682 4834 ᾑρημένος,
735 4769 831 4819 καὶ
879 4768 1164 4823 ἀπύλωτον
1217 4772 1304 4823 ἐπ’
1352 4770 1564 4840 αύτῷιιι
1623 4770 1721 4842 τὴν

142 4851 391 4918 γλῶσσαν
422 4853 575 4915 ἀνεὶς
618 4854 910 4925 Νεστόριος
932 4898 947 4923 ,
997 4857 1140 4912 οῦτω
1173 4878 1276 4913 που
1313 4860 1477 4914 πάλιν
1515 4861 1681 4931 φησίν
1707 4878 1719 4891 '

156 4943 552 5015 Ὀμολογοῦμεν
571 4947 661 5000 τὸν
683 4951 739 5001 ἐν
761 4949 1033 5021 ἀνθρώπῳ
1055 4951 1207 5015 Θεὸν,
1232 4953 1462 5024 σέϐομεν
1510 4957 1574 5024 τῇ
1604 4955 1724 5026 θείᾳ

153 5037 410 5107 σλναφείςι
436 5036 515 5106 τῷ
547 5036 664 5107 Θεῷ
694 5039 852 5109 Λόγῳ
896 5041 1482 5113 συμπροσκυνούμενον
1514 5045 1724 5115 ἄνθρω-

157 5143 274 5180 πον.
297 5123 419 5200 'Ap’
445 5129 547 5180 οὐκ
573 5129 821 5200 ἐναργῶς
872 5131 1132 5202 θεοφόρον
1157 5135 1442 5205 ἄνθρωπον
1467 5137 1725 5207 ὀνομάζει

158 5218 395 5287 Χριστὸν,
431 5212 526 5273 καὶ
575 5221 868 5292 συνάφειαν
898 5224 1084 5290 ἁπλῶς
1134 5227 1421 5299 ἀνθρώπου
1465 5229 1598 5300 φησὶ
1630 5246 1724 5298 γε-

222 5379 265 5411 ⁹⁸
286 5379 512 5454 Philipp.
557 5399 620 5448 ιι,
651 5381 741 5440 15.
817 5381 861 5414 ⁹⁶
902 5380 1078 5437 Galat.
1115 5399 1154 5450 I,
1183 5381 1236 5438 9.

1828 4680 2030 4735 storius
2052 4679 2275 4749 gloriam
2295 4677 2499 4733 Christi
2531 4689 2848 4746 oppugnare
2871 4674 3079 4738 volens,
3107 4681 3162 4726 et
3187 4667 3421 4724 eﬁ'rena-

1831 4782 1938 4826 tam
1980 4771 2221 4842 linguam
2255 4772 2466 4837 iaxans,
2496 4787 2716 4826 rursum
2751 4771 2829 4825 sic
2873 4767 3047 4823 dicit:
3083 4763 3421 4821 Conﬁtetnnr

1830 4866 1883 4919 in
1943 4865 2162 4919 homine
2230 4864 2399 4919 Deum
2440 4883 2454 4932 ;
2499 4865 2662 4935 179
2683 4863 2909 4918 colimus
2961 4859 3143 4914 divina
3186 4854 3418 4922 conjun-

1829 4959 2012 5013 ctione
2045 4959 2154 5012 Dco
2186 4955 2365 5012 Verbo
2415 4956 2821 5011 coadorandum
2868 4947 3197 5019 hominem.)
3228 4945 3420 5001 Nonne

1829 5051 1917 5106 hic
1947 5050 2231 5104 manifeste
2263 5051 2536 5105 hominem
2562 5048 2824 5104 deiferum
2851 5047 3093 5101 nominat
3118 5042 3412 5107 Christum,

1828 5150 1881 5195 et
1915 5138 2352 5206 coniunctionem
2387 5139 2712 5207 simpliciter
2763 5138 2895 5192 dicit
2931 5133 3165 5189 hominis
3211 5130 3413 5184 factam

1831 5246 1952 5286 esse
1976 5247 2097 5286 cum
2127 5231 2259 5297 Deo,
2285 5232 2580 5286 secundum
2610 5229 2736 5284 illud
2779 5227 3050 5293 fortassis,
3091 5223 3232 5295 quod
3271 5231 3353 5276 est
3383 5237 3416 5277 a

1203 5520 1380 5576 Variae
1415 5521 1679 5576 lectiones
1700 5538 1761 5577 cx
1804 5523 1988 5577 codice
2018 5521 2392 5593 chnicriann.

230 5653 244 5708 ἰ
278 5657 434 5727 ἴσως,
470 5658 564 5713 τὸν
598 5657 694 5711 ἐπὶ
720 5659 788 5729 τῇ
831 5658 1011 5710 πίστει
1044 5657 1220 5725 λόγον.
1299 5658 1322 5697 ι
1361 5656 1628 5729 ἀοιδίμου.
1716 5655 1731 5696 ¹
1766 5657 2124 5730 γεγραφότος.
2204 5670 2242 5698 ιη
2276 5658 2468 5731 αὑτήν.

222 5813 288 5882 (l)
324 5817 394 5873 De
425 5817 508 5870 his
540 5812 762 5887 dicendi
796 5811 969 5869 modis
999 5812 1137 5883 apud
1199 5810 1386 5868 Patres
1418 5827 1557 5884 srepc
1593 5812 1832 5879 usitatis,
1892 5814 2012 5870 vide
2068 5811 2309 5884 Magis-tr.
2346 5813 2520 5882 Sent.,
2546 5812 2638 5868 lib.
2664 5828 2748 5882 tn,
2776 5814 2900 5871 dist.
2927 5813 2992 5882 5;
3017 5821 3072 5870 et
3100 5811 3158 5869 S.
3187 5812 3356 5871 Thom
3387 5852 3407 5887 ,

167 5897 232 5953 tu,
262 5907 379 5961 p.q.
417 5889 472 5957 5,
506 5896 613 5944 art.
659 5885 720 5944 9.
