4106 6528
663 464 768 525 351

1671 463 1736 522 8.
1773 461 2051 522 CYRILLI
2091 463 2564 521 ALEXANDRINI
2603 462 2926 520 ARCHIEP.

3846 457 3953 515 352

667 580 838 637 Paulo
869 582 1076 639 dictum
1111 599 1125 639 :
1170 601 1188 635 ι
1219 581 1322 651 Qui
1346 583 1594 640 adhaeret
1620 584 1848 642 Domino
1865 602 2008 643 unus
2037 588 2248 660 spiritus

2366 587 2552 641 νέσθαι
2586 587 2724 658 πρὸς
2760 585 2916 649 Θεὸν,
2949 585 3070 639 κατ’
3111 582 3286 635 έκεῖνο
3337 581 3476 651 τάχα
3508 596 3610 633 που
3640 578 3701 632 τὸ
3728 578 3816 632 διὰ
3849 582 3951 646 τῆς

663 684 748 730 est
773 674 868 728 "1
909 693 928 728 ο
966 674 1224 741 Quamvis
1260 676 1534 744 quomodo
1575 693 1683 734 non
1709 685 1792 733 est
1855 694 2082 744 verum,
2111 686 2254 752 quod

666 766 781 835 ipse
809 766 975 822 luerit
1016 770 1198 839 potius
1226 769 1366 822 Deus
1415 768 1578 824 simul
1607 778 1663 824 et
1703 769 1868 825 homo
1895 812 1911 837 ,
1941 779 1997 826 et
2021 786 2126 828 non
2155 772 2254 827 ho-

665 873 756 914 mo
789 857 1031 929 quidam,
1095 859 1185 930 qui
1227 861 1461 915 seorsim
1492 875 1558 916 ac
1585 860 1838 931 privatim
1897 863 2256 934 intelligatur,

664 949 1106 1018 coniunctionem
1164 966 1287 1006 cum
1349 952 1465 1007 Deo
1516 952 1819 1007 secundum
1875 953 2254 1010 habitudinem

669 1041 920 1097 habens?
953 1041 1166 1097 Etenim
1217 1052 1339 1113 post
1395 1043 1726 1100 ineﬂabilem
1783 1047 2110 1109 uuitionem.
2140 1049 2257 1104 sive

664 1133 788 1202 quis
845 1133 990 1188 dicat
1047 1135 1215 1188 Deum
1265 1134 1679 1193 Emmanuelem
1729 1139 2006 1194 hominem
2050 1139 2252 1196 factum

663 1232 720 1278 et
746 1224 1111 1287 incarnatnm,
1149 1224 1243 1280 Dei
1285 1225 1523 1283 Verbum
1555 1228 1782 1302 intelligi
1809 1234 2068 1286 convenit
2095 1249 2110 1296 ;
2139 1233 2254 1289 sive

664 1317 940 1373 hominem
971 1321 1233 1382 nominet,
1272 1323 1480 1378 scimus
1503 1332 1705 1389 tamen,
1737 1340 1861 1380 cum
1889 1326 1989 1381 hoc
2003 1337 2056 1382 et
2077 1327 2250 1395 ipsum

662 1422 786 1463 esse
845 1409 939 1463 Dei
974 1409 1155 1466 Patris
1203 1410 1464 1469 Verbum.
1514 1414 1612 1472 Est
1667 1417 1832 1487 igitur
1886 1417 2054 1484 aliud,
2086 1435 2250 1475 unum

662 1499 852 1556 dicere
879 1499 1075 1556 Filium
1113 1517 1236 1558 cum
1263 1515 1414 1560 unita
1444 1507 1550 1562 sibi
1575 1521 1742 1562 carne
1772 1505 1866 1563 Dei
1897 1509 2079 1565 Patris
2117 1507 2252 1564 Ver-

662 1591 816 1658 bum,
868 1602 925 1649 et
980 1594 1235 1651 similiter
1258 1597 1428 1664 aliud,
1487 1599 1540 1654 in
1604 1599 1825 1657 homine
1885 1601 2070 1659 dicere
2128 1617 2252 1659 esse

660 1683 1335 1756 Deum,quemadmodum
1363 1689 1624 1748 videlicet
1667 1693 1721 1747 in
1764 1694 2052 1763 prophetis
2106 1704 2246 1763 erat,

659 1775 776 1832 sive
823 1779 987 1834 etiam
1041 1781 1093 1836 in
1127 1781 1284 1836 nobis
1335 1782 1470 1853 ipsis
1527 1798 1626 1854 per
1677 1782 1943 1854 Spiritum
1974 1797 2242 1844 sanctum.

660 1865 868 1936 Itaque,
895 1883 954 1924 ut
976 1871 1106 1927 mihi
1134 1874 1372 1940 videtur,
1442 1874 1580 1930 citra
1616 1877 1917 1947 periculum
1952 1888 2007 1934 et
2034 1879 2247 1952 culpam

2360 680 2574 735 Παύλου
2597 679 2778 748 φωνῆς
2797 695 2810 709 ο
2839 696 2858 728 ι
2882 675 2941 732 Ὀ
2964 672 3302 745 κολλώμενος
3321 671 3399 742 τῷ
3419 671 3627 742 Κυρίῳ,
3651 669 3709 723 ἓν
3729 668 3951 739 πνεῦμά

2358 773 2513 835 sint;
2547 788 2565 822 ι
2603 768 2797 822 Καίτοι
2862 766 2977 828 πῶς
3008 765 3109 819 οὐκ
3143 762 3362 834 άληθὶς,
3393 762 3474 814 ὅτι
3509 760 3708 832 μᾶλλον
3737 762 3764 814 6
3789 770 3816 797 ιι
3847 760 3951 813 αὐ-

2357 862 2450 926 τὸς
2486 861 2619 924 Θεός
2649 877 2709 913 τε
2745 857 2881 928 ὁμοῦ
2924 857 3019 911 καὶ
3047 854 3354 926 ἄνθρωπος,
3382 854 3477 907 καὶ
3514 853 3614 907 ούκ
3660 851 3951 924 ἄνθρωπός

2358 974 2442 1021 τις
2488 955 2592 1009 ἀνά
2639 953 2805 1024 μέρος
2849 967 2908 1004 τε
2952 950 3048 1004 καὶ
3106 948 3290 1011 ιδικῶς
3330 946 3643 1016 νοούμενος,
3685 946 3777 999 καὶ
3817 962 3945 1015 σχε-

2356 1048 2517 1119 τικὴν
2547 1046 2687 1116 ἔχων
2717 1043 3015 1113 συνάφειαν
3052 1041 3188 1112 πρὸς
3216 1039 3384 1104 Θεόν;
3417 1039 3571 1093 Μετὰ
3595 1038 3704 1110 γάρ
3735 1055 3817 1091 τοι
3845 1037 3948 1108 τὴν

2359 1140 2637 1210 ἄφραστον
2673 1137 2886 1197 ἕνωσιν,
2921 1133 3026 1188 κᾶν
3049 1132 3103 1186 si
3139 1149 3225 1196 τις
3258 1132 3391 1205 λέγῃ
3435 1129 3569 1185 Θεὸν
3601 1131 3692 1184 τὸν
3727 1130 3946 1200 Ἐμμαυ

2357 1230 2519 1303 νουὴλ
2565 1229 3066 1302 ὲνανθρωπήσαντα
3101 1226 3194 1280 καὶ
3239 1224 3680 1296 σεσαρκωμένον,
3731 1223 3823 1277 τὸν
3847 1221 3948 1276 τοῦ

2356 1324 2493 1378 Θεοῦ
2518 1323 2691 1392 Λόγον
2716 1322 2955 1375 νοεῖσθαι
2982 1319 3183 1390 ’πρέπει
3199 1333 3212 1348 ⁸
3239 1317 3343 1372 κᾶν
3368 1316 3652 1386 ἄνθρωπον
3677 1315 3946 1386 ὀνομάσῃ.

2356 1419 2470 1474 ἀλλ’
2497 1419 2718 1487 οἴδαμεν
2754 1416 2892 1486 μετά
2929 1415 3120 1468 τούτου
3153 1411 3247 1467 καί
3279 1410 3452 1477 Λόγον
3485 1407 3616 1461 ὄντα
3647 1406 3809 1461 αὑτὸν
3848 1405 3948 1460 τοῦ

2355 1511 2592 1583 Πατρός.
2617 1511 2774 1562 Ἐστι
2802 1508 2981 1562 τοίνυν
3009 1507 3196 1577 ἓτερον
3227 1504 3287 1556 τὸ
3320 1503 3417 1555 ἕνα
3441 1500 3620 1569 λέγειν
3648 1497 3777 1551 Υἰὸν
3806 1497 3949 1568 μετὰ

2352 1604 2453 1674 τῆς
2502 1602 2798 1672 ἑνωθείσης
2847 1599 2995 1670 αύτῷ
3045 1595 3250 1669 σαρκὸς
3297 1594 3390 1649 τὸν
3428 1596 3492 1647 ἐκ
3541 1590 3677 1646 Θεοῦ
3730 1590 3949 1661 Πατρὸς

2355 1698 2549 1767 Λόγον,
2577 1698 2670 1750 καὶ
2693 1696 2893 1766 ὁμοίως
2918 1695 3103 1764 ἕτερον
3128 1691 3187 1746 τὸ
3212 1692 3268 1744 ὲν
3295 1687 3569 1760 ἀνθρώπῳ
3596 1686 3776 1754 λέγειν
3802 1679 3945 1738 εἶναι

2353 1790 2507 1852 Θεὸν,
2554 1787 2807 1858 καθάπερ
2839 1785 3031 1855 ἀμέλει
3073 1783 3168 1837 καὶ
3201 1785 3258 1837 ὲν
3297 1782 3608 1852 προφήταις
3648 1774 3737 1850 ἦν,
3770 1778 3948 1848 ἤγουν

2355 1882 2451 1934 καὶ⁵
2482 1883 2542 1934 ὲν
2574 1881 2706 1950 ἡμῖν
2736 1880 2918 1940 αὐτοῖς
2951 1875 3038 1929 διὰ
3070 1873 3164 1928 τοῦ
3199 1873 3357 1942 ἁγίου
3392 1871 3727 1941 ιινεύματος.
3762 1871 3944 1924 Ἀκιν-

660 1963 860 2017 dixerit
887 1966 1031 2035 quis.
1057 1966 1201 2036 quod
1241 1966 1585 2023 incarnatum
1631 1967 1724 2024 Dei
1762 1966 2022 2037 Verbum,
2065 1947 2248 2042 utpote

2352 1972 2524 2035 δύνως
2557 1947 2626 2024 δὲ.
2657 1972 2752 2024 καὶ
2807 1969 3094 2038 άλήπτως,
3125 1965 3200 2030 ὣς
3242 1982 3306 2034 γε
3341 1960 3527 2035 οἶμαι,
3562 1963 3694 2034 φαίη
3731 1979 3813 2026 τις
3850 1962 3942 2025 ἂν,

659 2069 800 2110 unus
844 2056 1120 2113 exsistens
1161 2059 1353 2124 Filius.
1405 2075 1512 2115 non
1549 2061 1757 2132 absque
1794 2076 1893 2116 sua
1926 2077 2116 2130 carne,
2151 2065 2250 2120 sed

659 2161 781 2200 cum
825 2147 912 2201 illa
939 2150 1116 2218 potius
1136 2151 1474 2206 adorandum
1504 2152 1576 2207 sit
1607 2171 1622 2208 :
1653 2156 2112 2223 quemadmodum
2136 2158 2249 2211 sci-

659 2239 788 2294 licet
813 2240 981 2296 etiam
1013 2242 1250 2299 hominis
1283 2245 1464 2298 anima
1499 2260 1622 2299 cum
1671 2260 1771 2301 suo
1811 2261 2044 2315 corpore
2074 2249 2250 2304 hono-

661 2339 859 2397 ratur;
896 2345 1001 2384 una
1031 2341 1213 2388 autem
1264 2334 1654 2404 appellatione,
1695 2338 1839 2406 quod
1883 2353 1948 2393 ex
1999 2341 2249 2410 utrisque

658 2429 893 2486 constat,
924 2430 983 2475 ut
1013 2438 1180 2477 unum
1205 2425 1428 2489 animal,
1464 2426 1829 2492 significatur.
1869 2427 2039 2498 Igitur
2075 2446 2248 2499 quan-

657 2513 728 2566 do
758 2512 825 2568 de
852 2514 1096 2568 omnium
1133 2525 1378 2571 nostrum
1408 2516 1691 2573 Salvatore
1720 2519 1942 2575 Christo
1962 2537 2244 2579 sermones

657 2601 840 2660 Iacere
866 2616 1092 2676 paratus
1127 2609 1381 2664 diviseris
1407 2609 1460 2664 in
1493 2609 1600 2666 duo
1641 2627 1805 2666 unum
1838 2629 1853 2678 ;
1887 2620 1942 2667 et
1971 2615 2242 2670 hominem

659 2694 915 2764 privatim
946 2712 1011 2753 ac
1040 2700 1270 2754 seorsim
1332 2700 1747 2772 intelligendum
1783 2705 2244 2773 pronuntiaveris,

659 2787 853 2843 deinde
876 2788 1025 2843 illum
1055 2791 1459 2846 coadorandum
1491 2800 1547 2847 et
1573 2793 2016 2862 coappellandum
2053 2795 2242 2864 Deum,

658 2881 813 2950 quasi
853 2881 943 2937 ille
974 2881 1113 2938 alius
1141 2883 1210 2938 sit
1244 2899 1271 2936 a
1313 2884 1532 2939 Christo
1566 2899 1634 2939 ex
1665 2885 1773 2940 Deo
1824 2886 2122 2940 secundum
2147 2902 2245 2942 na~

659 2983 837 3028 turam
877 2975 1082 3043 genito,
1117 2975 1302 3030 dicere
1324 2975 1495 3033 fueris
1523 2979 1724 3044 ausus;
1752 2978 1874 3048 quis
1915 2977 2057 3033 ferre
2091 2991 2246 3048 pote-

661 3065 757 3131 rit,
786 3075 840 3120 et
872 3075 980 3120 tam
1013 3068 1356 3137 perspicuam
1393 3079 1584 3125 contra
1624 3069 1773 3124 illiilli
1808 3072 2244 3127 criminationem

660 3154 881 3211 silentio
928 3159 1256 3227 praeterire?
1288 3158 1474 3214 Potius
1526 3160 1672 3214 enim
1737 3161 2026 3216 dicendum
2082 3175 2243 3218 erat:

2352 2065 2434 2118 ὅτι
2474 2065 2502 2116 6
2535 2061 2840 2133 σαρκωθεὶς
2873 2060 2966 2113 τοῦ
3001 2058 3138 2112 Θεοῦ
3170 2058 3376 2126 Λόγος,
3421 2056 3497 2120 ὠς
3547 2050 3628 2118 εἷς
3677 2056 3945 2125 ὑπάρχων

2355 2156 2500 2219 Υἱὸς,
2543 2155 2666 2223 οὐχὶ
2695 2155 2818 2224 δίχα
2855 2152 2953 2222 τῆς
2985 2148 3180 2204 ἑαυτοῦ
3211 2148 3434 2218 σαρκὸς,
3475 2147 3615 2218 μετὰ
3645 2147 3852 2216 ταύτης
3882 2148 3946 2198 δὲ

2354 2247 2577 2317 μᾶλλον,
2617 2247 2734 2298 ἐστι
2768 2241 3168 2315 προσκυνητός.
3213 2239 3483 2309 Καθάπερ
3521 2239 3714 2308 άμέλει
3763 2239 3860 2292 καὶ
3908 2241 3944 2309 ἠ

2348 2339 2442 2395 τοῦ
2489 2338 2778 2410 ἀνθρώπου
2812 2336 2958 2406 ψυχὴ
2994 2335 3128 2405 μετὰ
3161 2333 3255 2387 τοῦ
3293 2333 3425 2386 ἰδίου
3475 2335 3702 2402 τιμᾶται
3753 2330 3946 2399 σώμα-

2347 2451 2460 2498 τος,
2492 2433 2682 2501 κλήσει
2703 2431 2760 2484 δὲ
2796 2432 2893 2501 μιᾷ
2920 2430 2980 2482 τὸ
3015 2427 3073 2492 se
3099 2430 3322 2497 ἀμφοῖν,
3350 2426 3423 2488 ὡς
3455 2425 3512 2478 ἓν
3539 2423 3699 2490 ζῶον,
3739 2425 3946 2494 σημαί-

2347 2542 2519 2580 νεται.
2545 2526 2714 2577 Ὅταν
2744 2522 2924 2575 τοίνυν
2963 2523 3092 2592 περὶ
3122 2519 3216 2572 τοῦ
3249 2518 3465 2571 πάντων
3496 2517 3654 2587 ἡμῶν
3683 2517 3944 2586 Σωτῆρος

2346 2615 2583 2688 Χριστοῦ
2607 2617 2733 2676 τοὺς
2756 2613 2947 2678 λόγους
2976 2609 3245 2663 ποιεῖσθαι
3264 2608 3735 2679 προθυμούμενος,
3753 2606 3942 2677 διέλῃς

2347 2707 2428 2770 εις
2455 2705 2549 2759 δύο
2576 2704 2666 2758 τὸν
2699 2703 2814 2767 ἕνα,
2837 2703 2931 2756 καὶ
2957 2700 3244 2770 ἄνθρωπον
3281 2699 3466 2762 ξδικὼς
3498 2700 3594 2751 καὶ
3633 2698 3736 2751 ἀνά
3769 2698 3944 2769 μέρος

2346 2797 2636 2868 νοούμενον
2666 2797 2978 2867 ἀποφήνῃς.
3009 2791 3127 2846 εἶτα
3163 2789 3353 2844 τοῦτον
3391 2789 3944 2861 συμπροσκυνεῖσθαι

2346 2890 2457 2943 δεῖν
2509 2890 2600 2942 καὶ
2628 2887 3093 2958 συγχρηματίζειν
3123 2886 3277 2948 Θεὸν,
3299 2885 3376 2946 ὡς
3405 2884 3577 2953 ἑτέρῳ
3614 2884 3741 2953 παρ’
3773 2883 3944 2936 αὑτὸν

2349 2983 2648 3054 ὑπάρχοντι
2678 2979 2898 3051 Χριστῷ
2928 2977 3004 3050 τῷ
3036 2981 3100 3030 ὲκ
3129 2976 3264 3030 Θεοῦ
3294 2977 3433 3029 κατὰ
3464 2976 3622 3044 φύσιν
3647 2974 3784 3045 Υἱῷ,
3817 2976 3946 3027 το).-

2352 3078 2533 3146 μήσῃς
2564 3076 2762 3134 εἰπεῖν,
2802 3073 2885 3135 τις
2909 3072 2937 3124 6
2976 3070 3320 3140 καρτερῆσαι
3356 3068 3678 3136 δυνάμενος,
3712 3068 3808 3119 καὶ
3837 3069 3946 3137 τὴν

2347 3168 2490 3222 οὕτω
2522 3166 2776 3238 προφανῆ
2806 3162 3186 3234 γλωσσαλγίαν
3222 3161 3343 3214 κατ’
3366 3159 3534 3214 αὑτοῦ
3568 3163 3744 3230 σιωπῇ
3773 3167 3798 3194 °
3835 3177 3946 3212 1:1-

657 3247 792 3304 Colo
841 3249 1061 3320 quidem
1107 3252 1342 3307 Verbum
1388 3252 1481 3308 Dei
1511 3253 1716 3308 factum
1765 3254 2062 3319 hominem,
2096 3257 2238 3326 quod

2355 3259 2664 3333 ρατρὲχων;
2695 3257 2842 3310 Ἔδει
2877 3256 2986 3324 γάρ
3025 3253 3223 3323 μᾶλλον
3263 3254 3471 3305 εἰπεῖν’
3514 3251 3752 3320 Σέὸομεν
3786 3262 3813 3301 ρ
3849 3251 3946 3305 τὸν

660 3339 966 3409 appellatur
999 3340 1165 3409 Deus,
1201 3355 1258 3398 et
1293 3345 1347 3398 in
1409 3346 1748 3400 humanitate
1791 3348 2049 3401 adoratur
2075 3365 2089 3413 ;
2117 3351 2242 3417 quia

661 3442 855 3488 natura
890 3435 1031 3490 Deus
1060 3445 1163 3500 est,
1202 3445 1257 3491 et
1285 3451 1347 3491 ex
1369 3437 1479 3492 Deo
1504 3437 1664 3493 Patre
1695 3440 1968 3507 apparuit.
2002 3439 2076 3494 At
2099 3442 2245 3496 enim

659 3524 848 3580 dicunt
894 3527 1193 3583 adversarii
1227 3527 1432 3584 :Certe
1486 3531 1909 3596 deprehenderis
1960 3542 2014 3586 et
2049 3534 2163 3600 ipse
2191 3535 2244 3588 iu

659 3619 892 3688 epistola
936 3621 1205 3685 scribens,
1258 3622 1401 3692 quod
1453 3623 1658 3677 sederit
1712 3623 1880 3678 Filius
1928 3639 2050 3678 cum
2085 3625 2248 3681 Patre

652 3725 786 3765 eum
827 3715 1043 3783 propr-ia
1069 3716 1559 3786 carnezquomodo
1602 3731 1735 3787 ergo
1769 3718 2126 3785 reprehendis
2165 3719 2246 3774 di-

661 3813 897 3870 centem,
939 3806 1082 3875 quod
1138 3823 1261 3862 cum
1315 3809 1424 3863 Deo
1453 3807 1634 3863 Verbo
1682 3809 1955 3863 hominem
2004 3812 2245 3877 adorari,

658 3906 716 3951 et
748 3897 910 3953 simul
939 3898 1108 3955 Deum
1135 3902 1318 3955 vocari
1345 3909 1598 3970 oporteat
1626 3901 1650 3954 2
1685 3901 1828 3956 Idem
1855 3903 1999 3957 enim
2039 3913 2124 3958 est
2165 3905 2249 3959 di-

658 4004 785 4045 cere
815 3990 934 4056 σὺν,
970 4002 1025 4047 et
1056 3994 1210 4064 μετά.
1263 3994 1497 4049 Proinde
1530 3996 1923 4064 redarguamus
1969 4011 2063 4051 eos
2091 3998 2246 4067 ignoo

2349 3351 2442 3406 τοῦ
2473 3348 2610 3404 Θεοῦ
2640 3349 2832 3416 Λόγον,
2868 3346 3156 3414 γενόμενον
3196 3342 3501 3411 ἄνθρωπον,
3531 3342 3627 3395 καὶ
3664 3343 3946 3412 χρηματί-

2349 3446 2511 3511 ζοντα
2541 3443 2694 3507 Θεὸν,
2723 3442 2820 3494 xui.
2848 3442 2904 3492 ὲν
2937 3437 3288 3507 ἁθρωπότητι
3326 3435 3829 3506 προσκυνούμενον,
3859 3436 3946 3489 ὅτι

2350 3538 2444 3590 καὶ
2479 3538 2638 3605 φύσει
2679 3533 2808 3595 Θεός
2850 3534 2966 3584 ἐστι
2989 3571 3004 3594 ,
3043 3529 3138 3583 καὶ
3171 3529 3236 3580 ὲκ
3270 3526 3406 3580 Θεοῦ
3448 3527 3656 3596 πέφηνε
3700 3528 3944 3598 Πατρός.

2363 3628 2525 3682 Ἀλλὰ
2565 3628 2674 3698 γὰρ
2717 3625 2804 3678 ναὶ
2825 3663 2839 3688 ,
2880 3623 3046 3690 φασιν
3072 3623 3121 3676 οἱ
3170 3621 3239 3674 δι’
3263 3619 3538 3683 ἐναντίας,
3571 3618 3754 3690 άλώσῃ
3789 3630 3946 3672 πουοι

2350 3723 2443 3774 καὶ
2469 3719 2632 3783 αὐτὸς
2673 3721 2730 3772 ὲν
2761 3715 3016 3785 ἐπιστολῇ
3049 3709 3368 3782 γεγραφὼς,
3407 3712 3490 3764 ὅτι
3521 3711 3888 3781 συνήδρευσεν
3919 3715 3949 3764 6

2350 3813 2478 3875 Υἱὸς
2531 3811 2608 3882 τῷ
2656 3809 2835 3880 Πατρὶ
2878 3807 3015 3879 μετὰ
3055 3807 3156 3878 τῆς
3191 3805 3325 3866 ἰδίας
3358 3806 3589 3875 σαρκός.
3637 3801 3770 3859 Εἶτα
3823 3808 3947 3870 πῶς

2351 3902 2696 3974 ἑπιλαμὸάνῃ
2721 3900 2815 3954 τοῦ
2844 3901 3114 3968 λέγοντος,
3140 3899 3220 3952 ὅτι
3255 3896 3360 3969 χρὴ
3395 3897 3946 3969 συμπροσκυνεῖσθαι

2350 3997 2439 4049 τὸν
2489 3994 2776 4066 ἄνθρωπον
2828 3991 2905 4062 τῷ
2943 3989 3062 4061 Θεῷ
3098 3990 3278 4058 Λόγῳ,
3329 3989 3424 4041 καὶ
3468 3989 3946 4059 συγχρηματεζειν

658 4096 785 4136 rare
841 4083 1112 4139 dictorum
1156 4087 1282 4150 vim,
1316 4096 1372 4141 et
1407 4102 1587 4141 rerum
1625 4094 1875 4141 naturam
1923 4104 2028 4143 non
2073 4090 2247 4161 inspi-

2352 4089 2516 4155 Θεόν;
2546 4087 2756 4141 Ταυτὸν
2783 4086 2891 4155 γάρ
2916 4085 3064 4137 ἐστιν
3092 4085 3266 4136 εἰπεῖν
3309 4081 3404 4135 καὶ
3431 4081 3493 4134 τὸ
3535 4083 3679 4147 σὺν,
3740 4083 3840 4137 καὶ
3881 4085 3947 4136 τὸ

658 4187 806 4228 cere.
869 4174 1032 4246 180
1085 4175 1298 4231 Etenim
1360 4179 1578 4248 quando
1619 4178 1673 4233 in
1719 4195 1826 4233 una
1898 4196 2131 4250 persona
2193 4194 2248 4239 et

2352 4181 2514 4253 μετά.
2543 4179 2752 4234 Οὐκοῦν
2779 4176 3117 4249 ἠγνοηκότας
3145 4176 3460 4247 δλέγχωμεν
3486 4175 3596 4229 τῶν
3625 4175 3946 4246 εἰρημένων

661 4274 877 4329 natura,
907 4267 1011 4323 hoc
1046 4279 1149 4335 est,
1185 4270 1541 4326 subsistentia
1586 4287 1713 4334 una,
1754 4287 1934 4327 sermo
1959 4275 2248 4344 diligenter

2352 4275 2448 4346 τὴν
2477 4272 2730 4344 δύναμιν,
2780 4271 2874 4324 καὶ
2905 4273 2972 4340 τῇ
2999 4279 3020 4307 ν
3049 4269 3160 4322 τῶν
3191 4267 3535 4338 πραγμάτων
3574 4267 3675 4320 οὐκ
3705 4268 3946 4339 ἐνορῶν-

657 4359 981 4415 examinans
1009 4377 1094 4427 ea,
1126 4378 1193 4417 ex
1214 4365 1411 4434 quibus
1433 4374 1539 4426 est,
1567 4364 1670 4419 hoc
1695 4374 1802 4427 est,
1843 4376 2059 4421 constat
2091 4377 2248 4422 natu-

2352 4384 2447 4430 τας
2515 4365 2675 4436 φύσει
2701 4375 2746 4421 ⁸.
2810 4363 2981 4416 Ὅταν
3035 4360 3135 4431 μὲν
3163 4360 3272 4429 γάρ
3322 4361 3410 4428 ἐφ’
3463 4360 3582 4422 ἑνὸς
3611 4358 3942 4430 προσώπου,

659 4453 868 4518 raliter.
904 4456 1181 4529 subjungit
1214 4461 1654 4530 praepositionem
1699 4463 1796 4514 σὺν
1826 4461 1906 4515 vel
1943 4461 2102 4532 μετὰ,
2130 4477 2246 4516 εον-

2352 4459 2444 4514 xei
2478 4458 2721 4528 φύσεως,
2758 4455 2927 4525 ἤγουν
2972 4452 3325 4516 ὑποστάσεως
3375 4453 3524 4521 μιᾶς,
3554 4450 3864 4521 βασανίζων
3915 4455 3947 4506 6

656 4546 804 4600 vavit
837 4547 1002 4602 etiam
1053 4551 1134 4605 sic
1187 4551 1239 4606 in
1304 4567 1363 4608 re
1408 4551 1737 4622 signiﬁcata,
1807 4555 1946 4622 quod
1977 4570 2141 4607 unum
2175 4554 2246 4609 sit

2352 4552 2504 4621 λόγος
2540 4551 2608 4604 τὰ
2640 4548 2698 4615 ἐξ
2729 4541 2804 4602 ὧν
2837 4546 3003 4609 ἔστιν,
3041 4547 3158 4608 ἦτοι
3189 4543 3473 4612 σύγκειται
3508 4542 3775 4612 φυσικῶς,
3818 4545 3946 4597 ὲπιο

656 4638 956 4694 secundum
982 4644 1456 4713 compositionem,
1485 4655 1541 4700 et
1591 4661 1701 4700 non
1745 4645 1797 4700 in
1827 4647 1933 4702 duo
1983 4647 2240 4702 distincte

2352 4646 2486 4716 φέρῃ
2514 4644 2575 4697 τὸ
2603 4641 2744 4704 σὺν,
2771 4641 2888 4711 ἢτοι
2923 4638 2983 4692 τὸ
3033 4638 3184 4707 μετὰ
3203 4677 3217 4702 ,
3265 4638 3533 4707 τετήρηκε
3561 4635 3639 4706 τῷ
3671 4652 3948 4706 σημαινο-

659 4727 944 4785 discernit.
966 4731 1192 4797 Quando
1221 4745 1402 4789 autem
1431 4746 1556 4791 ante
1579 4737 1851 4793 distinctis
1875 4739 2242 4794 subsistentiis

2352 4739 2518 4810 μένῳ,
2547 4736 2639 4790 καὶ
2671 4734 2816 4788 οὕτω
2851 4733 2912 4786 τὸ
2956 4733 3014 4785 ἓν
3043 4729 3183 4786 εἶναι
3222 4730 3365 4783 κατὰ
3393 4728 3665 4792 σύνθεσιν,
3709 4729 3807 4782 καὶ
3836 4731 3947 4784 οὐκ

660 4817 715 4872 in
750 4821 877 4888 duo,
903 4832 958 4876 et
986 4832 1044 4878 nt
1092 4840 1340 4881 seorsum
1390 4839 1679 4901 utrumque
1715 4840 1769 4886 et
1799 4831 2052 4901 privatim
2076 4831 2241 4886 intel-

2352 4835 2426 4895 εἰς
2463 4831 2557 4883 δύο
2603 4826 2947 4900 διῃρημένοις
2995 4824 3185 4895 διοριεῖ
3211 4823 3229 4859 ί
3253 4840 3264 4852 ·
3305 4823 3432 4875 ὅταν
3465 4821 3521 4874 δὲ
3558 4821 3946 4895 προδιῃρημέ-

660 4911 883 4982 ligatur,
939 4919 1255 4987 prmpositio
1335 4923 1453 4988 σὺν,
1510 4923 1592 4978 vel
1660 4925 1800 4996 μετὰ
1847 4925 2064 4990 dicitur,
2119 4936 2245 4979 tunc

2352 4942 2452 4977 νων
2476 4936 2503 4963 ιι
2537 4921 2892 4975 ὑποστάσεων
2922 4920 2999 4981 εἰς
3029 4916 3143 4991 δύο³
3172 4915 3266 4971 καὶ
3299 4915 3433 4986 πρός
3467 4931 3529 4982 γε
3567 4914 3628 4968 τὸ
3670 4915 3787 4966 δεῖν
3832 4917 3949 4971 ἀνά

659 5003 791 5072 duo,
839 5007 925 5062 vel
983 5010 1145 5065 etiam
1195 5013 1371 5081 plura,
1427 5027 1483 5068 et
1543 5032 1648 5070 non
1716 5033 1881 5070 unum
1947 5018 2241 5072 secundum

2352 5015 2516 5086 μέρος
2548 5013 2807 5083 ἑκάτερον
2841 5007 3081 5061 νοεῖσθαι
3111 5008 3202 5060 καὶ
3236 5006 3416 5070 ἱδικῶς
3445 5006 3504 5058 τὸ
3547 5005 3688 5068 σὺν,
3713 5007 3896 5076 ἠγουν
3918 5017 3946 5048 ν

659 5101 1113 5169 compositionem
1146 5107 1439 5176 signiﬁcari
1471 5109 1999 5179 diciﬂ'lll8»Exelitpli
2025 5111 2192 5178 gratia
2223 5150 2238 5174 ,

2352 5109 2410 5159 τὸ
2471 5106 2618 5175 μετὰ
2657 5104 2917 5173 λέγηται,
2962 5099 3083 5153 τότε
3117 5097 3348 5168 δυοῖν,ἢ
3398 5099 3491 5150 καὶ
3533 5097 3614 5149 ἔτι
3669 5098 3947 5154 πλειόνων

659 5195 702 5250 si
742 5193 880 5249 forte
911 5195 1178 5260 dicamus,
1211 5200 1530 5254 cohonorari
1565 5202 1801 5256 animam
1840 5202 2075 5258 hominis
2117 5217 2238 5256 cum

2352 5199 2500 5260 αὐτὸ,
2532 5198 2625 5250 καὶ
2655 5198 2751 5266 ούχ
2797 5195 2912 5258 ἐνὸς
2954 5209 3094 5247 κατα
3143 5190 3393 5244 σύνθεσιν
3435 5189 3710 5243 ποιεῖσθαί
3752 5207 3945 5262 φαμεν

659 5303 757 5342 suo
795 5303 1049 5358 corpore,
1091 5289 1136 5344 si
1186 5291 1309 5358 quis
1345 5292 1517 5346 honor
1547 5303 1696 5349 certe
1742 5295 1898 5348 ﬁeret
1923 5309 1950 5346 a
1982 5294 2238 5363 quopiam

2352 5291 2448 5361 τὴν
2476 5289 2724 5359 δήλωσιν.
2759 5280 2902 5347 Οἴον,
2926 5286 2973 5337 εἰ
3005 5283 3257 5353 λέγοιμεν
3285 5280 3446 5351 τυχὸν
3465 5280 3831 5351 συντιμᾶσθαι
3865 5284 3948 5354 τῷ

658 5395 787 5450 erga
814 5396 978 5437 unum
1010 5383 1306 5448 hominem,
1343 5385 1541 5454 quiest
1568 5401 1632 5441 cx
1669 5387 1954 5455 utrisque:
1988 5387 2088 5441 hoc
2118 5399 2224 5447 est.

2357 5384 2452 5452 δίῳ
2488 5381 2698 5450 σώματι
2733 5377 2830 5448 τὴν
2858 5375 2948 5431 τοῦ
2978 5373 3265 5446 ἀνθρώπου
3293 5373 3493 5443 ψυχὴν,
3526 5372 3578 5424 εἴ
3603 5390 3688 5437 τις
3719 5375 3948 5442 γένοιτο

727 5541 772 5574 ⁸⁷
812 5543 826 5596 l
863 5543 990 5600 Cor.
1019 5560 1092 5608 vi.
1131 5545 1209 5598 l7.

1730 5677 1902 5732 Variae
1941 5677 2196 5732 lectiones
2229 5693 2291 5731 ex
2323 5678 2508 5733 codice
2539 5677 2917 5746 chuieriano.

724 5841 753 5872 ι
777 5837 844 5904 ἢν
883 5838 929 5890 6.
1011 5846 1033 5873 °
1067 5840 1214 5906 σιγῇ.
1290 5847 1318 5888 Ρ
1353 5835 1494 5892 σέϐω
1521 5837 1638 5906 μὲν.
1742 5840 1769 5889 ιι
1799 5835 1871 5901 ὥς
1902 5852 2023 5890 που.
2135 5844 2157 5873 ι’
2190 5834 2274 5888 iu.
2308 5834 2422 5904 τήν.
2541 5846 2560 5872 ⁸
2597 5833 2681 5888 ἴον.
2721 5831 2917 5902 etiam:
2999 5836 3015 5869 ¹
3053 5832 3267 5904 διαιρεῖ.
3347 5839 3372 5868 ιι
3406 5829 3942 5906 προσῦιῃρημέγων.

660 5915 684 5950 ν
719 5907 856 5975 ἦτοι.

1011 5846 1033 5873 °
1067 5840 1214 5908 σιγῇ.
1290 5847 1318 5888 Ρ
1353 5835 1494 5892 σέϐω
1521 5837 1638 5908 μὲν.
1742 5840 1769 5889 ιι
1799 5835 1871 5901 ὥς
1902 5852 2023 5890 που.
2135 5844 2157 5873 ι’
2190 5834 2274 5888 ἵσ.
2308 5834 2422 5904 τήν.
