4108 6478
166 412 246 468 553
743 419 1270 482 APOLOGETICUS
1309 425 1443 483 PRO
1487 427 1583 485 XII
1623 429 1993 490 CAPITIBUS
2030 435 2310 493 CONTRA
2351 438 2809 503 ORIENTALES.

3301 455 3409 514 354

162 531 262 602 παρ’
286 530 437 586 αὑτοῦ
468 542 494 570 ι
528 538 675 610 τιμὴ
731 542 860 613 περὶ
892 543 981 596 τὸν
1011 545 1107 597 ’ἐνα
1140 545 1448 618 ἄνθρωπον,
1477 550 1533 614 ὃς
1581 552 1715 605 ὲστιι

1833 555 1880 610 si
1926 557 2049 626 quis
2090 559 2316 625 diceret,
2385 561 2623 616 animam
2687 580 2810 620 cum
2860 582 2960 622 suo
3013 579 3242 642 cOrpore
3287 593 3410 636 esse

161 626 204 692 ἐξ
241 626 424 695 ἀμφοῖν
446 644 460 657 ·
499 629 710 699 ἥγουν,
754 635 802 687 εἴ
831 653 914 698 τις
960 635 1106 705 λέγει
1153 639 1209 692 ἓν
1239 641 1377 705 ζῶον
1409 636 1549 696 εἶναι
1587 646 1726 714 μετά

155 715 226 770 τοῦ
257 716 377 771 ἰδίου
408 720 710 791 σώματος,
759 726 877 796 οὐχὶ
915 729 1134 792 πάντως
1163 732 1242 794 είς
1280 731 1599 802 ἀνθρώπους
1632 735 1728 789 δύο

155 810 432 899 διοριεῖλτδν
465 812 605 867 ἔντε’
661 819 919 886 φαίνεται
970 822 1027 875 δὲ
1065 822 1268 893 μᾶλλον
1307 826 1409 878 οὐκ
1437 827 1726 899 ἠγνοηκὼς

150 905 203 954 τὰ
231 905 280 970 ἐξ
311 897 384 959 ὧν
417 905 600 973 ἔστιν,
639 912 770 983 ἦτοι
803 914 1133 970 συντέθειται
1180 918 1446 987 φυσικῶς.
1470 897 1638 974 Ὅταν
1669 921 1725 975 δὲ

153 993 290 1045 είπωο
319 996 528 1067 Πέτρος
556 1018 622 1055 τε
656 1005 755 1057 καὶ
783 1004 1036 1076 Ἰωάννης
1069 1010 1604 1080 συγχρηματίξουσιν
1633 1013 1726 1067 ἀν-

147 1084 343 1155 Θρωποι,
375 1088 406 1160 η
446 1091 613 1158 γοῦν,
658 1095 745 1148 ὃτι
771 1096 928 1150 Μετά
962 1098 1172 1170 Πέτρου
1218 1103 1312 1154 καὶ
1345 1101 1594 1175 Ἰωάννης
1627 1106 1722 1157 ἀν-

147 1176 327 1232 ίθαενεν
353 1182 435 1244 είς
454 1183 519 1236 τὸ
552 1185 734 1256 ἱερὸν,
762 1189 945 1242 οὐκέτι
967 1189 1029 1242 τὸ
1045 1190 1242 1262 σὺν,ἢ
1272 1193 1403 1261 γοῦν
1444 1195 1505 1248 τὸ
1549 1197 1720 1265 μετὰ,

139 1267 222 1337 τὴν
247 1269 359 1334 ἑνὸς
387 1277 647 1328 ποιεῖται
687 1277 939 1349 δήλωσιν.
985 1282 1060 1334 υὺ
1109 1281 1218 1352 γὰρ
1251 1285 1588 1341 συντέθειται
1622 1287 1725 1341 Πέ-

137 1373 246 1426 τρος
280 1360 530 1434 Ἰωάννῃ,
580 1365 708 1419 ἀλλ’
731 1367 850 1420 οὐδὲ
886 1371 964 1432 εἰς
991 1369 1109 1434 ἐνὸς
1141 1370 1431 1443 ἀνθρώπου
1464 1373 1722 1428 σύστασιν

135 1453 352 1509 τελοῦσιν
377 1459 727 1533 ἀμφότεροι.
763 1464 827 1517 Τί
854 1465 1032 1518 τοίνυν
1061 1467 1370 1536 σοφίζονται
1394 1477 1422 1517 γ
1456 1469 1552 1541 τὴν
1592 1470 1724 1542 ἀλή-

135 1545 280 1612 θειαν,
307 1549 668 1622 διαιροῦντες
698 1555 925 1625 ἀμαθῶς
952 1558 1031 1622 είς
1059 1557 1153 1611 δύο
1181 1559 1224 1611 Χ
1234 1561 1450 1630 ριστοὺς
1482 1562 1573 1614 τὸν
1594 1562 1719 1628 ἕνας

135 1639 247 1692 Εἰδὲ
279 1643 638 1712 νομίζουσιν,
663 1647 770 1711 ὅτι,
799 1648 1135 1717 συνεδρεύειν
1160 1649 1412 1718 λέγοντες
1441 1651 1519 1724 τῷ
1547 1654 1722 1723 Πατρὶ

133 1731 207 1780 τὴν
238 1731 359 1784 Υῖὸν
411 1737 564 1804 μετά
598 1738 698 1791 τοῦ
737 1738 867 1792 ῑδξου
901 1740 1186 1811 σώματος,
1229 1743 1322 1796 δύο
1363 1744 1602 1798 νοεῖσθαι
1632 1745 1719 1797 δε·

129 1820 359 1895 δώκαμεν
414 1829 581 1892 υἱοὺς
607 1871 621 1894 ,
678 1832 1089 1900 ὲρευνάτωσαν,
1132 1835 1180 1888 εἰ
1219 1834 1292 1907 μὴ
1329 1835 1424 1889 ἕνα
1469 1836 1720 1906 λέγοντες

134 1914 257 1977 Υἱὸν,
289 1920 387 1989 μιᾷ
416 1921 782 1990 συνεδρεύσει
808 1925 1134 1996 τετιμῆσθαί
1160 1945 1360 1999 φαμεν,
1388 1929 1482 1982 καὶ
1507 1930 1568 1982 οὐ
1593 1930 1713 1984 δυσὶ
1748 1915 1792 1974 Β

130 2007 342 2071 μᾶλλον
371 2011 453 2074 ὡς
511 2015 654 2083 μίαν
697 2015 796 2085 μὲν
840 2018 934 2071 καὶ
969 2018 1141 2091 ῖδικὴν
1191 2021 1591 2093 έκνενεμῆσθαι
1639 2022 1716 2092 τῷ

129 2099 338 2168 σώματι,
379 2104 597 2175 ἑτέραν
631 2107 688 2159 δὲ
729 2108 892 2161 πάλιν
925 2113 1020 2164 καὶ⁵
1053 2112 1223 2183 ίδικὴν
1253 2114 1329 2184 τῷ
1362 2115 1540 2185 Λόγῳ.
1576 2116 1714 2168 Ἀλλ’

125 2190 209 2241 οὐκ
251 2193 320 2245 ἂν
350 2194 540 2265 ἔχοιεν
595 2199 860 2267 ἐπιδεῖξαι
900 2203 1092 2255 τοῦτο·
1127 2205 1245 2266 πῶς
1277 2206 1405 2277 γὰρ,
1446 2207 1479 2278 ἢ
1518 2206 1714 2273 πόθεν;

129 2281 248 2337 Ἕνα
271 2287 379 2359 γὰρ
423 2289 568 2344 ὄντα
608 2291 736 2344 Υίὺν
769 2293 905 2363 μετά
936 2295 1036 2365 τῆς
1073 2296 1208 2358 ιδίας
1239 2298 1440 2369 σαρκὸς
1470 2299 1563 2352 τὸν
1587 2299 1715 2353 Υίὺν

126 2371 238 2427 Θεόν
266 2395 322 2431 τε
353 2381 498 2450 ὁμοῦ
527 2385 628 2437 καὶ
654 2385 941 2456 ἄνθρωπον
968 2387 1061 2441 τὸν
1093 2389 1279 2450 αὐτὸν.
1307 2393 1405 2463 μιᾷ
1434 2393 1714 2463 συνεδρεύ-

132 2479 196 2515 σει
220 2470 281 2537 τῇ
313 2472 453 2539 πρὸς
483 2474 586 2525 τὸν
618 2475 837 2546 Πατέρα
864 2477 1188 2549 διαπρέπειν
1217 2481 1674 2555 διαϐεϐαιούμεθα
1696 2501 1711 2516 '

129 2555 175 2604 τό
201 2573 260 2623 γε
296 2561 407 2631 μὴν
453 2569 1008 2635 συμπροσκυνεῖσθαι
1042 2571 1220 2638 λέγειν
1251 2574 1540 2646 ἄνθρωπον
1571 2576 1707 2646 Θεῷ,

130 2649 205 2701 καὶ
229 2657 711 2726 συγχρηματίζειν
742 2661 894 2728 Θεὸν,
916 2663 1008 2716 δύο
1034 2680 1139 2716 που
1181 2665 1398 2729 πάντως
1430 2668 1714 2737 ὁμολογεῖν

130 2740 226 2794 ἐστι
250 2747 375 2809 τοὺς
401 2753 945 2822 προσκυνουμένους,
969 2754 1001 2826 ἢ
1034 2755 1122 2808 καὶ
1151 2765 1171 2792 ι
1193 2756 1439 2826 ἀλλήλοις
1477 2775 1714 2830 τυγχρη-

135 2832 462 2901 μένείζοντας.
507 2840 731 2913 Εὑήθης
772 2843 827 2896 δὲ
857 2843 997 2910 λίαν,
1048 2846 1142 2899 καὶ
1182 2846 1288 2900 τῶν
1321 2849 1401 2910 εἰς
1444 2848 1711 2919 ὀρθότητα

132 2926 208 2976 καὶ
249 2929 520 2999 ἀλήθειαν
557 2933 776 2987 ἐννοιῶν
807 2935 1087 3008 ἀλλότριος
1127 2937 1404 3002 παντελῶς
1431 2941 1458 2992 ὁ
1503 2939 1709 2991 τοιόσδε

129 3013 282 3082 λόγος.
323 3022 538 3091 Γέγονε
577 3027 755 3079 τοίνυν
787 3029 1231 3100 ἀναθεματισμὸς
1279 3031 1420 3084 κατά
1452 3029 1559 3083 τῶν
1593 3031 1704 3083 ὀλοο

131 3108 320 3175 τρόπως
358 3113 718 3187 διοριζὸντων
763 3119 852 3173 τὸν
899 3121 1248 3192 Ἐμμανουήλ
1295 3125 1373 3184 εἰς
1420 3121 1707 3192 ἄνθρωπον

1830 663 1992 702 unum
2016 651 2237 714 animal,
2268 667 2375 706 non
2402 665 2686 723 propterea
2716 657 2768 710 in
2802 657 2936 715 duos
2966 661 3214 720 homines
3240 683 3405 724 unum

1827 737 2057 806 dividit;
2085 741 2297 796 videtur
2325 752 2505 797 autem
2529 745 2709 812 potius
2762 763 2868 802 non
2921 749 3169 819 ignorare
3201 771 3287 819 ea,
3337 773 3402 811 ex

1827 830 2026 898 quibus
2077 844 2178 894 est,
2217 833 2323 889 hoc
2363 844 2470 901 est,
2518 839 2877 907 compositum
2923 850 3007 896 est
3053 847 3402 902 naturaliter.

1828 920 2053 988 Quando
2081 939 2208 978 vero
2243 925 2386 992 dico,
2413 925 2602 981 Petrus
2631 939 2685 983 et
2718 927 2960 987 Joannes
2996 937 3406 1005 coappellantur

1828 1013 2098 1079 homines,
2154 1015 2238 1069 vel
2265 1019 2455 1084 etiam,
2489 1019 2626 1072 Cum
2662 1019 2825 1076 Petro
2876 1021 3115 1080 Joannes
3157 1032 3403 1084 ascendit

1826 1105 1879 1160 in
1924 1106 2225 1177 templum:
2260 1125 2364 1163 non
2417 1109 2529 1178 jam
2576 1112 2694 1177 σὺν,
2739 1113 2822 1168 vel
2872 1115 3033 1186 μετὰ.
3066 1117 3118 1172 id
3150 1131 3232 1174 est
3260 1138 3400 1190 cum,

1827 1211 1991 1250 unum
2033 1199 2286 1267 quiddam
2313 1203 2603 1272 signiﬁcat.
2647 1202 2763 1259 Non
2802 1208 2946 1261 enim
2983 1208 3221 1266 Joannes
3247 1228 3403 1268 com-

1825 1290 2030 1357 positus
2065 1301 2145 1344 est
2170 1307 2289 1346 cum
2321 1293 2500 1359 Petro,
2535 1295 2628 1349 sed
2666 1313 2840 1367 neque
2863 1299 2930 1354 ad
2978 1303 3138 1358 huius
3167 1305 3405 1361 hominis

1825 1381 2270 1437 constitutionem
2295 1385 2457 1439 ambo
2491 1388 2843 1444 conveniunt.
2883 1390 2994 1446 Cur
3028 1409 3158 1462 ergo
3188 1397 3401 1451 veritati

1825 1471 2074 1536 illudunt,
2115 1475 2417 1532 dividentes
2467 1478 2717 1549 imperite
2763 1497 2927 1536 unum
2968 1485 3020 1538 in
3069 1485 3206 1540 duos
3245 1488 3404 1542 Chri-

1824 1564 1980 1619 stos?
2010 1563 2067 1619 Si
2101 1577 2279 1621 autem
2321 1579 2533 1638 putant,
2583 1573 2725 1641 quod
2773 1575 3004 1632 dicendo
3043 1577 3239 1632 Filium
3276 1595 3401 1636 eum

1824 1659 2042 1722 praprio
2075 1673 2304 1728 corpore
2327 1662 2612 1716 considere
2644 1663 2816 1729 Patri,
2853 1667 2987 1723 duos
3021 1668 3405 1740 intelligendos

1827 1747 1991 1803 Filios
2084 1754 2517 1808 concesserimus
2565 1772 2579 1822 ;
2637 1756 2933 1825 inquirant,
3003 1776 3074 1814 an
3133 1762 3401 1830 dicamus,

1825 1855 1988 1894 unum
2018 1840 2211 1896 Filium
2249 1847 2405 1898 unica
2439 1847 2772 1903 considentis
2823 1851 3147 1907 honoratum
3177 1870 3321 1920 esse,
3348 1867 3403 1912 et

1823 1949 1927 1988 non
1959 1933 2190 1998 duabus,
2237 1938 2308 1992 ita
2339 1948 2397 1992 ut
2437 1954 2541 1992 una
2576 1951 2628 1994 et
2670 1943 2924 2010 privatim
2957 1946 3157 2000 tributa
3179 1947 3251 2001 sit
3279 1963 3403 2001 cor-

1821 2027 1963 2096 pori,
1989 2028 2158 2084 altera
2179 2046 2308 2086 vero
2335 2047 2546 2086 rursum
2582 2042 2636 2087 et
2670 2036 2922 2103 privatim
2975 2037 3171 2094 Verbo.
3200 2037 3399 2094 Verum

1825 2116 1929 2171 hoc
1976 2133 2082 2172 non
2119 2131 2377 2189 poterunt
2417 2123 2726 2181 ostendere.
2779 2126 3062 2193 Quomodo
3107 2131 3276 2196 enim,
3318 2131 3402 2186 vel

1820 2209 2009 2263 unde?
2039 2208 2173 2265 Nam
2205 2228 2369 2266 unum
2403 2215 2726 2269 etenmdem
2761 2216 2928 2270 Deum
2962 2218 3192 2274 simulet
3221 2221 3402 2275 homi-

1821 2313 1942 2352 nem
1998 2316 2100 2353 una
2138 2304 2477 2359 considentia
2513 2307 2656 2375 apud
2698 2306 2912 2362 Patrem
2946 2311 3222 2366 honestari
3256 2313 3401 2366 allir-

1820 2406 2050 2446 mamus.
2095 2391 2370 2448 Caeterum
2445 2397 2628 2451 dicere
2666 2398 2940 2454 hominem
2999 2404 3211 2457 adorari
3275 2421 3397 2460 cum

1817 2483 1951 2548 Deo,
1984 2495 2038 2540 et
2085 2488 2410 2556 coappellari
2479 2489 2673 2558 Deum,
2747 2495 2969 2548 omnino
3023 2507 3105 2550 est
3150 2497 3396 2554 conﬁteri

1819 2579 1952 2630 duos
1980 2578 2303 2646 adorandos,
2355 2579 2436 2636 vel
2478 2583 2643 2636 etiam
2679 2584 2823 2638 inter
2874 2601 2934 2640 se
2958 2589 3392 2658 coappellaudos.

1816 2669 1978 2737 Atqui
2029 2670 2182 2726 valde
2221 2671 2420 2739 fatuus,
2463 2685 2517 2728 et
2559 2690 2587 2728 a
2632 2677 2796 2731 rectis
2832 2685 2888 2733 et
2921 2679 3066 2734 veris
3110 2682 3399 2751 cogitatio-

1817 2759 1973 2814 nibus
2010 2764 2233 2816 omnino
2286 2764 2498 2820 alienus
2542 2775 2625 2820 est
2668 2766 2936 2836 ejusmodi
2982 2785 3184 2825 sermo.
3230 2773 3398 2843 Igitur

1816 2848 1992 2905 factus
2035 2861 2117 2905 est
2154 2854 2644 2910 aoathematismus
2694 2867 2885 2912 contra
2921 2872 3034 2924 eos,
3069 2860 3160 2928 qui
3217 2863 3395 2928 modis

1813 2943 2066 2997 omnibus
2119 2944 2365 2998 dividunt
2413 2947 2816 3004 Emmanuclem
2854 2951 2904 3004 in
2938 2951 3212 3007 hominem
3243 2970 3396 3008 seor-

1812 3033 1939 3101 sim,
1981 3044 2033 3089 et
2075 3035 2261 3090 Deum.
2303 3036 2468 3092 Nobis
2511 3040 2654 3093 enim
2707 3057 2873 3094 unum
2927 3043 3099 3113 ipsum
3142 3048 3391 3100 eumdem

1815 3127 2187 3198 theologorum
2220 3143 2400 3183 sermo
2435 3131 2769 3198 praedicavit,
2814 3149 3204 3208 sacrarumque
3243 3136 3394 3194 Scri-

135 3197 314 3267 ίδικῶς,
347 3209 454 3262 καὶ
486 3209 617 3262 Θεὸν
647 3210 820 3279 Λόγον
852 3212 1066 3277 ίδικῶς·
1098 3214 1195 3267 ἕνα
1225 3214 1333 3287 γὰρ
1373 3217 1506 3285 ἡμῖν
1541 3215 1704 3268 αὑτὸν

1816 3197 2091 3288 pturarum
2124 3197 2485 3277 inadulterata
2520 3225 2776 3295 cOgnitio.

132 3291 266 3347 ὁτῶν
289 3297 581 3371 θεηγόρων
605 3303 839 3373 ἐκήρυξε
871 3304 1048 3373 λόγος,
1076 3307 1171 3359 καὶ
1196 3282 1314 3360 τῶν⁷
1331 3282 1490 3378 ιερῶν
1517 3308 1700 3379 Γραμ·
1730 3282 1771 3340 c

137 3385 298 3447 μάτων
326 3392 360 3460 η
391 3391 789 3462 ἁκιὸδήλευτος
818 3395 1038 3462 γνῶσις.

556 3504 1148 3562 ΑΝΑΘΕΜΑΤΙΣΜΟΣ
1188 3509 1262 3564 Θ’.

191 3611 249 3665 Et
279 3617 359 3680 τίς
396 3633 538 3687 φησι
580 3619 672 3672 τὸν
710 3620 803 3674 ἕνα
843 3625 1047 3694 Κύριον
1082 3626 1291 3696 Ἰησοῦν
1343 3629 1578 3699 Χριστὸν
1610 3631 1699 3684 δο-

136 3701 364 3767 ξάζεσθαι
390 3722 419 3751 ι
457 3711 608 3782 παρὰ
651 3712 746 3766 τοῦ
794 3715 1143 3786 ΙΙνεύματος,
1189 3718 1264 3782 ὼς
1307 3719 1566 3794 ἀλλοτρίᾳ
1609 3724 1699 3776 δυ-

135 3796 272 3865 νάμει
295 3805 363 3872 τῇ
399 3802 512 3872 ἰδίᾳ
539 3805 702 3856 αὑτοῦ
727 3805 754 3844 δ
783 3804 1084 3876 χρώμενον,
1122 3811 1216 3863 καὶ
1247 3811 1378 3882 παρ’
1407 3813 1571 3866 αὑτοῦ
1602 3815 1699 3868 λα-

136 3885 271 3942 δόντα
285 3893 344 3946 τὺ
370 3896 622 3964 ινεργεῖν
648 3895 905 3950 δύνασθαι
932 3899 1074 3951 κατά
1101 3903 1429 3972 πνευμάτων
1449 3905 1697 3976 ἀκαθάρ-

136 3993 238 4044 των,
257 3986 348 4039 καὶ
380 3986 448 4038 τὸ
479 3986 720 4060 πληροῦν
749 3992 826 4053 εἰς
850 3991 1170 4062 ἀνθρώπους
1200 3995 1300 4058 τὰς
1334 3995 1660 4068 θεοσημείας
1681 4017 1694 4030 ο

138 4073 211 4161 καὶ
233 4078 348 4149 οὐχὶ
380 4079 450 4151 δὴ
485 4081 687 4150 μᾶλλον
729 4082 857 4135 ἴδιον
895 4084 1061 4137 αὑτοῦ
1089 4086 1150 4138 τδ
1183 4088 1408 4158 ΙΙνεῦμά
1441 4107 1595 4161 φησι,
1628 4092 1695 4143 δι’

136 4156 184 4216 οὗ
204 4171 286 4224 καὶ
325 4172 604 4244 ἐνήργησε
635 4173 732 4236 τὰς
765 4174 1118 4245 θεοσημείας*
1150 4156 1400 4250 ἀνάθεμα
1426 4156 1585 4235 ἔστω.

418 4372 785 4441 Ἆγτίρῤησις
817 4373 938 4429 τῶν
980 4376 1390 4433 Ἀνατολικῶν.

188 4479 343 4549 Δῦθις
393 4487 561 4540 καλὸν
589 4488 658 4541 τά
703 4489 870 4543 πάλαι
909 4491 1060 4562 αὐτῷ
1107 4494 1378 4563 εἰρημένα
1412 4496 1491 4559 είς
1527 4497 1691 4566 μέσον

2112 3514 2268 3585 181
2305 3513 2954 3574 ANATHEMATISMUS
2986 3518 3077 3576 IX.

1877 3626 1935 3684 Si
1977 3626 2101 3695 quis
2129 3643 2296 3680 unum
2322 3625 2611 3682 Dominum
2649 3627 2832 3683 Jesum
2879 3630 3157 3686 Christum
3187 3648 3213 3685 a
3258 3635 3386 3704 Spi-

1801 3719 1909 3776 ritu
1947 3719 2303 3776 clariﬂcatum
2328 3720 2546 3785 dixerit,
2574 3721 2793 3791 propria
2836 3721 3036 3778 virtute
3078 3725 3244 3796 ipsius
3268 3737 3387 3782 tan-

1802 3825 1966 3878 quam
2031 3810 2205 3865 aliena
2265 3819 2556 3876 utentem;
2604 3824 2669 3864 ac
2718 3810 2825 3864 vim
2883 3821 2938 3867 et
2983 3811 3276 3869 eﬂicaciam
3316 3817 3386 3871 ab

1801 3901 1990 3956 eodem
2030 3901 2325 3970 accepisse.
2374 3902 2502 3969 quia
2553 3912 2745 3955 contra
2794 3903 3103 3960 immundos
3153 3910 3384 3976 spiritus

1800 4001 2143 4062 operaretur,
2191 4001 2246 4047 et
2294 3992 2476 4046 divina
2531 3993 2674 4047 inter
2709 3992 2958 4049 homines
2993 3997 3251 4052 miracula
3289 4015 3385 4069 pa-

1802 4092 1989 4143 traret,
2038 4095 2101 4134 ac
2133 4096 2240 4136 non
2280 4082 2462 4150 potius
2509 4081 2687 4150 ipsum
2749 4081 3030 4152 Spiritum,
3076 4101 3174 4157 per
3217 4104 3380 4157 quem

1798 4174 1978 4229 divina
2007 4173 2161 4241 signa
2183 4173 2372 4237 edidit,
2419 4171 2565 4226 illius
2613 4173 2894 4242 pr0prium
2928 4189 3051 4228 esse
3095 4176 3382 4234 confessus

1798 4264 1960 4319 fuerit
1983 4283 1996 4331 ;
2017 4265 2304 4319 anathema
2337 4263 2426 4317 sit.

2249 4376 2605 4430 Orientalium
2642 4377 2921 4446 oppositio.

1868 4489 2066 4542 lterum
2100 4501 2279 4557 operas
2308 4486 2536 4556 pretium
2573 4485 2735 4541 fuerit
2760 4501 2846 4557 ea,
2887 4504 3007 4559 qua:
3035 4491 3163 4545 olim
3194 4492 3263 4546 ab
3285 4493 3378 4550 illo

134 4574 357 4647 ἀγαγεῖν,
393 4582 490 4635 καὶ
525 4580 654 4646 ἴσως
696 4583 1121 4657 ἐπιλελησμένον
1175 4587 1268 4641 τοῦ
1295 4599 1317 4628 ο
1351 4590 1516 4643 αὐτοῦ
1555 4592 1688 4643 ὑπο·

1816 4579 1936 4633 licta
1968 4586 2115 4643 sunt,
2139 4578 2192 4632 in
2264 4577 2500 4631 medium
2538 4578 2828 4643 adducere,
2876 4594 2931 4634 et
2963 4597 3182 4636 suorum
3209 4583 3378 4638 dicto-

138 4669 313 4742 μνῆσαι
360 4674 526 4727 αὐτόν
548 4690 562 4704 ⁸
595 4676 656 4729 οὐ
687 4677 796 4748 γὰρ
829 4679 989 4748 μόνον
1016 4680 1107 4733 τὸν
1138 4679 1346 4751 Κύριον
1377 4681 1446 4735 τά
1489 4687 1691 4754 σημεῖα

1816 4688 1914 4726 'nm
1950 4671 2199 4726 fortassis
2225 4671 2452 4725 oblitum
2493 4670 2808 4724 admonere.
2869 4671 2985 4726 Non
3018 4674 3162 4727 enim
3201 4675 3375 4730 solum

134 4760 176 4811 ἐν
205 4764 482 4834 Πνεύματι
529 4769 702 4822 ποιεῖν
743 4771 1082 4840 ἀπεφήνατο,
1125 4772 1261 4825 ἀλλά
1303 4772 1369 4842 δὴ
1404 4773 1495 4826 καὶ
1531 4775 1691 4827 αὑτὸν

1816 4766 2086 4820 )ominum
2121 4765 2273 4834 signa
2299 4764 2348 4818 in
2371 4763 2574 4832 Spiritu
2619 4761 2811 4816 fecisse
2851 4766 3375 4832 pronuntiavit;sed

133 4850 200 4904 τὸν
219 4853 462 4910 τεθνῶτα
483 4855 512 4896 ἀ
541 4857 937 4930 ζωοποιηθῆναι
982 4860 1283 4932 Πνεύματι,
1321 4865 1377 4915 ὲν
1415 4857 1501 4943 οἷς.
1525 4880 1690 4934 φησιν

1816 4858 1956 4912 :tiam
1989 4858 2165 4928 ipsum
2202 4866 2472 4910 mortuum
2501 4853 2834 4907 viviﬁcatum
2858 4869 2978 4909 esse
3005 4854 3210 4926 Spiritu
3240 4860 3376 4914 dixit

133 4941 175 4995 ὲν
199 4947 270 5016 τῷ
299 4947 506 5018 πρώτῳ
534 4949 712 5020 τόμῳ*
747 4953 810 5005 El.
838 4951 1014 5006 τοίνυν
1043 4953 1105 5005 οὐ
1141 4953 1375 5007 πέπονθε
1405 4955 1467 5007 τὸ
1497 4941 1690 5008 ’τεθνά-

1793 4951 1966 5020 primo
1999 4960 2166 5015 tomo,
2206 4949 2291 5003 his
2333 4947 2545 5002 verbis:
2571 4945 2742 5015 igitur
2778 4945 2823 4999 si
2855 4961 2956 5001 non
2990 4949 3210 5017 pertulit
3237 4952 3372 5006 mori

133 5050 195 5088 ναι
225 5039 503 5110 σαρκικῶς
547 5043 687 5096 κατὰ
723 5045 821 5108 τὰς
868 5045 1128 5114 Γραφάς,
1175 5045 1295 5099 οὐδὲ
1342 5047 1684 5117 ἑζωοποιήθη

1816 5042 2086 5097 rarnaliter
2145 5041 2440 5095 secundum
2492 5038 2829 5107 Scripturas,
2882 5054 2985 5092 non
3034 5041 3162 5095 item
3199 5043 3372 5098 viviti-

135 5121 406 5196 Πνεύματι.
454 5129 686 5184 Σκοπεῖν
724 5132 781 5186 δὲ
821 5133 900 5186 δεῖ
931 5134 1029 5203 τὴν
1073 5132 1266 5186 ἑαυτοῦ
1319 5135 1456 5206 πρὸς
1490 5137 1682 5188 έαυτδν

1816 5144 1945 5188 :atns
1973 5143 2056 5187 est
2092 5131 2318 5200 Spiritu.
2351 5129 2448 5183 Hic
2473 5128 2662 5183 videre
2707 5128 2858 5193 licet,
2900 5141 3158 5199 quantum
3187 5147 3369 5187 secum

134 5216 475 5294 ἐναντιότητα,
500 5224 560 5276 ὲν
593 5225 690 5293 μὲν
717 5227 828 5288 τοῖς
858 5226 1325 5296 ἀναθεματισμοῖς
1356 5227 1522 5280 αὑτοῦ
1579 5229 1681 5281 ἀπο

1792 5227 1906 5296 ipse
1969 5233 2191 5294 pugnet,
2226 5237 2348 5276 cum
2383 5222 2435 5274 in
2472 5220 2946 5277 anathematismis
3000 5223 3231 5292 negarit,
3266 5223 3369 5278 Do-

133 5311 500 5379 Iropstiaavmg
528 5315 619 5368 τὸν
645 5316 851 5387 Κύριον
868 5317 926 5370 ὲν
957 5317 1387 5389 ΠνεύματιΘεοῦ
1420 5318 1682 5389 δαίμονας
1792 5319 1995 5370 minum
2049 5317 2101 5370 in
2144 5315 2348 5383 Spirilu
2404 5314 2678 5368 (Ιὲειηοηεε
2730 5313 2948 5380 εῙῘοθΓθν
2995 5323 3048 5368 εί
3079 5315 3181 5369 ³¹Ῐ³
3215 5320 3367 5387 δίεπε

134 5399 404 5468 ἐκϐάλλειν,
445 5409 538 5461 καὶ
569 5409 638 5462 τά
683 5409 820 5464 ἀλλα
874 5412 1079 5481 σημεῖα
1118 5411 1317 5474 ποιεῖν,
1362 5412 1454 5464 καὶ
1487 5412 1587 5482 τὴν
1623 5414 1681 5464 ὲν

1816 5423 1989 5470 acere,
2032 5418 2089 5461 et
2150 5406 2408 5475 scriptam
2465 5405 2518 5458 in
2562 5404 2870 5475 Evangeliis
2914 5421 3100 5460 vocem
3156 5406 3367 5464 Domini

133 5493 219 5554 τοῖς
246 5493 588 5566 Εὗαγγελίοις
617 5499 881 5571 κειμένην
908 5500 1186 5572 ἔγγραφον
1216 5500 1309 5553 τοῦ
1338 5501 1542 5573 Κυρίου
1570 5520 1681 5572 φω-

1789 5500 2106 5570 exploserit,
2154 5498 2417 5554 dicentis:
2453 5517 2469 5548 ι
2506 5496 2561 5551 Si
2595 5508 2775 5551 autem
2809 5498 2859 5551 in
2901 5497 3105 5567 Spiritu
3139 5498 3231 5554 Dei
3265 5516 3368 5570 ego

1178 5678 1350 5734 Varia:
1381 5677 1644 5736 lectiones
1683 5695 1746 5733 ex
1779 5679 1964 5733 codice
1999 5678 2377 5749 Segnieriano.

149 5830 250 5887 ιῖσ.
281 5836 421 5907 παρά
445 5854 559 5890 του.
644 5843 673 5882 γ
707 5833 973 5902 σοφίζετε.
1075 5844 1096 5870 ι
1134 5851 1329 5905 προσκ.
1376 5836 1468 5890 καί

1568 5848 1591 5876 ει
1628 5832 1958 5900 δεδοξάσθαι.
2038 5834 2066 5874 ι»
2097 5832 2164 5886 δι’
2198 5834 2382 5889 αὑτοῦ.
2462 5845 2483 5872 ο
2519 5835 2603 5888 la‘.
2637 5850 2764 5888 των.
2807 5830 2833 5871 δ
2864 5831 3027 5889 αὐτὸν
3063 5831 3360 5890 τεθνεῶτα.
