4108 6488
711 434 818 495 355

1730 431 1787 487 S.
1825 430 2098 486 CYRILIJ
2138 424 2605 486 ALEXANDRINI
2647 422 2964 481 ARCllIEP.

3846 421 3966 478 356

710 554 874 622 ejicio
937 548 1291 604 daemonia".
1341 566 1360 600 ι
1411 547 1480 602 At
1533 562 1629 602 nos
1681 548 1967 603 Dominum
2031 557 2272 604 nostrum

2393 548 2474 617 μὴν
2503 543 2840 605 άΘετοῦντος,
2871 539 3120 603 εἰπόντος
3141 553 3155 568 ·
3193 556 3210 590 ι
3240 539 3303 592 El
3337 537 3392 592 δὲ
3422 538 3478 592 ἐν
3511 537 3786 609 Πνεῦματι
3818 540 3971 594 θεοῦ

712 645 896 698 Jesum
933 641 1208 696 Christum
1247 648 1302 693 et
1350 654 1445 694 sua
1498 640 1697 693 virtute
1743 647 1795 693 et
1826 637 2060 709 Spiritus
2088 653 2279 708 opera-

716 738 859 791 tione
899 733 1195 804 perfecisse
1247 731 1397 801 signa
1429 730 1776 785 confitemur.
1810 731 1927 785 Non
1949 733 2090 786 enim
2125 732 2278 800 quasi

714 833 899 880 careat
942 823 1156 893 pr0pria
1191 823 1412 886 virtute,
1469 824 1541 876 uti
1588 822 1816 876 dicimus
1859 824 2057 878 virtute
2111 823 2284 892 Spiri-

717 927 803 970 tus
847 916 1039 970 sancti.
1100 913 1212 968 Non
1251 923 1426 967 autem
1483 913 1743 982 Spiritum
1817 923 2062 969 sanctum
2122 914 2282 969 simul

716 1008 906 1061 adesse
942 1007 1142 1069 dicere,
1185 1020 1369 1060 eorum
1420 1015 1504 1060 est
1544 1007 1799 1070 arbitror,
1831 1007 1920 1075 qni
1973 1006 2284 1076 Scripturas

720 1108 938 1152 sanctas
992 1104 1207 1166 negant.
1268 1096 1399 1149 Nam
1455 1098 1700 1165 quamvis
1757 1097 1952 1152 alicubi
2003 1098 2284 1167 Scriptura

714 1194 882 1254 dicat,
926 1190 1139 1244 Patrem
1181 1190 1442 1259 perlicere
1487 1205 1647 1258 opera
1695 1190 2101 1254 miraculorum,
2160 1191 2282 1244 dum

717 1283 847 1336 dicit
881 1299 892 1336 :
933 1299 950 1332 ι
982 1281 1142 1334 Pater
1182 1281 1272 1350 qui
1318 1292 1498 1335 manet
1528 1282 1578 1335 in
1615 1295 1719 1342 me,
1755 1282 1868 1348 ipse
1941 1282 2068 1335 facit
2118 1296 2282 1351 Opera

716 1389 835 1442 qua:
853 1388 949 1442 ego
985 1372 1223 1437 facio";
1265 1392 1284 1424 ι
1325 1371 1493 1426 Filius
1551 1383 1726 1427 tamen
1765 1383 1845 1426 est
1875 1375 1962 1440 qui
1999 1373 2127 1427 facit
2170 1390 2286 1427 orn—

719 1466 804 1519 nia
841 1479 1003 1532 opera
1057 1462 1355 1517 Patriszel
1406 1465 1720 1531 licetopera
1769 1463 1887 1516 Filii
1933 1464 2167 1531 Spiritus
2202 1467 2286 1518 di-

718 1563 873 1607 entur
906 1553 1100 1615 facere,
1135 1553 1414 1605 dumdicit
1444 1570 1455 1606 :
1498 1569 1516 1601 ι
1561 1552 1615 1604 Si
1650 1562 1825 1604 autem
1872 1568 1969 1620 ego
1996 1553 2046 1604 in
2087 1552 2286 1619 Spiritu

718 1643 812 1698 Dei
851 1644 1009 1711 ejicio
1026 1642 1288 1696 daemonia
1325 1644 1373 1708 ¹;
1405 1661 1422 1693 ι
1461 1642 1718 1695 Dominus
1741 1653 1916 1695 tamen
1947 1643 2129 1710 estqui
2161 1643 2290 1695 facit

723 1731 776 1787 in
811 1732 1039 1800 Spiritu.
1090 1730 1208 1785 Non
1244 1731 1390 1786 enim
1422 1731 1685 1784 alienatus
1732 1740 1809 1784 est
1849 1730 2010 1786 Filius
2042 1749 2067 1782 ιι
2107 1730 2284 1795 Patre,

723 1824 806 1877 vel
845 1823 1293 1891 Spiritu;neque
1325 1833 1572 1891 separata
1626 1832 1678 1876 et
1735 1825 1961 1876 scorsiut
2022 1823 2286 1892 disjnm-ta

719 1927 846 1974 sunt
885 1919 1166 1972 Trinitatis
1209 1932 1418 1986 opera:
1452 1919 1546 1972 sed
1609 1920 1823 1987 propria
1885 1918 2169 1971 Trinitatis
2211 1930 2292 1972 est

724 2012 1143 2081 uniuscujusque
1165 2011 1548 2074 subsistentim,
1569 2027 1688 2080 qua:
1717 2011 1767 2064 in
1793 2011 2068 2078 Scriptura
2094 2012 2291 2064 dicitur

719 2103 964 2171 operatio
1000 2121 1013 2157 :
1062 2103 1218 2172 182
1276 2113 1335 2156 ut
1364 2102 1643 2172 Scriptura
1677 2104 1808 2156 dicit
1852 2103 2143 2171 aliquando
2175 2119 2291 2157 om-

721 2211 842 2248 nem
873 2205 1182 2250 creaturam
1207 2195 1330 2248 Filii
1359 2210 1512 2262 opus,
1535 2195 1722 2250 dicens
1753 2214 1765 2248 :
1806 2216 1824 2246 ι
1872 2197 2045 2250 Verbo
2082 2197 2290 2251 Domini

733 2287 855 2341 caeli
882 2287 1079 2339 firmati
1111 2297 1270 2352 sunt;
1306 2305 1325 2339 ι
1351 2287 1638 2354 aliquando
1671 2297 1846 2342 autem
1878 2287 2132 2357 Spiritus,
2162 2289 2288 2342 dum

720 2378 911 2432 infert:
939 2397 956 2430 ι
981 2379 1046 2431 Ει
1072 2377 1277 2446 Spiritu
1306 2378 1420 2431 oris
1450 2377 1567 2446 ejus
1582 2380 1758 2433 omnis
1783 2380 1953 2433 virtus
1978 2395 2164 2432 eorum
2183 2382 2224 2431 ’.
2266 2398 2285 2432 ι

722 2471 828 2526 Sed
865 2485 968 2524 non
993 2473 1143 2538 quasi
1170 2470 1329 2524 Pater
1362 2485 1465 2523 non
1493 2470 1665 2537 possit
1706 2471 1883 2525 omnia
1927 2473 2127 2534 lacere,
2163 2486 2292 2541 ope-

720 2572 872 2616 ratur
894 2561 1059 2616 etiam
1097 2561 1298 2614 Filius:
1351 2571 1404 2615 et
1463 2560 1698 2629 Spiritus
1748 2577 1959 2630 quoque
1994 2563 2292 2616 aSsumitur

719 2658 791 2708 ad
843 2653 1160 2718 creandum,
1221 2669 1325 2708 non
1370 2658 1522 2722 quasi
1554 2653 1795 2706 infirmus
1835 2656 1905 2707 sit
1935 2653 2291 2724 Filiustvere

718 2747 860 2799 enim
884 2747 1086 2799 dictum
1105 2753 1206 2808 est,
1231 2745 1372 2812 quod
1395 2760 1488 2812 per
1508 2744 1683 2813 ipsum
1709 2745 1847 2800 facta
1866 2756 1989 2800 sunt
2011 2749 2189 2800 omnia
2212 2746 2232 2776 ³
2247 2747 2287 2815 ),

719 2837 814 2890 sed
847 2844 904 2888 ut
928 2836 1212 2889 Trinitatis
1239 2835 1430 2890 eadem
1466 2837 1789 2902 substantia,
1837 2837 1976 2890 idem
2012 2839 2202 2899 ltonor,
2237 2847 2291 2890 et

718 2928 906 2981 eadem
941 2927 1114 2981 virtus
1148 2928 1580 2990 commendetur,
1611 2928 1741 2981 dicit
1777 2929 1964 2980 eadem
2019 2929 2287 2981 interdum

720 3039 747 3073 :t
779 3019 960 3084 Patre,
987 3019 1252 3074 interdum
1274 3036 1299 3072 a
1329 3020 1487 3084 Filio,
1519 3020 1786 3072 interdum
1819 3034 1846 3071 a
1877 3020 2076 3087 Spiritu
2104 3029 2291 3073 sancto

717 3127 836 3165 esse
887 3111 1047 3166 facta.
1089 3109 1177 3164 Sic
1243 3111 1386 3163 enim
1436 3121 1489 3165 et
1536 3112 1603 3164 ab
1651 3128 1753 3163 una
1793 3111 2091 3164 substantia
2113 3112 2290 3164 divina

720 3202 954 3270 pendere
981 3202 1160 3254 omnia
1190 3203 1558 3269 intelligimus.
1593 3201 1724 3254 Nam
1751 3214 1808 3254 ut
1843 3199 2073 3255 Verbum
2103 3219 2291 3258 esseu-
2318 3221 2360 3276 ρ

721 3291 847 3344 tiale
873 3301 923 3343 et
957 3290 1262 3344 subsistens
1287 3291 1400 3358 ipse
1451 3290 1770 3358 Uuigcnitus
1805 3293 2006 3360 absque
2036 3295 2289 3361 passione

718 3398 781 3436 ex
853 3398 917 3436 eo
970 3383 1181 3451 genitus
1222 3391 1431 3447 est;ct
1492 3383 1725 3450 Spiritus
1779 3396 1997 3438 sant-tus
2048 3400 2112 3438 ex
2176 3386 2291 3454 ipso

720 3475 1036 3551 procedens,
1107 3475 1157 3527 in
1213 3475 1427 3543 propria
1514 3477 1868 3528 subsistentia
1928 3478 2290 3541 exsistit;ita

720 3578 775 3616 ιιι
808 3582 858 3618 ιιι
886 3567 1055 3618 tribus
1084 3565 1450 3619 subsistentiis
1501 3580 1604 3618 una
1635 3565 1941 3621 substantia
1976 3581 2215 3633 notetur,
2239 3578 2293 3624 et

718 3658 866 3711 nulla
904 3658 1141 3725 ipsarum
1179 3658 1232 3710 in
1261 3659 1469 3712 ratione
1528 3659 1843 3714 substantia:
1894 3663 2066 3715 aliena
2109 3665 2290 3718 consi-

718 3745 1127 3813 deretur;solis
1177 3759 1356 3800 autem
1417 3750 1839 3817 proprietatibus
1888 3753 2289 3820 denotantibus,

720 3840 835 3894 sive
862 3839 1320 3909 distinguentibus
1363 3839 1504 3893 inter
1538 3841 1680 3909 ipsas
1711 3842 2098 3910 intelligantur.
2148 3847 2293 3909 Quo-

721 3930 878 3984 modo
905 3931 1065 4000 igitur
1098 3931 1436 4000 eritpropria
1488 3933 1756 3999 operatio,
1805 3948 2034 4000 quorum
2079 3951 2180 3988 una
2209 3945 2291 3990 est

717 4023 976 4086 essentia,
1012 4032 1063 4074 et
1087 4021 1415 4090 potentia,et
1448 4021 1737 4074 voluntas?
1768 4022 1900 4075 Nam
1939 4026 2133 4091 quibus
2175 4027 2289 4081 haec

719 4110 1194 4174 suntcommunia,
1233 4123 1418 4160 eorum
1455 4124 1554 4160 una
1587 4124 1808 4175 prorsus
1835 4118 1915 4162 est
1942 4111 2208 4176 operatio.

2323 1891 2363 1944 Β

2384 637 2494 706 ἐγὼ
2537 635 2878 690 ἐκϐάλλω.τὰ
2915 634 3187 704 δαιμόνια.
3215 653 3233 685 ι
3272 633 3413 686 Ἀλλ’
3439 636 3599 704 ἡμεῖς
3627 634 3719 687 τὸν
3755 637 3980 704 Κύριον

2383 730 2541 803 ἡμῶν
2573 730 2780 801 Ἰησοῦν
2813 729 2903 782 16v
2941 729 3194 800 Χριστὸν,
3241 727 3334 781 καὶΙ
3364 729 3430 798 τῇ
3477 728 3654 798 οἰκείᾳ
3695 727 3932 797 δυνάμει
3957 768 3975 790 ,

2383 823 2479 876 καὶ
2506 824 2570 892 τῇ
2602 821 2694 874 τοῦ
2722 820 2858 874 Πνεύ
2869 837 3034 890 ματος
3056 819 3304 890 ἐνεργείᾳ
3326 819 3636 871 ἐπιτελέσαι
3660 818 3729 871 τὰ
3757 821 3981 888 σημεῖα

2383 913 2754 983 ὁμολογοῦμεν
2778 930 2791 944 ·
2829 913 2890 964 οὑ
2941 911 3050 982 γὰρ
3090 911 3164 974 ὡς
3210 911 3309 963 οὑκ
3342 909 3532 980 ἔχοντα
3564 911 3661 981 τὴν
3699 911 3834 963 ἰδίαν
3868 910 3980 962 δύ-

2386 1003 2816 1074 ναμιν,χρῆσθαι
2834 1005 2900 1073 τῇ
2927 1001 3151 1071 δυνάμει
3175 1000 3268 1054 τοῦ
3306 1001 3482 1069 ἁγίου,
3501 1000 3815 1070 Πνεὺματος
3833 1017 3846 1030 ο
3887 1001 3981 1070 μὴ

2389 1097 2627 1147 συνεῖναι
2657 1093 2714 1147 δέ
2743 1094 2802 1146 τὸ
2842 1091 3065 1162 Πνεῦμα
3094 1091 3154 1144 τὸ
3188 1091 3365 1161 ἆγιον,
3390 1093 3740 1162 ἀρνουμένων
3782 1093 3978 1153 ἐστὶν,

2386 1185 2461 1248 ὡς
2500 1181 2675 1256 οἶμαι,
2704 1187 2802 1248 τὰς
2850 1184 3002 1248 θείας
3031 1185 3272 1255 Γραφάς.
3317 1184 3436 1236 Κᾶν
3486 1184 3593 1254 γάρ
3636 1186 3798 1252 πουή
3841 1183 3982 1236 Θεία

2389 1277 2579 1349 Γραφή
2609 1277 2762 1348 λέγῃ,
2781 1277 2871 1329 τὸν
2909 1278 3125 1346 Πατέρα
3156 1275 3421 1329 ἐπιτελεῖν
3451 1276 3518 1327 τὰ
3536 1275 3670 1345 ἔργα
3697 1274 3802 1326 τῶν
3831 1275 3984 1327 θαυ-

2393 1366 2596 1437 μάτων,
2633 1367 2701 1418 δι⁹
2736 1360 2809 1418 ὧν
2846 1381 3038 1435 φησιν’
3079 1385 3094 1416 ι
3136 1366 3194 1417 Ὀ
3229 1365 3417 1435 Πατὴρ
3445 1367 3472 1417 6
3509 1365 3683 1434 μένων
3715 1367 3770 1416 ὲν
3812 1367 3978 1434 ἐμοὶ,

2390 1458 2552 1520 αὑτὸς
2584 1459 2725 1509 ποιεῖ
2756 1456 2823 1508 τά
2848 1456 2980 1526 ἔργα
3001 1495 3013 1518 ,
3047 1455 3081 1508 ἃ.
3110 1456 3220 1524 ἐγὼ
3264 1457 3401 1507 ποιῶ
3433 1472 3445 1484 ·
3479 1473 3497 1506 ι
3533 1458 3560 1508 ὁ
3592 1455 3715 1517 Υἱός
3748 1457 3901 1507 ἐστιν
3951 1458 3984 1508 ὀ

2391 1551 2560 1603 ποιῶν
2603 1551 2778 1603 πάντα
2809 1549 2875 1602 τὰ
2908 1549 3042 1618 ἔργα
3077 1549 3169 1600 τοῦ
3206 1549 3413 1619 Πατρός
3434 1565 3446 1577 ο
3477 1549 3579 1601 κᾶν
3612 1550 3680 1602 τὰ
3707 1548 3800 1600 τοῦ
3834 1547 3984 1601 Υἱοῦ

2390 1642 2450 1695 τὸ
2480 1642 2700 1711 Πνεῦμα
2729 1640 2862 1710 λέγῃ
2898 1642 3090 1704 ποιεῖν,
3121 1640 3187 1692 δι’
3216 1634 3288 1692 ὧν
3329 1657 3490 1708 φησιν
3516 1657 3530 1670 ·
3558 1659 3574 1689 ι
3609 1639 3670 1692 Et
3701 1639 3756 1691 δέ
3780 1639 3894 1707 ἐγὼ
3916 1643 3983 1691 ἐν

2392 1733 2667 1802 Πνεὺματι
2723 1732 2858 1785 Θεοῦ
2913 1732 3156 1784 ἐκϐάλλω
3203 1733 3270 1785 τά
3322 1731 3604 1801 δαιμόνια’
3638 1750 3657 1781 ι
3691 1734 3719 1784 6
3763 1731 3988 1802 Κύριός

2394 1828 2595 1878 ἐστινὸ
2624 1825 2789 1877 ποιῶν
2841 1826 2897 1877 ἐν
2937 1825 3229 1893 Πνεῦματι.
3277 1824 3411 1876 Οὑδέ
3470 1824 3578 1895 γὰρ
3609 1824 3987 1894 ἠλλοτρίωται

2394 1919 2421 1969 ὁ
2451 1918 2572 1979 Υἱὸς
2598 1917 2690 1968 τοῦ
2722 1917 3012 1987 Πατρὺς,ἢ
3043 1916 3138 1969 τοῦ
3173 1916 3487 1985 Πνεύματος
3509 1933 3520 1945 ο
3553 1916 3672 1968 οὑδὲ
3730 1933 3986 1986 κεχωρι-

2396 2011 2590 2079 σμέναι
2621 2009 2714 2062 καλ⁸
2750 2007 3043 2072 ίδιάζουσαί
3067 2024 3166 2059 που
3195 2009 3251 2060 αἱ
3275 2007 3374 2076 τῆς
3409 2006 3637 2076 Τριάδος
3669 2006 3983 2076 ἐνέργειαι,

2393 2104 2508 2157 ἀλλ’
2536 2104 2710 2156 οἰκεία
2742 2104 2839 2173 τῆς
2869 2104 3097 2173 Τριάδος
3125 2105 3156 2173 ἡ
3185 2104 3420 2175 ἑκάστης
3447 2103 3795 2165 ὑποστάσεως
3820 2104 3882 2155 ἐν
3912 2106 3989 2174 τῇ

2393 2198 2582 2267 Γραφῇ
2620 2195 2887 2265 λεγομένη
2930 2196 3217 2265 ἐνέργειαο
3250 2196 3436 2264 ὥσπερ
3463 2209 3486 2235 θ
3521 2198 3614 2249 καὶ
3650 2198 3833 2248 πᾶσαν
3870 2196 3986 2265 τὴν

2394 2290 2570 2341 κτίσιν
2605 2287 2734 2340 ποτὲ
2773 2288 2870 2357 μὲν
2900 2287 3104 2358 λέγειή
3146 2288 3336 2358 Γραφὴ
3363 2287 3456 2340 τοῦ
3494 2287 3624 2340 Υίοῦ
3665 2287 3850 2357 ἔργον,
3887 2287 3987 2339 λέ-

2391 2396 2590 2447 γουσα·
2633 2399 2650 2429 ι
2683 2378 2772 2447 Τῷ
2820 2380 2978 2449 Λόγῳ
3025 2380 3230 2450 Κυρίου
3273 2381 3322 2432 οί
3368 2380 3586 2449 οὑρανοὶ
3627 2379 3984 2449 ἐστερεώθηο

2395 2487 2523 2524 σαψ
2551 2491 2568 2522 ι
2606 2471 2734 2522 ποτὲ
2768 2471 2823 2522 δὲ
2856 2471 2950 2523 τοῦ
2979 2471 3317 2540 Πνεὺματος,
3351 2471 3418 2523 δι’
3441 2464 3515 2523 ὧν
3542 2470 3766 2538 ἐπάγει·
3807 2489 3825 2522 ι
3859 2473 3988 2524 Καὶ

2392 2563 2470 2632 τῷ
2519 2563 2797 2631 Πνεῦματι
2858 2562 2952 2615 τοῦ
2989 2563 3256 2632 στόματος
3287 2561 3452 2616 αὑτοῦ
3485 2564 3636 2616 πᾶσα
3666 2565 3699 2632 ἡ
3737 2562 3983 2630 δύναμις

2392 2654 2594 2708 αὐτῶν.
2622 2673 2638 2703 ι
2681 2653 2818 2705 Ἀλλ’
2840 2653 2937 2721 οὑχ
2967 2653 3041 2715 ὡς
3089 2653 3484 2714 ἀδυνατοῦντος
3529 2653 3622 2704 τοῦ
3657 2653 3874 2720 Πατρδς
3906 2653 3986 2704 τὰ

2395 2747 2573 2799 πάντα
2605 2747 2850 2814 ποιῆσαι.
2882 2745 3207 2814 δημιουργεῖ
3259 2745 3353 2798 καὶ
3377 2746 3405 2795 6
3440 2744 3565 2807 Υἱός
3585 2759 3599 2772 °
3635 2743 3745 2795 οὐδ’
3769 2739 3837 2797 αὖ
3873 2747 3988 2796 πά-

2393 2839 2497 2902 λιν,
2533 2838 2609 2899 ὡς
2641 2837 2988 2900 ἀσθενοῦντος
3014 2836 3108 2890 τοῦ
3142 2836 3269 2889 Υίοῦ
3316 2837 3395 2900 είς
3440 2836 3538 2904 τὴν
3588 2837 3984 2906 δημιουργίαν,

2395 2929 3000 3000 συμπαραλαμϐάνεται
3051 2929 3112 2983 τὸ
3165 2929 3389 3000 Πνεῦμα
3432 2928 3668 2999 (ἀληθὲς
3710 2929 3820 2999 γὰρ
3871 2929 3982 2992 τὸ,

2400 3043 2417 3076 ι
2451 3024 2637 3076 Πάντα
2667 3023 2731 3076 δι’
2755 3024 2920 3077 αὑτοῦ
2943 3023 3161 3092 ἐγένετο
3192 3025 3237 3092 ι)
3258 3041 3268 3052 ο
3291 3023 3404 3076 ἀλλ’
3438 3023 3523 3074 ἵνα
3540 3023 3600 3074 τὸ
3618 3021 3718 3090 τῆς
3741 3022 3985 3091 Τριάδος

2394 3115 2698 3185 ὁμοοὺσιον,
2723 3121 2815 3169 καὶ
2842 3116 3122 3186 ὁμότιμον,
3155 3117 3246 3168 καὶ
3275 3115 3617 3184 όμοδὺναμον
3639 3115 3768 3182 ἡμῖν
3794 3131 3870 3166 πα
3883 3129 3984 3182 ρα-

2396 3208 2592 3278 στήσῃ¹
2619 3206 2766 3274 λέγει
2794 3207 2860 3259 τὰ
2885 3206 3026 3259 αὑτὰ
3047 3207 3176 3258 ποτὲ
3215 3206 3314 3275 μὲν
3334 3205 3439 3257 ὑπό
3457 3204 3549 3256 τοῦ
3571 3204 3807 3274 Πατρὸς,
3847 3205 3988 3255 ποτὲ

2394 3297 2452 3349 δὲ
2491 3298 2594 3349 ὑπὸ
2639 3298 2733 3350 τοῦ
2769 3296 2920 3359 Υἱοῦ,
2963 3299 3092 3349 ποτὲ
3121 3297 3178 3349 δὲ
3217 3297 3320 3349 ὑπὸ
3341 3297 3433 3348 τοῦ
3464 3296 3618 3362 ἁγίου
3660 3295 3986 3365 Πνεῦματος

2396 3388 2743 3458 γεγενῆσθαι.
2766 3389 2920 3441 Οῦτω
2933 3389 3040 3458 γάρ
3060 3389 3152 3441 καὶ
3180 3390 3309 3458 μιᾶς
3333 3404 3475 3449 τινος
3493 3387 3679 3449 οὐσίας
3704 3388 3858 3450 Θείας
3888 3389 3988 3454 ἡρ-

2396 3479 2592 3548 τῆσοαι
2632 3480 2808 3532 πάντα
2852 3479 3101 3548 νοοῦμεν.
3141 3479 3231 3542 Ὠς
3267 3478 3374 3548 γὰρ
3416 3479 3654 3540 ἐνοὺσιος
3685 3477 3704 3515 ί
3757 3479 3854 3530 καὶ
3899 3481 3987 3527 ὲν-

2399 3573 2700 3634 υπόστατος
2732 3571 3082 3641 όΜονογενὴς
3125 3570 3183 3634 ἐξ
3217 3570 3382 3624 αὑτοῦ
3409 3570 3670 3631 εὰπαθῶς
3689 3568 3986 3636 ἐγεννήῡη,

2401 3661 2493 3716 καὶ
2523 3663 2583 3714 τὸ
2614 3663 2838 3731 Πνεῦμα
2867 3663 2922 3714 δέ
2959 3663 3050 3714 καὶ
3084 3662 3215 3714 αὑτὸ
3248 3662 3307 3726 ἐξ
3351 3661 3516 3714 αὑτοῦ
3543 3662 3569 3699 h
3610 3660 3990 3728 ἐκπορευόμεο

2397 3768 2508 3816 νον,
2537 3753 2593 3805 ἐν
2623 3751 2729 3821 [δίᾳ
2759 3751 3055 3803 ὑποστάσει
3080 3751 3368 3819 τυγχάνειο
3407 3749 3548 3800 ὥστε
3581 3748 3710 3816 μίαν
3743 3750 3756 3787 i
3791 3747 3988 3798 οὑσίαν

2394 3844 2453 3895 ἐν
2502 3843 2680 3913 τρισὶν
2735 3842 3069 3895 ὑποστάσεσι
3128 3840 3654 3911 χαρακτηρίζεσθαι,
3704 3837 3798 3890 καὶ
3847 3837 3978 3906 μηδ-

2394 3933 2587 4003 ετέραν
2633 3933 2812 3986 αὑτῶν
2860 3933 2938 4003 τῷ
2975 3933 3074 4002 τῆς
3117 3933 3303 3994 οὑσίας
3342 3933 3484 4000 λόγῳ
3537 3930 3985 4000 ὴλλοτριωμένῃν

2393 4023 2734 4094 Θεωρεῖσοαι,
2765 4024 2956 4093 μόναις
2979 4025 3034 4076 δέ
3062 4025 3283 4094 ἰδιότησι
3306 4023 3859 4093 χαρακτηριστικαίς,
3888 4020 3988 4069 εἶτ’

2387 4111 2480 4167 οὖν
2519 4115 2897 4186 διοριστικαῖς,
2936 4115 3180 4183 ἀλλήλων
3217 4115 3474 4167 νοεῖσθαι.
3535 4112 3655 4174 Πῶς
3700 4107 3795 4164 οὖν
3850 4108 3983 4162 ἰδιά-

717 4200 886 4267 ζουσαι
927 4201 1194 4270 ἐνέργεια,
1236 4192 1311 4252 ὧν
1351 4198 1448 4269 μία
1481 4199 1575 4252 καὶ
1625 4200 1657 4270 ἡ
1694 4199 1872 4266 οὑσία,
1918 4201 2012 4253 καὶ⁹
2045 4201 2336 4272 ἡδύναμις,
2377 4207 2472 4258 καὶ
2509 4209 2542 4277 ὴ
2601 4207 2891 4278 βούλησις;
2920 4200 2994 4259 ὧν
3027 4207 3132 4276 γὰρ
3193 4206 3368 4258 ταῦτα
3399 4203 3589 4267 κοινὰ,
3625 4201 3721 4272 μία
3759 4202 3982 4259 πάντως

717 4295 984 4366 ἐνέργεια.

1270 4410 1457 4478 Cyrillt'
1485 4409 1736 4476 defensio.
2323 4415 2367 4470 ι)

790 4523 1065 4594 Numquid
1106 4523 1234 4576 mihi
1267 4525 1480 4576 testium
1539 4537 1670 4576 voce
1709 4536 1844 4590 opus
1884 4520 1988 4574 erit
2037 4518 2101 4572 ad
2144 4533 2293 4572 com-

718 4617 1150 4678 monstrandum,
1204 4615 1542 4668 adversarios
1617 4627 1750 4665 vana
1817 4611 1959 4679 loqui
2021 4610 2175 4674 velle,
2239 4619 2292 4663 et

718 4711 1006 4762 adversum
1042 4720 1138 4760 nos
1188 4715 1390 4760 temere
1423 4704 1769 4771 blasphemiis
1804 4704 1927 4755 uti?
1965 4703 2158 4756 Verum
2189 4701 2291 4754 hoc

719 4798 868 4852 solus
906 4797 1122 4850 illorum
1163 4811 1361 4860 sermo,
1399 4806 1456 4848 ut
1495 4795 1708 4863 opinor,
1751 4793 2034 4847 indicabit.
2064 4792 2195 4845 Nam
2237 4793 2288 4845 in

721 4889 998 4957 proposito
1041 4888 1496 4941 anathentatistno
1541 4884 1930 4939 allirmavimus
1981 4883 2288 4948 manifeste,

721 4982 996 5052 proprium
1053 4995 1170 5034 esse
1216 4979 1338 5033 Filii
1401 4980 1665 5048 Spiritum
1717 4991 1964 5034 sanctum
2001 4995 2014 5042 ;
2055 4989 2110 5032 ct
2148 4978 2291 5048 quod

723 5089 818 5143 per
844 5073 1078 5142 seipsum
1131 5071 1420 5142 perfecerit
1459 5073 1639 5126 divina
1672 5073 1843 5141 signa.
1882 5073 1951 5124 At
1979 5071 2074 5134 illi,
2100 5086 2290 5139 quam-

723 5168 802 5220 vis
827 5178 966 5234 smpe
992 5163 1282 5230 allirntent,
1314 5178 1398 5217 tne
1435 5164 1662 5218 oblitum
1716 5177 1836 5217 esse
1899 5177 2144 5216 meorum
2176 5177 2292 5215 ser-

723 5269 960 5319 monum,
1013 5254 1065 5307 in
1097 5267 1215 5308 eam
1257 5255 1672 5324 progrediuntur
1721 5253 2110 5323 stupiditatem,
2183 5251 2292 5308 imo

792 5427 836 5460 ⁸⁸
858 5424 1048 5480 Matth.
1092 5443 1167 5492 xi,
1193 5424 1283 5479 28.
1360 5425 1405 5456 ”
1437 5423 1592 5480 Joan.
1613 5440 1726 5490 xw,
1759 5422 1853 5478 10.

1932 5425 1947 5454 ⁸
1970 5423 2158 5478 Matth.
2186 5438 2284 5489 xu,
2307 5421 2394 5476 9.8.

2851 4410 3165 4480 Ἀπολογιά
3204 4409 3530 4476 Κυρίλλου.

2470 4520 2617 4593 Ἆρά
2653 4541 2740 4593 μοι
2774 4523 3067 4594 μαρτύρων
3107 4523 3288 4592 δεήσει
3327 4520 3512 4589 φωνῆς
3558 4519 3692 4589 πρὸς
3737 4519 3802 4571 τὸ
3843 4520 3980 4572 ἀπο-

2400 4621 2565 4689 φῆναι
2618 4618 2743 4677 τοὺς
2783 4616 2850 4668 δι’
2907 4615 3154 4676 ἐναντίας
3203 4614 3570 4680 είκαιολόγους
3615 4610 3906 4670 ἐθέλοντας
3934 4608 3976 4666 i.

2399 4707 2493 4759 καὶ
2523 4709 2643 4768 ταῖς
2681 4703 2802 4758 καθ’
2828 4705 2986 4774 ἡμῶν
3012 4702 3343 4771 δυσφημίαις
3381 4699 3806 4770 ἀπερισκέπτως
3839 4715 3980 4767 χρω-

2403 4795 2629 4865 μένους;
2667 4793 2828 4857 Ἀλλ’,
2861 4789 3035 4861 οἶμαι,
3065 4791 3215 4844 τουτὶ
3261 4789 3355 4841 καὶ
3395 4790 3550 4858 μόνος
3579 4790 3606 4840 ό
3641 4789 3770 4857 παρ’
3804 4787 3979 4839 αὑτῶν

2397 4884 2648 4949 διαδείξει
2677 4885 2700 4923 Ι(
2730 4885 2904 4952 λόγος.
2950 4884 3037 4936 Ἐν
3083 4883 3179 4952 μέν
3218 4881 3324 4952 γὰρ
3355 4880 3432 4950 τῷ
3470 4879 3822 4950 προκειμένῳ
3852 4880 3974 4930 ἀνα-

2400 4971 2723 5042 θεματισμῷ
2765 4973 3226 5042 διισχυρισάμεοα
3280 4970 3465 5039 σαφῶς
3520 4968 3649 5020 ἴδιον
3691 4965 3836 5023 εἶναι
3886 4965 3974 5019 τοῦ

2400 5066 2530 5119 Υἱοῦ
2546 5066 2603 5118 τὸ
2631 5064 2922 5134 Πνεῦματὺ
2946 5066 3120 5132 ἅγιον,
3153 5065 3249 5116 καὶ
3282 5063 3407 5132 μὴν,
3433 5063 3512 5113 ὅτι
3541 5061 3608 5112 δι’
3635 5060 3804 5114 αὑτοῦ
3834 5059 3973 5110 τετέ-

2398 5160 2522 5211 λεκε
2544 5157 2643 5221 τὰς
2677 5157 3029 5226 Οεοσημείας.
3056 5159 3117 5210 Οἱ
3145 5157 3224 5221 δὲ,
3251 5156 3425 5209 καίτοι
3454 5153 3718 5216 πολλάκις
3747 5153 3764 5192 ι
3795 5151 3974 5218 ἐπιλή-

2400 5250 2573 5320 σμονά
2602 5267 2666 5320 με
2690 5249 2798 5302 τῶν
2826 5249 3062 5320 ἐμαυτοῦ
3087 5259 3124 5284 ω
3153 5250 3327 5316 λόγων
3361 5246 3611 5315 γενέσθαι
3651 5243 3972 5317 διισχυριζό-

2476 5422 2495 5450 ²
2520 5418 2666 5474 Psal.
2709 5434 2880 5483 xxx",
2913 5417 2965 5470 6.
3045 5417 3064 5447 ³
3099 5413 3254 5468 Joan.
3289 5431 3323 5480 ι,
3353 5414 3405 5467 3.

1787 5581 1958 5633 Variae
1991 5579 2245 5633 lectiones
2276 5593 2342 5632 ex
2373 5576 2559 5631 codice
2589 5574 2971 5645 Seguieriauo.

796 5765 819 5792 ε
850 5753 924 5814 ὥς
951 5769 1072 5805 που.
1155 5750 1170 5789 ί
1203 5752 1276 5813 ὡς
1311 5749 1416 5817 γὰρ
1436 5749 1624 5826 [λόγος.
1703 5755 1725 5792 ε
1759 5751 1945 5820 αὑτῆς.
2023 5751 2046 5789 δ
2083 5747 2271 5818 αὑτῆς.
2354 5749 2368 5786 ί

1703 5755 1725 5792 ε
1759 5751 1945 5820 αὑτῆς.

730 5822 746 5862 ι
782 5823 1100 5886 πλειστάκις
1197 5833 1234 5860 ηπ
1267 5822 1480 5873 ἑαυτοῦ.

2405 5745 2479 5808 ὡς
2509 5745 2605 5813 τὴν
2640 5742 2784 5814 μίαν.
2868 5738 2881 5788 i
2929 5737 3294 5804 εἰκαιολογεῖν
3318 5735 3622 5798 ἐθέλοντας.
3706 5737 3728 5774 ιι
3755 5731 3964 5796 διδάξει.
