4120 6540
641 501 747 558 559

1667 495 1726 551 S.
1768 493 2042 551 CYRILLI
2082 490 2550 548 ALEXANDRINI
2594 489 2916 548 ARCIIIEP.

3803 490 3910 545 560

640 625 821 675 usum,
856 617 911 664 et
953 608 1229 679 propriam
1271 608 1531 664 habuisse
1568 608 2050 664 consubstantialis
2080 607 2212 676 Spi-

2331 607 2411 672 Ξῶ,
2456 602 2686 676 οἷμαιι,
2737 603 2931 676 καιροῦ
2981 601 3077 657 τοῦ
3128 602 3463 690 καθήκοντος
3510 603 3623 666 τοῖς
3667 602 3910 658 ἐθέλουσι

642 704 778 758 ritus
822 703 1100 756 virtutem.
1151 699 1288 755 Nam
1334 701 1480 755 beati
1516 699 1735 770 quidem
1783 699 2032 770 discipuli
2069 699 2222 767 signa

643 796 904 849 facientes
951 793 1258 849 dicebant:
1300 811 1318 844 ι
1359 793 1491 858 Viri,
1540 791 1669 862 quid
1717 790 1872 846 nobis
1923 790 2223 855 attenditis,

643 885 795 953 quasi
838 884 1056 952 propria
1113 883 1316 937 virtute
1360 891 1454 936 aut
1487 883 1688 952 pietate
1722 880 2008 935 fecerimus
2035 879 2225 933 ambu-

644 976 758 1029 lare
808 975 1080 1044 Speciosa‘:
1138 985 1308 1045 portae
1367 975 1699 1029 assidentem
1753 973 2037 1026 claudum?
2098 971 2223 1024 Pro-

643 1067 793 1135 prius
828 1078 1008 1121 autem
1041 1067 1248 1121 Christi
1306 1077 1390 1120 est
1422 1065 1658 1134 Spiritus
1707 1063 1882 1131 ejus’.
1917 1083 1935 1116 ι
1969 1063 2078 1117 Illis
2124 1080 2223 1116 au-

646 1168 750 1212 tem
790 1159 880 1226 qui
931 1168 1111 1212 nostra
1143 1158 1496 1222 cavillantur,
1548 1157 1649 1211 hoc
1685 1155 1914 1210 dicimus
1945 1173 1958 1208 :
1996 1155 2052 1209 Si
2098 1154 2221 1224 qui-

643 1250 763 1303 dem
799 1265 902 1303 non
933 1250 1181 1319 displicet
1220 1249 1436 1303 illorum
1475 1247 1746 1302 tuentibus
1780 1246 1944 1300 dividi
1982 1246 2225 1300 indivisi-

644 1339 900 1405 bilem,et
917 1341 1119 1402 dicere,
1143 1341 1288 1395 sicut
1307 1355 1648 1394 communem
1675 1339 1947 1393 hominem
1968 1339 2222 1407 operandi

645 1434 941 1504 impulsum
974 1434 1158 1488 Jesum
1206 1433 1486 1499 accepisse
1515 1446 1611 1500 per
1635 1429 1894 1499 Spiritum
1923 1447 1936 1482 :
1963 1443 2067 1483 non
2111 1443 2223 1482 ma-

643 1540 877 1595 gnopere
906 1525 1208 1579 curandum
1269 1525 1380 1578 erit
1410 1522 1477 1577 de
1512 1522 1578 1575 iis
1612 1521 1704 1589 qui
1754 1519 1834 1574 sic
1865 1516 2043 1573 affecti
2076 1527 2220 1573 sunt.

645 1615 738 1670 Sin
791 1615 1064 1669 Christum
1118 1628 1287 1667 unum
1348 1620 1404 1667 et
1436 1610 1632 1665 Filium
1678 1618 1735 1664 et
1777 1608 2060 1663 Dominum
2104 1621 2225 1664 esse

644 1705 1002 1769 confitentur,
1054 1706 1420 1773 eumdemque
1463 1717 1586 1758 esse
1625 1701 1786 1757 simul
1829 1700 1996 1756 Deum
2028 1710 2084 1757 et
2126 1701 2225 1758 ho-

643 1797 886 1858 minem;
919 1797 1144 1850 credant
1192 1795 1502 1856 nobiscum,
1530 1792 1674 1862 quod
1723 1807 1830 1846 non
1862 1794 2058 1863 accipit
2097 1807 2225 1863 ope-

643 1888 793 1941 randi
834 1888 1146 1942 facultatem
1185 1887 1345 1956 quasi
1382 1901 1411 1939 a
1444 1885 1669 1939 meliore
1698 1885 1931 1954 quadam
1967 1893 2022 1939 et
2050 1883 2222 1940 aliena

2329 697 2728 768 κατευρύνεινδ
2777 696 2961 750 αὐτόν.
2998 693 3208 749 Οὐκοῦν
3234 695 3333 765 οὐχ
3362 693 3438 758 ὡς
3467 693 3725 766 ἀλλοτρίᾳ
3749 693 3910 750 δυνά-

2330 806 2421 860 μει
2445 792 2510 860 τῇ
2539 788 2626 842 διὰ
2649 788 2963 859 Πνεύματος
2995 785 3330 859 ἐνηργῆσθαί
3361 804 3542 858 φαμεν
3563 786 3654 841 τὸν
3692 788 3908 858 Ἐμμα-

2327 879 2527 949 νουήλ,
2564 878 2982 950 ἀποκεχρῆσθαι
3014 877 3074 930 δὲ
3121 876 3320 948 μᾶλλον
3363 877 3500 948 αὐτῇ
3546 876 3764 944 θεῖκῶς,
3812 879 3910 933 καὶ

2331 970 2468 1024 ίδίαν
2497 969 2644 1040 ἔχειν
2686 970 2786 1042 τὴν
2820 969 2915 1023 τοῦ
2959 969 3247 1041 όμοουσίου
3291 969 3608 1040 ιῙνεύματος
3651 969 3904 1040 δύναμιν.

2328 1063 2389 1116 Ol
2421 1061 2520 1132 μὲν
2568 1061 2678 1134 γὰρ
2719 1063 2978 1134 μακάριοι
3028 1061 3270 1133 μαθηταὶ
3299 1061 3367 1115 τὰ
3400 1064 3601 1132 σημεῖα
3628 1063 3911 1124 ποιοῦντες

2326 1152 2546 1222 ελεγονο
2591 1173 2610 1206 ι
2649 1155 2900 1225 Ἀνδρες,
2948 1154 3001 1207 τί
3033 1156 3164 1226 ἡμῖν
3197 1156 3520 1228 προσέχετε,
3569 1154 3642 1218 ὡς
3679 1154 3785 1226 ίδίᾳ
3818 1155 3911 1208 δυ-

2326 1245 2490 1317 νάμει
2521 1246 2554 1318 ἦ
2593 1246 2846 1317 εὐσεϐείᾳ
2878 1247 3212 1318 πεποιηκόσι
3237 1248 3329 1302 τοῦ
3360 1250 3684 1320 περιπατεῖν
3709 1247 3800 1301 τὸν
3836 1248 3908 1317 τῇ

2338 1335 2530 1407 Ὡραίᾳ
2549 1337 2690 1408 πύλῃ
2710 1337 2909 1410 προῖζή
2921 1354 3091 1391 σαντα
3111 1349 3132 1377 ε
3157 1338 3328 1409 χωλόν
3349 1355 3364 1406 ;
3400 1340 3561 1394 Ἰδιον
3587 1339 3645 1394 δὲ
3668 1338 3910 1413 Χριστοῦ

2325 1427 2387 1482 τὸ
2433 1427 2661 1499 Πνεῦμα
2704 1429 2893 1484 αὑτοῦ.
2943 1449 2961 1482 ι
3021 1431 3146 1494 Τοῖς
3201 1448 3265 1500 γε
3326 1430 3433 1502 μὴν
3485 1429 3908 1508 κατασκοπεῖν(Ι

2327 1519 2571 1574 ἐθέλουσι
2619 1520 2688 1574 τά
2731 1522 2861 1593 παρ’
2909 1522 3088 1593 ἡμῶν,
3123 1523 3304 1577 ἐκεῖνό
3331 1540 3544 1594 φαμενο
3577 1525 3639 1576 El
3671 1525 3770 1593 μὲν
3797 1523 3911 1594 γὰρ

2326 1610 2427 1664 οὐκ
2457 1612 2655 1683 ἀπᾴδει
2695 1615 2814 1678 ταῖς
2845 1614 3028 1668 αὐτῶν
3056 1614 3313 1678 διανοίαις
3342 1615 3403 1668 τὸ
3431 1615 3751 1687 μερίζεσθαι
3790 1615 3851 1667 τὸ
3884 1627 3908 1654 ε

2327 1703 2653 1775 ἀμέριστον,
2685 1708 2780 1760 καὶ
2806 1707 2881 1771 ὡς
2911 1709 3086 1763 κοινὸν
3126 1691 3413 1781 ἄνθρωπον
3444 1707 3782 1780 ἐνηργῆοθαι
3819 1707 3908 1760 λέ-

2327 1809 2446 1861 γειν
2491 1794 2581 1847 διὰ
2623 1795 2718 1850 τοῦ
2769 1797 3087 1869 Πνεύματος
3130 1800 3222 1853 τόν
3265 1799 3493 1871 Ἰησοῦν,
3539 1797 3752 1862 πολὺς(
3795 1798 3907 1852 τῶν

2327 1883 2471 1940 οὕτω
2499 1887 2866 1959 διακειμένων
2913 1892 2941 1944 6
2987 1891 3162 1960 λόγος.
3210 1893 3273 1945 El
3307 1892 3362 1944 δὲ
3397 1890 3634 1962 Χριστὸν
3673 1890 3769 1943 ἕνα
3809 1889 3910 1942 καὶ

641 1981 710 2034 ab
743 1980 830 2033 illo
865 1980 1098 2044 virtute;
1149 1980 1270 2048 ipse
1317 1988 1499 2046 autem
1539 1978 1715 2046 potius
1755 1985 2012 2044 operatur
2042 1976 2222 2030 divina

2331 1976 2480 2045 Υἰὸν,
2504 1980 2597 2032 καὶ
2614 1979 2818 2050 Κύριον
2849 1980 3257 2052 ὁμολογούντων
3278 1990 3302 2029 ε
3326 1980 3611 2052 ὑπάρχειν,
3631 1979 3720 2032 τὸν
3745 1977 3910 2031 αὑτὸν

641 2072 790 2143 signa
818 2073 970 2141 quasi
1001 2087 1095 2142 per
1121 2071 1403 2141 proprium
1431 2067 1718 2138 Spiritum,
1746 2070 1799 2122 in
1830 2083 1938 2136 quo
1965 2076 2020 2123 et
2045 2069 2221 2123 oumis

2331 2069 2454 2123 ὄντα
2501 2070 2636 2124 Θεόν
2686 2090 2744 2124 τε
2795 2073 2930 2143 ὁμοῦ
3002 2075 3096 2127 καὶ
3142 2072 3450 2144 ἄνθρωπον,
3504 2069 3911 2124 πιστευέτωσαν

639 2177 820 2217 rerum
851 2162 1118 2216 factarum
1151 2163 1326 2214 virtus
1352 2159 1420 2212 ¹⁶.
1450 2158 1584 2212 Nam
1628 2159 1705 2212 sic
1733 2156 1985 2212 desinent
2015 2157 2217 2212 frustra

641 2268 741 2307 nos
768 2254 1018 2316 irridere,
1053 2262 1106 2306 et
1148 2251 1370 2305 invidia:
1397 2247 1650 2303 dentibus
1683 2247 1734 2300 in
1769 2262 1868 2300 nos
1899 2245 2213 2304 infremere.

2326 2162 2446 2232 μεθ’
2479 2164 2657 2234 ἡμῶν,
2691 2167 2767 2231 ὡς
2804 2167 2904 2219 οὐκ
2951 2166 3205 2236 ἐνεργείᾳ
3227 2167 3253 2205 h
3289 2165 3489 2236 μᾶλλον
3535 2163 3611 2226 ὡς
3640 2161 3911 2233 κρείττονι

2323 2255 2453 2324 παρ’
2483 2257 2644 2309 αὑτὸν
2677 2260 2773 2312 καὶ
2797 2259 3050 2329 ἀλλοτρίᾳ
3078 2259 3392 2328 δυνάμειτῇ
3414 2257 3502 2312 διά
3530 2255 3622 2309 τοῦ
3653 2254 3909 2324 Πνεύμα-

637 2360 750 2407 τος,
779 2343 1028 2415 ἐνεργείᾳ
1053 2343 1110 2396 δὲ
1139 2344 1152 2382 i
1193 2341 1391 2412 μᾶλλον
1419 2340 1580 2393 αὑτὸν
1610 2340 1709 2410 τῆς
1736 2340 1750 2388 1
1827 2338 2177 2409 θεοσημείας,
2219 2342 2293 2407 ὡς
2332 2345 2400 2399 δι’
2435 2348 2564 2402 ίδίου
2594 2351 2914 2421 Πνεύματος
2934 2395 2947 2417 ,
2985 2352 3044 2403 ἐν
3072 2344 3116 2418 ᾧ
3150 2352 3241 2404 καὶ
3270 2352 3420 2403 πᾶσα
3451 2349 3560 2402 τῶν
3583 2345 3862 2418 γεννητῶν
3883 2346 3910 2386 ι

637 2436 671 2504 ὴ
703 2435 948 2504 δύναμις.
999 2434 1378 2486 Πεπαύσονται
1420 2433 1528 2502 γὰρ
1556 2431 1699 2484 οὓτω
1729 2430 2216 2502 διαλοιδορούμενοι
2260 2437 2458 2511 μάτην,
2508 2444 2604 2495 καὶ
2653 2444 2778 2507 τοὺς
2818 2447 2949 2514 ⁸’τῆς
2998 2442 3297 2513 βασκανίας
3363 2442 3580 2505 ὀδόντας
3611 2441 3745 2511 ἡμῖν
3786 2439 3912 2492 ἐπι-

640 2529 984 2600 στηρίζοντες
1012 2526 1053 2583 ι.

1054 2634 1702 2692 ANATHEMATISMUS
1740 2634 1808 2690 Χ.

708 2751 1083 2807 Confessionis
1122 2760 1322 2806 nostra:
1361 2750 1673 2821 pontificem
1717 2761 1770 2803 et
1812 2748 2111 2817 apostolum
2143 2749 2225 2805 fa-

639 2855 784 2899 ctum
838 2859 962 2898 esse
1011 2844 1329 2906 Christum,
1386 2843 1668 2912 Scriptura
1721 2843 1900 2895 divina
1948 2842 2222 2897 docet“:

638 2936 902 2991 obtulisse
931 2951 1151 3004 quoque
1176 2936 1532 3001 smnelipsnnt
1560 2949 1657 3000 pro
1689 2934 1842 2986 nobis
1871 2934 1978 2987 Deo
1999 2943 2049 2986 el
2077 2933 2223 2986 l’atri

639 3028 696 3085 in
734 3029 953 3082 odorem
994 3027 1283 3082 suavitatis
1313 3029 1377 3080 η.
1417 3027 1474 3079 Si
1519 3027 1641 3094 quis
1667 3040 1798 3094 ergo
1834 3025 2035 3077 dixerit
2081 3039 2219 3092 pon-

643 3121 841 3173 tificem
876 3127 931 3172 et
979 3117 1282 3188 apostolum
1322 3131 1563 3171 nosrrnm
1618 3134 1722 3170 non
1755 3131 1876 3170 esse
1912 3117 2084 3185 ipsum
2127 3115 2219 3170 Dei

2775 2639 3369 2692 ΑΝΑΘΕΜΑΤΙΣΜΟΣ
3409 2638 3462 2693 l'.

2415 2747 2697 2819 Ἀρχιερέα
2720 2749 2813 2802 καλ
2829 2749 3126 2803 ἀπόστολον
3159 2751 3258 2822 τῆς
3294 2751 3588 2820 ὁμολογίας
3617 2753 3776 2824 ἡμῶν
3813 2772 3912 2824 γε-

2329 2838 2592 2909 γενῆσθαι
2621 2840 2854 2910 Χριστὸν
2891 2844 2922 2912 ἡ
2962 2841 3080 2894 θεία
3108 2842 3258 2912 λέγει
3293 2845 3507 2916 Γραφὴ,
3539 2864 3912 2920 προσκεκομιο

2329 2932 2482 2985 κέναι
2527 2933 2586 2986 δὲ
2629 2933 2819 2986 ἑαυτὸν
2851 2934 2991 3004 ὑπὲρ
3024 2934 3181 3004 ἡμῶν
3226 2935 3306 2998 είς
3345 2935 3523 3006 όσμὴν
3571 2939 3793 3002 εὐωδίας
3831 2940 3916 3010 τῷ

2327 3025 2449 3096 Θεῷ
2478 3025 2574 3078 καὶ⁸
2603 3025 2798 3095 Πατρί.
2834 3027 2900 3079 Et
2926 3043 3008 3089 τις
3036 3027 3216 3081 τοίνυν
3250 3029 3508 3098 ἀρχιερέα
3537 3029 3631 3082 καὶ
3679 3032 3918 3086 ἀπόστο-

2329 3119 2421 3174 λον
2449 3120 2604 3190 ήμῶν
2648 3119 2974 3189 γεγενῆσθαί
3025 3135 3190 3188 φησιν
3235 3119 3334 3172 οὐκ
3367 3121 3530 3172 αὑτὸν
3557 3121 3648 3173 τὸν
3677 3123 3739 3174 ἐκ
3771 3123 3916 3177 Θεοῦ

643 3211 900 3274 Verbum,
939 3221 1288 3280 posteaquam
1336 3225 1464 3264 caro
1508 3218 1560 3263 et
1607 3211 1770 3263 homo
1825 3209 1978 3262 nobis
2027 3209 2220 3262 similis

2331 3210 2542 3281 Πατρὸς
2569 3210 2762 3276 Λόγον,
2813 3211 2901 3262 ὅτε
2927 3221 2964 3248 ω
2993 3210 3182 3278 γέγονε
3230 3209 3404 3280 σὰρξ,
3456 3212 3550 3264 καὶ
3602 3212 3723 3265 καθ’
3762 3215 3920 3282 ἡμᾶς

642 3301 844 3356 factum
895 3313 1007 3366 esu
1047 3303 1137 3355 sed
1188 3303 1464 3354 hominem
1521 3301 1688 3364 illum,
1745 3301 1833 3369 qui
1882 3315 1946 3353 cx
2001 3299 2226 3354 muliere

643 3404 812 3469 natus~
848 3405 948 3459 est,
992 3393 1145 3463 quasi
1194 3393 1425 3446 alterum
1461 3392 1771 3461 quempiain
1810 3393 1878 3445 ab
1908 3391 2022 3461 ipso
2050 3393 2228 3445 diver-

642 3499 760 3538 sum
790 3498 804 3536 :
834 3494 925 3537 aut
960 3485 1005 3538 si
1046 3484 1167 3552 quis
1202 3483 1351 3536 illum
1394 3497 1494 3550 pro
1543 3484 1723 3550 seipso
1754 3496 1990 3548 quoque,
2034 3491 2090 3534 et
2121 3495 2225 3534 non

644 3575 822 3644 potius
853 3590 949 3645 pro
985 3575 1141 3628 nobis
1190 3577 1323 3629 solis
1373 3575 1704 3627 sacrificium
1742 3574 2002 3627 obtulisse
2029 3573 2229 3626 dixerit

645 3666 841 3735 (neque
874 3666 1016 3721 enim
1073 3667 1356 3721 oblatione
1403 3667 1618 3734 egebat,
1669 3667 1758 3734 qui
1801 3675 2079 3736 peccatum
2122 3679 2226 3720 non

645 3757 815 3828 novit)
847 3775 859 3810 :
895 3759 1181 3812 anathema
1225 3759 1315 3811 sit.

1121 3867 1476 3922 Orientalium
1522 3868 1766 3938 objectio.

718 3981 774 4036 Si
810 3981 948 4036 Deus
985 3982 1223 4036 Verbum
1275 3993 1358 4036 est
1404 3998 1650 4037 summus
1683 3983 1960 4046 sacerdos,
2003 3981 2087 4035 cui
2123 3980 2231 4035 Deo

647 4087 766 4137 suo,
802 4072 885 4126 vel
920 4072 1065 4140 quali
1109 4074 1474 4127 ministerium
1527 4089 1682 4128 suum
1730 4073 1926 4127 offert?
1960 4074 2066 4128 Sed
2095 4072 2231 4126 ohli-

649 4176 737 4221 tus
761 4175 844 4220 est
883 4167 1024 4220 beati
1071 4165 1222 4220 Pauli
1271 4167 1549 4220 dicentis:
1586 4186 1604 4218 ι
1641 4166 1753 4221 Νοη
1799 4168 1940 4221 enim
1971 4167 2232 4220 habemus

649 4257 993 4326 pontificem,
1037 4257 1128 4324 qui
1179 4271 1286 4310 non
1338 4260 1511 4323 possit
1559 4259 1791 4326 compati
1827 4255 2232 4310 infirmitatibus

651 4346 813 4416 185
852 4348 1092 4412 nostris,
1134 4349 1227 4401 sed
1266 4358 1530 4401 lentatum
1579 4363 1673 4416 per
1705 4348 1886 4401 Oumia
1932 4348 2230 4401 secundum

648 4438 1061 4492 similitudinem
1123 4437 1332 4506 absque
1375 4448 1600 4505 peccato
1626 4438 1690 4490 ".
1725 4457 1742 4489 ι
1781 4437 1914 4502 Quis
1951 4437 2113 4506 igitur
2151 4445 2234 4489 est

2328 3301 2633 3372 ἄνθρωπος,
2667 3300 2783 3354 ἀλλ’
2804 3301 2879 3364 ὡς
2902 3301 2987 3354 έτε
3000 3318 3090 3372 ρον
3120 3301 3250 3372 παρ’
3283 3302 3466 3367 αὑτὸν,
3494 3303 3676 3366 ίδικῶς
3703 3304 3921 3374 ἀνθρωο

2331 3411 2430 3446 πον
2473 3394 2537 3446 ἐκ
2585 3392 2875 3461 γυναικός·
2921 3393 2954 3463 ἢ
3017 3392 3071 3445 εῐ
3113 3410 3195 3457 τις
3270 3391 3416 3461 λέγει
3475 3393 3665 3465 ύπέριι
3717 3396 3921 3449 ἐαυτοῦ

2330 3485 2716 3552 προσενεγκεῖν
2766 3483 2929 3537 αὑτὸν
2975 3485 3074 3554 τὴν
3127 3485 3466 3555 προσφορὰν,
3531 3486 3622 3538 καὶ
3667 3486 3789 3556 ούχὶ
3854 3487 3924 3557 δὴ

2333 3575 2533 3646 μᾶλλον
2573 3576 2713 3645 ὑπὲρ
2763 3576 2939 3645 μόνων
2974 3575 3129 3644 ἡμῶν
3161 3576 3243 3645 (οὐ
3277 3576 3386 3648 γὰρ
3419 3575 3484 3629 ἂν
3513 3577 3707 3649 ἐδεήθη
3737 3595 3922 3648 προσ-

2333 3668 2504 3739 φορᾶς
2531 3668 2559 3720 ό
2590 3667 2664 3738 μὴ
2695 3665 2850 3730 είδὼς
2882 3665 3181 3739 ἁμαρτίαν)
3237 3666 3492 3737 ἀνάθεμα
3526 3666 3686 3722 ἔστω.

2642 3869 3009 3937 Ἀντίῤῥησις
3046 3866 3165 3920 τῶν
3210 3867 3619 3923 Ἀνατολικῶν.

2406 3986 2468 4039 Εἰ
2518 3984 2812 4055 ἀρχιερεὺς
2844 3985 2872 4036 6
2909 3981 3039 4047 Θεὸς
3104 3981 3268 4050 Λόγος
3293 4022 3310 4048 ,
3351 3981 3458 4036 τίνι
3502 3982 3620 4052 Θεῷ
3661 3984 3834 4039 αὑτοῦ
3897 3987 3930 4053 ἥ

2334 4075 2472 4144 ποίῳ
2491 4073 2559 4126 τά
2580 4073 2679 4142 τῆς
2706 4071 3001 4141 θεραπείας
3032 4069 3365 4142 προσφέρει;
3407 4071 3546 4124 Ἀλλ’
3578 4073 3884 4127 ἐπελάθετο
3907 4085 3934 4112 ο

2334 4165 2426 4219 τοῦ
2459 4163 2731 4234 μακαρίου
2757 4163 2971 4217 Παύλου
3001 4163 3253 4228 εἰπόντος
3271 4180 3284 4194 ο
3323 4184 3340 4215 ι
3367 4164 3442 4218 Οὐ
3465 4163 3572 4235 γὰρ
3595 4165 3797 4235 ἔχομεν
3827 4169 3935 4237 ἁρ-

2335 4255 2522 4327 χιερέα
2559 4255 2634 4324 μὴ
2684 4255 2985 4324 δυνάμενον
3037 4254 3396 4326 συμπαθῆσαι
3444 4257 3564 4317 ταῖς
3613 4256 3936 4320 ἀσθενείαις

2333 4345 2514 4415 ἡμῶν,
2548 4345 2956 4416 πεπειραμένον
2990 4345 3048 4398 δὲ
3093 4345 3235 4399 κατά
3265 4347 3442 4400 πάντα
3470 4346 3592 4400 καθ’
3627 4349 3936 4418 ὁμοιότητα

2336 4439 2504 4508 χωρὶς
2532 4437 2831 4508 ἁμαρτίας.
2871 4455 2890 4489 ι
2925 4436 3021 4500 Τίς
3048 4433 3142 4492 οὖν
3175 4440 3323 4492 ἐστιν
3352 4439 3380 4492 6
3415 4442 3866 4510 πεπειραμένοςς
3907 4446 3938 4496 ό

653 4537 892 4583 tentatus
923 4529 1045 4581 ille?
1071 4545 1195 4581 llUIII
1233 4527 1376 4582 Deus
1405 4528 1754 4594 Vcrbunt,att
1787 4530 2015 4582 humana
2043 4538 2225 4580 natura

2339 4528 2470 4591 Θεὸς
2521 4527 2731 4595 Λόγος,
2780 4528 2813 4597 ἢ
2862 4527 2897 4598 ἡ
2943 4528 3256 4600 ἀνθρωπεία
3303 4531 3466 4600 φύσις
3506 4531 3568 4584 τὸ
3611 4531 3705 4585 τοῦ
3761 4536 3938 4588 Δαυῖδ

650 4634 834 4672 semen
893 4619 1096 4673 David?
1155 4619 1220 4672 Et
1275 4620 1470 4672 iterum
1522 4638 1592 4675 ιι
1631 4619 1798 4674 Nemo
1845 4620 1945 4673 sibi
2003 4619 2225 4672 assumil

2342 4619 2601 4689 σπέρμα;
2637 4619 2747 4672 Καὶ
2783 4617 2947 4672 πάλιν
2970 4635 2983 4650 ·
3017 4638 3035 4671 ι
3063 4620 3175 4690 Οὐχ
3201 4622 3379 4693 έαυτῷ
3406 4639 3490 4687 τις
3518 4623 3790 4693 λαμῦάνει
3831 4626 3938 4696 τὴν

652 4711 936 4775 honorem,
987 4712 1081 4764 sed
1114 4722 1337 4764 vocatus
1372 4728 1399 4763 ιι
1445 4711 1575 4775 Deo,
1610 4713 1752 4766 sicut
1796 4720 1848 4765 et
1893 4711 2074 4764 Aaron
2111 4730 2123 4763 :
2159 4709 2231 4764 ita

650 4813 703 4854 et
735 4803 984 4857 Christus
1028 4818 1131 4856 non
1168 4804 1411 4874 seipsnm
1447 4804 1796 4873 gloriﬁcavil,
1837 4813 1892 4856 ut
1921 4805 2071 4857 fieret
2101 4819 2233 4871 pon-

653 4891 871 4944 tifex“.
908 4909 925 4940 ι
961 4890 1093 4956 Quis
1142 4892 1305 4960 igitur
1352 4893 1462 4956 ille,
1500 4893 1591 4961 qui
1645 4902 1994 4960 comparatur
2039 4907 2233 4946 secun-

653 4983 779 5035 dum
835 4981 1123 5035 sacerdotii
1175 4982 1492 5050 dignitatem
1549 4963 1647 5050 ipsi
1692 4985 1897 5045 Aaron,
1947 4992 2001 5035 et
2047 4997 2150 5036 non
2201 4996 2230 5034 a

654 5074 836 5142 seipso
869 5074 1124 5127 honorem
1157 5074 1482 5138 assumenti,
1522 5076 1616 5128 sed
1645 5089 1833 5129 vocato
1863 5090 1889 5127 a
1923 5075 2054 5136 Deo,
2081 5084 2134 5128 ct
2165 5072 2229 5128 ad

657 5165 970 5234 dignitatem
1005 5165 1308 5219 sacerdotis
1350 5166 1712 5220 ascendenti?
1759 5181 1883 5220 num
1913 5168 2090 5220 divina
2133 5182 2231 5219 na.

722 5340 743 5370 ’
781 5341 900 5395 Act.
940 5356 1021 5404 Ill,
1054 5339 1237 5402 12,13.
1306 5341 1347 5371 ¹⁰
1382 5341 1520 5393 Psal.
1556 5356 1726 5405 xxxii,
1761 5339 1814 5393 6.

2338 4710 2526 4779 τιμὴν,
2557 4706 2694 4760 ἀλλά
2715 4717 2741 4756 Ρ
2771 4707 3101 4780 καλούμενος
3125 4711 3228 4764 ὑπὸ
3260 4711 3420 4777 Θεοῦ,
3455 4712 3753 4784 καθώσπερ
3804 4717 3938 4769 Ἀα-

2341 4796 2522 4870 ρώνει·
2560 4796 2704 4850 οὕτω
2733 4796 2829 4851 καὶ
2874 4801 2902 4851 6
2947 4799 3185 4870 Χριστὸς
3215 4801 3314 4871 ούχ
3345 4802 3537 4855 ἐαυτὸν
3572 4803 3797 4870 eadem;
3834 4821 3936 4873 γε·

2338 4890 2527 4944 νέσθαι
2557 4890 2836 4962 ἀρχιερέα.
2873 4909 2891 4942 )
2922 4891 3018 4954 Τίς
3047 4887 3139 4945 οὖν
3166 4894 3194 4944 6
3223 4891 3299 4961 τῷ
3334 4892 3543 4965 Ἀαρὼν
3576 4895 3715 4948 κατά
3739 4896 3806 4950 τὸ
3832 4897 3939 4966 τῆς

2341 4982 2641 5054 ἱερωσύνης
2681 4984 2898 5054 ἀξίωμα
2920 5027 2935 5048 ,
2978 4985 3072 5038 καὶ
3119 4983 3196 5054 τῷ
3228 4986 3303 5055 μὴ
3341 4986 3434 5054 ἀφ’
3464 4986 3628 5039 αὑτοῦ
3650 4997 3672 5026 ι’
3706 4988 3935 5058 λαμσά-

2339 5089 2481 5125 νοντι
2507 5084 2527 5111 ι
2574 5073 2673 5145 τὴν
2714 5075 2898 5145 τιμὴν,
2931 5073 3068 5128 ἀλλὰ
3096 5075 3418 5146 καλουμένῳ
3448 5077 3465 5111 ⁸
3503 5077 3606 5132 ὑπὸ
3638 5077 3732 5129 τοῦ
3765 5079 3936 5145 Θεοῦ,

2342 5167 2435 5217 καὶ
2460 5167 2538 5229 είς
2558 5167 2656 5236 τὴν
2680 5167 2837 5230 ἀξίαν
2861 5167 2959 5237 τῆς
2987 5165 3286 5237 ἱερωσύνης
3318 5166 3663 5222 ἀναϐαίνοντι
3696 5186 3940 5242 συγκρι-

1891 5343 1930 5372 ¹¹
1969 5341 2129 5394 liebr.
2167 5358 2224 5395 Ill

2391 5345 2432 5375 ¹²
2473 5343 2806 5412 Ephes.v,2.
2871 5345 2913 5376 ⁸³
2949 5343 3111 5400 Hebr.
3152 5361 3224 5414 Iv,
3262 5346 3346 5400 15.
3397 5347 3439 5376 ’⁸
3473 5345 3636 5402 Hebr.
3675 5363 3728 5413 v,
3773 5349 3832 5415 ι,
3881 5352 3938 5406 5.

1708 5497 1882 5550 Variae.
1907 5497 2165 5551 let-tiones
2189 5513 2250 5552 ex
2285 5498 2473 5553 codice
2501 5499 2871 5567 Seguieriano.

735 5689 758 5717 ⁸
795 5674 874 5728 δεῖ
896 5675 970 5738 δέ,
1012 5673 1182 5746 οἶμαι.
1277 5676 1304 5716 b
1333 5674 1700 5728 κατευθύνειν.

667 5751 692 5788 ε
722 5746 1092 5815 ὁμολογοῦσιν.
1168 5749 1193 5786 δ
1228 5749 1550 5815 ἐνεργεῖται.
1650 5747 1662 5784 ί
1711 5746 1920 5815 ἐνεργεί
1947 5746 2024 5797 δέ.

662 5827 702 5854 η
729 5819 827 5870 ὅτι.
903 5825 929 5852 υ
957 5820 1047 5871 καὶ
1082 5817 1242 5888 ὑπέρ.
1320 5827 1344 5852 υ
1371 5817 1680 5869 ἐπελάϐετο.
1759 5826 1785 5866 Ρ
1814 5817 1895 5870 ἁλὶ

666 5901 843 5957 μενος.

1807 5687 1828 5714 ε
1867 5675 2294 5744 προσιζὴσαντα,
2326 5675 2361 5741 ἢ
2396 5675 2674 5744 ίζήσαντα.
2755 5671 2780 5710 δ
2811 5672 3254 5726 κατασκώπτειν.

2129 5745 2140 5793 i
2192 5746 2352 5809 αὐτὸς
2381 5747 2500 5806 τὰς,
2525 5743 2582 5808 ἢ,
2621 5745 2785 5796 αὑτοῦ
2817 5746 2932 5804 τάς.

1320 5827 1344 5852 υ
1371 5816 1680 5869 ἐπελάϐετο.
1759 5826 1785 5866 Ρ
1814 5816 1925 5870 ἀλλ’
1957 5819 2003 5868 6.
2081 5826 2106 5864 τι
2139 5817 2229 5868 καὶ
2273 5816 2500 5884 ’Λαρών.

3339 5685 3360 5712 ε
3396 5674 3506 5727 τόν.
3595 5675 3700 5728 τού
3739 5681 3939 5735 πολύε.

3041 5744 3370 5816 ι-γενητῷν,
3403 5813 3447 5816 Α,
3485 5743 3497 5781 ι
3529 5746 3938 5816 ἐπιτρίζοντες.

2605 5823 2622 5849 τ
2655 5815 2755 5864 οὐκ
2784 5815 2876 5882 ἀφ’
2905 5811 3127 5869 ἑαυτοῦ.
3226 5811 3251 5852 ὶ
3275 5813 3590 5885 λαμϐάνων.
3661 5811 3690 5852 ⁷¹
3731 5811 3941 5874 καλού-
