4108 6494
85 421 152 475 3M
697 421 1228 480 APOLOGETICUS
1265 422 1402 480 PRO
1445 425 1536 480 ΧΗ
1575 377 1942 484 CAPITIBDS
1981 427 2262 483 CONTRA
2301 428 2764 486 ORIENTALES.

3244 433 3347 491 362

89 539 286 607 ἥμενος
333 540 408 593 Ἦ
442 541 598 598 Θεία
632 543 806 613 φύσις
832 586 848 609 ,
895 544 926 611 ἡ
979 542 1056 612 τῷ
1087 544 1264 613 Πατρί
1315 544 1606 610 συναῖδιος,
1639 547 1670 615 ἡ

1798 562 1921 611 .ura,
1968 562 2086 616 qua:
2132 558 2213 603 est
2253 547 2401 603 Patri
2454 559 2748 614 coaeterna,
2805 546 2889 602 cui
2937 551 3118 604 omnia
3167 550 3348 607 Patris

95 634 226 685 πάντα
248 631 316 685 τὰ.
343 632 456 686 τοῦ
476 634 726 704 Πατρὸς
761 634 869 687 ἴδια
898 633 1128 702 ἔχουσας
1157 633 1235 690 εἰς
1277 636 1425 686 ποῖον
1456 635 1673 706 ἀξίωμα

102 723 240 791 μεῖζον
269 724 489 792 εαυτῆς
539 723 844 782 ἀνέϐαινε;
893 723 998 776 Καὶ
1030 724 1320 792 φήσομαιιι
1365 722 1464 793 τὴν
1516 725 1675 795 ἱερω-

106 814 230 883 σένην
262 814 609 884 ἀξιωτέραν
643 814 744 882 τῆς
778 812 927 875 θείας
956 812 1171 880 φύσεως
1203 813 1494 883 ὑπάρχειν,
1535 813 1673 884 πρὸς

107 909 154 974 ἣν
178 908 262 958 οὐκ
293 907 387 971 ἀφ’
423 907 667 971 ἑαυτοῦ,
719 905 854 959 ἀλλὰ
904 904 1237 974 καλούμενος
1271 905 1375 957 ὑπὸ
1407 903 1499 957 τοῦ
1538 904 1673 958 Θεοῦ

111 996 202 1047 κατ’
241 998 416 1068 αὐτὴν
443 1007 469 1032 τ
508 998 792 1061 ἀνέϐαινε,
828 997 922 1049 καὶ
961 995 1029 1048 δι’
1069 995 1238 1066 αὐτῆς
1286 994 1596 1062 έδοξάζετο;
1639 995 1671 1066 ἢ

117 1095 163 1144 ὲκ
191 1093 508 1160 σπέρματος
557 1090 722 1144 Δαυῖδ
768 1077 801 1160 ἧ
849 1090 1113 1160 γενομένη
1157 1090 1249 1143 καί
1301 1089 1598 1160 ὁρισθεῖσα,

121 1184 190 1236 καὶ
220 1185 289 1245 ὡς
317 1182 544 1254 ῶμοσεν
564 1192 587 1220 ³
619 1186 648 1236 ό
669 1181 816 1246 Θεὸς,
851 1182 992 1236 κατὰ
1017 1182 1106 1235 τὸν
1137 1182 1465 1251 Ψαλμῳδὸν,
1484 1181 1676 1236 δώσειν

117 1276 177 1335 εἱς
214 1271 298 1325 τὸν
339 1271 524 1326 αἰῶνα
569 1271 631 1324 τὸ
672 1272 769 1340 τῆς
816 1271 1162 1341 ἰερωσύνηςγ
1185 1289 1198 1336 ;
1236 1289 1253 1322 ι
1293 1272 1497 1340 Ὤμοσε
1545 1272 1674 1342 γὰρ,

115 1365 248 1434 φησί,
290 1364 528 1434 Κύριος,
577 1365 672 1415 καὶ
709 1364 768 1415 οὺ
823 1362 1358 1432 μεταμεληθήσεταιο
1396 1363 1466 1415 Σὺ
1501 1363 1677 1433 ἱερεὺς

114 1459 179 1519 εἱς
201 1456 286 1508 τὸν
312 1454 494 1508 αἰῶνα
521 1453 663 1508 κατὰ
694 1455 792 1525 τὴν
815 1454 967 1518 τάξιν
986 1453 1338 1522 Μελχισεδέκ.
1367 1472 1384 1503 ι
1408 1453 1468 1506 Ἠ
1489 1453 1680 1523 θεότης

113 1542 192 1594 τοῦ
210 1541 553 1609 Μονογενοῦς
581 1541 884 1611 ἐνωμότους
912 1542 1234 1610 ὑποσχέσεις
1265 1541 1414 1608 παρὰ
1433 1542 1526 1594 τοῦ
1544 1541 1679 1595 Θεοῦ

113 1633 395 1715 ἐλάμϐανε,
446 1632 716 1703 λήψεσθαι
764 1634 863 1702 τὴν
895 1633 1193 1703 ἱερωσύνην
1237 1635 1316 1695 εἱς
1364 1633 1455 1686 τὸν
1487 1634 1678 1698 αἰῶνα,

113 1725 194 1775 καὶ
223 1725 350 1795 παρ’
384 1726 524 1794 αὐτῇ
553 1733 575 1760 τ
608 1723 1069 1793 δοξασθήσεσθαι;
1114 1722 1222 1774 Καὶ
1257 1722 1336 1784 τίς
1363 1721 1520 1792 ἡμῶν
1548 1723 1680 1776 ἀνά-

115 1832 218 1884 σχοι
243 1829 267 1856 ει
293 1815 476 1869 ταῦτα
503 1815 785 1882 λεγόντων,
830 1814 862 1883 ἢ
895 1813 1176 1876 νοούντων,
1224 1813 1317 1866 καὶ
1348 1815 1444 1865 οὐκ
1484 1814 1682 1866 εὐτελί·

1785 648 1911 692 sunt
1940 640 2200 708 propria?
2257 650 2306 695 et
2339 640 2389 693 in
2438 655 2599 708 quam
2648 640 2966 710 dignitatem
2995 657 3058 696 se
3092 643 3347 710 majorem

1781 729 2061 783 ascendit?
2112 728 2431 784 Dieemusue
2488 729 2852 783 sacerdotium
2907 730 3086 783 divina
3151 743 3344 786 natura

1783 818 2017 886 dignius,
2048 821 2114 873 ad
2151 820 2290 887 quod
2323 835 2425 874 non
2456 834 2487 873 a
2521 820 2723 888 seipso,
2766 819 2858 874 sed
2883 834 2976 887 per
3019 820 3147 874 illud
3178 839 3204 874 a
3243 822 3353 876 Deo

1785 918 2004 963 vocatus
2047 911 2310 973 ascendit,
2344 918 2397 963 et
2438 923 2533 979 per
2566 909 2692 962 illud
2737 895 2821 963 est
2869 909 3201 978 glorificatus
3229 952 3243 976 ,
3283 927 3350 965 an

1783 1013 1912 1052 vero
1955 1005 2144 1052 natura
2194 1013 2260 1052 ex
2311 1001 2519 1052 semine
2571 997 2734 1052 David
2789 997 2930 1054 facta
2979 1009 3034 1054 et
3063 1001 3351 1071 praedesti-

1785 1099 1946 1153 nata,
1986 1088 2072 1142 cui
2107 1087 2267 1142 etiam
2312 1087 2515 1155 juravit
2549 1088 2712 1154 Dens,
2761 1091 3055 1144 secundum
3091 1090 3351 1154 Psaltem,

1787 1180 2038 1232 daturum
2093 1191 2152 1233 se
2211 1179 2572 1233 sacerdotium
2633 1179 2684 1232 in
2743 1181 3044 1234 aeternum?
3097 1180 3358 1235 «Iuravit

1784 1268 1955 1334 enim,
1983 1268 2176 1336 inquit,
2202 1267 2485 1334 Dominus,
2521 1278 2574 1324 et
2610 1284 2716 1324 non
2760 1273 3052 1349 ptenitebit'
3092 1287 3212 1326 eum
3239 1289 3252 1326 :
3276 1272 3357 1326 Tu

1787 1373 1845 1410 es
1895 1359 2147 1413 sacerdos
2198 1358 2248 1413 in
2299 1369 2559 1414 aeternum
2602 1363 2895 1416 secundum
2932 1362 3176 1417 ordinem
3227 1363 3360 1418 Mel-

1789 1447 2075 1503 chisedech
2103 1450 2164 1502 ⁸⁵.
2200 1468 2218 1501 ι
2257 1447 2392 1504 Nunt
2425 1451 2595 1506 deitas
2626 1451 2894 1523 Unigeniti
2923 1467 2949 1504 a
2975 1454 3079 1507 Deo
3121 1455 3360 1522 promis-

1792 1538 1972 1593 sioues
2001 1553 2120 1594 cum
2147 1540 2459 1610 juramento
2500 1545 2728 1612 accepit,
2771 1555 3144 1614 suscepturam
3179 1560 3238 1599 se
3270 1560 3361 1600 sa-

1791 1631 2087 1684 cerdotium
2137 1633 2188 1684 in
2222 1642 2503 1696 internum,
2538 1647 2633 1701 per
2673 1635 2816 1702 quod
2863 1636 2932 1688 sit
2965 1635 3360 1703 gluriﬁcanda?

1795 1717 1859 1770 Et
1913 1717 2034 1785 quis
2075 1729 2318 1774 nostrum
2362 1720 2498 1775 feret
2541 1722 2667 1775 talia
2706 1722 2946 1778 dicentes
2996 1724 3077 1778 vel
3111 1724 3363 1793 cogitan-

1794 1808 1916 1861 tes?
1945 1808 2073 1874 Quis
2114 1826 2215 1864 uon
2249 1820 2557 1866 contemnet
2586 1827 2682 1866 nos
2727 1814 2891 1867 Deum
2933 1814 3359 1878 iutroducentes,

115 1910 234 1960 σειδ
269 1909 464 1976 ἡμᾶς,
515 1906 649 1958 Θεὸν
703 1904 1022 1970 εἰσάγοντας
1071 1903 1545 1974 χειροτονούμενον
1585 1905 1684 1975 ἀρ-

1798 1897 1878 1964 qui
1932 1898 2169 1966 pontifex
2230 1902 2532 1964 ordinetur,
2580 1913 2633 1955 et
2687 1912 2839 1969 pacta
2891 1917 3012 1956 cum
3047 1903 3362 1971 jurameuto

113 2000 312 2068 χιερέα,
349 1999 442 2050 καὶ
470 1996 737 2065 ὲνωμόσει
774 1996 1099 2065 ὑποσχέσεις
1123 2007 1145 2033 0
1185 1996 1553 2066 λαμϐάνοντα,
1584 2014 1689 2050 κα-

114 2090 311 2143 λεῖσθαί
347 2106 405 2145 τε
449 2091 528 2152 εἰς
570 2088 632 2140 τὸ
668 2087 768 2156 τῆς
816 2087 1115 2158 ἱερωσύνης
1164 2087 1416 2158 ἀξίωμα,
1457 2088 1549 2141 καὶ
1591 2089 1688 2159 οὐχ

115 2182 284 2252 ἑαυτῷ
333 2181 685 2251 λαμϐάνοντα
729 2180 829 2250 τὴν
871 2181 1058 2250 τιμὴν,
1111 2181 1228 2233 ἀλλ’
1257 2182 1334 2242 εἰς
1359 2179 1562 2253 ταύτην
1595 2200 1690 2234 κα-

113 2274 389 2342 λούμενον,
422 2275 517 2326 καὶ
551 2272 977 2343 συγκρινόμενον
1020 2270 1097 2342 τῷ
1147 2273 1348 2342 πρώτῳ
1393 2271 1491 2341 τὴν
1534 2273 1692 2343 ἱερω-

116 2367 272 2436 σύνην
301 2365 522 2418 λαϐόντι
543 2382 557 2429 ;
580 2366 690 2418 Καὶ
717 2365 880 2417 πάλιν
910 2366 1064 2434 φησὶ,
1107 2363 1292 2426 καθὼς
1319 2364 1412 2415 καὶ
1439 2366 1494 2416 ὲν
1520 2364 1689 2433 ἑτέρῳ

115 2458 289 2525 λέγει·
334 2477 352 2509 ‹
387 2458 460 2510 Σὺ
514 2458 694 2528 ἱερεὺς
734 2458 814 2520 εἰς
864 2458 954 2509 τὸν
1003 2456 1171 2509 αἰῶνα
1223 2455 1362 2508 κατὰ
1402 2455 1500 2524 τὴν
1540 2454 1691 2520 τάξιν

118 2550 469 2619 Μελχισεδέκ.
509 2568 527 2600 ι
572 2551 681 2602 Καὶ
725 2548 810 2610 τίς
847 2548 1009 2600 πάλιν
1066 2546 1205 2599 κατὰ
1241 2547 1339 2616 τὴν
1392 2544 1693 2616 ἱερωσύνην

120 2641 450 2710 Μελχισεδὲκ
504 2641 838 2694 ἀπείκασται
861 2656 874 2702 ;
901 2633 1047 2706 τΛρα
1091 2637 1236 2689 ὅσιον
1271 2637 1360 2688 τὸν
1397 2636 1530 2689 Θεὸν
1562 2637 1692 2688 ὑποο

117 2733 434 2802 λαμῦάνειν,
487 2731 521 2800 ἣ
565 2731 664 2798 τὴν
697 2727 757 2792 ἐξ
802 2727 959 2798 ήμῶν
1008 2727 1302 2796 ληφθεῖσαν
1355 2728 1552 2798 σάρκα,
1594 2727 1692 2797 τὴν

119 2820 408 2872 ὲνωθεῖσαν
461 2817 784 2888 ἀχωρίστως
848 2815 1000 2886 ἅμα,
1045 2817 1141 2869 καὶ
1192 2818 1514 2887 ἀσυγχύτως
1565 2833 1692 2869 συν-

120 2912 405 2981 ημμένην;
447 2911 558 2964 Καὶ
585 2909 748 2962 πάλιν
790 2908 985 2979 φησίν’
1026 2929 1043 2959 ι
1080 2911 1175 2971 Ὃς
1219 2910 1274 2960 ὲν
1305 2912 1425 2971 ταῖς
1456 2909 1692 2979 ἡμέραις

119 3005 210 3072 τῆς
253 3002 463 3073 σαρκὸς
506 3001 673 3054 αὑτοῦ
708 2999 924 3071 δεήσεις
946 3016 1026 3062 τε,
1055 2999 1148 3052 καί
1190 2999 1467 3069 ἱκετηρίας
1490 2997 1515 3037 ιι
1558 2998 1693 3068 πρὸς

119 3097 199 3147 τὸν
227 3096 534 3163 δυνάμενον
570 3091 761 3155 σώζειν
795 3092 955 3144 αὐτὸν
1000 3092 1064 3143 ὲκ
1099 3090 1330 3144 θανάτου
1361 3089 1498 3160 μετὰ
1523 3106 1695 3159 κραυ-

120 3185 214 3254 γῆς
270 3184 503 3254 ἰσχυρᾶς
551 3182 644 3234 καὶ
695 3180 946 3249 δακρύων
1000 3181 1394 3249 προσενέγκας,
1441 3180 1535 3231 καὶ
1583 3180 1695 3231 εἰσ-

1792 1988 2042 2058 aecipiat,
2090 2001 2419 2059 voceturque
2469 1993 2534 2045 ad
2581 1993 2964 2056 sacerdotium,
2997 2003 3051 2046 et
3099 2008 3202 2047 non
3255 1995 3362 2048 sibi

1795 2080 1894 2149 ipsi
1955 2090 2198 2136 assumat
2245 2082 2524 2149 honorem,
2571 2085 2665 2137 sed
2717 2084 2782 2137 ad
2829 2083 2975 2138 illum
3026 2093 3267 2149 vocetur,
3310 2095 3366 2139 et

1796 2181 2138 2240 comparetur
2171 2174 2344 2241 primo
2375 2176 2464 2244 qui
2495 2175 2856 2230 sacerdotium
2889 2175 3128 2244 accepit?
3169 2175 3234 2228 Et
3265 2175 3367 2230 ite-

1798 2280 1911 2316 rum
1943 2283 1954 2318 :
1991 2282 2008 2314 ι
2041 2265 2499 2328 Quemadmodum
2537 2277 2589 2319 et
2624 2268 2673 2321 in
2707 2268 2812 2320 alio
2855 2266 2973 2320 loco
3005 2268 3132 2322 dicit
3157 2286 3171 2321 :
3197 2266 3273 2320 Tu
3306 2283 3366 2322 es

1794 2353 2050 2405 sacerdos
2083 2353 2137 2406 in
2185 2363 2445 2407 mternum
2486 2355 2780 2409 secundum
2813 2356 3057 2409 ordinem
3086 2353 3368 2409 Melchise-

1797 2444 1930 2498 decb
1953 2444 2015 2498 “.
2043 2463 2060 2496 ι
2099 2445 2164 2498 Ει
2191 2446 2313 2514 quis
2342 2459 2531 2499 rursus
2557 2456 2896 2512 comparatus
2911 2445 3112 2513 estipsi
3145 2443 3367 2499 Melchi-

1795 2532 1991 2585 sedech
2029 2535 2326 2586 secundum
2379 2533 2779 2588 sacerdotium?
2818 2549 2945 2588 num
2986 2537 3160 2603 ipsum
3195 2534 3363 2590 Deum

1798 2621 2031 2676 Verbum
2081 2623 2390 2677 existimare
2432 2623 2511 2676 fas
2561 2633 2663 2688 est,
2711 2638 2778 2676 an
2825 2639 3044 2679 carnem
3095 2641 3161 2678 ex
3213 2627 3368 2681 nobis

1797 2723 2151 2782 assumptum,
2197 2715 2296 2782 ipsi
2346 2714 2784 2784 inseparabiliter
2819 2727 2874 2771 et
2921 2717 3202 2774 ineonfuse
3243 2720 3366 2774 uui-

1801 2804 2040 2869 tatht
2077 2805 2268 2857 iterum
2301 2805 2469 2858 dicit:
2502 2822 2519 2854 ‹
2556 2805 2659 2870 Qui
2696 2808 2748 2861 in
2784 2807 2973 2862 diebus
3005 2810 3189 2864 carnis
3232 2827 3366 2876 sua,

1799 2909 1986 2964 preces
2017 2905 2071 2949 et
2105 2894 2527 2963 supplicationes
2558 2897 2624 2949 ad
2663 2912 2808 2961 eum,
2840 2901 2930 2968 qui
2956 2901 3129 2967 possit
3154 2903 3368 2960 salrare

1800 2985 1947 3037 illum
1980 3001 2009 3038 a
2053 2995 2243 3052 morte,
2278 3001 2401 3040 cum
2439 2985 2675 3042 clamore
2708 2988 2885 3043 valido
2913 2999 2967 3044 et
3001 2990 3256 3062 lacrymis
3285 2997 3369 3050 of-

1801 3075 2000 3140 ferens,
2026 3077 2308 3131 exauditus
2338 3086 2422 3132 est
2444 3093 2539 3146 pro
2573 3093 2669 3132 sua
2699 3082 3001 3134 reverentia
3031 3081 3114 3135 ¹⁶“.
3147 3101 3167 3133 ι
3202 3082 3370 3139 Num-

1801 3169 1927 3234 quid
1969 3169 2060 3223 Dei
2101 3168 2334 3225 Verbum
2364 3171 2784 3242 supplicationes
2823 3182 2878 3226 et
2909 3188 3121 3241 preces,
3162 3184 3368 3232 etcum

121 3239 416 3337 ᾆέέυσεξιέ
451 3239 564 3326 ἀπὸ
603 3273 702 3340 τῆς
733 3239 1054 3335 εὐλαϐείας.¹
1076 3290 1092 3321 ι
1122 3239 1269 3340 Ἀρά
1294 3272 1321 3322 ὁ
1352 3239 1486 3330 Θεὸς
1526 3271 1689 3336 Λόγος

1802 3260 2037 3316 clamore
2085 3262 2261 3317 valido
2304 3264 2369 3316 ad
2412 3264 2788 3334 aliquem,qui
2832 3267 3000 3334 possit
3040 3267 3213 3337 ipsum
3260 3271 3370 3324 sal-

119 3367 331 3437 δεήσεις
362 3366 457 3416 καὶ
503 3362 783 3435 ἱκετηρίας
803 3372 850 3427 ε,
878 3362 971 3414 καὶ
1007 3361 1146 3432 μετὰ
1187 3362 1434 3433 κραυγῆς
1471 3363 1694 3430 ἰσχυρᾶς

121 3459 253 3527 πρός
301 3473 430 3508 τινα
492 3455 788 3524 δυνάμενον
841 3451 1035 3516 σώζειν
1088 3453 1284 3518 αὐτὸν,
1347 3452 1693 3524 προσφέρων,

121 3545 450 3616 εἰσηκούσθη
505 3545 614 3598 ἀπὸ
649 3545 750 3613 τῆς
780 3544 1085 3609 εὐλαϐείας,
1133 3545 1226 3597 καὶ
1265 3544 1467 3614 ἔμαθεν
1497 3546 1590 3613 ἀφ’
1623 3538 1697 3596 ὧν

122 3637 284 3690 ἔπαθε
318 3636 418 3706 τὴν
448 3636 722 3705 ὑπακοήν;
761 3636 830 3688 Εἰ
863 3635 1043 3687 τοίνυν
1087 3637 1114 3686 ό
1141 3635 1273 3697 Θεὸς
1298 3635 1469 3702 Λόγος
1509 3636 1697 3705 ἀρχιε-

121 3729 265 3798 ρεὺς,
283 3729 396 3780 καὶ
423 3727 629 3796 ἔμαθεν
657 3726 750 3793 ἀφ’
781 3719 852 3779 ὧν
887 3724 1088 3778 ἔπαθεν
1110 3724 1293 3787 αὐτὸς,
1329 3726 1422 3776 καὶ
1448 3725 1696 3776 ἐτελειώ-

121 3818 202 3886 θη.
268 3817 438 3870 Ἀλλὰ
483 3816 558 3884 μὴ
602 3815 960 3885 ταρασσέσθω
998 3815 1150 3885 ὑμῶν
1193 3815 1226 3884 ἡ
1273 3813 1528 3868 διάνοιαί
1571 3817 1698 3884 περὶ

117 3907 206 3960 τοῦ
245 3907 523 3969 παθόντος
568 3905 885 3958 ἀκούσασα·
942 3924 960 3954 ‹
991 3906 1209 3974 Καίπερ
1261 3905 1334 3956 ῶν
1372 3906 1517 3968 Υἱός.
1555 3925 1571 3955 ›
1621 3907 1696 3957 Οὺ

117 4000 221 4070 γὰρ
251 3999 350 4052 δύο
383 3997 535 4059 υἱούς
559 4014 757 4068 φαμεν,
780 3995 874 4049 τόν
893 4014 951 4049 τε
985 3996 1244 4061 παθόντα,
1276 3996 1370 4048 καί
1395 3997 1485 4048 τὸν
1511 3996 1698 4064 άπαθῆ

121 4094 417 4160 μείνανταο
471 4091 535 4143 οὐ
582 4091 691 4160 γὰρ
741 4090 1209 4160 κεχωρισμένωςικ
1249 4089 1344 4142 καί⁹
1391 4087 1700 4153 ἰδιαζόντως

115 4186 209 4255 τῆς
223 4184 496 4255 θεότητος
519 4183 547 4235 ό
570 4184 632 4235 ὲκ
649 4179 677 4220 ¹¹
701 4182 1011 4255 σπέρματος
1041 4181 1200 4234 Δαυῒδ
1226 4180 1345 4243 Υἱὸς
1364 4180 1696 4250 ὠνόμασται,

115 4278 186 4340 ώς
211 4256 353 4332 οὐδὲ
403 4279 436 4346 ἠ
485 4275 673 4343 θεότης
716 4274 853 4343 μετά
879 4273 977 4342 τὴν
1007 4273 1200 4324 ἕνωσιν
1233 4273 1358 4324 ἄνευ
1384 4273 1480 4341 τῆς
1511 4289 1701 4340 φαινο-

116 4370 288 4439 μένης
327 4365 535 4436 σαρκὸς
567 4365 696 4426 Υἱὸς
720 4363 1190 4433 προσηγόρευσαν
1225 4363 1284 4415 τὸ
1318 4363 1425 4432 γὰρ
1465 4362 1562 4431 τῆς
1591 4361 1702 4413 υἱό-

112 4477 276 4528 ττιτος
310 4456 456 4529 μετὰ
504 4455 604 4525 τὴν
636 4455 838 4508 ¹ἕνωσιν
883 4455 1175 4524 ἑκατέραις
1197 4455 1320 4517 ταῖς
1352 4453 1578 4522 φύσεσιν
1619 4453 1698 4516 ἓν,

1799 3369 1928 3407 vare
1981 3353 2230 3418 oﬂ'ereus,
2287 3356 2600 3411 exauditum
2660 3365 2744 3412 est
2795 3371 2892 3424 pro
2936 3362 3263 3428 reverentia,
3317 3374 3373 3417 et

1801 3444 1982 3497 didicit
2013 3459 2077 3498 ex
2107 3445 2209 3508 his,
2243 3459 2358 3514 qua:
2380 3461 2595 3512 passum
2615 3457 2716 3512 est,
2749 3450 3150 3527 obedietgtiam?
3187 3451 3244 3506 Si
3277 3453 3374 3521 igi-

1805 3545 1888 3590 tur
1917 3535 2058 3590 Deus
2090 3535 2322 3591 Verbum
2359 3549 2440 3591 est
2463 3538 2725 3607 pontifex,
2759 3541 2923 3594 etiam
2952 3542 3140 3597 didicit
3167 3559 3233 3597 ex
3267 3546 3370 3610 bis,

1801 3642 1920 3696 qua:
1970 3643 2160 3696 passus
2208 3637 2291 3683 est
2343 3631 2476 3697 ipse,
2529 3641 2584 3684 et
2626 3645 3032 3688 consummatus
3072 3646 3174 3689 est.
3215 3637 3377 3708 186

1803 3718 2002 3772 Verum
2040 3735 2105 3774 ne
2134 3721 2380 3776 turbetur
2404 3736 2554 3776 tuens
2577 3733 2777 3786 vestra,
2809 3724 3034 3780 audiens
3068 3725 3132 3779 de
3162 3743 3225 3780 eo
3277 3730 3369 3795 qui

1806 3822 2105 3882 passus’est
2136 3831 2148 3867 :
2180 3830 2198 3864 ‹
2240 3812 2304 3866 Ει
2337 3815 2550 3882 quidem
2595 3829 2716 3868 cum
2749 3825 2892 3870 esset
2924 3817 3172 3872 Filius”.
3205 3839 3223 3870 ι
3255 3818 3373 3873 Non

1803 3907 1945 3961 enim
1994 3906 2126 3960 duos
2154 3906 2293 3962 ﬁlios
2335 3908 2623 3977 ponimus,
2664 3922 2785 3961 eum
2823 3910 2912 3976 qui
2947 3925 3143 3979 passus
3180 3920 3288 3972 est,
3324 3922 3375 3964 et

1804 3997 1893 4064 qui
1936 3997 2137 4050 mansit
2160 3998 2508 4066 impassibilis
2538 4018 2549 4051 :
2581 4013 2750 4067 neque
2777 4001 2916 4052 enim
2941 4016 2970 4052 a
3001 4001 3199 4056 deitate
3231 4017 3378 4056 seor-

1805 4089 1905 4142 sim
1931 4098 2307 4159 sequestratus
2333 4091 2397 4157 is,
2426 4092 2516 4160 qui
2549 4101 2630 4146 est
2661 4107 2726 4146 ex
2761 4093 2964 4146 semine
2988 4092 3176 4154 David,
3210 4092 3380 4147 Filius

1807 4182 2117 4235 nominatus
2163 4191 2279 4248 est;
2332 4190 2388 4236 ut
2437 4197 2611 4254 neque
2649 4184 2820 4238 deitas
2871 4192 2994 4253 post
3051 4186 3373 4248 unitionem,

1807 4271 1924 4326 sine
1953 4286 2116 4325 carne
2147 4272 2343 4326 visibili
2379 4272 2548 4328 Filius
2576 4274 2841 4343 appellata
2873 4285 2951 4327 est
2981 4292 2992 4326 :
3027 4290 3151 4328 nam
3193 4275 3381 4328 filiatio

1810 4372 1928 4430 post
1971 4363 2268 4417 unitionem
2318 4365 2531 4431 utrique
2579 4374 2783 4418 natura:
2832 4381 2933 4418 una
2965 4377 3068 4429 est,
3098 4381 3219 4420 cum
3253 4382 3280 4420 a
3322 4382 3380 4421 se

1809 4465 1993 4508 mutuo
2014 4472 2116 4508 nun
2146 4457 2255 4508 sint
2286 4467 2564 4525 separata.
2595 4457 2712 4511 Non
2747 4459 2890 4511 enim
2919 4469 3042 4526 post
3074 4461 3374 4514 unitionem

111 4556 170 4605 οὐ
203 4549 652 4621 κεχωρισμένως
676 4547 940 4618 ἀλλήλων.
972 4549 1045 4600 oo
1081 4547 1187 4618 γὰρ
1220 4546 1358 4617 μετὰ
1381 4547 1476 4614 τὴν
1505 4545 1689 4598 ἓνωσιπ.

1809 4546 2081 4614 separatio
2133 4545 2275 4600 facta
2327 4557 2408 4600 est
2441 4565 2452 4600 :
2487 4557 2666 4601 manet
2705 4550 2844 4603 enim
2884 4561 3139 4619 perpetua
3187 4552 3375 4604 unitio.

113 4641 401 4713 χωρισμὸς
437 4640 761 4708 ἐπεγένετο·
816 4640 964 4709 μένει
1004 4640 1111 4712 γὰρ
1156 4638 1432 4708 αἰώνιοςή
1481 4638 1692 4699 ἓνωσις.

124 4734 291 4786 Ἀλλὰ
329 4732 442 4803 γὰρ
474 4731 569 4783 καὶ
596 4733 654 4783 ὲν
689 4731 802 4793 τοῖς
840 4731 1033 4784 πάθεσι
1067 4731 1163 4795 τῆς
1210 4729 1409 4801 σαρκὸς
1434 4731 1469 4800 ἠ
1511 4729 1699 4798 θεότης

114 4827 430 4895 ἀχώριστος
455 4863 469 4886 ,
503 4822 718 4891 ἀπαθὴς
752 4823 1016 4891 μένουσαν
1064 4823 1156 4875 καὶ
1185 4821 1251 4874 τὰ
1296 4820 1572 4891 θεοπρεπῆ
1611 4821 1698 4872 διά

115 4918 212 4986 τῆς
246 4918 459 4988 σαρκὸς
485 4913 801 4968 insulsius
820 4931 834 4944 ο
864 4914 990 4964 ὅθεν
1015 4913 1110 4965 ἕνα
1138 4912 1231 4964 καὶ
1265 4912 1353 4963 τὸν
1380 4912 1545 4964 αὑτὸν
1574 4911 1702 4964 Υἰὸν

117 5008 516 5078 ὁμολογοῦμεν,
567 5006 890 5074 ἀσυγχύτων
938 5004 1048 5057 τῶν
1113 5006 1326 5071 φύσεων
1384 5004 1659 5072 μενουσῶν
1688 5019 1700 5032 ’

118 5102 216 5151 οὑκ
251 5101 414 5153 ἄλλον
447 5099 546 5151 καὶ
573 5099 742 5153 ἄλλον
771 5099 1042 5164 λέγοντες,
1081 5097 1153 5166 μὴ
1194 5097 1425 5162 γένοιτο,
1459 5097 1573 5150 ἀλλ’
1608 5098 1699 5150 ἕνα

122 5194 212 5241 καί
248 5193 342 5243 τὸν
388 5192 570 5243 αὐτόν.
616 5190 902 5260 Ἀρχιερέα
947 5185 1039 5241 οὖν
1076 5189 1169 5241 καὶ
1198 5190 1499 5241 ἀπόστολον
1534 5191 1701 5258 ἡμῶν

197 5375 240 5402 ⁸⁸
278 5373 418 5428 [‘sal.
453 5373 631 5436 (ΜΛ.
715 5372 756 5400 ⁸⁸
789 5369 946 5423 Hebr.
979 5387 1029 5431 ν,
1076 5369 1125 5431 7,
1168 5371 1230 5400 η’
1268 5371 1396 5422 ibid.

1478 5370 1516 5397 ”
1558 5368 1683 5420 ibid.
1722 5365 1772 5417 8.

1807 4639 1945 4704 Quin
1973 4648 2030 4693 et
2071 4638 2121 4692 in
2156 4639 2496 4709 passionibus
2529 4641 2710 4694 carnis
2743 4640 2916 4696 deitas
2949 4653 3064 4696 erat
3100 4643 3376 4712 insepara-

1810 4732 1948 4796 bilis,
1996 4745 2217 4785 manens
2268 4730 2644 4799 impassibilis;
2685 4743 2738 4786 et
2783 4749 2900 4802 qua:
2942 4734 3106 4788 Deum
3163 4738 3378 4797 decent,

1812 4838 1904 4889 per
1928 4837 2146 4875 carnem
2179 4822 2638 4890 perficiebautur:
2673 4825 2813 4875 unde
2844 4839 3004 4874 unum
3049 4833 3102 4875 et
3132 4825 3379 4876 etundent

1813 4915 2005 4970 Filium
2038 4916 2381 4978 confitemur,
2427 4916 2636 4968 naturis
2676 4914 2973 4967 ineunfnsis
3000 4915 3377 4974 manentibus;

1815 5024 1916 5061 non
1955 5008 2116 5062 alium
2149 5017 2203 5061 et
2253 5007 2414 5060 alium
2465 5008 2727 5072 dicentes,
2765 5007 2930 5059 absit!
2971 5007 3062 5060 sed
3113 5023 3283 5060 unum
3328 5019 3380 5059 et

1813 5098 2081 5150 eumdem.
2127 5095 2310 5162 Itaque
2352 5095 2655 5163 pontificem
2687 5105 2738 5146 et
2783 5094 3079 5162 apostolum
3135 5106 3378 5148 nostrum

1811 5187 1991 5241 Jesum
2047 5186 2323 5240 Christum
2377 5187 2669 5239 secundum
2721 5186 2930 5237 divinas
3002 5186 3378 5255 Seripturas"

1857 5365 1895 5394 "
1930 5363 2091 5416 Hebr.
2126 5381 2201 5427 Itt,
2246 5365 2293 5417 l.

1201 5526 1369 5580 Varia:
1409 5527 1665 5579 lectiones
1698 5541 1759 5578 ex
1793 5524 1976 5577 codice
2006 5523 2378 5590 Seguieriano.

201 5700 223 5728 ι
257 5689 518 5758 φήσομεν.
598 5696 625 5722 ν
658 5684 842 5738 αὐτόν.
923 5693 945 5720 κ
1041 5681 1132 5736 καὶ
1163 5680 1395 5739 ὤμοσεν.
1474 5692 1498 5727 γ
1531 5682 1569 5748 f.
1605 5684 1742 5734 deest
1777 5683 2008 5751 ἀξίωμα.
2093 5694 2110 5720 ι
2143 5684 2267 5752 παρ’
2295 5683 2486 5750 αὑτῆς.
2529 5751 2540 5758 _
2567 5695 2582 5714 ·
2622 5680 2929 5758 ἀνάσχοιτο
3017 5679 3041 5716 δ
3074 5682 3132 5732 οὐ
3156 5698 3379 5758 ,κα-τευ-

141 5747 348 5822 ςεὶίέεξ,
387 5747 438 5828 ἦ,
468 5760 527 5812 οὐ
553 5755 936 5825 κατευτελίσῃ.
984 5747 1038 5792 ”ο
1069 5753 1368 5820 ἐνωμότους
1397 5747 1682 5822 σννθῆκις.
1759 5752 1783 5790 ά
1820 5747 2046 5815 ἱκεσίας.
2131 5766 2149 5791 '3
2183 5747 2433 5814 ἱκεσίαις.⁷
2527 5751 2540 5788 ί
2573 5747 2788 5818 καρῐίαζ
2870 5753 2891 5788 δ
2933 5753 3378 5820 κεχωρισμένος.

137 5829 161 5865 ³
196 5833 254 5882 τὸ
283 5834 363 5883 ἐκ.

403 5923 679 5984 Panos.
729 5911 846 5972 Gn.
889 5909 1139 5969 LXXVI.

2951 5912 3015 5972 1?.
