4120 6494
726 408 834 467 365

1684 406 1744 462 S.
1785 405 2063 463 CYRILLI
2103 409 2574 470 ALEXANDRINI
2611 413 2928 469 ARCIIIEP.

3873 419 3974 473 εει

731 531 936 583 factum
986 541 1105 584 esse
1156 527 1332 583 nullus
1391 544 1498 585 non
1548 528 1929 597 confitebitur;
1984 547 2086 587 non
2127 543 2292 590 tamer

2409 539 2767 610 γεγεννῆσθαι
2796 538 2886 593 τὸν
2917 537 3121 609 Κύριον
3152 539 3308 609 ἡμῶν
3345 539 3550 612 ’,Ιησοῦν
3574 543 3804 615 Χριστὸν
3831 546 3970 598 κατά

729 628 1039 686 separatum
1082 620 1308 674 seorsim
1346 619 1615 674 hominem
1655 635 1719 674 ex
1760 622 1982 678 muliere
2007 640 2036 676 a
2072 623 2161 679 Dei
2197 625 2299 680 Pa-

734 711 828 763 tris
856 706 1057 772 Verbo,
1088 709 1160 761 ita
1185 718 1242 762 ut
1265 708 1406 776 quod
1433 723 1498 762 ex
1531 710 1737 763 semine
1771 709 1938 763 David
1970 712 2180 766 unitum
2217 725 2302 768 est

730 796 1037 860 inconfuse,
1075 794 1419 850 itteﬂabiliter
1450 805 1504 850 et
1562 797 1997 866 inseparabiliter
2023 799 2198 855 Verbo
2234 816 2299 854 ex

730 886 892 940 Patre
921 887 1122 954 genito,
1155 887 1225 940 sit
1267 886 1506 956 pontifex
1557 896 1795 941 tentatus
1834 903 1927 956 per
1960 893 2139 944 omnia
2174 892 2299 946 abs-

728 992 832 1045 que
866 988 1086 1046 peccato
1112 977 1176 1043 ³⁸,
1219 987 1273 1032 et
1316 976 1538 1032 edoctus
1586 992 1651 1032 ex
1690 977 1793 1041 his,
1827 993 1943 1046 qute
1979 996 2167 1048 passus
2201 990 2298 1044 est,

726 1069 1118 1134 obedientiam;
1171 1070 1262 1138 qui
1303 1067 1562 1123 obtulerit
1603 1067 1712 1123 Deo
1764 1082 1818 1123 et
1852 1069 1994 1124 Patri
2053 1087 2154 1126 non
2205 1087 2302 1141 pro

729 1162 930 1230 seipso,
962 1162 1054 1216 sed
1088 1175 1184 1231 pro
1219 1161 1351 1216 solis
1375 1160 1531 1215 nobis
1557 1176 1707 1214 suam
1741 1175 1982 1216 carnem.
2010 1161 2125 1215 Non
2157 1164 2300 1216 enim

729 1251 974 1320 imperite
1025 1251 1266 1305 dicemus
1327 1247 1493 1304 Deum
1549 1248 1785 1304 Verbum
1839 1251 2186 1320 pontiticem,
2247 1260 2302 1304 et

727 1339 986 1394 obtulisse
1019 1340 1254 1409 seipsum
1275 1339 1382 1394 Deo
1409 1350 1462 1394 et
1493 1339 1638 1396 Patri
1666 1359 1678 1394 :
1710 1356 1834 1395 nam
1871 1341 2141 1411 Unigcniti
2184 1344 2293 1398 dei-

730 1431 857 1486 tatis
893 1431 1004 1500 ipse
1032 1428 1196 1485 Pater
1230 1445 1335 1484 non
1366 1440 1449 1485 est
1487 1429 1654 1497 Deus,
1679 1432 1771 1486 sed
1802 1430 1986 1488 Pater.

1274 1719 1459 1790 Cyrilli
1488 1720 1748 1789 defensio.

795 1830 996 1886 lterum
1027 1829 1355 1885 adversariis
1380 1841 1682 1900 opportune
1719 1831 1959 1885 dicemus
1989 1845 2003 1883 :
2035 1848 2052 1880 ι
2090 1830 2294 1899 Usque-

725 1932 835 1986 quo
887 1918 1205 1973 claudicatis
1267 1897 1528 1973 ambobus
1580 1919 1872 1988 p0plitibus
1931 1920 2129 1973 vestris
2153 1897 2288 1971 ’5?»
2328 1897 2371 1956 Β

721 2005 950 2076 Oportet
998 2010 1138 2062 enim
1187 2021 1282 2062 vos
1327 2006 1529 2062 habere
1577 2023 1761 2061 sanam
1810 2017 1865 2062 et
1920 2009 2183 2077 integram
2233 2009 2297 2062 ad

725 2101 1098 2168 cognoscenda
1133 2109 1279 2154 recte
1315 2099 1436 2153 fidei
1483 2100 1732 2169 dogmata
1779 2111 2036 2165 mentem,
2069 2116 2176 2155 non
2202 2103 2296 2155 du-

724 2191 971 2260 plicitate
1003 2191 1168 2244 animi
1212 2191 1631 2257 claudicantem,
1673 2201 1727 2246 et
1769 2192 1921 2244 valde
1952 2192 2292 2258 imbecilletn,

723 2291 780 2335 et
832 2291 978 2337 recte
1031 2281 1279 2336 incedere
1329 2296 1433 2336 non
1498 2281 1762 2336 valentem
1811 2299 1824 2336 :
1864 2300 1882 2333 ι
1913 2281 2044 2335 Nam
2101 2283 2294 2352 duplex

723 2372 904 2427 animo
942 2372 1256 2426 inconstans
1299 2383 1382 2425 est
1413 2372 1466 2424 in
1507 2374 1762 2426 omnibus
1805 2373 1904 2426 viis
1937 2375 2070 2437 suis,
2108 2385 2292 2428 etnon

723 2463 956 2532 accip'iet
1007 2460 1210 2529 aliquid
1255 2477 1283 2514 a
1340 2461 1565 2514 Domino
1594 2462 1661 2513 ¹¹.
1695 2480 1713 2512 ι
1766 2461 1932 2528 quue
1977 2463 2096 2516 dico
2142 2463 2294 2516 valde

725 2550 1019 2614 admirans,
1069 2548 1410 2603 adversarios
1440 2557 1545 2601 tam
1599 2548 1941 2617 impudenter
1984 2565 2046 2603 ac
2096 2561 2294 2606 temere

723 2641 1054 2710 propositum
1100 2641 1394 2694 etiamnum
1455 2635 1986 2693 anathematismum
2042 2642 2294 2708 perstrin-

723 2744 850 2800 gere
878 2729 1030 2786 velle.
1072 2728 1182 2783 Nec
1226 2730 1538 2792 absurdum,
1577 2730 1718 2797 quod
1759 2729 1946 2783 nolunt
1984 2727 2079 2782 Dei
2118 2729 2294 2784 Patris

725 2820 958 2875 Verbum
993 2836 1021 2873 a
1060 2821 1213 2874 nobis
1239 2820 1506 2874 nominari
1543 2820 1700 2889 187
1742 2821 2042 2888 apostolum
2074 2829 2126 2874 et
2161 2836 2293 2889 pon-

723 2911 921 2966 lificem
975 2911 1335 2966 confessionis
1395 2919 1629 2976 nostra},
1685 2913 1901 2980 quando
1953 2910 2153 2965 factum
2211 2921 2294 2966 est

719 3006 907 3058 homo.
953 3001 1086 3056 Nam
1116 3003 1206 3073 qui
1237 3017 1460 3072 prorsus
1493 3011 1764 3056 attentant
1809 3003 2143 3058 nativitatem
2176 3004 2292 3072 ejus

719 3093 1021 3147 secundum
1063 3107 1282 3147 carnem
1315 3092 1656 3155 calumniari,
1685 3101 1738 3146 et
1769 3093 1925 3162 quasi
1961 3108 2067 3146 non
2108 3108 2290 3148 verum

723 3183 950 3251 rejicere
999 3185 1221 3250 audent,
1272 3197 1369 3237 nec
1422 3182 1658 3236 ferentes
1710 3193 1952 3237 sanctam
2018 3182 2288 3252 Virginem

724 3275 826 3330 dici
868 3273 960 3328 Dei
1007 3275 1345 3344 genitricem,
1377 3275 1643 3344 quomodo
1678 3289 1789 3328 n0n
1829 3285 1881 3328 et
1926 3275 2290 3344 dispensatio-

722 3365 810 3418 nis
865 3365 1049 3417 modos
1100 3362 1384 3430 rejicient?
1449 3364 1681 3417 Audiant
1763 3364 1927 3432 igitur
1994 3365 2096 3419 hoc
2150 3368 2292 3433 quod

723 3454 891 3510 Isaias
921 3454 1056 3515 dixit
1083 3471 1098 3507 :
1131 3471 1149 3504 ι
1182 3453 1294 3507 Nisi
1317 3454 1680 3516 credideritis,
1713 3469 1817 3508 non
1848 3455 2236 3525 intelligetis".
2267 3476 2284 3508 ι

723 3544 935 3600 Etenim
965 3545 1174 3598 divinus
1211 3544 1536 3614 evangelista
1577 3542 1809 3598 Joannes
1845 3560 2099 3612 magnum
2140 3548 2293 3614 quid-

723 3636 846 3690 dam
882 3645 936 3689 et
978 3635 1250 3688 insolitum
1291 3634 1597 3689 hominibus
1642 3634 1893 3701 intonuit,
1942 3637 2128 3691 dicens
2161 3639 2290 3692 Ver-

726 3719 853 3772 bum
909 3733 1126 3771 carnem
1177 3733 1297 3772 esse
1341 3717 1540 3772 factum
1567 3717 1633 3770 ¹³.
1675 3720 1773 3784 Qui
1819 3732 1996 3776 autem
2040 3723 2289 3777 virtutem

722 3809 965 3864 veritatis
997 3808 1347 3875 sulfurantur,
1383 3811 1455 3863 ita
1484 3825 1701 3864 carnem
1731 3811 1906 3880 ipsum
1940 3812 2138 3866 factum
2171 3829 2290 3867 esse

722 3901 925 3963 dicunt,
958 3899 1098 3953 sicut
1144 3910 1199 3954 et
1246 3901 1589 3954 maledictum
1614 3902 1681 3966 ”,
1713 3911 1766 3956 et
1799 3915 2076 3970 peccatum
2100 3905 2145 3934 "
2171 3917 2290 3959 esse

722 3989 919 4044 factum
967 3990 1300 4059 intelligitur.
1351 3990 1414 4043 Et
1450 3991 1513 4044 tle
1563 3993 1643 4045 liis
1697 3992 1809 4061 jam
1852 4003 1976 4047 ante
2028 3996 2287 4060 diximus,

723 4097 817 4150 per
843 4095 959 4149 quae
985 4096 1080 4149 par
1103 4090 1220 4135 erat
1248 4081 1510 4149 ejusmodi
1546 4098 1826 4138 sermones
1859 4083 2018 4138 falsos
2044 4095 2098 4139 ct
2127 4102 2289 4139 vanos

721 4173 1026 4225 ostendere.
1057 4169 1161 4224 Sed
1201 4173 1456 4224 adversus
1497 4171 1917 4236 calumniatores
1966 4175 2028 4226 ad
2055 4189 2289 4242 prmsens

722 4259 848 4312 illud
875 4260 1104 4313 dicimus
1135 4277 1147 4311 :
1182 4258 1383 4312 Discite
1411 4258 1617 4322 audire,
1658 4260 1984 4327 angustiati,
2027 4261 2285 4329 suscipite

721 4349 1126 4403 fundamentum
1186 4349 1508 4401 sacramenti
1583 4352 1879 4402 secundum
1971 4349 2283 4411 Christum,

720 4441 891 4510 prima
924 4439 1336 4508 dispensationis
1369 4440 1613 4503 exordia,
1661 4449 1713 4494 et
1745 4441 1942 4509 ipsum,
1999 4451 2056 4493 ut
2098 4443 2168 4494 ita
2206 4441 2285 4494 di-

2404 632 2500 693 τὰς
2544 631 2692 694 Θείας
2727 630 2948 701 Γραφάς
2980 630 3156 693 οὐδεὶς
3188 631 3267 684 -ἂν
3314 633 3411 702 οὐχ
3454 633 3870 706 ὁμολογήσειεν
3911 638 3969 690 ού

2405 722 2809 792 κεχωρισμένον
2857 721 3039 791 μέντοι
3093 722 3272 786 ίδικῶς
3305 724 3587 794 ἄνθρωπον
3615 728 3678 778 ὲκ
3715 728 3971 794 γυναικὸς

2403 812 2496 864 τοῦ
2531 811 2665 864 Θεοῦ
2695 811 2906 883 Πατρδς
2937 812 3131 881 Λόγου,
3181 813 3254 876 ὡς
3302 809 3440 868 εἶναι
3479 816 3538 868 τὸ
3565 818 3628 869 ὲκ
3660 819 3971 888 σπέρματος

2403 903 2565 956 Δαυῒδ
2607 905 2886 974 ἡνωμένον
2914 905 3254 975 ἀσυγχύτως,
3300 908 3614 978 ἀφράστως,
3645 910 3740 962 καὶ
3770 912 3969 980 ἀχωρί.

2406 1011 2544 1057 στως
2589 995 2667 1064 τῷ
2701 997 2764 1048 ἐκ
2797 995 3009 1066 Πατρὸς
3040 995 3231 1066 Λόγῳ,
3270 999 3528 1067 ἀρχιερέα
3569 1000 3969 1068 πεπειραμένον

2404 1084 2544 1136 κατά
2589 1085 2766 1137 πάντα
2812 1087 2980 1156 χωρὶς
3020 1087 3296 1155 ἁμαρτίας
3323 1125 3338 1148 ,
3369 1088 3463 1140 καὶ
3495 1087 3734 1156 μαθόντα
3763 1089 3858 1154 ἀφ’
3897 1081 3971 1141 ὧν

2404 1174 2570 1225 ἔπαθε
2604 1177 2704 1244 τὴν
2732 1176 3000 1245 ὑπακοὴν,
3029 1179 3511 1247 προσκεκομικότα
3540 1180 3595 1232 δὲ
3627 1178 3702 1248 τῷ
3733 1178 3852 1248 Θεῷ
3879 1179 3974 1231 καὶ

2405 1266 2579 1337 Πατρὶ
2605 1266 2702 1333 οὺχ
2734 1266 2876 1336 ὑπὲρ
2912 1267 3143 1331 ἑαυτοῦ,
3180 1267 3294 1319 ἀλλ’
3325 1268 3462 1339 ὑπὲρ
3493 1266 3645 1338 ἡμῶν
3677 1270 3852 1339 μόνων
3875 1268 3974 1337 τὴν

2405 1355 2582 1408 ίδίανί
2623 1357 2818 1426 σάρκα.
2873 1359 2947 1409 υύ
2993 1358 3101 1428 γὰρ
3147 1357 3374 1428 ἀμαθῶς
3428 1361 3672 1430 φήσομεν
3708 1361 3800 1414 τὸν
3840 1360 3975 1414 Θεὸν

2400 1448 2573 1514 Λόγον
2624 1447 2884 1516 ἀρχιερέα
2911 1488 2926 1512 ,
2975 1449 3072 1502 καὶ
3118 1452 3612 1521 προσκεκομικέναι
3656 1452 3846 1505 ἑαυτὸν
3893 1452 3974 1520 τῷ

2401 1537 2519 1607 Θεῷ
2542 1538 2634 1591 καὶ
2665 1539 2838 1610 Πατρί
2858 1553 2870 1565 ·
2894 1540 2954 1592 ού
2977 1539 3084 1610 γάρ
3113 1542 3210 1610 τῆς
3235 1541 3326 1594 τοῦ
3358 1542 3693 1610 Μονογενοῦς
3721 1543 3973 1613 θεότητος

2401 1627 2532 1690 Θεὸς
2561 1631 2588 1681 ό
2614 1629 2822 1699 Πατὴρ,
2860 1631 2994 1682 ἀλλά
3025 1633 3231 1702 Πατήρ.

2861 1758 3169 1828 Ἀπολογία
3201 1763 3524 1830 Κυρίλλου.

2483 1874 2606 1927 Ἐπὶ
2640 1871 2828 1944 καίρου
2873 1873 2937 1943 δὴ
2991 1873 3150 1927 πάλιν
3183 1875 3466 1945 εἰρήσεται
3499 1875 3632 1946 πρὸς
3663 1876 3821 1948 ἡμῶν
3861 1881 3976 1941 τοῖς

2397 1969 2462 2022 δι’
2496 1969 2741 2032 ἐναντίας
2762 1986 2775 2000 ο
2816 1989 2833 2020 ι
2860 1971 3004 2033 Ἕως
3035 1971 3162 2023 πότε
3199 1969 3487 2039 χωλανεῖτε
3518 1970 3603 2023 ἐπ’
3635 1960 3977 2042 ἀμ·,;οτέραις

2395 2063 2515 2123 ταῖς
2564 2059 2772 2127 ἰγνύαις
2827 2060 3009 2130 ὑμῶν;
3049 2079 3065 2110 ι
3110 2061 3230 2131 Χρὴ
3284 2061 3392 2131 γὰρ
3441 2062 3586 2130 ὑμᾶς
3642 2062 3812 2132 ὑγιῆι
3881 2065 3976 2116 καὶ

2396 2155 2598 2223 ἀρτίως
2629 2155 2819 2223 ἔχοντα
2848 2156 2980 2224 πρὸς
3012 2155 3216 2225 είδησιν
3243 2155 3448 2225 ἀκριὸἧ
3480 2155 3582 2226 τῆς
3612 2155 3830 2218 εὐθείας
3863 2155 3976 2207 τῶν

2395 2245 2679 2316 δογμάτων
2707 2247 2850 2316 ἔχειν
2879 2246 2969 2299 τὸν
3003 2246 3146 2308 νοῦν,
3207 2248 3265 2298 ού
3309 2250 3427 2310 ταῖς
3463 2247 3733 2317 διψυχίαις
3764 2246 3975 2316 χωλεύ-

2396 2353 2542 2400 οντα,
2574 2338 2667 2389 καὶ
2698 2337 2832 2390 πολὺ
2867 2336 3122 2391 νοσοῦντα
3146 2337 3204 2388 τὸ
3234 2336 3448 2402 ἀναλκι,
3477 2338 3570 2390 καὶ
3600 2337 3735 2408 ὀρθά
3766 2336 3976 2406 βαίνειν

2395 2428 2493 2480 οὑκ
2537 2429 2894 2497 ἀνεχόμενον⁹
2941 2427 3384 2491 «Ἅκατάστατος
3431 2429 3539 2499 γὰρ
3586 2431 3613 2480 ό
3658 2429 3878 2497 δίψυχος
3915 2430 3976 2479 ὲν

2398 2521 2597 2580 πάσαις
2631 2523 2750 2581 ταῖς
2779 2521 2917 2583 όδοῖς
2953 2520 3138 2582 αὑτοῦ,
3171 2522 3264 2572 καὶ
3303 2522 3400 2572 οὐκ
3450 2521 3513 2573 ἀν
3546 2538 3595 2572 τι
3631 2519 3783 2571 λάϐοι
3819 2519 3978 2589 παρὰ

2395 2608 2487 2659 τοῦ
2516 2609 2739 2680 Κυρίου.
2775 2627 2791 2658 ι
2823 2611 2930 2663 Καὶ
2977 2609 3150 2663 ταῦτά
3188 2627 3366 2680 φημι,
3415 2609 3779 2678 τεθαυμακὼς
3830 2611 3976 2677 ἄγαν

2393 2701 2517 2762 τοὺς
2555 2700 2578 2738 ¹ί
2617 2700 2682 2753 δι’
2711 2702 2958 2763 ἐναντίας
3009 2699 3273 2770 ἀναίδηνι
3323 2700 3465 2753 οὕτω
3518 2703 3610 2753 καὶ
3658 2700 3909 2771 προαλῶς
3933 2710 3973 2731 ¹¹¹

2395 2791 2746 2861 ἐπιπλήττειν
2789 2792 3070 2853 ἐθέλοντας
3099 2791 3175 2860 τῷ
3211 2791 3559 2861 προκειμένῳ
3591 2792 3684 2844 καὶ
3713 2791 3806 2844 νῦν
3835 2793 3974 2844 ἀνα-

2396 2881 2737 2950 θεματισμῴ.
2769 2883 2877 2934 Καὶ
2906 2882 2965 2934 τὸ
3003 2881 3230 2944 ἀπεικὸς
3265 2883 3438 2946 οὐδὲν,
3470 2884 3518 2933 εί
3557 2882 3630 2952 μὴ
3655 2881 3974 2950 βούλοιντοι

2393 2975 2483 3027 τὸν
2516 2976 2577 3026 ἐκ
2615 2973 2748 3025 Θεοῦ
2783 2973 2992 3043 Πατρός
3023 2973 3192 3040 Λόγον
3241 2972 3597 3041 ὀνομάζεσθαι
3641 2972 3776 3042 πρὸς
3810 2971 3976 3042 ἡμῶν

2395 3066 2688 3120 ἀπόστολον
2729 3067 2823 3117 καὶ⁸
2875 3065 3135 3134 ἀρχιερέα
3169 3065 3267 3134 τῆς
3295 3066 3583 3134 ὁμολογίας
3617 3063 3793 3133 ἡμῶν,
3824 3064 3918 3116 ὅτε
3945 3071 3973 3100 ⁸

2394 3155 2616 3223 γέγονεν
2665 3151 2966 3222 ἄνθρωπος.
3009 3154 3072 3206 Οἱ
3119 3152 3226 3223 γὰρ
3271 3154 3408 3216 ὅλως
3445 3152 3543 3223 τὴν
3591 3153 3729 3204 κατά
3785 3150 3976 3221 σάρκα

2394 3249 2644 3316 γέννησιν
2695 3245 2856 3297 αὑτοῦ
2895 3247 3248 3314 συκοφαντεῖν
3284 3244 3651 3314 πειρώμενοι,
3693 3245 3786 3296 καὶ
3829 3245 3978 3297 ἀπό-

2393 3340 2607 3410 Ελητον,
2644 3340 2718 3401 ὡς
2767 3339 2865 3388 οὐκ
2913 3337 3126 3407 ἀληθῆ,
3176 3337 3399 3406 ποιῆσαι
3432 3335 3831 3407 τολμήσαντες,
3869 3337 3978 3389 οὐκ

2393 3429 2707 3499 ἀνεχόμενοί
2734 3445 2791 3480 τε
2824 3428 3081 3480 Θεοτόκον
3109 3429 3281 3479 είπεῖν
3323 3427 3419 3496 τὴν
3466 3429 3625 3494 ἀγίαν
3662 3427 3976 3499 Παρθένον,

2393 3522 2509 3583 πῶς
2537 3521 2596 3572 ού
2622 3521 3051 3589 παραιτήσονται
3081 3518 3178 3588 τῆς
3204 3519 3513 3586 οἰκονομίας
3544 3519 3666 3580 τοὺς
3694 3520 3934 3587 τρόπους
3958 3537 3976 3584 ς

2405 3611 2772 3664 Ἀκουέτωσαν
2824 3611 3002 3662 τοίνυν
3065 3609 3125 3661 τὸ
3168 3609 3255 3662 διά
3305 3609 3405 3678 τῆς
3465 3610 3646 3679 φωνῆς
3702 3610 3973 3663 Ἦσαῒου·

2399 3723 2415 3754 ι
2463 3705 2588 3756 Ἐάν
2626 3703 2698 3773 μὴ
2728 3701 3072 3770 πιστεύσητε,
3102 3701 3209 3752 οὐδ’
3243 3701 3303 3752 ού
3338 3705 3411 3770 μὴ
3445 3700 3664 3770 συνῆτε.
3705 3719 3724 3750 ι
3772 3701 3830 3753 '0
3869 3701 3976 3769 μὲν

2391 3796 2501 3864 γάρ
2548 3795 2828 3856 θεσπέσιος
2877 3791 3267 3862 εύαγγελιστὴς
3300 3792 3554 3861 Ἰωάννης
3590 3792 3731 3861 μέγα
3759 3809 3810 3843 τι
3873 3795 3977 3846 καὶ

2391 3883 2622 3946 ἐξαίσιον
2657 3882 3054 3952 κατεϐρόντησε
3087 3883 3198 3943 τοῖς
3233 3880 3323 3932 ὑπ’
3369 3880 3614 3950 οὐρανὸν,
3659 3880 3837 3951 σάρκα
3879 3881 3975 3934 λέ-

2391 3991 2501 4041 γων
2543 3971 2870 4041 γεγενῆσθαι
2908 3972 2999 4024 τὸν
3031 3971 3219 4038 Λόγον.
3257 3972 3316 4022 Οἱ
3348 3972 3405 4023 δὲ
3436 3971 3536 4040 τῆς
3571 3970 3828 4039 ἀληθείας
3862 3972 3974 4042 τὴν

2389 4062 2615 4130 δύναμιν
2655 4059 3104 4126 ὑποκλέπτοντες,
3135 4059 3276 4112 οὓτω
3304 4060 3483 4129 σάρκα
3508 4059 3759 4127 γενέσθαι
3793 4063 3974 4129 φασὶν

2391 4154 2570 4215 αὑτὸν,
2605 4152 2678 4214 ὡς
2726 4153 2789 4204 ἂν
2823 4153 2993 4203 νοοῖτο
3022 4150 3276 4218 γενέσθαι
3312 4151 3524 4220 κατάρα
3555 4151 3648 4203 καλ⁵
3693 4151 3971 4221 ἁμαρτία.

2391 4247 2499 4296 Καὶ
2530 4245 2660 4314 περὶ
2693 4242 2791 4310 μὲν
2820 4241 3021 4294 τούτων
3054 4241 3154 4310 ἤδη
3190 4240 3494 4308 φθάσαντες
3521 4244 3744 4311 εἴπομεν
3766 4282 3780 4306 ,
3816 4242 3976 4313 ειπερ

2387 4335 2454 4408 ἦν
2486 4337 2630 4398 εἰκὸς
2663 4336 2827 4388 ἕωλον
2856 4337 3036 4399 αὐτοῖς
3059 4335 3380 4405 ἀποφαίνειν
3406 4335 3662 4387 δύνασθαι
3696 4335 3785 4386 τὸν
3810 4334 3872 4388 ἔν
3903 4351 3972 4403 γε

2387 4431 2622 4482 τουτοισὶ
2670 4428 2846 4495 λόγον.
2887 4427 3027 4497 Πρὸς
3055 4426 3112 4478 δέ
3155 4442 3217 4492 γε
3254 4426 3380 4487 τοὺς
3427 4425 3726 4493 φιλαιτίους
3773 4425 3856 4487 είς
3905 4426 3977 4478 τὸ

719 4546 861 4593 cam,
907 4532 1209 4599 ingressum
1247 4549 1260 4584 :
1307 4531 1508 4584 credite
1561 4532 1838 4586 nobiscum
1876 4573 1890 4598 ,
1951 4532 2061 4585 imo
2115 4533 2286 4586 sacris

2396 4521 2561 4590 παρὸν
2596 4519 2769 4571 ἐκεῖνό
2818 4534 3032 4586 φαμεν’
3069 4517 3284 4570 Μάθετε
3326 4517 3564 4585 ἀκούειν,
3599 4519 3977 4588 στενοχωρού-

2740 4609 2822 4625 μ...
2899 4608 2924 4625 η
3047 4609 3070 4619 -
3228 4610 3238 4625 .
3279 4612 3321 4625 υ
3457 4609 3471 4625 .
3772 4611 3784 4625 ,
3913 4611 3928 4625 .

723 4619 1050 4688 Scripturis;
1093 4620 1236 4681 date,
1264 4619 1387 4672 date
1432 4620 1674 4672 veritatis
1701 4619 1993 4685 calculum,
2026 4621 2285 4674 confiten-

722 4723 804 4765 tes
839 4711 980 4779 quod
1025 4709 1140 4778 ipse
1186 4709 1505 4778 Unigcnitus
1547 4710 1639 4764 Dei
1691 4711 1948 4773 Verbum,
1985 4711 2076 4779 qui
2115 4720 2196 4763 est
2232 4711 2283 4763 in

721 4801 843 4857 sinu
887 4801 1084 4865 Patris,
1121 4817 1215 4870 per
1248 4817 1406 4870 quem
1450 4803 1650 4866 omnia,
1686 4811 1736 4856 et
1776 4803 1825 4856 in
1869 4818 1977 4870 quo
2013 4801 2280 4866 omnia",

721 4891 894 4946 factus
918 4891 988 4945 sit
1017 4905 1164 4953 caro,
1202 4905 1304 4942 non
1337 4905 1529 4958 passus
1557 4893 1996 4954 conversionem,
2027 4892 2106 4945 vel
2139 4905 2284 4945 com-

721 4983 1058 5046 mistionem,
1103 4982 1194 5036 sed
1243 4995 1454 5050 semper
1503 4983 1770 5037 exsistens
1823 4983 1925 5037 hoc
1985 4983 2280 5038 secundum

721 5082 999 5134 naturam,
1028 5074 1171 5141 quod
1208 5084 1347 5138 erat,
1397 5083 1451 5126 et
1481 5083 1585 5138 est,
1616 5084 1668 5127 et
1698 5076 1823 5129 erit.
1863 5074 2060 5129 Fat-tus
2103 5085 2282 5130 autem

719 5175 803 5217 est
844 5179 1004 5228 caro,
1057 5165 1392 5220 nativitatem
1443 5166 1620 5219 ferens
1672 5180 1740 5221 ex
1799 5178 1986 5222 sancta
2031 5167 2285 5236 Virgine,

792 5314 834 5346 "
867 5314 1026 5368 Hebr.
1057 5333 1125 5378 tv,
1154 5316 1237 5369 15.

1339 5316 1382 5346 ὀ
1411 5313 1472 5367 lll
1511 5314 1640 5382 Reg.
1680 5331 1833 5379 xvnt,
1877 5316 1966 5370 2i.

720 5385 764 5414 ”
796 5382 836 5438 ll
867 5384 990 5437 Cor.
1021 5400 1046 5435 v
1105 5385 1194 5438 21.

1283 5386 1328 5416 ¹⁶
1359 5385 1372 5438 Ι
1400 5386 1523 5439 Cor.
1559 5399 1674 5450 vm,
1706 5385 1758 5438 6.

2038 5318 2078 5348 ³⁸
2110 5316 2226 5370 Jac.
2263 5332 2300 5380 ι,
2341 5316 2394 5370 8.
2473 5317 2515 5346 ³³
2549 5314 2647 5369 lsa.
2687 5331 2786 5378 vn,
2821 5315 2872 5369 9.
2951 5314 2997 5345 "
3023 5312 3178 5366 Joan.
3214 5331 3249 5376 ι,
3289 5311 3377 5366 Η.

2396 4629 2544 4683 μενοι
2562 4629 2573 4641 ο
2595 4608 2956 4674 καταδέξασθε
2981 4609 3074 4662 τοῦ
3110 4610 3251 4663 κατὰ
3278 4609 3514 4681 Χριστὸν
3548 4611 3851 4680 μυστηρίου
3877 4611 3978 4663 τὸν

2392 4701 2662 4772 θεμέλιον,
2708 4699 2807 4767 τῆς
2845 4699 3153 4770 οἰκονομίας
3201 4701 3298 4762 τὰς
3345 4701 3569 4771 πρώτας
3619 4699 3830 4770 ἀρχὰς,
3877 4702 3979 4753 καὶ

2389 4793 2578 4863 αὐτὴν,
2626 4792 2692 4844 ἵν’
2743 4791 2914 4853 οὕτως
2959 4793 3117 4856 εῐπω,
3166 4791 3264 4861 τὴν
3303 4793 3584 4860 εἱσὸολην·
3637 4790 3977 4845 πιστεύσατε

2393 4886 2509 4955 μεθ’
2544 4885 2718 4954 ἡμῶν,
2755 4883 2953 4952 μᾶλλον
2979 4881 3032 4935 δὲ
3057 4885 3166 4945 τοῖς
3200 4884 3242 4935 ίε
3255 4885 3362 4953 ροίς
3398 4883 3436 4934 Γ
3445 4884 3692 4952 ράμμασι
3712 4897 3725 4910 ο
3751 4880 3875 4934 δότε
3905 4882 3977 4953 δὴ

2389 4978 2486 5047 τῆς
2520 4975 2780 5046 ἀληθείας
2816 4976 2912 5043 τὴν
2945 4974 3145 5043 ψῆφον,
3199 4972 3585 5042 ὁμολογοῦντες
3621 4973 3703 5024 ὅτι
3734 4971 3905 5035 αὐτὸς
3946 4975 3979 5028 ὁ

2394 5069 2686 5140 μονογενὴς
2719 5067 2811 5120 τοῦ
2838 5067 2973 5120 Θεοῦ
3003 5067 3193 5134 Λόγος,
3228 5069 3256 5118 ὁ
3285 5068 3340 5118 ὲν
3369 5066 3587 5127 κόλποις
3615 5063 3688 5117 ὢν
3717 5062 3810 5116 τοῦ
3853 5066 3978 5119 Πα-

2397 5164 2540 5232 τρὸς,
2571 5164 2597 5214 ὁ
2631 5163 2697 5213 δι’
2727 5155 2786 5213 οῦ
2811 5159 2880 5212 τὰ
2909 5159 3086 5212 πάντα
3107 5197 3121 5222 ,
3149 5159 3242 5210 καὶ
3277 5159 3333 5211 ὲν
3357 5150 3402 5225 ᾧ
3434 5160 3503 5210 τὰ
3543 5158 3739 5220 πάντα,
3771 5155 3976 5223 vero»;

3459 5312 3504 5341 "
3541 5309 3717 5364 Gulat.
3751 5325 3838 5369 ιιι,
3878 5313 3974 5366 13.

1779 5537 1952 5592 Varite
1980 5538 2244 5592 lectiones
2276 5551 2342 5592 ex
2365 5537 2552 5591 codice
2583 5531 2954 5603 Seguieriario.

1056 5737 1068 5752 .
1150 5712 1160 5747 ι
1203 5699 1349 5766 ὑγιᾶ.
1427 5699 1451 5735 κ
1484 5694 1804 5766 τεθαύμακα
1835 5694 1941 5765 γὰρ
1979 5695 2116 5764 ἄγαν
2147 5694 2290 5759 τούς.

2375 5693 2392 5733 ι
2425 5694 2642 5765 ἀνέδην.
2719 5704 2756 5732 ι·
2781 5693 3084 5765 προδήλως,
3112 5694 3143 5764 ἢ
3183 5693 3495 5766 προφανῶς.

3573 5701 3599 5729 ιι
3631 5691 3971 5762 βούλωνται.
