4108 6526
130 465 210 522 365
757 470 1289 528 APOLOGETICUS
1330 471 1464 527 PRO
1505 472 1595 526 ΧΙΙ
1635 472 1997 527 C.-\Pl'l'lBUS
2037 475 2315 530 CONTRA
2360 476 2820 536 ORIENTALES.

3291 490 3397 544 366

132 581 268 649 σάρξ·
298 581 365 634 οὐ
406 600 440 634 τ
452 584 671 655 ροττὴν,
702 586 735 654 ἢ
780 588 990 657 φυρμὸν
1023 588 1315 656 ὑπομείνας
1343 627 1356 650 ,
1394 588 1504 640 ἀλλ’
1539 588 1612 640 ὢν
1640 589 1723 642 ἀεὶ

1832 591 2124 645 secundum
2161 607 2404 659 carnem,
2441 595 2683 665 inquam,
2733 607 2789 652 et
2830 599 3128 667 appellatus
3173 600 3394 673 [factust

132 671 260 723 τοῦτο
307 673 467 725 κατὰ
514 671 714 741 φύσιν,
755 675 891 742 ὅπερ
920 671 987 745 ἦν
1017 692 1098 739 τε,
1137 677 1227 728 καὶ
1263 676 1398 738 ἔστι,
1433 678 1526 729 καὶ
1553 675 1723 730 ἐσται.

133 764 304 830 Γέγονε
343 762 406 817 δὲ
451 761 648 834 σάρξ,
700 766 954 836 γέννησιν
1007 767 1305 837 ὑπομείνας
1341 771 1402 820 ἐκ
1430 771 1526 838 τῆς
1569 769 1727 836 ἁγίας

137 854 428 924 Παρθένου,
457 856 569 924 τὴν
603 856 750 909 κατὰ
777 858 956 928 σάρκα
983 860 1159 928 φημί·
1191 862 1284 911 καὶ
1320 860 1726 930 κεχρημάτικεν

141 946 248 1007 Υἱὸς
272 945 609 1015 ἀνθρώπου,
636 950 732 1000 καὶ
763 949 1162 1018 παραπλησίως
1194 952 1325 1020 ἡμῖν
1359 951 1620 1020 μετέσχεν
1653 950 1729 1002 αἶ’-

146 1052 297 1103 ματος
344 1037 448 1090 καὶ
492 1039 723 1110 σαρκός.
775 1038 931 1091 Οὕτω
979 1039 1376 1108 ὃιατιΘεμένοις
1398 1051 1446 1107 P,
1496 1042 1590 1094 καὶ
1627 1042 1727 1111 τὴν

145 1127 271 1179 οὕτω
315 1129 531 1199 σεπτὴν
570 1131 664 1183 καὶ
692 1129 1062 1202 ἀληθεστάτην
1091 1131 1271 1184 πίστιν
1305 1132 1724 1202 είσδεξαμένοις,

146 1220 309 1274 πάντα
335 1226 597 1289 φανεῖται
633 1224 701 1278 τὰ
724 1224 918 1294 ἑφεξῆς
956 1225 1166 1294 βάσιμα
1196 1242 1273 1288 τε,
1306 1226 1399 1278 καὶ
1427 1226 1722 1295 ἱππήλατα,

143 1311 228 1364 καὶ
249 1311 404 1365 οὐδὲν
436 1314 673 1379 ἄναντες
699 1315 730 1384 ἢ
761 1315 956 1386 τραχύ.
978 1313 1291 1387 Γέγραπται
1313 1317 1417 1387 γὰρ
1444 1317 1524 1370 ὄτι
1549 1319 1725 1370 πάντα

140 1403 345 1457 ἐνώπια
396 1408 516 1468 τοῖς
575 1408 856 1468 συνιοῦσι,
907 1407 1000 1459 καὶ
1049 1408 1185 1478 ὀρθὰ
1237 1411 1350 1471 τοῖς
1411 1408 1724 1478 εὑρίσκουσι

138 1495 361 1562 γνῶσιν.
400 1497 618 1568 Χρῆναι
657 1498 714 1550 δὲ
762 1492 914 1568 οἶμαι
966 1499 1058 1552 καὶ
1089 1499 1182 1552 νῦν
1215 1501 1361 1569 ἡμᾶς
1411 1498 1508 1569 τὴν
1549 1500 1725 1554 αἰτίαν

135 1590 332 1651 εἰπεῖν,
363 1589 434 1642 δι’
465 1591 530 1659 ἣν
562 1589 740 1644 αἰτίαν
765 1589 985 1659 γέγονεν
1009 1593 1036 1644 6
1058 1591 1517 1663 ἀναθεματισμός.
1535 1593 1593 1645 '0
1619 1593 1726 1662 γάρ

133 1695 218 1732 τοι
252 1681 439 1734 πάντα
487 1683 802 1752 διακινήσας
828 1722 843 1746 ,
875 1682 986 1736 ἄνω
1026 1700 1084 1735 τε
1122 1684 1215 1736 καὶ
1259 1685 1409 1737 κάτω
1443 1687 1510 1738 τὰ
1549 1685 1725 1738 πάντα

133 1774 383 1844 συγχέας
413 1775 717 1845 Νεπόριος
746 1775 849 1844 ἔφη
872 1792 924 1826 τι
955 1776 1192 1828 τοιοῦτον
1229 1793 1294 1828 πε
1307 1777 1356 1847 ρί
1381 1775 1474 1829 τοῦ
1507 1777 1722 1831 πάντων

131 1866 293 1936 ήμῶν
331 1865 594 1936 Σωτῆρος
629 1866 896 1937 Χριστοῦ’
933 1867 1270 1937 (Ἀπεστάλη
1305 1867 1536 1938 κηρύξαι
1566 1870 1725 1939 αἰχμ-

130 1955 368 2019 αλώτοις
408 1956 623 2024 ἄφεσιν,
643 1952 795 2020 οὗτος
827 1958 854 2010 6
889 1958 1077 2018 πιστὸς
1106 1956 1181 2027 τῷ
1215 1956 1333 2027 Θεῷ
1364 1958 1724 2029 πεποιημένος

130 2047 460 2116 ἀρχιερεύς.
506 2047 755 2114 Ἐγένετο
783 2047 891 2118 γὰρ
923 2041 1092 2112 οὗτος,
1123 2049 1222 2100 οὐκ
1245 2048 1428 2111 ἀϊδίως
1450 2042 1536 2118 ἦν·
1572 2043 1724 2111 οὗτος

131 2136 160 2188 ὁ
217 2139 368 2190 κατὰ
413 2139 612 2208 μικρὸν
638 2142 717 2202 εἰς
763 2140 1094 2210 ἀρχιερέως,
1143 2140 1407 2210 αἱρετικὲ,
1444 2141 1724 2211 προκόᾲας

134 2229 408 2300 ἀξίωμα.)
447 2230 650 2298 Ἕτερα
673 2240 698 2279 q
728 2230 782 2283 δὲ
829 2231 1038 2292 τούτοις
1065 2230 1300 2298 ἀδελφὴν
1331 2231 1589 2282 ὠδίνοντα
1625 2231 1724 2298 τὴν

133 2317 398 2372 ἀσέϐειαν
432 2320 774 2387 προσεπάγει
807 2319 995 2373 πολλά.
1027 2319 1122 2381 Τίς
1166 2315 1257 2372 οὖν
1281 2320 1389 2390 ἄρα
1418 2320 1524 2371 τῶν
1554 2318 1726 2381 οὕτως

133 2408 383 2482 αἰσχρῶν
421 2410 735 2474 ἐπακούσας
764 2410 960 2480 λόγων,
1007 2409 1068 2464 οὐ
1129 2410 1303 2464 πάντα
1335 2413 1399 2465 ἂν
1428 2408 1598 2464 ἕλοιτο
1632 2429 1725 2463 πα-

135 2497 266 2565 θεῖν,
299 2503 334 2571 ἧ
375 2501 474 2573 τήν
521 2504 599 2572 τῷ
630 2504 748 2574 Θεῷ
782 2503 1264 2575 κατεστυγημένην
1315 2505 1599 2573 ἀγαπῆσαι
1641 2521 1723 2555 σι-

133 2595 271 2664 γήν;
314 2595 621 2647 Ἀπέθανεν
681 2597 821 2665 ὑπὲρ
866 2596 1022 2664 ἡμῶν
1065 2597 1093 2646 6
1139 2598 1410 2666 Χριστὸς,
1464 2595 1726 2667 αἰσχύνης

138 2687 604 2756 καταφρονήσας·
659 2685 889 2756 σταυρὸν
945 2686 1240 2755 ὑπέμεινε,
1290 2688 1382 2738 καὶ
1440 2686 1530 2738 τὸν
1585 2689 1725 2740 κατᾶ

142 2778 321 2848 σάρκα
356 2778 614 2830 Θάνατον.
647 2775 780 2831 Εἶτα
810 2778 970 2847 ἡμεῖς
999 2777 1116 2830 οὐδὲ
1144 2778 1266 2839 ταῖς
1294 2778 1374 2839 εἰς
1405 2776 1596 2843 λόγους
1636 2777 1724 2828 εὖ·

141 2867 310 2929 νοίαις
344 2866 697 2936 ἀμειψόμεθα
742 2866 832 2919 τὸν
859 2865 1189 2937 εὐεργέτην;
1237 2865 1350 2919 ἀλλ’
1387 2867 1563 2936 ἡσυχῆ
1602 2863 1726 2919 καο-

142 2958 254 3009 εδού
265 2958 551 3026 μεθα,τῶν
572 2958 744 3021 οὕτως
762 2958 1005 3011 ἐκτόπων
1026 2957 1345 3028 δυσφημιῶν
1363 2957 1721 3029 ἀκροώμενοι,

143 3048 172 3116 ἦ
201 3050 343 3118 τάχα
375 3066 480 3101 που
503 3050 600 3101 καὶ
627 3049 973 3120 μεριζόμενοι
993 3050 1088 3118 τῆς
1113 3051 1233 3103 κατ’
1258 3049 1418 3103 αὑτοῦ
1443 3050 1722 3118 γλωσσαλ-

147 3139 263 3204 γίας
285 3141 355 3192 τὰ
379 3138 740 3208 έγκλήματα;
771 3138 836 3190 Τί
859 3137 984 3207 φὴς,
1009 3132 1052 3190 ὦ
1073 3130 1258 3202 οὗτος;
1285 3138 1626 3207 Προέκοπτεν
1647 3140 1725 3200 εἰς

145 3229 407 3298 ἀρχιερέα
465 3226 822 3298 καταϐραχύ;
875 3226 984 3278 Καί
1047 3242 1128 3278 τοι
1175 3227 1478 3279 κεκένωκεν
1535 3227 1723 3280 ἑαυτὸν
1754 3274 1793 3298 Α,

145 3318 271 3380 Θεὸς
311 3318 388 3371 ὢν
419 3320 448 3370 ὁ
483 3317 689 3386 Λόγος·
719 3315 878 3370 ἔλαϐε
921 3311 1109 3369 δούλου
1143 3316 1356 3386 μορφὴν
1381 3317 1407 3368 6
1440 3315 1723 3385 ἐλεύθερος

146 3412 279 3461 κατὰ
308 3410 475 3477 φύσιν
495 3428 507 3440 ο
533 3409 932 3461 τεταπείνωκεν
959 3404 1147 3461 ἑαυτὸν
1183 3408 1210 3460 ὁ
1237 3408 1434 3470 παντὸς
1467 3408 1724 3461 ἐπέκεινα

145 3501 433 3570 γεννητοῦ.
463 3501 560 3552 καὶ
592 3501 702 3562 τοῖς
724 3500 821 3568 τῆς
848 3498 1099 3569 Θεότητος
1127 3500 1380 3569 ὲπαυχῶν
1411 3499 1720 3569 ὑψώμασιν.

145 3591 202 3642 Ei
234 3591 290 3642 δὲ
328 3589 625 3660 προέκοψε,
656 3589 795 3641 κατὰ
822 3589 941 3642 τίνα
964 3591 1260 3643 κεκένωται
1285 3590 1485 3659 τρόπον
1510 3607 1522 3653 ;
1547 3588 1578 3659 ἥ
1611 3591 1726 3650 πῶς

145 3681 336 3734 ἑαυτὸν
393 3681 638 3750 καῦἦκεν
691 3681 769 3742 εἰς
830 3682 1186 3746 ταπείνωσιν;
1241 3682 1416 3752 Τιμῆς
1467 3682 1574 3753 ἄρα
1631 3681 1725 3733 καὶ

142 3773 297 3842 δόξης
326 3771 483 3839 αὐτῷ
510 3775 922 3842 προμνήστριαν
952 3771 1209 3835 γενέσθαι
1241 3771 1375 3840 φαίη
1406 3789 1490 3833 τις
1526 3772 1590 3824 ἂν
1625 3772 1723 3841 τὴν

143 3864 408 3926 κένωσιν;
448 3855 582 3914 Εἶτα
613 3861 727 3924 πῶς
761 3862 841 3913 ἔτι
895 3859 1122 3923 κένωσις
1161 3862 1461 3933 πρόχρημά
1489 3871 1508 3896 ι·
1543 3862 1724 3923 ὲστινς

154 3952 340 4018 Ἀλλά,
389 3953 504 4016 ναὶ,
563 3951 750 4022 φησὶν,
801 3953 848 4003 εί
902 3951 1064 4014 αὐτὸς
1118 3953 1144 4003 6
1202 3954 1266 4003 ὲκ
1319 3951 1452 4003 θεοῦ
1513 3951 1725 4021 [ἰατρὸς

140 4044 314 4111 Λόγος
349 4045 577 4111 γέγονεν
624 4041 950 4112 ἀρχιερεὺς,
1001 4042 1083 4102 τίς
1128 4041 1237 4112 ἄρα
1287 4042 1436 4094 ὲστὶν
1465 4042 1492 4092 6
1523 4039 1726 4110 μείζων

140 4134 344 4197 αὐτοῦ,
391 4134 489 4186 καὶ
531 4133 630 4201 τῆς
689 4131 995 4201 ἱερουργίας
1045 4131 1361 4201 λειτουργία
1425 4130 1726 4200 θεραπευό-

144 4243 334 4293 μενος;
395 4222 606 4276 Οὐκοῦν
657 4221 767 4291 ἐρῶ
820 4222 883 4290 δή
941 4237 993 4272 τι
1045 4221 1236 4273 πάλιν·
1295 4223 1589 4273 Πίστευσον
1646 4223 1725 4274 ὅτι

142 4319 326 4368 καίτοι
374 4314 511 4376 Θεὸς
576 4314 718 4366 κατὰ
769 4311 930 4380 φύσιν
977 4312 1266 4382 ὑπάρχων,
1312 4315 1404 4365 καὶ
1446 4313 1504 4362 ὲν
1545 4313 1727 4380 μορφῇ

138 4408 232 4459 τοῦ
290 4406 509 4473 [Ἰατρὸς
555 4406 582 4455 6
635 4405 797 4466 Υἱὸς,
849 4404 944 4473 οὑχ
1011 4404 1301 4474 ἁρπαγμὸν
1359 4402 1606 4473 ἡγήσατο
1669 4402 1730 4451 τὸ

141 4492 280 4550 εἶναι
363 4499 455 4546 ἴσα
513 4494 675 4563 Θεῷ,
741 4493 855 4546 ἀλλ’
914 4494 1104 4546 ἑαυτὸν
1164 4493 1439 4556 ὲκένωσε,
1516 4491 1728 4561 μορφὴν

139 4583 333 4638 δούλου
383 4582 586 4637 λαϐὼν.
641 4580 702 4635 Εἰ
740 4581 796 4634 δὲ
831 4581 1051 4650 γέγονεν
1093 4583 1375 4651 ἄνθρωπος
1400 4622 1414 4646 ,
1468 4581 1625 4634 ἔλαϐε
1671 4580 1727 4631 δὲ

141 4678 237 4729 καὶ
268 4675 469 4729 δούλου
515 4674 750 4744 μορφὴν,
792 4673 908 4735 πῶς
938 4674 1205 4744 ἡγήσεται
1250 4673 1463 4743 μικρὸν,
1488 4673 1584 4725 καὶ
1612 4674 1726 4733 τοῖς

145 4769 242 4838 τῆς
291 4765 608 4835 οἰκονομίας
647 4765 825 4833 λόγοις
871 4767 1232 4835 ἀνάρμοστον,
1280 4764 1341 4818 τὸ
1389 4765 1726 4834 χρηματίσαι

147 4860 241 4912 καὶ
279 4857 581 4918 ἀπόστολος
614 4857 708 4907 καλ¹
740 4857 1060 4925 ἀρχιερεύςς
1096 4857 1201 4908 Καὶ
1243 4856 1270 4907 6
1303 4854 1400 4923 τῆς
1431 4853 1552 4905 καθ’
1584 4855 1729 4922 ἡμᾶς

149 4951 242 5002 ἁνσ
255 4948 572 5020 ρωπότητος
592 4945 652 4999 τὸ
688 4946 882 5017 μέτρον
913 4949 1010 4999 οὑκ
1040 4947 1332 5016 ἀτιμάσας,
1357 4946 1474 5008 πῶς
1499 4948 1563 4998 ἂν
1597 4941 1730 4998 ἁπό-

149 5039 326 5107 εῑλητα
359 5039 584 5107 ποιήσαι
628 5045 649 5072 ³
691 5035 759 5088 τά
801 5033 1147 5104 ἀνθρώπινας
1199 5036 1308 5088 Καὶ
1353 5033 1420 5105 ἦν
1468 5035 1566 5104 μὲν
1601 5035 1729 5095 ἴσως

151 5131 386 5200 χαλεπὸν
419 5127 572 5183 οὐδὲν
627 5127 720 5182 καὶ
765 5127 852 5179 διά
899 5127 1159 5178 πλειόνων
1204 5127 1280 5179 ἔτι
1316 5125 1488 5194 λόγων
1531 5125 1726 5188 ἐλθεῖν,

156 5228 243 5276 καὶ
281 5222 628 5294 μακροτέραν
660 5222 740 5283 εἰς
772 5218 928 5271 τοῦτο
960 5221 1271 5272 κατατεῖναι
1301 5219 1397 5288 τὴν
1430 5219 1724 5288 ἀφήγησιν.

161 5315 352 5378 Μεϐεὶς
398 5315 454 5368 δὲ
483 5312 641 5366 τοῦτο
679 5310 815 5381 πρὸς
849 5308 909 5361 τὸ
959 5309 1150 5380 παρὸν,
1201 5311 1325 5371 τοὺς
1371 5309 1497 5379 παρ’
1546 5309 1726 5360 αὐτῶν

166 5408 444 5474 γεγονότας
496 5403 744 5474 παροίσω
803 5401 1013 5467 λόγους.
1068 5401 1377 5470 Γεγράφασι
1425 5400 1533 5469 γὰρ
1587 5400 1718 5451 ὠδίσ

235 5585 274 5614 ⁸⁷
306 5586 458 5644 Hebr.
499 5605 535 5654 ι,
576 5590 663 5643 M.
744 5586 789 5617 ’⁸
820 5586 974 5640 Prov.
1009 5598 1118 5642 vm.
1151 5581 1202 5633 9.

1295 5581 1335 5608 ’³
1371 5583 1466 5637 lsa.
1501 5581 1587 5644 6|,
1629 5581 1676 5643 i;
1743 5578 1868 5632 an.
1903 5580 2089 5646 tv,19.

1831 692 1915 736 est
1947 682 2114 738 Filius
2141 683 2395 752 hominis,
2428 695 2480 739 et
2510 687 2761 742 similiter
2789 697 2844 742 ut
2872 704 2968 745 nos
2995 691 3268 762 particeps
3296 694 3397 746 fuit

1830 773 2108 843 sanguinis
2139 783 2190 828 et
2238 778 2419 830 carnis
2443 777 2510 829 "’.
2563 777 2652 832 Sic
2687 779 3028 845 habentibus,
3064 790 3118 837 et
3164 793 3272 837 tam
3305 800 3395 837 ve-

1832 865 2162 930 nerandam,
2218 866 2666 938 verissimamque
2717 869 2873 924 (idem
2920 872 3395 943 amplexantibus,

1830 955 2009 1007 omnia
2044 955 2298 1026 deinceps
2331 960 2662 1028 apparebunt
2697 964 2877 1030 pervia
2926 973 2981 1019 et
3009 963 3189 1034 plana,
3224 976 3277 1021 et
3313 968 3396 1021 ni-

1831 1042 1902 1096 hil
1938 1059 2157 1112 prorsns
2201 1061 2449 1116 aSperum
2475 1058 2529 1103 et
2559 1052 2804 1104 arduum.
2834 1052 3105 1122 Scriptum
3133 1065 3214 1111 est
3249 1057 3394 1111 enim

1829 1135 1968 1202 quod
2001 1137 2178 1190 omnia
2208 1139 2486 1208 perspicua
2528 1151 2652 1194 sunt
2688 1142 3133 1213 intelligentibus,
3170 1156 3225 1201 et
3249 1156 3396 1202 recta

1831 1222 2228 1283 invenientibus
2293 1232 2573 1286 scientiam
2603 1235 2667 1286 ³⁸.
2723 1234 2927 1304 Opinor
2975 1246 3154 1291 autem
3217 1253 3398 1307 operae

1830 1318 2057 1384 pretium
2120 1319 2256 1385 fore,
2303 1323 2347 1376 si
2393 1339 2535 1378 nunc
2566 1339 2779 1395 quoque
2811 1341 3028 1381 causam
3065 1343 3400 1396 exponamus

1829 1419 2044 1476 propter
2071 1425 2227 1478 quam
2260 1412 2430 1466 factus
2460 1426 2541 1468 est
2574 1417 3085 1474 anathematisntus.
3114 1419 3397 1476 Nestorius

1830 1496 1997 1559 enim,
2030 1499 2119 1567 qni
2161 1501 2340 1553 omnia
2381 1503 2734 1570 perturbavit,
2768 1515 2820 1559 et
2859 1508 3039 1560 omnia
3076 1523 3275 1577 susque
3305 1509 3402 1564 de-

1828 1603 1934 1655 que
1982 1589 2242 1656 confudit,
2299 1592 2402 1646 tale
2446 1594 2697 1661 quiddam
2740 1595 2806 1650 de
2857 1599 3097 1650 omnium
3149 1609 3396 1653 nostrum

1831 1672 2108 1731 Salvatorc
2153 1678 2368 1735 Christo
2412 1681 2667 1736 dicebat:
2712 1683 2930 1754 (Missus
2959 1696 3040 1742 est
3086 1687 3151 1741 ad
3207 1689 3400 1756 pracdi-

1829 1763 2058 1819 randum
2110 1767 2341 1836 captivis
2398 1771 2873 1841 remissionem",
2927 1776 3014 1831 hic
3069 1777 3238 1834 ﬁdelis
3290 1778 3400 1834 Deo

1831 1851 2000 1911 factus
2028 1858 2287 1926 pontifex.
2317 1861 2514 1918 Factus
2548 1871 2630 1916 est
2680 1865 2824 1920 cnim
2855 1866 2961 1933 hic,
3005 1883 3110 1922 non
3140 1877 3401 1939 perpetuo

1757 1953 1797 2006 Β
1829 1957 1945 2000 crat
1979 1966 1992 2002 :
2022 1950 2107 2004 hic
2131 1952 2390 2018 paulatim
2430 1955 2494 2008 ad
2525 1956 2798 2023 pontiﬁcis
2845 1959 3168 2027 dignitatem
3203 1975 3396 2030 prove-

1828 2049 1966 2104 ctus,
2000 2042 2296 2114 hzeretiee.)
2346 2045 2618 2114 Multaque
2659 2047 2761 2100 alia
2812 2049 2895 2103 his
2935 2051 3269 2105 consimilem
3313 2067 3398 2120 pa-

1828 2132 2019 2186 t'ientia
2082 2134 2410 2204 impietatem
2467 2137 2728 2207 adjungit.
2783 2140 2914 2206 Quis
2963 2142 3147 2212 igitur,
3199 2144 3401 2199 auditis

1830 2230 1936 2274 tam
1988 2222 2142 2280 {tedis
2190 2227 2549 2290 sermonibus,
2611 2229 2773 2298 188
2816 2245 2919 2284 non
2981 2230 3162 2284 mallet
3217 2232 3399 2286 omnia

1829 2312 1959 2379 pati,
2007 2328 2166 2382 quam
2226 2316 2493 2371 silentium
2531 2313 2642 2373 Deo
2684 2334 2907 2374 exosum
2956 2321 3216 2391 diligere?
3258 2321 3398 2376 Mor-

1829 2411 1950 2453 tnns
1983 2409 2063 2454 est
2094 2417 2191 2470 pro
2225 2405 2380 2458 nobis
2423 2407 2692 2470 Christus,
2730 2408 3101 2464 confusionem
3154 2423 3399 2466 contem-

1830 2491 1934 2559 psit
1953 2491 2018 2555 ³ο,
2039 2508 2254 2547 crucem
2278 2506 2330 2547 et
2352 2507 2580 2551 mortem
2614 2498 2735 2551 tulit
2758 2502 3053 2555 secundum
3078 2519 3318 2569 carnem,
3343 2516 3399 2560 et

1830 2596 1926 2634 nos
1961 2581 2289 2637 henel’actori
2321 2595 2504 2639 nostro
2532 2600 2596 2640 ne
2627 2589 2892 2643 sermonis
2922 2590 3135 2658 quidem
3163 2591 3397 2648 cilicium

1829 2681 1982 2740 grato
2033 2678 2212 2726 animo
2273 2677 2647 2743 rependemus,
2704 2678 2796 2732 sed
2850 2679 3019 2748 quieti
3067 2682 3401 2750 sedebimus,

1831 2770 1936 2814 tam
1978 2763 2240 2818 absurdas
2286 2766 2567 2820 audientes
2619 2767 3003 2837 blasphemias,
3037 2771 3116 2824 vel
3148 2769 3398 2828 fortassis

1829 2851 1992 2905 etiam
2028 2853 2272 2907 criminis
2305 2856 2539 2911 incitata:
2572 2857 2832 2913 adversus
2876 2873 2998 2914 eum
3043 2861 3238 2931 lingua:
3277 2879 3403 2933 par-

1833 2941 2023 3009 ticipes
2058 2944 2300 2995 erimus?
2347 2941 2490 2998 Heus
2548 2955 2627 3010 tu,
2676 2947 2805 3015 quid
2849 2945 3018 3003 dicis?
3060 2949 3295 3005 Profecit
3345 2953 3400 3007 in

1828 3046 2096 3085 Summum
2150 3033 2482 3088 sacerdotem
2538 3036 2837 3103 paulatim?
2886 3041 3047 3107 Atqui
3099 3039 3402 3095 exinauivit

1827 3125 2061 3192 seipsum
2099 3123 2354 3189 Verbum,
2403 3142 2522 3180 cum
2574 3126 2716 3182 Deus
2752 3130 2955 3184 esset"
2990 3149 3004 3184 :
3057 3142 3107 3185 et
3139 3134 3232 3202 qui
3283 3139 3404 3189 erat

1831 3215 1962 3268 liber
1997 3217 2292 3270 secundum
2327 3227 2568 3272 naturam
2603 3223 2815 3290 accepit
2857 3223 2998 3275 servi
3046 3221 3270 3277 formam
3301 3238 3312 3277 :
3347 3232 3402 3278 et

1830 3309 1920 3377 qui
1956 3309 2094 3362 ultra
2125 3324 2337 3362 omnem
2369 3316 2674 3366 creaturam
2706 3321 2810 3378 est,
2843 3323 2898 3368 et
2934 3314 3236 3370 divinitatis
3265 3318 3402 3372 emi-

1829 3409 1918 3452 net
1955 3399 2144 3468 gloria,
2185 3398 2489 3454 humiliavit
2535 3401 2796 3471 seipsum.
2840 3402 2896 3457 Si
2928 3412 3106 3458 autem
3141 3405 3398 3475 profecit,

1826 3505 2058 3559 qttonam
2092 3493 2247 3545 modo
2277 3494 2584 3548 cxinauitus
2620 3503 2725 3559 est,
2759 3494 2840 3549 vel
2884 3510 2988 3564 quo
3029 3507 3187 3566 pacto
3218 3513 3276 3552 se
3305 3498 3403 3553 de-

1829 3582 1974 3634 misit
2009 3583 2072 3635 ad
2114 3584 2580 3639 humiliationem?
2628 3585 2861 3641 Honoris
2914 3587 3076 3655 igitur
3119 3599 3174 3644 et
3216 3589 3401 3660 gloria:

1827 3674 1926 3742 ipsi
1953 3675 2376 3729 conriliatricem
2406 3676 2570 3731 fuisse
2597 3679 2793 3734 dixerit
2817 3679 3013 3750 aliquis
3039 3683 3181 3736 hanc
3206 3684 3400 3737 exina-

1829 3767 2125 3820 uitionem?
2158 3767 2354 3821 Deinde
2395 3783 2550 3838 quem
2587 3769 2760 3826 locum
2807 3772 3026 3830 habebit
3061 3773 3401 3830 exiuanitio?

1827 3857 1896 3908 At
1935 3857 2101 3922 enim,
2146 3858 2340 3926 inquit,
2389 3861 2432 3913 si
2471 3860 2647 3929 ipsum
2695 3861 2788 3916 Dei
2841 3862 3017 3917 Patris
3048 3859 3281 3918 Verbum
3318 3863 3402 3917 fa-

1832 3956 1975 4000 ctum
2005 3957 2086 4000 est
2119 3947 2385 4013 pontifex,
2421 3950 2562 4018 quis,
2598 3967 2716 4015 oro,
2752 3953 2922 4020 major
2953 3963 3035 4008 est
3065 3953 3175 4015 illo,
3225 3963 3281 4009 et
3314 3955 3402 4008 cui

1828 4037 2147 4091 sacerdotali
2213 4038 2516 4096 ministerio
2585 4044 2800 4096 servit?
2858 4043 3027 4112 Igitur
3081 4044 3257 4099 dicam
3302 4047 3404 4100 ite-

1829 4144 1946 4180 rum
2004 4145 2015 4181 :
2072 4127 2242 4183 Crede
2311 4132 2491 4198 quod,
2566 4134 2814 4201 quamvis
2891 4133 3032 4189 Deus
3105 4138 3402 4191 secundum

1830 4230 2074 4274 naturam
2153 4231 2297 4276 esset
2392 4233 2446 4277 et
2532 4222 2582 4276 in
2683 4224 2854 4278 forma
2932 4221 3110 4280 Patris
3190 4225 3402 4292 Filius,

1833 4326 1933 4362 non
1969 4313 2212 4379 rapinam
2258 4313 2553 4368 arbitratus
2579 4323 2662 4368 est
2705 4330 2824 4370 esse
2855 4331 2913 4368 se
2946 4317 3206 4384 aequalem
3251 4317 3402 4382 Deo;

1831 4402 1922 4453 sed
1953 4407 2188 4470 seipsum
2238 4405 2558 4469 exinanivit,
2601 4405 2828 4458 formam
2881 4407 3020 4460 servi
3085 4421 3396 4462 assumens.

1833 4492 1887 4544 Si
1915 4503 2089 4544 autem
2128 4491 2299 4546 factus
2319 4502 2403 4546 est
2437 4493 2614 4558 homo,
2655 4496 2946 4562 assumpsit
2978 4505 3159 4549 autem
3187 4497 3401 4550 etservi

1761 4606 1804 4659 υ
1837 4581 2061 4633 l‘ormam
2090 4597 2104 4644 ;
2145 4581 2412 4649 quomodo
2445 4585 2689 4636 censebit
2722 4598 2970 4651 parvum,
3021 4594 3074 4639 et
3123 4587 3404 4655 dispensa-

1835 4669 1997 4722 tionis
2063 4670 2356 4723 rationibus
2409 4670 2808 4738 incongruum,
2869 4675 3127 4741 appellari
3182 4684 3235 4728 et
3282 4690 3406 4730 esse

1837 4759 2135 4827 apostolum
2166 4768 2218 4812 et
2244 4760 2600 4828 pontificem?
2626 4773 2680 4815 et
2711 4763 2802 4830 qui
2847 4778 3152 4817 mensuram
3206 4765 3401 4818 huma-

1840 4851 2024 4904 nitatis
2056 4859 2253 4903 nostrae
2277 4865 2382 4903 non
2424 4851 2745 4917 dedignatus
2774 4863 2878 4917 est,
2922 4857 3191 4920 quomodo
3228 4869 3396 4923 repu-

1839 4942 2033 4994 dianda
2090 4942 2316 4994 duceret
2360 4942 2640 4995 humana?
2700 4939 2948 4997 Forsitan
2994 4946 3132 4998 haud
3188 4944 3404 5000 diﬂicile

1838 5032 1977 5088 foret
2012 5033 2061 5086 id
2089 5032 2330 5100 pluribus
2365 5043 2606 5087 tractare
2636 5035 3002 5098 sermonibus,
3061 5044 3112 5089 et
3142 5036 3404 5104 prolixio-

1839 5139 1946 5176 rem
1974 5125 2038 5176 ad
2059 5124 2158 5179 hoc
2189 5124 2554 5177 narrationem
2575 5125 2910 5192 protrahere.
2931 5125 3056 5191 Sed,
3079 5127 3162 5180 his
3182 5127 3246 5180 ad
3278 5143 3408 5195 pra:-

1836 5229 1960 5266 sens
1987 5213 2388 5283 praetermissis,
2427 5213 2665 5282 ipsorum
2691 5213 2911 5270 afferam
2932 5231 3232 5272 sermones.
3262 5219 3405 5272 Scri-

1838 5314 2058 5372 pserunt
2086 5305 2228 5358 enim
2264 5304 2341 5358 sic
2377 5319 2388 5354 :
2425 5302 2625 5356 Verum
2656 5321 2721 5359 ne
2756 5307 3002 5361 turbetur
3031 5319 3207 5362 vestra
3240 5324 3392 5364 mens

1837 5398 2056 5449 audiens
2084 5396 2151 5449 de
2191 5409 2274 5458 eo,
2313 5397 2413 5464 qui
2447 5411 2643 5465 passus
2691 5407 2772 5451 est
2809 5419 2818 5451 :
2863 5419 2880 5450 ι
2916 5399 2982 5453 Et
3028 5402 3243 5470 quidem
3280 5417 3399 5456 cum

2163 5580 2205 5608 πο
2233 5580 2392 5635 “chr.
2428 5595 2523 5640 xu,
2554 5580 2605 5632 9..
2685 5580 2720 5611 ³¹
2757 5580 2986 5650 Philipp.
3028 5599 3084 5647 ll,
3120 5582 3170 5635 7-

1249 5739 1413 5791 Varia‘
1455 5738 1706 5792 lectiones
1736 5753 1798 5791 ex
1832 5737 2013 5790 codice
2042 5737 2408 5804 Segnieriano.

233 5891 257 5932 Ρ
284 5887 721 5960 διατεθειμένοις.
804 5896 828 5934 ίι
869 5885 958 5936 καὶ
991 5885 1172 5953 ἕτερα.
1254 5893 1272 5919 τ
1305 5883 1363 5935 τὸ
1389 5881 1595 5952 χρῆμα.

1676 5893 1695 5919 ³
1737 5882 2036 5954 ποιήσαιτε.
