4120 6540
663 529 766 586 367

1646 516 1705 571 S.
1749 512 2031 570 CYRILLI
2072 509 2545 570 ALEXANDRINI
2587 515 2909 572 ARCHIEP.

3819 520 3920 574 368

665 657 808 704 esset
835 644 1059 699 Filius.»
1091 640 1206 699 Non
1232 641 1376 698 enim
1403 640 1537 698 duos
1560 642 1696 698 ﬁlios
1717 644 1967 708 dicimus;
2002 657 2123 698 eum
2150 641 2240 712 qui

2363 643 2517 696 Ἀλλὰ
2559 645 2633 716 μὴ
2680 644 3034 714 ταραττέσθω
3087 643 3238 715 ὑμῶν
3289 645 3322 715 ἡ
3371 643 3598 706 διάνοια,
3651 647 3778 715 περὶ
3827 646 3919 699 τοῦ

665 755 852 808 passus
884 747 986 802 est,
1022 746 1073 790 et
1111 750 1232 790 eum
1280 735 1370 803 qui
1399 736 1602 789 mansit
1634 736 2013 805 impassibilis.
2051 735 2237 804 Neque

663 829 805 882 enim
839 844 864 880 a
897 827 1098 881 deitate
1132 826 1359 880 seorsim
1395 835 1798 894 sequestratum
1857 825 1908 880 id
1961 825 2106 895 quod
2158 834 2240 878 est

664 935 728 973 ex
765 919 971 974 semine
1024 917 1193 973 David
1231 915 1403 971 Filius
1449 916 1761 971 nominatus
1806 927 1919 980 est,
1958 925 2016 970 ut
2065 930 2240 983 neque

665 1011 840 1065 deitas
861 1020 981 1080 post
1021 1010 1321 1064 unitionem
1351 1010 1468 1064 sine
1500 1009 1696 1063 visibili
1726 1023 1890 1062 carne
1920 1008 2095 1062 Filius
2131 1024 2229 1076 ap-

665 1100 884 1170 pellata.
916 1100 982 1154 Et
1014 1100 1206 1154 iterum
1235 1116 1248 1150 :
1286 1083 1437 1153 Unde
1477 1113 1640 1150 unum
1674 1106 1728 1150 et
1764 1098 2010 1152 eumdem
2045 1097 2238 1151 Filium

663 1191 987 1246 conﬁtemur
1007 1190 1304 1245 inconfusis
1331 1191 1536 1244 naturis
1555 1189 1922 1253 manentibus,
1953 1205 2057 1242 non
2077 1189 2238 1242 alium

662 1291 718 1335 et
746 1282 907 1336 alium
932 1282 1198 1343 dicentes;
1225 1282 1397 1335 absit!
1430 1281 1528 1336 sed
1554 1296 1718 1334 unum
1753 1289 1803 1333 el
1829 1282 2078 1334 eumdem
2109 1295 2242 1348 pou-

666 1373 909 1438 tiﬁcem;
987 1386 1117 1441 ergo
1140 1379 1193 1428 et
1227 1373 1528 1441 apostolum
1585 1382 1830 1428 nostrum
1884 1371 2082 1424 factum
2122 1385 2242 1424 esse

667 1463 828 1534 189
845 1463 1129 1519 Dominum
1155 1474 1393 1518 nostrum
1413 1461 1595 1517 Jesum
1620 1463 1917 1524 Christum,
1946 1461 2241 1515 secumlum

663 1557 874 1609 divinas
910 1554 1248 1624 Scripturas,
1292 1553 1472 1608 nullus
1525 1570 1630 1608 non
1685 1554 2081 1618 conlitebitur;
2136 1569 2241 1605 non

664 1656 842 1700 tamen
867 1653 1178 1712 separatum
1203 1645 1433 1699 seorsim
1466 1646 1742 1699 hominem
1757 1661 1821 1698 ex
1848 1645 2074 1699 muliere
2101 1659 2128 1697 a
2149 1643 2241 1697 Dei

663 1737 844 1791 Patris
874 1735 1068 1791 Verbo.
1113 1735 1300 1806 Itaque
1355 1737 1397 1790 si
1430 1752 1594 1790 unum
1623 1737 1812 1791 dicunt
1837 1735 2055 1799 Filium,
2099 1735 2244 1789 nullo

667 1827 828 1882 modo
853 1830 1150 1896 partientes
1179 1829 1234 1883 in
1267 1828 1405 1883 duos
1441 1847 1452 1881 ε
1491 1844 1658 1882 ttnum
1690 1844 1757 1883 ex
1811 1829 2019 1884 semine
2049 1825 2242 1891 David,

662 1929 716 1973 et
749 1919 912 1973 alium
947 1935 1012 1974 ex
1037 1918 1147 1973 Deo
1179 1918 1338 1974 Patre
1363 1918 1626 1988 Verbum;
1664 1921 1942 1992 quomodo
1991 1937 2100 1974 non
2155 1921 2243 1974 lae-

663 2012 800 2066 dunt
821 2019 1228 2067 sacramentum
1242 2054 1254 2078 ,
1273 2012 1570 2080 partientes
1586 2013 2040 2084 dispensationem
2058 2013 2167 2068 Deo
2191 2022 2244 2066 et

661 2105 956 2170 hominiet;
991 2120 1095 2160 non
1129 2104 1307 2174 potius
1331 2120 1496 2158 unum
1520 2115 1574 2159 et
1603 2106 1848 2159 eumdem
1884 2107 2048 2160 Deum
2070 2117 2122 2159 et
2147 2107 2244 2160 ho-

662 2195 863 2250 minem
883 2194 1220 2260 essedicunt,
1237 2196 1608 2250 utsintomnia
1633 2195 1770 2264 ejus,
1790 2204 1976 2264 etquaa
1989 2197 2166 2250 divina
2191 2207 2242 2252 ct

663 2301 782 2355 qua
808 2286 1080 2340 humana?
1104 2284 1236 2340 Nam
1269 2288 1482 2355 quando
1505 2286 1728 2355 aliquid,
1753 2287 1894 2357 quod
1921 2287 2089 2342 Deum
2123 2304 2242 2342 ma-

662 2381 806 2435 xime
834 2382 1019 2444 decet,
1045 2378 1112 2434 de
1141 2379 1257 2448 ipso
1287 2379 1504 2440 dicitur.
1535 2379 1637 2433 hoc
1662 2389 1808 2433 certe
1839 2379 2152 2433 omnimodo
2187 2387 2241 2432 et

661 2483 850 2523 verum
874 2483 994 2521 esse
1017 2467 1268 2530 dicimus,
1297 2467 1462 2520 Deum
1487 2467 1629 2519 enim
1661 2466 1834 2535 ipsum
1877 2482 1992 2520 csse
2017 2467 2239 2520 scimus.

663 2558 802 2614 Etsi
844 2559 1078 2613 humane
1106 2557 1384 2628 quidpiam
1440 2556 1643 2610 dictum
1697 2555 1880 2622 fuerit,
1933 2557 2095 2611 etiam
2140 2557 2242 2612 hoc

662 2651 1032 2706 admittemus.
1084 2648 1421 2703 Conﬁtemur
1471 2649 1614 2702 enim
1670 2650 1812 2716 quod
1861 2647 2006 2704 Deus
2061 2657 2143 2702 est
2188 2650 2240 2702 in

664 2757 830 2798 carne
871 2751 925 2795 et
959 2742 1242 2805 sanguine,
1298 2748 1353 2796 et
1384 2740 1746 2795 humanitatis
1784 2754 2094 2794 mensuram
2144 2755 2241 2808 per

661 2832 898 2889 humana
936 2831 1302 2901 agnoscimus.
1358 2829 1522 2884 Illillia
1569 2830 1714 2884 enim
1749 2829 1978 2883 millium
2030 2842 2243 2883 sancto-

661 2937 786 2978 rum
839 2923 1153 2989 angelorum
1208 2921 1523 2975 ministrant
1583 2920 1674 2986 ei;
1741 2929 1796 2973 et
1836 2920 2082 2973 diviuutn
2126 2921 2243 2989 ejus

663 3015 922 3070 thronum
1001 3013 1362 3066 circumstant
1408 3010 1718 3080 Seraphim.
1781 3009 2009 3077 Quando
2059 3022 2238 3066 autem

665 3107 843 3162 factus
876 3113 959 3160 est
985 3104 1166 3166 homo,
1195 3110 1426 3156 vocatus
1468 3111 1552 3156 est
1577 3101 1740 3156 etiam
1786 3099 2070 3170 pontifex;
2135 3117 2240 3155 non

664 3197 810 3270 quod
851 3205 1104 3263 tanquam
1139 3192 1328 3262 majori
1362 3191 1473 3246 Deo
1505 3190 1726 3246 oberret
1754 3191 2108 3255 sacriﬁcium,
2142 3193 2236 3246 sed

2341 735 2604 798 παθόντος
2657 735 2930 788 ἀκούουσα
2969 739 3019 800 ί,
3063 755 3077 784 ι
3109 736 3329 804 Καίπερ
3357 733 3431 786 ὣν
3463 735 3608 796 Υἱός.
3651 753 3667 784 ι
3705 734 3780 788 Οὐ
3815 736 3920 806 γὰρ

2339 825 2432 879 δύο
2473 826 2622 889 υἰούς
2657 843 2858 896 φαμεν,
2894 828 2984 880 τόν
3032 843 3089 878 τε
3126 826 3384 889 παθόντα,
3438 827 3532 879 καὶ
3583 827 3673 878 τὸν
3729 828 3918 897 ἀπαθῆ

2343 918 2623 987 μείναντα.
2659 918 2732 969 Οὐ
2764 917 2873 986 γὰρ
2903 916 3324 988 κεχωρισμένως
3359 918 3452 970 καὶ
3479 917 3794 980 ἰδιαζόντως
3823 917 3921 987 τῆς

2343 1010 2593 1081 θεότητος
2617 1012 2676 1064 τὸ
2705 1015 2768 1066 ἐκ
2796 1013 3109 1082 σπέρματος
3138 1011 3298 1065 Δαυῖδ
3327 1010 3450 1074 Υἱὸς
3476 1010 3819 1080 ὠνόμασται·
3849 1011 3922 1070 ὠς

2342 1102 2460 1155 οὐδὲ
2490 1103 2522 1173 ἡ
2558 1103 2746 1175 θεότης
2781 1105 2919 1174 μετὰ
2946 1103 3044 1173 τὴν
3073 1104 3264 1155 ἕνωσιν
3295 1103 3419 1156 ἄνευ
3452 1100 3552 1171 τῆς
3597 1101 3924 1170 φαινομένης

2346 1193 2546 1264 σαρκὸς
2577 1194 2704 1259 Υἱὸς
2737 1195 3193 1266 προσηγόρευται.
3243 1193 3354 1247 Καὶ
3397 1193 3593 1246 πάλινο
3635 1193 3795 1246 Ὀθεν
3829 1194 3928 1245 Eva

2344 1286 2437 1347 καὶ
2489 1287 2580 1339 τὸν
2630 1287 2790 1340 αὑτὸν
2827 1289 2952 1340 Υἱδν
3001 1287 3391 1357 ὁμολογοῦμεν,
3448 1285 3772 1356 ἁσυγχύτων
3816 1285 3928 1337 τῶν

2344 1377 2559 1445 φύσεων
2595 1379 2888 1449 μενουσῶν,
2916 1380 3016 1433 οὐκ
3044 1379 3201 1433 ἄλλον
3230 1379 3322 1430 καὶ
3356 1378 3513 1430 ἄλλον
3544 1377 3814 1444 λέγοντες,
3849 1379 3928 1446 μὴ

2344 1468 2573 1536 γένοιτο,
2607 1469 2720 1523 ἀλλ’
2755 1470 2849 1522 ἕνα
2883 1471 2977 1523 καὶ
3006 1472 3097 1523 τὸν
3130 1470 3310 1524 αὐτόν.
3366 1469 3651 1540 ’Λρχιερέα
3687 1465 3779 1522 οῦν
3830 1469 3928 1520 καὶ

2345 1559 2644 1612 ἀπόστολον
2686 1561 2846 1630 ἡμῶν
2894 1555 3220 1630 γεγενῆσθαι
3256 1562 3346 1613 τὸν
3375 1560 3584 1630 Κύριον
3616 1559 3774 1629 ἡμῶν
3826 1560 3929 1628 Ἰη-

2347 1650 2472 1702 σοῦν
2505 1651 2738 1719 Χριστὸν
2773 1651 2908 1704 κατὰ
2940 1653 3036 1714 τὰς
3067 1652 3216 1714 θείας
3247 1651 3491 1721 Γραφὰς,
3528 1651 3702 1713 οὐδεὶς
3739 1650 3804 1702 ἂν
3828 1650 3928 1718 οὐκ

2344 1743 2751 1813 ὁμολογήσειεν,
2798 1743 2857 1795 ού
2893 1743 3265 1814 χωριζόμενον
3299 1744 3480 1812 μέντοι
3515 1742 3694 1805 ἰδικῶς
3719 1743 3932 1814 ἄνθρω-

2347 1850 2446 1885 πον
2475 1834 2537 1885 ἐκ
2563 1832 2817 1901 γυναικὸς
2849 1831 2942 1885 τοῦ
2977 1834 3040 1885 ὲκ
3083 1831 3217 1884 Θεοῦ
3251 1832 3461 1905 Πατρδς
3491 1832 3684 1900 Λόγου.
3718 1833 3931 1887 Οὐκοῦν

2347 1924 2395 1976 εἰ
2432 1923 2528 1977 ἕνα
2563 1925 2724 1992 φασὶν
2762 1923 2908 1987 Υίὺν,
2952 1924 3073 1976 κατ’
3120 1923 3308 1975 ούδένα
3346 1925 3545 1992 τρόπον
3591 1922 3930 1994 διαιροῦντες

2276 1984 2319 2039 Β
2347 2017 2425 2080 εἰς
2444 2015 2556 2082 δύο,
2590 2017 2757 2069 τόντε
2788 2016 2852 2068 ὲκ
2883 2015 3194 2085 σπέρματος
3225 2014 3408 2077 Δαυῖδ,
3443 2016 3536 2067 καὶ
3564 2015 3656 2067 τὸν
3694 2017 3757 2067 ὲκ
3792 2014 3933 2066 Θεοῦ

2346 2108 2560 2178 Πατρδς
2611 2109 2802 2175 Λόγον,
2867 2107 2982 2170 πῶς
3038 2107 3138 2158 οὐκ
3186 2105 3431 2160 ἀδικοῦσι
3485 2105 3546 2158 τὸ
3606 2108 3931 2178 μυστήριον,

2348 2200 2664 2270 μερίζοντες
2697 2199 2794 2268 τὴν
2834 2196 3146 2267 οἰκονομίαν
3195 2196 3315 2266 Θεῷ
3359 2197 3452 2250 καὶ
3494 2196 3784 2267 ἀνθρώπῳ,
3837 2200 3937 2251 καὶ

2344 2294 2464 2363 οὐχὶ
2493 2294 2557 2363 δὴ
2594 2281 2792 2363 μᾶλλον
2821 2292 2911 2344 τὸν
2937 2292 3055 2354 ἕνα,
3090 2291 3182 2344 καὶ
3202 2290 3292 2343 τὸν
3323 2289 3488 2342 αὑτὸν
3515 2290 3609 2342 κα.)⁸
3629 2289 3762 2342 Θεὸν
3791 2285 3940 2342 εἰναί

2345 2400 2498 2450 φασι,
2533 2383 2628 2435 καὶ
2660 2381 2967 2452 ἄνθρωπον,
3011 2381 3086 2444 ὡς
3139 2376 3275 2433 εἶναι
3321 2380 3498 2432 πάντα
3553 2378 3736 2444 αὐτοῦ,
3774 2382 3845 2434 τά
3876 2398 3936 2432 τε

2346 2473 2647 2544 θεοπρεπῆ,
2680 2474 2774 2525 καὶ
2806 2475 2873 2526 τὰ
2900 2471 3248 2543 ἀνθρώπινα;
3279 2471 3446 2522 Ὅταν
3479 2469 3588 2539 γάρ
3618 2486 3670 2521 τι
3703 2469 3809 2521 τῶν
3850 2471 3938 2522 ὅτι

2349 2567 2582 2634 μάλιστα
2616 2565 3104 2634 θεοπρεπεστάτων
3137 2563 3361 2631 λέγηται
3393 2562 3518 2630 περὶ
3554 2560 3741 2625 αὑτοῦ,
3773 2562 3942 2615 τοῦτο

2343 2655 2407 2725 δὴ
2438 2656 2656 2716 πάντως
2698 2653 2790 2705 καὶ
2827 2652 3024 2719 ἀληθὲς
3053 2647 3191 2702 εἷναί
3223 2666 3429 2718 φαμεν
3459 2649 3589 2701 Θεδν
3629 2649 3737 2718 γὰρ
3773 2650 3941 2718 ἴσμεν

2346 2743 2530 2799 αὐτόν.
2561 2742 2680 2795 Κᾶν
2709 2739 3050 2811 ἆνθρώπινόν
3075 2737 3207 2791 τιτὸ
3237 2737 3565 2805 λαλούμενον
3591 2733 3646 2810 ᾖ,
3677 2738 3768 2789 καὶ
3788 2737 3942 2791 οὕτω

2348 2833 2744 2904 συννεύσομενο
2798 2829 3170 2900 ὁμολογοῦμεν
3216 2828 3326 2898 γὰρ
3371 2829 3453 2880 ὅτι
3498 2829 3631 2890 Θεός
3676 2830 3823 2881 ἐστιν
3878 2832 3944 2882 ὲν

2347 2927 2513 2996 σαρκὶ
2553 2927 2646 2979 καὶ
2672 2925 2867 2993 αἵματι
2889 2941 2900 2951 ·
2937 2923 3031 2974 καὶ
3059 2921 3118 2973 τὸ
3151 2921 3247 2991 τῆς
3280 2921 3379 2973 ἀνθ
3391 2921 3701 2991 ρωπότητος
3734 2922 3944 2992 μέτρον

2345 3019 2431 3072 διὰ
2459 3005 2579 3072 τῶν
2598 3015 2954 3087 ἀνθρωπίνων
2980 3011 3436 3082 ὲπιγινὼσκομεν.
3471 3012 3657 3065 Χίλιαι
3689 3013 3789 3084 μὲν
3823 3017 3944 3084 γὰρ

2345 3109 2578 3180 χιλιάδες
2604 3107 2773 3174 ἁγίων
2800 3105 3046 3173 ἀγγέλων
3075 3103 3485 3174 λειτουργοῦσιν
3510 3105 3680 3174 αύτῷ,
3715 3107 3807 3158 καὶ
3843 3109 3945 3158 τὸν

2347 3201 2488 3254 θεῖον
2518 3196 2685 3251 αὑτοῦ
2715 3196 2902 3266 Θρόνον
2938 3195 3247 3264 περιιστᾶσι
3277 3192 3346 3244 τὰ
3386 3192 3658 3262 Σεραφίμ.
3709 3193 3946 3265 Ἐπειδὴ

665 3290 809 3362 quod
855 3288 1061 3356 sibiipsi
1116 3295 1169 3340 et
1225 3284 1370 3339 Patri
1419 3283 1540 3338 ﬁdei
1584 3292 1781 3338 nostra:
1837 3284 2235 3338 confessionem

2346 3294 2400 3350 δὲ
2429 3291 2650 3360 γέγονεν
2673 3287 2977 3356 ἄνθρωπος,
3004 3284 3385 3353 κεχρημάτικε
3413 3284 3504 3336 καί
3527 3283 3802 3352 ὰχιερεὺς,
3838 3286 3947 3355 οὐχ

663 3388 1000 3450 procuraret.
1032 3377 1271 3430 Audiens
1302 3374 1443 3444 quod
1482 3375 1660 3428 dictus
1683 3385 1765 3429 est
1816 3375 2080 3429 sacerdos
2107 3391 2237 3445 pro—

661 3481 787 3544 pter
807 3469 1220 3532 humauitatem,
1263 3467 1567 3522 erubescis?
1591 3465 1794 3521 Deinde
1819 3469 2098 3537 quomodo
2130 3483 2235 3522 nou

666 3562 968 3616 admiratus
997 3574 1077 3624 es,
1105 3557 1250 3626 quod
1296 3573 1404 3612 non
1434 3559 1729 3612 secundum
1752 3557 2098 3612 sacerdotum
2129 3575 2242 3614 mo-

667 3667 804 3716 rem,
837 3651 990 3705 alteri
1028 3650 1280 3705 detulerit
1311 3649 1563 3703 sacrilicii
1601 3650 1840 3716 modum,
1885 3650 1980 3703 sed
2028 3651 2241 3719 sibiipsi

668 3745 848 3816 potius
883 3755 937 3800 et
974 3743 1140 3809 Patri,
1183 3753 1244 3798 ut
1283 3741 1439 3797 dixi?
1483 3742 1714 3808 Quando
1766 3742 1905 3796 dicis
1964 3744 2241 3811 indignum

667 3850 789 3890 esse
850 3835 958 3889 Deo
1002 3845 1056 3888 ut
1111 3833 1404 3898 sacriﬁcet,
1468 3829 1731 3900 astipulor
1783 3843 1838 3886 et
1869 3847 1989 3902 ego.
2045 3834 2149 3888 Sed
2199 3835 2245 3890 si

668 3926 842 3982 solum
875 3935 1020 3980 esset
1067 3935 1121 3979 et
1153 3925 1362 3993 absque
1403 3937 1569 3978 carne
1612 3923 1873 3990 Verbum,
1927 3927 2069 3981 recte
2099 3927 2247 3981 dice-

667 4031 798 4071 res:
829 4024 883 4070 at
912 4029 1036 4068 vero
1057 4014 1182 4082 quia
1217 4013 1419 4067 factum
1459 4021 1543 4066 est
1599 4027 1751 4077 caro,
1805 4008 1939 4067 vide'
1976 4025 2032 4067 et
2069 4015 2242 4070 sacri—

669 4108 920 4161 ﬁcantem
971 4115 1190 4174 propter
1229 4102 1660 4168 humanitatem;
1691 4113 1746 4156 et
1788 4103 1839 4157 in
1892 4105 2247 4175 dignitatibus

667 4199 814 4253 ultra
845 4207 1150 4252 creaturam
1178 4235 1195 4261 ,
1229 4195 1367 4249 sicut
1397 4195 1563 4248 Deum
1610 4209 1623 4246 :
1660 4196 1903 4250 considet
1938 4198 2082 4250 enim
2125 4213 2246 4251 cum

671 4292 781 4348 Deo
810 4296 864 4342 et
892 4288 1071 4343 Patre.
1121 4285 1313 4355 itaque
1366 4295 1420 4341 et
1461 4285 1582 4341 vide
1627 4286 1800 4354 ipsum
1841 4288 2244 4342 sacriﬁcantem

669 4379 964 4437 secundum
1017 4378 1408 4433 humanitatem
1441 4419 1456 4442 ,

670 4471 860 4527 Deum.
909 4468 1046 4535 Quid
1082 4469 1226 4521 enim
1276 4467 1406 4520 dicit
1453 4468 1644 4522 beatus
1694 4466 1942 4522 Paulus?
1990 4489 2006 4520 ι
2060 4469 2245 4524 Talem

670 4564 933 4618 habemus
970 4557 1304 4628 pontiﬁcem,
1339 4558 1697 4628 quiconsedit
1727 4561 1779 4613 in
1803 4560 2028 4614 dextera
2065 4562 2243 4616 throni

670 4649 1060 4724 magnitudinis
1095 4651 1148 4704 in
1179 4651 1407 4706 excelsis
1437 4650 1501 4702 κ.
1541 4669 1557 4701 ›
1613 4652 1861 4707 Scieutes
1890 4653 2054 4723 igitur
2101 4659 2244 4724 quod

669 4741 846 4800 factus
871 4754 954 4798 est
979 4746 1160 4806 homo,
1189 4757 1310 4796 cum
1343 4742 1482 4795 Deus
1530 4751 1673 4794 esset
1724 4750 1828 4812 (est
1868 4754 2046 4799 autem
2109 4762 2246 4801 unus

672 4847 726 4889 et
753 4835 894 4889 idem
923 4831 1137 4902 Filius),
1169 4831 1241 4885 illi
1270 4832 1449 4885 omnia
1482 4831 1800 4896 tribuemus,
1827 4844 1885 4888 ttt
1914 4836 2024 4899 uni;
2054 4847 2107 4890 et
2138 4839 2247 4892 dis-

671 4926 1006 4996 pensationls
1067 4923 1254 4977 modos
1301 4938 1406 4976 non
1447 4924 1855 4993 ignorabitnus,
1899 4929 2246 4996 cogitationis

670 5018 781 5070 vim
831 5028 1046 5083 semper
1087 5013 1308 5082 provide
1348 5024 1402 5068 et
1445 5016 1720 5084 sapienter
1770 5018 1835 5072 ad
1879 5019 2245 5075 obedientiam

673 5107 793 5176 ejus
825 5113 1214 5160 convertentes.

1523 4378 1895 4432 considentem
1951 4390 2136 4434 autem
2188 4389 2245 4433 ut

2345 3385 2419 3448 ὡς
2456 3381 2662 3452 μείζονι
2700 3377 2820 3446 Θεῷ
2870 3373 3254 3445 προσκομίζων
3298 3373 3396 3442 τὴν
3447 3373 3786 3443 ἱερουργίαν,
3816 3374 3944 3426 ἀλλ’

2347 3473 2524 3544 ἑαυτῷ
2560 3489 2620 3526 τε
2655 3470 2746 3523 καί
2775 3469 2851 3539 τῷ
2893 3468 3070 3539 Πατρί
3101 3466 3200 3534 τῆς
3230 3465 3463 3527 πίστεως
3491 3465 3648 3535 ἡμῶν
3680 3464 3776 3536 τὴν
3807 3467 3950 3535 ὁμο-

2347 3570 2532 3639 λογίαν
2594 3562 3138 3637 πραγματευόμενος.
3220 3556 3512 3628 Ἐρυθριᾷς
3571 3557 3785 3610 ἁκούων
3848 3551 3947 3610 ’ὅτι

2349 3660 2759 3732 κεχρημάτικεν
2805 3656 2981 3723 ἱερεὺς
3013 3651 3100 3704 διὰ
3143 3651 3205 3703 τδ
3237 3650 3614 3721 ἁνθρώπινον;
3651 3645 3782 3702 Εἶτα
3823 3651 3949 3714 πῶς

2347 3757 2407 3808 οὐ
2428 3750 2779 3820 τεθαύμακας
2808 3748 2888 3799 ὅτι
2923 3744 2997 3814 μὴ
3027 3744 3166 3796 κατὰ
3195 3743 3254 3796 τὸ
3274 3742 3382 3795 τῶν
3409 3741 3598 3812 ἱερέων
3621 3740 3740 3803 ἔθος
3761 3741 3953 3811 ἑτέρῳ

2349 3843 2570 3912 ποιῆται
2603 3851 2627 3878 ιι
2659 3839 2756 3908 τῆς
2788 3834 3096 3906 ἰερουργίας
3127 3834 3217 3886 τὸν
3249 3833 3468 3902 τρόπον,
3501 3831 3679 3898 ἑαυτῷ
3708 3830 3764 3882 δὲ
3800 3832 3952 3899 μᾶλ-

2348 3932 2457 3993 λον,
2489 3930 2563 3992 ὡς
2595 3929 2754 3996 ἔφην,
2775 3927 2869 3976 καὶ
2899 3923 2977 3992 τῷ
3009 3923 3182 3991 Πατρί
3209 3940 3221 3987 ;
3260 3921 3429 3972 Ὅταν
3463 3920 3620 3992 εἴπῃς
3653 3919 3752 3972 οὐκ
3783 3919 3951 3984 ἄξιον

2349 4012 2490 4070 εἶναι
2523 4015 2618 4070 τοῦ
2651 4015 2785 4067 Θεοῦ
2819 4013 2879 4065 τὸ
2917 4013 3238 4082 ἱερουργεῖν,
3273 4010 3526 4080 σύμφημι
3567 4009 3742 4076 κάγώ.
3792 4010 3953 4062 Ἀλλ’

2349 4111 2396 4161 εἰ
2432 4109 2590 4178 μόνος
2633 4101 2723 4176 ἦν,
2755 4105 2849 4157 καί
2896 4102 3019 4172 δίχα
3048 4101 3252 4171 σαρκὸς
3287 4104 3315 4154 ὁ
3344 4102 3536 4170 Λόγος,
3575 4099 3709 4170 ἔφης
3740 4099 3806 4154 ἃν
3849 4103 3956 4171 ὀρ-

2351 4200 2458 4263 θῶς
2479 4216 2490 4226 ο
2525 4198 2711 4267 ἐπειδὴ
2743 4197 2799 4250 δὲ
2830 4197 3052 4264 γέγονεν
3099 4194 3411 4264 ἅνθρωπος,
3443 4195 3546 4264 ὅρα
3588 4192 3682 4245 καί
3718 4191 3874 4261 ἰερου
3886 4210 3956 4260 ρ-

2349 4290 2549 4359 γοῦντα
2579 4289 2668 4342 διὰ
2713 4289 2773 4341 τὸ
2817 4285 3178 4356 ἀνθρώπινον,
3211 4285 3308 4339 καὶ
3360 4285 3416 4336 ὲν
3447 4286 3558 4346 τοῖς
3591 4283 3730 4352 ὑπὲρ
3752 4283 3958 4338 κτίσιν

2349 4382 2678 4451 ἀξιώμασιν,
2731 4380 2806 4442 ὡς
2859 4379 3028 4430 Θεόν·
3083 4375 3389 4446 συνεδρεύει
3425 4375 3533 4444 γὰρ
3578 4373 3655 4444 τῷ
3688 4373 3811 4443 Θεῷ
3850 4378 3956 4429 καὶ

2351 4476 2545 4546 Πατρί.
2586 4475 2724 4544 Ὅρα
2757 4473 2935 4524 τοίνυν
2983 4469 3329 4541 ἰερατεύοντα
3364 4466 3460 4536 μὲν
3492 4466 3654 4518 αὐτὸν
3691 4466 3836 4520 κατὰ
3891 4469 3958 4521 τὸ

2352 4565 2713 4636 ἀνθρώπινον,
2747 4558 3133 4631 συνεδρεύοντα
3172 4558 3229 4610 δὲ
3253 4558 3327 4620 ὡς
3358 4556 3510 4608 Θεόν.
3545 4554 3610 4607 Τί
3641 4555 3749 4625 γάρ
3774 4573 3959 4626 φησιν

2353 4660 2382 4710 ὁ
2420 4656 2685 4728 μακάριος
2720 4653 2959 4715 Παῦλοςς
2997 4670 3015 4703 ι
3054 4650 3309 4703 Τοιοῦτον
3338 4648 3536 4718 ἔχομεν
3567 4649 3866 4719 ἀρχιερέα,
3897 4650 3962 4712 ὃς

2359 4747 2609 4802 ἐκάθισεν
2641 4747 2698 4797 ὲν
2743 4744 2892 4814 δεξιᾷ
2933 4741 3027 4795 τοῦ
3066 4741 3257 4812 θρόνου
3300 4739 3402 4809 τῆς
3446 4739 3843 4809 μεγαλωσύνης
3901 4744 3963 4793 ὲν

2357 4841 2471 4901 τοῖς
2505 4837 2748 4907 ὑψηλοῖς.
2792 4854 2808 4886 ι
2847 4833 3061 4895 Εἰδότες
3093 4833 3272 4885 τοίνυν
3318 4831 3400 4884 ὃτι
3433 4830 3567 4893 Θεὸς
3607 4828 3682 4882 ὢν
3717 4831 3964 4897 γέγονεν

2359 4930 2666 5000 ἄνθρωπος,
2697 4927 2810 4978 ἐστι
2843 4926 2898 4978 δὲ
2928 4924 3007 4988 εἷς
3033 4926 3122 4977 καὶ
3158 4925 3185 4975 ὁ
3213 4923 3373 4985 αὐτὸς
3404 4919 3551 4987 Υίὺς,
3589 4917 3738 4990 αύτῷ
3765 4923 3964 4978 πάντα

2357 5013 2775 5089 προσνεμοῦμεν
2803 5013 2878 5074 ὡς
2925 5011 3035 5065 ἑνί·
3074 5009 3165 5064 καὶ
3201 5012 3328 5074 τοὺς
3365 5010 3465 5080 τῆς
3500 5009 3820 5078 οἰκονομίας
3853 5013 3966 5066 οὐκ

2358 5110 2681 5178 ὲννοήσομεν
2704 5114 2728 5144 ν
2760 5105 3018 5176 τρόπους,
3049 5103 3148 5172 τὴν
3185 5102 3294 5155 τῶν
3329 5101 3544 5156 ὲννοιῶν
3579 5100 3818 5171 δύναμιν
3861 5105 3966 5155 εὖ-

673 5192 874 5264 τέχνως
918 5193 1009 5246 καὶ
1046 5192 1331 5263 ἐμφρόνως
1370 5193 1454 5245 ἀεὶ
1506 5194 1926 5264 περιτρέποντες
1960 5205 1984 5232 ⁸
2019 5200 2097 5260 εἰς
2145 5199 2244 5271 τὴν
2289 5201 2534 5270 ὑπακοὴν
2570 5196 2755 5251 αὑτοῦ.

961 5303 1119 5374 190
1148 5303 1783 5362 ANATHEMATISMUS
1823 5308 1913 5362 XI.

748 5416 805 5469 Si
833 5417 952 5483 quis
974 5415 1183 5469 Domini
1214 5431 1432 5470 carnem
1463 5416 1750 5482 viviﬁcam,
1774 5417 2049 5487 ipsiusque
2074 5417 2255 5482 Verbi,

677 5507 819 5576 quod
863 5522 926 5561 ex
968 5510 1072 5563 Deo
1104 5507 1264 5564 Patre
1301 5519 1402 5574 est,
1451 5511 1727 5580 propriam
1760 5525 1880 5565 esse
1917 5514 2204 5580 negaverit
2238 5530 2250 5576 ;

753 5686 794 5717 "
823 5685 984 5739 Hebr.
1019 5702 1136 5752 vm,
1166 5687 1221 5741 1.

2773 5305 3370 5364 ΑΝΑΘΕΜΑΤΙΣΜΟΣ
3406 5308 3492 5360 lA'

2430 5425 2496 5477 Εἴ
2519 5442 2600 5488 τις
2621 5425 2718 5492 οὐχ
2743 5421 2995 5494 ὁμολογεί
3016 5421 3115 5492 τὴν
3134 5419 3228 5472 τοῦ
3253 5418 3458 5490 Κυρίου
3481 5419 3659 5488 σάρκα
3683 5418 3969 5481 ζωοποιδν

2358 5512 2517 5581 εἰναι,
2556 5517 2648 5569 καὶ
2682 5515 2816 5568 ἰδίαν
2861 5514 3024 5567 αὑτοῦ
3057 5511 3151 5566 τοῦ
3199 5513 3263 5564 ὲκ
3295 5510 3430 5564 Θεοῦ
3483 5511 3696 5581 Πατρός
3745 5511 3969 5582 Λόγου,

1768 5773 1941 5827 Varia
1975 5773 2232 5828 lectiones
2257 5791 2316 5827 ex
2345 5774 2532 5830 codice
2566 5775 2935 5847 Seguieriano.

758 5873 774 5907 ⁸
807 5869 1103 5924 ἀκούσασα.
1181 5880 1206 5906 υ
1234 5868 1480 5919 ποιεῖται.

1298 6519 2106 6529 -ᾼἋ

1560 5875 1584 5904 ν
1618 5865 1978 5935 ἀγνοήσομεν.
2061 5873 2084 5900 ι
2113 5865 2551 5938 περιόλέποντες,
2578 5870 2637 5937 ἢ,
2676 5872 3050 5942 περιέποντες.
