4108 6470
169 374 252 427 $69
796 380 1320 438 APOLOISE'I'ICUS
1364 382 1494 439 PRO
1539 385 1624 439 XII
1670 386 2036 444 CAPITIBUS
2075 389 2357 444 CONTRA
2397 387 2853 444 OlilENTALES.

3336 387 3437 438 570

165 489 262 540 ἀλλ’
295 488 367 551 ὡς
416 491 625 562 ἑτέρου
668 499 816 561 τινὸς
862 503 987 571 παρ’
1037 502 1214 564 αὑτὸν,
1270 504 1619 572 συνημμένου
1667 507 1744 574 μὲε

1869 507 1963 560 sed
2000 507 2159 562 veluti
2193 509 2419 561 alterius
2458 507 2757 576 cujuqiiam
2792 504 2890 572 ipsi
2936 503 3106 557 Vetbo
3147 505 3437 557 secundum

165 580 289 649 αὖτῴ
323 584 469 635 κατὰ
508 585 622 656 τὴν
682 588 860 655 ἀξίαν,
897 593 1062 661 ἤγουν
1089 593 1164 655 ὡς
1201 594 1368 665 μόνην
1416 596 1566 650 θείαν
1621 599 1756 650 ὲνοί-

164 687 303 739 κησιν
353 674 708 745 ἐσχηκότος,
741 683 831 734 καὶ
863 683 980 751 οὐχὶ
1027 683 1090 754 δὴ
1127 684 1330 754 μᾶλλον
1369 687 1647 752 ζωοποιὸν,
1681 689 1756 754 ὡς

159 769 371 834 ἐφημεν,
403 767 494 820 ὃτι
532 771 775 838 γέγονεν
813 774 917 844 ἰδία
945 785 971 823 γ
1003 775 1096 828 τοῦ
1137 777 1308 843 Λόγου
1341 778 1434 830 τοῦ
1474 779 1542 832 τὰ
1577 782 1754 834 πάντα

159 853 425 914 ζωοποιεῖν
463 861 784 929 ἰσχύοντος·
816 865 1062 935 ἀνάθεμα
1099 866 1260 920 ἔστω.

467 1053 533 1104 Ἀ
545 1057 871 1123 ντὰὶρησις
905 1057 1022 1112 τῶν
1051 1059 1440 1113 ἀνατολικῶν.

223 1165 374 1218 Ἰὁίαν
421 1169 701 1234 γενέσθαι
735 1172 830 1243 τὴν
861 1175 1196 1246 Δεσποτικὴν
1231 1175 1408 1248 σάρκα
1445 1175 1538 1229 τοῦ
1578 1178 1750 1245 Λόγου

148 1257 223 1308 διὰ
254 1257 348 1327 τῆς
381 1257 679 1326 ὲνὼσεως,
707 1266 1086 1334 ὁμολογεῖσθαι
1113 1267 1295 1333 καλὸν,
1331 1266 1588 1330 νοοῦντας
1623 1270 1751 1338 μέν-

147 1366 220 1400 τοι
270 1351 329 1416 ἐξ
387 1352 566 1422 ἡμῶν
616 1355 788 1426 αὐτὴν
845 1358 1261 1428 προσειλῆφθαι.
1317 1358 1574 1429 Περιττδν
1604 1358 1752 1412 δὲτὸ

146 1441 403 1509 ἐπάγεινο
460 1447 591 1498 Καὶ
621 1447 720 1518 οὐχ
768 1447 957 1519 ἑτέρου
990 1450 1132 1514 τινὸς
1177 1451 1308 1522 παρ’
1357 1451 1549 1503 αὐτόν’
1579 1451 1626 1503 εἰ
1676 1452 1750 1521 μὴ

145 1535 243 1604 ἄρα
293 1535 520 1607 ἐξαίρει
575 1540 750 1610 αὐτὴν
789 1540 883 1592 τοῦ
926 1539 986 1605 ἐξ
1029 1542 1186 1612 ἡμῶν
1216 1542 1490 1612 εἰλῆφθαι.
1539 1541 1611 1594 Τὸ
1645 1543 1751 1612 γὰρ

146 1627 378 1693 συνεχῶς
420 1628 626 1697 λέγειν
671 1631 842 1701 αὐτὴν
897 1631 1053 1695 ἰδίαν,
1103 1632 1446 1702 ὲξαιροῦντὸς
1487 1634 1604 1686 ἐστι
1653 1634 1751 1702 τὴν

140 1720 488 1790 Δεσποτικὴν
530 1723 716 1793 σάρκα
754 1718 893 1776 εἰναι
935 1723 1035 1793 τῆς
1073 1726 1345 1796 ἡμετέρας
1376 1725 1607 1792 φύσεως.
1643 1726 1750 1778 Καὶ

146 1811 235 1862 τοῦ
264 1811 328 1863 τὸ
376 1813 670 1884 καύχημα
711 1815 901 1884 ὴμῶνς
949 1814 1048 1868 Διὰ
1081 1815 1244 1882 τινος,
1275 1815 1422 1883 λέγει
1453 1819 1479 1868 ὀ
1515 1815 1745 1879 Παῦλος,

142 1903 470 1973 συνήγειρεν
509 1907 687 1974 ἡμᾶς,
714 1907 809 1959 καὶ
833 1908 1183 1960 συνεκάθισεν
1207 1909 1384 1978 ἡμᾶς
1418 1911 1526 1961 Καὶ
1555 1917 1576 1944 ³
1606 1909 1747 1971 τίνος

139 1994 241 2062 γὰρ
281 1995 398 2046 τῶν
447 1993 772 2066 ἀνθρώπων
815 1998 1002 2068 ἐτέρου
1037 2000 1069 2067 ἡ
1119 1999 1349 2053 ἑκάστου
1401 1998 1574 2069 σάρξ;
1613 2000 1744 2068 Οὐχὶ

137 2086 366 2150 ἒιιαστος
404 2088 520 2158 μὲν
548 2089 710 2159 ἡμῶν
741 2089 924 2161 κοινὴν
945 2090 1057 2160 ἔχει
1087 2090 1266 2161 σάρκα
1297 2091 1510 2160 ἑκάστῳ
1535 2091 1612 2161 τῷ
1648 2092 1744 2144 τοῦ

137 2179 435 2246 ἑμοουσίου
467 2181 645 2250 λόγῳ,
677 2181 814 2234 ἰδίαν
848 2198 905 2234 τε
936 2181 1014 2252 τῷ
1039 2182 1137 2252 τὴν
1171 2183 1402 2236 ἑκάστου
1439 2195 1464 2222 ιι
1497 2182 1571 2253 μὴ
1605 2178 1746 2236 εἶναι

139 2267 348 2339 ἐτέρου,
382 2270 419 2341 ἦ
457 2273 632 2342 μόνου
660 2267 719 2326 οῦ
747 2275 863 2326 ἐστι
896 2274 1064 2344 capi;
1101 2274 1166 2326 Τί
1195 2271 1286 2328 οὖν
1315 2275 1462 2346 αὐτῷ
1496 2275 1745 2345 βούλεται

137 2358 211 2428 τῷ
251 2362 420 2427 ἰδίαν,
483 2363 569 2427 ὡς
612 2365 801 2434 ἕτερόν
842 2382 894 2417 τι
941 2365 1188 2433 λέγοντι;
1241 2368 1302 2419 Ei
1336 2367 1445 2438 γὰρ
1487 2369 1599 2420 νοεῖ
1646 2367 1744 2437 τὴν

141 2453 496 2524 Δεσποτικὴν
540 2455 721 2525 σάρκα
766 2455 828 2506 ἐκ
858 2455 956 2524 τῆς
988 2457 1263 2526 ἡμετέρας
1317 2457 1592 2526 εἰλῆφθαι,
1635 2460 1744 2510 νοεῖ

138 2541 190 2590 δὲ
229 2542 306 2604 ὡς
432 2545 672 2597 ἑκάστου
721 2543 858 2612 σὰρξ
903 2545 1112 2596 ἐκείνου
1172 2547 1316 2597 ἐστὶν
1370 2546 1473 2599 ἰδία
1517 2540 1577 2598 οῦ
1628 2548 1745 2598 ἐστι

144 2630 296 2699 σὰρξ,
330 2633 434 2684 καὶ
469 2634 574 2700 οὐχ
609 2633 818 2702 ἐτέρου,
859 2634 911 2685 τί
935 2633 1010 2695 ὡς
1048 2635 1106 2685 οὐ
1139 2634 1290 2697 ξένου
1322 2635 1370 2700 b,
1396 2634 1542 2701 λέγει
1576 2635 1743 2704 αὐτὴν

146 2723 277 2773 ἰδίαν
302 2720 494 2788 εἷναι;
524 2719 601 2776 Ἷί
635 2723 792 2792 δῆλον
823 2725 903 2777 ὅτι
939 2736 960 2758 τ’
993 2724 1060 2776 δι’
1088 2723 1538 2794 ὲπικαλύμματος
1567 2727 1627 2778 οὐ
1659 2725 1744 2776 λέ-

143 2827 224 2877 γει
260 2814 449 2884 αὐτὴν
493 2815 560 2866 ὲκ
611 2813 710 2884 τῆς
758 2817 1031 2886 ἡμετέρας
1085 2817 1302 2884 φύσεως
1344 2817 1618 2887 εἰλῆφθαι,
1667 2819 1744 2880 ὡς

147 2906 494 2979 σαφέστερον
520 2906 668 2974 λέγει
706 2908 764 2960 ἐν
793 2908 870 2977 τῷ
902 2908 1102 2978 πρῶτῳ
1129 2908 1292 2962 αὑτοῦ
1323 2910 1475 2979 τόμῳ
1495 2927 1508 2938 ·
1543 2911 1650 2964 Καὶ
1682 2911 1742 2963 τὸ

149 2996 367 3066 βρέφος,
417 2999 609 3067 φησιν,
642 2993 710 3067 ἦν
744 2994 801 3050 εὖ
853 2998 972 3051 καθ’
1016 2998 1042 3038 ά
1079 3001 1225 3069 ἡμᾶς
1249 3017 1261 3028 ·
1311 3001 1605 3065 τουτέστιν,
1643 3003 1742 3054 οὐκ

149 3091 200 3139 ὲν
227 3090 361 3160 ψιλῇ
400 3091 502 3143 καὶ
550 3091 688 3163 μόνῃ
734 3093 800 3161 τῇ
841 3091 976 3160 πρὸς
1007 3093 1156 3161 ἡμᾶς
1205 3093 1507 3161 ὁμοιότητι,
1541 3093 1654 3146 ἀλλ’
1683 3094 1740 3145 ὲν

149 3181 543 3252 ἀνθρωπὸτητι
575 3183 692 3252 μὲν,
731 3183 815 3235 διὰ
843 3184 942 3254 τὴν
969 3184 1169 3254 σάρκα,
1207 3167 1346 3237 θεῖον
1376 3185 1453 3248 δὲ,
1498 3185 1572 3248 ὡς
1602 3186 1741 3255 ὑπὲρ

151 3273 314 3342 ἡμᾶς,
365 3275 470 3326 καὶ
504 3273 563 3338 ἐξ
609 3273 874 3344 οὐρανοῦ;
925 3275 1054 3328 Καὶ
1082 3274 1242 3326 πάλιν
1293 3277 1347 3327 ὲν
1386 3274 1461 3344 τῷ
1508 3276 1744 3345 δευτέρῳ

151 3365 315 3435 τόμῳ,
359 3365 516 3418 καθά
565 3382 698 3435 φησι
725 3382 736 3394 '
773 3365 942 3435 Σῶμα
989 3366 1096 3436 γὰρ
1127 3363 1196 3437 ἦν
1229 3368 1326 3436 οὐχ
1367 3367 1551 3436 ἐτέρου
1603 3368 1744 3428 τινὸς

155 3458 255 3509 τῶν
279 3459 414 3512 καθ’
445 3459 617 3528 ἡμᾶς,
654 3457 782 3510 ἴδιον
807 3459 862 3510 δὲ
891 3458 1089 3529 μᾶλλον
1119 3459 1282 3512 αὑτοῦ
1317 3459 1412 3512 τοῦ
1447 3461 1508 3511 ὲκ
1534 3460 1745 3529 Πατρὸς

153 3549 300 3614 δντος
333 3551 518 3618 Λόγου
567 3550 626 3602 τὸ
672 3549 930 3619 γεννηθὲν
979 3552 1036 3617 ἐξ
1087 3550 1279 3620 αὐτῆς.
1322 3551 1418 3612 Τίς
1468 3551 1578 3619 γὰρ
1623 3545 1744 3602 εἰπέ

157 3655 302 3703 ποτε,
337 3643 427 3692 ὅτι
473 3638 662 3706 ἑτέρου
710 3638 853 3696 τινὸς
886 3638 994 3690 τῶν
1027 3638 1121 3691 ἀπ’
1153 3637 1348 3698 αἰῶνος
1387 3638 1606 3704 γέγονεν
1647 3636 1744 3687 ἁν-

157 3730 392 3799 ορὼιτων
445 3732 478 3799 ὴ
526 3730 829 3798 Δεσποτικὴ
877 3729 1032 3800 σὰρξ,
1081 3727 1241 3798 τυχὸν
1283 3727 1438 3798 ἢτοῦ
1475 3726 1658 3790 Ἅϐελ,
1709 3727 1742 3797 ἢ

159 3824 296 3890 Νῶε,
334 3825 370 3894 ἢ
438 3822 614 3886 Ἠλία,
648 3825 678 3890 ἦ
716 3839 857 3884 τινος
891 3823 999 3874 τῶν
1044 3824 1136 3875 ἀπ’
1169 3820 1363 3882 αἰῶνος
1401 3819 1740 3890 ἀνθρώπων;

158 3917 223 3967 οὐ
260 3917 430 3986 μόνον
465 3913 522 3966 δὲ
561 3915 689 3982 περί
719 3914 820 3982 τῆς
853 3912 1188 3981 Δεσποτικῆς
1218 3911 1420 3982 σαρκὸς
1451 3911 1742 3978 ἀποφαινό-

157 4007 316 4074 μεθα,
364 4006 444 4068 ὡς
494 4006 553 4058 οὐ
597 4005 820 4072 γέγονεν
865 4005 1052 4074 ἐτέρου
1097 4005 1243 4066 τινὸς
1275 4003 1383 4056 τῶν
1414 4002 1509 4055 ἀπ’
1549 4003 1740 4066 αἰῶνος

154 4097 482 4170 ἀνθρώπων,
514 4095 627 4151 ἀλλ’
673 4095 836 4150 αὑτοῦ
863 4096 954 4149 τοῦ
989 4096 1187 4165 Κυρίου
1224 4095 1349 4157 ἰδία,
1384 4095 1476 4147 καὶ
1520 4094 1676 4164 μόνη,
1706 4095 1739 4164 ἡ

154 4190 500 4260 ἀσυγχύτως,
531 4191 624 4243 καὶ
656 4188 973 4259 ἀχωρίστως
1004 4187 1264 4239 ἐνωθεῖσα
1291 4185 1368 4256 τῷ
1397 4184 1516 4254 Θεῷ
1544 4184 1700 4253 Λόγῳ
1725 4201 1738 4215 -

155 4282 262 4334 ἀλλ’
296 4282 409 4335 οὐδ’
438 4284 470 4350 ή
507 4281 623 4342 ἑνὸς
653 4281 882 4332 ἑκάστου
917 4278 1072 4348 ἡμῶν
1109 4276 1241 4347 σὰρξ
1265 4277 1454 4344 γέγονέ
1484 4292 1633 4338 ποτε,
1667 4275 1742 4338 ὼς

155 4373 388 4443 ἔφαμεν,
440 4371 632 4440 ἐτέρου
681 4368 846 4430 τινὸς,
879 4369 1020 4437 πλὴν
1067 4367 1274 4419 ἐκείνου
1335 4361 1396 4418 οῦ
1429 4369 1545 4419 ἐστι
1586 4365 1737 4436 σάρξ.

157 4468 356 4520 Τούτου
388 4465 572 4517 τοίνυν
604 4463 751 4532 παρᾶ
785 4463 917 4514 πᾶσι
960 4465 1072 4523 τοῖς
1111 4461 1210 4530 τῆς
1253 4460 1578 4530 Ἐκχλησίας
1611 4462 1739 4528 ὁμο-

1860 597 2173 666 dignitatem
2203 598 2498 665 cunjttncti,
2543 598 2798 651 nimirum
2834 595 2988 664 quasi
3029 594 3263 647 divinam
3313 607 3431 646 tatt~

1862 697 1972 742 tum
2000 690 2450 743 iuhabitationem
2478 688 2679 750 sortiti,
2718 701 2778 739 ac
2813 702 2916 739 non
2954 685 3130 753 potius
3166 683 3436 736 \'i\'int‘altl

1857 792 1980 833 esse
2010 779 2234 845 dixerit,
2301 789 2359 832 ut
2407 781 2564 832 modo
2595 778 2937 832 meminimus
2985 791 3048 830 eo
3079 775 3220 842 quod
3249 773 3431 834 Verbi,

1856 871 1998 937 quod
2026 871 2205 924 omnia
2223 872 2498 926 viriﬁcarc
2530 879 2726 940 potest,
2764 870 2901 924 facta
2927 870 2998 922 sit
3025 869 3270 937 propria;
3305 881 3436 920 ana-

1857 960 2037 1015 thema
2073 962 2161 1015 sit.

2306 1072 2656 1126 Orientalium
2695 1073 2969 1142 oppositio.

1930 1184 2207 1254 Propriam
2242 1185 2438 1239 factam
2482 1183 2816 1239 Dotninicatn
2862 1198 3081 1237 carnem
3133 1182 3293 1237 Verbi
3336 1198 3434 1251 per

1855 1276 2110 1330 unionem
2143 1276 2387 1331 confiteri
2420 1275 2557 1330 bene
2587 1276 2786 1343 liabet.
2847 1275 3206 1343 intelligentes
3249 1283 3428 1327 tamen

1853 1383 1970 1421 eam
2028 1383 2090 1422 ex
2145 1369 2301 1423 nobis
2341 1377 2698 1435 assumptam.
2747 1363 3089 1434 Superﬂuum
3129 1376 3306 1418 autem
3347 1373 3431 1417 est

1854 1458 2089 1528 adjicere
2126 1476 2140 1512 ι
2180 1459 2243 1512 Ει
2291 1475 2394 1513 non
2432 1457 2654 1513 alterius
2702 1456 3004 1524 cujuspiam
3046 1464 3244 1522 praeter
3281 1469 3428 1514 eum,

1854 1550 1958 1603 nisi
2003 1549 2143 1604 forte
2165 1559 2324 1619 negat
2347 1565 2463 1603 eam
2489 1564 2554 1602 ex
2586 1547 2742 1602 nobis
2759 1555 3112 1613 assumptam.
3136 1544 3268 1598 Nam
3289 1559 3430 1612 saepe

1852 1642 2030 1696 dicere
2069 1643 2342 1711 propriam
2382 1642 2629 1709 negantis
2671 1651 2786 1705 est,
2831 1638 3165 1693 Dominicam
3209 1648 3428 1689 carnem

1853 1742 2049 1785 nostra:
2078 1746 2198 1786 esse
2233 1742 2461 1785 naturae.
2509 1731 2576 1786 Et
2626 1731 2715 1785 ubi
2761 1729 3236 1799 gloriatiornostra
3296 1728 3431 1780 est?

1862 1821 1965 1876 Per
1999 1837 2182 1892 quem,
2215 1824 2346 1878 dicit
2385 1822 2606 1884 Paulus,
2651 1821 3099 1876 conresuscitavit
3147 1829 3199 1873 et
3232 1835 3425 1874 conse-

1853 1916 1983 1970 dere
2015 1918 2145 1972 fecit
2175 1933 2276 1971 nos
2304 1917 2389 1969 '3?
2436 1917 2604 1986 Cujus
2637 1917 2784 1973 enim
2813 1917 3040 1971 alterius
3075 1914 3306 1968 hominis
3343 1923 3429 1965 est

1849 2017 1944 2058 sua
1997 2006 2258 2075 cujusque
2292 2007 2471 2062 caro?
2522 2005 2713 2060 Nonne
2759 2007 3127 2076 unusquisque
3181 2014 3424 2059 nostrum

1849 2107 2194 2150 communem
2251 2096 2472 2166 quidem
2528 2097 2694 2152 habet
2733 2111 2955 2151 carnem
3021 2110 3145 2149 cum
3185 2108 3426 2160 unoquo-

1848 2197 1954 2251 que
2030 2185 2612 2239 cousubstantialitatis
2689 2185 2935 2249 ratione;
3019 2191 3074 2236 et
3151 2186 3426 2248 propriam

1855 2289 1921 2329 eo
1971 2279 2113 2342 quod
2162 2290 2281 2344 quae
2318 2285 2400 2330 est
2449 2275 2876 2344 uniuscujusque
2923 2291 3026 2329 non
3075 2274 3146 2327 sit
3180 2273 3425 2333 alterius.

1847 2366 1951 2418 nisi
1987 2365 2197 2430 solius,
2247 2366 2403 2435 cujus
2454 2376 2536 2422 est
2581 2367 2752 2421 caro?
2796 2366 2935 2433 Quid
2983 2379 3108 2434 ergo
3139 2365 3240 2418 sibi
3291 2363 3423 2424 vult,

1848 2472 1968 2508 cmn
1998 2455 2132 2509 dicit
2164 2458 2462 2525 propriam,
2514 2464 2775 2525 tanquam
2827 2456 2970 2508 aliud
3007 2455 3134 2523 quid
3187 2454 3375 2508 dicens
3405 2455 3428 2506 ’ἰ

1855 2543 1912 2598 Si
1957 2545 2104 2598 enim
2166 2545 2442 2614 intelligit,
2483 2544 2814 2598 Dominicam
2862 2559 3080 2597 carnem
3122 2558 3186 2596 ex
3241 2552 3422 2594 nostra

1846 2646 2201 2704 assumplam,
2233 2646 2288 2691 et
2323 2636 2597 2704 intelligit,
2639 2637 2781 2705 quod
2834 2634 3263 2702 uniuscujusque
3293 2649 3426 2686 caro

1847 2726 1992 2781 illius
2031 2736 2115 2781 est
2169 2727 2388 2797 propria
2422 2728 2576 2795 eujus
2605 2737 2689 2781 est
2734 2740 2882 2788 caro,
2934 2735 2989 2778 et
3012 2740 3118 2778 non
3147 2723 3374 2778 alterius
3405 2740 3422 2786 ς

1844 2833 1962 2880 cur,
1991 2828 2246 2885 tanquam
2279 2835 2383 2872 non
2423 2819 2494 2871 sit
2526 2819 2796 2880 extranei,
2837 2817 2970 2870 dicit
2994 2816 3264 2884 propriam
3300 2830 3421 2868 eam

1844 2910 2012 2963 esse?
2040 2910 2121 2962 Au
2149 2919 2358 2963 certum
2407 2917 2510 2970 est,
2553 2909 2695 2974 quod
2755 2916 2943 2974 aperte
2992 2915 3150 2974 negat
3193 2921 3310 2959 eam
3353 2921 3420 2958 ex

1847 3013 2031 3056 nostra
2057 3011 2391 3069 assumptam
2419 3015 2541 3057 esse
2569 3010 2780 3063 natura,
2820 2999 2962 3053 sicut
2989 2997 3189 3052 clarius
3213 2998 3340 3050 dicit
3366 2996 3420 3048 in

1843 3093 2017 3162 primo
2043 3107 2140 3146 suo
2169 3100 2320 3145 tomo
2355 3108 2368 3144 :
2402 3089 2467 3143 Et
2496 3088 2694 3150 infans,
2719 3089 2910 3157 inquit,
2940 3095 3058 3141 erat
3091 3100 3195 3139 non
3223 3099 3421 3138 secun-

1768 3201 1810 3259 (ς
1845 3185 1969 3237 dttnt
2024 3199 2152 3249 nos,
2201 3183 2301 3237 hoc
2337 3191 2453 3242 cst,
2487 3196 2590 3234 nou
2644 3181 2694 3234 in
2747 3194 2881 3248 pura
2905 3189 2959 3233 et
2990 3177 3102 3234 sola
3141 3177 3308 3230 nostri
3345 3177 3420 3232 si-

1848 3275 2175 3338 militudine,
2211 3277 2305 3329 sed
2335 3275 2386 3327 in
2437 3265 2772 3328 humanitate
2800 3272 3015 3340 quidem
3046 3277 3265 3338 prepter
3303 3284 3421 3323 car-

1847 3383 1989 3430 nem,
2025 3368 2240 3421 divinus
2262 3377 2440 3420 autem
2468 3377 2722 3432 tauqnant
2743 3379 2902 3432 supra
2927 3377 3043 3424 nos,
3073 3372 3126 3416 et
3157 3362 3222 3415 de
3243 3361 3421 3416 caelo?

1846 3458 1909 3513 Et
1972 3460 2168 3512 iterum
2207 3459 2258 3511 in
2294 3459 2534 3512 secundo
2564 3467 2711 3510 tomo
2742 3457 2823 3509 sic
2857 3456 2934 3507 ait
2968 3473 2980 3508 :
3015 3454 3225 3523 Corpus
3273 3454 3417 3506 enim

1844 3549 1961 3618 ejus
1992 3565 2098 3603 non
2147 3557 2267 3603 erat
2309 3548 2532 3603 alterius
2566 3548 2796 3617 alicujus
2827 3562 2857 3600 e
2909 3547 3080 3601 nostri
3129 3545 3416 3607 similibus,

1845 3641 1937 3693 scd
1999 3639 2179 3708 potius
2235 3639 2512 3708 proprium
2567 3638 2735 3706 ipsius
2793 3637 3110 3692 exsistentis
3146 3651 3210 3688 ex
3257 3635 3419 3688 l’atrc

1851 3725 2011 3782 Verbi
2037 3743 2100 3782 ex
2131 3743 2193 3780 ea
2235 3737 2444 3780 natum.
2473 3727 2608 3791 Quis
2635 3727 2777 3783 enim
2803 3725 3094 3793 aliquando
3123 3725 3257 3777 dixit
3294 3724 3419 3792 quia

1844 3818 2072 3873 alterius
2105 3816 2332 3882 alicujus
2361 3832 2391 3868 a
2431 3818 2630 3870 saeculo
2666 3816 2942 3869 hominum
2989 3814 3127 3867 facta
3167 3824 3253 3867 est
3293 3828 3420 3867 caro

1847 3906 2152 3972 Dominica,
2180 3908 2344 3960 veluti
2379 3906 2534 3972 Abel,
2574 3915 2668 3960 aut
2697 3906 2826 3970 Nec,
2872 3915 2968 3959 aut
2997 3905 3143 3969 Elite,
3182 3915 3274 3957 attt
3320 3919 3415 3958 cu-

1839 4001 2072 4068 juspiam
2108 4014 2136 4051 a
2168 3999 2364 4052 sa:culo
2415 3998 2736 4053 hominum?
2766 3995 2881 4050 Non
2918 3996 3088 4051 solum
3139 4005 3320 4049 autem
3356 3997 3422 4048 de

1847 4091 2122 4144 Dotninica
2152 4104 2314 4144 carne
2347 4090 2635 4144 delinituus
2681 4089 2803 4157 quia
2839 4087 2979 4142 facta
3034 4103 3139 4140 non
3189 4098 3277 4141 est
3317 4104 3416 4140 cu-

1838 4181 2076 4251 juspiatn
2098 4181 2322 4252 alterius
2348 4181 2503 4250 191
2534 4197 2562 4233 a
2587 4180 2782 4234 sacculo
2807 4179 3105 4241 hominum,
3123 4181 3215 4232 sed
3248 4179 3418 4246 ipsius

1847 4271 2056 4325 Domini
2089 4271 2306 4340 propria
2332 4281 2385 4324 ct
2411 4272 2550 4333 sola,
2585 4285 2704 4339 qua:
2730 4266 3019 4323 inconfuse
3061 4279 3114 4321 et
3141 4268 3416 4334 insepara-

1845 4361 2026 4415 biliter
2057 4361 2208 4414 unita
2232 4370 2313 4415 est
2343 4360 2448 4413 lico
2483 4359 2657 4414 Verbo
2687 4381 2698 4414 ;
2733 4359 2824 4413 sed
2858 4373 3032 4426 neque
3078 4357 3420 4422 uniust-ujus-

1846 4468 1952 4522 quc
1979 4467 2110 4506 caro
2140 4453 2284 4505 facta
2312 4461 2394 4503 cst
2426 4449 2742 4518 aliquando,
2797 4450 2934 4502 sicut
2973 4449 3308 4509 dicebamus,
3347 4448 3424 4500 al-

157 4559 511 4628 λογουμένου,
543 4557 590 4608 τί
618 4555 766 4625 αὐτῷ
803 4554 1049 4624 βούλεται
1094 4554 1156 4606 τὸ
1187 4553 1423 4623 συνεχῶς
1471 4553 1605 4604 ἰδίαν
1640 4553 1737 4604 αὺ-

1849 4545 2019 4598 tet-ius
2047 4542 2302 4610 alicujus,
2341 4543 2443 4596 nisi
2495 4543 2638 4596 illius
2668 4541 2823 4608 cuius
2860 4550 2944 4595 est
2983 4555 3134 4593 caro.
3169 4539 3282 4593 Hoc
3322 4541 3422 4592 ila-

158 4653 251 4720 τὴν
293 4650 502 4716 λέγειν,
538 4649 584 4698 εἰ
621 4647 696 4716 μὴ
727 4647 832 4716 ἄρα
867 4644 1072 4715 ἐξαίρει
1117 4645 1286 4716 αὐτὴν
1317 4644 1412 4697 τοῦ
1460 4640 1597 4695 εἶναι
1640 4642 1741 4711 τῆς

159 4743 433 4811 ἡμετέρας
475 4740 728 4808 φύσεως;
766 4739 886 4800 llo);
926 4738 981 4791 δὲ
1025 4738 1118 4790 καὶ
1161 4738 1491 4808 ἀπαγορεύει
1529 4736 1602 4806 μὴ
1634 4735 1742 4787 δεῖν

158 4833 415 4900 λέγεσθαι
461 4829 814 4900 συνημμένην
848 4829 945 4898 μὲν
971 4828 1119 4897 αὐτῷ
1154 4828 1295 4882 κατὰ
1318 4829 1414 4898 τὴν
1441 4826 1614 4889 ἀξίαν,
1651 4825 1744 4878 καὶ

164 4922 474 4986 αὑθεντίαν,
503 4921 665 4982 αὐτὸς
703 4919 878 4987 λέγων
908 4921 964 4971 ὲν
993 4917 1071 4987 τῷ
1112 4917 1311 4987 πρώτῳ
1353 4916 1506 4985 τόμῳ
1527 4931 1538 4942 ·
1587 4913 1742 4967 Οὕτω

169 5015 267 5085 γὰρ
301 5015 397 5066 καὶ
425 5016 589 5083 ἡμεῖς
617 5013 684 5083 τῇ
734 5011 942 5064 ἐκείνου
972 5009 1214 5076 πτωχείᾳ
1256 5007 1735 5075 πεπλουτήκαμεν,

171 5104 622 5173 ἀνακομισθείσης
656 5103 711 5153 ὲν
741 5099 888 5168 αὐτῷ
918 5099 1015 5167 τῆς
1050 5097 1391 5167 ἀνθρωπείας
1423 5097 1634 5162 φύσεως
1660 5097 1738 5157 εἰς

174 5195 376 5265 ἀξίωμα
427 5193 487 5246 τὸ
531 5191 854 5261 θεοπρεπέςς
917 5189 1053 5240 Ἀλλ’
1101 5190 1260 5257 ἡμεῖς
1309 5188 1550 5253 εἴπωμεν
1592 5185 1739 5254 αὐτῷ

176 5288 557 5357 ιναντιουμέν‹;ι
593 5289 698 5338 καὶ.
715 5283 922 5351 ἑαυτῷο
960 5281 1021 5334 Εἰ
1047 5283 1226 5334 τοίνυν
1255 5280 1310 5331 αἰ
1338 5279 1525 5347 φυσεις
1559 5279 1746 5346 μένου-

182 5395 248 5431 σιν
293 5381 607 5448 ἁσύγχυτοι,
649 5377 795 5445 μένει
827 5375 882 5427 δὲ
919 5374 1010 5426 καὶ
1056 5376 1086 5442 ἡ
1118 5373 1339 5434 ἓνωσις*
1381 5370 1557 5439 φαμὲν
1589 5369 1641 5420 δὲ
1678 5368 1743 5420 τὰ

232 5562 268 5592 ⁸⁸
300 5563 499 5632 ΕρΙιοε.
536 5575 594 5619 ιι.
628 5557 679 5607 6.

1844 4650 1949 4703 que
1979 4648 2100 4686 cutn
2125 4635 2470 4700 apudptnnes
2503 4630 2755 4684 Ecclesiae
2788 4629 2924 4682 lilios
2957 4629 3027 4681 sit
3055 4630 3106 4680 itt
3147 4627 3420 4693 confesso,

1843 4723 1970 4792 quid
2007 4723 2108 4777 sibi
2144 4723 2281 4786 vult,
2313 4723 2455 4792 quod
2484 4737 2626 4790 smpe
2656 4721 2928 4790 propriam
2957 4734 3077 4773 eam
3105 4719 3272 4783 dicit,
3320 4718 3422 4772 nisi

1846 4817 1986 4869 forte
2032 4815 2243 4883 excepit
2278 4830 2398 4867 eam
2430 4830 2459 4868 a
2491 4823 2672 4866 nostra
2705 4823 2898 4864 natura
2929 4811 2951 4862 ?
3009 4810 3290 4873 Quomodo
3325 4824 3423 4860 att-

1847 4916 1952 4961 tettt
1993 4906 2158 4960 etiam
2204 4906 2481 4958 interdicit
2509 4943 2526 4968 ,
2582 4918 2647 4957 ne
2710 4903 2922 4955 dicatur
2971 4915 3268 4954 connexant
3302 4914 3425 4952 esse

1844 4998 1892 5050 ei
1931 4999 2226 5051 secundum
2265 4996 2585 5064 dignitatem
2629 5002 2682 5045 et
2715 4992 3122 5054 auctoritatem,
3156 5005 3279 5043 cum
3309 4989 3424 5056 ipse

1845 5089 1987 5143 dicat
2018 5091 2071 5142 itt
2107 5089 2281 5157 primo
2310 5095 2452 5140 tomo
2485 5105 2498 5139 :
2539 5085 2629 5138 Sic
2654 5085 2797 5138 enim
2839 5095 2892 5138 ct
2949 5098 3044 5137 nos
3107 5082 3247 5137 illius
3294 5098 3422 5151 pau-

1849 5190 2058 5249 pertate
2097 5179 2248 5234 dilati
2279 5192 2489 5242 sumus,
2532 5177 2745 5230 elevata
2778 5175 2830 5228 itt
2865 5191 2929 5229 eo
2958 5176 3199 5230 humana
3230 5184 3421 5227 natura

1849 5271 1901 5323 itt
1935 5271 2252 5339 dignitatem
2287 5269 2394 5323 Deo
2421 5268 2878 5323 convenientem?
2909 5267 3013 5320 Sed
3047 5282 3143 5318 nos
3179 5266 3422 5318 dicamus

1850 5368 1918 5432 ci,
1945 5368 2033 5434 qui
2065 5367 2387 5419 adversatur
2414 5365 2574 5418 etiam
2605 5361 2708 5414 sihi
2737 5363 2836 5430 ipsi
2879 5377 2888 5410 :
2923 5361 2979 5413 Si
3012 5360 3174 5426 igitur
3219 5367 3422 5410 natura:

1232 5702 1400 5754 Variae
1431 5701 1690 5754 lectiones
1718 5715 1780 5755 ex
1815 5699 2002 5755 codice
2030 5697 2402 5768 Seguieriano.

221 5821 240 5862 ι
281 5811 403 5864 gaza,
494 5812 514 5837 ι
552 5797 948 5858 συνεκάθισεν,
979 5797 1091 5849 καί.
1169 5805 1193 5837 α
1228 5793 1285 5847 τὸ
1325 5792 1418 5862 τὴν
1445 5792 1695 5847 ἑκάστου.

1775 5793 1800 5833 ιδ
1839 5791 1911 5854 ὡς
1946 5790 2115 5856 ξένου.

2192 5803 2210 5828 ι·
2239 5788 2497 5860 δηλονότι.
2574 5786 2599 5827 ἀ
2635 5789 2797 5854 ἴσως,
2840 5787 2895 5840 οὐ
2925 5785 3066 5839 καθ’.
