4120 6496
681 424 778 480 37!

1661 415 1716 470 S.
1769 411 2048 467 CYRILLI
2089 404 2554 465 ALEXANDRINI
2595 401 2912 459 ARCHIEP.

3811 394 3921 450 372

678 532 972 589 inconfusce
999 540 1238 596 manent,
1261 541 1438 589 manet
1463 540 1639 584 autem
1670 540 1724 586 et
1759 532 1936 585 unitas
1962 548 1976 596 ;
2008 529 2239 584 dicimus

2361 526 2443 595 πῆς
2493 523 2937 594 προσκυνήσεως,
2991 517 3083 572 καὶ
3127 517 3426 588 δυνάμεως,
3467 531 3560 568 και
3602 511 3776 576 ἀξίας,
3825 515 3922 565 καὶ

679 638 808 680 vero
829 623 1222 689 adorationem,
1243 632 1298 678 et
1326 622 1602 687 virtutem,
1624 633 1680 675 et
1696 622 2039 691 dignitatem,
2067 630 2118 676 et
2137 635 2235 672 au-

681 715 1011 778 ctoritatem,
1040 722 1291 782 tanquam
1313 714 1401 767 uni
1423 713 1557 766 Filio
1579 712 1759 768 olferri
1778 713 1997 776 debere,
2018 724 2238 765 manen-

683 804 827 857 tibus
863 803 1073 856 naturis
1112 803 1163 858 in
1202 804 1408 858 unitate
1450 802 1749 858 inconfusis
1781 819 1794 855 :
1833 803 1879 857 si
1910 803 2037 872 quid
2075 809 2242 855 restat

681 894 846 958 aliud,
885 895 1026 961 quod
1055 894 1340 949 certiorem
1381 895 1644 949 unitatem
1677 893 1946 962 exprimat
1995 903 2050 946 et
2092 892 2242 946 dabi-

683 999 825 1048 mus,
858 993 912 1038 et
941 986 1363 1050 consentienms,
1395 996 1546 1040 extra
1593 985 1966 1040 confusionem
1997 983 2243 1038 videlicet

683 1084 1022 1127 naturarum.
1056 1072 1161 1128 Sed
1196 1074 1538 1143 perspicuum
1575 1081 1658 1128 est
1696 1073 1820 1142 quia
1855 1073 1903 1127 ei
1937 1073 2072 1126 nihil
2104 1072 2245 1128 sum-

683 1163 755 1217 cit
789 1163 856 1217 ad
887 1178 1154 1218 summam
1188 1164 1468 1227 unitatem,
1501 1164 1604 1218 nisi
1652 1172 1711 1218 ut
1747 1170 1969 1216 naturas
2020 1162 2243 1216 confun-

682 1252 791 1307 dat.
827 1250 930 1306 Sed
960 1267 1060 1307 nos
1091 1261 1311 1307 naturas
1335 1255 1552 1322 quidem
1580 1254 1906 1308 cxsistentes
1934 1253 2245 1308 inconfusas

683 1342 1042 1408 servabimus,
1073 1343 1442 1412 unitatemque
1479 1359 1767 1410 summam,
1809 1354 1861 1398 et
1891 1344 2124 1398 divinam
2145 1385 2160 1409 ,
2191 1356 2246 1400 et

688 1431 840 1486 nobis
875 1431 1471 1501 incomprehensibilein
1519 1433 1880 1501 confitemur;
1937 1436 2120 1488 omnia
2179 1436 2244 1490 ad

686 1520 1126 1588 glorificationem
1152 1533 1404 1591 tanquam
1427 1525 1533 1579 Deo
1555 1533 1608 1579 et
1639 1526 1726 1578 uni
1757 1525 1898 1579 Filio
1927 1524 2245 1591 offerentes,

687 1620 741 1664 et
766 1611 1007 1667 dicentes
1037 1614 1086 1666 ei
1123 1613 1263 1668 beati
1291 1612 1434 1668 Petri
1466 1629 1652 1670 vocem
1705 1635 1718 1670 :
1775 1634 1792 1666 ι
1851 1613 1930 1668 Tu
1979 1629 2036 1670 es
2081 1615 2246 1670 Chri-

687 1708 800 1757 stus
829 1701 997 1758 Filius
1028 1703 1120 1759 Dei
1151 1704 1254 1758 vivi
1280 1703 1347 1758 “.
1383 1724 1401 1755 ι

1201 1811 1387 1884 Cyrilli
1416 1817 1663 1886 defensio.

759 1923 1172 1981 Exacuebantur
1195 1928 1484 1998 aliquando
1508 1930 1574 1983 ad
1601 1930 1937 1985 iracundiam
1962 1931 2248 1987 scelestam

687 2015 932 2071 infelices
962 2016 1171 2083 Judari,
1222 2022 1404 2074 animo
1459 2021 1725 2076 vulnerati
1773 2022 1989 2078 invidia:
2033 2023 2248 2092 jaculis.

686 2107 825 2172 Quia
855 2122 982 2162 vero
1013 2123 1177 2178 super
1216 2110 1330 2165 haec
1373 2111 1536 2165 etiam
1571 2113 1762 2182 impias
1793 2114 2098 2170 inferebant
2139 2131 2252 2169 ma-

686 2211 789 2250 nus
815 2195 1032 2252 Christo
1071 2199 1312 2253 omnium
1337 2210 1579 2255 nostrum
1604 2201 1869 2257 Salvatori
1890 2244 1904 2267 ,
1955 2212 2118 2259 tanta:
2159 2221 2254 2259 au-

687 2285 855 2340 dacia:
878 2301 1073 2342 causas
1093 2302 1186 2342 eos
1209 2289 1661 2358 jubebatedicere
1684 2311 1695 2346 :
1719 2311 1736 2342 ι
1778 2292 1960 2356 Multa,
1980 2295 2250 2362 inquiens,

687 2375 827 2430 bona
855 2391 1016 2443 opera
1047 2379 1253 2432 ostendi
1309 2382 1459 2433 vobis
1493 2396 1557 2434 ex
1605 2381 1766 2435 Patre
1818 2398 1939 2436 meo
1969 2425 1982 2448 ,
2035 2397 2254 2456 propter

688 2468 832 2533 quod
855 2467 1047 2521 horum
1076 2483 1212 2536 opus
1234 2483 1317 2521 me
1345 2469 1593 2538 lapidatis
1618 2472 1706 2525 "‘I
1737 2474 1806 2526 At
1840 2474 1911 2529 illi
1946 2479 2012 2530 ad
2048 2485 2253 2530 tantam

691 2559 1050 2613 temeritatem
1076 2570 1130 2613 et
1172 2560 1500 2628 impietatem
1540 2567 1932 2634 cogitationum
1966 2578 2250 2635 venerunt,

689 2657 748 2701 ut
790 2650 954 2703 etiam
1005 2651 1325 2707 criminibus
1363 2655 1712 2724 blasphemia:
1763 2676 1884 2713 eum
1941 2661 2256 2715 molirentur

688 2737 1046 2805 obstringere.
1077 2740 1339 2796 Dicebant
1363 2745 1505 2797 enim
1547 2764 1560 2798 :
1605 2763 1623 2797 ι
1665 2746 1739 2802 De
1774 2747 1917 2803 bono
1956 2765 2118 2818 opere
2151 2766 2255 2805 non

689 2825 989 2894 lapidamus
1018 2831 1198 2891 te,sed
1233 2832 1296 2886 de
1323 2833 1671 2900 blasphemia,
1698 2836 1819 2896 quia
1846 2846 1921 2903 tu,
1955 2839 2113 2894 homo
2136 2853 2256 2894 cum

691 2915 786 2981 sis,
819 2917 951 2970 facis
981 2920 1209 2987 teipsnm
1270 2920 1440 2975 Deum
1488 2923 1551 2975 ".
1593 2940 1611 2974 ι
1663 2925 1808 2978 Dixit
1844 2936 2025 2980 autem
2057 2931 2123 2982 ad
2167 2941 2260 2983 eos

692 3003 973 3062 Salvator:
1001 3025 1020 3058 ι
1062 3008 1218 3077 192
1240 3008 1424 3064 Nonne
1442 3012 1702 3080 scriptum
1726 3023 1808 3068 est
1829 3016 1877 3067 in
1902 3015 2016 3085 lege
2044 3027 2255 3070 vestra:

692 3096 804 3165 Ego
840 3099 950 3152 dixi
989 3114 1004 3151 :
1055 3101 1134 3154 Dii
1184 3102 1354 3156 estis?
1397 3102 1453 3157 Si
1487 3103 1606 3158 illos
1635 3104 1773 3160 dixit
1823 3107 1976 3171 deos,
2008 3107 2075 3162 ad
2127 3123 2260 3177 quos

2342 617 2648 680 αὑθεντίας,
2679 615 2754 677 ὼς
2777 614 2856 666 ἑνὶ
2875 612 2988 682 Υἱῷ
3020 607 3420 681 προσφέρεσθαι
3449 606 3614 670 ἀξιον,
3647 604 3924 675 μενουσῶν

2338 707 2447 759 τῶν
2492 703 2707 774 φύσεων
2747 704 2804 754 ὲν
2836 704 2900 771 τῇ
2934 699 3122 753 ἑνώσει
3152 695 3503 766 ἀσυγχύτων·
3554 695 3605 749 τί
3642 706 3664 734 ο
3706 692 3929 746 ὑπολεί-

2343 812 2502 849 πεται
2549 794 2757 862 ἕτερον,
2791 792 2823 861 ἢ
2877 789 3268 861 ἀκριϐέστερον
3298 787 3398 858 τὴν
3434 786 3452 826 ί
3511 787 3703 839 ἕνωσιν
3744 801 3925 855 χαρα-

2342 885 2613 957 κτηρίζει,
2640 885 2732 938 καὶ
2759 883 3024 952 δώσομεν,
3060 880 3152 934 καὶ
3201 877 3600 950 συνθησόμεθα,
3635 876 3791 936 ὲκτδς
3819 875 3928 943 τῆς

2343 978 2451 1031 τῶν
2484 977 2698 1045 φύσεων
2747 974 3075 1044 συγχύσεως.
3133 972 3294 1026 Ἀλλὰ
3330 968 3597 1040 πρόδηλον
3649 967 3724 1030 ὡς
3769 965 3928 1018 οὐδὲν

2345 1067 2492 1138 αὐτῷ
2517 1067 2737 1137 ἐξαρκεῖ
2759 1065 2818 1117 τὸ
2841 1065 2938 1135 τῆς
2983 1063 3229 1127 ὲνώσεως
3273 1062 3460 1130 ἀκρον,
3493 1059 3568 1130 μὴ
3594 1057 3690 1122 τὰς
3730 1055 3926 1126 φύσεις

2348 1156 2646 1226 συγχέοντι.
2693 1155 2829 1207 Ἀλλ’
2863 1156 3020 1224 ἡμεῖς
3051 1153 3150 1216 τάς
3189 1153 3286 1223 μὲν
3325 1152 3516 1221 φύσεις
3561 1148 3722 1213 οὔσας
3747 1149 3926 1216 ἀσυγ-

2346 1249 2538 1318 χύτους
2593 1246 2897 1316 φυλάξομεν
2944 1249 3001 1310 3‘,
3053 1245 3147 1299 καὶ
3189 1245 3289 1315 τὴν
3337 1243 3532 1296 ἕνωσιν
3579 1242 3776 1311 ἄκραν,
3828 1239 3929 1292 καί

2349 1339 2519 1404 Θείαν,
2565 1339 2658 1391 καὶ
2709 1339 2839 1407 ημῖν
2882 1336 3264 1406 ἀκατάληπτον
3303 1329 3694 1403 ὁμολογοῦμεν,
3745 1328 3928 1381 πάντα

2349 1433 2427 1495 είς
2471 1429 2774 1498 δοξολογίαν
2807 1429 2880 1489 ὡς
2929 1427 3045 1497 Θεῷ
3080 1428 3174 1479 καὶ
3223 1425 3304 1478 ἑνὶ
3348 1423 3458 1494 Υἱῷ
3502 1419 3927 1492 προσφέροντες,

2351 1521 2441 1574 καί⁷
2469 1521 2716 1587 λέγοντες
2746 1517 2894 1587 αύτῷ
2925 1516 3020 1586 τὴν
3049 1516 3141 1568 τοῦ
3169 1515 3436 1583 μακαρίου
3470 1512 3675 1580 Πέτρου
3706 1508 3926 1577 φωνήν·

2357 1631 2375 1663 ι
2413 1612 2482 1664 Σὺ
2510 1606 2560 1664 εἷ
2587 1613 2614 1662 6
2645 1609 2872 1680 Χριστός
2901 1609 2928 1661 6
2962 1607 3084 1669 Υἱὸς
3111 1605 3205 1658 τοῦ
3235 1604 3368 1658 Θεοῦ
3406 1603 3499 1656 τοῦ
3531 1601 3747 1666 ζῶντος.
3791 1617 3811 1650 ι

2807 1813 3128 1883 Ἀπολογία
3154 1812 3478 1880 Κυρίλλου.

2425 1931 2798 2002 Κατεθὴγοντό
2821 1947 2948 1982 ποτε
2977 1929 3110 2000 πρὸς
3134 1927 3379 1990 ἀνοσίους
3401 1926 3575 1996 ὀργὰς
3591 1925 3640 1978 οἰ
3668 1924 3774 1976 τῶν
3799 1924 3936 1976 ’1ου-

2351 2021 2511 2075 δαίων
2540 2022 2720 2090 δῆμοι,
2752 2023 2861 2083 τοῖς
2889 2020 2916 2059 δ
2951 2018 3042 2073 τοῦ
3066 2017 3259 2087 φθόνου
3296 2015 3473 2086 βέλεσι
3504 2014 3593 2067 τὸν
3631 2012 3755 2066 νοῦν
3789 2029 3932 2066 κατ-

2351 2110 2740 2182 ηκοντισμένοι.
2763 2109 2978 2179 Ἐπειδὴ
2998 2109 3072 2175 δὲ,
3096 2107 3224 2178 πρὸς
3244 2105 3420 2170 τοῦτο,
3439 2105 3532 2158 καὶ
3552 2104 3648 2168 τὰς
3671 2103 3937 2173 βεϐήλους

2356 2202 2620 2272 ὲπέφερον
2649 2202 2836 2270 χεῖρας
2874 2198 2952 2268 τῷ
2985 2198 3199 2252 πάντων
3243 2197 3400 2269 ἡμῶν
3438 2196 3654 2266 Σωτῆρι
3685 2193 3930 2264 Χριστῷ,

2355 2296 2462 2348 τῶν
2490 2293 2744 2347 τοιούτων
2774 2291 2970 2354 αὐτοὺς
2996 2288 3361 2359 τολμημάτων
3407 2287 3502 2350 τὰς
3541 2287 3720 2347 αἰτίας
3752 2285 3936 2336 εἰπεῖν

2353 2387 2705 2450 διεκελεύετο,
2735 2385 2908 2455 λέγων
2933 2400 2945 2414 ’
2984 2403 3003 2434 ι
3039 2382 3217 2435 Πολλὰ
3246 2379 3386 2434 καλά
3426 2379 3560 2450 ἔργα
3588 2375 3761 2440 ἔδειξα
3798 2376 3936 2446 ὑμῖν

2357 2480 2419 2530 ὲκ
2447 2478 2540 2530 τοῦ
2589 2475 2802 2548 Πατρός
2839 2491 2964 2544 μου,
2997 2472 3085 2526 διὰ
3117 2473 3268 2526 ποῖον
3311 2469 3490 2523 αὐτῶν
3521 2469 3680 2540 ἔργον
3705 2467 3803 2536 ἐμὲ
3845 2467 3932 2519 λι-

2358 2567 2577 2630 θάζετες
2613 2587 2630 2617 ι
2662 2568 2724 2617 0i
2753 2565 2808 2617 δὲ
2834 2561 2967 2636 ἧκον
2993 2565 3072 2625 είς
3099 2561 3258 2614 τοῦτο
3282 2560 3599 2621 δυσϐουλίας
3624 2577 3682 2611 τε
3712 2557 3848 2626 ὁμοῦ
3882 2559 3934 2618 i,

2357 2659 2451 2710 καὶ
2489 2657 2833 2724 ἀνοσιότητος
2864 2653 3104 2716 ἐννοιῶν,
3139 2651 3278 2705 ὥστε
3324 2653 3417 2705 καὶ
3448 2653 3560 2712 τοῖς
3592 2651 3689 2720 τῆς
3725 2648 3938 2718 δυσφη-

2362 2748 2489 2816 μίας
2517 2747 2827 2816 ἐγκλήμασι
2853 2744 3199 2815 περιϐάλλειν
3231 2743 3547 2812 ἐπεχείρουν
3568 2740 3585 2790 -i
3603 2783 3618 2796 .
3654 2741 3940 2807 Ἐφασκον

2358 2839 2498 2910 γάρ’
2555 2857 2573 2888 ‹
2621 2838 2756 2907 Περὶ
2796 2835 2960 2890 καλοῦ
3009 2835 3172 2906 ἔργου
3226 2835 3286 2887 οὐ
3332 2832 3622 2903 λιθάζομέν
3671 2848 3750 2894 σε,
3793 2830 3937 2883 ἀλλά

2360 2929 2486 2999 περὶ
2517 2927 2883 2997 βλασφημίας,
2915 2927 2996 2978 ὅτι
3033 2926 3120 2991 σὺ,
3143 2923 3426 2995 ἄνθρωπος
3447 2921 3541 2984 ὢν,
3570 2924 3739 2983 ποιεῖς
3771 2937 3940 2973 σεαυ-

2359 3019 2451 3070 τὸν
2497 3018 2648 3070 Θεὸν.
2693 3037 2710 3069 ι
2764 3018 2907 3086 Ἔφη
2956 3015 3014 3068 δέ
3067 3032 3168 3068 που
3206 3014 3342 3084 πρὸς
3378 3014 3574 3075 αὐτοὺς
3625 3014 3653 3064 6
3707 3012 3934 3079 Σωτήρ·

2368 3127 2385 3159 ι
2441 3107 2554 3161 Οὐκ
2602 3107 2718 3159 ἐστι
2749 3104 3131 3174 γεγραμμένον
3166 3104 3224 3155 ὲν
3254 3102 3332 3170 τῷ
3367 3103 3516 3170 νόμῳ
3558 3099 3742 3168 ὑμῶνο
3790 3097 3943 3166 Ἐγὼ

692 3203 872 3245 sermo
903 3191 995 3246 Dei
1030 3190 1205 3246 factus
1235 3203 1338 3259 est,
1360 3203 1414 3248 et
1440 3210 1543 3250 non
1571 3206 1745 3264 potest
1773 3198 1907 3253 solvi
1936 3199 2252 3268 Scriptura:

2364 3196 2512 3262 εἶπας
2542 3197 2662 3251 Θεοί
2692 3198 2846 3259 ὲστες
2891 3196 2950 3250 Ei
2980 3195 3218 3256 ἐκείνους
3245 3188 3365 3244 εἷπε
3392 3191 3568 3252 θεοὺς,
3600 3189 3734 3257 πρὸς
3770 3186 3866 3249 οὒς
3909 3189 3942 3239 ὁ

691 3295 850 3348 quem
885 3281 1044 3337 Pater
1080 3285 1458 3349 sanctificavit,
1491 3297 1545 3341 et
1574 3289 1720 3343 misit
1752 3289 1803 3342 in
1847 3291 2129 3357 mundum,
2163 3306 2260 3344 vos

693 3373 874 3429 dicitis
943 3375 1071 3443 quia
1123 3375 1473 3446 Blaspbemas
1505 3414 1521 3440 ,
1570 3379 1694 3447 quia
1753 3379 1899 3442 dixi,
1957 3381 2122 3434 Filius
2167 3381 2258 3433 Dei

694 3478 813 3518 sum
827 3464 908 3517 '7?
937 3483 955 3516 ι
980 3463 1086 3519 Nos
1108 3480 1236 3520 vero
1258 3467 1544 3537 diligenter
1568 3479 1972 3536 perscrutantes
1989 3471 2261 3526 missionis

700 3554 925 3608 formam
953 3596 967 3621 ,
1004 3558 1072 3612 de
1120 3571 1224 3624 qua
1258 3558 1345 3613 hic
1375 3558 1574 3613 dicitur
1628 3576 1658 3613 e
1712 3562 1883 3616 sacris
1921 3560 2220 3631 Scripturis
2245 3603 2262 3628 ,

695 3646 813 3713 ejus
839 3647 1225 3702 reiscientiam
1255 3649 1576 3718 colligimus.
1616 3652 1755 3705 Dicit
1809 3654 1970 3720 igitur
2005 3655 2116 3723 ipse
2168 3671 2264 3724 per

698 3751 884 3792 vocem
913 3737 1066 3793 Isaiae
1095 3754 1109 3793 :
1147 3758 1166 3791 ι
1192 3741 1424 3808 Spiritus
1458 3741 1663 3796 Domini
1687 3757 1848 3811 super
1877 3759 1961 3798 me
1995 3761 2009 3796 :
2046 3755 2264 3814 propter

699 3827 838 3892 quod
870 3828 1150 3892 unxitme,
1184 3829 1553 3898 evangelizare
1598 3830 1926 3898 pauperibus
1971 3833 2116 3887 misit
2157 3847 2262 3896 me,

700 3927 753 3969 et
793 3919 1085 3984 praedicare
1111 3919 1336 3984 captivis
1380 3919 1778 3984 remissionem,
1833 3931 1888 3975 et
1919 3923 2075 3975 caecis
2108 3925 2265 3977 resti-

704 4009 964 4062 tutionem
999 4009 1147 4063 visus
1185 4011 1250 4064 ³⁸.
1291 4029 1308 4062 ι
1353 4010 1574 4066 Missum
1623 4026 1751 4066 vero
1792 4012 2027 4067 dicimus
2069 4011 2263 4068 Filium

701 4115 728 4152 a
760 4098 947 4163 Patre,
987 4099 1186 4155 factum
1213 4103 1506 4157 hominem.
1555 4102 1725 4160 Valde
1766 4103 1910 4157 cnim
1961 4113 2266 4173 congruunt

699 4190 1082 4245 exinanitionis
1100 4191 1366 4245 mensuris
1393 4192 1668 4247 missionis
1692 4207 1887 4248 nomen
1913 4200 1967 4246 et
1996 4205 2107 4246 res.
2140 4190 2267 4246 Mis-

700 4299 817 4336 sum
853 4284 1036 4350 itaque
1065 4292 1183 4346 est,
1228 4284 1385 4337 sicuti
1434 4284 1567 4348 dixi,
1615 4300 1719 4338 non
1747 4283 1947 4338 nudum
1982 4292 2034 4337 et
2065 4285 2268 4352 absque

700 4386 860 4424 carne
884 4369 1138 4436 Verbum,
1155 4373 1292 4437 quod
1312 4382 1394 4426 est
1410 4389 1474 4427 ex
1496 4373 1602 4426 Deo
1628 4371 1805 4434 Patre;
1826 4372 1918 4425 sed
1936 4371 2268 4425 nativitatem

708 4462 883 4527 potius
916 4461 1208 4515 secundum
1246 4477 1462 4516 carnem
1493 4463 1732 4526 subiens,
1768 4462 1819 4515 id
1849 4472 1951 4522 est,
1982 4477 2177 4530 corpus
2205 4478 2268 4514 ex

2358 3290 2515 3357 λόγος
2557 3288 2650 3341 τοῦ
2684 3287 2817 3340 Θεοῦ
2863 3286 3098 3354 ἐγένετο,
3147 3284 3238 3336 καὶ
3270 3283 3331 3335 ού
3372 3280 3595 3334 δύναται
3635 3279 3865 3346 λυθῆναι
3903 3282 3938 3350 ή

2362 3380 2572 3449 Γραφὴ,
2615 3377 2674 3430 ὃν
2705 3379 2734 3430 6
2764 3377 2951 3448 Πατὴρ
2980 3375 3199 3447 ήγίασε,
3247 3374 3338 3428 καὶ
3380 3372 3698 3426 ἀπέστειλεν
3738 3372 3816 3432 είς
3844 3371 3945 3422 τὸν

2363 3473 2596 3543 κόσμον,
2637 3472 2792 3542 ὑμεῖς
2836 3470 3059 3538 λέγετε,
3091 3469 3173 3522 ὅτι
3217 3466 3596 3534 Βλασφημεῖς,
3626 3464 3707 3517 ὅτι
3760 3458 3945 3525 εἷπον,

2365 3565 2491 3627 Υίὸς
2532 3562 2668 3616 Θεοῦ
2699 3564 2848 3632 εἰμι;
2888 3580 2905 3613 t
2937 3559 3430 3630 Περιεργαζόμενοι
3459 3557 3516 3609 δὲ
3541 3558 3701 3626 ἡμεῖς
3729 3554 3825 3620 τῆς
3853 3553 3947 3605 ὲν-

2365 3653 2489 3705 θάδε
2521 3652 2820 3721 λεγομένης
2857 3648 3158 3717 ἀποστολῆς
3185 3647 3276 3700 τὸν
3297 3645 3517 3717 τρόπον,
3549 3648 3612 3697 ἐκ
3644 3642 3750 3695 τῶν
3776 3642 3946 3712 ἱερῶν

2365 3743 2710 3822 Γραμμάτων
2741 3740 2836 3810 τὴν
2867 3740 2957 3792 ἐπὶ
2991 3737 3124 3808 τῷδε
3151 3737 3349 3805 γνῶσιν
3377 3733 3757 3806 ὲρανιξόμεθα.
3789 3733 3945 3802 Ἐφη

2365 3833 2540 3886 τοίνυν
2575 3833 2736 3893 αὐτὸς
2763 3831 2852 3884 διὰ
2881 3831 3062 3899 φωνῆς
3109 3829 3330 3881 Ἡσαΐου
3354 3843 3366 3854 ·
3409 3844 3426 3877 ι
3480 3824 3702 3893 Πνεῦμα
3733 3824 3948 3893 Κυρίου

2367 3924 2451 3976 ἐπ’
2486 3921 2585 3990 ὲμέ
2607 3937 2620 3950 ·
2652 3915 2712 3974 οὗ
2740 3920 2925 3972 ἕνεκεν
2953 3916 3135 3988 ἑχρισέ
3181 3933 3247 3987 με
3268 3932 3279 3943 ·
3312 3910 3762 3981 εὐαγγελίσασθαι
3795 3926 3948 3963 πτω-

2368 4019 2480 4086 χοῖς
2519 4011 2826 4068 ἀπέσταλκε
2884 4028 2984 4079 με,
3032 4007 3263 4078 κηρύξαι
3314 4002 3677 4074 αἰχμαλώτοις
3725 4000 3949 4067 ἄφεσιν,

2371 4105 2464 4157 καὶ
2493 4103 2711 4170 τυφλοῖς
2741 4098 3051 4167 ἀνάϐλεψιν.
3090 4115 3107 4147 ι
3151 4093 3508 4148 ’Δπεστάλθαι
3539 4091 3597 4144 δέ
3643 4106 3823 4158 φαμεν
3850 4089 3950 4140 τὸν

2371 4194 2498 4246 re.»
2519 4192 2669 4262 παρά
2695 4191 2785 4243 τοῦ
2818 4191 3050 4258 Πατρὸς,
3077 4187 3364 4255 γενόμενον
3393 4183 3674 4254 ἄνθρωπον
3694 4199 3706 4212 ο
3741 4181 3948 4251 πρέποι

2371 4286 2479 4354 γὰρ
2507 4283 2572 4336 ἂν
2601 4284 2694 4335 καὶ
2723 4281 2865 4350 μάλα
2897 4278 3068 4350 ὀρθῶς
3109 4280 3221 4339 τοῖς
3259 4277 3357 4347 τῆς
3400 4273 3683 4335 κενώσεως
3725 4272 3950 4343 μέτροις

2372 4376 2431 4427 τὸ
2458 4375 2554 4443 τῆς
2582 4371 2884 4440 ἀποστολῆς
2931 4368 3101 4438 ὄνομά
3145 4385 3202 4420 τε
3247 4369 3337 4420 καὶ
3376 4366 3585 4436 χρῆμα.
3635 4363 3950 4431 ’Λπεστάλη

2375 4467 2450 4529 δὲ,
2482 4465 2556 4527 ὡς
2584 4464 2740 4533 ἔφην,
2769 4463 2828 4514 οὐ
2864 4461 3088 4532 γυμνὸς,
3130 4459 3222 4513 καὶ
3249 4459 3486 4527 ἄσαρκος
3513 4459 3541 4509 6
3573 4457 3637 4507 ὲκ
3672 4453 3806 4507 Θεοῦ
3836 4455 3950 4507 Πα-

707 4559 895 4604 sancta
922 4550 1138 4621 Virgine
1162 4562 1496 4619 assumptum
1531 4552 1876 4609 ineﬁabiliter
1904 4563 1958 4607 et
1990 4553 2257 4607 inconfust

2376 4558 2499 4628 τρὸς
2531 4555 2722 4622 Λόγος,
2753 4553 3004 4622 γέννησιν
3031 4551 3088 4604 δὲ
3121 4549 3317 4618 μᾶλλον
3348 4546 3644 4617 ὑπομείνας
3675 4545 3773 4616 τὴν
3805 4544 3950 4597 κατά

703 4643 803 4695 sibi
836 4642 1052 4704 uniens,
1077 4643 1217 4696 sicut
1253 4643 1554 4711 saepissime
1587 4645 1820 4699 diximus
1844 4686 1858 4710 ,
1905 4665 1921 4695 ι
1962 4645 2136 4698 illuxit
2169 4661 2266 4697 no-

703 4735 792 4788 bis
831 4735 970 4789 Deus
1001 4735 1284 4800 Dominus,
1325 4753 1342 4786 :
1379 4738 1671 4791 secundum
1700 4737 2010 4806 Scripturas
2033 4739 2097 4790 ”.
2142 4737 2271 4790 Pro-

707 4826 883 4894 prium
912 4827 1076 4894 igitur
1108 4843 1303 4896 corpus
1326 4829 1556 4883 dicimus
1606 4829 1805 4884 factum
1839 4845 1958 4885 esse
1991 4830 2168 4893 Verbi,
2216 4839 2273 4884 et

707 4931 812 4970 non
873 4918 1107 4972 hominis
1165 4918 1390 4986 alicujus
1436 4923 1664 4976 seorsiin
1718 4932 1773 4975 ct
1824 4930 2106 4988 separate,
2155 4929 2276 4972 tan-

707 5023 869 5075 quam
911 5008 1047 5062 alius
1080 5018 1276 5077 praeter
1309 5009 1456 5062 illum
1492 5012 1742 5064 Christus
1771 5021 1826 5066 et
1868 5011 2036 5065 Filius
2077 5011 2276 5065 intelli-

715 5110 896 5167 gatur.
952 5100 1416 5165 Quemadmodum
1460 5111 1638 5155 autem
1693 5103 2116 5171 uniuscujusque
2182 5120 2275 5158 uo-

713 5199 883 5243 strum
917 5191 1189 5259 proprium
1221 5191 1416 5244 dicitur
1465 5206 1682 5259 corpus,
1717 5193 1856 5260 quod
1906 5194 2120 5262 proprie
2159 5194 2276 5261 ejus

713 5290 815 5344 est,
851 5281 922 5333 ita
951 5290 1004 5333 et
1034 5282 1084 5334 in
1122 5296 1228 5335 uno
1262 5280 1479 5336 Christo
1522 5292 1605 5337 est
1645 5282 2074 5353 intelligendum.
2133 5283 2263 5337 Nam

784 5437 826 5468 "‘
869 5437 1055 5490 Matth.
1090 5455 1171 5490 xu
1194 5483 1207 5502 ,
1248 5439 1330 5494 16.
1412 5439 1454 5472 ³⁵
1489 5436 1644 5494 Joan.
1676 5457 1737 5506 Χ,
1768 5442 1854 5496 52.
1947 5441 1990 5471 ³⁸
2020 5441 2146 5495 ibid.
2175 5441 2263 5494 55.

719 5506 762 5538 ³)
790 5506 928 5562 Psal.
959 5525 1120 5573 cxm,
1151 5511 1239 5562 9.7.

2381 4647 2731 4717 σάρκα,.ῆτοι
2775 4643 2933 4712 σῶμα
2977 4641 3153 4695 λαϐὼν
3187 4643 3250 4692 ὲκ
3295 4641 3391 4709 τῆς
3435 4637 3595 4705 ἁγίας
3641 4634 3948 4705 Παρθένου,

2380 4737 2536 4790 τοῦτό
2573 4752 2631 4787 τε
2679 4735 2969 4802 ἀφράστως
3012 4733 3107 4784 καὶ
3139 4729 3455 4798 ἀσυγχύτως
3504 4725 3708 4787 ὲνώσας
3745 4723 3948 4793 ἑαυτῷ,

2383 4828 2525 4881 καθὰ
2557 4827 2871 4887 πλειστάκις
2893 4826 3213 4894 εἰρήκαμεν,
3248 4841 3265 4871 ι
3298 4818 3565 4887 ὲπέφανεν
3589 4818 3719 4887 ἡμῖν
3758 4818 3784 4869 6
3815 4816 3950 4878 Θεὸς

2383 4920 2604 4990 Κύριος,
2659 4938 2676 4969 ι
2734 4917 2873 4970 κατά
2923 4915 3019 4978 τὰς
3059 4913 3300 4985 Γραφάς.
3355 4911 3516 4963 Ἰδιον
3553 4905 3644 4962 οὖν
3682 4908 3744 4960 τὸ
3787 4907 3951 4977 σῶμά

2385 5027 2563 5079 φαμεν
2594 5008 2848 5077 γενέσθαι
2876 5006 2968 5059 τοῦ
3013 5005 3204 5073 Λόγου,
3236 5003 3329 5055 καὶ
3355 5002 3455 5054 ούκ
3487 4998 3775 5069 ἀνθρώπου
3803 4997 3951 5060 τινὸς

2385 5100 2585 5163 ἰδικῶς,
2619 5101 2712 5152 καὶ
2745 5096 3159 5167 κεχωρισμένως
3197 5094 3380 5162 ἐτέρου
3430 5092 3559 5160 παρ’
3601 5089 3761 5142 αὑτὸν
3795 5106 3950 5142 voco-

2387 5195 2545 5263 μένου
2598 5188 2830 5261 Χριστοῦ
2881 5187 2974 5240 καὶ
3030 5185 3178 5239 Υίοῦ.
3241 5186 3448 5253 Ὥσπερ
3502 5181 3559 5233 δὲ
3612 5180 3742 5232 ἴδιον
3789 5180 3950 5249 ἡμῶν

2375 5283 2600 5334 ἑκάστου
2649 5278 2865 5347 λέγεται
2905 5275 3062 5345 σῶμα
3114 5273 3174 5326 τὸ
3223 5270 3403 5334 ίδικῶς
3433 5267 3620 5333 αὐτοῦ,
3664 5266 3810 5319 οὓτω
3857 5267 3952 5318 καὶ

2356 5439 2396 5469 ³⁷
2425 5440 2550 5494 ibid.
2588 5438 2772 5492 δία-56.
2867 5435 2914 5466 ³⁸
2942 5436 3042 5491 Isa.
3076 5445 3191 5495 LXI,
3226 5430 3242 5482 l
3272 5467 3286 5494 ,
3320 5426 3389 5493 2.;
3430 5423 3560 5481 Luc.
3586 5438 3670 5488 tv,
3706 5421 3810 5487 18,
3863 5422 3950 5476 19.

1781 5638 1950 5693 Variae
1979 5637 2234 5692 lectiones
2261 5651 2320 5690 cx
2354 5636 2536 5691 codice
2565 5633 2933 5704 Seguieriano.

845 5783 929 5835 ϊσ.
963 5782 1097 5832 εἴτι.

1180 5779 1196 5816 ί
1237 5780 1262 5832 ὃ
1295 5779 1682 5849 ἀκριϐεστέραν
1714 5780 1828 5851 τήν.
1910 5781 1930 5816 ε
1960 5776 2298 5845 φυλάξωμεν.

2377 5777 2404 5816 h
2433 5775 2652 5836 τάλανες
2694 5773 2958 5837 Ἰουδαῖοι,
2983 5773 3107 5833 τοῖς.
3193 5769 3206 5810 ί
3240 5768 3370 5840 ἅμα.
3452 5764 3464 5816 i
3500 5766 3817 5835 ἐπεχειρεῐν.
