4108 6534
126 413 202 468 373
694 425 1225 487 APOLOGETICUS
1262 429 1400 486 PRO
1440 429 1533 485 ΧΠ
1567 429 1935 490 CAPlTlBUS
1975 436 2251 494 CONTRA
2292 438 2747 496 O'RIENTALES.

3223 434 3330 490 574

123 531 190 626 isi
214 531 294 626 τοῦ
314 533 427 626 ένος
462 536 709 607 Χριστοῦ
730 543 966 612 νοητέον.
994 545 1185 598 Καίτοι
1213 544 1320 616 γὰρ
1340 545 1582 616 ὑπάρχον
1604 547 1663 600 τὸ

1776 552 2012 620 quamvis
2040 556 2110 607 sit
2169 555 2374 610 nostris
2406 555 2722 626 corporibus
2750 559 3056 623 cognatum,
3100 552 3202 605 hoc
3241 561 3326 607 est

120 623 202 681 τοῖς
225 622 505 695 ἡμετέροις
556 629 808 699 σώμασιν
849 636 1129 702 ὁμογενὲς,
1161 637 1327 705 ἣγουν
1376 637 1662 706 ὀμοούσιον

121 711 420 783 (γεγέννηται
452 718 570 789 γὰρ
600 721 662 772 ἐκ
689 724 986 791 γυναικὸς),
1029 725 1154 779 ίδιον
1181 727 1366 791 αὐτοῦ,
1394 728 1467 791 ὼς
1499 728 1656 798 ἔφην,

120 806 280 854 νοεῖται
326 806 420 858 καὶ
468 805 715 876 λέγεται.
781 812 996 883 Ἐπειδὴ
1041 815 1100 868 δὲ
1146 814 1259 887 ζωὴ
1304 817 1447 870 κατὰ
1496 820 1660 886 φύσιν

120 890 233 943 ἐστὶν
269 891 295 942 6
334 894 397 945 ὲκ
445 896 592 950 Θεοῦ
638 900 849 972 Πατρὸς
888 903 1078 970 Λόγος,
1108 904 1369 967 ζωοποιδν
1415 908 1660 978 ἀπέφηνε

115 983 190 1050 τὴν
215 983 395 1037 ἑαυτοῦ
446 988 663 1058 σάρκα⁹
705 992 958 1064 ταύτῃτοι
993 994 1214 1063 γέγονεν
1254 998 1386 1066 ἡμῖν
1441 999 1660 1065 εὐλογία

118 1070 358 1161 ζωοποιός.
401 1076 516 1129 Καὶ
566 1079 696 1146 γοῦν
731 1081 971 1151 ἔφασκεν
1017 1087 1046 1138 6
1091 1087 1360 1157 Χριστός⁶
1397 1107 1417 1140 t
1464 1090 1657 1161 Ἀμὴν,

113 1162 229 1228 ἀμὴν
257 1160 394 1230 λέγω
436 1164 598 1235 ὑμῖν,
633 1168 743 1237 ὲγώ
769 1171 884 1240 είμι
910 1174 939 1224 ό
969 1172 1132 1243 ἄρτος
1167 1178 1196 1229 ό
1241 1175 1369 1244 ζῶν,
1404 1177 1432 1229 6
1461 1179 1524 1230 ὲκ
1565 1160 1660 1231 τοῦ

114 1251 306 1319 οὐρανοῦ
352 1255 624 1322 καταϐὰς,
677 1260 770 1312 καὶ
815 1259 959 1333 ζωὴν
1012 1263 1188 1328 διδοὺς
1233 1265 1309 1336 τῷ
1356 1267 1581 1337 κόσμῳ⁶
1636 1286 1655 1318 ι

112 1345 185 1395 καὶ
209 1344 359 1399 πάλιν
381 1366 393 1377 ο
446 1368 466 1399 ι
506 1351 620 1404 Καὶ
645 1354 674 1404 6
709 1353 870 1424 ἄρτος
903 1355 981 1421 δὲ,
1011 1356 1071 1408 ὃν
1109 1356 1218 1425 ἐγὼ
1248 1357 1427 1424 δώσω,
1461 1361 1493 1429 ἡ
1527 1358 1663 1428 σάρξ

113 1434 192 1500 μού
213 1436 369 1504 ἐστιν,
407 1441 553 1512 ὑπὲρ
578 1443 677 1514 τῆς
716 1444 808 1498 τοῦ
857 1446 1061 1517 κόσμου
1090 1447 1285 1517 ζωῆς.»
1322 1450 1432 1502 Καὶ
1461 1450 1624 1502 πάλιν
1643 1465 1657 1480 ⁶

113 1543 126 1574 t
173 1526 224 1579 '0
263 1527 499 1600 τρώγων
546 1549 649 1604 μου
695 1533 792 1606 τὴν
845 1538 1058 1607 σάρκα,
1101 1540 1196 1590 καὶ
1239 1539 1410 1592 πίνων
1456 1556 1559 1609 μου
1602 1539 1664 1592 τὸ

108 1613 238 1686 αἷμα,
262 1623 316 1674 ὲν
343 1623 473 1694 ἐμοὶ
510 1624 689 1695 μένει,
712 1625 867 1696 κάγὼ
896 1628 954 1680 ὲν
997 1627 1165 1698 αὐτῷ.
1204 1646 1221 1680 ι
1253 1629 1442 1700 Ἀορει
1473 1630 1537 1702 δὴ
1571 1626 1664 1684 οῦν

107 1711 231 1773 ὅπως
265 1715 545 1786 πανταχοῦ
576 1718 769 1772 ἑαυτοῦ
799 1720 959 1790 σῶμα
986 1720 1046 1773 τὸ
1076 1722 1139 1773 ὲκ
1165 1720 1421 1787 γυναικὸς
1464 1722 1664 1792 ὀνομά-

107 1801 172 1863 ζει
202 1802 282 1855 διὰ
321 1805 420 1876 τὴν
468 1809 552 1871 εἰς
597 1809 765 1880 ἄκρον
805 1810 1014 1863 ἕνωσιν.
1063 1809 1261 1864 Τοῦτον
1307 1811 1523 1882 ἔχοντος
1566 1811 1661 1866 τοῦ

1763 642 2216 700 consubstantiale
2236 644 2444 714 (uatum
2475 646 2617 702 enim
2655 660 2718 699 ex
2739 643 2966 699 muliere
2990 651 3071 695 est
3093 641 3330 711 ”),pro-

1762 734 1934 801 prium
1966 735 2104 803 ejus,
2153 747 2210 791 ut
2247 738 2402 806 dixi,
2465 738 2791 809 intelligitur
2834 744 2887 791 et
2927 735 3146 790 dicitur.
3193 735 3326 802 Quia

1763 833 1940 878 autem
1973 826 2083 880 vita
2120 830 2419 883 secundum
2457 839 2704 884 naturam
2735 839 2819 884 est
2851 829 3086 885 Verbum
3115 867 3130 892 ,
3180 829 3326 897 quod

1763 928 1830 969 ex
1846 913 1955 970 Deo
1977 914 2139 972 Patre
2155 928 2260 984 est,
2277 919 2680 974 vivilicatricem
2705 919 2869 975 ellicit
2887 934 3042 975 suam
3063 931 3280 973 carnem
3309 933 3323 968 :

1763 1014 1816 1058 et
1845 1007 1942 1059 hac
1979 1008 2189 1062 ratione
2223 1009 2423 1064 factum
2444 1019 2528 1066 est
2560 1011 2716 1066 nobis
2747 1008 3056 1065 benedictio
3091 1003 3331 1060 viviﬁca-

1767 1095 1891 1153 trix.
1917 1095 2148 1152 Proinde
2173 1097 2420 1153 Christus
2452 1091 2703 1155 dicebati
2744 1118 2763 1152 ι
2800 1099 2994 1163 Amen,
3024 1111 3180 1151 amen
3211 1093 3334 1149 dico

1764 1186 1934 1251 vobis,
1957 1203 2055 1256 ego
2078 1203 2193 1242 sum
2214 1192 2367 1258 panis
2391 1192 2564 1258 vivus,
2605 1191 2694 1261 qui
2726 1191 2792 1245 de
2815 1188 2952 1246 caelo
2973 1186 3250 1250 descendi,
3278 1195 3332 1238 et

1763 1277 1927 1330 vitam
1946 1278 2078 1332 dans
2099 1282 2294 1334 mundo
2318 1280 2360 1312 δ’
2393 1298 2406 1345 ;
2451 1300 2470 1332 ι
2531 1290 2585 1335 ει
2617 1296 2804 1337 rursus
2837 1299 2852 1335 :
2895 1301 2913 1331 ι
2952 1280 3116 1333 Panis
3168 1291 3326 1346 quem

1764 1376 1864 1431 ego
1884 1364 2040 1430 dabo,
2059 1379 2187 1419 caro
2210 1381 2323 1420 mea
2338 1376 2441 1431 est,
2461 1382 2558 1436 pro
2584 1368 2765 1422 mundi
2787 1369 2894 1422 vita
2911 1367 2977 1434 “;
2993 1386 3010 1419 ι
3032 1367 3290 1421 etiterum
3315 1386 3329 1420 :

1770 1471 1788 1504 ι
1824 1453 1923 1520 Qui
1951 1456 2238 1512 manducat
2267 1473 2440 1512 meam
2464 1473 2708 1526 carnem,
2739 1459 2946 1514 etbibit
2974 1472 3149 1512 meum
3177 1455 3333 1524 193

1764 1547 2082 1615 sanguinem
2112 1585 2128 1612 ,
2164 1547 2218 1601 in
2251 1561 2334 1602 me
2376 1557 2598 1612 manet,
2650 1558 2706 1604 et
2731 1562 2829 1617 ego
2861 1549 2911 1602 in
2943 1562 3008 1602 eo
3039 1547 3110 1601 ⁵³.
3145 1566 3165 1598 ι
3201 1544 3334 1598 Vide

1767 1633 2236 1704 igitur,quomodo
2264 1638 2463 1705 ubique
2489 1652 2641 1692 suum
2673 1651 2872 1707 corpus
2898 1635 3027 1690 illud
3061 1649 3090 1690 e
3111 1633 3336 1688 muliere

1767 1735 2101 1794 assumptum
2119 1727 2362 1781 nominat
2377 1739 2598 1797 propter
2615 1742 2881 1783 summam
2900 1725 3183 1780 unitatem.
3211 1723 3338 1777 llaec

1765 1800 1888 1870 cum
1923 1817 1994 1870 sit
2035 1817 2279 1886 mysterii
2326 1818 2482 1882 ratio,
2516 1818 2567 1871 in
2621 1817 2959 1886 expositione
3007 1828 3105 1868 sua
3147 1825 3335 1866 rursus

108 1893 380 1962 μυστηρίου
413 1896 510 1949 τὸν
557 1897 734 1965 λόγον,
769 1899 826 1951 ὲν
872 1899 1131 1970 ἐξηγήσει
1166 1900 1326 1954 πάλιν
1362 1902 1466 1974 ἰδίᾳ
1500 1904 1664 1973 φησιν

1776 1906 1842 1959 Iit
1870 1905 2153 1960 Nestorius
2185 1923 2198 1958 :
2237 1907 2477 1977 (Audite,
2514 1908 2710 1976 inquit,
2745 1907 3083 1961 attendentes
3127 1905 3287 1957 verba
3318 1918 3335 1956 :

106 1983 475 2054 έΝεστόριοςο
519 1988 853 2057 (Ἄκούσατε
904 1991 1106 2056 τοίνυν,
1141 1993 1498 2064 προσέχοντες
1552 1997 1664 2058 τοῖς

107 2075 295 2143 ῥητοῖς·
332 2094 352 2127 ι
409 2075 472 2134 ’0
509 2079 738 2150 τρώγων
772 2098 894 2152 μου,
929 2084 1081 2152 φησι,
1119 2086 1217 2154 τὴν
1245 2086 1442 2157 σάρκα.
1477 2105 1496 2138 ι
1518 2087 1668 2155 Μνη-

109 2168 335 2230 μονεύετε
364 2170 448 2223 ὅτι
484 2173 613 2240 περὶ
635 2172 735 2243 τῆς
767 2176 968 2246 σαρκός
997 2178 1113 2230 ἐστι
1143 2178 1203 2231 τὸ
1231 2178 1545 2247 λεγόμενον,
1571 2178 1668 2231 καὶ

107 2256 173 2308 ὅτι
197 2258 250 2309 οὗ
270 2262 398 2329 παρ’
431 2261 573 2332 ἐμοῦ
608 2265 983 2336 προστέθειται
1013 2268 1073 2320 τὸ
1114 2269 1214 2338 τῆς
1246 2269 1448 2339 σαρκὸς
1475 2269 1668 2339 ὄνομα,

108 2347 226 2401 time
259 2350 331 2422 μὴ
373 2351 558 2406 δοκεῖν
591 2356 821 2420 ἐκείνοις
859 2359 1318 2430 παρερμηνεύειν.
1362 2377 1382 2410 ι
1432 2361 1487 2412 '0
1523 2360 1669 2430 τρώ-

109 2456 202 2504 γων
244 2460 344 2512 μου
377 2446 482 2515 τὴν
525 2449 728 2518 σάρκα,
778 2449 873 2503 καὶ
903 2451 1071 2503 πίνων
1107 2468 1208 2518 μου
1238 2450 1299 2503 τὸ
1327 2445 1482 2520 αἷμα.
1524 2470 1542 2503 ι
1577 2452 1668 2522 Μὴ

109 2528 274 2586 εἶπεν⁸
345 2536 405 2589 '0
456 2537 687 2608 τρώγων
737 2557 837 2610 μου
885 2541 985 2610 τὴν
1038 2541 1299 2612 θεότητα,
1348 2543 1442 2595 καὶ
1497 2543 1669 2597 πίνων

112 2635 196 2686 μου
229 2622 320 2691 τὴν
345 2624 618 2692 θεότητας
659 2643 677 2674 ι
728 2625 784 2677 '0
825 2625 1052 2696 τρώγων
1085 2645 1185 2697 μου
1223 2630 1321 2698 τὴν
1354 2630 1552 2700 σάρκα,
1579 2632 1674 2684 καὶ

113 2714 262 2766 πίνων
297 2732 400 2785 μου
449 2716 513 2767 τὸ
540 2710 697 2786 αἷμα,
738 2718 794 2769 ἐν
828 2719 951 2787 ἐμοὶ
983 2719 1155 2786 μένει,
1187 2718 1341 2788 κάγὼ
1366 2722 1423 2772 ὲν
1449 2722 1614 2790 αὐτῷ.
1648 2741 1665 2773 ι

112 2804 478 2872 Μνημονεύετε
535 2807 616 2859 ὃτι
670 2808 796 2877 περὶ
839 2811 937 2879 τῆς
992 2810 1194 2880 σαρκὸς
1243 2811 1303 2863 τὸ
1361 2811 1671 2881 λεγόμενον.

123 2894 247 2946 Ἀλλ’
305 2898 484 2952 ἐνίοτε
548 2901 973 2970 παρερμηνεύω.
1045 2903 1391 2973 Ἀκούσωμεν
1446 2905 1509 2956 ἐκ
1567 2903 1676 2956 τῶν

115 2985 332 3056 ἑφεξῆςο
403 3009 422 3041 ι
462 2989 662 3055 Καθὼς
710 2992 998 3045 ἀπέστειλέ
1053 3011 1121 3064 με
1169 2996 1198 3044 6
1248 2993 1358 3056 ζῶν
1403 2994 1614 3065 Πατήρ.
1653 3013 1670 3045 ι

123 3074 339 3143 Ἐκεῖνος
372 3081 528 3150 λέγει
557 3084 654 3152 τὴν
704 3082 952 3153 θεότητα,
981 3084 1092 3151 ἐγὼ
1123 3085 1219 3155 τὴν
1262 3085 1673 3156 ἀνθρωπότητα.

1773 2015 1793 2049 ι
1827 1998 1926 2063 Qui
1954 1999 2262 2065 manducet,
2300 1998 2494 2067 inquit,
2534 2012 2704 2052 meam
2730 2010 2974 2050 carnem.
3019 2014 3036 2045 ι
3072 1992 3337 2048 Memores

1769 2099 1961 2156 estote,
1993 2092 2134 2160 quod
2163 2092 2229 2146 de
2252 2106 2416 2145 carne
2443 2099 2526 2146 est
2557 2103 2758 2152 sermo,
2793 2098 2847 2143 et
2879 2086 3020 2157 quod
3057 2100 3161 2140 non
3188 2100 3216 2139 a
3251 2099 3339 2138 me

1770 2181 2138 2248 adjectumcsl
2171 2183 2350 2237 carnis
2375 2196 2593 2246 nomen,
2629 2185 2694 2236 n’e
2735 2180 2839 2235 illis
2863 2181 3050 2234 videar
3086 2189 3338 2246 perverse

1773 2272 2119 2339 interpretari
2152 2290 2164 2324 :
2203 2289 2221 2322 ι
2251 2272 2350 2337 Qui
2379 2272 2667 2326 manducet
2695 2285 2867 2325 meam
2896 2282 3142 2332 carnem,
3171 2276 3224 2319 et
3253 2265 3340 2318 bi-

1770 2360 1849 2413 bit
1883 2375 2059 2414 meum
2089 2362 2427 2431 sanguinem.
2472 2379 2491 2412 ι
2524 2361 2660 2414 Num
2705 2362 2841 2415 dixit
2875 2378 2889 2413 :
2922 2359 3020 2425 Qui
3049 2356 3342 2411 manducat

1773 2465 1948 2504 meam
1972 2450 2336 2513 divinitatem,
2354 2460 2406 2505 et
2431 2451 2564 2504 bibit
2582 2465 2753 2504 meam
2774 2446 3149 2503 divinitatem?
3189 2464 3206 2494 ι
3237 2444 3341 2511 Qui

1774 2543 2059 2597 manduca!
2090 2557 2263 2598 meam
2287 2556 2528 2608 carnem,
2562 2541 2755 2612 inquit,
2776 2550 2830 2596 et
2858 2539 2996 2594 bibit
3018 2552 3193 2593 meum
3219 2552 3340 2590 san-

1775 2631 2013 2701 guinem,
2037 2632 2090 2686 in
2125 2648 2210 2688 me
2236 2643 2416 2687 manet
2447 2641 2503 2687 et
2529 2647 2628 2702 ego
2657 2633 2710 2685 in
2739 2646 2856 2687 eo.»
2883 2630 3147 2684 Memores
3165 2637 3339 2683 estote

1776 2722 1918 2788 quod
1949 2723 2016 2775 de
2044 2736 2208 2775 carne
2239 2723 2308 2775 sit
2335 2722 2537 2776 dictum
2567 2760 2582 2774 .
2617 2724 2688 2776 At
2719 2722 2863 2776 enim
2899 2733 3155 2790 perverse
3194 2733 3340 2771 non-

1776 2826 2049 2879 nunquam
2106 2812 2453 2880 interpretor.
2493 2811 2789 2866 Audiamus
2819 2811 2986 2881 igitur
3015 2823 3082 2865 ex
3109 2823 3345 2878 sequen-

1778 2902 1920 2955 tibus
1953 2919 1966 2955 :
2002 2918 2020 2951 ι
2060 2900 2210 2954 Sicut
2242 2902 2388 2956 misit
2413 2915 2498 2955 me
2534 2901 2720 2955 vivens
2740 2899 2902 2954 Pater
2933 2898 3001 2953 “.
3025 2916 3045 2951 ι
3074 2898 3166 2951 ille
3213 2898 3348 2952 dicit

1779 2993 2138 3059 divinitatem,
2169 3008 2270 3063 ego
2308 2993 2721 3048 humanitatem.
2755 2989 3048 3046 Videamus
3088 2989 3342 3057 quisnam

1778 3100 2032 3153 perverse
2051 3085 2434 3156 interpretetur
2450 3103 2493 3138 ιι
2509 3085 2657 3140 Sicut
2675 3085 2821 3140 misit
2835 3098 2919 3139 me
2932 3083 3117 3137 vivens
3130 3079 3307 3135 Pater.
3322 3097 3340 3130 ι

120 3163 326 3235 Ἵδωμεν
360 3169 452 3234 τίς
499 3174 527 3223 6
575 3171 1044 3241 παρερμηνεύων·
1099 3193 1116 3224 ι
1167 3174 1359 3237 Καθὼς
1391 3174 1673 3228 ἀπέστειλέ

1783 3175 1927 3228 Dicit
1964 3177 2066 3230 hoc
2109 3175 2229 3230 loco
2279 3178 2565 3232 ha'reticus
2599 3177 2952 3231 divinitatem.
3001 3173 3137 3228 Num
3174 3172 3341 3227 dicit:

121 3272 174 3322 με
203 3260 229 3310 6
259 3260 370 3323 ζῶν
415 3263 621 3332 Πατήρ.
668 3281 686 3312 ι
723 3263 887 3330 Λέγει
923 3263 1156 3316 ἐνταῦθα
1198 3268 1227 3317 6
1257 3267 1530 3335 αἱρετικὺς
1579 3267 1673 3335 τὴν

1782 3264 1924 3318 Misit
1961 3279 2045 3318 me
2079 3264 2246 3319 Deum
2279 3264 2512 3319 Verbum
2537 3266 2725 3319 vivens
2743 3264 2925 3330 Pater,
2949 3273 3006 3317 ut
3034 3263 3109 3317 illi
3135 3269 3344 3331 putant,

120 3345 340 3418 θεότητα.
403 3351 494 3421 Μὴ
542 3350 711 3419 λέγει,
746 3353 826 3404 ὅτι
872 3352 1216 3408 Ἀπέστειλεν
1260 3355 1361 3426 ἐμὲ
1405 3358 1496 3408 τὸν
1544 3356 1673 3409 Θεὸν

1776 3366 1831 3411 ει
1862 3371 1963 3427 ego
1997 3358 2139 3414 Deus
2171 3357 2403 3412 Verbum
2423 3359 2546 3412 vivo
2571 3365 2791 3427 propter
2838 3355 3102 3411 Patrem?
3144 3353 3350 3409 Deinde

119 3440 266 3505 Λόγον
290 3444 318 3495 6
355 3443 467 3506 ζῶν
505 3445 732 3515 Πατήρ;
771 3447 888 3500 κατ’
919 3448 1176 3514 ἐκείνους,
1209 3450 1364 3519 κάγὼ
1391 3450 1467 3515 ζῶ
1489 3453 1516 3501 ὁ
1546 3451 1675 3514 Θεὸς

121 3529 269 3596 Λόγος
294 3534 389 3587 διὰ
413 3534 503 3589 τὸν
535 3538 791 3608 Πατέρας
817 3535 948 3593 Εἶτα
981 3541 1119 3610 μετὰ
1147 3541 1322 3604 τοῦτο,
1356 3543 1450 3597 καὶ
1480 3543 1627 3597 πάλικ
1659 3559 1673 3573 ·

126 3639 140 3669 t
182 3623 231 3676 Ὀ
259 3626 492 3696 τρώγων
543 3647 632 3698 με,
680 3632 930 3694 κάκεῖνος
971 3630 1213 3702 ζήσεται.
1259 3653 1276 3683 ι
1326 3636 1456 3688 Τίνα
1507 3635 1681 3688 ἐσθίο-

124 3729 238 3779 μεν;
265 3717 368 3788 τὴν
400 3719 648 3791 θεότητα,
684 3722 717 3792 ἢ
748 3721 845 3793 τὴν
879 3724 1055 3794 σάρκα
1079 3730 1118 3796 ς)
1152 3726 1282 3797 Περὶ
1311 3727 1409 3796 μὲν
1453 3723 1546 3781 οὖν
1573 3729 1679 3781 τῶν

121 3802 268 3870 οἱτως
301 3809 576 3872 ἐκτόπων,
623 3811 716 3864 καὶ
764 3813 1049 3884 ἀτημελῶς
1084 3816 1233 3888 αὑτῷ
1287 3817 1682 3890 πεφλυαρημέο

124 3910 230 3958 νων,
266 3900 482 3970 μακρὸς
513 3899 612 3970 ἤδη
646 3905 776 3975 παρ’
803 3905 959 3974 ἡμῶν
991 3909 1280 3979 πεποίηται
1326 3909 1502 3976 λόγος.
1548 3910 1612 3961 Τί
1637 3911 1680 3962 δ’

123 3983 176 4037 ἂν
201 3987 442 4056 βούλοιτο
469 3992 631 4057 νοεῖν,
658 3994 722 4046 οὐ
755 3998 844 4049 τὸν
870 3996 1001 4050 Θεὸν
1031 3999 1206 4066 Λόγον
1231 3998 1568 4052 ἀπεστάλθαι
1599 4000 1683 4052 λέ-

124 4089 237 4138 γων,
289 4078 650 4148 σαρκωθέντα
696 4085 790 4138 καὶ
840 4087 1364 4158 ὲνανθρωπήσαντα·
1412 4089 1582 4153 τιθεὶς
1627 4090 1683 4142 δὲ

124 4168 260 4220 πάλιν
306 4167 417 4239 ἰδίᾳ
464 4186 524 4223 τε
569 4173 662 4224 καὶ
709 4175 810 4228 ἀνὰ
852 4176 1037 4246 μέρος,
1081 4180 1157 4242 ὡς
1201 4179 1363 4242 αὑτός
1423 4198 1576 4250 φησι,
1625 4183 1685 4233 τὸ

124 4259 452 4329 φαινόμενον,
496 4263 594 4316 οὐκ
630 4263 739 4333 ἔχω
781 4265 975 4334 λέγειν.
1006 4269 1222 4323 Μᾶλλον
1257 4270 1312 4323 δὲ
1341 4273 1431 4324 καὶ
1459 4273 1684 4341 ἐναργὲς

123 4351 204 4420 ἥδη
229 4353 290 4405 τὸ
316 4351 580 4424 σόφισμα.
614 4357 719 4409 Τὸν
742 4358 848 4428 γὰρ
875 4361 973 4429 τῆς
996 4361 1241 4426 ὲνώσεως
1270 4363 1537 4433 παραλύει
1563 4365 1686 4434 τρό-

123 4458 221 4506 πον,
255 4445 350 4498 ἳνα
389 4448 566 4500 κοινὸν
609 4448 932 4522 εὑρίσκηται
977 4453 1036 4506 τὸ
1086 4454 1246 4523 σῶμα
1286 4454 1379 4508 τοῦ
1422 4457 1683 4526 Χριστοῦ,

1780 3457 1899 3518 post
1932 3450 2056 3514 hoc,
2091 3460 2144 3506 et
2180 3451 2372 3505 iterum
2407 3469 2419 3503 :
2457 3469 2474 3501 ι
2505 3450 2571 3503 Ει
2597 3451 2686 3519 qui
2720 3448 3008 3504 manducet
3040 3462 3146 3510 me,
3168 3456 3222 3500 et
3261 3445 3350 3501 ille

1783 3542 1922 3595 vivet
1950 3540 2017 3595 ⁸⁸.
2048 3560 2066 3593 ι
2088 3540 2224 3609 Quid
2242 3543 2504 3596 manduca
2517 3557 2634 3595 mus
2653 3542 2674 3595 ‘l
2692 3542 3105 3595 divinitatemne
3140 3553 3206 3592 an
3225 3552 3347 3592 car-

1781 3633 1964 3704 nem?)
2000 3636 2077 3689 Ac
2111 3635 2179 3689 de
2212 3647 2318 3689 tam
2350 3635 2623 3698 absurdis,
2661 3643 2715 3688 et
2762 3633 2898 3686 adeo
2948 3642 3150 3685 temere
3183 3629 3248 3682 ab
3281 3643 3349 3684 eo

1782 3724 1965 3778 ellusis
1994 3725 2174 3794 nugis,
2198 3725 2389 3794 longus
2421 3740 2447 3777 a
2476 3726 2630 3779 nobis
2656 3727 2768 3793 jam
2793 3732 2877 3778 est
2905 3737 3086 3779 sermo
3115 3717 3349 3774 habitus.

1783 3816 1922 3882 Quid
1955 3826 2132 3871 autem
2165 3819 2267 3872 sibi
2292 3817 2440 3883 velit,
2466 3831 2586 3870 cum
2614 3818 2752 3870 haud
2774 3817 2938 3870 Deum
2965 3815 3198 3870 Verbum
3221 3813 3353 3866 mis-

1785 3923 1903 3961 sum
1928 3921 2047 3962 esse
2071 3908 2226 3972 dicit,
2260 3909 2600 3962 incarnatum
2626 3918 2681 3962 et
2715 3909 2988 3962 hominem
3023 3904 3220 3959 factum
3248 3920 3263 3969 ;
3297 3911 3353 3958 et

1787 4014 2001 4052 rursum
2027 4000 2169 4068 quod
2194 3999 2405 4054 visibile
2434 4009 2539 4065 est,
2591 4009 2648 4053 ut
2697 4000 2809 4068 ipse
2836 3999 2988 4062 dicit,
3025 3997 3254 4052 seorsim
3301 4006 3356 4048 et

1785 4091 1996 4144 divisim
2025 4091 2206 4158 ponit;
2237 4106 2339 4144 non
2373 4090 2545 4144 habeo
2575 4091 2787 4154 dicere,
2846 4090 2954 4143 imo
2994 4102 3123 4142 vero
3175 4087 3352 4140 mani~

1789 4178 1982 4232 festum
2015 4179 2124 4248 jam
2151 4178 2400 4234 cavillum
2434 4189 2536 4234 est.
2570 4177 2701 4231 Nam
2742 4177 2953 4232 unionis
2999 4177 3215 4230 modum
3257 4178 3354 4230 de—

1787 4268 1969 4329 struit,
2005 4278 2064 4320 ut
2087 4282 2375 4322 commune
2404 4268 2708 4320 inveniatur
2741 4281 2937 4334 corpus
2979 4264 3206 4328 Christi,
3241 4278 3347 4318 non

1781 4357 1893 4423 jam
1930 4372 2057 4411 vere
2090 4358 2365 4427 proprium
2402 4357 2560 4412 Verbi
2588 4358 2766 4409 omnia
2796 4355 3073 4409 viviﬁcare
3103 4354 3352 4409 valentis.

1790 4449 2164 4504 lndubitanter
2185 4450 2401 4520 quidem
2438 4450 2616 4503 omnia
2645 4450 2880 4503 humana
2910 4462 3071 4516 parva
3095 4456 3216 4501 sunt
3248 4445 3357 4500 Deo

123 4533 283 4588 οὐκέτι
311 4537 370 4590 δὲ
408 4538 536 4591 ἴδιον
570 4538 785 4608 ἀληθῶς
814 4542 907 4596 τοῦ
937 4544 1112 4599 πάντα
1153 4546 1434 4610 ζωοποιεῖν
1473 4548 1673 4616 ἰσχύον-

1798 4542 2009 4605 Verbo;
2039 4543 2131 4596 sed
2159 4543 2282 4610 quia
2329 4542 2576 4610 dignatus
2632 4547 2716 4594 est
2761 4551 2975 4609 pr0pter
3014 4551 3111 4591 nos
3155 4537 3358 4590 mundo

123 4637 210 4686 τος.
246 4628 440 4700 Μικρὰ
489 4629 586 4699 μὲν
636 4631 1080 4704 ὁμολογουμένως
1113 4639 1228 4690 ἐστὶ
1265 4637 1342 4709 τῷ
1370 4639 1488 4708 Θεῷ
1523 4641 1682 4709 Λόγῳ

125 4715 283 4769 πάντα
313 4718 384 4771 τὰ
416 4718 761 4789 ἀνθρώπινα·
799 4725 982 4796 ἐπειδὴ
1015 4727 1071 4779 δὲ
1105 4728 1404 4799 κατηξίωσε
1431 4729 1498 4782 δι’
1537 4733 1681 4800 ἡμᾶς

122 4804 197 4873 τὴν
243 4809 320 4878 τῷ
370 4811 561 4881 κόσμῳ
613 4815 879 4885 σωτήριον
931 4818 1220 4888 ὑπομεῖναι
1266 4821 1513 4885 κένωσιν,
1574 4821 1680 4874 κᾶν

122 4893 440 4953 ἀπεστάλθαι
492 4902 720 4971 λέγηται
771 4907 1002 4976 κηρύξαι
1050 4909 1414 4977 αἰχμαλώτοις
1463 4912 1676 4980 ἄφεσιν,

123 4992 197 5041 καὶ
231 4994 452 5062 τυφλοῖς
470 4993 783 5064 ἀνάϐλεψιν,
816 4995 1094 5062 δοξάζεται
1123 4999 1320 5069 μᾶλλον
1350 5001 1424 5062 ώς
1459 5003 1681 5070 ἐπενεγο

124 5080 214 5133 κὼν
273 5086 372 5153 τῆς
407 5085 546 5154 μετὰ
607 5087 808 5158 σαρκὸς
843 5090 1156 5158 οἰκονομίας
1183 5092 1244 5144 τὸ
1271 5094 1526 5145 ταπεινόν
1547 5109 1561 5123 ⁸
1596 5095 1689 5146 καὶ

122 5171 202 5224 ὡκ
228 5176 309 5239 ἂν,
335 5173 606 5244 afuat,ch
625 5177 1032 5250 διαμωμήσειεν
1049 5179 1075 5217 ιε
1107 5181 1212 5233 τῶν
1237 5177 1294 5235 εὖ
1325 5182 1687 5252 φρονούντων,

122 5263 189 5314 ὅτι
207 5266 441 5336 καθῆκεν
464 5269 660 5321 ἑαυτὸν
679 5270 735 5321 ἐν
758 5272 866 5332 τοῖς
885 5272 1003 5324 καθ’
1023 5273 1166 5340 ἡμᾶς
1183 5272 1248 5324 δι’
1268 5274 1431 5342 ἡμᾶς.
1451 5269 1579 5344 1'Ap'
1599 5270 1690 5326 οὖν

121 5354 187 5417 ὡς
211 5357 286 5408 ire
298 5359 386 5425 ρόν
411 5377 532 5412 τινα
555 5359 682 5411 Υἱὸν
714 5360 806 5412 καὶ
835 5362 1067 5433 Χριστὸν
1088 5363 1234 5434 παρὰ
1251 5363 1342 5416 τὸν
1359 5365 1421 5416 ὲκ
1440 5364 1571 5417 Θεοῦ
1591 5364 1691 5417 Λό-

189 5514 230 5544 “
255 5514 421 5572 Galat.
461 5534 534 5584 tv,
559 5517 615 5571 4.
695 5519 736 5550 ⁸⁸
771 5518 924 5576 Joau.
963 5538 1033 5583 γι,
1065 5523 1154 5576 35.
1232 5523 1275 5554 “
1301 5522 1429 5576 ibid.
1464 5521 1552 5577 52.

1791 4634 2085 4686 salutarem
2113 4632 2538 4686 exinanitionem
2575 4633 2866 4694 sustinere,
2901 4631 3112 4685 etiamsi
3150 4630 3352 4684 missus

1789 4738 1910 4776 esse
1938 4722 2171 4784 dicatur,
2206 4732 2264 4775 ut
2287 4723 2541 4790 praedicet
2589 4722 2819 4791 captivis
2872 4723 3270 4786 remissionem,
3307 4731 3361 4773 et

1789 4813 1948 4866 caecis
1978 4814 2379 4867 restitutionem
2407 4814 2574 4878 visus,
2609 4815 2945 4884 gloriﬁcatur
2971 4815 3149 4882 potius
3176 4822 3358 4882 utpote

1787 4906 1877 4972 qui
1909 4903 2268 4957 humilitatem
2303 4904 2726 4973 dispensationis
2763 4906 2815 4957 iu
2867 4919 3030 4958 carne
3065 4920 3244 4958 secum
3276 4915 3358 4957 at-

1788 4997 1972 5049 tulerit
2010 5014 2023 5048 :
2058 5005 2110 5050 et
2140 4996 2337 5060 nullus,
2366 4998 2577 5065 Opinor,
2608 4996 2696 5064 qui
2747 4997 2943 5064 sapiat,
2998 4998 3358 5065 reprehende-

1787 5087 1856 5138 rit
1907 5086 2052 5153 quod
2089 5084 2385 5137 humiliarit
2415 5099 2473 5139 se
2506 5084 2557 5136 in
2601 5085 2809 5137 nostris
2845 5094 3064 5153 propter
3106 5101 3224 5139 nos.
3271 5087 3354 5141 An

1788 5190 1914 5228 vero
1943 5176 2032 5242 qui
2070 5175 2333 5228 visibilem
2366 5175 2537 5237 illum,
2573 5185 2829 5243 tanquam
2872 5175 3032 5228 alium
3057 5178 3344 5243 quemdam

1789 5282 1908 5320 esse
1951 5265 2143 5319 Filium
2179 5276 2230 5320 et
2267 5267 2541 5320 Christum
2567 5277 2764 5335 prseter
2801 5265 2929 5318 illud
2963 5280 3026 5317 ex
3070 5266 3176 5319 Deo
3226 5265 3355 5319 Ver-

1791 5359 1916 5413 bum
1947 5359 2160 5425 asscril,
2199 5358 2283 5412 cui
2314 5358 2475 5411 etiam
2501 5358 2600 5412 soli
2635 5357 2907 5412 missionis
2936 5367 2989 5412 et
3022 5357 3356 5427 apostolatus

1633 5523 1675 5554 ³³
1719 5521 1848 5576 ibid.
1883 5521 1973 5574 55.
2049 5520 2096 5551 “
2124 5519 2247 5573 ibid.
2279 5519 2366 5575 58.
2447 5518 2485 5546 ⁵³
2513 5508 2642 5573 ibid.

1166 5676 1338 5732 Variae
1377 5678 1633 5732 lectiones
1654 5691 1717 5733 ex
1752 5675 1936 5731 codice
1965 5673 2333 5746 Seguieriano.

184 5808 208 5853 λ
228 5812 686 5885 διαμωμήσηται.
