4120 6492
715 401 818 459 575
871 401 874 405 ’

1743 403 1799 458 S.
1841 404 2116 461 CYRILLI
2157 407 2621 463 ALEXANDRINI
2661 407 2981 464 ARCHIEP.

3863 412 3968 467 376

719 536 915 575 munus
950 521 1343 587 tribuerit,non
1377 523 1426 576 is
1470 532 1714 578 nostrum
1734 528 2044 596 mysterium
2071 531 2287 585 anthro—

2393 547 2507 598 γον,
2526 529 2618 583 τὸν
2635 531 2955 600 φαινόμενον
2973 525 3108 584 εἶναι
3131 531 3436 585 διαϐεϐαιού
3449 549 3624 601 μενος,
3639 525 3680 599 ᾧ
3699 535 3792 585 καὶ
3821 533 3968 602 μόνῳ

725 612 1043 680 pophagiam
1090 611 1270 677 elﬁcit,
1318 623 1478 682 atque
1527 615 1591 668 ad
1643 615 1886 672 exoletas
1929 621 2284 688 cOgitationes

719 711 947 752 mentem
985 700 1218 753 ﬁdelium
1269 702 1474 756 nefarie
1508 705 1795 773 perducit,
1839 723 2008 776 eaque
2034 711 2286 767 humanis

717 787 985 855 subjicere
1006 789 1306 844 rationibus
1337 801 1723 860 conatumque:
1771 796 1881 850 sola
1904 797 2004 851 lide
2039 800 2288 856 omnise-

717 881 889 948 posita
905 882 1216 936 curiositate
1231 885 1552 951 capiuntur?
1568 885 1752 957 Neque
1765 889 1906 942 enim
1926 891 2049 958 quia
2068 894 2289 948 minime

716 973 896 1024 editur
920 973 1218 1028 divinitatis
1244 987 1433 1028 natura
1462 987 1746 1046 propterea
1776 995 2063 1036 commune
2093 983 2291 1039 dixerit

717 1062 983 1130 quispiam
1007 1074 1254 1118 sanctum
1275 1065 1477 1121 Christi
1495 1083 1711 1138 corpus.
1735 1070 1886 1126 Scire
1909 1084 2088 1128 autem
2113 1089 2289 1142 opera:

717 1152 950 1218 pretium
982 1163 1063 1205 est
1096 1157 1272 1222 quod,
1306 1158 1443 1212 sicut
1499 1175 1656 1228 supra
1698 1162 1932 1217 diximus
1956 1205 1970 1228 ,
2013 1166 2287 1234 proprium

717 1252 801 1295 est
833 1258 1026 1312 corpus
1055 1246 1172 1314 ejus
1206 1248 1393 1314 Verbi,
1429 1250 1571 1318 quod
1602 1253 1779 1306 omnia
1817 1254 2074 1310 vivificat.
2141 1256 2287 1322 Quo-

718 1330 862 1384 niam
905 1340 1083 1387 autem
1122 1345 1204 1389 est
1236 1349 1434 1406 corpus
1484 1340 1632 1402 vitaz,
1670 1341 1941 1395 viviﬁcum
1995 1352 2080 1397 est
2114 1360 2128 1397 :
2161 1359 2287 1413 pro-

717 1429 899 1492 pterea
923 1441 1164 1495 namque
1196 1431 1512 1486 mortalibus
1541 1433 1740 1487 nostris
1769 1433 2085 1500 corporibus
2126 1435 2291 1506 largi-

720 1525 807 1568 tur
859 1517 1045 1583 vitam,
1098 1530 1152 1574 et
1204 1524 1395 1577 mortis
1469 1525 1754 1592 imperium
1821 1524 1980 1596 194
2041 1539 2288 1582 evacuat.

721 1607 966 1664 \‘ivilicat
997 1621 1174 1667 autem
1203 1629 1298 1670 nos
1321 1617 1512 1684 aequali
1538 1618 1697 1672 modo
1719 1626 1775 1672 et
1797 1630 2025 1676 sanctus
2057 1620 2291 1690 Spiritus

716 1697 917 1755 Christi
963 1721 976 1756 :
1033 1719 1051 1752 ι
1098 1704 1332 1772 Spiritus
1377 1708 1520 1761 enim
1572 1719 1655 1763 est
1706 1710 1795 1778 qui
1852 1691 2092 1768 vivificat
2130 1714 2210 1777 ⁸⁸,
2267 1733 2286 1767 ι

715 1794 1009 1848 secundum
1050 1795 1289 1864 ejusdem
1347 1797 1644 1853 Salvatoris
1673 1816 1876 1856 vocem.
1939 1803 2121 1874 Neque
2162 1820 2291 1861 vero

2388 621 2488 690 τῆς
2511 622 2817 691 ἀποστολῆς
2843 623 3248 693 προσνενέμηκε
3264 623 3472 692 χρῆμα,
3497 623 3594 675 οὐκ
3609 622 3967 693 ἀνθρωποφα-

2390 711 2514 778 γίαν
2547 711 2700 780 ἡμῶν
2716 714 3004 780 ἀποφαίνει
3024 713 3083 764 τὸ
3110 715 3425 782 μυστήριον,
3443 711 3712 782 παριστὰς
3738 712 3970 772 ἀνοσίως

2390 803 2470 864 εἰς
2509 801 2786 871 ἐξιτήλους
2822 805 3026 866 ἐννοίας
3063 803 3168 855 τῶν
3214 803 3610 856 πιστευσάντων
3648 799 3663 838 ¹
3697 801 3789 854 τὸν
3822 801 3967 861 νοῦν,

2391 893 2486 946 καὶ
2499 893 2778 963 λογισμοῖς
2798 895 3155 964 ἀνθρωπίνοις
3175 895 3468 962 ὑποφέρειν
3489 893 3802 963 ἐπιχειρῶν,
3824 893 3858 945 ὃ.
3884 893 3973 960 μόο

2391 1002 2497 1048 νως
2519 994 2579 1051 ω,
2608 986 2703 1038 καὶ
2731 986 2982 1058 ἀζητήτῳ
3019 987 3196 1041 πίστει
3226 985 3730 1056 προσλαμϐάνεται;
3760 985 3834 1036 Οὐ
3861 986 3969 1049 γάρ

2392 1076 2575 1146 ἐπειδή
2585 1093 2686 1147 περ
2701 1078 2798 1129 οὑκ
2814 1078 3049 1130 ἐσθίεται
3063 1079 3312 1148 Θεὸτητος
3332 1079 3512 1147 φύσις,
3527 1076 3777 1129 διάτοῦτο
3790 1076 3969 1126 κοινὸν

2393 1161 2529 1218 εἶναι
2559 1167 2689 1236 φαίη
2722 1184 2802 1230 τις
2830 1167 2892 1219 ἂν
2919 1167 2978 1220 τὸ
3012 1167 3163 1235 ἅγιον
3201 1167 3358 1238 σῶμα
3388 1168 3484 1221 τοῦ
3516 1165 3772 1238 Χριστοῦ.
3813 1164 3968 1217 Εξδέ-

2393 1274 2480 1309 ναι
2507 1257 2564 1309 δέ
2598 1259 2912 1325 ἀναγκαῖον,
2937 1261 3038 1321 ὅτι,
3064 1258 3204 1312 καθὰ
3235 1259 3539 1326 φθάσαντες
3564 1261 3810 1327 εἴπομεν,
3840 1257 3970 1308 ἴδιόν

2393 1349 2508 1399 ἐστι
2541 1346 2697 1416 σῶμα
2726 1347 2819 1400 τοῦ
2841 1348 2908 1401 τὰ
2939 1351 3111 1403 πάντα
3133 1347 3521 1413 ζωοποιοῦντος
3544 1349 3749 1416 Λόγου·
3780 1343 3970 1414 ἐπειδὴ

2391 1439 2449 1491 δέ
2502 1439 2617 1490 ἐστι
2664 1438 2820 1507 σῶμα
2863 1439 3026 1509 ζωῆς,
3055 1439 3317 1502 ζωοποιόν
3347 1442 3498 1492 ἐστι’
3535 1439 3620 1492 διὰ
3663 1437 3822 1490 τοῦτο
3859 1436 3972 1506 γὰρ

2391 1533 2503 1591 τοῖς
2551 1528 2760 1598 ϐνητοίς
2806 1531 2961 1599 ἡμῶν
3007 1530 3251 1598 σώμασιν
3279 1532 3498 1600 ἐνίησια
3533 1533 3627 1599 τὴν
3665 1529 3841 1598 ζωὴν,
3896 1529 3972 1590 ὡς

2393 1622 2484 1673 καὶ
2529 1625 2795 1690 καταργεῖ
2840 1621 2932 1674 τοῦ
2987 1621 3218 1674 θανάτου
3266 1622 3326 1674 τὸ
3374 1621 3592 1690 κράτος.
3626 1623 3884 1673 Ζωοποιεῖ
3916 1621 3972 1670 δὲ

2393 1713 2540 1782 ἡμᾶς
2572 1713 2713 1765 κατά
2741 1713 2832 1765 τὸν
2866 1712 2978 1766 ἴσον
3010 1717 3212 1783 τρόπον
3241 1713 3337 1766 καὶ
3364 1713 3428 1765 τὸ
3453 1713 3607 1780 ἅγιον
3633 1710 3853 1780 Πνεῦμα
3877 1710 3974 1763 τοῦ

2393 1801 2631 1873 Χριστοῦ
2653 1821 2666 1833 ·
2701 1803 2761 1856 τὸ
2793 1803 2901 1874 γάρ
2936 1803 3160 1873 Πνεῦμα
3209 1805 3325 1857 ἐστι
3375 1803 3436 1856 τὸ
3487 1802 3802 1868 ζωοποιοῦν,
3833 1801 3979 1854 κατά

716 1883 998 1940 molestum
1029 1887 1151 1950 erit,
1187 1902 1252 1942 ne
1279 1887 1461 1943 videar
1498 1905 1597 1960 ego
1621 1890 1767 1945 solus
1792 1894 2068 1961 proprium
2099 1895 2284 1962 appeto

2393 1895 2487 1966 τὴν
2516 1894 2682 1949 αὑτοῦ
2708 1895 2799 1948 τοῦ
2832 1896 3085 1967 Σωτῆρος
3112 1897 3312 1966 φωνήν.
3345 1897 3517 1948 Λυπεῖ
3541 1894 3596 1946 δέ
3623 1893 3795 1956 οὐδὲν,
3829 1892 3976 1959 ὑπέρ

715 1973 830 2028 lare
855 1990 1051 2044 corpus
1082 1975 1266 2044 Verbi,
1297 1978 1460 2032 etiam
1492 1991 1804 2036 sanctorum
1847 1983 2066 2038 Patrum
2093 1986 2290 2040 alter-re

714 2065 1034 2129 sententias,
1069 2075 1128 2117 ut
1154 2066 1330 2120 sciant
1361 2068 1681 2133 adversarii,
1709 2071 1848 2137 quod
1881 2070 2077 2126 frustra
2099 2082 2288 2127 contra

716 2168 814 2207 nos
834 2155 1161 2219 declamauit,
1201 2158 1294 2226 qui
1326 2159 1526 2227 ubique
1562 2159 1774 2213 illorum
1797 2176 1958 2216 voces
1980 2162 2285 2230 sequimur.

714 2244 857 2300 Dicit
902 2261 1032 2317 ergo
1063 2247 1447 2304 celeberrimus
1495 2248 1657 2305 Pater
1697 2264 1881 2306 noster
1913 2263 1967 2306 et
2007 2254 2291 2322 episcopus

713 2334 1043 2389 Athanasius
1107 2335 1157 2388 in
1215 2349 1463 2393 sermone
1505 2339 1572 2392 de
1612 2349 1798 2394 sancta
1831 2339 2094 2396 Trinitate
2136 2359 2148 2394 :
2181 2362 2198 2392 ι
2229 2344 2291 2396 Et

715 2429 1148 2494 monstrabatur,
1181 2432 1324 2500 quod
1377 2444 1480 2483 non
1510 2440 1831 2498 apparenter
1853 2469 1868 2494 ,
1895 2432 1986 2486 sed
2016 2447 2141 2487 vere
2188 2434 2286 2488 ba-

713 2518 891 2572 buerit
909 2533 1122 2588 corpus.
1141 2519 1370 2574 Decebat
1390 2529 1566 2575 autem
1583 2521 1854 2575 Christum
1873 2523 2179 2578 induentem
2201 2527 2291 2578 hu-

714 2622 928 2662 manam
973 2625 1213 2676 carnem,
1245 2613 1383 2666 hanc
1401 2627 1521 2665 cum
1549 2615 1780 2684 propriis
1802 2617 2138 2682 passionibus
2174 2617 2290 2684 ejus

715 2698 862 2754 indui
900 2711 1062 2756 totam
1101 2713 1203 2765 :ut
1228 2706 1368 2760 sicut
1411 2708 1685 2777 proprium
1719 2705 1834 2772 ejus
1890 2707 2118 2760 dicimus
2165 2722 2287 2762 esse

715 2804 911 2859 corpus
929 2833 944 2858 ,
968 2794 1037 2847 ita
1059 2805 1110 2849 et
1131 2795 1256 2864 ipsa:
1281 2801 1560 2866 passiones
1583 2799 1823 2866 corporis
1859 2799 2091 2868 preprizn
2115 2799 2286 2852 solum

715 2882 832 2948 ejus
847 2883 1116 2950 dicantur,
1144 2891 1389 2955 quamvis
1420 2906 1526 2944 non
1555 2894 1926 2959 contingerent
1948 2890 2063 2957 ejus
2087 2891 2287 2944 divini-

715 2975 1018 3029 tatenmEt
1042 2977 1234 3032 iterum
1261 2993 1272 3028 :
1303 2980 1425 3035 llaec
1451 2986 1758 3038 necessario
1777 2995 1930 3038 antea
1956 2983 2289 3038 examinavi-

717 3077 856 3129 utus,
887 3077 941 3117 ut
965 3103 980 3129 ,
1007 3068 1048 3118 si
1078 3069 1355 3124 videamus
1383 3071 1551 3138 ipsum
1590 3087 1685 3140 per
1709 3088 1863 3126 suum
1901 3089 2097 3141 corpus
2131 3073 2284 3140 quasi

717 3171 815 3223 per
872 3157 1287 3215 instrumentum
1346 3163 1528 3217 divino
1595 3166 1754 3219 modo
1807 3177 2150 3233 onerantein,
2205 3167 2286 3218 vel

2392 2004 2454 2054 γε
2489 1985 2582 2039 τοῦ
2634 1987 2710 2057 μὴ
2753 1987 2928 2040 δοκεῖν
2956 1988 3056 2058 ἐμέ
3089 2005 3147 2041 τε
3182 1988 3277 2041 καὶ
3312 1988 3472 2058 μόνον
3532 1986 3662 2038 ἴδιον
3688 1983 3977 2054 ὀνομάζειν

2391 2076 2452 2129 τὸ
2501 2076 2659 2146 σῶμα
2703 2077 2795 2130 τοῦ
2841 2078 3036 2145 Λόγου,
3068 2080 3163 2130 καὶ
3210 2078 3306 2140 τὰς
3352 2078 3461 2129 τῶν
3494 2076 3664 2144 ἀγίων
3714 2073 3980 2144 Πατέρων

2396 2165 2718 2236 παραθεῖναι
2743 2168 2991 2235 χρήσεις,
3034 2167 3100 2219 ἵν’
3131 2167 3289 2219 ἴδοιεν
3318 2167 3367 2218 οἱ
3401 2166 3466 2218 δι’
3495 2166 3740 2227 ἐναντίας
3764 2165 3838 2227 ὠς
3871 2163 3975 2233 μάο

2394 2275 2492 2326 την
2543 2257 2699 2326 ἡμῶν
2757 2259 3274 2330 κατακεκράγασιν,
3315 2257 3643 2328 ἐπομένωνο
3696 2253 3974 2324 πανταχοῦ

2393 2351 2512 2411 ταῖς
2534 2351 2757 2402 ἐκείνων
2781 2348 3160 2419 φωναῖς.Ἐφη
3182 2349 3359 2402 τοίνυν
3380 2351 3407 2402 6
3435 2349 3682 2418 πανεύφη
3693 2365 3788 2417 μος
3814 2347 3974 2416 ἡμῶν

2394 2439 2602 2511 Πατὴρ,
2638 2441 2732 2493 καὶ
2777 2440 3074 2504 ἐπίσκοπος
3107 2441 3422 2504 Ἀθανάσιος
3470 2442 3525 2492 ἐν
3576 2440 3653 2506 τῷ
3702 2439 3828 2508 περὶ
3873 2438 3975 2506 τῆς

2393 2530 2615 2602 Τριάδος
2641 2531 2813 2602 λόγῳο
2852 2550 2870 2583 ι
2893 2534 3001 2586 Καὶ
3018 2533 3288 2586 ἐδείκνυτο
3312 2534 3393 2585 ὅτι
3427 2534 3500 2602 μὴ
3521 2531 3812 2599 φαντασίᾳ,
3836 2529 3976 2580 ἀλλὰ

2390 2622 2605 2691 ἀληθῶς
2638 2622 2776 2689 ἔχων
2825 2619 2893 2690 ἦν
2939 2622 3380 2690 σῶμα.Ἐπρεπε
3438 2621 3546 2688 γάρ
3584 2620 3671 2670 τὸν
3699 2629 3724 2666 r
3769 2618 3977 2683 Κύριον

2392 2709 2828 2776 ἐνδιδυσκόμενον
2856 2708 3200 2777 ἀνθρωπίνην
3235 2709 3433 2778 σάρκα,
3459 2708 3662 2778 ταύτην
3703 2708 3839 2777 μετὰ
3866 2708 3978 2759 τῶν

2395 2800 2539 2852 ίδίων
2570 2799 2756 2852 παθῶν
2785 2801 2954 2869 αὐτῆς
2983 2801 3110 2871 ὅλην
3145 2801 3490 2854 ἐνδύσασθαι⁶
3523 2802 3591 2853 ἶν’
3624 2801 3812 2870 ὥσπερ
3841 2801 3978 2853 ἴδιον

2391 2891 2554 2943 αὐτοῦ
2591 2891 2819 2960 λέγομεν
2851 2885 2990 2945 εἶναι
3021 2892 3081 2945 τὸ
3108 2893 3286 2962 σῶμα,
3319 2893 3461 2946 οὕτω
3493 2895 3586 2946 καὶ
3631 2895 3700 2945 τά
3729 2892 3820 2945 τοῦ
3869 2893 3976 2944 σώ-

2396 2996 2565 3049 ματος
2613 2981 2756 3050 πάθη
2808 2980 2913 3033 ἴδια
2965 2981 3123 3051 μόνον
3174 2981 3338 3033 αὑτοῦ
3391 2982 3639 3051 λέγηται,
3673 2983 3720 3032 εί
3754 2980 3846 3032 καὶ
3901 2981 3978 3049 μὴ

2391 3074 2592 3142 ἥπτετο
2608 3074 2746 3125 κατά
2763 3075 2858 3145 τὴν
2875 3075 3100 3142 θεότητα
3132 3073 3314 3125 αὐτοῦ.
3341 3091 3358 3122 ι
3384 3073 3495 3124 Καὶ
3521 3073 3682 3124 πάλιν
3703 3089 3714 3102 ο
3747 3091 3764 3122 ι
3788 3071 3981 3124 Ταῦτα

2393 3165 2704 3232 ἀναγκαίως
2751 3166 3263 3236 προεξητὰσαμενς,
3313 3165 3400 3217 ἵνα
3437 3165 3529 3216 ἐὰν
3565 3165 3761 3232 ἴδωμεν
3809 3164 3980 3215 αὑτὸν

718 3244 984 3300 dicentem
1011 3287 1024 3311 ,
1061 3264 1446 3317 cognoscamus
1501 3255 1639 3322 quod
1679 3256 1820 3310 Deus
1865 3257 2133 3311 cxsistens
2177 3262 2287 3312 haec

2393 3255 2465 3317 ὡς
2492 3256 2556 3307 δι’
2583 3256 2812 3325 ὀργάνου
2845 3254 2938 3308 τοῦ
2974 3255 3100 3306 ἰδίου
3135 3253 3383 3322 σώματος
3419 3253 3614 3316 θεῖκῶς
3643 3252 3976 3323 πράττοντα,

717 3347 991 3404 operetur.
1048 3342 1114 3395 Et
1146 3343 1257 3396 haec
1290 3345 1479 3399 beatus
1524 3345 1684 3401 Pater
1724 3357 1907 3401 noster
1940 3349 2288 3402 Athanasius.

719 3428 1104 3488 Verumtamen
1138 3439 1384 3505 quamvis
1419 3440 1693 3508 proprium
1725 3439 1936 3494 dicatur
1969 3438 2126 3494 Verbi
2174 3456 2294 3496 cor-

717 3540 838 3594 pus,
895 3536 976 3580 est
1025 3536 1202 3582 tamen
1254 3544 1314 3583 ex
1360 3530 1585 3584 muliere
1633 3540 1685 3585 et
1729 3532 1927 3585 nostris
1977 3540 2288 3600 cngnatum,

719 3617 1012 3670 secundum
1071 3621 1212 3685 quod
1265 3635 1392 3672 caro
1470 3621 1809 3690 intelligitur.
1886 3622 2024 3676 Dicit
2071 3624 2288 3692 quidem

717 3705 907 3762 beatus
954 3708 1186 3764 Paulus:
1232 3729 1250 3762 ι
1281 3701 1499 3765 Primus
1530 3713 1690 3768 homo
1728 3728 1791 3766 ex
1835 3724 1975 3768 terra
2021 3726 2288 3778 terrenus,

716 3801 982 3854 secundus
1021 3817 1049 3853 e
1075 3804 1213 3857 cmlo
1245 3803 1311 3856 ".
1377 3823 1393 3854 ι
1456 3806 1527 3858 Et
1581 3807 1692 3872 ipse
1738 3805 1986 3860 Christus
2021 3824 2032 3859 :
2073 3825 2089 3856 ι
2123 3805 2290 3860 Nemo

717 3892 956 3942 ascendit
983 3892 1030 3943 in
1059 3894 1276 3953 caelum,
1308 3894 1515 3962 inquit,
1548 3895 1648 3947 nisi
1675 3897 1762 3960 qui
1795 3895 1857 3946 de
1883 3896 2020 3947 cutio
2061 3895 2290 3947 descen-

715 3983 793 4034 dit
817 3981 984 4034 Filius
1015 3983 1247 4035 hominis
1276 3985 1340 4036 ⁸⁵⁸.
1398 4002 1414 4032 ι
1455 3984 1559 4035 Sed
1596 3994 1770 4035 tamen
1802 3986 2119 4044 asserimus,
2148 3983 2288 4050 quod

716 4088 820 4126 non
840 4088 902 4126 ex
924 4075 1060 4126 crelo
1083 4090 1277 4141 corpus
1302 4077 1508 4127 unitum
1529 4076 1627 4128 sibi
1654 4075 1899 4130 deferens
1923 4076 2152 4129 Verbum
2179 4077 2290 4130 hinc

715 4165 894 4229 dicat;
943 4179 1127 4217 verum
1172 4180 1293 4217 cum
1344 4166 1626 4219 desursum
1664 4166 1934 4221 exsistens
1983 4167 2153 4234 ipsum
2187 4178 2292 4220 etc

713 4257 872 4321 caelo,
904 4272 1103 4324 corpus
1126 4258 1396 4326 proprium
1424 4256 1606 4311 fecerit
1631 4259 1702 4312 ita
1728 4260 1826 4313 sibi
1857 4260 2086 4324 unitmn,
2114 4269 2171 4312 ut
2194 4240 2292 4313 nee

713 4347 815 4400 dici
852 4361 948 4400 nec
980 4349 1198 4415 intelligi
1245 4348 1436 4409 valeat,
1461 4351 1594 4402 citra
1621 4351 2027 4403 conversionem
2048 4350 2296 4403 ctconfu-

712 4438 916 4490 sionem
949 4453 962 4499 ;
996 4436 1096 4488 hac
1125 4438 1331 4488 ratione
1357 4435 1422 4488 de
1453 4434 1589 4488 cmlo
1619 4435 1750 4488 dicit
1777 4450 1833 4488 se
1865 4435 2048 4498 etiam,
2074 4436 2292 4503 quando

713 4527 911 4580 factum
971 4537 1050 4579 est
1110 4527 1277 4580 Filius
1340 4526 1596 4581 hmninis.
1655 4523 1889 4578 Proinde
1956 4541 2078 4578 cum
2143 4535 2287 4578 recte

711 4617 904 4669 habeat
937 4631 1114 4669 sermo
1143 4625 1346 4678 noster,
1386 4625 1438 4669 et
1469 4616 1887 4683 reprehensione
1920 4624 2094 4680 vacet,
2125 4630 2284 4682 quam

711 4710 875 4777 igitur
937 4723 1047 4762 sua:
1095 4710 1356 4763 adversus
1420 4724 1516 4762 nos
1568 4709 1870 4763 dicacitatis
1940 4709 2283 4762 occasionem

710 4802 1019 4852 obtrectare
1050 4803 1204 4853 nobis
1238 4801 1482 4853 volentes
1527 4800 1820 4864 habebunt;
1855 4801 1898 4852 si
1926 4799 2282 4866 quorumdam

710 4891 1061 4956 blasphcmiis
1089 4893 1576 4945 anathematismus
1614 4905 1918 4960 repugnans
1943 4931 1957 4952 ,
2001 4890 2284 4944 mendacio

709 4981 993 5034 veritatem
1028 4983 1308 5048 opponat?
1365 4983 1567 5047 Opinor
1617 4995 1794 5036 autem
1831 4996 1912 5035 me
1955 4999 1979 5034 τι
2009 4993 2151 5036 recta
2199 4985 2282 5036 via

711 5072 856 5126 nullo
884 5073 1042 5127 modo
1067 5072 1356 5133 excidisse,
1385 5074 1524 5139 quod
1547 5073 1816 5126 Christum
1847 5076 1953 5127 dixi
1979 5091 2138 5143 supra
2167 5092 2283 5129 nos.

710 5161 842 5217 Nam
871 5165 993 5219 licet
1029 5165 1258 5219 Verbum
1297 5164 1387 5217 Dei
1426 5163 1625 5216 factum
1661 5167 1726 5216 sit
1761 5167 1919 5217 homo
1953 5184 1964 5228 ;
1997 5180 2079 5221 cst
2107 5177 2282 5219 tamen

715 5257 874 5310 etiam
931 5261 1008 5312 sic
1061 5274 1163 5312 non
1209 5271 1366 5325 supra
1427 5271 1523 5310 nos
1577 5254 1821 5308 homines
1888 5264 2130 5318 tantum,
2189 5259 2283 5310 sed

781 5437 826 5467 ”
857 5434 1009 5492 Joan.
1050 5440 1220 5503 ι·ι,65.
1305 5428 1400 5490 ⁸”Ι
1440 5441 1564 5496 Cor.
1601 5453 1688 5504 xv,
1730 5437 1819 5491 47.

1900 5435 1941 5462 δ’(
1974 5432 2122 5485 Joan.
2166 5450 2243 5494 ιιι,
2277 5433 2355 5485 15.

2397 3346 2427 3413 ἦ
2465 3345 2710 3413 λέγοντα,
2746 3345 3102 3414 γινώσκωμεν
3134 3345 3214 3396 ὅτι
3249 3343 3380 3407 Θεὸς
3407 3344 3483 3396 ὢν
3526 3343 3698 3396 ταῦτα
3737 3345 3979 3412 springs—

2395 3452 2504 3488 ται.
2540 3455 2556 3487 ι
2592 3438 2700 3488 Καὶ
2731 3436 2905 3489 ταῦτα
2935 3436 3032 3504 μὲν
3063 3437 3090 3486 6
3117 3435 3383 3506 μακάριος
3413 3436 3604 3506 Πατὴρ
3631 3435 3786 3505 ἡμῶν
3817 3435 3983 3487 Ἀοαο

2394 3527 2597 3589 νάσιος.
2642 3528 2806 3596 Πλὴν,
2841 3527 2942 3579 κᾶν
2971 3527 3097 3578 ῐδιον
3129 3526 3350 3594 λέγηται
3381 3525 3476 3576 τοῦ
3509 3527 3680 3591 Λόγου
3705 3526 3764 3576 τὸ
3790 3527 3980 3595 σῶμα,

2396 3618 2508 3670 ἀλλ’
2539 3613 2630 3669 οὖν
2662 3620 2807 3670 ἐστιν
2839 3619 2901 3668 ἐκ
2925 3619 3203 3684 γυναικὸς,
3238 3618 3332 3668 καὶ
3370 3619 3482 3677 τοῖς
3521 3617 3807 3685 ἡμετέροις
3841 3634 3948 3683 συγ

2394 3712 2566 3779 γενὲς,
2600 3709 2734 3763 καθὸ
2768 3713 2968 3762 νοεῖται
3001 3708 3154 3780 σάρξ.
3191 3709 3298 3760 Καὶ
3327 3709 3353 3760 6
3382 3709 3479 3776 μὲν
3522 3709 3792 3777 μακάριος
3831 3708 3982 3760 Παῦ-

2393 3802 2481 3863 λος
2502 3819 2514 3830 ·
2547 3821 2563 3853 ι
2585 3803 2643 3854 '0
2671 3803 2884 3871 πρῶτος
2917 3801 3220 3874 ἄνθρωπος,
3252 3802 3404 3871 φησι,
3434 3801 3639 3870 χοϊκός·
3669 3803 3695 3852 6
3722 3801 3983 3864 δεύτερος

2393 3891 2450 3954 ἐξ
2498 3891 2748 3960 οὐρανοῦ.
2781 3911 2797 3941 ι
2835 3892 3003 3953 Αὐτὸς
3031 3891 3086 3944 δὲ
3129 3893 3156 3942 6
3187 3891 3418 3960 Χριστός
3441 3907 3452 3918 ·
3489 3907 3506 3939 ι
3538 3889 3728 3950 Οὐδεὶς
3775 3891 3949 3945 ἀναϐέ

2394 3979 2560 4047 ὁηκεν
2589 3981 2665 4042 είς
2695 3980 2784 4031 τὸν
2810 3981 3056 4050 οὐρανὸν,
3083 3980 3264 4048 φησιν,
3293 3981 3340 4031 εί
3377 3979 3450 4048 μὴ
3481 3981 3507 4030 6
3538 3980 3600 4029 ἐκ
3625 3977 3717 4028 τοῦ
3743 3979 3979 4046 οὐρα-,οἶ

2393 4070 2635 4132 καταῦὰς
2667 4071 2790 4132 Υἱὸς
2827 4070 2920 4122 τοῦ
2963 4070 3269 4140 ἀνθρώπου.
3305 4091 3323 4123 ι
3358 4071 3540 4140 Φαμὲν
3569 4069 3624 4122 δὲ
3652 4071 3732 4121 ὅτι
3772 4073 3874 4124 οὐκ
3923 4074 3983 4138 ἐξ

2390 4161 2620 4231 οὐρανοῦ
2649 4161 2708 4213 τὸ
2743 4161 2904 4232 σῶμα
2931 4161 2989 4214 τὸ
3029 4162 3225 4214 ἑνωοὲν
3262 4163 3409 4232 αὑτῷ
3443 4161 3786 4229 κατενεγκὼν
3820 4163 3849 4213 6
3877 4167 3981 4218 Λό-

2392 4269 2506 4320 γος,
2538 4253 2712 4306 τοιάδε
2759 4253 2954 4321 φησίνο
3003 4251 3191 4321 ἐπειδὴ
3238 4253 3293 4304 δέ
3341 4253 3545 4307 ἄνωθεν
3577 4251 3651 4304 ὢν
3687 4252 3851 4314 αὐτὸς
3884 4256 3979 4307 καὶ

2393 4343 2449 4405 ἐξ
2500 4343 2748 4412 οὐρανοῦ,
2801 4344 2928 4395 ἴδιον
2981 4344 3273 4411 ἐποιήσατο
3303 4344 3363 4394 τὸ
3392 4343 3588 4396 ἐνωΘέν
3634 4341 3781 4410 αὐτῴ
3810 4344 3980 4412 σῶμα

2395 4433 2685 4502 ἀφράστως
2730 4451 2811 4495 τε,
2865 4435 2957 4486 καὶ
3005 4436 3397 4505 ἀπερινοήτως,
3434 4437 3716 4505 ἀτρέπτως
3763 4450 3846 4499 τε,
3884 4438 3980 4488 καὶ

2395 4525 2731 4593 ἀσυγχύτως,
2781 4526 3038 4595 ταύτῃτοι
3073 4528 3164 4580 καὶ
3208 4525 3264 4590 ἐξ
3297 4525 3525 4594 οὐρανοῦ
3565 4543 3725 4594 φησιν
3758 4527 3978 4590 ἑαυτὸν,

2397 4616 2488 4666 καὶ
2533 4617 2620 4666 ὅτε
2666 4616 2887 4683 γέγονεν
2921 4617 3045 4678 Υἱὸς
3093 4616 3624 4688 ἁνΟρώπου.Ὀροῶς
3680 4619 3980 4687 τοιγαροῦν

2396 4707 2486 4757 καὶ
2509 4709 2823 4776 ἀμωμήτως
2862 4708 3072 4776 ἔχοντος
3103 4710 3230 4777 ἡμῖν
3263 4707 3355 4760 τοῦ
3387 4706 3563 4775 λόγου,
3591 4709 3716 4760 ποία
3750 4725 3833 4770 τις
3869 4709 3983 4778 ἄρα

2393 4797 2503 4856 τοῖς
2554 4797 2864 4864 φιλοψογεῖν
2929 4797 3202 4850 ἐθέλουσιν
3269 4799 3642 4867 εὐρεσιλογίας
3689 4802 3784 4870 τῆς
3843 4803 3983 4854 καθ’

2397 4885 2606 4954 ἡμὼνή
2639 4889 2927 4955 πρόφασις,
2957 4891 3000 4940 εἰ
3033 4891 3262 4958 μάχεται
3298 4893 3416 4950 ταῖς
3454 4906 3610 4941 τινων
3637 4891 3982 4962 δυσφημίαις

2394 4977 2421 5026 6
2450 4973 2910 5044 ἀναθεματισμὸς,
2944 4977 3019 5045 τις)
3059 4977 3242 5044 ψεύδει
3279 4978 3339 5026 τὸ
3372 4975 3568 5044 ἀληθὲς
3615 4977 3936 5045 ἀντεξάγων
3964 4997 3978 5044 ;

2393 5067 2560 5139 Οἶμαι
2595 5071 2652 5123 δὲ
2686 5072 2858 5136 ἔγωγε
2887 5071 3002 5120 κατ’
3027 5068 3216 5120 οὐδένα
3246 5066 3445 5136 τρόπον
3474 5067 3870 5134 ἡμαρτηκέναι·
3888 5070 3980 5122 τοῦ

2396 5163 2720 5231 πρέποντος,
2745 5161 3040 5230 εξΧριστὸν
3061 5161 3197 5229 ἔφην
3225 5158 3364 5226 ὑπὲρ
3386 5158 3531 5224 ἡμᾶς
3577 5157 3758 5227 Εξγάρ
3778 5163 3876 5212 καὶ
3898 5165 3980 5227 72'-

2396 5274 2548 5323 γονεν
2571 5257 2853 5326 ἄνθρωπος
2872 5258 2898 5306 ὁ
2915 5254 3007 5305 τοῦ
3037 5253 3170 5304 Θεοῦ
3186 5250 3374 5318 Λόγος,
3401 5251 3512 5302 ἀλλ’
3540 5251 3651 5303 ἐστι
3676 5256 3772 5306 καὶ
3793 5256 3973 5316 οὕτως

1784 5620 1956 5674 Varirc
1986 5618 2239 5671 lectiones
2273 5630 2334 5666 ex
2372 5614 2550 5666 codice
2590 5613 2957 5680 Seguieriano.

795 5806 811 5848 -‘
842 5807 1220 5858 πιστευόντων,
1301 5813 1336 5840 πη
1360 5805 1390 5855 ἃ
1423 5803 1574 5872 μόνῃ.
1657 5811 1682 5838 π
1713 5801 1970 5869 ἐντίθησι.

2107 5801 2488 5872 ἐπιμενόντων.

2571 5809 2595 5848 ι’
2626 5798 2683 5849 δὲ.
2712 5795 2813 5851 τόν.
2893 5805 2918 5847 't
2953 5795 3420 5868 προιζητήσαμεν.
