4108 6534
132 451 207 501 ΞΠ

694 442 1222 502 APOLOGETICUS
1259 439 1401 493 PRO
1440 439 1528 493 ΧΗ
1570 438 1930 494 CAPITIBUS
1970 437 2239 496 CONTRA
2279 435 2731 494 ORIENTALES.

3228 433 3331 488 578

130 565 344 636 οὑχΰπέρ
366 582 426 632 γε
463 565 663 636 μὸνους
695 569 860 638 ἡμᾶς,
891 567 1026 620 ἀλλὰ
1055 565 1147 617 καὶ
1179 564 1307 634 ὑπὲρ
1357 564 1534 614 πᾶσαν
1567 561 1670 631 τὴν

1806 563 1930 616 tiam
1977 578 2136 629 supra
2189 575 2401 614 omnem
2434 572 2756 614 creaturam.
2828 553 2939 607 Non
2971 551 3111 604 enim
3152 549 3323 605 solum

131 658 269 715 ,κτίσιν
289 673 300 685 ·
318 658 375 709 οὐ
393 659 503 726 γὰρ
529 657 691 718 μόνον
714 657 994 728 ἄνθρωπος
1015 657 1218 708 νοεῖται
1244 655 1336 716 καὶ
1356 653 1474 706 καθ’
1494 653 1664 723 ἡμᾶς,

131 746 218 797 ἀλλ’
244 749 268 798 ό
290 747 446 809 αὐτὸς
473 748 640 802 πάλιν
666 749 797 810 Θεὸς
831 747 1056 812 ἄνωθεν,
1092 748 1184 800 καὶ
1219 746 1278 810 ἐξ
1302 743 1554 814 οὐρανοῦ.

515 857 1105 912 ΑΝΑΘΕΜΑΤΙΣΜΟΣ
1145 858 1244 909 ΙΒ’.

182 969 238 1021 Εἴ
263 986 337 1032 τις
370 970 468 1040 οὐχ
511 973 768 1040 ὁμολογεῖ
800 971 888 1024 τὸν
920 968 1011 1022 τοῦ
1058 969 1190 1020 Θεοῦ
1225 969 1394 1035 Λόγον
1429 965 1669 1018 παθόντα

133 1060 284 1128 σαρκὶ,
312 1062 405 1112 κσῦ⁹
451 1060 867 1130 ἐσταυρωμένον
920 1061 1103 1130 σαρκὶ,
1135 1059 1229 1112 καὶ
1279 1058 1509 1111 θανάτου
1543 1074 1671 1123 γευ-

130 1152 332 1219 σάμενον
368 1155 558 1221 σαρκὶ,
591 1154 849 1222 γεγονότα
884 1170 942 1205 τε
981 1153 1324 1224 πρωτότοκον
1352 1153 1414 1203 ἐκ
1442 1151 1668 1218 νεκρῶν,

129 1243 233 1295 καθέ
283 1245 388 1315 ζωή
447 1245 589 1307 ἐστι,
627 1245 721 1296 καὶ
763 1242 1044 1306 ζωοποιὺς,
1088 1241 1165 1305 ὡς
1211 1240 1374 1302 Θεός·
1428 1238 1672 1308 ἀνάθεμα

128 1334 258 1386 ἔστω.

400 1447 778 1516 Ἀντίῤῥησις
819 1447 934 1500 τῶν
972 1447 1370 1503 ἀνατολικῶν.

182 1557 334 1613 Πάλιν
366 1559 606 1613 ἐνταῦθα
634 1560 742 1613 τῶν
770 1561 930 1614 αὑτοῦ
957 1561 1128 1628 λόγων
1161 1559 1323 1613 αὐτὸν
1367 1558 1676 1628 ὑπομιμνή-

129 1667 321 1721 σκομεν,
350 1653 423 1716 ὡς
475 1657 656 1723 πάντη
701 1655 888 1725 άπαθῆ
935 1655 1032 1726 τὴν
1077 1655 1227 1708 θείαν
1257 1653 1417 1722 φύσιν
1447 1652 1592 1721 λέγει
1621 1652 1679 1704 ἐν

125 1741 188 1810 τῷ
211 1743 398 1815 πρώτῳ
429 1748 585 1814 τόμῳ
613 1747 839 1813 φάσκων
886 1745 1059 1808 οὕτως
1080 1763 1094 1778 ο
1146 1741 1239 1808 Εἷς
1275 1740 1366 1799 οὖν
1404 1747 1431 1798 ὁ
1465 1744 1678 1797 πάντων

127 1835 390 1906 ἀξιώτερος
412 1838 513 1906 τὴν
541 1836 678 1890 ἰδίαν
702 1836 842 1906 ὑπὲρ
871 1840 1088 1891 πάντων
1115 1837 1326 1890 τέθεικε
1349 1837 1526 1907 ψυχήν
1551 1852 1563 1863 ·
1587 1835 1679 1888 καὶ

130 1928 374 1992 συγχωρεῖ
419 1926 786 1995 οἰκονομικῶς
833 1926 1295 1991 καταϐιϐάζεσθαι
1338 1925 1472 1996 πρὸς
1508 1923 1679 1993 βραχὺ

124 2014 189 2080 τῷ
228 2015 434 2086 θανάτῳ
480 2017 582 2087 τὴν
634 2018 841 2086 σάρκα’
889 2018 1205 2088 κατήργηκε
1239 2017 1295 2070 δὲ
1332 2016 1491 2068 πάλιν
1522 2015 1682 2068 αὑτὸν

124 2105 185 2169 ὡς
201 2109 323 2178 ζωὴ,
346 2108 542 2161 παθεῖν
559 2110 659 2161 οὐκ
677 2112 1042 2180 ἀνασχόμενος
1071 2111 1132 2162 τὸ
1150 2109 1300 2178 παρὰ
1343 2108 1501 2176 φύσιν
1529 2108 1682 2161 ἰδίαν.

128 2196 357 2265 Είπωμεν
403 2195 504 2251 οὖν
554 2197 702 2268 αὺτῴ
733 2199 1186 2268 ὲναντιολογοῦντι
1207 2217 1218 2228 ·
1263 2198 1388 2262 Πῶς
1414 2194 1505 2251 οὖν
1536 2200 1563 2253 ό
1587 2199 1686 2268 τὴν

127 2289 284 2358 σάρκα
314 2291 619 2361 συγχωρῶν
655 2293 788 2363 πρὸς
836 2293 1006 2364 βραχὺ
1040 2294 1115 2364 τῷ
1146 2293 1359 2362 θανάτῳ
1391 2292 1688 2346 καταϐιϐά-

126 2374 306 2439 ζεσθαι,
337 2381 432 2432 καὶ
482 2380 776 2450 καταργῶν
801 2383 889 2435 τὸν
921 2383 1146 2435 θάνατον
1175 2383 1249 2443 ὼς
1279 2382 1413 2452 ζωὴ,
1447 2383 1543 2435 οὐκ
1589 2384 1687 2434 άν-

127 2470 354 2536 εχόμενος
403 2468 604 2524 παθεῖν
647 2473 708 2525 τὺ
740 2472 889 2543 παρὰ
933 2475 1090 2540 φύσιν
1134 2475 1288 2538 ἰδίαν,
1322 2473 1415 2526 νῦν
1455 2473 1594 2526 κατὰ
1629 2475 1687 2526 σὲ

128 2560 301 2629 πάσχει
328 2562 414 2616 διά
445 2563 548 2633 τῆς
578 2565 778 2634 σαρκός
804 2583 817 2630 ;
863 2566 1002 2618 Ἀλλ’
1028 2567 1127 2618 οὐκ
1158 2565 1369 2617 ἔπαθεν.
1390 2568 1418 2618 ό
1451 2565 1581 2627 Θεὸς
1619 2567 1684 2635 τῇ

129 2653 272 2716 σαρκὶ
323 2654 694 2721 συνημμένος,
743 2654 914 2724 ἀλλ’ἢ
971 2655 1106 2724 σάρξ
1159 2656 1408 2725 ἡνωμένη
1455 2656 1530 2725 τῷ
1572 2656 1689 2726 Θεῷ

129 2737 267 2807 Λόγῳ
297 2742 439 2792 κατὰ
470 2742 568 2811 τὴν
593 2742 758 2796 αὑτοῦ
785 2744 1132 2816 συγχώρησιν
1162 2746 1230 2798 τὰ
1261 2748 1435 2799 οἰκεῖα
1466 2747 1692 2817 ὑπέμει-

128 2841 222 2878 νεν.
248 2828 319 2879 Οὐ
365 2830 482 2899 γάρ
531 2832 604 2899 μὴ
642 2832 807 2884 αὑτοῦ
846 2835 1278 2906 συγχωροῦντος,
1309 2837 1501 2900 πάθος,
1536 2839 1568 2909 ἢ
1600 2838 1692 2892 θά-

130 2933 268 2981 νατος
298 2921 609 2988 ἐπεγένετο.
649 2924 709 2975 Ei
741 2925 848 2996 γὰρ
874 2925 1052 2996 ψυχῆς
1084 2929 1365 3000 παρούσης
1393 2931 1493 2983 οὐκ
1515 2932 1694 2999 ἐπιγί-

131 3024 260 3063 νεται
291 3012 547 3076 θάνατος,
584 3012 700 3076 πῶς
726 3012 792 3066 ἂν
817 3013 953 3067 Θεοῦ
994 3017 1278 3086 παρόντος,
1311 3021 1406 3073 κο)⁹
1435 3023 1495 3074 ού
1532 3022 1691 3090 μόνον

134 3104 375 3170 παῷντος
408 3104 622 3169 ἁπλῶς,
653 3104 788 3158 ἀλλά
829 3105 926 3158 καὶ
971 3109 1315 3177 συνημμένου
1363 3113 1485 3162 κατ’
1516 3112 1692 3180 ἄκραν

1771 654 1929 708 homo
1956 653 2274 720 intelligitur
2293 690 2308 714 ,
2336 661 2390 706 et
2418 651 2555 704 sicut
2588 662 2686 701 nos
2717 664 2732 712 ;
2760 645 2854 701 sed
2896 645 3032 698 idem
3061 642 3171 711 ipse
3215 655 3332 692 rur-

1769 761 1865 799 sus
1889 745 2031 800 Dens
2059 745 2366 808 desursum,
2398 752 2452 796 et
2489 741 2554 796 de
2587 739 2750 795 cmlo.

2052 875 2209 946 195
2238 873 2470 928 ANATH
2484 866 2872 926 EMATISMUS
2905 865 3018 920 Xll.

1845 984 1898 1038 Si
1927 985 2047 1054 quis
2085 999 2185 1038 non
2212 983 2504 1039 conﬁtetur
2531 981 2624 1038 Dei
2660 977 2895 1034 Verbum
2933 991 3092 1028 carne
3122 985 3336 1042 passum

1773 1089 1826 1133 et
1868 1077 2181 1131 crucilixum
2217 1091 2370 1140 esse,
2399 1083 2732 1142 mortemque
2781 1085 2942 1124 carne
2977 1076 3222 1138 gustasse
3256 1063 3337 1127 δ’,

1775 1183 1876 1221 nec
1911 1183 2013 1220 non
2046 1167 2459 1236 primogenitum
2497 1180 2559 1219 ex
2603 1162 2826 1217 mortuis
2862 1161 3057 1214 factum
3093 1173 3213 1214 esse
3241 1155 3287 1188 ”
3322 1195 3337 1216 .

1775 1269 2039 1328 quatenus
2082 1259 2332 1312 nimirum
2366 1269 2422 1312 ut
2456 1259 2594 1312 Deus
2628 1256 2734 1309 vita
2782 1264 2837 1310 et
2872 1252 3154 1308 vivificans
3209 1259 3292 1307 est
3325 1266 3340 1302 ;

1777 1349 2060 1403 anathema
2095 1348 2184 1401 sit.
2799 1402 2822 1439 ο

2225 1452 2572 1508 Orientalium
2621 1453 2900 1522 oppositio.

1849 1569 2044 1623 lterum
2070 1569 2156 1623 hic
2185 1583 2308 1623 eum
2345 1565 2861 1622 commonefacimus
2890 1573 3198 1616 sermonum
3230 1572 3348 1612 suo-

1782 1675 1899 1715 rum
1929 1662 1978 1714 in
2012 1673 2156 1716 tomo
2188 1663 2382 1728 primo,
2430 1660 2664 1726 qualiter
2694 1657 2916 1712 omnino
2964 1649 3348 1721 impassihilem

1782 1755 2017 1809 divinam
2052 1764 2299 1808 naturam
2332 1755 2463 1808 dicit
2502 1754 2585 1807 his
2620 1752 2802 1806 verbis
2838 1769 2850 1803 :
2886 1747 3036 1804 Unus
3061 1745 3223 1815 igitur
3259 1741 3347 1796 ille

1783 1848 2032 1902 omnibus
2060 1847 2366 1917 pretiosior,
2404 1845 2674 1914 propriam
2719 1857 2817 1911 pro
2847 1840 3002 1895 nobis
3030 1836 3206 1907 posuit
3236 1835 3356 1889 ani-

1788 1953 1927 1991 mam
1959 1939 2049 2003 '“;
2103 1949 2155 1993 et
2210 1939 2452 2007 permisit
2507 1933 2870 2003 dispensative
2926 1943 3143 1984 carnem
3199 1942 3354 1981 suam

1788 2029 1935 2083 brevi
1978 2038 2218 2098 tempore
2247 2044 2276 2082 a
2313 2037 2485 2082 morte
2520 2025 2768 2094 deprimi,
2799 2031 2854 2077 et
2890 2036 3076 2075 rursus
3126 2028 3354 2071 mortem

1788 2122 2070 2176 evacuavit
2101 2130 2156 2176 ut
2183 2121 2289 2174 vita
2314 2161 2329 2185 ,
2369 2135 2472 2174 non
2506 2120 2778 2174 sustinens
2806 2117 2950 2183 pati,
2986 2111 3126 2181 quod
3163 2119 3356 2179 prater

1792 2225 2037 2269 naturam
2085 2229 2235 2268 suam
2287 2221 2388 2269 est.
2444 2212 2693 2266 Dicamus
2758 2209 2920 2279 igitur
2951 2204 3050 2272 ipsi
3086 2199 3358 2257 contraria

1792 2308 2033 2377 loquenti
2063 2325 2075 2360 :
2112 2306 2394 2373 Quomodo
2420 2319 2546 2373 ergo
2571 2304 2659 2371 qui
2688 2300 2929 2370 permisit
2957 2309 3174 2351 carnem
3200 2307 3359 2347 suam

1791 2399 1938 2452 brevi
1999 2408 2239 2466 tempore
2278 2412 2305 2449 a
2347 2407 2520 2450 morte
2566 2392 2828 2463 deprimi,
2882 2399 2937 2444 et
2987 2389 3077 2458 qui
3133 2393 3361 2439 mortem

1791 2497 2036 2550 evacuat,
2071 2496 2254 2554 utpote
2279 2487 2407 2550 vita,
2441 2500 2546 2538 non
2571 2483 2844 2537 sustinens
2868 2482 2973 2548 pati
3002 2479 3141 2547 quod
3169 2486 3366 2543 preter

1795 2587 2041 2632 naturam
2083 2592 2236 2631 suam
2272 2585 2374 2640 est,
2402 2590 2542 2629 nunc
2565 2615 2578 2638 ,
2614 2582 2672 2628 ut
2703 2584 2756 2626 tu
2787 2572 3007 2633 asseris,
3043 2568 3247 2638 patitur
3270 2581 3367 2632 per

1795 2681 2012 2721 carnem
2047 2667 2070 2720 ?
2102 2664 2207 2721 Sed
2246 2680 2348 2719 non
2385 2674 2467 2718 est
2521 2679 2708 2733 passus
2759 2663 2899 2716 Deus
2946 2659 3093 2713 carni
3141 2656 3362 2719 nnitus;

1797 2761 1893 2814 sed
1921 2772 2048 2813 caro
2088 2759 2385 2826 conjuncta.
2406 2757 2520 2810 Deo
2552 2754 2726 2810 Verbo
2749 2795 2764 2821 ,
2794 2753 2912 2824 ejus
2937 2752 3203 2820 permissu
3238 2760 3367 2816 pro-

1797 2850 1909 2917 pria
1928 2849 2203 2902 sustinuit.
2226 2847 2338 2901 Non
2362 2847 2508 2901 enim
2542 2845 2620 2898 vel
2657 2843 2837 2913 passio
2859 2882 2873 2907 ,
2903 2839 2985 2892 vel
3028 2849 3174 2890 mors
3205 2835 3369 2887 adre.

1799 2940 2027 3002 nissent,
2049 2939 2149 2991 nisi
2177 2939 2292 3005 ipse
2319 2932 2821 3006 permisisset.Nam
2838 2931 2880 2986 si
2904 2928 3082 2983 anima
3104 2932 3371 2995 praesente

1797 3044 1904 3084 non
1918 3029 2235 3090 venitmors,
2254 3027 2519 3096 quomodo
2541 3025 2643 3078 Deo
2663 3031 2924 3092 prmsente
2941 3035 3038 3074 nec
3050 3018 3219 3072 solum
3236 3030 3373 3085 pra:-

1798 3129 1949 3176 sente
1974 3119 2311 3188 simpliciter,
2325 3119 2417 3173 sed
2435 3118 2597 3172 etiam
2612 3115 2896 3183 conjuncto
2919 3110 3210 3166 secundum
3227 3119 3373 3159 sum-

131 3193 238 3242 τίνά
281 3194 499 3258 ἕνωσιν,
526 3195 620 3248 καὶ
664 3196 811 3266 αὐτῷ
862 3197 1006 3267 μόνῳ
1052 3199 1425 3270 καταληπτὴν,
1463 3201 1690 3272 ἠνώχλει

1801 3229 1941 3265 mam
1979 3213 2266 3281 quamdam
2299 3219 2349 3264 et
2388 3211 2486 3278 ipsi
2514 3208 2610 3264 soli
2645 3202 3185 3275 comprehensibilem
3221 3198 3374 3251 unio-

131 3280 197 3347 τῷ
222 3285 406 3352 οἰκείῳ
439 3285 574 3352 ναῷ,
614 3287 688 3356 μὴ
715 3288 1118 3358 συγχωροῦντος
1144 3289 1328 3352 αὑτοῦ,
1373 3291 1414 3361 ἢ·
1438 3294 1626 3356 παθος,
1662 3295 1692 3366 ἢ

137 3371 342 3435 θάνατος
373 3390 388 3436 ;
433 3375 596 3428 Ἀλλά
628 3377 736 3448 γάρ
775 3380 872 3449 οὐχ
907 3381 937 3450 ἡ
971 3380 1169 3452 Θεότης
1200 3384 1266 3452 τῇ
1298 3385 1461 3453 σαρκὶ
1499 3403 1697 3455 συνημ-

140 3464 254 3535 μένη
304 3466 549 3549 ἓπαθενξ
582 3468 755 3539 ἀλλ’ἢ
805 3471 938 3541 σάρξ
983 3474 1366 3546 συγχωρούσης
1416 3477 1583 3546 αὐτῆς
1629 3479 1697 3533 τά

136 3559 289 3612 οἰκεῖα
331 3561 650 3629 ὑπέμεινεν.
698 3560 836 3614 Ἀλλ’
867 3564 945 3616 ὅτι
979 3567 1302 3637 κακούργοις
1342 3570 1487 3641 αὐτῷ
1521 3575 1696 3626 κεῖται

137 3649 188 3700 τὸ
230 3651 440 3705 Ἔπαθε
474 3652 654 3721 σαρκὶ,
681 3655 816 3722 πρὸς
863 3655 1111 3728 πλάνηντ
1160 3659 1269 3712 τῶν
1304 3661 1698 3734 άφελεστὲρων,

140 3745 394 3815 πρῶηλον
430 3745 682 3798 αὐτόθεν·
720 3748 780 3798 οὐ
832 3748 941 3820 γάρ
991 3752 1223 3819 ἐφύλαξε
1271 3755 1332 3807 τὸ
1377 3756 1584 3819 ἀπαθὲς
1634 3762 1698 3830 τῇ

141 3834 244 3908 θείᾳ
292 3838 480 3908 φύσει.
530 3838 586 3889 Ὀ
616 3837 809 3906 εἰπὼν,
857 3843 1068 3895 Ἔπαθε
1118 3848 1302 3915 σαρκὶ,
1345 3846 1494 3899 οὐδὲν
1517 3847 1702 3917 ἕτερον

141 3929 249 3999 ἔφη,
279 3931 314 4001 ἢ
356 3930 499 3998 μετά
545 3930 745 3998 σαρκὸς
771 3933 981 3986 παθεῖν.
1012 3934 1129 3987 Κᾶν
1160 3935 1252 3990 οὖν
1281 3937 1418 4006 μετὰ
1447 3941 1543 4007 τῆς
1576 3958 1703 4008 σαρ-

142 4019 219 4083 κὸς
243 4021 438 4082 ἔπαθε,
469 4018 706 4088 παθητὸς
738 4021 1182 4094 ῶμολόγηται.Ἦ
1219 4030 1327 4098 γάρ
1378 4030 1518 4082 κατὰ
1545 4029 1704 4099 φύσιν

142 4112 260 4181 ἔχων
291 4114 354 4167 τὸ
384 4111 576 4164 παθεῖν
599 4123 645 4177 ’,
681 4112 901 4181 ἔπαθεν,
934 4119 965 4188 ἢ
997 4118 1144 4188 παρὰ
1173 4118 1352 4185 φύσιν.
1390 4123 1498 4174 Καὶ
1525 4125 1571 4174 εἰ
1607 4124 1703 4193 μὲν

143 4205 266 4258 κατὰ
320 4202 486 4273 φύσιν
533 4202 753 4267 ἔπαθεν,
787 4206 937 4260 ἔσται
987 4210 1078 4261 καὶ
1123 4210 1151 4260 ὁ
1201 4210 1388 4279 Πατὴρ
1443 4213 1702 4281 παθητὸς,

141 4292 414 4359 ὁμοούσιος
445 4289 519 4342 ῶν
554 4291 629 4360 τῷ
663 4293 775 4364 Υἱῴ
795 4312 808 4327 °
841 4299 1050 4366 ἀνάγκη
1100 4298 1206 4367 γάρ
1256 4303 1536 4369 προσεῖναι
1569 4305 1705 4355 πάν-

142 4399 231 4447 τως
278 4383 359 4451 τῷ
412 4385 780 4452 γεγεννηκότι,
817 4387 913 4439 ὅσα
948 4387 1022 4456 τῷ
1054 4387 1361 4455 γεννηθέντι
1392 4391 1701 4459 πρόσεστιν.

145 4475 197 4527 ‘ll
244 4473 618 4544 ὁμολογοῦμεν
652 4475 810 4529 αὐτὸν
863 4479 960 4547 μὲν
1011 4477 1354 4542 πεπονθέναι,
1387 4482 1706 4550 ἐπιτηδείως

1806 3318 1950 3365 nem,
1988 3305 2234 3357 turbaret
2269 3304 2385 3370 ejus
2418 3300 2694 3366 templum,
2723 3298 2838 3364 ipso
2869 3310 2972 3348 non
3004 3290 3373 3360 permittente,

1803 3393 1886 3447 vel
1945 3392 2160 3462 passio,
2210 3393 2291 3444 vel
2351 3389 2555 3444 mors?
2619 3387 2780 3455 Atqui
2838 3399 2942 3437 non
2996 3381 3165 3435 deitas
3225 3376 3372 3432 carni

1807 3484 1953 3537 unita
1992 3498 2147 3551 passa
2194 3483 2330 3547 fuit;
2363 3484 2452 3534 sccl
2498 3493 2665 3540 caro,
2701 3478 2817 3545 ipso
2846 3473 3211 3544 permittente,
3250 3482 3376 3536 pro-

1805 3575 1920 3646 pria
1960 3574 2236 3629 sustinuit.
2279 3573 2540 3628 Cceternm
2595 3570 2736 3637 quod
2799 3566 3029 3635 maligne
3081 3561 3146 3614 ab
3190 3574 3256 3614 eo
3277 3557 3376 3610 ad-

1806 3669 1973 3722 ditum
2018 3668 2090 3722 sit
2133 3667 2255 3730 hoc,
2295 3665 2513 3718 Passum
2551 3672 2632 3717 est
2665 3671 2827 3714 carne
2851 3701 2864 3724 ,
2901 3656 2967 3709 ad
3009 3651 3380 3708 sedttctionem

1808 3759 2190 3826 simpliciorum
2213 3798 2227 3822 ,
2266 3756 2497 3809 indidem
2533 3754 2636 3807 erit
2660 3748 3002 3806 manifestum
3038 3764 3052 3799 :
3090 3757 3192 3795 non
3234 3737 3377 3792 enim

1809 3847 2041 3904 servavit
2084 3844 2469 3914 impassibilem
2497 3842 2735 3895 divinam
2762 3849 3029 3892 naturam.
3071 3831 3172 3899 Qui
3201 3828 3371 3890 dixit,

1810 3943 2033 3996 Passum
2082 3948 2164 3993 est
2209 3951 2406 4001 carne,
2454 3933 2585 3988 nihil
2639 3931 2781 3986 aliud
2837 3927 3006 3992 dixit,
3054 3937 3215 3993 quam
3259 3932 3380 3973 cum

1811 4046 1973 4084 carne
2006 4028 2174 4082 fuisse
2219 4042 2455 4097 passum.
2514 4021 2769 4090 Quamvis
2801 4033 2930 4088 ergo
2968 4032 3088 4072 cum
3127 4025 3292 4066 carne
3315 4007 3384 4062 sit

1810 4136 2028 4190 passus,
2062 4118 2409 4173 nihilominus
2440 4115 2710 4183 passibilis
2766 4110 3048 4165 asseritur.
3092 4107 3198 4157 Ant
3237 4099 3382 4154 enim

1811 4212 2106 4267 secundum
2147 4219 2394 4264 naturam
2428 4207 2631 4261 habens
2662 4215 2718 4258 ιιι
2749 4210 3043 4272 pateretur,
3067 4206 3147 4251 est
3172 4207 3383 4262 passus,

1812 4313 1903 4355 aut
1928 4311 2120 4371 pravter
2148 4311 2417 4354 naturam.
2461 4298 2537 4352 Ac
2569 4299 2613 4351 si
2639 4294 2932 4350 secundum
2979 4299 3228 4343 naturam
3258 4299 3384 4352 pas-

1812 4411 1901 4447 sus
1953 4406 2066 4450 est.
2112 4393 2215 4448 erit
2260 4401 2314 4445 et
2352 4390 2513 4444 Pater
2553 4385 2860 4457 passibilis,
2908 4375 3386 4437 consubstantialis

1812 4487 2079 4543 exsislens
2131 4483 2284 4538 Filio.
2337 4481 2568 4535 Necesse
2632 4488 2715 4533 cst
2754 4477 2896 4530 enim
2966 4473 3145 4527 omnia
3197 4468 3387 4521 adesse

143 4569 322 4636 ἔχοντα
355 4565 490 4634 πρὸς
525 4567 584 4618 τὸ
621 4568 809 4632 πάθος,
832 4571 920 4623 τὸν
948 4571 1002 4623 δὲ
1029 4570 1244 4640 Πατέρα
1270 4571 1459 4623 παθεῖν
1488 4574 1561 4644 μὴ
1584 4575 1696 4626 ἐπι·

1812 4576 2041 4648 genitori
2082 4591 2200 4644 qua:
2245 4570 2413 4625 soboli
2446 4571 2658 4622 adsunt.
2703 4568 2808 4619 Aut
2839 4561 3218 4618 conﬁtebimur
3262 4569 3385 4606 eum

142 4660 246 4730 δέχε
257 4659 400 4711 σθαι.
421 4657 556 4709 Ἀλλ’
572 4656 713 4710 οὕτω
729 4659 974 4729 λέγοντες
997 4661 1376 4730 συναινέσομεν
1399 4664 1708 4731 αἱρετικοῖς,

144 4749 350 4818 λέγουσι
391 4747 492 4817 τὴν
532 4748 758 4820 θεότητα
791 4753 882 4805 τοῦ
923 4751 1241 4822 μονογενοῦς
1274 4753 1399 4805 Υίοῦ
1440 4756 1709 4826 παθητὴν,

143 4844 228 4910 τὴν
271 4841 324 4891 δὲ
361 4839 454 4891 τοῦ
491 4841 701 4911 [ἰατρὸς
733 4845 806 4915 μὴ
833 4845 1170 4914 ἐπιδέχεσθαι
1218 4845 1418 4907 πάθος’
1456 4847 1577 4898 ὅθεν
1621 4851 1715 4900 καὶ

144 4936 194 4984 τὺ
240 4931 578 4999 ἐτερυούσιον
609 4934 876 5002 λέγουσιν.
914 4938 973 4988 ΕΞ
1003 4938 1056 4987 δὲ
1089 4936 1318 5003 φήσουσι
1369 4938 1518 5005 παρὰ
1552 4938 1711 5004 φύσιν

144 5023 296 5074 αὐτὸν
327 5023 673 5089 πεπονθέναι,
705 5027 936 5096 ἐροῦμεν
957 5044 968 5056 ·
1001 5027 1107 5078 Καὶ
1130 5028 1279 5078 ποῖον
1308 5028 1473 5089 πάθος
1504 5029 1712 5098 ἰσχυρό-

143 5132 292 5183 τερον
319 5114 420 5183 τῆς
451 5115 600 5180 θείας
626 5119 858 5187 φύσεως,
887 5118 1024 5169 ὥστε
1053 5117 1131 5180 εἰς
1161 5119 1219 5170 τὸ
1253 5119 1401 5188 παρὰ
1430 5120 1585 5186 φύσιν
1614 5119 1715 5172 πά·

146 5205 228 5267 θος
261 5206 483 5259 ἑλκύσαι
516 5211 606 5262 τὸν
651 5211 790 5263 κατὰ
836 5209 994 5277 φύσιν
1041 5209 1260 5279 άπαθῆς
1305 5211 1464 5261 Ἀλλά
1512 5228 1673 5280 φησιν
1700 5227 1713 5240 ·

147 5297 311 5348 Αὑτοῦ
361 5297 640 5370 βούλησις.
702 5301 862 5354 Ἀλλά
892 5317 1100 5370 φαμεν·
1146 5302 1206 5353 'll
1248 5300 1408 5354 αὑτοῦ
1464 5303 1716 5372 βούλησις

153 5387 376 5458 ἀπαθής.
419 5393 790 5463 Ζητοῦμενιδὲ
825 5394 994 5457 πάθος
1026 5394 1084 5447 τὸ
1113 5395 1210 5464 τὴν
1241 5395 1422 5464 ἀπαθῆ
1453 5395 1611 5464 φύσιν
1638 5397 1716 5455 είς

224 5545 258 5571 ⁸³
295 5543 448 5598 llcbr.
481 5565 542 5610 tt,
569 5546 626 5601 9.

709 5550 755 5579 ⁵ο
797 5549 1002 5604 Coloss.
1041 5567 1074 5615 t,
1117 5551 1195 5604 18.
1275 5552 1314 5580 ⁵⁸
1345 5552 1498 5604 Joan.
1538 5565 1612 5607 nt,
1660 5546 1739 5598 l6.

1815 4671 2029 4736 quidem
2078 4681 2291 4735 passum
2331 4678 2486 4726 esse,
2520 4670 2703 4726 utpote
2747 4669 2931 4724 aptum
2970 4653 3033 4705 ad
3057 4649 3388 4719 passionem,

1821 4733 1979 4829 i96
1998 4733 2214 4810 Patrem
2241 4769 2369 4807 vero
2391 4769 2494 4806 non
2522 4748 2804 4803 admittere
2828 4743 3153 4812 passionem.
3188 4733 3387 4788 Verum

1815 4852 1894 4904 sic
1967 4851 2208 4902 dicentes
2255 4843 2660 4897 cnnsentiemus
2726 4835 2996 4890 hmreticis
3064 4824 3387 4886 dicentibus,

1817 4944 2070 4997 deitatem
2124 4938 2385 5004 nnigeniti
2448 4932 2566 4988 Filii
2618 4928 2968 4999 passihiletn,
3034 4921 3210 4974 Patris
3259 4931 3388 4969 vero

1819 5034 2074 5087 deitatem
2103 5047 2204 5084 non
2232 5028 2519 5080 admittere
2545 5021 2846 5088 paSsioncnt
2879 5035 2891 5068 :
2917 5015 3054 5067 unde
3089 5011 3231 5062 illam
3257 5008 3390 5060 alte-

1823 5125 1931 5176 rius
1995 5120 2306 5175 substantizu
2356 5129 2477 5168 esse
2529 5112 2737 5167 dicunt.
2800 5109 2856 5162 Si
2905 5115 3080 5158 autem
3131 5099 3386 5162 dixerint,

1818 5221 2012 5282 ιιι-αξιοι·
2061 5219 2303 5261 naturam
2359 5206 2531 5272 ipsum
2578 5215 2790 5271 passum
2835 5210 2951 5248 esse
2975 5236 2986 5257 ,
3013 5193 3253 5244 dicemus
3285 5210 3296 5243 :
3325 5189 3390 5243 Et

1821 5320 1936 5371 qua:
1971 5300 2147 5368 passio
2184 5296 2373 5351 fortior
2405 5307 2486 5350 est
2520 5295 2692 5348 divina
2726 5301 2913 5342 natura
2942 5326 2956 5348 ,
2993 5285 3063 5338 ita
3097 5294 3154 5337 ιιι
3199 5295 3387 5337 natura

1825 5389 2212 5459 impassihiletn
2238 5388 2469 5459 passioni
2490 5395 2683 5456 pt‘wlcr
2700 5390 2946 5434 naturam
2967 5373 3253 5446 subjiciat?
3284 5373 3388 5428 Sed

1209 5703 1377 5756 Varlat'
1409 5702 1661 5757 lectiones
1688 5713 1752 5753 ex
1785 5696 1968 5753 codice
1992 5699 2366 5769 Segtticriann.

221 5851 240 5881 ι
269 5843 550 5909 πλάνησιν.
639 5847 658 5873 ³
699 5834 880 5899 πάθος.
