  <div class='ocr_page' id='page_1' title='image "/cluster/home/n/w/nwhite01/storage/ocr_20150623/76/uva.x030486937/199.png"; bbox 0 0 4108 6476; ppageno 0'>
   <div class='ocr_carea' id='block_1_1' title="bbox 665 386 768 444">
    <p class='ocr_par' dir='ltr' id='par_1_1' title="bbox 665 386 768 444">
     <span class='ocr_line' id='line_1_1' title="bbox 665 386 768 444; baseline 0.019 -2"><span class='ocrx_word' id='word_1_1' title='bbox 665 386 768 444; x_wconf 77' lang='grc' dir='ltr'><strong>5¹ί9</strong></span> 
     </span>
    </p>
   </div>
   <div class='ocr_carea' id='block_1_2' title="bbox 1665 387 2925 445">
    <p class='ocr_par' dir='ltr' id='par_1_2' title="bbox 1665 387 2925 445">
     <span class='ocr_line' id='line_1_2' title="bbox 1665 387 2925 445; baseline 0.002 -3"><span class='ocrx_word' id='word_1_2' title='bbox 1665 388 1722 442; x_wconf 90' lang='lat' dir='ltr'><strong>S.</strong></span> <span class='ocrx_word' id='word_1_3' title='bbox 1767 387 2045 443; x_wconf 76' lang='lat' dir='ltr'><strong>CYBILLI</strong></span> <span class='ocrx_word' id='word_1_4' title='bbox 2084 387 2559 444; x_wconf 79' lang='lat' dir='ltr'><strong>ALEXANDRINI</strong></span> <span class='ocrx_word' id='word_1_5' title='bbox 2602 388 2925 445; x_wconf 80' lang='lat' dir='ltr'><strong>ARCHIEP.</strong></span> 
     </span>
    </p>
   </div>
   <div class='ocr_carea' id='block_1_3' title="bbox 3819 391 3927 448">
    <p class='ocr_par' dir='ltr' id='par_1_3' title="bbox 3819 391 3927 448">
     <span class='ocr_line' id='line_1_3' title="bbox 3819 391 3927 448; baseline 0.019 -2"><span class='ocrx_word' id='word_1_6' title='bbox 3819 391 3927 448; x_wconf 73' lang='lat'><strong>380</strong></span> 
     </span>
    </p>
   </div>
   <div class='ocr_carea' id='block_1_4' title="bbox 664 502 2247 577">
    <p class='ocr_par' dir='ltr' id='par_1_4' title="bbox 664 502 2237 573">
     <span class='ocr_line' id='line_1_4' title="bbox 664 502 2237 573; baseline 0.003 -16"><span class='ocrx_word' id='word_1_7' title='bbox 664 505 796 558; x_wconf 92' lang='lat' dir='ltr'><strong>dicit</strong></span> <span class='ocrx_word' id='word_1_8' title='bbox 833 521 847 556; x_wconf 91' lang='lat'><strong>:</strong></span> <span class='ocrx_word' id='word_1_9' title='bbox 886 503 1014 573; x_wconf 84' lang='lat' dir='ltr'><strong>Ejus</strong></span> <span class='ocrx_word' id='word_1_10' title='bbox 1055 502 1322 557; x_wconf 76' lang='lat' dir='ltr'><strong>voluntas.</strong></span> <span class='ocrx_word' id='word_1_11' title='bbox 1384 505 1453 557; x_wconf 80' lang='lat' dir='ltr'><strong>At</strong></span> <span class='ocrx_word' id='word_1_12' title='bbox 1499 519 1598 559; x_wconf 91' lang='lat' dir='ltr'><strong>nos</strong></span> <span class='ocrx_word' id='word_1_13' title='bbox 1649 505 1879 560; x_wconf 81' lang='lat' dir='ltr'><strong>dicimus</strong></span> <span class='ocrx_word' id='word_1_14' title='bbox 1923 524 1934 558; x_wconf 90' lang='lat'><strong>:</strong></span> <span class='ocrx_word' id='word_1_15' title='bbox 1976 505 2237 562; x_wconf 81' lang='lat' dir='ltr'><strong>Voluntas</strong></span> 
     </span>
    </p>
   </div>
   <div class='ocr_carea' id='block_1_5' title="bbox 2353 502 3928 577">
    <p class='ocr_par' dir='ltr' id='par_1_5' title="bbox 2353 504 3928 577">
     <span class='ocr_line' id='line_1_5' title="bbox 2353 504 3928 577; baseline -0.001 -18"><span class='ocrx_word' id='word_1_16' title='bbox 2353 506 2436 577; x_wconf 79' lang='grc' dir='ltr'><strong>τὴν</strong></span> <span class='ocrx_word' id='word_1_17' title='bbox 2470 506 2636 560; x_wconf 82' lang='grc' dir='ltr'>αὑτοῦ</span> <span class='ocrx_word' id='word_1_18' title='bbox 2667 507 2975 577; x_wconf 74' lang='grc' dir='ltr'>ἐμπάοειαν</span> <span class='ocrx_word' id='word_1_19' title='bbox 3007 504 3587 577; x_wconf 80' lang='grc' dir='ltr'>μετενέγκαν.⁹Δλλως</span> <span class='ocrx_word' id='word_1_20' title='bbox 3637 522 3695 557; x_wconf 86' lang='grc' dir='ltr'><strong>τε</strong></span> <span class='ocrx_word' id='word_1_21' title='bbox 3744 505 3862 560; x_wconf 62' lang='grc' dir='ltr'><strong>και</strong></span> <span class='ocrx_word' id='word_1_22' title='bbox 3893 506 3928 575; x_wconf 78' lang='grc' dir='ltr'>ἡ</span> 
     </span>
    </p>
   </div>
   <div class='ocr_carea' id='block_1_6' title="bbox 665 592 2231 667">
    <p class='ocr_par' dir='ltr' id='par_1_6' title="bbox 665 592 2231 667">
     <span class='ocr_line' id='line_1_6' title="bbox 665 592 2231 667; baseline 0.004 -21"><span class='ocrx_word' id='word_1_23' title='bbox 665 593 783 660; x_wconf 78' lang='lat' dir='ltr'><strong>ejus</strong></span> <span class='ocrx_word' id='word_1_24' title='bbox 815 592 1162 662; x_wconf 87' lang='lat' dir='ltr'><strong>impassibilis</strong></span> <span class='ocrx_word' id='word_1_25' title='bbox 1213 603 1293 649; x_wconf 88' lang='lat' dir='ltr'><strong>est</strong></span> <span class='ocrx_word' id='word_1_26' title='bbox 1320 613 1334 658; x_wconf 86' lang='lat'><strong>;</strong></span> <span class='ocrx_word' id='word_1_27' title='bbox 1365 609 1462 649; x_wconf 89' lang='lat' dir='ltr'><strong>nos</strong></span> <span class='ocrx_word' id='word_1_28' title='bbox 1492 605 1670 650; x_wconf 84' lang='lat' dir='ltr'><strong>autem</strong></span> <span class='ocrx_word' id='word_1_29' title='bbox 1703 598 1993 666; x_wconf 57' lang='lat' dir='ltr'><strong>quatrimus</strong></span> <span class='ocrx_word' id='word_1_30' title='bbox 2026 600 2231 667; x_wconf 83' lang='lat' dir='ltr'><strong>passio-</strong></span> 
     </span>
    </p>
   </div>
   <div class='ocr_carea' id='block_1_7' title="bbox 665 684 2235 756">
    <p class='ocr_par' dir='ltr' id='par_1_7' title="bbox 665 684 2235 756">
     <span class='ocr_line' id='line_1_7' title="bbox 665 684 2235 756; baseline 0.004 -20"><span class='ocrx_word' id='word_1_31' title='bbox 665 698 810 747; x_wconf 86' lang='lat' dir='ltr'><strong>nem,</strong></span> <span class='ocrx_word' id='word_1_32' title='bbox 830 697 949 752; x_wconf 65' lang='lat' dir='ltr'><strong>qua:</strong></span> <span class='ocrx_word' id='word_1_33' title='bbox 969 684 1352 753; x_wconf 85' lang='lat' dir='ltr'><strong>impassibilem</strong></span> <span class='ocrx_word' id='word_1_34' title='bbox 1378 692 1621 740; x_wconf 86' lang='lat' dir='ltr'><strong>naturam</strong></span> <span class='ocrx_word' id='word_1_35' title='bbox 1656 687 1706 740; x_wconf 91' lang='lat' dir='ltr'><strong>in</strong></span> <span class='ocrx_word' id='word_1_36' title='bbox 1731 702 1884 742; x_wconf 84' lang='lat' dir='ltr'><strong>suam</strong></span> <span class='ocrx_word' id='word_1_37' title='bbox 1911 687 2235 756; x_wconf 83' lang='lat' dir='ltr'><strong>passibilita-</strong></span> 
     </span>
    </p>
   </div>
   <div class='ocr_carea' id='block_1_8' title="bbox 665 776 2236 846">
    <p class='ocr_par' dir='ltr' id='par_1_8' title="bbox 665 776 2236 846">
     <span class='ocr_line' id='line_1_8' title="bbox 665 776 2236 846; baseline 0.003 -19"><span class='ocrx_word' id='word_1_38' title='bbox 665 787 767 828; x_wconf 85' lang='lat' dir='ltr'><strong>teni</strong></span> <span class='ocrx_word' id='word_1_39' title='bbox 799 776 1153 830; x_wconf 88' lang='lat' dir='ltr'><strong>transtulerit.</strong></span> <span class='ocrx_word' id='word_1_40' title='bbox 1182 777 1394 846; x_wconf 84' lang='lat' dir='ltr'><strong>Alioqui</strong></span> <span class='ocrx_word' id='word_1_41' title='bbox 1423 788 1480 831; x_wconf 91' lang='lat' dir='ltr'><strong>et</strong></span> <span class='ocrx_word' id='word_1_42' title='bbox 1506 777 1687 831; x_wconf 89' lang='lat' dir='ltr'><strong>divina</strong></span> <span class='ocrx_word' id='word_1_43' title='bbox 1716 778 1962 834; x_wconf 80' lang='lat' dir='ltr'><strong>voluntas</strong></span> <span class='ocrx_word' id='word_1_44' title='bbox 1991 778 2077 835; x_wconf 86' lang='lat' dir='ltr'><strong>illa</strong></span> <span class='ocrx_word' id='word_1_45' title='bbox 2123 779 2236 832; x_wconf 84' lang='lat' dir='ltr'><strong>vult</strong></span> 
     </span>
    </p>
   </div>
   <div class='ocr_carea' id='block_1_9' title="bbox 661 866 2233 939">
    <p class='ocr_par' dir='ltr' id='par_1_9' title="bbox 661 866 2233 939">
     <span class='ocr_line' id='line_1_9' title="bbox 661 866 2233 939; baseline 0.003 -20"><span class='ocrx_word' id='word_1_46' title='bbox 661 882 782 934; x_wconf 63' lang='lat' dir='ltr'><strong>quae.</strong></span> <span class='ocrx_word' id='word_1_47' title='bbox 815 881 872 920; x_wconf 92' lang='lat' dir='ltr'><strong>se</strong></span> <span class='ocrx_word' id='word_1_48' title='bbox 901 866 1114 922; x_wconf 82' lang='lat' dir='ltr'><strong>decent.</strong></span> <span class='ocrx_word' id='word_1_49' title='bbox 1167 866 1232 922; x_wconf 86' lang='lat' dir='ltr'><strong>Et</strong></span> <span class='ocrx_word' id='word_1_50' title='bbox 1276 869 1424 936; x_wconf 89' lang='lat' dir='ltr'><strong>quid,</strong></span> <span class='ocrx_word' id='word_1_51' title='bbox 1473 868 1674 937; x_wconf 84' lang='lat' dir='ltr'><strong>inquit,</strong></span> <span class='ocrx_word' id='word_1_52' title='bbox 1719 869 2031 934; x_wconf 82' lang='lat' dir='ltr'><strong>decentius,</strong></span> <span class='ocrx_word' id='word_1_53' title='bbox 2075 885 2233 939; x_wconf 91' lang='lat' dir='ltr'><strong>quam</strong></span> 
     </span>
    </p>
   </div>
   <div class='ocr_carea' id='block_1_10' title="bbox 661 955 2233 1027">
    <p class='ocr_par' dir='ltr' id='par_1_10' title="bbox 661 955 2233 1027">
     <span class='ocr_line' id='line_1_10' title="bbox 661 955 2233 1027; baseline 0.003 -19"><span class='ocrx_word' id='word_1_54' title='bbox 661 955 872 1009; x_wconf 87' lang='lat' dir='ltr'><strong>salvare</strong></span> <span class='ocrx_word' id='word_1_55' title='bbox 919 957 1192 1010; x_wconf 89' lang='lat' dir='ltr'><strong>hominum</strong></span> <span class='ocrx_word' id='word_1_56' title='bbox 1261 959 1490 1026; x_wconf 80' lang='lat' dir='ltr'><strong>genus?</strong></span> <span class='ocrx_word' id='word_1_57' title='bbox 1533 958 1598 1012; x_wconf 86' lang='lat' dir='ltr'><strong>Et</strong></span> <span class='ocrx_word' id='word_1_58' title='bbox 1654 974 1760 1027; x_wconf 90' lang='lat' dir='ltr'><strong>quo</strong></span> <span class='ocrx_word' id='word_1_59' title='bbox 1816 967 1972 1027; x_wconf 91' lang='lat' dir='ltr'><strong>pacto</strong></span> <span class='ocrx_word' id='word_1_60' title='bbox 2023 959 2233 1014; x_wconf 90' lang='lat' dir='ltr'><strong>salvum</strong></span> 
     </span>
    </p>
   </div>
   <div class='ocr_carea' id='block_1_11' title="bbox 659 1044 2232 1116">
    <p class='ocr_par' dir='ltr' id='par_1_11' title="bbox 659 1044 2232 1116">
     <span class='ocr_line' id='line_1_11' title="bbox 659 1044 2232 1116; baseline 0.003 -19"><span class='ocrx_word' id='word_1_61' title='bbox 659 1056 803 1098; x_wconf 80' lang='lat' dir='ltr'><strong>esset</strong></span> <span class='ocrx_word' id='word_1_62' title='bbox 822 1044 1115 1099; x_wconf 87' lang='lat' dir='ltr'><strong>humanum</strong></span> <span class='ocrx_word' id='word_1_63' title='bbox 1142 1060 1311 1115; x_wconf 82' lang='lat' dir='ltr'><strong>genus</strong></span> <span class='ocrx_word' id='word_1_64' title='bbox 1330 1048 1395 1100; x_wconf 87' lang='lat' dir='ltr'><strong>ad</strong></span> <span class='ocrx_word' id='word_1_65' title='bbox 1421 1048 1908 1116; x_wconf 88' lang='lat' dir='ltr'><strong>impassibilitatem</strong></span> <span class='ocrx_word' id='word_1_66' title='bbox 1941 1049 2232 1114; x_wconf 87' lang='lat' dir='ltr'><strong>transiens,</strong></span> 
     </span>
    </p>
   </div>
   <div class='ocr_carea' id='block_1_12' title="bbox 661 1136 2235 1211">
    <p class='ocr_par' dir='ltr' id='par_1_12' title="bbox 661 1136 2235 1211">
     <span class='ocr_line' id='line_1_12' title="bbox 661 1136 2235 1211; baseline 0.003 -21"><span class='ocrx_word' id='word_1_67' title='bbox 661 1137 706 1190; x_wconf 85' lang='lat' dir='ltr'><strong>si</strong></span> <span class='ocrx_word' id='word_1_68' title='bbox 746 1136 982 1190; x_wconf 87' lang='lat' dir='ltr'><strong>divinant</strong></span> <span class='ocrx_word' id='word_1_69' title='bbox 1025 1146 1081 1192; x_wconf 92' lang='lat' dir='ltr'><strong>et</strong></span> <span class='ocrx_word' id='word_1_70' title='bbox 1117 1138 1497 1208; x_wconf 88' lang='lat' dir='ltr'><strong>lmpassibilem</strong></span> <span class='ocrx_word' id='word_1_71' title='bbox 1555 1145 1798 1194; x_wconf 83' lang='lat' dir='ltr'><strong>naturam</strong></span> <span class='ocrx_word' id='word_1_72' title='bbox 1837 1142 1887 1193; x_wconf 92' lang='lat' dir='ltr'><strong>in</strong></span> <span class='ocrx_word' id='word_1_73' title='bbox 1929 1142 2235 1211; x_wconf 79' lang='lat' dir='ltr'><strong>passionem</strong></span> 
     </span>
    </p>
   </div>
   <div class='ocr_carea' id='block_1_13' title="bbox 661 1226 2234 1296">
    <p class='ocr_par' dir='ltr' id='par_1_13' title="bbox 661 1226 2234 1296">
     <span class='ocr_line' id='line_1_13' title="bbox 661 1226 2234 1296; baseline 0.002 -17"><span class='ocrx_word' id='word_1_74' title='bbox 661 1227 926 1296; x_wconf 83' lang='lat' dir='ltr'><strong>pertrahit</strong></span> <span class='ocrx_word' id='word_1_75' title='bbox 955 1227 982 1281; x_wconf 72' lang='grc' dir='ltr'><strong><em>τ</em></strong></span> <span class='ocrx_word' id='word_1_76' title='bbox 1034 1226 1266 1282; x_wconf 90' lang='lat' dir='ltr'><strong>Omnino</strong></span> <span class='ocrx_word' id='word_1_77' title='bbox 1319 1229 1462 1282; x_wconf 89' lang='lat' dir='ltr'><strong>enim</strong></span> <span class='ocrx_word' id='word_1_78' title='bbox 1503 1239 1560 1282; x_wconf 93' lang='lat' dir='ltr'><strong>ut</strong></span> <span class='ocrx_word' id='word_1_79' title='bbox 1606 1228 1796 1283; x_wconf 80' lang='lat' dir='ltr'><strong>fortior</strong></span> <span class='ocrx_word' id='word_1_80' title='bbox 1849 1229 2124 1283; x_wconf 85' lang='lat' dir='ltr'><strong>transtulit</strong></span> <span class='ocrx_word' id='word_1_81' title='bbox 2169 1229 2234 1282; x_wconf 93' lang='lat' dir='ltr'><strong>ad</strong></span> 
     </span>
    </p>
   </div>
   <div class='ocr_carea' id='block_1_14' title="bbox 662 1317 2238 1389">
    <p class='ocr_par' dir='ltr' id='par_1_14' title="bbox 662 1317 2238 1389">
     <span class='ocr_line' id='line_1_14' title="bbox 662 1317 2238 1389; baseline 0.002 -18"><span class='ocrx_word' id='word_1_82' title='bbox 662 1332 812 1371; x_wconf 89' lang='lat' dir='ltr'><strong>suam</strong></span> <span class='ocrx_word' id='word_1_83' title='bbox 833 1317 1242 1385; x_wconf 87' lang='lat' dir='ltr'><strong>passibilitatem</strong></span> <span class='ocrx_word' id='word_1_84' title='bbox 1284 1318 1334 1372; x_wconf 91' lang='lat' dir='ltr'><strong>id</strong></span> <span class='ocrx_word' id='word_1_85' title='bbox 1357 1319 1498 1387; x_wconf 87' lang='lat' dir='ltr'><strong>quod</strong></span> <span class='ocrx_word' id='word_1_86' title='bbox 1521 1328 1636 1374; x_wconf 90' lang='lat' dir='ltr'><strong>erat</strong></span> <span class='ocrx_word' id='word_1_87' title='bbox 1653 1318 2004 1389; x_wconf 88' lang='lat' dir='ltr'><strong>impassibile.</strong></span> <span class='ocrx_word' id='word_1_88' title='bbox 2028 1318 2093 1373; x_wconf 86' lang='lat' dir='ltr'><strong>Et</strong></span> <span class='ocrx_word' id='word_1_89' title='bbox 2113 1335 2238 1388; x_wconf 69' lang='lat' dir='ltr'><strong>quae</strong></span> 
     </span>
    </p>
   </div>
   <div class='ocr_carea' id='block_1_15' title="bbox 661 1405 2239 1476">
    <p class='ocr_par' dir='ltr' id='par_1_15' title="bbox 661 1405 2239 1476">
     <span class='ocr_line' id='line_1_15' title="bbox 661 1405 2239 1476; baseline 0.003 -18"><span class='ocrx_word' id='word_1_90' title='bbox 661 1405 864 1460; x_wconf 82' lang='lat' dir='ltr'><strong>utilitas</strong></span> <span class='ocrx_word' id='word_1_91' title='bbox 903 1405 1139 1473; x_wconf 87' lang='lat' dir='ltr'><strong>passibili</strong></span> <span class='ocrx_word' id='word_1_92' title='bbox 1165 1444 1180 1468; x_wconf 91' lang='lat'><strong>,</strong></span> <span class='ocrx_word' id='word_1_93' title='bbox 1222 1407 1265 1460; x_wconf 90' lang='lat' dir='ltr'><strong>si</strong></span> <span class='ocrx_word' id='word_1_94' title='bbox 1305 1417 1358 1460; x_wconf 92' lang='lat' dir='ltr'><strong>et</strong></span> <span class='ocrx_word' id='word_1_95' title='bbox 1396 1407 1723 1476; x_wconf 87' lang='lat' dir='ltr'><strong>impassibile</strong></span> <span class='ocrx_word' id='word_1_96' title='bbox 1773 1407 2028 1476; x_wconf 85' lang='lat' dir='ltr'><strong>passibile</strong></span> <span class='ocrx_word' id='word_1_97' title='bbox 2085 1409 2176 1462; x_wconf 89' lang='lat' dir='ltr'><strong>flat</strong></span> <span class='ocrx_word' id='word_1_98' title='bbox 2217 1410 2239 1462; x_wconf 71' lang='grc' dir='ltr'><strong>ί</strong></span> 
     </span>
    </p>
   </div>
   <div class='ocr_carea' id='block_1_16' title="bbox 661 1495 2238 1568">
    <p class='ocr_par' dir='ltr' id='par_1_16' title="bbox 661 1495 2238 1568">
     <span class='ocr_line' id='line_1_16' title="bbox 661 1495 2238 1568; baseline 0.004 -20"><span class='ocrx_word' id='word_1_99' title='bbox 661 1495 818 1550; x_wconf 86' lang='lat' dir='ltr'><strong>Salus</strong></span> <span class='ocrx_word' id='word_1_100' title='bbox 842 1505 1018 1550; x_wconf 90' lang='lat' dir='ltr'><strong>autem</strong></span> <span class='ocrx_word' id='word_1_101' title='bbox 1064 1497 1335 1567; x_wconf 86' lang='lat' dir='ltr'><strong>passibilis</strong></span> <span class='ocrx_word' id='word_1_102' title='bbox 1366 1508 1571 1553; x_wconf 78' lang='lat' dir='ltr'><strong>naturze</strong></span> <span class='ocrx_word' id='word_1_103' title='bbox 1598 1514 1703 1554; x_wconf 90' lang='lat' dir='ltr'><strong>non</strong></span> <span class='ocrx_word' id='word_1_104' title='bbox 1735 1509 1820 1554; x_wconf 84' lang='lat' dir='ltr'><strong>est</strong></span> <span class='ocrx_word' id='word_1_105' title='bbox 1851 1499 1963 1568; x_wconf 89' lang='lat' dir='ltr'><strong>ipsa</strong></span> <span class='ocrx_word' id='word_1_106' title='bbox 2005 1499 2238 1555; x_wconf 86' lang='lat' dir='ltr'><strong>societas</strong></span> 
     </span>
    </p>
   </div>
   <div class='ocr_carea' id='block_1_17' title="bbox 660 1586 2239 1661">
    <p class='ocr_par' dir='ltr' id='par_1_17' title="bbox 660 1586 2239 1661">
     <span class='ocr_line' id='line_1_17' title="bbox 660 1586 2239 1661; baseline 0.004 -21"><span class='ocrx_word' id='word_1_107' title='bbox 660 1586 1006 1655; x_wconf 85' lang='lat' dir='ltr'><strong>itnpassihilis</strong></span> <span class='ocrx_word' id='word_1_108' title='bbox 1049 1586 1103 1640; x_wconf 92' lang='lat' dir='ltr'><strong>in</strong></span> <span class='ocrx_word' id='word_1_109' title='bbox 1152 1590 1399 1655; x_wconf 86' lang='lat' dir='ltr'><strong>passione</strong></span> <span class='ocrx_word' id='word_1_110' title='bbox 1437 1607 1452 1656; x_wconf 90' lang='lat'><strong>;</strong></span> <span class='ocrx_word' id='word_1_111' title='bbox 1486 1589 1588 1644; x_wconf 90' lang='lat' dir='ltr'><strong>hoc</strong></span> <span class='ocrx_word' id='word_1_112' title='bbox 1632 1604 1864 1659; x_wconf 83' lang='lat' dir='ltr'><strong>namque</strong></span> <span class='ocrx_word' id='word_1_113' title='bbox 1908 1591 2076 1661; x_wconf 83' lang='lat' dir='ltr'><strong>magis</strong></span> <span class='ocrx_word' id='word_1_114' title='bbox 2133 1592 2239 1647; x_wconf 90' lang='lat' dir='ltr'><strong>erit</strong></span> 
     </span>
    </p>
   </div>
   <div class='ocr_carea' id='block_1_18' title="bbox 660 1683 2236 1751">
    <p class='ocr_par' dir='ltr' id='par_1_18' title="bbox 660 1683 2236 1751">
     <span class='ocr_line' id='line_1_18' title="bbox 660 1683 2236 1751; baseline 0.004 -15"><span class='ocrx_word' id='word_1_115' title='bbox 660 1691 1036 1751; x_wconf 72' lang='lat' dir='ltr'><strong>argumentum</strong></span> <span class='ocrx_word' id='word_1_116' title='bbox 1095 1683 1254 1747; x_wconf 87' lang='lat' dir='ltr'><strong>mali,</strong></span> <span class='ocrx_word' id='word_1_117' title='bbox 1303 1699 1407 1738; x_wconf 91' lang='lat' dir='ltr'><strong>non</strong></span> <span class='ocrx_word' id='word_1_118' title='bbox 1445 1684 1692 1739; x_wconf 87' lang='lat' dir='ltr'><strong>ablatio:</strong></span> <span class='ocrx_word' id='word_1_119' title='bbox 1739 1686 1966 1739; x_wconf 91' lang='lat' dir='ltr'><strong>alterum</strong></span> <span class='ocrx_word' id='word_1_120' title='bbox 2019 1686 2164 1741; x_wconf 84' lang='lat' dir='ltr'><strong>enim</strong></span> <span class='ocrx_word' id='word_1_121' title='bbox 2207 1703 2236 1742; x_wconf 88' lang='lat' dir='ltr'><strong>a</strong></span> 
     </span>
    </p>
   </div>
   <div class='ocr_carea' id='block_1_19' title="bbox 658 1772 2237 1848">
    <p class='ocr_par' dir='ltr' id='par_1_19' title="bbox 658 1772 2237 1848">
     <span class='ocr_line' id='line_1_19' title="bbox 658 1772 2237 1848; baseline 0.004 -21"><span class='ocrx_word' id='word_1_122' title='bbox 658 1772 822 1828; x_wconf 80' lang='lat' dir='ltr'><strong>simili</strong></span> <span class='ocrx_word' id='word_1_123' title='bbox 846 1789 950 1827; x_wconf 91' lang='lat' dir='ltr'><strong>non</strong></span> <span class='ocrx_word' id='word_1_124' title='bbox 994 1775 1240 1829; x_wconf 80' lang='lat' dir='ltr'><strong>aufertur</strong></span> <span class='ocrx_word' id='word_1_125' title='bbox 1263 1815 1277 1838; x_wconf 92' lang='lat'><strong>,</strong></span> <span class='ocrx_word' id='word_1_126' title='bbox 1312 1775 1406 1829; x_wconf 88' lang='lat' dir='ltr'><strong>sed</strong></span> <span class='ocrx_word' id='word_1_127' title='bbox 1437 1784 1683 1845; x_wconf 76' lang='lat' dir='ltr'><strong>augetur.</strong></span> <span class='ocrx_word' id='word_1_128' title='bbox 1739 1776 1869 1843; x_wconf 75' lang='lat' dir='ltr'><strong>Qua:</strong></span> <span class='ocrx_word' id='word_1_129' title='bbox 1906 1778 2068 1848; x_wconf 80' lang='lat' dir='ltr'><strong>igltur</strong></span> <span class='ocrx_word' id='word_1_130' title='bbox 2091 1780 2237 1836; x_wconf 89' lang='lat' dir='ltr'><strong>salus</strong></span> 
     </span>
    </p>
   </div>
   <div class='ocr_carea' id='block_1_20' title="bbox 2341 595 3932 668">
    <p class='ocr_par' dir='ltr' id='par_1_20' title="bbox 2341 595 3932 668">
     <span class='ocr_line' id='line_1_20' title="bbox 2341 595 3932 668; baseline -0.001 -20"><span class='ocrx_word' id='word_1_131' title='bbox 2341 597 2460 650; x_wconf 85' lang='grc' dir='ltr'>θεία</span> <span class='ocrx_word' id='word_1_132' title='bbox 2511 596 2767 667; x_wconf 85' lang='grc' dir='ltr'>βούλησις</span> <span class='ocrx_word' id='word_1_133' title='bbox 2796 599 2976 650; x_wconf 85' lang='grc' dir='ltr'>ἐκεῖνα</span> <span class='ocrx_word' id='word_1_134' title='bbox 3007 597 3172 660; x_wconf 81' lang='grc' dir='ltr'>θέλει,</span> <span class='ocrx_word' id='word_1_135' title='bbox 3201 597 3270 650; x_wconf 77' lang='grc' dir='ltr'>τὰ</span> <span class='ocrx_word' id='word_1_136' title='bbox 3308 596 3448 668; x_wconf 77' lang='grc' dir='ltr'>αὐτῇ</span> <span class='ocrx_word' id='word_1_137' title='bbox 3480 595 3782 666; x_wconf 84' lang='grc' dir='ltr'>πρέποντα.</span> <span class='ocrx_word' id='word_1_138' title='bbox 3816 595 3932 647; x_wconf 78' lang='grc' dir='ltr'>Καὶ</span> 
     </span>
    </p>
   </div>
   <div class='ocr_carea' id='block_1_21' title="bbox 2338 682 3934 758">
    <p class='ocr_par' dir='ltr' id='par_1_21' title="bbox 2338 682 3934 758">
     <span class='ocr_line' id='line_1_21' title="bbox 2338 682 3934 758; baseline -0.003 -16"><span class='ocrx_word' id='word_1_139' title='bbox 2338 689 2411 753; x_wconf 84' lang='grc' dir='ltr'><strong>τί,</strong></span> <span class='ocrx_word' id='word_1_140' title='bbox 2443 691 2595 758; x_wconf 71' lang='grc' dir='ltr'>φησι,</span> <span class='ocrx_word' id='word_1_141' title='bbox 2629 688 3078 758; x_wconf 80' lang='grc' dir='ltr'><strong>πρεπωδέστερον</strong></span> <span class='ocrx_word' id='word_1_142' title='bbox 3124 686 3216 740; x_wconf 87' lang='grc' dir='ltr'><strong>τοῦ</strong></span> <span class='ocrx_word' id='word_1_143' title='bbox 3269 687 3443 740; x_wconf 89' lang='grc' dir='ltr'>σῶσαι</span> <span class='ocrx_word' id='word_1_144' title='bbox 3475 685 3538 739; x_wconf 80' lang='grc' dir='ltr'><strong>τὸ</strong></span> <span class='ocrx_word' id='word_1_145' title='bbox 3565 685 3674 738; x_wconf 88' lang='grc' dir='ltr'><strong>τῶν</strong></span> <span class='ocrx_word' id='word_1_146' title='bbox 3713 682 3934 755; x_wconf 82' lang='grc' dir='ltr'>ἀνθρὼ-</span> 
     </span>
    </p>
   </div>
   <div class='ocr_carea' id='block_1_22' title="bbox 2339 776 3934 850">
    <p class='ocr_par' dir='ltr' id='par_1_22' title="bbox 2339 776 3934 850">
     <span class='ocr_line' id='line_1_22' title="bbox 2339 776 3934 850; baseline -0.004 -16"><span class='ocrx_word' id='word_1_147' title='bbox 2339 800 2455 835; x_wconf 87' lang='grc' dir='ltr'><strong>πων</strong></span> <span class='ocrx_word' id='word_1_148' title='bbox 2484 781 2669 850; x_wconf 88' lang='grc' dir='ltr'>γένος;</span> <span class='ocrx_word' id='word_1_149' title='bbox 2699 781 2809 834; x_wconf 71' lang='grc' dir='ltr'><strong>Καὶ</strong></span> <span class='ocrx_word' id='word_1_150' title='bbox 2839 780 2954 843; x_wconf 89' lang='grc' dir='ltr'><strong>πῶς</strong></span> <span class='ocrx_word' id='word_1_151' title='bbox 2981 778 3182 850; x_wconf 71' lang='grc' dir='ltr'>ἤμελλε</span> <span class='ocrx_word' id='word_1_152' title='bbox 3209 779 3270 830; x_wconf 84' lang='grc' dir='ltr'><strong>τὸ</strong></span> <span class='ocrx_word' id='word_1_153' title='bbox 3293 777 3402 831; x_wconf 88' lang='grc' dir='ltr'><strong>τῶν</strong></span> <span class='ocrx_word' id='word_1_154' title='bbox 3436 776 3738 846; x_wconf 73' lang='grc' dir='ltr'><strong>ἀνθρώπιον</strong></span> <span class='ocrx_word' id='word_1_155' title='bbox 3767 776 3934 843; x_wconf 81' lang='grc' dir='ltr'>γένος</span> 
     </span>
    </p>
   </div>
   <div class='ocr_carea' id='block_1_23' title="bbox 2340 863 3936 940">
    <p class='ocr_par' dir='ltr' id='par_1_23' title="bbox 2340 863 3936 940">
     <span class='ocr_line' id='line_1_23' title="bbox 2340 863 3936 940; baseline -0.004 -18"><span class='ocrx_word' id='word_1_156' title='bbox 2340 868 2763 940; x_wconf 77' lang='grc' dir='ltr'>περισώζεσθαι,</span> <span class='ocrx_word' id='word_1_157' title='bbox 2801 868 2928 922; x_wconf 74' lang='grc' dir='ltr'>αὐτὸ</span> <span class='ocrx_word' id='word_1_158' title='bbox 2971 870 3049 931; x_wconf 88' lang='grc' dir='ltr'><strong>είς</strong></span> <span class='ocrx_word' id='word_1_159' title='bbox 3086 866 3356 920; x_wconf 89' lang='grc' dir='ltr'>ἀπάθειαν</span> <span class='ocrx_word' id='word_1_160' title='bbox 3389 865 3731 934; x_wconf 75' lang='grc' dir='ltr'>μεταϐαῖνον,</span> <span class='ocrx_word' id='word_1_161' title='bbox 3760 865 3794 932; x_wconf 78' lang='grc' dir='ltr'>ἡ</span> <span class='ocrx_word' id='word_1_162' title='bbox 3825 863 3936 934; x_wconf 73' lang='grc' dir='ltr'>τὴν</span> 
     </span>
    </p>
   </div>
   <div class='ocr_carea' id='block_1_24' title="bbox 2340 954 3934 1030">
    <p class='ocr_par' dir='ltr' id='par_1_24' title="bbox 2340 954 3934 1030">
     <span class='ocr_line' id='line_1_24' title="bbox 2340 954 3934 1030; baseline -0.004 -17"><span class='ocrx_word' id='word_1_163' title='bbox 2340 961 2554 1026; x_wconf 69' lang='grc' dir='ltr'>θείανί,</span> <span class='ocrx_word' id='word_1_164' title='bbox 2607 961 2700 1013; x_wconf 78' lang='grc' dir='ltr'>καὶ</span> <span class='ocrx_word' id='word_1_165' title='bbox 2748 959 2932 1030; x_wconf 82' lang='grc' dir='ltr'><strong>ἀπαθῆ</strong></span> <span class='ocrx_word' id='word_1_166' title='bbox 2987 958 3148 1030; x_wconf 80' lang='grc' dir='ltr'>φύσιν</span> <span class='ocrx_word' id='word_1_167' title='bbox 3198 960 3279 1022; x_wconf 86' lang='grc' dir='ltr'><strong>είς</strong></span> <span class='ocrx_word' id='word_1_168' title='bbox 3331 957 3503 1020; x_wconf 87' lang='grc' dir='ltr'>πάθος</span> <span class='ocrx_word' id='word_1_169' title='bbox 3544 954 3934 1018; x_wconf 79' lang='grc' dir='ltr'>κατασπῶσας</span> 
     </span>
    </p>
   </div>
   <div class='ocr_carea' id='block_1_25' title="bbox 2338 1041 3937 1122">
    <p class='ocr_par' dir='ltr' id='par_1_25' title="bbox 2338 1041 3937 1122">
     <span class='ocr_line' id='line_1_25' title="bbox 2338 1041 3937 1122; baseline -0.006 -17"><span class='ocrx_word' id='word_1_170' title='bbox 2338 1052 2562 1114; x_wconf 81' lang='grc' dir='ltr'><strong>Πάντως</strong></span> <span class='ocrx_word' id='word_1_171' title='bbox 2607 1051 2713 1122; x_wconf 85' lang='grc' dir='ltr'>γὰρ</span> <span class='ocrx_word' id='word_1_172' title='bbox 2762 1051 2837 1113; x_wconf 85' lang='grc' dir='ltr'>ὼς</span> <span class='ocrx_word' id='word_1_173' title='bbox 2891 1047 3214 1121; x_wconf 75' lang='grc' dir='ltr'>ἰσχυροτέρα</span> <span class='ocrx_word' id='word_1_174' title='bbox 3242 1050 3321 1111; x_wconf 84' lang='grc' dir='ltr'><strong>είς</strong></span> <span class='ocrx_word' id='word_1_175' title='bbox 3350 1047 3410 1100; x_wconf 81' lang='grc' dir='ltr'><strong>τὸ</strong></span> <span class='ocrx_word' id='word_1_176' title='bbox 3445 1046 3644 1115; x_wconf 80' lang='grc' dir='ltr'>ἑαυτῆς</span> <span class='ocrx_word' id='word_1_177' title='bbox 3680 1041 3937 1115; x_wconf 74' lang='grc' dir='ltr'>ἐμπαθὲς</span> 
     </span>
    </p>
   </div>
   <div class='ocr_carea' id='block_1_26' title="bbox 2343 1131 3937 1211">
    <p class='ocr_par' dir='ltr' id='par_1_26' title="bbox 2343 1131 3937 1211">
     <span class='ocr_line' id='line_1_26' title="bbox 2343 1131 3937 1211; baseline -0.008 -16"><span class='ocrx_word' id='word_1_178' title='bbox 2343 1141 2642 1211; x_wconf 82' lang='grc' dir='ltr'><strong>μετέστησε</strong></span> <span class='ocrx_word' id='word_1_179' title='bbox 2669 1140 2730 1194; x_wconf 83' lang='grc' dir='ltr'><strong>τὸ</strong></span> <span class='ocrx_word' id='word_1_180' title='bbox 2759 1139 2987 1201; x_wconf 79' lang='grc' dir='ltr'>ἀπαθές.</span> <span class='ocrx_word' id='word_1_181' title='bbox 3019 1139 3129 1192; x_wconf 73' lang='grc' dir='ltr'>Καὶ</span> <span class='ocrx_word' id='word_1_182' title='bbox 3157 1137 3239 1201; x_wconf 90' lang='grc' dir='ltr'><strong>τίς</strong></span> <span class='ocrx_word' id='word_1_183' title='bbox 3273 1138 3458 1206; x_wconf 77' lang='grc' dir='ltr'>ὄνησις</span> <span class='ocrx_word' id='word_1_184' title='bbox 3489 1135 3568 1205; x_wconf 83' lang='grc' dir='ltr'>τῷ</span> <span class='ocrx_word' id='word_1_185' title='bbox 3596 1131 3851 1205; x_wconf 78' lang='grc' dir='ltr'><strong>παθητῷ,</strong></span> <span class='ocrx_word' id='word_1_186' title='bbox 3882 1133 3937 1185; x_wconf 81' lang='grc' dir='ltr'>εἰ</span> 
     </span>
    </p>
   </div>
   <div class='ocr_carea' id='block_1_27' title="bbox 2340 1225 3939 1303">
    <p class='ocr_par' dir='ltr' id='par_1_27' title="bbox 2340 1225 3939 1303">
     <span class='ocr_line' id='line_1_27' title="bbox 2340 1225 3939 1303; baseline -0.005 -16"><span class='ocrx_word' id='word_1_187' title='bbox 2340 1235 2433 1287; x_wconf 73' lang='grc' dir='ltr'>καὶ</span> <span class='ocrx_word' id='word_1_188' title='bbox 2467 1233 2527 1287; x_wconf 67' lang='lat' dir='ltr'><strong>rb</strong></span> <span class='ocrx_word' id='word_1_189' title='bbox 2551 1233 2760 1297; x_wconf 77' lang='grc' dir='ltr'>ἀπαθὲς</span> <span class='ocrx_word' id='word_1_190' title='bbox 2797 1233 3039 1303; x_wconf 80' lang='grc' dir='ltr'>παθητὸν</span> <span class='ocrx_word' id='word_1_191' title='bbox 3069 1230 3314 1300; x_wconf 84' lang='grc' dir='ltr'>γένοιτο;</span> <span class='ocrx_word' id='word_1_192' title='bbox 3344 1227 3596 1298; x_wconf 89' lang='grc' dir='ltr'>Σωτηρία</span> <span class='ocrx_word' id='word_1_193' title='bbox 3616 1227 3673 1280; x_wconf 77' lang='grc' dir='ltr'>δὲ</span> <span class='ocrx_word' id='word_1_194' title='bbox 3697 1225 3794 1278; x_wconf 88' lang='grc' dir='ltr'><strong>τοῦ</strong></span> <span class='ocrx_word' id='word_1_195' title='bbox 3821 1242 3939 1279; x_wconf 75' lang='grc' dir='ltr'>πα·</span> 
     </span>
    </p>
   </div>
   <div class='ocr_carea' id='block_1_28' title="bbox 2340 1316 3939 1396">
    <p class='ocr_par' dir='ltr' id='par_1_28' title="bbox 2340 1316 3939 1396">
     <span class='ocr_line' id='line_1_28' title="bbox 2340 1316 3939 1396; baseline -0.006 -18"><span class='ocrx_word' id='word_1_196' title='bbox 2340 1325 2502 1395; x_wconf 84' lang='grc' dir='ltr'>θητοῦ</span> <span class='ocrx_word' id='word_1_197' title='bbox 2535 1325 2633 1396; x_wconf 82' lang='grc' dir='ltr'>οὐχ</span> <span class='ocrx_word' id='word_1_198' title='bbox 2663 1327 2696 1396; x_wconf 84' lang='grc' dir='ltr'>ἠ</span> <span class='ocrx_word' id='word_1_199' title='bbox 2735 1324 2830 1378; x_wconf 88' lang='grc' dir='ltr'><strong>τοῦ</strong></span> <span class='ocrx_word' id='word_1_200' title='bbox 2869 1323 3112 1386; x_wconf 75' lang='grc' dir='ltr'><strong>ἀπαθοῦς</strong></span> <span class='ocrx_word' id='word_1_201' title='bbox 3144 1321 3280 1395; x_wconf 80' lang='grc' dir='ltr'>πρὸς</span> <span class='ocrx_word' id='word_1_202' title='bbox 3310 1320 3443 1373; x_wconf 79' lang='grc' dir='ltr'>αὐτὸ</span> <span class='ocrx_word' id='word_1_203' title='bbox 3474 1316 3565 1372; x_wconf 85' lang='grc' dir='ltr'>διὰ</span> <span class='ocrx_word' id='word_1_204' title='bbox 3589 1316 3682 1374; x_wconf 86' lang='grc' dir='ltr'><strong>τοῦ</strong></span> <span class='ocrx_word' id='word_1_205' title='bbox 3718 1316 3939 1378; x_wconf 79' lang='grc' dir='ltr'>πάθους</span> 
     </span>
    </p>
   </div>
   <div class='ocr_carea' id='block_1_29' title="bbox 2341 1408 3940 1489">
    <p class='ocr_par' dir='ltr' id='par_1_29' title="bbox 2341 1408 3940 1489">
     <span class='ocr_line' id='line_1_29' title="bbox 2341 1408 3940 1489; baseline -0.006 -18"><span class='ocrx_word' id='word_1_206' title='bbox 2341 1417 2594 1471; x_wconf 82' lang='grc' dir='ltr'><strong>κοινωνία</strong></span> <span class='ocrx_word' id='word_1_207' title='bbox 2615 1434 2628 1444; x_wconf 86' lang='grc'><strong>·</strong></span> <span class='ocrx_word' id='word_1_208' title='bbox 2658 1416 2816 1470; x_wconf 89' lang='grc' dir='ltr'>τοῦτο</span> <span class='ocrx_word' id='word_1_209' title='bbox 2849 1417 2958 1489; x_wconf 82' lang='grc' dir='ltr'>γὰρ</span> <span class='ocrx_word' id='word_1_210' title='bbox 2988 1415 3188 1487; x_wconf 79' lang='grc' dir='ltr'>μᾶλλον</span> <span class='ocrx_word' id='word_1_211' title='bbox 3220 1413 3446 1483; x_wconf 76' lang='grc' dir='ltr'>αὔξησις</span> <span class='ocrx_word' id='word_1_212' title='bbox 3478 1411 3570 1465; x_wconf 91' lang='grc' dir='ltr'><strong>τοῦ</strong></span> <span class='ocrx_word' id='word_1_213' title='bbox 3603 1409 3796 1471; x_wconf 85' lang='grc' dir='ltr'>κακοῦ,</span> <span class='ocrx_word' id='word_1_214' title='bbox 3828 1408 3940 1462; x_wconf 76' lang='grc' dir='ltr'><strong>οὐκ</strong></span> 
     </span>
    </p>
   </div>
   <div class='ocr_carea' id='block_1_30' title="bbox 2340 1504 3938 1582">
    <p class='ocr_par' dir='ltr' id='par_1_30' title="bbox 2340 1504 3938 1582">
     <span class='ocr_line' id='line_1_30' title="bbox 2340 1504 3938 1582; baseline -0.008 -18"><span class='ocrx_word' id='word_1_215' title='bbox 2340 1512 2652 1582; x_wconf 77' lang='grc' dir='ltr'><strong>ἀναίρεσις⁹</strong></span> <span class='ocrx_word' id='word_1_216' title='bbox 2686 1510 2763 1582; x_wconf 79' lang='grc' dir='ltr'>τῷ</span> <span class='ocrx_word' id='word_1_217' title='bbox 2798 1511 2907 1580; x_wconf 83' lang='grc' dir='ltr'><strong>γὰρ</strong></span> <span class='ocrx_word' id='word_1_218' title='bbox 2952 1510 3124 1581; x_wconf 84' lang='grc' dir='ltr'>ὁμοίῳ</span> <span class='ocrx_word' id='word_1_219' title='bbox 3167 1509 3228 1560; x_wconf 75' lang='grc' dir='ltr'>τὸ</span> <span class='ocrx_word' id='word_1_220' title='bbox 3264 1507 3451 1577; x_wconf 77' lang='grc' dir='ltr'>ἕτερον</span> <span class='ocrx_word' id='word_1_221' title='bbox 3479 1505 3579 1558; x_wconf 81' lang='grc' dir='ltr'><strong>οὐκ</strong></span> <span class='ocrx_word' id='word_1_222' title='bbox 3621 1504 3938 1573; x_wconf 80' lang='grc' dir='ltr'>ἀναιρεῖται</span> 
     </span>
    </p>
   </div>
   <div class='ocr_carea' id='block_1_31' title="bbox 2340 1591 3938 1671">
    <p class='ocr_par' dir='ltr' id='par_1_31' title="bbox 2340 1591 3938 1671">
     <span class='ocr_line' id='line_1_31' title="bbox 2340 1591 3938 1671; baseline -0.008 -15"><span class='ocrx_word' id='word_1_223' title='bbox 2340 1603 2476 1656; x_wconf 83' lang='grc' dir='ltr'>ἀ).λά</span> <span class='ocrx_word' id='word_1_224' title='bbox 2501 1601 2814 1667; x_wconf 75' lang='grc' dir='ltr'>αὐξάνεται.</span> <span class='ocrx_word' id='word_1_225' title='bbox 2851 1603 2948 1666; x_wconf 91' lang='grc' dir='ltr'><strong>Τίς</strong></span> <span class='ocrx_word' id='word_1_226' title='bbox 2985 1597 3077 1655; x_wconf 79' lang='grc' dir='ltr'>οὖν</span> <span class='ocrx_word' id='word_1_227' title='bbox 3124 1603 3156 1671; x_wconf 80' lang='grc' dir='ltr'><strong>ἡ</strong></span> <span class='ocrx_word' id='word_1_228' title='bbox 3209 1598 3452 1671; x_wconf 88' lang='grc' dir='ltr'>σωτηρία</span> <span class='ocrx_word' id='word_1_229' title='bbox 3498 1595 3590 1649; x_wconf 90' lang='grc' dir='ltr'><strong>τοῦ</strong></span> <span class='ocrx_word' id='word_1_230' title='bbox 3634 1591 3887 1663; x_wconf 86' lang='grc' dir='ltr'>παθητοῦ</span> <span class='ocrx_word' id='word_1_231' title='bbox 3922 1608 3938 1655; x_wconf 90' lang='lat'><strong>;</strong></span> 
     </span>
    </p>
   </div>
   <div class='ocr_carea' id='block_1_32' title="bbox 2353 1679 3923 1761">
    <p class='ocr_par' dir='ltr' id='par_1_32' title="bbox 2353 1679 3923 1761">
     <span class='ocr_line' id='line_1_32' title="bbox 2353 1679 3923 1761; baseline -0.008 -16"><span class='ocrx_word' id='word_1_232' title='bbox 2353 1693 2439 1755; x_wconf 83' lang='grc' dir='ltr'>Ὠς</span> <span class='ocrx_word' id='word_1_233' title='bbox 2470 1692 2703 1761; x_wconf 75' lang='grc' dir='ltr'>ἔφημεν,</span> <span class='ocrx_word' id='word_1_234' title='bbox 2737 1692 2834 1760; x_wconf 84' lang='grc' dir='ltr'><strong>οὐχ</strong></span> <span class='ocrx_word' id='word_1_235' title='bbox 2864 1693 2896 1761; x_wconf 82' lang='grc' dir='ltr'>ἡ</span> <span class='ocrx_word' id='word_1_236' title='bbox 2925 1689 3019 1741; x_wconf 89' lang='grc' dir='ltr'><strong>τοῦ</strong></span> <span class='ocrx_word' id='word_1_237' title='bbox 3047 1686 3292 1751; x_wconf 78' lang='grc' dir='ltr'><strong>ἀπαθοῦς</strong></span> <span class='ocrx_word' id='word_1_238' title='bbox 3321 1685 3458 1756; x_wconf 70' lang='grc' dir='ltr'>πρὸς</span> <span class='ocrx_word' id='word_1_239' title='bbox 3489 1683 3620 1736; x_wconf 81' lang='grc' dir='ltr'>αὐτὸ</span> <span class='ocrx_word' id='word_1_240' title='bbox 3653 1679 3923 1734; x_wconf 78' lang='grc' dir='ltr'><strong>κοινωνία</strong></span> 
     </span>
    </p>
   </div>
   <div class='ocr_carea' id='block_1_33' title="bbox 2341 1772 3943 1854">
    <p class='ocr_par' dir='ltr' id='par_1_33' title="bbox 2341 1772 3943 1854">
     <span class='ocr_line' id='line_1_33' title="bbox 2341 1772 3943 1854; baseline -0.01 -16"><span class='ocrx_word' id='word_1_241' title='bbox 2341 1785 2459 1838; x_wconf 77' lang='grc' dir='ltr'>ἀλλ’</span> <span class='ocrx_word' id='word_1_242' title='bbox 2486 1786 2518 1854; x_wconf 77' lang='grc' dir='ltr'><strong>ἡ</strong></span> <span class='ocrx_word' id='word_1_243' title='bbox 2553 1783 2718 1838; x_wconf 82' lang='grc' dir='ltr'>αὑτοῦ</span> <span class='ocrx_word' id='word_1_244' title='bbox 2750 1783 2886 1852; x_wconf 81' lang='grc' dir='ltr'>πρὸς</span> <span class='ocrx_word' id='word_1_245' title='bbox 2915 1781 2975 1834; x_wconf 82' lang='grc' dir='ltr'><strong>τὸ</strong></span> <span class='ocrx_word' id='word_1_246' title='bbox 3001 1780 3209 1844; x_wconf 81' lang='grc' dir='ltr'>ἀπαθὲς</span> <span class='ocrx_word' id='word_1_247' title='bbox 3241 1778 3602 1850; x_wconf 82' lang='grc' dir='ltr'>μετάστασις·</span> <span class='ocrx_word' id='word_1_248' title='bbox 3639 1772 3667 1826; x_wconf 81' lang='grc' dir='ltr'><strong>δ</strong></span> <span class='ocrx_word' id='word_1_249' title='bbox 3706 1773 3805 1825; x_wconf 68' lang='grc' dir='ltr'>καὶ</span> <span class='ocrx_word' id='word_1_250' title='bbox 3833 1787 3943 1824; x_wconf 85' lang='grc' dir='ltr'>πε-</span> 
     </span>
    </p>
   </div>
   <div class='ocr_carea' id='block_1_34' title="bbox 661 1863 2247 1946">
    <p class='ocr_par' dir='ltr' id='par_1_34' title="bbox 661 1864 2238 1938">
     <span class='ocr_line' id='line_1_34' title="bbox 661 1864 2238 1938; baseline 0.005 -21"><span class='ocrx_word' id='word_1_251' title='bbox 661 1864 930 1933; x_wconf 85' lang='lat' dir='ltr'><strong>passibilis</strong></span> <span class='ocrx_word' id='word_1_252' title='bbox 953 1875 1035 1920; x_wconf 87' lang='lat' dir='ltr'><strong>est</strong></span> <span class='ocrx_word' id='word_1_253' title='bbox 1064 1872 1271 1919; x_wconf 68' lang='lat' dir='ltr'><strong>natura:</strong></span> <span class='ocrx_word' id='word_1_254' title='bbox 1299 1867 1322 1919; x_wconf 86' lang='lat'><strong>?</strong></span> <span class='ocrx_word' id='word_1_255' title='bbox 1370 1864 1438 1921; x_wconf 90' lang='lat' dir='ltr'><strong>Ut</strong></span> <span class='ocrx_word' id='word_1_256' title='bbox 1465 1865 1719 1931; x_wconf 78' lang='lat' dir='ltr'><strong>diximus,</strong></span> <span class='ocrx_word' id='word_1_257' title='bbox 1753 1883 1854 1921; x_wconf 94' lang='lat' dir='ltr'><strong>non</strong></span> <span class='ocrx_word' id='word_1_258' title='bbox 1889 1869 2238 1938; x_wconf 86' lang='lat' dir='ltr'><strong>impassibilis</strong></span> 
     </span>
    </p>
   </div>
   <div class='ocr_carea' id='block_1_35' title="bbox 2353 1863 3943 1946">
    <p class='ocr_par' dir='ltr' id='par_1_35' title="bbox 2353 1863 3943 1946">
     <span class='ocr_line' id='line_1_35' title="bbox 2353 1863 3943 1946; baseline -0.01 -16"><span class='ocrx_word' id='word_1_259' title='bbox 2353 1878 2570 1946; x_wconf 83' lang='grc' dir='ltr'>ποίηκεν</span> <span class='ocrx_word' id='word_1_260' title='bbox 2614 1879 2641 1930; x_wconf 89' lang='grc' dir='ltr'>ὁ</span> <span class='ocrx_word' id='word_1_261' title='bbox 2684 1875 2961 1946; x_wconf 83' lang='grc' dir='ltr'>Δεσπότης</span> <span class='ocrx_word' id='word_1_262' title='bbox 3007 1872 3262 1945; x_wconf 79' lang='grc' dir='ltr'>Χριστὸς,</span> <span class='ocrx_word' id='word_1_263' title='bbox 3291 1872 3391 1925; x_wconf 79' lang='grc' dir='ltr'><strong>οὐκ</strong></span> <span class='ocrx_word' id='word_1_264' title='bbox 3437 1867 3596 1931; x_wconf 82' lang='grc' dir='ltr'>αὐτὸς</span> <span class='ocrx_word' id='word_1_265' title='bbox 3645 1865 3789 1920; x_wconf 80' lang='grc' dir='ltr'>κατὰ</span> <span class='ocrx_word' id='word_1_266' title='bbox 3832 1863 3943 1934; x_wconf 74' lang='grc' dir='ltr'>τὴν</span> 
     </span>
    </p>
   </div>
   <div class='ocr_carea' id='block_1_36' title="bbox 661 1956 2234 2029">
    <p class='ocr_par' dir='ltr' id='par_1_36' title="bbox 661 1956 2234 2029">
     <span class='ocr_line' id='line_1_36' title="bbox 661 1956 2234 2029; baseline 0.003 -18"><span class='ocrx_word' id='word_1_267' title='bbox 661 1970 845 2011; x_wconf 86' lang='lat' dir='ltr'><strong>secum</strong></span> <span class='ocrx_word' id='word_1_268' title='bbox 890 1956 940 2010; x_wconf 92' lang='lat' dir='ltr'><strong>in</strong></span> <span class='ocrx_word' id='word_1_269' title='bbox 983 1958 1230 2025; x_wconf 87' lang='lat' dir='ltr'><strong>passione</strong></span> <span class='ocrx_word' id='word_1_270' title='bbox 1264 1958 1529 2023; x_wconf 88' lang='lat' dir='ltr'><strong>societas,</strong></span> <span class='ocrx_word' id='word_1_271' title='bbox 1566 1960 1658 2014; x_wconf 89' lang='lat' dir='ltr'><strong>sed</strong></span> <span class='ocrx_word' id='word_1_272' title='bbox 1690 1961 1970 2014; x_wconf 85' lang='lat' dir='ltr'><strong>translatio</strong></span> <span class='ocrx_word' id='word_1_273' title='bbox 2020 1961 2136 2029; x_wconf 87' lang='lat' dir='ltr'><strong>ejus</strong></span> <span class='ocrx_word' id='word_1_274' title='bbox 2168 1963 2234 2016; x_wconf 87' lang='lat' dir='ltr'><strong>ad</strong></span> 
     </span>
    </p>
   </div>
   <div class='ocr_carea' id='block_1_37' title="bbox 661 2048 2236 2120">
    <p class='ocr_par' dir='ltr' id='par_1_37' title="bbox 661 2048 2236 2120">
     <span class='ocr_line' id='line_1_37' title="bbox 661 2048 2236 2120; baseline 0.004 -19"><span class='ocrx_word' id='word_1_275' title='bbox 661 2048 715 2102; x_wconf 93' lang='lat' dir='ltr'><strong>id</strong></span> <span class='ocrx_word' id='word_1_276' title='bbox 738 2087 754 2113; x_wconf 93' lang='lat'><strong>,</strong></span> <span class='ocrx_word' id='word_1_277' title='bbox 787 2051 928 2116; x_wconf 90' lang='lat' dir='ltr'><strong>quod</strong></span> <span class='ocrx_word' id='word_1_278' title='bbox 977 2058 1061 2105; x_wconf 88' lang='lat' dir='ltr'><strong>est</strong></span> <span class='ocrx_word' id='word_1_279' title='bbox 1111 2051 1442 2120; x_wconf 88' lang='lat' dir='ltr'><strong>impassibile</strong></span> <span class='ocrx_word' id='word_1_280' title='bbox 1473 2067 1486 2104; x_wconf 90' lang='lat'>:</span> <span class='ocrx_word' id='word_1_281' title='bbox 1521 2053 1662 2120; x_wconf 86' lang='lat' dir='ltr'><strong>quod</strong></span> <span class='ocrx_word' id='word_1_282' title='bbox 1716 2061 1771 2106; x_wconf 94' lang='lat' dir='ltr'><strong>et</strong></span> <span class='ocrx_word' id='word_1_283' title='bbox 1813 2052 1941 2106; x_wconf 86' lang='lat' dir='ltr'><strong>fecit</strong></span> <span class='ocrx_word' id='word_1_284' title='bbox 1978 2053 2236 2108; x_wconf 81' lang='lat' dir='ltr'><strong>Dominus</strong></span> 
     </span>
    </p>
   </div>
   <div class='ocr_carea' id='block_1_38' title="bbox 660 2137 2240 2213">
    <p class='ocr_par' dir='ltr' id='par_1_38' title="bbox 660 2137 2240 2213">
     <span class='ocr_line' id='line_1_38' title="bbox 660 2137 2240 2213; baseline 0.004 -20"><span class='ocrx_word' id='word_1_285' title='bbox 660 2137 930 2202; x_wconf 87' lang='lat' dir='ltr'><strong>Christus,</strong></span> <span class='ocrx_word' id='word_1_286' title='bbox 959 2141 1083 2194; x_wconf 89' lang='lat' dir='ltr'><strong>dum</strong></span> <span class='ocrx_word' id='word_1_287' title='bbox 1109 2137 1225 2194; x_wconf 91' lang='lat' dir='ltr'><strong>‘non</strong></span> <span class='ocrx_word' id='word_1_288' title='bbox 1255 2141 1367 2212; x_wconf 89' lang='lat' dir='ltr'><strong>ipse</strong></span> <span class='ocrx_word' id='word_1_289' title='bbox 1397 2141 1694 2197; x_wconf 87' lang='lat' dir='ltr'><strong>secundum</strong></span> <span class='ocrx_word' id='word_1_290' title='bbox 1729 2143 2060 2198; x_wconf 82' lang='lat' dir='ltr'><strong>divinitatem</strong></span> <span class='ocrx_word' id='word_1_291' title='bbox 2089 2144 2240 2213; x_wconf 79' lang='lat' dir='ltr'><strong>deje-</strong></span> 
     </span>
    </p>
   </div>
   <div class='ocr_carea' id='block_1_39' title="bbox 659 2230 2240 2304">
    <p class='ocr_par' dir='ltr' id='par_1_39' title="bbox 659 2230 2240 2304">
     <span class='ocr_line' id='line_1_39' title="bbox 659 2230 2240 2304; baseline 0.004 -20"><span class='ocrx_word' id='word_1_292' title='bbox 659 2241 778 2285; x_wconf 80' lang='lat' dir='ltr'><strong>ctus</strong></span> <span class='ocrx_word' id='word_1_293' title='bbox 811 2239 894 2286; x_wconf 87' lang='lat' dir='ltr'><strong>est</strong></span> <span class='ocrx_word' id='word_1_294' title='bbox 923 2233 989 2286; x_wconf 87' lang='lat' dir='ltr'><strong>ad</strong></span> <span class='ocrx_word' id='word_1_295' title='bbox 1015 2230 1453 2300; x_wconf 82' lang='lat' dir='ltr'><strong>passionem,sed</strong></span> <span class='ocrx_word' id='word_1_296' title='bbox 1487 2247 1701 2287; x_wconf 89' lang='lat' dir='ltr'><strong>omnem</strong></span> <span class='ocrx_word' id='word_1_297' title='bbox 1732 2234 2120 2289; x_wconf 84' lang='lat' dir='ltr'><strong>humanitatem</strong></span> <span class='ocrx_word' id='word_1_298' title='bbox 2145 2250 2240 2304; x_wconf 89' lang='lat' dir='ltr'><strong>per</strong></span> 
     </span>
    </p>
   </div>
   <div class='ocr_carea' id='block_1_40' title="bbox 659 2325 2239 2388">
    <p class='ocr_par' dir='ltr' id='par_1_40' title="bbox 659 2325 2239 2388">
     <span class='ocr_line' id='line_1_40' title="bbox 659 2325 2239 2388; baseline 0.001 -10"><span class='ocrx_word' id='word_1_299' title='bbox 659 2338 814 2378; x_wconf 87' lang='lat' dir='ltr'><strong>suam</strong></span> <span class='ocrx_word' id='word_1_300' title='bbox 866 2331 1105 2378; x_wconf 83' lang='lat' dir='ltr'><strong>sanctam</strong></span> <span class='ocrx_word' id='word_1_301' title='bbox 1139 2337 1360 2377; x_wconf 87' lang='lat' dir='ltr'><strong>carnem</strong></span> <span class='ocrx_word' id='word_1_302' title='bbox 1396 2325 1448 2377; x_wconf 93' lang='lat' dir='ltr'><strong>in</strong></span> <span class='ocrx_word' id='word_1_303' title='bbox 1489 2325 1722 2379; x_wconf 83' lang='lat' dir='ltr'><strong>sublime</strong></span> <span class='ocrx_word' id='word_1_304' title='bbox 1756 2325 1971 2388; x_wconf 74' lang='lat' dir='ltr'><strong>evexit,</strong></span> <span class='ocrx_word' id='word_1_305' title='bbox 2007 2335 2059 2379; x_wconf 90' lang='lat' dir='ltr'><strong>et</strong></span> <span class='ocrx_word' id='word_1_306' title='bbox 2091 2325 2239 2380; x_wconf 88' lang='lat' dir='ltr'><strong>humi</strong></span> 
     </span>
    </p>
   </div>
   <div class='ocr_carea' id='block_1_41' title="bbox 655 2413 2239 2483">
    <p class='ocr_par' dir='ltr' id='par_1_41' title="bbox 655 2413 2239 2483">
     <span class='ocr_line' id='line_1_41' title="bbox 655 2413 2239 2483; baseline 0.004 -16"><span class='ocrx_word' id='word_1_307' title='bbox 655 2414 924 2483; x_wconf 78' lang='lat' dir='ltr'><strong>iacentem</strong></span> <span class='ocrx_word' id='word_1_308' title='bbox 951 2413 1005 2466; x_wconf 88' lang='lat' dir='ltr'><strong>in</strong></span> <span class='ocrx_word' id='word_1_309' title='bbox 1035 2413 1202 2467; x_wconf 85' lang='lat' dir='ltr'><strong>ccelos</strong></span> <span class='ocrx_word' id='word_1_310' title='bbox 1242 2414 1443 2478; x_wconf 80' lang='lat' dir='ltr'><strong>traxit,</strong></span> <span class='ocrx_word' id='word_1_311' title='bbox 1473 2424 1526 2466; x_wconf 91' lang='lat' dir='ltr'><strong>et</strong></span> <span class='ocrx_word' id='word_1_312' title='bbox 1558 2413 1761 2483; x_wconf 87' lang='lat' dir='ltr'><strong>pridem</strong></span> <span class='ocrx_word' id='word_1_313' title='bbox 1800 2415 1945 2469; x_wconf 88' lang='lat' dir='ltr'><strong>omni</strong></span> <span class='ocrx_word' id='word_1_314' title='bbox 1986 2415 2239 2473; x_wconf 85' lang='lat' dir='ltr'><strong>libertate</strong></span> 
     </span>
    </p>
   </div>
   <div class='ocr_carea' id='block_1_42' title="bbox 660 2502 2239 2574">
    <p class='ocr_par' dir='ltr' id='par_1_42' title="bbox 660 2502 2239 2574">
     <span class='ocr_line' id='line_1_42' title="bbox 660 2502 2239 2574; baseline 0.001 -15"><span class='ocrx_word' id='word_1_315' title='bbox 660 2504 973 2559; x_wconf 79' lang='lat' dir='ltr'><strong>destitutam</strong></span> <span class='ocrx_word' id='word_1_316' title='bbox 1020 2503 1308 2572; x_wconf 87' lang='lat' dir='ltr'><strong>adoptione</strong></span> <span class='ocrx_word' id='word_1_317' title='bbox 1354 2502 1588 2557; x_wconf 84' lang='lat' dir='ltr'><strong>filiorum</strong></span> <span class='ocrx_word' id='word_1_318' title='bbox 1641 2504 1893 2572; x_wconf 86' lang='lat' dir='ltr'><strong>dignatus</strong></span> <span class='ocrx_word' id='word_1_319' title='bbox 1946 2515 2049 2560; x_wconf 91' lang='lat' dir='ltr'><strong>est.</strong></span> <span class='ocrx_word' id='word_1_320' title='bbox 2109 2506 2239 2574; x_wconf 85' lang='lat' dir='ltr'><strong>Quis</strong></span> 
     </span>
    </p>
   </div>
   <div class='ocr_carea' id='block_1_43' title="bbox 660 2593 2240 2663">
    <p class='ocr_par' dir='ltr' id='par_1_43' title="bbox 660 2593 2240 2663">
     <span class='ocr_line' id='line_1_43' title="bbox 660 2593 2240 2663; baseline -0.001 -14"><span class='ocrx_word' id='word_1_321' title='bbox 660 2605 839 2649; x_wconf 78' lang='lat' dir='ltr'><strong>autem</strong></span> <span class='ocrx_word' id='word_1_322' title='bbox 860 2594 1074 2649; x_wconf 87' lang='lat' dir='ltr'><strong>debitor</strong></span> <span class='ocrx_word' id='word_1_323' title='bbox 1097 2603 1217 2648; x_wconf 90' lang='lat' dir='ltr'><strong>erat</strong></span> <span class='ocrx_word' id='word_1_324' title='bbox 1243 2593 1432 2647; x_wconf 87' lang='lat' dir='ltr'><strong>mortis</strong></span> <span class='ocrx_word' id='word_1_325' title='bbox 1453 2632 1466 2658; x_wconf 87' lang='lat'><strong>,</strong></span> <span class='ocrx_word' id='word_1_326' title='bbox 1501 2607 1621 2663; x_wconf 78' lang='lat' dir='ltr'><strong>qua:</strong></span> <span class='ocrx_word' id='word_1_327' title='bbox 1645 2604 1812 2648; x_wconf 82' lang='lat' dir='ltr'><strong>estex</strong></span> <span class='ocrx_word' id='word_1_328' title='bbox 1841 2593 2240 2650; x_wconf 82' lang='lat' dir='ltr'><strong>iuobedientia?</strong></span> 
     </span>
    </p>
   </div>
   <div class='ocr_carea' id='block_1_44' title="bbox 2343 1955 3939 2038">
    <p class='ocr_par' dir='ltr' id='par_1_44' title="bbox 2343 1955 3939 2038">
     <span class='ocr_line' id='line_1_44' title="bbox 2343 1955 3939 2038; baseline -0.009 -15"><span class='ocrx_word' id='word_1_329' title='bbox 2343 1970 2576 2038; x_wconf 87' lang='grc' dir='ltr'>θεότητα</span> <span class='ocrx_word' id='word_1_330' title='bbox 2602 1970 2681 2030; x_wconf 82' lang='grc' dir='ltr'><strong>είς</strong></span> <span class='ocrx_word' id='word_1_331' title='bbox 2714 1967 2883 2030; x_wconf 84' lang='grc' dir='ltr'>πάθος</span> <span class='ocrx_word' id='word_1_332' title='bbox 2920 1963 3366 2026; x_wconf 72' lang='grc' dir='ltr'>καταϐιὸασθεὶς,</span> <span class='ocrx_word' id='word_1_333' title='bbox 3407 1960 3542 2015; x_wconf 84' lang='grc' dir='ltr'><strong>ἀλλά</strong></span> <span class='ocrx_word' id='word_1_334' title='bbox 3571 1959 3664 2013; x_wconf 75' lang='grc' dir='ltr'>καὶ</span> <span class='ocrx_word' id='word_1_335' title='bbox 3694 1955 3796 2028; x_wconf 75' lang='grc' dir='ltr'><strong>τὴν</strong></span> <span class='ocrx_word' id='word_1_336' title='bbox 3832 1957 3939 2009; x_wconf 68' lang='grc' dir='ltr'>ἀνι</span> 
     </span>
    </p>
   </div>
   <div class='ocr_carea' id='block_1_45' title="bbox 2345 2047 3944 2134">
    <p class='ocr_par' dir='ltr' id='par_1_45' title="bbox 2345 2047 3944 2134">
     <span class='ocr_line' id='line_1_45' title="bbox 2345 2047 3944 2134; baseline -0.003 -18"><span class='ocrx_word' id='word_1_337' title='bbox 2345 2063 2673 2134; x_wconf 87' lang='grc' dir='ltr'>θρωπότητα</span> <span class='ocrx_word' id='word_1_338' title='bbox 2721 2062 2899 2115; x_wconf 78' lang='grc' dir='ltr'>πᾶσαν</span> <span class='ocrx_word' id='word_1_339' title='bbox 2932 2059 3022 2114; x_wconf 77' lang='grc' dir='ltr'>διὰ</span> <span class='ocrx_word' id='word_1_340' title='bbox 3070 2057 3171 2127; x_wconf 80' lang='grc' dir='ltr'>τῆς</span> <span class='ocrx_word' id='word_1_341' title='bbox 3217 2056 3378 2125; x_wconf 81' lang='grc' dir='ltr'>ἁγίας</span> <span class='ocrx_word' id='word_1_342' title='bbox 3423 2055 3623 2124; x_wconf 78' lang='grc' dir='ltr'>σαρκὸς</span> <span class='ocrx_word' id='word_1_343' title='bbox 3664 2051 3745 2113; x_wconf 70' lang='grc' dir='ltr'><strong>εἰς</strong></span> <span class='ocrx_word' id='word_1_344' title='bbox 3798 2047 3944 2117; x_wconf 62' lang='grc' dir='ltr'><strong>ὕψος</strong></span> 
     </span>
    </p>
   </div>
   <div class='ocr_carea' id='block_1_46' title="bbox 2345 2137 3945 2223">
    <p class='ocr_par' dir='ltr' id='par_1_46' title="bbox 2345 2137 3945 2223">
     <span class='ocr_line' id='line_1_46' title="bbox 2345 2137 3945 2223; baseline -0.01 -19"><span class='ocrx_word' id='word_1_345' title='bbox 2345 2153 2590 2223; x_wconf 88' lang='grc' dir='ltr'>ἐγείρας,</span> <span class='ocrx_word' id='word_1_346' title='bbox 2624 2151 2718 2205; x_wconf 59' lang='grc' dir='ltr'><strong>καὶ⁸</strong></span> <span class='ocrx_word' id='word_1_347' title='bbox 2754 2149 3061 2221; x_wconf 67' lang='grc' dir='ltr'>τὴνχαμαὶ</span> <span class='ocrx_word' id='word_1_348' title='bbox 3087 2145 3350 2217; x_wconf 79' lang='grc' dir='ltr'>κειμένην</span> <span class='ocrx_word' id='word_1_349' title='bbox 3373 2144 3452 2208; x_wconf 77' lang='grc' dir='ltr'>εἰς</span> <span class='ocrx_word' id='word_1_350' title='bbox 3483 2139 3746 2210; x_wconf 77' lang='grc' dir='ltr'>οὐρανοὺς</span> <span class='ocrx_word' id='word_1_351' title='bbox 3778 2137 3945 2190; x_wconf 84' lang='grc' dir='ltr'>ἀνελ-</span> 
     </span>
    </p>
   </div>
   <div class='ocr_carea' id='block_1_47' title="bbox 2343 2227 3948 2313">
    <p class='ocr_par' dir='ltr' id='par_1_47' title="bbox 2343 2227 3948 2313">
     <span class='ocr_line' id='line_1_47' title="bbox 2343 2227 3948 2313; baseline -0.009 -18"><span class='ocrx_word' id='word_1_352' title='bbox 2343 2242 2555 2306; x_wconf 87' lang='grc' dir='ltr'>κύσας,</span> <span class='ocrx_word' id='word_1_353' title='bbox 2610 2241 2706 2295; x_wconf 82' lang='grc' dir='ltr'>καὶ</span> <span class='ocrx_word' id='word_1_354' title='bbox 2757 2241 2854 2313; x_wconf 82' lang='grc' dir='ltr'>τὴν</span> <span class='ocrx_word' id='word_1_355' title='bbox 2905 2238 3352 2312; x_wconf 81' lang='grc' dir='ltr'>ἀπαρρησίαστον</span> <span class='ocrx_word' id='word_1_356' title='bbox 3406 2232 3597 2304; x_wconf 78' lang='grc' dir='ltr'>πρώην</span> <span class='ocrx_word' id='word_1_357' title='bbox 3659 2227 3948 2289; x_wconf 77' lang='grc' dir='ltr'>υἱοθεσίας</span> 
     </span>
    </p>
   </div>
   <div class='ocr_carea' id='block_1_48' title="bbox 2342 2321 3947 2403">
    <p class='ocr_par' dir='ltr' id='par_1_48' title="bbox 2342 2321 3947 2403">
     <span class='ocr_line' id='line_1_48' title="bbox 2342 2321 3947 2403; baseline -0.011 -12"><span class='ocrx_word' id='word_1_358' title='bbox 2342 2332 2604 2400; x_wconf 79' lang='grc' dir='ltr'>ἀξιώσας.</span> <span class='ocrx_word' id='word_1_359' title='bbox 2640 2331 2734 2397; x_wconf 88' lang='grc' dir='ltr'>Τίς</span> <span class='ocrx_word' id='word_1_360' title='bbox 2765 2333 2820 2386; x_wconf 78' lang='grc' dir='ltr'>δὲ</span> <span class='ocrx_word' id='word_1_361' title='bbox 2856 2331 3149 2403; x_wconf 82' lang='grc' dir='ltr'>ἐχρεὼστει</span> <span class='ocrx_word' id='word_1_362' title='bbox 3179 2329 3400 2392; x_wconf 83' lang='grc' dir='ltr'>πάντως</span> <span class='ocrx_word' id='word_1_363' title='bbox 3432 2326 3522 2380; x_wconf 78' lang='grc' dir='ltr'><strong>τὸν</strong></span> <span class='ocrx_word' id='word_1_364' title='bbox 3563 2326 3626 2378; x_wconf 71' lang='grc' dir='ltr'><strong>ἐκ</strong></span> <span class='ocrx_word' id='word_1_365' title='bbox 3655 2321 3756 2390; x_wconf 85' lang='grc' dir='ltr'><strong>τῆς</strong></span> <span class='ocrx_word' id='word_1_366' title='bbox 3795 2337 3947 2389; x_wconf 75' lang='grc' dir='ltr'>παρ-</span> 
     </span>
    </p>
   </div>
   <div class='ocr_carea' id='block_1_49' title="bbox 2343 2409 3948 2492">
    <p class='ocr_par' dir='ltr' id='par_1_49' title="bbox 2343 2409 3948 2492">
     <span class='ocr_line' id='line_1_49' title="bbox 2343 2409 3948 2492; baseline -0.009 -16"><span class='ocrx_word' id='word_1_367' title='bbox 2343 2424 2511 2492; x_wconf 82' lang='grc' dir='ltr'>ακοῆς</span> <span class='ocrx_word' id='word_1_368' title='bbox 2539 2422 2768 2477; x_wconf 86' lang='grc' dir='ltr'>θάνατον</span> <span class='ocrx_word' id='word_1_369' title='bbox 2796 2439 2809 2488; x_wconf 90' lang='grc'><strong>;</strong></span> <span class='ocrx_word' id='word_1_370' title='bbox 2856 2423 2920 2474; x_wconf 91' lang='lat' dir='ltr'><strong>&#39;H</strong></span> <span class='ocrx_word' id='word_1_371' title='bbox 2946 2420 3109 2491; x_wconf 81' lang='grc' dir='ltr'>φύσις</span> <span class='ocrx_word' id='word_1_372' title='bbox 3146 2419 3413 2487; x_wconf 85' lang='grc' dir='ltr'>πάντωςὴ</span> <span class='ocrx_word' id='word_1_373' title='bbox 3431 2411 3764 2486; x_wconf 84' lang='grc' dir='ltr'>ἀνθρωπεία,</span> <span class='ocrx_word' id='word_1_374' title='bbox 3785 2409 3887 2479; x_wconf 80' lang='grc' dir='ltr'><strong>οὐχ</strong></span> <span class='ocrx_word' id='word_1_375' title='bbox 3910 2410 3948 2477; x_wconf 79' lang='grc' dir='ltr'>ἡ</span> 
     </span>
    </p>
   </div>
   <div class='ocr_carea' id='block_1_50' title="bbox 2343 2499 3948 2578">
    <p class='ocr_par' dir='ltr' id='par_1_50' title="bbox 2343 2499 3948 2578">
     <span class='ocr_line' id='line_1_50' title="bbox 2343 2499 3948 2578; baseline -0.01 -13"><span class='ocrx_word' id='word_1_376' title='bbox 2343 2511 2487 2566; x_wconf 89' lang='grc' dir='ltr'>θεία.</span> <span class='ocrx_word' id='word_1_377' title='bbox 2519 2513 2653 2564; x_wconf 90' lang='grc' dir='ltr'>Τίνα</span> <span class='ocrx_word' id='word_1_378' title='bbox 2698 2508 2790 2565; x_wconf 82' lang='grc' dir='ltr'><strong>οὖν</strong></span> <span class='ocrx_word' id='word_1_379' title='bbox 2824 2510 3117 2565; x_wconf 86' lang='grc' dir='ltr'>ἀκόλουθον</span> <span class='ocrx_word' id='word_1_380' title='bbox 3151 2505 3217 2578; x_wconf 77' lang='grc' dir='ltr'>ἦν</span> <span class='ocrx_word' id='word_1_381' title='bbox 3257 2506 3546 2562; x_wconf 79' lang='grc' dir='ltr'>ἀποδοῦναι</span> <span class='ocrx_word' id='word_1_382' title='bbox 3596 2503 3688 2555; x_wconf 80' lang='grc' dir='ltr'>τὸν</span> <span class='ocrx_word' id='word_1_383' title='bbox 3724 2502 3790 2553; x_wconf 89' lang='grc' dir='ltr'><strong>ἐκ</strong></span> <span class='ocrx_word' id='word_1_384' title='bbox 3835 2499 3948 2566; x_wconf 80' lang='grc' dir='ltr'>τῆς</span> 
     </span>
    </p>
   </div>
   <div class='ocr_carea' id='block_1_51' title="bbox 2342 2605 2918 2676">
    <p class='ocr_par' dir='ltr' id='par_1_51' title="bbox 2342 2605 2918 2676">
     <span class='ocr_line' id='line_1_51' title="bbox 2342 2605 2918 2676; baseline -0.007 -18"><span class='ocrx_word' id='word_1_385' title='bbox 2342 2606 2629 2676; x_wconf 82' lang='grc' dir='ltr'>παρακοῆς</span> <span class='ocrx_word' id='word_1_386' title='bbox 2657 2605 2887 2657; x_wconf 88' lang='grc' dir='ltr'>θάνατον</span> <span class='ocrx_word' id='word_1_387' title='bbox 2905 2620 2918 2668; x_wconf 92' lang='grc'><strong>;</strong></span> 
     </span>
    </p>
   </div>
   <div class='ocr_carea' id='block_1_52' title="bbox 660 2683 3952 2766">
    <p class='ocr_par' dir='ltr' id='par_1_52' title="bbox 660 2683 3952 2766">
     <span class='ocr_line' id='line_1_52' title="bbox 660 2683 3952 2766; baseline -0.003 -22"><span class='ocrx_word' id='word_1_388' title='bbox 660 2691 895 2748; x_wconf 84' lang='lat' dir='ltr'><strong>Omnino</strong></span> <span class='ocrx_word' id='word_1_389' title='bbox 927 2693 1159 2748; x_wconf 88' lang='lat' dir='ltr'><strong>humana</strong></span> <span class='ocrx_word' id='word_1_390' title='bbox 1195 2701 1387 2746; x_wconf 87' lang='lat' dir='ltr'><strong>natura</strong></span> <span class='ocrx_word' id='word_1_391' title='bbox 1410 2729 1425 2756; x_wconf 86' lang='lat'><strong>,</strong></span> <span class='ocrx_word' id='word_1_392' title='bbox 1449 2705 1557 2749; x_wconf 89' lang='lat' dir='ltr'><strong>non</strong></span> <span class='ocrx_word' id='word_1_393' title='bbox 1590 2689 1792 2746; x_wconf 90' lang='lat' dir='ltr'><strong>divina.</strong></span> <span class='ocrx_word' id='word_1_394' title='bbox 1855 2689 2028 2758; x_wconf 85' lang='lat' dir='ltr'><strong>Quam</strong></span> <span class='ocrx_word' id='word_1_395' title='bbox 2077 2691 2240 2761; x_wconf 78' lang='lat' dir='ltr'><strong>igitur</strong></span> <span class='ocrx_word' id='word_1_396' title='bbox 2279 2708 2702 2754; x_wconf 87' lang='lat' dir='ltr'><strong>consentaneum</strong></span> <span class='ocrx_word' id='word_1_397' title='bbox 2770 2706 2886 2753; x_wconf 88' lang='lat' dir='ltr'><strong>erat</strong></span> <span class='ocrx_word' id='word_1_398' title='bbox 2918 2694 3227 2766; x_wconf 87' lang='lat' dir='ltr'><strong>persolvere</strong></span> <span class='ocrx_word' id='word_1_399' title='bbox 3289 2699 3514 2746; x_wconf 89' lang='lat' dir='ltr'><strong>mortem</strong></span> <span class='ocrx_word' id='word_1_400' title='bbox 3539 2704 3602 2744; x_wconf 78' lang='lat' dir='ltr'><strong>ex</strong></span> <span class='ocrx_word' id='word_1_401' title='bbox 3631 2683 3952 2741; x_wconf 88' lang='lat' dir='ltr'><strong>inobedien-</strong></span> 
     </span>
    </p>
   </div>
   <div class='ocr_carea' id='block_1_53' title="bbox 665 2784 1181 2840">
    <p class='ocr_par' dir='ltr' id='par_1_53' title="bbox 665 2784 1181 2840">
     <span class='ocr_line' id='line_1_53' title="bbox 665 2784 1181 2840; baseline 0.004 -4"><span class='ocrx_word' id='word_1_402' title='bbox 665 2785 738 2838; x_wconf 88' lang='lat' dir='ltr'><strong>tia</strong></span> <span class='ocrx_word' id='word_1_403' title='bbox 780 2785 1127 2840; x_wconf 80' lang='lat' dir='ltr'><strong>exsistentem</strong></span> <span class='ocrx_word' id='word_1_404' title='bbox 1157 2784 1181 2838; x_wconf 88' lang='lat'><strong>?</strong></span> 
     </span>
    </p>
   </div>
   <div class='ocr_carea' id='block_1_54' title="bbox 1221 2893 1696 2967">
    <p class='ocr_par' dir='ltr' id='par_1_54' title="bbox 1221 2893 1696 2967">
     <span class='ocr_line' id='line_1_54' title="bbox 1221 2893 1696 2967; baseline -0.002 -17"><span class='ocrx_word' id='word_1_405' title='bbox 1221 2893 1408 2967; x_wconf 78' lang='lat' dir='ltr'><strong>Cyrilli</strong></span> <span class='ocrx_word' id='word_1_406' title='bbox 1440 2894 1696 2964; x_wconf 74' lang='lat' dir='ltr'><strong>defensio.</strong></span> 
     </span>
    </p>
   </div>
   <div class='ocr_carea' id='block_1_55' title="bbox 738 3011 2247 3083">
    <p class='ocr_par' dir='ltr' id='par_1_55' title="bbox 738 3011 2247 3083">
     <span class='ocr_line' id='line_1_55' title="bbox 738 3011 2247 3083; baseline -0.003 -14"><span class='ocrx_word' id='word_1_407' title='bbox 738 3015 1066 3069; x_wconf 81' lang='lat' dir='ltr'><strong>Admiranda</strong></span> <span class='ocrx_word' id='word_1_408' title='bbox 1129 3013 1372 3083; x_wconf 85' lang='lat' dir='ltr'><strong>profecto</strong></span> <span class='ocrx_word' id='word_1_409' title='bbox 1430 3011 1674 3067; x_wconf 79' lang='lat' dir='ltr'><strong>veritatis</strong></span> <span class='ocrx_word' id='word_1_410' title='bbox 1736 3011 1974 3081; x_wconf 88' lang='lat' dir='ltr'><strong>potentia</strong></span> <span class='ocrx_word' id='word_1_411' title='bbox 2020 3020 2147 3065; x_wconf 84' lang='lat' dir='ltr'><strong>est:</strong></span> <span class='ocrx_word' id='word_1_412' title='bbox 2197 3013 2247 3064; x_wconf 93' lang='lat' dir='ltr'><strong>id</strong></span> 
     </span>
    </p>
   </div>
   <div class='ocr_carea' id='block_1_56' title="bbox 2807 2893 3485 2967">
    <p class='ocr_par' dir='ltr' id='par_1_56' title="bbox 2807 2893 3485 2967">
     <span class='ocr_line' id='line_1_56' title="bbox 2807 2893 3485 2967; baseline -0.01 -16"><span class='ocrx_word' id='word_1_413' title='bbox 2807 2896 3121 2967; x_wconf 74' lang='grc' dir='ltr'>Ἀπολογία</span> <span class='ocrx_word' id='word_1_414' title='bbox 3160 2893 3485 2961; x_wconf 75' lang='grc' dir='ltr'>Κυρίλλου.</span> 
     </span>
    </p>
   </div>
   <div class='ocr_carea' id='block_1_57' title="bbox 2437 2998 3946 3077">
    <p class='ocr_par' dir='ltr' id='par_1_57' title="bbox 2437 2998 3946 3077">
     <span class='ocr_line' id='line_1_57' title="bbox 2437 2998 3946 3077; baseline -0.009 -14"><span class='ocrx_word' id='word_1_415' title='bbox 2437 3009 2787 3077; x_wconf 76' lang='grc' dir='ltr'>Ἀξιάγαστος</span> <span class='ocrx_word' id='word_1_416' title='bbox 2812 3007 2885 3071; x_wconf 85' lang='grc' dir='ltr'>ὡς</span> <span class='ocrx_word' id='word_1_417' title='bbox 2915 3005 3131 3074; x_wconf 86' lang='grc' dir='ltr'>ἀληθῶς</span> <span class='ocrx_word' id='word_1_418' title='bbox 3171 3005 3268 3074; x_wconf 83' lang='grc' dir='ltr'>τῆς</span> <span class='ocrx_word' id='word_1_419' title='bbox 3316 3001 3576 3074; x_wconf 79' lang='grc' dir='ltr'>ἀληθείας</span> <span class='ocrx_word' id='word_1_420' title='bbox 3603 3001 3636 3070; x_wconf 72' lang='grc' dir='ltr'><strong>ἡ</strong></span> <span class='ocrx_word' id='word_1_421' title='bbox 3669 2998 3902 3068; x_wconf 86' lang='grc' dir='ltr'>δύναμις</span> <span class='ocrx_word' id='word_1_422' title='bbox 3931 3015 3946 3030; x_wconf 89' lang='grc'><strong>·</strong></span> 
     </span>
    </p>
   </div>
   <div class='ocr_carea' id='block_1_58' title="bbox 675 3091 2247 3176">
    <p class='ocr_par' dir='ltr' id='par_1_58' title="bbox 675 3102 2247 3176">
     <span class='ocr_line' id='line_1_58' title="bbox 675 3102 2247 3176; baseline -0.001 -20"><span class='ocrx_word' id='word_1_423' title='bbox 675 3106 819 3176; x_wconf 86' lang='lat' dir='ltr'><strong>quod</strong></span> <span class='ocrx_word' id='word_1_424' title='bbox 852 3105 1185 3174; x_wconf 83' lang='lat' dir='ltr'><strong>experientia</strong></span> <span class='ocrx_word' id='word_1_425' title='bbox 1220 3113 1471 3158; x_wconf 85' lang='lat' dir='ltr'><strong>testatur.</strong></span> <span class='ocrx_word' id='word_1_426' title='bbox 1526 3102 1642 3158; x_wconf 82' lang='lat' dir='ltr'><strong>Non</strong></span> <span class='ocrx_word' id='word_1_427' title='bbox 1695 3104 1838 3157; x_wconf 88' lang='lat' dir='ltr'><strong>enim</strong></span> <span class='ocrx_word' id='word_1_428' title='bbox 1891 3104 2021 3157; x_wconf 85' lang='lat' dir='ltr'><strong>mihi</strong></span> <span class='ocrx_word' id='word_1_429' title='bbox 2080 3103 2247 3160; x_wconf 85' lang='lat' dir='ltr'><strong>multo</strong></span> 
     </span>
    </p>
   </div>
   <div class='ocr_carea' id='block_1_59' title="bbox 2353 3091 3954 3176">
    <p class='ocr_par' dir='ltr' id='par_1_59' title="bbox 2356 3091 3954 3174">
     <span class='ocr_line' id='line_1_59' title="bbox 2356 3091 3954 3174; baseline -0.009 -17"><span class='ocrx_word' id='word_1_430' title='bbox 2356 3107 2449 3157; x_wconf 74' lang='grc' dir='ltr'>καὶ</span> <span class='ocrx_word' id='word_1_431' title='bbox 2483 3106 2692 3174; x_wconf 84' lang='grc' dir='ltr'>μάρτυς</span> <span class='ocrx_word' id='word_1_432' title='bbox 2721 3106 2755 3173; x_wconf 82' lang='grc' dir='ltr'>ἡ</span> <span class='ocrx_word' id='word_1_433' title='bbox 2780 3105 2962 3174; x_wconf 84' lang='grc' dir='ltr'>πεῖρα.</span> <span class='ocrx_word' id='word_1_434' title='bbox 3000 3100 3074 3153; x_wconf 87' lang='grc' dir='ltr'>Ού</span> <span class='ocrx_word' id='word_1_435' title='bbox 3103 3099 3212 3170; x_wconf 85' lang='grc' dir='ltr'><strong>γάρ</strong></span> <span class='ocrx_word' id='word_1_436' title='bbox 3257 3115 3346 3167; x_wconf 90' lang='grc' dir='ltr'><strong>μοι</strong></span> <span class='ocrx_word' id='word_1_437' title='bbox 3381 3093 3593 3166; x_wconf 76' lang='grc' dir='ltr'>μακροῦ</span> <span class='ocrx_word' id='word_1_438' title='bbox 3637 3092 3824 3162; x_wconf 79' lang='grc' dir='ltr'>δεήσει</span> <span class='ocrx_word' id='word_1_439' title='bbox 3855 3091 3954 3144; x_wconf 74' lang='grc' dir='ltr'><strong>λό-</strong></span> 
     </span>
    </p>
   </div>
   <div class='ocr_carea' id='block_1_60' title="bbox 670 3196 2248 3265">
    <p class='ocr_par' dir='ltr' id='par_1_60' title="bbox 670 3196 2248 3265">
     <span class='ocr_line' id='line_1_60' title="bbox 670 3196 2248 3265; baseline -0.002 -12"><span class='ocrx_word' id='word_1_440' title='bbox 670 3212 920 3253; x_wconf 88' lang='lat' dir='ltr'><strong>scrmone</strong></span> <span class='ocrx_word' id='word_1_441' title='bbox 951 3198 1016 3251; x_wconf 92' lang='lat' dir='ltr'><strong>ad</strong></span> <span class='ocrx_word' id='word_1_442' title='bbox 1042 3197 1411 3251; x_wconf 89' lang='lat' dir='ltr'><strong>defensionem</strong></span> <span class='ocrx_word' id='word_1_443' title='bbox 1449 3210 1582 3264; x_wconf 85' lang='lat' dir='ltr'><strong>opus</strong></span> <span class='ocrx_word' id='word_1_444' title='bbox 1611 3206 1716 3259; x_wconf 75' lang='grc' dir='ltr'>εει,</span> <span class='ocrx_word' id='word_1_445' title='bbox 1736 3196 1801 3249; x_wconf 89' lang='lat' dir='ltr'><strong>ad</strong></span> <span class='ocrx_word' id='word_1_446' title='bbox 1817 3197 2248 3265; x_wconf 86' lang='lat' dir='ltr'><strong>persuadendum</strong></span> 
     </span>
    </p>
   </div>
   <div class='ocr_carea' id='block_1_61' title="bbox 671 3288 2251 3358">
    <p class='ocr_par' dir='ltr' id='par_1_61' title="bbox 671 3288 2251 3358">
     <span class='ocr_line' id='line_1_61' title="bbox 671 3288 2251 3358; baseline -0.002 -12"><span class='ocrx_word' id='word_1_447' title='bbox 671 3289 881 3346; x_wconf 74' lang='lat' dir='ltr'><strong>scilicet</strong></span> <span class='ocrx_word' id='word_1_448' title='bbox 938 3289 1244 3358; x_wconf 87' lang='lat' dir='ltr'><strong>oppositum</strong></span> <span class='ocrx_word' id='word_1_449' title='bbox 1304 3290 1561 3358; x_wconf 87' lang='lat' dir='ltr'><strong>deceptis,</strong></span> <span class='ocrx_word' id='word_1_450' title='bbox 1609 3296 1667 3341; x_wconf 92' lang='lat' dir='ltr'><strong>ut</strong></span> <span class='ocrx_word' id='word_1_451' title='bbox 1744 3288 2054 3356; x_wconf 86' lang='lat' dir='ltr'><strong>epinantur,</strong></span> <span class='ocrx_word' id='word_1_452' title='bbox 2111 3288 2251 3356; x_wconf 88' lang='lat' dir='ltr'><strong>quod</strong></span> 
     </span>
    </p>
   </div>
   <div class='ocr_carea' id='block_1_62' title="bbox 674 3380 2249 3452">
    <p class='ocr_par' dir='ltr' id='par_1_62' title="bbox 674 3380 2249 3452">
     <span class='ocr_line' id='line_1_62' title="bbox 674 3380 2249 3452; baseline -0.003 -18"><span class='ocrx_word' id='word_1_453' title='bbox 674 3380 989 3452; x_wconf 88' lang='lat' dir='ltr'><strong>passibiletn</strong></span> <span class='ocrx_word' id='word_1_454' title='bbox 1013 3394 1135 3435; x_wconf 88' lang='lat' dir='ltr'><strong>esse</strong></span> <span class='ocrx_word' id='word_1_455' title='bbox 1193 3381 1439 3434; x_wconf 86' lang='lat' dir='ltr'><strong>dicamus</strong></span> <span class='ocrx_word' id='word_1_456' title='bbox 1504 3381 1746 3434; x_wconf 85' lang='lat' dir='ltr'><strong>divinam</strong></span> <span class='ocrx_word' id='word_1_457' title='bbox 1793 3380 1950 3434; x_wconf 82' lang='lat' dir='ltr'><strong>Verbi</strong></span> <span class='ocrx_word' id='word_1_458' title='bbox 1983 3388 2249 3444; x_wconf 90' lang='lat' dir='ltr'><strong>naturam,</strong></span> 
     </span>
    </p>
   </div>
   <div class='ocr_carea' id='block_1_63' title="bbox 674 3471 2254 3542">
    <p class='ocr_par' dir='ltr' id='par_1_63' title="bbox 674 3471 2254 3542">
     <span class='ocr_line' id='line_1_63' title="bbox 674 3471 2254 3542; baseline -0.003 -13"><span class='ocrx_word' id='word_1_459' title='bbox 674 3490 797 3529; x_wconf 87' lang='lat' dir='ltr'><strong>cum</strong></span> <span class='ocrx_word' id='word_1_460' title='bbox 831 3472 994 3527; x_wconf 87' lang='lat' dir='ltr'><strong>semel</strong></span> <span class='ocrx_word' id='word_1_461' title='bbox 1018 3472 1313 3527; x_wconf 86' lang='lat' dir='ltr'><strong>adversarii</strong></span> <span class='ocrx_word' id='word_1_462' title='bbox 1348 3471 1486 3527; x_wconf 88' lang='lat' dir='ltr'><strong>ultro</strong></span> <span class='ocrx_word' id='word_1_463' title='bbox 1515 3471 1749 3527; x_wconf 83' lang='lat' dir='ltr'><strong>confessi</strong></span> <span class='ocrx_word' id='word_1_464' title='bbox 1771 3473 1901 3536; x_wconf 90' lang='lat' dir='ltr'><strong>sint,</strong></span> <span class='ocrx_word' id='word_1_465' title='bbox 1939 3473 2098 3542; x_wconf 87' lang='lat' dir='ltr'><strong>idque</strong></span> <span class='ocrx_word' id='word_1_466' title='bbox 2120 3471 2254 3525; x_wconf 84' lang='lat' dir='ltr'><strong>satis</strong></span> 
     </span>
    </p>
   </div>
   <div class='ocr_carea' id='block_1_64' title="bbox 676 3561 2253 3634">
    <p class='ocr_par' dir='ltr' id='par_1_64' title="bbox 676 3561 2253 3634">
     <span class='ocr_line' id='line_1_64' title="bbox 676 3561 2253 3634; baseline -0.001 -17"><span class='ocrx_word' id='word_1_467' title='bbox 676 3564 982 3634; x_wconf 80' lang='lat' dir='ltr'><strong>perspicue,</strong></span> <span class='ocrx_word' id='word_1_468' title='bbox 1014 3577 1118 3618; x_wconf 88' lang='lat' dir='ltr'><strong>non</strong></span> <span class='ocrx_word' id='word_1_469' title='bbox 1156 3561 1222 3616; x_wconf 90' lang='lat' dir='ltr'><strong>ab</strong></span> <span class='ocrx_word' id='word_1_470' title='bbox 1258 3563 1362 3616; x_wconf 91' lang='lat' dir='ltr'><strong>illis</strong></span> <span class='ocrx_word' id='word_1_471' title='bbox 1390 3562 1709 3617; x_wconf 84' lang='lat' dir='ltr'><strong>criminibus</strong></span> <span class='ocrx_word' id='word_1_472' title='bbox 1741 3577 1860 3617; x_wconf 90' lang='lat' dir='ltr'><strong>esse</strong></span> <span class='ocrx_word' id='word_1_473' title='bbox 1891 3562 2120 3617; x_wconf 88' lang='lat' dir='ltr'><strong>alienos.</strong></span> <span class='ocrx_word' id='word_1_474' title='bbox 2146 3563 2253 3617; x_wconf 87' lang='lat' dir='ltr'><strong>Sed</strong></span> 
     </span>
    </p>
   </div>
   <div class='ocr_carea' id='block_1_65' title="bbox 679 3653 2258 3726">
    <p class='ocr_par' dir='ltr' id='par_1_65' title="bbox 679 3653 2258 3726">
     <span class='ocr_line' id='line_1_65' title="bbox 679 3653 2258 3726; baseline 0.001 -19"><span class='ocrx_word' id='word_1_475' title='bbox 679 3656 804 3726; x_wconf 91' lang='lat' dir='ltr'><strong>quia</strong></span> <span class='ocrx_word' id='word_1_476' title='bbox 867 3663 1160 3723; x_wconf 85' lang='lat' dir='ltr'><strong>sumptum,</strong></span> <span class='ocrx_word' id='word_1_477' title='bbox 1199 3654 1338 3724; x_wconf 84' lang='lat' dir='ltr'><strong>quod</strong></span> <span class='ocrx_word' id='word_1_478' title='bbox 1370 3653 1739 3724; x_wconf 86' lang='lat' dir='ltr'><strong>suppositione</strong></span> <span class='ocrx_word' id='word_1_479' title='bbox 1773 3653 1930 3724; x_wconf 82' lang='lat'><strong>197</strong></span> <span class='ocrx_word' id='word_1_480' title='bbox 1977 3669 2079 3709; x_wconf 92' lang='lat' dir='ltr'><strong>non</strong></span> <span class='ocrx_word' id='word_1_481' title='bbox 2113 3655 2258 3710; x_wconf 74' lang='lat' dir='ltr'><strong>indi-</strong></span> 
     </span>
    </p>
   </div>
   <div class='ocr_carea' id='block_1_66' title="bbox 680 3745 2259 3815">
    <p class='ocr_par' dir='ltr' id='par_1_66' title="bbox 680 3745 2259 3815">
     <span class='ocr_line' id='line_1_66' title="bbox 680 3745 2259 3815; baseline -0.001 -15"><span class='ocrx_word' id='word_1_482' title='bbox 680 3756 823 3815; x_wconf 80' lang='lat' dir='ltr'><strong>geat,</strong></span> <span class='ocrx_word' id='word_1_483' title='bbox 850 3747 915 3800; x_wconf 87' lang='lat' dir='ltr'><strong>ad</strong></span> <span class='ocrx_word' id='word_1_484' title='bbox 972 3761 1129 3800; x_wconf 88' lang='lat' dir='ltr'><strong>suum</strong></span> <span class='ocrx_word' id='word_1_485' title='bbox 1187 3746 1400 3799; x_wconf 90' lang='lat' dir='ltr'><strong>libitum</strong></span> <span class='ocrx_word' id='word_1_486' title='bbox 1453 3745 1758 3801; x_wconf 86' lang='lat' dir='ltr'><strong>inconsulte</strong></span> <span class='ocrx_word' id='word_1_487' title='bbox 1820 3757 2146 3815; x_wconf 89' lang='lat' dir='ltr'><strong>proponunt,</strong></span> <span class='ocrx_word' id='word_1_488' title='bbox 2207 3755 2259 3801; x_wconf 92' lang='lat' dir='ltr'><strong>et</strong></span> 
     </span>
    </p>
   </div>
   <div class='ocr_carea' id='block_1_67' title="bbox 682 3837 2254 3907">
    <p class='ocr_par' dir='ltr' id='par_1_67' title="bbox 682 3837 2254 3907">
     <span class='ocr_line' id='line_1_67' title="bbox 682 3837 2254 3907; baseline -0.001 -13"><span class='ocrx_word' id='word_1_489' title='bbox 682 3839 901 3894; x_wconf 89' lang='lat' dir='ltr'><strong>acribus</strong></span> <span class='ocrx_word' id='word_1_490' title='bbox 935 3839 1320 3907; x_wconf 84' lang='lat' dir='ltr'><strong>cogitationum</strong></span> <span class='ocrx_word' id='word_1_491' title='bbox 1343 3837 1577 3891; x_wconf 86' lang='lat' dir='ltr'><strong>inventis</strong></span> <span class='ocrx_word' id='word_1_492' title='bbox 1606 3847 1873 3892; x_wconf 85' lang='lat' dir='ltr'><strong>conantur</strong></span> <span class='ocrx_word' id='word_1_493' title='bbox 1901 3838 2003 3890; x_wconf 88' lang='lat' dir='ltr'><strong>vim</strong></span> <span class='ocrx_word' id='word_1_494' title='bbox 2026 3853 2137 3892; x_wconf 61' lang='lat' dir='ltr'><strong>suae</strong></span> <span class='ocrx_word' id='word_1_495' title='bbox 2163 3854 2254 3892; x_wconf 88' lang='lat' dir='ltr'><strong>sa-</strong></span> 
     </span>
    </p>
   </div>
   <div class='ocr_carea' id='block_1_68' title="bbox 680 3927 2260 3999">
    <p class='ocr_par' dir='ltr' id='par_1_68' title="bbox 680 3927 2260 3999">
     <span class='ocr_line' id='line_1_68' title="bbox 680 3927 2260 3999; baseline 0.001 -18"><span class='ocrx_word' id='word_1_496' title='bbox 680 3929 930 3999; x_wconf 87' lang='lat' dir='ltr'><strong>gacitatis</strong></span> <span class='ocrx_word' id='word_1_497' title='bbox 956 3931 1260 3992; x_wconf 78' lang='lat' dir='ltr'><strong>ostendere,</strong></span> <span class='ocrx_word' id='word_1_498' title='bbox 1327 3943 1391 3982; x_wconf 92' lang='lat' dir='ltr'><strong>ac</strong></span> <span class='ocrx_word' id='word_1_499' title='bbox 1414 3930 1762 3982; x_wconf 81' lang='lat' dir='ltr'><strong>vehementer</strong></span> <span class='ocrx_word' id='word_1_500' title='bbox 1820 3927 2109 3982; x_wconf 86' lang='lat' dir='ltr'><strong>admodum</strong></span> <span class='ocrx_word' id='word_1_501' title='bbox 2165 3929 2260 3982; x_wconf 60' lang='lat' dir='ltr'><strong>ad-</strong></span> 
     </span>
    </p>
   </div>
   <div class='ocr_carea' id='block_1_69' title="bbox 681 4018 2258 4088">
    <p class='ocr_par' dir='ltr' id='par_1_69' title="bbox 681 4018 2258 4088">
     <span class='ocr_line' id='line_1_69' title="bbox 681 4018 2258 4088; baseline 0 -15"><span class='ocrx_word' id='word_1_502' title='bbox 681 4029 992 4086; x_wconf 88' lang='lat' dir='ltr'><strong>struunt,ut</strong></span> <span class='ocrx_word' id='word_1_503' title='bbox 1015 4021 1389 4074; x_wconf 85' lang='lat' dir='ltr'><strong>demonstrent</strong></span> <span class='ocrx_word' id='word_1_504' title='bbox 1421 4018 1753 4088; x_wconf 88' lang='lat' dir='ltr'><strong>impassihile</strong></span> <span class='ocrx_word' id='word_1_505' title='bbox 1779 4019 2076 4074; x_wconf 87' lang='lat' dir='ltr'><strong>secundum</strong></span> <span class='ocrx_word' id='word_1_506' title='bbox 2109 4035 2258 4074; x_wconf 85' lang='lat' dir='ltr'><strong>suam</strong></span> 
     </span>
    </p>
   </div>
   <div class='ocr_carea' id='block_1_70' title="bbox 683 4109 2260 4180">
    <p class='ocr_par' dir='ltr' id='par_1_70' title="bbox 683 4109 2260 4180">
     <span class='ocr_line' id='line_1_70' title="bbox 683 4109 2260 4180; baseline 0.001 -19"><span class='ocrx_word' id='word_1_507' title='bbox 683 4117 933 4163; x_wconf 86' lang='lat' dir='ltr'><strong>naturam</strong></span> <span class='ocrx_word' id='word_1_508' title='bbox 963 4126 1084 4164; x_wconf 88' lang='lat' dir='ltr'><strong>esse</strong></span> <span class='ocrx_word' id='word_1_509' title='bbox 1111 4110 1204 4164; x_wconf 90' lang='lat' dir='ltr'><strong>Dei</strong></span> <span class='ocrx_word' id='word_1_510' title='bbox 1230 4109 1499 4175; x_wconf 84' lang='lat' dir='ltr'><strong>Verbum;</strong></span> <span class='ocrx_word' id='word_1_511' title='bbox 1532 4110 1756 4163; x_wconf 86' lang='lat' dir='ltr'><strong>audiant</strong></span> <span class='ocrx_word' id='word_1_512' title='bbox 1823 4125 1851 4162; x_wconf 89' lang='lat' dir='ltr'><strong>a</strong></span> <span class='ocrx_word' id='word_1_513' title='bbox 1891 4110 2068 4177; x_wconf 86' lang='lat' dir='ltr'><strong>nobis,</strong></span> <span class='ocrx_word' id='word_1_514' title='bbox 2118 4112 2260 4180; x_wconf 88' lang='lat' dir='ltr'><strong>quod</strong></span> 
     </span>
    </p>
   </div>
   <div class='ocr_carea' id='block_1_71' title="bbox 682 4189 2261 4271">
    <p class='ocr_par' dir='ltr' id='par_1_71' title="bbox 682 4189 2261 4271">
     <span class='ocr_line' id='line_1_71' title="bbox 682 4189 2261 4271; baseline 0.001 -16"><span class='ocrx_word' id='word_1_515' title='bbox 682 4201 883 4255; x_wconf 76' lang='lat' dir='ltr'><strong>frustra</strong></span> <span class='ocrx_word' id='word_1_516' title='bbox 921 4210 1181 4271; x_wconf 75' lang='lat' dir='ltr'><strong>pugnant,</strong></span> <span class='ocrx_word' id='word_1_517' title='bbox 1237 4215 1526 4270; x_wconf 85' lang='lat' dir='ltr'><strong>aeretnque</strong></span> <span class='ocrx_word' id='word_1_518' title='bbox 1572 4202 1879 4267; x_wconf 82' lang='lat' dir='ltr'><strong>verberant,</strong></span> <span class='ocrx_word' id='word_1_519' title='bbox 1934 4189 2151 4254; x_wconf 79' lang='lat' dir='ltr'><strong>nemine</strong></span> <span class='ocrx_word' id='word_1_520' title='bbox 2209 4205 2261 4256; x_wconf 88' lang='lat' dir='ltr'><strong>in</strong></span> 
     </span>
    </p>
   </div>
   <div class='ocr_carea' id='block_1_72' title="bbox 685 4291 2264 4360">
    <p class='ocr_par' dir='ltr' id='par_1_72' title="bbox 685 4291 2264 4360">
     <span class='ocr_line' id='line_1_72' title="bbox 685 4291 2264 4360; baseline 0.001 -15"><span class='ocrx_word' id='word_1_521' title='bbox 685 4293 783 4346; x_wconf 91' lang='lat' dir='ltr'><strong>hoc</strong></span> <span class='ocrx_word' id='word_1_522' title='bbox 815 4291 893 4345; x_wconf 88' lang='lat' dir='ltr'><strong>eis</strong></span> <span class='ocrx_word' id='word_1_523' title='bbox 924 4307 980 4345; x_wconf 91' lang='lat' dir='ltr'><strong>se</strong></span> <span class='ocrx_word' id='word_1_524' title='bbox 1009 4302 1338 4360; x_wconf 82' lang='lat' dir='ltr'><strong>opponente,</strong></span> <span class='ocrx_word' id='word_1_525' title='bbox 1385 4292 1468 4344; x_wconf 91' lang='lat' dir='ltr'><strong>vel</strong></span> <span class='ocrx_word' id='word_1_526' title='bbox 1525 4293 1734 4346; x_wconf 85' lang='lat' dir='ltr'><strong>diversa</strong></span> <span class='ocrx_word' id='word_1_527' title='bbox 1789 4292 2072 4346; x_wconf 90' lang='lat' dir='ltr'><strong>sentiente.</strong></span> <span class='ocrx_word' id='word_1_528' title='bbox 2127 4293 2264 4358; x_wconf 87' lang='lat' dir='ltr'><strong>Quid</strong></span> 
     </span>
    </p>
   </div>
   <div class='ocr_carea' id='block_1_73' title="bbox 683 4382 2264 4451">
    <p class='ocr_par' dir='ltr' id='par_1_73' title="bbox 683 4382 2264 4451">
     <span class='ocr_line' id='line_1_73' title="bbox 683 4382 2264 4451; baseline 0.004 -17"><span class='ocrx_word' id='word_1_529' title='bbox 683 4382 844 4451; x_wconf 79' lang='lat' dir='ltr'><strong>igitur</strong></span> <span class='ocrx_word' id='word_1_530' title='bbox 880 4382 1082 4437; x_wconf 79' lang='lat' dir='ltr'><strong>frustra</strong></span> <span class='ocrx_word' id='word_1_531' title='bbox 1121 4383 1412 4448; x_wconf 90' lang='lat' dir='ltr'><strong>insudant,</strong></span> <span class='ocrx_word' id='word_1_532' title='bbox 1448 4391 1502 4436; x_wconf 90' lang='lat' dir='ltr'><strong>et</strong></span> <span class='ocrx_word' id='word_1_533' title='bbox 1561 4382 1831 4437; x_wconf 86' lang='lat' dir='ltr'><strong>incassum</strong></span> <span class='ocrx_word' id='word_1_534' title='bbox 1892 4385 2264 4440; x_wconf 88' lang='lat' dir='ltr'><strong>contendunt?</strong></span> 
     </span>
    </p>
   </div>
   <div class='ocr_carea' id='block_1_74' title="bbox 683 4474 2256 4543">
    <p class='ocr_par' dir='ltr' id='par_1_74' title="bbox 683 4474 2256 4543">
     <span class='ocr_line' id='line_1_74' title="bbox 683 4474 2256 4543; baseline 0 -15"><span class='ocrx_word' id='word_1_535' title='bbox 683 4474 815 4542; x_wconf 86' lang='lat' dir='ltr'><strong>Quis</strong></span> <span class='ocrx_word' id='word_1_536' title='bbox 846 4475 980 4528; x_wconf 91' lang='lat' dir='ltr'><strong>adeo</strong></span> <span class='ocrx_word' id='word_1_537' title='bbox 1034 4474 1302 4543; x_wconf 87' lang='lat' dir='ltr'><strong>stupidus,</strong></span> <span class='ocrx_word' id='word_1_538' title='bbox 1360 4483 1418 4527; x_wconf 92' lang='lat' dir='ltr'><strong>ut</strong></span> <span class='ocrx_word' id='word_1_539' title='bbox 1471 4475 1960 4528; x_wconf 87' lang='lat' dir='ltr'><strong>eminentissimam</strong></span> <span class='ocrx_word' id='word_1_540' title='bbox 2016 4476 2256 4529; x_wconf 89' lang='lat' dir='ltr'><strong>onmium</strong></span> 
     </span>
    </p>
   </div>
   <div class='ocr_carea' id='block_1_75' title="bbox 683 4565 2259 4635">
    <p class='ocr_par' dir='ltr' id='par_1_75' title="bbox 683 4565 2259 4635">
     <span class='ocr_line' id='line_1_75' title="bbox 683 4565 2259 4635; baseline -0.001 -13"><span class='ocrx_word' id='word_1_541' title='bbox 683 4565 1046 4622; x_wconf 82' lang='lat' dir='ltr'><strong>substantiam</strong></span> <span class='ocrx_word' id='word_1_542' title='bbox 1078 4567 1391 4635; x_wconf 88' lang='lat' dir='ltr'><strong>passibilem</strong></span> <span class='ocrx_word' id='word_1_543' title='bbox 1419 4582 1541 4621; x_wconf 88' lang='lat' dir='ltr'><strong>esse</strong></span> <span class='ocrx_word' id='word_1_544' title='bbox 1576 4566 1813 4632; x_wconf 85' lang='lat' dir='ltr'><strong>definiat,</strong></span> <span class='ocrx_word' id='word_1_545' title='bbox 1865 4576 1918 4621; x_wconf 91' lang='lat' dir='ltr'><strong>et</strong></span> <span class='ocrx_word' id='word_1_546' title='bbox 1944 4581 2084 4631; x_wconf 90' lang='lat' dir='ltr'><strong>eam,</strong></span> <span class='ocrx_word' id='word_1_547' title='bbox 2139 4583 2259 4635; x_wconf 77' lang='lat' dir='ltr'><strong>qua:</strong></span> 
     </span>
    </p>
   </div>
   <div class='ocr_carea' id='block_1_76' title="bbox 684 4658 2258 4727">
    <p class='ocr_par' dir='ltr' id='par_1_76' title="bbox 684 4658 2258 4727">
     <span class='ocr_line' id='line_1_76' title="bbox 684 4658 2258 4727; baseline -0.001 -14"><span class='ocrx_word' id='word_1_548' title='bbox 684 4668 769 4713; x_wconf 89' lang='lat' dir='ltr'><strong>est</strong></span> <span class='ocrx_word' id='word_1_549' title='bbox 802 4658 940 4710; x_wconf 90' lang='lat' dir='ltr'><strong>ultra</strong></span> <span class='ocrx_word' id='word_1_550' title='bbox 972 4673 1136 4713; x_wconf 91' lang='lat' dir='ltr'><strong>omne</strong></span> <span class='ocrx_word' id='word_1_551' title='bbox 1170 4659 1434 4726; x_wconf 79' lang='lat' dir='ltr'><strong>genitum,</strong></span> <span class='ocrx_word' id='word_1_552' title='bbox 1463 4667 1517 4711; x_wconf 91' lang='lat' dir='ltr'><strong>et</strong></span> <span class='ocrx_word' id='word_1_553' title='bbox 1550 4659 1889 4727; x_wconf 89' lang='lat' dir='ltr'><strong>incorporea,</strong></span> <span class='ocrx_word' id='word_1_554' title='bbox 1922 4667 1975 4712; x_wconf 87' lang='lat' dir='ltr'><strong>et</strong></span> <span class='ocrx_word' id='word_1_555' title='bbox 2030 4659 2258 4712; x_wconf 80' lang='lat' dir='ltr'><strong>infirmi-</strong></span> 
     </span>
    </p>
   </div>
   <div class='ocr_carea' id='block_1_77' title="bbox 687 4747 2256 4818">
    <p class='ocr_par' dir='ltr' id='par_1_77' title="bbox 687 4747 2256 4818">
     <span class='ocr_line' id='line_1_77' title="bbox 687 4747 2256 4818; baseline 0.001 -16"><span class='ocrx_word' id='word_1_556' title='bbox 687 4759 850 4803; x_wconf 80' lang='lat' dir='ltr'><strong>tatem</strong></span> <span class='ocrx_word' id='word_1_557' title='bbox 885 4749 1193 4818; x_wconf 89' lang='lat' dir='ltr'><strong>passionum</strong></span> <span class='ocrx_word' id='word_1_558' title='bbox 1245 4750 1533 4804; x_wconf 88' lang='lat' dir='ltr'><strong>detrudere</strong></span> <span class='ocrx_word' id='word_1_559' title='bbox 1554 4749 1792 4803; x_wconf 87' lang='lat' dir='ltr'><strong>audeat?</strong></span> <span class='ocrx_word' id='word_1_560' title='bbox 1860 4747 2079 4813; x_wconf 85' lang='lat' dir='ltr'><strong>Verum,</strong></span> <span class='ocrx_word' id='word_1_561' title='bbox 2131 4752 2256 4818; x_wconf 85' lang='lat' dir='ltr'><strong>quia</strong></span> 
     </span>
    </p>
   </div>
   <div class='ocr_carea' id='block_1_78' title="bbox 686 4839 2259 4909">
    <p class='ocr_par' dir='ltr' id='par_1_78' title="bbox 686 4839 2259 4909">
     <span class='ocr_line' id='line_1_78' title="bbox 686 4839 2259 4909; baseline 0.004 -18"><span class='ocrx_word' id='word_1_562' title='bbox 686 4839 1013 4892; x_wconf 83' lang='lat' dir='ltr'><strong>sacramenti</strong></span> <span class='ocrx_word' id='word_1_563' title='bbox 1046 4841 1182 4894; x_wconf 89' lang='lat' dir='ltr'><strong>ratio</strong></span> <span class='ocrx_word' id='word_1_564' title='bbox 1204 4841 1469 4909; x_wconf 78' lang='lat' dir='ltr'><strong>agnoscit,</strong></span> <span class='ocrx_word' id='word_1_565' title='bbox 1505 4842 1698 4894; x_wconf 86' lang='lat' dir='ltr'><strong>Filium</strong></span> <span class='ocrx_word' id='word_1_566' title='bbox 1731 4857 1792 4895; x_wconf 81' lang='lat' dir='ltr'><strong>ex</strong></span> <span class='ocrx_word' id='word_1_567' title='bbox 1821 4841 1930 4896; x_wconf 89' lang='lat' dir='ltr'><strong>Deo</strong></span> <span class='ocrx_word' id='word_1_568' title='bbox 1985 4841 2140 4897; x_wconf 81' lang='lat' dir='ltr'><strong>Patre</strong></span> <span class='ocrx_word' id='word_1_569' title='bbox 2177 4857 2259 4896; x_wconf 87' lang='lat' dir='ltr'><strong>se-</strong></span> 
     </span>
    </p>
   </div>
   <div class='ocr_carea' id='block_1_79' title="bbox 686 4928 2258 4998">
    <p class='ocr_par' dir='ltr' id='par_1_79' title="bbox 686 4928 2258 4998">
     <span class='ocr_line' id='line_1_79' title="bbox 686 4928 2258 4998; baseline 0.003 -15"><span class='ocrx_word' id='word_1_570' title='bbox 686 4928 918 4983; x_wconf 87' lang='lat' dir='ltr'><strong>cundum</strong></span> <span class='ocrx_word' id='word_1_571' title='bbox 956 4938 1199 4982; x_wconf 88' lang='lat' dir='ltr'><strong>naturam</strong></span> <span class='ocrx_word' id='word_1_572' title='bbox 1234 4931 1589 4998; x_wconf 78' lang='lat' dir='ltr'><strong>unigenitum,</strong></span> <span class='ocrx_word' id='word_1_573' title='bbox 1625 4933 1900 4987; x_wconf 86' lang='lat' dir='ltr'><strong>hominem</strong></span> <span class='ocrx_word' id='word_1_574' title='bbox 1933 4949 1995 4986; x_wconf 79' lang='lat' dir='ltr'><strong>ex</strong></span> <span class='ocrx_word' id='word_1_575' title='bbox 2033 4935 2258 4988; x_wconf 89' lang='lat' dir='ltr'><strong>muliere</strong></span> 
     </span>
    </p>
   </div>
   <div class='ocr_carea' id='block_1_80' title="bbox 687 5019 2251 5091">
    <p class='ocr_par' dir='ltr' id='par_1_80' title="bbox 687 5019 2251 5091">
     <span class='ocr_line' id='line_1_80' title="bbox 687 5019 2251 5091; baseline 0.002 -16"><span class='ocrx_word' id='word_1_576' title='bbox 687 5022 888 5075; x_wconf 81' lang='lat' dir='ltr'><strong>factum</strong></span> <span class='ocrx_word' id='word_1_577' title='bbox 924 5019 1313 5090; x_wconf 86' lang='lat' dir='ltr'><strong>dispensative,</strong></span> <span class='ocrx_word' id='word_1_578' title='bbox 1349 5021 1624 5091; x_wconf 79' lang='lat' dir='ltr'><strong>ipsiusque</strong></span> <span class='ocrx_word' id='word_1_579' title='bbox 1646 5025 1921 5091; x_wconf 87' lang='lat' dir='ltr'><strong>proprium</strong></span> <span class='ocrx_word' id='word_1_580' title='bbox 1955 5040 2076 5079; x_wconf 89' lang='lat' dir='ltr'><strong>esse</strong></span> <span class='ocrx_word' id='word_1_581' title='bbox 2108 5025 2251 5078; x_wconf 77' lang='lat' dir='ltr'><strong>afﬁr-</strong></span> 
     </span>
    </p>
   </div>
   <div class='ocr_carea' id='block_1_81' title="bbox 690 5113 2259 5185">
    <p class='ocr_par' dir='ltr' id='par_1_81' title="bbox 690 5113 2259 5185">
     <span class='ocr_line' id='line_1_81' title="bbox 690 5113 2259 5185; baseline 0.002 -19"><span class='ocrx_word' id='word_1_582' title='bbox 690 5127 846 5166; x_wconf 85' lang='lat' dir='ltr'><strong>mans</strong></span> <span class='ocrx_word' id='word_1_583' title='bbox 876 5122 1120 5166; x_wconf 89' lang='lat' dir='ltr'><strong>sanctum</strong></span> <span class='ocrx_word' id='word_1_584' title='bbox 1158 5113 1287 5167; x_wconf 91' lang='lat' dir='ltr'><strong>illud</strong></span> <span class='ocrx_word' id='word_1_585' title='bbox 1318 5127 1516 5182; x_wconf 86' lang='lat' dir='ltr'><strong>corpus</strong></span> <span class='ocrx_word' id='word_1_586' title='bbox 1541 5128 1602 5167; x_wconf 68' lang='lat' dir='ltr'><strong>ex</strong></span> <span class='ocrx_word' id='word_1_587' title='bbox 1639 5115 1792 5168; x_wconf 84' lang='lat' dir='ltr'><strong>beata</strong></span> <span class='ocrx_word' id='word_1_588' title='bbox 1828 5115 2047 5185; x_wconf 78' lang='lat' dir='ltr'><strong>Virgine</strong></span> <span class='ocrx_word' id='word_1_589' title='bbox 2113 5130 2259 5170; x_wconf 84' lang='lat' dir='ltr'><strong>sunt-</strong></span> 
     </span>
    </p>
   </div>
   <div class='ocr_carea' id='block_1_82' title="bbox 691 5205 2263 5274">
    <p class='ocr_par' dir='ltr' id='par_1_82' title="bbox 691 5205 2263 5274">
     <span class='ocr_line' id='line_1_82' title="bbox 691 5205 2263 5274; baseline 0.003 -17"><span class='ocrx_word' id='word_1_590' title='bbox 691 5214 863 5274; x_wconf 85' lang='lat' dir='ltr'><strong>ptnm,</strong></span> <span class='ocrx_word' id='word_1_591' title='bbox 887 5219 1004 5258; x_wconf 89' lang='lat' dir='ltr'><strong>eam</strong></span> <span class='ocrx_word' id='word_1_592' title='bbox 1031 5205 1099 5259; x_wconf 88' lang='lat' dir='ltr'><strong>ob</strong></span> <span class='ocrx_word' id='word_1_593' title='bbox 1129 5220 1347 5260; x_wconf 89' lang='lat' dir='ltr'><strong>causam</strong></span> <span class='ocrx_word' id='word_1_594' title='bbox 1370 5205 1491 5274; x_wconf 91' lang='lat' dir='ltr'><strong>jure</strong></span> <span class='ocrx_word' id='word_1_595' title='bbox 1521 5206 1724 5274; x_wconf 91' lang='lat' dir='ltr'><strong>optimo</strong></span> <span class='ocrx_word' id='word_1_596' title='bbox 1777 5208 1956 5260; x_wconf 85' lang='lat' dir='ltr'><strong>carnis</strong></span> <span class='ocrx_word' id='word_1_597' title='bbox 1985 5208 2263 5274; x_wconf 81' lang='lat' dir='ltr'><strong>passiones</strong></span> 
     </span>
    </p>
   </div>
   <div class='ocr_carea' id='block_1_83' title="bbox 690 5297 2261 5366">
    <p class='ocr_par' dir='ltr' id='par_1_83' title="bbox 690 5297 2261 5366">
     <span class='ocr_line' id='line_1_83' title="bbox 690 5297 2261 5366; baseline -0.001 -16"><span class='ocrx_word' id='word_1_598' title='bbox 690 5297 809 5366; x_wconf 80' lang='lat' dir='ltr'><strong>ejus</strong></span> <span class='ocrx_word' id='word_1_599' title='bbox 835 5310 956 5351; x_wconf 87' lang='lat' dir='ltr'><strong>esse</strong></span> <span class='ocrx_word' id='word_1_600' title='bbox 989 5298 1215 5353; x_wconf 88' lang='lat' dir='ltr'><strong>dicimus</strong></span> <span class='ocrx_word' id='word_1_601' title='bbox 1244 5297 1538 5353; x_wconf 85' lang='lat' dir='ltr'><strong>secundum</strong></span> <span class='ocrx_word' id='word_1_602' title='bbox 1593 5297 2013 5366; x_wconf 86' lang='lat' dir='ltr'><strong>dispensativam</strong></span> <span class='ocrx_word' id='word_1_603' title='bbox 2069 5313 2261 5364; x_wconf 85' lang='lat' dir='ltr'><strong>appro-</strong></span> 
     </span>
    </p>
   </div>
   <div class='ocr_carea' id='block_1_84' title="bbox 693 5388 2258 5459">
    <p class='ocr_par' dir='ltr' id='par_1_84' title="bbox 693 5388 2258 5459">
     <span class='ocr_line' id='line_1_84' title="bbox 693 5388 2258 5459; baseline 0 -20"><span class='ocrx_word' id='word_1_604' title='bbox 693 5389 1035 5459; x_wconf 81' lang='lat' dir='ltr'><strong>priationcm,</strong></span> <span class='ocrx_word' id='word_1_605' title='bbox 1074 5400 1285 5445; x_wconf 88' lang='lat' dir='ltr'><strong>servata</strong></span> <span class='ocrx_word' id='word_1_606' title='bbox 1321 5390 1518 5459; x_wconf 81' lang='lat' dir='ltr'><strong>ubique</strong></span> <span class='ocrx_word' id='word_1_607' title='bbox 1547 5399 1735 5442; x_wconf 78' lang='lat' dir='ltr'><strong>natura</strong></span> <span class='ocrx_word' id='word_1_608' title='bbox 1773 5388 1889 5458; x_wconf 86' lang='lat' dir='ltr'><strong>ejus</strong></span> <span class='ocrx_word' id='word_1_609' title='bbox 1917 5388 2258 5457; x_wconf 86' lang='lat' dir='ltr'><strong>impassibili:</strong></span> 
     </span>
    </p>
   </div>
   <div class='ocr_carea' id='block_1_85' title="bbox 2353 3183 3953 3267">
    <p class='ocr_par' dir='ltr' id='par_1_85' title="bbox 2353 3183 3953 3267">
     <span class='ocr_line' id='line_1_85' title="bbox 2353 3183 3953 3267; baseline -0.009 -17"><span class='ocrx_word' id='word_1_610' title='bbox 2353 3215 2447 3266; x_wconf 76' lang='grc' dir='ltr'><strong>γον</strong></span> <span class='ocrx_word' id='word_1_611' title='bbox 2476 3195 2610 3267; x_wconf 80' lang='grc' dir='ltr'>πρὸς</span> <span class='ocrx_word' id='word_1_612' title='bbox 2635 3194 2956 3263; x_wconf 69' lang='grc' dir='ltr'>ἀπολογίανο</span> <span class='ocrx_word' id='word_1_613' title='bbox 2987 3193 3154 3262; x_wconf 74' lang='grc' dir='ltr'>ἤγουν</span> <span class='ocrx_word' id='word_1_614' title='bbox 3185 3186 3500 3242; x_wconf 81' lang='grc' dir='ltr'>ἀναπείθειν</span> <span class='ocrx_word' id='word_1_615' title='bbox 3535 3185 3781 3238; x_wconf 77' lang='grc' dir='ltr'>οίονταιιι</span> <span class='ocrx_word' id='word_1_616' title='bbox 3814 3183 3953 3245; x_wconf 80' lang='grc' dir='ltr'>τοὺς</span> 
     </span>
    </p>
   </div>
   <div class='ocr_carea' id='block_1_86' title="bbox 2353 3269 3955 3357">
    <p class='ocr_par' dir='ltr' id='par_1_86' title="bbox 2353 3269 3955 3357">
     <span class='ocr_line' id='line_1_86' title="bbox 2353 3269 3955 3357; baseline -0.009 -16"><span class='ocrx_word' id='word_1_617' title='bbox 2353 3287 2758 3357; x_wconf 72' lang='grc' dir='ltr'>ἠπατημένους,</span> <span class='ocrx_word' id='word_1_618' title='bbox 2811 3285 3093 3355; x_wconf 83' lang='grc' dir='ltr'>οἰομένους</span> <span class='ocrx_word' id='word_1_619' title='bbox 3139 3282 3221 3335; x_wconf 84' lang='grc' dir='ltr'>ὅτι</span> <span class='ocrx_word' id='word_1_620' title='bbox 3269 3277 3519 3348; x_wconf 78' lang='grc' dir='ltr'>παθητὴν</span> <span class='ocrx_word' id='word_1_621' title='bbox 3571 3269 3708 3328; x_wconf 80' lang='grc' dir='ltr'>εἷναί</span> <span class='ocrx_word' id='word_1_622' title='bbox 3757 3290 3955 3343; x_wconf 83' lang='grc' dir='ltr'>φαμεν</span> 
     </span>
    </p>
   </div>
   <div class='ocr_carea' id='block_1_87' title="bbox 2354 3365 3957 3449">
    <p class='ocr_par' dir='ltr' id='par_1_87' title="bbox 2354 3365 3957 3449">
     <span class='ocr_line' id='line_1_87' title="bbox 2354 3365 3957 3449; baseline -0.009 -17"><span class='ocrx_word' id='word_1_623' title='bbox 2354 3379 2450 3449; x_wconf 80' lang='grc' dir='ltr'><strong>τὴν</strong></span> <span class='ocrx_word' id='word_1_624' title='bbox 2493 3378 2643 3432; x_wconf 83' lang='grc' dir='ltr'>θείαν</span> <span class='ocrx_word' id='word_1_625' title='bbox 2687 3377 2780 3430; x_wconf 86' lang='grc' dir='ltr'><strong>τοῦ</strong></span> <span class='ocrx_word' id='word_1_626' title='bbox 2820 3377 2994 3443; x_wconf 84' lang='grc' dir='ltr'>Λόγου</span> <span class='ocrx_word' id='word_1_627' title='bbox 3028 3373 3223 3443; x_wconf 80' lang='grc' dir='ltr'>φύσιν,</span> <span class='ocrx_word' id='word_1_628' title='bbox 3253 3371 3401 3435; x_wconf 76' lang='grc' dir='ltr'>ἅπαξ</span> <span class='ocrx_word' id='word_1_629' title='bbox 3443 3367 3553 3422; x_wconf 89' lang='grc' dir='ltr'><strong>τῶν</strong></span> <span class='ocrx_word' id='word_1_630' title='bbox 3597 3366 3662 3420; x_wconf 81' lang='grc' dir='ltr'>δι’</span> <span class='ocrx_word' id='word_1_631' title='bbox 3689 3365 3957 3427; x_wconf 83' lang='grc' dir='ltr'>ἐναντίας</span> 
     </span>
    </p>
   </div>
   <div class='ocr_carea' id='block_1_88' title="bbox 2355 3456 3954 3538">
    <p class='ocr_par' dir='ltr' id='par_1_88' title="bbox 2355 3456 3954 3538">
     <span class='ocr_line' id='line_1_88' title="bbox 2355 3456 3954 3538; baseline -0.01 -14"><span class='ocrx_word' id='word_1_632' title='bbox 2355 3469 2805 3538; x_wconf 76' lang='grc' dir='ltr'>καταϐεϐηκότων</span> <span class='ocrx_word' id='word_1_633' title='bbox 2821 3478 2867 3533; x_wconf 76' lang='grc' dir='ltr'>ν,</span> <span class='ocrx_word' id='word_1_634' title='bbox 2903 3466 3129 3521; x_wconf 78' lang='grc' dir='ltr'>αὐτόθεν</span> <span class='ocrx_word' id='word_1_635' title='bbox 3155 3460 3643 3533; x_wconf 85' lang='grc' dir='ltr'>διωμολογηκότων</span> <span class='ocrx_word' id='word_1_636' title='bbox 3677 3458 3768 3511; x_wconf 76' lang='grc' dir='ltr'><strong>καὶ</strong></span> <span class='ocrx_word' id='word_1_637' title='bbox 3792 3456 3954 3526; x_wconf 82' lang='grc' dir='ltr'>μάλα</span> 
     </span>
    </p>
   </div>
   <div class='ocr_carea' id='block_1_89' title="bbox 2358 3547 3954 3633">
    <p class='ocr_par' dir='ltr' id='par_1_89' title="bbox 2358 3547 3954 3633">
     <span class='ocr_line' id='line_1_89' title="bbox 2358 3547 3954 3633; baseline -0.011 -17"><span class='ocrx_word' id='word_1_638' title='bbox 2358 3562 2565 3633; x_wconf 82' lang='grc' dir='ltr'>σαφῶς,</span> <span class='ocrx_word' id='word_1_639' title='bbox 2596 3562 2669 3624; x_wconf 84' lang='grc' dir='ltr'>ὼς</span> <span class='ocrx_word' id='word_1_640' title='bbox 2696 3559 2974 3630; x_wconf 84' lang='grc' dir='ltr'>ἀλλότριον</span> <span class='ocrx_word' id='word_1_641' title='bbox 2989 3567 3035 3622; x_wconf 72' lang='grc' dir='ltr'>ι,</span> <span class='ocrx_word' id='word_1_642' title='bbox 3068 3558 3162 3610; x_wconf 70' lang='grc' dir='ltr'><strong>καὶ</strong></span> <span class='ocrx_word' id='word_1_643' title='bbox 3191 3556 3294 3620; x_wconf 72' lang='grc' dir='ltr'>ἔξω</span> <span class='ocrx_word' id='word_1_644' title='bbox 3323 3570 3422 3607; x_wconf 89' lang='grc' dir='ltr'><strong>που</strong></span> <span class='ocrx_word' id='word_1_645' title='bbox 3459 3550 3567 3605; x_wconf 86' lang='grc' dir='ltr'><strong>τῶν</strong></span> <span class='ocrx_word' id='word_1_646' title='bbox 3597 3548 3688 3603; x_wconf 82' lang='grc' dir='ltr'><strong>ἐπί</strong></span> <span class='ocrx_word' id='word_1_647' title='bbox 3721 3565 3782 3617; x_wconf 88' lang='grc' dir='ltr'><strong>γε</strong></span> <span class='ocrx_word' id='word_1_648' title='bbox 3816 3547 3954 3601; x_wconf 75' lang='grc' dir='ltr'>τού-ο</span> 
     </span>
    </p>
   </div>
   <div class='ocr_carea' id='block_1_90' title="bbox 2355 3639 3958 3722">
    <p class='ocr_par' dir='ltr' id='par_1_90' title="bbox 2355 3639 3958 3722">
     <span class='ocr_line' id='line_1_90' title="bbox 2355 3639 3958 3722; baseline -0.012 -14"><span class='ocrx_word' id='word_1_649' title='bbox 2355 3672 2466 3718; x_wconf 88' lang='grc' dir='ltr'>τοις</span> <span class='ocrx_word' id='word_1_650' title='bbox 2500 3653 2958 3722; x_wconf 70' lang='grc' dir='ltr'>καθεστήκαμενῐ</span> <span class='ocrx_word' id='word_1_651' title='bbox 2988 3649 3372 3718; x_wconf 85' lang='grc' dir='ltr'>ἐγκλημάτων.</span> <span class='ocrx_word' id='word_1_652' title='bbox 3409 3641 3627 3713; x_wconf 77' lang='grc' dir='ltr'>Ἐπειδὴ</span> <span class='ocrx_word' id='word_1_653' title='bbox 3657 3640 3712 3694; x_wconf 90' lang='grc' dir='ltr'><strong>δέ</strong></span> <span class='ocrx_word' id='word_1_654' title='bbox 3742 3639 3958 3692; x_wconf 79' lang='grc' dir='ltr'>ἀνυπό·</span> 
     </span>
    </p>
   </div>
   <div class='ocr_carea' id='block_1_91' title="bbox 2359 3726 3955 3814">
    <p class='ocr_par' dir='ltr' id='par_1_91' title="bbox 2359 3726 3955 3814">
     <span class='ocr_line' id='line_1_91' title="bbox 2359 3726 3955 3814; baseline -0.013 -16"><span class='ocrx_word' id='word_1_655' title='bbox 2359 3747 2512 3799; x_wconf 86' lang='grc' dir='ltr'>θετον</span> <span class='ocrx_word' id='word_1_656' title='bbox 2545 3745 2738 3814; x_wconf 77' lang='grc' dir='ltr'>λῆμμα</span> <span class='ocrx_word' id='word_1_657' title='bbox 2763 3741 2905 3795; x_wconf 89' lang='grc' dir='ltr'><strong>κατά</strong></span> <span class='ocrx_word' id='word_1_658' title='bbox 2933 3739 2991 3792; x_wconf 79' lang='grc' dir='ltr'><strong>τὸ</strong></span> <span class='ocrx_word' id='word_1_659' title='bbox 3024 3739 3206 3798; x_wconf 78' lang='grc' dir='ltr'>αὐτοῖς</span> <span class='ocrx_word' id='word_1_660' title='bbox 3234 3734 3423 3789; x_wconf 78' lang='grc' dir='ltr'>δοκοῦν</span> <span class='ocrx_word' id='word_1_661' title='bbox 3455 3730 3748 3803; x_wconf 86' lang='grc' dir='ltr'>προθέντες</span> <span class='ocrx_word' id='word_1_662' title='bbox 3775 3726 3955 3781; x_wconf 82' lang='grc' dir='ltr'>ἀϐου-</span> 
     </span>
    </p>
   </div>
   <div class='ocr_carea' id='block_1_92' title="bbox 2356 3819 3953 3907">
    <p class='ocr_par' dir='ltr' id='par_1_92' title="bbox 2356 3819 3953 3907">
     <span class='ocr_line' id='line_1_92' title="bbox 2356 3819 3953 3907; baseline -0.013 -17"><span class='ocrx_word' id='word_1_663' title='bbox 2356 3838 2596 3907; x_wconf 74' lang='grc' dir='ltr'>λήτωςκ,</span> <span class='ocrx_word' id='word_1_664' title='bbox 2637 3835 2850 3904; x_wconf 81' lang='grc' dir='ltr'>πικροῖς</span> <span class='ocrx_word' id='word_1_665' title='bbox 2899 3830 3118 3884; x_wconf 84' lang='grc' dir='ltr'>ἐννοιῶν</span> <span class='ocrx_word' id='word_1_666' title='bbox 3163 3828 3439 3898; x_wconf 81' lang='grc' dir='ltr'>εὑρήμασι</span> <span class='ocrx_word' id='word_1_667' title='bbox 3485 3819 3778 3893; x_wconf 81' lang='grc' dir='ltr'>χρώμενοι,</span> <span class='ocrx_word' id='word_1_668' title='bbox 3818 3836 3953 3872; x_wconf 82' lang='grc' dir='ltr'>πει-</span> 
     </span>
    </p>
   </div>
   <div class='ocr_carea' id='block_1_93' title="bbox 2362 3909 3956 4000">
    <p class='ocr_par' dir='ltr' id='par_1_93' title="bbox 2362 3909 3956 4000">
     <span class='ocr_line' id='line_1_93' title="bbox 2362 3909 3956 4000; baseline -0.014 -18"><span class='ocrx_word' id='word_1_669' title='bbox 2362 3928 2560 4000; x_wconf 86' lang='grc' dir='ltr'>ρῶνται</span> <span class='ocrx_word' id='word_1_670' title='bbox 2594 3925 2860 3980; x_wconf 82' lang='grc' dir='ltr'>δεικνύειν</span> <span class='ocrx_word' id='word_1_671' title='bbox 2899 3924 2996 3992; x_wconf 78' lang='grc' dir='ltr'>τῆς</span> <span class='ocrx_word' id='word_1_672' title='bbox 3041 3920 3264 3986; x_wconf 75' lang='grc' dir='ltr'>ἐνούσης</span> <span class='ocrx_word' id='word_1_673' title='bbox 3312 3918 3493 3977; x_wconf 76' lang='grc' dir='ltr'>αὐτοῖς</span> <span class='ocrx_word' id='word_1_674' title='bbox 3535 3911 3814 3983; x_wconf 81' lang='grc' dir='ltr'>ἀγχινοίας</span> <span class='ocrx_word' id='word_1_675' title='bbox 3847 3909 3956 3979; x_wconf 77' lang='grc' dir='ltr'>τὴν</span> 
     </span>
    </p>
   </div>
   <div class='ocr_carea' id='block_1_94' title="bbox 2359 4003 3955 4084">
    <p class='ocr_par' dir='ltr' id='par_1_94' title="bbox 2359 4003 3955 4084">
     <span class='ocr_line' id='line_1_94' title="bbox 2359 4003 3955 4084; baseline -0.012 -11"><span class='ocrx_word' id='word_1_676' title='bbox 2359 4021 2624 4084; x_wconf 87' lang='grc' dir='ltr'>δείνωσιν,</span> <span class='ocrx_word' id='word_1_677' title='bbox 2655 4014 3124 4078; x_wconf 73' lang='grc' dir='ltr'>κατασκευάζουσι</span> <span class='ocrx_word' id='word_1_678' title='bbox 3157 4013 3212 4066; x_wconf 83' lang='grc' dir='ltr'>δὲ</span> <span class='ocrx_word' id='word_1_679' title='bbox 3245 4010 3340 4063; x_wconf 73' lang='grc' dir='ltr'><strong>καὶ</strong></span> <span class='ocrx_word' id='word_1_680' title='bbox 3369 4008 3514 4080; x_wconf 87' lang='grc' dir='ltr'>μάλα</span> <span class='ocrx_word' id='word_1_681' title='bbox 3540 4003 3773 4076; x_wconf 85' lang='grc' dir='ltr'>γοργῶς,</span> <span class='ocrx_word' id='word_1_682' title='bbox 3803 4004 3955 4057; x_wconf 85' lang='grc' dir='ltr'>ἀπο-</span> 
     </span>
    </p>
   </div>
   <div class='ocr_carea' id='block_1_95' title="bbox 2363 4093 3959 4180">
    <p class='ocr_par' dir='ltr' id='par_1_95' title="bbox 2363 4093 3959 4180">
     <span class='ocr_line' id='line_1_95' title="bbox 2363 4093 3959 4180; baseline -0.013 -15"><span class='ocrx_word' id='word_1_683' title='bbox 2363 4111 2645 4180; x_wconf 85' lang='grc' dir='ltr'>φαίνοντες</span> <span class='ocrx_word' id='word_1_684' title='bbox 2677 4109 2859 4178; x_wconf 84' lang='grc' dir='ltr'>ἀπαθῆ</span> <span class='ocrx_word' id='word_1_685' title='bbox 2894 4107 3011 4160; x_wconf 84' lang='grc' dir='ltr'>κατ’</span> <span class='ocrx_word' id='word_1_686' title='bbox 3052 4105 3188 4158; x_wconf 84' lang='grc' dir='ltr'>ἰδίαν</span> <span class='ocrx_word' id='word_1_687' title='bbox 3216 4101 3376 4169; x_wconf 84' lang='grc' dir='ltr'>φύσιν</span> <span class='ocrx_word' id='word_1_688' title='bbox 3410 4099 3502 4153; x_wconf 81' lang='grc' dir='ltr'><strong>τὸν</strong></span> <span class='ocrx_word' id='word_1_689' title='bbox 3533 4097 3626 4151; x_wconf 88' lang='grc' dir='ltr'><strong>τοῦ</strong></span> <span class='ocrx_word' id='word_1_690' title='bbox 3665 4093 3800 4148; x_wconf 84' lang='grc' dir='ltr'>Θεοῦ</span> <span class='ocrx_word' id='word_1_691' title='bbox 3842 4094 3959 4146; x_wconf 75' lang='lat' dir='ltr'><strong>A6-</strong></span> 
     </span>
    </p>
   </div>
   <div class='ocr_carea' id='block_1_96' title="bbox 2362 4187 3956 4272">
    <p class='ocr_par' dir='ltr' id='par_1_96' title="bbox 2362 4187 3956 4272">
     <span class='ocr_line' id='line_1_96' title="bbox 2362 4187 3956 4272; baseline -0.012 -16"><span class='ocrx_word' id='word_1_692' title='bbox 2362 4221 2475 4272; x_wconf 87' lang='grc' dir='ltr'>γον,</span> <span class='ocrx_word' id='word_1_693' title='bbox 2506 4200 2874 4261; x_wconf 84' lang='grc' dir='ltr'>ἀκουέτωσαν,</span> <span class='ocrx_word' id='word_1_694' title='bbox 2911 4197 3136 4268; x_wconf 83' lang='grc' dir='ltr'>μηδενὸς</span> <span class='ocrx_word' id='word_1_695' title='bbox 3168 4195 3352 4257; x_wconf 77' lang='grc' dir='ltr'>αὐτοῖς</span> <span class='ocrx_word' id='word_1_696' title='bbox 3379 4189 3786 4258; x_wconf 76' lang='grc' dir='ltr'>ἀντεξάγοντος,</span> <span class='ocrx_word' id='word_1_697' title='bbox 3807 4187 3956 4256; x_wconf 81' lang='grc' dir='ltr'>πρὸς</span> 
     </span>
    </p>
   </div>
   <div class='ocr_carea' id='block_1_97' title="bbox 2364 4281 3958 4364">
    <p class='ocr_par' dir='ltr' id='par_1_97' title="bbox 2364 4281 3958 4364">
     <span class='ocr_line' id='line_1_97' title="bbox 2364 4281 3958 4364; baseline -0.009 -18"><span class='ocrx_word' id='word_1_698' title='bbox 2364 4295 2541 4364; x_wconf 79' lang='grc' dir='ltr'>ἡμῶν,</span> <span class='ocrx_word' id='word_1_699' title='bbox 2575 4294 2655 4346; x_wconf 83' lang='grc' dir='ltr'>ὅτι</span> <span class='ocrx_word' id='word_1_700' title='bbox 2680 4291 3006 4344; x_wconf 85' lang='grc' dir='ltr'>πυκτεύουσι</span> <span class='ocrx_word' id='word_1_701' title='bbox 3053 4287 3251 4359; x_wconf 77' lang='grc' dir='ltr'>μάτην,</span> <span class='ocrx_word' id='word_1_702' title='bbox 3286 4287 3380 4340; x_wconf 75' lang='grc' dir='ltr'><strong>καὶ</strong></span> <span class='ocrx_word' id='word_1_703' title='bbox 3404 4284 3616 4356; x_wconf 83' lang='grc' dir='ltr'>δέρουσι</span> <span class='ocrx_word' id='word_1_704' title='bbox 3648 4281 3782 4352; x_wconf 86' lang='grc' dir='ltr'>πρὸς</span> <span class='ocrx_word' id='word_1_705' title='bbox 3809 4281 3958 4351; x_wconf 83' lang='grc' dir='ltr'>ἀέρα</span> 
     </span>
    </p>
   </div>
   <div class='ocr_carea' id='block_1_98' title="bbox 2367 4375 3958 4454">
    <p class='ocr_par' dir='ltr' id='par_1_98' title="bbox 2367 4375 3958 4454">
     <span class='ocr_line' id='line_1_98' title="bbox 2367 4375 3958 4454; baseline -0.008 -15"><span class='ocrx_word' id='word_1_706' title='bbox 2367 4389 2444 4450; x_wconf 89' lang='grc' dir='ltr'>εἰς</span> <span class='ocrx_word' id='word_1_707' title='bbox 2475 4385 2648 4446; x_wconf 84' lang='grc' dir='ltr'>τοῦτο,</span> <span class='ocrx_word' id='word_1_708' title='bbox 2685 4384 2822 4454; x_wconf 84' lang='grc' dir='ltr'>μήτε</span> <span class='ocrx_word' id='word_1_709' title='bbox 2853 4383 2958 4452; x_wconf 80' lang='grc' dir='ltr'>μὴν</span> <span class='ocrx_word' id='word_1_710' title='bbox 2985 4379 3302 4451; x_wconf 77' lang='grc' dir='ltr'>φρονοῦντος</span> <span class='ocrx_word' id='word_1_711' title='bbox 3332 4379 3398 4432; x_wconf 84' lang='grc' dir='ltr'>τὰ</span> <span class='ocrx_word' id='word_1_712' title='bbox 3423 4377 3661 4430; x_wconf 80' lang='grc' dir='ltr'>ἐναντία.</span> <span class='ocrx_word' id='word_1_713' title='bbox 3686 4375 3748 4428; x_wconf 82' lang='grc' dir='ltr'>Τί</span> <span class='ocrx_word' id='word_1_714' title='bbox 3770 4376 3958 4427; x_wconf 80' lang='grc' dir='ltr'>τοίνυν</span> 
     </span>
    </p>
   </div>
   <div class='ocr_carea' id='block_1_99' title="bbox 2369 4465 3960 4547">
    <p class='ocr_par' dir='ltr' id='par_1_99' title="bbox 2369 4465 3960 4547">
     <span class='ocr_line' id='line_1_99' title="bbox 2369 4465 3960 4547; baseline -0.006 -17"><span class='ocrx_word' id='word_1_715' title='bbox 2369 4477 2554 4547; x_wconf 82' lang='grc' dir='ltr'>ἱδρῶσι</span> <span class='ocrx_word' id='word_1_716' title='bbox 2592 4477 2787 4545; x_wconf 84' lang='grc' dir='ltr'>μάτην,</span> <span class='ocrx_word' id='word_1_717' title='bbox 2822 4476 2914 4527; x_wconf 69' lang='grc' dir='ltr'><strong>καὶ</strong></span> <span class='ocrx_word' id='word_1_718' title='bbox 2947 4474 3302 4527; x_wconf 87' lang='grc' dir='ltr'>διατείνονται</span> <span class='ocrx_word' id='word_1_719' title='bbox 3348 4470 3614 4540; x_wconf 84' lang='grc' dir='ltr'>περιττά;</span> <span class='ocrx_word' id='word_1_720' title='bbox 3650 4467 3745 4530; x_wconf 87' lang='grc' dir='ltr'>Τίς</span> <span class='ocrx_word' id='word_1_721' title='bbox 3775 4465 3960 4531; x_wconf 76' lang='grc' dir='ltr'>οὕτως</span> 
     </span>
    </p>
   </div>
   <div class='ocr_carea' id='block_1_100' title="bbox 2368 4556 3960 4637">
    <p class='ocr_par' dir='ltr' id='par_1_100' title="bbox 2368 4556 3960 4637">
     <span class='ocr_line' id='line_1_100' title="bbox 2368 4556 3960 4637; baseline -0.009 -18"><span class='ocrx_word' id='word_1_722' title='bbox 2368 4566 2755 4637; x_wconf 76' lang='grc' dir='ltr'>ἐμϐρόντητος,</span> <span class='ocrx_word' id='word_1_723' title='bbox 2785 4563 2861 4625; x_wconf 83' lang='grc' dir='ltr'>ὼς</span> <span class='ocrx_word' id='word_1_724' title='bbox 2904 4563 3003 4632; x_wconf 84' lang='grc' dir='ltr'>τῆς</span> <span class='ocrx_word' id='word_1_725' title='bbox 3033 4562 3290 4615; x_wconf 85' lang='grc' dir='ltr'>ἀνωτάτω</span> <span class='ocrx_word' id='word_1_726' title='bbox 3325 4558 3515 4613; x_wconf 86' lang='grc' dir='ltr'>πασῶν</span> <span class='ocrx_word' id='word_1_727' title='bbox 3544 4556 3734 4618; x_wconf 67' lang='grc' dir='ltr'>οὐσίας</span> <span class='ocrx_word' id='word_1_728' title='bbox 3758 4556 3820 4607; x_wconf 87' lang='grc' dir='ltr'><strong>τὸ</strong></span> <span class='ocrx_word' id='word_1_729' title='bbox 3853 4557 3960 4624; x_wconf 79' lang='grc' dir='ltr'><strong>ἑμ-</strong></span> 
     </span>
    </p>
   </div>
   <div class='ocr_carea' id='block_1_101' title="bbox 2369 4644 3956 4725">
    <p class='ocr_par' dir='ltr' id='par_1_101' title="bbox 2369 4644 3956 4725">
     <span class='ocr_line' id='line_1_101' title="bbox 2369 4644 3956 4725; baseline -0.007 -16"><span class='ocrx_word' id='word_1_730' title='bbox 2369 4658 2538 4720; x_wconf 86' lang='grc' dir='ltr'>παθὲς</span> <span class='ocrx_word' id='word_1_731' title='bbox 2561 4655 2869 4725; x_wconf 79' lang='grc' dir='ltr'>καθορίζειν</span> <span class='ocrx_word' id='word_1_732' title='bbox 2890 4694 2904 4719; x_wconf 89' lang='grc'><strong>,</strong></span> <span class='ocrx_word' id='word_1_733' title='bbox 2934 4655 3024 4706; x_wconf 73' lang='grc' dir='ltr'>καὶ</span> <span class='ocrx_word' id='word_1_734' title='bbox 3048 4654 3127 4714; x_wconf 84' lang='grc' dir='ltr'><strong>είς</strong></span> <span class='ocrx_word' id='word_1_735' title='bbox 3155 4651 3255 4722; x_wconf 84' lang='grc' dir='ltr'>τὴν</span> <span class='ocrx_word' id='word_1_736' title='bbox 3283 4649 3389 4704; x_wconf 88' lang='grc' dir='ltr'><strong>τῶν</strong></span> <span class='ocrx_word' id='word_1_737' title='bbox 3419 4647 3758 4718; x_wconf 87' lang='grc' dir='ltr'>παθημάτων</span> <span class='ocrx_word' id='word_1_738' title='bbox 3785 4644 3956 4698; x_wconf 81' lang='grc' dir='ltr'>ἀσθέ-</span> 
     </span>
    </p>
   </div>
   <div class='ocr_carea' id='block_1_102' title="bbox 2367 4739 3958 4816">
    <p class='ocr_par' dir='ltr' id='par_1_102' title="bbox 2367 4739 3958 4816">
     <span class='ocr_line' id='line_1_102' title="bbox 2367 4739 3958 4816; baseline -0.008 -15"><span class='ocrx_word' id='word_1_739' title='bbox 2367 4767 2512 4801; x_wconf 81' lang='grc' dir='ltr'>νειαν</span> <span class='ocrx_word' id='word_1_740' title='bbox 2541 4749 2846 4801; x_wconf 83' lang='grc' dir='ltr'>κατασείειν</span> <span class='ocrx_word' id='word_1_741' title='bbox 2869 4746 3185 4816; x_wconf 75' lang='grc' dir='ltr'>ἀποτολμᾷν</span> <span class='ocrx_word' id='word_1_742' title='bbox 3219 4745 3279 4796; x_wconf 84' lang='grc' dir='ltr'><strong>τὸ</strong></span> <span class='ocrx_word' id='word_1_743' title='bbox 3317 4741 3514 4804; x_wconf 78' lang='grc' dir='ltr'>παντὸς</span> <span class='ocrx_word' id='word_1_744' title='bbox 3544 4739 3799 4794; x_wconf 75' lang='grc' dir='ltr'>ἐπέκεινα</span> <span class='ocrx_word' id='word_1_745' title='bbox 3825 4753 3958 4805; x_wconf 89' lang='grc' dir='ltr'>γεν-</span> 
     </span>
    </p>
   </div>
   <div class='ocr_carea' id='block_1_103' title="bbox 2365 4830 3956 4909">
    <p class='ocr_par' dir='ltr' id='par_1_103' title="bbox 2365 4830 3956 4909">
     <span class='ocr_line' id='line_1_103' title="bbox 2365 4830 3956 4909; baseline -0.007 -19"><span class='ocrx_word' id='word_1_746' title='bbox 2365 4839 2549 4909; x_wconf 86' lang='grc' dir='ltr'>νητοῦ,</span> <span class='ocrx_word' id='word_1_747' title='bbox 2587 4840 2680 4892; x_wconf 75' lang='grc' dir='ltr'><strong>καὶ</strong></span> <span class='ocrx_word' id='word_1_748' title='bbox 2727 4839 3052 4908; x_wconf 79' lang='grc' dir='ltr'>ἀσώματον;</span> <span class='ocrx_word' id='word_1_749' title='bbox 3097 4835 3313 4895; x_wconf 80' lang='grc' dir='ltr'>Ἐπειδὴ</span> <span class='ocrx_word' id='word_1_750' title='bbox 3342 4835 3396 4888; x_wconf 79' lang='grc' dir='ltr'>δὲ</span> <span class='ocrx_word' id='word_1_751' title='bbox 3443 4835 3471 4885; x_wconf 86' lang='grc' dir='ltr'><strong>ὁ</strong></span> <span class='ocrx_word' id='word_1_752' title='bbox 3520 4830 3611 4885; x_wconf 83' lang='grc' dir='ltr'><strong>τοῦ</strong></span> <span class='ocrx_word' id='word_1_753' title='bbox 3647 4830 3956 4901; x_wconf 82' lang='grc' dir='ltr'>μυστηρίου</span> 
     </span>
    </p>
   </div>
   <div class='ocr_carea' id='block_1_104' title="bbox 2367 4921 3954 4998">
    <p class='ocr_par' dir='ltr' id='par_1_104' title="bbox 2367 4921 3954 4998">
     <span class='ocr_line' id='line_1_104' title="bbox 2367 4921 3954 4998; baseline -0.008 -16"><span class='ocrx_word' id='word_1_754' title='bbox 2367 4932 2542 4998; x_wconf 77' lang='grc' dir='ltr'>λόγος,</span> <span class='ocrx_word' id='word_1_755' title='bbox 2576 4930 2859 4998; x_wconf 81' lang='grc' dir='ltr'>ἄνθρωπον</span> <span class='ocrx_word' id='word_1_756' title='bbox 2900 4925 3007 4980; x_wconf 82' lang='grc' dir='ltr'>οἶδε</span> <span class='ocrx_word' id='word_1_757' title='bbox 3048 4928 3338 4996; x_wconf 87' lang='grc' dir='ltr'>γενόμενον</span> <span class='ocrx_word' id='word_1_758' title='bbox 3366 4921 3721 4992; x_wconf 87' lang='grc' dir='ltr'>οἰκονομικῶς</span> <span class='ocrx_word' id='word_1_759' title='bbox 3755 4921 3819 4972; x_wconf 89' lang='grc' dir='ltr'><strong>ἐκ</strong></span> <span class='ocrx_word' id='word_1_760' title='bbox 3849 4937 3954 4986; x_wconf 87' lang='grc' dir='ltr'>γυ-</span> 
     </span>
    </p>
   </div>
   <div class='ocr_carea' id='block_1_105' title="bbox 2370 5007 3958 5085">
    <p class='ocr_par' dir='ltr' id='par_1_105' title="bbox 2370 5007 3958 5085">
     <span class='ocr_line' id='line_1_105' title="bbox 2370 5007 3958 5085; baseline -0.006 -14"><span class='ocrx_word' id='word_1_761' title='bbox 2370 5021 2556 5082; x_wconf 79' lang='grc' dir='ltr'>ναικὸς</span> <span class='ocrx_word' id='word_1_762' title='bbox 2584 5019 2672 5070; x_wconf 73' lang='grc' dir='ltr'><strong>τὸν</strong></span> <span class='ocrx_word' id='word_1_763' title='bbox 2705 5020 2767 5070; x_wconf 75' lang='grc' dir='ltr'><strong>ἐκ</strong></span> <span class='ocrx_word' id='word_1_764' title='bbox 2793 5018 2926 5070; x_wconf 77' lang='grc' dir='ltr'>Θεοῦ</span> <span class='ocrx_word' id='word_1_765' title='bbox 2963 5017 3103 5071; x_wconf 84' lang='grc' dir='ltr'><strong>κατά</strong></span> <span class='ocrx_word' id='word_1_766' title='bbox 3147 5016 3307 5085; x_wconf 87' lang='grc' dir='ltr'>φύσιν</span> <span class='ocrx_word' id='word_1_767' title='bbox 3344 5013 3470 5067; x_wconf 82' lang='grc' dir='ltr'>Υἱὺν</span> <span class='ocrx_word' id='word_1_768' title='bbox 3501 5008 3786 5083; x_wconf 81' lang='grc' dir='ltr'>μονογενῆ,</span> <span class='ocrx_word' id='word_1_769' title='bbox 3819 5007 3958 5062; x_wconf 73' lang='grc' dir='ltr'>ἴδιόν</span> 
     </span>
    </p>
   </div>
   <div class='ocr_carea' id='block_1_106' title="bbox 2371 5102 3958 5180">
    <p class='ocr_par' dir='ltr' id='par_1_106' title="bbox 2371 5102 3958 5180">
     <span class='ocr_line' id='line_1_106' title="bbox 2371 5102 3958 5180; baseline -0.006 -18"><span class='ocrx_word' id='word_1_770' title='bbox 2371 5129 2428 5162; x_wconf 85' lang='grc' dir='ltr'><strong>τε</strong></span> <span class='ocrx_word' id='word_1_771' title='bbox 2456 5111 2722 5180; x_wconf 82' lang='grc' dir='ltr'>ὑπάρχειν</span> <span class='ocrx_word' id='word_1_772' title='bbox 2754 5108 2919 5162; x_wconf 75' lang='grc' dir='ltr'>αὑτοῦ</span> <span class='ocrx_word' id='word_1_773' title='bbox 2953 5106 3411 5177; x_wconf 74' lang='grc' dir='ltr'>διαϐεϐαιούμεθα</span> <span class='ocrx_word' id='word_1_774' title='bbox 3446 5103 3505 5157; x_wconf 84' lang='grc' dir='ltr'><strong>τὸ</strong></span> <span class='ocrx_word' id='word_1_775' title='bbox 3535 5105 3599 5155; x_wconf 83' lang='grc' dir='ltr'><strong>ὲκ</strong></span> <span class='ocrx_word' id='word_1_776' title='bbox 3629 5102 3728 5170; x_wconf 76' lang='grc' dir='ltr'>τῆς</span> <span class='ocrx_word' id='word_1_777' title='bbox 3770 5117 3958 5169; x_wconf 82' lang='grc' dir='ltr'>μακα-</span> 
     </span>
    </p>
   </div>
   <div class='ocr_carea' id='block_1_107' title="bbox 2377 5191 3956 5272">
    <p class='ocr_par' dir='ltr' id='par_1_107' title="bbox 2377 5191 3956 5272">
     <span class='ocr_line' id='line_1_107' title="bbox 2377 5191 3956 5272; baseline -0.014 -7"><span class='ocrx_word' id='word_1_778' title='bbox 2377 5201 2494 5271; x_wconf 78' lang='grc' dir='ltr'>ρίας</span> <span class='ocrx_word' id='word_1_779' title='bbox 2537 5199 2811 5270; x_wconf 74' lang='grc' dir='ltr'>Παρθένου</span> <span class='ocrx_word' id='word_1_780' title='bbox 2837 5213 2862 5240; x_wconf 80' lang='grc' dir='ltr'><strong>ιι</strong></span> <span class='ocrx_word' id='word_1_781' title='bbox 2898 5199 3098 5272; x_wconf 76' lang='grc' dir='ltr'>ληφθὲν</span> <span class='ocrx_word' id='word_1_782' title='bbox 3136 5201 3289 5267; x_wconf 79' lang='grc' dir='ltr'>ἅγιον</span> <span class='ocrx_word' id='word_1_783' title='bbox 3338 5197 3528 5266; x_wconf 68' lang='grc' dir='ltr'>σῶμα*</span> <span class='ocrx_word' id='word_1_784' title='bbox 3561 5193 3816 5263; x_wconf 81' lang='grc' dir='ltr'>ταύτῃτοι</span> <span class='ocrx_word' id='word_1_785' title='bbox 3856 5191 3956 5243; x_wconf 70' lang='grc' dir='ltr'><strong>καὶ</strong></span> 
     </span>
    </p>
   </div>
   <div class='ocr_carea' id='block_1_108' title="bbox 2375 5283 3956 5363">
    <p class='ocr_par' dir='ltr' id='par_1_108' title="bbox 2375 5283 3956 5363">
     <span class='ocr_line' id='line_1_108' title="bbox 2375 5283 3956 5363; baseline -0.006 -19"><span class='ocrx_word' id='word_1_786' title='bbox 2375 5295 2518 5362; x_wconf 75' lang='grc' dir='ltr'>μάλα</span> <span class='ocrx_word' id='word_1_787' title='bbox 2551 5292 2725 5363; x_wconf 77' lang='grc' dir='ltr'>ὀρθῶς</span> <span class='ocrx_word' id='word_1_788' title='bbox 2757 5294 2874 5345; x_wconf 78' lang='grc' dir='ltr'>κατ’</span> <span class='ocrx_word' id='word_1_789' title='bbox 2913 5293 3186 5348; x_wconf 87' lang='grc' dir='ltr'>οίκείωσιν</span> <span class='ocrx_word' id='word_1_790' title='bbox 3211 5289 3560 5360; x_wconf 79' lang='grc' dir='ltr'>οἰκονομικὴν</span> <span class='ocrx_word' id='word_1_791' title='bbox 3599 5285 3764 5340; x_wconf 73' lang='grc' dir='ltr'>αὑτοῦ</span> <span class='ocrx_word' id='word_1_792' title='bbox 3795 5283 3956 5351; x_wconf 76' lang='grc' dir='ltr'>λέγε-</span> 
     </span>
    </p>
   </div>
   <div class='ocr_carea' id='block_1_109' title="bbox 2375 5380 3954 5457">
    <p class='ocr_par' dir='ltr' id='par_1_109' title="bbox 2375 5380 3954 5457">
     <span class='ocr_line' id='line_1_109' title="bbox 2375 5380 3954 5457; baseline -0.008 -17"><span class='ocrx_word' id='word_1_793' title='bbox 2375 5387 2496 5440; x_wconf 84' lang='grc' dir='ltr'>σθαί</span> <span class='ocrx_word' id='word_1_794' title='bbox 2523 5404 2702 5457; x_wconf 75' lang='grc' dir='ltr'>φαμεν</span> <span class='ocrx_word' id='word_1_795' title='bbox 2724 5386 2792 5438; x_wconf 78' lang='grc' dir='ltr'>τὰ</span> <span class='ocrx_word' id='word_1_796' title='bbox 2818 5387 2914 5455; x_wconf 77' lang='grc' dir='ltr'>τῆς</span> <span class='ocrx_word' id='word_1_797' title='bbox 2940 5385 3139 5455; x_wconf 79' lang='grc' dir='ltr'>σαρκὸς</span> <span class='ocrx_word' id='word_1_798' title='bbox 3167 5383 3333 5454; x_wconf 73' lang='grc' dir='ltr'>πάθη,</span> <span class='ocrx_word' id='word_1_799' title='bbox 3355 5380 3719 5451; x_wconf 84' lang='grc' dir='ltr'>τετηρηκότες</span> <span class='ocrx_word' id='word_1_800' title='bbox 3749 5395 3954 5431; x_wconf 87' lang='grc' dir='ltr'>παντα-</span> 
     </span>
    </p>
   </div>
   <div class='ocr_carea' id='block_1_110' title="bbox 1764 5543 2923 5613">
    <p class='ocr_par' dir='ltr' id='par_1_110' title="bbox 1764 5543 2923 5613">
     <span class='ocr_line' id='line_1_110' title="bbox 1764 5543 2923 5613; baseline 0 -14"><span class='ocrx_word' id='word_1_801' title='bbox 1764 5546 1936 5600; x_wconf 72' lang='lat' dir='ltr'><strong>Variae</strong></span> <span class='ocrx_word' id='word_1_802' title='bbox 1967 5546 2223 5601; x_wconf 79' lang='lat' dir='ltr'><strong>lectiones</strong></span> <span class='ocrx_word' id='word_1_803' title='bbox 2251 5563 2312 5600; x_wconf 81' lang='lat' dir='ltr'><strong>ex</strong></span> <span class='ocrx_word' id='word_1_804' title='bbox 2342 5545 2526 5600; x_wconf 88' lang='lat' dir='ltr'><strong>codice</strong></span> <span class='ocrx_word' id='word_1_805' title='bbox 2554 5543 2923 5613; x_wconf 81' lang='lat' dir='ltr'><strong>Seguieriano.</strong></span> 
     </span>
    </p>
   </div>
   <div class='ocr_carea' id='block_1_111' title="bbox 780 5705 1824 5778">
    <p class='ocr_par' dir='ltr' id='par_1_111' title="bbox 780 5705 1824 5778">
     <span class='ocr_line' id='line_1_111' title="bbox 780 5705 1824 5778; baseline 0.002 -20"><span class='ocrx_word' id='word_1_806' title='bbox 780 5712 794 5743; x_wconf 71' lang='grc' dir='ltr'><strong>ί</strong></span> <span class='ocrx_word' id='word_1_807' title='bbox 837 5709 920 5763; x_wconf 77' lang='grc' dir='ltr'>ϊιτ.</span> <span class='ocrx_word' id='word_1_808' title='bbox 961 5723 992 5772; x_wconf 84' lang='grc' dir='ltr'><strong>η</strong></span> <span class='ocrx_word' id='word_1_809' title='bbox 1028 5710 1142 5777; x_wconf 73' lang='grc' dir='ltr'>τὴν,</span> <span class='ocrx_word' id='word_1_810' title='bbox 1172 5709 1369 5778; x_wconf 72' lang='grc' dir='ltr'>δηλαδὴ</span> <span class='ocrx_word' id='word_1_811' title='bbox 1400 5705 1607 5774; x_wconf 71' lang='grc' dir='ltr'>παθητὴ</span> <span class='ocrx_word' id='word_1_812' title='bbox 1644 5706 1824 5773; x_wconf 74' lang='grc' dir='ltr'>φύσις.</span> 
     </span>
    </p>
   </div>
   <div class='ocr_carea' id='block_1_112' title="bbox 700 5773 2033 5847">
    <p class='ocr_par' dir='ltr' id='par_1_112' title="bbox 700 5773 2033 5847">
     <span class='ocr_line' id='line_1_112' title="bbox 700 5773 2033 5847; baseline 0.001 -19"><span class='ocrx_word' id='word_1_813' title='bbox 700 5773 948 5846; x_wconf 65' lang='grc' dir='ltr'>ἔστηκεν.</span> <span class='ocrx_word' id='word_1_814' title='bbox 1046 5773 1369 5843; x_wconf 64' lang='grc' dir='ltr'>κ’ἁϐού’λιυς.’</span> <span class='ocrx_word' id='word_1_815' title='bbox 1433 5793 1454 5820; x_wconf 75' lang='grc' dir='ltr'>ι</span> <span class='ocrx_word' id='word_1_816' title='bbox 1488 5773 1759 5847; x_wconf 63' lang='grc' dir='ltr'>Παρθένον</span> <span class='ocrx_word' id='word_1_817' title='bbox 1802 5779 2033 5846; x_wconf 79' lang='grc' dir='ltr'>Μαρίας.</span> 
     </span>
    </p>
   </div>
   <div class='ocr_carea' id='block_1_113' title="bbox 1902 5709 2489 5775">
    <p class='ocr_par' dir='ltr' id='par_1_113' title="bbox 1902 5709 2489 5775">
     <span class='ocr_line' id='line_1_113' title="bbox 1902 5709 2489 5775; baseline 0.01 -18"><span class='ocrx_word' id='word_1_818' title='bbox 1902 5720 1924 5745; x_wconf 74' lang='grc' dir='ltr'><strong>ἰ</strong></span> <span class='ocrx_word' id='word_1_819' title='bbox 1962 5709 2124 5775; x_wconf 78' lang='grc' dir='ltr'>ἴσως,</span> <span class='ocrx_word' id='word_1_820' title='bbox 2164 5709 2236 5775; x_wconf 80' lang='grc' dir='ltr'><strong>ὡς</strong></span> <span class='ocrx_word' id='word_1_821' title='bbox 2270 5712 2489 5765; x_wconf 71' lang='grc' dir='ltr'>οἴονται.</span> 
     </span>
    </p>
   </div>
   <div class='ocr_carea' id='block_1_114' title="bbox 2573 5691 3952 5777">
    <p class='ocr_par' dir='ltr' id='par_1_114' title="bbox 2573 5691 3952 5777">
     <span class='ocr_line' id='line_1_114' title="bbox 2573 5691 3952 5777; baseline -0.015 -12"><span class='ocrx_word' id='word_1_822' title='bbox 2573 5721 2592 5747; x_wconf 78' lang='lat'><strong>&#39;</strong></span> <span class='ocrx_word' id='word_1_823' title='bbox 2628 5705 3137 5777; x_wconf 68' lang='grc' dir='ltr'>καταϐεϐληκότων.</span> <span class='ocrx_word' id='word_1_824' title='bbox 3216 5713 3239 5740; x_wconf 75' lang='grc' dir='ltr'><strong>ι</strong></span> <span class='ocrx_word' id='word_1_825' title='bbox 3269 5702 3340 5764; x_wconf 77' lang='grc' dir='ltr'>ὡς</span> <span class='ocrx_word' id='word_1_826' title='bbox 3373 5697 3662 5754; x_wconf 74' lang='grc' dir='ltr'>ἀλλότριοι.</span> <span class='ocrx_word' id='word_1_827' title='bbox 3755 5701 3782 5742; x_wconf 70' lang='grc' dir='ltr'><strong><em>γ</em></strong></span> <span class='ocrx_word' id='word_1_828' title='bbox 3817 5691 3952 5747; x_wconf 61' lang='grc' dir='ltr'>καθα</span> 
     </span>
    </p>
   </div>
  </div>
