4120 6510
166 414 249 472 381
784 417 1309 476 Αροιοοετιευε
1361 420 1493 476 PRO
1533 422 1625 476 XII
1666 420 2027 477 CAPITIBUS
2059 420 2338 479 CONTRA
2378 419 2828 478 ORIENTALES.

3323 418 3432 475 382

182 534 260 604 χοῦ
308 539 374 606 τῇ
428 537 611 591 αὑτοῦ
667 540 825 608 φύσει
875 541 931 594 τὸ
958 543 1186 607 ἀπαθές.
1216 545 1348 610 Θεὸς
1384 547 1491 618 γάρ
1524 548 1668 600 ἐστιν
1703 548 1763 599 ἐκ

1872 546 2010 600 Deus
2037 548 2176 601 enim
2211 557 2293 603 est
2322 563 2386 602 ex
2422 546 2547 602 Deo.
2569 546 2791 613 Quando
2826 544 2987 613 igitur
3016 557 3177 597 carne
3232 543 3431 598 dicitur

193 627 503 684 Θεοῦ.”οταν
540 630 728 683 τοίνυν
756 633 917 702 σαρκὶ
947 632 1170 703 λέγηται
1214 638 1427 701 παθεῖν,
1463 639 1561 691 οὐκ
1592 638 1755 701 αὐτὸς

198 721 259 781 είς
287 720 415 772 ἰδίαν
444 720 613 788 φύσιν
645 724 841 775 νοεῖται
874 723 1081 787 παθὼν,
1108 727 1240 779 καθὸ
1267 728 1396 791 Θεός
1421 731 1568 781 ἐστιν
1590 746 1604 760 ·
1634 730 1757 782 ἰδιο-

202 811 497 881 ποιούμενος
530 812 590 865 δὲ
624 814 823 883 μᾶλλον
849 815 907 867 τὸ
938 816 1107 881 πάθος
1129 834 1141 847 ⁸
1172 819 1334 872 αὑτοῦ
1360 821 1467 891 γὰρ
1488 822 1675 889 γέγονε
1698 821 1758 873 τὸ

199 902 373 953 ὲνωθὲν
406 900 557 972 αὐτῷ
586 903 766 974 σῶμα,
794 905 1043 977 καθάπερ
1069 906 1205 980 ἔφην
1234 911 1456 980 ἀρτίως.
1482 911 1579 965 Διά
1601 911 1758 964 τοῦτο

199 993 278 1042 καὶ
309 994 336 1043 6
367 992 657 1058 θεσπέσιος
687 993 896 1059 Παῦλος
937 996 1100 1050 αὑτὸν
1134 999 1226 1050 τὸν
1268 1000 1335 1052 δι’
1369 996 1428 1054 οὗ
1457 1002 1524 1054 τά
1559 1003 1755 1067 πάντα,

196 1084 277 1135 καὶ
307 1085 363 1134 ὲν
399 1075 444 1150 ᾧ
471 1084 541 1136 τὰ
568 1084 744 1138 πάντα
776 1085 1074 1158 πεποίηκεν
1116 1093 1143 1143 6
1178 1091 1386 1160 Πατὴρ,
1421 1093 1757 1163 πρωτότοκον

195 1175 250 1226 ὲκ
283 1174 493 1243 νεκρῶν
524 1178 847 1248 γεγενῆσθαί
878 1197 1028 1249 φησι.
1055 1183 1258 1253 Γράφει
1291 1184 1347 1236 δὲ
1374 1184 1546 1247 οὕτως
1566 1202 1577 1214 ·
1613 1206 1629 1236 ι
1657 1186 1760 1237 Εὑ-

195 1263 568 1332 χαριστοῦντες
592 1265 671 1337 τῷ
702 1269 876 1339 Πατρὶ
910 1270 986 1339 τῷ
1023 1271 1347 1327 ἱκανώσαντι
1378 1276 1525 1344 ἡμᾶς
1551 1277 1630 1339 είς
1658 1276 1758 1346 τὴν

196 1353 381 1425 μερίδα
406 1354 501 1408 τοῦ
532 1357 733 1428 κλήρου
761 1358 866 1413 τῶν
896 1361 1064 1428 ἁγίων
1111 1364 1166 1416 ὲν
1198 1364 1275 1435 τῷ
1317 1368 1475 1433 φωτὶ,
1507 1366 1565 1429 ὃς
1596 1367 1759 1438 ἐρρύ-

194 1462 316 1498 σατο
344 1448 492 1516 ἡμᾶς
522 1449 585 1501 ὲκ
612 1450 707 1519 τῆς
728 1450 971 1516 ἐξουσίας
991 1454 1083 1506 τοῦ
1105 1457 1346 1520 σκότους,
1374 1458 1466 1510 καὶ
1495 1460 1757 1529 μετέστη-

193 1554 278 1591 σεν
324 1541 406 1601 εἰς
453 1540 550 1611 τὴν
595 1540 867 1610 βασιλείαν
895 1545 986 1598 τοῦ
1018 1547 1145 1599 Υίοῦ
1174 1549 1272 1619 τῆς
1302 1549 1519 1620 ἀγάπης
1555 1551 1716 1604 αὑτοῦ
1743 1569 1757 1583 ο

191 1629 246 1681 tv
269 1622 314 1695 ᾧ
336 1629 533 1701 ἔχομεν
556 1633 651 1705 τὴν
673 1636 1048 1706 ἀπολύτρωσιν
1075 1638 1182 1693 τῶν
1210 1641 1516 1712 ἁμαρτιῶν,
1536 1644 1593 1707 ὃς
1617 1645 1761 1699 ἔστιν

190 1720 351 1773 εἰκὼν
379 1722 473 1775 τοῦ
507 1723 638 1777 Θεοῦ
668 1727 760 1778 τοῦ
786 1728 1038 1797 ἀοράτου,
1070 1732 1410 1801 πρωτότοκος
1442 1737 1619 1805 πάσης
1645 1735 1761 1789 κτί-

192 1827 350 1874 σεως,
379 1813 462 1865 ὅτι
508 1814 565 1865 ἐν
608 1816 755 1887 αὐτῷ
788 1820 1008 1892 ἐκτίσθη
1045 1822 1114 1874 τὰ
1150 1824 1325 1878 πάντα
1351 1825 1420 1877 τὰ
1448 1827 1505 1878 ὲν
1530 1830 1643 1891 τοῖς
1669 1828 1761 1882 οὐ·

190 1908 392 1971 ρανοῖς,
426 1906 521 1960 καὶ
544 1908 611 1961 τά
630 1910 723 1963 ἐπὶ
749 1910 849 1982 τῆς
878 1914 1001 1984 γῆς,
1025 1916 1090 1969 τά
1117 1918 1304 1988 ὁρατά,
1330 1920 1421 1973 καὶ
1444 1921 1509 1973 τά
1532 1920 1757 1991 ἀόρατα,

188 2001 294 2053 εἴτε
332 2002 533 2072 θρόνοι,
570 2006 677 2058 εῐτε
715 2008 1063 2081 κυριότητες,
1098 2012 1209 2065 εῖτε
1242 2014 1438 2084 ἀρχαὶ,
1470 2017 1578 2068 εἴτε
1614 2016 1760 2080 ἐξου-

189 2092 301 2145 σίαι
322 2111 336 2123 ’
368 2094 439 2147 τά
468 2096 641 2150 πάντα
664 2098 729 2150 δι’
752 2100 936 2165 αὑτοῦ,
964 2103 1055 2155 καὶ
1081 2105 1159 2166 είς
1189 2102 1349 2157 αὑτὸν
1372 2106 1633 2161 ἔκτισται.
1654 2107 1763 2160 Καὶ

184 2181 350 2245 αὑτός
386 2186 501 2237 ἐστι
536 2188 641 2256 πρὸ
669 2189 913 2255 πάντων,
950 2192 1043 2243 καὶ
1073 2193 1141 2245 τὰ
1171 2193 1344 2247 πάντα
1374 2198 1429 2247 ὲν
1460 2196 1606 2265 αὐτῷ
1638 2215 1763 2250 συν-

185 2266 409 2339 έστηκε,
442 2273 537 2325 καὶ
570 2274 734 2338 αὐτός
770 2276 917 2331 ἐστιν
947 2279 979 2347 ή
1010 2279 1218 2351 κεφαλὴ
1255 2282 1346 2335 τοῦ
1387 2281 1635 2353 σώματος
1669 2286 1766 2355 τῆς

198 2359 553 2431 Ἐκκλησίας,
584 2364 644 2427 ὃς
681 2366 828 2421 ἐστιν
857 2369 1021 2440 ἁρχὴ,
1052 2371 1393 2441 πρωτότοκος
1438 2376 1502 2427 ὲκ
1541 2376 1648 2427 τῶν
1680 2393 1765 2428 νε-

185 2450 357 2519 κρῶν,
396 2453 484 2507 ῖνα
512 2456 733 2528 γένηται
764 2460 821 2512 ὲν
847 2462 1010 2514 πᾶσιν
1040 2462 1200 2525 αὐτὸς
1229 2465 1681 2535 πρωτεύων.”οτι
1712 2470 1767 2520 ἐν

186 2541 339 2643 αὖτῷ
372 2546 643 2617 ηὐδόκησε
696 2552 803 2603 πᾶν
839 2551 900 2604 τὸ
933 2553 1206 2624 πλήρωμα
1234 2558 1333 2625 τῆς
1359 2555 1611 2627 θεότητος
1640 2576 1769 2611 κατ-

184 2640 411 2700 οικῆσαι
442 2640 790 2705 σωματικῶς,
827 2642 920 2716 καὶ
944 2640 1010 2692 δι’
1041 2642 1205 2696 αὐτοῦ
1234 2645 1673 2712 ἀποκαταλλάξαι
1703 2650 1771 2701 τὰ

186 2724 371 2777 πάντα
404 2725 481 2789 είς
512 2727 696 2793 αὐτὸν,
722 2731 1139 2803 εἰρηνοποιήσας
1164 2734 1250 2787 διὰ
1276 2736 1368 2801 rei}
1412 2737 1641 2807 αἵματος
1675 2741 1769 2792 τοῦ

186 2817 429 2886 σταυροῦ
457 2819 646 2883 αὐτοῦ,
679 2821 787 2875 εἴτε
813 2822 882 2876 τὰ
917 2824 1007 2877 ἐπὶ
1046 2826 1145 2895 τῆς
1171 2829 1291 2897 γῆς,
1331 2827 1440 2881 εἴτε
1471 2828 1541 2882 τὰ
1570 2831 1627 2883 ὲν
1659 2833 1771 2893 τοῖς

182 2906 456 2981 οὐρανοῖς.
488 2927 506 2959 ι
538 2910 729 2981 ’Δθρει
754 2914 815 2983 δὴ
845 2911 957 2977 οὖν,
987 2916 1134 2979 ὅπως
1181 2918 1246 2970 δι’
1280 2918 1445 2972 αὐτοῦ
1484 2920 1553 2973 τά
1595 2922 1771 2976 πάντα

184 2999 524 3068 πεποιῆσθαι
558 3001 747 3070 λέγων,
791 3005 979 3076 δρατὰ,
1016 3009 1110 3060 καὶ
1161 3010 1385 3080 ἀόρατα,
1422 3011 1639 3084 θρόνους
1688 3032 1768 3079 τε,

183 3091 281 3144 καὶ
316 3090 590 3156 ἐξουσίας,
616 3093 775 3147 αὑτὸν
807 3096 1049 3151 δεδόσθαι
1078 3102 1210 3170 φησὶ
1240 3105 1304 3173 τῇ
1355 3104 1652 3177 Ἐκκλησία
1682 3124 1773 3159 κε-

1867 655 2075 708 passus,
2104 655 2207 693 non
2236 641 2348 709 ipse
2380 640 2431 693 in
2461 639 2673 708 prepria
2701 646 2915 702 natura,
2962 649 3067 705 qua
3123 633 3264 691 Deus
3322 646 3425 701 est,

1864 730 2183 797 intelligitur
2212 745 2422 798 passus,
2455 730 2547 783 sed
2580 728 2759 798 potius
2795 727 2894 782 sibi
2926 726 3272 797 appropriare
3308 742 3429 795 pas-

1859 821 2091 874 sionem.
2125 819 2297 887 lpsius
2326 820 2471 872 enim
2508 819 2707 871 factum
2740 828 2819 872 est
2844 817 3051 870 unitum
3078 815 3177 871 sibi
3208 831 3424 886 corpus,

1862 912 2002 965 sicut
2030 910 2228 964 dudum
2268 910 2401 963 dixi.
2436 908 2773 977 Quapropter
2796 918 2849 961 et
2871 907 3088 962 divinus
3113 905 3307 960 Paulus
3344 908 3426 974 ip-

1860 1018 2004 1064 sum,
2044 1016 2136 1069 per
2162 1015 2319 1067 quem
2364 998 2541 1053 omnia
2575 1010 2628 1052 et
2660 1000 2710 1053 in
2735 1013 2840 1066 quo
2870 999 3049 1051 omnia
3080 996 3207 1052 fecit
3246 996 3426 1060 Pater.

1863 1092 2135 1145 dicitesse
2166 1088 2365 1142 factum
2397 1088 2813 1157 primogenitum
2847 1101 2910 1140 ex
2938 1086 3181 1140 mortuis.
3222 1085 3427 1140 Scribit

1861 1193 2040 1236 autem
2073 1182 2150 1236 sic
2181 1198 2193 1234 :
2236 1199 2252 1231 i
2290 1178 2503 1234 Gratias
2535 1187 2756 1249 agentes
2781 1176 3053 1246 Patri,qui
3078 1192 3177 1232 nos
3206 1177 3433 1232 idoneos

1862 1276 1990 1330 fecit
2027 1275 2077 1328 in
2112 1285 2316 1343 partem
2375 1272 2542 1325 sortis
2597 1280 2904 1325 sanctorum
2972 1271 3024 1326 in
3072 1269 3308 1334 lumine;
3338 1269 3428 1337 qui

1862 1366 2059 1436 eripuit
2083 1379 2180 1418 nos
2205 1363 2272 1418 de
2299 1370 2562 1431 potestate
2596 1362 2964 1424 tenebrarum,
3036 1369 3093 1415 et
3155 1356 3432 1413 transtulit

1865 1460 1917 1512 in
1954 1472 2174 1527 regnum
2213 1455 2331 1508 Filii
2391 1452 2695 1507 dilectionis
2751 1467 2898 1517 suae;
2936 1451 2987 1505 in
3016 1465 3122 1520 quo
3172 1450 3435 1505 habemus

1865 1547 2237 1601 remissionem
2275 1553 2625 1613 peccatorum
2666 1559 2680 1595 :
2722 1543 2813 1611 qui
2844 1551 2925 1598 est
2956 1543 3134 1613 imago
3162 1541 3254 1596 Dei
3296 1540 3435 1595 invi-

1865 1639 2054 1699 sibilis,
2080 1636 2469 1707 primogenitus
2497 1634 2676 1691 omnis
2712 1643 2974 1689 creatura:
3006 1649 3019 1685 :
3076 1632 3201 1701 quia
3235 1633 3286 1686 in
3320 1633 3438 1702 ipso

1865 1742 2045 1788 creata
2082 1729 2428 1794 suntomnia,
2460 1743 2578 1796 quze
2614 1728 2666 1781 in
2728 1725 2879 1781 ccelis
2911 1734 2967 1781 et
3000 1740 3120 1795 qua:
3168 1724 3220 1779 in
3265 1732 3431 1791 terra,

1868 1823 2098 1879 visibilia
2122 1832 2175 1877 ct
2204 1820 2515 1883 invisibilia,
2551 1818 2664 1873 sive
2693 1816 2894 1880 throni,
2947 1815 3061 1871 sive
3112 1814 3434 1869 dominatio-

1868 1931 1983 1980 nes,
2011 1913 2127 1970 sive
2158 1911 2518 1982 principatus,
2550 1910 2663 1963 sive
2704 1917 3030 1978 potestates;
3078 1904 3258 1960 omnia
3342 1918 3440 1973 per

1864 2011 2035 2079 ipsum
2088 2015 2143 2062 et
2174 2007 2226 2060 in
2262 2006 2375 2073 ipso
2407 2011 2588 2058 creata
2624 2009 2781 2067 sunt;
2818 2008 2873 2054 et
2899 2000 3014 2069 ipse
3035 2007 3119 2052 est
3178 2004 3303 2051 ante
3323 2010 3440 2050 om-

1864 2102 1976 2166 nia,
2012 2107 2067 2153 et
2099 2097 2279 2153 omnia
2306 2095 2360 2148 in
2415 2094 2530 2162 ipso
2564 2099 2847 2155 constant,
2879 2100 2934 2145 et
2981 2089 3097 2160 ipse
3141 2096 3226 2142 est
3282 2093 3441 2155 caput

1865 2188 2109 2258 corporis
2127 2184 2403 2250 Ecclesiae,
2433 2183 2523 2252 qui
2553 2190 2631 2236 est
2657 2179 3019 2249 principium,
3053 2175 3440 2249 primogenitus

1866 2298 1930 2337 ex
1953 2281 2217 2343 mortuis,
2250 2286 2307 2332 ut
2333 2277 2403 2333 sit
2430 2276 2481 2330 in
2514 2273 2766 2329 omnibus
2833 2274 2946 2341 ipse
2998 2271 3285 2339 primatum
3361 2276 3440 2319 te-

1869 2388 2023 2427 nens.
2050 2369 2185 2437 Quia
2222 2370 2274 2423 in
2306 2369 2423 2436 ipso
2445 2365 2768 2435 complacuit
2805 2376 3019 2419 omnem
3052 2360 3440 2430 plenitudinem

1868 2461 2170 2519 divinitatis
2203 2458 2510 2513 inhabitare
2542 2455 2917 2522 corporaliter,
2957 2462 3012 2506 et
3069 2466 3165 2520 per
3190 2466 3312 2506 eum
3351 2464 3443 2505 re-

1868 2552 2162 2609 conciliare
2190 2549 2372 2605 omnia
2404 2548 2457 2603 in
2524 2550 2722 2617 ipsum,
2757 2543 3051 2614 paciﬁcans
3100 2557 3197 2613 per
3224 2542 3445 2613 sangui-

1872 2661 1991 2700 nein
2010 2644 2191 2700 erucis
2223 2642 2363 2711 ejus,
2383 2642 2496 2695 sive
2519 2654 2638 2710 qua:
2675 2638 2726 2693 in
2761 2636 2943 2699 terris,
2962 2636 3075 2690 sive
3097 2649 3214 2704 quae
3241 2634 3291 2686 in
3325 2648 3442 2687 cce—

1873 2739 1937 2793 lis
1967 2737 2183 2792 sunt".
2225 2754 2243 2787 ι
2282 2733 2443 2803 198
2496 2731 2792 2787 Considera
2832 2729 3125 2798 quomodo,
3174 2740 3295 2780 cum
3350 2740 3446 2794 per

1873 2832 2045 2899 ipsum
2078 2830 2256 2886 omnia
2289 2827 2434 2881 dicat
2461 2840 2582 2880 esse
2609 2820 3012 2886 facta,visibilia
3041 2829 3094 2873 et
3126 2813 3443 2881 invisibilia,

1874 2925 2097 2978 thronos
2128 2930 2179 2975 et
2206 2926 2518 2990 potestates,
2553 2915 2729 2985 ipsum
2766 2916 2950 2970 datum
2981 2911 3237 2967 Ecclesia:
3260 2919 3443 2979 caput,

1873 3024 1927 3070 et
1959 3010 2375 3082 primogenitum
2405 3023 2469 3064 ex
2509 3006 2736 3062 mortuis
2771 3004 2974 3059 factum
3005 3018 3129 3059 esse
3187 3001 3445 3068 aﬂirmet,

1876 3103 2331 3170 reconciliataque
2363 3100 2543 3154 omnia
2572 3113 2666 3168 per
2706 3098 2881 3167 ipsum
2915 3095 2969 3149 in
3006 3094 3201 3164 ipsum,
3241 3101 3296 3148 et
3349 3108 3445 3162 pa-

188 3182 388 3254 ραλὴν,
422 3185 517 3237 καὶ
544 3186 885 3255 πρωτότοκον
911 3190 973 3243 ὲκ
995 3192 1201 3262 νεκρῶν
1218 3195 1544 3264 γεγενῆσθαι
1568 3197 1770 3267 διισχυ-

1874 3196 2084 3251 ciﬁcata
2113 3207 2210 3265 per
2231 3193 2545 3262 sanguinem
2592 3191 2771 3246 crucis
2798 3189 2937 3259 ejus,
2971 3189 3084 3243 sive
3123 3200 3242 3258 quae
3285 3201 3450 3255 super

184 3276 427 3344 ρίζεται,
454 3277 999 3353 ἀποκαταλλαχθῆναί
1026 3299 1083 3336 τε
1115 3284 1182 3337 τὰ
1209 3285 1385 3339 πάντα
1407 3287 1471 3339 δι’
1494 3288 1656 3341 αὑτοῦ
1692 3290 1772 3353 εἰς

179 3368 374 3428 αὑτὸν,
414 3370 507 3422 κα)⁸
552 3371 864 3441 είρηνεῦσαι
907 3374 992 3429 διὰ
1023 3376 1112 3429 τοῦ
1149 3378 1380 3448 αἵματος
1412 3379 1508 3433 τοῦ
1537 3382 1771 3452 σταυροῦ

180 3460 357 3547 αυτοῦ
390 3462 502 3513 εῖτε
532 3462 600 3514 τά
631 3462 723 3515 ἐπὶ
764 3465 864 3534 τῆς
896 3468 1019 3537 γῆς,
1052 3471 1160 3523 εἴτε
1189 3472 1255 3523 τὰ
1284 3473 1343 3525 ὲν
1369 3475 1480 3536 τοῖς
1505 3475 1771 3547 οὐρανοῖς.

180 3545 325 3603 Εἶτά
356 3567 443 3612 τις
475 3551 803 3616 ὲνδοιάζωνιι
833 3557 926 3608 καὶ
957 3559 1093 3627 μετά
1122 3559 1274 3613 τοῦτο
1299 3562 1496 3627 {taxat
1526 3545 1773 3629 δεδοικὼς

180 3640 335 3709 εἰκῆ,
378 3640 456 3709 μὴ
484 3640 591 3711 ἄρα
623 3660 739 3707 πως
770 3645 1018 3718 παθητὴν
1043 3650 1139 3719 τὴν
1167 3651 1260 3703 τοῦ
1290 3652 1418 3706 Υἱοῠ
1451 3654 1611 3723 φύσιν
1632 3657 1659 3709 6
1682 3656 1773 3708 τοῦ

183 3734 509 3801 μυστηρίου
556 3734 713 3802 λόγος
752 3736 1029 3809 ἀποφήνῃ,
1061 3740 1188 3794 ὅταν
1220 3742 1443 3815 λέγηται
1479 3747 1641 3814 σαρκὶ
1673 3765 1774 3801 πα·

179 3821 304 3874 θεῖν
330 3840 346 3888 ;
386 3822 743 3878 Ἰδιοποιεῖται
770 3826 897 3899 γάρ,
922 3830 997 3892 ὡς
1023 3832 1179 3901 ἔφην,
1209 3832 1278 3887 τὰ
1304 3835 1397 3887 τοῦ
1432 3836 1563 3888 ἰδίου
1595 3836 1776 3907 σώμα-

178 3932 277 3977 τος
310 3915 491 3987 πάθη.
534 3917 701 3971 Τοῦτο
732 3923 945 3989 φρονεῖν
972 3922 1143 3977 ἐδόκει
1179 3925 1255 3993 τῷ
1280 3926 1550 3997 θεσπεσίῳ
1588 3929 1777 4001 Πέτρῳ

180 4006 447 4073 λέγοντι·
482 4026 502 4057 ι
532 4009 767 4078 Χριστοῦ
795 4008 885 4064 οὖν
905 4012 1165 4077 παθόντος
1192 4016 1327 4088 ὑπὲρ
1363 4019 1517 4087 ἡμῶν
1545 4022 1725 4091 σαρκί.
1752 4040 1769 4072 ι

182 4097 430 4168 Ἕτερον
481 4098 539 4149 δὲ
587 4099 647 4151 τὸ
696 4102 858 4170 σαρκὶ
907 4102 1096 4156 παθεῖν
1145 4105 1415 4173 λέγεσθαι,
1450 4111 1541 4162 καὶ
1591 4112 1776 4183 ἕτερον

181 4187 402 4255 ὁμοίως
430 4186 493 4239 τὸ
536 4188 725 4240 παθεῖν
774 4190 1023 4257 λέγεσθαι
1068 4197 1133 4264 τῇ
1173 4198 1270 4265 τῆς
1299 4197 1549 4269 θεότητος
1596 4203 1775 4269 φύσει.

195 4276 431 4348 Ἐπειδὴ
467 4277 575 4347 γάρ
607 4279 751 4331 ἐστιν
776 4280 803 4331 6
832 4282 991 4344 αὐτὸς
1020 4283 1150 4347 Θεός
1178 4302 1235 4336 τε
1265 4287 1423 4355 ὁμοῦ,
1452 4291 1545 4342 καὶ
1574 4292 1780 4363 ἀνθρωο

183 4385 314 4433 πος,
348 4369 574 4439 ἀπαθὴς
628 4369 746 4439 μὲν,
779 4371 839 4423 τό
883 4389 943 4439 γε
978 4367 1111 4443 ἦχον
1141 4375 1220 4439 εἰς
1249 4376 1346 4447 τὴν
1392 4379 1491 4448 τῆς
1530 4380 1780 4451 θεότητος

184 4460 389 4527 φύσιν,
412 4458 651 4529 παθητὸς
672 4460 727 4512 δὲ
753 4461 893 4513 κατά
916 4463 975 4515 τὸ
1000 4464 1336 4534 ἀνθρώπινον
1352 4482 1364 4495 °
1398 4469 1451 4521 τί
1476 4469 1533 4522 τὸ
1557 4471 1777 4536 ἄτοπον,

1878 3298 2101 3350 terram,
2138 3287 2252 3340 sive
2279 3300 2397 3354 qna:
2431 3284 2482 3338 in
2511 3282 2682 3338 curiis.
2710 3281 2877 3352 igitur
2916 3277 3125 3334 dubitet
3158 3278 3447 3348 quisquam

1875 3382 2152 3452 posthaec,
2188 3388 2241 3433 et
2272 3378 2471 3432 frustra
2523 3373 2797 3439 formidet,
2850 3387 2918 3428 ne
2967 3372 3277 3443 passibilem
3325 3371 3447 3426 Filii

1875 3479 2123 3524 naturam
2155 3466 2481 3523 sacramenti
2514 3479 2694 3519 sermo
2749 3464 3010 3526 declaret,
3067 3461 3282 3531 quando
3314 3461 3451 3516 dici-

1879 3570 1964 3613 lur
1980 3574 2141 3613 carne
2174 3558 2318 3627 pati?
2341 3558 2595 3626 Proprias
2629 3555 2773 3610 enim
2804 3554 2952 3618 facit,
2982 3564 3041 3608 ut
3075 3555 3209 3617 dixi,
3245 3556 3448 3623 proprii

1877 3652 2118 3720 corporis
2154 3650 2449 3718 passiones.
2482 3647 2593 3701 Hoc
2656 3648 2860 3701 sentire
2927 3646 3133 3713 placuit
3180 3655 3450 3701 ctsanelo

1878 3744 2037 3799 Petro
2066 3742 2306 3796 dicenti:
2359 3758 2376 3790 ι
2423 3739 2637 3794 Christo
2670 3737 2834 3807 igitur
2902 3751 3061 3805 passo
3145 3751 3241 3803 pro
3296 3736 3450 3789 nobis

1879 3838 1930 3891 in
1966 3851 2127 3891 carne
2150 3836 2218 3891 ⁸³.
2263 3853 2281 3885 ι
2321 3834 2481 3888 Aliud
2514 3832 2657 3887 enim
2688 3844 2769 3885 est
2800 3831 3002 3894 dicere,
3027 3829 3134 3898 pati
3171 3828 3225 3883 in
3263 3843 3448 3893 carne,

1878 3942 1932 3987 et
1965 3930 2108 3984 aliud
2146 3927 2396 3984 similiter
2434 3926 2635 3990 dicere,
2666 3925 2773 3994 pati
2809 3927 2859 3978 in
2894 3923 3193 3978 divinitatis
3229 3932 3445 3978 natura.

1880 4021 2017 4089 Quia
2048 4023 2190 4076 enim
2221 4020 2362 4074 idem
2395 4015 2536 4069 Deus
2566 4017 2724 4070 simul
2756 4026 2838 4070 est
2892 4025 2945 4068 et
2970 4016 3152 4079 homo,
3201 4014 3454 4082 impassi~

1880 4114 2000 4168 bilis
2025 4112 2239 4181 quidem
2262 4148 2277 4172 ,
2317 4118 2579 4178 quantum
2607 4108 2672 4160 ad
2726 4105 3029 4159 divinitatis
3086 4103 3319 4173 pertinet
3353 4122 3451 4157 na-

1882 4214 2078 4267 turam,
2131 4199 2400 4269 passibilis
2452 4210 2582 4250 vero
2644 4192 2942 4249 secundum
3023 4192 3452 4258 humanitatem;

1883 4297 2006 4364 quid
2033 4293 2118 4347 hic
2141 4290 2383 4355 absurdi,
2413 4288 2456 4345 si
2483 4289 2696 4343 dicatur
2729 4286 2838 4356 pati
2876 4286 2929 4339 in
2961 4299 3026 4339 eo
3050 4286 3191 4353 quod
3226 4284 3333 4352 pati
3357 4300 3455 4353 ap-

1883 4397 1992 4440 tum
2026 4384 2252 4453 est,,qni
2314 4381 2512 4434 mansit
2556 4365 2903 4448 impassibilis
2959 4376 3011 4429 in
3040 4390 3107 4431 eo
3139 4375 3281 4444 quod
3345 4377 3454 4443 pati

1885 4494 1987 4531 non
2016 4474 2233 4545 potest?
2260 4472 2412 4539 Quod
2449 4479 2624 4525 autem
2662 4472 2712 4523 in
2748 4470 2837 4523 tali
2869 4469 2970 4522 [ide
2993 4476 3304 4521 sanctorum
3325 4482 3458 4535 quo-

184 4551 236 4601 εί
287 4548 373 4618 τῷ
427 4548 619 4602 παθεῖν
671 4551 935 4619 πεφυκότι
980 4552 1193 4621 λέγεται
1229 4555 1439 4620 παθεῖν,
1476 4558 1551 4627 τῷ
1586 4561 1770 4616 παθεῖν

1886 4585 1990 4638 que
2017 4567 2233 4619 Patrum
2264 4562 2575 4620 excelluerit
2609 4563 2829 4623 chorus,
2891 4575 2957 4613 ex
3018 4558 3104 4612 his
3159 4572 3455 4627 cognosce-

185 4642 293 4695 οὐκ
325 4642 495 4695 εἰδότι
533 4642 855 4713 μεμενηκὼς
888 4644 1135 4715 ἀπαθής;
1173 4646 1293 4699 "Ott
1319 4648 1374 4700 δὲ
1400 4652 1576 4720 τοιᾷδε
1600 4654 1776 4707 πίστει

190 4735 289 4785 καὶ
326 4735 357 4785 6
393 4732 505 4784 τῶν
530 4732 702 4800 ἁγίων
733 4734 986 4805 Πατέρων
1014 4736 1272 4807 διέπρεψε
1304 4738 1481 4808 χορὸς,
1508 4742 1568 4805 ἐξ
1598 4745 1777 4797 αὐτῶν

191 4824 485 4893 εἰσόμεθα,
518 4816 592 4877 ὧν
635 4824 975 4894 γεγράφασιν
1023 4828 1203 4893 αὐτοὶ,
1244 4828 1340 4899 τὴν
1388 4830 1481 4881 τοῦ
1530 4833 1777 4905 Σωτῆρος

193 4918 545 4985 τηρήσαντες
608 4915 845 4983 ἐντολήν.
901 4918 1267 4987 Διεμέμνηντο
1328 4920 1437 4990 γὰρ
1492 4922 1772 4990 λέγοντος·

203 5022 221 5056 ι
251 5002 481 5075 Δωρεὰν
516 5002 755 5071 ἐλάϐετε,
786 5004 990 5074 δωρεὰν
1017 5006 1152 5060 δότε.
1187 5026 1205 5058 ι

494 5139 818 5208 Γρηγορίου
856 5140 1189 5196 ἐπισκόπου
1224 5144 1495 5212 Νύσσης.

329 5268 506 5323 Τοῦτο
548 5268 655 5339 γὰρ
703 5271 1019 5340 φρονείσθω,
1062 5275 1244 5342 φησιν,
1273 5274 1329 5325 ἐν
1364 5275 1512 5345 ὑμῖν,
1544 5275 1570 5328 ὃ
1600 5276 1690 5328 καὶ
1722 5277 1778 5329 ἐν

196 5359 432 5430 Χριστῷ
473 5360 644 5431 Ἰησοῦ
669 5377 683 5391 ο
720 5361 777 5424 ὃς
809 5363 867 5414 ἐν
899 5367 1079 5434 μορφῇ
1108 5364 1244 5416 Θεοῦ
1272 5365 1527 5435 ὑπάρχων
1560 5367 1657 5437 οὐχ
1678 5368 1776 5437 ἁρ-

1887 4676 2006 4714 nms
2028 4672 2147 4727 quae
2178 4653 2277 4725 ipsi
2305 4654 2657 4723 scripserunt,
2675 4653 2986 4706 mandatum
3015 4649 3316 4704 Salvatoris
3338 4661 3455 4701 ser-

1885 4748 2092 4803 vautes.
2138 4746 2491 4800 Meminerant
2538 4742 2681 4796 enim
2734 4740 2849 4808 ejus
2908 4738 3178 4794 dicentis:
3225 4754 3243 4787 ι
3277 4733 3458 4793 Gratis

1886 4840 2193 4908 accepistis,
2229 4836 2395 4908 gratis
2421 4837 2541 4889 date
2583 4833 2647 4885 “.
2687 4851 2705 4884 ι

2278 5137 2516 5206 Gregorii
2545 5135 2773 5206 episcOpi
2807 5133 3057 5204 Nysmu'.

1962 5290 1980 5324 ι
2024 5270 2134 5325 Hoc
2163 5270 2303 5324 enim
2336 5269 2537 5338 sapite,
2568 5268 2764 5338 inquit,
2789 5267 2841 5321 in
2877 5267 3047 5332 vobis,
3092 5266 3234 5338 quod
3294 5277 3348 5322 et
3396 5268 3449 5324 in

1882 5364 2102 5421 Christo
2128 5360 2252 5417 Jesu
2292 5376 2304 5414 :
2345 5362 2433 5432 qui
2470 5376 2588 5418 eum
2630 5363 2682 5417 in
2734 5361 2903 5415 forma
2962 5361 3054 5418 Dei
3103 5369 3265 5430 esset,
3341 5377 3448 5415 non

276 5518 325 5549 ⁸²
356 5516 556 5573 Coloss.
596 5532 635 5583 I,
679 5518 866 5574 ιεοεο.
944 5520 1034 5574 ⁸³1
1067 5520 1207 5579 Peir.
1236 5538 1307 5586 iv,
1342 5492 1393 5580 ‘l'.
1469 5524 1512 5555 ³⁵
1544 5523 1733 5578 Matth.
1773 5540 1823 5589 κ,
1850 5525 1901 5579 8.

1268 5676 1437 5734 Variae
1467 5679 1721 5738 lectiones
1744 5698 1804 5736 ex
1837 5682 2022 5738 codice
2056 5676 2425 5749 Seguieriauo.

278 5808 303 5854 δ
334 5810 494 5881 Ῐσως,
536 5814 564 5866 ό
594 5807 911 5872 ἐνδοιάζων.
