4108 6470
698 396 804 449 383

1692 385 1746 442 S.
1788 383 2059 439 CYHILH
2104 379 2575 434 ALEXANDRINI
2619 377 2934 432 AlitllllEP.

3879 366 4024 422 384

699 507 942 576 rapinam
981 503 1274 555 arbitratus
1295 511 1377 554 est
1403 517 1520 554 esse
1559 517 1616 555 se
1679 499 1941 569 aequalem
1981 500 2118 560 Deo;
2172 499 2264 551 sed

2393 497 2587 565 ιαγμὸν
2637 497 2882 565 ἡγήσατο
2916 495 2976 546 τὸ
3008 489 3144 546 εἶναι
3185 488 3276 544 ἱσα
3307 487 3444 558 Θεῷ,
3478 487 3592 539 ἀλλ’
3621 487 3816 539 ἑαυτὸν
3846 489 3997 540 ἐκέ-

696 598 1042 664 semetipsum
1080 593 1403 656 exinauivit,
1433 593 1658 646 formant
1692 593 1830 645 servi
1861 590 2136 658 accipiens
2168 591 2269 642 ⁸⁸.»

697 690 832 755 Quid
863 688 1002 742 servi
1030 688 1204 739 forma
1232 684 1297 738 de
1328 684 1436 738 Deo
1459 684 1561 738 dici
1597 692 1774 753 potest
1803 684 2102 752 abjectius?
2130 683 2270 749 Quid

698 782 764 834 de
798 779 1041 835 omnium
1067 791 1188 846 rege
1249 777 1528 842 humilius,
1587 791 1746 843 quam
1796 775 1936 844 quod
1993 783 2184 843 sponte
2211 776 2273 827 ad

697 869 924 938 ahjectw
965 876 1169 922 natura:
1201 877 1398 921 nostra:
1433 865 1820 920 commercium
1886 866 2131 919 venerit?
2159 864 2270 918 ltex

695 975 901 1028 regum,
946 959 1200 1014 Dominus
1235 957 1628 1014 dominantium
1655 956 1837 1010 servili
1896 957 2065 1009 l‘urma
2099 956 2276 1010 indui-

697 1053 1090 1105 tnrzomnium
1143 1050 1309 1119 judex
1373 1050 1712 1119 principibus
1763 1049 2039 1119 vectigalis
2108 1049 2274 1104 cilici-

697 1153 782 1196 tur
805 1145 885 1208 ⁵⁶;
940 1154 1205 1198 creatura:
1235 1142 1492 1195 Dominus
1533 1142 1584 1194 iu
1621 1152 1777 1194 antro
1806 1142 2148 1205 diversatur;
2186 1144 2272 1209 qui

696 1234 874 1287 omnia
899 1236 1073 1304 palmo
1094 1235 1449 1298 concludit",
1469 1234 1642 1290 locum
1673 1237 1724 1289 iu
1750 1237 2048 1288 diversorio
2072 1236 2273 1288 nullum

698 1328 1032 1390 iuvenit,sed
1057 1329 1107 1381 in
1139 1331 1419 1385 brutorum
1444 1331 1798 1385 animantium
1833 1330 2062 1398 praescpi
2119 1328 2275 1380 recli—

698 1427 858 1472 natur
877 1420 922 1452 ⁵³
951 1439 962 1473 :
995 1421 1229 1474 mundus
1257 1433 1311 1476 et
1379 1423 1700 1490 purissimus
1759 1422 2008 1475 humanae
2063 1429 2274 1473 natura:

695 1511 884 1565 sordes
908 1528 1014 1566 non
1035 1524 1340 1577 aversatur,
1365 1523 1418 1568 et
1445 1500 1662 1570 omnem
1719 1514 2123 1568 mendicitatem
2178 1528 2275 1564 uo-

695 1613 863 1656 stram
888 1606 1455 1673 transgressus.ipsam
1494 1608 1710 1659 domum
1746 1614 1975 1658 mortem
2033 1605 2274 1671 perpeti-

697 1701 826 1744 tur:
870 1693 1189 1747 voluntaria:
1255 1694 1410 1762 hujus
1457 1697 1792 1765 paupertatis
1836 1705 1891 1749 et
1953 1694 2275 1761 abjectionis

697 1798 1005 1837 mensuram
1040 1788 1371 1853 perpendite.
1401 1789 1515 1841 Vita
1549 1788 1796 1855 degustat
1821 1795 2045 1839 mortem
2069 1805 2082 1848 ;
2105 1786 2270 1854 judex

705 1873 865 1945 199
889 1876 939 1928 in
967 1880 1278 1945 praetorium
1313 1879 1636 1943 adducitur;
1686 1881 1791 1933 vita
1850 1879 2144 1934 viventium
2175 1880 2274 1934 Do-

699 1969 877 2022 minus
906 1968 1107 2035 judicis
1135 1971 1416 2025 sententiae
1447 1971 1732 2039 subjicitur
1766 1971 1851 2037 ”;
1887 1972 2127 2024 omnium
2168 1984 2280 2023 cte-

700 2059 912 2112 Iestiurn
942 2063 1202 2116 virtutum
1267 2079 1357 2118 rex
1422 2064 1742 2119 carniﬁcum
1796 2079 1987 2118 manus
2045 2063 2279 2134 experiri

701 2166 806 2203 non
836 2162 1112 2220 gravatur.
1142 2155 1219 2208 Ad
1247 2156 1369 2218 hoc,
1422 2156 1620 2224 inquit.
1666 2155 1976 2226 exemplum
2023 2155 2283 2225 respiciat

701 2244 1025 2300 humilitatis
1057 2256 1251 2300 vestrae
1281 2262 1553 2301 mensura.

1107 2443 1295 2497 Basilii
1330 2443 1586 2497 σανίσι-θαι
1603 2442 1852 2509 episcovi.

770 2554 886 2608 Non
918 2555 1063 2607 enim
1097 2552 1295 2607 caelum
1323 2561 1376 2606 et
1405 2563 1577 2618 terra,
1603 2569 1666 2607 ac
1700 2555 1929 2608 marium
1985 2555 2200 2624 spatia,
2230 2563 2283 2605 et

697 2647 899 2718 quzeiu
959 2647 1116 2700 terris
1171 2655 1225 2700 et
1277 2647 1330 2700 in
1372 2647 1531 2712 aquis
1586 2647 1788 2718 degunt
1847 2647 2173 2711 animantes,
2228 2657 2282 2700 et

699 2743 913 2811 planlze,
955 2749 1007 2791 et
1043 2738 1232 2802 stellae,
1259 2747 1312 2793 et
1341 2753 1456 2803 aer,
1480 2749 1533 2793 et
1561 2740 1685 2792 anni
1723 2747 1986 2808 tempora.
2011 2748 2066 2792 et
2101 2739 2283 2792 varius

703 2834 869 2888 totius
919 2833 1296 2889 universitatis
1343 2843 1597 2896 ornatus,
1638 2840 1845 2885 tantum
1894 2833 2147 2901 potentia:
2189 2847 2284 2885 ex-

702 2926 1003 2980 cellentiam
1033 2925 1552 2994 ostenditquantum
1593 2923 1918 2976 immensum
1966 2921 2112 2975 illum
2162 2922 2283 2975 inti--

705 3019 982 3086 uitamque
1029 3016 1192 3070 Deum
1261 3016 1668 3085 iuipassibiliter
1713 3030 1810 3084 per
1863 3029 2082 3067 carnem
2136 3030 2285 3068 com-

704 3110 919 3179 plexum
951 3123 1069 3162 esse
1095 3119 1347 3174 mortem,
1386 3124 1492 3175 quo
1553 3108 1805 3161 nimirum
1860 3123 1953 3177 per
2009 3110 2282 3177 propriam

2381 604 2517 638 νωσε
2586 587 2800 657 μορφὴν
2847 586 3035 638 δούλου
3084 583 3284 635 λαϐών.
3323 601 3338 630 ι
3381 580 3446 632 Τί
3487 578 3836 650 πτωχότερον
3883 580 4000 630 ἐπὶ

2380 678 2514 731 Θεοῦ
2559 678 2658 746 τῆς
2705 677 2798 730 τοῦ
2845 677 3030 730 δούλου
3087 673 3340 746 μορφῆςς
3371 673 3426 724 τί
3453 670 3844 741 ταπεινότερον
3882 671 4001 721 ἐπὶ

2380 769 2472 823 τοῦ
2502 769 2762 840 βασιλέως
2797 770 2902 822 τῶν
2929 771 3085 830 ὅλων,
3117 769 3148 838 ἦ
3175 768 3236 819 τὸ
3264 768 3344 828 είς
3373 765 3662 818 κοινωνίαν
3694 764 3793 833 τῆς
3827 779 4000 815 πτω-

2381 862 2481 932 χῆς
2515 861 2671 931 ἡμῶν
2715 845 2927 930 φύσεως
2983 860 3287 920 ἐκουσίωςο
3333 855 3541 917 ἐλθεῖνς
3606 855 3663 907 Ὀ
3716 853 3998 922 βασιλεὺς

2380 956 2485 1007 τῶν
2528 953 2941 1024 βασιλευόντων,
3007 953 3098 1004 καί
3146 952 3174 1003 ὁ
3210 949 3412 1016 Κύριος
3462 947 3568 999 τῶν
3603 945 3997 1017 κυριευόντων

2378 1048 2477 1116 τὴν
2529 1045 2622 1098 τοῦ
2672 1044 2860 1097 δούλου
2918 1043 3131 1112 μορῳὴν
3182 1038 3513 1093 ύποδύεται’
3554 1037 3581 1088 ὁ
3633 1033 3828 1105 κριτὴς
3882 1032 3992 1085 τοῦ

2381 1139 2581 1202 παντὸς
2633 1137 2904 1207 ύπόςιορος
2950 1137 3062 1197 τοῖς
3099 1129 3488 1186 δυναστεύουσι
3519 1128 3766 1196 γίνεται·
3806 1127 3834 1176 6
3874 1129 3996 1193 τῆς

2381 1233 2611 1293 κτίσεως
2631 1229 2835 1300 Κύριος
2859 1229 2916 1280 ὲν
2946 1225 3199 1296 σπηλαίῳ
3231 1223 3534 1290 κατάγεται
3554 1239 3565 1250 ·
3597 1220 3624 1271 6
3648 1219 3740 1272 τοῦ
3768 1218 3996 1279 παντὸς

2383 1319 2875 1393 περιδεδραγμένος
2906 1320 3004 1387 οὺχ
3037 1316 3285 1387 εὑρίσκει
3321 1314 3487 1367 τόπον
3519 1312 3576 1365 ὲν
3620 1310 3698 1379 τῷ
3729 1307 3994 1361 καταλύ-

2383 1433 2534 1486 ματι,
2569 1413 2684 1466 ἀλλ’
2716 1413 2774 1464 ὲν
2831 1410 3008 1481 φάτνῃ
3052 1407 3161 1460 τῶν
3219 1405 3427 1472 ἀλόγων
3477 1401 3939 1474 παραρρίπτεται
3968 1417 3987 1429 ’

2380 1511 2406 1560 ό
2436 1506 2694 1576 καθαρὸς,
2725 1504 2820 1556 καὶ
2849 1503 3150 1570 ἀκήρατος,
3185 1498 3276 1550 τὸν
3323 1496 3424 1566 τῆς
3471 1492 3822 1563 ἀνθρωπίνης
3874 1492 3990 1559 φύ-

2380 1618 2519 1663 σεως
2547 1597 2903 1667 καταδέχεται
2929 1594 3118 1664 ρῦπον,
3145 1592 3240 1644 καὶ
3259 1588 3348 1641 διὰ
3376 1587 3554 1657 πάσης
3571 1586 3670 1654 τῆς
3699 1583 3993 1652 πτωχείας

2376 1693 2532 1763 ἡμῶν
2559 1689 2863 1758 διεξελθὼν,
2897 1687 3059 1758 μέχρι
3092 1685 3191 1754 τῆς
3219 1682 3311 1735 τοῦ
3350 1681 3584 1735 θανάτου
3612 1679 3832 1748 πρόεισι
3859 1677 3998 1728 πεί·-

2386 1805 2500 1857 ρας.
2521 1787 2715 1855 Ὀρᾶτε
2763 1783 2862 1852 τῆς
2917 1778 3167 1833 ἑκουσίου
3220 1774 3499 1844 πτωχείας
3548 1772 3608 1824 τὸ
3657 1770 3894 1841 μέτρον·
3951 1769 3989 1836 ἡ

2384 1878 2495 1948 ζωὴ
2521 1875 2752 1929 Θανάτου
2781 1872 3031 1941 γεύεται·
3057 1871 3084 1922 6
3109 1867 3301 1938 κριτὴς
3333 1867 3412 1928 εἰς
3437 1866 3726 1934 κριτήριον
3752 1862 3984 1927 ἄγεται·

2383 1975 2411 2025 ὁ
2440 1971 2538 2040 τῆς
2571 1968 2713 2037 ζωῆς
2742 1965 2850 2018 τῶν
2879 1963 3048 2016 ὄντων
3077 1961 3281 2031 Κύριος
3306 1958 3397 2010 ἐπὶ
3427 1960 3493 2026 τῇ
3521 1956 3688 2025 ψήφῳ
3706 1951 3801 2005 τοῦ
3826 1951 3991 2004 δικά-

2385 2064 2565 2127 ζοντος
2592 2057 2850 2128 ἄγεταιά·
2882 2058 2910 2108 ὀ
2943 2054 3124 2124 πάσης
3157 2053 3255 2121 τῆς
3287 2046 3660 2118 ύπερκοσμίου
3691 2043 3986 2111 δυνάμεως

2387 2153 2637 2225 βασιλεὺς
2687 2150 2783 2210 τὰς
2841 2147 2951 2199 τῶν
3000 2145 3211 2214 δημίων
3260 2142 3362 2195 οὐκ
3409 2140 3709 2194 ἀπωθεῖται
3757 2137 3983 2203 χεῖρας.

2386 2240 2530 2310 Ιι-ρδς
2553 2235 2706 2290 τοῦτό
2746 2251 2849 2296 σοι⁹
2876 2233 3032 2302 φησὶ,
3061 2232 3122 2284 τὸ
3159 2229 3466 2297 ὑπόδειγμα
3485 2230 3584 2296 τῆς
3614 2238 3988 2292 ταπεινοφροο

2389 2329 2555 2399 σύνης
2583 2325 2831 2396 βλεπέτω
2863 2324 2923 2376 τὸ
2962 2322 3183 2392 μέτρον.

2623 2440 2946 2495 Βιισιλείου
2984 2437 3321 2490 ἐπισκόπου
3360 2432 3738 2500 Καισαρείας.

2457 2555 2530 2607 Ού
2573 2554 2682 2623 γὰρ
2708 2550 2960 2605 τοσοῦτον
2988 2548 3237 2616 οὐρανὸς,
3264 2547 3358 2596 καὶ
3403 2545 3494 2611 γῆ,
3522 2543 3612 2594 καὶ
3652 2541 3719 2593 τὰ
3765 2539 3984 2609 μεγέθη

2383 2645 2492 2699 τῶν
2528 2643 2803 2709 πελαγῶν,
2833 2640 2927 2692 καὶ
2976 2637 3043 2689 τά
3094 2638 3150 2688 ὲν
3206 2635 3361 2686 ὕδασι
3393 2629 3746 2700 διαιτώμενα,
3787 2627 3883 2679 καὶ
3917 2629 3992 2680 τὰ

2385 2738 2618 2807 χερσαῖα
2652 2732 2761 2786 τῶν
2794 2730 2974 2796 ζώων,
3006 2729 3100 2781 καὶ
3123 2724 3286 2796 φυτά,
3319 2723 3412 2775 καὶ
3439 2721 3689 2790 ἀστέρες,
3720 2719 3816 2772 καὶ
3848 2717 3988 2790 ἀὴρ,

2387 2830 2478 2882 καὶ
2510 2822 2672 2897 ὧραι,
2709 2825 2801 2878 καὶ
2831 2824 2864 2893 ἡ
2896 2821 3116 2888 ποικίλη
3149 2817 3243 2869 τοῦ
3270 2813 3472 2875 παντὸς
3500 2812 3890 2880 διακόσμησιρ,
3925 2810 3992 2861 τὸ

2389 2919 2653 2991 ὑπερέχον
2688 2915 2786 2984 τῆς
2833 2914 3013 2984 ἰσχύος
3055 2910 3390 2976 συνίστησιν,
3425 2907 3548 2957 ὅσον
3586 2904 3647 2956 τὸ
3675 2903 3988 2973 δυνηθῆναι

2387 3013 2477 3065 τὸν
2516 3011 2648 3063 Θεὸν
2688 3010 2778 3060 τὸν
2808 3008 3093 3077 ἀχώρητον
3126 3000 3351 3063 ἀπαθῶς
3381 2998 3468 3050 διὰ
3505 2996 3706 3066 σαρκὸς
3732 2994 3994 3065 συμπλα-

2388 3098 2550 3168 κῆναι
2579 3095 2657 3165 τῷ
2697 3095 2931 3162 Θανάτῳ,
2975 3093 3063 3145 ἵνα
3102 3092 3233 3159 ἡμῖν
3261 3088 3338 3139 τῶ
3369 3087 3484 3138 ἰδίω
3514 3083 3678 3137 πάθει
3706 3084 3804 3151 τὴν
3835 3083 3990 3136 ἀπά-

705 3201 1015 3268 passiouem
1055 3212 1208 3252 suam
1262 3199 1417 3254 nobis
1453 3198 1938 3269 impassibilitatem
1982 3197 2286 3267 impertire-

2393 3187 2540 3239 θειαν
2570 3184 2885 3257 χαρίσηται.

707 3300 814 3346 tur.

1015 3385 1297 3439 Athanasii
1328 3385 1555 3452 episcopi
1595 3382 1955 3436 Alexandrim.

748 3480 846 3533 .Et
873 3479 1282 3540 ostendebatur,
1317 3479 1456 3547 quod
1498 3493 1600 3530 non
1639 3487 1987 3545 apparenter.
2035 3478 2127 3533 sed
2166 3489 2292 3530 rere

710 3571 964 3626 habuerit
1009 3584 1226 3638 corpus.
1283 3569 1520 3623 Docebat
1569 3569 1712 3622 enim
1766 3569 2052 3624 Dominum
2101 3572 2294 3624 huma-

713 3681 834 3719 nam
881 3664 1021 3718 hanc
1049 3677 1266 3717 carnem
1305 3662 1642 3724 induentem,
1676 3678 1797 3715 cum
1843 3662 1958 3715 suis
2021 3662 2293 3731 passioni-
2360 3712 2364 3715 .

712 3759 814 3812 bus
843 3757 1013 3825 ipsam
1044 3763 1211 3808 totam
1245 3755 1467 3808 induere
1494 3770 1508 3806 :
1547 3763 1603 3806 ut
1629 3755 1771 3807 sicut
1815 3754 2092 3823 proprium
2127 3755 2296 3822 ipsius

711 3859 834 3901 csse
868 3844 1097 3899 dicimus
1119 3859 1337 3912 corpus,
1369 3844 1438 3897 ita
1468 3853 1523 3898 et
1559 3844 1804 3912 corporis
1848 3846 2133 3912 passiones
2170 3860 2293 3912 pro-

714 3938 843 4004 pria:
871 3945 1078 3988 tantum
1105 3935 1219 4002 ejus
1262 3938 1531 3997 dicantur.
1562 3937 1776 3990 etiamsi
1827 3951 1930 3988 non
1964 3935 2294 4003 contigerint

715 4029 1050 4084 divinitatem
1076 4028 1208 4094 ejus.
1247 4026 1380 4081 Nam
1408 4031 1451 4082 si
1480 4029 1705 4082 alterius
1727 4036 1871 4082 esset
1895 4043 2112 4094 corpus,
2152 4027 2296 4082 illius

713 4122 877 4175 etiam
900 4121 1209 4175 dicerentur
1232 4121 1533 4188 passiones.
1563 4119 1619 4173 Si
1645 4130 1826 4173 autem
1854 4119 2013 4173 Verbi
2043 4129 2124 4173 est
2142 4135 2290 4175 caro.

715 4215 975 4283 (Verbum
1007 4216 1150 4269 enim
1174 4229 1303 4267 caro
1321 4214 1518 4268 factum
1549 4224 1635 4268 est
1667 4214 1755 4281 ⁸ο),
1781 4213 2150 4268 necessarium
2182 4221 2294 4279 est,

720 4319 779 4361 ut
817 4317 869 4360 et
892 4307 1071 4362 carnis
1108 4306 1390 4374 passiones
1424 4307 1540 4376 ejus
1573 4319 1694 4360 esse
1721 4308 1998 4369 dicantur,
2031 4305 2188 4374 cujus
2241 4311 2295 4357 et

714 4416 844 4452 caro
875 4409 977 4452 cst.
1001 4397 1165 4464 Cujus
1193 4398 1336 4450 enim
1368 4398 1622 4451 dicuntur
1655 4396 2148 4466 passiones,quales
2171 4405 2300 4448 sunt

719 4493 976 4560 maxime,
1012 4493 1388 4554 condemnari,
1414 4489 1696 4560 ﬂagellari,
1751 4489 1924 4552 sitire,
1967 4498 2020 4542 et
2067 4503 2221 4554 crux,
2247 4495 2301 4540 et
2336 4511 2378 4564 ι)

721 4601 888 4649 mors,
924 4595 977 4640 et
1010 4586 1127 4638 alim
1153 4584 1399 4654 corporis
1435 4583 1796 4643 infirmitates,
1817 4580 1932 4648 ejus
1962 4589 2013 4633 et
2044 4579 2294 4632 meritum

717 4689 767 4731 et
795 4678 962 4745 gratia
991 4686 1095 4732 est.
1134 4676 1339 4730 Idcirco
1365 4685 1515 4729 recte
1544 4669 1621 4726 ac'
1640 4672 1892 4727 decenter
1913 4686 2016 4723 non
2051 4668 2296 4733 alterius,

718 4769 813 4822 sed
844 4769 1050 4823 Domini
1077 4769 1332 4823 dicuntur
1354 4782 1474 4822 esse
1516 4765 1826 4836 liujusmodi
1867 4762 2186 4833 passiones;
2242 4769 2300 4814 ut

720 4867 773 4908 et
803 4856 974 4926 gratia
1018 4855 1087 4909 ab
1112 4856 1228 4921 ipso
1259 4855 1350 4916 sit.
1385 4864 1440 4910 et
1472 4871 1576 4908 non
1615 4854 1917 4907 eﬂiciamur
1971 4851 2296 4912 idololatrm,

721 4949 814 5001 sed
845 4961 967 5000 vero
993 4946 1158 4998 Deum
1185 4945 1445 5003 colentes.
1467 4947 1594 5013 quia
1624 4947 1823 4999 nullam
1848 4955 2175 5003 creaturam,
2205 4955 2298 4994 ne—

721 5053 828 5108 que
849 5039 1454 5106 caminuuemaliquem
1497 5036 1794 5097 hominem,
1848 5035 1942 5089 sed
1993 5033 2296 5087 naturalem

723 5140 777 5182 et
808 5143 990 5181 verum
1022 5128 1113 5182 Dei
1176 5129 1394 5191 Filium,
1457 5126 1730 5180 hominem
1775 5125 2004 5186 factum,
2052 5123 2301 5177 eumdem

727 5219 1084 5274 nihilominus
1116 5217 1398 5274 Dominum
1426 5227 1476 5274 et
1512 5217 1681 5272 Deum
1716 5231 1778 5270 ac
1832 5213 2171 5268 Salvatorcm
2217 5212 2302 5266 iii-

731 5322 1011 5363 vocamus.

809 5549 853 5578 ιι
887 5544 1114 5616 Philipp.
1176 5563 1235 5609 ιι,
1275 5547 1390 5602 5-7.

739 5641 783 5667 ⁶⁰
825 5639 970 5694 Joan.
1023 5656 1057 5703 i,
1094 5639 1172 5694 Νι.

1444 5582 1459 5594 κ
1500 5551 1544 5581 ’⁵
1575 5548 1762 5602 Matth.
1819 5563 1929 5600 χνιι
1957 5587 1968 5609 ,
2026 5544 2115 5598 26.

2225 5545 2268 5574 ’⁵⁷
2301 5541 2404 5596 lsa.
2457 5553 2558 5592 λι..
2602 5530 2684 5584 l'l-

2570 3358 2921 3414 Ἄθω-ἀσίου
2954 3353 3294 3408 ἐπισκόπου
3339 3349 3813 3417 Ἀλεξανδρείας.

2468 3453 2578 3506 Καὶ
2633 3451 2927 3509 ἐδείκνυτο,
2963 3446 3042 3498 δτι
3098 3444 3171 3514 μὴ
3227 3441 3500 3510 φαντασία
3527 3482 3541 3506 ,
3586 3437 3722 3493 ἀλλὰ
3766 3436 3994 3507 άληθῶς

2398 3549 2535 3617 ἔχων
2568 3541 2636 3615 ἦν
2665 3542 2725 3595 τὸ
2756 3540 2936 3609 σῶμα.
2971 3537 3220 3606 Ἐπρεπε
3249 3534 3304 3586 δὲ
3337 3533 3430 3585 τὸν
3462 3531 3650 3602 κύριον
3683 3529 3997 3582 ἑνδιδυσκό-

2401 3655 2560 3709 μενον
2610 3636 2709 3704 τὴν
2757 3629 3108 3702 ἀνθρωπίνην
3165 3627 3347 3696 σάρκα
3397 3623 3638 3693 ταύτην,
3684 3623 3823 3692 μετὰ
3883 3623 4000 3676 τῶν

2402 3730 2548 3783 ίδίων
2575 3713 2762 3782 παθῶν
2787 3725 2914 3794 ὃλην
2944 3720 3114 3789 αὐτὴν
3143 3716 3468 3770 ἐνδύσασθαι
3491 3729 3504 3743 ·
3531 3714 3619 3780 ἵν’,
3645 3715 3835 3784 ῶσπερ
3861 3714 4000 3768 ἴδιον

2399 3820 2564 3877 αὑτοῦ
2593 3820 2827 3888 λέγομεν
2858 3811 2996 3867 εἶναι
3035 3813 3096 3864 τὸ
3130 3811 3310 3879 σῶμα,
3344 3807 3490 3860 οὔτω
3525 3806 3622 3858 καὶ
3658 3804 3725 3857 τὰ
3753 3804 3850 3857 τοῦ
3885 3805 3998 3858 σῶ-

2404 3932 2571 3986 ματος
2607 3911 2754 3980 πάθη
2804 3906 2912 3959 ἴδια
2949 3904 3109 3974 μόνον
3157 3900 3324 3954 αὑτοῦ
3378 3899 3628 3966 λέγηται,
3667 3897 3716 3948 εί
3774 3897 3872 3948 καὶ
3918 3897 3999 3967 μὴ

2399 4010 2604 4078 ἥπτετο
2629 4002 2768 4056 κατά
2801 4000 2900 4067 τὴν
2951 3996 3184 4065 θεότητα
3220 3990 3408 4045 αὐτοῦ.
3446 3991 3509 4042 Εἰ
3565 3989 3666 4058 μὲν
3706 3988 3899 4059 ἐτέρου
3937 3990 4002 4041 τὸ

2405 4076 2584 4169 σῶμα,
2611 4092 2819 4148 ἐκείνου
2852 4091 2919 4143 ἂν
2959 4087 3172 4155 λέγοιτο
3206 4085 3300 4137 καὶ
3350 4083 3418 4135 τὰ
3466 4079 3614 4149 πάθη
3637 4097 3649 4109 °
3708 4081 3756 4131 εί
3799 4076 3861 4132 ’δὲ
3897 4080 3999 4133 τοῦ

2403 4190 2579 4256 Λόγου
2608 4189 2641 4255 ἡ
2678 4180 2835 4253 σὰρξ,
2870 4180 2899 4230 ὁ
2945 4176 3055 4248 γὰρ
3099 4175 3270 4243 Λόγος
3312 4170 3452 4241 σὰρξ
3504 4168 3741 4237 ἐγένετο,
3766 4170 3999 4256 ἀνάγκη

2405 4254 2593 4335 καὶτὰ
2622 4254 2720 4343 τῆς
2771 4270 2972 4341 σαρκὸς
3006 4266 3154 4334 πάθη
3209 4262 3468 4330 λέγεσθαι
3530 4258 3696 4312 αὐτοῦ
3733 4254 3792 4312 οὗ
3838 4260 3934 4313 καὶ
3965 4263 4000 4331 ἡ

2406 4363 2543 4435 σάρξ
2569 4365 2747 4414 ἐστιν·
2779 4350 2839 4410 οὗ
2873 4355 2981 4425 γὰρ
3033 4353 3252 4420 λέγεται
3295 4352 3362 4403 τὰ
3398 4348 3569 4418 πάθη,
3598 4343 3688 4400 οἷά
3727 4349 3843 4400 ἐστι
3886 4349 4000 4418 μά-

2407 4459 2587 4518 λιστα,
2616 4453 2678 4504 τὸ
2725 4446 3141 4516 κατακριθῆναι,
3167 4445 3228 4495 τὸ
3253 4440 3687 4512 μαστιγωθῆναι,
3717 4440 3777 4493 τὸ
3808 4439 4000 4510 διψᾷν,

2407 4551 2501 4604 καὶ
2535 4551 2562 4601 ὁ
2590 4544 2844 4612 σταυρὸς,
2878 4540 2971 4592 καὶ
3012 4541 3040 4589 6
3077 4537 3326 4599 θάνατος,
3358 4536 3450 4587 καὶ
3478 4535 3533 4586 ai
3561 4533 3717 4586 ἄλλαι
3749 4531 3847 4583 τοῦ
3886 4533 4000 4584 σώ-

2411 4659 2577 4715 ματος
2613 4637 2909 4695 ἀσθένειαι,
2947 4630 3135 4683 τούτου
3184 4630 3278 4681 καὶ
3323 4628 3383 4681 τὸ
3415 4626 3768 4697 κατόρθωμα,
3820 4624 3916 4677 καὶ
3967 4627 4001 4693 ἡ

2407 4737 2565 4806 χάρις
2615 4727 2749 4785 ἐστί.
2783 4726 2880 4779 Διὰ
2928 4720 3087 4776 τοῦτο
3133 4721 3314 4771 τοίνυν
3364 4715 3695 4778 ἀκολούθως,
3737 4715 3832 4766 καί⁸
3861 4731 4003 4782 πρε-

2408 4829 2619 4885 πόντως
2648 4822 2746 4874 οὐκ
2768 4818 2951 4875 ἄλλου,
2995 4811 3129 4865 ἀλλὰ
3161 4809 3255 4863 τοῦ
3286 4811 3491 4881 Κυρίου
3527 4808 3748 4874 λέγεται
3777 4806 3847 4858 τὰ
3880 4822 4001 4859 τοι-

2408 4915 2550 4969 αῦτα
2580 4911 2728 4981 πάθη
2752 4925 2765 4938 ’
2795 4909 2882 4962 ἵνα
2909 4905 3002 4958 καὶ
3028 4907 3059 4974 ὴ
3094 4904 3255 4973 χάρις
3295 4903 3421 4970 παρ’
3451 4897 3616 4952 αὐτοῦ
3651 4898 3759 4967 είη,
3794 4899 3888 4951 καὶ
3917 4900 3999 4967 μὴ

2413 5007 2796 5074 εἰδωλολάτραι
2826 4998 3087 5068 γινόμεθα
3138 5008 3184 5058 ο,
3230 4994 3369 5048 ἀλλὰ
3421 4990 3636 5062 ἀληθῶς
3695 4990 3996 5054 θεοσεϐεῖς,

2411 5103 2491 5154 ὅτι
2531 5096 2733 5168 μηδένα
2775 5091 2883 5144 τῶν
2931 5088 3202 5158 γεννητῶν
3234 5086 3278 5149 ῐ,
3320 5087 3456 5156 μηδὲ
3503 5084 3682 5137 κοινόν
3727 5100 3851 5137 τινα
3898 5084 3999 5136 ἀν-

2413 5196 2652 5264 θρωπον,
2675 5185 2812 5240 ἀλλὰ
2840 5184 2933 5235 τὸν
2975 5183 3038 5234 ὲκ
3069 5179 3203 5234 Θεοῦ
3234 5180 3394 5249 φύσει
3425 5179 3519 5232 καὶ
3550 5177 3802 5247 ἀληθινὸν
3844 5177 3998 5239 Υίὸν,

2412 5283 2602 5337 τοῦτον
2651 5277 2944 5347 γενόμενον
2982 5275 3006 5313 ε
3053 5271 3364 5342 ἄνθρωπον,
3399 5270 3548 5324 οὐδὲν
3589 5265 3751 5342 ἦττον
3790 5268 4000 5339 Κύριον

2418 5376 2600 5437 αὑτὸν,
2636 5370 2729 5425 καὶ
2752 5366 2906 5430 Θεὸν,
2938 5365 3030 5416 καὶ
3066 5362 3295 5433 Σωτῆρα
3330 5359 3818 5430 ἐπικαλούμεθαιι,

2788 5523 2833 5554 ⁵⁸³
2873 5522 3003 5575 Ltttt.
3061 5536 3093 5572 tt
3122 5561 3134 5582 ,
3169 5519 3221 5574 7.
3293 5518 3337 5548 δ’
3367 5515 3524 5570 Jttalt.
3569 5529 3689 5579 XIX,
3732 5513 3800 5567 13
3840 5530 3995 5580 seqq.

1803 5701 1973 5752 Varia:
2002 5699 2258 5751 lectiones
2279 5713 2340 5749 ex
2374 5693 2558 5747 codice
2593 5684 2962 5753 Seguieriauo.

818 5832 845 5863 ⁸
880 5825 1145 5893 πτωχείας
1183 5821 1334 5892 ἡμῶν
1384 5818 1660 5880 ἐκυύσιως.
1740 5813 1762 5850 ἀ
1798 5815 2000 5879 γίνεται

2085 5825 2104 5844 ν
2139 5809 2434 5880 γινώμεθα.

2552 5803 2564 5841 ί
2606 5798 2862 5870 γενητῶν.
2960 5798 2982 5835 ι
3014 5793 3103 5846 καὶ
3137 5790 3444 5859 γενόμενον.
3541 5787 3564 5826 δ
3603 5787 3994 5860 ἐπικαλοῡμεν.
