4120 6468
176 431 263 487 585
720 429 1248 486 APOLOGETICUS
1287 429 1569 487 CONTRA
1613 430 2142 490 TIlEODORETL’M
2184 434 2317 490 PRO
2356 435 2450 492 XII
2495 438 2885 498 CAPITIBUS.

3306 446 3412 500 386

244 543 475 616 ’Λπόχρη
511 544 698 611 τοίνυν
756 547 835 610 είς
871 546 1267 617 πληροφορίαν,
1307 545 1381 609 ὣς
1411 563 1473 614 γε
1511 549 1522 586 ί
1566 544 1741 617 οἶμαι,

1922 550 2207 605 Snlliriunt
2241 551 2427 620 igitur,
2466 563 2522 607 ut
2554 554 2766 623 opinor,
2824 554 2889 607 ad
2927 554 3294 623 probationem
3327 573 3417 611 sa-

173 639 268 700 τοῖς
285 638 579 708 ἀρτίφροσι
618 639 690 692 τὰ
724 640 1055 712 προτεθέντα
1083 640 1242 711 ῥητὰ,
1275 639 1367 692 τοῦ
1398 641 1542 692 θείου
1575 642 1739 710 νόμου

174 730 445 802 διαρρήδην
475 731 733 800 λέγοντος
755 751 767 762 ·
800 752 817 784 ι
853 733 974 786 Ἐπὶ
1020 734 1287 803 στόματος
1321 733 1414 786 δύο
1444 733 1738 804 μαρτύρων

173 823 252 874 καὶ
268 823 427 894 τριῶν
458 824 796 895 σταθήσεται
825 828 931 878 πᾶν
961 825 1132 894 ῥῆμα.
1164 844 1180 875 ι
1218 824 1280 878 El
1308 825 1364 878 δὲ
1402 827 1463 897 δή
1501 844 1582 890 τις
1618 827 1740 896 βού-

173 913 296 965 λοιτο
324 914 413 966 καὶ
454 915 602 985 μετὰ
632 916 791 968 τοῦτο
824 916 903 969 ἔτι
935 916 1281 985 φιλονεικεῖν,
1320 919 1567 970 ἀκουέτω
1602 918 1738 988 πρὸς

171 1004 328 1073 ἡμῶν·
365 1006 469 1059 Ἴθι
522 1007 624 1076 τὴν
673 1008 812 1060 κατὰ
855 1008 1080 1062 σαυτόν’
1123 1011 1288 1078 ἡμεῖς
1335 1009 1390 1062 δὲ
1425 1012 1534 1072 τοῖς
1567 1010 1744 1080 ὀρθοῖς

172 1095 469 1165 Γράμμασι,
507 1098 605 1152 καὶ
651 1102 716 1169 τῇ
767 1099 877 1152 τῶν
912 1100 1083 1164 ἁγίων
1134 1101 1394 1172 Πατέρων
1443 1099 1729 1171 ὀψόμεθαὶ

171 1185 364 1238 πίστει·
398 1187 813 1259 κερδανῶμενι
859 1189 967 1261 γὰρ
1000 1191 1143 1243 οὓτω
1185 1192 1283 1260 τῆς
1331 1192 1442 1243 ἄνω
1498 1191 1741 1260 κλήσεως

171 1277 222 1328 τδ
275 1277 582 1349 βραϐεῖον¹
631 1279 886 1351 Χριστῷ⁸
953 1282 1022 1334 δι’
1087 1274 1187 1346 οὗ,
1246 1283 1337 1335 καὶ
1376 1282 1492 1352 μεθ’
1543 1275 1604 1334 οὗ
1662 1281 1740 1351 τῷ

170 1367 274 1439 Θεῷ
301 1371 395 1423 καὶ
422 1371 604 1443 [lat-pl.
644 1373 678 1441 ἡ
711 1369 840 1434 δόξα
876 1373 971 1426 σὺν
1006 1372 1156 1443 ἁγίῳ
1187 1372 1466 1444 Πνεύματι
1498 1374 1578 1435 είς
1615 1374 1741 1435 τοὺς

170 1458 375 1522 αἰῶνας.
426 1464 483 1514 Ἀ
494 1463 630 1532 μήν.

1848 643 2121 713 picntibus
2148 646 2428 699 sententia:
2453 648 2953 716 proposit3,divina
2983 646 3100 716 lege
3130 648 3423 703 manifeste

1848 735 2060 790 dicente
2096 753 2107 787 :
2153 754 2170 787 ι
2215 740 2271 790 1η
2301 753 2394 792 ore
2427 741 2650 793 duorum
2700 740 2783 793 vel
2827 744 2983 793 trium
3022 740 3234 794 testium
3253 743 3423 796 stabit

1846 840 2007 880 omne
2051 827 2268 881 verbum
2298 829 2361 880 ".
2409 848 2425 878 ι
2471 827 2526 882 Si
2587 828 2749 899 200
2779 830 2899 898 quis
2945 840 3126 884 autem
3187 831 3422 887 voluerit

1848 918 2010 972 etiam
2044 928 2163 987 post
2193 920 2304 972 haec
2332 919 2507 974 adhuc
2542 924 2889 986 etintendere,
2926 925 3107 977 audiat
3135 940 3162 975 a
3215 924 3371 978 nobis
3406 940 3421 976 :

1850 1006 1968 1063 Tuo
1995 1023 2157 1079 perge
2191 1010 2384 1064 itinere
2410 1029 2422 1077 ;
2451 1026 2545 1065 nos
2600 1023 2780 1064 autem
2843 1014 3058 1068 divinas
3084 1015 3419 1083 Scripturas,

1847 1111 1902 1155 et
1928 1111 2237 1157 sanctorum
2259 1119 2550 1172 sequemur
2574 1103 2752 1158 (idem.
2798 1107 2886 1160 Sic
2921 1108 3062 1160 enim
3090 1108 3424 1161 lucrabimnr

1849 1209 2096 1263 superna:
2125 1196 2420 1249 vocationis
2457 1196 2699 1250 bravium
2733 1199 2784 1250 in
2819 1198 3040 1252 Christo
3073 1213 3207 1268 :per
3235 1213 3422 1266 quem,

1849 1296 1902 1341 et
1925 1303 2045 1341 cum
2070 1302 2198 1357 quo,
2233 1289 2339 1343 Deo
2370 1297 2422 1343 et
2452 1289 2593 1343 Patri
2623 1289 2794 1359 gloria
2817 1304 2938 1345 cum
2961 1300 3155 1345 saneto
3209 1292 3418 1358 Spiritu

1850 1378 1903 1432 in
1934 1381 2149 1434 saecula.
2181 1381 2374 1436 Amen.

174 1647 3392 1687 Μ

866 1814 1210 1947 ΤΟΥ
1284 1810 1807 1947 ΑΓΙΟΥ
1879 1816 2744 1951 ΚΥΡΙΛΛΟΥ

1225 2045 1793 2099 ΛΡΧΙΕΠῘΣΚΟΙΙΟΥ
1846 2047 2371 2101 ΑΛΕΞΑΝΔΡΕΙΛΣ

1613 2199 1966 2253 ΕΠΙΣΤΟΛΗ

1360 2363 1650 2448 ΠΡΟΣ
1726 2362 2305 2448 ΕΥΟΠΤΙΟΝ

661 2549 815 2614 Πρός
848 2565 962 2613 την
1001 2547 1160 2612 παρὰ
1195 2545 1561 2614 Θεοδωρίτου
1594 2546 1743 2599 κατὰ
1774 2545 1892 2599 τῶν
1924 2544 2153 2601 δώδεκα
2185 2546 2532 2616 ’κεφαλαίων
2555 2547 2933 2616 ἀντίρῤησιν.

1742 2728 1816 2742 .-

496 2869 596 2957 S.
674 2868 1156 2958 CYRILLI
1237 2868 2062 2960 ALEXANDRI/E
2133 2876 3070 2971 ARCHIEPISCOPI

1323 3060 1685 3120 EPISTOLA
1729 3062 1827 3121 AD
1868 3064 2257 3126 EUOPTlUM

595 3227 902 3290 Adversus
937 3225 1476 3307 impugnationem
1516 3225 1852 3289 duodecim
1898 3229 2172 3309 capitum
2223 3246 2258 3290 a
2299 3230 2698 3295 Theodoreto
2735 3232 2986 3297 editam.

171 3540 449 3608 Κύριλλος
506 3541 593 3606 τῷ
665 3544 1084 3611 εὐλαϐεστάτῳ
1111 3583 1125 3609 ,
1187 3546 1289 3598 καὶ
1345 3547 1741 3610 ποθετνοτάτφ

1847 3546 2295 3601 Reveremliuimo
2324 3548 2852 3602 etdesideratiuimo
2909 3550 3065 3617 fratri
3123 3560 3172 3604 et
3206 3547 3425 3606 commi-

228 3631 486 3702 ἀὸελφῷ,
508 3632 611 3686 καί
639 3635 1088 3703 συλλειτουργῷ
1115 3637 1410 3701 Εὐοπτίῳ,
1437 3637 1517 3690 ἐν,
1540 3639 1738 3705 Κυρίῳ

229 3727 475 3794 χαίρειν.

241 3839 521 3910 Ἐνέτυχον
549 3839 663 3900 τοῖς
697 3837 850 3908 παρὰ
870 3839 973 3908 τῆς
1007 3839 1105 3909 σῆς
1136 3839 1449 3904 θεοσεϐείας
1482 3841 1742 3893 ἐπεσταλ-

171 3929 355 3997 μένοις,
382 3931 554 3985 τεθαύ
565 3929 717 3999 μακά
745 3946 802 3982 τε
831 3930 931 4000 τὴν
962 3929 1219 3995 διάθεσιν,
1259 3932 1352 3984 καὶ
1383 3931 1484 4000 τῆς
1512 3932 1571 3984 ὲν
1605 3933 1740 4002 Χρι-

167 4023 263 4092 στῷ
285 4025 507 4093 ἀγάπης
543 4023 609 4074 τὸ
641 4022 893 4091 γνήσιονο
919 4025 1116 4093 χρῆναι
1144 4024 1198 4075 δὲ
1243 4024 1615 4094 ὑπολαμϐάνω
1644 4027 1738 4077 καὶ

167 4108 248 4161 νῦν
288 4113 480 4176 εἰπεῖν,
539 4110 620 4171 ὼς
675 4109 820 4162 ἔστιν
871 4111 1068 4181 ἀληθὲς
1111 4112 1173 4164 τὸ
1206 4113 1265 4164 ὲν
1319 4115 1383 4184 τῇ
1419 4113 1585 4184 βίϐλῳ
1628 4115 1738 4167 τῶν

169 4199 467 4271 Παροιμιῶν
523 4199 885 4270 εἰρημένονπη
917 4215 932 4230 ’
986 4219 1004 4249 ι
1057 4201 1308 4270 ’Λδελφὸς
1359 4204 1454 4254 ὑπ’
1505 4205 1736 4273 ἀδελφοῦ

168 4291 536 4366 magno“,
574 4293 653 4356 ὼς
689 4293 843 4356 πόλις
886 4293 1094 4363 ὀχυράθ
1131 4311 1149 4342 ι
1201 4295 1297 4346 καί
1333 4311 1421 4364 μοι
1465 4295 1612 4347 δοκεῖ
1639 4297 1738 4366 τῆς

167 4385 366 4456 nam;
391 4387 453 4440 τὸ
480 4385 690 4456 χρῆμα
727 4383 823 4437 τοῦ
856 4384 1060 4447 παντὸς
1094 4385 1243 4449 ἄξιον
1282 4384 1537 4452 γενέσθαι
1576 4385 1736 4453 λόγου

166 4478 302 4547 παρὰ
326 4481 392 4549 τῇ
416 4476 771 4545 θεοπνεύστῳ
795 4476 1004 4547 Γραφῇ,
1032 4477 1125 4529 καὶ
1149 4477 1291 4546 μάλα
1312 4478 1535 4539 εἰκότως
1555 4494 1568 4506 ο
1602 4476 1738 4545 πλή-

169 4583 316 4632 ρωσιν
363 4567 479 4637 ἔχει
521 4576 552 4603 η
593 4563 688 4617 τοῦ
744 4565 909 4634 νόμου
936 4607 951 4631 ,
992 4567 1086 4618 καὶ
1134 4564 1362 4636 προῦχει
1413 4566 1522 4617 τῶν
1561 4565 1737 4620 ἄλλων

167 4655 379 4722 ἀρετῶν,
409 4657 506 4710 καὶ
543 4658 610 4710 ὲν
653 4654 834 4724 πολλῷ
881 4657 1061 4708 κεῖται
1114 4656 1354 4727 θαύματι
1408 4657 1560 4727 παρὰ
1616 4659 1737 4718 ταῖς

165 4750 259 4803 τῶν
287 4752 456 4818 ἁγίων
494 4751 722 4821 ψυχαῖς.
749 4748 1095 4819 Πληροῦσθαί
1120 4767 1183 4818 γε
1218 4749 1324 4820 μὴν
1355 4751 1526 4820 αὑτήν
1557 4766 1737 4818 φαμεν

166 4843 254 4894 οὐκ
279 4845 334 4896 ἐν
355 4844 546 4912 ψιλαῖς
596 4858 656 4894 τε
735 4842 827 4893 καὶ
877 4841 1070 4908 μόναις
1120 4841 1380 4910 ῥημάτων
1413 4845 1733 4910 προφοραῖς,

167 4931 286 4985 ἀλλὰ
316 4933 384 4986 δι’
417 4931 610 4987 αὐτῶν
643 4928 752 4982 τῶν
797 4928 1140 4999 πραγμάτων
1178 4929 1654 4998 μαρτυρουμέναις
1684 4936 1732 4983 ο,
1766 4913 1806 4970 C

167 5024 358 5096 Ὠσπερ
407 5025 520 5095 γὰρ
561 5021 626 5074 αἱ
683 5019 1136 5072 πολυτελέσταται
1179 5019 1288 5071 τῶν
1328 5019 1510 5082 λίθων,
1541 5018 1606 5081 ἃς
1641 5019 1736 5070 καὶ

176 5114 384 5180 Ἰνδικὰς
414 5111 562 5169 εἷναί
593 5128 782 5180 φασιν,
805 5111 903 5163 οὐκ
934 5112 993 5177 ἐξ
1013 5103 1088 5163 ὧν
1120 5111 1185 5164 ἄν
1211 5129 1294 5174 τις
1321 5112 1566 5181 ἐξηγοῖτο
1606 5111 1736 5180 περὶ

168 5205 344 5271 αὐτῶν,
366 5207 482 5261 ἀλλ’
509 5207 572 5274 ἐξ
607 5197 682 5258 ὧν
711 5206 813 5258 alat
833 5204 992 5277 παρὰ
1013 5207 1124 5268 τοῖς
1147 5204 1314 5276 ὁρῶσι
1341 5204 1737 5275 θαυμάζονται,

165 5297 242 5349 sum
266 5300 444 5367 αὑτὸν,
485 5296 674 5370 οἶμαι,
710 5297 909 5367 τρόπον
943 5297 1036 5350 καὶ
1070 5297 1128 5349 τὸ
1173 5295 1422 5368 λαμπρὸν
1459 5297 1557 5368 τῆς
1597 5298 1738 5365 ἀγά-

197 5429 234 5459 ⁶¹
264 5429 411 5487 Dcut.
444 5447 587 5496 xvu,
626 5429 702 5492 6;
745 5427 934 5482 Matth.
964 5444 1118 5494 xvnt,
1157 5428 1243 5482 l6.

1912 3635 2081 3689 nistro
2139 3634 2368 3703 Enoptr‘o
2416 3635 2527 3706 (ι)
2582 3636 2838 3707 Cyrillm,
2883 3641 2937 3693 in
2990 3638 3224 3695 Domino
3277 3645 3423 3697 mlu-

1910 3740 2032 3783 lem.

1911 3840 2092 3894 Lectis
2122 3840 2318 3894 litteris
2341 3855 2369 3892 a
2393 3839 2591 3908 pietate
2611 3850 2696 3894 tua
2726 3843 2791 3894 ad
2824 3856 2906 3895 me
2931 3843 3097 3909 datis,
3125 3845 3422 3901 admiratus

1842 3943 1959 3983 sum
1985 3939 2038 3983 et
2067 3927 2443 3993 affectionem,
2481 3939 2536 3984 et
2569 3930 2856 3986 cbaritatis
2898 3934 2949 3986 in
2978 3933 3198 3989 Christo
3243 3937 3421 3991 since-

1841 4020 2097 4084 ritatem;
2153 4012 2317 4087 atque
2369 4019 2503 4074 adeo
2574 4017 2700 4072 illud
2749 4017 2867 4074 libri
2949 4019 3362 4078 Proverbiorum
3404 4042 3418 4076 :

1847 4129 1864 4162 ι
1900 4110 2089 4166 Frater
2114 4111 2204 4179 qui
2239 4125 2268 4164 a
2294 4111 2461 4165 fratre
2508 4111 2815 4181 adiuvatur,
2861 4113 2999 4166 sicut
3033 4115 3225 4170 civitas
3253 4118 3422 4170 muni-

1843 4212 1895 4255 ta
1930 4204 2010 4268 ⁶²;
2050 4222 2067 4254 ›
2109 4213 2166 4257 ut
2199 4203 2481 4263 verissime
2519 4204 2803 4272 scriptum,
2864 4220 3006 4259 nunc
3048 4221 3262 4275 quoque
3314 4209 3421 4264 dici

1841 4293 2037 4348 debere
2067 4309 2262 4349 censeo
2288 4310 2301 4346 :
2334 4294 2653 4362 videturque
2677 4296 2806 4348 mihi
2836 4295 3121 4350 charltatis
3152 4301 3423 4365 possessio

1843 4386 2062 4438 maximi
2097 4385 2212 4439 ﬁeri
2243 4385 2295 4439 in
2329 4384 2626 4453 Scripturis
2655 4387 2918 4442 divinitus
2975 4389 3277 4456 inspiratis,
3335 4391 3420 4444 id-

1841 4490 1945 4544 que
1971 4476 2092 4544 jure
2123 4477 2328 4545 optimo
2365 4494 2378 4528 :
2406 4477 2792 4547 plenitudinem
2817 4480 2959 4533 enim
2987 4482 3119 4550 legis
3156 4483 3420 4548 continet,

1839 4569 2081 4638 aliasque
2113 4570 2340 4625 virtutes
2371 4571 2664 4634 antecellit,
2693 4581 2745 4624 et
2767 4572 2819 4625 in
2846 4574 3079 4627 maxima
3107 4576 3421 4630 admiratio-

1840 4674 1906 4712 ne
1928 4671 2009 4713 est
2033 4660 2170 4728 apud
2203 4660 2416 4715 animas
2447 4669 2781 4717 sanctorum.
2821 4664 3016 4716 Verum
3072 4677 3192 4718 eam
3223 4680 3327 4719 non
3365 4667 3418 4718 in

1841 4751 1999 4804 nudis
2034 4752 2270 4820 solisque
2305 4753 2485 4806 verbis
2518 4753 2774 4822 compleri
2809 4753 3064 4818 dicimus,
3115 4756 3210 4810 sed
3248 4755 3421 4810 facto-

1842 4857 1959 4895 rum
1994 4842 2306 4898 testimonio
2348 4842 2682 4897 confirmatis
2721 4843 2786 4914 [f.
2846 4843 3205 4916 c0nlirmari].
3264 4846 3420 4902 Sicut

1841 4933 1986 4986 enim
2035 4932 2462 5002 pretiosissimas
2539 4948 2803 5000 gemmas,
2854 4947 2988 5001 quas
3039 4933 3249 4989 Indicas
3295 4951 3417 4990 esse

1841 5025 2012 5086 aiunt,
2041 5041 2144 5079 non
2168 5040 2232 5078 ex
2257 5025 2365 5088 his,
2398 5039 2516 5093 quae
2559 5025 2624 5077 de
2653 5023 2758 5077 illis
2791 5035 3101 5088 narrantur.
3142 5028 3234 5081 sed
3259 5044 3324 5081 ex
3349 5043 3414 5082 eo

1842 5113 1982 5182 quod
2016 5125 2161 5179 sunt,
2186 5115 2219 5166 ii
2248 5113 2340 5181 qui
2366 5113 2549 5166 vident
2583 5114 2924 5168 admirantur
2953 5130 2966 5164 :
3003 5115 3072 5167 ita
3113 5116 3277 5168 etiam
3303 5115 3413 5169 cla-

1845 5219 1955 5256 ram
1988 5202 2293 5256 dilectionis
2326 5201 2779 5271 pulchritudinem
2809 5212 2918 5256 tum
2963 5201 3218 5272 ell'ulgere
3261 5205 3409 5258 arbi-

1847 5303 1981 5356 tror,
2012 5309 2134 5346 eum
2175 5293 2226 5346 in
2269 5294 2477 5348 cunctis
2504 5295 2665 5348 rebus
2691 5295 2912 5364 optimis
2973 5296 3040 5348 ab
3070 5296 3197 5365 ipsis
3266 5306 3412 5350 recte

1343 5428 1387 5457 "
1431 5427 1592 5482 Prov.
1621 5423 1890 5492 “111,19.

1224 5558 1395 5614 Varia:
1423 5560 1684 5616 lectiones
1706 5575 1772 5614 ex
1798 5561 1982 5614 codice
2008 5559 2383 5631 Seguieriano.

178 5695 285 5760 ιὼς
309 5699 380 5752 δέ.
464 5699 478 5748 i
516 5695 780 5768 ἑψόμεθα.
861 5699 885 5736 ¹ί
913 5698 1296 5771 κερδανοῦμεν.
1379 5696 1394 5736 ι
1428 5699 1494 5751 τὰ
1526 5696 1770 5768 βραδεῖα.

231 5809 303 5877 ιι)
331 5813 601 5882 Episcopo
628 5812 994 5869 Ptolemaidis.

1849 5709 1887 5735 ηι
1923 5699 2328 5769 γεγραμμέλον.
2406 5705 2432 5734 ο
2484 5698 2588 5766 γὰρ
2615 5697 2746 5768 ἔχει.
2804 5707 2850 5754 ,⁸
2885 5715 3209 5770 μιρωρουμ
3249 5697 3396 5773 ἕνην.
