4108 6472
687 416 793 475 387

1708 413 1764 468 S.
1808 413 2081 468 CYRILLI
2124 412 2588 468 ALEXANDRINI
2629 413 2943 469 AllClllEP.

3851 421 3969 477 388

690 532 846 586 factis
886 529 1253 584 testimonium
1307 527 1482 582 habet.
1544 528 1688 584 llanc
1731 531 1905 598 pietas
1957 541 2044 584 tua
2082 530 2255 598 magni

2364 549 2470 601 πης
2515 531 2835 601 ἐμφαίνεται
2869 540 2894 578 P
2929 529 3142 591 κάλλος,
3177 529 3240 580 δι’
3291 528 3467 581 αὐτῶν
3499 529 3607 581 τῶν
3641 533 3972 603 κατορθου-

690 625 837 688 facit,
859 622 984 677 dum
1004 637 1100 692 per
1114 622 1412 691 prudentia:
1435 629 1745 676 sanctorum
1773 621 1996 690 vestigia
2026 620 2249 683 incedit,

689 723 1004 783 rectumque
1031 713 1154 767 vita:
1192 712 1405 766 illorum
1441 711 1742 765 institutum
1790 714 1854 764 ad
1903 711 2126 780 gloriam
2155 725 2250 763 cx-

687 804 1062 875 primitsuam.
1101 801 1476 858 Abundantius
1499 813 1678 856 autem
1711 804 2121 871 comprobatum
2171 810 2254 854 cst

686 895 821 948 tnihi
851 903 954 948 tuae
987 894 1202 964 pietatis
1222 908 1349 962 erga
1379 908 1462 946 me
1495 893 1752 956 studium,
1783 894 1920 948 libro
1945 893 2039 946 abs
2074 902 2124 946 te
2155 892 2252 944 mi-

687 983 740 1036 hi
772 982 1034 1048 exhibito,
1066 996 1224 1050 quem
1251 980 1620 1049 composuisse
1661 980 1857 1036 dicitur
1894 989 2082 1035 contra
2119 995 2252 1032 ana-

687 1074 1059 1129 thematismos
1091 1072 1461 1128 Theodoretus
1501 1072 1625 1143 Cyri
1656 1089 1668 1124 :
1702 1073 1857 1142 201
1894 1077 1962 1126 ita
1996 1072 2141 1126 enim
2175 1072 2252 1125 ci-

686 1169 964 1225 vitatulam
995 1169 1174 1224 vocari
1210 1169 1420 1223 dicunt.
1457 1167 1635 1221 Lectis
1687 1178 1864 1221 autem
1919 1167 2001 1219 his
2031 1180 2151 1234 quae
2199 1164 2251 1217 in

683 1275 750 1314 eo
781 1262 1064 1325 habentur,
1098 1261 1302 1329 gratias
1330 1259 1435 1314 Deo
1473 1259 1554 1328 egi
1589 1274 1708 1313 cmn
1740 1258 1974 1328 hymnis,
2007 1256 2124 1310 sine
2171 1256 2254 1308 in-

685 1351 1028 1408 termissione
1060 1351 1185 1406 illud
1203 1351 1442 1405 addens:
1479 1369 1496 1401 ι
1534 1351 1775 1412 Domine,
1826 1349 1991 1402 libera
2017 1348 2250 1400 animam

683 1458 856 1499 meam
884 1458 912 1496 a
943 1441 1100 1496 labiis
1137 1442 1358 1510 iniquis,
1401 1449 1453 1495 et
1488 1456 1515 1494 a
1550 1441 1728 1510 lingua
1765 1439 1952 1494 dolosa
1986 1438 2052 1490 ⁸³.
2098 1457 2115 1489 ι
2144 1437 2252 1491 Βε-

683 1533 832 1602 perio
866 1533 1007 1588 enim
1047 1548 1132 1588 me
1163 1535 1357 1601 ubique
1405 1532 1690 1587 calumniis
1723 1531 1926 1600 impcti,
1953 1530 2112 1599 idque
2152 1526 2248 1597 pe'r

681 1624 890 1694 singula
911 1625 1104 1692 capita.
1145 1623 1384 1677 Intellexi
1424 1634 1601 1676 autem
1626 1623 1798 1676 virum
1825 1623 2009 1684 istum,
2047 1635 2250 1688 quam-

684 1713 764 1768 vis
789 1715 842 1768 iu
874 1711 1098 1769 dicendo
1137 1715 1517 1779 exercitatum,
1555 1723 1613 1766 ut
1666 1710 1966 1766 iantiliares
2007 1709 2249 1764 nonnulli

682 1805 894 1869 dicunt,
915 1815 1096 1858 etnon
1123 1803 1378 1858 mediocri
1410 1818 1684 1858 sacrarum
1716 1803 2122 1873 Scripturarum
2155 1817 2248 1855 co.

2365 623 2538 692 μένων
2569 633 2594 670 (1
2647 623 2730 690 ἐφ’
2787 623 2957 676 ἆπασι
2994 623 3106 683 τοῖς
3164 620 3408 691 ἀρίστοις
3459 623 3969 693 μαρτυρούμενον.

2361 715 2636 784 Ταύτηνὴ
2674 715 2739 783 σὴ
2792 714 3071 767 θεοσέϐεια
3125 715 3362 765 ποιεῖται
3399 713 3525 780 περὶ
3575 714 3809 778 πολλοῦ,
3860 715 3973 782 τῆς

2361 806 2465 858 τῶν
2500 807 2668 873 ἁγίων
2704 805 2898 875 φρενὸς
2926 804 3077 857 ἰοῦσα
3108 806 3227 866 κατ’
3261 804 3423 873 ἴχνος,
3466 806 3559 857 καὶ
3586 807 3768 876 τὸτῆς
3809 806 3972 858 ἐκεί-

2362 916 2464 950 νων
2495 897 2724 961 εύζωῖας
2769 898 2849 960 εἰς
2879 897 2938 948 τὸ
2966 896 3165 964 ἑαυτῆς
3219 896 3640 966 ἀναματτομένη
3675 907 3695 932 ι’
3733 895 3972 966 καύχη-

2365 1009 2460 1059 μα.
2493 989 2762 1057 Δέδεγμαι
2803 988 2860 1040 δὲ
2900 989 2993 1040 καὶ
3023 988 3117 1040 νῦν
3147 990 3223 1050 εἰς
3252 988 3626 1058 πληροφορίαν
3661 989 3767 1057 τῆς
3799 989 3969 1040 ἑνού-

2363 1099 2460 1150 σης
2494 1079 2784 1142 διαθέσεως
2825 1081 2890 1150 τῇ
2942 1083 3007 1150 σῇ
3059 1079 3339 1150 θεοσεϐείᾳ
3370 1079 3460 1131 τὸν
3512 1079 3962 1148 διαπεμφθέντα

2359 1173 2542 1243 τόμον,
2578 1171 2634 1224 ὃν
2683 1171 2954 1224 συνθεῖναι
3002 1171 3216 1238 λέγεται
3263 1172 3404 1225 κατὰ
3446 1172 3553 1225 τῶν
3603 1174 3968 1242 ἀναθεματι-

2365 1263 2517 1334 σμῶν
2543 1262 2870 1332 Θεοδὼριτος
2899 1264 2926 1315 ὁ
2968 1261 3174 1331 Κύρου’
3199 1262 3483 1315 καλεῖσθαι
3505 1262 3612 1331 γὰρ
3639 1261 3796 1314 οὕτω
3824 1262 3972 1329 φασὶ

2361 1358 2422 1407 τὸ
2456 1354 2746 1423 πολίχνιον.
2790 1354 3056 1424 Ἐντυχὼν
3087 1353 3144 1406 δὲ
3170 1357 3281 1416 τοῖς
3307 1354 3665 1422 ἐγκειμένοις,
3697 1352 3968 1420 ἀνέθηκα

2360 1446 2437 1515 τῷ
2463 1444 2580 1515 Θεῷ
2628 1445 2726 1507 τὰς
2770 1445 3161 1515 χαριστηρίους
3202 1445 3382 1514 ᾠδάς·
3428 1444 3487 1496 οὐ
3534 1443 3870 1496 ὃιαλέλοιπα
3907 1442 3968 1494 δὲ

2363 1538 2581 1590 κάκεῖνο
2607 1536 2780 1603 λέγων
2801 1553 2814 1566 ο
2853 1554 2870 1585 r
2895 1533 3090 1606 Κύριε,
3147 1534 3306 1604 ῥῦσαι
3336 1534 3434 1603 τὴν
3462 1534 3642 1603 ψυχήν
3693 1548 3808 1600 μου
3849 1531 3966 1584 ἀπὸ

2362 1629 2582 1698 χειλέων
2610 1629 2832 1693 ἀδίκων,
2862 1627 2957 1680 καὶ
2993 1627 3099 1678 ἀπὸ
3121 1625 3372 1695 γλώσσης
3401 1624 3599 1686 δολίας.
3632 1642 3648 1674 ι
3685 1622 3967 1693 Εὑρίσκω

2363 1723 2467 1790 γὰρ
2519 1721 2750 1792 ἐμαυτὸν
2802 1720 3306 1791 συκοφαντούμενον
3372 1715 3670 1785 πανταχοῦ,
3707 1715 3813 1768 καὶ
3874 1712 3966 1780 ἐφ’

2365 1815 2594 1867 ἑκάστου
2624 1813 2730 1866 τῶν
2784 1813 3097 1881 κεφαλαίων
3146 1809 3483 1879 ὑπομένοντα
3532 1806 3709 1859 τοῦτο.
3771 1805 3965 1859 Ἐννε-

684 1895 924 1964 guitionc
951 1892 1197 1947 fortassis
1232 1892 1724 1962 locupletatum,ab
1759 1893 1980 1946 istorum
2013 1892 2250 1960 capitum

2363 1909 2526 1977 νόηκα
2559 1919 2579 1945 ³
2626 1907 2702 1970 δὲ,
2741 1907 2822 1959 ὅτι
2863 1905 2955 1958 καί
3005 1922 3106 1968 τοι,
3150 1903 3292 1957 καθά
3322 1919 3456 1970 φασι
3499 1900 3607 1952 τῶν
3643 1898 3962 1968 γνωρίμων

683 1986 1037 2055 intelligentia
1070 1994 1277 2039 tantum
1309 1985 1618 2048 aberrasse,
1648 1984 1796 2038 utde
1827 1998 1891 2037 eo
1923 1983 2034 2050 jam
2066 1983 2256 2038 existi-

685 2092 826 2132 mem
853 2091 914 2131 ac
947 2085 1149 2145 putem,
1183 2076 1324 2144 quod
1355 2075 1712 2142 quorumdam
1759 2073 2040 2128 desideriis
2093 2074 2259 2128 indul-

683 2182 816 2236 gens
834 2166 1075 2237 ﬁngatse
1099 2166 1457 2238 ignorantem,
1483 2173 1540 2217 ut
1567 2179 1669 2217 non
1709 2164 2041 2232 ineleganter
2076 2173 2134 2218 et
2167 2178 2259 2218 su-

684 2274 1032 2333 pervacanee,
1064 2261 1158 2314 sed
1182 2267 1480 2328 opportune
1505 2267 1557 2309 et
1594 2255 1835 2324 apposite
1868 2255 2044 2323 potius
2071 2255 2254 2309 convi-

682 2352 780 2406 ciis
811 2351 863 2404 in
897 2365 982 2405 me
1004 2366 1131 2406 usus
1157 2361 1392 2420 putetur,
1418 2363 1540 2401 cum
1567 2355 1747 2398 tamen
1775 2347 1825 2397 in
1854 2346 2014 2398 dictis
2035 2345 2256 2406 nostris,

684 2452 740 2497 ut
770 2451 917 2513 puto,
959 2440 1089 2493 nihil
1119 2440 1340 2494 omnino
1393 2439 1463 2491 sit
1511 2435 1756 2500 diﬂicile,
1814 2435 1945 2489 nihil
2001 2435 2254 2496 arduum,

682 2533 816 2588 nihil
843 2531 983 2601 quod
1014 2529 1498 2599 apprehensionem
1552 2526 1930 2595 subterfugiat.
1993 2526 2256 2592 Quoniam

681 2641 832 2690 vero,
872 2622 1124 2692 licetjatn
1182 2630 1308 2675 ante
1365 2619 1435 2674 de
1486 2617 1573 2673 his
1625 2618 2023 2687 scripserimus,
2086 2632 2254 2685 pauca

683 2718 846 2772 etiam
870 2716 1125 2769 adversus
1157 2714 1331 2781 ipsum
1388 2711 1533 2780 loqui
1601 2709 1970 2764 necessarium
2036 2718 2140 2772 est,
2195 2722 2259 2759 ne

681 2811 804 2879 quis
844 2809 1094 2861 damnata
1121 2803 1386 2858 sententia
1426 2802 1700 2857 silentimn
1738 2801 1937 2868 eligere
1972 2813 2056 2851 me
2084 2807 2251 2866 pater,

682 2911 885 2972 quanta
910 2899 1118 2952 licuerit
1156 2895 1421 2952 sermonis
1447 2893 1710 2949 brevitate
1735 2891 2105 2946 defensionem
2131 2889 2260 2944 alie-

685 3009 819 3048 ram.
861 2992 1160 3060 Oportebat
1198 3001 1330 3042 sane
1364 2987 1538 3056 ipsum
1574 2987 1625 3038 in
1674 2984 1848 3038 sacris
1903 2984 2258 3037 exercitatum

684 3085 1000 3152 Scripturis,
1066 3079 1330 3150 siquidem
1375 3077 1596 3132 omnino
1647 3076 1721 3130 illi
1765 3075 2102 3146 pr0positum
2145 3086 2262 3129 crat

685 3178 750 3230 de
766 3175 959 3231 divinis
982 3171 1259 3243 mysteriis
1294 3168 1574 3224 nobiscum
1605 3181 1791 3237 agere,
1823 3168 1888 3220 de
1948 3166 2121 3220 sacris
2168 3179 2257 3219 so-

685 3269 794 3321 lum
828 3266 1050 3320 Litteris
1102 3263 1428 3319 mentionem
1465 3259 1665 3326 facere,

686 3375 842 3416 suam
876 3359 1119 3429 religiose
1153 3364 1463 3418 contexere,
1491 3369 1595 3407 non
1625 3352 1833 3422 priscas
1863 3350 2019 3406 nobis
2049 3349 2259 3404 fabulas

685 3466 741 3508 et
768 3453 983 3523 putidas
1015 3453 1066 3504 in
1098 3451 1328 3506 medium
1362 3447 1580 3503 alferre.
1630 3446 1774 3500 Meos
1803 3443 1946 3498 enim
1983 3456 2261 3497 sermones

686 3561 811 3599 cum
862 3558 1022 3612 pomo
1057 3541 1340 3596 discordiae
1393 3537 1602 3593 confert
1663 3534 1908 3590 fortassis
1970 3542 2028 3586 ut
2078 3547 2140 3585 ea
2205 3546 2264 3586 re

686 3645 942 3699 ostentet,
965 3646 1222 3705 quantum
1253 3632 1356 3688 sibi
1389 3628 1670 3699 sapientia!
1730 3623 2077 3694 compararit.
2110 3620 2264 3677 Unde

687 3739 743 3783 et
773 3744 891 3791 nos,
913 3742 1032 3798 qua:
1059 3726 1124 3781 ad
1141 3739 1264 3780 eum
1301 3723 1598 3793 pertinent,
1631 3719 1868 3771 maxima
1905 3713 2265 3769 admiratione

689 3820 1072 3891 prosequimur
1103 3835 1115 3870 :
1151 3831 1277 3870 nam
1300 3825 1354 3869 et
1384 3810 1888 3882 eloquentissimum
1911 3821 1969 3861 se
2002 3806 2261 3868 declarat,

688 3921 744 3965 et
776 3909 1122 3964 multifariam
1154 3907 1447 3970 eruditum,
1470 3912 1652 3971 utpote
1691 3900 1780 3969 qui
1802 3913 2018 3968 pomum
2052 3897 2260 3950 discor-

686 4002 791 4055 dia
815 4016 918 4054 non
949 4001 1180 4069 ignoret,
1208 4010 1379 4065 neque
1409 3994 1576 4046 tilium
1605 3989 1810 4043 Priami
1830 3985 2102 4043 Paridem.
2141 3984 2258 4039 Ca:-

688 4104 884 4156 terum,
911 4093 992 4147 his
1022 4091 1177 4146 modo
1196 4089 1460 4152 dimissis,
1493 4087 1548 4139 in
1574 4098 1684 4138 rem
1719 4080 2052 4152 propositam
2082 4078 2260 4147 potius

689 4185 1086 4239 iucutubemus.

2358 1999 2520 2060 τινὲς,
2550 1999 2649 2049 οὐκ
2683 1997 2788 2061 ἔξω
2818 1995 3036 2067 τριϐῆς,
3071 1995 3170 2064 τῆς
3198 1992 3259 2046 τό
3307 2009 3370 2059 γε
3416 1986 3551 2062 ⁴ἧκον
3587 1990 3666 2052 είς
3709 1988 3884 2055 λόγον
3910 1987 3959 2050 ί,

2360 2089 2621 2158 ὑπάρχων
2643 2090 2669 2140 ό
2687 2089 2786 2157 ὰνὴ
2794 2105 2844 2157 ρ,
2863 2084 3285 2156 συναγηγερκὼς
3298 2084 3354 2137 δὲ
3375 2085 3512 2155 τάχα
3528 2083 3620 2136 καὶ
3639 2080 3752 2134 τῶν
3790 2078 3964 2150 ἱερῶν

2361 2179 2708 2247 Γραμμάτων
2730 2178 2787 2229 οὐ
2820 2177 3049 2246 μετρίαν
3071 2175 3296 2246 εἴδησιν,
3319 2171 3663 2243 ἀπεκομίσθη
3690 2168 3962 2223 τοσοῦτον

2357 2268 2452 2320 τοῦ
2496 2267 2731 2319 συνιέναι
2773 2268 2883 2318 τῶν
2923 2267 3234 2336 κεφαλαίων
3267 2266 3364 2337 τὴν
3393 2265 3652 2334 δύναμιν,
3693 2261 3849 2313 ὥστε
3892 2275 3962 2328 με

2358 2357 2543 2409 λοιπὸν
2572 2356 2781 2410 οἴεσθαί
2807 2374 2864 2409 τε
2887 2359 2982 2411 καὶ
3009 2360 3249 2428 φρονεῖν,
3287 2357 3367 2408 ὅτι
3403 2358 3521 2415 ταῖς
3549 2371 3712 2406 τινων
3756 2347 3961 2402 ἐπιθυ·

2364 2451 2514 2520 μίαις
2544 2450 2606 2502 τὸ
2623 2450 2800 2502 δοκεῖν
2823 2449 3156 2519 ἠγνοηκέναι
3183 2447 3486 2518 χαρίζεται,
3528 2447 3613 2498 ἵνα
3656 2445 3731 2516 μὴ
3776 2443 3962 2513 ἁκόμι

2359 2545 2474 2612 dum;
2514 2542 2607 2594 καὶ
2647 2541 2938 2612 περιττῶς,
2971 2541 3297 2605 εὐαφόρμως
3329 2539 3386 2591 δὲ
3415 2538 3636 2606 μᾶλλον,
3665 2540 3789 2598 ταῖς
3829 2531 3956 2586 καθ’

2361 2633 2516 2701 ἡμῶν
2561 2630 2850 2699 λοιδορίαις
2881 2626 3184 2696 κεχρῆσθαι
3243 2625 3571 2693 νομίζηται·
3603 2621 3786 2673 καίτοι
3826 2620 3958 2671 δυσ⁴⁹

2360 2722 2538 2792 χερὲς,
2583 2720 2616 2788 ἢ
2653 2719 2879 2781 ἄναντες
2914 2718 3066 2770 οὐδὲν
3103 2713 3384 2775 παντελῶς
3409 2755 3422 2777 ,
3461 2711 3534 2773 ὦς
3568 2727 3631 2777 γε
3671 2705 3860 2778 οἶμαι,
3897 2708 3954 2759 ἑν

2360 2816 2469 2874 τοῖς
2509 2812 2636 2882 παρ’
2683 2810 2841 2880 ἡμῶν
2896 2807 3211 2879 εἰρημένοις
3263 2805 3446 2867 ἐστὶν,
3488 2800 3610 2854 οὒτε
3663 2799 3774 2868 μὴν
3827 2799 3956 2850 δυσο

2361 2906 2580 2974 έφικτον
2620 2905 2732 2972 ἔχει
2775 2893 2874 2971 τὴν
2924 2897 3249 2970 προσὸολήν.
3303 2891 3521 2962 Ἐπειδὴ
3561 2892 3616 2944 δὲ
3646 2886 3714 2960 ἦν
3775 2889 3951 2952 ἀναγ-

2361 2999 2535 3058 καῖον,
2565 2995 2657 3046 καί
2704 3011 2785 3045 τοι
2838 2991 3184 3061 γεγραφότας
3214 2988 3317 3056 1ἤδη
3355 2985 3484 3054 περί
3519 2982 3725 3035 τούτων
3776 2980 3953 3049 ἡμᾶς,

2359 3085 2514 3151 ὀλίγα
2548 3083 2641 3136 καὶ
2673 3083 2806 3153 πρὸς
2837 3081 2998 3134 αὑτὸν
3034 3082 3230 3142 εἰπεῖν,
3266 3078 3353 3129 ἵνα
3391 3075 3462 3145 μή
3495 3090 3576 3134 τις
3606 3073 3790 3140 οἴηται
3822 3084 3952 3119 σιω⁶

2363 3176 2470 3244 πᾷν
2500 3173 2716 3226 ἑλέσθαι
2744 3170 3254 3240 κατεγνωσμένους,
3288 3168 3585 3237 ποιήσομαι
3613 3162 3709 3231 τὴν
3746 3160 3955 3213 ἀπολο-

1754 3259 2260 3328 εκροδὶιὶοηεπιιίιυε
2288 3254 2330 3308 C
2363 3267 2508 3334 γίαν,
2543 3260 2956 3336 βραχυλογήσας
2981 3261 3055 3324 ὼς
3077 3260 3176 3313 ἔνι.
3211 3260 3360 3312 Ἔδει
3394 3257 3491 3328 μὲν
3517 3252 3608 3309 οὖν
3633 3253 3801 3307 αὑτὸν
3833 3251 3956 3308 ταῖς

2366 3356 2748 3418 θεοπνεύστοις
2804 3354 3173 3424 ἐνησκημένον
3209 3351 3475 3421 Γραφαῖς,
3513 3347 3672 3415 εἴπερ
3700 3340 3773 3413 ἦν
3810 3341 3951 3401 ὅλως

2369 3448 2570 3511 σκοπὸς
2595 3447 2743 3518 αὐτῷ
2790 3448 2916 3509 τοὺς
2952 3446 3075 3514 περὶ
3119 3443 3228 3497 τῶν
3260 3444 3419 3497 θείων
3450 3443 3579 3510 ἡμῖν
3628 3433 3954 3507 μυστηρίων

2370 3541 2639 3594 ποιεῖσθαι
2671 3541 2884 3607 λόγους,
2915 3540 3022 3591 τῶν
3061 3538 3221 3608 ἱερῶν
3258 3533 3608 3604 Γραμμάτων
3642 3524 3955 3597 διαμεμνῆ-

2375 3634 2497 3686 σθαι
2540 3633 2722 3702 μόνον,
2772 3631 3080 3700 ἐξυιραίνειν
3111 3647 3170 3682 τε
3219 3628 3391 3688 οὓτως
3435 3619 3800 3693 ἁγιοπρεπῶς
3856 3616 3954 3684 τὴν

2368 3725 2670 3793 ἀφήγησιν,
2700 3724 2794 3776 καὶ
2831 3722 2903 3792 μὴ
2942 3720 3145 3791 μύθους
3184 3720 3314 3789 ἡμῖν
3359 3715 3641 3788 ἀρχαίους,
3679 3711 3780 3763 καὶ
3822 3707 3952 3759 ὀδω-

2365 3814 2522 3875 δότας
2545 3814 2945 3883 παρακομίζειν
2970 3816 3049 3875 εἰς
3078 3813 3262 3881 μέσον.
3289 3805 3647 3878 Παρεικάζειν
3674 3802 3790 3872 γὰρ
3815 3797 3958 3862 ἀξιοῖ

2369 3905 2494 3966 τοὺς
2521 3905 2690 3972 ἐμοὺς
2739 3905 2929 3972 λόγους
2970 3903 3047 3973 τῷ
3082 3902 3235 3972 μήλῳ
3288 3900 3388 3968 τῆς
3418 3897 3611 3967 ἔριδος,
3655 3893 3801 3961 τάχα
3850 3905 3953 3940 που

2371 3995 2463 4047 καὶ
2518 3995 2739 4060 ἔνδειξιν
2797 3995 2894 4064 τῆς
2935 3994 3159 4063 ἐνούσης
3204 3991 3350 4060 αὐτῷ
3404 3986 3594 4057 σοφίας
3652 3981 3714 4035 τὸ
3761 3980 3954 4051 χρῆμα

2372 4083 2726 4152 ποιούμενος’
2761 4084 2882 4137 ὅθεν
2919 4085 3011 4137 καὶ
3060 4086 3219 4152 ἡμεῖς
3248 4083 3304 4133 ἐν
3349 4077 3585 4146 πλείστῳ
3620 4090 3676 4126 τε
3712 4073 3829 4137 ὅσῳ
3855 4067 3950 4119 καὶ

2372 4174 2591 4244 μεγάλῳ
2622 4175 2879 4244 θαύματι,
2911 4175 2979 4226 τὰ.
3008 4177 3126 4227 κατ’
3168 4173 3330 4225 αὑτὸν
3360 4166 3728 4237 πεποιήμεθα.
3757 4160 3952 4215 Φαίνε-

685 4293 776 4327 ται
803 4277 910 4346 γὰρ
934 4277 997 4327 ὲκ
1026 4274 1225 4343 πολλῆς
1274 4273 1412 4340 ἄγαν
1484 4266 1894 4337 ὲλλογιμότητος
1958 4263 2052 4314 καὶ
2093 4262 2435 4332 φιλομαθίας,
2466 4266 2527 4317 τὸ
2580 4265 2749 4334 μῆλον
2799 4267 2895 4334 τῆς
2963 4265 3140 4335 ἔριδος
3213 4263 3312 4314 οὐκ
3343 4257 3650 4329 ἠγνοηκὼς,
3684 4254 3813 4306 οὔτε
3847 4249 3951 4320 μὴν

687 4366 776 4418 τὸν
813 4368 1056 4436 Πριάμου
1109 4366 1299 4434 Πάριν.
1344 4364 1488 4432 Πλὴν
1536 4364 1605 4413 τὰ
1635 4359 1811 4411 τοιάδε
1866 4358 2120 4426 μεθέντες
2169 4357 2248 4415 εἱς
2287 4356 2344 4407 τὸ
2405 4357 2596 4428 παρδν,
2645 4356 2980 4426 ἀνθεξόμεθα
3027 4347 3227 4425 μᾶλλον
3288 4356 3381 4406 τοῦ
3417 4347 3789 4420 προκειμένου
3821 4356 3947 4394 σκο-

688 4459 791 4514 ποῦ

765 4642 810 4672 ⁶³
840 4638 978 4694 Psal.
1012 4652 1159 4700 cxtx,
1187 4637 1242 4691 2.

1765 4781 1936 4836 Varia:
1963 4780 2219 4835 lectiones
2246 4791 2311 4830 ex
2336 4775 2520 4830 codice
2546 4775 2917 4843 Seguieriano.

764 4970 1153 5042 νὲκφαίνεται.
1228 4979 1254 5016 q
1289 4979 1758 5036 κατορυωματων.
1839 4975 1859 5004 ι’
1896 4962 2092 5032 ἑαυτὴν
2116 4957 2552 5030 ἀναματτομένη.
2632 4967 2652 4993 ³
2690 4955 3047 5026 ὲννενοηκώς.

3137 4955 3155 4992 ί
3193 4954 3384 5022 λόγους
