4120 6466
193 393 295 450 389

792 399 1324 458 APOLOGETICUS
1360 403 1642 460 CONTRA
1681 404 2203 462 THEODORETUM
2243 405 2382 463 PRO
2417 406 2506 463 ΧΠ
2547 409 2930 472 CAPITIBUS.

3375 413 3486 473 390

1072 567 1648 621 ΘΕΟΔΩΡΗΤΟΥ
1692 567 2229 623 Ε’ΠΙΣΚΟΠΟΥ
2275 573 2580 624 ΚΥΡΟΥ

1667 723 2038 776 ΕΠΙΣΤΟΛΗ

1207 881 1364 946 Πρὸς
1411 878 1699 948 Ἰωάννην
1749 882 2100 950 Ἀντιοχείας
2131 883 2485 936 ἐπίσκοπον.

1223 1191 1687 1252 THEODORE
1700 1196 1785 1254 ΤΙ
1827 1196 1886 1255 E
1890 1196 2024 1256 PlS
2032 1197 2077 1258 C
2085 1196 2225 1257 ΟΡ]
2273 1197 2320 1258 C
2334 1197 2476 1256 YRI

1009 1355 1299 1434 Epistola
1335 1357 1418 1416 ad
1474 1361 1778 1418 Joannem
1816 1358 2265 1419 Antiochenam
2313 1363 2682 1440 episcopum.

271 1672 410 1726 Δίαν
465 1673 710 1744 ήλγησα,
747 1678 860 1740 τοῖς
894 1676 1357 1750 ἀναθεματισμοίς
1408 1683 1666 1752 ἐντυχων,
1699 1683 1792 1747 οὓς

1971 1683 2132 1753 202
2158 1681 2326 1737 Valde
2344 1681 2514 1749 dolui,
2541 1697 2664 1737 cum
2694 1681 3176 1736 anathematismos
3197 1682 3470 1754 legissem,

201 1765 565 1830 ἀπέστειλας,
608 1768 911 1838 ἀνατρέψαι
938 1770 1163 1833 τούτους
1206 1773 1497 1842 ἐγγράφως
1537 1776 1669 1842 ἡμῖν
1697 1792 1790 1827 κε-

200 1857 426 1921 λεύσας,
485 1859 582 1912 καὶ
633 1860 732 1930 τὴν
765 1861 1049 1930 αίρετικὴν
1101 1863 1281 1915 αὐτῶν
1334 1864 1542 1917 ἔννοιαν
1577 1866 1788 1936 γυμνὴν

202 1950 378 2002 ᾶπασι
415 1955 780 2023 καταστῆσαι.
811 1953 1065 2024 Ἤλγησα
1091 1953 1167 2018 δὲ,
1203 1955 1283 2008 ὅτι
1316 1957 1454 2027 ἀνὴρ
1480 1959 1789 2027 ποιμαίνειν

198 2041 402 2111 λαχὼν,
432 2044 528 2096 καὶ
554 2044 788 2116 ποίμνην
810 2045 1081 2116 τοσαύτην
1107 2050 1560 2119 πεπιστευμένος,
1588 2051 1678 2102 καὶ
1702 2049 1788 2102 Θε-

198 2134 471 2203 ραπεύειν
502 2135 568 2188 τὰ
591 2135 794 2208 ἀσθενῆ
833 2138 941 2191 τῶν
973 2139 1261 2210 προϐάτων
1289 2143 1784 2211 προστεταγμένος,

194 2228 350 2276 νοσεῖ
382 2226 486 2294 μὲν
527 2229 712 2292 αὐτὸς,
746 2231 839 2282 καὶ
867 2230 988 2283 λίαν
1043 2231 1309 2302 σφοδρῶς,
1343 2234 1694 2302 ἀναπιμπλᾷν
1733 2236 1788 2286 δὲ

194 2320 472 2388 πειρᾶται
517 2319 618 2389 τῆς
673 2322 830 2374 νόσου
881 2325 970 2375 καὶ
1029 2325 1098 2376 τὰ
1158 2324 1480 2394 θρέμματα,
1540 2325 1632 2375 καὶ
1679 2324 1785 2382 τῶν

192 2409 412 2478 ἀγρίων
498 2409 702 2481 θηρίων
787 2413 1141 2486 χαλεπώτερα
1235 2416 1301 2466 τὰ
1390 2417 1785 2485 ποιμαινόμενα

193 2501 549 2570 καθίστησιν.
599 2504 660 2556 Ol
724 2506 822 2571 μὲν
866 2507 975 2573 γὰρ
1010 2507 1076 2559 τὰ
1114 2505 1518 2576 διεσπαρμένα,
1553 2507 1646 2559 καὶ
1688 2511 1784 2578 τῆς

192 2589 440 2660 ποίμνης
491 2594 875 2660 κεχωρισμένα
920 2593 1220 2646 διασπῶσιν
1267 2595 1625 2665 ἁρπάζοντες,
1653 2601 1680 2650 ό
1727 2599 1782 2651 δὲ

189 2683 250 2732 ἐν
283 2680 442 2749 μέσῳ
477 2679 682 2748 ταύτης
731 2682 1050 2752 τυγχάνων,
1083 2683 1176 2737 καὶ
1229 2684 1416 2756 Σωτὴρ
1471 2683 1645 2750 εἴναι,
1689 2691 1782 2740 καὶ

191 2770 376 2841 φύλαξ
417 2772 828 2842 νενομισμένος,
859 2775 1126 2847 λαθραίαν
1164 2779 1262 2849 τὴν
1295 2778 1503 2847 πλάνην
1533 2783 1644 2842 τοῖς
1673 2797 1782 2832 πει-

189 2869 449 2941 θομένοις
495 2871 693 2939 ἐνίησι.
735 2869 807 2921 Τὸ
844 2869 941 2939 μὲν
993 2869 1100 2940 γὰρ
1144 2869 1438 2940 προφανῶς
1488 2870 1778 2941 πολεμοῦν,

185 2964 424 3017 δυνατὸν
472 2964 568 3016 καὶ
607 2961 972 3032 φυλάξασθαι,
1011 2961 1070 3013 τὸ
1108 2960 1150 3014 δ’
1201 2963 1258 3013 ὲν
1304 2963 1542 3032 σχήματι
1600 2963 1778 3030 φιλίας

188 3055 294 3126 τὴν
332 3054 629 3126 ἐπιϐουλὴν
661 3053 992 3124 προσφέρον,
1040 3053 1349 3120 ἀφύλακτον
1394 3054 1636 3124 εὑρίσκει
1688 3055 1778 3108 τὸν

186 3145 647 3215 πολεμούμενον,
691 3146 782 3196 καὶ
823 3143 1014 3214 ῥᾳδίαν
1054 3145 1203 3214 αὐτῷ
1251 3145 1348 3215 τὴν
1392 3145 1593 3216 βλάϐην
1641 3147 1778 3198 ἐντί-

184 3235 356 3306 οησι’
399 3235 481 3288 διὸ
519 3235 614 3286 κα)⁵
645 3234 756 3285 τῶν
799 3233 998 3299 ἔξωθεν
1048 3233 1430 3304 πολεμούντων
1472 3237 1519 3287 oi
1568 3237 1776 3288 ἔνδοθεν

184 3324 564 3394 πολεμοῦντές
625 3325 730 3375 είσι
783 3322 1174 3394 χαλεπώτεροι.
1208 3325 1370 3376 Τουτί
1407 3342 1473 3395 με
1513 3326 1775 3395 μειζόνως

183 3416 409 3481 ἠνίασε,
436 3414 496 3466 τὸ
525 3415 583 3465 ὲν
616 3412 897 3476 εύσεδείας
929 3412 1156 3483 ὀνόματί
1180 3431 1236 3466 τε
1264 3415 1356 3467 καὶ
1391 3417 1646 3486 σχήματι,
1681 3418 1774 3468 καὶ

180 3507 242 3556 ὲν
296 3503 562 3574 ποιμένος
612 3502 882 3575 ἀξιώματι
921 3505 1294 3574 τυγχάνοντα,
1343 3507 1440 3569 τὰς
1493 3506 1773 3576 αίρετικὰς

178 3599 280 3650 καὶ
333 3596 694 3668 βλασφήμους
729 3597 890 3668 ῥῆξαι
936 3599 1152 3674 φωνάς·
1187 3598 1278 3652 καὶ
1325 3600 1423 3667 τὴν
1452 3599 1616 3652 πάλαι
1651 3599 1772 3651 σϐε-

179 3687 411 3740 σθεῖσαν
460 3687 837 3757 ’Δπολιναρίου
887 3687 1166 3758 φλήναφον
1211 3688 1345 3758 ὁμοῦ
1394 3689 1490 3742 ml.
1537 3689 1768 3760 δυσσεϐῆ

176 3778 545 3832 διδασκαλίαν
581 3779 1011 3832 ἀνανεώσασθαι.
1052 3781 1193 3849 Πρὸς
1250 3781 1304 3832 δὲ
1340 3780 1551 3843 τούτοις
1597 3781 1657 3833 τὸ
1693 3782 1768 3851 μὴ

181 3871 354 3940 μόνον
381 3867 558 3922 ταῦτα
592 3868 948 3938 πρεσϐεῦσαι,
995 3869 1131 3922 ἀλλὰ
1182 3872 1275 3922 καὶ
1307 3873 1430 3933 τοὺς
1482 3873 1555 3942 μὴ
1585 3873 1766 3925 πειθο-

180 3962 390 4029 μένους
422 3958 572 4029 αύτῷ
612 3959 1090 4030 συμόλασφημεῖν,
1128 3961 1526 4031 ἀναθεματίσαι
1566 3962 1768 4033 τολμῆ-

178 4066 272 4101 σαι
295 4065 310 4078 ·
355 4047 516 4119 εἴπερ
549 4049 765 4118 ἀληθῶς
793 4051 954 4104 αὑτοῦ
994 4051 1167 4105 ταῦτα
1198 4051 1266 4104 τὰ
1302 4053 1636 4123 γεννήματα,
1673 4054 1767 4106 καὶ

176 4141 238 4193 ού
277 4141 393 4194 τῶν
415 4142 626 4214 ἐχθρῶν
656 4162 736 4206 τις
754 4145 850 4214 τῆς
877 4145 1155 4214 ἀληθείας,
1179 4146 1253 4209 ὡς
1279 4145 1334 4211 ἐξ
1362 4146 1570 4199 ἐκείνου
1595 4146 1764 4201 ταῦτα

180 4233 578 4296 συντεθεικὼς,
607 4235 826 4304 ἔρριψεν
850 4237 904 4286 ὲν
935 4235 1104 4303 μέσῳ,
1142 4237 1278 4288 κατὰ
1304 4236 1364 4288 τὸ
1399 4237 1763 4306 μυθευόμενον

178 4327 366 4376 ἐκεῖνο
400 4324 570 4393 μῆλον
600 4326 696 4395 τῆς
724 4325 919 4395 ἔριδος,
963 4328 1040 4390 είς
1067 4326 1200 4396 ὕψος
1244 4328 1472 4396 ἐγείρων
1497 4328 1597 4396 τὴν
1639 4329 1764 4396 φλόο

181 4434 276 4484 γα.
322 4416 468 4484 Ἐγὼ
499 4417 700 4483 τοίνυν,
731 4420 827 4471 εἰτ’
861 4421 1086 4484 ἐκεῖνος,
1124 4421 1219 4472 εἰτ’
1255 4419 1415 4483 ἄλλος
1454 4438 1559 4484 τις,
1590 4421 1664 4485 ὡς
1709 4422 1765 4487 ἐξ

182 4509 425 4572 ἐκείνου,
459 4508 630 4563 ταῦτα
688 4510 1015 4576 συντέθεικε,
1066 4511 1142 4582 τῷ
1181 4512 1324 4580 φωτὶ
1371 4512 1464 4564 τοῦ
1497 4515 1763 4581 παναγίου

184 4601 511 4670 Πνεύματος
544 4601 787 4671 συνεργῷ
812 4602 947 4673 πρὸς
970 4602 1068 4672 τὴν
1099 4602 1326 4672 ἔρευναν
1357 4603 1456 4673 τῆς
1485 4605 1765 4676 αίρετικῆς

187 4689 512 4751 κακοδοξίας
538 4691 904 4760 χρησάμενος,
928 4693 1068 4745 κατά
1093 4693 1151 4744 τὸ
1176 4693 1374 4764 μέτρον
1394 4695 1493 4764 τῆς
1519 4694 1764 4764 δοθείσης

192 4793 278 4844 μοι
318 4775 629 4847 δυνάμεως,
677 4779 930 4849 διήλεγξα
967 4780 1159 4842 ταῦτα,
1194 4783 1267 4844 ὼς
1296 4776 1440 4854 οἶόνῇ
1489 4801 1546 4836 τε
1580 4802 1606 4834 ν
1627 4802 1638 4814 ο
1671 4785 1765 4836 καὶ

190 4865 558 4934 εὐαγγελικὰς
577 4869 670 4923 καὶ
697 4869 1063 4932 ἀποστολικὰς
1085 4869 1358 4940 ἀντέθηκα
1387 4871 1728 4934 διδασκαλίας
1746 4886 1759 4898 ·

192 4959 286 5010 καὶ
310 4958 374 5010 τὸ
406 4959 695 5013 ἀλλόκοτον
717 4959 812 5014 τοῦ
837 4961 1106 5031 δόγματος
1132 4961 1308 5027 ἔδειξα
1327 4979 1341 4992 °
1371 4966 1462 5016 καὶ
1489 4965 1620 5034 ὅσην
1650 4963 1762 5033 ἔχει

193 5051 487 5120 διαφωνίαν
513 5051 648 5122 πρὸς
673 5053 742 5106 τὰ
772 5053 890 5106 θεῖα
911 5052 1159 5122 δόγματα
1190 5053 1464 5124 πεποίηκα
1493 5057 1724 5126 φανερόν
1743 5073 1758 5088 ο

195 5142 570 5213 παρεξετάσας
601 5143 740 5197 αὐτὰ
769 5147 882 5208 τοῖς
912 5144 1005 5198 τοῦ
1041 5145 1184 5198 θείου
1215 5147 1526 5218 Πνεύματος
1557 5149 1759 5215 λόγοις,

193 5235 287 5287 καὶ
335 5234 553 5300 διδάξας
594 5237 741 5299 ὅπως
784 5237 1110 5308 ἀσύμφωνα,
1141 5239 1372 5292 καὶτῶν
1417 5240 1575 5293 θείων
1602 5241 1757 5294 ἀλλό-

193 5341 339 5394 τρια.
378 5325 520 5395 Πρὸς
567 5325 625 5378 δὲ
665 5324 761 5395 τὴν
794 5325 887 5378 τοῦ
923 5327 1362 5398 ἀναθεματισμοῦ
1407 5331 1609 5400 τόλμαν
1637 5348 1760 5383 τοσ-

193 5419 347 5471 οὖτον
379 5417 505 5494 ὲριῖι,
545 5419 630 5472 ὅτι
667 5408 871 5482 Παῦλος
903 5421 930 5471 ό
965 5419 1478 5490 μεγαλοφωνότατος
1505 5423 1607 5490 τῆς
1635 5423 1760 5492 ἁλη-

197 5509 344 5572 Θείας
370 5509 542 5581 κηρυξ
567 5510 696 5573 τοὺς
719 5511 1195 5584 παραφθείραντας
1218 5513 1284 5566 τὰ
1315 5513 1644 5583 εὐαγγελικὰ
1665 5514 1757 5567 καὶ

195 5603 509 5658 ἁποστολικά
546 5603 877 5674 διδάγματα,
918 5605 1297 5677 ἁνεθεμάτισε,
1331 5608 1423 5661 καὶ
1455 5607 1562 5661 τῶν
1592 5607 1755 5676 ἀγγέ-

253 5783 290 5820 ⁶⁸
320 5787 494 5846 Galat.
535 5801 575 5852 ι,
605 5784 660 5837 8.

1817 3026 1854 3079 Β

1897 1790 2033 1843 quos
2068 1775 2342 1838 direxisti,
2382 1774 2533 1828 nobis
2557 1774 2873 1844 praecipiens
2905 1783 2960 1825 ut
3001 1789 3091 1827 eos
3123 1775 3324 1844 scripto
3373 1777 3468 1830 de-

1893 1875 2246 1928 strueretnus,
2280 1873 2332 1916 et
2365 1873 2418 1916 ut
2440 1865 2750 1918 hmreticum
2808 1878 2990 1916 eorum
3019 1879 3236 1916 sensum
3268 1865 3467 1918 nudum

1892 1957 2146 2011 omnibus
2185 1955 2584 2010 iutimaremus.
2621 1954 2772 2008 Dolui
2807 1958 2985 2008 autem
3013 1955 3156 2022 quod
3213 1955 3332 2018 vir,
3374 1971 3469 2023 pa-

1892 2050 2074 2102 scendi
2104 2049 2328 2102 sortitus
2355 2046 2607 2112 alliciunt,
2642 2057 2697 2101 et
2731 2048 2815 2100 cui
2851 2063 2981 2115 grex
3029 2057 3209 2102 tantus
3239 2059 3321 2103 est
3347 2064 3466 2102 cre-

1891 2141 2058 2205 ditus,
2112 2147 2165 2192 et
2194 2154 2324 2193 oves
2353 2139 2593 2192 infirmas
2621 2153 2813 2193 curare
2842 2149 3194 2207 prreceptum,
3241 2156 3346 2195 non
3379 2156 3463 2195 so-

1891 2230 1998 2281 lum
2027 2230 2256 2297 languet
2288 2231 2420 2298 ipse,
2447 2240 2497 2284 et
2524 2229 2738 2298 quidem
2771 2231 3134 2290 vehementer.
3162 2235 3254 2285 sed
3276 2233 3466 2285 nititur

1889 2321 2050 2370 etiam
2080 2333 2208 2372 oves
2226 2321 2544 2386 aegritudine
2567 2320 2808 2386 implere,
2829 2333 2882 2373 cl
2909 2321 3038 2374 feris
3057 2323 3244 2375 bestiis
3270 2324 3466 2377 saevius

1887 2422 1950 2462 ea
1979 2423 2099 2477 qua:
2158 2417 2283 2462 sunt
2331 2409 2596 2476 pascenda
2633 2410 2910 2476 discerpit.
2950 2411 3056 2463 Illte
3085 2427 3319 2480 namque
3378 2428 3463 2480 ea,

1887 2511 2004 2565 qua:
2040 2497 2428 2566 suutdispersa
2478 2506 2532 2552 et
2560 2512 2587 2550 a
2618 2513 2779 2568 grege
2822 2499 3016 2561 divisa,
3055 2502 3332 2570 rapientes
3389 2505 3466 2558 di-

1892 2589 2128 2642 lacerant
2156 2605 2170 2648 ;
2196 2589 2281 2644 hic
2314 2600 2493 2642 autem
2527 2591 2577 2642 in
2629 2591 2803 2644 medio
2831 2595 3010 2660 gregis
3060 2593 3357 2658 exsistens,
3412 2607 3466 2650 et

1890 2680 2130 2733 salvator
2183 2691 2461 2748 reputatus
2513 2691 2562 2734 et
2619 2692 2806 2734 custos
2851 2682 3105 2737 latentem
3134 2700 3375 2741 erroreaut
3410 2689 3464 2742 in

1889 2789 2010 2832 eos.
2037 2775 2128 2842 qui
2167 2774 2240 2826 illi
2273 2782 2483 2840 parent,
2523 2773 2833 2827 introducit.
2881 2773 3033 2840 Quod
3094 2778 3234 2830 enim
3281 2788 3466 2846 aperte

1885 2875 2177 2935 oppugnat,
2203 2865 2484 2919 observari
2517 2864 2670 2917 facile
2700 2877 2780 2918 est
2811 2882 2824 2930 ;
2856 2870 2997 2933 quod
3032 2883 3158 2922 vero
3189 2871 3286 2923 sub
3332 2872 3464 2925 ami-

1885 2959 2028 3011 citiae
2076 2957 2253 3023 specie
2310 2957 2537 3009 insidias
2604 2967 2780 3024 parat,
2824 2959 3030 3010 invenit
3084 2974 3240 3025 eum;
3275 2973 3462 3015 contra

1887 3067 2044 3120 quem
2080 3059 2301 3120 pugnat,
2334 3049 2634 3114 iacautmn,
2676 3051 2833 3118 eique
2873 3048 3025 3104 facile
3068 3051 3230 3105 infert
3282 3051 3460 3107 latsio-

1888 3157 2030 3204 nem,
2088 3143 2228 3194 unde
2297 3141 2359 3192 iis
2411 3140 2500 3208 qui
2555 3142 2793 3194 exterius
2855 3153 3183 3212 Oppugnant,
3235 3143 3460 3198 interius

1885 3243 2182 3301 pugnantes
2209 3243 2331 3286 sunt
2362 3233 2634 3287 saeviores.
2665 3233 2779 3286 Hoc
2810 3247 2894 3285 me
2929 3234 3096 3287 multo
3131 3235 3298 3305 magis
3321 3249 3458 3291 con-

1886 3323 2083 3384 tristat,
2109 3325 2249 3391 quod
2277 3324 2374 3377 sub
2402 3322 2618 3390 pietatis
2649 3322 2866 3374 nomine
2888 3333 3049 3392 atque
3086 3322 3258 3389 figura
3312 3337 3366 3380 et
3401 3327 3453 3380 in

1883 3407 2118 3482 pastoris
2157 3413 2417 3482 dignitate
2449 3413 2770 3477 consistens,
2808 3411 2857 3464 iu
2908 3414 3186 3468 hrcreticas
3232 3427 3283 3468 et
3316 3415 3457 3469 blas-

1912 3504 2131 3571 phemas
2159 3519 2316 3558 voces
2343 3504 2596 3572 erumpit;
2629 3513 2682 3557 et
2715 3503 2913 3557 dudum
2937 3506 3260 3561 exstinctam
3289 3507 3455 3576 Apol-

1882 3596 2065 3649 linarii
2096 3597 2313 3650 inanem
2343 3597 2502 3650 simul
2536 3597 2864 3665 impiamquc
2886 3598 3182 3651 doctrinam
3207 3609 3453 3657 renovat.

1881 3686 2190 3754 Superhzec
2219 3698 2396 3741 autem
2431 3704 2536 3741 non
2591 3688 2761 3741 solum
2799 3689 2923 3742 talia
2978 3692 3204 3756 sentire,
3256 3692 3348 3744 sed
3399 3699 3456 3745 et

1877 3777 1990 3830 suis
2011 3777 2363 3846 blasphemiis
2391 3795 2495 3833 non
2523 3781 2930 3834 consentientes
2986 3782 3453 3836 anathematizare

1876 3870 2281 3935 praesumpserit
2313 3887 2324 3921 :
2386 3871 2431 3924 si
2466 3879 2642 3924 tamen
2673 3871 2840 3939 ipsius
2877 3872 2976 3924 ista
3021 3880 3146 3924 sunt
3184 3874 3450 3941 germina,

1875 3966 1927 4009 et
1958 3971 2061 4009 nou
2098 3957 2440 4012 inimicorum
2473 3959 2738 4028 quispiam
2789 3961 3054 4026 veritatis,
3081 3972 3334 4031 tanquam
3384 3979 3448 4018 ev

1876 4045 1966 4099 illo
1989 4045 2102 4099 ham
2132 4061 2480 4116 componens,
2511 4050 2737 4116 projeeit
2769 4051 2818 4102 iu
2861 4051 3116 4116 medium,
3149 4054 3450 4108 secundum

1877 4139 2025 4200 illud,
2052 4142 2190 4208 quod
2216 4151 2296 4195 est
2331 4143 2383 4195 in
2430 4141 2629 4206 fabula,
2657 4159 2873 4212 pomum
2915 4145 3218 4211 discordire,
3268 4149 3320 4201 in
3373 4148 3452 4203 al-

1877 4237 1986 4284 tum
2036 4231 2305 4286 flammam
2355 4234 2622 4288 exaltans.
2658 4234 2768 4304 Ego
2800 4236 3043 4303 proinde,
3073 4237 3186 4290 sive
3234 4237 3299 4303 is,
3334 4239 3452 4293 sive

1872 4323 2007 4375 alius
2042 4326 2309 4391 quispiam
2336 4325 2475 4376 velut
2511 4341 2575 4378 ex
2610 4326 2752 4378 illius
2786 4340 3014 4394 persona
3082 4327 3196 4381 lucc
3226 4343 3445 4398 compo-

1873 4415 2065 4478 suerit,
2097 4414 2299 4467 auxilio
2324 4414 2460 4468 lucis
2497 4417 2824 4468 sanctissimi
2859 4416 3095 4482 Spiritus
3127 4418 3191 4471 ad
3229 4419 3448 4488 inquisi-

1871 4512 2069 4563 tionem
2093 4523 2278 4578 prava—3
2306 4519 2356 4562 et
2383 4509 2649 4562 haeretica?
2678 4509 2950 4578 opinionis
2987 4526 3135 4574 usus,
3167 4527 3264 4580 pro
3289 4514 3445 4568 modo

1869 4615 2143 4654 concessa:
2175 4599 2303 4652 mihi
2333 4597 2624 4660 facultatis.
2667 4600 2841 4668 quoad
2886 4599 3000 4652 fleri
3041 4601 3231 4668 potuit,
3260 4617 3321 4656 ea
3359 4619 3443 4657 re-

1871 4689 2060 4752 futavi,
2125 4689 2506 4757 doctrinasque
2575 4688 2916 4758 evangelicas
2999 4698 3052 4742 et
3112 4691 3442 4758 apostolicas

1867 4781 2113 4848 opposui,
2146 4779 2306 4849 203
2333 4795 2395 4831 ac
2418 4779 2683 4847 dogmatis
2741 4779 3126 4832 absurditatem
3185 4779 3437 4847 patefeci,

1866 4883 1918 4926 et
1944 4881 2202 4940 quantmn
2231 4874 2500 4938 discrepet
2531 4888 2559 4924 a
2584 4870 2781 4924 divinis
2810 4869 3174 4936 dogmatibus,
3219 4872 3436 4938 planum

1867 4965 1992 5030 feci,
2020 4979 2080 5018 ea
2115 4965 2180 5017 ad
2213 4965 2382 5017 sancti
2412 4961 2645 5030 Spiritus
2684 4961 2896 5029 eloquia
2931 4961 3290 5028 perpendens,
3343 4964 3438 5018 do.

1865 5071 2102 5124 ceusque
2128 5056 2406 5125 qualitcra
2432 5052 2628 5104 divinis
2655 5051 2826 5104 aliena
2861 5051 2968 5104 sint
2991 5060 3044 5104 et
3069 5053 3430 5108 dissentanea.

1865 5150 2138 5203 Adversus
2172 5155 2347 5198 autem
2375 5142 2653 5196 audaciam
2682 5143 3118 5197 anathematismi
3155 5144 3255 5198 hoc
3283 5146 3434 5198 dixe-

1865 5240 1986 5300 rim,
2019 5249 2211 5304 nempe
2243 5233 2467 5286 Paulum
2502 5233 2864 5287 clarissimum
2916 5233 3160 5288 veritatis
3225 5249 3431 5303 νεωσο-

1865 5345 1982 5384 nem
2020 5343 2208 5381 ausum
2229 5327 2389 5380 etiam
2422 5326 2679 5378 adversus
2711 5324 3088 5391 angelos,illos
3115 5325 3432 5378 anathema-

1865 5423 2078 5482 tizasse,
2151 5419 2239 5487 qui
2303 5417 2608 5485 evangelica
2659 5426 2713 5468 et
2759 5416 3055 5485 apostolica
3111 5416 3428 5468 documenta

1864 5519 2222 5579 corruperant
2251 5509 2316 5572 ⁸⁸,
2385 5515 2766 5576 permanentes
2818 5515 2996 5560 autem
3049 5506 3100 5559 in
3147 5505 3364 5558 traditis
3398 5520 3425 5556 a

1865 5605 2122 5674 theologis
2184 5600 2422 5658 decretis
2491 5613 2595 5652 non
2657 5597 2824 5662 item;
2892 5595 3024 5651 tales
3073 5595 3213 5651 enim
3264 5594 3426 5650 etiam
