4120 6488
663 413 762 470 59!
1684 414 1741 470 S.
1785 413 2062 470 CYRlLLl
2103 412 2574 470 ALEXANDRINI
2619 412 2938 468 ARCHIEP.

3808 414 3913 470 592

668 524 1133 583 benedictionibus
1200 527 1473 581 munivit:
1531 526 1754 582 dicens:
1820 547 1838 581 ι
1915 529 2234 598 Quicunque

2351 543 2442 582 ιων
2477 527 2918 597 κατατολμήσας,
2942 524 3001 577 οὗ
3025 525 3150 586 τοὺς
3182 522 3518 594 ἐμμένοντας
3542 514 3652 586 τοῖς
3681 524 3913 577 δοθεῖσιν

668 620 807 673 lianc
834 616 1069 687 regulam
1095 627 1415 686 sequuntur,
1453 632 1552 685 pax
1583 633 1745 687 super
1790 619 1958 687 ipsos,
1987 629 2041 674 et
2078 621 2232 673 mise-

667 708 920 769 ricordia,
965 715 1018 760 et
1073 722 1235 777 super
1277 706 1437 761 Israel
1485 708 1575 762 Dei
1606 709 1672 762 ".
1706 728 1723 759 ι
1775 709 2002 779 Colligat
2070 715 2233 779 igitur

667 798 970 852 istiusmodi
1007 812 1316 852 sermonum
1346 809 1534 854 auctor
1567 815 1632 853 cx
1657 800 1946 867 apostolica
1981 817 2235 856 exsecra-

669 891 814 944 tione
835 888 1076 943 laborum
1103 903 1322 943 suorum
1342 891 1644 957 przmnia,et
1672 891 2042 947 haereticorum
2060 896 2232 949 semiv

669 992 795 1030 num
825 977 1148 1044 manipulos.
1170 974 1278 1030 Nos
1298 993 1424 1031 vero
1445 977 1890 1046 conquiescemus
1910 981 1962 1033 in
1985 982 2234 1037 doctrina

666 1078 976 1122 sanctorum
1004 1067 1245 1121 Patrum.
1292 1067 1558 1123 Cat-terum
1619 1069 1744 1123 huic
1811 1070 2055 1139 epistola:
2106 1073 2235 1126 sub-

669 1163 941 1214 texuimus
960 1158 1413 1229 oppugnationes,
1440 1167 1500 1213 ut
1527 1173 1592 1213 ex
1619 1160 1734 1229 ipsa
1760 1160 1993 1216 lectione
2028 1163 2236 1232 perspi-

668 1253 801 1318 cias,
829 1267 893 1305 an
928 1252 1181 1305 haeretica
1232 1251 1567 1320 problemata
1629 1265 1850 1306 strenue
1895 1253 2232 1308 diluerimus.

666 1345 746 1398 Ad
778 1344 1015 1414 singulos
1039 1353 1216 1399 autem
1245 1343 1727 1399 anatbematismos
1759 1359 2004 1400 seorsum
2036 1347 2238 1415 positos

668 1432 865 1502 protuli
893 1433 1300 1499 refutationem,
1326 1444 1381 1486 ut
1411 1434 1647 1489 lectores
1676 1432 1890 1488 facilius
1915 1434 2232 1505 intelligant,

669 1537 732 1575 ac
765 1524 1042 1593 perspicua
1079 1523 1148 1577 sit
1181 1525 1488 1592 dogmatum
1527 1525 1854 1592 redargutio.

2338 619 2484 687 ὅροις
2533 618 2637 671 ὑπὸ
2685 617 2794 669 τῶν
2839 615 3104 683 θεολόγων
3152 615 3386 684 ἀνδρῶν’
3422 615 3642 677 τούτους
3672 616 3778 686 γάρ
3817 618 3914 669 καὶ

2340 710 2613 777 εὐλογίαις
2637 708 2951 778 ὠχύρωσεν,
2978 707 3165 758 εἰπών’
3196 724 3212 756 ι
3244 706 3400 760 Ὅσοι
3426 706 3502 776 τῷ
3532 709 3712 760 κανόνι
3736 710 3915 778 τούτῳ

2342 802 2716 870 στοιχήσουσιν
2751 811 2800 862 υ,
2849 799 3040 869 εἰρήνη
3075 800 3159 850 ἐπ’
3196 798 3413 860 αὐτοὺς,
3464 803 3558 852 καὶ
3606 800 3772 863 ἔλεος,
3817 803 3914 854 καὶ

2336 889 2434 942 ἐπὶ
2461 889 2551 942 τὸν
2591 889 2804 961 Ἰσραὴλ
2841 888 2934 941 τοῦ
2967 888 3123 943 Θεοῦ.
3162 908 3179 939 ι
3213 889 3507 957 Δρεπέσθω
3537 890 3716 943 τοίνυν
3747 894 3774 943 6
3801 892 3912 943 τῶν

2341 981 2514 1049 λόγων
2549 981 2753 1033 τούτων
2797 982 2976 1052 πατὴρ
3005 983 3069 1033 ἐκ
3112 981 3210 1051 τῆς
3237 981 3598 1052 ἀποπολικῆς
3629 984 3763 1052 ἀρᾶς
3801 983 3914 1034 τῶν

2342 1071 2556 1124 οἰκείων
2578 1071 2752 1123 πόνων
2783 1071 2848 1122 τά
2870 1072 3139 1140 ἐπίχειρα,
3169 1072 3260 1124 καὶ
3287 1072 3394 1123 τῶν
3426 1072 3714 1142 αἱρετικῶν
3745 1089 3918 1140 σπερο

2348 1161 2533 1231 μάτων
2568 1161 2635 1213 τά
2668 1160 2960 1230 δράγματα
2982 1179 2992 1189 ·
3014 1163 3172 1232 ἡμεῖς
3208 1161 3263 1214 δὲ
3302 1165 3368 1233 τῇ
3403 1161 3511 1214 τῶν
3542 1162 3709 1229 ἀγίων
3742 1163 3920 1214 Πατέ-

2345 1270 2454 1322 ρων
2498 1251 2847 1322 ἐμμενοῦμεν
2895 1252 3234 1323 διδασκαλίᾳ.
3277 1253 3548 1317 Ὑπέταξα
3588 1255 3645 1306 δὲ
3698 1253 3925 1316 καὶτὰς

2341 1344 2716 1414 γεγενημένας
2748 1346 3094 1416 ἀντιρρήσεις
3123 1343 3247 1414 τῇδέ
3280 1362 3380 1414 μου
3407 1348 3472 1416 τῇ
3526 1345 3802 1414 ἐπιστολῇ,
3828 1345 3922 1396 ἵνα

2343 1438 2610 1503 ἀναγνοὺς
2668 1437 2968 1506 δοκιμάσας
2997 1446 3043 1499 ν,
3081 1438 3127 1488 εί
3170 1437 3410 1500 δυνατῶς
3458 1438 3566 1489 τῶν
3626 1437 3924 1505 αἱρετικῶν

2345 1527 2748 1598 προὸλημάτων
2786 1528 2882 1598 τὴν
2929 1528 3080 1580 λύσιν
3129 1529 3524 1599 ἐποιησάμεθα.
3556 1529 3822 1582 Ἕκαστον
3861 1528 3923 1579 δὲ

666 1618 776 1669 τῶν
798 1617 1250 1687 ἀναθεματισμῶν
1280 1617 1401 1670 καθ’
1429 1618 1618 1670 ἑαυτὸν
1645 1616 1930 1681 τεθεικὼς,
1967 1618 2236 1688 ἐξήγαγον
2277 1620 2375 1687 τὴν
2446 1622 2786 1692 ἀντίρρησιν,
2822 1623 2966 1683 ὅπως
2999 1621 3063 1673 ἂν
3131 1622 3327 1693 ρᾳδίως
3359 1626 3471 1686 τοῖς
3499 1621 3923 1692 ἐντυγχάνουσιν

668 1712 704 1782 ἡ
736 1710 1062 1781 κατανόησις
1088 1713 1333 1780 γένηται,
1384 1712 1477 1764 καὶ
1530 1714 1705 1784 σαφὴς
1745 1713 1852 1766 τῶν
1895 1715 2180 1785 δογμάτων
2222 1719 2249 1769 6
2286 1717 2529 1786 ἔλεγχος.

1275 1901 1846 1990 ΚΥΡΙΑΛΟΥ
1898 1906 2340 1991 ΑΡΧΙΕΠ.
2417 1896 3246 1996 ΑΛΕΞΑΝΔΡΕΙΑΣ

1021 2079 1179 2151 Πρὸς
1205 2080 1348 2151 τοὺς
1381 2085 1724 2158 τολμῶντας
1749 2087 2108 2158 συνηγορεῖν
2142 2090 2266 2156 τοῖς
2294 2089 2623 2157 Νεστορίου
2654 2089 2970 2158 δόγμασιν,
3006 2089 3086 2156 ὡς
3119 2089 3305 2159 ὀρθῶς
3328 2089 3558 2158 ἔχουσι,

2061 2245 2405 2297 ΚΕΦΑΛΑΙΛ
2449 2245 2550 2297 ΙΒ’.

1087 2565 1570 2656 CYRILLI
1649 2564 2575 2656 ARCHIEPISCOPI
2671 2567 3484 2656 ALEXANDRl/E

964 2761 1276 2824 Adversus
1335 2776 1444 2822 eos
1506 2761 1608 2840 qui
1675 2759 1908 2822 audent
1962 2761 2231 2822 Nestorii
2295 2759 2731 2839 dogmatibus,
2806 2767 2872 2823 ut
2933 2759 3154 2834 rectis,
3221 2760 3642 2842 patrocinari,

1933 2923 2204 2984 CAPITA
2245 2923 2653 2985 DUODECIM.

1093 3241 1423 3298 ANATHEM
1437 3241 1732 3300 ATISMUS
1774 3244 1812 3298 I.

743 3382 800 3439 Si
836 3380 957 3451 quis
985 3393 1090 3432 non
1123 3375 1412 3432 confitetur
1460 3375 1868 3431 Emmanuelem
1915 3391 2046 3432 vere
2080 3377 2244 3435 Deum

673 3489 821 3539 esse,
851 3483 905 3526 et
933 3472 1002 3526 ob
1030 3471 1080 3524 id
1133 3479 1372 3522 sanctam
1411 3465 1686 3537 Virginem
1728 3468 2015 3539 Deiparam
2041 3469 2249 3540 {genuit

673 3565 816 3620 enim
839 3563 924 3617 illa
951 3561 1242 3616 carnaliter
1265 3560 1599 3614 iucarnatum
1629 3559 1720 3614 Dei
1744 3559 1920 3615 Patris
1943 3557 2200 3631 Verbum)
2229 3577 2244 3613 :

675 3653 963 3706 auiuthema
993 3651 1082 3705 sit.

675 3761 838 3835 Μ
867 3759 1413 3829 Τήσοάοτθιὶερὶεεουὶ
1436 3759 1562 3839 Cyri
1599 3761 1931 3829 reprehensio
1972 3759 2249 3816 duodecim

1344 3844 1592 3897 capitum.

747 3943 855 3998 Nos
893 3951 1074 3998 autem
1125 3944 1435 4012 quicunque
1469 3957 1628 3997 voces
1691 3943 2032 4013 evangelicas
2065 3945 2250 4015 sequi-

673 4051 820 4097 mur.
873 4051 982 4088 non
1030 4049 1256 4089 carnem
1320 4034 1645 4088 naturaliter
1691 4033 1917 4102 facunn,
1974 4051 2148 4105 neque
2193 4039 2247 4091 in

675 4142 894 4182 carnem
930 4140 1247 4182 conversum
1277 4125 1444 4180 Deum
1476 4126 1715 4180 Verbum
1752 4127 1981 4181 dicimus
2014 4144 2028 4193 ;
2064 4128 2250 4182 incon-

677 4219 965 4275 vertibilis.
1020 4228 1106 4273 est
1169 4219 1313 4272 enim
1388 4217 1850 4285 immutabilisque
1922 4219 2178 4274 divinitas
2233 4239 2247 4274 :

678 4310 820 4362 unde
870 4316 923 4361 et
971 4307 1230 4376 propheta
1263 4307 1428 4361 David
1471 4309 1648 4363 dicit:
1695 4329 1712 4360 ι
1756 4309 1834 4362 Tu
1882 4320 2062 4365 autem
2109 4313 2250 4364 idem

701 4414 794 4467 pse
823 4412 905 4462 cs,
943 4406 996 4452 et
1033 4399 1157 4452 anni
1202 4399 1274 4452 tui
1321 4412 1425 4452 non
1469 4398 1724 4452 deﬁcient
1756 4400 1839 4461 “;
1878 4418 1896 4450 ι
1930 4403 2073 4469 quod
2114 4401 2252 4455 Pau-

679 4490 762 4544 lus
823 4504 1046 4558 magnus
1104 4488 1350 4543 veritatis
1399 4504 1576 4557 praeco
1617 4491 1681 4542 ile
1723 4488 1865 4544 Filio
1915 4491 2140 4554 dictum,
2198 4492 2249 4545 in

2774 3242 2810 3295 Α
2822 3235 3363 3294 ΝΔθΕΜΑΤΙΣΜΟΣ
3419 3239 3497 3290 Α’.

2422 3377 2487 3429 Εἴ
2511 3392 2594 3438 τις
2632 3375 2730 3444 οὐχ
2758 3375 3030 3444 ὁμολογεῖ,
3057 3371 3189 3425 Θεὸν
3214 3366 3352 3424 εἶναι
3388 3373 3528 3424 κατά
3550 3367 3806 3439 ἀλήθειαν
3838 3371 3940 3426 τὸν

2363 3467 2418 3520 Ἐ
2429 3465 2734 3537 μμανουὴλ,
2766 3466 2858 3517 καὶ
2881 3463 2969 3516 διὰ
2996 3461 3155 3514 τοῦτο
3189 3461 3447 3512 θεοτόκον
3468 3460 3564 3529 τὴν
3590 3461 3752 3528 ἁγίαν
3776 3463 3940 3534 Παρ-

2359 3558 2532 3623 θένον,
2560 3556 2858 3625 γεγέννηκε
2893 3553 2999 3624 γὰρ
3033 3551 3309 3625 σαρκικῶς
3341 3551 3514 3622 σάρκα
3544 3552 3806 3621 γεγονότα
3843 3556 3939 3605 τὶν

2341 3654 2415 3705 ἐκ
2444 3650 2580 3704 Θεοῦ
2604 3650 2818 3721 Πατρὸς
2839 3649 3038 3716 Λόγον·
3065 3647 3312 3717 ἀνάθεμα
3341 3645 3501 3700 ἔστω.

2353 3762 2732 3832 Θεοδωρήτου
2750 3760 3084 3832 ἐπιοζκόπου
3115 3760 3310 3832 Κύρου
3344 3758 3652 3826 ἀνατροπὴ
3676 3757 3797 3813 τῶν
3825 3759 3945 3812 δώ-

2869 3829 3015 3880 δεκα
3048 3828 3409 3894 κεφαλαίων.

2434 3946 2624 4014 Ἡμεῖς
2657 3944 2734 4008 δὲ,
2765 3942 2881 3995 ὅσοι
2928 3942 3046 4003 ταῖς
3094 3939 3479 4008 εὐαγγελικαϊς
3526 3939 3946 4010 ἀκολουθῶμεν

2338 4041 2579 4108 φωναῖς,
2611 4037 2672 4088 οὐ
2705 4035 2884 4105 σάρκα
2929 4031 3087 4101 φύσει
3132 4031 3436 4099 γεγονέναι,
3472 4031 3594 4083 οὐδὲ
3619 4032 3698 4092 είς
3745 4033 3939 4102 σάρκα

2357 4128 2764 4200 μεταϐληθῆναι
2791 4126 2881 4178 τὸν
2916 4125 3046 4178 Θεὸν
3073 4123 3244 4188 Λόγον
3276 4124 3458 4192 φαμέν
3477 4140 3490 4152 ⁸
3519 4123 3792 4193 ἄτρεπτον
3831 4125 3945 4194 γὰρ

2352 4221 2412 4273 τὸ
2439 4219 2593 4271 Θεῖον
2618 4219 2717 4269 καὶ
2739 4215 3102 4268 ἀναλλοίωτον
3124 4231 3135 4242 ·
3163 4213 3243 4265 διὸ
3273 4213 3368 4265 καὶ
3398 4213 3560 4264 Δαυῒδ
3580 4215 3606 4265 6
3638 4216 3946 4283 προφήτης

2352 4310 2528 4377 λέγει’
2552 4328 2580 4360 ιι
2614 4307 2684 4358 Σὺ
2711 4306 2770 4373 δὲ
2807 4307 2834 4357 ό
2863 4304 3026 4368 αὐτὸς
3057 4301 3128 4370 εἴ,
3157 4307 3252 4358 καὶ
3277 4305 3346 4358 τά
3377 4304 3472 4376 ἔντη
3501 4322 3592 4358 σου
3623 4306 3723 4358 οὐκ
3751 4307 3950 4360 ἐκλεί-

2353 4401 2544 4470 ψουσιν
2567 4419 2579 4431 ·
2615 4421 2630 4450 ι
2661 4400 2797 4468 ὅπερ
2811 4398 3033 4458 Παῦλος
3074 4399 3103 4450 ὁ
3133 4399 3325 4467 μέγας,
3349 4398 3376 4450 6
3406 4398 3503 4466 τῆς
3548 4397 3811 4466 ἀληθείας
3843 4401 3952 4468 κήο

2360 4491 2476 4563 ρυξ,
2515 4491 2594 4551 εἰς
2621 4489 2709 4541 τὸν
2733 4488 2858 4538 Υίὺν
2887 4487 3136 4556 εἰρῆσθαι
3165 4489 3220 4539 ἐν
3254 4490 3319 4557 τῇ
3348 4487 3481 4554 πρὸς
3520 4486 3810 4557 Ἐϐραίους
3840 4489 3952 4540 ἐδί-

680 4582 920 4649 Epistula
950 4583 1014 4634 nd
1047 4581 1304 4635 llebmds
1336 4581 1519 4636 docuit
1551 4581 1592 4612 "
1624 4598 1637 4644 ;
1664 4591 1717 4636 et
1739 4582 1863 4637 alibi
1903 4599 1997 4651 per
2027 4585 2243 4654 prophe-

2357 4577 2503 4642 δαξε.
2533 4575 2640 4627 Καὶ
2661 4573 2884 4646 ἑτέρωθι
2911 4574 2966 4627 δὲ
2997 4575 3084 4628 διὰ
3111 4574 3203 4627 τοῦ
3228 4577 3506 4646 προφήτου
3532 4576 3692 4643 φησιν
3720 4577 3747 4626 6
3771 4576 3946 4639 Θεόςο

680 4683 789 4727 tam
815 4673 891 4726 ait
912 4673 1053 4726 Deus
1081 4690 1096 4726 :
1127 4670 1275 4743 «Ego
1304 4687 1446 4736 sum,
1472 4683 1645 4726 etnon
1673 4684 1848 4727 inutor
1870 4676 1966 4728 ⁸⁸.»
2002 4677 2057 4729 Si
2091 4677 2253 4745 igitur

681 4763 1108 4818 inconvertibilis
1153 4773 1234 4816 est
1272 4763 1732 4831 immutabilisque
1773 4763 2040 4818 Divinitas
2067 4803 2082 4827 ,
2117 4780 2249 4818 con-

682 4851 948 4905 versionis
974 4862 1027 4903 et
1057 4853 1433 4906 mutabilitatis
1459 4867 1564 4906 non
1600 4863 1682 4906 est
1726 4870 1918 4921 capax.
1979 4855 2035 4908 Si
2072 4866 2250 4909 autem

685 4938 1015 5009 impossibile
1068 4947 1152 4992 est
1191 4942 1434 4992 converti
1497 4942 1984 5007 inconvertibilcm,
2025 4962 2129 4999 non
2173 4955 2255 5001 est

672 5028 884 5101 factum
925 5041 1054 5081 caro
1093 5028 1232 5081 Deus
1268 5025 1525 5087 Verbum,
1578 5028 1651 5078 ita
1686 5039 1742 5081 ut
1783 5030 1854 5084 sit
1900 5045 2250 5095 conversum,

685 5119 777 5172 sed
811 5118 1108 5184 assumpsit
1155 5113 1813 5181 caruemretinliabitavit
1842 5121 1893 5171 in
1951 5122 2124 5184 nobis,
2167 5135 2250 5175 se-

685 5209 918 5264 cundum
952 5208 1318 5278 evangelicam
1378 5223 1563 5265 vocem
1590 5211 1655 5266 ".
1693 5212 1761 5266 Et
1817 5214 1916 5266 hoc
1972 5213 2250 5281 explicans

686 5299 1085 5354 sacratissimus
1121 5301 1318 5356 Paulus
1371 5303 1422 5355 in
1479 5301 1715 5372 Epistola
1753 5305 1819 5358 ad
1875 5303 2250 5372 Pliilippcnses

757 5477 804 5510 ει
845 5475 1018 5533 cum.
1053 5493 1123 5543 γι,
1156 5478 1239 5534 16,
1371 5479 1414 5509 ⁸⁸
1446 5479 1584 5535 Psal.
1607 5495 1678 5546 οι,
1713 5482 1801 5535 28.

1877 5485 1918 5512 ⁸⁷
1952 5483 2110 5536 Hebr.
2150 5501 2183 5547 ι,
2225 5483 2308 5536 l2.

2367 4687 2385 4718 ι
2426 4665 2564 4734 Ἐγὼ
2599 4665 2735 4735 εἰμὶ,
2771 4665 2864 4719 καὶ
2893 4667 2990 4718 οὐκ
3030 4665 3349 4736 ἠλλοίωμαι.
3378 4684 3394 4714 ι
3428 4666 3488 4718 El
3530 4660 3621 4717 οὖν
3663 4666 3950 4736 ἄτρεπτον

2360 4759 2419 4810 τὸ
2449 4760 2600 4810 Θεῑον
2652 4758 2743 4809 καὶ
2783 4757 3154 4822 ἀναλλοίωτον,
3207 4757 3417 4827 τροπῆς
3444 4760 3580 4821 ἐστι,
3622 4758 3722 4810 καὶ
3767 4776 3954 4828 μετα-

2362 4849 2520 4918 ϐολῆς
2543 4849 2890 4901 ἀνεπίδεκτον
2914 4863 2927 4878 ·
2961 4851 3012 4901 εἰ
3037 4849 3094 4900 δὲ
3120 4850 3378 4902 ἀδύνατον
3401 4853 3671 4920 τραπῆναι
3693 4851 3759 4902 τὸ
3778 4853 3954 4922 ἄτρεο

2363 4959 2513 5003 πτον,
2550 4943 2648 4993 οὐκ
2690 4940 2906 5008 ἐγένετο
2942 4940 3079 5010 σὰρξ
3106 4943 3136 4995 ὁ
3168 4941 3297 5005 Θεὸς
3324 4941 3491 5010 Λόγος
3529 4942 3785 5012 τραπεὶς,
3828 4944 3950 4996 ἀλλ’

2358 5032 2584 5084 ἀνέλαϐε
2639 5031 2838 5102 σάρκα,
2871 5032 2963 5085 καὶ
2999 5033 3308 5103 ἐσκήνωσεν
3340 5036 3397 5086 ὲν
3443 5035 3590 5103 ἡμῖν,
3639 5033 3795 5086 κατά
3841 5037 3948 5106 τὴν

2358 5122 2466 5174 τῶν
2498 5123 2846 5190 Εὑαγγελίων
2875 5124 3078 5194 φωνήν.
3117 5126 3222 5176 Καὶ
3251 5125 3405 5176 τοῦτο
3439 5125 3623 5194 σαφῶς
3661 5126 3690 5177 6
3723 5123 3948 5179 Θειότα-

2359 5232 2445 5277 τος
2482 5215 2689 5278 Παῦλος
2731 5215 2902 5282 λέγων
2929 5215 2989 5266 ὲν
3036 5217 3099 5284 τῇ
3146 5216 3279 5284 πρὸς
3320 5217 3710 5285 Φιλιππησίους
3749 5219 3901 5288 ,φησι
3930 5237 3942 5247 ο

2366 5325 2382 5354 ι
2421 5305 2588 5358 Τοῦτο
2621 5306 2919 5375 φρονείσθω
2941 5307 2997 5359 ἐν
3023 5307 3170 5377 ὑμῖν,
3191 5307 3217 5359 ὂ
3247 5309 3340 5360 καὶ
3368 5309 3424 5360 ὲν
3454 5306 3673 5378 Χριστῷ
3704 5307 3898 5378 Ἰησοῦ
3928 5326 3940 5340 ’

2387 5484 2431 5514 ⁸⁸
2476 5482 2712 5538 Malacli.
2743 5499 2799 5538 Ill
2824 5527 2838 5550 ,
2869 5485 2922 5541 6.
2999 5487 3040 5516 ⁶⁹
3065 5484 3214 5541 Joan.
3251 5502 3287 5550 I,
3319 5485 3429 5540 14.

1739 5630 1906 5687 Υιιῑίλο
1937 5633 2190 5690 lectiones
2214 5650 2276 5690 cx
2308 5637 2488 5691 codice
2511 5635 2894 5704 chuierianoe

761 5795 786 5824 ει
826 5784 1110 5854 στοιχοῦςι.
1188 5793 1211 5820 ν
1243 5785 1324 5839 ἵσ.
1355 5786 1696 5857 δοκιμάσαις.
