4120 6466
183 371 274 426 593
748 378 1275 437 APOLOGETICUS
1308 382 1583 440 CONTRA
1623 385 2144 447 THEODORETUM
2190 395 2321 452 PRO
2360 398 2451 452 Xll
2490 401 2872 461 CAPITIBUS.

3294 413 3401 471 394

180 489 308 550 ὸςὲν
342 494 526 560 μορφῇ
549 491 688 544 Θεοῦ
727 494 1008 564 ὑπάρχων,
1043 496 1139 565 οὐχ
1178 498 1470 568 ἁρπαγμὸν
1502 501 1723 569 ήγήσατι

1845 501 1963 555 ait:
2003 524 2021 555 ι
2068 506 2176 562 Hoc
2235 513 2428 566 sentite
2477 514 2530 568 in
2568 518 2738 582 vobis,
2791 521 2930 587 quod
2981 531 3036 575 et
3074 522 3127 578 in
3183 525 3402 585 Christo

174 579 236 630 τὸ
266 575 402 631 εἶναι
436 580 529 634 ῐσα
562 582 702 652 Θεῷ,
732 584 843 636 ἀλλ’
872 585 1062 639 ἑαυτὸν
1092 587 1347 650 ὲκένωσε,
1377 589 1590 660 μορφὴν
1619 590 1740 642 δού-

174 670 263 722 λου
292 671 488 726 λαϐὼν.
533 693 552 724 ι
581 675 749 744 Δῆλον
775 676 954 728 τοίνυν
988 677 1053 730 ὲκ
1101 678 1208 733 τῶν
1235 681 1563 748 εἰρημένων,
1592 682 1667 743 ὡς
1706 682 1739 750 ἡ

174 759 263 810 τοῦ
307 760 442 812 Θεοῦ
510 763 703 832 μορφὴῗ
750 765 850 817 οὐκ
890 765 1098 835 ὲτράπη
1141 768 1220 830 εἰς
1268 767 1453 820 δούλου
1503 769 1736 839 μορφὴν,

171 843 304 895 ἀλλὰ
337 845 575 912 μένουσα
617 848 644 900 ὃ
687 845 774 918 ἦν,
808 851 966 904 ἔλαϐε
1008 854 1106 920 τὴν
1139 853 1230 906 τοῦ
1273 855 1465 908 δούλου
1499 859 1735 927 μορφήν.

169 931 366 985 Τοίνυν
411 937 474 988 οὐ
504 937 694 1005 γέγονε
742 940 875 1010 σὰρξ
909 942 936 993 6
981 943 1114 1004 Θεὸς
1149 944 1340 1010 Λόγος,
1395 946 1528 999 ἀλλὰ
1560 947 1738 1015 σάρκα

170 1021 353 1084 ζῶσαν
386 1027 482 1078 καὶ
541 1027 763 1099 λογικὴν
796 1032 1090 1084 ἀνέλαϐενο
1147 1035 1246 1087 οὐκ
1275 1036 1438 1098 αὐτὸς
1476 1036 1634 1105 φύσει
1673 1039 1736 1090 ὲκ

167 1113 266 1182 τῆς
305 1116 588 1187 Παρθένου
638 1121 924 1191 γεγένηται
979 1123 1324 1194 συλληφθεὶς,
1358 1127 1453 1180 καὶ
1509 1128 1736 1180 διαπλα-

167 1204 339 1267 σθεὶς,
382 1208 476 1258 καὶ
506 1210 835 1279 μορφωθεὶς,
862 1213 958 1265 καὶ
999 1213 1172 1283 ἀρχὴν
1206 1216 1412 1268 ἐκεῖθεν
1459 1216 1551 1269 τοῦ
1591 1212 1730 1271 εἶναι

165 1294 367 1358 λαϐὼν,
404 1299 432 1350 6
460 1301 568 1366 πρὸ
597 1301 705 1353 τῶν
750 1303 962 1357 αἰώνων
996 1306 1276 1376 ὑπάρχων,
1323 1310 1415 1360 καὶ
1465 1309 1595 1372 Θεὸς
1635 1311 1731 1373 ὢν,

164 1387 430 1456 καὶπρὸς
461 1389 552 1440 τὸν
599 1391 728 1444 Θεὸν
774 1391 872 1456 ὢν,
919 1396 1014 1448 καὶ
1067 1397 1144 1465 τῷ
1183 1397 1356 1467 Πατρὶ
1401 1398 1593 1462 συνὼν,
1638 1399 1732 1451 καὶ

165 1476 301 1541 μετὰ
334 1477 548 1548 Πατρὸς
592 1484 991 1554 γνωριζόμενός
1019 1503 1076 1538 τε
1108 1489 1199 1540 καὶ
1225 1488 1695 1559 προσκυνούμενος
1713 1507 1727 1522 ο

159 1564 277 1616 ἀλλ’
317 1567 499 1638 ἐαυτῷ
524 1570 649 1624 ναὸν
681 1571 738 1622 έν
761 1575 828 1642 τῇ
863 1573 1162 1645 παρθενικῇ
1190 1579 1385 1647 γαστρὶ
1407 1578 1728 1641 διαπλάσας,

160 1657 330 1724 συνῆν
370 1657 448 1728 τῷ
497 1659 786 1715 πλασθέντι
834 1665 929 1717 καὶ
963 1666 1296 1734 γεννηθέντι.
1333 1662 1406 1719 Οὗ
1444 1667 1601 1737 χάριν
1636 1667 1728 1720 καὶ

155 1745 256 1814 τὴν
289 1747 452 1814 άγίαν
485 1751 698 1823 ἐκείνην
721 1753 993 1824 Παρθένον
1014 1756 1272 1808 Θεοτόκον
1313 1759 1725 1828 προσαγορεύο-

159 1851 282 1899 μεν,
314 1837 414 1906 ούχ
443 1839 518 1902 ὡς
542 1840 674 1894 Θεὸν
700 1843 858 1910 φύσει
888 1846 1247 1915 γεννήσασαν,
1279 1847 1392 1898 ἀλλ’
1415 1848 1488 1910 ὼς
1517 1848 1726 1918 ἄνθρω-

158 1940 260 1974 πον
291 1921 370 1990 τῷ
400 1923 757 1978 διαπλάσαντι
789 1934 949 1988 αὑτὸν
972 1936 1248 2003 ἡνωμένον
1275 1936 1410 2006 Θεῷ.
1441 1938 1501 1990 El
1531 1939 1584 1990 δὲ
1627 1939 1726 1991 οὐκ

153 2009 449 2079 ἄνθρωπος
495 2013 522 2064 6
555 2012 611 2065 ὲν
644 2016 842 2084 γαστρὶ
892 2018 990 2085 τῆς
1036 2019 1310 2087 Παρθένου
1359 2026 1724 2092 διαπλασθεὶς,

152 2102 292 2155 ἀλλὰ
324 2102 459 2167 Θεὸς
497 2105 690 2173 Λόγος,
726 2108 754 2160 6
799 2107 906 2178 πρὸ
949 2108 1182 2173 αἰώνων,
1222 2111 1435 2179 ποίημα
1476 2114 1582 2182 ἄρα
1633 2113 1726 2166 τοῦ

154 2193 479 2264 Πνεύματος
507 2198 535 2248 6
577 2196 708 2259 Θεὸς
735 2197 906 2265 Λόγος
929 2214 942 2228 ·
981 2217 998 2248 ι
1036 2199 1110 2251 Τὸ
1135 2199 1243 2269 γὰρ
1274 2202 1329 2252 ὲν
1359 2202 1494 2271 αὐτῇ
1535 2219 1727 2272 γεννη-

151 2285 266 2348 θὲν,
300 2287 467 2355 φησὶν
497 2289 526 2340 6
557 2287 824 2358 Γαϐριὴλ,
855 2290 921 2342 ὲκ
954 2291 1271 2359 Πνεύματός
1308 2294 1454 2344 ἐστιν
1489 2292 1667 2359 ἁγίου.
1702 2311 1720 2343 ι

150 2376 212 2426 El
235 2376 292 2428 δὲ
326 2376 581 2440 ἄκτιστος
613 2380 640 2431 6
669 2381 966 2450 μονογενὴς
993 2380 1086 2432 τοῦ
1119 2381 1256 2433 Θεοῦ
1289 2383 1479 2449 Λόγος,
1513 2385 1605 2436 καὶ
1647 2385 1723 2453 τῷ

149 2466 329 2534 Πατρὶ
356 2468 640 2537 ὁμοούσιός
676 2487 735 2521 τε
764 2470 858 2522 καὶ
893 2471 1180 2534 συναῖδιος,
1215 2472 1398 2524 οὐκέτι
1441 2473 1721 2544 πλάσμαῆ

149 2560 466 2627 κτίσματοῦ
482 2561 814 2630 Πνεύματος.
832 2563 891 2614 Εἰ
904 2561 958 2612 δὲ
976 2561 1034 2613 οὑ
1055 2561 1141 2613 τὸν
1158 2561 1286 2614 Θεὸν
1301 2564 1471 2629 Λόγον
1487 2564 1547 2617 τὸ
1561 2565 1724 2618 Πνεῦ-

152 2666 227 2717 μα
250 2650 311 2702 τὸ
333 2649 490 2717 ἅγιον
524 2653 580 2702 ὲν
605 2654 669 2720 τῇ
697 2651 892 2719 γαστρὶ
909 2650 1004 2720 τῆς
1026 2650 1301 2720 Παρθένου
1332 2653 1726 2712 διέπλασε.λεί-

151 2759 310 2794 πεται
331 2744 470 2794 νοεῖν
487 2743 585 2812 τὴν
604 2741 695 2794 τοῦ
713 2741 896 2794 δούλου
921 2742 1132 2814 μορφὴν
1155 2744 1249 2796 καὶ
1270 2745 1599 2814 πλασθῆναι,
1626 2749 1722 2801 καὶ

152 2832 534 2900 μορφωθῆναι,
564 2833 657 2885 καὶ
705 2832 993 2904 κυηθῆναι,
1045 2836 1138 2888 καὶ
1168 2838 1493 2906 γεννηθῆναι
1539 2839 1717 2905 φύσει.

159 2924 384 2993 Ἐπειδὴ
417 2923 474 2975 δὲ
503 2926 564 2977 ού
597 2924 779 2995 γυμνὴ
807 2921 872 2994 ἦν
900 2927 997 2996 τῆς
1031 2928 1120 2979 τοῦ
1153 2927 1286 2980 Θεοῦ
1317 2930 1550 2998 μορφῆς,
1588 2929 1720 2982 ἀλλὰ

147 3016 274 3078 ναὸς
312 3012 405 3085 ἦν,
437 3017 643 3070 ἔνοικον
669 3018 757 3070 τὸν
781 3018 912 3070 Θεὸν
940 3020 1109 3086 Λόγον
1135 3021 1291 3090 ἔχων,
1327 3023 1467 3075 κατὰ
1497 3024 1593 3090 τὴν
1625 3021 1717 3077 τοῦ

1843 587 2007 645 Iesu:
2041 597 2133 663 qui
2177 614 2296 653 cum
2320 602 2371 653 in
2418 603 2591 658 forma
2649 606 2739 660 Dei
2790 619 2948 670 esset.
3007 627 3113 666 non
3157 617 3398 685 rapinam

1843 681 2137 740 arbitratus
2176 698 2261 741 est
2299 704 2418 744 esse
2475 708 2534 747 se
2587 697 2845 764 aequalem
2889 699 3043 756 Deo:
3093 703 3186 756 sed
3205 681 3405 758 semet-

1842 771 2012 840 ipsum
2040 778 2356 843 exinanivit,
2393 780 2616 836 formam
2653 788 2794 840 servi
2837 789 3110 857 accipiens
3134 791 3198 848 ’°.
3240 811 3258 843 ›
3291 791 3398 846 Pa-

1841 861 1944 916 lam
1977 865 2142 932 igitur
2182 878 2266 922 est
2316 885 2384 924 ex
2433 872 2538 937 his,
2589 888 2707 941 quae
2755 875 2901 928 dicta
2934 889 3079 941 sunt,
3131 882 3257 948 quia
3300 880 3396 938 Dei

1837 951 2008 1008 forma
2027 966 2229 1011 mutata
2257 974 2358 1013 non
2393 972 2476 1015 est
2505 961 2559 1015 in
2593 965 2730 1019 servi
2762 964 2986 1019 formam
3013 984 3027 1032 ;
3053 973 3146 1022 sed
3176 985 3397 1027 manens

1838 1043 1977 1108 quod
2011 1054 2146 1111 erat,
2181 1051 2475 1118 assumpsit
2504 1050 2730 1106 formam
2768 1056 2930 1108 servi.
2982 1056 3149 1126 igitur
3175 1074 3280 1114 non
3311 1071 3394 1115 est

1839 1128 2032 1185 factum
2065 1149 2191 1188 caro
2233 1137 2371 1192 Deus
2394 1139 2646 1204 Verbum,
2691 1145 2784 1197 sed
2837 1160 3052 1200 carnem
3125 1150 3392 1205 viventem

1835 1230 1888 1274 et
1917 1224 2124 1278 ratione
2161 1228 2432 1294 praeditam
2491 1234 2820 1300 assumpsit:
2853 1251 2958 1290 non
2990 1237 3105 1304 ipse
3132 1240 3394 1295 naturali-

1838 1320 1916 1365 ter
1939 1326 1968 1365 e
1999 1311 2216 1383 Virgine
2251 1327 2429 1385 natus,
2461 1328 2513 1373 et
2542 1334 2855 1390 conceptus,
2891 1337 2945 1380 et
2999 1328 3275 1398 figuratus,
3311 1341 3388 1385 at-

1833 1418 1937 1471 qtte
2003 1407 2286 1474 formatus,
2344 1423 2398 1463 et
2454 1413 2748 1468 exsistendi
2811 1418 3133 1486 principium
3201 1422 3394 1476 exinde

1833 1509 2132 1562 assumens,
2175 1502 2263 1568 qui
2310 1513 2435 1555 ante
2478 1504 2671 1558 saecula
2705 1515 2759 1558 et
2804 1507 2942 1561 Deus
3001 1519 3102 1570 est,
3159 1521 3214 1563 et
3251 1511 3392 1579 apud

1833 1581 2021 1646 Deum,
2050 1597 2102 1640 et
2131 1605 2251 1641 cum
2285 1589 2441 1644 Patre
2470 1602 2572 1654 est,
2600 1603 2652 1647 et
2679 1609 2798 1648 cum
2833 1595 2993 1652 Patre
3045 1601 3393 1668 cognoscitur

1831 1683 1884 1725 et
1920 1675 2177 1729 adoratur
2206 1695 2219 1741 ;
2249 1682 2363 1744 sed,
2406 1681 2657 1749 templum
2693 1683 2792 1737 sibi
2845 1685 2897 1738 in
2944 1698 3095 1740 utero
3143 1687 3392 1757 virginali

1833 1760 2091 1826 formans,
2155 1777 2272 1819 erat
2313 1784 2433 1820 cum
2486 1767 2716 1822 formato
2743 1782 2796 1824 et
2831 1783 2974 1826 nato.
3031 1775 3389 1839 Quamobrem

1829 1858 1883 1903 et
1930 1863 2170 1906 sanctam
2201 1845 2340 1908 illam
2379 1857 2647 1925 Virginem
2677 1859 2766 1914 Dei
2793 1861 3121 1918 Genitricem
3152 1866 3389 1936 appella-

1830 1957 1970 2007 mus,
2000 1958 2100 1997 non
2131 1947 2281 2012 quasi
2310 1946 2475 2000 Deum
2510 1957 2698 2002 natura
2741 1955 3104 2018 generaverit,
3149 1956 3241 2010 sed
3273 1965 3390 2010 tan-

1830 2048 1987 2101 quam
2055 2035 2324 2090 hominem
2386 2039 2591 2092 unitum
2648 2041 2776 2105 Deo,
2813 2043 2903 2110 qui
2953 2045 3105 2100 finxit
3151 2061 3294 2101 eum.
3333 2046 3391 2101 Si

1830 2126 2005 2170 autem
2055 2136 2160 2172 non
2198 2135 2281 2175 est
2313 2128 2495 2186 homo,
2527 2130 2617 2190 qui
2648 2131 2697 2178 in
2739 2141 2891 2182 utero
2925 2131 3160 2200 Virginis
3193 2135 3391 2189 forma-

1831 2218 1916 2261 tus
1950 2219 2053 2270 est.
2081 2215 2174 2264 sed
2216 2211 2355 2266 Deus
2382 2213 2636 2280 Verbum,
2697 2221 2839 2285 quod
2869 2229 2992 2275 ante
3041 2224 3233 2278 saecula
3262 2235 3340 2280 est
3371 2245 3386 2293 ;

1830 2297 2034 2352 factura
2068 2301 2228 2369 igitur
2260 2300 2495 2372 Spiritus
2521 2306 2625 2360 erit
2667 2307 2804 2362 Deus
2848 2309 3080 2367 Verbum
3118 2331 3132 2367 :
3173 2333 3191 2366 ι
3233 2316 3387 2384 Quod

1825 2390 1968 2444 enim
2014 2391 2064 2445 in
2108 2406 2167 2444 ea
2197 2403 2378 2447 natum
2411 2404 2512 2458 est,
2568 2397 2740 2465 inquit
2781 2398 3019 2466 Gabriel,
3073 2419 3135 2456 ex
3184 2403 3388 2475 Spiritu

1826 2491 2013 2534 sancto
2041 2483 2207 2535 est“.
2244 2502 2262 2534 ι
2299 2483 2354 2537 Si
2393 2495 2570 2539 autem
2608 2487 2902 2542 increatum
2942 2501 3027 2545 est
3051 2494 3384 2564 unigenitum

1827 2571 1919 2626 Dei
1945 2571 2201 2640 Verbum,
2249 2573 2501 2645 Patrique
2552 2583 3014 2636 consubstantiale
3056 2593 3110 2638 et
3162 2597 3386 2642 coaeter-

1826 2677 1974 2724 num,
2015 2678 2120 2718 non
2154 2675 2236 2718 est
2262 2665 2572 2729 formatum,
2622 2679 2713 2723 aut
2757 2683 2994 2726 creatum
3023 2689 3050 2726 a
3077 2673 3304 2741 Spiritu.
3328 2677 3387 2732 Si

1825 2769 1952 2809 vero
2009 2756 2173 2810 Deum
2229 2757 2460 2811 Verbum
2522 2759 2572 2810 in
2632 2768 2782 2814 utero
2866 2763 3101 2833 Virginis
3153 2767 3388 2835 Spiritus

1825 2857 2044 2902 sanctus
2081 2864 2186 2902 non
2243 2849 2512 2917 formavit,
2541 2853 2700 2922 205
2760 2840 2928 2909 restat
2981 2856 3210 2924 intelligi
3239 2859 3382 2912 servi

1824 2936 2050 2991 fortnam
2081 2949 2135 2992 et
2171 2940 2368 3004 fictam,
2398 2950 2453 2994 et
2504 2942 2811 3004 formatam,
2845 2949 2896 2993 et
2973 2955 3384 3011 conceptam,et

1824 3035 2007 3078 natam
2036 3041 2154 3078 esse
2187 3026 2522 3081 naturaliter.
2569 3029 2702 3094 Quia
2742 3045 2871 3084 vero
2923 3047 3026 3085 non
3070 3043 3188 3087 erat
3242 3036 3384 3090 nuda

147 3107 368 3159 Παύλου
419 3107 637 3176 φωνήν·
680 3125 697 3156 ι
740 3105 825 3158 Ἐν
867 3107 1015 3177 αὐτῷ
1053 3110 1181 3180 γὰρ,
1227 3112 1409 3181 φησὶν,
1453 3112 1719 3181 ηύδόκησε

1826 3130 1854 3168 a
1889 3117 1977 3170 Dei
2029 3116 2222 3182 forma,
2272 3119 2368 3172 sed
2404 3121 2658 3188 templum
2713 3132 2830 3175 erat
2891 3124 3242 3181 inhabitantis
3294 3128 3388 3183 Dei

145 3199 257 3249 πᾶν
287 3197 351 3246 τὸ
387 3196 660 3264 πλήρωμα
697 3199 795 3266 τῆς
827 3197 1076 3266 θεότητος
1117 3202 1438 3271 κατοικῆσαι
1479 3217 1718 3270 σωματι-

143 3289 289 3351 κῶς·
325 3306 344 3339 ι
394 3289 494 3340 οὐκ
524 3290 957 3357 άνθρωποτόκον,
991 3289 1128 3342 ἀλλὰ
1162 3292 1422 3344 Θεοτόκον
1451 3293 1548 3362 τὴν
1570 3293 1719 3362 Παρ-

145 3379 302 3430 θένον
335 3379 844 3447 προσαγορεύομεν·
873 3380 973 3448 τῆν
1016 3382 1114 3448 μὲν
1163 3383 1228 3448 τῇ
1276 3381 1580 3438 διαπλάσει,
1627 3382 1721 3430 καὶ

146 3466 458 3536 μορφώσει,
492 3465 586 3518 καὶ
620 3465 810 3519 ἐνώσει
840 3479 888 3529 ι,
920 3468 1017 3536 τὴν
1045 3467 1100 3519 δὲ
1135 3471 1201 3538 τῇ
1246 3467 1433 3520 ἑνώσει
1483 3469 1720 3530 τιθέντες

145 3555 546 3625 προσηγορίαν.
581 3555 680 3608 Διὰ
719 3556 876 3608 τοῦτο
913 3558 1008 3608 xal.
1043 3556 1102 3608 τὸ
1134 3557 1324 3626 τεχθὲν
1358 3558 1556 3627 βρέφος
1596 3560 1720 3628 Ἐμ-

148 3647 398 3717 μανουὴλ
427 3645 913 3715 προσαγορεύεται,
941 3646 1063 3700 οὗτε
1089 3648 1217 3708 Θεὸς
1255 3649 1598 3717 ἀνθρωπείας
1623 3651 1716 3718 φύ-

147 3757 285 3800 σεως
331 3738 754 3807 κεχωρισμένος,
809 3737 930 3790 οὔτε
971 3739 1253 3809 ἄνθρωπος
1296 3744 1719 3810 γεγυμνωμένος

146 3829 437 3896 θεότητος·
482 3827 544 3879 τὸ
580 3828 687 3894 γάρ
732 3829 1073 3898 Ἐμμανουὴλ
1101 3831 1161 3882 τὸ
1205 3831 1322 3899 μεθ’
1354 3834 1508 3901 ήμῶν
1548 3835 1720 3903 έρμη-

143 3918 292 3970 νεύει
329 3913 475 3967 εἶναι
503 3916 655 3978 Θεὸν,
689 3917 826 3970 κατὰ
858 3917 956 3987 τὴν
987 3919 1096 3970 τῶν
1133 3920 1474 3987 Εὑαγγελίων
1503 3923 1683 3991 φωνήν
1702 3938 1716 3952 °

141 4009 203 4060 τὸ
223 4008 306 4069 δὲ,
335 4025 351 4056 ι
374 4006 681 4075 Μεθ’ήμῶν
696 4007 886 4074 όΘεὸς,
906 4026 924 4059 ι
943 4010 1141 4063 καὶτὸν
1158 4011 1216 4076 ἐξ
1235 4012 1388 4082 ἡμῶν
1406 4014 1542 4084 ὑπὲρ
1564 4015 1718 4083 ἡμῶν

143 4097 427 4166 ληφθέντα
459 4095 627 4165 δηλοῖ,
655 4099 747 4149 καὶ
785 4099 876 4150 τὸν
901 4099 1226 4168 ἀνειληφότα
1260 4101 1390 4154 Θεὸν
1416 4105 1586 4170 Λόγον
1621 4119 1719 4172 κη·-

146 4188 357 4256 ρύττει.
389 4186 600 4240 Οὐκοῦν
632 4187 694 4239 τὸ
725 4187 919 4257 βρέφος
955 4189 1297 4260 Ἐμμανουήλ
1335 4191 1420 4244 διὰ
1449 4193 1538 4245 τὸν
1573 4195 1718 4245 ἀνει-

143 4275 359 4345 ληφότα
393 4273 548 4334 Θεὸν,
580 4275 674 4325 καὶ
696 4274 952 4339 Θεοτόκος
980 4278 1012 4346 ἠ
1046 4277 1318 4347 Παρθένος
1343 4278 1430 4331 διὰ
1461 4281 1562 4347 τὴν
1585 4280 1718 4350 πρὸς

140 4367 241 4435 τὴν
265 4364 571 4433 κυηθεῖσαν
617 4363 801 4418 δούλου
852 4367 1065 4436 μορφὴν
1098 4368 1290 4420 ἕνωσιν
1324 4369 1424 4437 τῆς
1453 4369 1546 4421 τοῦ
1584 4370 1718 4422 Θεοῦ

145 4455 402 4524 μορφῆςο
463 4453 525 4505 οὐ
570 4453 681 4522 γὰρ
725 4455 803 4516 εἰς
835 4455 1012 4523 σάρκα
1055 4459 1082 4508 ό
1112 4457 1242 4518 Θεὸς
1289 4460 1456 4524 Λόγος
1484 4461 1714 4529 ἐτράπη,

141 4547 259 4601 ἀλλ’
301 4547 337 4615 η
381 4544 476 4598 τοῦ
510 4543 645 4598 Θεοῦ
682 4545 862 4617 μορφὴ
897 4547 1055 4600 έλαόε
1100 4549 1198 4618 τὴν
1227 4549 1318 4602 τοῦ
1365 4551 1549 4605 δούλου
1583 4571 1717 4622 μορ-

142 4639 275 4708 φήν.

600 4855 903 4925 Ἀπολογία
958 4859 1277 4925 Κυρίλλου.

217 4987 489 5057 Πλειστην
554 4987 682 5056 ὅσην
731 4987 1079 5057 πεποιήμεθα
1131 4991 1228 5053 τὴν
1290 4988 1559 5057 καταῦοὴν
1605 4987 1713 5039 τῶν

139 5080 432 5148 ὁμολογεῖν
454 5079 553 5131 οὐκ
583 5079 920 5148 ἀνεχομένων
964 5080 1093 5131 Θεὸν
1120 5075 1256 5132 εἶναι
1288 5080 1424 5131 κατὰ
1459 5079 1715 5148 ἀλήθειαν

140 5167 239 5221 τὸν
288 5165 658 5236 Ἐμμανουὴλ,
690 5169 783 5219 καὶ
822 5168 927 5236 μὴν
958 5167 1038 5218 ὅτι
1064 5167 1320 5229 Θεοτόκος
1344 5168 1488 5218 ἐστὶν
1519 5169 1550 5234 ἡ
1586 5167 1715 5232 ἁγία

143 5257 450 5327 Παρθένος,
497 5257 577 5308 ὃτι
611 5259 905 5328 γεγέννηκε
941 5257 1079 5310 κατὰ
1125 5258 1298 5326 σάρκα
1347 5259 1434 5308 τὸν
1463 5257 1553 5309 τοῦ
1580 5255 1712 5308 Θεοῦ

1828 3202 2009 3267 Verbi,
2076 3207 2368 3261 secundum
2421 3207 2570 3262 Pauli
2629 3225 2862 3266 vocem:
2897 3230 2915 3263 ι
2955 3212 3009 3265 in
3053 3215 3168 3282 ipso
3220 3217 3386 3281 enim,

1826 3294 2021 3363 inquit,
2056 3296 2382 3364 complacuit
2409 3313 2623 3353 omnem
2657 3300 3046 3368 plenitudinem
3083 3304 3388 3362 divinitatis

1824 3381 2128 3436 inhabitare
2161 3387 2516 3451 corporaliter
2536 3389 2582 3421 τ’
2624 3405 2638 3450 ;
2680 3407 2697 3438 ι
2735 3406 2839 3444 non
2883 3391 3122 3448 hominis
3161 3395 3387 3462 genitri-

1822 3482 1961 3533 cem,
2015 3469 2107 3522 sed
2164 3468 2257 3523 Dei
2303 3470 2630 3528 Genitricem
2664 3475 2949 3547 Virginem
2987 3485 3334 3551 appellamus
3367 3501 3385 3550 ;

1823 3558 1966 3611 illam
1998 3559 2211 3627 quidem
2246 3561 2522 3630 figmento,
2557 3572 2612 3617 et
2640 3563 2968 3636 formationi,
2999 3581 3050 3623 et
3080 3573 3386 3640 cooceptui,

1825 3649 1963 3702 hanc
2016 3660 2196 3703 autem
2256 3652 2484 3707 unitioni
2542 3655 2879 3724 imponentes
2950 3661 3380 3727 appellationem.

1825 3734 2117 3806 Pr0pterca
2143 3747 2196 3792 et
2219 3746 2380 3796 natus
2412 3742 2915 3800 infansEmmanuel
2956 3749 3276 3816 appellatur,
3298 3766 3387 3806 tte-

1821 3841 1923 3893 que
1983 3827 2123 3882 Deus
2163 3830 2231 3882 ab
2299 3831 2533 3885 humana
2593 3841 2788 3886 natura
2845 3849 3148 3903 separatus,
3211 3854 3385 3908 neque

1822 3917 1981 3971 homo
2027 3918 2310 3974 divinitate
2361 3923 2615 3976 nudatus.
2661 3922 2977 3979 Emmanuel
3027 3928 3168 3980 enim
3201 3931 3386 3984 nobis-

1820 4021 1938 4060 cum
1967 4006 2347 4076 interpretatur
2371 4022 2491 4064 esse
2533 4009 2724 4075 Deum,
2775 4015 3070 4068 secundum
3116 4018 3386 4085 evangeli-

1819 4110 1935 4147 cam
1978 4110 2186 4150 vocem.
2237 4097 2372 4153 illud
2409 4107 2630 4153 autem:
2667 4119 2686 4152 ι
2739 4101 3028 4157 Nobiscum
3085 4106 3226 4162 Deus
3257 4109 3323 4175 ’³,
3359 4128 3378 4160 ι

1819 4191 1871 4236 et
1921 4198 1984 4236 ex
2047 4185 2202 4240 nobis
2251 4201 2348 4251 pro
2400 4188 2552 4244 nobis
2598 4199 2926 4259 assumptum
2984 4195 3270 4263 signiﬁcat,
3332 4209 3386 4254 et

1821 4283 2183 4328 assumentem
2235 4275 2402 4330 Deum
2455 4277 2687 4332 Verbum
2726 4285 3000 4350 praedicat.
3035 4284 3174 4352 Ergo
3207 4288 3383 4344 infans

1823 4363 2138 4418 Emmanuel
2187 4367 2382 4421 dicitur
2426 4378 2647 4438 propter
2682 4385 3042 4427 assumentem
3091 4377 3290 4442 Deum;
3326 4389 3382 4434 et

1756 4439 1797 4492 Ῐ)
1827 4453 1918 4507 Dei
1943 4453 2188 4509 Genitrix
2225 4455 2405 4526 Virgo,
2424 4470 2640 4530 propter
2667 4463 2960 4518 unitionem
2981 4466 3167 4521 formae
3200 4439 3289 4522 Dei
3313 4471 3381 4523 ad

1825 4555 2140 4611 conceptam
2167 4549 2305 4601 servi
2343 4548 2594 4604 formam.
2625 4550 2738 4605 Non
2765 4553 2908 4608 enim
2932 4557 2982 4607 in
3008 4571 3224 4610 carnem
3245 4559 3384 4611 Deus

1825 4631 2058 4687 Verbum
2091 4649 2409 4690 conversum
2454 4644 2556 4697 est,
2596 4636 2689 4688 sed
2729 4634 2821 4689 Dei
2873 4637 3044 4692 forma
3093 4646 3384 4711 assumpsit

1823 4723 1963 4775 servi
1998 4723 2245 4775 formam.

2367 4855 2549 4922 Cyrilli
2581 4858 2830 4926 defensio.

1892 4986 2056 5042 Valde
2091 4990 2312 5042 multum
2364 4991 2785 5045 declamavimus
2844 4995 3104 5048 adversus
3153 5010 3244 5050 eos
3286 5000 3375 5064 qui

1821 5079 2062 5131 confiteri
2119 5097 2221 5131 non
2275 5081 2548 5147 patiuntur
2621 5082 3022 5136 Emmanueletn
3082 5101 3209 5139 vere
3261 5102 3381 5143 esse

1821 5167 1910 5220 Dei
1933 5167 2184 5231 Verbum,
2222 5181 2270 5222 et
2313 5182 2549 5223 sanctam
2583 5171 2849 5240 Virginem
2879 5175 2969 5228 Dei
3021 5177 3374 5243 Genitricem,

1821 5259 1960 5326 quod
2033 5261 2121 5312 Dei
2178 5259 2406 5312 Verbum
2481 5262 2771 5316 secundum
2838 5279 3052 5319 carnem
3113 5267 3375 5336 genuerit,

213 5411 262 5440 ’⁸
302 5407 532 5477 Philipp.
565 5425 626 5473 tt,
651 5410 764 5463 5-7.
843 5412 888 5442 τι
926 5409 1110 5462 Matth.
1144 5427 1182 5472 t,
1215 5409 1303 5463 ευ.
1382 5412 1424 5440 ⁷³
1452 5411 1656 5465 Coloss.
1686 5426 1722 5472 ι,
1759 5411 1824 5465 l9
1854 5427 1867 5476 ;
1902 5428 1938 5466 ll
1970 5452 1982 5477 ,
2015 5410 2066 5464 9.
2144 5413 2188 5442 "
2216 5411 2398 5468 Matth.
2439 5429 2473 5477 ι,
2505 5413 2596 5467 25.

1209 5566 1376 5622 Variae
1411 5567 1663 5623 lectiones
1692 5583 1753 5621 ex
1786 5568 1967 5624 codice
2003 5568 2375 5638 Seguieriano.

214 5712 244 5742 ³
270 5703 356 5756 la.
389 5703 602 5774 κυήσει,
627 5700 665 5766 ἢ
702 5701 927 5765 γενέσει.

449 5797 731 5856 Parnm.
778 5794 886 5855 Gn.
942 5795 1082 5854 LXX
1095 5795 1186 5855 Vl.

2912 5801 2982 5866 13
