4108 6466
731 393 900 448 395'

1714 377 1770 431 S.
1809 374 2078 432 CYRlLLl
2122 369 2594 426 ALEXANDRINI
2637 370 2961 427 ARCllIEP.

3894 374 3992 429 596

731 508 946 577 quando
988 506 1185 559 factum
1217 510 1298 560 est
1345 515 1496 564 caro,
1531 501 1629 553 hoc
1666 505 1747 550 est
1775 497 1956 550 homo.
2012 495 2302 546 Accusator

2407 491 2600 558 Λόγον,
2637 491 2717 544 ὅτι
2743 498 2772 540 γ
2800 489 2991 558 γέγονε
3026 488 3180 559 σὰρξ,
3206 489 3480 542 τουτέστιν
3508 488 3818 559 ἄνθρωπος.
3859 486 3917 538 ’0
3941 489 3993 539 δὲ

730 614 858 654 vero
881 599 1069 650 horum
1100 594 1176 646 sic
1203 603 1346 646 recte
1374 591 1659 649 dictorum.
1689 591 1733 643 si
1752 602 1856 642 non
1883 585 2051 649 novit,
2085 582 2302 636 Emma-

732 688 943 742 uuelem
973 699 1097 738 vere
1129 683 1293 737 Deum
1335 693 1475 745 esse,
1506 679 1550 733 si
1592 693 1696 731 non
1744 674 2039 732 secundum
2085 684 2301 726 carnem

733 794 796 834 ex
834 787 1020 833 sancta
1059 773 1276 844 Virgine
1305 786 1523 827 carnem
1553 770 1755 823 factum
1797 766 1891 822 Dei
1941 763 2196 827 Verbum,
2246 771 2305 814 ut

733 868 992 936 scriptum
1025 874 1128 926 est,
1161 877 1262 916 cur
1293 877 1396 914 non
1432 859 1609 928 potius
1630 857 1772 911 clare
1802 856 1970 909 dixit:
2003 852 2140 920 Quid
2165 850 2301 920 agis,

732 962 816 1014 vir
836 956 1097 1028 egregie?
1123 953 1388 1008 absurdas
1431 961 1484 1005 et
1521 950 1820 1004 contrarias
1859 946 2065 1001 evomis
2103 956 2300 998 voces:

732 1064 832 1103 cur
873 1044 1217 1114 dogmatibus
1269 1040 1513 1094 veritatis
1560 1037 1868 1104 juveniliter
1905 1030 2302 1090 insultas?Non

733 1146 820 1191 est
864 1134 1157 1190 secundm
1225 1130 1510 1186 veritatem
1563 1128 1705 1182 Deus
1751 1123 2087 1187 Emmanuel,
2131 1133 2304 1190 neque

738 1228 829 1283 Dei
870 1225 1119 1281 Genitrix
1148 1232 1332 1276 sancta
1363 1220 1561 1289 Virgo:
1595 1227 1724 1272 utet
1777 1232 1875 1271 nos
1921 1219 1992 1269 ita
2047 1212 2300 1268 clamanti

739 1333 901 1388 atque
932 1314 1152 1376 dicenti,
1188 1329 1218 1369 e
1253 1313 1531 1381 Scriptura
1588 1311 1765 1364 divina
1815 1309 2130 1362 resistentes
2178 1319 2304 1374 pru-

741 1413 948 1471 denter,
976 1418 1028 1462 et
1056 1405 1363 1475 apostolica:
1414 1412 1573 1471 atque
1614 1398 1938 1470 evangelicae
1971 1397 2091 1451 ﬁdei
2137 1394 2303 1449 tradi-

734 1503 936 1555 tionem
979 1497 1305 1566 Patrumque
1349 1492 1766 1556 confessionem,
1800 1490 1891 1560 qui
1943 1488 2071 1543 olim
2108 1487 2300 1541 Niczra:

734 1587 1046 1658 congregati
1103 1594 1254 1645 sunt,
1311 1593 1496 1638 contra
1552 1580 1911 1652 prolereutes,
1951 1578 2304 1632 convincere-

733 1697 874 1744 mus,
908 1695 1028 1733 eum
1110 1677 1308 1732 nostris
1377 1675 1538 1729 dictis
1603 1671 2074 1742 reprehensionem
2129 1682 2303 1737 neque

735 1784 904 1835 recte,
966 1786 1139 1841 neque
1206 1770 1430 1826 honeste
1497 1766 1699 1829 moliri,
1750 1764 1920 1834 magis
1963 1772 2149 1818 autem
2179 1777 2300 1815 cum

732 1865 896 1934 206
927 1862 1122 1917 divinis
1159 1859 1456 1928 Scripturis
1492 1858 1830 1925 impudenter
1874 1869 2139 1925 pugnare.
2195 1852 2299 1907 Sed

732 1956 949 2024 sapiens
976 1961 1031 2007 et
1077 1960 1288 2005 astutus
1329 1957 1634 2011 enarrator,
1690 1961 1808 2013 qua:
1860 1945 2076 2014 quidem
2125 1944 2306 1998 dicere

733 2045 958 2098 decebat
1016 2052 1072 2094 et
1129 2040 1495 2095 necessarium
1552 2047 1692 2101 erat,
1755 2036 2194 2106 pnetermitlens,
2250 2044 2304 2088 et

731 2129 953 2185 omnino
1004 2127 1070 2181 de
1116 2124 1313 2178 talibus
1342 2124 1478 2175 nihil
1531 2121 1798 2189 cogitans,
1834 2120 1938 2171 alia
1993 2118 2305 2186 aggreditur

733 2221 841 2274 via.
876 2215 1172 2274 Confestim
1206 2213 1348 2267 enim
1403 2225 1461 2266 se
1509 2210 1774 2265 convertit
1809 2211 1877 2263 ad
1925 2209 2303 2263 necessitatem

735 2309 1010 2365 astruendi
1057 2303 1408 2361 conversione
1450 2302 1701 2371 superius
1747 2315 1869 2356 esse
1907 2301 2003 2354 Dei
2041 2301 2302 2364 Verbum,

735 2416 834 2456 nec
867 2402 918 2453 in
956 2407 1207 2452 naturam
1259 2394 1442 2449 carnis
1490 2391 1932 2447 transformatum
1959 2406 2118 2447 esse:
2147 2393 2303 2461 quasi

734 2506 863 2545 vero
918 2486 1402 2544 anathematismus
1458 2485 1509 2538 id
1545 2483 1853 2546 continuet,
1907 2498 1970 2538 ac
2018 2484 2307 2538 ostendere

735 2582 886 2636 velit.
951 2579 1150 2632 Audiat
1211 2577 1411 2644 itaque,
1456 2575 1556 2643 qui
1602 2587 1893 2628 occurrere
1944 2574 2046 2639 his,
2111 2576 2308 2644 quibus

734 2670 1080 2734 contradicit,
1119 2668 1265 2722 nullo
1302 2666 1461 2720 modo
1507 2665 1658 2719 novit
1690 2677 1704 2716 :
1738 2662 2018 2732 Superilue
2044 2665 2305 2735 loqueris,

737 2764 916 2825 homo,
946 2768 1001 2815 et
1037 2772 1302 2829 repugnas
1357 2756 1642 2812 sententia:
1698 2755 1901 2809 odiosa:
1953 2756 2117 2809 etiam
2165 2757 2308 2826 apud

735 2867 856 2906 nos.
892 2849 1151 2904 Novimus
1221 2848 1366 2900 enim
1413 2847 1556 2916 quod
1599 2847 1970 2902 conversionis
2014 2847 2308 2902 obumbra-

736 2945 936 2996 tionem
996 2938 1270 2994 sustinere
1311 2934 1491 2990 divina
1543 2947 1598 2989 et
1651 2952 1903 3003 suprema
1957 2946 2152 2992 natura
2199 2953 2305 2992 non

737 3033 1098 3104 patiturzsed
1137 3043 1309 3098 neque
1337 3029 1431 3082 Dei
1467 3023 1706 3081 Verbum
1756 3041 1877 3080 esse
1921 3026 2178 3081 desinens
2207 3030 2309 3082 hoc

2405 580 2514 632 τῶν
2547 580 2720 643 οὕτως
2748 579 2926 650 ὀρθῶς
2964 580 3272 650 εἰρημένων
3305 580 3630 649 κατήγορος,
3665 579 3710 629 εί
3752 577 3831 647 μὴ
3861 577 3992 630 Θεὸν

2404 666 2512 723 οἶδε
2571 671 2713 723 κατά
2771 669 3033 740 ἀλήθειαν
3080 671 3211 723 ὄντα
3259 669 3350 722 τὸν
3414 668 3785 740 Ἐμμανουήλ,
3835 670 3886 719 εί
3921 666 3993 736 μὴ

2406 762 2733 830 γεγέννηται
2789 762 2933 814 κατά
2987 760 3166 830 σάρκα
3213 761 3278 813 ὲκ
3318 760 3417 829 τῆς
3471 761 3632 828 ἁγίας
3685 757 3992 828 Παρθένου,

2405 854 2543 922 σὰρξ
2574 853 2837 922 γεγονὼς,
2886 854 2915 905 ό
2963 852 3099 906 Θεοῦ
3134 853 3306 920 Λόγος
3346 851 3487 904 κατά
3521 851 3623 914 τὰς
3655 849 3908 920 Γραφὰς,
3943 849 3993 899 τί

2407 945 2481 1014 μὴ
2513 946 2716 1014 μᾶλλον
2744 945 2984 1012 ἔφασκεν
3024 943 3270 1014 ἐναργῶς
3293 960 3307 973 θ
3352 941 3418 993 Τί
3463 940 3615 1011 δρᾷς,
3648 933 3693 992 ὧ
3727 940 3985 1006 γενναῖες

2403 1036 2584 1099 δεινάς
2611 1053 2671 1090 τε
2709 1036 2805 1088 καὶ
2839 1034 3240 1105 παλιμφήμους
3262 1032 3466 1105 ἑρεύγῃ
3508 1031 3724 1100 φωνάςς
3760 1028 3874 1082 τῶν
3898 1028 3992 1095 τῆς

2405 1128 2664 1198 ἀληθείας
2723 1129 3117 1200 κατανεανιεύῃ
3177 1127 3498 1198 δογμάτων;
3539 1124 3652 1178 Οὐκ
3702 1123 3826 1176 ἐστι
3863 1120 3993 1181 Θεὸς

2405 1223 2547 1276 κατὰ
2577 1222 2838 1292 ἀλήθειαν
2883 1223 2913 1275 ό
2963 1221 3334 1293 Ἐμμανουὴλ,
3365 1219 3491 1273 οὗτε
3529 1219 3635 1288 μὴν
3665 1216 3929 1276 Θεοτόκος
3957 1216 3990 1284 ἡ

2404 1313 2536 1381 ἁγία
2577 1314 2885 1385 Παρθένος·
2937 1315 3025 1367 ἵνα
3073 1314 3169 1368 καὶ
3214 1315 3377 1383 ἡμεῖς
3417 1309 3586 1364 ταῦτα
3628 1307 3847 1378 βοῶντι,
3903 1304 3991 1357 καὶ

2403 1407 2638 1474 λέγοντι,
2667 1406 2736 1458 τά
2765 1407 2828 1459 ἐκ
2858 1406 2957 1476 τῆς
2992 1402 3354 1459 θεοπνεύστου
3385 1399 3606 1471 Γραφῆς
3637 1393 3989 1450 ἀπανιστάν-

2402 1513 2494 1559 τες
2515 1495 2826 1566 ἐμφρόνως,
2859 1497 2954 1547 καὶ
2983 1493 3083 1561 τῆς
3107 1490 3472 1560 ἀποστολικῆς
3500 1505 3558 1542 τε
3581 1486 3675 1540 καὶ
3701 1482 3990 1551 εὐαγγελιο

2411 1583 2514 1654 κῆς
2553 1585 2790 1646 πίστεως
2823 1582 2919 1652 τὴν
2951 1581 3268 1651 παράδοσιν,
3313 1578 3406 1630 καὶ
3448 1577 3549 1647 τὴν
3589 1575 3695 1628 τῶν
3729 1572 3989 1642 Πατέρων

2411 1675 2702 1746 ὁμολογίαν
2740 1672 2850 1727 τῶν
2901 1675 3044 1727 κατά
3091 1672 3318 1743 καιροὺς
3351 1671 3410 1722 ὲν
3440 1671 3507 1739 τῇ
3538 1666 3796 1720 Νικαέων
3819 1677 3991 1716 συνει-

2405 1766 2688 1836 λεγμένων
2752 1764 3183 1833 ἀντεεάγοντες,
3247 1761 3683 1831 δυσωπήσωμεν,
3741 1755 3822 1819 ὡς
3868 1751 3984 1806 οὔτε

2406 1857 2602 1928 ὀρθῶς,
2631 1856 2756 1909 οῦτε
2799 1855 2903 1926 μὴν
2935 1857 2991 1908 ὲν
3027 1854 3218 1923 κόσμῳ
3246 1855 3360 1915 τοῖς
3401 1851 3534 1922 παρ’
3566 1848 3725 1920 ἡμῶν
3767 1844 3990 1916 εἰρημέ-

2406 1966 2517 2011 νοις
2562 1948 2922 2018 ἐπιπλήττειν
2968 1948 3252 2009 ἐπιχειρεῖ,
3293 1942 3494 2006 μᾶλλον
3532 1935 3588 1988 δὲ
3629 1936 3827 1989 ἀνέδυν
3868 1938 3983 1994 ταῖς

2405 2041 2581 2096 astat;
2615 2041 2847 2102 μάχεται
2875 2033 3134 2102 Γραφαῖς.
3182 2029 3322 2081 Ἀλλ’
3349 2029 3377 2080 ό
3415 2027 3576 2095 σοφὸς
3605 2027 3700 2080 καὶ
3730 2026 3982 2095 ἀγχίνους

2409 2122 2701 2194 ἐξηγητὴς,
2743 2122 2778 2175 ἀ
2824 2123 2922 2191 μὲν
2946 2116 3014 2191 ἦν
3044 2122 3190 2182 εἰκός
3216 2136 3273 2172 τε
3314 2119 3408 2172 καὶ
3447 2120 3748 2186 ἀναγκαῖον
3791 2117 3981 2175 εἰπεῖν,

2407 2214 2690 2286 παρήλασε
2709 2252 2723 2275 ,
2770 2210 3143 2282 πεφροντικὼς
3190 2211 3246 2263 δὲ
3287 2210 3424 2272 ὅλως
3450 2209 3559 2261 τῶν
3589 2207 3868 2266 τοιούτων
3897 2205 3984 2257 οὐ·

2405 2307 2574 2370 δενὸς,
2608 2306 2692 2375 ἐφ’
2731 2306 2923 2375 ἑτέραν
2955 2305 3094 2357 ίεται
3128 2302 3332 2374 τρίϐον.
3377 2303 3673 2372 Ἐτράπετο
3697 2302 3810 2371 γὰρ
3830 2297 3987 2359 εὐθὺς

2408 2399 2502 2452 ἐπὶ
2539 2399 2597 2451 τὸ
2632 2397 2742 2450 δεῖν
2767 2397 3110 2465 ἀποφαίνειν,
3142 2395 3222 2448 ὃτι
3256 2395 3463 2466 τροπῆς
3494 2394 3743 2464 ἀμείνων
3778 2392 3926 2445 ιστὶν
3959 2391 3986 2442 ό

2406 2489 2502 2543 τοῦ
2537 2487 2673 2542 Θεοῦ
2704 2488 2897 2555 Λόγος,
2926 2487 3019 2539 καὶ
3047 2487 3146 2538 οὐκ
3183 2486 3262 2546 είς
3291 2484 3452 2553 φύσιν
3489 2481 3827 2554 μετεποιήθη
3857 2493 3983 2549 σαρ-

2407 2581 2524 2644 κὸς,
2568 2581 2642 2644 ὼς
2676 2579 2835 2632 τοῦτο
2879 2577 3263 2649 κρατύνοντος,
3301 2577 3396 2629 καὶ
3430 2575 3628 2645 ἀληθὲς
3666 2572 3984 2642 ἀποφαίνειν

2407 2672 2687 2734 ἐθέλοντος
2754 2669 2848 2722 τοῦ
2918 2666 3384 2738 ἀναθεματισμοῦ.
3460 2665 3732 2718 ’Δκουέτω
3789 2661 3982 2722 τοίνυν,

2407 2763 2652 2832 ὑπαντᾷν
2691 2755 2773 2823 οἷς
2820 2758 3090 2825 ἀντιλέγει
3145 2759 3267 2809 κατ’
3305 2755 3494 2810 οὐδένα
3539 2756 3744 2825 τρόπον
3789 2750 3940 2812 εἰδώς
3967 2767 3980 2780 ο

2408 2853 2800 2919 Είκαιολογεῖς,
2824 2849 3100 2920 ἄνθρωπε,
3133 2848 3226 2900 καὶ
3261 2848 3408 2917 μάχῃ
3435 2847 3746 2916 φρονήματι
3763 2858 3986 2914 μεμιση-

2411 2944 2556 3014 μένῳ
2591 2944 2685 2996 καὶ
2733 2941 2871 3012 πρὸς
2895 2941 3072 3010 ἡμῶν.
3110 2940 3301 3007 Ἰσμεν
3334 2938 3465 3007 γὰρ,
3497 2938 3577 2991 ὅτι
3619 2935 3833 3006 τροπῆς
3865 2935 3980 2985 ἐπι·

2411 3037 2655 3102 σκίασμα
2695 3034 2890 3086 παθεῖν
2923 3034 2955 3101 ἡ
2991 3032 3111 3085 θεία
3141 3048 3199 3083 τε
3244 3031 3338 3084 καὶ
3386 3029 3662 3100 ὑπερτάτη
3695 3027 3859 3097 φύσις
3889 3024 3981 3076 οὐκ

734 3125 882 3194 quod
912 3133 1012 3183 est.
1041 3123 1093 3175 in
1128 3128 1375 3174 naturam
1420 3117 1636 3172 transiit
1663 3116 1863 3171 carnis.
1884 3115 2022 3182 Quia
2075 3131 2204 3171 vero
2231 3117 2302 3170 ait

2410 3125 2698 3194 ἀνέχεται·
2759 3122 2883 3176 οὔτε
2947 3123 3052 3192 μὴν
3111 3123 3139 3174 ό
3190 3121 3284 3174 τοῦ
3320 3119 3456 3173 Θεοῦ
3504 3120 3698 3188 Λόγος,
3746 3117 3810 3171 τὸ
3851 3112 3982 3168 εἶναι

736 3233 764 3268 a
796 3214 887 3268 Dei
941 3212 1112 3267 forma
1153 3217 1484 3278 assumptam
1528 3206 1671 3262 servi
1726 3205 1977 3270 formam,
2035 3205 2227 3259 doceat
2253 3207 2304 3259 in

737 3304 970 3356 medium
1005 3299 1324 3367 procedens,
1358 3296 1403 3350 si
1444 3295 1646 3364 absque
1703 3293 2077 3349 subsistentiis
2100 3294 2228 3348 solae
2254 3303 2309 3348 et

735 3410 831 3462 per
864 3408 922 3446 se
947 3391 1134 3445 {omne
1183 3399 1555 3441 convenerunt
1587 3388 1728 3439 inter
1761 3400 1841 3439 se.
1865 3385 1995 3447 Sed,
2029 3385 2304 3448 existimo,

735 3486 850 3543 ipse
879 3496 934 3533 se
955 3479 1136 3533 statim
1169 3484 1397 3531 evertet.
1421 3474 1536 3529 Non
1573 3475 1718 3529 enim
1747 3473 2130 3528 similitudines
2177 3473 2309 3526 sim-

736 3572 949 3639 pliciter
997 3584 1099 3622 uon
1155 3566 1537 3629 subsistentes,
1602 3573 1655 3618 et
1696 3564 1880 3618 formae
1936 3571 2306 3618 convenerunt

736 3662 877 3715 inter
925 3675 982 3712 se
1024 3674 1120 3727 per
1159 3659 1411 3711 unionem
1462 3656 1937 3725 dispensatoriam,
1971 3655 2066 3708 sed
2123 3668 2307 3709 rerum

735 3755 850 3808 sive
898 3750 1328 3805 substantiarum
1381 3763 1679 3803 concursus
1707 3756 1790 3803 est
1822 3747 2019 3813 factus,
2053 3758 2110 3801 ut
2143 3748 2306 3801 inhu-

735 3840 1061 3898 manationis
1092 3840 1229 3893 ratio
1261 3852 1387 3893 vere
1421 3837 1563 3891 facta
1595 3838 1868 3892 credatur.
1897 3838 2036 3909 Ergo
2073 3839 2122 3892 si
2160 3839 2306 3892 dice-

733 3947 855 3985 mus
906 3944 1122 3983 carnem
1166 3927 1368 3982 factum
1430 3925 1691 3994 Verbum,
1750 3943 1852 3982 non
1909 3928 2300 3992 confusionem,

733 4035 841 4074 non
897 4019 1202 4082 misturam,
1253 4032 1360 4072 non
1415 4018 1848 4080 conversionem,
1904 4027 1995 4070 aut
2055 4018 2309 4070 immuta-

735 4112 934 4165 tionem
964 4109 1255 4176 contigisse
1280 4107 1511 4162 dicimus
1542 4108 1684 4161 circa
1729 4108 1926 4175 ipsum,
1963 4106 2056 4161 sed
2095 4107 2303 4160 unitum

731 4202 910 4270 potius
972 4198 1314 4255 ineliabiliter
1363 4209 1415 4253 et
1452 4199 1888 4253 inenarrabiliter
1935 4201 2149 4266 corpori
2189 4199 2308 4251 aui-

733 4306 877 4346 mam
934 4292 1153 4345 habenti
1218 4291 1621 4345 intellectivam.
1693 4290 1845 4356 Quod
1920 4299 2097 4344 autem
2165 4291 2304 4343 uniri

731 4382 948 4445 dicitur,
974 4396 1077 4435 non
1113 4381 1294 4435 statim
1327 4380 1693 4444 confunditur,
1729 4380 1821 4435 sed
1859 4381 2036 4449 potius
2071 4382 2296 4436 alterum

730 4474 977 4527 assumit.
1010 4471 1353 4526 Allirmamus
1396 4472 1555 4541 igitur
1595 4470 1853 4537 Verbum,
1886 4473 2027 4541 quod
2083 4489 2149 4528 ex
2191 4474 2299 4528 Deo

729 4563 890 4618 Patre
917 4571 1020 4625 est,
1057 4563 1414 4626 assumpsisse
1468 4572 1709 4614 sanctam
1747 4575 1800 4617 et
1838 4565 2136 4617 animatam
2176 4580 2299 4619 car-

733 4666 879 4710 nem,
937 4650 1251 4714 uniturnque
1307 4646 1602 4699 secundum
1661 4650 1939 4701 veritatem
1996 4649 2298 4716 inconfuse,

731 4755 796 4794 ex
840 4748 994 4792 utero
1028 4739 1145 4805 ipso
1201 4736 1528 4802 processisse
1583 4734 1882 4798 hominem,
1935 4741 2300 4801 permansisse

729 4837 908 4882 autem
959 4827 1124 4879 etiam
1153 4825 1232 4878 sic
1262 4824 1425 4876 Deum
1479 4837 1663 4874 verum
1689 4822 1950 4888 :ideoque
1979 4829 2032 4874 et
2063 4820 2153 4874 Dei
2195 4820 2300 4875 Ge-

730 4915 892 4970 nilrix
933 4923 1016 4967 est
1040 4925 1224 4965 saneta
1265 4909 1448 4979 Virgo.
1483 4908 1830 4977 Superﬂuum
1860 4918 2038 4963 autem
2066 4911 2299 4964 arbitror

729 5006 1063 5065 existimare,
1130 5002 1366 5056 hominis
1417 5005 1577 5053 etiam
1633 5001 1950 5068 genitricem
2018 5013 2136 5053 eam
2191 5001 2295 5054 dici

729 5107 1000 5168 oportere.
1044 5094 1172 5147 Nam
1207 5094 1249 5146 si
1294 5093 1508 5160 quidem
1568 5100 1752 5145 essent
1803 5092 1968 5162 aliqui
2018 5107 2083 5146 ex
2133 5093 2297 5146 multa

727 5189 942 5243 vesania
979 5189 1236 5248 dicentes,
1291 5182 1385 5236 Dei
1437 5180 1595 5235 Verbi
1626 5193 1872 5236 naturam
1906 5183 2070 5238 veluti
2096 5185 2297 5238 fontem

727 5279 1016 5350 quemdam
1065 5286 1114 5329 et
1178 5275 1407 5343 prepria:
1455 5275 1786 5326 exsistentiae
1828 5274 2152 5343 principium
2197 5276 2300 5329 ha-

725 5368 907 5422 buisse
948 5380 1204 5430 carnem;
1233 5366 1370 5416 forte
1408 5363 1594 5416 fuisset
1635 5364 1813 5433 aliqua
1844 5380 1949 5419 non
1975 5367 2210 5420 absurda
2244 5378 2299 5421 et

727 5457 1119 5512 contemnenda
1171 5453 1307 5508 ratic
1341 5453 1668 5517 volentibus,
1702 5469 1820 5508 eam
1853 5457 2016 5509 etiam
2053 5457 2290 5512 hominis

2413 3219 2600 3287 μεθεὶς
2624 3219 2761 3286 ὅπερ
2785 3217 2952 3278 ἐστὶν,
2973 3216 3053 3276 είς
3075 3213 3172 3284 τὴν
3203 3213 3303 3282 τῆς
3330 3210 3531 3281 σαρκὸς
3562 3207 3982 3280 μετακεχὼρηκε

2409 3307 2591 3374 φύσιν.
2631 3305 2853 3375 Ἐπειδὴ
2881 3305 2936 3357 δέ
2968 3319 3123 3371 φησι,
3155 3301 3307 3370 παρὰ
3344 3299 3443 3368 τῆς
3469 3297 3566 3350 τοῦ
3601 3295 3738 3350 Θεοῦ
3773 3292 3982 3365 μορφῆς

2412 3395 2627 3465 μορφὴν
2663 3390 3039 3461 ἀναληφθῆναι
3085 3389 3294 3450 δούλου,
3335 3386 3632 3439 διδασκέτω
3679 3380 3979 3454 παρελθὼν,

2409 3486 2599 3555 είδίχα
2624 3485 2735 3536 τῶν
2769 3481 3121 3535 ύποστάσεων
3179 3479 3339 3547 μόναι
3384 3479 3478 3530 καὶ¹
3523 3476 3648 3528 καθ’
3689 3475 3891 3536 ἑαυτὰς
3927 3470 3980 3522 αἱ

2412 3575 2620 3646 μορφαὶ
2660 3571 2924 3641 συνῆλθον
2952 3569 3231 3638 ἀλλήλαις.
3276 3568 3439 3632 Ἀλλ’,
3479 3563 3655 3637 οἴμαι,
3687 3563 3981 3620 καταϐαλεῖ

2408 3667 2502 3719 καὶ
2529 3664 2690 3726 αὐτὸς
2716 3662 2910 3714 ἑαυτὸν
2944 3660 3173 3713 αὐτόθεν
3242 3659 3302 3711 οὐ
3328 3659 3435 3726 γὰρ
3455 3657 3776 3728 ὁμοιότητες
3804 3653 3980 3712 ἀπλῶς

2407 3757 2794 3817 ἀνυπόστατοι,
2841 3753 2935 3804 καὶ
2979 3751 3188 3822 μορφαὶ
3233 3750 3536 3818 συνέδησαν
3571 3749 3834 3820 ἀλλήλαις
3865 3743 3978 3798 καθ’

2407 3847 2600 3900 ἕνωσιν
2628 3843 2997 3914 οίκονομικὴν,
3018 3843 3153 3895 ἀλλά
3172 3841 3532 3912 πραγμάτων,
3555 3843 3724 3911 ἡγουν
3753 3837 3978 3892 ὑποστά-

2409 3955 2546 3990 σεων
2578 3937 2767 4004 γέγονε
2796 3935 3035 3998 σύνοδος,
3074 3934 3163 3987 ἴνα
3193 3933 3287 3986 καὶ
3317 3934 3345 3984 δ
3385 3932 3486 4000 τῆς
3519 3932 3978 4002 ὲνανθρωπήσεως

2407 4029 2561 4095 λόγος
2582 4027 2795 4096 ἀληθῶς
2822 4023 3074 4093 γενέσθαι
3105 4022 3453 4093 πιστεύηται.
3497 4021 3709 4074 Οὐκοῦν
3735 4023 3783 4074 εί
3810 4018 3975 4084 λέγοι-

2409 4135 2508 4189 μεν
2552 4117 2729 4186 σάρκα
2771 4115 3024 4183 γενέσθαι
3071 4114 3164 4166 τὸν
3209 4113 3402 4180 Λόγον,
3459 4111 3522 4164 ού
3588 4109 3866 4181 σύγχυσιν,
3917 4105 3972 4156 οὐ

2406 4206 2642 4277 φυρμὸν,
2684 4205 2745 4258 οὐ
2775 4203 3001 4274 τροπὴν,
3042 4204 3142 4256 οὐκ
3182 4202 3468 4256 ἀλλοίωσιν
3530 4201 3806 4271 συμὸῆναι
3858 4195 3975 4262 περὶ

2405 4299 2565 4352 αὐτόν
2621 4314 2822 4368 φαμεν,
2876 4295 3116 4367 ἡνῶσθαι
3168 4294 3224 4345 δὲ
3281 4293 3482 4362 μᾶλλον
3534 4293 3830 4363 ἀφράστως
3887 4285 3974 4339 καὶ

2410 4388 2736 4455 ἀπορρήτοις
2793 4384 3005 4452 σώματι
3050 4383 3230 4451 ψυχὴν
3287 4382 3465 4450 ἔχοντι
3519 4383 3734 4451 νοεράν.
3794 4380 3865 4431 Τὸ
3921 4374 3972 4426 δὲ

2413 4475 2659 4530 ὲνοῦσθαι
2690 4473 2981 4543 λεγόμενον
3013 4472 3074 4522 οὐ
3111 4473 3391 4540 συγχείται
3435 4472 3672 4531 πάντως,
3707 4472 3768 4523 ἐν
3814 4481 3970 4536 προσ-

2408 4566 2565 4636 λήψει
2611 4564 2667 4616 δὲ
2719 4562 2918 4632 μᾶλλον
2975 4559 3161 4629 ἐτέρου
3222 4559 3451 4626 γίνεται.
3517 4553 3970 4624 Διαόεόαιούμεθα

2406 4657 2582 4709 τοίνυν
2619 4655 2710 4707 τὸν
2759 4657 2823 4707 ὲκ
2872 4654 3006 4706 Θεοῦ
3054 4654 3269 4723 Πατρὸς
3314 4657 3507 4720 Λόγον,
3561 4656 3620 4707 ὲν
3679 4651 3969 4726 προσλήψει

2405 4746 2668 4814 γεγονότα
2703 4745 2804 4813 τῆς
2843 4745 3006 4812 ἁγίας
3053 4762 3112 4797 τε
3164 4747 3256 4798 καὶ
3294 4745 3540 4815 ἐμψύχου
3580 4747 3802 4814 σαρκὸς,
3851 4745 3971 4795 ὲνω⁸

2408 4835 2565 4888 θέντα
2595 4853 2653 4887 τε
2678 4836 2818 4888 κατά
2841 4835 3098 4904 ἀλήθειαν
3124 4836 3462 4904 ἀσυγχύτως,
3493 4839 3554 4890 ὲκ
3580 4837 3791 4906 μήτρας
3811 4830 3969 4896 αὐτῆς

2406 4924 2690 4994 προελθεῖν
2723 4925 3029 4993 ἄνθρωπον,
3070 4927 3437 4996 μεμενηκέναι
3482 4928 3537 4979 δὲ
3567 4928 3657 4979 καὶ
3684 4929 3824 4979 οὕτω
3847 4920 3968 4973 Θεὸν

2404 5013 2658 5082 ἀληθινόν
2678 5029 2690 5043 ⁶
2721 5012 2892 5083 ταύτῃ
2914 5032 2994 5067 τοι
3020 5016 3114 5067 καὶ
3143 5016 3403 5078 Θεοτόκος
3427 5017 3572 5068 ἐστὶν
3608 5019 3639 5085 ἠ
3675 5016 3802 5082 ἀγία
3833 5011 3967 5075 Παρ·

2405 5102 2576 5164 θένος.
2611 5103 2873 5172 Περιττὺν
2905 5105 2959 5156 δὲ
2983 5101 3135 5174 οἶμαι
3175 5106 3236 5157 τὸ
3278 5106 3388 5157 δεῖν
3410 5105 3615 5157 οἴεσθαι
3647 5107 3743 5157 καὶ
3772 5100 3967 5166 ἀνθοω-

2405 5194 2634 5248 ποτόκον
2679 5196 2854 5247 εἰπεῖν
2905 5196 3093 5263 αὑτήν.
3147 5197 3208 5249 El
3259 5198 3360 5264 μὲν
3392 5197 3501 5267 γὰρ
3547 5192 3687 5266 ἦσάν
3736 5208 3875 5252 τινες
3909 5189 3965 5237 ἐκ

2402 5284 2604 5354 πολλῆς
2641 5285 2781 5350 ἄγαν
2809 5285 3230 5353 φρενοϐλαϐείας
3264 5286 3532 5352 λέγοντες,
3559 5286 3656 5356 τὴν
3687 5286 3779 5338 τοῦ
3803 5281 3962 5345 Λόγου

2403 5373 2585 5442 φύσιν,
2635 5375 2816 5443 πηγὴν
2848 5374 3039 5445 ὥσπερ
3069 5376 3212 5441 τινὰ,
3244 5376 3339 5429 καὶ
3377 5377 3475 5445 τῆς
3518 5372 3658 5439 ίδίας
3691 5373 3960 5443 ὑπάρξεως

2399 5464 2572 5534 ἀρχὴν
2617 5465 2910 5533 ἐσχηκέναι
2944 5466 3042 5534 τὴν
3075 5466 3275 5536 σάρκα,
3323 5468 3464 5536 τάχα,
3497 5483 3576 5530 τις
3620 5463 3687 5537 ἦν
3730 5468 3822 5520 οὐκ
3860 5457 3957 5514 ἀπὸ

1783 5589 1960 5645 Variae
1997 5590 2259 5650 lectiones
2287 5611 2350 5652 ex
2388 5597 2572 5651 codice
2612 5598 2982 5666 Seguienauo.

794 5730 822 5773 7
851 5723 934 5775 la.
963 5721 1071 5775 ὅτε.
