4108 6492
97 433 178 488 597

651 427 1175 486 APOLOGETICUS
1214 425 1490 483 CONTRA
1533 425 2051 482 THEODORETUM
2094 427 2226 484 PRO
2268 429 2357 484 χιι
2399 428 2779 484 CAPITIBUS.

3205 429 3314 484 598

102 543 274 598 σκοποῦ
305 547 400 596 καὶ
431 545 748 614 ἀπόϐλητος
793 546 948 613 λόγος
979 549 1090 609 τοῖς
1130 548 1407 601 ἐθέλουσιν
1450 547 1648 618 ὀνομά-

1779 547 2070 613 ;enitricem
2107 551 2371 605 nominari
2408 559 2676 619 oportere.
2715 549 2848 616 Quia
2882 564 3007 602 vero
3039 549 3317 602 abomina-

97 638 256 700 ζεσθαι
309 637 420 688 δεῖν
468 638 570 688 καὶ
615 635 1026 706 ἁνθρωποτόκον
1077 637 1263 708 αὑτήν.
1331 637 1544 707 Ἐπειδὴ
1591 637 1648 689 δέ

101 725 300 793 βδελυρὰ
335 725 427 777 καὶ
455 725 828 795 ἁπηχθημένη
849 727 998 796 παρὰ
1023 726 1187 779 πᾶσίν
1209 727 1355 779 ἐστιν
1376 729 1409 796 ἡ
1426 727 1646 798 τοιαύτη

100 816 224 880 δόξα,
251 818 455 868 νοεῖται
491 817 553 869 δέ
583 818 679 885 οὐχ
713 817 914 886 ἑτέρως
957 818 1219 880 Θεοτόκος
1257 821 1288 888 ἡ
1323 819 1452 886 ἁγία
1501 820 1648 890 Παρ-

108 907 260 967 Θέ-.ος,
290 908 336 957 εί
375 907 452 976 μὴ
492 908 905 978 παρεισδέξαιτό
952 926 1033 970 τις
1076 909 1173 979 τὴν
1207 909 1386 962 πίστιν
1414 910 1531 974 τοῦ,
1569 913 1650 964 ὅτι

101 999 263 1063 γέγονε
291 996 448 1066 σὰρξ,
480 998 760 1050 τουτέστιν
791 999 1093 1068 ἄνθρωπος,
1119 1001 1146 1051 6
1177 1000 1240 1052 ἐκ
1266 1000 1398 1054 Θεοῦ
1441 1001 1651 1072 Πατρὸς

101 1089 244 1155 Λόγος
265 1106 276 1117 °
309 1089 368 1140 οὐ
405 1091 522 1159 γάρ
549 1106 651 1143 που
677 1089 905 1157 θεότητα
933 1092 1162 1161 γυμνὴν,
1203 1093 1276 1154 ὼς
1317 1093 1473 1162 ἔφην,
1503 1093 1651 1145 ἐκτέ-

101 1195 233 1228 τοκεν
263 1179 292 1245 ἡ
321 1178 454 1244 ἁγία
490 1177 766 1250 Παρθένος
791 1195 802 1207 ·
845 1179 897 1230 τί
935 1178 993 1229 τὸ
1020 1178 1118 1247 τῆς
1143 1180 1442 1244 ὲνστάσεως
1466 1180 1652 1247 ὄφελος

103 1266 191 1316 τῶν
233 1268 426 1335 χρῆναι
477 1267 748 1334 λεγόντων
788 1268 1150 1337 ὀνομάζεσθαι
1180 1269 1287 1321 δεῖν
1319 1271 1412 1323 καὶ
1442 1271 1654 1340 ἀνορω-

105 1357 306 1410 ποτόκον
333 1359 510 1428 αὐτήν
533 1377 546 1423 ;
587 1359 746 1421 Ἀλλ’,
769 1359 843 1422 ὼς
865 1359 1058 1423 ἔοικεν,
1085 1360 1370 1431 ἐξεύρηταί
1389 1380 1439 1414 τι
1463 1362 1654 1430 πικρὸν

104 1447 263 1509 αὐτοῖς
288 1448 434 1499 κατὰ
467 1447 709 1517 Χριστοῦ
744 1447 1093 1520 σκαιώρημα.
1125 1450 1199 1502 Οὐ
1232 1454 1340 1520 γὰρ
1374 1451 1654 1520 ἀνέχονται

105 1541 319 1605 φρονεῖν,
373 1539 406 1608 ἣ
461 1538 647 1605 λέγειν
695 1539 854 1592 αὐτὸν
906 1540 995 1592 τὸν
1049 1542 1112 1592 ἐκ
1159 1540 1292 1593 Θεοῦ
1322 1541 1416 1593 καὶ
1447 1542 1655 1610 Πατρὸς

107 1628 410 1696 προαιώνιον
460 1629 614 1694 Υίὸν,
660 1632 716 1682 ἐν
756 1631 1002 1698 ἐσχάτοις
1054 1630 1146 1682 τοῦ
1188 1631 1381 1694 αίῶνος
1424 1634 1654 1701 καιροῖς,

105 1719 424 1787 ἀσυγχύτως,
471 1721 794 1790 ἀτρέπτως,
837 1723 899 1774 ἐκ
931 1722 1146 1793 μήτρας
1189 1723 1451 1792 ἐνωθῆναι
1495 1725 1661 1793 σαρκὶ

105 1812 260 1880 ψυχὴν
288 1813 493 1882 ἐχούσῃ
523 1811 621 1882 τὴν
651 1812 895 1882 λογικὴν,
942 1813 1084 1866 οὕτω
1131 1830 1188 1865 τε
1245 1814 1494 1879 γενέσθαι
1536 1814 1657 1867 καθ’

1755 636 1879 692 bilis
1911 647 1966 693 et
2012 641 2196 696 odiosa
2228 641 2448 710 quidem
2490 643 2625 708 apud
2671 654 2860 694 omnes
2897 649 2978 694 est
3005 639 3312 708 hujusmodi

1755 727 1957 795 opinio,
2013 744 2186 798 neque
2230 731 2385 784 aliter
2445 729 2774 796 intelligitur,
2831 727 2925 782 Dei
2983 726 3316 782 Genitricem

1756 833 1877 874 esse
1915 829 2158 874 sanctam
2196 821 2492 889 Virginem,
2533 821 2635 874 nisi
2687 820 2920 887 primum
2952 818 3073 886 quis
3105 815 3315 877 credat,

1757 909 1897 978 quod
1932 908 2189 972 Verbum.
2237 911 2379 980 quod
2413 925 2477 965 ex
2515 912 2623 965 Deo
2664 910 2840 973 Patre,
2879 908 3078 963 factum
3119 907 3191 962 sit
3223 921 3320 960 ca-

1761 1017 1841 1068 ro,
1893 1001 1996 1056 hoc
2019 1012 2100 1056 est
2135 1003 2294 1056 homo
2323 1003 2481 1071 207
2529 1003 2659 1070 (non
2687 1002 2830 1054 enim
2875 1009 3022 1054 certe
3066 997 3319 1051 divinita-

1763 1104 1867 1148 tem
1897 1092 2117 1157 nudam,
2154 1093 2311 1146 siculi
2343 1094 2472 1154 dixi,
2503 1093 2709 1161 peperit
2742 1099 2928 1145 sancta
2956 1088 3141 1158 Virgo)
3169 1102 3322 1154 ;qua2

1760 1194 1845 1238 est
1866 1184 2024 1250 hujus
2071 1183 2336 1236 instantiae
2366 1183 2587 1246 utilitas,
2621 1181 2911 1236 dicentium
2929 1190 3177 1249 oportere
3221 1193 3320 1232 no-

1763 1273 1954 1328 minari
1983 1288 2100 1328 eam
2127 1283 2178 1328 et
2207 1274 2440 1328 hominis
2465 1273 2824 1341 genitricem?
2851 1271 2955 1326 Sed
2988 1273 3127 1327 sicut
3153 1285 3321 1339 appa-

1764 1375 1863 1433 ret,
1923 1367 2136 1420 inventa
2167 1367 2232 1420 ab
2259 1366 2338 1420 eis
2383 1376 2466 1421 est
2509 1377 2696 1420 contra
2753 1365 3026 1419 Christum
3053 1363 3320 1416 virulenta

1763 1457 2004 1525 quaedam
2062 1455 2414 1509 machinatio.
2465 1455 2580 1510 Non
2633 1457 2776 1510 enim
2825 1456 3106 1525 patiuntur
3133 1467 3324 1522 sapere

1764 1549 1846 1601 vel
1899 1548 2096 1610 dicere,
2134 1535 2330 1614 ipsum,
2365 1550 2456 1616 qui
2515 1561 2577 1601 ex
2631 1548 2738 1601 Deo
2783 1556 2836 1600 et
2877 1544 3038 1598 Patre
3071 1552 3154 1597 est
3200 1551 3325 1596 ante

1766 1636 1960 1692 saecula
2017 1635 2204 1699 Filius,
2268 1636 2320 1688 in
2387 1635 2700 1689 novissimis
2753 1634 2934 1689 δείξουιί
2995 1629 3330 1700 temporibus

1769 1729 2070 1791 inconfuse,
2102 1727 2606 1792 inccnvertibiliter,
2632 1742 2694 1781 ex
2749 1737 2901 1780 utero
2930 1727 3139 1778 unitum
3173 1723 3325 1776 carni

1770 1819 2010 1872 animam.
2071 1817 2290 1871 habenti
2334 1815 2677 1879 rationalem,
2720 1815 2904 1883 sicque
2939 1813 3136 1868 factum
3178 1813 3329 1865 Simi-

107 1903 234 1969 ἡμᾶς
282 1902 608 1969 ἄνθρωπον
667 1903 779 1956 ἀλλ’
825 1903 899 1965 ὡς
940 1904 1033 1955 ’ἐνα
1091 1904 1198 1957 τῶν
1241 1906 1411 1972 ἁγίων
1459 1905 1664 1958 ἐνοικον

1784 1921 1867 1961 em
1902 1904 2055 1960 nobis
2091 1906 2406 1959 hominem:
2442 1904 2557 1967 sed,
2606 1912 2862 1970 tanquam
2898 1915 3060 1955 unum
3106 1908 3328 1953 sancto-

110 1991 279 2055 ἔχοντα
315 1990 450 2041 Θεὸν
498 1989 881 2058 διακηρύττειν
921 1993 1251 2054 ἐπείγονται,
1307 1998 1400 2047 καὶ
1454 1998 1666 2064 φρονεῖν

1779 2012 1907 2062 rum,
1962 1995 2353 2049 inhabilantem
2383 1993 2637 2048 habuisse
2692 1992 2859 2046 Deum
2913 1990 3210 2059 przedicare
3237 2003 3330 2041 co-

111 2079 504 2140 ἀναπείθουσιν,
537 2081 638 2131 οὐκ
684 2077 1010 2140 ἐννοοῦντες,
1046 2078 1128 2130 ὅτι
1157 2080 1248 2130 καὶ
1293 2082 1352 2132 ἐν
1394 2088 1524 2148 ἡμιν
1552 2087 1666 2136 ἐστι

1779 2096 1986 2146 nentur,
2018 2096 2071 2141 et
2102 2087 2202 2139 boc
2241 2085 2578 2139 sentiendum
2635 2083 2886 2141 suadent,
2932 2096 3036 2133 non
3084 2077 3332 2131 conside-

112 2167 186 2218 διὰ
210 2168 297 2219 τοῦ
333 2168 685 2238 Πνεῦματος,
717 2168 792 2230 ὼς
824 2168 882 2218 ἐν
919 2168 1097 2233 ἁγίοις
1136 2171 1302 2233 ναοῖς,
1332 2169 1360 2220 6
1393 2168 1499 2220 τῶν
1535 2169 1666 2222 ὅλων

1779 2180 1977 2234 rantes,
2029 2171 2170 2239 quod
2207 2180 2260 2224 et
2295 2171 2346 2222 in
2381 2171 2535 2224 nobis
2599 2179 2682 2224 est
2741 2183 2838 2238 per
2880 2167 3161 2237 Spiritum,
3195 2167 3334 2221 sicut

114 2256 244 2319 Θεός.
280 2259 604 2327 Γέγραπται
648 2260 777 2327 γὰρ,
832 2260 918 2312 ὅτι
976 2259 1127 2311 ιυὺκ
1167 2259 1372 2321 οἴδατε,
1414 2260 1495 2313 ὅτι
1545 2260 1671 2323 ναὸς

117 2350 234 2402 Θεοῦ
263 2353 403 2415 ἐστε,
441 2352 540 2404 καὶ
572 2352 631 2403 τὸ
659 2351 884 2420 Πνεῦμα
922 2349 1016 2402 τοῦ
1056 2351 1191 2403 Θεοῦ
1227 2353 1367 2403 οἰκεῖ
1403 2354 1460 2402 ἐν
1507 2351 1667 2420 ὑμῖν;

121 2439 263 2502 Εῖτις
290 2437 382 2493 οὖν
414 2441 508 2493 τὸν
539 2443 665 2494 ναὸν
695 2442 787 2493 τοῦ
820 2441 952 2494 Θεοῦ
979 2441 1198 2510 φθείρῃ,
1229 2440 1420 2510 φθερεῖ
1444 2441 1627 2492 τοῦτον
1647 2444 1674 2492 ό

121 2527 234 2589 Θεός
252 2547 264 2560 '
291 2532 318 2584 6
343 2533 456 2601 γὰρ
491 2533 619 2594 ναὸς
646 2533 735 2584 τοῦ
760 2532 895 2586 Θεοῦ
923 2533 1076 2600 ἅγιός
1101 2534 1267 2596 ἐστιν,
1305 2533 1359 2584 οἵ
1383 2533 1525 2596 τινές
1552 2535 1675 2584 ἐστε

125 2619 277 2686 ὑμεῖς.
311 2640 327 2670 ι
377 2623 519 2674 Ἀλλ’
564 2624 611 2674 εἰ
647 2623 738 2676 καὶ
769 2621 1134 2692 ὼνομάσμεθα
1182 2623 1302 2675 ναοὶ
1347 2621 1505 2685 Θεοῦ,
1547 2621 1676 2674 Θεὸν

126 2705 311 2775 ἔχοντες
334 2710 424 2762 τὸν
444 2709 759 2763 ἐνοικοῦντα
779 2710 865 2763 διὰ
884 2710 977 2764 τοῦ
1001 2709 1338 2780 Πνεῦματος,
1353 2709 1468 2762 ἀλλ’
1492 2709 1578 2762 ἓτε
1589 2726 1677 2778 ρον

129 2799 265 2870 ἴσμεν
321 2804 414 2857 τοῦ
466 2805 612 2858 κατὰ
651 2807 885 2876 Χριστὸν
941 2805 1242 2876 μυστηρίου
1296 2805 1388 2857 τὸν
1443 2803 1675 2874 τρόπον’

129 2892 342 2958 ἡνῶσθαι
369 2896 481 2964 γὰρ
511 2896 588 2964 τῷ
613 2896 731 2965 Θεῷ
758 2897 914 2966 Λόγῳ
931 2897 1073 2950 κατὰ
1098 2896 1356 2967 ἀλήθειαν
1378 2896 1477 2966 τὴν
1506 2896 1681 2966 σάρκα

133 2981 306 3048 φαμὲν,
351 2982 533 3052 ψυχῆς
589 2984 832 3052 δηλονότι
860 2986 958 3053 τῆς
985 2986 1206 3054 λογικῆς
1253 2986 1476 3055 ἐνούσης
1520 2987 1677 3054 αὐτῇ.

142 3067 428 3141 Ἐπυθόμην
460 3073 506 3125 δ’
525 3074 593 3126 ἂν
619 3074 790 3143 ἡδέως
817 3075 980 3127 αὑτοῦ
1003 3092 1016 3105 ·
1049 3076 1252 3144 πότερα
1285 3075 1348 3144 δὴ
1370 3076 1466 3144 τὴν
1491 3076 1682 3128 ἕνωσιν

135 3155 210 3208 τοῦ
236 3160 406 3236 Δόγρυ
447 3162 587 3233 πρὸς
617 3163 677 3215 τὸ
711 3163 1071 3234 ἀνθρώπινον,
1128 3166 1296 3234 ἤγουν
1322 3164 1419 3233 τὴν
1455 3164 1591 3234 πρὸς
1622 3165 1682 3216 τὸ

135 3245 262 3310 ᾰγιον
297 3251 482 3321 σῶμα,
534 3253 595 3306 τὸ
644 3253 738 3306 καὶ
796 3255 1042 3323 ψυχωθὲν
1094 3254 1316 3324 νοερῶς,
1369 3253 1683 3324 πεπρᾶχθαί

137 3353 274 3403 φησιν
307 3345 444 3395 κατὰ
477 3343 753 3412 ἀλήθειαν,
787 3346 818 3414 ἢ
868 3348 980 3406 τοῖς
1010 3345 1189 3406 ἄλλοις
1217 3343 1353 3412 ὁμοῦ
1398 3345 1492 3396 καὶ
1524 3344 1684 3404 αὐτὸς

137 3429 254 3480 κατὰ
290 3434 587 3499 συνάφειαν
619 3434 872 3500 σχετικὴν
901 3434 1299 3503 δουλοπρεποῦς
1342 3435 1434 3486 καὶ
1483 3436 1682 3487 ἀνυπο-

141 3517 307 3570 στάτου
340 3523 561 3590 μορφῆς
589 3524 724 3590 πρὸς
752 3524 1116 3575 ἐνυπόστατον
1145 3527 1238 3577 καὶ
1268 3525 1417 3577 θείαν
1449 3527 1682 3595 μορφὴν,

140 3605 165 3670 ἦ
192 3607 296 3658 καθ’
327 3611 522 3681 ἕτερον
552 3611 772 3680 τρόπον,
809 3613 947 3666 κατὰ
989 3614 1156 3684 μόνην
1184 3616 1281 3683 τῆς
1312 3617 1556 3684 υἱότητος
1589 3617 1686 3684 τὴν

143 3693 450 3766 ὁμωνυμίαν,
479 3701 573 3752 καὶ
601 3702 738 3753 κατὰ
764 3703 862 3771 τὴν
896 3713 917 3740 ι
953 3705 1170 3772 ἰσότητα
1200 3702 1685 3777 τῶν’ὰξιωμάτων;

145 3785 275 3856 εἴπερ
299 3806 377 3853 τις
405 3791 572 3847 ἄλλος
601 3804 626 3832 ι
660 3793 956 3860 συναφείας
1005 3797 1185 3848 οὑτοσὶ
1224 3800 1422 3851 νοεῖται
1464 3801 1682 3870 τρόπος.

157 3874 291 3931 Ἀλλὰ
317 3883 444 3953 γὰρ,
481 3882 555 3945 ὡς
588 3882 752 3949 ἔοικε,
784 3886 1098 3956 παρενοχλῶ
1138 3888 1344 3957 μάτην·
1384 3890 1686 3960 πεποίημαι

148 3967 189 4018 δὲ
213 3973 466 4039 περιττῶς
496 3973 593 4045 τὴν
617 3973 830 4038 πεῦσιν,
861 3977 998 4046 ἔχων
1028 3977 1192 4030 αὑτοῦ
1224 3979 1405 4047 φωνὰς
1432 3979 1525 4032 καὶ
1545 3981 1685 4048 σαφῆ

151 4059 226 4127 τὴν
251 4064 554 4134 ὁμολογίαν.
611 4065 698 4117 Ἐν
735 4066 843 4136 γάρ
900 4084 983 4119 τοι
1035 4068 1111 4136 τῷ
1160 4069 1360 4138 πρώτῳ
1409 4071 1687 4140 κεφαλαίῳ

153 4154 287 4219 φησὶν
334 4156 524 4217 αὑταῖς
577 4155 787 4220 λέξεσιν
847 4149 985 4209 ὧδεο
1042 4159 1138 4210 Διὰ
1187 4159 1342 4210 τοῦτο
1391 4161 1451 4211 τὸ
1504 4161 1688 4230 τεχθὲν

156 4236 318 4308 βρέφος
374 4245 844 4317 προσαγορεύεται
911 4248 1296 4318 Ἐμμανουήλ,
1367 4250 1490 4303 οὗτε
1557 4252 1688 4314 Θεὸς

156 4325 461 4396 ἀνθρωπείας
511 4333 920 4401 κεχωρισμένος
963 4333 1205 4402 φύσεως,
1245 4335 1366 4389 οὔτε
1404 4337 1686 4408 ἄνθρωπος

157 4421 544 4490 γεγυμνωμένος
572 4421 841 4489 θεότητος.
870 4423 1014 4474 Ἔδει
1043 4425 1143 4492 μὲν
1169 4421 1262 4478 οῦν
1291 4427 1451 4479 αὐτὸν
1483 4429 1684 4499 ἀκριϐῆ

1773 2260 1823 2313 in
1863 2261 2067 2314 sanctis
2125 2258 2354 2326 templis,
2407 2258 2648 2313 omnium
2702 2257 2863 2311 Deus.
2925 2256 3197 2324 Scriptum
3252 2265 3334 2309 est

1773 2353 1914 2408 enim
1946 2376 1956 2406 :
1995 2372 2012 2404 ι
2052 2350 2302 2415 Nescitis,
2332 2350 2456 2418 quia
2491 2348 2746 2418 templum
2785 2348 2874 2402 Dei
2905 2347 3057 2411 estis,
3081 2356 3134 2401 et
3157 2345 3332 2416 Spiri-

1777 2454 1861 2498 tus
1890 2444 1979 2498 Dei
2012 2443 2219 2496 habitat
2269 2441 2320 2495 in
2377 2440 2583 2495 vobis?
2633 2440 2689 2494 Si
2718 2440 2839 2508 quis
2885 2452 3015 2508 ergo
3076 2436 3334 2505 templum

1778 2534 1868 2587 Dei
1922 2531 2245 2601 corruperit,
2299 2541 2611 2601 corrumpet
2667 2530 2816 2583 illum
2859 2529 3043 2582 Deus:
3081 2527 3336 2596 templum

1777 2625 1921 2678 enim
1940 2624 2033 2676 Dei
2067 2633 2309 2677 sanctum
2336 2631 2441 2685 est,
2467 2621 2609 2689 quod
2639 2621 2771 2675 estis
2796 2635 2891 2674 vos
2917 2620 2984 2672 ⁷⁸.
3023 2638 3040 2670 ι
3078 2617 3183 2673 Sed
3215 2617 3342 2672 licet

1781 2714 2123 2768 nominentur
2159 2713 2354 2782 templa
2393 2712 2509 2777 Dei,
2543 2726 2665 2766 cum
2700 2711 2865 2765 Deum
2908 2710 3204 2766 habeamus
3257 2708 3340 2762 in-

1781 2806 2115 2860 habitantem
2147 2821 2242 2874 per
2297 2804 2597 2873 Spiritum;
2633 2812 2869 2857 attamen
2925 2801 3153 2856 alterum
3186 2801 3342 2855 novi-

1782 2912 1901 2950 mus
1949 2897 2163 2949 modum
2193 2893 2516 2948 sacramenti
2545 2893 2839 2946 secundum
2869 2889 3164 2945 Christum.
3205 2889 3346 2944 Vere

1783 2987 1927 3041 enim
1987 2986 2191 3039 unitam
2247 2999 2367 3040 esse
2418 2983 2528 3037 Deo
2561 2983 2745 3037 Verbo
2779 2996 2995 3036 carnem
3029 2981 3342 3046 asserimus,

1785 3075 1962 3128 anima
2012 3075 2202 3142 utique
2246 3071 2495 3126 rationali
2542 3071 2845 3140 praeditam.
2882 3069 3138 3124 Libenter
3165 3080 3345 3123 autem

1710 3197 1752 3255 α
1786 3177 1907 3217 eum
1959 3174 2330 3233 percontarer,
2364 3171 2546 3216 utrum
2585 3161 2835 3215 unionem
2867 3160 3025 3214 Verbi
3057 3160 3121 3213 ad
3153 3161 3345 3214 huma-

1795 3252 2040 3316 nitatem,
2068 3254 2181 3307 sive
2213 3254 2276 3306 ad
2308 3263 2555 3307 sanctum
2599 3264 2795 3320 corpus
2845 3252 3138 3306 animatum
3190 3252 3350 3306 intel-

1788 3341 1979 3394 lectiva
2025 3344 2227 3406 anima,
2268 3358 2393 3398 vere
2431 3342 2623 3397 factam
2658 3343 2822 3407 dicat,
2854 3357 2921 3396 an
2951 3357 3071 3397 cum
3115 3342 3236 3398 aliis
3275 3345 3350 3398 si-

1788 3431 1896 3483 mul
1934 3439 1987 3485 et
2031 3432 2144 3498 ipse
2201 3433 2366 3494 dicat,
2422 3433 2720 3488 secundum
2763 3433 3180 3501 cupulationem,
3231 3449 3352 3503 qua:

1789 3536 1884 3590 per
1937 3523 2304 3576 habitudinem
2347 3532 2451 3587 est,
2504 3523 2721 3577 servilis
2751 3533 2803 3576 et
2849 3539 2952 3577 non
3003 3523 3351 3578 subsistentis

1789 3614 1975 3667 forma:
2035 3617 2096 3666 ad
2153 3615 2541 3668 subsistentem
2596 3625 2647 3668 et
2692 3613 2927 3668 divinam
2959 3614 3231 3680 formam;
3261 3627 3353 3668 ant

1790 3705 1899 3758 alio
1935 3706 2116 3770 modo,
2167 3705 2462 3757 secundum
2512 3703 2679 3757 solam
2718 3703 2994 3757 liliationis
3045 3705 3350 3771 aequivoca-

1793 3797 2015 3856 tionem,
2075 3804 2130 3848 et
2153 3795 2450 3848 secundum
2488 3795 2850 3863 mqnalitatem
2894 3794 3215 3864 dignitatum
3247 3795 3270 3846 ἲ
3308 3797 3350 3848 si

1793 3898 1970 3940 tamen
2029 3886 2116 3939 hic
2179 3900 2299 3940 esse
2332 3885 2553 3940 omnino
2583 3885 2948 3953 copulationis
2973 3888 3162 3940 modus
3196 3887 3353 3940 intel-

1791 3975 1993 4045 ligitur.
2023 3974 2128 4028 Sed
2182 3975 2348 4035 enim,
2380 3974 2524 4027 sicut
2564 3980 2806 4041 apparet,
2863 3971 3063 4026 frustra
3093 3972 3353 4027 molestus

1791 4082 1930 4130 sum,
1965 4075 2018 4119 et
2057 4064 2534 4133 interrogationem
2583 4061 2908 4132 superﬂuam
2953 4063 3113 4125 facio,
3146 4062 3353 4117 habens

1791 4157 1904 4223 ejus
1957 4171 2117 4209 voces
2169 4165 2519 4223 apertamque
2571 4153 2987 4209 confessionem.
3054 4155 3110 4206 In
3179 4155 3356 4223 primo

1793 4259 2027 4312 namque
2084 4243 2320 4313 capitulo
2374 4245 2505 4312 ipsis
2559 4243 2738 4298 verbis
2785 4242 2866 4298 sic
2903 4245 3022 4296 ait:
3060 4242 3355 4310 Propterea

1795 4345 1951 4389 natus
1976 4335 2153 4389 infans
2199 4333 2512 4388 Emmanuel
2547 4334 2870 4404 appellatur,
2902 4346 3076 4400 neque
3109 4332 3249 4386 Deus
3291 4335 3356 4386 ab

1795 4412 2029 4477 humana
2071 4432 2266 4477 natura
2323 4434 2628 4492 separatus,
2675 4437 2850 4491 neque
2887 4425 3047 4476 homo
3077 4422 3358 4476 divinitate

160 4508 229 4556 καί
271 4511 692 4584 τετορνευμένην
733 4512 833 4580 τὴν
885 4515 1010 4582 περί
1053 4531 1116 4582 γε
1166 4517 1369 4569 τούτων
1415 4522 1666 4588 ἀφήγησιε

1797 4516 2045 4568 nudatus.
2106 4513 2402 4581 Oportebat
2458 4528 2609 4577 sane,
2659 4527 2781 4567 eum
2830 4521 3135 4566 accuratam
3175 4520 3228 4564 et
3260 4525 3356 4564 ex-

160 4600 386 4655 τοιεῖσθαι
416 4603 620 4673 φιλεῖν.
681 4601 826 4670 Πλὴν
870 4603 1046 4658 ἐκεῖνο
1086 4607 1223 4669 τέως
1256 4610 1694 4678 ἐπισημήνασθαι

162 4688 278 4754 χρή·
307 4692 404 4747 ίδοὺ
435 4693 552 4763 γὰρ
580 4691 768 4744 ἐνθάδε
804 4692 894 4745 καὶ
924 4695 1068 4762 μάλα
1105 4698 1292 4764 σαφῶς
1325 4699 1694 4768 διερμηνεύων

161 4776 285 4840 αὐτὸς
301 4781 388 4851 τὴν
413 4785 636 4845 ἕνωσιν,
670 4781 882 4848 φύσεως
908 4783 1252 4854 ἀνθρωπίνης
1284 4787 1342 4838 οὐ
1369 4788 1696 4858 κεχωρίσθαι

165 4869 268 4934 φησὶ
297 4871 380 4924 τὸν
408 4874 550 4926 Θεόν
572 4887 585 4899 °
635 4872 1030 4940 προσομολογεῖ
1067 4874 1143 4936 δὲ,
1193 4875 1272 4926 ὅτι
1309 4877 1402 4926 καὶ
1439 4877 1531 4928 ἕνα
1576 4874 1695 4926 καθ’

163 4955 316 5013 ’ἕνωσιν
360 4962 716 5031 οἰκονομικὴν
766 4961 902 5015 οἶδεν
954 4964 1082 5016 ὄντα
1141 4965 1232 5016 τὸν
1285 4966 1535 5035 Χριστὸν,
1600 4966 1691 5017 τὸν

167 5049 290 5104 αὑτὸν
308 5052 700 5125 δηλονότιΘεόν
721 5071 778 5104 τε
797 5053 929 5122 ὁμοῦ
961 5055 1052 5106 καὶ
1082 5054 1386 5124 ἄνθρωπον.
1417 5053 1547 5108 Εἶτα
1577 5055 1692 5118 πῶς

167 5139 238 5191 οὐκ
264 5145 499 5218 ἐρυθριᾷ,
533 5148 648 5208 τοῖς
682 5145 814 5214 παρ’
855 5146 1010 5214 ἡμῶν
1038 5148 1318 5214 γεγονόσιν
1348 5148 1693 5218 ἐπιπλήττων

167 5228 326 5302 λόγοις

225 5475 259 5505 ’⁸
283 5479 296 5533 l
320 5481 436 5536 Cor.
478 5495 562 5543 ιιι,
598 5478 801 5543 16,17.

1795 4617 1969 4661 actam
2022 4604 2450 4671 explanationem
2476 4604 2560 4655 his
2589 4605 2654 4655 de
2692 4603 2850 4655 rebus
2882 4600 3110 4656 ellicere.
3141 4601 3360 4655 Verum-

1798 4708 1976 4750 tamen
2043 4694 2172 4747 illud
2242 4690 2454 4744 interim
2534 4691 2824 4744 observare
2901 4692 3195 4745 convenit:
3233 4706 3361 4747 ecce

1799 4787 1942 4838 cnim
2002 4785 2104 4837 hoc
2134 4781 2249 4836 loco
2282 4793 2336 4835 et
2382 4782 2597 4850 quidem
2657 4782 2802 4835 clare
2852 4782 3213 4849 interpretans
3250 4782 3362 4851 ipse

1804 4874 2076 4939 unionem,
2105 4873 2173 4926 ab
2207 4873 2436 4926 humana
2465 4881 2654 4925 natura
2681 4888 2785 4926 non
2835 4883 3142 4941 separatum
3197 4873 3364 4927 fuisse

1802 4963 2118 5018 dicitDeum
2150 4981 2164 5026 ;
2197 4963 2356 5018 simul
2390 4964 2552 5016 etiam
2593 4964 2880 5018 conﬁtetur
2921 4965 3044 5032 quia
3085 4972 3139 5017 et
3200 4980 3362 5017 unum

1801 5054 2094 5108 secundum
2137 5054 2390 5108 unionem
2427 5054 2875 5123 dispensatoriam
2912 5054 3061 5107 novit
3101 5054 3365 5108 exsistere

1803 5145 2102 5208 Christum,
2159 5146 2406 5199 eumdem
2439 5146 2691 5200 videlicet
2715 5156 2768 5200 et
2804 5145 2965 5198 Deum
2995 5145 3149 5199 simul
3182 5155 3234 5199 ct
3267 5147 3363 5198 bu-

1806 5237 2026 5291 minem.
2076 5239 2240 5307 208
2287 5239 2569 5304 Quomodo
2618 5252 2748 5306 ergo
2787 5252 2890 5291 non
2917 5237 3209 5303 erubescit,
3239 5238 3364 5290 dum

1807 5343 1891 5393 ea,
1919 5343 2038 5398 quae
2071 5330 2328 5394 diximus,
2356 5329 2742 5399 reprehendit?

1186 5595 1358 5652 Varia:
1393 5596 1647 5654 lectiones
1673 5611 1741 5652 ex
1769 5598 1952 5653 codice
1986 5594 2337 5664 Seguieriano

235 5775 251 5803 ⁸
272 5772 424 5845 μόνην
456 5774 577 5846 τήν.
657 5774 681 5801 ⁸
708 5772 862 5836 ὅλως.
