  <div class='ocr_page' id='page_1' title='image "/cluster/home/n/w/nwhite01/storage/ocr_20150623/76/uva.x030486937/209.png"; bbox 0 0 4108 6474; ppageno 0'>
   <div class='ocr_carea' id='block_1_1' title="bbox 1691 398 2935 456">
    <p class='ocr_par' dir='ltr' id='par_1_1' title="bbox 1691 398 2935 456">
     <span class='ocr_line' id='line_1_1' title="bbox 1691 398 2935 456; baseline 0.001 -1"><span class='ocrx_word' id='word_1_1' title='bbox 1691 399 1749 455; x_wconf 91' lang='lat' dir='ltr'><strong>S.</strong></span> <span class='ocrx_word' id='word_1_2' title='bbox 1791 399 2066 456; x_wconf 83' lang='lat' dir='ltr'><strong>CYRILLI</strong></span> <span class='ocrx_word' id='word_1_3' title='bbox 2109 398 2574 456; x_wconf 75' lang='lat' dir='ltr'><strong>ALEXANDRINI</strong></span> <span class='ocrx_word' id='word_1_4' title='bbox 2613 399 2935 456; x_wconf 80' lang='lat' dir='ltr'><strong>ARCHIEP.</strong></span> 
     </span>
    </p>
   </div>
   <div class='ocr_carea' id='block_1_2' title="bbox 1104 511 2286 575">
    <p class='ocr_par' dir='ltr' id='par_1_2' title="bbox 1104 511 1840 570">
     <span class='ocr_line' id='line_1_2' title="bbox 1104 511 1840 570; baseline -0.004 0"><span class='ocrx_word' id='word_1_5' title='bbox 1104 511 1744 570; x_wconf 78' lang='lat' dir='ltr'><strong>ANATIIEMATISMUS</strong></span> <span class='ocrx_word' id='word_1_6' title='bbox 1779 513 1840 567; x_wconf 92' lang='lat' dir='ltr'><strong>ll.</strong></span> 
     </span>
    </p>
   </div>
   <div class='ocr_carea' id='block_1_3' title="bbox 2389 511 3504 575">
    <p class='ocr_par' dir='ltr' id='par_1_3' title="bbox 2806 512 3504 566">
     <span class='ocr_line' id='line_1_3' title="bbox 2806 512 3504 566; baseline 0.004 -3"><span class='ocrx_word' id='word_1_7' title='bbox 2806 512 3392 565; x_wconf 82' lang='grc' dir='ltr'><strong>ΔΝΑΘΕΜΑΤΙΣΜΟΣ</strong></span> <span class='ocrx_word' id='word_1_8' title='bbox 3433 513 3504 566; x_wconf 87' lang='lat' dir='ltr'><strong>B&#39;.</strong></span> 
     </span>
    </p>
   </div>
   <div class='ocr_carea' id='block_1_4' title="bbox 767 618 2286 696">
    <p class='ocr_par' dir='ltr' id='par_1_4' title="bbox 767 618 2265 696">
     <span class='ocr_line' id='line_1_4' title="bbox 767 618 2265 696; baseline -0.007 -14"><span class='ocrx_word' id='word_1_9' title='bbox 767 628 825 682; x_wconf 91' lang='lat' dir='ltr'><strong>Si</strong></span> <span class='ocrx_word' id='word_1_10' title='bbox 865 626 986 696; x_wconf 88' lang='lat' dir='ltr'><strong>quis</strong></span> <span class='ocrx_word' id='word_1_11' title='bbox 1017 640 1123 678; x_wconf 91' lang='lat' dir='ltr'><strong>non</strong></span> <span class='ocrx_word' id='word_1_12' title='bbox 1179 623 1490 688; x_wconf 86' lang='lat' dir='ltr'><strong>confitetur,</strong></span> <span class='ocrx_word' id='word_1_13' title='bbox 1518 621 1611 677; x_wconf 89' lang='lat' dir='ltr'><strong>Dei</strong></span> <span class='ocrx_word' id='word_1_14' title='bbox 1647 623 1821 675; x_wconf 80' lang='lat' dir='ltr'><strong>Putris</strong></span> <span class='ocrx_word' id='word_1_15' title='bbox 1846 622 2079 675; x_wconf 87' lang='lat' dir='ltr'><strong>Verbum</strong></span> <span class='ocrx_word' id='word_1_16' title='bbox 2114 618 2265 674; x_wconf 84' lang='lat' dir='ltr'><strong>carni</strong></span> 
     </span>
    </p>
   </div>
   <div class='ocr_carea' id='block_1_5' title="bbox 2389 618 3962 696">
    <p class='ocr_par' dir='ltr' id='par_1_5' title="bbox 2437 623 3962 696">
     <span class='ocr_line' id='line_1_5' title="bbox 2437 623 3962 696; baseline 0.002 -22"><span class='ocrx_word' id='word_1_17' title='bbox 2437 623 2506 674; x_wconf 80' lang='lat' dir='ltr'><strong>Ei’</strong></span> <span class='ocrx_word' id='word_1_18' title='bbox 2532 639 2616 685; x_wconf 88' lang='grc' dir='ltr'><strong>τις</strong></span> <span class='ocrx_word' id='word_1_19' title='bbox 2649 623 2748 692; x_wconf 77' lang='grc' dir='ltr'>οὐχ</span> <span class='ocrx_word' id='word_1_20' title='bbox 2774 624 3028 692; x_wconf 83' lang='grc' dir='ltr'>ὁμολογεῖ</span> <span class='ocrx_word' id='word_1_21' title='bbox 3050 626 3218 694; x_wconf 73' lang='grc' dir='ltr'>σαρκὶ</span> <span class='ocrx_word' id='word_1_22' title='bbox 3241 626 3362 678; x_wconf 78' lang='grc' dir='ltr'>καθ’</span> <span class='ocrx_word' id='word_1_23' title='bbox 3381 628 3682 679; x_wconf 77' lang='grc' dir='ltr'><strong>ὑπόστασιν</strong></span> <span class='ocrx_word' id='word_1_24' title='bbox 3705 625 3962 696; x_wconf 73' lang='grc' dir='ltr'>ἡνῶσθαι</span> 
     </span>
    </p>
   </div>
   <div class='ocr_carea' id='block_1_6' title="bbox 697 713 2286 786">
    <p class='ocr_par' dir='ltr' id='par_1_6' title="bbox 697 714 2265 784">
     <span class='ocr_line' id='line_1_6' title="bbox 697 714 2265 784; baseline -0.007 -11"><span class='ocrx_word' id='word_1_25' title='bbox 697 717 992 773; x_wconf 88' lang='lat' dir='ltr'><strong>secundum</strong></span> <span class='ocrx_word' id='word_1_26' title='bbox 1042 715 1358 784; x_wconf 88' lang='lat' dir='ltr'><strong>hypostasin</strong></span> <span class='ocrx_word' id='word_1_27' title='bbox 1419 714 1652 776; x_wconf 90' lang='lat' dir='ltr'><strong>unitum,</strong></span> <span class='ocrx_word' id='word_1_28' title='bbox 1704 727 1974 780; x_wconf 87' lang='lat' dir='ltr'><strong>unumque</strong></span> <span class='ocrx_word' id='word_1_29' title='bbox 2013 727 2115 764; x_wconf 88' lang='lat' dir='ltr'><strong>una</strong></span> <span class='ocrx_word' id='word_1_30' title='bbox 2144 724 2265 764; x_wconf 90' lang='lat' dir='ltr'><strong>cum</strong></span> 
     </span>
    </p>
   </div>
   <div class='ocr_carea' id='block_1_7' title="bbox 2389 713 3965 786">
    <p class='ocr_par' dir='ltr' id='par_1_7' title="bbox 2389 713 3965 786">
     <span class='ocr_line' id='line_1_7' title="bbox 2389 713 3965 786; baseline -0.003 -18"><span class='ocrx_word' id='word_1_31' title='bbox 2389 716 2458 768; x_wconf 74' lang='grc' dir='ltr'><strong>τὸν</strong></span> <span class='ocrx_word' id='word_1_32' title='bbox 2504 717 2567 768; x_wconf 76' lang='grc' dir='ltr'>ἐκ</span> <span class='ocrx_word' id='word_1_33' title='bbox 2615 715 2749 768; x_wconf 85' lang='grc' dir='ltr'>Θεοῦ</span> <span class='ocrx_word' id='word_1_34' title='bbox 2797 716 3008 786; x_wconf 71' lang='grc' dir='ltr'>[ἰατρὸς</span> <span class='ocrx_word' id='word_1_35' title='bbox 3063 717 3252 784; x_wconf 85' lang='grc' dir='ltr'>Λόγον,</span> <span class='ocrx_word' id='word_1_36' title='bbox 3289 718 3384 770; x_wconf 84' lang='grc' dir='ltr'>’ἐνα</span> <span class='ocrx_word' id='word_1_37' title='bbox 3432 735 3488 768; x_wconf 85' lang='grc' dir='ltr'><strong>τε</strong></span> <span class='ocrx_word' id='word_1_38' title='bbox 3526 713 3664 770; x_wconf 74' lang='grc' dir='ltr'>εἶναι</span> <span class='ocrx_word' id='word_1_39' title='bbox 3714 716 3965 786; x_wconf 83' lang='grc' dir='ltr'>Χριστὸν</span> 
     </span>
    </p>
   </div>
   <div class='ocr_carea' id='block_1_8' title="bbox 699 799 2286 878">
    <p class='ocr_par' dir='ltr' id='par_1_8' title="bbox 699 799 2265 869">
     <span class='ocr_line' id='line_1_8' title="bbox 699 799 2265 869; baseline -0.006 -7"><span class='ocrx_word' id='word_1_40' title='bbox 699 823 795 863; x_wconf 85' lang='lat' dir='ltr'><strong>sua</strong></span> <span class='ocrx_word' id='word_1_41' title='bbox 828 820 991 869; x_wconf 88' lang='lat' dir='ltr'><strong>carne</strong></span> <span class='ocrx_word' id='word_1_42' title='bbox 1014 819 1134 859; x_wconf 87' lang='lat' dir='ltr'><strong>esse</strong></span> <span class='ocrx_word' id='word_1_43' title='bbox 1197 803 1498 866; x_wconf 88' lang='lat' dir='ltr'><strong>Christum,</strong></span> <span class='ocrx_word' id='word_1_44' title='bbox 1536 801 1785 856; x_wconf 86' lang='lat' dir='ltr'><strong>eumdem</strong></span> <span class='ocrx_word' id='word_1_45' title='bbox 1821 801 2073 855; x_wconf 86' lang='lat' dir='ltr'><strong>nimirum</strong></span> <span class='ocrx_word' id='word_1_46' title='bbox 2099 799 2265 854; x_wconf 90' lang='lat' dir='ltr'><strong>Deum</strong></span> 
     </span>
    </p>
   </div>
   <div class='ocr_carea' id='block_1_9' title="bbox 2389 799 3963 878">
    <p class='ocr_par' dir='ltr' id='par_1_9' title="bbox 2389 807 3963 878">
     <span class='ocr_line' id='line_1_9' title="bbox 2389 807 3963 878; baseline -0.002 -19"><span class='ocrx_word' id='word_1_47' title='bbox 2389 807 2511 860; x_wconf 78' lang='grc' dir='ltr'><strong>ιετά</strong></span> <span class='ocrx_word' id='word_1_48' title='bbox 2560 810 2659 878; x_wconf 80' lang='grc' dir='ltr'><strong>τῆς</strong></span> <span class='ocrx_word' id='word_1_49' title='bbox 2714 809 2850 871; x_wconf 79' lang='grc' dir='ltr'>ιδίας</span> <span class='ocrx_word' id='word_1_50' title='bbox 2894 808 3112 878; x_wconf 85' lang='grc' dir='ltr'>σαρκὸς,</span> <span class='ocrx_word' id='word_1_51' title='bbox 3143 807 3232 860; x_wconf 85' lang='grc' dir='ltr'><strong>τὸν</strong></span> <span class='ocrx_word' id='word_1_52' title='bbox 3265 808 3424 861; x_wconf 75' lang='grc' dir='ltr'>αὑτὸν</span> <span class='ocrx_word' id='word_1_53' title='bbox 3454 808 3697 878; x_wconf 80' lang='grc' dir='ltr'>δηλονότι</span> <span class='ocrx_word' id='word_1_54' title='bbox 3731 807 3876 860; x_wconf 86' lang='grc' dir='ltr'>Θεόν</span> <span class='ocrx_word' id='word_1_55' title='bbox 3905 824 3963 857; x_wconf 86' lang='grc' dir='ltr'><strong>τε</strong></span> 
     </span>
    </p>
   </div>
   <div class='ocr_carea' id='block_1_10' title="bbox 694 401 3962 462">
    <p class='ocr_par' dir='ltr' id='par_1_10' title="bbox 694 401 3962 462">
     <span class='ocr_line' id='line_1_10' title="bbox 694 401 3962 462; baseline -0.003 0"><span class='ocrx_word' id='word_1_56' title='bbox 694 407 802 462; x_wconf 78' lang='lat'><strong>599</strong></span> <span class='ocrx_word' id='word_1_57' title='bbox 1691 401 1749 455; x_wconf 91' lang='lat' dir='ltr'><strong>S.</strong></span> <span class='ocrx_word' id='word_1_58' title='bbox 1791 401 2066 456; x_wconf 83' lang='lat' dir='ltr'><strong>CYRILLI</strong></span> <span class='ocrx_word' id='word_1_59' title='bbox 2109 401 2574 456; x_wconf 75' lang='lat' dir='ltr'><strong>ALEXANDRINI</strong></span> <span class='ocrx_word' id='word_1_60' title='bbox 2613 401 2935 456; x_wconf 80' lang='lat' dir='ltr'><strong>ARCHIEP.</strong></span> <span class='ocrx_word' id='word_1_61' title='bbox 3853 401 3962 456; x_wconf 61' lang='lat'><strong>400</strong></span> 
     </span>
    </p>
   </div>
   <div class='ocr_carea' id='block_1_11' title="bbox 699 895 1752 959">
    <p class='ocr_par' dir='ltr' id='par_1_11' title="bbox 699 895 1752 959">
     <span class='ocr_line' id='line_1_11' title="bbox 699 895 1752 959; baseline -0.008 -5"><span class='ocrx_word' id='word_1_62' title='bbox 699 899 858 954; x_wconf 90' lang='lat' dir='ltr'><strong>simul</strong></span> <span class='ocrx_word' id='word_1_63' title='bbox 894 906 946 953; x_wconf 90' lang='lat' dir='ltr'><strong>et</strong></span> <span class='ocrx_word' id='word_1_64' title='bbox 991 897 1303 959; x_wconf 81' lang='lat' dir='ltr'><strong>lt0tninem;</strong></span> <span class='ocrx_word' id='word_1_65' title='bbox 1337 898 1623 948; x_wconf 84' lang='lat' dir='ltr'><strong>anathema</strong></span> <span class='ocrx_word' id='word_1_66' title='bbox 1659 895 1752 947; x_wconf 86' lang='lat' dir='ltr'><strong>sit.</strong></span> 
     </span>
    </p>
   </div>
   <div class='ocr_carea' id='block_1_12' title="bbox 1133 1031 1835 1098">
    <p class='ocr_par' dir='ltr' id='par_1_12' title="bbox 1133 1031 1835 1098">
     <span class='ocr_line' id='line_1_12' title="bbox 1133 1031 1835 1098; baseline -0.004 -14"><span class='ocrx_word' id='word_1_67' title='bbox 1133 1031 1446 1084; x_wconf 75' lang='lat' dir='ltr'><strong>Theodoreti</strong></span> <span class='ocrx_word' id='word_1_68' title='bbox 1489 1031 1835 1098; x_wconf 75' lang='lat' dir='ltr'><strong>reprehensio.</strong></span> 
     </span>
    </p>
   </div>
   <div class='ocr_carea' id='block_1_13' title="bbox 800 1138 2270 1211">
    <p class='ocr_par' dir='ltr' id='par_1_13' title="bbox 800 1138 2270 1211">
     <span class='ocr_line' id='line_1_13' title="bbox 800 1138 2270 1211; baseline -0.005 -11"><span class='ocrx_word' id='word_1_69' title='bbox 800 1145 974 1200; x_wconf 88' lang='lat' dir='ltr'><strong>Unum</strong></span> <span class='ocrx_word' id='word_1_70' title='bbox 1032 1142 1249 1211; x_wconf 81' lang='lat' dir='ltr'><strong>quidem</strong></span> <span class='ocrx_word' id='word_1_71' title='bbox 1320 1141 1596 1196; x_wconf 87' lang='lat' dir='ltr'><strong>Christum</strong></span> <span class='ocrx_word' id='word_1_72' title='bbox 1659 1138 2008 1200; x_wconf 86' lang='lat' dir='ltr'><strong>confitemur.</strong></span> <span class='ocrx_word' id='word_1_73' title='bbox 2062 1139 2270 1193; x_wconf 84' lang='lat' dir='ltr'><strong>sanctis</strong></span> 
     </span>
    </p>
   </div>
   <div class='ocr_carea' id='block_1_14' title="bbox 702 1230 2274 1307">
    <p class='ocr_par' dir='ltr' id='par_1_14' title="bbox 702 1230 2274 1307">
     <span class='ocr_line' id='line_1_14' title="bbox 702 1230 2274 1307; baseline -0.004 -17"><span class='ocrx_word' id='word_1_74' title='bbox 702 1236 1068 1307; x_wconf 91' lang='lat' dir='ltr'><strong>apostolorum</strong></span> <span class='ocrx_word' id='word_1_75' title='bbox 1102 1231 1364 1288; x_wconf 87' lang='lat' dir='ltr'><strong>doctrinis</strong></span> <span class='ocrx_word' id='word_1_76' title='bbox 1402 1230 1707 1295; x_wconf 85' lang='lat' dir='ltr'><strong>credentes,</strong></span> <span class='ocrx_word' id='word_1_77' title='bbox 1759 1231 2118 1298; x_wconf 89' lang='lat' dir='ltr'><strong>eumdemque</strong></span> <span class='ocrx_word' id='word_1_78' title='bbox 2147 1244 2274 1298; x_wconf 90' lang='lat' dir='ltr'><strong>pro-</strong></span> 
     </span>
    </p>
   </div>
   <div class='ocr_carea' id='block_1_15' title="bbox 703 1323 2273 1399">
    <p class='ocr_par' dir='ltr' id='par_1_15' title="bbox 703 1323 2273 1399">
     <span class='ocr_line' id='line_1_15' title="bbox 703 1323 2273 1399; baseline -0.004 -16"><span class='ocrx_word' id='word_1_79' title='bbox 703 1340 824 1399; x_wconf 87' lang='lat' dir='ltr'><strong>pter</strong></span> <span class='ocrx_word' id='word_1_80' title='bbox 879 1327 1136 1384; x_wconf 90' lang='lat' dir='ltr'><strong>ttnionem</strong></span> <span class='ocrx_word' id='word_1_81' title='bbox 1175 1337 1233 1382; x_wconf 88' lang='lat' dir='ltr'><strong>et</strong></span> <span class='ocrx_word' id='word_1_82' title='bbox 1273 1325 1438 1382; x_wconf 90' lang='lat' dir='ltr'><strong>Deum</strong></span> <span class='ocrx_word' id='word_1_83' title='bbox 1471 1333 1528 1379; x_wconf 91' lang='lat' dir='ltr'><strong>et</strong></span> <span class='ocrx_word' id='word_1_84' title='bbox 1577 1324 1851 1378; x_wconf 87' lang='lat' dir='ltr'><strong>hominem</strong></span> <span class='ocrx_word' id='word_1_85' title='bbox 1904 1323 2273 1389; x_wconf 86' lang='lat' dir='ltr'><strong>nominamus,</strong></span> 
     </span>
    </p>
   </div>
   <div class='ocr_carea' id='block_1_16' title="bbox 703 1412 2276 1487">
    <p class='ocr_par' dir='ltr' id='par_1_16' title="bbox 703 1412 2276 1487">
     <span class='ocr_line' id='line_1_16' title="bbox 703 1412 2276 1487; baseline -0.006 -13"><span class='ocrx_word' id='word_1_86' title='bbox 703 1418 1002 1474; x_wconf 86' lang='lat' dir='ltr'><strong>secundum</strong></span> <span class='ocrx_word' id='word_1_87' title='bbox 1060 1415 1379 1487; x_wconf 82' lang='lat' dir='ltr'><strong>bypostasin</strong></span> <span class='ocrx_word' id='word_1_88' title='bbox 1417 1429 1548 1469; x_wconf 89' lang='lat' dir='ltr'><strong>vero</strong></span> <span class='ocrx_word' id='word_1_89' title='bbox 1601 1413 1855 1467; x_wconf 87' lang='lat' dir='ltr'><strong>unionem</strong></span> <span class='ocrx_word' id='word_1_90' title='bbox 1894 1413 2071 1467; x_wconf 89' lang='lat' dir='ltr'><strong>modis</strong></span> <span class='ocrx_word' id='word_1_91' title='bbox 2099 1412 2276 1466; x_wconf 84' lang='lat' dir='ltr'><strong>omni-</strong></span> 
     </span>
    </p>
   </div>
   <div class='ocr_carea' id='block_1_17' title="bbox 706 1502 2273 1580">
    <p class='ocr_par' dir='ltr' id='par_1_17' title="bbox 706 1502 2273 1580">
     <span class='ocr_line' id='line_1_17' title="bbox 706 1502 2273 1580; baseline -0.004 -18"><span class='ocrx_word' id='word_1_92' title='bbox 706 1511 803 1562; x_wconf 90' lang='lat' dir='ltr'><strong>bus</strong></span> <span class='ocrx_word' id='word_1_93' title='bbox 835 1510 1168 1580; x_wconf 66' lang='lat' dir='ltr'><strong>ignoramus,</strong></span> <span class='ocrx_word' id='word_1_94' title='bbox 1213 1515 1472 1574; x_wconf 89' lang='lat' dir='ltr'><strong>tanquam</strong></span> <span class='ocrx_word' id='word_1_95' title='bbox 1505 1504 1842 1573; x_wconf 79' lang='lat' dir='ltr'><strong>peregrinam</strong></span> <span class='ocrx_word' id='word_1_96' title='bbox 1879 1512 1932 1557; x_wconf 90' lang='lat' dir='ltr'><strong>et</strong></span> <span class='ocrx_word' id='word_1_97' title='bbox 1973 1502 2201 1556; x_wconf 86' lang='lat' dir='ltr'><strong>alienam</strong></span> <span class='ocrx_word' id='word_1_98' title='bbox 2244 1517 2273 1556; x_wconf 89' lang='lat' dir='ltr'><strong>a</strong></span> 
     </span>
    </p>
   </div>
   <div class='ocr_carea' id='block_1_18' title="bbox 712 1593 2276 1668">
    <p class='ocr_par' dir='ltr' id='par_1_18' title="bbox 712 1593 2276 1668">
     <span class='ocr_line' id='line_1_18' title="bbox 712 1593 2276 1668; baseline -0.003 -16"><span class='ocrx_word' id='word_1_99' title='bbox 712 1600 912 1653; x_wconf 85' lang='lat' dir='ltr'><strong>divinis</strong></span> <span class='ocrx_word' id='word_1_100' title='bbox 950 1597 1270 1668; x_wconf 86' lang='lat' dir='ltr'><strong>Scripturis,</strong></span> <span class='ocrx_word' id='word_1_101' title='bbox 1301 1606 1356 1652; x_wconf 92' lang='lat' dir='ltr'><strong>et</strong></span> <span class='ocrx_word' id='word_1_102' title='bbox 1398 1594 1651 1648; x_wconf 86' lang='lat' dir='ltr'><strong>Patribus</strong></span> <span class='ocrx_word' id='word_1_103' title='bbox 1686 1593 1776 1662; x_wconf 90' lang='lat' dir='ltr'><strong>qui</strong></span> <span class='ocrx_word' id='word_1_104' title='bbox 1803 1607 1898 1648; x_wconf 90' lang='lat' dir='ltr'><strong>eas</strong></span> <span class='ocrx_word' id='word_1_105' title='bbox 1940 1593 2276 1662; x_wconf 85' lang='lat' dir='ltr'><strong>interpretati</strong></span> 
     </span>
    </p>
   </div>
   <div class='ocr_carea' id='block_1_19' title="bbox 707 1683 2279 1756">
    <p class='ocr_par' dir='ltr' id='par_1_19' title="bbox 707 1683 2279 1756">
     <span class='ocr_line' id='line_1_19' title="bbox 707 1683 2279 1756; baseline -0.004 -14"><span class='ocrx_word' id='word_1_106' title='bbox 707 1699 852 1743; x_wconf 86' lang='lat' dir='ltr'><strong>sunt.</strong></span> <span class='ocrx_word' id='word_1_107' title='bbox 888 1689 944 1743; x_wconf 90' lang='lat' dir='ltr'><strong>Si</strong></span> <span class='ocrx_word' id='word_1_108' title='bbox 971 1699 1147 1743; x_wconf 88' lang='lat' dir='ltr'><strong>autem</strong></span> <span class='ocrx_word' id='word_1_109' title='bbox 1177 1701 1272 1756; x_wconf 89' lang='lat' dir='ltr'><strong>per</strong></span> <span class='ocrx_word' id='word_1_110' title='bbox 1329 1685 1582 1739; x_wconf 91' lang='lat' dir='ltr'><strong>unionem</strong></span> <span class='ocrx_word' id='word_1_111' title='bbox 1634 1684 1934 1738; x_wconf 88' lang='lat' dir='ltr'><strong>secundum</strong></span> <span class='ocrx_word' id='word_1_112' title='bbox 1981 1683 2279 1738; x_wconf 86' lang='lat' dir='ltr'><strong>subsisten-</strong></span> 
     </span>
    </p>
   </div>
   <div class='ocr_carea' id='block_1_20' title="bbox 709 1772 2278 1841">
    <p class='ocr_par' dir='ltr' id='par_1_20' title="bbox 709 1772 2278 1841">
     <span class='ocr_line' id='line_1_20' title="bbox 709 1772 2278 1841; baseline -0.004 -10"><span class='ocrx_word' id='word_1_113' title='bbox 709 1779 837 1832; x_wconf 90' lang='lat' dir='ltr'><strong>tiam</strong></span> <span class='ocrx_word' id='word_1_114' title='bbox 869 1777 973 1832; x_wconf 91' lang='lat' dir='ltr'><strong>hoc</strong></span> <span class='ocrx_word' id='word_1_115' title='bbox 1009 1776 1122 1830; x_wconf 84' lang='lat' dir='ltr'><strong>vult</strong></span> <span class='ocrx_word' id='word_1_116' title='bbox 1145 1775 1327 1830; x_wconf 88' lang='lat' dir='ltr'><strong>dicere</strong></span> <span class='ocrx_word' id='word_1_117' title='bbox 1366 1774 1413 1829; x_wconf 87' lang='lat' dir='ltr'><strong>is</strong></span> <span class='ocrx_word' id='word_1_118' title='bbox 1448 1787 1477 1826; x_wconf 88' lang='lat' dir='ltr'><strong>a</strong></span> <span class='ocrx_word' id='word_1_119' title='bbox 1509 1788 1617 1840; x_wconf 86' lang='lat' dir='ltr'><strong>quo</strong></span> <span class='ocrx_word' id='word_1_120' title='bbox 1666 1774 1781 1829; x_wconf 60' lang='lat' dir='ltr'><strong>imae</strong></span> <span class='ocrx_word' id='word_1_121' title='bbox 1810 1782 1928 1828; x_wconf 91' lang='lat' dir='ltr'><strong>orta</strong></span> <span class='ocrx_word' id='word_1_122' title='bbox 1959 1782 2105 1834; x_wconf 85' lang='lat' dir='ltr'><strong>sunt,</strong></span> <span class='ocrx_word' id='word_1_123' title='bbox 2137 1772 2278 1841; x_wconf 92' lang='lat' dir='ltr'><strong>quod</strong></span> 
     </span>
    </p>
   </div>
   <div class='ocr_carea' id='block_1_21' title="bbox 2369 897 3483 969">
    <p class='ocr_par' dir='ltr' id='par_1_21' title="bbox 2369 897 3483 969">
     <span class='ocr_line' id='line_1_21' title="bbox 2369 897 3483 969; baseline 0.002 -19"><span class='ocrx_word' id='word_1_124' title='bbox 2369 898 2506 968; x_wconf 80' lang='grc' dir='ltr'>ὁμοῦ</span> <span class='ocrx_word' id='word_1_125' title='bbox 2566 900 2659 952; x_wconf 78' lang='grc' dir='ltr'><strong>καὶ</strong></span> <span class='ocrx_word' id='word_1_126' title='bbox 2693 899 2979 969; x_wconf 78' lang='grc' dir='ltr'>ἄνθρωπον</span> <span class='ocrx_word' id='word_1_127' title='bbox 3000 915 3011 926; x_wconf 73' lang='grc'><strong>⁸</strong></span> <span class='ocrx_word' id='word_1_128' title='bbox 3045 897 3295 967; x_wconf 80' lang='grc' dir='ltr'>ἀνάθεμα</span> <span class='ocrx_word' id='word_1_129' title='bbox 3325 898 3483 952; x_wconf 76' lang='grc' dir='ltr'>ἔστω.</span> 
     </span>
    </p>
   </div>
   <div class='ocr_carea' id='block_1_22' title="bbox 2778 1031 3521 1100">
    <p class='ocr_par' dir='ltr' id='par_1_22' title="bbox 2778 1031 3521 1100">
     <span class='ocr_line' id='line_1_22' title="bbox 2778 1031 3521 1100; baseline -0.007 -15"><span class='ocrx_word' id='word_1_130' title='bbox 2778 1032 3154 1100; x_wconf 78' lang='grc' dir='ltr'>Θεοδωρήεου</span> <span class='ocrx_word' id='word_1_131' title='bbox 3193 1031 3497 1098; x_wconf 74' lang='grc' dir='ltr'>ἀνατροπή</span> <span class='ocrx_word' id='word_1_132' title='bbox 3509 1069 3521 1081; x_wconf 95' lang='grc'><strong>.</strong></span> 
     </span>
    </p>
   </div>
   <div class='ocr_carea' id='block_1_23' title="bbox 2445 1140 3966 1213">
    <p class='ocr_par' dir='ltr' id='par_1_23' title="bbox 2445 1140 3966 1213">
     <span class='ocr_line' id='line_1_23' title="bbox 2445 1140 3966 1213; baseline -0.003 -17"><span class='ocrx_word' id='word_1_133' title='bbox 2445 1144 2582 1196; x_wconf 80' lang='grc' dir='ltr'><strong>Ἕνα</strong></span> <span class='ocrx_word' id='word_1_134' title='bbox 2637 1143 2736 1212; x_wconf 83' lang='grc' dir='ltr'>μὲν</span> <span class='ocrx_word' id='word_1_135' title='bbox 2785 1143 3020 1213; x_wconf 84' lang='grc' dir='ltr'>Χριστὸν</span> <span class='ocrx_word' id='word_1_136' title='bbox 3063 1142 3454 1213; x_wconf 84' lang='grc' dir='ltr'>ὁμολογοῦμεν,</span> <span class='ocrx_word' id='word_1_137' title='bbox 3487 1143 3604 1203; x_wconf 87' lang='grc' dir='ltr'>ταῖς</span> <span class='ocrx_word' id='word_1_138' title='bbox 3636 1140 3822 1204; x_wconf 82' lang='grc' dir='ltr'>θείαις</span> <span class='ocrx_word' id='word_1_139' title='bbox 3858 1140 3966 1193; x_wconf 83' lang='grc' dir='ltr'><strong>τῶν</strong></span> 
     </span>
    </p>
   </div>
   <div class='ocr_carea' id='block_1_24' title="bbox 2374 1231 3966 1303">
    <p class='ocr_par' dir='ltr' id='par_1_24' title="bbox 2374 1231 3966 1303">
     <span class='ocr_line' id='line_1_24' title="bbox 2374 1231 3966 1303; baseline -0.002 -16"><span class='ocrx_word' id='word_1_140' title='bbox 2374 1234 2687 1288; x_wconf 82' lang='grc' dir='ltr'><strong>ἀποστόλων</strong></span> <span class='ocrx_word' id='word_1_141' title='bbox 2719 1233 3086 1297; x_wconf 77' lang='grc' dir='ltr'><strong>διδασκαλίαις</strong></span> <span class='ocrx_word' id='word_1_142' title='bbox 3115 1235 3426 1303; x_wconf 79' lang='grc' dir='ltr'><strong>πειθόμενοι</strong></span> <span class='ocrx_word' id='word_1_143' title='bbox 3445 1234 3472 1273; x_wconf 77' lang='lat' dir='ltr'><strong>b</strong></span> <span class='ocrx_word' id='word_1_144' title='bbox 3493 1250 3505 1262; x_wconf 77' lang='grc' dir='ltr'><strong>ο</strong></span> <span class='ocrx_word' id='word_1_145' title='bbox 3538 1233 3632 1284; x_wconf 75' lang='grc' dir='ltr'><strong>καὶ</strong></span> <span class='ocrx_word' id='word_1_146' title='bbox 3667 1231 3770 1284; x_wconf 86' lang='grc' dir='ltr'><strong>τὸν</strong></span> <span class='ocrx_word' id='word_1_147' title='bbox 3801 1233 3966 1285; x_wconf 84' lang='grc' dir='ltr'>αὑτὸν</span> 
     </span>
    </p>
   </div>
   <div class='ocr_carea' id='block_1_25' title="bbox 2375 1321 3965 1394">
    <p class='ocr_par' dir='ltr' id='par_1_25' title="bbox 2375 1321 3965 1394">
     <span class='ocr_line' id='line_1_25' title="bbox 2375 1321 3965 1394; baseline -0.003 -18"><span class='ocrx_word' id='word_1_148' title='bbox 2375 1323 2464 1376; x_wconf 86' lang='grc' dir='ltr'><strong>διά</strong></span> <span class='ocrx_word' id='word_1_149' title='bbox 2487 1325 2585 1394; x_wconf 80' lang='grc' dir='ltr'>τὴν</span> <span class='ocrx_word' id='word_1_150' title='bbox 2605 1324 2801 1376; x_wconf 84' lang='grc' dir='ltr'>ἓνωσιν</span> <span class='ocrx_word' id='word_1_151' title='bbox 2833 1323 2963 1375; x_wconf 91' lang='grc' dir='ltr'>Θεόν</span> <span class='ocrx_word' id='word_1_152' title='bbox 2992 1340 3049 1375; x_wconf 89' lang='grc' dir='ltr'><strong>τε</strong></span> <span class='ocrx_word' id='word_1_153' title='bbox 3085 1324 3179 1375; x_wconf 70' lang='grc' dir='ltr'>καὶ</span> <span class='ocrx_word' id='word_1_154' title='bbox 3204 1333 3225 1361; x_wconf 72' lang='grc' dir='ltr'><strong>ε</strong></span> <span class='ocrx_word' id='word_1_155' title='bbox 3264 1322 3548 1392; x_wconf 78' lang='grc' dir='ltr'>ἄνθρωπον</span> <span class='ocrx_word' id='word_1_156' title='bbox 3584 1321 3965 1390; x_wconf 72' lang='grc' dir='ltr'><strong>ὀνομάζομεν⁹</strong></span> 
     </span>
    </p>
   </div>
   <div class='ocr_carea' id='block_1_26' title="bbox 2374 1409 3967 1485">
    <p class='ocr_par' dir='ltr' id='par_1_26' title="bbox 2374 1409 3967 1485">
     <span class='ocr_line' id='line_1_26' title="bbox 2374 1409 3967 1485; baseline -0.004 -17"><span class='ocrx_word' id='word_1_157' title='bbox 2374 1415 2476 1485; x_wconf 87' lang='grc' dir='ltr'><strong>τὴν</strong></span> <span class='ocrx_word' id='word_1_158' title='bbox 2525 1415 2581 1468; x_wconf 84' lang='grc' dir='ltr'>δὲ</span> <span class='ocrx_word' id='word_1_159' title='bbox 2629 1414 2752 1467; x_wconf 76' lang='grc' dir='ltr'>καθ’</span> <span class='ocrx_word' id='word_1_160' title='bbox 2783 1414 3080 1466; x_wconf 83' lang='grc' dir='ltr'>ὑπόστασιν</span> <span class='ocrx_word' id='word_1_161' title='bbox 3127 1413 3322 1466; x_wconf 71' lang='grc' dir='ltr'>ἕνωσιν</span> <span class='ocrx_word' id='word_1_162' title='bbox 3354 1413 3702 1465; x_wconf 85' lang='grc' dir='ltr'>παντάπασιν</span> <span class='ocrx_word' id='word_1_163' title='bbox 3731 1409 3967 1478; x_wconf 77' lang='grc' dir='ltr'>ἀγνοοῦ-</span> 
     </span>
    </p>
   </div>
   <div class='ocr_carea' id='block_1_27' title="bbox 2381 1501 3964 1574">
    <p class='ocr_par' dir='ltr' id='par_1_27' title="bbox 2381 1501 3964 1574">
     <span class='ocr_line' id='line_1_27' title="bbox 2381 1501 3964 1574; baseline -0.004 -16"><span class='ocrx_word' id='word_1_164' title='bbox 2381 1521 2499 1574; x_wconf 88' lang='grc' dir='ltr'>μεν,</span> <span class='ocrx_word' id='word_1_165' title='bbox 2541 1505 2617 1568; x_wconf 82' lang='grc' dir='ltr'>ὡς</span> <span class='ocrx_word' id='word_1_166' title='bbox 2667 1504 2826 1574; x_wconf 81' lang='grc' dir='ltr'>ξένην</span> <span class='ocrx_word' id='word_1_167' title='bbox 2863 1505 2957 1558; x_wconf 74' lang='grc' dir='ltr'><strong>καὶ</strong></span> <span class='ocrx_word' id='word_1_168' title='bbox 3001 1503 3294 1572; x_wconf 79' lang='grc' dir='ltr'><strong>ἀλλόφυλον</strong></span> <span class='ocrx_word' id='word_1_169' title='bbox 3339 1502 3446 1556; x_wconf 85' lang='grc' dir='ltr'>τῶν</span> <span class='ocrx_word' id='word_1_170' title='bbox 3497 1503 3655 1555; x_wconf 84' lang='grc' dir='ltr'>θείων</span> <span class='ocrx_word' id='word_1_171' title='bbox 3697 1501 3964 1571; x_wconf 84' lang='grc' dir='ltr'>Γραφῶν,</span> 
     </span>
    </p>
   </div>
   <div class='ocr_carea' id='block_1_28' title="bbox 2378 1591 3968 1666">
    <p class='ocr_par' dir='ltr' id='par_1_28' title="bbox 2378 1591 3968 1666">
     <span class='ocr_line' id='line_1_28' title="bbox 2378 1591 3968 1666; baseline -0.003 -19"><span class='ocrx_word' id='word_1_172' title='bbox 2378 1595 2473 1647; x_wconf 74' lang='grc' dir='ltr'><strong>καὶ</strong></span> <span class='ocrx_word' id='word_1_173' title='bbox 2502 1594 2610 1647; x_wconf 85' lang='grc' dir='ltr'><strong>τῶν</strong></span> <span class='ocrx_word' id='word_1_174' title='bbox 2636 1595 2840 1657; x_wconf 88' lang='grc' dir='ltr'>ταύτας</span> <span class='ocrx_word' id='word_1_175' title='bbox 2871 1595 3294 1666; x_wconf 74' lang='grc' dir='ltr'>ἡρμηνευκότων</span> <span class='ocrx_word' id='word_1_176' title='bbox 3329 1595 3606 1663; x_wconf 86' lang='grc' dir='ltr'>Πατέρων.</span> <span class='ocrx_word' id='word_1_177' title='bbox 3626 1594 3689 1645; x_wconf 80' lang='grc' dir='ltr'><strong>Εἰ</strong></span> <span class='ocrx_word' id='word_1_178' title='bbox 3713 1593 3776 1646; x_wconf 83' lang='grc' dir='ltr'>δὲ</span> <span class='ocrx_word' id='word_1_179' title='bbox 3810 1591 3968 1644; x_wconf 86' lang='grc' dir='ltr'>τοῦτο</span> 
     </span>
    </p>
   </div>
   <div class='ocr_carea' id='block_1_29' title="bbox 2381 1682 3968 1755">
    <p class='ocr_par' dir='ltr' id='par_1_29' title="bbox 2381 1682 3968 1755">
     <span class='ocr_line' id='line_1_29' title="bbox 2381 1682 3968 1755; baseline -0.003 -18"><span class='ocrx_word' id='word_1_180' title='bbox 2381 1684 2631 1755; x_wconf 85' lang='grc' dir='ltr'>βούλεται</span> <span class='ocrx_word' id='word_1_181' title='bbox 2664 1683 2844 1752; x_wconf 90' lang='grc' dir='ltr'>λέγειν</span> <span class='ocrx_word' id='word_1_182' title='bbox 2873 1684 2961 1737; x_wconf 87' lang='grc' dir='ltr'><strong>διά</strong></span> <span class='ocrx_word' id='word_1_183' title='bbox 2999 1684 3099 1754; x_wconf 78' lang='grc' dir='ltr'>τῆς</span> <span class='ocrx_word' id='word_1_184' title='bbox 3145 1683 3265 1737; x_wconf 80' lang='grc' dir='ltr'>καθ’</span> <span class='ocrx_word' id='word_1_185' title='bbox 3298 1685 3592 1737; x_wconf 78' lang='grc' dir='ltr'>ὑπόστασιν</span> <span class='ocrx_word' id='word_1_186' title='bbox 3638 1682 3899 1744; x_wconf 79' lang='grc' dir='ltr'>ἐνώσεως</span> <span class='ocrx_word' id='word_1_187' title='bbox 3941 1690 3968 1732; x_wconf 82' lang='grc' dir='ltr'><strong>ο</strong></span> 
     </span>
    </p>
   </div>
   <div class='ocr_carea' id='block_1_30' title="bbox 2378 1771 3968 1845">
    <p class='ocr_par' dir='ltr' id='par_1_30' title="bbox 2378 1771 3968 1845">
     <span class='ocr_line' id='line_1_30' title="bbox 2378 1771 3968 1845; baseline -0.003 -19"><span class='ocrx_word' id='word_1_188' title='bbox 2378 1774 2548 1827; x_wconf 87' lang='grc' dir='ltr'>ταῦτα</span> <span class='ocrx_word' id='word_1_189' title='bbox 2591 1775 2894 1843; x_wconf 79' lang='grc' dir='ltr'>γεννήσας,</span> <span class='ocrx_word' id='word_1_190' title='bbox 2939 1773 3014 1837; x_wconf 84' lang='grc' dir='ltr'>ὠς</span> <span class='ocrx_word' id='word_1_191' title='bbox 3070 1775 3265 1843; x_wconf 82' lang='grc' dir='ltr'>κρᾶσις</span> <span class='ocrx_word' id='word_1_192' title='bbox 3316 1773 3516 1845; x_wconf 85' lang='grc' dir='ltr'>σαρκὸς</span> <span class='ocrx_word' id='word_1_193' title='bbox 3563 1773 3656 1825; x_wconf 72' lang='grc' dir='ltr'>καὶ</span> <span class='ocrx_word' id='word_1_194' title='bbox 3705 1771 3968 1839; x_wconf 77' lang='grc' dir='ltr'><strong>θεότητος</strong></span> 
     </span>
    </p>
   </div>
   <div class='ocr_carea' id='block_1_31' title="bbox 709 1858 2286 1943">
    <p class='ocr_par' dir='ltr' id='par_1_31' title="bbox 709 1862 2276 1935">
     <span class='ocr_line' id='line_1_31' title="bbox 709 1862 2276 1935; baseline -0.004 -14"><span class='ocrx_word' id='word_1_195' title='bbox 709 1876 1193 1935; x_wconf 83' lang='lat' dir='ltr'><strong>temperamentum</strong></span> <span class='ocrx_word' id='word_1_196' title='bbox 1252 1867 1436 1920; x_wconf 90' lang='lat' dir='ltr'><strong>carnis</strong></span> <span class='ocrx_word' id='word_1_197' title='bbox 1481 1875 1536 1920; x_wconf 91' lang='lat' dir='ltr'><strong>et</strong></span> <span class='ocrx_word' id='word_1_198' title='bbox 1585 1863 1888 1920; x_wconf 80' lang='lat' dir='ltr'><strong>divinitatis</strong></span> <span class='ocrx_word' id='word_1_199' title='bbox 1930 1863 1999 1917; x_wconf 89' lang='lat' dir='ltr'><strong>sit</strong></span> <span class='ocrx_word' id='word_1_200' title='bbox 2052 1862 2276 1924; x_wconf 84' lang='lat' dir='ltr'><strong>factum,</strong></span> 
     </span>
    </p>
   </div>
   <div class='ocr_carea' id='block_1_32' title="bbox 2389 1858 3969 1943">
    <p class='ocr_par' dir='ltr' id='par_1_32' title="bbox 2389 1858 3969 1934">
     <span class='ocr_line' id='line_1_32' title="bbox 2389 1858 3969 1934; baseline -0.006 -18"><span class='ocrx_word' id='word_1_201' title='bbox 2389 1865 2623 1932; x_wconf 77' lang='grc' dir='ltr'>γέγονεν,</span> <span class='ocrx_word' id='word_1_202' title='bbox 2659 1863 2994 1934; x_wconf 87' lang='grc' dir='ltr'>ἀντεροῦμεν</span> <span class='ocrx_word' id='word_1_203' title='bbox 3043 1863 3140 1916; x_wconf 80' lang='grc' dir='ltr'><strong>σὺν</strong></span> <span class='ocrx_word' id='word_1_204' title='bbox 3185 1863 3335 1934; x_wconf 84' lang='grc' dir='ltr'>πάσῃ</span> <span class='ocrx_word' id='word_1_205' title='bbox 3382 1861 3679 1932; x_wconf 81' lang='grc' dir='ltr'>προθυμίᾳ,</span> <span class='ocrx_word' id='word_1_206' title='bbox 3726 1860 3830 1911; x_wconf 78' lang='grc' dir='ltr'><strong>καὶ</strong></span> <span class='ocrx_word' id='word_1_207' title='bbox 3871 1858 3969 1925; x_wconf 82' lang='grc' dir='ltr'>τὴν</span> 
     </span>
    </p>
   </div>
   <div class='ocr_carea' id='block_1_33' title="bbox 709 1954 2277 2022">
    <p class='ocr_par' dir='ltr' id='par_1_33' title="bbox 709 1954 2277 2022">
     <span class='ocr_line' id='line_1_33' title="bbox 709 1954 2277 2022; baseline -0.004 -10"><span class='ocrx_word' id='word_1_208' title='bbox 709 1959 1145 2012; x_wconf 84' lang='lat' dir='ltr'><strong>cmuradicemus</strong></span> <span class='ocrx_word' id='word_1_209' title='bbox 1187 1958 1334 2011; x_wconf 88' lang='lat' dir='ltr'><strong>omni</strong></span> <span class='ocrx_word' id='word_1_210' title='bbox 1377 1973 1499 2012; x_wconf 90' lang='lat' dir='ltr'><strong>cum</strong></span> <span class='ocrx_word' id='word_1_211' title='bbox 1554 1955 1857 2018; x_wconf 85' lang='lat' dir='ltr'><strong>alacritate,</strong></span> <span class='ocrx_word' id='word_1_212' title='bbox 1893 1964 1950 2009; x_wconf 91' lang='lat' dir='ltr'><strong>et</strong></span> <span class='ocrx_word' id='word_1_213' title='bbox 1990 1954 2277 2022; x_wconf 80' lang='lat' dir='ltr'><strong>redargue-</strong></span> 
     </span>
    </p>
   </div>
   <div class='ocr_carea' id='block_1_34' title="bbox 710 2043 2280 2111">
    <p class='ocr_par' dir='ltr' id='par_1_34' title="bbox 710 2043 2280 2111">
     <span class='ocr_line' id='line_1_34' title="bbox 710 2043 2280 2111; baseline -0.004 -12"><span class='ocrx_word' id='word_1_214' title='bbox 710 2060 828 2099; x_wconf 91' lang='lat' dir='ltr'><strong>mus</strong></span> <span class='ocrx_word' id='word_1_215' title='bbox 856 2044 1270 2111; x_wconf 74' lang='lat' dir='ltr'><strong>blaSpbemiam.</strong></span> <span class='ocrx_word' id='word_1_216' title='bbox 1324 2043 1554 2098; x_wconf 83' lang='lat' dir='ltr'><strong>Necesse</strong></span> <span class='ocrx_word' id='word_1_217' title='bbox 1609 2043 1753 2097; x_wconf 90' lang='lat' dir='ltr'><strong>enim</strong></span> <span class='ocrx_word' id='word_1_218' title='bbox 1800 2044 1979 2097; x_wconf 88' lang='lat' dir='ltr'><strong>estad</strong></span> <span class='ocrx_word' id='word_1_219' title='bbox 2010 2051 2280 2109; x_wconf 87' lang='lat' dir='ltr'><strong>tempera-</strong></span> 
     </span>
    </p>
   </div>
   <div class='ocr_carea' id='block_1_35' title="bbox 711 2126 2278 2200">
    <p class='ocr_par' dir='ltr' id='par_1_35' title="bbox 711 2126 2278 2200">
     <span class='ocr_line' id='line_1_35' title="bbox 711 2126 2278 2200; baseline -0.006 -12"><span class='ocrx_word' id='word_1_220' title='bbox 711 2144 948 2190; x_wconf 90' lang='lat' dir='ltr'><strong>mentum</strong></span> <span class='ocrx_word' id='word_1_221' title='bbox 980 2134 1132 2200; x_wconf 84' lang='lat' dir='ltr'><strong>sequi</strong></span> <span class='ocrx_word' id='word_1_222' title='bbox 1176 2133 1550 2186; x_wconf 80' lang='lat' dir='ltr'><strong>confusionem</strong></span> <span class='ocrx_word' id='word_1_223' title='bbox 1579 2146 1594 2193; x_wconf 90' lang='lat'><strong>;</strong></span> <span class='ocrx_word' id='word_1_224' title='bbox 1625 2132 1978 2198; x_wconf 72' lang='lat' dir='ltr'><strong>ingressuque</strong></span> <span class='ocrx_word' id='word_1_225' title='bbox 2030 2126 2278 2180; x_wconf 78' lang='lat' dir='ltr'><strong>confusio</strong></span> 
     </span>
    </p>
   </div>
   <div class='ocr_carea' id='block_1_36' title="bbox 709 2214 2281 2291">
    <p class='ocr_par' dir='ltr' id='par_1_36' title="bbox 709 2214 2281 2291">
     <span class='ocr_line' id='line_1_36' title="bbox 709 2214 2281 2291; baseline -0.007 -13"><span class='ocrx_word' id='word_1_226' title='bbox 709 2224 888 2279; x_wconf 87' lang='lat' dir='ltr'><strong>aufert</strong></span> <span class='ocrx_word' id='word_1_227' title='bbox 945 2222 1371 2291; x_wconf 87' lang='lat' dir='ltr'><strong>uniuscujusque</strong></span> <span class='ocrx_word' id='word_1_228' title='bbox 1429 2230 1639 2273; x_wconf 73' lang='lat' dir='ltr'><strong>natum</strong></span> <span class='ocrx_word' id='word_1_229' title='bbox 1688 2218 2098 2287; x_wconf 88' lang='lat' dir='ltr'><strong>proprietatem.</strong></span> <span class='ocrx_word' id='word_1_230' title='bbox 2151 2214 2281 2279; x_wconf 72' lang='lat' dir='ltr'><strong>Qua:</strong></span> 
     </span>
    </p>
   </div>
   <div class='ocr_carea' id='block_1_37' title="bbox 710 2302 2276 2379">
    <p class='ocr_par' dir='ltr' id='par_1_37' title="bbox 710 2302 2276 2379">
     <span class='ocr_line' id='line_1_37' title="bbox 710 2302 2276 2379; baseline -0.009 -11"><span class='ocrx_word' id='word_1_231' title='bbox 710 2313 855 2368; x_wconf 87' lang='lat' dir='ltr'><strong>enim</strong></span> <span class='ocrx_word' id='word_1_232' title='bbox 879 2318 1268 2379; x_wconf 80' lang='lat' dir='ltr'><strong>temperantur,</strong></span> <span class='ocrx_word' id='word_1_233' title='bbox 1284 2323 1388 2362; x_wconf 91' lang='lat' dir='ltr'><strong>non</strong></span> <span class='ocrx_word' id='word_1_234' title='bbox 1412 2314 1749 2375; x_wconf 87' lang='lat' dir='ltr'><strong>permanent,</strong></span> <span class='ocrx_word' id='word_1_235' title='bbox 1775 2314 1830 2358; x_wconf 92' lang='lat' dir='ltr'><strong>ut</strong></span> <span class='ocrx_word' id='word_1_236' title='bbox 1847 2304 2020 2372; x_wconf 88' lang='lat' dir='ltr'><strong>primo</strong></span> <span class='ocrx_word' id='word_1_237' title='bbox 2043 2302 2276 2355; x_wconf 90' lang='lat' dir='ltr'><strong>fuerunt.</strong></span> 
     </span>
    </p>
   </div>
   <div class='ocr_carea' id='block_1_38' title="bbox 712 2394 2278 2464">
    <p class='ocr_par' dir='ltr' id='par_1_38' title="bbox 712 2394 2278 2464">
     <span class='ocr_line' id='line_1_38' title="bbox 712 2394 2278 2464; baseline -0.008 -7"><span class='ocrx_word' id='word_1_238' title='bbox 712 2398 827 2457; x_wconf 78' lang='lat' dir='ltr'><strong>Hoc</strong></span> <span class='ocrx_word' id='word_1_239' title='bbox 852 2411 1030 2456; x_wconf 89' lang='lat' dir='ltr'><strong>autem</strong></span> <span class='ocrx_word' id='word_1_240' title='bbox 1064 2399 1131 2453; x_wconf 90' lang='lat' dir='ltr'><strong>de</strong></span> <span class='ocrx_word' id='word_1_241' title='bbox 1170 2398 1279 2452; x_wconf 89' lang='lat' dir='ltr'><strong>Deo</strong></span> <span class='ocrx_word' id='word_1_242' title='bbox 1306 2395 1504 2459; x_wconf 84' lang='lat' dir='ltr'><strong>Verbo,</strong></span> <span class='ocrx_word' id='word_1_243' title='bbox 1535 2405 1588 2450; x_wconf 95' lang='lat' dir='ltr'><strong>et</strong></span> <span class='ocrx_word' id='word_1_244' title='bbox 1618 2410 1703 2461; x_wconf 91' lang='lat' dir='ltr'><strong>eo,</strong></span> <span class='ocrx_word' id='word_1_245' title='bbox 1726 2394 1816 2464; x_wconf 90' lang='lat' dir='ltr'><strong>qui</strong></span> <span class='ocrx_word' id='word_1_246' title='bbox 1847 2409 1908 2447; x_wconf 78' lang='lat' dir='ltr'><strong>ex</strong></span> <span class='ocrx_word' id='word_1_247' title='bbox 1941 2394 2145 2446; x_wconf 89' lang='lat' dir='ltr'><strong>semine</strong></span> <span class='ocrx_word' id='word_1_248' title='bbox 2178 2394 2278 2446; x_wconf 90' lang='lat' dir='ltr'><strong>Da-</strong></span> 
     </span>
    </p>
   </div>
   <div class='ocr_carea' id='block_1_39' title="bbox 712 2478 2279 2552">
    <p class='ocr_par' dir='ltr' id='par_1_39' title="bbox 712 2478 2279 2552">
     <span class='ocr_line' id='line_1_39' title="bbox 712 2478 2279 2552; baseline -0.005 -10"><span class='ocrx_word' id='word_1_249' title='bbox 712 2478 926 2552; x_wconf 88' lang='lat' dir='ltr'><strong>videst,</strong></span> <span class='ocrx_word' id='word_1_250' title='bbox 946 2486 1129 2542; x_wconf 90' lang='lat' dir='ltr'><strong>dicere</strong></span> <span class='ocrx_word' id='word_1_251' title='bbox 1181 2484 1636 2540; x_wconf 84' lang='lat' dir='ltr'><strong>absurdissimum</strong></span> <span class='ocrx_word' id='word_1_252' title='bbox 1681 2492 1784 2539; x_wconf 89' lang='lat' dir='ltr'><strong>est.</strong></span> <span class='ocrx_word' id='word_1_253' title='bbox 1818 2481 2043 2550; x_wconf 88' lang='lat' dir='ltr'><strong>Oportet</strong></span> <span class='ocrx_word' id='word_1_254' title='bbox 2101 2492 2279 2534; x_wconf 88' lang='lat' dir='ltr'><strong>autem</strong></span> 
     </span>
    </p>
   </div>
   <div class='ocr_carea' id='block_1_40' title="bbox 712 2577 2283 2643">
    <p class='ocr_par' dir='ltr' id='par_1_40' title="bbox 712 2577 2283 2643">
     <span class='ocr_line' id='line_1_40' title="bbox 712 2577 2283 2643; baseline -0.006 -4"><span class='ocrx_word' id='word_1_255' title='bbox 712 2583 937 2639; x_wconf 84' lang='lat' dir='ltr'><strong>credere</strong></span> <span class='ocrx_word' id='word_1_256' title='bbox 997 2579 1225 2634; x_wconf 88' lang='lat' dir='ltr'><strong>Domino</strong></span> <span class='ocrx_word' id='word_1_257' title='bbox 1289 2578 1595 2632; x_wconf 85' lang='lat' dir='ltr'><strong>ostendenti</strong></span> <span class='ocrx_word' id='word_1_258' title='bbox 1657 2577 1789 2632; x_wconf 92' lang='lat' dir='ltr'><strong>duas</strong></span> <span class='ocrx_word' id='word_1_259' title='bbox 1837 2587 2076 2633; x_wconf 85' lang='lat' dir='ltr'><strong>naturas.</strong></span> <span class='ocrx_word' id='word_1_260' title='bbox 2125 2585 2283 2643; x_wconf 88' lang='lat' dir='ltr'><strong>atque</strong></span> 
     </span>
    </p>
   </div>
   <div class='ocr_carea' id='block_1_41' title="bbox 714 2668 2283 2736">
    <p class='ocr_par' dir='ltr' id='par_1_41' title="bbox 714 2668 2283 2736">
     <span class='ocr_line' id='line_1_41' title="bbox 714 2668 2283 2736; baseline -0.005 -9"><span class='ocrx_word' id='word_1_261' title='bbox 714 2673 912 2727; x_wconf 84' lang='lat' dir='ltr'><strong>dicenti</strong></span> <span class='ocrx_word' id='word_1_262' title='bbox 940 2670 1139 2726; x_wconf 75' lang='lat' dir='ltr'><strong>Judaeis</strong></span> <span class='ocrx_word' id='word_1_263' title='bbox 1169 2687 1181 2724; x_wconf 92' lang='lat'><strong>:</strong></span> <span class='ocrx_word' id='word_1_264' title='bbox 1219 2688 1237 2720; x_wconf 72' lang='grc' dir='ltr'>ι</span> <span class='ocrx_word' id='word_1_265' title='bbox 1281 2669 1485 2724; x_wconf 86' lang='lat' dir='ltr'><strong>Solvite</strong></span> <span class='ocrx_word' id='word_1_266' title='bbox 1522 2671 1774 2736; x_wconf 89' lang='lat' dir='ltr'><strong>templum</strong></span> <span class='ocrx_word' id='word_1_267' title='bbox 1804 2669 1924 2732; x_wconf 86' lang='lat' dir='ltr'><strong>hoc,</strong></span> <span class='ocrx_word' id='word_1_268' title='bbox 1949 2676 2001 2721; x_wconf 89' lang='lat' dir='ltr'><strong>et</strong></span> <span class='ocrx_word' id='word_1_269' title='bbox 2033 2668 2083 2720; x_wconf 92' lang='lat' dir='ltr'><strong>in</strong></span> <span class='ocrx_word' id='word_1_270' title='bbox 2111 2668 2283 2720; x_wconf 90' lang='lat' dir='ltr'><strong>tribus</strong></span> 
     </span>
    </p>
   </div>
   <div class='ocr_carea' id='block_1_42' title="bbox 715 2758 2283 2825">
    <p class='ocr_par' dir='ltr' id='par_1_42' title="bbox 715 2758 2283 2825">
     <span class='ocr_line' id='line_1_42' title="bbox 715 2758 2283 2825; baseline -0.003 -10"><span class='ocrx_word' id='word_1_271' title='bbox 715 2763 904 2818; x_wconf 86' lang='lat' dir='ltr'><strong>diebus</strong></span> <span class='ocrx_word' id='word_1_272' title='bbox 955 2762 1228 2815; x_wconf 66' lang='lat' dir='ltr'><strong>suscitabo</strong></span> <span class='ocrx_word' id='word_1_273' title='bbox 1291 2761 1422 2813; x_wconf 90' lang='lat' dir='ltr'><strong>illud</strong></span> <span class='ocrx_word' id='word_1_274' title='bbox 1447 2760 1515 2812; x_wconf 74' lang='grc'><strong>⁷⁸.</strong></span> <span class='ocrx_word' id='word_1_275' title='bbox 1562 2777 1580 2810; x_wconf 74' lang='grc' dir='ltr'><strong>ι</strong></span> <span class='ocrx_word' id='word_1_276' title='bbox 1632 2758 1687 2813; x_wconf 89' lang='lat' dir='ltr'><strong>Si</strong></span> <span class='ocrx_word' id='word_1_277' title='bbox 1744 2769 1922 2812; x_wconf 92' lang='lat' dir='ltr'><strong>autem</strong></span> <span class='ocrx_word' id='word_1_278' title='bbox 1965 2758 2283 2825; x_wconf 87' lang='lat' dir='ltr'><strong>temperatio</strong></span> 
     </span>
    </p>
   </div>
   <div class='ocr_carea' id='block_1_43' title="bbox 713 2849 2284 2919">
    <p class='ocr_par' dir='ltr' id='par_1_43' title="bbox 713 2849 2284 2919">
     <span class='ocr_line' id='line_1_43' title="bbox 713 2849 2284 2919; baseline -0.002 -15"><span class='ocrx_word' id='word_1_279' title='bbox 713 2851 857 2906; x_wconf 86' lang='lat' dir='ltr'><strong>facta</strong></span> <span class='ocrx_word' id='word_1_280' title='bbox 896 2851 1109 2914; x_wconf 88' lang='lat' dir='ltr'><strong>fuisset,</strong></span> <span class='ocrx_word' id='word_1_281' title='bbox 1186 2866 1358 2919; x_wconf 79' lang='lat' dir='ltr'><strong>neque</strong></span> <span class='ocrx_word' id='word_1_282' title='bbox 1399 2850 1537 2904; x_wconf 88' lang='lat' dir='ltr'><strong>Deus</strong></span> <span class='ocrx_word' id='word_1_283' title='bbox 1578 2849 1964 2918; x_wconf 82' lang='lat' dir='ltr'><strong>permansisset</strong></span> <span class='ocrx_word' id='word_1_284' title='bbox 1999 2850 2156 2912; x_wconf 85' lang='lat' dir='ltr'><strong>Deus,</strong></span> <span class='ocrx_word' id='word_1_285' title='bbox 2193 2863 2284 2901; x_wconf 87' lang='lat' dir='ltr'><strong>ne-</strong></span> 
     </span>
    </p>
   </div>
   <div class='ocr_carea' id='block_1_44' title="bbox 713 2939 2284 3010">
    <p class='ocr_par' dir='ltr' id='par_1_44' title="bbox 713 2939 2284 3010">
     <span class='ocr_line' id='line_1_44' title="bbox 713 2939 2284 3010; baseline -0.003 -16"><span class='ocrx_word' id='word_1_286' title='bbox 713 2956 818 3010; x_wconf 91' lang='lat' dir='ltr'><strong>que</strong></span> <span class='ocrx_word' id='word_1_287' title='bbox 866 2941 1119 3009; x_wconf 89' lang='lat' dir='ltr'><strong>templum</strong></span> <span class='ocrx_word' id='word_1_288' title='bbox 1171 2940 1442 3009; x_wconf 74' lang='lat' dir='ltr'><strong>cognitum</strong></span> <span class='ocrx_word' id='word_1_289' title='bbox 1490 2939 1683 2993; x_wconf 86' lang='lat' dir='ltr'><strong>fuisset</strong></span> <span class='ocrx_word' id='word_1_290' title='bbox 1733 2940 2010 3007; x_wconf 90' lang='lat' dir='ltr'><strong>templum,</strong></span> <span class='ocrx_word' id='word_1_291' title='bbox 2083 2940 2176 2992; x_wconf 86' lang='lat' dir='ltr'><strong>sed</strong></span> <span class='ocrx_word' id='word_1_292' title='bbox 2230 2947 2284 2992; x_wconf 92' lang='lat' dir='ltr'><strong>et</strong></span> 
     </span>
    </p>
   </div>
   <div class='ocr_carea' id='block_1_45' title="bbox 717 3027 2285 3098">
    <p class='ocr_par' dir='ltr' id='par_1_45' title="bbox 717 3027 2285 3098">
     <span class='ocr_line' id='line_1_45' title="bbox 717 3027 2285 3098; baseline -0.002 -16"><span class='ocrx_word' id='word_1_293' title='bbox 717 3029 974 3097; x_wconf 89' lang='lat' dir='ltr'><strong>templum</strong></span> <span class='ocrx_word' id='word_1_294' title='bbox 1023 3029 1184 3092; x_wconf 90' lang='lat' dir='ltr'><strong>Deus,</strong></span> <span class='ocrx_word' id='word_1_295' title='bbox 1209 3039 1265 3082; x_wconf 90' lang='lat' dir='ltr'><strong>et</strong></span> <span class='ocrx_word' id='word_1_296' title='bbox 1296 3028 1438 3082; x_wconf 88' lang='lat' dir='ltr'><strong>Deus</strong></span> <span class='ocrx_word' id='word_1_297' title='bbox 1472 3027 1726 3098; x_wconf 87' lang='lat' dir='ltr'><strong>templum</strong></span> <span class='ocrx_word' id='word_1_298' title='bbox 1767 3028 1900 3096; x_wconf 85' lang='lat' dir='ltr'><strong>(hoc</strong></span> <span class='ocrx_word' id='word_1_299' title='bbox 1934 3028 2077 3081; x_wconf 91' lang='lat' dir='ltr'><strong>enim</strong></span> <span class='ocrx_word' id='word_1_300' title='bbox 2119 3029 2285 3096; x_wconf 82' lang='lat' dir='ltr'><strong>exigit</strong></span> 
     </span>
    </p>
   </div>
   <div class='ocr_carea' id='block_1_46' title="bbox 714 3116 2285 3186">
    <p class='ocr_par' dir='ltr' id='par_1_46' title="bbox 714 3116 2285 3186">
     <span class='ocr_line' id='line_1_46' title="bbox 714 3116 2285 3186; baseline -0.001 -13"><span class='ocrx_word' id='word_1_301' title='bbox 714 3121 853 3174; x_wconf 85' lang='lat' dir='ltr'><strong>ratio</strong></span> <span class='ocrx_word' id='word_1_302' title='bbox 884 3119 1338 3186; x_wconf 90' lang='lat' dir='ltr'><strong>temperamenti),</strong></span> <span class='ocrx_word' id='word_1_303' title='bbox 1374 3127 1426 3172; x_wconf 91' lang='lat' dir='ltr'><strong>et</strong></span> <span class='ocrx_word' id='word_1_304' title='bbox 1459 3116 1728 3186; x_wconf 85' lang='lat' dir='ltr'><strong>superflue</strong></span> <span class='ocrx_word' id='word_1_305' title='bbox 1767 3119 2026 3172; x_wconf 86' lang='lat' dir='ltr'><strong>Dominus</strong></span> <span class='ocrx_word' id='word_1_306' title='bbox 2064 3118 2285 3173; x_wconf 83' lang='lat' dir='ltr'><strong>dixisset</strong></span> 
     </span>
    </p>
   </div>
   <div class='ocr_carea' id='block_1_47' title="bbox 2389 1947 3969 2026">
    <p class='ocr_par' dir='ltr' id='par_1_47' title="bbox 2389 1947 3969 2026">
     <span class='ocr_line' id='line_1_47' title="bbox 2389 1947 3969 2026; baseline -0.007 -19"><span class='ocrx_word' id='word_1_307' title='bbox 2389 1954 2739 2026; x_wconf 79' lang='grc' dir='ltr'><strong>βλασφημίαν</strong></span> <span class='ocrx_word' id='word_1_308' title='bbox 2764 1952 3072 2021; x_wconf 82' lang='grc' dir='ltr'>ὲλέγξομεν.</span> <span class='ocrx_word' id='word_1_309' title='bbox 3093 1953 3327 2016; x_wconf 66' lang='grc' dir='ltr'>Ἀνάγκη</span> <span class='ocrx_word' id='word_1_310' title='bbox 3354 1947 3462 2017; x_wconf 82' lang='grc' dir='ltr'>γὰρ</span> <span class='ocrx_word' id='word_1_311' title='bbox 3505 1950 3568 2016; x_wconf 80' lang='grc' dir='ltr'>τῇ</span> <span class='ocrx_word' id='word_1_312' title='bbox 3609 1947 3814 2016; x_wconf 83' lang='grc' dir='ltr'>κράσει</span> <span class='ocrx_word' id='word_1_313' title='bbox 3843 1948 3969 1998; x_wconf 88' lang='grc' dir='ltr'>ἀκο-</span> 
     </span>
    </p>
   </div>
   <div class='ocr_carea' id='block_1_48' title="bbox 2387 2033 3967 2108">
    <p class='ocr_par' dir='ltr' id='par_1_48' title="bbox 2387 2033 3967 2108">
     <span class='ocr_line' id='line_1_48' title="bbox 2387 2033 3967 2108; baseline -0.006 -16"><span class='ocrx_word' id='word_1_314' title='bbox 2387 2045 2644 2108; x_wconf 66' lang='lat' dir='ltr'><strong>laetiﬁcat</strong></span> <span class='ocrx_word' id='word_1_315' title='bbox 2701 2043 2799 2107; x_wconf 80' lang='grc' dir='ltr'>τὴν</span> <span class='ocrx_word' id='word_1_316' title='bbox 2854 2037 3143 2104; x_wconf 87' lang='grc' dir='ltr'>σύγχυσιν·</span> <span class='ocrx_word' id='word_1_317' title='bbox 3199 2035 3441 2087; x_wconf 71' lang='grc' dir='ltr'>εἰσιοῦσα</span> <span class='ocrx_word' id='word_1_318' title='bbox 3490 2034 3545 2086; x_wconf 79' lang='grc' dir='ltr'>δὲ</span> <span class='ocrx_word' id='word_1_319' title='bbox 3595 2036 3628 2104; x_wconf 80' lang='grc' dir='ltr'><strong>ἡ</strong></span> <span class='ocrx_word' id='word_1_320' title='bbox 3697 2033 3967 2100; x_wconf 85' lang='grc' dir='ltr'>σύγχυσις</span> 
     </span>
    </p>
   </div>
   <div class='ocr_carea' id='block_1_49' title="bbox 2385 2123 3967 2198">
    <p class='ocr_par' dir='ltr' id='par_1_49' title="bbox 2385 2123 3967 2198">
     <span class='ocr_line' id='line_1_49' title="bbox 2385 2123 3967 2198; baseline -0.006 -16"><span class='ocrx_word' id='word_1_321' title='bbox 2385 2131 2610 2198; x_wconf 86' lang='grc' dir='ltr'>ἀφαιρεῖ</span> <span class='ocrx_word' id='word_1_322' title='bbox 2640 2128 2740 2197; x_wconf 81' lang='grc' dir='ltr'>τῆς</span> <span class='ocrx_word' id='word_1_323' title='bbox 2776 2127 3013 2197; x_wconf 79' lang='grc' dir='ltr'><strong>ἑκάστης</strong></span> <span class='ocrx_word' id='word_1_324' title='bbox 3041 2126 3254 2194; x_wconf 87' lang='grc' dir='ltr'>φύσεως</span> <span class='ocrx_word' id='word_1_325' title='bbox 3301 2125 3400 2196; x_wconf 80' lang='grc' dir='ltr'>τὴν</span> <span class='ocrx_word' id='word_1_326' title='bbox 3452 2126 3708 2194; x_wconf 77' lang='grc' dir='ltr'>ἰδιότητα.</span> <span class='ocrx_word' id='word_1_327' title='bbox 3746 2124 3830 2176; x_wconf 84' lang='grc' dir='ltr'><strong>Τά</strong></span> <span class='ocrx_word' id='word_1_328' title='bbox 3861 2123 3967 2190; x_wconf 84' lang='grc' dir='ltr'>γὰρ</span> 
     </span>
    </p>
   </div>
   <div class='ocr_carea' id='block_1_50' title="bbox 2387 2210 3966 2291">
    <p class='ocr_par' dir='ltr' id='par_1_50' title="bbox 2387 2210 3966 2291">
     <span class='ocr_line' id='line_1_50' title="bbox 2387 2210 3966 2291; baseline -0.007 -19"><span class='ocrx_word' id='word_1_329' title='bbox 2387 2220 2762 2291; x_wconf 84' lang='grc' dir='ltr'>κεραννύμενα</span> <span class='ocrx_word' id='word_1_330' title='bbox 2791 2218 2852 2270; x_wconf 85' lang='grc' dir='ltr'><strong>ού</strong></span> <span class='ocrx_word' id='word_1_331' title='bbox 2887 2218 3068 2287; x_wconf 86' lang='grc' dir='ltr'>μένει,</span> <span class='ocrx_word' id='word_1_332' title='bbox 3100 2217 3133 2269; x_wconf 79' lang='grc' dir='ltr'><strong>ἃ</strong></span> <span class='ocrx_word' id='word_1_333' title='bbox 3164 2217 3428 2286; x_wconf 79' lang='grc' dir='ltr'>πρότερον</span> <span class='ocrx_word' id='word_1_334' title='bbox 3463 2210 3550 2284; x_wconf 83' lang='grc' dir='ltr'><strong>ἦν.</strong></span> <span class='ocrx_word' id='word_1_335' title='bbox 3584 2214 3760 2266; x_wconf 88' lang='grc' dir='ltr'>Τοῦτο</span> <span class='ocrx_word' id='word_1_336' title='bbox 3787 2213 3848 2264; x_wconf 81' lang='grc' dir='ltr'>δὲ</span> <span class='ocrx_word' id='word_1_337' title='bbox 3877 2213 3966 2263; x_wconf 66' lang='grc' dir='ltr'>ἐπὶ</span> 
     </span>
    </p>
   </div>
   <div class='ocr_carea' id='block_1_51' title="bbox 2386 2302 3963 2376">
    <p class='ocr_par' dir='ltr' id='par_1_51' title="bbox 2386 2302 3963 2376">
     <span class='ocr_line' id='line_1_51' title="bbox 2386 2302 3963 2376; baseline -0.01 -11"><span class='ocrx_word' id='word_1_338' title='bbox 2386 2312 2481 2365; x_wconf 87' lang='grc' dir='ltr'><strong>τοῦ</strong></span> <span class='ocrx_word' id='word_1_339' title='bbox 2510 2311 2647 2364; x_wconf 84' lang='grc' dir='ltr'>Θεοῦ</span> <span class='ocrx_word' id='word_1_340' title='bbox 2673 2309 2872 2376; x_wconf 90' lang='grc' dir='ltr'>Λόγου,</span> <span class='ocrx_word' id='word_1_341' title='bbox 2898 2309 2993 2362; x_wconf 75' lang='grc' dir='ltr'><strong>καὶ</strong></span> <span class='ocrx_word' id='word_1_342' title='bbox 3015 2308 3103 2360; x_wconf 89' lang='grc' dir='ltr'><strong>τοῦ</strong></span> <span class='ocrx_word' id='word_1_343' title='bbox 3137 2308 3202 2358; x_wconf 80' lang='grc' dir='ltr'>ὲκ</span> <span class='ocrx_word' id='word_1_344' title='bbox 3234 2307 3543 2376; x_wconf 83' lang='grc' dir='ltr'>σπέρματος</span> <span class='ocrx_word' id='word_1_345' title='bbox 3569 2303 3736 2356; x_wconf 79' lang='grc' dir='ltr'><strong>Δαυῖδ</strong></span> <span class='ocrx_word' id='word_1_346' title='bbox 3763 2302 3963 2368; x_wconf 84' lang='grc' dir='ltr'>λέγειν,</span> 
     </span>
    </p>
   </div>
   <div class='ocr_carea' id='block_1_52' title="bbox 2385 2391 3966 2467">
    <p class='ocr_par' dir='ltr' id='par_1_52' title="bbox 2385 2391 3966 2467">
     <span class='ocr_line' id='line_1_52' title="bbox 2385 2391 3966 2467; baseline -0.008 -14"><span class='ocrx_word' id='word_1_347' title='bbox 2385 2402 2494 2453; x_wconf 82' lang='grc' dir='ltr'><strong>τῶν</strong></span> <span class='ocrx_word' id='word_1_348' title='bbox 2515 2401 2878 2454; x_wconf 82' lang='grc' dir='ltr'>ἀτοπωτάτων</span> <span class='ocrx_word' id='word_1_349' title='bbox 2902 2399 2968 2453; x_wconf 82' lang='grc' dir='ltr'><strong>ἂν</strong></span> <span class='ocrx_word' id='word_1_350' title='bbox 3001 2398 3108 2467; x_wconf 72' lang='grc' dir='ltr'>εἴη.</span> <span class='ocrx_word' id='word_1_351' title='bbox 3140 2397 3260 2466; x_wconf 82' lang='grc' dir='ltr'><strong>Χρὴ</strong></span> <span class='ocrx_word' id='word_1_352' title='bbox 3282 2395 3338 2448; x_wconf 82' lang='grc' dir='ltr'>δὲ</span> <span class='ocrx_word' id='word_1_353' title='bbox 3369 2394 3644 2448; x_wconf 87' lang='grc' dir='ltr'>πείθεσθαι</span> <span class='ocrx_word' id='word_1_354' title='bbox 3669 2393 3753 2462; x_wconf 87' lang='grc' dir='ltr'>τῷ</span> <span class='ocrx_word' id='word_1_355' title='bbox 3776 2391 3966 2460; x_wconf 78' lang='grc' dir='ltr'>Κυρίῳ</span> 
     </span>
    </p>
   </div>
   <div class='ocr_carea' id='block_1_53' title="bbox 2387 2483 3961 2558">
    <p class='ocr_par' dir='ltr' id='par_1_53' title="bbox 2387 2483 3961 2558">
     <span class='ocr_line' id='line_1_53' title="bbox 2387 2483 3961 2558; baseline -0.007 -14"><span class='ocrx_word' id='word_1_356' title='bbox 2387 2492 2654 2544; x_wconf 78' lang='grc' dir='ltr'>δεικνύντι</span> <span class='ocrx_word' id='word_1_357' title='bbox 2686 2491 2785 2553; x_wconf 83' lang='grc' dir='ltr'>τὰς</span> <span class='ocrx_word' id='word_1_358' title='bbox 2810 2491 2904 2542; x_wconf 87' lang='grc' dir='ltr'><strong>δύο</strong></span> <span class='ocrx_word' id='word_1_359' title='bbox 2935 2488 3147 2558; x_wconf 87' lang='grc' dir='ltr'>φύσεις,</span> <span class='ocrx_word' id='word_1_360' title='bbox 3173 2487 3268 2541; x_wconf 55' lang='grc' dir='ltr'><strong>καῖ¹</strong></span> <span class='ocrx_word' id='word_1_361' title='bbox 3297 2487 3634 2554; x_wconf 84' lang='grc' dir='ltr'>λέγοντιτοῖς</span> <span class='ocrx_word' id='word_1_362' title='bbox 3663 2483 3961 2542; x_wconf 77' lang='grc' dir='ltr'>Ἰουδαῖοις·</span> 
     </span>
    </p>
   </div>
   <div class='ocr_carea' id='block_1_54' title="bbox 2396 2574 3963 2646">
    <p class='ocr_par' dir='ltr' id='par_1_54' title="bbox 2396 2574 3963 2646">
     <span class='ocr_line' id='line_1_54' title="bbox 2396 2574 3963 2646; baseline -0.007 -14"><span class='ocrx_word' id='word_1_363' title='bbox 2396 2601 2413 2632; x_wconf 79' lang='grc' dir='ltr'><strong>ι</strong></span> <span class='ocrx_word' id='word_1_364' title='bbox 2443 2580 2652 2634; x_wconf 82' lang='grc' dir='ltr'>Λύσατε</span> <span class='ocrx_word' id='word_1_365' title='bbox 2699 2580 2790 2632; x_wconf 89' lang='grc' dir='ltr'><strong>τὸν</strong></span> <span class='ocrx_word' id='word_1_366' title='bbox 2836 2578 2960 2634; x_wconf 91' lang='grc' dir='ltr'>ναὸν</span> <span class='ocrx_word' id='word_1_367' title='bbox 3004 2576 3226 2641; x_wconf 90' lang='grc' dir='ltr'>τοῦτον,</span> <span class='ocrx_word' id='word_1_368' title='bbox 3275 2577 3366 2629; x_wconf 71' lang='grc' dir='ltr'>καὶ</span> <span class='ocrx_word' id='word_1_369' title='bbox 3410 2577 3468 2627; x_wconf 81' lang='grc' dir='ltr'><strong>έν</strong></span> <span class='ocrx_word' id='word_1_370' title='bbox 3501 2574 3675 2646; x_wconf 77' lang='grc' dir='ltr'>τρισὶν</span> <span class='ocrx_word' id='word_1_371' title='bbox 3730 2574 3963 2642; x_wconf 75' lang='grc' dir='ltr'><strong>ἡμέραις</strong></span> 
     </span>
    </p>
   </div>
   <div class='ocr_carea' id='block_1_55' title="bbox 2390 2659 3966 2741">
    <p class='ocr_par' dir='ltr' id='par_1_55' title="bbox 2390 2659 3966 2741">
     <span class='ocr_line' id='line_1_55' title="bbox 2390 2659 3966 2741; baseline -0.008 -17"><span class='ocrx_word' id='word_1_372' title='bbox 2390 2672 2566 2741; x_wconf 82' lang='grc' dir='ltr'>ἐγερῶ</span> <span class='ocrx_word' id='word_1_373' title='bbox 2613 2670 2796 2722; x_wconf 77' lang='grc' dir='ltr'>αὐτόν.</span> <span class='ocrx_word' id='word_1_374' title='bbox 2828 2688 2845 2719; x_wconf 74' lang='grc' dir='ltr'><strong>ι</strong></span> <span class='ocrx_word' id='word_1_375' title='bbox 2887 2670 2947 2722; x_wconf 79' lang='lat' dir='ltr'><strong>El</strong></span> <span class='ocrx_word' id='word_1_376' title='bbox 2993 2669 3048 2720; x_wconf 83' lang='grc' dir='ltr'>δὲ</span> <span class='ocrx_word' id='word_1_377' title='bbox 3102 2669 3298 2737; x_wconf 83' lang='grc' dir='ltr'>κρᾶσις</span> <span class='ocrx_word' id='word_1_378' title='bbox 3341 2666 3618 2734; x_wconf 80' lang='grc' dir='ltr'>ὲγεγόνει,</span> <span class='ocrx_word' id='word_1_379' title='bbox 3658 2662 3786 2715; x_wconf 74' lang='grc' dir='ltr'>οὔτε</span> <span class='ocrx_word' id='word_1_380' title='bbox 3835 2659 3966 2719; x_wconf 86' lang='grc' dir='ltr'>Θεὸς</span> 
     </span>
    </p>
   </div>
   <div class='ocr_carea' id='block_1_56' title="bbox 2389 2750 3964 2834">
    <p class='ocr_par' dir='ltr' id='par_1_56' title="bbox 2389 2750 3964 2834">
     <span class='ocr_line' id='line_1_56' title="bbox 2389 2750 3964 2834; baseline -0.01 -18"><span class='ocrx_word' id='word_1_381' title='bbox 2389 2765 2723 2834; x_wconf 78' lang='grc' dir='ltr'>έμεμενήκει</span> <span class='ocrx_word' id='word_1_382' title='bbox 2753 2760 2903 2825; x_wconf 88' lang='grc' dir='ltr'>Θεὸς,</span> <span class='ocrx_word' id='word_1_383' title='bbox 2947 2758 3071 2812; x_wconf 79' lang='grc' dir='ltr'>οὕτε</span> <span class='ocrx_word' id='word_1_384' title='bbox 3101 2759 3228 2820; x_wconf 84' lang='grc' dir='ltr'>ναὸς</span> <span class='ocrx_word' id='word_1_385' title='bbox 3270 2755 3595 2827; x_wconf 76' lang='grc' dir='ltr'>ὲγνωρίζετο</span> <span class='ocrx_word' id='word_1_386' title='bbox 3627 2754 3755 2815; x_wconf 90' lang='grc' dir='ltr'>ναός</span> <span class='ocrx_word' id='word_1_387' title='bbox 3776 2771 3789 2783; x_wconf 89' lang='grc'><strong>·</strong></span> <span class='ocrx_word' id='word_1_388' title='bbox 3831 2750 3964 2804; x_wconf 79' lang='grc' dir='ltr'><strong>ἀλλά</strong></span> 
     </span>
    </p>
   </div>
   <div class='ocr_carea' id='block_1_57' title="bbox 2390 2841 3963 2913">
    <p class='ocr_par' dir='ltr' id='par_1_57' title="bbox 2390 2841 3963 2913">
     <span class='ocr_line' id='line_1_57' title="bbox 2390 2841 3963 2913; baseline -0.008 -8"><span class='ocrx_word' id='word_1_389' title='bbox 2390 2853 2482 2905; x_wconf 76' lang='grc' dir='ltr'><strong>καὶ</strong></span> <span class='ocrx_word' id='word_1_390' title='bbox 2508 2853 2536 2904; x_wconf 81' lang='grc' dir='ltr'>ὁ</span> <span class='ocrx_word' id='word_1_391' title='bbox 2561 2852 2686 2912; x_wconf 86' lang='grc' dir='ltr'>ναὸς</span> <span class='ocrx_word' id='word_1_392' title='bbox 2721 2850 2873 2913; x_wconf 85' lang='grc' dir='ltr'>Θεὸς,</span> <span class='ocrx_word' id='word_1_393' title='bbox 2910 2851 3003 2902; x_wconf 77' lang='grc' dir='ltr'>καὶ</span> <span class='ocrx_word' id='word_1_394' title='bbox 3047 2849 3075 2900; x_wconf 80' lang='grc' dir='ltr'><strong>ὁ</strong></span> <span class='ocrx_word' id='word_1_395' title='bbox 3111 2847 3245 2909; x_wconf 82' lang='grc' dir='ltr'><strong>Θεὸς</strong></span> <span class='ocrx_word' id='word_1_396' title='bbox 3273 2846 3397 2907; x_wconf 86' lang='grc' dir='ltr'>ναός</span> <span class='ocrx_word' id='word_1_397' title='bbox 3420 2863 3433 2876; x_wconf 76' lang='grc' dir='ltr'><strong>ο</strong></span> <span class='ocrx_word' id='word_1_398' title='bbox 3467 2844 3624 2898; x_wconf 85' lang='grc' dir='ltr'>τοῦτο</span> <span class='ocrx_word' id='word_1_399' title='bbox 3667 2843 3780 2911; x_wconf 84' lang='grc' dir='ltr'>γὰρ</span> <span class='ocrx_word' id='word_1_400' title='bbox 3807 2844 3837 2894; x_wconf 86' lang='grc' dir='ltr'><strong>ό</strong></span> <span class='ocrx_word' id='word_1_401' title='bbox 3867 2841 3963 2908; x_wconf 75' lang='grc' dir='ltr'><strong>τῆς</strong></span> 
     </span>
    </p>
   </div>
   <div class='ocr_carea' id='block_1_58' title="bbox 2390 2925 3962 3012">
    <p class='ocr_par' dir='ltr' id='par_1_58' title="bbox 2390 2925 3962 3012">
     <span class='ocr_line' id='line_1_58' title="bbox 2390 2925 3962 3012; baseline -0.008 -19"><span class='ocrx_word' id='word_1_402' title='bbox 2390 2943 2634 3012; x_wconf 88' lang='grc' dir='ltr'>κράσεως</span> <span class='ocrx_word' id='word_1_403' title='bbox 2660 2939 2906 3008; x_wconf 83' lang='grc' dir='ltr'>βούλεται</span> <span class='ocrx_word' id='word_1_404' title='bbox 2930 2939 3083 3005; x_wconf 79' lang='grc' dir='ltr'>λόγος</span> <span class='ocrx_word' id='word_1_405' title='bbox 3102 2952 3117 2968; x_wconf 78' lang='grc' dir='ltr'><strong><em>ο</em></strong></span> <span class='ocrx_word' id='word_1_406' title='bbox 3144 2936 3240 2989; x_wconf 76' lang='grc' dir='ltr'><strong>καὶ</strong></span> <span class='ocrx_word' id='word_1_407' title='bbox 3267 2934 3531 3005; x_wconf 82' lang='grc' dir='ltr'>περιττῶς</span> <span class='ocrx_word' id='word_1_408' title='bbox 3557 2935 3584 2986; x_wconf 82' lang='grc' dir='ltr'>ὁ</span> <span class='ocrx_word' id='word_1_409' title='bbox 3612 2931 3819 3002; x_wconf 86' lang='grc' dir='ltr'>Κύριος</span> <span class='ocrx_word' id='word_1_410' title='bbox 3845 2925 3962 2981; x_wconf 80' lang='grc' dir='ltr'>εἷπε</span> 
     </span>
    </p>
   </div>
   <div class='ocr_carea' id='block_1_59' title="bbox 2389 3020 3965 3094">
    <p class='ocr_par' dir='ltr' id='par_1_59' title="bbox 2389 3020 3965 3094">
     <span class='ocr_line' id='line_1_59' title="bbox 2389 3020 3965 3094; baseline -0.008 -10"><span class='ocrx_word' id='word_1_411' title='bbox 2389 3034 2500 3094; x_wconf 84' lang='grc' dir='ltr'>τοῖς</span> <span class='ocrx_word' id='word_1_412' title='bbox 2537 3030 2834 3092; x_wconf 84' lang='grc' dir='ltr'>Ἰουδαίοις·</span> <span class='ocrx_word' id='word_1_413' title='bbox 2878 3047 2896 3080; x_wconf 77' lang='grc' dir='ltr'><strong>ι</strong></span> <span class='ocrx_word' id='word_1_414' title='bbox 2929 3030 3142 3082; x_wconf 80' lang='grc' dir='ltr'>Λύσατε</span> <span class='ocrx_word' id='word_1_415' title='bbox 3192 3027 3284 3080; x_wconf 86' lang='grc' dir='ltr'><strong>τὸν</strong></span> <span class='ocrx_word' id='word_1_416' title='bbox 3335 3026 3461 3078; x_wconf 87' lang='grc' dir='ltr'>ναὸν</span> <span class='ocrx_word' id='word_1_417' title='bbox 3509 3025 3717 3086; x_wconf 85' lang='grc' dir='ltr'>τοῦτον,</span> <span class='ocrx_word' id='word_1_418' title='bbox 3762 3022 3858 3076; x_wconf 78' lang='grc' dir='ltr'>καὶ</span> <span class='ocrx_word' id='word_1_419' title='bbox 3910 3020 3965 3070; x_wconf 82' lang='grc' dir='ltr'>ὲν</span> 
     </span>
    </p>
   </div>
   <div class='ocr_carea' id='block_1_60' title="bbox 2390 3113 3959 3193">
    <p class='ocr_par' dir='ltr' id='par_1_60' title="bbox 2390 3113 3959 3193">
     <span class='ocr_line' id='line_1_60' title="bbox 2390 3113 3959 3193; baseline -0.008 -19"><span class='ocrx_word' id='word_1_420' title='bbox 2390 3123 2566 3193; x_wconf 74' lang='grc' dir='ltr'>τρισὶν</span> <span class='ocrx_word' id='word_1_421' title='bbox 2600 3121 2836 3190; x_wconf 77' lang='grc' dir='ltr'>ἡμέραις</span> <span class='ocrx_word' id='word_1_422' title='bbox 2885 3119 3061 3189; x_wconf 78' lang='grc' dir='ltr'>ἐγερῶ</span> <span class='ocrx_word' id='word_1_423' title='bbox 3103 3117 3302 3171; x_wconf 79' lang='grc' dir='ltr'>αὐτόν’</span> <span class='ocrx_word' id='word_1_424' title='bbox 3335 3135 3352 3167; x_wconf 74' lang='grc' dir='ltr'><strong>ι</strong></span> <span class='ocrx_word' id='word_1_425' title='bbox 3392 3117 3556 3187; x_wconf 85' lang='grc' dir='ltr'><strong>ὲχρῆν</strong></span> <span class='ocrx_word' id='word_1_426' title='bbox 3602 3115 3712 3183; x_wconf 86' lang='grc' dir='ltr'>γὰρ</span> <span class='ocrx_word' id='word_1_427' title='bbox 3760 3113 3959 3180; x_wconf 80' lang='grc' dir='ltr'>φάναι·</span> 
     </span>
    </p>
   </div>
   <div class='ocr_carea' id='block_1_61' title="bbox 712 3199 2286 3280">
    <p class='ocr_par' dir='ltr' id='par_1_61' title="bbox 712 3206 2286 3276">
     <span class='ocr_line' id='line_1_61' title="bbox 712 3206 2286 3276; baseline -0.001 -11"><span class='ocrx_word' id='word_1_428' title='bbox 712 3208 915 3265; x_wconf 70' lang='lat' dir='ltr'><strong>Judaais</strong></span> <span class='ocrx_word' id='word_1_429' title='bbox 946 3225 960 3262; x_wconf 90' lang='lat'><strong>:</strong></span> <span class='ocrx_word' id='word_1_430' title='bbox 994 3226 1012 3259; x_wconf 74' lang='grc' dir='ltr'>ι</span> <span class='ocrx_word' id='word_1_431' title='bbox 1046 3206 1250 3263; x_wconf 86' lang='lat' dir='ltr'><strong>Solvite</strong></span> <span class='ocrx_word' id='word_1_432' title='bbox 1283 3208 1537 3276; x_wconf 87' lang='lat' dir='ltr'><strong>templum</strong></span> <span class='ocrx_word' id='word_1_433' title='bbox 1561 3208 1683 3272; x_wconf 86' lang='lat' dir='ltr'><strong>hoc,</strong></span> <span class='ocrx_word' id='word_1_434' title='bbox 1715 3218 1766 3261; x_wconf 90' lang='lat' dir='ltr'><strong>et</strong></span> <span class='ocrx_word' id='word_1_435' title='bbox 1789 3209 1840 3262; x_wconf 92' lang='lat' dir='ltr'><strong>in</strong></span> <span class='ocrx_word' id='word_1_436' title='bbox 1893 3210 2066 3262; x_wconf 80' lang='lat' dir='ltr'><strong>tribus</strong></span> <span class='ocrx_word' id='word_1_437' title='bbox 2095 3209 2286 3265; x_wconf 90' lang='lat' dir='ltr'><strong>diebus</strong></span> 
     </span>
    </p>
   </div>
   <div class='ocr_carea' id='block_1_62' title="bbox 2389 3199 3966 3280">
    <p class='ocr_par' dir='ltr' id='par_1_62' title="bbox 2390 3199 3966 3278">
     <span class='ocr_line' id='line_1_62' title="bbox 2390 3199 3966 3278; baseline -0.01 -15"><span class='ocrx_word' id='word_1_438' title='bbox 2390 3209 2600 3264; x_wconf 88' lang='grc' dir='ltr'>Λύσατέ</span> <span class='ocrx_word' id='word_1_439' title='bbox 2631 3227 2718 3276; x_wconf 87' lang='grc' dir='ltr'><strong>με,</strong></span> <span class='ocrx_word' id='word_1_440' title='bbox 2743 3210 2834 3261; x_wconf 75' lang='grc' dir='ltr'>καὶ</span> <span class='ocrx_word' id='word_1_441' title='bbox 2862 3209 2920 3260; x_wconf 83' lang='grc' dir='ltr'><strong>έν</strong></span> <span class='ocrx_word' id='word_1_442' title='bbox 2942 3208 3119 3278; x_wconf 66' lang='grc' dir='ltr'>τρισὶν</span> <span class='ocrx_word' id='word_1_443' title='bbox 3141 3207 3372 3278; x_wconf 77' lang='grc' dir='ltr'>ἡμέραις</span> <span class='ocrx_word' id='word_1_444' title='bbox 3395 3204 3787 3276; x_wconf 82' lang='grc' dir='ltr'>ὲγερθήσομαι,</span> <span class='ocrx_word' id='word_1_445' title='bbox 3812 3199 3966 3266; x_wconf 74' lang='grc' dir='ltr'>εἴπερ</span> 
     </span>
    </p>
   </div>
   <div class='ocr_carea' id='block_1_63' title="bbox 715 3297 2289 3367">
    <p class='ocr_par' dir='ltr' id='par_1_63' title="bbox 715 3297 2289 3367">
     <span class='ocr_line' id='line_1_63' title="bbox 715 3297 2289 3367; baseline -0.001 -12"><span class='ocrx_word' id='word_1_446' title='bbox 715 3301 989 3356; x_wconf 85' lang='lat' dir='ltr'><strong>suscitabo</strong></span> <span class='ocrx_word' id='word_1_447' title='bbox 1017 3300 1167 3353; x_wconf 90' lang='lat' dir='ltr'><strong>illud.</strong></span> <span class='ocrx_word' id='word_1_448' title='bbox 1210 3318 1228 3350; x_wconf 71' lang='grc' dir='ltr'>ι</span> <span class='ocrx_word' id='word_1_449' title='bbox 1259 3297 1557 3367; x_wconf 85' lang='lat' dir='ltr'><strong>Oportebat</strong></span> <span class='ocrx_word' id='word_1_450' title='bbox 1605 3300 1749 3352; x_wconf 90' lang='lat' dir='ltr'><strong>enim</strong></span> <span class='ocrx_word' id='word_1_451' title='bbox 1812 3301 1993 3354; x_wconf 90' lang='lat' dir='ltr'><strong>dicere</strong></span> <span class='ocrx_word' id='word_1_452' title='bbox 2031 3317 2044 3352; x_wconf 91' lang='lat'>:</span> <span class='ocrx_word' id='word_1_453' title='bbox 2084 3299 2289 3354; x_wconf 85' lang='lat' dir='ltr'><strong>Solvite</strong></span> 
     </span>
    </p>
   </div>
   <div class='ocr_carea' id='block_1_64' title="bbox 718 3387 2290 3454">
    <p class='ocr_par' dir='ltr' id='par_1_64' title="bbox 718 3387 2290 3454">
     <span class='ocr_line' id='line_1_64' title="bbox 718 3387 2290 3454; baseline -0.001 -11"><span class='ocrx_word' id='word_1_454' title='bbox 718 3404 821 3454; x_wconf 91' lang='lat' dir='ltr'><strong>me,</strong></span> <span class='ocrx_word' id='word_1_455' title='bbox 852 3399 907 3443; x_wconf 89' lang='lat' dir='ltr'><strong>et</strong></span> <span class='ocrx_word' id='word_1_456' title='bbox 961 3389 1014 3443; x_wconf 92' lang='lat' dir='ltr'><strong>in</strong></span> <span class='ocrx_word' id='word_1_457' title='bbox 1050 3389 1222 3442; x_wconf 85' lang='lat' dir='ltr'><strong>tribus</strong></span> <span class='ocrx_word' id='word_1_458' title='bbox 1254 3389 1444 3440; x_wconf 87' lang='lat' dir='ltr'><strong>diebus</strong></span> <span class='ocrx_word' id='word_1_459' title='bbox 1479 3389 1788 3440; x_wconf 85' lang='lat' dir='ltr'><strong>suscitabor</strong></span> <span class='ocrx_word' id='word_1_460' title='bbox 1810 3405 1825 3451; x_wconf 86' lang='lat'><strong>;</strong></span> <span class='ocrx_word' id='word_1_461' title='bbox 1851 3387 2114 3453; x_wconf 87' lang='lat' dir='ltr'><strong>siquidem</strong></span> <span class='ocrx_word' id='word_1_462' title='bbox 2164 3401 2290 3441; x_wconf 89' lang='lat' dir='ltr'><strong>vere</strong></span> 
     </span>
    </p>
   </div>
   <div class='ocr_carea' id='block_1_65' title="bbox 717 3473 2288 3545">
    <p class='ocr_par' dir='ltr' id='par_1_65' title="bbox 717 3473 2288 3545">
     <span class='ocr_line' id='line_1_65' title="bbox 717 3473 2288 3545; baseline -0.001 -15"><span class='ocrx_word' id='word_1_463' title='bbox 717 3475 931 3545; x_wconf 88' lang='lat' dir='ltr'><strong>aliquod</strong></span> <span class='ocrx_word' id='word_1_464' title='bbox 966 3484 1449 3544; x_wconf 89' lang='lat' dir='ltr'><strong>temperamentum</strong></span> <span class='ocrx_word' id='word_1_465' title='bbox 1489 3473 1690 3528; x_wconf 84' lang='lat' dir='ltr'><strong>factum</strong></span> <span class='ocrx_word' id='word_1_466' title='bbox 1724 3475 1914 3529; x_wconf 83' lang='lat' dir='ltr'><strong>fuisset</strong></span> <span class='ocrx_word' id='word_1_467' title='bbox 1971 3485 2132 3542; x_wconf 90' lang='lat' dir='ltr'><strong>atque</strong></span> <span class='ocrx_word' id='word_1_468' title='bbox 2162 3490 2288 3529; x_wconf 88' lang='lat' dir='ltr'><strong>con-</strong></span> 
     </span>
    </p>
   </div>
   <div class='ocr_carea' id='block_1_66' title="bbox 717 3565 2286 3635">
    <p class='ocr_par' dir='ltr' id='par_1_66' title="bbox 717 3565 2286 3635">
     <span class='ocr_line' id='line_1_66' title="bbox 717 3565 2286 3635; baseline 0 -15"><span class='ocrx_word' id='word_1_469' title='bbox 717 3567 1065 3621; x_wconf 80' lang='lat' dir='ltr'><strong>fusioznnnc</strong></span> <span class='ocrx_word' id='word_1_470' title='bbox 1120 3576 1299 3621; x_wconf 90' lang='lat' dir='ltr'><strong>autem</strong></span> <span class='ocrx_word' id='word_1_471' title='bbox 1347 3565 1584 3619; x_wconf 87' lang='lat' dir='ltr'><strong>ostendit</strong></span> <span class='ocrx_word' id='word_1_472' title='bbox 1630 3566 1954 3620; x_wconf 87' lang='lat' dir='ltr'><strong>solvendum</strong></span> <span class='ocrx_word' id='word_1_473' title='bbox 2004 3567 2286 3635; x_wconf 90' lang='lat' dir='ltr'><strong>templum,</strong></span> 
     </span>
    </p>
   </div>
   <div class='ocr_carea' id='block_1_67' title="bbox 717 3654 2289 3726">
    <p class='ocr_par' dir='ltr' id='par_1_67' title="bbox 717 3654 2289 3726">
     <span class='ocr_line' id='line_1_67' title="bbox 717 3654 2289 3726; baseline 0 -16"><span class='ocrx_word' id='word_1_474' title='bbox 717 3663 772 3710; x_wconf 85' lang='lat' dir='ltr'><strong>et</strong></span> <span class='ocrx_word' id='word_1_475' title='bbox 817 3657 1168 3710; x_wconf 87' lang='lat' dir='ltr'><strong>suscitantem</strong></span> <span class='ocrx_word' id='word_1_476' title='bbox 1206 3654 1393 3710; x_wconf 89' lang='lat' dir='ltr'><strong>Demn.</strong></span> <span class='ocrx_word' id='word_1_477' title='bbox 1448 3656 1729 3726; x_wconf 86' lang='lat' dir='ltr'><strong>Superﬂua</strong></span> <span class='ocrx_word' id='word_1_478' title='bbox 1775 3656 1954 3722; x_wconf 84' lang='lat' dir='ltr'><strong>itaque</strong></span> <span class='ocrx_word' id='word_1_479' title='bbox 1995 3658 2289 3710; x_wconf 87' lang='lat' dir='ltr'><strong>secundum</strong></span> 
     </span>
    </p>
   </div>
   <div class='ocr_carea' id='block_1_68' title="bbox 717 3743 2290 3813">
    <p class='ocr_par' dir='ltr' id='par_1_68' title="bbox 717 3743 2290 3813">
     <span class='ocr_line' id='line_1_68' title="bbox 717 3743 2290 3813; baseline -0.001 -15"><span class='ocrx_word' id='word_1_480' title='bbox 717 3743 1126 3799; x_wconf 79' lang='lat' dir='ltr'><strong>subsistentium</strong></span> <span class='ocrx_word' id='word_1_481' title='bbox 1159 3745 1310 3805; x_wconf 88' lang='lat' dir='ltr'><strong>unio,</strong></span> <span class='ocrx_word' id='word_1_482' title='bbox 1347 3759 1507 3811; x_wconf 88' lang='lat' dir='ltr'><strong>quam</strong></span> <span class='ocrx_word' id='word_1_483' title='bbox 1538 3759 1636 3813; x_wconf 91' lang='lat' dir='ltr'><strong>pro</strong></span> <span class='ocrx_word' id='word_1_484' title='bbox 1663 3752 2089 3811; x_wconf 86' lang='lat' dir='ltr'><strong>temperamento</strong></span> <span class='ocrx_word' id='word_1_485' title='bbox 2112 3744 2290 3808; x_wconf 90' lang='lat' dir='ltr'><strong>nobis,</strong></span> 
     </span>
    </p>
   </div>
   <div class='ocr_carea' id='block_1_69' title="bbox 717 3831 2288 3904">
    <p class='ocr_par' dir='ltr' id='par_1_69' title="bbox 717 3831 2288 3904">
     <span class='ocr_line' id='line_1_69' title="bbox 717 3831 2288 3904; baseline -0.001 -16"><span class='ocrx_word' id='word_1_486' title='bbox 717 3833 879 3888; x_wconf 82' lang='lat' dir='ltr'><strong>sicuti</strong></span> <span class='ocrx_word' id='word_1_487' title='bbox 909 3844 1056 3904; x_wconf 85' lang='lat' dir='ltr'><strong>puto,</strong></span> <span class='ocrx_word' id='word_1_488' title='bbox 1098 3845 1424 3903; x_wconf 90' lang='lat' dir='ltr'><strong>proponunt.</strong></span> <span class='ocrx_word' id='word_1_489' title='bbox 1473 3831 1682 3888; x_wconf 72' lang='lat' dir='ltr'><strong>Sufficit</strong></span> <span class='ocrx_word' id='word_1_490' title='bbox 1712 3842 1891 3887; x_wconf 84' lang='lat' dir='ltr'><strong>autem</strong></span> <span class='ocrx_word' id='word_1_491' title='bbox 1925 3834 2104 3888; x_wconf 91' lang='lat' dir='ltr'><strong>dicere</strong></span> <span class='ocrx_word' id='word_1_492' title='bbox 2131 3834 2288 3887; x_wconf 85' lang='lat' dir='ltr'><strong>unio-</strong></span> 
     </span>
    </p>
   </div>
   <div class='ocr_carea' id='block_1_70' title="bbox 718 3926 2293 3993">
    <p class='ocr_par' dir='ltr' id='par_1_70' title="bbox 718 3926 2293 3993">
     <span class='ocr_line' id='line_1_70' title="bbox 718 3926 2293 3993; baseline 0 -15"><span class='ocrx_word' id='word_1_493' title='bbox 718 3939 869 3990; x_wconf 85' lang='lat' dir='ltr'><strong>nem,</strong></span> <span class='ocrx_word' id='word_1_494' title='bbox 930 3939 1048 3993; x_wconf 69' lang='lat' dir='ltr'><strong>qua:</strong></span> <span class='ocrx_word' id='word_1_495' title='bbox 1095 3934 1149 3978; x_wconf 89' lang='lat' dir='ltr'><strong>ct</strong></span> <span class='ocrx_word' id='word_1_496' title='bbox 1201 3936 1515 3978; x_wconf 88' lang='lat' dir='ltr'><strong>naturarum</strong></span> <span class='ocrx_word' id='word_1_497' title='bbox 1552 3927 1909 3993; x_wconf 86' lang='lat' dir='ltr'><strong>proprietates</strong></span> <span class='ocrx_word' id='word_1_498' title='bbox 1938 3926 2193 3990; x_wconf 83' lang='lat' dir='ltr'><strong>ostendit,</strong></span> <span class='ocrx_word' id='word_1_499' title='bbox 2240 3935 2293 3980; x_wconf 93' lang='lat' dir='ltr'><strong>et</strong></span> 
     </span>
    </p>
   </div>
   <div class='ocr_carea' id='block_1_71' title="bbox 719 4016 1683 4070">
    <p class='ocr_par' dir='ltr' id='par_1_71' title="bbox 719 4016 1683 4070">
     <span class='ocr_line' id='line_1_71' title="bbox 719 4016 1683 4070; baseline 0 -2"><span class='ocrx_word' id='word_1_500' title='bbox 719 4029 884 4068; x_wconf 89' lang='lat' dir='ltr'><strong>unum</strong></span> <span class='ocrx_word' id='word_1_501' title='bbox 911 4016 1098 4068; x_wconf 91' lang='lat' dir='ltr'><strong>edocet</strong></span> <span class='ocrx_word' id='word_1_502' title='bbox 1123 4016 1359 4069; x_wconf 79' lang='lat' dir='ltr'><strong>adorare</strong></span> <span class='ocrx_word' id='word_1_503' title='bbox 1387 4016 1683 4070; x_wconf 83' lang='lat' dir='ltr'><strong>Christum.</strong></span> 
     </span>
    </p>
   </div>
   <div class='ocr_carea' id='block_1_72' title="bbox 1267 4125 1749 4194">
    <p class='ocr_par' dir='ltr' id='par_1_72' title="bbox 1267 4125 1749 4194">
     <span class='ocr_line' id='line_1_72' title="bbox 1267 4125 1749 4194; baseline -0.002 -15"><span class='ocrx_word' id='word_1_504' title='bbox 1267 4125 1453 4194; x_wconf 81' lang='lat' dir='ltr'><strong>Cyrilli</strong></span> <span class='ocrx_word' id='word_1_505' title='bbox 1494 4125 1749 4192; x_wconf 76' lang='lat' dir='ltr'><strong>defensio.</strong></span> 
     </span>
    </p>
   </div>
   <div class='ocr_carea' id='block_1_73' title="bbox 805 4235 2288 4307">
    <p class='ocr_par' dir='ltr' id='par_1_73' title="bbox 805 4235 2288 4307">
     <span class='ocr_line' id='line_1_73' title="bbox 805 4235 2288 4307; baseline -0.001 -15"><span class='ocrx_word' id='word_1_506' title='bbox 805 4235 945 4292; x_wconf 86' lang='lat' dir='ltr'><strong>Ecce</strong></span> <span class='ocrx_word' id='word_1_507' title='bbox 999 4252 1188 4291; x_wconf 88' lang='lat' dir='ltr'><strong>rursus</strong></span> <span class='ocrx_word' id='word_1_508' title='bbox 1245 4241 1499 4307; x_wconf 77' lang='lat' dir='ltr'><strong>egregius</strong></span> <span class='ocrx_word' id='word_1_509' title='bbox 1568 4237 1654 4291; x_wconf 88' lang='lat' dir='ltr'><strong>bic</strong></span> <span class='ocrx_word' id='word_1_510' title='bbox 1707 4251 2047 4292; x_wconf 80' lang='lat' dir='ltr'><strong>occasmnem</strong></span> <span class='ocrx_word' id='word_1_511' title='bbox 2102 4248 2288 4292; x_wconf 83' lang='lat' dir='ltr'><strong>contra</strong></span> 
     </span>
    </p>
   </div>
   <div class='ocr_carea' id='block_1_74' title="bbox 721 4325 2293 4396">
    <p class='ocr_par' dir='ltr' id='par_1_74' title="bbox 721 4325 2293 4396">
     <span class='ocr_line' id='line_1_74' title="bbox 721 4325 2293 4396; baseline -0.001 -17"><span class='ocrx_word' id='word_1_512' title='bbox 721 4325 885 4396; x_wconf 73' lang='lat'><strong>209</strong></span> <span class='ocrx_word' id='word_1_513' title='bbox 910 4340 1005 4380; x_wconf 93' lang='lat' dir='ltr'><strong>nos</strong></span> <span class='ocrx_word' id='word_1_514' title='bbox 1034 4328 1144 4380; x_wconf 89' lang='lat' dir='ltr'><strong>oris</strong></span> <span class='ocrx_word' id='word_1_515' title='bbox 1200 4326 1444 4380; x_wconf 67' lang='lat' dir='ltr'><strong>effrenati</strong></span> <span class='ocrx_word' id='word_1_516' title='bbox 1483 4327 1744 4396; x_wconf 81' lang='lat' dir='ltr'><strong>quidquid</strong></span> <span class='ocrx_word' id='word_1_517' title='bbox 1789 4341 1849 4381; x_wconf 91' lang='lat' dir='ltr'><strong>se</strong></span> <span class='ocrx_word' id='word_1_518' title='bbox 1905 4327 2184 4391; x_wconf 82' lang='lat' dir='ltr'><strong>obtulerit,</strong></span> <span class='ocrx_word' id='word_1_519' title='bbox 2216 4326 2293 4379; x_wconf 81' lang='lat' dir='ltr'><strong>fa-</strong></span> 
     </span>
    </p>
   </div>
   <div class='ocr_carea' id='block_1_75' title="bbox 730 4417 2290 4480">
    <p class='ocr_par' dir='ltr' id='par_1_75' title="bbox 730 4417 2290 4480">
     <span class='ocr_line' id='line_1_75' title="bbox 730 4417 2290 4480; baseline -0.001 -8"><span class='ocrx_word' id='word_1_520' title='bbox 730 4432 854 4472; x_wconf 88' lang='lat' dir='ltr'><strong>cere</strong></span> <span class='ocrx_word' id='word_1_521' title='bbox 876 4421 1097 4472; x_wconf 87' lang='lat' dir='ltr'><strong>studens</strong></span> <span class='ocrx_word' id='word_1_522' title='bbox 1127 4417 1363 4471; x_wconf 80' lang='lat' dir='ltr'><strong>detrahit</strong></span> <span class='ocrx_word' id='word_1_523' title='bbox 1389 4418 1525 4480; x_wconf 86' lang='lat' dir='ltr'><strong>voci,</strong></span> <span class='ocrx_word' id='word_1_524' title='bbox 1557 4417 1840 4470; x_wconf 73' lang='lat' dir='ltr'><strong>secundum</strong></span> <span class='ocrx_word' id='word_1_525' title='bbox 1885 4417 2290 4471; x_wconf 76' lang='lat' dir='ltr'><strong>subsistentiam.</strong></span> 
     </span>
    </p>
   </div>
   <div class='ocr_carea' id='block_1_76' title="bbox 2391 3283 3963 3367">
    <p class='ocr_par' dir='ltr' id='par_1_76' title="bbox 2391 3283 3963 3367">
     <span class='ocr_line' id='line_1_76' title="bbox 2391 3283 3963 3367; baseline -0.01 -15"><span class='ocrx_word' id='word_1_526' title='bbox 2391 3299 2602 3366; x_wconf 77' lang='grc' dir='ltr'>ἀληθῶς</span> <span class='ocrx_word' id='word_1_527' title='bbox 2632 3298 2826 3367; x_wconf 81' lang='grc' dir='ltr'>κρᾶσίς</span> <span class='ocrx_word' id='word_1_528' title='bbox 2871 3313 2955 3358; x_wconf 89' lang='grc' dir='ltr'><strong>τις</strong></span> <span class='ocrx_word' id='word_1_529' title='bbox 3003 3295 3243 3363; x_wconf 75' lang='grc' dir='ltr'>ἐγεγόνει</span> <span class='ocrx_word' id='word_1_530' title='bbox 3300 3295 3393 3346; x_wconf 73' lang='grc' dir='ltr'>καὶ</span> <span class='ocrx_word' id='word_1_531' title='bbox 3422 3292 3721 3360; x_wconf 83' lang='grc' dir='ltr'>σύγχυσις·</span> <span class='ocrx_word' id='word_1_532' title='bbox 3773 3287 3869 3342; x_wconf 87' lang='grc' dir='ltr'><strong>νῦν</strong></span> <span class='ocrx_word' id='word_1_533' title='bbox 3908 3283 3963 3337; x_wconf 79' lang='grc' dir='ltr'>δὲ</span> 
     </span>
    </p>
   </div>
   <div class='ocr_carea' id='block_1_77' title="bbox 2389 3373 3964 3453">
    <p class='ocr_par' dir='ltr' id='par_1_77' title="bbox 2389 3373 3964 3453">
     <span class='ocr_line' id='line_1_77' title="bbox 2389 3373 3964 3453; baseline -0.007 -15"><span class='ocrx_word' id='word_1_534' title='bbox 2389 3387 2630 3438; x_wconf 84' lang='grc' dir='ltr'>δείκνυσι</span> <span class='ocrx_word' id='word_1_535' title='bbox 2654 3386 2744 3436; x_wconf 79' lang='grc' dir='ltr'><strong>τὸν</strong></span> <span class='ocrx_word' id='word_1_536' title='bbox 2770 3385 3031 3453; x_wconf 87' lang='grc' dir='ltr'>λυόμενον</span> <span class='ocrx_word' id='word_1_537' title='bbox 3058 3384 3202 3445; x_wconf 84' lang='grc' dir='ltr'>ναὸν,</span> <span class='ocrx_word' id='word_1_538' title='bbox 3231 3383 3327 3434; x_wconf 76' lang='grc' dir='ltr'>καὶ</span> <span class='ocrx_word' id='word_1_539' title='bbox 3351 3382 3441 3433; x_wconf 88' lang='grc' dir='ltr'><strong>τὸν</strong></span> <span class='ocrx_word' id='word_1_540' title='bbox 3475 3379 3779 3433; x_wconf 85' lang='grc' dir='ltr'>ἀνιστῶντα</span> <span class='ocrx_word' id='word_1_541' title='bbox 3815 3373 3964 3430; x_wconf 79' lang='grc' dir='ltr'>Θεόν.</span> 
     </span>
    </p>
   </div>
   <div class='ocr_carea' id='block_1_78' title="bbox 2391 3464 3966 3545">
    <p class='ocr_par' dir='ltr' id='par_1_78' title="bbox 2391 3464 3966 3545">
     <span class='ocr_line' id='line_1_78' title="bbox 2391 3464 3966 3545; baseline -0.009 -16"><span class='ocrx_word' id='word_1_542' title='bbox 2391 3474 2626 3545; x_wconf 83' lang='grc' dir='ltr'>Περιττὴ</span> <span class='ocrx_word' id='word_1_543' title='bbox 2670 3475 2849 3526; x_wconf 86' lang='grc' dir='ltr'>τοίνυν</span> <span class='ocrx_word' id='word_1_544' title='bbox 2899 3475 2932 3543; x_wconf 79' lang='grc' dir='ltr'>ἡ</span> <span class='ocrx_word' id='word_1_545' title='bbox 2981 3471 3100 3525; x_wconf 84' lang='grc' dir='ltr'>καθ’</span> <span class='ocrx_word' id='word_1_546' title='bbox 3132 3472 3431 3524; x_wconf 82' lang='grc' dir='ltr'>ὑπόστασιν</span> <span class='ocrx_word' id='word_1_547' title='bbox 3477 3469 3691 3533; x_wconf 76' lang='grc' dir='ltr'>ἔνωσις,</span> <span class='ocrx_word' id='word_1_548' title='bbox 3738 3470 3806 3538; x_wconf 74' lang='grc' dir='ltr'>ἣν</span> <span class='ocrx_word' id='word_1_549' title='bbox 3851 3464 3966 3519; x_wconf 78' lang='grc' dir='ltr'>ἀντὶ</span> 
     </span>
    </p>
   </div>
   <div class='ocr_carea' id='block_1_79' title="bbox 2393 3554 3966 3636">
    <p class='ocr_par' dir='ltr' id='par_1_79' title="bbox 2393 3554 3966 3636">
     <span class='ocr_line' id='line_1_79' title="bbox 2393 3554 3966 3636; baseline -0.008 -18"><span class='ocrx_word' id='word_1_550' title='bbox 2393 3567 2641 3636; x_wconf 84' lang='grc' dir='ltr'>κράσεως</span> <span class='ocrx_word' id='word_1_551' title='bbox 2691 3566 2844 3634; x_wconf 74' lang='grc' dir='ltr'>ἡμῖν,</span> <span class='ocrx_word' id='word_1_552' title='bbox 2873 3563 2948 3626; x_wconf 83' lang='grc' dir='ltr'>ὡς</span> <span class='ocrx_word' id='word_1_553' title='bbox 2997 3557 3170 3631; x_wconf 77' lang='grc' dir='ltr'>οἶμαι,</span> <span class='ocrx_word' id='word_1_554' title='bbox 3205 3559 3639 3632; x_wconf 78' lang='grc' dir='ltr'>προϐάλλονταιά</span> <span class='ocrx_word' id='word_1_555' title='bbox 3661 3576 3677 3591; x_wconf 77' lang='grc' dir='ltr'><strong>ο</strong></span> <span class='ocrx_word' id='word_1_556' title='bbox 3726 3559 3886 3630; x_wconf 82' lang='grc' dir='ltr'>ἀρκεῖ</span> <span class='ocrx_word' id='word_1_557' title='bbox 3913 3554 3966 3607; x_wconf 83' lang='grc' dir='ltr'><strong>δὲ</strong></span> 
     </span>
    </p>
   </div>
   <div class='ocr_carea' id='block_1_80' title="bbox 2391 3648 3964 3725">
    <p class='ocr_par' dir='ltr' id='par_1_80' title="bbox 2391 3648 3964 3725">
     <span class='ocr_line' id='line_1_80' title="bbox 2391 3648 3964 3725; baseline -0.006 -16"><span class='ocrx_word' id='word_1_558' title='bbox 2391 3657 2569 3724; x_wconf 89' lang='grc' dir='ltr'>λέγειν</span> <span class='ocrx_word' id='word_1_559' title='bbox 2615 3655 2712 3725; x_wconf 83' lang='grc' dir='ltr'>τὴν</span> <span class='ocrx_word' id='word_1_560' title='bbox 2749 3655 2960 3717; x_wconf 69' lang='grc' dir='ltr'>ἕνωσιν,</span> <span class='ocrx_word' id='word_1_561' title='bbox 2991 3654 3109 3723; x_wconf 80' lang='grc' dir='ltr'>ἥτις</span> <span class='ocrx_word' id='word_1_562' title='bbox 3143 3652 3357 3714; x_wconf 73' lang='grc' dir='ltr'>καὶτὰς</span> <span class='ocrx_word' id='word_1_563' title='bbox 3383 3651 3492 3703; x_wconf 84' lang='grc' dir='ltr'>τῶν</span> <span class='ocrx_word' id='word_1_564' title='bbox 3515 3649 3731 3717; x_wconf 84' lang='grc' dir='ltr'>φύσεων</span> <span class='ocrx_word' id='word_1_565' title='bbox 3775 3648 3964 3714; x_wconf 76' lang='grc' dir='ltr'>ἰδιότη-</span> 
     </span>
    </p>
   </div>
   <div class='ocr_carea' id='block_1_81' title="bbox 2391 3741 3965 3813">
    <p class='ocr_par' dir='ltr' id='par_1_81' title="bbox 2391 3741 3965 3813">
     <span class='ocr_line' id='line_1_81' title="bbox 2391 3741 3965 3813; baseline -0.006 -14"><span class='ocrx_word' id='word_1_566' title='bbox 2391 3764 2490 3809; x_wconf 83' lang='grc' dir='ltr'><strong>τας</strong></span> <span class='ocrx_word' id='word_1_567' title='bbox 2516 3747 2755 3798; x_wconf 86' lang='grc' dir='ltr'>δείκνυσι</span> <span class='ocrx_word' id='word_1_568' title='bbox 2809 3744 2903 3799; x_wconf 78' lang='grc' dir='ltr'><strong>καὶ</strong></span> <span class='ocrx_word' id='word_1_569' title='bbox 2950 3745 3042 3798; x_wconf 80' lang='grc' dir='ltr'><strong>τὸν</strong></span> <span class='ocrx_word' id='word_1_570' title='bbox 3073 3745 3169 3798; x_wconf 70' lang='grc' dir='ltr'>ἕνα</span> <span class='ocrx_word' id='word_1_571' title='bbox 3211 3744 3534 3813; x_wconf 86' lang='grc' dir='ltr'>προσκυνεῖν</span> <span class='ocrx_word' id='word_1_572' title='bbox 3561 3742 3806 3796; x_wconf 84' lang='grc' dir='ltr'>διδάσκει</span> <span class='ocrx_word' id='word_1_573' title='bbox 3835 3741 3965 3809; x_wconf 81' lang='grc' dir='ltr'>Χρι-</span> 
     </span>
    </p>
   </div>
   <div class='ocr_carea' id='block_1_82' title="bbox 2396 3837 2585 3889">
    <p class='ocr_par' dir='ltr' id='par_1_82' title="bbox 2396 3837 2585 3889">
     <span class='ocr_line' id='line_1_82' title="bbox 2396 3837 2585 3889; baseline 0 0"><span class='ocrx_word' id='word_1_574' title='bbox 2396 3837 2519 3889; x_wconf 82' lang='grc' dir='ltr'>στόν</span> <span class='ocrx_word' id='word_1_575' title='bbox 2541 3848 2585 3889; x_wconf 78' lang='grc' dir='ltr'><strong>θ.</strong></span> 
     </span>
    </p>
   </div>
   <div class='ocr_carea' id='block_1_83' title="bbox 2848 4134 3527 4203">
    <p class='ocr_par' dir='ltr' id='par_1_83' title="bbox 2848 4134 3527 4203">
     <span class='ocr_line' id='line_1_83' title="bbox 2848 4134 3527 4203; baseline 0 -15"><span class='ocrx_word' id='word_1_576' title='bbox 2848 4134 3166 4203; x_wconf 72' lang='grc' dir='ltr'>Ἀπολογία</span> <span class='ocrx_word' id='word_1_577' title='bbox 3203 4136 3255 4188; x_wconf 85' lang='grc' dir='ltr'><em>Κ</em></span> <span class='ocrx_word' id='word_1_578' title='bbox 3257 4134 3527 4202; x_wconf 76' lang='grc' dir='ltr'>υρίλλου.</span> 
     </span>
    </p>
   </div>
   <div class='ocr_carea' id='block_1_84' title="bbox 2478 4237 3964 4315">
    <p class='ocr_par' dir='ltr' id='par_1_84' title="bbox 2478 4237 3964 4315">
     <span class='ocr_line' id='line_1_84' title="bbox 2478 4237 3964 4315; baseline 0.001 -18"><span class='ocrx_word' id='word_1_579' title='bbox 2478 4245 2607 4298; x_wconf 81' lang='grc' dir='ltr'>Ἰδοὺ</span> <span class='ocrx_word' id='word_1_580' title='bbox 2655 4244 2719 4315; x_wconf 84' lang='grc' dir='ltr'>δὴ</span> <span class='ocrx_word' id='word_1_581' title='bbox 2770 4244 2931 4298; x_wconf 86' lang='grc' dir='ltr'>πάλιν</span> <span class='ocrx_word' id='word_1_582' title='bbox 2982 4247 3009 4298; x_wconf 87' lang='grc' dir='ltr'>ὁ</span> <span class='ocrx_word' id='word_1_583' title='bbox 3050 4245 3310 4314; x_wconf 81' lang='grc' dir='ltr'>γεννάδας</span> <span class='ocrx_word' id='word_1_584' title='bbox 3357 4245 3538 4298; x_wconf 76' lang='grc' dir='ltr'>οὐτοσὶ</span> <span class='ocrx_word' id='word_1_585' title='bbox 3567 4242 3839 4313; x_wconf 86' lang='grc' dir='ltr'>πρόφασιν</span> <span class='ocrx_word' id='word_1_586' title='bbox 3871 4237 3964 4306; x_wconf 80' lang='grc' dir='ltr'>τῆς</span> 
     </span>
    </p>
   </div>
   <div class='ocr_carea' id='block_1_85' title="bbox 2396 4327 3964 4405">
    <p class='ocr_par' dir='ltr' id='par_1_85' title="bbox 2396 4327 3964 4405">
     <span class='ocr_line' id='line_1_85' title="bbox 2396 4327 3964 4405; baseline -0.006 -20"><span class='ocrx_word' id='word_1_587' title='bbox 2396 4333 2518 4386; x_wconf 82' lang='grc' dir='ltr'>καθ’</span> <span class='ocrx_word' id='word_1_588' title='bbox 2567 4333 2724 4401; x_wconf 83' lang='grc' dir='ltr'>ἡμῶν</span> <span class='ocrx_word' id='word_1_589' title='bbox 2776 4333 3174 4405; x_wconf 76' lang='grc' dir='ltr'>ἀθυροστομίας</span> <span class='ocrx_word' id='word_1_590' title='bbox 3221 4335 3283 4386; x_wconf 86' lang='grc' dir='ltr'><strong>τὸ</strong></span> <span class='ocrx_word' id='word_1_591' title='bbox 3337 4334 3652 4404; x_wconf 85' lang='grc' dir='ltr'>παρατυχὸν</span> <span class='ocrx_word' id='word_1_592' title='bbox 3703 4327 3964 4385; x_wconf 82' lang='grc' dir='ltr'>ποιεῖσθαι</span> 
     </span>
    </p>
   </div>
   <div class='ocr_carea' id='block_1_86' title="bbox 2398 4421 3965 4491">
    <p class='ocr_par' dir='ltr' id='par_1_86' title="bbox 2398 4421 3965 4491">
     <span class='ocr_line' id='line_1_86' title="bbox 2398 4421 3965 4491; baseline -0.006 -18"><span class='ocrx_word' id='word_1_593' title='bbox 2398 4421 2732 4483; x_wconf 81' lang='grc' dir='ltr'>σπουδάζων,</span> <span class='ocrx_word' id='word_1_594' title='bbox 2757 4421 3002 4491; x_wconf 90' lang='grc' dir='ltr'>διασύρει</span> <span class='ocrx_word' id='word_1_595' title='bbox 3027 4423 3126 4490; x_wconf 79' lang='grc' dir='ltr'><strong>τὴν</strong></span> <span class='ocrx_word' id='word_1_596' title='bbox 3152 4421 3318 4484; x_wconf 80' lang='grc' dir='ltr'>λέξιν,</span> <span class='ocrx_word' id='word_1_597' title='bbox 3350 4421 3448 4490; x_wconf 83' lang='grc' dir='ltr'><strong>τὴν</strong></span> <span class='ocrx_word' id='word_1_598' title='bbox 3480 4423 3608 4474; x_wconf 77' lang='grc' dir='ltr'>καθ’</span> <span class='ocrx_word' id='word_1_599' title='bbox 3629 4421 3965 4474; x_wconf 80' lang='grc' dir='ltr'>ὑπόστασιν</span> 
     </span>
    </p>
   </div>
   <div class='ocr_carea' id='block_1_87' title="bbox 720 4504 2286 4593">
    <p class='ocr_par' dir='ltr' id='par_1_87' title="bbox 720 4507 2286 4578">
     <span class='ocr_line' id='line_1_87' title="bbox 720 4507 2286 4578; baseline -0.001 -17"><span class='ocrx_word' id='word_1_600' title='bbox 720 4507 954 4561; x_wconf 83' lang='lat' dir='ltr'><strong>Damnat</strong></span> <span class='ocrx_word' id='word_1_601' title='bbox 982 4523 1159 4561; x_wconf 85' lang='lat' dir='ltr'><strong>autem</strong></span> <span class='ocrx_word' id='word_1_602' title='bbox 1194 4522 1312 4561; x_wconf 89' lang='lat' dir='ltr'><strong>eam</strong></span> <span class='ocrx_word' id='word_1_603' title='bbox 1340 4508 1617 4571; x_wconf 89' lang='lat' dir='ltr'><strong>novitatis,</strong></span> <span class='ocrx_word' id='word_1_604' title='bbox 1640 4518 1693 4561; x_wconf 90' lang='lat' dir='ltr'><strong>et</strong></span> <span class='ocrx_word' id='word_1_605' title='bbox 1717 4508 2000 4578; x_wconf 72' lang='lat' dir='ltr'><strong>peregrine</strong></span> <span class='ocrx_word' id='word_1_606' title='bbox 2025 4507 2286 4576; x_wconf 87' lang='lat' dir='ltr'><strong>prolatam</strong></span> 
     </span>
    </p>
   </div>
   <div class='ocr_carea' id='block_1_88' title="bbox 2389 4504 3966 4593">
    <p class='ocr_par' dir='ltr' id='par_1_88' title="bbox 2395 4504 3966 4582">
     <span class='ocr_line' id='line_1_88' title="bbox 2395 4504 3966 4582; baseline -0.004 -18"><span class='ocrx_word' id='word_1_607' title='bbox 2395 4513 2572 4580; x_wconf 74' lang='grc' dir='ltr'>λέγωο</span> <span class='ocrx_word' id='word_1_608' title='bbox 2623 4512 2903 4582; x_wconf 74' lang='grc' dir='ltr'>καθορίζει</span> <span class='ocrx_word' id='word_1_609' title='bbox 2941 4512 2995 4564; x_wconf 84' lang='grc' dir='ltr'>δὲ</span> <span class='ocrx_word' id='word_1_610' title='bbox 3028 4512 3087 4564; x_wconf 90' lang='grc' dir='ltr'><strong>τὸ</strong></span> <span class='ocrx_word' id='word_1_611' title='bbox 3117 4512 3384 4582; x_wconf 79' lang='grc' dir='ltr'>ἀσύνηθες</span> <span class='ocrx_word' id='word_1_612' title='bbox 3413 4511 3602 4581; x_wconf 83' lang='grc' dir='ltr'>αὐτῆς,</span> <span class='ocrx_word' id='word_1_613' title='bbox 3639 4512 3733 4564; x_wconf 69' lang='grc' dir='ltr'><strong>καὶ</strong></span> <span class='ocrx_word' id='word_1_614' title='bbox 3773 4509 3837 4579; x_wconf 83' lang='grc' dir='ltr'>δὴ</span> <span class='ocrx_word' id='word_1_615' title='bbox 3877 4504 3966 4557; x_wconf 72' lang='grc' dir='ltr'>καὶ</span> 
     </span>
    </p>
   </div>
   <div class='ocr_carea' id='block_1_89' title="bbox 721 4595 2290 4665">
    <p class='ocr_par' dir='ltr' id='par_1_89' title="bbox 721 4595 2290 4665">
     <span class='ocr_line' id='line_1_89' title="bbox 721 4595 2290 4665; baseline 0.001 -16"><span class='ocrx_word' id='word_1_616' title='bbox 721 4595 972 4661; x_wconf 79' lang='lat' dir='ltr'><strong>affirmat,</strong></span> <span class='ocrx_word' id='word_1_617' title='bbox 1005 4612 1107 4648; x_wconf 89' lang='lat' dir='ltr'><strong>non</strong></span> <span class='ocrx_word' id='word_1_618' title='bbox 1139 4598 1513 4658; x_wconf 87' lang='lat' dir='ltr'><strong>considerans,</strong></span> <span class='ocrx_word' id='word_1_619' title='bbox 1567 4599 1692 4664; x_wconf 88' lang='lat' dir='ltr'><strong>quia</strong></span> <span class='ocrx_word' id='word_1_620' title='bbox 1749 4598 2036 4665; x_wconf 90' lang='lat' dir='ltr'><strong>impiorum</strong></span> <span class='ocrx_word' id='word_1_621' title='bbox 2073 4598 2290 4652; x_wconf 72' lang='lat' dir='ltr'><strong>[uereti-</strong></span> 
     </span>
    </p>
   </div>
   <div class='ocr_carea' id='block_1_90' title="bbox 720 4685 2289 4741">
    <p class='ocr_par' dir='ltr' id='par_1_90' title="bbox 720 4685 2289 4741">
     <span class='ocr_line' id='line_1_90' title="bbox 720 4685 2289 4741; baseline 0 -2"><span class='ocrx_word' id='word_1_622' title='bbox 720 4700 907 4739; x_wconf 90' lang='lat' dir='ltr'><strong>corum</strong></span> <span class='ocrx_word' id='word_1_623' title='bbox 953 4686 1428 4740; x_wconf 86' lang='lat' dir='ltr'><strong>adinventionibus</strong></span> <span class='ocrx_word' id='word_1_624' title='bbox 1460 4685 1757 4739; x_wconf 80' lang='lat' dir='ltr'><strong>dietionum</strong></span> <span class='ocrx_word' id='word_1_625' title='bbox 1794 4689 1968 4740; x_wconf 87' lang='lat' dir='ltr'><strong>virtus</strong></span> <span class='ocrx_word' id='word_1_626' title='bbox 2003 4687 2289 4741; x_wconf 90' lang='lat' dir='ltr'><strong>veritatem</strong></span> 
     </span>
    </p>
   </div>
   <div class='ocr_carea' id='block_1_91' title="bbox 2395 4600 3959 4674">
    <p class='ocr_par' dir='ltr' id='par_1_91' title="bbox 2395 4600 3959 4674">
     <span class='ocr_line' id='line_1_91' title="bbox 2395 4600 3959 4674; baseline -0.002 -17"><span class='ocrx_word' id='word_1_627' title='bbox 2395 4604 2560 4669; x_wconf 84' lang='grc' dir='ltr'>ξένως</span> <span class='ocrx_word' id='word_1_628' title='bbox 2583 4603 2751 4674; x_wconf 81' lang='grc' dir='ltr'>αὐτὴν</span> <span class='ocrx_word' id='word_1_629' title='bbox 2778 4602 3110 4671; x_wconf 84' lang='grc' dir='ltr'>πεποιῆσθαι</span> <span class='ocrx_word' id='word_1_630' title='bbox 3133 4602 3543 4672; x_wconf 77' lang='grc' dir='ltr'>διῖσχυρίζεται,</span> <span class='ocrx_word' id='word_1_631' title='bbox 3571 4602 3670 4655; x_wconf 86' lang='grc' dir='ltr'><strong>ούκ</strong></span> <span class='ocrx_word' id='word_1_632' title='bbox 3692 4600 3959 4668; x_wconf 74' lang='grc' dir='ltr'>ἐννοήσας.</span> 
     </span>
    </p>
   </div>
   <div class='ocr_carea' id='block_1_92' title="bbox 2395 4685 3962 4762">
    <p class='ocr_par' dir='ltr' id='par_1_92' title="bbox 2395 4685 3962 4762">
     <span class='ocr_line' id='line_1_92' title="bbox 2395 4685 3962 4762; baseline -0.003 -19"><span class='ocrx_word' id='word_1_633' title='bbox 2395 4692 2476 4744; x_wconf 82' lang='grc' dir='ltr'>ὅτι</span> <span class='ocrx_word' id='word_1_634' title='bbox 2524 4695 2644 4753; x_wconf 81' lang='grc' dir='ltr'>ταῖς</span> <span class='ocrx_word' id='word_1_635' title='bbox 2698 4693 2805 4744; x_wconf 82' lang='grc' dir='ltr'>τῶν</span> <span class='ocrx_word' id='word_1_636' title='bbox 2854 4693 3081 4744; x_wconf 81' lang='grc' dir='ltr'>ἀνοσίων</span> <span class='ocrx_word' id='word_1_637' title='bbox 3131 4693 3469 4762; x_wconf 81' lang='grc' dir='ltr'>αἱρεσιωτῶν</span> <span class='ocrx_word' id='word_1_638' title='bbox 3513 4685 3962 4762; x_wconf 85' lang='grc' dir='ltr'>εύρεσιλογίαιςή</span> 
     </span>
    </p>
   </div>
   <div class='ocr_carea' id='block_1_93' title="bbox 720 4773 2286 4852">
    <p class='ocr_par' dir='ltr' id='par_1_93' title="bbox 720 4773 2286 4843">
     <span class='ocr_line' id='line_1_93' title="bbox 720 4773 2286 4843; baseline 0 -15"><span class='ocrx_word' id='word_1_639' title='bbox 720 4787 1020 4843; x_wconf 88' lang='lat' dir='ltr'><strong>opponens,</strong></span> <span class='ocrx_word' id='word_1_640' title='bbox 1070 4773 1354 4829; x_wconf 87' lang='lat' dir='ltr'><strong>destruere</strong></span> <span class='ocrx_word' id='word_1_641' title='bbox 1401 4775 1610 4838; x_wconf 90' lang='lat' dir='ltr'><strong>nititur,</strong></span> <span class='ocrx_word' id='word_1_642' title='bbox 1658 4775 1800 4843; x_wconf 84' lang='lat' dir='ltr'><strong>quod</strong></span> <span class='ocrx_word' id='word_1_643' title='bbox 1849 4774 1916 4827; x_wconf 89' lang='lat' dir='ltr'><strong>ab</strong></span> <span class='ocrx_word' id='word_1_644' title='bbox 1954 4774 2033 4828; x_wconf 89' lang='lat' dir='ltr'><strong>eis</strong></span> <span class='ocrx_word' id='word_1_645' title='bbox 2082 4777 2286 4828; x_wconf 81' lang='lat' dir='ltr'><strong>videtur</strong></span> 
     </span>
    </p>
   </div>
   <div class='ocr_carea' id='block_1_94' title="bbox 2389 4773 3964 4852">
    <p class='ocr_par' dir='ltr' id='par_1_94' title="bbox 2395 4781 3964 4852">
     <span class='ocr_line' id='line_1_94' title="bbox 2395 4781 3964 4852; baseline -0.001 -21"><span class='ocrx_word' id='word_1_646' title='bbox 2395 4781 2504 4831; x_wconf 86' lang='grc' dir='ltr'><strong>τῶν</strong></span> <span class='ocrx_word' id='word_1_647' title='bbox 2532 4782 2728 4844; x_wconf 81' lang='grc' dir='ltr'>λέξεων</span> <span class='ocrx_word' id='word_1_648' title='bbox 2754 4782 2984 4850; x_wconf 85' lang='grc' dir='ltr'>δύναμις</span> <span class='ocrx_word' id='word_1_649' title='bbox 3024 4781 3083 4833; x_wconf 87' lang='grc' dir='ltr'><strong>τὸ</strong></span> <span class='ocrx_word' id='word_1_650' title='bbox 3126 4781 3324 4852; x_wconf 85' lang='grc' dir='ltr'>ἀληθὲς</span> <span class='ocrx_word' id='word_1_651' title='bbox 3368 4782 3762 4850; x_wconf 86' lang='grc' dir='ltr'>ἀντεξάγουσα,</span> <span class='ocrx_word' id='word_1_652' title='bbox 3795 4793 3964 4847; x_wconf 77' lang='grc' dir='ltr'>παραο</span> 
     </span>
    </p>
   </div>
   <div class='ocr_carea' id='block_1_95' title="bbox 727 4864 2293 4934">
    <p class='ocr_par' dir='ltr' id='par_1_95' title="bbox 727 4864 2293 4934">
     <span class='ocr_line' id='line_1_95' title="bbox 727 4864 2293 4934; baseline 0 -16"><span class='ocrx_word' id='word_1_653' title='bbox 727 4866 1059 4934; x_wconf 89' lang='lat' dir='ltr'><strong>oppositum.</strong></span> <span class='ocrx_word' id='word_1_654' title='bbox 1109 4864 1358 4920; x_wconf 81' lang='lat' dir='ltr'><strong>Nestorio</strong></span> <span class='ocrx_word' id='word_1_655' title='bbox 1399 4865 1563 4932; x_wconf 80' lang='lat' dir='ltr'><strong>igitur</strong></span> <span class='ocrx_word' id='word_1_656' title='bbox 1591 4865 1791 4934; x_wconf 91' lang='lat' dir='ltr'><strong>ubique</strong></span> <span class='ocrx_word' id='word_1_657' title='bbox 1837 4866 2140 4934; x_wconf 88' lang='lat' dir='ltr'><strong>perimente</strong></span> <span class='ocrx_word' id='word_1_658' title='bbox 2202 4865 2293 4920; x_wconf 90' lang='lat' dir='ltr'><strong>Dei</strong></span> 
     </span>
    </p>
   </div>
   <div class='ocr_carea' id='block_1_96' title="bbox 722 4953 2294 5016">
    <p class='ocr_par' dir='ltr' id='par_1_96' title="bbox 722 4953 2294 5016">
     <span class='ocr_line' id='line_1_96' title="bbox 722 4953 2294 5016; baseline 0.001 -9"><span class='ocrx_word' id='word_1_659' title='bbox 722 4953 883 5008; x_wconf 80' lang='lat' dir='ltr'><strong>Verbi</strong></span> <span class='ocrx_word' id='word_1_660' title='bbox 956 4956 1248 5008; x_wconf 88' lang='lat' dir='ltr'><strong>secundum</strong></span> <span class='ocrx_word' id='word_1_661' title='bbox 1315 4968 1534 5008; x_wconf 88' lang='lat' dir='ltr'><strong>carnem</strong></span> <span class='ocrx_word' id='word_1_662' title='bbox 1575 4954 1938 5016; x_wconf 86' lang='lat' dir='ltr'><strong>nativitatem,</strong></span> <span class='ocrx_word' id='word_1_663' title='bbox 1996 4965 2049 5009; x_wconf 90' lang='lat' dir='ltr'><strong>et</strong></span> <span class='ocrx_word' id='word_1_664' title='bbox 2122 4958 2294 5008; x_wconf 86' lang='lat' dir='ltr'><strong>solam</strong></span> 
     </span>
    </p>
   </div>
   <div class='ocr_carea' id='block_1_97' title="bbox 722 5043 2292 5111">
    <p class='ocr_par' dir='ltr' id='par_1_97' title="bbox 722 5043 2292 5111">
     <span class='ocr_line' id='line_1_97' title="bbox 722 5043 2292 5111; baseline 0.003 -16"><span class='ocrx_word' id='word_1_665' title='bbox 722 5045 877 5097; x_wconf 90' lang='lat' dir='ltr'><strong>nobis</strong></span> <span class='ocrx_word' id='word_1_666' title='bbox 954 5043 1275 5111; x_wconf 78' lang='lat' dir='ltr'><strong>dignitatum</strong></span> <span class='ocrx_word' id='word_1_667' title='bbox 1362 5045 1622 5098; x_wconf 85' lang='lat' dir='ltr'><strong>unitatem</strong></span> <span class='ocrx_word' id='word_1_668' title='bbox 1691 5055 2067 5107; x_wconf 86' lang='lat' dir='ltr'><strong>asseverante,</strong></span> <span class='ocrx_word' id='word_1_669' title='bbox 2115 5046 2292 5100; x_wconf 87' lang='lat' dir='ltr'><strong>homi-</strong></span> 
     </span>
    </p>
   </div>
   <div class='ocr_carea' id='block_1_98' title="bbox 722 5133 2293 5201">
    <p class='ocr_par' dir='ltr' id='par_1_98' title="bbox 722 5133 2293 5201">
     <span class='ocr_line' id='line_1_98' title="bbox 722 5133 2293 5201; baseline 0.004 -16"><span class='ocrx_word' id='word_1_670' title='bbox 722 5147 954 5199; x_wconf 85' lang='lat' dir='ltr'><strong>nemque</strong></span> <span class='ocrx_word' id='word_1_671' title='bbox 1010 5133 1118 5186; x_wconf 91' lang='lat' dir='ltr'><strong>Deo</strong></span> <span class='ocrx_word' id='word_1_672' title='bbox 1175 5133 1481 5201; x_wconf 82' lang='lat' dir='ltr'><strong>cepulatum</strong></span> <span class='ocrx_word' id='word_1_673' title='bbox 1538 5148 1658 5188; x_wconf 91' lang='lat' dir='ltr'><strong>esse</strong></span> <span class='ocrx_word' id='word_1_674' title='bbox 1723 5134 1957 5199; x_wconf 88' lang='lat' dir='ltr'><strong>dicente,</strong></span> <span class='ocrx_word' id='word_1_675' title='bbox 2016 5135 2293 5191; x_wconf 85' lang='lat' dir='ltr'><strong>filiationis</strong></span> 
     </span>
    </p>
   </div>
   <div class='ocr_carea' id='block_1_99' title="bbox 725 5223 2292 5290">
    <p class='ocr_par' dir='ltr' id='par_1_99' title="bbox 725 5223 2292 5290">
     <span class='ocr_line' id='line_1_99' title="bbox 725 5223 2292 5290; baseline 0.003 -15"><span class='ocrx_word' id='word_1_676' title='bbox 725 5223 1150 5290; x_wconf 70' lang='lat' dir='ltr'><strong>requivocatione</strong></span> <span class='ocrx_word' id='word_1_677' title='bbox 1211 5225 1555 5287; x_wconf 84' lang='lat' dir='ltr'><strong>honoratum,</strong></span> <span class='ocrx_word' id='word_1_678' title='bbox 1601 5225 1910 5281; x_wconf 85' lang='lat' dir='ltr'><strong>necessario</strong></span> <span class='ocrx_word' id='word_1_679' title='bbox 1968 5241 2065 5279; x_wconf 90' lang='lat' dir='ltr'><strong>nos</strong></span> <span class='ocrx_word' id='word_1_680' title='bbox 2133 5227 2292 5280; x_wconf 87' lang='lat' dir='ltr'><strong>dictis</strong></span> 
     </span>
    </p>
   </div>
   <div class='ocr_carea' id='block_1_100' title="bbox 724 5311 2279 5379">
    <p class='ocr_par' dir='ltr' id='par_1_100' title="bbox 724 5311 2279 5379">
     <span class='ocr_line' id='line_1_100' title="bbox 724 5311 2279 5379; baseline 0.003 -15"><span class='ocrx_word' id='word_1_681' title='bbox 724 5311 866 5364; x_wconf 83' lang='lat' dir='ltr'><strong>illius</strong></span> <span class='ocrx_word' id='word_1_682' title='bbox 902 5316 1604 5379; x_wconf 77' lang='lat' dir='ltr'><strong>repugnantes,secundum</strong></span> <span class='ocrx_word' id='word_1_683' title='bbox 1659 5315 2066 5370; x_wconf 83' lang='lat' dir='ltr'><strong>subsistentlam</strong></span> <span class='ocrx_word' id='word_1_684' title='bbox 2121 5316 2279 5369; x_wconf 56' lang='lat' dir='ltr'><strong>unioa</strong></span> 
     </span>
    </p>
   </div>
   <div class='ocr_carea' id='block_1_101' title="bbox 799 5446 1250 5512">
    <p class='ocr_par' dir='ltr' id='par_1_101' title="bbox 799 5446 1250 5512">
     <span class='ocr_line' id='line_1_101' title="bbox 799 5446 1250 5512; baseline -0.002 -12"><span class='ocrx_word' id='word_1_685' title='bbox 799 5446 840 5477; x_wconf 87' lang='grc'><strong>⁷⁸</strong></span> <span class='ocrx_word' id='word_1_686' title='bbox 879 5446 1033 5500; x_wconf 83' lang='lat' dir='ltr'><strong>Joan.</strong></span> <span class='ocrx_word' id='word_1_687' title='bbox 1065 5461 1128 5512; x_wconf 86' lang='lat' dir='ltr'><strong>tt,</strong></span> <span class='ocrx_word' id='word_1_688' title='bbox 1160 5446 1250 5500; x_wconf 81' lang='grc'><strong>19.</strong></span> 
     </span>
    </p>
   </div>
   <div class='ocr_carea' id='block_1_102' title="bbox 2397 4869 3962 4949">
    <p class='ocr_par' dir='ltr' id='par_1_102' title="bbox 2397 4869 3962 4949">
     <span class='ocr_line' id='line_1_102' title="bbox 2397 4869 3962 4949; baseline -0.002 -27"><span class='ocrx_word' id='word_1_689' title='bbox 2397 4869 2544 4923; x_wconf 81' lang='grc' dir='ltr'>λύειν</span> <span class='ocrx_word' id='word_1_690' title='bbox 2573 4873 2839 4941; x_wconf 79' lang='grc' dir='ltr'>ἐπιχειρεῖ</span> <span class='ocrx_word' id='word_1_691' title='bbox 2866 4873 2926 4923; x_wconf 89' lang='grc' dir='ltr'><strong>τὸ</strong></span> <span class='ocrx_word' id='word_1_692' title='bbox 2956 4873 3269 4942; x_wconf 67' lang='grc' dir='ltr'>ἀπιτάχθαι</span> <span class='ocrx_word' id='word_1_693' title='bbox 3300 4873 3512 4928; x_wconf 89' lang='grc' dir='ltr'>δοκοῦν.</span> <span class='ocrx_word' id='word_1_694' title='bbox 3545 4873 3837 4949; x_wconf 82' lang='grc' dir='ltr'>Νεστορίου</span> <span class='ocrx_word' id='word_1_695' title='bbox 3865 4883 3962 4921; x_wconf 76' lang='grc' dir='ltr'>τοιο</span> 
     </span>
    </p>
   </div>
   <div class='ocr_carea' id='block_1_103' title="bbox 2400 4958 3960 5033">
    <p class='ocr_par' dir='ltr' id='par_1_103' title="bbox 2400 4958 3960 5033">
     <span class='ocr_line' id='line_1_103' title="bbox 2400 4958 3960 5033; baseline 0 -19"><span class='ocrx_word' id='word_1_696' title='bbox 2400 4961 2603 5031; x_wconf 89' lang='grc' dir='ltr'>γαροῦν</span> <span class='ocrx_word' id='word_1_697' title='bbox 2636 4963 2985 5032; x_wconf 82' lang='grc' dir='ltr'>ἀναιροῦντος</span> <span class='ocrx_word' id='word_1_698' title='bbox 3020 4964 3292 5033; x_wconf 88' lang='grc' dir='ltr'>πανταχοῦ</span> <span class='ocrx_word' id='word_1_699' title='bbox 3339 4964 3431 5017; x_wconf 86' lang='grc' dir='ltr'><strong>τοῦ</strong></span> <span class='ocrx_word' id='word_1_700' title='bbox 3483 4965 3618 5018; x_wconf 88' lang='grc' dir='ltr'>Θεοῦ</span> <span class='ocrx_word' id='word_1_701' title='bbox 3668 4967 3838 5033; x_wconf 81' lang='grc' dir='ltr'>Λογου</span> <span class='ocrx_word' id='word_1_702' title='bbox 3870 4958 3960 5026; x_wconf 84' lang='grc' dir='ltr'>τὴν</span> 
     </span>
    </p>
   </div>
   <div class='ocr_carea' id='block_1_104' title="bbox 2401 5047 3957 5122">
    <p class='ocr_par' dir='ltr' id='par_1_104' title="bbox 2401 5047 3957 5122">
     <span class='ocr_line' id='line_1_104' title="bbox 2401 5047 3957 5122; baseline -0.001 -19"><span class='ocrx_word' id='word_1_703' title='bbox 2401 5051 2542 5103; x_wconf 80' lang='grc' dir='ltr'>κατὰ</span> <span class='ocrx_word' id='word_1_704' title='bbox 2595 5053 2772 5121; x_wconf 85' lang='grc' dir='ltr'>σάρκα</span> <span class='ocrx_word' id='word_1_705' title='bbox 2822 5052 3096 5120; x_wconf 84' lang='grc' dir='ltr'>γέννησιν,</span> <span class='ocrx_word' id='word_1_706' title='bbox 3126 5055 3221 5106; x_wconf 73' lang='grc' dir='ltr'><strong>καὶ</strong></span> <span class='ocrx_word' id='word_1_707' title='bbox 3272 5052 3440 5122; x_wconf 83' lang='grc' dir='ltr'>μόνην</span> <span class='ocrx_word' id='word_1_708' title='bbox 3487 5054 3616 5122; x_wconf 74' lang='grc' dir='ltr'>ἡμῖν</span> <span class='ocrx_word' id='word_1_709' title='bbox 3649 5047 3957 5120; x_wconf 82' lang='grc' dir='ltr'>ἀξιωμάτων</span> 
     </span>
    </p>
   </div>
   <div class='ocr_carea' id='block_1_105' title="bbox 2400 5139 3958 5213">
    <p class='ocr_par' dir='ltr' id='par_1_105' title="bbox 2400 5139 3958 5213">
     <span class='ocr_line' id='line_1_105' title="bbox 2400 5139 3958 5213; baseline 0 -22"><span class='ocrx_word' id='word_1_710' title='bbox 2400 5140 2627 5208; x_wconf 74' lang='grc' dir='ltr'>ἑνότητα</span> <span class='ocrx_word' id='word_1_711' title='bbox 2672 5142 3192 5211; x_wconf 77' lang='grc' dir='ltr'>παρεισκρίνοντος,</span> <span class='ocrx_word' id='word_1_712' title='bbox 3240 5141 3524 5213; x_wconf 77' lang='grc' dir='ltr'>ἄνθρωπόν</span> <span class='ocrx_word' id='word_1_713' title='bbox 3572 5157 3632 5192; x_wconf 86' lang='grc' dir='ltr'><strong>τε</strong></span> <span class='ocrx_word' id='word_1_714' title='bbox 3677 5139 3797 5209; x_wconf 87' lang='grc' dir='ltr'>Θεῷ</span> <span class='ocrx_word' id='word_1_715' title='bbox 3846 5149 3958 5185; x_wconf 83' lang='grc' dir='ltr'>συν·</span> 
     </span>
    </p>
   </div>
   <div class='ocr_carea' id='block_1_106' title="bbox 2398 5228 3958 5300">
    <p class='ocr_par' dir='ltr' id='par_1_106' title="bbox 2398 5228 3958 5300">
     <span class='ocr_line' id='line_1_106' title="bbox 2398 5228 3958 5300; baseline -0.017 -1"><span class='ocrx_word' id='word_1_716' title='bbox 2398 5228 2568 5299; x_wconf 74' lang='grc' dir='ltr'>ἧφθαι</span> <span class='ocrx_word' id='word_1_717' title='bbox 2615 5230 2886 5296; x_wconf 74' lang='grc' dir='ltr'>λέγοντος.</span> <span class='ocrx_word' id='word_1_718' title='bbox 2915 5233 2978 5300; x_wconf 79' lang='grc' dir='ltr'>τῇ</span> <span class='ocrx_word' id='word_1_719' title='bbox 3009 5233 3106 5299; x_wconf 80' lang='grc' dir='ltr'><strong>τῆς</strong></span> <span class='ocrx_word' id='word_1_720' title='bbox 3138 5231 3380 5298; x_wconf 73' lang='grc' dir='ltr'>νεότητος</span> <span class='ocrx_word' id='word_1_721' title='bbox 3423 5228 3710 5298; x_wconf 79' lang='grc' dir='ltr'>ὁμωνυμίᾳ</span> <span class='ocrx_word' id='word_1_722' title='bbox 3753 5235 3958 5290; x_wconf 81' lang='grc' dir='ltr'>τετιμη-</span> 
     </span>
    </p>
   </div>
   <div class='ocr_carea' id='block_1_107' title="bbox 2402 5308 3957 5388">
    <p class='ocr_par' dir='ltr' id='par_1_107' title="bbox 2402 5308 3957 5388">
     <span class='ocr_line' id='line_1_107' title="bbox 2402 5308 3957 5388; baseline 0.006 -20"><span class='ocrx_word' id='word_1_723' title='bbox 2402 5317 2578 5384; x_wconf 85' lang='grc' dir='ltr'>μένον,</span> <span class='ocrx_word' id='word_1_724' title='bbox 2611 5317 2919 5385; x_wconf 81' lang='grc' dir='ltr'>ἀναγκαίως</span> <span class='ocrx_word' id='word_1_725' title='bbox 2946 5320 3105 5388; x_wconf 77' lang='grc' dir='ltr'>ἡμεῖς</span> <span class='ocrx_word' id='word_1_726' title='bbox 3136 5321 3247 5382; x_wconf 85' lang='grc' dir='ltr'>τοῖς</span> <span class='ocrx_word' id='word_1_727' title='bbox 3273 5317 3479 5371; x_wconf 80' lang='grc' dir='ltr'>ἐκείνου</span> <span class='ocrx_word' id='word_1_728' title='bbox 3522 5317 3839 5388; x_wconf 84' lang='grc' dir='ltr'>μαχόμενοι,</span> <span class='ocrx_word' id='word_1_729' title='bbox 3869 5308 3957 5377; x_wconf 66' lang='grc' dir='ltr'><strong>τὴν</strong></span> 
     </span>
    </p>
   </div>
   <div class='ocr_carea' id='block_1_108' title="bbox 1779 5575 2963 5653">
    <p class='ocr_par' dir='ltr' id='par_1_108' title="bbox 1779 5575 2963 5653">
     <span class='ocr_line' id='line_1_108' title="bbox 1779 5575 2963 5653; baseline 0.009 -24"><span class='ocrx_word' id='word_1_730' title='bbox 1779 5575 1956 5630; x_wconf 79' lang='lat' dir='ltr'><strong>Variae</strong></span> <span class='ocrx_word' id='word_1_731' title='bbox 1985 5576 2243 5631; x_wconf 89' lang='lat' dir='ltr'><strong>lectiones</strong></span> <span class='ocrx_word' id='word_1_732' title='bbox 2269 5591 2335 5632; x_wconf 77' lang='lat' dir='ltr'><strong>ex</strong></span> <span class='ocrx_word' id='word_1_733' title='bbox 2365 5580 2552 5635; x_wconf 89' lang='lat' dir='ltr'><strong>codice</strong></span> <span class='ocrx_word' id='word_1_734' title='bbox 2587 5582 2963 5653; x_wconf 76' lang='lat' dir='ltr'><strong>Seguicriano.</strong></span> 
     </span>
    </p>
   </div>
   <div class='ocr_carea' id='block_1_109' title="bbox 808 5701 2383 5776">
    <p class='ocr_par' dir='ltr' id='par_1_109' title="bbox 808 5701 2383 5776">
     <span class='ocr_line' id='line_1_109' title="bbox 808 5701 2383 5776; baseline 0.003 -20"><span class='ocrx_word' id='word_1_735' title='bbox 808 5701 1132 5775; x_wconf 69' lang='lat' dir='ltr'><strong>bértéptevm.</strong></span> <span class='ocrx_word' id='word_1_736' title='bbox 1209 5715 1230 5744; x_wconf 73' lang='grc' dir='ltr'><strong>ο</strong></span> <span class='ocrx_word' id='word_1_737' title='bbox 1269 5704 1447 5767; x_wconf 83' lang='grc' dir='ltr'>ίδικῶς</span> <span class='ocrx_word' id='word_1_738' title='bbox 1468 5705 1579 5759; x_wconf 83' lang='grc' dir='ltr'>καί.</span> <span class='ocrx_word' id='word_1_739' title='bbox 1654 5704 1681 5745; x_wconf 74' lang='grc' dir='ltr'><strong>ά</strong></span> <span class='ocrx_word' id='word_1_740' title='bbox 1717 5706 2093 5776; x_wconf 79' lang='grc' dir='ltr'>προϐάλλεται.</span> <span class='ocrx_word' id='word_1_741' title='bbox 2175 5721 2198 5749; x_wconf 74' lang='grc' dir='ltr'><strong>ε</strong></span> <span class='ocrx_word' id='word_1_742' title='bbox 2234 5710 2383 5763; x_wconf 85' lang='grc' dir='ltr'>Θεόν.</span> 
     </span>
    </p>
   </div>
  </div>
