4120 6464
169 427 252 482 ιοι

727 432 1254 491 APOLOGETICUS
1289 431 1570 489 CONTRA
1609 431 2132 492 THEODORETUM
2172 433 2308 490 PRO
2351 435 2438 490 XII
2475 435 2860 494 CAPITIBUS.

3281 438 3387 494 402

171 545 278 596 καθ’
311 546 614 601 ὑπόστασιν
667 551 859 603 ἕνωσιν
914 552 1166 620 γενέσθαι
1216 554 1415 623 φαμὲν,
1445 571 1537 606 του
1585 555 1717 606 xa0‘

1827 566 1945 606 uem
1971 553 2198 606 dicimus
2252 551 2470 616 factam,
2516 554 2679 608 verbo
2731 556 2850 616 hoc,
2891 553 3175 604 secundum
3221 551 3391 603 subsi-

169 637 517 702 ὑπόστασιν,
576 640 730 693 οὐδὲν
779 643 962 713 ἕτερον
1007 645 1414 713 ἀποφαίνοντος,
1466 645 1603 717 πλὴν
1644 649 1726 701 ὅτι

171 723 366 794 μόνονη
395 726 492 778 τοῦ
520 729 695 796 Λόγου
727 732 906 798 φύσις,
931 735 1094 803 ἧγουν
1121 737 1149 803 η
1180 736 1494 800 ὑπόστασις,
1522 739 1550 790 ὅ
1579 739 1726 793 ἐστιν

168 812 315 875 αὐτὸς
364 817 392 868 δ
437 818 653 885 Λόγος,
704 822 1016 895 ἀνθρωπεία
1065 827 1224 893 φύσει
1276 828 1414 880 κατὰ
1469 829 1726 899 ἀλήθειαν

168 900 398 967 ἐνωθεὶς,
451 909 667 977 τροπῆς
710 929 851 974 τινος
898 913 1019 983 δίχα
1066 916 1156 969 καὶ
1203 917 1536 987 συγχύσεως,
1586 920 1727 974 καθά

169 993 467 1060 πλειστάκις
508 1004 830 1074 εἰρήκαμεν,
861 1003 939 1071 εἷς
969 1012 1167 1063 νοεῖται
1195 1013 1289 1063 καὶ
1322 1011 1437 1066 ἐστι
1467 1015 1722 1084 Χριστὸς,

166 1086 360 1151 cases,
389 1091 526 1155 Θεὸς
572 1097 664 1147 καὶ
704 1097 1007 1167 ἄνθρωπος.
1043 1102 1213 1155 Τοῦτο
1243 1103 1319 1166 δὲ,
1352 1103 1427 1167 ῶς
1459 1121 1519 1172 γε
1549 1103 1720 1176 οἶμαι.

167 1179 246 1230 καὶ
288 1180 436 1250 αὑτῷ
483 1184 801 1257 Θεωδορίτῳ
847 1190 1013 1252 δοκεῖ,
1049 1192 1262 1260 φύσεως
1290 1195 1634 1266 ἀνθρωπίνης
1663 1199 1723 1251 οὑ

167 1272 480 1340 κεχωρίσθαι
507 1275 722 1344 λέγοντι
750 1280 840 1331 τὸν
862 1280 1015 1346 Θεὸν,
1041 1283 1162 1335 οὑτε
1195 1284 1300 1354 μὴν
1327 1284 1578 1355 θεότητος
1602 1288 1724 1357 δίχα

163 1358 381 1413 νοεῖσθαι
414 1363 474 1414 τὸ
517 1364 877 1435 ἀνθρώπινον.
907 1371 1114 1424 Οὐκοῦν
1142 1371 1265 1426 οὔτε
1303 1373 1425 1444 δίχα
1452 1377 1559 1429 τῶν
1594 1378 1723 1430 ὑπο-

163 1447 390 1536 στάσεων
418 1451 613 1506 δούλου
646 1473 703 1508 τε
727 1459 821 1511 καὶ⁴
842 1459 976 1512 Θεοῦ
1007 1463 1221 1532 μορφὴν
1251 1465 1488 1534 ἡνῶσθαί
1520 1485 1719 1536 φαμεν.

161 1530 271 1623 οὑτε
299 1536 405 1606 μὴν
438 1541 619 1594 κοινὸν
657 1544 940 1614 ἄνθρωπον
965 1588 978 1611 ,
1013 1530 1218 1619 ίσύτητι
1257 1530 1390 1623 μόνῃ
1425 1530 1723 1619 τῶν-ἀξιω-

163 1622 334 1714 μάτων
379 1634 766 1701 τετιμημένον,
805 1641 1069 1707 σχετικῶς
1122 1622 1386 1710 συνῆφθαι
1438 1643 1516 1712 τῷ
1564 1646 1722 1714 Λόγῳ

159 1711 514 1786 διοριζόμεθα,
548 1723 662 1776 ἀλλ’
693 1726 874 1793 αὑτὸν,
907 1731 980 1793 ὡς
1009 1730 1160 1798 ἔφην,
1192 1731 1282 1785 τὸν
1319 1733 1444 1785 Υἱδν
1467 1734 1560 1787 τοῦ
1582 1711 1719 1788 Osci}

1827 643 2100 707 stantiam,
2133 643 2267 697 nihil
2297 643 2439 697 aliud
2459 646 2888 706 deumnstrante,
2922 643 3022 695 nisi
3054 642 3226 694 solum
3259 640 3390 693 Ver-

1828 731 1880 785 bi
1927 744 2200 799 naturam,
2247 735 2364 789 sive
2410 734 2838 796 subsistentiam,
2891 735 3030 800 quod
3083 743 3166 785 est
3215 731 3386 798 ipsum

1827 820 2086 887 Verbum,
2137 823 2387 879 humana:
2448 833 2652 878 natura;
2701 837 2825 877 vere
2871 823 3072 875 unitam
3124 823 3242 876 sine
3282 820 3388 874 ulla

1827 914 2180 968 conversione
2251 923 2413 985 atque
2472 914 2810 979 confusione,
2865 914 3022 966 sicuti
3089 913 3390 982 smpissime

1827 1003 2083 1070 diximus,
2129 1020 2291 1059 unum
2327 1005 2549 1073 intelligi
2583 1013 2638 1059 et
2663 1018 2782 1060 esse
2819 1003 3096 1067 Cbrisum,
3138 1003 3386 1056 eumdem

1829 1093 1993 1148 Deum
2022 1105 2075 1148 et
2104 1095 2397 1150 hominem.
2457 1095 2568 1151 lloc
2611 1105 2815 1159 autem,
2856 1105 2915 1148 ut
2961 1095 3172 1162 Opinor,
3224 1093 3387 1146 etiam

1829 1185 1926 1252 ipsi
1959 1184 2298 1240 Theodoreto
2316 1187 2571 1255 probatur
2593 1185 2816 1248 dicenti,
2848 1185 2916 1238 ab
2941 1184 3172 1237 humana
3194 1193 3385 1236 natura

1832 1274 1995 1327 Deum
2061 1289 2164 1328 non
2229 1291 2348 1330 esse
2403 1287 2731 1345 separatum,
2783 1287 2957 1341 neque
2999 1272 3386 1329 humanitatem

1825 1363 2030 1430 absque
2069 1364 2267 1418 deitate
2317 1365 2565 1434 intelligi.
2610 1363 2777 1432 Igitur
2820 1377 2993 1430 neque
3019 1362 3234 1415 exclusa
3261 1360 3388 1414 sub-

1824 1451 2073 1506 sistentia
2108 1453 2251 1506 servi
2288 1464 2341 1508 et
2374 1453 2464 1510 Dei
2506 1455 2735 1507 formam
2791 1453 2993 1506 unitam
3031 1466 3174 1516 esse,
3213 1466 3389 1520 neque

1823 1552 1953 1592 sane
1986 1555 2325 1596 communem
2373 1543 2642 1597 hominem
2691 1541 2802 1596 sola
2843 1543 3162 1611 dignitatum
3199 1555 3384 1609 aequa—

1824 1630 1975 1686 litate
1999 1633 2432 1698 eohonestatum,
2470 1636 2766 1689 secundum
2818 1634 3180 1688 habitudinem
3216 1633 3389 1687 Verbo

1821 1721 2128 1790 copulatum
2184 1739 2304 1778 esse
2345 1723 2620 1788 dicimus;
2657 1739 2842 1779 verum
2899 1727 3093 1793 ipsum,
3140 1733 3198 1778 ut
3253 1724 3386 1785 dixi,

160 1803 241 1896 τδν
276 1811 564 1896 μονογενῆ,
599 1817 855 1882 γεγονότα
891 1819 1029 1871 κατά
1055 1821 1309 1890 ἀλήθειαν
1338 1823 1395 1874 ὲν
1417 1825 1717 1896 προσλήψει

1825 1811 2017 1867 Filium
2044 1813 2134 1868 Dei
2189 1816 2526 1882 unigenitum
2563 1816 2615 1870 in
2651 1817 3022 1882 assumptione
3066 1819 3167 1870 sibi
3229 1817 3390 1870 unita:

159 1892 254 1985 τῆς
271 1895 563 1965 ὲνωθείσης
592 1904 740 1974 αὑτῷ
774 1907 998 1976 σαρκὸς,
1028 1907 1206 1981 ψυχὴν
1239 1892 1471 1984 ἐχούσης
1505 1892 1720 1985 τὴντλο-

157 1983 324 2052 γικὴν,
355 1985 647 2056 ἄνθρωπον
675 1993 926 2056 γενέσθαι
955 1999 1092 2062 μετά
1122 2000 1213 2052 τοῦ
1243 1983 1431 2070 μεῖναι
1452 2005 1546 2057 καὶ
1560 1983 1718 2060 νΘεόν.

169 2071 296 2122 Ἀλλ’
328 2076 356 2126 δ
392 2075 569 2139 δεινὸς
614 2081 693 2141 είς
741 2079 952 2149 λόγους,
987 2086 1081 2137 καὶ
1116 2088 1318 2150 πυκνὸς
1347 2092 1426 2152 εἰς
1468 2095 1720 2161 θεωρίας,

157 2162 388 2229 κράσεως
423 2161 565 2218 εἶναι
602 2172 943 2242 σημαντικην
976 2173 1072 2245 τὴν
1101 2175 1244 2242 λέξιν
1279 2177 1590 2248 διορίζεται,
1630 2183 1722 2235 καὶ

157 2248 319 2315 λέγειν
362 2254 671 2325 ἀποτολμᾷ,
707 2261 798 2312 καὶ
825 2261 896 2314 τὰ
921 2263 984 2315 ἐκ
1013 2265 1110 2332 τῆς
1133 2264 1152 2302 τ
1191 2265 1286 2317 τοῦ
1313 2269 1719 2338 συγκεκρᾶσθαι

158 2341 243 2401 τὰς
269 2341 460 2408 φύσεις
490 2349 860 2416 παρακομίζει
882 2350 1084 2422 βλάϐης
1103 2356 1148 2417 ⁸,
1178 2353 1251 2417 ὼς
1271 2354 1428 2423 ἡμῶν
1459 2357 1718 2426 ἠγνοηκό-

158 2445 253 2482 των
275 2448 288 2461 ⁸
323 2433 356 2501 ἢ
395 2435 539 2503 τάχα
567 2439 973 2507 περιαυτίζεται
1021 2442 1115 2496 καὶ
1145 2443 1502 2513 φιλοκομπεῖσ
1547 2448 1717 2500 οἴεται

159 2516 208 2568 δὲ
235 2519 358 2584 ῖσως
403 2526 498 2576 καὶ
547 2526 730 2596 ἕτερον
757 2528 928 2593 οὐδὲν,
961 2530 992 2598 ἢ
1034 2535 1402 2602 μακρηγορεῖν
1433 2534 1712 2600 δύνασθαι,

158 2612 210 2659 τὸ
238 2613 360 2680 παρ’
389 2615 606 2678 οὐδενὸς
633 2618 939 2687 εἰρημένον,
967 2619 1042 2683 ὡς
1073 2621 1268 2690 ἀληθὲς
1293 2624 1597 2694 δεχόμενος,
1629 2629 1715 2680 ῖνα

160 2715 231 2757 τις
258 2697 392 2753 εἶναι
422 2704 555 2772 δοκῇ
588 2707 737 2775 παρά
768 2723 831 2773 γε
857 2711 969 2770 τοῖς
998 2710 1096 2762 οὑκ
1115 2711 1279 2764 είδόσι
1305 2711 1599 2785 διακρίνειν
1628 2717 1717 2786 dp-

161 2786 275 2849 θῶς,
310 2789 390 2850 τίς
425 2790 530 2858 μὲν
563 2794 903 2863 εἰκαιομυθεῖ
931 2795 1022 2847 καὶ
1060 2795 1336 2865 ψεύδεται,
1371 2799 1454 2863 τίς
1495 2801 1550 2854 δὲ
1587 2803 1718 2854 κατ’

161 2875 275 2927 εὐθὺ
294 2878 390 2948 τῆς
408 2879 670 2950 ἀληθείας
693 2883 931 2954 ἔρχεται,
949 2887 1042 2940 καὶ⁸
1064 2889 1263 2955 σοφῶν,
1288 2891 1379 2942 καὶ
1403 2893 1716 2958 ἀναγκαίων

161 2962 369 3020 ἅπτεται
401 2969 788 3043 λόγων.⁹ῼμην
835 2975 936 3044 μὲν
965 2974 1058 3029 οὗν
1107 2979 1165 3030 ὲν
1199 2981 1412 3050 ἀρχαῖς,
1445 2981 1711 3051 ὁμολογῶ,

160 3054 251 3105 τῶν
282 3061 587 3126 κεφαλαίων
616 3064 715 3132 τὴν
741 3065 968 3136 δύναμιν
997 3068 1094 3121 οὑκ
1119 3069 1381 3140 ἀγνοῆσαι
1411 3072 1507 3140 μὲν
1530 3071 1710 3139 αὑτὸν,

1828 1901 2010 1955 carnis
2033 1902 2270 1955 animam
2303 1902 2550 1957 habentis
2592 1903 2931 1964 rationalem,
2961 1917 3084 1956 vere
3116 1901 3388 1956 hominem

1831 1989 2030 2043 factum
2059 2004 2182 2044 esse
2206 2005 2324 2044 cum
2363 1991 2482 2053 hoc,
2525 1992 2669 2058 quod
2693 1992 2854 2044 etiam
2882 1991 3020 2046 Deus
3054 2002 3288 2046 maneat.
3324 1993 3392 2046 At

1827 2079 1912 2132 vir
1943 2079 2033 2134 ille
2059 2080 2401 2135 sermonibus
2454 2082 2716 2143 disertus,
2746 2091 2799 2134 et
2839 2081 2892 2134 in
2925 2081 3393 2150 speculationibus

1829 2173 2110 2227 versatus,
2187 2169 2536 2232 vocabulum,
2604 2167 2889 2219 secundum
2973 2168 3388 2230 subsistentiam,

1828 2251 1999 2304 linivit
2036 2267 2154 2306 esse
2181 2257 2585 2321 temperamenti
2640 2255 3078 2323 signiﬁeativum,
3109 2268 3164 2312 et
3208 2257 3390 2312 dicere

1826 2339 2011 2402 audet,
2047 2351 2102 2393 et
2131 2339 2290 2394 affert
2331 2342 2692 2406 incommoda,
2737 2357 2855 2412 qua:
2897 2357 2964 2398 ex
3015 2351 3392 2412 contempera-

1827 2428 1974 2483 tione
2021 2439 2342 2500 sequuntur,
2381 2431 2532 2500 quasi
2573 2447 2670 2485 nos
2719 2433 3238 2502 ignoraremuszvel
3278 2433 3390 2488 l'or-

1829 2529 1970 2573 tassc
1992 2520 2094 2574 sibi
2129 2521 2228 2588 ipsi
2254 2521 2449 2590 placet,
2485 2531 2538 2576 et
2574 2523 2858 2576 verborum
2879 2522 3203 2576 abundantia
3228 2534 3390 2592 atque

1827 2618 2020 2660 ornatu
2055 2608 2552 2678 gaudet;nihilque
2596 2609 2736 2662 aliud
2786 2609 2926 2664 forte
2968 2610 3186 2678 cogitat,
3225 2627 3387 2680 quam

1823 2696 2131 2764 Opinionem
2165 2700 2306 2766 quod
2340 2699 2510 2767 possit
2537 2698 2744 2766 prolixe
2795 2698 2936 2768 loqui
2964 2717 2979 2766 ;
3010 2703 3152 2769 quod
3185 2716 3212 2753 a
3240 2700 3388 2755 nullo

1824 2787 2024 2840 dictum
2075 2796 2176 2851 est,
2227 2796 2480 2855 tanquam
2534 2803 2718 2842 verum
2765 2791 3060 2859 accipiens,
3095 2799 3151 2844 ut
3195 2791 3389 2859 aliquis

1823 2893 1942 2932 esse
1973 2879 2216 2933 videatur
2234 2879 2372 2947 apud
2389 2893 2483 2932 eos
2509 2878 2603 2947 qui
2631 2887 2776 2934 recte
2799 2879 3096 2947 dijudieare
3115 2882 3386 2945 nesciunt,

1822 2969 2070 3035 quisnam
2104 2979 2306 3023 temere
2360 2967 2630 3023 fabuletur
2665 2979 2720 3024 et
2763 2971 3074 3034 mentiatur,
3124 2979 3215 3024 aut
3265 2973 3397 3040 quis

1823 3069 1969 3115 recta
2023 3060 2271 3114 veritatis
2301 3061 2383 3113 via
2430 3060 2662 3122 incedat,
2718 3068 2771 3113 et
2795 3060 3136 3114 sermonibus
3173 3061 3386 3128 sapien-

161 3145 579 3243 ὑποπλάττεσθαι
615 3154 669 3206 δὲ
691 3197 705 3219 ,
737 3156 813 3219 ὡς
857 3157 1027 3228 ἔφην,
1062 3161 1121 3212 τὸ
1152 3161 1329 3214 δοκεῖν
1363 3164 1710 3232 ἠγνοηκέναι,

1823 3152 1965 3205 tibus
1988 3161 2041 3205 et
2072 3151 2388 3206 necessariis
2420 3160 2625 3203 utatur.
2654 3149 2831 3213 lnitio,
2874 3149 3069 3216 fateor,
3100 3151 3380 3204 existima-

160 3235 239 3285 καὶ
263 3236 416 3290 τοῦτο
443 3242 766 3310 χαρίζεσθαί
795 3261 966 3296 τισιν·
1004 3247 1310 3318 ἡγνοηκότα
1331 3265 1391 3318 γε
1418 3250 1523 3321 μὴν
1553 3252 1715 3307 αὑτὸν

1820 3239 1961 3302 bam,
2010 3253 2228 3294 sensum
2262 3237 2623 3307 capitulorum
2666 3251 2786 3290 eum
2841 3252 2946 3292 non
2980 3238 3251 3307 ignorate,
3284 3239 3383 3290 lin-

160 3327 284 3382 κατά
305 3330 567 3398 ἀλήθειαν
603 3333 843 3404 εὑρίσκω
874 3335 1078 3391 λοιπόν.

574 3618 1161 3674 ΔΝΛΘΕΜΑΤΙΣΜΟΣ
1199 3620 1274 3675 1'".

217 3724 282 3783 ΕΙ
316 3747 401 3794 τις
445 3731 544 3784 ἐπὶ
581 3732 672 3784 τοῦ
704 3731 821 3795 ἐνὸς
849 3733 1085 3803 Χριστοῦ
1119 3735 1319 3806 διαιρεῖ
1349 3736 1446 3798 τὰς
1474 3737 1709 3791 ὑποστά-

159 3832 258 3881 σεις
295 3823 433 3891 μετά
468 3823 571 3891 τὴν
602 3824 816 3885 ἕνωσιν,
866 3825 1003 3897 μόνῃ
1047 3826 1332 3880 συνάπτων
1377 3829 1544 3890 αὑτὰς
1584 3847 1710 3880 συν-

157 3910 305 3978 aest;
333 3911 396 3980 τῇ
428 3913 573 3965 κατὰ
607 3913 705 3985 τὴν
733 3914 911 3980 ἀξίαν,
939 3916 1105 3984 ἡγουν
1135 3914 1441 3980 αὑθεντίαν,
1475 3919 1506 3988 ἢ
1553 3919 1710 3971 δυνα-

159 3998 340 4060 στείαν,
373 4000 468 4052 καὶ
500 4002 620 4071 οὑχὶ
648 4003 710 4073 δὴ
736 4003 933 4072 μᾶλλον
956 4001 1170 4064 σύνοδον
1202 4003 1296 4077 τὴν
1315 4004 1343 4045 δ
1373 4006 1491 4060 καθ’
1515 4006 1709 4060 ἕνωσιν

157 4091 373 4160 φυσικήν
397 4093 412 4132 ί
440 4109 454 4122 ⁸
495 4093 743 4164 ἀνάθεμα
778 4095 937 4148 ἔστω.

554 4291 818 4359 Θεοδωρή
827 4309 929 4346 του
967 4293 1295 4362 ἀνατροπὴ.

217 4397 463 4470 Σκοτεινὴ
507 4402 601 4454 καὶ
650 4402 894 4471 ζοφώδης
940 4403 1048 4455 τῶν
1093 4403 1397 4475 εἰρημένων
1424 4405 1456 4474 ἡ
1486 4406 1703 4460 ἐννοιαο

1816 3344 1942 3396 gere
1985 3337 2187 3391 autem,
2209 3335 2266 3382 ut
2288 3329 2420 3390 dixi,
2446 3343 2504 3381 se
2550 3327 2822 3396 ignorare,
2868 3335 2921 3380 et
2954 3326 3005 3379 in
3034 3327 3134 3381 hoc
3160 3327 3383 3394 quibus-

1815 3419 1937 3466 dam
2006 3431 2210 3469 morem
2266 3431 2452 3482 gerere
2484 3432 2497 3467 ;
2529 3416 2674 3481 atqui
2752 3430 2893 3469 uuuc
2949 3429 3074 3469 vere
3123 3415 3268 3468 illum
3317 3429 3393 3467 ea.

1818 3505 2068 3576 ignorare
2111 3507 2407 3574 cmuperio.

2121 3616 2282 3685 210
2324 3614 2961 3672 ANATHEMATISMUS
2993 3615 3078 3670 III.

1887 3728 1941 3781 Si
1971 3727 2093 3795 quis
2125 3729 2175 3779 in
2207 3744 2312 3780 uno
2338 3727 2556 3781 Christo
2587 3739 2706 3795 post
2726 3728 2976 3782 unionem
3001 3726 3188 3781 dividit
3219 3728 3380 3798 hypo-

1814 3830 2010 3883 stases,
2058 3819 2312 3886 ipsasque
2344 3835 2406 3874 ea
2459 3828 2664 3873 tantum
2720 3819 3096 3885 conjunctione
3146 3819 3287 3875 inter
3319 3836 3378 3875 se

1811 3909 2104 3973 connectit,
2137 3923 2255 3977 qum
2288 3909 2370 3962 est
2415 3908 2710 3962 secundum
2762 3908 3100 3975 dignitatem,
3154 3909 3254 3964 hoc
3293 3921 3378 3964 est

1811 3999 2219 4062 auctoritatem,
2264 3997 2345 4052 vel
2401 4006 2743 4067 potestatem,
2794 4007 2848 4051 et
2911 4012 3014 4051 non
3071 4011 3137 4054 eo
3199 4001 3376 4068 potius

1809 4106 2100 4155 concursu,
2147 4089 2238 4159 qui
2275 4099 2356 4144 est
2391 4090 2683 4145 secundum
2730 4089 3028 4145 naturalem
3076 4092 3368 4159 unionem;

1810 4183 2095 4238 anathema
2124 4181 2216 4236 sit.

2233 4290 2548 4346 Theodoreti
2591 4289 2942 4358 reprehensio.

1883 4401 2241 4457 Tenebricosa
2269 4401 2485 4470 quidem
2539 4409 2596 4454 et
2634 4399 2933 4467 caliginosa
2983 4409 3066 4455 est
3103 4401 3370 4456 dictorum

157 4485 245 4539 τίνι
271 4488 374 4561 γάρ
405 4492 510 4544 οὑκ
536 4490 772 4560 εὔδηλον,
801 4491 876 4554 ὼς
900 4494 1159 4559 συνάφεια
1187 4493 1279 4546 καὶ
1301 4493 1514 4558 σύνοδος
1537 4496 1707 4548 οὑδενὶ

1820 4493 2170 4564 intelligentia
2228 4491 2354 4562 (piis
2409 4499 2589 4545 autem
2662 4490 2949 4546 manifesta
3001 4501 3085 4546 est
3133 4492 3370 4560 ipsorum

155 4577 521 4649 διαφέρουσιν;
551 4581 624 4633 Ἤ
652 4597 706 4631 τε
736 4581 844 4649 γὰρ
874 4582 1088 4643 σύνοδος
1132 4582 1240 4634 τῶν
1285 4586 1704 4654 κεχωρισμένων

158 4667 258 4722 ἑστι
295 4671 512 4734 σύνοδος
536 4687 550 4700 ⁸
600 4673 634 4742 ἦ
665 4688 724 4723 τε
776 4673 1037 4740 συνάφεια
1069 4672 1175 4724 τῶν
1208 4674 1547 4745 διῃρημένων
1578 4694 1704 4729 συν-

160 4759 395 4826 άφεια.⁰0
422 4763 480 4816 δὲ
510 4761 816 4831 σοφώτατος
846 4764 954 4816 τῶν
983 4763 1154 4830 λόγων
1183 4765 1384 4818 τούτων
1414 4767 1595 4838 πατὴρ
1625 4768 1702 4830 ὡς

159 4849 352 4904 ἐναντία
405 4853 476 4906 τά
529 4851 792 4922 σύμφωνα
848 4854 1108 4905 τέθεικεν.
1140 4855 1212 4906 Οὐ
1255 4855 1359 4925 χρὴ
1390 4855 1519 4925 γὰρ,
1552 4856 1704 4925 φησὶ,

163 4943 431 4996 συνάπτειν
470 4944 572 5008 τάς
621 4945 948 5008 ὑποστάσεις
988 4949 1270 5016 συναφείᾳ,
1303 4945 1437 4998 ἀλλά
1477 4948 1700 5016 συνόδῳ,

161 5031 238 5082 καὶ
267 5036 466 5106 συνόδῳ
493 5037 733 5106 φυσικῇ·
786 5036 816 5104 ἢ
864 5035 1075 5104 ἀγνοῶν
1123 5037 1251 5098 ῐσως
1281 5036 1309 5088 ὃ
1347 5036 1516 5104 λέγει,
1566 5037 1598 5106 ἢ
1645 5040 1706 5091 ὲν

161 5121 334 5184 γνώσει
375 5126 860 5195 βλασφημῶνι.Ἢ
885 5131 992 5199 γὰρ
1028 5128 1186 5198 φύσις
1222 5130 1622 5197 ἀναγκαστικόν
1651 5130 1702 5183 τί

161 5213 280 5277 ἔστι,
312 5221 404 5272 καὶ
437 5218 740 5288 ἀϐούλητον
773 5221 958 5292 χρῆμα
980 5238 995 5253 ο
1030 5217 1138 5276 οἷόν
1167 5240 1220 5276 τι
1250 5223 1392 5290 λέγω
1415 5240 1427 5253 ³
1461 5223 1703 5291 φυσικῶς

162 5306 430 5376 πεινῶμεν,
462 5311 527 5362 οὑ
555 5311 748 5382 γνώμῃ
777 5311 932 5365 τοῦτο
957 5313 1278 5382 πάσχοντες,
1313 5311 1447 5365 ἀλλά
1467 5311 1699 5382 ἀνάγκη·

161 5389 188 5459 ἧ
213 5395 306 5466 γὰρ
333 5396 396 5450 ἂν
421 5400 472 5450 οῖ
502 5400 742 5468 πτωχείᾳ
775 5401 1040 5465 συζῶντες
1070 5400 1161 5454 τοῦ
1193 5405 1506 5471 προσαιτεῖν
1529 5402 1703 5472 ἀπηλ-

159 5481 394 5554 λάησαν,
425 5488 522 5541 τοῦ
567 5490 646 5559 μὴ
697 5494 885 5562 πεινῇν
933 5493 1029 5562 τὴν
1074 5493 1322 5556 ἐξουσίαν
1353 5494 1410 5545 ὲν
1437 5495 1504 5562 τῇ
1539 5491 1699 5562 βουλῇ

1809 4585 2053 4655 ineptia).
2085 4584 2183 4639 Cui
2237 4584 2380 4637 enim
2433 4597 2536 4636 non
2579 4591 2661 4635 est
2698 4583 3062 4650 perspicuum,
3095 4585 3238 4651 quod
3281 4598 3373 4639 co-

1809 4677 2014 4745 pulatio
2081 4684 2135 4728 et
2185 4685 2485 4727 concursus
2535 4669 2667 4723 nihil
2713 4669 3012 4726 diﬂ‘eruut?
3079 4688 3202 4727 nam
3237 4690 3372 4729 con-

1807 4781 2006 4820 cursus
2043 4770 2417 4831 separatorum
2455 4770 2532 4814 est
2563 4775 2899 4829 concursus;
2943 4763 3212 4832 copulatio
3245 4779 3373 4820 vero

1813 4865 1896 4910 est
1935 4855 2294 4908 discretorum
2327 4853 2618 4920 copulatio.
2650 4852 2720 4907 At
2764 4853 3197 4921 sapientissimus
3241 4856 3374 4911 isto-

1815 4961 1932 5000 rum
1965 4945 2253 4998 verborum
2303 4957 2499 5012 parens
2559 4945 2717 5011 quasi
2755 4944 3025 4998 contraria
3091 4947 3270 5015 posuit
3309 4961 3371 5002 ea

1812 5051 1930 5106 quae
1961 5043 2278 5090 consonant.
2311 5033 2519 5088 Etenim
2567 5050 2671 5088 non
2717 5042 2948 5105 oportet,
2976 5035 3170 5105 inquit,
3201 5052 3369 5103 copu-

1809 5128 2010 5182 latione
2052 5127 2432 5181 subsistentias
2479 5126 2823 5196 conjungere,
2857 5125 2951 5180 sed
2992 5141 3281 5192 concursu,
3315 5139 3370 5183 et

1807 5231 2076 5272 concursu
2112 5217 2389 5270 naturali:
2441 5216 2526 5271 vel
2571 5217 2826 5285 ignorans
2869 5215 3012 5272 forte
3047 5219 3174 5287 quid
3213 5220 3365 5286 dicit,

1808 5309 1908 5373 vel,
1936 5308 1978 5360 si
2008 5308 2177 5374 novit,
2203 5307 2603 5378 blasphemans.
2633 5305 2850 5362 Natura
2874 5307 3018 5363 enim
3044 5319 3127 5364 est
3159 5309 3240 5364 vis
3275 5325 3366 5366 ne-

1805 5397 2042 5453 cessario
2077 5398 2428 5468 compellens,
2473 5408 2527 5453 et
2569 5399 2772 5468 absque
2833 5397 3133 5454 voluntate.
3176 5398 3367 5456 Excms

1806 5491 1879 5558 pli
1909 5491 2083 5560 gratia
2118 5508 2130 5545 :
2168 5500 2361 5546 natura
2389 5489 2678 5558 esurimus,
2721 5505 2827 5548 non
2863 5489 2962 5546 hoc
2993 5490 3241 5555 arbitrio,
3272 5492 3365 5548 scd

1197 5645 1370 5700 Varia
1408 5645 1668 5701 lectiones
1689 5659 1752 5699 ex
1783 5644 1966 5701 codice
1992 5643 2366 5714 Seguieriano.

223 5772 331 5833 ’ἐκ
357 5780 467 5836 τοῦ.
550 5782 580 5824 σ
612 5781 798 5853 βλάϐη.
876 5781 905 5820 ιδ
939 5785 1135 5856 συνόδῳ
1165 5787 1250 5856 τῇ.
1335 5786 1351 5824 ί
1391 5788 1613 5857 φυσικῇ.
1695 5797 1710 5836 t
1753 5784 2070 5856 δυσφημῶν.
