4108 6478
730 445 834 500 ιοδ

1713 437 1768 491 S.
1811 432 2083 490 CYRILLI
2124 423 2586 482 ALEXANDRINl
2624 423 2940 482 ARCIIIEP.

3869 420 4004 477 ιω

732 556 1055 612 necessitate
1083 554 1349 623 patientes
1384 571 1397 607 :
1430 551 1675 622 profecto
1712 550 1856 604 enim
1892 547 1984 617 qui
2038 545 2090 598 in
2139 557 2286 594 men-

2402 539 2718 607 κεκτημένοι
2740 555 2751 568 ⁸
2787 538 3028 607 φυσικῶς
3061 537 3319 607 διψῶμεν,
3340 535 3581 605 φυσικῶς
3607 534 4001 603 καθεύδομεν,

731 649 954 702 dicitate
987 648 1210 716 degunt,
1244 645 1555 700 mendicare
1602 643 1916 706 desiissent,
1962 639 2006 693 si
2059 644 2294 708 potesta-

731 750 839 793 tem
874 740 1093 792 liberam
1127 753 1234 791 non
1274 735 1557 792 esuriendi
1601 736 1863 790 haberem
1895 749 1909 786 :
1948 739 2137 784 natura
2177 725 2296 781 siti-

730 843 873 892 rnus,
915 839 1106 880 natura
1140 827 1458 888 dormimus,
1501 832 1689 878 natura
1727 821 2050 889 respiramus
2088 828 2292 878 aerem.

730 918 856 974 Haec
889 931 1067 974 autem
1104 920 1289 973 omnia
1320 919 1524 986 absque
1555 916 1832 969 voluntate
1881 921 2025 973 sunt,
2066 918 2123 961 ut
2160 906 2294 961 dixi.

738 1013 842 1078 Qui
891 1022 1070 1066 autem
1109 1010 1243 1064 nihil
1296 1010 1490 1063 horum
1540 1008 1592 1062 in
1637 1021 1695 1060 se
1733 1005 1941 1072 recipit,
1990 999 2296 1056 necessario

731 1104 895 1157 tinem
929 1102 1053 1155 vitae
1082 1101 1306 1170 accipit.
1347 1099 1406 1153 Si
1439 1101 1601 1167 igitur
1633 1096 1893 1152 naturalis
1927 1094 2026 1148 l‘uit
2063 1092 2153 1146 Dei
2188 1091 2297 1147 for-

729 1211 832 1248 mae
882 1204 937 1248 et
986 1194 1126 1248 servi
1180 1194 1370 1247 formae
1426 1194 1573 1253 unio,
1619 1207 1647 1244 a
1689 1191 2013 1247 necessitate
2062 1185 2293 1255 quadarn

730 1284 1066 1353 compulsus,
1098 1294 1153 1338 et
1178 1299 1286 1338 non
1321 1283 1693 1339 misericordia
1726 1298 1856 1337 usus
1886 1280 2028 1334 Deus
2058 1277 2291 1333 Verbum

728 1375 918 1429 formae
957 1375 1101 1429 servi
1146 1375 1466 1443 conjunctus
1494 1385 1597 1440 est,
1641 1384 1696 1428 et
1739 1372 2014 1442 Iegislator
2055 1368 2292 1423 omnium

727 1465 1073 1519 necessitatis
1102 1465 1248 1533 leges
1292 1465 1444 1533 sequi
1481 1464 1769 1518 invenitur.
1805 1461 2004 1516 Verum
2043 1475 2146 1514 non
2180 1459 2295 1514 haec

730 1571 832 1609 nos
862 1556 1043 1610 docuit
1076 1557 1268 1610 beatus
1319 1555 1514 1609 Paulus
1540 1594 1557 1620 ,
1597 1554 1692 1609 sed
1747 1552 2119 1616 contrarium,
2149 1548 2292 1618 quod

726 1645 965 1714 seipsum
1017 1645 1317 1700 exinanivit
1375 1643 1546 1697 forma
1598 1642 1740 1697 servi
1792 1651 2089 1710 assumpta.
2138 1637 2292 1706 Quod

726 1749 905 1791 autem
937 1739 1173 1793 dicitur:
1213 1756 1230 1790 ι
1275 1736 1521 1806 Seipsum
1560 1735 1855 1790 exinanivit
1885 1734 1952 1798 ⁷⁸,
1986 1752 2004 1784 ι
2051 1732 2294 1790 volunta-

722 1830 865 1881 rium
919 1827 1278 1881 demonstrat.
1318 1824 1374 1879 Si
1423 1827 1586 1892 igitur
1636 1822 1862 1878 consilio
1912 1830 1967 1876 et
2009 1820 2284 1874 voluntate
2321 1856 2369 1916 Β

721 1917 908 1972 unitus
934 1926 1018 1972 est
1045 1928 1253 1971 natura
1297 1931 1362 1971 ex
1407 1918 1561 1971 nobis
1611 1928 1896 1985 susceptae,
1950 1916 2280 1984 superﬂuum

722 2017 806 2062 est
840 2007 1039 2062 addere
1071 2007 1390 2072 dictionem,
1428 2008 1706 2062 naturalis.
1755 2008 1901 2061 Satis
1935 2008 2078 2060 enim
2129 2007 2291 2061 fuerit

723 2100 882 2154 fateri
910 2101 1190 2154 unionem.
1227 2099 1370 2153 Uuio
1409 2109 1587 2152 autem
1625 2102 1678 2153 in
1717 2101 1969 2153 discretis
2001 2099 2287 2164 accipitur,

723 2204 994 2258 nusquam
1022 2189 1166 2245 enim
1200 2189 1521 2257 intelligitur
1552 2187 1704 2251 unio,
1741 2187 1843 2241 nisi
1878 2186 2043 2240 fuerit
2073 2183 2288 2238 divisio.

722 2281 896 2350 Igitur
937 2280 1190 2336 unionem
1236 2280 1560 2348 suscipiens,
1602 2278 1981 2332 discretionem
2037 2273 2294 2344 praeacci-

722 2370 822 2440 pit.
855 2369 1135 2435 Quomodo
1167 2368 1328 2439 igitur
1357 2368 1506 2431 dicit,
1541 2381 1647 2420 non
1694 2375 1949 2435 Oportere
1988 2363 2292 2419 subsisten-

726 2460 830 2514 tias
851 2460 1112 2525 dividere,
1141 2460 1256 2513 sive
1281 2459 1542 2512 naturas?
1573 2459 1731 2525 idque
1761 2457 1966 2520 sciens,
1998 2455 2138 2524 quod
2171 2469 2293 2522 per-

724 2551 865 2606 {ecta
901 2552 991 2606 Dei
1019 2551 1176 2606 Verbi
1210 2551 1367 2620 21],
1407 2549 1752 2604 subsistentia
1785 2559 1910 2602 ante
1936 2547 2130 2601 saecula
2153 2556 2290 2608 erat,

724 2650 781 2695 et
803 2641 871 2695 ab
894 2641 980 2694 illa
1008 2650 1286 2710 assumpta
1315 2639 1416 2693 fuit
1437 2640 1578 2694 servi
1598 2639 1772 2692 forma
1808 2638 2068 2707 perlecta.
2101 2637 2223 2692 Ideo
2243 2645 2297 2690 et

725 2730 1104 2786 subsistentias
1130 2731 1288 2795 dixit,
1312 2735 1404 2786 sed
1437 2744 1540 2784 non
1578 2728 2010 2783 subsistentiam.
2043 2727 2098 2782 Si
2131 2727 2296 2795 igitur

726 2830 957 2889 utraque
979 2830 1172 2875 natura
1210 2819 1596 2890 perfectionem
1632 2819 1816 2884 habet,
1850 2819 1903 2871 in
1942 2818 2080 2871 idem
2115 2825 2294 2870 autem

728 2919 1101 2966 convenerunt
1125 2910 1320 2974 amba,
1356 2909 1528 2965 forma
1556 2907 1812 2964 videlicet
1841 2909 1933 2963 Dei
1964 2907 2298 2975 suscipiente

732 3002 967 3057 formam
997 3002 1163 3068 servi,
1183 3017 1344 3055 unam
1369 3002 1584 3069 quidem
1618 3015 1926 3070 personam,
1945 3008 2000 3054 et
2024 3013 2185 3052 unum
2211 2997 2300 3052 Fl-

728 3091 859 3145 lium
895 3099 950 3144 et
981 3089 1259 3144 Christum
1299 3089 1546 3145 conﬁteri
1595 3090 1738 3158 pium
1782 3096 1904 3152 est;
1952 3087 2088 3142 duas
2120 3096 2297 3140 autem

2397 629 2635 696 φυσικῶς
2660 629 2997 698 ἀναπνέομεν
3024 629 3115 681 τὺν
3142 628 3280 698 ἀέρα
3299 643 3313 657 ·
3361 627 3539 680 πάντα
3563 627 3619 678 δὲ
3651 627 3828 679 ταῦτα
3870 627 4005 678 eam

2395 718 2772 788 ἀϐουλήτωνῑί,
2809 720 2884 782 ὡς
2916 721 3054 789 ἔφην
3079 736 3091 749 ·
3129 721 3157 770 6
3197 718 3306 788 γὰρ
3355 719 3518 788 μηδὲν
3560 717 3769 770 τούτων
3802 734 4007 769 κατα-

2396 810 2698 879 δεχόμενος.
2730 808 2978 878 ἀνάγκη1
3025 809 3085 862 τὸ
3123 810 3222 877 τῆς
3252 808 3395 878 ζωῆς
3436 807 3840 876 ὑποδέχεσθαιω
3890 807 4004 858 τέ-

2397 901 2505 963 λος.
2535 902 2596 954 Ei
2626 901 2802 953 τοίνυν
2834 901 3036 970 φυσικὴ
3067 901 3258 968 γέγονε
3300 900 3397 969 τῆς
3437 899 3529 951 τοῦ
3566 899 3703 951 Θεοῦ
3752 900 4006 968 μορφῆς

2398 993 2615 1061 καὶτῆς
2648 992 2744 1045 τοῦ
2778 992 2964 1046 δούλου
2999 993 3212 1063 μορφῆς
3241 994 3274 1062 ἡ
3305 991 3425 1044 καθ’
3460 991 3654 1044 ἕνωσιν
3687 991 3923 1053 σύνοδος
3940 1001 3999 1054 ﬂ,

2399 1084 2489 1137 ὑπ’
2516 1086 2759 1155 ἀνάγκης
2811 1086 2955 1148 τινὸς
2991 1085 3326 1154 βιαζόμενος,
3362 1084 3475 1137 ἀλλ’
3502 1084 3623 1152 οὐχ).
3661 1083 4003 1151 φιλανθρω-

2399 1178 2497 1248 πίᾳ
2526 1177 2861 1248 κεχρημένος
2891 1179 2918 1229 6
2939 1176 3070 1240 Θεὸς
3089 1177 3261 1243 Λόγος
3291 1173 3535 1242 συνήφθη
3563 1176 3628 1242 τῇ
3659 1173 3752 1226 τοῦ
3779 1173 4000 1224 δούλου

2400 1271 2611 1338 μορφῇ’
2667 1269 2760 1320 καὶ
2804 1267 3158 1337 εὑρεθήσεται
3213 1269 3240 1319 6
3283 1265 3375 1318 τοῦ
3426 1265 3624 1327 παντὸς
3672 1264 4003 1332 νομοθέτης

2397 1360 2814 1426 άναγκαστικοῖς
2874 1359 3060 1427 νόμοις
3117 1357 3442 1410 ἀκολουθῶν.
3491 1356 3628 1408 Ἀλλ’
3681 1357 3739 1406 οὐ
3796 1354 4001 1406 ταῦτα

2395 1452 2541 1520 ἡμᾶς
2569 1451 2597 1501 6
2633 1449 2901 1519 μακάριος
2931 1448 3132 1512 ἐδίδαξε
3161 1448 3400 1512 Παῦλος,
3433 1448 3742 1501 τούναντίον
3777 1447 3858 1509 δὲ,
3898 1449 3998 1500 ὅτι

2396 1539 2584 1591 ἑαυτὸν
2620 1539 2876 1605 έκένωσε,
2902 1539 3116 1610 μορφὴν
3143 1538 3327 1591 δούλου
3355 1538 3562 1591 λαϐὼν·
3595 1538 3654 1590 τὸ
3683 1537 3760 1598 δὲ,
3801 1555 3819 1587 ι
3846 1538 3998 1590 ἑαυ-

2396 1630 2485 1682 τὸν
2535 1630 2786 1690 ὲκένωσε.
2817 1649 2835 1682 ι
2882 1631 2944 1682 τὸ
2999 1629 3302 1683 ἐθελούσιον
3353 1630 3644 1682 δείκνυσιν.
3675 1629 3737 1679 Εἰ
3789 1628 3997 1678 τοίνυν

2395 1720 2586 1791 γνώμῃ
2612 1722 2702 1773 καὶ
2737 1721 2990 1790 βουλήσει
3017 1724 3083 1792 τῇ
3111 1722 3168 1786 ἐξ
3197 1721 3358 1792 ἡμῶν
3384 1719 3756 1790 ἀναληφθείσῃ
3781 1717 3992 1788 ὴνὼθη

2397 1812 2574 1880 φύσει,
2615 1813 2842 1882 περιττὴ
2893 1812 2992 1882 τῆς
3038 1811 3304 1881 φυσικῆς
3354 1810 3550 1875 λέξεως
3581 1811 3613 1880 ἡ
3642 1809 3946 1877 προσθήκη
3976 1824 3992 1838 ο

2395 1905 2556 1973 άρκεί
2583 1903 2691 1972 γάρ
2711 1902 3045 1972 ὁμολογῆσαι
3066 1902 3162 1971 τὴν
3183 1901 3376 1953 ἕνωσιν
3441 1900 3634 1957 ἕνωσις
3663 1897 3718 1947 δὲ
3741 1898 3835 1947 ἐπὶ
3869 1895 3997 1946 τῶν

2393 1995 2698 2066 εἰρημένων
2715 2001 2738 2028 °
2770 1993 3102 2059 λαμϐάνεται
3127 2005 3140 2019 ο
3166 1987 3483 2055 διαιρέσεως
3507 1986 3614 2054 γὰρ
3643 1986 3743 2037 οὑκ
3779 1985 3990 2051 οὔσης,

2391 2086 2492 2134 οὐκ
2526 2086 2588 2134 ἄν
2624 2097 2752 2132 ποτε
2792 2080 2984 2139 ἓνωσις
3037 2077 3274 2146 νοηθείη.
3306 2076 3366 2128 '0
3410 2076 3586 2127 τοίνυν
3627 2075 3725 2143 τὴν
3775 2074 3995 2125 ἕνωσιν

2393 2170 2704 2241 λαμϐάνων,
2745 2167 3164 2238 ιιτρολαμϐάνειι⁵
3185 2166 3280 2236 τὴν
3314 2165 3600 2236 διαίρεσιν.
3638 2163 3762 2225 Πῶς
3790 2164 3992 2215 τοίνυν

2393 2264 2548 2334 φησὶ,
2581 2262 2653 2333 μὴ
2675 2261 2784 2314 δεῖν
2809 2260 2907 2322 τὰς
2928 2259 3251 2321 ὑποστάσεις
3272 2258 3521 2327 διαιρεῖν,
3543 2255 3720 2308 εἵτουν
3746 2253 3954 2322 φύσεις
3974 2271 3991 2318 ;

2395 2359 2504 2411 Καὶ
2539 2355 2713 2409 ταῦτα
2747 2351 2922 2415 εἰδὼς,
2963 2352 3038 2414 ὡς
3081 2349 3261 2402 τελεία
3312 2350 3408 2420 μὲν
3437 2351 3469 2417 ή
3505 2347 3597 2400 τοῦ
3628 2345 3762 2397 Θεοῦ
3795 2346 3989 2411 Λόγου

2396 2447 2692 2508 ὑπόστασις
2741 2443 2845 2514 πρὸ
2884 2443 2992 2494 τῶν
3033 2440 3244 2494 αἰώνων
3287 2438 3530 2508 ὑπῆρχε·
3564 2436 3743 2488 τελεία
3775 2435 3836 2487 δὲ
3874 2435 3992 2486 ὑπ’

2396 2539 2611 2608 ὲκείνης
2634 2535 2901 2606 ὲλὴφθηὴ
2950 2532 3041 2586 τοῦ
3084 2533 3271 2585 δούλου
3315 2530 3528 2601 μορφή·
3574 2526 3654 2579 διὸ
3703 2526 3800 2578 καὶ
3847 2527 3993 2578 ὑπο-

2399 2631 2616 2690 στάσεις
2644 2625 2817 2689 εῐπεν,
2843 2625 2954 2678 ἀλλ’
2983 2625 3080 2694 οὑχ
3107 2624 3423 2677 ὑπόστασιν.
3452 2622 3510 2673 Ei
3530 2619 3710 2672 τοίνυν
3733 2618 3991 2686 ἑκατέρα

2399 2721 2558 2790 φύσις
2587 2719 2648 2772 τὸ
2689 2718 2893 2770 τέλειον
2921 2716 3055 2785 ἔχει,
3088 2716 3167 2776 είς
3191 2713 3385 2766 ταύτὸν
3413 2712 3468 2763 δὲ
3505 2709 3763 2778 συνῆλθον
3789 2707 3989 2777 ἀμφό-

2397 2826 2573 2878 τεραι,
2605 2810 2702 2878 τῆς
2727 2806 2820 2859 τοῦ
2852 2805 2984 2858 Θεοῦ
3028 2804 3239 2874 μορφῆς
3279 2802 3516 2874 δηλονότι
3566 2800 3841 2869 λαϐούσης
3882 2800 3994 2868 τὴν

2399 2900 2492 2952 τοῦ
2524 2899 2708 2952 δούλου
2742 2897 2986 2968 μορφὴν,
3020 2895 3076 2948 ἓν
3107 2895 3203 2966 μὲν
3233 2894 3518 2963 πρόσωπον
3538 2935 3552 2957 ,
3594 2893 3686 2944 καὶ
3723 2891 3820 2942 ’ἐνα
3853 2890 3994 2942 Υίὸν

2401 2995 2496 3046 καὶ
2533 2991 2766 3064 Χριστὸν
2794 2989 3119 3060 ὁμολογεῖνίι
3145 2985 3366 3049 εὐσεϐές
3383 3001 3395 3013 °
3433 2984 3525 3038 δύο
3548 2983 3603 3036 δὲ
3628 2983 3728 3045 τάς
3756 2981 3993 3034 ἐνωθεί-

2404 3100 2502 3144 σας
2544 3081 2889 3144 ὑποστάσεις,
2921 3079 3097 3131 εἵτουν
3148 3076 3357 3146 φύσεις,
3387 3076 3565 3144 λέγειν
3603 3075 3702 3126 οὑκ
3753 3074 3988 3134 ἄτοπον,

735 3179 1117 3234 subsistentias
1158 3180 1273 3234 sive
1321 3188 1546 3233 naturas
1595 3178 1775 3232 unitas
1817 3176 2021 3239 dicere,
2057 3189 2164 3229 non
2198 3175 2292 3230 ab-

2406 3173 2542 3230 ἀλλά
2563 3175 2685 3227 κατ’
2709 3172 2887 3224 αἰτίαν
2912 3168 3222 3222 ἀκόλουθον.
3252 3169 3315 3220 Ei
3339 3167 3446 3234 γὰρ
3481 3167 3572 3217 ἐπὶ
3603 3164 3695 3216 τοῦ
3737 3164 3857 3225 ἐνὸς
3886 3163 3988 3214 dv-

729 3274 950 3326 surdum
985 3281 1090 3335 est,
1135 3273 1229 3326 sed
1258 3270 1410 3339 juxta
1457 3285 1679 3325 causam
1720 3279 2171 3325 consentaneum.
2207 3268 2299 3322 Et-

729 3363 878 3416 enim
907 3362 950 3417 si
988 3363 1038 3415 in
1076 3377 1182 3417 uno
1223 3363 1440 3417 homine
1474 3362 1764 3415 dividimus
1793 3369 2035 3423 naturas,
2065 3368 2120 3414 et
2150 3374 2297 3413 mor-

733 3451 847 3511 tale
896 3467 1113 3522 corpus,
1168 3452 1531 3509 immortalem
1585 3467 1714 3506 vero
1758 3453 1993 3505 animam
2049 3449 2296 3512 dicimus,

731 3554 1023 3612 utramque
1055 3552 1233 3597 autem
1262 3544 1538 3597 hominem
1568 3562 1581 3598 :
1609 3543 1778 3596 multo
1810 3542 1982 3611 magis
2021 3555 2303 3595 assumen-

735 3635 806 3687 tis
836 3633 953 3697 Dei,
987 3645 1040 3687 et
1066 3635 1332 3702 assumpti
1376 3634 1609 3688 hominis
1636 3644 1951 3686 naturarum
1995 3633 2300 3701 proprieta-

733 3735 815 3777 tes
839 3737 1136 3792 agnoscere
1168 3723 1365 3776 rationi
1394 3733 1821 3777 consentaneum
1856 3732 1961 3777 est.
1993 3721 2302 3775 Invenimus

733 3825 914 3868 autem
939 3823 994 3868 et
1029 3813 1249 3868 beatum
1287 3813 1508 3868 Paulum
1545 3829 1710 3867 unum
1762 3814 2033 3869 hominem
2078 3814 2130 3867 in
2168 3814 2304 3867 duos

733 3907 1086 3971 dividentem,
1110 3915 1164 3960 et
1188 3906 1478 3972 aliquando
1496 3907 1710 3973 quidem
1739 3906 2011 3960 dicentem
2037 3923 2049 3959 τ
2079 3924 2096 3956 ι
2130 3903 2306 3970 Quan-

739 4011 792 4052 ιο
839 3998 1084 4051 esterior
1132 3997 1294 4052 homo
1336 3999 1728 4065 corrumpitur,
1763 4007 1912 4052 tanto
1940 3997 2185 4050 internus
2221 4010 2304 4048 reo

737 4089 1056 4143 novatur".
1097 4108 1114 4140 ι
1147 4087 1454 4157 Aliquando
1502 4104 1633 4143 vero
1677 4105 1690 4142 :
1731 4107 1748 4140 ι
1791 4087 2151 4142 Condelector
2203 4086 2305 4154 legi

736 4179 854 4244 Dei,
899 4182 1094 4250 inquit,
1142 4182 1440 4236 secundum
1494 4181 1810 4236 interiorem
1854 4180 2130 4235 hominem
2161 4180 2236 4244 ⁷⁸;
2284 4197 2301 4228 ι

734 4283 791 4329 et
844 4273 1081 4324 iterum:
1125 4289 1144 4322 ι
1204 4271 1259 4324 In
1305 4271 1561 4325 interiore
1612 4271 1829 4326 homine
1875 4270 2120 4324 habitare
2152 4267 2308 4322 Chri-

736 4373 878 4418 stum
907 4363 974 4415 ".
1017 4381 1036 4413 ι
1077 4361 1233 4427 Quod
1264 4361 1310 4416 si
1338 4361 1633 4431 Apostolus
1660 4361 1963 4415 naturalem
2007 4359 2309 4427 copulatio-

739 4467 862 4505 nem
890 4461 1213 4507 naturarum
1249 4451 1409 4506 simul
1457 4451 1799 4506 conditarum
1837 4450 2049 4514 dividit,
2078 4464 2307 4516 quomo-

738 4545 806 4597 do
831 4557 949 4602 eos.
977 4544 1067 4610 qui
1112 4543 1359 4597 dividunt
1411 4544 1772 4611 proprietates
1822 4551 2139 4597 naturarum
2188 4539 2302 4603 Dei,

738 4638 829 4707 qui
863 4644 990 4693 ante
1017 4635 1211 4690 saecula
1260 4633 1382 4698 fuit,
1425 4642 1478 4686 et
1513 4633 1748 4687 hominis
1793 4633 1847 4685 in
1879 4632 2139 4686 extremis
2191 4631 2307 4685 die-

740 4729 842 4784 bus
875 4726 1162 4795 assumpti,
1197 4723 1491 4793 impietatis
1537 4730 1757 4776 accusat
1802 4723 1867 4784 is,
1909 4722 2001 4787 qui
2038 4731 2285 4789 tempera.

742 4820 942 4874 tionem
976 4834 1071 4874 nos
1105 4833 1198 4886 per
1230 4817 1332 4870 alia
1368 4819 1581 4870 nomina
1615 4819 1814 4871 docet?

1292 4929 1477 5002 Cyrilli
1515 4935 1764 5000 defensio.

818 5045 974 5112 Vide,
1021 5046 1291 5115 quomodo
1332 5046 1765 5114 sapientissimus
1802 5047 1903 5099 iste
1946 5061 2027 5098 vir
2078 5045 2309 5114 primum

747 5139 962 5207 quidem
997 5137 1388 5192 obscuritatem
1410 5137 1461 5189 in
1488 5136 1647 5191 dictis
1675 5135 1810 5191 falso
1831 5147 2071 5200 accuset,
2101 5146 2155 5191 et
2184 5151 2308 5191 cum

747 5231 864 5300 ipse
891 5239 1121 5283 mentem
1171 5243 1278 5282 nou
1315 5227 1596 5294 fulgidam,
1637 5229 1731 5281 sed
1778 5228 2174 5282 tenebricosam
2217 5227 2314 5280 ha-

747 5325 894 5378 bent.
933 5319 1332 5375 tenebricosum
1359 5333 1480 5372 esse
1521 5318 1664 5372 dicat
1691 5333 2022 5383 sermonem,
2047 5318 2138 5386 qui
2171 5325 2316 5371 recte

2404 3267 2623 3336 θρώπου
2666 3262 2981 3331 διαιροῦμεν
3028 3260 3126 3324 τὰς
3173 3258 3382 3328 φύσεις,
3412 3257 3503 3309 καὶ
3559 3254 3831 3321 καλοῦμεν
3887 3254 3993 3320 τὴν

2406 3358 2505 3426 μὲν
2539 3353 2738 3421 θνητὴν
2774 3351 2955 3419 σῶμα,
2987 3351 3085 3418 τὴν
3111 3349 3167 3401 δὲ
3193 3348 3457 3401 ἀθάνατον
3485 3346 3683 3413 ψυχὴν,
3709 3342 3992 3411 ἑκατέραν

2402 3447 2459 3500 δὲ
2503 3444 2815 3514 ἄνθρωπον·
2853 3438 3031 3507 πολλῷ
3065 3439 3261 3508 μᾶλλον
3292 3435 3383 3488 τοῦ
3431 3434 3774 3502 ἀνειληφότος
3817 3431 3992 3496 Θεοῦ,

2405 3537 2498 3590 καὶ
2534 3532 2932 3603 ἀναληφθέντος
2972 3526 3260 3597 ἀνθρώπου
3282 3564 3295 3587 ,
3328 3524 3423 3586 τὰς
3459 3523 3567 3574 τῶν
3601 3521 3816 3590 φύσεων
3857 3521 3993 3573 ἰδιό-

2403 3641 2570 3694 τητας
2622 3620 2906 3691 γνωρίζειν
2960 3617 3201 3684 εὔλογον.
3246 3614 3585 3684 Εὑρίσκομεν
3632 3611 3687 3662 δὲ
3741 3610 3839 3662 καὶ
3898 3610 3994 3661 τὸν

2410 3715 2678 3786 μακάριον
2723 3709 2954 3771 Παῦλον,
2981 3707 3072 3757 τὸν
3119 3705 3223 3755 ἕνα
3265 3703 3550 3772 ἄνθρωπον
3593 3702 3671 3762 είς
3717 3698 3811 3750 δύο
3842 3698 3992 3749 διαι-

2409 3807 2605 3877 ροῦντα
2630 3800 2968 3872 ἀνθρώπους,
3000 3797 3095 3850 καὶ
3128 3794 3260 3848 ποτὲ
3295 3794 3391 3862 μὲν
3411 3792 3636 3858 λέγοντα
3661 3807 3673 3819 ·
3721 3791 3927 3841 ι”Οσον
3963 3791 3993 3839 6

2407 3898 2510 3962 ἔξω
2539 3895 2821 3964 ἄνθρωπος
2847 3890 3148 3959 φθείρεται,
3182 3883 3432 3938 τοσοῦτον
3470 3885 3498 3936 6
3529 3880 3729 3936 ἔσωθεν
3753 3880 3990 3931 ἀνακαι-

2407 3989 2622 4043 νοῦταν
2660 4007 2678 4039 ι
2727 3984 2855 4038 ποτὲ
2882 3982 2969 4034 δέ’
3038 4000 3054 4030 ι
3088 3978 3394 4046 Συνήδομαι
3431 3974 3509 4043 τῷ
3547 3973 3696 4042 νόμῳ
3723 3968 3814 4022 τοῦ
3846 3968 3990 4021 Θεοῦ

2408 4083 2549 4133 κατά
2577 4079 2666 4131 τὸν
2700 4078 2808 4129 ἔσω
2838 4073 3122 4142 ἄνθρωπον
3144 4087 3156 4102 ⁸
3197 4089 3214 4120 ι
3250 4068 3343 4120 καὶ
3372 4063 3524 4127 αὖθις
3545 4081 3557 4094 ·
3594 4083 3610 4112 ι
3637 4065 3727 4123 Εἰς
3759 4061 3854 4113 τὸν
3881 4060 3991 4112 ἔσω

2409 4172 2690 4242 ἄνθρωπον
2731 4167 3050 4234 κατοικῆσαι
3079 4163 3166 4215 τὸν
3195 4159 3445 4228 Χριστόν.
3479 4175 3496 4206 ι
3525 4157 3585 4208 Εἰ
3614 4155 3670 4206 δὲ
3694 4155 3790 4222 τὴν
3823 4168 3991 4219 φυσι-

2409 4266 2510 4334 κὴν
2553 4260 2848 4328 συνάφειαν
2878 4255 2984 4306 τῶν
3011 4252 3358 4321 ὁμοχρόνωντ
3395 4246 3609 4315 φύσεων
3656 4245 3684 4297 6
3721 4243 3990 4334 Ἀπόστρ-

2409 4329 2497 4416 λος
2526 4339 2741 4422 διαιρεῖ,
2774 4348 2888 4410 πῶς
2919 4342 3172 4403 ἀσεϐείας
3203 4338 3473 4410 γράφεται
3494 4337 3618 4396 τοὺς
3643 4333 3712 4384 τὰ
3741 4332 3851 4383 ἴδια
3879 4329 3990 4382 τῶν

2412 4419 3010 4512 φύσεων-διαιροῦντας
3059 4431 3153 4484 τοῦ
3203 4426 3532 4501 προαιωνίου
3566 4423 3724 4485 Θεοῦ,
3766 4421 3865 4472 καὶ
3895 4419 3990 4472 τοῦ

2415 4539 2499 4590 ἐπ’
2534 4531 2814 4603 ὲσχάτωνδ
2852 4526 2957 4577 τῶν
2987 4521 3209 4593 ἡμερῶν
3244 4517 3639 4588 ἀναληφθέντος
3673 4512 3988 4582 ἀνθρώπου,

2413 4631 2441 4681 ὁ
2472 4627 2568 4696 τὴν
2601 4623 2794 4692 κρᾶσιν
2821 4619 2950 4686 ἡμῖν
2969 4617 2986 4652 ί
3022 4613 3088 4666 δι’
3118 4611 3316 4682 ἑτέρων
3345 4607 3620 4677 ὀνομάτων
3651 4604 3955 4664 διδάσκων,

2873 4908 3178 4976 Ἀπολογία
3227 4905 3547 4971 Κιφίλλου.

2495 5028 2683 5097 Ἀθρει
2734 5025 2796 5093 δὴ
2831 5019 2941 5084 οὖν,
2970 5023 3114 5080 ὅπως
3137 5027 3161 5052 υ
3197 5018 3225 5068 6
3260 5017 3530 5082 πάνσοφος
3559 5002 3712 5072 οὗτος
3768 5008 3989 5076 πρῶτον

2426 5125 2522 5192 μὲν
2581 5123 2637 5172 τὸ
2691 5115 3007 5185 ἁσυμφανὲς
3053 5112 3160 5163 τῶν
3212 5107 3516 5178 εἰρημένων
3569 5100 3991 5169 καταψεύδεται,

2424 5216 2636 5281 ἀφεγγῆ
2681 5212 2734 5262 δὲ
2784 5209 2876 5259 καὶ
2927 5203 3205 5273 σκοτεινὴν
3246 5201 3343 5268 τὴν
3372 5199 3607 5250 διάνοιαν
3639 5193 3776 5264 ἔχων
3806 5193 3991 5249 αὐτὸς.

2426 5305 2697 5362 σκοτεινὸν
2723 5298 2860 5355 εἷναί
2889 5316 3025 5368 φησι
3067 5297 3155 5348 τὸν
3196 5293 3336 5346 οὕτω
3367 5286 3623 5356 διαφανῆ,
3653 5284 3747 5337 καὶ
3793 5285 3908 5344 τοῖς
3935 5273 3987 5329 εὖ

821 5483 864 5518 ⁷⁸
908 5480 1134 5550 Philipp.
1173 5495 1233 5541 ιι,
1266 5480 1315 5531 7.
1395 5479 1433 5506 ⁷⁷
1477 5475 1518 5530 ll
1554 5478 1677 5539 Cor.
1710 5491 1780 5539 iv,
1831 5472 1911 5528 l6.
1990 5473 2032 5502 ⁷⁸
2075 5471 2231 5524 Rom.
2264 5483 2292 5520 v

2402 5464 2478 5518 22.
2557 5461 2600 5491 ⁷⁹
2643 5457 2840 5526 Ephes.
2874 5471 2958 5517 Ill,
2992 5453 3075 5505 l7.

1815 5629 1990 5684 Variae
2023 5626 2278 5681 lectiones
2307 5639 2369 5679 ex
2395 5624 2578 5678 codice
2606 5616 2977 5686 Seguicriano.

825 5786 851 5826 κ
885 5785 1102 5836 πάντων
1123 5782 1453 5847 ἀϐουλήτως.
1544 5777 1815 5844 ιάνάγκῃ.
1893 5782 1930 5809 ω
1960 5769 2300 5847 ὑποδέχετξι.
2387 5775 2411 5803 ο
2439 5766 2650 5847 ἕινωσις.
2732 5767 2754 5791 ο
2779 5753 3137 5828 διῃρημένων.
3187 5760 3211 5799 F
3245 5737 3673 5817 προσλαμϐάνει.
3754 5749 3780 5788 τι
3813 5734 3984 5792 ὡσαύ-

757 5875 860 5919 τως
882 5854 1180 5925 ὁμολογεῖν.
1263 5853 1625 5920 τομοφρόνων
1722 5856 1739 5880 ⁵
1781 5847 2027 5914 ἐσχάτου.

2110 5840 2319 5907 ’ἡμᾶς

2400 5849 2421 5874 υ
2453 5835 2536 5904 δὴ,
2563 5834 2732 5892 ὅπως.
