4108 6474
720 407 824 465 407
1703 412 1758 464 S.
1799 412 2068 468 CYBILLI
2103 411 2569 467 ALEXANDRINI
2611 413 2918 468 ARCHIEP.
3866 399 3976 451 408

721 543 845 581 mus
875 536 925 580 et
959 527 1222 590 sitiamus,
1266 539 1456 584 natura
1502 531 1568 584 ad
1615 531 1717 586 hoc
1765 541 2014 596 vocante,
2064 531 2277 586 etiamsi
2313 540 2343 594 Α

2354 578 2356 590 .
2386 531 2544 601 δίψαν
2577 532 2932 601 εἰσδέχεσθαι,
2968 529 3234 598 καλούσης
3263 528 3341 589 εἰς
3371 522 3524 577 τοῦτο
3569 523 3666 589 τῆς
3716 515 3976 586 φύσεως,

722 619 842 684 quis
873 616 1027 671 nolit.
1061 619 1219 686 Atqui
1271 623 1579 689 oportebat,
1624 623 1796 677 virum
1831 623 2081 692 peritum,
2122 634 2174 676 et
2225 623 2276 676 in

2385 619 2487 674 κᾶν
2509 622 2556 672 εί
2583 620 2655 690 μὴ
2681 620 2919 689 βούλοιτό
2944 636 3046 682 τις.
3063 616 3203 670 Ἀλλ’
3227 611 3295 685 ἦν
3322 610 3511 680 ἀνδρὸς
3539 604 3858 676 εύμαθοῦς,
3881 604 3979 655 καὶ

721 709 807 762 his
839 720 1071 761 mentem
1095 710 1449 766 exercitatam
1484 714 1792 774 habentem,
1819 712 1982 766 etiam
2026 727 2111 766 res
2148 712 2276 764 soli-

2383 712 2720 781 ἠκονημένον
2741 711 2952 779 ἔχοντος
2973 711 3050 771 είς
3078 706 3248 760 ταῦτα
3267 704 3356 756 τὸν
3383 699 3526 760 νοῦν,
3549 695 3734 750 καὶτὰ
3759 692 3979 764 στερρὰ

723 798 822 853 das
855 798 1057 861 videre.
1089 815 1209 869 quae
1241 802 1433 856 merito
1466 803 1688 870 majoris
1721 803 1880 872 213
1916 803 2064 872 pensi
2102 813 2278 857 erant.

2380 800 2491 853 τῶν
2534 802 2875 870 πραγμάτων
2912 801 3055 860 ἰδεῖν,
3083 799 3119 851 ἂ
3150 796 3245 849 καὶ
3279 794 3438 861 λόγου
3475 789 3717 849 πλείονος
3763 784 3980 848 ἀξιοῖτο

721 888 856 943 Nam
889 891 931 944 si
966 905 1153 943 verum
1187 903 1292 954 est,
1323 894 1463 960 quod
1512 894 1674 947 homo
1703 896 1996 947 secundum
2029 901 2277 946 naturam

2383 888 2448 942 ἂν
2481 891 2722 953 εἰκότως.
2755 891 2816 942 Ei
2866 891 2974 959 γὰρ
3018 890 3118 942 οὐκ
3164 883 3422 955 ἀληθὲςί,
3453 883 3534 935 ὅτι
3576 876 3810 947 λογικός
3859 878 3978 926 εστι

722 981 794 1032 sit
847 978 1146 1045 rationalis,
1191 995 1321 1050 ergo
1385 991 1580 1050 praeter
1625 982 1957 1036 voluntatem
2005 990 2060 1035 et
2096 990 2282 1036 coacte

2382 985 2526 1038 κατὰ
2578 983 2740 1052 φύσιν
2792 983 2821 1035 6
2877 980 3200 1048 ἄνθρωπος,
3255 975 3361 1043 ἄρα
3417 971 3733 1040 ἀϐουλήτως
3787 975 3814 1014 8
3881 966 3977 1016 καὶ

723 1078 806 1121 est
839 1069 1141 1122 rationalis.
1176 1070 1312 1136 Quid
1337 1072 1552 1125 autem?
1577 1073 1662 1125 dic
1696 1072 1849 1137 mihi,
1880 1072 2018 1126 Deus
2040 1073 2278 1126 omnium

2382 1073 2814 1143 ὴναγκασμένως
2847 1072 2962 1124 ἐστὶ
2989 1067 3222 1136 λογικός.
3255 1066 3320 1117 Τί
3352 1063 3437 1127 δέ;
3473 1062 3593 1113 εἰπέ
3638 1075 3732 1128 μοι
3757 1097 3773 1119 ,
3816 1057 3918 1107 καὶ
3952 1056 3979 1103 ὁ

723 1172 904 1212 annon
959 1161 1253 1213 secundum
1283 1170 1528 1214 naturam
1561 1171 1642 1215 est
1667 1160 1842 1216 Deus?
1883 1177 2060 1216 annon
2089 1176 2284 1217 secun-

2383 1164 2492 1218 τῶν
2525 1164 2661 1218 ὅλων
2693 1163 2844 1227 Θεὸς,
2876 1161 2934 1214 οὐ
2983 1159 3122 1213 κατὰ
3167 1156 3325 1226 φύσιν
3360 1154 3477 1206 ἐστὶ
3512 1150 3684 1212 Θεός;
3719 1148 3789 1198 οὐ
3828 1144 3977 1197 κατά

723 1249 848 1303 dum
877 1258 1124 1304 naturam
1157 1259 1241 1304 est
1271 1260 1513 1314 sanctus,
1545 1253 1744 1320 justus,
1777 1252 1970 1314 bonus.
2010 1254 2139 1318 vita,
2168 1254 2279 1315 lux,

2385 1257 2546 1324 φύσιν
2597 1254 2770 1322 ἅγιος,
2827 1253 3050 1314 δίκαιος,
3105 1248 3327 1319 ἀγαθὸς,
3379 1244 3512 1314 ζωὴ,
3563 1241 3713 1309 φῶς,
3778 1236 3974 1303 σοφία.

722 1338 987 1404 sapientia
1015 1349 1070 1393 et
1093 1339 1303 1394 virtus?
1331 1337 1468 1393 Num
1500 1341 1663 1409 igitur
1696 1344 1811 1408 ipse
1841 1354 2056 1408 quoque
2085 1351 2283 1408 praeter

2387 1350 2480 1401 καὶ
2524 1347 2782 1415 δύναμις;
2824 1340 2950 1412 Ἆρ’
2980 1340 3073 1395 οὖν
3124 1342 3219 1394 καὶ
3269 1336 3431 1398 αὐτὸς
3488 1332 3816 1399 ἀϐουλήτως
3884 1327 3978 1377 καὶ

722 1427 1056 1482 voluntatem
1080 1437 1134 1482 et
1163 1439 1346 1484 coacte
1369 1438 1454 1484 est
1475 1429 1617 1499 quod
1650 1430 1776 1483 est?
1798 1431 1866 1483 At
1897 1444 2045 1491 vero,
2068 1430 2281 1498 opinor,

2385 1440 2461 1502 ὼς
2499 1439 2557 1504 ἐξ
2603 1439 2847 1506 ἀνάγκης
2879 1435 3026 1488 ἐστὶν
3056 1433 3090 1486 ἆ
3129 1435 3305 1494 ὲστινς
3353 1425 3513 1488 Ἀλλ’,
3543 1419 3719 1492 οἶμαι,
3770 1418 3839 1471 τὸ
3885 1417 3977 1468 οῦ-

722 1517 800 1570 sic
822 1516 955 1572 velle
978 1533 1188 1588 sapere,
1209 1533 1470 1573 summam
1491 1521 1815 1574 dementiam
1837 1534 1938 1572 non
1957 1519 2188 1573 obscure
2206 1535 2285 1572 ar-

2387 1547 2493 1592 τως
2574 1529 2790 1582 ἑλέσθαι
2863 1527 3078 1596 φρονεῖν
3153 1525 3252 1593 τῆς
3327 1521 3405 1582 είς
3485 1514 3635 1584 λῆξιν
3717 1508 3977 1578 ἡκούσης

722 1623 885 1672 gnere
908 1609 1120 1676 poterit.
1142 1609 1280 1676 Quid
1295 1611 1456 1679 igitur
1471 1610 1624 1664 nobis
1644 1609 2006 1674 mendacium,
2031 1619 2283 1678 tanquam

2389 1617 2786 1689 ἐμϐροντησίας
2847 1616 2945 1668 οὐκ
3017 1609 3342 1680 ἀσυμφανὴς
3409 1606 3626 1672 ἔλεγχος
3695 1600 3769 1652 ἂν
3864 1596 3972 1689 εἴη·

725 1713 935 1752 murum
957 1699 1418 1769 inexpugnabilem
1436 1710 1491 1756 et
1515 1701 1769 1755 invictum
1794 1701 2046 1769 opponit?
2069 1710 2123 1755 et
2148 1700 2285 1755 adeo

2390 1685 2457 1762 'lii
2500 1685 2690 1760 *τοίνυν
2742 1708 2874 1776 ἡμῖν
2919 1704 2992 1766 ὡς
3043 1702 3252 1773 ἄμαχόν
3296 1716 3352 1751 τε
3387 1699 3411 1737 ιι
3467 1694 3560 1748 καὶ
3598 1685 3975 1776 δυσκαταγω·

726 1787 937 1842 inlirtna
986 1790 1314 1858 problemata
1357 1799 1573 1854 tractat,
1619 1801 1673 1845 et
1713 1793 1936 1846 audiens
1983 1792 2282 1846 naturalem
2317 1857 2348 1865 _

2389 1816 2566 1852 νιστον
2627 1797 2975 1865 ἐπιτείχισμα
3043 1793 3276 1844 ποιεῖται
3320 1789 3381 1839 τὸ
3427 1783 3642 1853 ψεῦδος,
3703 1778 3808 1832 καὶ
3865 1774 3973 1865 τῷν

725 1876 920 1930 factam
949 1891 1067 1931 esse
1092 1879 1365 1944 unionem,
1396 1880 1446 1932 id
1477 1888 1559 1933 est
1590 1893 1790 1945 veram,
1827 1891 1882 1934 et
1914 1882 2284 1935 conversionis
2317 1857 2347 1910 Ε

2354 1869 2533 1943 ἱοὕτω
2578 1887 2793 1957 σαθρῶν
2839 1886 3071 1937 ἅπτεται
3121 1877 3542 1952 προϐλημάτων.
3589 1872 3682 1924 καὶ
3721 1864 3976 1957 (pudt-acip;

722 1975 1029 2033 expertem,
1087 1967 1535 2036 inconfusumque
1593 1972 1814 2025 omnino
1861 1971 2284 2024 substantiarum

2388 1982 2603 2034 ἀκούων
2642 1954 2893 2047 γενέσθαι
2933 1977 3032 2046 τὴν
3079 1973 3292 2030 ἕνωσιν,
3319 1966 3564 2017 τουτέστι
3610 1959 3722 2047 τὴνΔ
3747 1954 3971 2047 ἀληθη,

722 2070 1066 2122 concursum,
1103 2067 1333 2112 attentat
1363 2068 1607 2113 evertere
1637 2061 1743 2114 vim
1788 2061 2075 2125 dictorum,
2117 2063 2185 2115 ita
2229 2071 2287 2114 ut

2388 2074 2481 2124 καὶ
2517 2041 2723 2136 τροπῆς
2751 2041 3060 2133 ἐλευθέραν,
3084 2061 3177 2112 καὶ
3206 2055 3509 2123 ἀσύγχυτον
3543 2044 3834 2136 παντελῶς
3864 2041 3973 2136 των

720 2147 970 2199 videatur
997 2159 1102 2200 non
1133 2161 1253 2202 esse
1283 2158 1432 2200 recte
1466 2147 1629 2210 facta,
1675 2151 1771 2201 sed
1800 2151 2100 2203 secundum
2133 2153 2287 2204 simi-

2391 2133 2740 2210 ὑποστάσεων
2770 2152 3006 2214 σύνοδον,
3061 2146 3411 2219 περιτρέπειν
3457 2139 3712 2209 πειρᾶται
3747 2133 3866 2187 τῶν
3896 2133 3974 2182 εἰ·

720 2235 1024 2298 litudiuem,
1065 2249 1186 2304 qua:
1224 2237 1280 2289 in
1322 2238 1476 2289 nobis
1518 2236 1638 2289 est?
1668 2236 1778 2290 Nec
1812 2235 2067 2290 formidat
2111 2238 2285 2292 audax

2394 2247 2642 2319 ρημένων
2672 2245 2769 2315 τὴν
2798 2242 3047 2310 δύναμιν,
3093 2242 3172 2302 είς
3204 2238 3265 2290 τὸ
3305 2235 3380 2306 μὴ
3404 2232 3580 2302 ὀρθῶς
3628 2222 3972 2319 ττεποιῇσθαι

721 2324 1122 2379 inevitabilibus
1135 2326 1548 2380 necessitatibus
1561 2326 1993 2395 suhjicereVerbi
2013 2338 2284 2386 naturam.

2388 2312 2562 2390 δοκεῖν
2594 2312 2756 2390 καθ’Ἵί
2789 2333 3080 2403 ὁμοιότητα
3111 2331 3212 2398 τὴν
3243 2325 3379 2396 πρὸς
3409 2323 3591 2393 ὴμᾶςς
3621 2319 3693 2372 Οὐ
3734 2315 3921 2368 δέδιεν
3945 2312 3972 2361 6

721 2413 1034 2468 Exiuauivit
1077 2414 1425 2482 semetipsum
1463 2429 1568 2469 non
1617 2417 1819 2486 absque
1853 2417 2159 2483 voluntate;
2192 2420 2285 2473 sed

2391 2429 2592 2497 θρασὺς
2620 2425 2878 2493 ἀφύκτοις
2908 2423 3176 2490 ἀνάγκαις
3203 2418 3302 2486 τὴν
3325 2414 3419 2467 τοῦ
3445 2413 3617 2478 Λόγου
3643 2407 3819 2497 φύσιν
3842 2404 3973 2497 ὑπο-

725 2501 1026 2556 voluutarie
1047 2500 1367 2569 Unigenitus
1392 2499 1563 2555 factus
1587 2512 1668 2556 est
1701 2504 1880 2566 homo,
1911 2511 1963 2558 et
1991 2519 2120 2570 non,
2149 2507 2290 2560 sicut

2390 2494 2574 2580 τιθείς.
2615 2516 2936 2569 Κεκένωκεν
2964 2511 3154 2566 ἑαυτὸν
3189 2509 3288 2561 οὐκ
3320 2502 3658 2572 ἀϐουλήτως,
3694 2494 3821 2550 ἀλλ’
3853 2495 3972 2546 ὲθε-

724 2599 780 2643 ιιι
805 2591 960 2655 dicis,
985 2591 1227 2661 suscepit
1251 2593 1545 2656 hominem,
1563 2593 1982 2648 habitudinalem
2006 2596 2214 2650 donans
2236 2597 2286 2650 ei

2390 2611 2578 2678 λοντὴς
2618 2610 2646 2660 6
2676 2604 2984 2673 Μονογενὴς
3025 2601 3247 2670 γέγονεν
3277 2596 3582 2667 ἄνθρωπος,
3613 2589 3709 2644 καὶ
3732 2589 3860 2656 οὐχ,
3899 2584 3974 2678 (ῦς

721 2679 1142 2749 copulationem,
1173 2683 1561 2753 [iliationisqne
1591 2687 1761 2754 gratia
1812 2700 2106 2750 coronans,
2147 2689 2288 2742 sicut

2393 2705 2455 2754 σὺ
2488 2674 2611 2771 φης,
2647 2697 2904 2752 ἀνέλασεν
2947 2695 3254 2764 ἄνθρωπον,
3291 2685 3547 2758 σχετικὴν
3576 2681 3729 2750 αὐτῷ
3759 2674 3971 2771 δωρού-

721 2788 840 2827 nos.
874 2771 1058 2844 Itaque
1082 2774 1206 2828 licet
1237 2791 1333 2831 nos
1365 2776 1750 2845 intelligamus,
1785 2777 1964 2832 unitas
2003 2793 2124 2832 esse
2165 2780 2292 2833 sub-

2393 2767 2668 2864 pevogvtqv
2716 2791 3029 2856 συνάφειαν,
3084 2785 3177 2836 καὶ
3209 2783 3274 2850 τῇ
3321 2779 3420 2847 τῆς
3463 2777 3742 2864 υίότητοςΔ
3776 2767 3968 2864 χμάριτι

723 2864 976 2931 stantias,
992 2865 1366 2936 hominemque
1380 2867 1577 2921 factum
1596 2869 2004 2922 et'incarnatum
2023 2882 2141 2923 esse
2157 2869 2290 2924 Ver-

2392 2855 2690 2952 στεφανιῦν,
2714 2878 2964 2948 καθάπερ
2986 2875 3131 2945 ἡμᾶς
3148 2889 3165 2907 ο
3184 2873 3322 2926 ὥστε
3353 2867 3455 2921 κᾶν
3481 2863 3692 2933 νοῶμεν
3719 2855 3973 2952 lpida—neat

725 2958 873 3021 hum,
897 2965 952 3011 et
978 2957 1221 3010 videatur
1255 2957 1653 3026 quodammodo
1681 2959 1972 3012 secundum
1999 2960 2101 3015 hoc
2130 2970 2287 3015 natu-

2390 2977 2485 3036 τὰς
2501 2947 2862 3033 ἰὺποστάσεις,
2901 2947 3320 3035 ὲνανθρωπῆσαί
3352 2974 3412 3010 τε
3457 2955 3552 3009 καὶ
3598 2947 3967 3022 σαρκωθῆναι

726 3046 858 3101 ralis
889 3047 995 3101 dici
1033 3063 1061 3101 a
1103 3047 1258 3102 nobis
1308 3050 1459 3114 unio,
1502 3060 1560 3104 ut
1590 3051 1822 3119 expellat
1857 3068 1960 3105 non
2010 3068 2192 3107 veram
2238 3064 2292 3108 et

2391 3067 2482 3118 τὸν
2507 3064 2697 3132 Λόγον,
2717 3062 2814 3115 καὶ
2837 3061 2967 3129 δοκῇ
2989 3073 3105 3118 πως
3131 3052 3273 3107 κατὰ
3301 3049 3458 3103 τοῦτο
3485 3043 3687 3115 φυσικὴ
3708 3037 3974 3132 λέγεσθαι

727 3136 1173 3202 habitudinalem,
1204 3153 1365 3206 quam
1410 3155 1506 3195 nos
1549 3155 1644 3209 per
1680 3141 1839 3196 [idem
1894 3151 1947 3195 et
1981 3144 2288 3196 sanctiﬁca-
2317 3175 2349 3231 (Ξ

2352 3177 2359 3228 ι
2395 3157 2523 3225 παρ’
2544 3127 2702 3224 ἡμῶν
2724 3154 2756 3222 ή
2777 3127 2990 3212 ἒνωσις,
3011 3148 3109 3217 τὴν
3133 3146 3232 3197 οὐκ
3256 3141 3431 3210 ἀληθῆ
3464 3155 3547 3231 ’τεΔ
3575 3135 3668 3231 καί
3705 3127 3974 3231 σχετικὴν

731 3227 933 3282 tionem
967 3228 1298 3295 habuimus;
1327 3231 1451 3299 quia
1483 3232 1678 3285 divinae
1706 3243 1911 3287 natura:
1951 3233 2078 3287 facti
2104 3249 2290 3288 sumus
2320 3217 2353 3231 ν

2353 3217 2359 3228 Ι
2393 3217 2729 3298 ὲκδάλλέουσα
2746 3217 2771 3306 1,
2803 3241 2870 3311 ἢν
2908 3240 3069 3308 ἡμεῖς
3103 3235 3420 3303 ἐσχήκαμεν
3471 3228 3564 3281 διὰ
3596 3225 3840 3282 πίστεως
3881 3217 3975 3311 καὶ

725 3329 1004 3375 consortes
1025 3319 1107 3384 “,
1165 3320 1305 3375 sicut
1348 3323 1521 3390 inquit
1565 3323 1807 3377 Paulus:
1848 3341 1866 3374 ι
1897 3323 2000 3391 Qui
2053 3325 2293 3378 adhaeret

2394 3333 2694 3405 ἀγιασμοῦ,
2713 3314 2795 3387 δτι
2815 3306 2909 3384 καὶ
2930 3306 3082 3390 θείας
3117 3325 3332 3394 φύσεως
3365 3319 3672 3388 γεγόναμεν
3697 3306 3972 3405 κοινωνοὶ,

727 3409 954 3464 Domino
1001 3425 1139 3464 unus
1183 3412 1406 3479 spiritus
1437 3423 1520 3467 est
1542 3413 1624 3478 ll';
1654 3432 1672 3464 1
1713 3428 1818 3466 non
1855 3422 2033 3466 tamen
2076 3415 2294 3482 suhjicit

2400 3399 2494 3477 καὶ
2529 3399 2672 3476 καθά
2697 3422 2710 3471 i
2752 3436 2914 3490 φησιν
2945 3421 2974 3472 6
3005 3417 3234 3477 Παῦλος·
3273 3433 3289 3464 ι
3312 3412 3371 3464 ’0
3402 3406 3739 3475 κολλώμενος
3766 3401 3850 3470 τῷ
3868 3399 3978 3450 Κυ-

729 3500 1141 3555 necessitatibus
1179 3510 1232 3555 et
1265 3501 1512 3566 imperiis
1547 3512 1753 3555 natura:
1785 3503 1912 3555 illud
1945 3502 2292 3557 aifectionum

2408 3516 2527 3587 ρίῳ,
2557 3514 2615 3567 ἓν
2647 3512 2866 3580 πνεῦμά
2894 3512 3042 3562 ἐστιν
3062 3526 3074 3537 ·
3115 3526 3132 3557 1
3178 3506 3294 3558 ἀλλ’
3328 3503 3427 3570 οὐχ
3458 3496 3782 3587 ὑποτίθησιν
3811 3491 3977 3587 qua?

728 3605 923 3658 expers
956 3600 1011 3643 et
1044 3591 1268 3646 liberum
1311 3591 1401 3645 Dei
1439 3592 1670 3647 Verbum
1703 3610 1715 3645 :
1749 3594 1893 3647 nolle
1935 3603 2114 3647 autem
2147 3595 2295 3648 unita

2397 3577 2522 3667 καις
2578 3603 2671 3657 καὶ
2699 3577 3030 3664 πλεονεξίαις
3057 3597 3314 3666 φυσικαῖς
3335 3593 3425 3645 τὸν
3462 3587 3651 3656 ἀπαθῆ
3684 3585 3782 3636 καὶ
3824 3577 3977 3667 ἐλεύ-

729 3689 850 3749 post
884 3681 1134 3733 unionem
1174 3682 1226 3733 in
1265 3682 1369 3734 duo
1399 3684 1640 3750 separari
1673 3684 1890 3749 debere,
1927 3702 2039 3739 mea
2075 3697 2295 3740 senten-

2398 3695 2555 3764 θερον
2583 3691 2677 3744 τοῦ
2710 3690 2846 3743 Θεοῦ
2878 3689 3071 3757 Λόγον.
3119 3686 3192 3737 Τὸ
3216 3682 3272 3736 δέ
3298 3698 3361 3749 γε
3393 3679 3468 3748 μὴ
3495 3676 3672 3764 θέλειν
3703 3669 3855 3764 μετ-ἀΔ
3869 3666 3974 3764 τὴν

732 3772 807 3824 tia
870 3769 1092 3823 omnino
1145 3770 1622 3839 irreprebensihile
1674 3782 1758 3826 est
1825 3782 1879 3828 et
1933 3775 2295 3843 inculpabile,

2397 3755 2590 3836 ἕνωσιν
2619 3778 2945 3850 διαιρεῖσθαι
2970 3755 3135 3845 διχῇ1⁵
3187 3773 3254 3825 τὰ
3280 3768 3558 3840 ἡνωμένα,
3589 3763 3682 3817 καὶ
3725 3755 3977 3850 ἀλλήλων

734 3860 970 3914 maxime
996 3860 1119 3927 quia
1149 3859 1323 3914 bonus
1353 3861 1454 3914 iste
1485 3861 1860 3916 Theodoretus
1886 3863 2180 3931 hominem,
2205 3867 2295 3934 qui

2400 3871 2684 3940 ὲπιφοιτᾷν
2712 3843 2757 3930 1'.
2786 3869 2871 3936 εῐη
2902 3866 2988 3930 ἂν,
3132 3862 3196 3930 γέ
3233 3877 3324 3931 μοι
3371 3857 3658 3927 φαίνεται,
3693 3843 3975 3940 παντελιῦς

733 3964 870 4003 unus
895 3949 1058 4003 etiam
1086 3951 1379 4004 secundum
1408 3968 1505 4006 nos
1540 3955 1875 4024 intelligitur,
1913 3955 1962 4007 in
1995 3957 2297 4024 exemplum

2399 3937 2737 4023 dvuitai‘ctov,
2769 3959 2861 4012 καὶ
2897 3954 3089 4026 μώμου
3124 3950 3362 4023 μακρὰν,
3394 3945 3612 4018 μάλισθ’
3648 3945 3730 3995 ὅτι
3763 3940 3862 3992 καὶ
3884 3937 3974 4026 αύ-

732 4041 1047 4108 assumpsit,
1071 4050 1126 4092 et
1153 4041 1204 4093 in
1235 4041 1339 4095 duo
1362 4043 1527 4096 dividi
1568 4059 1672 4098 non
1706 4047 1833 4099 sinit
1870 4065 1882 4100 :
1909 4047 2155 4116 quamvis
2187 4047 2300 4116 ipsa

2399 4053 2489 4116 τὸς
2518 4055 2547 4106 6
2573 4050 2807 4122 χρηστὸς
2854 4025 3036 4101 ούτοσὶ
3073 4042 3398 4111 Θεοδώριτος
3446 4037 3540 4088 τὸν
3585 4035 3679 4086 ἕνα
3723 4033 3821 4084 καὶ
3855 4025 3976 4122 καθ’

735 4135 851 4195 eius
882 4131 1247 4188 consideratio
1283 4147 1403 4186 non.
1439 4135 1683 4203 repudiet
1708 4139 2050 4206 partitionem
2087 4146 2140 4190 et
2166 4138 2302 4192 divi-

2403 4117 2888 4216 ﬁpdcnvoodpevov
2939 4137 3225 4206 ἄνθρωπον
3260 4133 3340 4193 είς
3379 4126 3734 4199 παράδειγμα
3773 4117 3974 4216 λαθὼν,

739 4226 968 4294 sionem,
1000 4236 1256 4294 quantum
1297 4225 1362 4280 ad
1398 4228 1677 4281 sciendum
1728 4230 1942 4293 attinet,
1968 4229 2112 4298 quod
2155 4229 2300 4283 aliud

2402 4210 2501 4287 οῦκ
2535 4235 2599 4303 ἑᾷ
2625 4210 2919 4301 τέμνεσθαι
2955 4229 3078 4298 διχῇ
3101 4234 3140 4262 ω
3161 4241 3174 4253 ο
3201 4223 3377 4276 καίτοι
3410 4219 3510 4289 τῆς
3544 4216 3630 4269 ἐπ’
3663 4212 3817 4282 αύτῷ
3847 4210 3973 4303 θεωῖ

736 4317 954 4386 quidem
989 4317 1288 4371 secundum
1333 4329 1582 4370 naturam
1629 4327 1711 4373 est
1751 4320 1954 4385 anima,
1992 4297 2138 4374 aliud
2170 4334 2302 4374 vero

2407 4326 2528 4395 ρίας
2548 4297 2649 4377 ο-ὺκ
2674 4297 3317 4400 ἀπαράδεκτονὲχούσης
3348 4313 3445 4381 τὴν
3475 4307 3638 4400 οἱονεὶ
3663 4305 3864 4400 top-qv,
3885 4297 3977 4351 καὶ

736 4409 1030 4461 secundum
1063 4423 1215 4462 suam
1263 4419 1514 4465 naturam
1565 4426 1714 4466 caro.
1768 4413 1956 4481 itaque
2002 4415 2298 4468 secundum

2403 4393 2691 4487 διαίρεσιν,
2725 4393 2788 4466 τό
2813 4429 2875 4479 γε
2901 4406 3035 4482 ἧκον
3066 4410 3143 4471 είς
3177 4407 3237 4459 τὸ
3262 4402 3462 4458 ειδέναι
3486 4398 3651 4467 φημὶ,
3794 4393 3977 4487 ἕτερον

738 4499 968 4553 similem
1005 4499 1266 4554 rationem
1300 4500 1636 4568 inquirentes
1674 4503 1962 4571 diligenter
2011 4504 2262 4559 unionem
2287 4545 2301 4569 ,
2334 4500 2360 4555 ῐ

2352 4500 2376 4554 )
2411 4477 2623 4579 μέν’τοι
2648 4477 2686 4543 η’
2707 4477 2846 4558 κατά
2872 4477 3032 4572 φύσιν
3058 4499 3203 4553 ἐστὶν
3231 4499 3264 4566 ἡ
3293 4494 3462 4563 ψυχὴ,
3490 4485 3758 4579 ἓτερονδέ
3785 4501 3836 4579 τι
3861 4477 3974 4579 κατ’

738 4603 858 4656 quae
885 4589 937 4642 in
960 4587 1180 4642 Christo
1204 4588 1345 4643 facta
1375 4604 1495 4644 esse
1520 4591 1871 4661 intelligatur,
1909 4595 2304 4650 considerando

2410 4574 2546 4653 l6iav
2585 4596 2802 4665 φύσινὴ
2839 4593 2995 4664 σάρξ.
3034 4588 3242 4644 Οὐκοῦν
3272 4585 3414 4638 κατὰ
3451 4600 3514 4650 γε
3553 4581 3645 4633 τὸν
3677 4577 3801 4668 ἴσον
3824 4574 3976 4668 λόγον

739 4677 956 4747 quidem
1004 4678 1340 4732 divinitatem
1397 4687 1450 4731 et
1499 4679 1923 4749 humanitatem,
1977 4700 2300 4740 concursum

2410 4685 2992 4759 πολυπραγμονοῦντες
3017 4681 3114 4749 τὴν
3139 4679 3352 4735 ἕνωσιν,
3371 4674 3518 4743 ἥπερ
3542 4671 3608 4724 ἂν
3639 4669 3730 4720 ἐπὶ
3760 4667 3975 4759 Χριστος

739 4781 930 4821 verum
972 4767 1264 4820 secundum
1317 4766 1569 4821 unionem
1621 4769 1821 4823 factum
1861 4784 1983 4823 esse
2033 4774 2300 4839 dicimus;

2410 4751 2726 4847 πεπράχθαι
2756 4778 2960 4834 νοοῖτο,
3007 4775 3073 4841 τῇ
3126 4770 3223 4839 μὲν
3270 4766 3472 4835 θεωρίᾳ
3502 4759 3758 4830 θεότητός
3791 4773 3849 4847 τε
3889 4751 3977 4847 καὶ

742 4854 1037 4927 11011214
1072 4856 1403 4924 ignorantes,
1439 4858 1580 4926 quod
1626 4859 1769 4912 aliud
1812 4860 2092 4927 quiddam,
2139 4876 2302 4928 quam

2409 4844 2825 4937 ἀνθρωπότητος
2861 4864 3076 4918 σύνοδον
3117 4858 3289 4929 ἀληθῆ
3335 4856 3454 4909 καθ’
3499 4854 3692 4905 ἕνωσιν
3726 4844 3973 4937 γενέσθαι

743 4963 895 5011 caro,
924 4949 1216 5003 secundum
1256 4957 1504 5000 naturam
1537 4950 1606 5002 sit
1649 4949 1741 5004 Dei
1781 4948 2040 5018 Verbum,
2076 4961 2129 5004 et
2160 4955 2305 5005 aliud

2415 4929 2618 5025 φαμὲν.
2651 4929 2749 5007 οὐκ
2796 4951 3125 5023 ἠγνοηκότες
3154 4988 3168 5012 ,
3207 4949 3286 5001 ὅτι
3316 4946 3504 5013 ἕτερος
3535 4941 3632 5010 μὲν
3659 4937 3804 4992 κατά
3829 4941 3853 4968 ο

746 5056 936 5098 rursus
969 5039 1262 5094 secundum
1297 5053 1446 5093 suam
1484 5050 1734 5094 naturam
1777 5042 1850 5095 sit
1896 5057 2043 5095 caro.
2081 5041 2193 5096 Non
2228 5051 2309 5097 est

2418 5019 2594 5116 σάρκα
2628 5046 2767 5098 κατά
2820 5019 2979 5112 qrva
3007 5042 3152 5093 ἐστὶν
3183 5042 3211 5092 6
3242 5040 3306 5091 ὲκ
3335 5034 3470 5089 Θεοῦ
3499 5035 3688 5098 Λόγος,
3727 5028 3888 5096 ἑτέρα
3922 5019 3973 5072 δὲ

747 5142 926 5191 autem
960 5143 1151 5198 tuttim,
1179 5134 1346 5188 semel
1375 5135 1521 5186 unita
1552 5134 1855 5189 dissecare:
1895 5150 2068 5204 neque
2094 5138 2143 5187 in
2175 5136 2308 5189 duos

2416 5137 2482 5194 αὖ
2523 5140 2642 5192 κατ’
2685 5139 2818 5190 ἰδίαν
2854 5137 3014 5204 φύσιν
3047 5132 3174 5202 παρ’
3218 5130 3378 5184 αὑτὸν
3410 5130 3444 5197 ὴ
3472 5127 3627 5196 σάρξ.
3671 5116 3970 5204 ἘνωθέντᾹα

749 5229 887 5288 ﬁlios
918 5227 1160 5282 dividere
1197 5241 1361 5281 unum
1408 5225 1683 5280 Christum
1714 5235 1768 5280 et
1814 5225 2006 5281 Filium
2043 5239 2096 5281 et
2131 5227 2309 5282 Domi-

2416 5229 2473 5284 δὲ
2515 5228 2660 5297 ἅπαξ
2699 5201 3006 5298 διατέμνειν
3034 5201 3139 5278 οὐκ
3159 5219 3396 5291 ἀσφαλὲς
3420 5259 3434 5283 ,
3484 5213 3607 5269 οὕτε
3642 5213 3748 5283 μὴν
3776 5211 3851 5270 εἰς
3887 5201 3972 5256 δύο

820 5377 867 5412 ⁸¹
907 5379 946 5434 ll
979 5379 1122 5437 Petr.
1159 5398 1192 5442 ι,
1229 5381 1279 5433 4.
1358 5382 1400 5411 ⁸³
1444 5378 1459 5431 1
1492 5380 1596 5435 Cor
1646 5396 1694 5432 vt
1757 5381 1838 5432 l7.

1812 5533 1984 5596 Vat-ite
2014 5535 2269 5588 lectiones
2299 5547 2359 5586 ex
2393 5532 2578 5587 codice
2611 5528 2980 5600 Seguieriano.

821 5694 842 5736 ί
871 5695 957 5749 ισ.
995 5695 1042 5746 εί
1072 5692 1178 5761 γὰρ
1208 5690 1422 5761 ἀληθές.
1503 5691 1526 5728 ε
1551 5684 1640 5740 οὖν
1667 5689 1758 5739 καὶ
1784 5690 1940 5753 αὐτὸς
1970 5687 2282 5757 ἀϐούλητος.
2357 5686 2383 5727 ιι
2414 5704 2483 5743 τι.
2525 5687 2538 5728 ι
2580 5686 2671 5741 καὶ
2701 5684 2841 5739 καθ’.
2925 5681 2939 5732 i
2982 5680 3140 5737 καθά.
3220 5682 3244 5721 ι
3272 5680 3413 5750 δίχα.
3496 5681 3514 5717 ι
3542 5677 3629 5732 ισ.
3659 5669 3966 5746 cauponii”-

821 5764 1022 5837 ΙΙιδξχα.
1095 5771 1118 5799 ⁸
1152 5760 1240 5815 id.
1276 5760 1372 5831 μέν
1405 5776 1474 5813 τι.
1550 5769 1568 5788 °
1598 5761 1766 5827 παρά.
