4108 6526
196 407 283 461 ωε
798 415 1327 474 APOLOGETICUS
1368 420 1646 476 CONTRA
1687 421 2205 483 THEODORETUM
2252 428 2386 483 PRO
2422 430 2513 484 Xll
2554 429 2936 488 CAPITIBUS.
3358 434 3467 490 410

195 529 602 598 καταμερίζειν
639 535 823 597 υἱοὺς,
858 537 947 588 τὸν
976 536 1071 590 ἕνα
1110 540 1365 608 Χριστὸν,
1396 544 1489 595 καὶ
1524 543 1669 609 Υίδν,
1701 562 1771 597 κα

1902 562 2045 611 num,
2080 550 2330 617 cuiquam
2368 553 2629 620 permittit
2668 564 2827 606 recta:
2876 551 2999 607 fidei
3042 551 3204 617 ratio,
3245 552 3319 607 ita
3366 569 3468 609 nos

198 616 395 685 Κύριον
432 620 639 689 ὲφίησί
688 640 833 675 τισιν
865 628 892 677 ὁ
941 626 1037 695 τῆς
1081 628 1368 698 ὀρθότητος
1420 632 1611 699 λόγος,
1647 634 1771 687 παιδ

1903 651 2085 694 sancta
2130 616 2495 712 divinitusque
2538 645 2799 712 inspirata
2841 644 3121 715 Scriptura
3160 644 3467 700 erudiente.

204 710 528 778 αγωγούσης
555 714 719 781 ἡμᾶς
745 717 826 777 είς
847 716 1004 769 τοῦτο
1032 718 1131 787 τῆς
1154 721 1311 786 ἁγίας
1335 724 1425 773 καὶ
1443 724 1771 779 θεοπνεύστοη

1906 726 2008 781 Sed
2044 731 2197 798 plane
2227 732 2300 784 illi
2337 710 2526 803 exigua
2565 710 2692 787 cura
2736 744 2819 789 est
2866 735 2932 789 de
2964 710 3208 789 veritatis
3243 735 3465 804 dogma-

206 800 446 869 Γραφῆς.
483 802 665 855 Ἀλλά
697 805 806 874 γάρ
829 806 937 858 τῶν
978 808 1077 876 μὲν
1104 811 1201 878 τῆς
1231 811 1487 880 ἀληθείας
1509 813 1771 884 δογμάτωε

1906 820 2081 887 tibus;
2138 832 2192 876 et
2237 838 2340 877 non
2392 800 2649 879 mediocri
2707 826 2885 880 studio
2928 826 3123 895 refugit
3167 800 3468 896 intelligere

204 891 377 959 ὀλίγος
417 894 579 963 αὐτῷ
618 896 905 959 παντελῶς
934 899 961 950 6
992 898 1147 965 λόγος
1170 915 1182 927 '
1230 902 1318 953 καὶ
1362 903 1423 954 τὸ
1458 903 1654 956 ειδέναι
1696 905 1771 976 μέι

1904 910 2106 979 aliquid
2136 928 2345 980 eorum,
2373 931 2493 984 qua:
2529 916 2593 971 ad
2640 918 2926 972 utilitatem
2968 918 3273 974 necessaria
3319 927 3467 982 sunt,

206 1000 255 1034 τι
285 982 393 1035 τῶν
429 984 761 1051 ἀναγκαίων
813 990 894 1050 εἰς
937 989 1122 1058 ὄνησιν
1149 991 1209 1043 οὐ
1242 993 1479 1060 μετρίως
1516 994 1771 1048 ἀποσπου

1900 1002 2058 1055 sicuti
2087 1017 2147 1057 ea
2182 1019 2301 1071 quae
2334 1019 2531 1059 nocere
2567 1016 2827 1075 possunt;
2861 1011 3143 1062 mendaclo
3176 1018 3379 1073 autem,
3411 1016 3471 1061 ut

206 1071 451 1136 δάζεται,
491 1075 758 1146 καθάπερ
795 1095 844 1129 τι
892 1078 1000 1131 τῶν
1042 1080 1249 1132 ἀδικεῖν
1280 1084 1599 1151 πεφυκότων
1623 1100 1635 1113 '
1674 1088 1767 1138 ἐπι

1899 1103 2142 1160 apparet,
2178 1094 2459 1162 gloriatur,
2495 1098 2658 1151 etiam
2687 1098 2755 1151 ad
2789 1097 3227 1152 calumniandum
3258 1098 3463 1166 optime

209 1164 541 1233 σεμνύνεται
583 1167 639 1219 δὲ
692 1169 804 1231 καὶ,
851 1169 922 1231 ὡς
972 1171 1115 1233 είκὸς
1137 1182 1185 1233 P,
1225 1173 1301 1242 τῷ
1347 1174 1562 1241 ψεύδει,
1601 1177 1694 1230 καὶ
1734 1194 1771 1229 τι

1898 1182 2224 1249 instructus;
2280 1185 2467 1239 audiat
2522 1200 2553 1239 a
2602 1187 2754 1241 nobis
2787 1204 2800 1242 :
2838 1205 2855 1239 t
2889 1188 3025 1254 Quid
3086 1188 3339 1258 gloriaris
3412 1187 3467 1243 in

204 1253 408 1305 εἰδέναι
437 1260 823 1323 συκοφαντεῖν,
847 1255 907 1311 εὖ
948 1259 1091 1327 μάλα
1115 1263 1490 1332 κατωρθωκώς
1511 1282 1523 1295 υ
1548 1266 1793 1320 ἀκουέτω

1901 1274 2127 1337 malitia,
2187 1278 2414 1345 puteus?
2456 1277 2793 1347 iniquitatem
2824 1289 2931 1333 tota
2977 1280 3083 1345 die,
3138 1280 3465 1350 iniustitiam

206 1344 349 1432 πρὸς
373 1346 555 1415 ἡμῶν·
590 1365 607 1396 t
628 1347 693 1398 Τί
716 1350 963 1420 ὲγκαυχᾷ
985 1354 1038 1402 ἐν
1062 1353 1245 1423 κακίᾳ,
1270 1357 1296 1407 6
1317 1355 1557 1419 δυνατός;
1577 1360 1771 1428 ἀνομία

1912 1366 2164 1434 cogitavit
2192 1344 2371 1437 lingua
2407 1378 2493 1422 tua
2517 1344 2609 1423 δί’.

199 1434 339 1506 ὃλην
368 1439 471 1506 τὴν
493 1440 728 1510 ἡμέραν,
752 1442 965 1497 ἀδικίαν
996 1447 1277 1513 ἐλογίσατο
1303 1451 1336 1519 ἡ
1378 1450 1599 1517 γλῶσσά
1624 1470 1737 1508 σου.
1766 1472 1784 1504 t

642 1558 1233 1617 ΑΝΑΘΕΜΑΤΙΣΜΟΣ
1270 1567 1341 1618 A'.

272 1666 350 1717 Εἴ
376 1683 459 1729 τις
483 1671 795 1737 προσώποις
819 1675 994 1741 δυσὶν,
1025 1679 1191 1747 ἤγουν
1216 1680 1547 1733 ὑποστάσεσι
1569 1722 1583 1745 ,
1610 1684 1707 1746 τάς
1729 1701 1787 1736 τε

196 1757 260 1808 ὲν
297 1759 420 1820 τοῖς
449 1759 828 1828 εὑαγγελικοῖς
858 1766 950 1817 καὶ
977 1770 1356 1834 άποστολικοῖς
1390 1774 1788 1843 συγγράμμασι

2296 1572 2934 1629 ANATIIEMATISMUS
2975 1574 3061 1629 IV.

1973 1683 2028 1738 Si
2062 1685 2184 1753 quis
2225 1686 2435 1740 duabus
2480 1685 2727 1755 personis
2769 1687 2883 1738 sive
2934 1686 3313 1754 hypostasibus
3372 1702 3466 1742 eas

1900 1788 2056 1828 voces
2100 1776 2368 1837 attribuit,
2414 1790 2535 1843 qua:
2587 1775 2638 1827 in
2677 1774 3004 1843 evangelicis
3054 1782 3107 1829 et
3156 1777 3466 1842 apostolicis

192 1848 457 1919 διανέμει
512 1854 725 1921 φωνάς,
781 1858 813 1925 ἢ
863 1859 957 1912 ἐπὶ
1005 1862 1226 1932 Χριστῷ
1270 1865 1423 1935 παρά
1467 1865 1577 1918 τῶν
1622 1869 1771 1935 ἀγίωε

1900 1866 2200 1934 Scripturis
2229 1866 2427 1933 passim
2478 1874 2808 1927 occurrunt;
2864 1876 3051 1931 quaeve
3086 1880 3114 1917 a
3163 1866 3367 1919 sanctis
3395 1866 3464 1920 de

193 1937 511 2008 λεγομένας
531 1984 545 2005 ,
573 1942 604 2011 ἢ
636 1948 767 2014 παρ’
800 1948 966 2001 αὐτοῦ
1014 1954 1145 2022 περὶ
1175 1955 1365 2006 ἑαυτοῦ
1390 1972 1401 1985 ·
1433 1958 1527 2009 καὶ
1554 1958 1651 2020 τὰς
1690 1962 1787 2028 μὲν

193 2028 278 2091 ὡς
327 2029 601 2102 ἀνθρώπῳ
659 2036 811 2105 παρά
868 2038 958 2091 τὸν
1007 2042 1072 2092 ὲκ
1138 2044 1271 2093 Θεοῦ
1325 2048 1543 2115 Πατρός
1612 2050 1789 2116 Λόγον

202 2117 401 2181 ίδικῶς
439 2124 713 2192 νοουμένῳ
746 2129 1050 2194 προσάπτει
1079 2170 1094 2193 ,
1143 2132 1241 2192 τὰς
1279 2132 1334 2184 δὲ
1361 2134 1436 2195 ὡς
1465 2134 1790 2204 θεοπρεπεῖς

204 2209 364 2278 μόνῳ
388 2210 465 2280 τῷ
499 2213 563 2263 ἐκ
588 2212 722 2266 Θεοῦ
755 2216 968 2287 Πατρός
998 2220 1157 2289 Λόγῳ
1177 2238 1189 2250 ·
1222 2223 1471 2293 ἀνάθεμα
1502 2224 1661 2278 ἐστω.

618 2410 886 2481 Θεοδωρή
895 2431 1001 2468 του
1041 2415 1373 2488 ἀνατροπη.

271 2516 523 2586 Συγγενῆ
569 2520 666 2572 καὶ
705 2520 876 2575 ταῦτα
909 2527 1021 2588 τοῖς
1065 2526 1167 2597 ἥδη
1211 2528 1482 2598 λεχθεῖσι·
1534 2534 1783 2603 βούλεται

200 2606 338 2674 γὰρ,
369 2608 444 2669 ὠς
478 2608 729 2679 κράσεως
760 2616 1136 2688 γεγενημένης
1160 2658 1175 2683 ,
1209 2622 1476 2692 μηδεμίαν
1507 2622 1645 2680 εἶναι
1693 2629 1783 2682 λό-

201 2714 320 2763 γων
352 2698 616 2769 διαφορὰν
639 2742 654 2768 ,
687 2702 797 2755 τῶν
833 2706 891 2758 ὲν
920 2708 1032 2769 τοῖς
1063 2709 1231 2779 ἱεροῖς
1281 2713 1653 2784 Εὑαγγελίοις,
1692 2723 1784 2775 καὶ

202 2792 317 2851 τοῖς
374 2791 755 2858 ἁποστολικοῖς
800 2800 1229 2870 συγγράμμασιν
1281 2805 1635 2876 εἰρημένων,
1689 2814 1783 2866 καὶ

203 2878 400 2967 ταῦτα,
431 2882 688 2951 πολεμεῖν
720 2885 850 2949 ίσως
891 2888 1103 2960 Ἀρείῳ,
1131 2891 1225 2946 καὶ
1255 2893 1529 2967 Εὐνομίῳ,
1549 2901 1781 2966 καὶτοῖς

204 2966 411 3031 λοιποῖς
449 2972 831 3044 αἱρεσιάρχαις
862 2981 1279 3050 σεμνυνόμενος.
1324 2966 1548 3043 Είπάτω
1594 2993 1775 3046 τοίνυν

204 3059 233 3110 6
259 3059 369 3111 τῶν
398 3060 558 3115 θείων
586 3064 872 3135 δογμάτων
905 3068 1224 3136 διδάσκαλος
1251 3076 1486 3146 ἀκριϐὴς
1510 3120 1525 3145 ,
1557 3082 1677 3145 πῶς
1714 3084 1781 3137 ἂν

1896 1956 2138 2020 Christo,
2173 1956 2251 2009 vel
2284 1957 2350 2008 ab
2378 1956 2492 2022 ipso
2518 1970 2729 2023 quoque
2762 1954 2980 2008 Christo
3012 1954 3076 2007 de
3106 1956 3282 2023 seipso
3309 1957 3467 2010 diCliB

1894 2056 2049 2108 sunt;
2086 2055 2143 2098 et
2180 2046 2316 2099 alias
2341 2046 2557 2112 quidem
2602 2055 2658 2097 ut
2700 2045 2900 2097 homini
2932 2054 3181 2111 tanquam
3221 2060 3467 2100 seorsunt

1895 2148 1923 2182 a
1958 2133 2049 2185 Dei
2084 2133 2263 2186 Verbo
2295 2134 2641 2187 considerato
2694 2132 2947 2193 ascribit,
2992 2132 3125 2186 alias
3168 2148 3294 2187 vero
3347 2142 3468 2187 tan-

1895 2233 2053 2287 quam
2087 2220 2198 2273 Deo
2231 2224 2635 2285 convenientes,
2671 2222 2769 2274 soli
2806 2222 2979 2273 Patris
3011 2218 3187 2277 Verbo
3212 2226 3461 2294 adaptat;

1894 2312 2179 2364 anathema
2214 2310 2304 2364 sit.
3429 2297 3432 2301 ’

2332 2419 2640 2476 Theodoreti
2682 2424 3032 2491 reprehensio.

1963 2531 2102 2586 Sunt
2128 2543 2183 2586 et
2213 2534 2327 2589 haec
2357 2534 2462 2598 bis,
2496 2534 2746 2602 quaejam
2782 2536 2920 2590 dicta
2962 2546 3111 2602 sunt,
3146 2547 3375 2608 cOgnata
3407 2545 3466 2595 et

1892 2622 2173 2680 assintilia.
2210 2622 2330 2675 Vult
2364 2624 2529 2686 enim,
2571 2632 2828 2690 tanquam
2866 2624 3255 2692 temperatione
3298 2625 3462 2692 facta,

1893 2713 1945 2767 in
1981 2712 2344 2775 sermonibus,
2381 2713 2471 2779 qui
2501 2711 2555 2764 iu
2584 2713 2757 2764 sacris
2785 2710 3093 2780 Evangeliis
3121 2720 3176 2765 et
3206 2711 3463 2779 apostoli-

1890 2803 1971 2858 cis
2014 2803 2236 2872 scriptis
2276 2803 2403 2856 dicti
2444 2810 2589 2861 sunt,
2647 2802 2847 2856 nullam
2900 2816 3025 2857 esse
3073 2800 3461 2864 differentiam,

1890 2894 2051 2964 idque
2075 2893 2305 2949 fortasse
2331 2895 2398 2957 is,
2424 2895 2517 2964 qui
2542 2894 2804 2949 adversus
2823 2894 3011 2948 Arium
3039 2905 3093 2949 et
3117 2892 3463 2960 Eunomium,

1888 2995 1945 3041 et
1977 2994 2204 3041 caeteros
2231 2986 2627 3041 haeresiarchas
2666 3001 2725 3041 se
2762 3001 3003 3056 pugnare
3048 2987 3330 3055 gloriatur.
3371 2987 3465 3040 Di-

1889 3083 1978 3129 cat
2006 3075 2173 3144 igitur
2198 3074 2291 3128 ille
2339 3088 2619 3128 sacrorum
2665 3074 2977 3143 dogmatum
3016 3073 3464 3143 diligentissimus

203 3150 493 3265 διελέγξειε
519 3154 617 3225 τὴν
650 3156 757 3209 τῶν
781 3159 1073 3231 αίρετικῶν
1097 3163 1466 3238 βλασφημίαν,
1498 3173 1565 3228 τὰ
1586 3190 1771 3228 ταπει-

1888 3168 2102 3231 doctor,
2132 3166 2402 3236 quomodo
2450 3167 2827 3222 hmreticorum
2893 3168 3281 3235 blasphemiam
3340 3170 3464 3224 red-

204 3240 309 3304 νῶς
336 3242 443 3333 καὶ
488 3245 765 3314 ἁρμοδίως
797 3250 945 3319 παρά
971 3256 1071 3324 τῆς
1096 3255 1191 3309 τοῦ
1219 3256 1406 3312 δούλου
1442 3264 1661 3333 μορφῆς
1698 3267 1777 3319 ei-

208 3331 414 3429 P7i.l*éva
438 3371 451 3396 ν
626 3336 755 3429 Θεῷ,
792 3339 951 3412 Λόγῳ
994 3346 1348 3416 προσάπτων.
1392 3331 1623 3407 Ἐκεῖνοι
1672 3356 1780 3427 γὰρ

203 3422 358 3471 τοῦτο
385 3422 689 3489 ποιοῦντες,
719 3428 998 3493 ἐλάττονα,
1032 3435 1126 3485 καὶ
1161 3438 1385 3506 κτίσμα,
1417 3441 1510 3493 καὶ
1540 3422 1775 3513 ποίημα,

205 3511 296 3561 καὶ
321 3510 526 3577 δοῦλον,
549 3515 645 3566 καὶ
678 3516 737 3580 ἐξ
763 3519 862 3570 οὐκ
887 3520 1056 3575 ὄντων
1089 3525 1182 3576 τὸν
1206 3527 1334 3580 Υίὸν
1359 3530 1453 3583 τοῦ
1478 3531 1613 3586 Θεοῦ
1639 3510 1777 3589 εἶναι

202 3599 611 3669 δογματίζουσι.
644 3606 761 3659 Τίνι
783 3609 963 3663 τοίνυν
996 3616 1519 3683 ὴμεῖς,οίτάναντία
1546 3625 1777 3690 ἐκείνοις

204 3693 547 3762 φρονοῦντες,
565 3696 660 3749 καὶ
684 3699 969 3767 δμοούσιον
995 3699 1132 3758 εἶναι
1163 3707 1256 3760 καὶ
1282 3712 1550 3765 συναΐδιον
1566 3712 1641 3784 τῷ
1657 3716 1777 3787 Θεῷ

202 3786 293 3835 καὶ
325 3784 501 3855 Πατρὶ
527 3787 617 3839 τὸν
636 3789 764 3843 Υίὸν
788 3792 1197 3862 ὁμολογοῦντες,
1219 3799 1555 3872 δημιουργόν
1581 3823 1641 3858 τε
1666 3784 1775 3862 τῶν

201 3875 354 3938 ὅλων,
410 3879 505 3968 καὶ
553 3882 805 3952 ποιητὴν,
855 3885 949 3938 καὶ
990 3889 1331 3961 κοσμήτορα,
1379 3894 1473 3946 καὶ
1502 3895 1774 3968 κυϐερνή-

198 3982 317 4033 την,
341 3966 436 4019 καὶ
472 3968 754 4039 πρύτανιν,
776 3974 868 4027 καὶ
889 3977 1185 4047 πάνσοφον,
1220 3982 1316 4034 καὶ
1340 3986 1769 4059 παντοδύναμον,

201 4056 399 4123 μᾶλλον
443 4058 500 4111 δὲ
547 4061 910 4133 αὑτοδύναμον
932 4078 982 4131 (ι,
1019 4070 1113 4121 καὶ
1155 4071 1454 4143 αὐτοζωὴν,
1490 4077 1585 4130 καὶ
1615 4056 1771 4131 abro-

199 4147 431 4239 σοφίαν,
472 4149 759 4219 ἀναθῶμεν
792 4155 885 4206 τό·
924 4176 941 4206 t
974 4157 1076 4210 Θεέ
1129 4176 1252 4228 μου,
1287 4162 1388 4214 Θεέ
1437 4182 1559 4234 μου,
1607 4167 1661 4219 τί
1703 4186 1771 4239 με

195 4236 582 4330 ἐγκατέλιπες
621 4257 638 4288 ι
674 4242 767 4294 καὶ
798 4243 893 4295 τό·
937 4265 955 4297 ι
991 4248 1174 4319 Πάτερ
1199 4291 1212 4313 ,
1258 4252 1305 4304 εί
1350 4252 1596 4318 δυνατὸν,
1636 4236 1772 4330 παρ-

193 4326 395 4379 ελθέτω
449 4329 512 4380 τὸ
556 4332 813 4402 ποτήριον
860 4336 1017 4390 τοῦτο
1081 4341 1176 4393 ἀπ’
1230 4344 1399 4412 ὲμοῦο
1449 4365 1466 4397 t
1508 4349 1604 4400 xui.
1667 4326 1765 4403 τό·

198 4435 215 4465 ι
252 4418 459 4487 Πάτερ,
502 4419 677 4474 σῶσόν
711 4440 777 4491 με
817 4426 926 4478 ἀπὸ
961 4431 1061 4498 τῆς
1090 4429 1241 4501 ὥρας
1261 4435 1483 4505 ταύτης⁵
1513 4456 1530 4487 ι
1568 4440 1661 4491 καὶ
1686 4441 1764 4493 τό⁶

1882 3269 2091 3327 arguat,
2142 3259 2270 3312 dum
2324 3273 2409 3323 ea,
2447 3272 2567 3327 quae
2598 3258 2871 3313 humiliter
2902 3268 2958 3313 et
2989 3272 3228 3327 congrue
3256 3274 3286 3311 a
3315 3259 3459 3313 servi

1882 3350 2055 3403 forma
2105 3349 2379 3417 dicuntur,
2432 3351 2543 3406 Deo
2585 3350 2763 3406 Verbo
2809 3351 2993 3420 aptat?
3038 3349 3117 3404 Illi
3164 3352 3309 3405 enim
3360 3352 3462 3405 boc

1880 3439 2169 3509 facientes,
2200 3443 2493 3509 minorem,
2528 3452 2582 3500 et
2610 3453 2944 3508 creaturam,
2982 3455 3036 3497 et
3069 3442 3365 3507 facturam,
3405 3448 3462 3498 et

1878 3547 2119 3597 servum,
2172 3543 2229 3589 et
2278 3547 2346 3587 ex
2395 3549 2503 3589 non
2558 3536 2903 3590 exstantibus
2956 3535 3151 3594 Filium
3202 3536 3291 3588 Dei
3338 3549 3460 3589 esse

1877 3628 2141 3676 statuunt.
2176 3618 2278 3676 Cui
2308 3621 2473 3692 igitur
2504 3636 2627 3689 nos,
2660 3623 2751 3691 qui
2783 3624 2999 3678 diversa
3024 3637 3187 3691 quam
3220 3622 3297 3675 illi
3333 3637 3460 3677 seu-

1876 3709 2061 3774 timus,
2089 3719 2145 3765 et
2172 3712 2697 3767 consubstantialem
2740 3727 2863 3768 esse
2893 3723 2948 3767 et
2981 3722 3310 3767 coaeternum
3347 3714 3457 3768 Deo

1875 3809 1928 3855 et
1959 3800 2103 3855 Patri
2148 3801 2343 3857 Filium
2385 3803 2744 3867 confitemur,
2795 3803 3151 3872 opiﬁcemque
3186 3802 3450 3866 oumium,

1876 3898 1932 3945 et
1980 3890 2267 3959 factorem,
2320 3902 2375 3948 et
2417 3902 2751 3956 ornatorem,
2796 3903 2853 3946 et
2899 3895 3343 3962 gubernatorem,
3396 3901 3454 3948 et

1874 3981 2399 4046 administratorem,
2435 3991 2491 4038 et
2525 3982 2580 4036 in
2612 3983 2866 4037 omnibus
2908 3985 3210 4050 sapientem
3243 3995 3299 4038 et
3330 4000 3451 4039 om-

1873 4072 2226 4141 nipotentem,
2264 4074 2425 4142 215
2455 4074 2562 4127 imo
2596 4076 2767 4143 ipsam
2810 4076 3135 4142 potentiam,
3179 4085 3235 4129 et
3276 4076 3449 4144 ipsam

1874 4165 2059 4230 vitam,
2101 4174 2156 4219 et
2204 4166 2374 4232 ipsam
2408 4166 2731 4232 sapientiam
2773 4179 2892 4218 esse
2932 4164 3288 4234 aliirmamus,
3337 4169 3448 4229 cui,

1873 4253 2129 4323 inquam,
2176 4256 2540 4310 attriltuemus
2586 4254 2717 4308 illud
2772 4272 2785 4307 :
2825 4272 2844 4306 ι
2880 4255 3019 4308 Deus
3068 4271 3249 4322 meus,
3306 4257 3451 4313 Deus

1871 4360 2044 4409 meus,
2093 4348 2281 4414 utquid
2347 4362 2434 4401 me
2470 4346 2917 4414 dereliquisti”?
2948 4366 2965 4398 ι
3006 4357 3061 4401 et
3092 4348 3217 4401 illud
3250 4367 3263 4402 :
3297 4368 3315 4400 ι
3345 4348 3450 4403 Pa-

1872 4443 1972 4499 ter,
2020 4438 2062 4491 si
2097 4438 2354 4505 possibile
2386 4444 2489 4500 est,
2528 4445 2766 4491 transeat
2798 4451 2829 4490 a
2876 4452 2961 4491 me
3009 4439 3147 4491 calix
3184 4440 3384 4501 iste“;
3418 4458 3440 4491 υ

195 4524 214 4556 t
246 4507 357 4577 Τὴν
390 4507 543 4578 ὥραν
587 4512 807 4583 ἐκείνην
839 4516 1015 4579 οὐδεὶς
1061 4517 1220 4585 οἶδεν,
1257 4526 1376 4577 οὐδὲ
1427 4530 1455 4579 6
1505 4529 1630 4591 Υίὸς
1669 4530 1761 4584 τοῦ

1878 4538 1963 4584 et:
2001 4546 2017 4577 ι
2050 4527 2231 4593 Pater,
2260 4529 2406 4583 salva
2453 4544 2537 4583 rue
2580 4544 2645 4583 ex
2701 4530 2803 4583 hac
2848 4530 2976 4582 hora
2997 4529 3082 4593 '5;
3118 4547 3135 4580 ι
3177 4538 3232 4583 et
3268 4530 3441 4584 illud:

186 4596 505 4667 ἀνθρώπου*
544 4620 563 4653 ι
595 4604 686 4655 καὶ
719 4604 786 4657 τά
822 4606 975 4673 ἄλλα,
1006 4610 1107 4662 ὅσα
1140 4616 1413 4678 ταπεινῶς
1442 4618 1531 4669 ὑπ’
1560 4621 1754 4687 αὐτοῦ,

326 4687 433 4741 ὑπὸ
478 4690 584 4742 τῶν
616 4693 776 4760 ἱερῶν
810 4695 1121 4753 ἀποστόλων
1161 4704 1290 4771 περὶ
1323 4705 1487 4757 αὐτοῦ
1545 4710 1758 4779 εἴρηται

184 4777 277 4870 καὶ
300 4778 643 4847 γέγραπταις
680 4784 796 4837 Τίνι
819 4787 918 4857 τὴν
946 4792 1135 4843 πεῖναν
1166 4795 1261 4845 καὶ
1286 4795 1383 4865 τὴν
1403 4796 1563 4866 δίψαν
1588 4777 1757 4870 προσ-

183 4867 431 4939 άψομεν;
485 4872 591 4925 τίνι
631 4874 723 4927 τὸν
767 4877 935 4933 κόπον
982 4881 1075 4932 καὶ
1116 4883 1205 4935 τὸν
1241 4882 1438 4949 ὖπνον;
1490 4889 1595 4940 τίνι
1654 4891 1754 4959 τὴν

180 4960 404 5027 ἄγνοιαν
436 4965 533 5014 καὶ
571 4964 668 5035 τὴν
712 4966 946 5033 δειλίαν;
976 4971 1072 5033 Τίς
1100 4973 1128 5024 6
1161 4974 1257 5042 τῆς
1288 4976 1586 5047 ἀγγελικιῖῃς
1637 4979 1753 5049 δεηυ

180 5049 294 5113 θεὶς
344 5055 699 5127 συμμαχίαςς
744 5058 804 5109 Εί
850 5059 943 5112 τοῦ
990 5062 1125 5115 Θεοῦ
1172 5065 1349 5133 Λόγου
1380 5066 1586 5133 ταῦτα,
1636 5070 1753 5134 πῶς

176 5142 449 5215 ἠγνόησεν
478 5148 510 5216 ἡ
535 5148 732 5216 σοφίας
764 5151 887 5213 Πῶς
914 5153 960 5204 δ’
986 5153 1052 5207 ἂν
1081 5156 1305 5227 κληθείη
1334 5160 1491 5226 σοφία
1515 5163 1547 5228 ή
1570 5162 1629 5211 τὸ
1651 5162 1749 5231 τῆς

177 5233 400 5301 ἀγνοίας
430 5237 630 5307 ἔχουσα
663 5242 864 5307 πάθος,
905 5246 1026 5309 Πῶς
1052 5247 1096 5298 δ’
1124 5247 1191 5301 ἂν
1215 5248 1527 5319 άληθεύσειε
1569 5251 1743 5321 λέγων

246 5386 335 5481 1’;-
346 5387 619 5481 ξςρειΙῘ-υ,³
626 5393 681 5459 5,
711 5395 788 5481 4;.
820 5394 888 5481 ς’
927 5396 1131 5481 Matth.“
1168 5398 1337 5481 xxxii,
1382 5402 1473 5457 46.
1548 5405 1591 5436 ⁸⁸
1632 5405 1771 5481 hiatu

1878 5427 2019 5477 xxvr,
2073 5413 2162 5469 59.
2254 5412 2299 5443 '"‘
2336 5411 2491 5469 Joan.
2546 5428 2649 5481 xtl,
2695 5414 2786 5470 27.

173 5454 217 5486 ⁸⁷
259 5454 445 5514 latth.
478 5477 553 5522 tv.
584 5454 678 5517 2."
743 5465 788 5496 ⁸⁸
809 5464 965 5522 Joan.
997 5454 1069 5534 tv,
1100 5469 1152 5523 6.
1231 5454 1287 5501 "ﬁ
1316 5454 1735 5539 Lucrxxufig.

1874 4620 2122 4674 «Horam
2184 4620 2328 4673 illam
2388 4635 2546 4674 nemo
2594 4619 2774 4681 novit,
2834 4633 3008 4687 neque
3039 4617 3205 4672 Filius
3261 4620 3442 4673 homi-

1866 4713 1951 4765 nis
1970 4710 2051 4776 ⁸⁸;
2082 4729 2099 4762 ι
2131 4722 2185 4765 et
2225 4710 2328 4764 alia
2356 4722 2692 4778 quaecunque
2729 4708 3003 4761 humiliter
3031 4710 3099 4762 ab
3147 4710 3284 4776 ipso,
3318 4717 3373 4762 et
3408 4722 3439 4761 a

1863 4803 2068 4854 sanctis
2095 4800 2352 4865 apostolis
2380 4803 2445 4852 de
2475 4801 2589 4867 ipso
2633 4800 2777 4852 dicta
2801 4800 3113 4866 scriptaque
3150 4798 3316 4853 sunt?
3340 4800 3437 4854 Cui

1863 4891 2060 4944 famem
2109 4899 2162 4943 et
2212 4890 2357 4943 sitim
2404 4892 2782 4961 adaptabimus
2808 4891 3007 4945 "icui
3062 4889 3434 4955 fatigationem

1860 4991 1914 5036 et
1971 4997 2219 5036 somnum
2242 4982 2329 5036 "‘1
2374 4985 2459 5038 cui
2515 4984 2877 5051 ignorantiam
2931 4994 2986 5037 et
3044 4982 3435 5036 formidinem?

1858 5074 1989 5140 Quis
2046 5076 2289 5143 angelico
2334 5076 2573 5130 subsidio
2625 5076 2859 5130 habebat
2908 5089 3044 5143 opus
3070 5075 3157 5126 "1'
3207 5071 3262 5126 Si
3317 5072 3430 5129 hac

1858 5165 1949 5219 Dei
1980 5165 2137 5220 Verbi
2169 5178 2315 5233 sunt,
2341 5169 2611 5237 quomodo
2639 5168 2909 5237 ignoravit
2940 5166 3246 5235 sapientia?
3278 5164 3427 5230 Quu-

1856 5256 2012 5310 modo
2046 5268 2224 5312 autem
2259 5267 2481 5314 vocetur
2518 5260 2806 5329 sapientia,
2839 5272 2957 5327 quae
2981 5257 3300 5325 ignorantia:
3333 5256 3418 5309 itt-

2889 5414 2934 5446 “
2973 5412 3141 5470 Marc.
3176 5428 3295 5481 xm,
3322 5407 3415 5464 32.

1241 5622 1688 5687 Variaalcctiones
1716 5644 1780 5686 ex
1813 5632 1999 5689 codice
2031 5628 2402 5702 Seguieriano.

238 5778 265 5820 Ρ
289 5772 501 5828 κατὰτὸ
532 5772 705 5837 εἰκός.
784 5782 812 5825 ει
840 5774 927 5830 ισ.
963 5774 1345 5849 αὐτοδύναμιν,
