4090 6486
709 398 836 460 l9"

1687 401 1744 455 S.
1775 398 2052 456 CYRILLI
2103 393 2569 449 ALEXANDRINI
2606 396 2924 452 ARCIIIEP.

3801 385 3944 439 12Ιὲ

706 511 1052 570 beatissimus
1081 509 1192 576 ille,
1219 524 1283 568 ac
1299 523 1520 584 prepter
1546 515 1760 582 pietatis
1784 512 2092 580 opinionem
2125 513 2261 577 apud

2381 509 2644 579 Βιαϐὁητος
2701 514 2780 574 είς
2827 509 3105 562 εὐσέϐειαν
3155 506 3510 568 ’Λθανάσιος,
3567 501 3597 552 ὁ
3643 498 3948 568 γενόμενος

704 616 890 659 omnes
939 600 1324 659 celeberrimus
1366 603 1722 666 Athanasius,
1757 603 1849 672 qui
1892 601 2262 670 superioribus

707 693 1039 762 temporibus
1087 692 1424 749 Alexandrize
1465 693 1719 747 Ecclesiae
1768 695 2137 763 episcopatum
2184 703 2264 746 re-

707 787 842 844 nuit.
877 784 1013 839 libro
1045 785 1110 839 de
1139 783 1355 839 Christo
1382 786 1662 838 incarnato
1697 783 2064 852 hujuscemodi
2089 785 2267 840 verbis

709 877 928 930 disserit
958 891 974 931 :

710 987 820 1059 48
846 991 1121 1043 Athanasii
1136 988 1356 1059 episcoiii
1383 987 1722 1044 Alexandria!
1751 1008 1814 1044 ex
1843 990 1974 1046 libro
2004 991 2077 1046 De
2100 993 2270 1045 incar-

1058 1061 1266 1111 natione
1305 1056 1474 1112 Verbi.
1497 1089 1566 1098 —
1586 1060 1664 1114 De
1693 1060 1925 1116 Christo.

780 1169 1126 1237 Agnoscimus
1162 1170 1305 1224 illum
1349 1171 1438 1226 Dei
1472 1171 1688 1238 Filium,
1721 1184 1773 1229 et
1818 1175 1982 1227 Deum
2021 1186 2141 1227 esse
2183 1187 2270 1226 se-

711 1260 941 1312 cundum
965 1259 1211 1327 spiritum
1239 1260 1469 1324 ;Filium
1504 1273 1680 1318 autem
1712 1263 1944 1317 hominis
1977 1265 2267 1317 secundum

712 1362 968 1402 carnem:
1019 1363 1121 1403 non
1170 1351 1302 1405 duas
1353 1361 1572 1406 naturas
1628 1367 1790 1406 unum
1845 1352 2059 1418 Filium,
2108 1369 2268 1407 unam

713 1438 1058 1503 adorandam,
1095 1440 1319 1496 alteram
1348 1458 1452 1496 non
1479 1444 1831 1504 adorandam,
1859 1442 1951 1496 sed
1984 1458 2145 1496 unam
2179 1458 2272 1497 na-

715 1539 884 1582 tnrain
934 1531 1097 1585 divini
1149 1532 1307 1588 Verbi
1359 1534 1722 1596 incarnatam,
1774 1549 1894 1602 quae
1940 1533 2100 1587 simul
2149 1549 2270 1588 cum

714 1619 828 1685 ejus
862 1635 1026 1675 carne
1058 1637 1157 1676 una
1214 1624 1526 1678 adoratione
1568 1625 1861 1679 ailoratiir:
1913 1638 2087 1692 neque
2139 1624 2272 1679 duos

715 1724 923 1763 rursum
949 1709 1106 1776 ﬁlios,
1133 1713 1357 1768 alterum
1383 1729 1565 1769 verum
1593 1715 2055 1786 adorandumque,
2083 1729 2273 1784 nempe

714 1796 903 1851 Filium
947 1800 1076 1868 Dei;
1125 1801 1350 1857 alterum
1383 1819 1445 1858 ex
1487 1803 1652 1858 Maria
1711 1805 1980 1860 hominem
2026 1821 2129 1859 non
2174 1805 2271 1857 ad-

714 1888 1000 1952 orandum,
1029 1893 1120 1948 sed
1151 1909 1245 1960 per
1271 1895 1519 1963 gratiam,
1553 1895 1771 1962 perinde
1795 1911 1859 1951 ac
1888 1897 2064 1952 caeteri
2103 1895 2275 1950 homi-

717 1995 831 2044 nes,
876 1982 927 2034 in
966 1980 1158 2036 Filium
1205 1992 1505 2052 coaptatiim
1545 2002 1558 2038 :
1603 2000 1786 2040 verum
1825 2002 2012 2054 unum,
2045 1996 2101 2041 iit
2131 1985 2273 2052 dixi,

716 2071 906 2124 Filium
945 2071 1058 2136 Dei,
1101 2073 1247 2127 illum
1293 2077 1463 2144 ipsum
1510 2077 1788 2142 nimirum,
1825 2088 1879 2132 et
1923 2095 2025 2133 non
2070 2079 2271 2140 alium,

716 2163 804 2231 qui
844 2178 909 2216 ex
951 2164 1059 2218 Deo
1099 2175 1201 2219 est.
1246 2167 1344 2232 Qui
1394 2169 1698 2225 novissimis
1745 2171 1932 2224 diebus
1982 2171 2273 2224 secundum

715 2270 932 2311 carnem
965 2270 1025 2308 ex
1063 2254 1228 2308 Maria
1254 2267 1408 2311 natus
1440 2269 1542 2323 est,
1575 2262 2021 2327 quemadmodum
2056 2263 2277 2330 angelus

717 2345 953 2414 Deipara:
999 2342 1214 2397 Maria}:
1270 2361 1289 2395 i
1345 2344 1622 2410 Quomodo
1669 2349 1759 2401 fiet
1807 2349 1979 2415 istud,
2019 2353 2275 2419 quoniam

717 2438 888 2490 virum
919 2451 1021 2489 non
1050 2451 1317 2505 cognosco
1341 2437 1425 2490 7‘?
1467 2457 1484 2489 ι
1520 2439 1817 2493 sciscitanti
1878 2445 2146 2511 exposuit.
2189 2447 2278 2499 Ait

719 2542 986 2595 namque:
1029 2547 1048 2580 ι
1087 2526 1324 2596 Spiritus
1366 2538 1588 2585 sanctus
1633 2534 1974 2598 superveniet
2019 2535 2069 2587 in
2110 2545 2181 2601 te,
2226 2547 2280 2591 et

715 2621 887 2673 virtus
935 2617 1199 2672 Altissiini
1254 2619 1596 2674 obumbrabit
1670 2621 1762 2675 tibi
1807 2640 1820 2675 :
1873 2624 2100 2692 ideoque
2140 2629 2279 2694 quod

2365 600 2506 653 κατὰ
2555 604 2778 672 καιροὺς
2834 601 2926 668 τῆς
2985 598 3374 670 Ἀλεξανδρέων
3434 591 3767 662 Ἐκκλησίας
3834 590 3948 641 Exi-

2368 708 2566 755 σκοπος
2592 736 2606 758 ,
2645 695 2701 746 ὲν
2727 691 2804 762 τῷ
2832 689 2958 760 περί
2987 688 3316 758 σαρκώσεως
3347 690 3509 758 λόγῳ,
3538 685 3672 755 περὶ
3698 677 3947 750 Χριστοῦ

2365 783 2491 836 τάδε
2517 801 2530 813 ·

2382 1001 2728 1056 Ἄθανασίου
2783 989 3121 1070 ἐιιτιονκόπῖουΔ
3168 995 3612 1070 Ἀλεξαζδρείας
3635 1035 3651 1054 .
3718 991 3805 1070 ἐξ
3843 986 3956 1042 τοῦ

2479 1073 2617 1138 Περὶ
2653 1067 3008 1136 σαρκώσεως
3037 1067 3250 1134 Λόγου.
3273 1095 3340 1104 --
3362 1065 3504 1137 Περὶ
3534 1065 3835 1130 Χριστοῦ.

2451 1179 2848 1248 Ὀμολογοῦμεν
2867 1178 2996 1248 γὰρ,
3024 1178 3180 1248 φησι,
3201 1177 3294 1230 καὶ
3322 1171 3460 1230 εἶναι
3493 1176 3653 1227 αὑτὸν
3694 1174 3833 1226 Υἱδν
3858 1171 3956 1224 τοῦ

2370 1271 2526 1334 Θεοῦ,
2564 1271 2657 1322 καὶ
2681 1269 2811 1320 Θεὸν
2840 1269 2977 1321 κατὰ
3005 1267 3256 1340 πνεῦμα,
3292 1267 3419 1321 Υίὸν
3463 1266 3760 1336 ἀνθρώπου
3799 1265 3961 1316 κατά

2373 1363 2572 1433 σάρκα,
2601 1361 2660 1413 οὐ
2694 1360 2786 1412 δύο
2820 1359 3011 1429 φύσεις
3038 1361 3129 1412 τὸν
3159 1361 3254 1414 ἕνα
3278 1359 3425 1424 Υίδν,
3461 1359 3587 1428 μίαν
3626 1371 3962 1426 προσκυνη-

2371 1453 2486 1523 τὴν,
2518 1451 2609 1505 καὶ
2641 1451 2769 1520 μίαν
2799 1450 3208 1522 ἀπροσκύνητον
3228 1468 3242 1483 ο
3275 1449 3413 1505 ἀλλὰ
3458 1449 3585 1517 μίαν
3633 1447 3802 1515 φύσιν
3857 1441 3960 1495 τοῦ

2371 1543 2503 1596 Θεοῦ
2558 1542 2731 1609 Λόγου
2786 1543 3243 1613 σεσαρκωμένην,
3298 1540 3391 1595 καὶ
3451 1536 3962 1611 προσκυνουμένην

2375 1632 2514 1703 μετὰ
2551 1634 2651 1701 τῆς
2683 1632 2883 1702 σαρκὸς
2913 1632 3077 1686 αὑτοῦ
3116 1634 3214 1704 μιᾷ
3255 1633 3656 1703 προσκυνήσειο
3697 1626 3826 1680 οὐδὲ
3859 1623 3962 1676 δύο

2375 1725 2542 1787 υίοὺς,
2578 1723 2736 1777 ἄλλον
2765 1723 2860 1792 μὲν
2894 1722 3020 1775 Υἱὸν
3044 1721 3181 1774 Θεοῦ
3213 1721 3464 1792 ἀληθινὸν
3485 1721 3579 1772 καὶ
3610 1714 3964 1788 προσκυνοῦ-

2380 1831 2559 1886 μενον,
2594 1815 2750 1868 ἄλλον
2797 1814 2853 1866 δὲ
2896 1815 2959 1866 ὲκ
2993 1815 3212 1883 Μαρίας
3245 1813 3549 1882 ἄνθρωπον,
3586 1811 3662 1879 μὴ
3695 1823 3958 1879 προσκυ-

2377 1904 2654 1973 νούμενον,
2685 1904 2824 1958 κατά
2861 1904 3020 1973 χάριν
3051 1903 3186 1957 Υἱὸν
3227 1901 3361 1955 Θεοῦ
3394 1901 3710 1969 γενόμενον,
3748 1898 3825 1960 ὡς
3859 1899 3956 1948 καὶ

2374 1993 2684 2064 ἄνθρωπον
2721 1993 2857 2046 ἀλλὰ
2898 1992 2990 2045 τὸν
3033 1993 3098 2045 ἐκ
3145 1991 3314 2055 Θεοῦ,
3361 1991 3437 2052 ὡς
3467 1989 3625 2058 ἔφην,
3669 1987 3772 2039 ἕνα
3817 1987 3958 2038 Υἰόν

2376 2085 2535 2146 Θεοῦ,
2563 2091 2656 2137 καὶ
2682 2085 2812 2138 Θεὸν
2833 2083 3014 2146 αὐτὸν,
3043 2085 3136 2136 καὶ
3156 2085 3254 2136 οὐκ
3286 2081 3461 2136 ἄλλον.
3493 2080 3602 2131 Καὶ
3631 2078 3698 2130 ὲκ
3726 2076 3958 2146 Μαρίας

2376 2177 2738 2247 γεγεννῆσθαι
2772 2175 2912 2227 κατὰ
2947 2175 3125 2244 σάρκα
3160 2173 3246 2226 ἐπ’
3283 2172 3525 2241 ἐσχάτων
3555 2168 3668 2220 τῶν
3697 2166 3955 2237 ἡμερῶν,

2377 2267 2452 2329 ὡς
2494 2268 2522 2318 ό
2566 2264 2795 2331 ἄγγελος
2831 2266 2896 2332 τῇ
2947 2262 3193 2332 Θεοτόκῳ
3237 2261 3425 2331 Μαρίᾳ
3459 2256 3695 2330 λεγούσῃ
3719 2273 3737 2287 ⁶
3771 2275 3790 2308 ι
3825 2256 3952 2318 Πῶς

2376 2357 2532 2410 τοῦτο
2591 2355 2766 2414 ἔσται,
2802 2354 2924 2406 ἐπεὶ
2981 2352 3147 2422 ἄνδρα
3200 2353 3260 2404 οὐ
3315 2348 3604 2418 γινώσκως
3640 2365 3660 2398 ι
3710 2347 3952 2413 Ἐλεγεο

2385 2464 2403 2496 ι
2438 2444 2662 2514 Πνεῦμα
2707 2445 2860 2511 ἅγιον
2909 2441 3261 2495 ἐπελεύσεται
3306 2440 3399 2492 ἐπὶ
3446 2440 3526 2503 σὲ,
3574 2438 3673 2492 καὶ
3725 2437 3954 2504 δύναμις

2392 2535 2646 2605 Ὑψίστου
2691 2534 2998 2587 ἐπισκιάσει
3058 2550 3168 2586 σοι·
3221 2533 3301 2584 διὸ
3351 2532 3446 2584 καὶ
3486 2530 3548 2583 τὸ
3608 2529 3954 2598 γεννώμενον

2381 2627 2555 2695 ἅγιον,
2584 2625 2915 2695 κληθήσεται
2962 2624 3090 2686 Υίδς
3118 2622 3273 2676 Θεοῦ.
3309 2641 3326 2674 ι
3378 2623 3436 2674 '0
3463 2622 3642 2674 τοίνυν
3669 2621 3956 2689 γεννηθεὶς

719 2720 968 2761 nascetur
996 2723 1060 2761 ex
1109 2717 1160 2761 te
1194 2717 1461 2773 sanctum,
1497 2709 1780 2763 vocabitur
1821 2711 1990 2767 Filius
2026 2715 2115 2768 Dei
2143 2716 2208 2770 ".
2258 2735 2275 2766 ι

2382 2720 2445 2771 ἐκ
2477 2720 2575 2786 τῆς
2611 2717 2771 2784 ἁγίας
2811 2715 3106 2784 Παρθένου,
3137 2715 3266 2778 Υἱὸς
3295 2713 3429 2767 Θεοῦ
3462 2712 3620 2782 φύσει
3647 2751 3664 2776 ,
3696 2713 3796 2765 καὶ
3823 2712 3953 2772 Θεὸς

718 2798 765 2852 Is
797 2800 954 2866 igitur
975 2814 1133 2868 quem
1163 2797 1325 2867 Virgo
1353 2801 1578 2868 peperit,
1609 2808 1692 2854 est
1719 2816 1876 2855 verus
1912 2805 2277 2875 naturalisque

2383 2807 2655 2878 ἀληθινὸς,
2698 2807 2793 2860 καὶ
2826 2807 2886 2859 οὺ
2929 2806 3112 2876 χάριτι
3147 2807 3241 2859 καὶ
3274 2806 3566 2876 μετουσίᾳ,
3597 2805 3745 2858 κατὰ
3775 2805 3954 2874 σάρκα

715 2891 811 2946 Dei
844 2891 1031 2958 Filius,
1062 2901 1116 2946 et
1148 2891 1287 2946 Deus
1311 2906 1492 2957 verus,
1524 2906 1628 2945 non
1661 2893 2069 2963 participatione
2101 2896 2184 2951 vel
2216 2911 2277 2950 ex

2389 2899 2548 2969 μόνον
2586 2889 2683 2967 τὴν
2716 2898 2780 2950 ὲκ
2806 2897 3048 2967 Μαρίας,
3082 2896 3388 2967 ἄνθρωπος,
3426 2896 3567 2950 κατὰ
3603 2897 3663 2950 δὲ
3711 2897 3949 2966 πνεῦμα,

721 2981 926 3051 gratia;
960 2981 1250 3035 secundum
1278 2994 1492 3034 carnem
1528 2989 1731 3035 tantum
1773 2997 1934 3050 quam
1965 2985 2195 3052 sumpsit
2219 2999 2277 3038 ex

2386 2988 2548 3052 αὐτὸς
2578 2989 2706 3056 Υίὸς
2744 2988 2838 3042 τοῦ
2874 2988 3009 3041 Θεοῦ
3045 2990 3135 3042 καὶ
3167 2988 3329 3050 Θεός·
3366 2987 3556 3042 παθὼν
3590 2991 3691 3058 μὲν
3720 2989 3793 3042 τὰ
3821 2988 3953 3058 mtt-

714 3070 917 3136 Maria,
949 3072 1146 3137 homo;
1187 3071 1479 3145 secundum
1522 3073 1804 3141 spiritum,
1849 3073 2016 3129 Filius
2059 3076 2187 3140 Dei,
2234 3087 2277 3130 cl

2384 3093 2518 3148 τερα
2534 3077 2692 3147 ,πάθη
2717 3078 2854 3130 κατὰ
2891 3078 3104 3145 σάρκα,
3140 3077 3329 3149 ὥσπερ
3378 3079 3718 3148 γέγραπται·
3776 3098 3796 3130 ι
3834 3080 3956 3148 Χρι-

722 3164 864 3216 Deus
898 3163 1030 3230 ipse.
1058 3161 1157 3230 Qui
1198 3166 1410 3233 quidem
1449 3167 1744 3223 secundum
1788 3179 2004 3219 carnem
2035 3153 2277 3218 humana;

2391 3164 2515 3217 στοῦ
2542 3164 2802 3229 παθόντος
2831 3166 2967 3236 ὑπὲρ
2989 3166 3142 3235 ἡμῶν
3169 3167 3358 3236 σαρκί.
3395 3185 3412 3216 ι
3445 3168 3551 3219 Καὶ
3585 3166 3770 3218 πάλιψ
3815 3184 3834 3217 ι
3865 3167 3956 3227 ’ος

721 3262 924 3308 natura:
952 3254 1323 3308 convenientia
1352 3270 1541 3324 passus
1564 3265 1666 3311 est.
1695 3255 1968 3323 Scriptum
2000 3263 2083 3308 est
2106 3255 2284 3308 enim:

729 3362 748 3395 ι
787 3343 1001 3398 Christo
1030 3359 1127 3412 pro
1166 3345 1319 3400 nobis
1354 3347 1404 3399 in
1449 3361 1613 3402 carne
1662 3347 1908 3415 passo".
1951 3364 1968 3397 ι
2006 3345 2241 3400 Rursum
2273 3361 2287 3398 :

731 3452 750 3485 ι
790 3433 886 3499 Qui
938 3434 1100 3488 etiam
1147 3436 1362 3506 proprio
1393 3435 1528 3491 Filio
1576 3452 1678 3492 non
1737 3437 2005 3513 pepercit,
2055 3437 2147 3492 sed
2194 3451 2291 3505 pro

729 3527 978 3581 omnibus
1022 3527 1176 3581 nobis
1206 3528 1424 3582 tradidit
1467 3528 1611 3582 illum
1636 3529 1726 3584 τις
1764 3547 1781 3580 ι
1820 3529 2168 3594 nihilominus
2206 3545 2293 3585 se-

730 3619 964 3671 ciinilnin
995 3619 1228 3671 divinam
1259 3629 1505 3674 naturam
1553 3621 1898 3687 impassibilis
1941 3635 2004 3675 ac
2039 3621 2292 3674 immuta-

731 3708 854 3762 bilis
881 3722 1048 3776 usque
1077 3710 1391 3778 permansit,
1412 3711 1567 3779 juxta
1596 3711 1724 3764 illud
1758 3713 2029 3779 propheta:
2060 3726 2295 3780 pronun-

735 3802 966 3854 tiatum:
1004 3818 1024 3852 ι
1058 3801 1167 3870 Ego
1207 3801 1366 3866 Deus,
1409 3812 1464 3856 et
1508 3817 1614 3855 non
1664 3802 1930 3855 mutor".
1963 3820 1982 3852 ι
2056 3803 2295 3858 Mortuus

730 3902 815 3947 est
837 3906 971 3947 sane
1007 3895 1298 3948 secundum
1349 3908 1568 3975 carnem
1612 3903 1793 3948 nostra
1845 3907 2035 3961 morte,
2082 3905 2296 3950 110811⁵0-

2390 3273 2454 3324 γε
2497 3256 2590 3308 τοῦ
2646 3256 2780 3309 ίδίου.
2820 3256 2948 3308 Υῑοῦ
2990 3257 3090 3308 οὐκ
3140 3257 3427 3326 ἐφείσατο,
3463 3256 3576 3310 ἀλλ’
3625 3256 3769 3324 ὑπὲρ
3803 3255 3956 3326 ἡμῶν

2391 3345 2608 3398 πάντων
2640 3345 2961 3416 παρέδωκεν
3006 3344 3190 3397 αὐτόν.
3239 3364 3258 3396 ι
3301 3344 3540 3410 Ἀπαθὴς
3577 3343 3632 3395 δὲ
3676 3343 3957 3411 διαμείνας

2390 3435 2485 3489 καὶ
2521 3434 2876 3497 ἀναλλοίωτος
2915 3434 3053 3487 κατὰ
3077 3433 3174 3504 τὴν
3205 3433 3453 3503 θεότητα,
3485 3432 3706 3486 κατὰτὸ
3729 3433 3956 3502 λεγόμε-

2391 3543 2480 3580 νον
2505 3527 2609 3578 ὑπὸ
2637 3525 2731 3579 τοῦ
2763 3528 3072 3596 προφήτου·
3099 3545 3117 3577 ι
3145 3525 3283 3593 Ἐγὼ
3303 3525 3455 3589 Θεὸς,
3488 3525 3712 3578 καὶοοὺκ
3738 3525 3960 3594 ἠλλοίω-

2396 3637 2508 3689 μαι.
2546 3637 2564 3668 ι
2610 3617 2920 3671 Ἀποθανὼν
2958 3620 3056 3690 μὲν
3103 3619 3193 3671 τὸν
3232 3619 3500 3689 ἡμέτερον
3545 3617 3779 3670 θάνατον
3826 3619 3958 3670 κατὰ

2395 3710 2574 3780 σάρκα
2619 3710 2758 3779 ὑπὲρ
2785 3710 2891 3764 τῶν
2927 3711 3206 3781 ἁμαρτιῶν
3253 3711 3432 3780 ἡμῶν,
3481 3710 3566 3762 ἴνα
3594 3712 3686 3763 τὸν
3735 3709 3959 3763 θάνατον

2395 3800 2558 3870 ἀνέλῃ
2585 3800 2671 3853 διὰ
2701 3800 2792 3853 τοῦ
2824 3801 2962 3873 ὑπὲρ
2993 3801 3147 3872 ἡμῶν
3182 3801 3434 3868 Θανάτου,
3459 3801 3598 3854 κατὰ
3622 3801 3714 3853 τὸν
3743 3800 3961 3868 λέγοντα

2409 3891 2759 3943 Ἀπόστολον·
2814 3909 2831 3940 ι
2857 3891 3144 3960 Κατεπόθη
3193 3893 3221 3942 ό
3272 3891 3499 3953 θάνατος
3543 3893 3622 3954 είς
3655 3894 3830 3953 νῖκος.
3860 3889 3960 3943 Ποῦ

732 3998 958 4053 rumque
985 3992 1325 4051 peccatorum
1357 3999 1517 4038 causa
1542 4001 1556 4049 ;
1586 3999 1693 4054 quo
1735 3985 1989 4057 nimirum
2034 4002 2128 4056 per
2158 4001 2277 4040 mor

2400 3999 2515 4045 σου,
2548 3981 2764 4047 θάνατε,
2798 3981 2858 4034 τὸ
2897 3985 3075 4046 νῖκος;
3109 3981 3209 4034 ποῦ
3246 3999 3359 4046 σου,
3395 3983 3517 4053 ᾅδη,
3551 3983 3612 4035 τδ
3653 3983 3956 4052 κέντρον;ι

735 4083 843 4128 tem
904 4073 1076 4128 nostri
1132 4075 1304 4144 gratia
1361 4086 1707 4143 susceptam,
1759 4086 1985 4130 mortem
2034 4076 2274 4130 aholcrct

2399 4071 2510 4124 Καὶ
2547 4071 2705 4124 πάλιν
2724 4087 2735 4099 '
2767 4092 2785 4122 ι
2823 4070 3056 4142 Χριστὸς
3094 4071 3364 4125 ἀπέθανεν
3387 4072 3526 4142 ὑπὲρ
3550 4074 3658 4126 τῶν
3682 4073 3960 4142 ἁμαρτιῶν

736 4165 871 4220 llinc
904 4165 1190 4234 Apostolus
1221 4183 1236 4219 :
1293 4182 1312 4233 ι
1343 4165 1605 4233 Absorpta
1635 4174 1717 4218 est
1757 4181 1902 4221 mors
1936 4167 1989 4219 iii
2033 4165 2253 4220 victoria

2400 4161 2574 4231 ἡμῶν,
2603 4161 2745 4214 κατὰ
2777 4162 2874 4223 τὰς
2904 4160 3144 4231 Γραφάς.
3178 4180 3196 4211 ι
3246 4161 3534 4224 Ἀθάνατος
3558 4161 3614 4215 δὲ
3657 4163 3759 4216 καὶ
3797 4164 3963 4233 ἀκρά-

739 4257 827 4312 uhi
858 4267 961 4320 est,
997 4270 1163 4320 mors,
1209 4257 1432 4310 victoria
1480 4258 1613 4310 tua?
1647 4257 1733 4311 ubi
1761 4267 1842 4310 est
1866 4257 2134 4311 .stimiilus
2159 4267 2277 4311 tiins

2399 4271 2560 4324 τητος
2617 4253 2694 4323 τῷ
2739 4253 2951 4320 θανάτῳ
2999 4253 3280 4322 διαμείνας
3322 4252 3410 4307 διὰ
3440 4255 3540 4323 τὴν
3582 4254 3849 4325 θεότητα,
3895 4256 3961 4318 ὡς

739 4345 1045 4400 inferne"?
1085 4364 1104 4397 ι
1153 4345 1391 4400 lterum:
1451 4365 1468 4397 ι
1503 4345 1747 4400 Christus
1796 4357 2041 4400 mortuus
2079 4357 2162 4400 est
2206 4356 2277 4417 pri

2403 4344 2619 4415 ἀπαθὴς
2645 4343 2738 4396 τοῦ
2767 4343 2981 4414 Πατρὸς
3012 4343 3259 4413 δύναμις,
3296 4345 3437 4398 κατὰ
3467 4345 3558 4398 τὸν
3603 4345 3834 4413 λέγοντα
3866 4349 3963 4399 Πέ-

740 4436 973 4505 peccatis
1006 4438 1224 4503 nostris,
1251 4437 1543 4492 secundum
1575 4436 1883 4505 Scripturas
1909 4439 1979 4492 "'.
2022 4457 2041 4490 ι
2079 4439 2146 4491 At
2174 4455 2277 4493 veri

2406 4451 2532 4504 τρον
2553 4448 2566 4462 °
2605 4434 2664 4486 οὐ
2695 4434 2800 4503 γὰρ
2844 4429 2911 4504 ἦν
2941 4434 3161 4487 δυνατὸν
3191 4434 3508 4505 κρατεῖσθαι
3535 4436 3697 4489 αὐτὸν
3740 4439 3847 4491 ὑπὸ
3872 4439 3957 4491 τοῦ

741 4528 1034 4584 secundum
1059 4527 1394 4581 divinitatem
1420 4528 1762 4591 immortalis,
1797 4529 2053 4596 omnique
2081 4529 2277 4584 interiti

2406 4526 2654 4579 θανάτου.
2701 4522 2834 4577 Εἶτα
2882 4524 3092 4588 τούτοις
3138 4526 3428 4596 ἐπιφέρει,
3475 4529 3771 4596 παρενθεὶς
3814 4531 3964 4600 ἕτερα

741 4618 985 4687 superior
1007 4626 1143 4682 erat,
1174 4625 1233 4670 ut
1261 4617 1353 4685 qui
1391 4616 1700 4686 impatibilis
1727 4617 1903 4673 Patris
1937 4620 2106 4673 virtus
2139 4631 2277 4673 esset

2412 4614 2613 4684 μεταξὺ
2643 4613 2812 4676 οὕτως
2833 4629 2846 4643 ο
2879 4614 2942 4666 Ei
2983 4613 3038 4666 δέ
3078 4630 3162 4676 τις
3193 4615 3345 4684 παρὰ
3379 4613 3548 4666 ταῦτα
3583 4617 3649 4668 ὲκ
3677 4615 3789 4668 τῶν
3817 4617 3965 4669 θείων

745 4706 1215 4777 inorteque,juxta
1266 4706 1410 4762 Petri
1461 4708 1887 4773 sententiam",
1946 4709 2111 4763 teneri
2159 4709 2277 4762 ιιιιΙΙ‹

2407 4706 2448 4759 Γ
2456 4704 2640 4776 ραφῶν
2684 4704 2963 4767 διδάσκει,
2996 4704 3182 4775 ἕτερον
3213 4705 3385 4772 λέγων
3410 4705 3502 4758 τὸν
3535 4706 3658 4761 Υίὸν
3691 4709 3790 4760 τοῦ
3818 4707 3963 4770 Θεοῦ,

746 4799 905 4855 modo
947 4806 1147 4868 posset.
1194 4795 1397 4852 Deinde
1447 4797 1567 4851 aliis
1614 4796 1724 4867 49
1764 4799 2083 4867 quibusdam
2131 4798 2274 4852 inter

2409 4795 2504 4846 καὶ
2528 4792 2713 4863 ἓτερον
2742 4793 2829 4844 τὸν
2852 4792 2916 4843 ὲκ
2940 4791 3179 4861 Μαρίας,
3211 4792 3350 4845 κατὰ
3382 4794 3540 4864 χάριν
3572 4797 3964 4866 υίοποιηθὲντα,

740 4891 919 4959 jectis,
983 4889 1098 4943 hinc
1157 4888 1468 4958 subjungit:
1531 4888 1585 4943 Si
1644 4890 1764 4958 quis
1808 4898 1983 4943 autem
2037 4888 2180 4943 aliud
2240 4905 2277 4944 ei

2412 4885 2488 4947 ὡς
2523 4886 2681 4953 ἡμεῖς
2704 4898 2716 4912 ⁸
2744 4883 2819 4945 ὼς
2849 4879 2986 4937 εῖναι
3017 4883 3108 4936 δύο
3139 4884 3320 4948 υἱοὺς,
3353 4884 3447 4937 ἕνα
3489 4885 3629 4938 κατὰ
3659 4885 3823 4954 φύσιν
3851 4887 3966 4939 Υίὸν

749 4981 942 5035 divinis
998 4978 1214 5033 Litteris
1272 4978 1555 5043 docuerit,
1604 4987 1657 5032 et
1701 4979 1863 5033 alium
1916 4979 2007 5034 Dei
2060 4979 2254 5035 Filium

2411 4973 2505 5027 τοῦ
2536 4974 2669 5027 Θεοῦ
2701 4974 2788 5027 τὸν
2824 4976 2887 5026 ἐκ
2929 4972 3062 5026 Θεοῦ
3084 5011 3099 5036 ,
3129 4974 3223 5027 κα)⁸
3253 4974 3347 5027 ἕνα
3377 4975 3516 5027 κατὰ
3560 4975 3746 5044 χάριν,
3786 4977 3874 5028 τὸν
3908 4977 3964 5027 ἐκ

751 5068 913 5122 alium
989 5067 1168 5122 Mariae
1249 5080 1345 5136 per
1425 5066 1655 5136 gratiam
1730 5070 1898 5120 instar
1968 5067 2136 5121 nOStri
2197 5067 2277 5120 ad

2413 5066 2633 5136 Μαρίας
2679 5064 2997 5135 ἄνθρωπονο
3027 5064 3061 5135 ἢ
3095 5065 3147 5116 εί
3176 5081 3259 5126 τις
3297 5064 3396 5135 τὴν
3439 5062 3531 5116 τοῦ
3573 5065 3784 5133 Κυρίου
3823 5066 3965 5134 ἡμῶν

751 5169 1016 5230 optatum,
1067 5157 1340 5228 professus
1388 5157 1571 5222 fuerit,
1617 5166 1868 5226 tanquam
1915 5157 2021 5212 duo
2057 5158 2164 5211 sint
2197 5157 2277 5209 lilii

2418 5157 2594 5226 σάρκα
2621 5156 2825 5210 ἄνωθεν
2857 5156 3026 5222 λέγει,
3077 5154 3169 5206 καὶ
3201 5154 3275 5224 μὴ
3303 5156 3367 5207 ὲκ
3410 5154 3509 5222 τῆς
3546 5153 3825 5224 Παρθένου
3859 5157 3964 5209 Μα-

753 5253 891 5306 altcr
939 5249 1031 5303 Dei
1077 5251 1370 5304 secundum
1433 5260 1718 5314 naturam,
1772 5248 1859 5302 ille
1916 5249 2166 5303 videlicet
2223 5264 2277 5317 qi

2419 5249 2538 5318 ρίας
2559 5265 2571 5276 ·
2609 5247 2642 5317 ἢ
2667 5249 2967 5316 τραπεῖσαν
2989 5247 3085 5315 τὴν
3108 5245 3333 5313 θεότητα
3363 5247 3441 5308 εἰς
3471 5245 3672 5317 σάρκα,
3702 5245 3736 5315 ἢ
3770 5263 3962 5316 συγχυ-

754 5359 816 5398 ex
858 5343 963 5397 Deo
1001 5351 1192 5408 natus;
1229 5341 1367 5409 alter
1397 5342 1689 5394 secundum
1721 5340 2020 5408 adoptionis
2053 5350 2277 5408 gratiam

2418 5341 2624 5401 θεῖσαν,
2668 5340 2701 5410 ἢ
2738 5337 3139 5398 άλλοιωθεῖσαν,
3175 5335 3208 5406 ἢ
3245 5335 3491 5405 παθητὴν
3516 5338 3616 5404 τὴν
3643 5336 3739 5389 τοῦ
3773 5338 3962 5408 Κυρίου

757 5437 918 5488 homo
951 5429 1201 5484 nimirum
1229 5432 1319 5499 qui
1357 5449 1418 5485 ex
1451 5430 1618 5485 Maria
1642 5431 1882 5486 exstitit:
1916 5438 2010 5485 aut
2040 5433 2084 5486 si
2106 5431 2276 5487 Doniii

2420 5430 2680 5498 θεότητα,
2732 5429 2765 5498 ἢ
2813 5426 3224 5498 ἀπροσκύνητον
3271 5427 3367 5497 τὴν
3415 5426 3508 5478 τοῦ
3566 5425 3774 5497 Κυρίου
3825 5428 3962 5497 ἡμῶν

760 5524 925 5580 nostri
954 5536 1172 5578 carnem
1201 5537 1306 5577 non
1334 5537 1399 5576 ex
1432 5523 1655 5592 Deipara
1701 5521 1916 5592 Virgine
1960 5520 2124 5576 Maria
2170 5537 2277 5576 sum

2423 5521 2602 5593 σάρκα
2645 5519 2720 5583 ὼς
2769 5517 3054 5590 ἀνθρώπου
3115 5517 3207 5571 καὶ
3240 5517 3315 5588 μὴ
3345 5518 3725 5590 προσκυνητὴν
3758 5518 3833 5582 ὡς
3863 5521 3961 5571 Κυ-

831 5683 872 5712 ἰ
901 5681 1027 5734 Luc.
1066 5696 1104 5742 ι,
1138 5679 1225 5733 5i.
1301 5677 1350 5709 ⁷⁸
1379 5675 1504 5728 ibid.
1538 5677 1626 5732 55.
1702 5675 1792 5731 ⁷³1
1820 5678 1957 5731 Pctr.
1998 5692 2068 5744 iv,
2107 5676 2151 5731 Ι.
2230 5677 2277 5707 ⁷³

767 5750 809 5781 ⁷⁷
847 5753 972 5805 ibid.
1009 5753 1059 5806 4.
1138 5750 1186 5780 ⁷⁸
1221 5751 1324 5804 Act
1381 5762 1441 5806 ιι.
1475 5747 1527 5800 αἱ.

2381 5692 2464 5730 im.
2498 5692 2589 5731 γιιι
2655 5675 2723 5729 5‘).
2817 5670 3117 5727 "Malach.
3157 5689 3237 5735 iii,
3273 5673 3324 5725 6.
3401 5669 3504 5723 τςι
3558 5671 3682 5724 Cor.
3741 5687 3828 5735 xv,
3883 5673 3956 5726 55.

847 5753 972 5805 ibid.
1009 5753 1059 5806 4.
1138 5753 1186 5780 ⁷⁸
1221 5753 1324 5804 Act
1381 5762 1441 5811 ιι,
1475 5753 1527 5800 ι.
