4086 6552
221 453 357 508 1913

1298 457 1387 510 DE
1429 458 1651 514 RECTA
1692 460 1847 516 FIDE
1882 464 1971 518 AD
2010 463 2326 522 REGINAS.

3297 474 3434 530 ιειι

220 571 334 640 ρίου
363 570 456 623 καὶ
493 569 624 623 Θεοῦ
656 571 851 640 σάρκα,
886 572 1094 638 τοῦτον,
1124 573 1508 644 ἀναθεματίζει
1561 579 1593 646 ἠ
1643 577 1758 645 ἁγία

1874 587 2036 647 plam,
2070 581 2162 634 sed
2192 579 2406 636 ctelitus
2439 579 2700 649 dilapsam
2729 582 3128 653 praedicaverit;
3177 591 3265 638 aut
3293 586 3432 639 clivi-

215 661 476 732 καθολικὴ
512 663 822 734 Ἐκκλησία,
855 664 1144 736 πειθομένη
1183 665 1261 736 τῷ
1289 666 1418 738 θείῳ
1463 668 1758 740 ’Λποστόλῳ

1869 669 2090 722 nitatem
2129 670 2179 723 in
2213 684 2429 725 carnem
2457 685 2690 736 versam,
2729 684 2822 728 aut
2851 674 3149 738 confusam,
3181 686 3273 728 aut
3319 692 3420 728 lllll-

213 755 455 823 λέγοντι·
495 775 513 806 ι
553 757 620 809 Et’
659 776 742 821 τις
776 760 902 829 ὑμῖν
931 759 1338 828 εὐαγγελίζεται
1364 803 1377 826 ,
1411 762 1538 834 παρ’
1570 763 1597 814 ὃ
1626 780 1767 834 παρ-

214 843 454 906 ελάϐετε,
485 847 732 916 ἀνάθεμα
759 847 916 901 ἔστω.
943 867 960 898 i
995 850 1101 902 Καὶ
1123 849 1294 903 ταῦτα
1322 850 1420 920 μὲν
1447 851 1475 903 ὁ
1504 851 1768 922 μακάριος

228 935 542 1000 Ἀθανάσιος
569 954 583 968 ο

1866 766 2074 823 tatam;
2132 770 2224 813 aut
2285 759 2495 816 Domini
2543 762 2883 819 divinitatem
2935 763 3281 833 passibilem;
3339 773 3431 817 aut

1864 851 2100 919 ejusdem
2146 850 2350 905 Domini
2379 853 2544 906 nostri
2589 867 2825 915 carnem,
2873 856 3034 910 veluti
3077 855 3202 909 nudi
3259 855 3430 908 humi-

1866 942 1968 1004 nis,
2002 941 2219 994 minime
2259 941 2582 997 adorandam
2635 945 2865 1009 dixerit;
2913 947 3056 999 hunc
3093 945 3428 998 anathemate

212 1027 398 1096 plectit
430 1039 612 1083 sancta
645 1039 698 1083 et
741 1031 1000 1085 catholica
1074 1031 1332 1096 Ecclesia,
1400 1032 1558 1087 dictis
1599 1031 1841 1099 Apostoli
1883 1047 2075 1099 parens
2114 1033 2182 1086 ita
2231 1034 2560 1087 scribentis:
2605 1053 2623 1086 t
2661 1034 2716 1089 Si
2752 1035 2872 1103 quis
2907 1036 3057 1090 vobis
3095 1032 3426 1104 evangeliu-

211 1118 355 1172 verit
383 1130 576 1188 praeter
605 1122 654 1174 id
695 1121 834 1189 quod
880 1124 1178 1190 accepistis,
1223 1127 1505 1181 anathema
1569 1125 1728 1180 sit".
1766 1140 1784 1174 ι
1831 1121 2115 1188 "uelisque
2151 1124 2338 1178 beatus
2392 1126 2740 1180 Athanasius.

287 1208 344 1263 ι’.
387 1205 552 1280 Οἶμαι
595 1212 652 1265 δὲ
690 1212 799 1266 δεῖν
853 1214 945 1266 καὶ
1000 1215 1200 1287 ἐτέρων
1241 1215 1412 1284 ἁγίων
1444 1215 1768 1268 ἐπισκόπων

211 1298 535 1368 παραθεῖναι
569 1301 769 1371 φωνὰς,
802 1304 892 1358 τὸν
924 1305 1084 1360 αὑτὸν
1113 1306 1339 1377 ἐχούσας
1372 1305 1593 1360 σκοπόν.

654 1547 924 1600 Ἀττικοῦ
961 1548 1318 1603 ἐπισκόπου.

283 1677 525 1748 Σήμερον
561 1679 792 1748 Χριστὸς
820 1683 847 1735 6
879 1683 1154 1754 Δεσπότης
1186 1684 1284 1753 τὴν
1316 1684 1413 1753 τῆς
1459 1686 1757 1752 φιλανθρω·

207 1767 343 1832 πίας
372 1770 622 1840 γέννησιν
649 1773 960 1839 ἀνεδέξατο·
987 1774 1084 1844 τὴν
1124 1774 1231 1846 γὰρ
1255 1775 1352 1844 τῆς
1396 1775 1581 1844 θεῖκῆς
1609 1777 1766 1841 ἀξίας

1945 1212 2010 1268 Χ.
2048 1215 2310 1270 Existimo
2336 1226 2513 1270 autem
2541 1226 2594 1272 et
2622 1218 2845 1271 aliorum
2876 1231 3091 1285 quoque
3121 1225 3425 1270 sanctorum

1868 1303 2243 1373 episcoporum
2281 1308 2598 1370 sententias,
2621 1308 2816 1376 quibus
2847 1307 2986 1362 idem
3019 1309 3212 1360 docere
3236 1319 3428 1375 prepo-

1866 1395 2028 1447 situm
2059 1403 2160 1461 est,
2193 1397 2501 1465 neutiquam
2541 1398 2628 1452 bie
2651 1398 3145 1452 omittendas‘esse.

2428 1531 2589 1583 Attici
2616 1532 2860 1598 episcopi.

1943 1660 2112 1716 Hodie
2140 1659 2384 1715 Christus
2433 1662 2690 1716 Dominus
2723 1661 3065 1728 benignitatis
3099 1676 3221 1730 erga
3253 1657 3423 1712 homi-

1871 1767 1967 1805 nes
1994 1751 2329 1805 nativitatem
2355 1751 2597 1821 suscepit
2628 1767 2641 1802 :
2685 1751 2881 1804 divinae
2920 1752 3111 1818 quippe
3153 1747 3424 1820 dignitatis

208 1838 584 1929 crpoﬁnﬁpxsv.
613 1858 754 1916 Εἶτα
789 1838 1017 1929 τούτοις
1041 1838 1548 1933 ἔπι-φέρείπάλινί
1582 1867 1638 1918 Ὀ
1659 1838 1758 1935 ’τῆς

1874 1841 2152 1895 nativitale
2191 1842 2614 1911 prasexsistebat.
2657 1841 2813 1894 Addit
2861 1842 2943 1896 his
2979 1854 3226 1893 rursum:
3269 1838 3426 1891 Beni-

1873 1933 2082 1953 _._!.-.!-
2116 1930 2345 1953 IY-_I_--_..
2417 1947 2528 1953 ---μ
2575 1940 2756 1953 ---Α-ΔΑ
2804 1939 2988 1953 ..-ι,-..-
3044 1927 3422 1953 --.ἷ..-.ιζι2,.-ῗη

209 1927 620 2018 φιλανθρωπίας
653 1954 822 2021 Λόγος
853 1927 1098 2007 κενοῦται
1124 1927 1161 2018 ,ν
1179 1927 1449 2020 ἀκένωτος
1480 1958 1579 2027 τὴν
1604 1927 1758 2027 (positi

1868 1933 2085 2000 gnitatis
2116 1930 2372 1997 Verbum,
2411 1947 2532 1986 cum
2573 1940 2760 1998 suapte
2804 1939 2992 1985 natura
3041 1927 3424 1984 exinanitionis

205 2039 517 2108 τυγχάνωνο
549 2044 735 2097 ἑαυτὸν
768 2044 874 2114 γάρ
903 2045 1167 2108 ὲκένωσε,
1203 2047 1415 2117 μορφὴν
1448 2046 1632 2100 δούλου
1672 2047 1765 2099 λα-

208 2126 344 2182 ϐὼν.
381 2129 438 2182 '0
485 2131 724 2202 ἄσαρκος
773 2134 1087 2204 σαρκοῦται,
1124 2152 1144 2185 t
1186 2135 1245 2188 '0
1273 2137 1444 2205 Λόγος
1477 2138 1610 2208 σάρξ
1648 2137 1764 2205 ἐγέ-

205 2237 352 2274 νετο.
389 2241 407 2272 ι
458 2223 514 2276 Ὀ
548 2225 659 2294 ἁφῇ
711 2225 783 2296 μὴ
826 2225 1145 2278 ὑποπίπτων
1191 2225 1278 2278 διά
1317 2226 1376 2278 τὸ
1409 2230 1507 2296 τῆς
1550 2227 1764 2295 φύσεως

201 2311 515 2382 ἀσώματον,
551 2315 884 2386 ψηλαφᾶται.
928 2317 987 2368 '0
1016 2315 1247 2384 ἄναρχος
1281 2316 1384 2368 ὑπὸ
1411 2318 1583 2388 ἀρχὴν
1616 2318 1764 2386 γίνε-

200 2417 296 2454 ται
329 2407 664 2475 σωματικήν.
718 2406 775 2459 Ὀ
823 2406 1022 2467 τέλειος
1053 2403 1240 2470 αὔξει,
1282 2405 1310 2456 ὁ
1343 2405 1609 2476 ἄτρεπτος
1638 2423 1765 2475 προ-

201 2491 416 2556 κόπτει,
442 2496 470 2546 ό
497 2494 746 2559 πλούσιος
780 2497 835 2547 ἐν
866 2495 1204 2565 καταλύματι
1230 2495 1496 2549 τίκτεται.
1515 2497 1572 2548 Ὀ
1607 2513 1761 2564 περι-

204 2580 422 2634 δάλλων
449 2582 538 2636 τὸν
571 2585 794 2655 οὐρανὸν
835 2588 892 2640 ὲν
937 2585 1184 2654 νεφέλαις
1207 2624 1221 2650 ,
1260 2585 1663 2658 σπαργανοῦται
1685 2601 1699 2614 ’
1734 2588 1762 2639 ὀ

203 2673 462 2745 βασιλεὺς
495 2678 552 2731 ἐν
583 2678 758 2750 φάτνῃ
791 2678 1155 2734 κατατίθεται.

637 2978 942 3050 Ἀντιόχου
971 2979 1324 3034 ἐπισκόπου.

280 3107 379 3164 Ὃν
402 3109 528 3179 χθὲς
557 3112 839 3182 ἀχράντοις
879 3114 1113 3183 λοχείαις
1154 3114 1380 3184 Σωτῆρα
1408 3113 1536 3183 ἡμῖν
1563 3113 1595 3182 ἡ
1625 3112 1758 3178 (too-

1866 2038 2034 2091 capax
2089 2039 2192 2078 non
2223 2032 2401 2091 esset,
2446 2023 2782 2087 exinanitur,
2830 2023 3012 2077 servili
3060 2022 3204 2078 enim
3252 2020 3423 2075 forma

1863 2123 2108 2184 suscepta
2152 2116 2498 2184 semetipsum
2541 2115 2854 2170 exinanivit.
2909 2115 3010 2180 Qui
3065 2127 3262 2182 expers
3309 2119 3423 2164 erat

1863 2207 2078 2270 carnis,
2128 2221 2292 2260 carne
2342 2205 2612 2271 induitur,
2670 2223 2688 2256 ‹
2744 2205 2972 2260 Verbum
3042 2218 3168 2257 caro
3225 2202 3421 2256 factum

1863 2307 1945 2352 est
1973 2298 2039 2351 ⁸ο.
2073 2315 2090 2349 ι
2142 2297 2240 2362 Qui
2291 2297 2360 2352 ob
2417 2306 2664 2351 naturam
2711 2297 2952 2364 corporis
3000 2303 3273 2362 expertem
3326 2291 3422 2344 sub

1866 2399 2065 2443 tactum
2097 2404 2200 2442 non
2227 2388 2494 2451 veniebat,
2531 2387 2812 2455 palpabilis
2847 2385 3095 2439 eﬂicitur.
3144 2382 3244 2448 Qui
3276 2381 3424 2450 prin-

1861 2480 2059 2548 cipium
2087 2478 2379 2544 nesciebat,
2433 2480 2726 2534 secundum
2777 2492 2971 2544 corpus
3013 2474 3223 2528 initium
3262 2473 3422 2528 sorti-

1864 2580 1970 2624 tur.
1994 2570 2092 2635 Qui
2122 2571 2367 2624 absolute
2396 2569 2666 2639 perfectus
2696 2578 2836 2632 erat,
2876 2570 3205 2620 incrementa
3233 2565 3415 2619 sumit.

1861 2663 1960 2728 Qui
1990 2665 2226 2716 converti
2261 2679 2364 2716 non
2397 2670 2591 2731 potest,
2619 2660 2848 2731 prolicit.
2885 2659 2984 2726 Qui
3027 2660 3177 2713 dives
3205 2667 3290 2712 est
3314 2694 3328 2718 ,
3366 2655 3418 2708 itt

1860 2753 2157 2806 diversorio
2183 2753 2438 2822 gignitur.
2465 2753 2564 2817 Qui
2591 2752 2786 2806 coelum
2816 2753 3040 2808 nubibus
3067 2751 3216 2819 tegit,
3243 2745 3420 2800 fasciis

1863 2841 2168 2896 involvitur.
2201 2841 2302 2908 Qui
2334 2856 2424 2895 rex
2464 2850 2569 2905 est,
2606 2841 2657 2894 in
2690 2840 2950 2911 praesepio
2980 2840 3283 2908 deponitur.

2383 2973 2626 3028 Antiochi
2651 2975 2894 3047 episcopi.

1934 3111 2100 3179 Quem
2133 3110 2383 3164 hesterno
2413 3109 2496 3164 die
2531 3123 2627 3178 pro
2659 3117 2840 3162 nostra
2874 3105 3048 3161 salute
3080 3101 3423 3158 immaculato

196 3197 381 3261 τόκος,
404 3202 436 3268 ἡ
465 3201 849 3273 καλλιτόκος,ή
880 3205 1258 3273 μεγαλοτόκος,
1299 3206 1332 3273 ἡ
1362 3203 1687 3273 φαεσφόρος.
1719 3203 1750 3272 ἡ

1866 3203 2150 3274 puerperio
2187 3203 2418 3270 genitrix
2453 3202 2600 3264 vitae,
2636 3209 2807 3254 mater
2829 3195 3240 3268 pulchritudinis
3263 3235 3278 3261 ,
3308 3205 3424 3246 nia--

198 3288 574 3359 ἑλπιδοφόρος.
601 3294 634 3360 ἡ
658 3293 936 3361 Θεοτόκος,
970 3299 1002 3367 ἡ
1030 3297 1322 3362 ξενοτόκος,
1351 3298 1383 3367 ἠ
1413 3295 1762 3365 παρθενομήο

199 3397 319 3451 τωρ
342 3379 495 3434 ὧδινε
519 3383 726 3453 Μαρία.

213 3601 588 3683 Ἆμφιλοχίου
642 3603 973 3683 ἐπισκόπου
1029 3608 1302 3683 Ἰκονίου,
1355 3611 1422 3665 ἐκ
1469 3611 1576 3667 τοῦ
1617 3614 1754 3682 Περὶ

515 3675 624 3741 τῆς
659 3675 807 3728 κατὰ
842 3675 1035 3744 σάρκα
1069 3680 1421 3746 γεννήσεως.

282 3804 348 3858 Ἦ
374 3805 596 3877 ἀλήθεια
641 3809 907 3879 ἐγνώσθη,
960 3811 992 3878 ἡ
1040 3811 1198 3880 χάρις
1235 3809 1387 3883 ἦλθε,
1433 3816 1525 3868 καὶ
1571 3817 1604 3886 ἡ
1645 3813 1758 3885 ζωὴ

197 3898 394 3968 ἐφάνη.
437 3899 498 3951 Ὀ
525 3899 618 3952 τοῦ
644 3901 776 3953 Θεοῦ
819 3900 892 3954 ῶν
920 3901 1064 3965 Υἱὸς,
1097 3904 1124 3954 6
1149 3903 1211 3956 ὲκ
1237 3905 1370 3957 Θεοῦ
1395 3907 1585 3974 Λόγος,
1623 3905 1758 3976 σὰρξ

194 3988 418 4058 ἐγένετο
453 3989 518 4042 δι’
547 3991 714 4058 ἡμᾶς,
746 3992 831 4045 ἵνα
862 3991 1085 4058 θνητοὺς
1104 3994 1182 4055 είς
1210 3993 1354 4064 ζωὴν
1387 3996 1601 4048 αἰώνιον
1625 3998 1757 4049 ἀνα-

196 4081 395 4150 στήσῃ,
423 4080 516 4132 καὶ
545 4081 608 4132 ἐκ
637 4081 743 4135 τῶν
773 4083 976 4152 νεκρῶν
1005 4082 1280 4156 ἀνεγείρῃ.
1314 4086 1372 4137 '0
1395 4086 1629 4154 Ποιητὴς
1649 4086 1755 4138 τῶν

195 4170 360 4230 ὅλων,
390 4171 417 4222 6
448 4169 553 4240 πρὸ
580 4171 757 4242 πάσης
785 4175 1014 4236 κτίσεως
1042 4174 1248 4243 ὁρατῶν
1280 4192 1338 4227 τε
1369 4177 1460 4228 καὶ
1487 4177 1752 4245 ἀοράτων,

197 4262 350 4331 μόνῳ
391 4260 564 4330 Πατρὶ
605 4261 698 4313 καὶ
749 4263 1023 4334 Πνεύματι
1069 4265 1422 4334 συνυπάρχων
1455 4267 1754 4331 ἀθάνατος,

195 4353 439 4422 σήμερον
481 4351 588 4405 ίδοὺ
618 4353 749 4422 ἡμῖν
780 4357 844 4407 ὲκ
877 4354 1147 4424 Παρθένου
1186 4355 1552 4426 γεννώμενος,
1585 4359 1752 4429 χωρὶς

195 4441 380 4512 πάσης
416 4441 709 4514 ἁμαρτίας,
740 4443 866 4497 ἄνευ
895 4444 1201 4518 ἀνθρώπου,
1232 4447 1348 4515 ἦτοι
1385 4447 1596 4517 ἀνδρὸς.

360 4663 658 4732 Ἄμμωνος
681 4658 1016 4716 ἐπισκόπου
1048 4661 1598 4730 Ἀδριανουπόλεως.

236 4798 390 4866 Ἔφη
419 4795 528 4866 γάρ
556 4805 674 4846 που
702 4789 799 4844 καί
829 4792 1004 4857 αὐτὸς
1032 4793 1160 4860 περὶ
1199 4792 1304 4846 τοῦ
1329 4793 1474 4848 Θεοῦ
1509 4794 1721 4862 Λόγου.

270 4926 333 4978 Et
357 4925 413 4978 δὲ
444 4924 602 4988 αὐτὸς
623 4921 753 4984 Θεὸς
783 4919 881 4990 τὴν
910 4921 1071 4988 φύσιν
1094 4922 1373 4993 ὑπάρχων,
1400 4924 1474 4986 ὼς
1505 4923 1598 4976 τοῦ
1621 4921 1754 4975 Θεοῦ

200 5019 496 5088 μονογενὴς
538 5018 700 5081 Υἱὸς,
735 5015 792 5068 ὲν
827 5012 1124 5082 προσλήψει
1167 5016 1266 5083 τῆς
1310 5016 1494 5068 δούλου
1542 5017 1754 5086 μορφῆς

195 5107 511 5176 γενόμενος,
536 5109 632 5162 καὶ
660 5105 996 5178 πρωτότοκος
1026 5102 1148 5166 Υἱὸς
1173 5105 1269 5172 τῆς
1302 5106 1458 5173 ἁγίας
1480 5107 1753 5176 Παρθένου

199 5195 467 5264 κληθῆναι
499 5196 860 5264 καταξιώσας,
893 5193 1205 5264 ἀντίλυτρον
1233 5196 1424 5248 ἑαυτὸν
1448 5198 1588 5268 ὑπὲρ
1619 5200 1755 5250 πάνυ

192 5300 308 5338 των
360 5285 579 5342 δέδωκε.
627 5286 997 5356 Προσεπάγει
1041 5283 1108 5337 δὲ
1159 5284 1414 5348 τούτοιςο
1467 5287 1605 5353 Ἤδη
1655 5288 1753 5355 μὲν

196 5372 375 5436 ἔδειξα
417 5373 515 5443 τὴν
558 5378 830 5446 ἀσέϐειαν,
928 5375 1339 5447 περιπίπτουσιν
1371 5374 1419 5424 οἱ
1467 5375 1752 5442 ‘Apstavoi,

194 5465 444 5532 λέγοντες
495 5466 681 5533 χρείαν
738 5469 1030 5536 ἐσχηκέναι
1087 5465 1186 5533 τὴν
1231 5461 1487 5514 Θεοτόκον
1535 5465 1751 5528 Μαρίαν

191 5556 306 5609 τῶν
351 5551 495 5605 κατὰ
543 5553 634 5604 τὸν
679 5557 840 5623 νόμον
883 5558 1004 5609 τότε
1054 5551 1506 5624 προσφερομένων
1554 5551 1750 5602 θυσιῶν

195 5644 340 5712 ὑπὲρ
367 5640 473 5693 τῶν
499 5643 799 5694 τικτουσῶν
835 5645 1124 5709 γυναικῶν.

193 5820 241 5852 ’⁸
267 5815 440 5870 Calai.
481 5829 516 5875 t,
553 5814 604 5866 9.
683 5812 726 5841 '°
758 5811 910 5865 εἰσίω.
938 5828 976 5875 ι,
1004 5813 1086 5864 14.

1867 3295 2188 3367 gnilicentiae
2233 3295 2476 3360 lucisque
2507 3306 2724 3360 parens,
2752 3292 2862 3359 spei
2905 3290 3258 3358 apportatrix,
3298 3286 3421 3340 Dei-

1865 3402 2017 3456 para,
2048 3400 2166 3453 qua:
2199 3398 2338 3439 novo
2367 3384 2573 3452 peperit
2600 3383 2778 3448 modo,
2808 3381 2958 3448 virgo
2983 3391 3038 3434 et
3065 3389 3235 3433 tnater
3263 3391 3420 3446 pepe-

1862 3479 1934 3531 rit
1956 3475 2143 3529 Maria.

1863 3609 1968 3680 50
2005 3606 2371 3680 ΑηῳΙρίΙοεΙιίζ
2391 3602 2830 3680 episcopiiconii,
2857 3619 2921 3656 ex
2958 3603 3090 3654 libro
3117 3601 3181 3654 de
3203 3611 3420 3669 genera-

2159 3679 2297 3729 tione
2331 3675 2543 3728 Donmti
2573 3676 2854 3728 secundum
2889 3689 3119 3726 carnem.

1930 3812 2140 3866 Veritas
2173 3810 2384 3880 cognita
2436 3818 2540 3871 est,
2569 3809 2746 3879 gratia
2801 3810 2968 3872 venit,
2993 3807 3102 3859 vita
3149 3799 3414 3875 apparuit,

1857 3903 1951 3958 Dei
1987 3903 2247 3962 Verbum,
2275 3900 2474 3966 Deique
2501 3899 2669 3954 Filius
2711 3909 2927 3968 propter
2977 3914 3074 3953 nos
3107 3898 3416 3951 incarnatus

1859 4004 1961 4059 est,
1990 4008 2096 4064 quo
2126 3992 2376 4046 nimirum
2419 3993 2677 4045 mortales
2699 4006 2726 4043 a
2750 4000 2924 4043 morte
2951 3988 3016 4042 ad
3063 3989 3226 4041 vitam
3257 3995 3414 4037 teter-

1859 4102 1980 4140 nam
2017 4094 2311 4140 revocaret.
2347 4081 2731 4136 Universorum
2769 4080 2979 4148 Opifex,
3017 4079 3106 4148 qui
3143 4085 3265 4130 ante
3295 4087 3410 4126 om-

1857 4191 1979 4230 nem
2037 4183 2340 4227 creaturam
2400 4181 2507 4223 tam
2576 4169 2839 4224 visibilem
2900 4185 3058 4236 quam
3097 4161 3410 4222 invisibile"!

1859 4265 1959 4322 soli
1997 4264 2140 4318 Patri
2174 4274 2224 4316 et
2265 4261 2486 4330 Spiritui
2540 4270 2725 4313 sancto
2783 4261 3141 4313 coexsisleliat
3195 4257 3412 4308 immer-

1858 4358 1998 4420 talis,
2025 4369 2150 4409 ecce
2181 4355 2226 4408 is
2278 4353 2412 4406 citra
2451 4351 2612 4403 ullmn
2646 4361 2944 4418 peccatum,
3001 4350 3266 4414 ullnntqne
3316 4343 3408 4394 Ιιο-

1857 4447 2016 4498 minis
2073 4456 2164 4498 aut
2207 4444 2304 4498 viri
2359 4457 2602 4512 operam,
2641 4441 2800 4496 hodie
2855 4441 3012 4496 nobis
3067 4455 3132 4494 ex
3195 4433 3410 4501 Virgine

1786 4553 1828 4607 ι)
1861 4537 2100 4592 nascitur

2139 4671 2408 4724 Ammonis
2451 4671 2672 4738 episcopi
2703 4668 3132 4734 Adrianoiiolcos.

2169 4798 2256 4852 Sic
2277 4799 2413 4852 enim
2447 4798 2554 4867 ipse
2574 4797 2648 4850 ait
2673 4797 2734 4848 dc
2762 4796 2864 4849 Deo
2899 4794 3083 4847 Verbo.

1926 4932 2075 4997 Quod
2127 4932 2169 4985 si
2217 4932 2280 4994 is,
2332 4931 2422 4997 qui
2481 4928 2620 4982 Dens
2674 4930 2965 4982 secundum
3021 4937 3262 4980 naturam
3304 4935 3405 4988 est,

1857 5035 2038 5092 utpote
2067 5023 2372 5088 unigenitus
2404 5021 2491 5074 Dei
2516 5019 2705 5078 Filius,
2724 5019 2902 5069 servili
2923 5017 3091 5066 forma
3110 5025 3406 5080 assumpta,

1862 5129 2136 5181 sacrmque
2165 5112 2394 5177 Virginis
2428 5107 2813 5176 prirnogenitus
2833 5104 3085 5172 appellari
3112 5120 3214 5159 non
3256 5104 3408 5158 dedi—

1859 5216 2070 5275 gnatus,
2131 5200 2474 5266 semetipsum
2544 5194 2961 5262 redemptionem
3011 5211 3108 5264 pro
3160 5197 3408 5250 omnibus

1857 5293 2092 5346 tradidit.
2128 5286 2283 5340 Addit
2323 5293 2572 5350 prwteiea
2599 5297 2617 5334 :
2647 5282 2804 5336 Clare
2834 5292 3000 5350 patet,
3038 5283 3104 5342 .in
3146 5293 3404 5351 quantam

1857 5381 2180 5445 impietatem
2232 5373 2581 5440 prolabuntur
2621 5373 2830 5438 Ariani,
2863 5373 2951 5439 qui
2984 5372 3266 5438 Deiparatn
3296 5370 3406 5421 Ma-

1853 5471 1984 5521 riam
2010 5466 2074 5517 iis
2101 5463 2404 5525 sacriﬁciis,
2425 5477 2541 5529 qua!
2568 5477 2666 5531 pro
2689 5463 2964 5531 puerperis
2991 5475 3054 5514 ex
3082 5460 3196 5527 lege
3221 5459 3402 5513 oﬂerri

1851 5569 1965 5609 mos
1994 5561 2127 5615 crat,
2159 5565 2292 5619 opus
2316 5551 2568 5606 habuisse
2597 5557 2868 5606 asserunt.
