4090 6492
721 390 858 447 lilii
1729 391 1785 450 S.
1827 392 2099 449 CYRILLI
2142 392 2608 448 ALEXANDlllNl
2646 392 2964 448 ARCIHEP.
3855 388 3994 443 (θὶίὸ

722 503 944 559 locum;
985 503 1210 571 episcopi
1254 501 1798 574 ConstantinOpoleos,
1828 505 1901 560 De
1929 507 2111 559 divina
2132 522 2288 571 qene-

2403 503 2677 559 Ἰωάννου
2702 501 3040 574 ἐπισκόπου
3062 503 3802 574 Κωνσταντινουπόλεως,
3860 508 3990 572 Περξ

1388 571 1610 628 ratione.

2828 571 2938 642 τῆς
2969 573 3129 639 θείας
3154 572 3521 642 γεννήσεως.

2600 684 2756 753 Φησὶ
2786 684 2853 737 δὲ
2881 682 3017 754 περὶ
3044 683 3154 753 τῆς
3190 685 3366 754 ἁγίας
3397 687 3714 752 Παρθένου

2470 796 2616 851 Ἀντὶ
2659 797 2714 850 δὲ
2760 796 2933 868 ἡλίου,
2975 795 3110 867 φησὶ
3133 834 3149 859 ,
3178 793 3266 849 τὸν
3299 794 3453 865 ἥλιον
3492 794 3591 863 τῆς
3617 792 3994 859 δικαιοσύνης

2388 890 2815 962 ἀπεριγράπτως
2834 891 3057 961 χωρήσα
3084 892 3151 942 P'.
3168 888 3276 942 Καὶ
3305 886 3380 959 μὴ
3404 888 3647 957 ζητήσῃς
3665 886 3822 947 πῶς’
3855 887 3991 937 ὅπου

2388 981 2497 1051 γάρ
2525 980 2768 1051 βούλεται
2796 980 2948 1046 Θεὸς,
2970 981 3186 1033 νικᾶται
3214 979 3430 1047 φύσεως
3460 978 3613 1043 τάξις
3634 994 3649 1007 ·
3691 976 3991 1045 ἠϐουλήθη

2388 1071 2519 1141 γάρ,
2581 1068 2841 1141 ἠδυνήθη,
2885 1068 3171 1139 κατῆλθεν,
3210 1067 3401 1121 ἔσωσε.
3452 1066 3750 1134 Σύνδρομα
3800 1064 3994 1115 πάντα

2387 1160 2525 1232 Θεῷ.
2557 1162 2803 1231 Σήμερον
2835 1161 2863 1213 ὁ
2890 1158 2965 1212 ὢν
2992 1158 3255 1220 τίκτεται,
3289 1158 3385 1211 καὶ
3417 1157 3446 1209 ὁ
3474 1155 3548 1208 ὢν
3578 1154 3806 1223 γίνεται
3847 1153 3990 1222 ὅπερ

2387 1253 2489 1305 οὐκ
2508 1247 2596 1322 ἦν.
2625 1252 2719 1303 Ὃν
2742 1250 2849 1321 γάρ
2878 1249 3030 1313 Θεὸς,
3057 1250 3265 1317 γίνεται
3294 1248 3600 1316 ἄνθρωπος,
3630 1245 3739 1297 οὐκ
3770 1242 3990 1304 ἐκστάς

2386 1341 2481 1394 τοῦ
2530 1335 2669 1393 εἶναι
2714 1338 2864 1401 Θεός.
2913 1336 3051 1392 Οὓτε
3086 1336 3195 1407 γάρ
3245 1337 3363 1389 κατ’
3402 1334 3660 1387 ἔκστασιν
3713 1332 3991 1400 θεότητος

2388 1432 2611 1500 γέγονεν
2634 1430 2939 1501 ἄνθρωπος,
2962 1429 3085 1482 οὔτε
3116 1426 3255 1480 κατά
3282 1425 3562 1497 προκοπὴν
3586 1424 3645 1490 ἐξ
3671 1423 3989 1494 ἀνθρώπου

2388 1523 2575 1591 γέγονε
2621 1521 2787 1585 Θεός·
2831 1520 2966 1574 ἀλλά
2995 1520 3168 1589 Λόγος
3206 1518 3281 1572 ὢν
3316 1518 3403 1573 διά
3445 1518 3507 1571 τὸ
3533 1516 3790 1580 ἀπαθὲς,
3844 1515 3990 1585 σάρξ

1055 686 1188 740 Dicit
1214 696 1387 741 autem
1412 687 1474 741 de
1498 697 1679 742 sancta
1711 686 1946 758 Virgine.

790 798 933 853 Loco
988 798 1140 864 solis,
1186 800 1283 866 ait,
1313 799 1797 870 incircumscriptze
1844 798 2075 869 iustitiae
2113 805 2285 859 solem

721 890 1001 959 complexa
1031 889 1153 945 fuit.
1191 889 1373 960 Neque
1419 891 1507 946 hic
1553 892 1836 961 quaesieris
1886 896 2157 963 quomodo
2183 896 2288 950 hoc

721 979 922 1035 factum
954 982 1045 1045 sit,
1080 991 1170 1035 aut
1202 981 1319 1036 fieri
1368 983 1624 1051 poluerit.
1656 981 1760 1039 Ubi
1793 984 1938 1040 enim
1986 985 2127 1042 Deus
2153 988 2284 1051 vult,

722 1073 795 1127 ibi
858 1082 1061 1127 natura:
1100 1074 1233 1129 ordo
1285 1074 1450 1129 cedit.
1487 1072 1687 1140 Voluit,
1735 1076 1931 1144 potuit,
1985 1078 2285 1142 descendit,

720 1161 947 1218 salvavit
980 1165 1200 1220 :omnia
1248 1164 1343 1221 Dei
1397 1176 1588 1220 nutum
1642 1176 1960 1236 sequuntur.
1994 1168 2164 1226 Hodie
2195 1173 2285 1241 qui

721 1263 822 1320 est,
847 1255 1110 1326 gignitur;
1145 1266 1200 1311 et
1256 1271 1471 1312 rursum
1519 1256 1612 1327 qui
1656 1267 1758 1325 est,
1785 1259 1847 1314 ﬁt
1896 1260 1948 1316 id
1984 1263 2127 1330 quod
2179 1278 2284 1317 non

718 1354 857 1413 erat,
889 1361 1012 1401 nam
1043 1363 1165 1402 cum
1207 1349 1345 1401 Deus
1388 1354 1556 1414 esset,
1586 1347 1646 1401 fit
1680 1348 1881 1403 homo:
1908 1350 1974 1403 ab
2012 1365 2075 1405 ea
2111 1361 2285 1405 tamen

720 1450 881 1503 quam
908 1436 1137 1493 habebat
1164 1439 1364 1494 deitate
1389 1453 1493 1494 non
1524 1440 1758 1508 excidit;
1785 1455 1885 1497 nee
1910 1453 2032 1497 cum
2066 1443 2286 1497 deitatis

712 1522 926 1592 jactura
953 1526 1127 1584 factus
1157 1539 1239 1583 est
1289 1530 1468 1593 homo,
1507 1545 1682 1599 neque
1728 1546 1944 1587 rursum
1981 1548 2074 1602 per
2101 1548 2289 1589 succe-

719 1616 902 1671 dentia
936 1619 1268 1675 incrementa
1305 1635 1371 1675 ex
1404 1620 1622 1676 homine
1669 1620 1844 1679 factus
1867 1633 1951 1678 est
1986 1623 2160 1679 Deus:
2192 1625 2285 1678 sed

2393 1611 2644 1679 ἐγένετο,
2694 1611 3070 1681 ἀμεταϐλήτου
3121 1609 3387 1681 μενούσης
3423 1610 3526 1679 τῆς
3574 1611 3825 1678 φύσεως.
3873 1610 3987 1672 Καὶ

721 1706 957 1764 Verbum
988 1712 1279 1776 exsistcns,
1321 1721 1513 1768 natura
1542 1713 1761 1782 propria
1793 1713 1863 1768 ob
1896 1715 1976 1768 sui
2012 1715 2287 1784 impatibi-

2393 1700 2753 1771 προσεπάγει
2809 1703 3076 1768 τούτοις*
3124 1701 3185 1755 Ὁ
3231 1701 3326 1754 ἐπὶ
3372 1700 3563 1771 θρόνου
3614 1699 3836 1769 ὑψηλοῦ
3891 1701 3986 1753 καὶ

721 1796 923 1853 litatem
962 1810 1213 1855 manente
1247 1798 1348 1869 51
1378 1799 1501 1855 inde
1528 1808 1753 1863 mutata,
1786 1799 1987 1855 factum
2014 1814 2100 1858 est
2137 1818 2282 1858 caro.

2393 1797 2702 1866 ἐπηρμένου
2745 1796 3068 1866 καθήμενος,
3094 1796 3152 1849 ὲν
3185 1796 3359 1867 φάτνῃ
3402 1795 3609 1848 τίθεται
3629 1811 3646 1825 ο
3674 1797 3707 1848 ὁ
3736 1795 3980 1861 ἀναφὴς.

718 1889 975 1960 Adjungit
999 1889 1215 1945 demum
1250 1908 1265 1943 :
1305 1888 1408 1956 Qui
1443 1890 1497 1943 in
1520 1890 1657 1944 solio
1674 1890 1887 1945 sublimi
1922 1892 2289 1963 praecelsaque

2393 1888 2484 1940 καὶ
2531 1886 2768 1950 ἁπλοῦς,
2824 1888 2921 1941 καὶ
2972 1886 3294 1959 ἀσώματος,
3358 1888 3548 1957 χερσὶν
3594 1886 3984 1956 ἀνθρωπίναις

719 1980 985 2046 considet,
1014 1980 1060 2034 is
1084 1980 1136 2033 in
1172 1979 1435 2050 praesepio
1476 1979 1696 2049 ponitur
1726 1997 1740 2035 :
1773 1981 1864 2051 qui
1907 1982 2286 2053 impalpabilis,

718 2069 969 2138 simplex,
990 2086 1053 2126 ac
1084 2072 1434 2142 incorporeus
1470 2080 1575 2138 est,
1603 2072 1855 2128 humanis
1885 2075 2135 2131 manibus
2157 2092 2289 2134 con-

718 2165 981 2214 trectatur
1003 2181 1015 2215 :
1041 2161 1129 2230 qui
1156 2170 1502 2231 peccatorum
1534 2161 1746 2217 vincula
1768 2161 2077 2236 disrumpit,
2106 2166 2292 2226 fasciis

716 2247 1122 2319 constringitur.

1225 2364 1497 2421 Seueriani
1521 2368 1773 2437 episcopi.

816 2475 1260 2546 Quandoquidem
1322 2476 1556 2534 Verbum
1602 2482 1743 2549 quod
1805 2496 2038 2553 superne
2089 2499 2287 2542 arcana

720 2565 952 2634 quadam
989 2566 1483 2638 inexplicabilique,
1508 2584 1572 2624 ac
1597 2571 2046 2642 iucomprehensa
2081 2578 2289 2633 ratione

718 2671 786 2711 ex
830 2655 938 2712 Deo
960 2655 1120 2713 Patre
1139 2659 1204 2713 ab
1233 2661 1377 2715 omni
1409 2663 1713 2719 aeternitate
1751 2659 2020 2732 nascitur,
2055 2669 2285 2739 idipsum

721 2746 930 2805 inferne
955 2765 1020 2804 ex
1043 2750 1261 2822 Virgine
1288 2752 1454 2808 Maria
1481 2754 1536 2809 in
1560 2757 1805 2825 tempore
1832 2765 2152 2828 generatur;
2182 2778 2289 2831 quo

722 2836 774 2890 hi
823 2838 1094 2902 nimirum,
1131 2844 1221 2910 qui
1268 2844 1377 2898 nati
1424 2853 1581 2899 erant
1620 2846 1849 2915 inferne,
1888 2865 1955 2905 ex
1998 2854 2105 2906 Deo
2137 2866 2293 2908 rena-

720 2938 938 2982 scantur
974 2930 1150 2984 denuo
1183 2946 1436 2999 superne.

966 3041 1145 3095 Vitalii
1184 3046 1432 3114 episcopi,
1462 3062 1527 3101 ea:
1560 3064 1794 3104 sermone
1832 3050 1905 3104 De
1936 3052 2059 3119 fide.

789 3218 1074 3274 Credimus
1124 3218 1189 3271 ad
1236 3218 1373 3284 haec,
1405 3220 1548 3289 quod
1601 3222 1819 3291 quidem
1875 3223 1939 3276 ad
1996 3222 2293 3280 Salvatoris

724 3311 894 3365 nostri
946 3311 1399 3381 dispensationem
1443 3314 1735 3369 secundum
1795 3330 2014 3371 carnem
2077 3318 2290 3385 attinet,

725 3402 1172 3471 incarnatiOnem,
1200 3405 1291 3460 Dei
1323 3403 1501 3461 Verbo
1524 3406 1839 3461 immutabili
1863 3408 2294 3466 inconvertibili-

723 3509 827 3562 que
856 3508 1223 3562 permanente,
1249 3497 1315 3550 ad
1341 3497 1593 3551 humana:
1620 3508 1823 3553 natura:
1848 3499 2291 3557 instaurationem

726 3584 923 3638 factam
951 3599 1091 3639 esse.
1119 3584 1251 3639 Nam
1283 3603 1402 3641 cum
1436 3589 1566 3643 illud
1615 3591 1911 3643 secundum
1943 3600 2201 3644 aeternam
2226 3608 2293 3647 ex

729 3676 836 3729 Deo
858 3674 1019 3732 Patre
1054 3678 1314 3746 originem
1345 3695 1505 3734 verus
1540 3681 1629 3735 Dei
1664 3680 1832 3736 Filius
1864 3682 1957 3748 sit,
1988 3685 2290 3738 secundum

724 3780 840 3818 eam
869 3782 987 3835 qua:
1021 3777 1105 3822 est
1133 3785 1197 3822 ex
1224 3768 1472 3839 Virgine,
1506 3771 1710 3827 factum
1736 3781 1815 3828 est
1843 3772 2011 3828 Filius
2037 3773 2291 3830 hominis.

726 3856 931 3923 Estque
963 3874 1100 3913 unus
1146 3870 1199 3913 et
1246 3862 1385 3915 idem
1425 3864 1719 3917 secundum
1756 3864 2093 3919 divinitatem
2128 3864 2293 3922 Filius

728 3947 1001 4016 perlectus
1024 3960 1077 4005 et
1100 3950 1245 4005 Patri
1270 3953 1782 4022 consubstantialis;
1812 3966 1866 4009 et
1904 3955 2047 4011 idem
2081 3970 2292 4010 rursum

725 4041 1017 4093 secundum
1054 4042 1458 4111 generationem
1501 4058 1568 4096 ex
1607 4042 1825 4113 Virgine
1878 4044 2151 4113 perfectus
2192 4044 2295 4098 ho-

730 4144 838 4194 mo,
866 4130 1106 4198 ejusdem
1128 4144 1248 4182 cum
1270 4132 1478 4185 caeteris
1506 4132 1811 4186 hominibus
1829 4133 2081 4187 essentia:
2106 4148 2297 4187 secun-

731 4221 855 4274 dum
892 4236 1134 4277 carnem.
1168 4223 1225 4277 Si
1257 4224 1380 4291 quis
1409 4232 1587 4278 autem
1640 4224 1833 4278 dixerit
1863 4224 2065 4279 Christi
2096 4238 2293 4294 corpus

729 4325 761 4365 e
788 4314 926 4368 caelo
956 4313 1295 4384 deportatum
1326 4330 1467 4379 esse,
1502 4325 1593 4369 aut
1644 4330 1864 4370 carnem
1894 4332 2057 4387 quam
2109 4318 2292 4381 habet,

2389 1978 2711 2053 εἱλίσσεται·
2768 1979 2798 2032 ὁ
2850 1978 2919 2031 τά
2961 1978 3061 2049 τῆς
3120 1978 3398 2051 ἁμαρτίας
3455 1976 3708 2031 διασπῶν
3771 1975 3976 2046 δεσμὰ,

2392 2072 2727 2143 σπαργάνοις
2759 2068 3113 2142 ἐμπλέκεται.

2788 2354 3149 2422 Σεσηριανοῦ
3189 2354 3549 2410 ἐπισκόπου.

2470 2469 2530 2521 '0
2559 2468 2666 2540 γάρ
2696 2466 2973 2537 γεννηθεὶς
2998 2465 3206 2520 ἄνωθεν
3229 2467 3293 2519 ὲκ
3318 2466 3530 2536 Πατρδς
3566 2465 3766 2533 Λόγος,
3802 2466 3970 2538 άποῤ-

2394 2559 2592 2630 ρήτως,
2621 2558 2939 2628 ἀφράστως,
2970 2558 3393 2628 άκαταλήπτως,
3421 2556 3632 2619 άῖδίως,
3666 2558 3704 2609 δ’
3726 2556 3897 2620 αὐτὸς
3917 2558 3969 2609 tv

2390 2651 2566 2721 χρόνῳ
2611 2652 2865 2719 γεννᾶται
2897 2648 3140 2703 κάτωθεν
3170 2650 3233 2702 ὲκ
3260 2648 3537 2719 Παρθένου
3572 2648 3837 2721 Μαρίας·
3886 2650 3969 2701 ἵνα

2389 2742 2439 2792 oi
2468 2740 2730 2812 πρότερον
2759 2739 3109 2810 γεννηθέντες
3137 2738 3405 2804 κάτωθεν,
3435 2738 3650 2793 άνωθεν
3692 2738 3967 2809 γεννηθῶ-

2392 2848 2475 2884 σιν
2512 2834 2574 2884 ὲκ
2599 2832 2854 2903 δευτέρας
2871 2842 2921 2895 ιι,
2962 2834 3206 2884 τουτέστι
3237 2830 3393 2885 Θεοῦ.

2396 3041 2715 3093 Οἱνϊτανίίου
2774 3039 3148 3161 ἐπισκόποῖό,
3209 3039 3277 3092 ἐκ
3338 3039 3444 3093 τοῦ
3503 3038 3643 3108 Περὶ
3708 3039 3966 3105 πίστεως

3135 3125 3264 3161 νου.

3135 3125 3264 3178 rev.

2468 3222 2588 3275 Ἔτι
2617 3221 2675 3276 δὲ
2708 3220 2803 3275 καὶ
2846 3221 2974 3293 περὶ
2999 3222 3098 3293 τῆς
3140 3220 3281 3277 κατά
3311 3222 3490 3295 σάρκα
3516 3224 3839 3295 οἰκονομίας
3871 3225 3962 3282 τοῦ

2394 3316 2644 3386 Σωτῆρος
2682 3314 3027 3386 πιστεύομεν,
3060 3316 3142 3368 ὅτι
3174 3315 3533 3370 ἀναλλοιώτου
3562 3318 3659 3370 καὶ
3691 3318 3962 3388 ἀτρέπτου

2396 3406 2647 3476 μένοντος
2673 3406 2766 3459 τοῦ
2801 3406 2935 3459 Θεοῦ
2961 3406 3157 3474 Λόγου,
3184 3407 3282 3478 τὴν
3310 3405 3584 3477 σάρκωσιν
3624 3407 3957 3477 γεγενῆσθαι

2394 3496 2529 3565 πρὸς
2558 3497 2898 3551 ἀνακαίνισιν
2920 3508 2941 3533 τ
2969 3496 3408 3570 άνθρωπότητος.
3440 3498 3568 3564 Υἱὸς
3591 3500 3703 3571 γάρ
3735 3500 3813 3554 ὢν
3843 3502 3966 3569 άλη-

2396 3587 2502 3650 θῶς
2531 3588 2665 3641 Θεοῦ
2694 3587 2832 3641 κατά
2856 3586 2956 3658 τὴν
2990 3589 3159 3641 ἀΐδιον
3187 3589 3253 3642 ἐκ
3289 3588 3425 3641 Θεοῦ
3476 3588 3753 3659 γέννησιν,
3781 3592 3963 3659 γέγονε

2394 3678 2487 3730 καὶ
2521 3678 2646 3741 Υἱὸς
2679 3676 2967 3747 ἀνθρώπου
2999 3678 3140 3731 κατά
3167 3680 3266 3749 τὴν
3293 3680 3358 3732 ἐκ
3380 3679 3657 3750 Παρθένου
3689 3682 3961 3751 γέννησιν.

2394 3768 2505 3822 Καὶ
2549 3768 2695 3821 ἔστιν
2742 3765 2821 3832 εἷς
2856 3770 2951 3823 καὶ
2998 3771 3027 3822 ὁ
3067 3770 3228 3833 αὐτὸς
3256 3770 3458 3834 τέλειος
3501 3770 3634 3834 Θεὸς
3685 3772 3831 3824 κατά
3872 3774 3964 3843 τὴν

2396 3858 2623 3928 θεότητα
2644 3900 2657 3924 ,
2689 3860 2784 3914 καὶ
2825 3863 3108 3930 ὁμοούσιος
3147 3860 3226 3931 τῷ
3261 3861 3433 3932 Πατρί
3454 3878 3471 3894 ο
3501 3864 3595 3914 καὶ
3635 3862 3848 3926 τέλειος
3876 3865 3963 3917 άν-

2396 3949 2612 4019 θρωπος
2640 3951 2670 4002 ὁ
2691 3950 2853 4015 αὐτὸς
2876 3952 3017 4005 κατὰ
3041 3953 3139 4021 τὴν
3172 3954 3233 4004 ἐκ
3261 3952 3539 4023 Παρθένου
3566 3953 3850 4024 γέννησιν,
3876 3956 3963 4007 καὶ

2394 4039 2677 4110 ὁμοούσιος
2725 4041 3031 4114 ἀνθρώποις
3076 4042 3217 4096 κατὰ
3242 4044 3339 4112 τὴν
3374 4044 3574 4114 σάρκα.
3606 4044 3675 4098 Εἴ
3707 4063 3790 4110 τις
3825 4046 3881 4099 δὲ
3910 4046 3964 4110 ἐξ

2395 4130 2624 4202 οὐρανοῦ
2651 4132 2802 4202 λέγει
2836 4133 2995 4204 σῶμα
3030 4133 3176 4204 ἔχειν
3203 4135 3294 4189 τὸν
3328 4136 3583 4205 Χριστὸν,
3614 4136 3647 4207 ἢ
3683 4138 3961 4206 ὁμοούσιον

2395 4222 2473 4293 τῷ
2499 4223 2617 4295 Θεῷ
2658 4225 2799 4278 κατά
2839 4225 2938 4295 τὴν
2984 4226 3180 4297 σάρκα,
3205 4226 3347 4280 ἔστω
3378 4226 3644 4296 ἀνάθεμα.
3678 4228 3749 4281 Εἰ
3774 4245 3856 4290 τις
3892 4230 3959 4297 μὴ

2396 4314 2645 4383 ὁμολογεῖ
2688 4314 2785 4385 τὴν
2808 4314 2902 4368 τοῦ
2934 4316 3138 4387 Κυρίου
3176 4318 3350 4387 σάρκα
3393 4319 3457 4370 ὲκ
3493 4319 3591 4388 τῆς
3623 4318 3787 4384 ἁγίας
3821 4322 3959 4391 Παρ-

731 4397 840 4454 Deo
879 4405 1397 4461 consubstantialem
1438 4419 1579 4468 esse,
1629 4408 1915 4460 anathema
1954 4407 2043 4461 sit.
2090 4406 2146 4461 Si
2175 4409 2290 4477 quis

2399 4402 2572 4465 θένου,
2608 4404 2701 4456 καὶ
2726 4403 3033 4473 ἀνθρώποις
3066 4405 3380 4475 ὀμοούσιον,
3421 4408 3558 4460 ἔστω
3589 4409 3867 4479 ἀνάθεμα.
3907 4413 3966 4466 Εἴ

734 4493 1009 4559 negaverit
1053 4493 1259 4548 Domini
1301 4510 1521 4549 carnem
1563 4511 1629 4550 ex
1667 4510 1820 4551 sacra
1871 4498 2089 4569 Virgine
2151 4515 2290 4553 sum-

2402 4511 2485 4557 τις
2508 4494 2599 4547 τὸν
2630 4494 2830 4565 Κύριον
2855 4495 3011 4564 ἡμῶν
3038 4498 3129 4549 καὶ
3159 4498 3406 4569 Σωτῆρα,
3436 4499 3527 4552 τὸν
3557 4501 3621 4553 ὲκ
3654 4501 3959 4573 Πνεύματος

734 4591 875 4646 ptum
905 4597 1047 4647 esse,
1076 4595 1169 4638 aut
1228 4586 1536 4641 hominibus
1574 4588 2091 4643 consubstantialem
2141 4604 2286 4654 esse,

736 4672 1017 4727 anathema
1071 4676 1161 4731 sit.
1193 4677 1247 4729 Si
1289 4676 1413 4745 quis
1460 4678 1663 4731 dixerit
1689 4680 1975 4733 Dominum
2006 4695 2069 4733 ac
2106 4680 2295 4739 Salva-

736 4768 907 4815 torcm
942 4773 1205 4828 nostrum,
1233 4765 1325 4833 qui
1351 4780 1415 4819 ex
1438 4763 1645 4834 Spiritu
1675 4777 1864 4820 sancto
1892 4777 1945 4821 et
1985 4768 2151 4823 Maria
2172 4770 2295 4823 Vir-

737 4850 861 4917 gine
910 4856 1202 4909 secundum
1250 4869 1470 4909 carnem
1518 4865 1675 4910 natus
1718 4867 1821 4919 est,
1862 4856 2062 4923 anima,
2097 4870 2293 4925 mente,

2403 4586 2555 4653 ἁγίου
2602 4586 2693 4640 κα)⁸
2735 4587 2953 4658 Μαρίας
2997 4588 3095 4659 τῆς
3139 4589 3417 4659 Παρθένου
3460 4591 3791 4661 γεννηθέντα
3828 4598 3960 4647 κατὰ

2404 4680 2604 4749 σάρκα,
2655 4679 2859 4751 ἄψυχον
2899 4680 3068 4748 λέγει,
3119 4682 3152 4751 ἢ
3200 4680 3542 4750 ἀναίσθητον,
3586 4683 3621 4752 ἢ
3672 4684 3887 4751 ἄλογον,
3929 4686 3958 4753 ἢ

2403 4771 2646 4841 ἀνόητον,
2696 4771 2835 4824 ἔστω
2880 4772 3146 4842 ἀνάθεμα.
3201 4770 3268 4825 Εἴ
3310 4789 3391 4833 τις
3432 4773 3606 4841 τολμᾷ
3647 4773 3830 4839 λέγειν
3877 4774 3959 4827 τὸν

2402 4862 2637 4932 Χριστὸν
2664 4862 2875 4932 θεότητι
2908 4862 3266 4927 πεπονθέναι,
3308 4864 3402 4916 καὶ
3443 4864 3519 4931 μὴ
3550 4864 3735 4933 σαρκὶ,
3765 4864 3839 4929 ὡς
3871 4866 3955 4933 γέ-

737 4950 830 4993 aut
881 4957 1040 4999 sensu
1089 4950 1402 5004 destitutum
1448 4962 1589 5013 esse,
1620 4949 1907 5003 anathema
1939 4951 2029 5003 sit.
2087 4951 2145 5005 Si
2179 4955 2290 5022 quis

2399 4969 2672 5021 γραπται,
2703 4953 2842 5006 ἔστω
2868 4953 3136 5021 ἀνάθεμα.
3172 4953 3239 5004 Εἴ
3261 4969 3342 5014 τις
3375 4952 3573 5021 διαιρεῖ
3600 4954 3695 5005 καὶ
3746 4956 3954 5027 χωρίζει

736 5036 935 5086 audeat
975 5035 1153 5093 dicere
1202 5040 1479 5096 Christum
1539 5039 1743 5096 deitate
1795 5054 2035 5109 passum,
2096 5051 2151 5096 et
2195 5058 2290 5097 non

2396 5043 2487 5096 τὸν
2524 5042 2729 5112 Κύριον
2755 5042 2910 5113 ἡμῶν
2941 5043 3037 5095 καὶ
3067 5043 3319 5112 Σωτῆρα,
3348 5043 3441 5094 καὶ
3470 5041 3617 5111 λέγει
3649 5044 3833 5119 ἕτερον
3867 5046 3952 5118 μὲν

737 5140 927 5192 carne,
959 5137 1015 5180 ut
1046 5130 1304 5198 scriptum
1359 5142 1464 5199 est,
1506 5134 1578 5188 sit
1612 5132 1922 5188 anathema.
1955 5130 2011 5186 Si
2041 5133 2161 5201 quis
2192 5132 2297 5187 Do-

2397 5131 2533 5185 εἶναι
2574 5134 2699 5186 Υίὸν
2728 5136 2818 5186 τὸν
2859 5134 2990 5186 Θεὸν
3027 5135 3197 5201 Λόγον
3219 5171 3234 5196 ,
3268 5132 3363 5186 καὶ
3405 5134 3590 5206 ἕτερον
3623 5136 3715 5192 τὸν
3766 5142 3949 5211 ἀναλη-

738 5219 942 5271 minum
980 5232 1044 5270 ac
1073 5217 1405 5276 Salvatorem
1450 5232 1695 5279 nostrum
1724 5224 1775 5278 in
1815 5222 1951 5277 duos
1992 5221 2220 5290 divellit,
2246 5234 2290 5275 et

2398 5226 2599 5292 φθέντα
2626 5225 2931 5296 ἄνθρωπον,
2967 5227 3061 5277 καὶ
3103 5226 3177 5297 μὴ
3209 5224 3461 5296 ὁμολογεί
3484 5229 3581 5286 ἕνα
3612 5232 3709 5287 καὶ
3743 5234 3832 5288 τὸν
3858 5234 3945 5289 αὐ.

738 5310 964 5366 alterum
1001 5308 1216 5380 quidem
1250 5309 1442 5366 Filium
1476 5314 1709 5370 Verbum
1741 5316 1832 5371 Dei
1878 5313 2132 5385 appellat,
2164 5314 2297 5369 alte-

2402 5314 2514 5377 τὸν,
2557 5314 2695 5365 ἔστω
2726 5314 2993 5384 ἀνάθεμα.

741 5417 858 5454 rum
901 5417 1028 5457 vero
1091 5398 1359 5455 hominem
1417 5415 1768 5475 assumptum,
1810 5423 1985 5478 neque
2020 5405 2309 5461 conﬁtetur
2344 5420 2506 5459 unum
2558 5405 3212 5470 cteumdem,anathcma
3248 5406 3335 5464 sit.

1794 5556 1959 5599 variae
1990 5544 2245 5599 lectiones
2275 5541 2476 5596 codicis
2506 5540 2867 5612 Seguieriani.

818 5696 864 5736 P‘
892 5692 1232 5767 _‘.tztbpr,aa.
1287 5705 1313 5744 τι
1336 5690 1610 5767 δευτέρου
1662 5694 1823 5748 codex
1857 5697 2257 5764 Seguicriunus,
2286 5699 2290 5753 i

2393 5716 2470 5762 mo
2503 5700 2637 5755 Iiluli
2672 5698 3096 5755 testimoniorum
3125 5700 3498 5755 desiderantur
3522 5717 3550 5754 ιι
3573 5698 3792 5754 librario
3815 5713 3935 5767 pra-

746 5763 1002 5821 tennissu.
1061 5777 1078 5803 τ
1116 5770 1216 5819 ἀνα
1255 5764 1513 5817 καίνοσιν.
