4090 6510
139 438 298 494 121⁸7

1257 443 1347 499 DE
1384 442 1608 500 RECTA
1646 442 1802 499 FIDE
1838 445 1927 498 AD
1969 444 2289 502 RECINAS.

3249 445 3386 503 1218

138 560 456 627 Θεοφίλου
483 560 836 637 ἐςτισκᾴπου,
863 562 932 617 ἐκ
957 562 1064 637 τοῦ
1094 562 1609 637 Προσερωνητικοῦ
1629 562 1725 617 λά.

1832 560 1938 633 52
1980 561 2252 624 Theophili
2275 567 2605 637 episc0pi,e.r
2629 582 2865 620 sermone
2904 565 3161 637 inscripto
3207 566 3276 619 ad
3301 582 3387 620 eos

263 646 374 698 του
417 630 571 698 πρὸς
592 631 734 698 τοὺς
759 633 1129 702 φρονοῦντας
1161 633 1234 688 τὰ
1265 630 1487 703 Ὠριγέν

481 740 632 807 Ἔφη
660 737 728 792 δὲ
751 739 938 808 οὕτως
965 740 1098 809 περὶ
1130 741 1406 809 Χριστοῦ.

219 847 350 901 ’Ίνα
397 847 471 920 μὴ
512 851 568 902 ἐν
596 849 738 920 λόγῳ
772 850 936 921 μόνῳ,
965 848 1100 905 ἀλλὰ
1125 850 1221 904 καὶ⁵
1252 852 1309 905 ὲν
1337 850 1562 920 δυναμει
1591 851 1724 914 Θεὸς

134 939 431 1010 ἀληθινὸς,
455 943 483 994 ὁ
513 942 700 1009 φανεὶς
727 936 866 996 εἶναι
897 941 1243 1012 πιστεύηται,
1273 945 1338 1014 τῇ
1373 942 1480 995 τῶν
1505 941 1722 1013 δρωμέ-

135 1049 262 1085 νων
309 1033 677 1104 μεγαλουργίᾳ
715 1034 814 1104 τὴν
852 1035 979 1105 περὶ
1009 1033 1173 1087 αὐτοῦ
1199 1033 1373 1104 δηλῶν
1403 1034 1718 1103 ἀσφάλειαν.

135 1123 379 1195 Πλήρης
413 1125 510 1194 μὲν
533 1125 606 1177 ῶν
638 1124 789 1188 Θεὸς,
807 1124 1149 1189 αὑτοθελῶς·
1187 1125 1244 1179 δὲ
1275 1125 1719 1198 ὲνανθρωπήσας,

135 1215 250 1266 καὶ
286 1214 454 1285 μηδὲν
491 1215 833 1287 ἀνθρωπείας
854 1215 1164 1286 ὁμοιώσεως
1185 1216 1517 1286 καταλείψας
1541 1215 1718 1280 ἐκτὸς,

137 1305 296 1377 πλὴν
341 1307 507 1377 μόνης
554 1307 653 1378 τῆς
696 1307 912 1361 ἀνοσίου
961 1307 1195 1372 κακίαςο
1231 1307 1326 1362 καὶ
1367 1307 1563 1379 βρέφος
1613 1307 1721 1380 γὰρ

136 1398 475 1468 γενόμενος,
520 1399 870 1471 Ἐμμανουήλ
916 1399 1246 1471 ὡμολογεῖτο
1271 1437 1286 1462 ,
1334 1400 1525 1471 μάγων
1584 1399 1723 1470 πρὸς

137 1489 320 1542 αὑτὸν
348 1489 532 1542 ἰόντων
566 1491 656 1542 καὶ
684 1489 761 1562 τῷ
794 1496 1120 1562 προσκυνεῖν
1171 1495 1265 1550 καὶ
1292 1493 1426 1546 Θεὸν
1459 1489 1602 1546 εῖναι
1629 1491 1723 1546 τὸν

146 1578 399 1646 φανέντα
423 1579 688 1649 βοώντωνο
712 1582 793 1634 ὅτι
818 1583 913 1636 καὶ
939 1583 1102 1653 σαρκὶ
1122 1583 1352 1656 σταυρού
1363 1600 1540 1653 μενος,
1567 1582 1721 1654 ἡλίου

143 1664 507 1718 συνέστελλεν
536 1667 780 1733 ἀκτῖνας,
816 1668 910 1722 καὶ
938 1670 1014 1740 τῷ
1044 1670 1179 1742 ξένῳ
1222 1670 1457 1742 θαύματι
1497 1671 1596 1740 τὴν
1640 1672 1720 1724 ol-

143 1753 306 1806 κείαν
339 1756 645 1826 σαφηνίζων
675 1757 925 1830 θεότητα,
969 1760 1204 1831 οὐδαμοῦ
1251 1762 1552 1833 σκορπίσας
1603 1762 1722 1815 ἑαυ-

139 1844 264 1909 τὸν,
318 1845 353 1916 ἢ
404 1845 657 1910 διαλύσας
702 1849 782 1911 είς
817 1851 1067 1920 σωτῆρας
1113 1851 1224 1906 δύο.
1273 1851 1431 1905 Ἀλλά
1473 1852 1565 1905 καὶ
1610 1855 1722 1916 τοῖς

146 1934 423 2004 μαθηταῖς
453 1935 604 2002 ἔλεγε
628 1952 643 1967 ο
685 1955 702 1988 ι
735 1939 826 2008 Μὴ
860 1940 1128 2011 καλέσητε
1159 1942 1472 1996 διδάσκαλον
1501 1944 1593 1996 ἐπὶ
1620 1945 1721 2014 τῆς

143 2023 291 2092 γῆς’
334 2019 416 2085 εἷς
461 2025 569 2095 γάρ
613 2027 759 2080 ἐστιν
788 2029 944 2098 ὑμῶν
979 2031 1298 2103 καθηγητὴς
1340 2036 1368 2086 ὁ
1404 2033 1657 2103 Χριστός.
1693 2054 1712 2086 ι

144 2116 226 2167 Οὐ
255 2115 367 2186 γὰρ
398 2115 487 2169 ὅτε
517 2117 675 2171 τοῦτο
703 2122 818 2183 τοῖς
843 2121 1162 2187 ἀποστόλοις
1193 2125 1525 2196 παρήγγειλε
1549 2128 1588 2191 ί,
1617 2126 1712 2179 τοῦ

143 2206 475 2277 φαινομένου
531 2211 785 2279 σώματος
827 2212 926 2282 τὴν
957 2214 1162 2268 οἰκείαν
1197 2215 1412 2287 διώριζε
1455 2218 1709 2288 θεότητα’

141 2298 272 2352 οὐδὲ
299 2299 387 2352 ὅτε
417 2301 652 2372 Χριστὸν
680 2302 871 2355 ἑαυτὸν
913 2303 1306 2378 διεμαρτύρετο
1340 2305 1498 2373 εἶναι,
1543 2309 1721 2379 ψυχῆς

145 2390 248 2443 καὶ
289 2390 492 2462 σαρκὸς
520 2390 834 2462 διωρίζετοο
869 2393 1041 2457 οὓτως
1079 2397 1246 2466 ἄμφω
1273 2403 1558 2470 τυγχάνων
1591 2401 1720 2464 Θεός

144 2497 204 2533 τε
265 2481 359 2534 καλ
413 2480 719 2552 ἄνθρωπος,
771 2482 957 2547 δοῦλος
1010 2484 1317 2556 ὁρώμενος,
1375 2491 1467 2544 καὶ
1515 2492 1722 2563 Κύριος

148 2570 571 2642 γνωριζόμενος.
605 2564 680 2626 Τὸ
716 2571 814 2643 μὲν
869 2573 1069 2646 ὑψηλὸν
1100 2576 1198 2646 τῆς
1240 2577 1489 2650 θεότητος
1516 2580 1592 2651 τῷ
1623 2599 1722 2635 τα-

149 2662 325 2733 πεινῷ
354 2664 453 2732 τῆς
494 2663 964 2736 ὲνανθρωπήσεως
1008 2667 1485 2740 ὑποκροπτὸμενος
1518 2673 1721 2743 φρονή-

155 2769 311 2822 ματι,
366 2754 427 2808 τὺ
453 2755 511 2808 δέ
551 2772 616 2824 γε
649 2757 904 2811 ταπεινὸν
933 2757 1032 2811 τοῦ
1063 2761 1336 2831 ὁρωμένου
1373 2762 1621 2834 σώματος
1656 2767 1721 2836 τῇ

152 2843 254 2912 τῆς
282 2843 536 2917 θεότητος
564 2847 882 2919 ὑπεραίρων
914 2849 1183 2922 ἐνεργείᾳ.

1488 651 1616 699 ους.

2215 638 2304 703 qui
2327 654 2442 688 cum
2485 635 2704 706 Origene
2725 641 3000 690 sentirent.

2208 747 2300 802 Sic
2331 761 2500 803 autem
2526 750 2652 802 dicit
2674 751 2738 802 de
2776 748 3007 803 Christo.

1894 855 2156 912 Caeterum
2191 873 2260 913 ne
2282 859 2327 914 is
2368 859 2460 930 qui
2485 859 2754 930 apparuit,
2789 861 2906 915 solo
2939 859 3127 921 verbo.
3150 859 3244 914 sed
3274 860 3384 913 vir-

1825 955 1935 1004 tute
1963 963 2178 1019 quoque
2216 964 2378 1006 verus
2404 952 2544 1005 Deus
2570 965 2691 1006 esse
2726 945 3063 1014 crederetur,
3097 952 3212 1020 ipse
3254 965 3384 1020 ope-

1825 1054 1942 1094 rum
2018 1039 2412 1110 magniﬁcentia
2487 1041 2847 1096 certissimum
2912 1041 3213 1096 divinitatis
3275 1055 3385 1096 suae

1816 1128 2076 1199 judicium
2107 1131 2255 1186 fecit.
2291 1130 2571 1188 Perfectus
2626 1131 2808 1202 itaque
2861 1131 3005 1188 Deus
3041 1147 3160 1187 cum
3216 1139 3384 1196 esset,

1823 1220 1998 1278 factus
2050 1232 2134 1279 est
2168 1223 2441 1278 voluntate
2489 1238 2586 1279 sua
2639 1223 2835 1291 homo;
2874 1237 3048 1293 neque
3093 1224 3383 1293 quidquam

1822 1311 2062 1377 omnino,
2120 1313 2260 1383 quod
2317 1313 2566 1368 humana!
2622 1323 2829 1368 naturae
2876 1323 3162 1381 cognatum
3217 1322 3382 1377 esset,

1822 1410 2016 1470 praeter
2038 1417 2199 1456 unam
2254 1402 2472 1471 impiam
2507 1402 2794 1470 malitiam,
2823 1402 3040 1470 reliquit
3073 1420 3087 1456 :
3121 1417 3244 1455 nam
3277 1401 3382 1457 etsi

1823 1491 2022 1558 infans,
2047 1490 2360 1547 Emmanuel
2386 1503 2560 1547 tamen
2580 1507 2700 1548 esse
2733 1494 3144 1563 agnoscebatur.
3165 1493 3388 1548 Constat
3431 1489 3433 1491 ’

1824 1597 2056 1651 namque
2101 1597 2286 1652 magos
2328 1583 2418 1652 qui
2473 1585 2542 1636 ad
2568 1582 2714 1638 illum
2741 1590 3028 1647 venerunt,
3054 1597 3178 1638 eum
3213 1583 3384 1652 ipsum

1824 1672 1913 1741 qui
1946 1682 2290 1741 apparuerat,
2322 1673 2636 1727 adoratiOne
2653 1686 2751 1727 sua
2789 1682 2846 1728 ut
2879 1672 3048 1727 Deum
3077 1673 3385 1743 agnovisse.

1825 1761 1916 1817 Sic
1943 1777 2156 1833 quoque
2188 1762 2313 1818 licet
2351 1762 2645 1818 secundum
2674 1778 2893 1818 carnem
2926 1763 2979 1818 in
3007 1779 3227 1819 crucem
3259 1779 3392 1833 age-

1823 1863 1993 1920 retur,
2050 1854 2179 1910 solis
2234 1863 2412 1909 tamen
2483 1855 2664 1910 radios
2727 1853 3079 1924 reprimebat,
3143 1868 3391 1922 novoque

1831 1945 2093 2000 miraculo
2149 1947 2478 2002 divinitatem
2517 1962 2672 2002 suam
2718 1947 2834 2003 orbi
2884 1956 3152 2002 terrarum
3184 1945 3387 2016 patefa-

1829 2035 2026 2091 ciebat.
2058 2033 2331 2103 Nusquam
2362 2047 2540 2091 autem
2573 2047 2667 2091 aut
2716 2037 2948 2106 seipsum
2999 2031 3266 2099 divisisse,
3297 2045 3389 2089 aut

1828 2125 1880 2179 in
1932 2126 2067 2180 duos
2122 2125 2418 2180 salvatores
2475 2126 2799 2182 dissecuisse
2855 2126 3206 2198 comperitur.
3250 2124 3388 2192 Quin

1826 2214 2086 2283 ejusmodi
2152 2216 2332 2285 potius
2361 2231 2614 2272 sermone
2651 2217 2945 2288 discipulos
2972 2234 3098 2275 suos
3154 2219 3388 2289 compel-

1828 2303 1969 2359 lasse
2011 2304 2208 2374 legitur
2245 2323 2258 2360 :
2303 2323 2323 2357 ι
2376 2303 2452 2360 Ne
2510 2306 2716 2362 vocetis
2764 2308 3075 2377 magistrum
3110 2309 3162 2362 in
3201 2318 3388 2364 terra:

1829 2411 1966 2452 unus
1989 2406 2071 2452 est
2099 2397 2242 2451 enim
2274 2399 2531 2468 magister
2572 2407 2752 2454 vester
2783 2397 3031 2454 Christus
3051 2400 3116 2466 'f.
3157 2419 3175 2451 ι
3207 2399 3391 2470 Neque

1827 2489 1970 2543 enim
1999 2487 2214 2558 quando
2248 2488 2502 2556 apostolis
2535 2489 2649 2544 haec
2701 2489 3022 2558 imperabat,
3055 2491 3388 2545 divinitatem

1830 2595 1984 2635 suam
2013 2595 2043 2634 a
2074 2593 2302 2650 corpore
2347 2582 2490 2650 quod
2532 2581 2881 2646 cernebatur,
2916 2579 3263 2650 sejungebat;
3297 2595 3391 2634 ne-

1828 2685 1933 2740 que
1978 2685 2216 2735 rursum,
2252 2687 2374 2725 cum
2405 2685 2464 2726 se
2507 2670 2782 2726 Christum
2816 2686 2937 2726 esse
2991 2673 3307 2738 testabatur,
3334 2686 3391 2725 se

1830 2760 2012 2814 animo
2049 2770 2104 2816 et
2152 2776 2383 2831 corpore
2423 2762 2729 2828 divellebat,
2766 2762 2859 2817 sed
2889 2762 3048 2816 simul
3079 2772 3388 2830 utrumque,

1831 2852 1937 2905 hoc
1980 2860 2084 2917 est,
2118 2852 2258 2907 Deus
2297 2861 2352 2906 et
2401 2853 2562 2908 homo
2598 2863 2735 2909 erat.
2772 2854 2971 2910 Servus
3021 2855 3217 2926 quippe
3251 2861 3388 2916 erat,

155 2936 250 3004 qui
294 2939 650 3004 cernebatur;
694 2939 954 2996 Dominus
988 2955 1118 2996 vero
1161 2942 1248 3012 qui
1314 2943 1733 3012 intelligebatur.
1806 2939 2030 2996 Deitatis
2085 2939 2455 2995 celsitudinem
2511 2941 2700 2996 humili
2783 2941 3170 2997 incarnationis
3222 2941 3391 2997 l‘orma

155 3028 720 3085 occultabat:contra
750 3045 878 3086 vero
925 3034 1192 3101 corporis,
1235 3033 1374 3102 quod
1423 3033 1724 3098 videbatur,
1761 3029 2118 3086 humilitatem
2164 3029 2379 3084 deitatis
2444 3029 2760 3098 operatione
2815 3029 3100 3084 evehebat.

233 3118 335 3176 IA'.
377 3123 614 3192 Εύχερὲς
652 3123 792 3193 μὲνιι
819 3119 912 3177 οὖν
939 3124 1033 3178 καὶ
1064 3126 1228 3196 ἕτερα
1261 3126 1466 3189 τούτοις
1498 3126 1721 3194 ἐπενεγ-

1895 3122 1988 3198 XII.
2021 3123 2137 3178 Non
2168 3121 2330 3177 fuerit
2359 3131 2541 3176 autem
2577 3119 2792 3176 diliicile
2829 3119 2931 3174 alia
2960 3119 3222 3190 ejusmodi
3255 3136 3391 3191 prae-

159 3213 280 3264 κεϊν
319 3212 547 3265 πλεῖστά
577 3229 636 3265 τε
668 3213 768 3266 ὅσα
809 3215 903 3266 καὶ
935 3215 1110 3286 άληθῆ
1160 3217 1460 3288 μαρτύρια·
1492 3218 1730 3290 παρίημι

158 3303 241 3367 δὲ,
273 3301 336 3355 τὸ
360 3302 745 3373 γεγραμμένον
796 3303 985 3368 εἰδῶς’
1023 3323 1040 3357 ι
1081 3307 1233 3360 Δίδου
1276 3308 1424 3380 σοφῷ
1452 3310 1729 3380 ἀφορμὴν,

160 3394 258 3447 καὶ
281 3391 588 3462 σοφώτερος
611 3392 761 3446 ἔσται
784 3410 796 3423 ·
822 3393 1055 3465 γνώριζε
1085 3396 1299 3466 δικαίῳ,
1318 3401 1411 3451 καὶ
1433 3401 1731 3472 προσθήσει

161 3485 258 3540 τοῦ
286 3483 555 3555 δέχεσθαι.
590 3501 606 3535 ι
643 3484 790 3554 Πλὴν
819 3485 995 3538 ἐκεῖνό
1041 3504 1251 3556 φαμενο
1283 3489 1391 3541 ίδοὺ
1427 3491 1490 3561 δὴ
1534 3493 1733 3556 πάντες

163 3579 213 3630 oi
249 3572 570 3645 πανάριστοί
598 3590 658 3626 τε
687 3574 784 3628 καὶ
816 3577 971 3643 σοφοὶ
1005 3575 1146 3629 κατὰ
1177 3579 1404 3649 καιροὺς
1447 3581 1603 3650 ἡμῶν
1640 3599 1732 3648 γε·

164 3667 386 3737 γονότες
416 3664 682 3737 Πατέρες,
711 3665 802 3718 καὶ
821 3665 1080 3721 Θεοτόκον
1099 3667 1418 3738 ὀνομάζουσι
1446 3671 1543 3741 τὴν
1573 3671 1732 3739 ἁγίαν

167 3759 476 3829 Παρθένον·
529 3757 767 3830 ἡνῶσθαι
801 3755 858 3809 δὲ
893 3757 1035 3811 κατὰ
1073 3758 1236 3829 φύσιν
1268 3760 1731 3833 διαϐεϐαιούμενοι

163 3852 233 3918 τῇ
264 3850 425 3919 σαρκὶ
447 3849 535 3902 τὸν
565 3850 630 3902 ἐκ
658 3847 792 3902 Θεοῦ
817 3846 1012 3915 Λόγον,
1040 3848 1096 3901 ἐν
1121 3867 1178 3903 τε
1208 3853 1273 3921 τῇ
1299 3851 1454 3922 νηδύϊ
1479 3852 1730 3920 γενέσθαι

167 3941 299 4009 φασὶ
326 3942 391 4010 τῇ
425 3941 770 4011 παρθενικῇ,
819 3939 914 3992 καὶ
945 3938 1004 4003 ἐξ
1048 3940 1217 4010 αὐτῆς
1261 3942 1543 4013 προελθεῖν
1592 3945 1732 3997 κατὰ

168 4032 376 4102 σάρκασ
407 4031 584 4082 καίτοι
637 4033 736 4102 τὴν
775 4030 1009 4103 ἄναρχον
1035 4031 1131 4084 καὶ
1172 4032 1278 4101 πρὸ
1309 4035 1509 4098 παντὸς
1538 4029 1732 4098 αἰῶνος

167 4121 264 4174 καὶ
288 4119 480 4190 χρόνου
515 4118 746 4188 λαχόντα
775 4121 1027 4190 γέννησιν
1055 4120 1118 4171 ἐκ
1146 4119 1378 4190 Πατρός.
1422 4121 1637 4193 Ἐπειδὴ
1675 4124 1731 4176 δὲ

166 4207 237 4283 ἦν
262 4209 425 4273 είκδς,
446 4209 504 4261 ὲν
524 4211 643 4270 ταῖς
669 4209 1034 4283 μακροτέραις
1059 4210 1152 4262 καὶ
1177 4210 1375 4279 ἐφεξῆς
1398 4213 1507 4265 τῶν
1535 4214 1732 4283 στίχων

169 4299 460 4370 συνθήκαις
493 4295 770 4367 ὀλιγώρως
795 4300 986 4369 ἔχοντα
1017 4299 1106 4353 τὸν
1136 4297 1280 4362 νοῦν,
1309 4301 1563 4371 ἐθελῆσαι
1593 4304 1732 4374 μᾶλ-

167 4394 258 4446 λον
282 4392 360 4456 δὲ,
386 4389 461 4452 ώς
488 4391 546 4442 ὲν
588 4387 781 4459 βραχεί
810 4393 904 4444 καὶ
952 4391 1391 4460 συνεσταλμένως
1411 4401 1437 4429 ν
1470 4394 1598 4447 ίδείν
1623 4395 1730 4448 τῶν

1845 3211 1994 3268 clara
2046 3213 2351 3268 testimonia
2387 3226 2493 3266 non
2534 3225 2701 3280 pauca
2741 3209 2828 3265 bis
2852 3209 3262 3281 adjicere;qua:
3315 3221 3394 3265 ta—

1834 3319 1954 3358 men
2007 3313 2291 3372 praztereo,
2330 3318 2452 3357 cum
2487 3302 2751 3372 scriptum
2796 3315 2914 3356 esse
2965 3316 3070 3356 non
3109 3302 3345 3372 ignorem
3380 3324 3392 3356 :

1839 3414 1858 3446 ι
1888 3394 1961 3448 Da
1992 3393 2223 3462 sapienti
2290 3392 2652 3456 occasionem,
2690 3399 2744 3445 et
2776 3391 3001 3446 addetur
3026 3393 3076 3446 ei
3099 3393 3393 3461 sapientia:

1833 3487 1965 3540 doce
1993 3484 2215 3552 justum,
2245 3492 2299 3538 et
2325 3481 2602 3538 festinabit
2630 3481 2905 3551 suscipere
2929 3482 2997 3536 ".
3034 3499 3052 3533 ι
3087 3481 3198 3538 Ηοο
3231 3499 3394 3537 unum

1843 3576 2056 3629 interim
2090 3589 2197 3629 non
2227 3573 2684 3644 praetermiserim,
2718 3573 2950 3643 optimos
2971 3587 3033 3628 ac
3054 3573 3394 3642 sapientissi-

1838 3681 1954 3720 mos
1983 3680 2224 3734 quosque
2256 3665 2442 3719 Patres
2475 3673 2738 3732 quotquot
2764 3672 2890 3718 ante
2919 3677 3017 3718 nos
3049 3665 3392 3728 exstiterunt,

1832 3769 2020 3808 omnes
2036 3768 2241 3808 sacram
2263 3753 2537 3822 Virginem
2561 3753 2844 3822 Deiparam
2868 3767 3080 3822 quoque
3104 3751 3394 3822 appellare,

1833 3843 2034 3912 Deique
2086 3844 2338 3908 Verbum,
2380 3841 2595 3896 etiamsi
2665 3840 2915 3911 principii
2976 3855 3170 3909 expers
3205 3841 3295 3904 sit,
3343 3849 3398 3893 et

1832 3944 1958 3990 ante
1979 3949 2136 3989 omne
2165 3949 2336 3989 aevum
2369 3943 2688 4002 tempusque
2727 3947 2794 3988 ex
2825 3930 2988 3987 Patre
3017 3943 3225 3999 natum,
3247 3933 3394 3987 carni

1834 4027 2127 4081 secundum
2169 4035 2417 4080 naturam
2460 4027 2671 4080 unitum
2697 4039 2836 4090 esse,
2868 4039 2967 4079 nec
2998 4040 3104 4079 non
3141 4025 3194 4078 in
3236 4034 3389 4078 utero

1833 4117 2074 4184 virgineo
2111 4116 2356 4181 latuisse,
2390 4131 2450 4170 ac
2508 4116 2632 4170 inde
2681 4116 2978 4170 secundum
3021 4130 3240 4169 carnem
3270 4129 3394 4183 pro-

1833 4209 2016 4275 diisse,
2035 4209 2300 4262 attestari.
2319 4206 2582 4271 Quoniam
2608 4220 2735 4260 vero
2753 4205 2971 4259 dubium
2993 4221 3098 4260 non
3124 4214 3225 4268 est,
3246 4218 3397 4258 men-

1835 4308 1938 4352 tem
1982 4296 2189 4364 prolixa
2232 4293 2612 4348 auctoritatum
2639 4294 3134 4362 sententiarumque
3168 4293 3276 4363 53
3315 4307 3398 4346 re-

1833 4388 2090 4444 citatione
2109 4385 2357 4450 obtundi,
2385 4384 2858 4452 remissioremque
2875 4384 3012 4448 ﬁeri,
3044 4384 3200 4438 malle
3217 4394 3394 4444 autem

167 4483 261 4535 ἐπὶ
300 4453 520 4552 Χριστῷ
566 4453 850 4549 δογμάτων
893 4481 954 4534 τὸ
999 4453 1462 4554 ἀκραιφνέστατον
1511 4485 1725 4551 κάλλος,

1840 4477 1984 4532 brevi
2011 4477 2242 4545 quodam
2273 4474 2595 4544 compendio
2621 4475 2930 4542 dogmatum
2961 4475 3028 4529 de
3060 4474 3277 4529 Christo
3303 4487 3394 4523 vc-

168 4571 336 4633 αὑτάς
365 4569 507 4622 κατὰ
533 4568 698 4639 μόνας
725 4568 822 4632 τὰς
850 4569 958 4622 τῶν
987 4572 1226 4635 ἐννοιῶν,
1258 4572 1343 4624 ἵνα
1365 4570 1537 4635 οὕτως
1566 4575 1728 4639 εἴπω,

169 4663 410 4731 καρδίας,
442 4662 505 4714 ὲκ
540 4661 638 4730 τῆς
666 4658 1022 4714 θεοπνεύστου
1046 4665 1138 4717 καὶ
1183 4663 1328 4727 Νέας
1355 4663 1577 4733 Γραφῆς
1603 4683 1728 4720 συν-

167 4748 491 4820 αγηγερκὼς
516 4787 530 4812 ,
565 4748 830 4819 πέπομφα
871 4749 935 4816 τῇ
963 4747 1207 4821 ὑμετέρᾳ
1238 4747 1380 4802 κατὰ
1411 4748 1542 4801 Θεὸν
1569 4751 1724 4802 εὐσε-

171 4839 318 4910 ϐείαο
356 4839 430 4902 ώς
457 4839 520 4892 ἂν
553 4840 993 4908 ἐντυγχάνουσαι,
1027 4839 1170 4892 κατὰ
1197 4838 1368 4911 βραχύ
1407 4855 1467 4891 τε
1500 4840 1596 4891 καὶ
1625 4840 1729 4894 ἀνὰ

173 4929 335 5001 μέρος
361 4931 521 4984 αὐταί
549 4947 609 4983 τε
633 4933 725 4983 τὸν
772 4933 830 4984 ἐν
870 4931 997 4998 ὑμῖν
1037 4933 1129 4982 καὶ
1154 4930 1233 4984 ἔτι
1264 4930 1524 5002 μειζόνως
1564 4949 1730 4985 κατα-

172 5021 496 5093 φαιδρύνητε
525 5021 681 5076 νοῦν·
713 5019 1144 5093 φωταγωγοῦσαι
1186 5023 1244 5076 δὲ.
1288 5023 1423 5093 πρὸς
1471 5022 1729 5091 ἀλήθειαν

173 5112 266 5164 καὶ
292 5112 385 5175 οὓς
412 5113 476 5166 ἂν
497 5114 723 5182 ὠφελεῖν
744 5113 963 5184 ἕλησθε,
981 5113 1156 5183 καυχή
1167 5131 1332 5182 μασιν
1353 5113 1730 5176 άποστολικοίς

172 5205 265 5266 τὰς
302 5205 453 5268 ὁσίας
484 5207 637 5275 ὑμῶν
675 5203 1141 5273 καταφαιδρύνητε
1175 5205 1436 5273 κεφαλάς.
1471 5205 1730 5266 Πλούσιος

173 5295 227 5345 δὲ
258 5292 375 5344 λίαν
419 5296 449 5346 ὁ
495 5298 587 5349 ἐπὶ
623 5295 796 5366 τούτῳ
831 5296 1048 5366 μισθός·
1077 5293 1385 5362 γέγραπται
1429 5299 1568 5368 γάρ·
1607 5316 1626 5348 ι
1673 5297 1731 5348 Ὀ

177 5382 500 5454 ἐπιστρέψας
533 5386 854 5456 ἁμαρτωλὸν
879 5387 942 5438 ὲκ
972 5383 1176 5451 πλάνης
1199 5383 1341 5450 ὁδοῦ,
1365 5385 1528 5438 σώσει
1557 5384 1732 5454 ψυχὴν

244 5536 285 5566 ⁸⁸
319 5533 506 5588 Matth.
530 5550 688 5601 χχιιι,
727 5539 810 5591 i0.
887 5538 932 5573 ⁸⁸
968 5535 1126 5590 Prov.
1176 5549 1250 5596 Ix,
1283 5534 1337 5587 9.

1839 4575 2107 4622 nustatem
2139 4565 2374 4620 dilucide
2415 4566 2806 4636 perspicueque
2854 4567 2924 4619 ob
2972 4564 3155 4618 oculos
3200 4576 3396 4629 propo—

1838 4660 1996 4712 sitam
2032 4671 2286 4722 cernere;
2319 4657 2437 4710 ideo
2481 4659 2643 4723 ipsas,
2683 4664 2741 4707 ut
2803 4653 2882 4708 sic
2929 4653 3136 4722 loquar,
3183 4659 3397 4705 senten-

1830 4751 2023 4805 tiarum
2043 4748 2299 4802 medullas
2317 4762 2383 4801 ex
2398 4746 2594 4799 divinis
2611 4744 2740 4800 Novi
2760 4744 3087 4799 Testamenti
3104 4740 3398 4810 Scripturis

1835 4840 2117 4904 collectas,
2141 4841 2207 4894 ad
2237 4846 2473 4894 vestram
2509 4837 2563 4892 in
2611 4838 2776 4892 Deum
2819 4836 3076 4906 pietatem
3109 4832 3399 4888 mittendas

1835 4931 2164 4988 existimavi.
2214 4929 2330 4996 Qua
2393 4929 2644 4984 nimirum
2698 4927 2950 4982 breviter
2998 4937 3062 4977 ac
3123 4920 3394 4990 sigillatim

1836 5025 1998 5080 hasce
2028 5020 2357 5082 evolventes,
2390 5028 2626 5073 vestram
2653 5019 2705 5071 in
2733 5014 2923 5084 primis
2964 5021 3196 5066 mentem
3233 5009 3394 5063 etiam

1836 5129 1978 5169 nunc
2003 5113 2376 5174 cohonestare,
2408 5109 2600 5163 deinde
2657 5107 2723 5159 ad
2770 5102 3162 5174 agnoscendam
3193 5100 3395 5153 verita-

1837 5215 1967 5267 tem,
2013 5201 2134 5256 aliis
2180 5203 2588 5270 quibuscunque
2637 5197 2808 5249 visum
2872 5192 3053 5253 fuerit,
3090 5189 3396 5257 adjumento

1837 5309 1960 5350 esse
1993 5307 2198 5346 necnon
2234 5289 2543 5360 apostolicis
2575 5284 2856 5353 praeconiis
2889 5281 3110 5351 perinde
3140 5294 3203 5330 ac
3232 5278 3396 5329 scrtis

1837 5382 2156 5453 quibusdam
2205 5380 2381 5449 capita
2419 5384 2597 5431 vestra
2646 5372 2899 5428 redimire
2950 5367 3185 5438 possitis.
3212 5363 3394 5428 Quan-

1250 5666 1421 5721 Variae
1447 5664 1699 5718 lectiones
1721 5655 1918 5716 codicis
1949 5659 2299 5727 Seguieriani.

254 5809 274 5838 ⁸
303 5795 626 5870 αὐτοτελῶς.
710 5797 726 5830 ί
760 5797 1091 5863 παρήγγελε.
1167 5811 1195 5839 ιι
1225 5815 1321 5851 ουκ
1352 5810 1601 5863 ασχερεςο

1677 5802 1701 5828 ν
1730 5800 2143 5857 σινεσταΑμενῳ.
