4086 6476
677 414 813 470 IS!!!)

1644 408 1701 463 S.
1745 404 2022 460 CYRILLI
2058 403 2524 460 ALEXANDRINI
2565 399 2885 458 ARCHIEP.

3781 394 3923 448 ΓΞἓο

675 527 959 596 doqnidem
994 523 1216 594 copiosa
1260 537 1471 577 merces
1509 537 1571 577 ea
1617 524 1683 577 de
1723 537 1881 577 causa
1941 521 2087 574 reddi
2117 536 2244 574 con-

2360 519 2512 573 κὺτοῦ
2546 520 2608 572 ὲκ
2642 518 2894 581 θανάτου,
2925 515 3018 570 καὶ
3041 513 3268 584 καλύψει
3302 512 3502 584 πλῆθος
3537 511 3852 582 ἁμαρτιῶν.
3895 528 3915 559 ι

676 620 848 673 suevit
883 637 896 672 :
929 617 1188 685 scriptum
1226 624 1309 669 est
1341 615 1482 668 enim
1513 632 1526 668 :
1559 631 1578 664 ι
1631 611 1732 679 Qui
1767 613 2004 667 converti
2049 613 2239 666 fecerit

679 720 1013 780 peccatorem
1058 708 1125 761 ab
1163 720 1348 761 errore
1406 706 1505 760 vim
1559 721 1690 769 sum,
1719 704 1950 759 salvahit
2009 706 2237 758 animam

677 804 790 871 ejus
807 817 834 855 a
855 809 1044 862 morte,
1064 812 1117 854 et
1135 800 1338 868 operiet
1369 797 1758 852 multitudinem
1775 806 2114 866 peccatorum
2127 796 2192 850 ⁸³.
2215 813 2232 845 ι

680 892 844 945 Porro
893 901 1069 945 autem
1101 907 1222 944 cum
1256 890 1519 960 ejusmodi
1557 887 1841 942 sententiis
1891 886 2238 950 adducendis,

678 983 759 1038 vel
801 985 1108 1037 earumdem
1157 997 1369 1050 quoque
1419 977 1880 1040 conclusionibus,
1908 977 2132 1031 subinde
2155 977 2238 1030 di-

680 1075 815 1126 eturi
865 1088 1068 1136 sumus,
1125 1076 1262 1128 Deus
1321 1075 1484 1144 igitur
1527 1083 1608 1126 est
1649 1071 2052 1136 Christus;ant
2107 1085 2244 1124 unus

680 1180 806 1234 ergo
836 1164 1002 1219 Filius
1045 1176 1097 1218 et
1127 1165 1386 1218 Dominus
1419 1173 1498 1216 est
1525 1161 1774 1217 Christus
1804 1181 1815 1214 :
1846 1177 1949 1214 non
1984 1175 2047 1215 eo
2081 1175 2241 1214 sensu

681 1255 732 1309 id
791 1258 1037 1318 dicimus,
1077 1272 1184 1324 quo
1239 1254 1348 1318 illi;
1395 1253 1546 1323 quasi
1613 1254 1867 1306 nimirum
1928 1251 2242 1305 Emmanuel

679 1348 966 1400 secundum
1020 1345 1247 1413 gratiam
1303 1354 1509 1397 tantum
1573 1341 1735 1407 Dens,
1781 1355 1874 1396 aut
1936 1342 2122 1406 Filius,
2154 1351 2247 1395 aut

681 1435 938 1488 Dominus
964 1435 1032 1487 sit
1065 1435 1404 1498 nominatus;
1435 1442 1524 1485 aut
1543 1449 1638 1502 per
1665 1433 1908 1486 assiduos
1931 1446 2246 1501 progressus

680 1533 731 1576 et
776 1524 1124 1585 incrementa,
1167 1522 1385 1589 perinde
1419 1537 1481 1575 ac
1530 1538 1668 1575 unus
1716 1522 1984 1589 quispiam
2011 1537 2041 1573 e
2070 1521 2246 1574 medio

680 1628 838 1681 grege
861 1614 1134 1678 nostrique
1165 1611 1356 1665 similis
1399 1611 1558 1665 homo
1588 1611 1986 1674 sanctiﬁcatus,
2023 1610 2088 1662 ad
2121 1610 2246 1662 illud

680 1704 858 1772 gloriae
885 1703 1096 1758 culmen
1118 1703 1520 1756 conscenderit.
1549 1700 1747 1754 Verum
1775 1718 1939 1754 unum
1974 1702 2072 1754 hoc
2094 1700 2249 1753 insti-

2357 615 2446 666 ‘Ev
2474 612 2531 664 δέ
2569 628 2632 679 γε
2661 613 2780 673 ταῖς
2811 609 2917 661 τῶν
2955 607 3172 661 ἐννοιῶν
3199 605 3505 676 εὑρέσεσιν,
3533 604 3652 674 ἦτοι
3698 618 3920 670 συμπε-

2347 704 2642 775 ράσμασιν,
2671 701 2797 752 ὅταν
2825 699 3094 768 λέγωμεν,
3137 695 3269 757 Θεὸς
3309 691 3400 748 οὖν
3429 695 3538 763 ἄρα
3577 695 3605 746 ό
3655 693 3920 763 Χριστὸς,

2342 796 2509 865 ἧγουν
2553 787 2632 855 εἷς
2664 793 2770 861 ἄρα
2799 791 2827 842 ό
2857 791 2984 853 Υἱὸς
3025 791 3118 843 καὶ
3151 787 3354 858 Κύριος
3390 785 3595 854 Ἰησοῦς
3638 785 3883 854 Χριστός
3904 799 3916 812 ο

2344 887 2442 954 οὐχ
2482 884 2624 937 οὕτω
2668 883 2867 952 φαμὲν,
2911 881 2984 945 ὡς
3029 882 3246 942 ἐκεῖνοι,
3303 878 3433 931 Θεὸν
3470 876 3613 929 κατὰ
3658 876 3849 944 χάριν,
3889 874 3923 940 ἢ

2350 975 2501 1039 Υίὸν,
2560 974 2592 1044 ἦ
2633 973 2833 1044 Κύριον
2883 970 3194 1042 ὠνομάσθαι
3234 969 3324 1022 τὸν
3357 967 3742 1037 Ἐμμανουὴλ,
3782 967 3818 1034 ἢ
3861 968 3923 1016 ἐκ

2351 1067 2632 1135 προκοπῆς
2654 1103 2668 1126 ,
2703 1065 2736 1134 ἢ
2773 1063 3064 1125 ἐπιδόσεως
3084 1102 3099 1126 ,
3133 1063 3212 1125 είς
3237 1059 3393 1113 τοῦτο
3423 1058 3580 1129 δόξης
3607 1057 3808 1120 ἐλθεῖν,
3848 1056 3924 1119 ὡς

2359 1157 2456 1208 ἕνα
2485 1157 2577 1209 τὸν
2607 1155 2727 1208 καθ’
2751 1157 2894 1223 ἡμᾶς
2928 1154 3102 1208 κοινὸν
3129 1155 3219 1206 καὶ
3245 1151 3568 1222 ἡγιασμένοι
3595 1149 3887 1218 ἄνθρωπον
3905 1163 3918 1174 ’

2357 1247 2530 1298 ἐκεῖνο
2573 1246 2629 1298 δὲ
2676 1245 2894 1314 μᾶλλον,
2922 1245 3002 1297 ὃτι
3035 1243 3163 1305 Θεὸς
3195 1242 3268 1295 ὢν
3293 1244 3320 1294 ό
3346 1243 3514 1308 Λόγος
3533 1279 3548 1302 ,
3577 1233 3698 1291 εἶτα
3732 1236 3924 1298 καθεὶς

2347 1337 2537 1389 ἑαυτὸν
2564 1337 2642 1399 είς
2674 1336 2922 1399 κένωσιν,
2953 1336 3044 1387 καὶ
3073 1337 3130 1387 ἐν
3162 1333 3346 1386 δούλου
3397 1334 3573 1402 μορφῇ
3608 1329 3925 1395 καταεεὸηο

2346 1427 2478 1492 κὼς,
2511 1428 2661 1479 οὐδὲν
2687 1423 2847 1498 ἧττόν
2879 1428 2994 1478 ἐστι
3020 1425 3152 1487 Θεὸς
3185 1424 3455 1494 ἀληθινὸς,
3487 1424 3580 1475 καὶ
3612 1422 3775 1489 φύσει
3812 1421 3923 1470 τῶν

2345 1518 2481 1570 ὅλων
2527 1518 2727 1588 Κύριος
2761 1517 2935 1579 ἔσται,
2975 1517 3067 1569 καὶ
3099 1517 3277 1585 μόνος,
3325 1515 3416 1566 καὶ
3450 1498 3630 1575 ίδικῶξ
3664 1513 3812 1573 Υἱός.
3851 1504 3919 1580 ᾯ

2346 1611 2439 1662 καὶ
2465 1611 2621 1679 ἡμεῖς
2650 1607 2968 1680 συμμορφού
2979 1624 3128 1676 μενοι
3153 1605 3295 1658 κατὰ
3322 1606 3480 1674 χάριν
3506 1603 3603 1672 τὴν
3625 1602 3692 1654 δι’
3721 1600 3916 1662 αὐτοῦ,

2347 1701 2483 1772 πρὸς
2515 1701 2614 1771 τὴν
2646 1704 2742 1771 τῆς
2778 1701 3051 1763 υἱοθεσίας
3077 1696 3439 1766 ἀναὸαίνομεν
3471 1695 3646 1759 δόξαν.

682 1797 878 1852 luimus
912 1806 964 1851 et
986 1796 1234 1859 dicimus,
1257 1810 1447 1862 nempe
1478 1794 1708 1848 Verbum
1767 1810 1888 1848 cum
1966 1795 2105 1848 Deus
2150 1804 2313 1856 esset,
2352 1797 2418 1848 ad
2473 1795 2916 1860 exinanitionem,
2957 1794 3314 1861 servilemque
3358 1791 3584 1844 formam
3641 1805 3701 1843 se
3746 1789 3924 1841 demi-

679 1884 815 1939 sisse
847 1900 908 1939 ac
939 1885 1312 1949 descendisse;
1343 1884 1414 1937 ita
1450 1892 1624 1936 tamen
1657 1893 1714 1936 ut
1761 1898 1918 1937 verus
1971 1883 2320 1938 nihilominus
2362 1885 2498 1939 Deus
2547 1902 2609 1938 ac
2668 1887 2960 1941 secundum
3008 1894 3254 1937 naturam
3314 1885 3686 1938 universorum
3739 1879 3924 1932 Domi-

691 1989 792 2027 nus
845 1973 1223 2042 permanserit,
1270 1973 1527 2040 solusque
1569 1981 1623 2025 et
1663 1973 1881 2041 proprie
1937 1972 2102 2026 Filius
2129 1990 2142 2026 :
2169 1973 2252 2027 cui
2293 1983 2346 2027 et
2367 1990 2466 2029 nos
2520 1989 2735 2045 quoque
2794 1992 2888 2042 per
2937 1978 3166 2045 gratiam
3201 1974 3369 2044 ipsius
3402 1975 3834 2033 contormamur,
3869 1980 3922 2022 et

680 2064 743 2117 ad
765 2063 1064 2132 adoptionis
1096 2062 1319 2130 gloriam
1352 2062 1790 2116 conscendimus.

775 2153 885 2207 XII.
938 2154 1202 2209 Czeterum
1259 2169 1452 2206 nomen
1513 2153 1634 2215 hoc,
1703 2151 1975 2217 Christus,
2002 2152 2243 2220 quidam,
2281 2161 2318 2214 Β

682 2243 864 2297 nescio
893 2244 1193 2312 quomodo,
1225 2243 1317 2296 Dei
1365 2241 1538 2295 Patris
1581 2241 1754 2295 Verbo
1806 2241 1966 2295 etiam
2005 2256 2246 2294 seorsum

682 2351 745 2391 ac
779 2353 870 2405 per
896 2352 974 2398 se,
1010 2338 1108 2390 hoc
1131 2346 1233 2399 est,
1283 2345 1341 2389 ut
1370 2346 1521 2389 extra
1564 2349 1780 2387 carnem
1813 2334 2043 2401 positum
2074 2342 2252 2386 mente

683 2428 1002 2495 concipitur,
1037 2425 1330 2478 convenire
1369 2433 1643 2485 asserunt,
1686 2438 1810 2476 mox
1854 2437 1982 2475 vero
2015 2424 2065 2474 in
2107 2422 2250 2474 illum

686 2533 900 2586 quoque
955 2517 1202 2570 similiter
1251 2515 1378 2569 illud
1433 2525 1740 2583 competere
1789 2512 2252 2581 contendunt,qui

683 2624 751 2662 ex
776 2625 924 2662 sacra
962 2608 1180 2675 Virgine
1207 2616 1363 2661 natus
1384 2615 1486 2668 est,
1539 2617 1696 2674 prout
1726 2605 1812 2659 hic
1836 2621 2052 2674 quoque
2079 2619 2172 2673 per
2198 2619 2255 2658 se

685 2701 974 2770 separatim
1031 2699 1326 2755 subsistere
1378 2698 2100 2766 consideratUrzpostremo
2142 2711 2257 2749 am-

691 2793 861 2846 bobus
919 2791 1080 2846 simul
1137 2791 1360 2859 perinde
1407 2805 1468 2844 ac
1527 2791 1615 2842 uni
1663 2804 1959 2860 congruere
2013 2792 2253 2855 tradunt,

687 2884 891 2937 ratione
950 2883 1202 2935 nimirum
1242 2880 1664 2950 coniunctionis,
1697 2891 1757 2933 ut
1803 2881 1901 2949 ipsi
1940 2882 2252 2948 loquuntur,

687 2973 738 3027 in
769 2989 928 3026 unam
955 2973 1072 3027 illos
1099 2988 1382 3039 personam
1411 2973 1728 3039 colligantes
1754 2971 1772 3038 (
1801 2987 1922 3024 nam
1946 2987 2085 3025 verte
2117 2974 2256 3026 illius

688 3064 1053 3133 naturalisque
1111 3062 1347 3126 unionis,
1388 3063 1598 3115 etiamsi
1635 3077 1795 3113 unam
1829 3064 1966 3115 hanc
2007 3063 2250 3130 mysterii

688 3155 846 3222 hujus
881 3155 1021 3207 viam
1051 3153 1287 3220 planam,
1320 3161 1374 3205 et
1423 3152 1490 3204 ab
1536 3151 1680 3204 omni
1719 3166 1904 3205 errore
1936 3161 2103 3204 tutam
2134 3165 2260 3219 pro-

691 3245 918 3312 positam
963 3243 1220 3304 habeant,
1253 3242 1398 3296 nulla
1435 3243 1574 3311 apud
1628 3241 1745 3295 illos
1779 3241 2005 3295 habetur
2043 3243 2252 3310 ratio):

687 3344 740 3386 et
775 3334 884 3387 hazc
915 3333 1122 3387 illorum
1152 3333 1407 3387 simulata
1434 3332 1704 3388 confessio
1739 3348 1840 3386 non
1894 3342 1975 3387 est
2021 3333 2254 3398 sincera,

689 3426 780 3478 sed
805 3427 906 3479 atri
944 3426 1133 3480 veneni
1170 3427 1586 3494 imposturaeque
1631 3425 1807 3494 plena.
1855 3424 1985 3477 Nam
2010 3441 2130 3479 cum
2177 3426 2257 3478 di-

688 3519 808 3570 vina
841 3519 1114 3586 Scriptura
1143 3518 1415 3570 Christum
1442 3518 1747 3581 nominans,
1775 3517 1953 3570 omnia
1980 3517 2051 3570 illi
2079 3518 2256 3570 divina
2289 3502 2330 3558 (ἶ

690 3605 1006 3672 simpliciter
1031 3605 1350 3676 54-tribuat
1391 3607 1576 3674 (novit
1628 3607 1796 3668 enim,
1823 3607 1991 3666 novit,
2017 3607 2254 3674 inquam,

691 3696 803 3760 illa,
840 3697 928 3750 Dei
961 3696 1190 3751 Verbum
1229 3684 1282 3750 in
1346 3697 1578 3750 humana
1630 3697 1798 3750 forma
1849 3699 2161 3768 apparuisse
2206 3711 2260 3753 et

689 3801 905 3842 carnem
931 3788 1132 3842 factum
1171 3789 1315 3859 esse)
1343 3806 1358 3854 ;
1405 3789 1614 3843 illorum
1644 3799 1821 3844 autem
1877 3791 2179 3844 institutum
2209 3799 2261 3844 et

692 3894 905 3950 scapus,
939 3880 1030 3951 qui
1081 3881 1292 3934 diversa
1324 3881 1391 3933 ab
1431 3881 1515 3935 his
1545 3881 1802 3946 sentiunt,
1839 3883 1910 3937 sit
1939 3882 2263 3950 persuadere

692 3985 812 4024 eum
836 3973 926 4040 qui
953 3988 1018 4026 ex
1054 3975 1276 4026 muliere
1314 3981 1469 4026 natus
1493 3981 1594 4037 est,
1620 3974 1889 4026 hominem
1940 3987 2058 4026 esse
2085 3987 2246 4025 unum

693 4063 1129 4130 quempiam,qui
1171 4079 1264 4130 per
1294 4063 1647 4127 incrementa,
1682 4073 1739 4116 ut
1767 4064 1901 4127 dixi,
1938 4073 1991 4117 ct
2028 4079 2123 4132 per
2147 4078 2265 4133 pro-

2419 2151 2515 2206 IB’.
2549 2155 2756 2225 Ὀνομα
2780 2157 2835 2209 δὲ
2866 2157 3238 2224 τὸ,λριστός,
3274 2157 3501 2226 πρέπειν
3533 2157 3772 2226 ubam-3x
3806 2152 3924 2208 οἶδα

2351 2246 2937 2309 πῶς,δια6ε6αιοῦνταί
2978 2266 3121 2311 τινες
3161 2249 3256 2302 καὶ
3306 2249 3488 2312 ίδικῶς
3527 2265 3587 2302 τε
3638 2251 3733 2301 καὶ
3787 2253 3927 2302 κατὰ

2355 2338 2540 2406 μόνας,
2570 2341 2660 2391 καί
2689 2340 2792 2404 ἔξω
2829 2341 3027 2410 σαρκὸς
3055 2341 3166 2392 ὖντι
3209 2357 3268 2393 τε
3305 2342 3399 2392 καὶ
3442 2340 3717 2409 νοουμένῳ
3748 2340 3834 2410 τῷ
3866 2343 3927 2391 ὲκ

2352 2429 2486 2482 Θεοῦ
2517 2432 2670 2498 φύντι
2698 2431 2855 2501 Λόγῳ
2874 2449 2886 2460 ·
2922 2433 3152 2502 πρέπειν
3175 2433 3232 2486 δὲ
3260 2435 3460 2503 ὁμοίως
3486 2435 3580 2486 καὶ
3614 2433 3695 2502 τῷ
3727 2436 3795 2485 ἐκ
3828 2433 3927 2501 τῆς

2357 2521 2518 2587 ἁγίας
2547 2523 2822 2592 Παρθένου
2849 2525 3247 2594 γεγεννημένῳ,
3276 2525 3378 2577 κᾶν
3403 2526 3450 2576 εί
3470 2528 3639 2576 νοοῖτο
3664 2525 3929 2593 ὑπάρχων

2356 2615 2495 2666 κατὰ
2527 2615 2693 2685 μόνας
2721 2615 2799 2668 ἔτι
2828 2616 2922 2668 καὶ
2947 2615 3068 2668 καθ’
3092 2617 3282 2668 ἑαυτόν
3303 2634 3316 2646 ·
3347 2617 3440 2669 καὶ
3474 2616 3674 2686 τρίτως
3705 2616 3763 2667 δὲ
3798 2617 3931 2685 πρέ-

2355 2723 2477 2759 πειν
2529 2707 2750 2776 ἀμφοῖν,
2796 2708 2992 2760 ὡσανεὶ
3031 2721 3057 2748 ι
3107 2707 3202 2760 τοῦ
3247 2707 3347 2777 τῆς
3394 2707 3691 2776 συναφείας
3738 2707 3929 2774 λόγου,

2356 2797 2603 2866 καθάπερ
2637 2798 2788 2850 αὐτοί
2831 2816 3013 2866 φασιν,
3049 2801 3126 2860 είς
3166 2799 3223 2850 ἓν
3255 2799 3449 2862 αὐτοὺς
3477 2801 3768 2865 πρόσωπον
3811 2815 3932 2850 συν·

2356 2886 2652 2949 εισδέοντες
2672 2895 2699 2933 3’
2724 2900 2738 2912 °
2765 2887 3009 2950 ἐνώσεως
3036 2888 3144 2958 γὰρ
3169 2888 3269 2957 τῆς
3297 2888 3438 2940 κατά
3475 2887 3634 2955 φύσιν
3662 2889 3757 2939 καὶ
3796 2887 3932 2955 ἀλη-

2359 2973 2483 3036 θοῦς
2517 2975 2692 3037 οὐδεὶς
2718 2975 2870 3041 λόγος
2899 2977 3079 3038 αὐτοῖς
3100 2994 3113 3007 ·
3140 2977 3318 3028 καίτοι
3353 2976 3555 3045 ταύτην
3588 2977 3809 3046 ἔχοντος
3841 2977 3932 3027 τοῦ

2363 3067 2660 3136 μυστηρίου
2687 3068 2784 3133 τὴν
2819 3066 2936 3119 ὁδὸν
2967 3068 3131 3138 ὀρθὴν
3175 3069 3270 3121 καὶ
3301 3068 3738 3136 ἀπλανεστάτην·
3775 3069 3876 3120 καὶ
3904 3070 3935 3137 ἡ

2362 3153 2558 3221 σκῆψις
2599 3155 2778 3207 αὐτῶν
2824 3157 2922 3224 οὐχ
2969 3157 3111 3225 ἁπλῆ
3139 3195 3154 3217 ,
3211 3157 3434 3227 πικρίας
3475 3157 3532 3209 δὲ
3587 3156 3793 3226 μᾶλλον
3843 3159 3938 3210 καὶ

2360 3244 2574 3315 ἀπάτης
2649 3246 3016 3316 μεμέστωται.
3071 3249 3287 3317 Ἐπειδὴ
3335 3248 3515 3317 γὰρὴ
3572 3247 3938 3311 θεόπνευστος

2360 3337 2549 3408 Γραφὴ
2592 3339 2825 3408 Χριστὸν
2855 3341 3216 3411 όνομάζουσα,
3250 3342 3424 3395 πάντα
3451 3341 3598 3412 αὑτῷ
3632 3343 3939 3412 προσνέμει

2363 3432 2429 3482 τὰ
2458 3430 2734 3501 θεοπρεπῆ
2782 3429 2928 3498 (οἶδε
2973 3435 3102 3504 γὰρ,
3153 3430 3260 3486 οἶδε
3301 3436 3358 3487 ὲν
3391 3435 3706 3504 ἀνθρωπεία
3742 3439 3938 3504 μορφῇ

2366 3522 2641 3590 πεφηνότα
2671 3526 2764 3576 καὶ
2797 3525 3212 3594 σεσαρκωμένον
3241 3527 3332 3578 τὸν
3365 3526 3497 3578 Θεοῦ
3536 3528 3766 3594 Λόγον),
3810 3545 3938 3578 σκοο

2365 3616 2463 3676 πὸς
2495 3615 2551 3666 δὲ
2586 3619 2698 3677 τοῖς
2743 3614 2908 3685 ἓτερα
2959 3617 3108 3687 παρά
3147 3618 3305 3670 τοῦτο
3350 3621 3561 3686 φρονεῖν
3597 3619 3937 3687 ᾑρημένοις,

2366 3705 2459 3756 καὶ
2489 3704 2665 3756 κοινὸν
2698 3703 2982 3772 ἄνθρωπον
3010 3705 3333 3772 ἀποφαίνειν
3361 3704 3449 3756 τὸν
3475 3706 3536 3756 ὲκ
3566 3705 3852 3770 γυναικὸς,
3885 3705 3942 3767 ἐξ

2363 3793 2675 3856 ἐπιδόσεως,
2711 3793 2784 3856 ὡς
2815 3794 2971 3863 ἔφην,
2995 3797 3089 3848 καὶ
3123 3797 3180 3860 ἐξ
3215 3796 3349 3857 ίδίας
3374 3813 3431 3847 τε
3467 3796 3559 3848 καὶ
3585 3795 3941 3865 ἀνθρωπίνης

2365 3884 2568 3954 ἀρετῆς
2599 3883 2746 3947 ἄξιον
2791 3886 2981 3938 ἑαυτὸν
3015 3889 3441 3957 παραστήσαντα
3484 3887 3578 3940 τοῦ
3613 3889 3818 3958 χρῆναι
3858 3905 3942 3938 τι-

2371 3975 2575 4044 μᾶσθαι
2608 3976 2701 4028 καὶ
2726 3977 2982 4046 συναφεία
3011 3977 3304 4048 προσώπου
3330 3982 3396 4049 τῇ
3428 3979 3561 4047 πρὸς
3590 3980 3678 4030 τὸν
3704 3981 3768 4031 ὲκ
3801 3978 3939 4030 Θεοῦ

2367 4066 2560 4134 Λόγον,
2596 4066 2688 4119 καὶ
2717 4067 3009 4120 ἀπόλεκτον
3036 4069 3288 4136 γενέσθαι
3321 4070 3461 4122 κατά
3493 4071 3830 4139 πρόγνωσιν.

701 4157 894 4222 priam,
938 4155 1038 4210 hoc
1083 4165 1164 4209 est
1201 4157 1485 4208 humanam
1546 4156 1794 4210 virtutem
1853 4157 2072 4226 dignum
2135 4172 2194 4214 se
2249 4159 2555 4226 praebuerit,
2599 4160 2690 4230 qui
2741 4161 2998 4215 honorem
3037 4176 3252 4231 quoque
3295 4160 3645 4216 connexionis
3677 4175 3804 4214 cum
3847 4160 3940 4213 Dei

699 4247 872 4302 Verbo
945 4257 1345 4316 assequeretur,
1413 4255 1468 4302 et
1525 4248 1716 4317 insigni
1795 4251 2268 4319 praedestinatione
2305 4251 2615 4323 eligeretur.

764 4339 905 4393 XIII.
947 4337 1151 4393 Idcirco
1198 4356 1392 4394 nomen
1441 4339 1558 4401 hoc,
1597 4339 1864 4404 Christus,
1889 4341 1988 4396 soli
2047 4356 2263 4412 quoque

702 4430 873 4484 Verbo
902 4432 1043 4498 quod
1071 4445 1134 4484 ex
1160 4429 1267 4484 Deo
1312 4431 1471 4484 Patre
1509 4441 1686 4485 ortum
1723 4443 1825 4496 est,
1851 4442 1908 4485 ut
1940 4434 2164 4486 seorsim
2198 4447 2265 4488 ac

697 4535 792 4588 per
830 4535 888 4572 se
913 4521 1207 4574 subsistere
1235 4523 1635 4588 consideratur,
1675 4523 1967 4576 convenire
1991 4531 2266 4578 asserunt.

699 4607 808 4664 Nos
839 4618 1016 4662 autein
1042 4611 1113 4664 ita
1140 4613 1344 4665 sentire
1381 4623 1474 4666 aut
1506 4613 1649 4682 loqui
1707 4629 2044 4682 nequaquam
2083 4614 2272 4669 didici-

704 4716 820 4753 mus
875 4721 887 4754 :
935 4702 1366 4769 quandoquidem
1421 4712 1545 4758 tunc
1602 4705 1831 4773 primum
1882 4706 2113 4759 Verbum
2145 4705 2268 4760 Jesu

2440 4345 2537 4396 II".
2570 4345 2776 4398 Ἐκεῖνό
2818 4362 3000 4414 φασιν,
3037 4345 3214 4407 ὅτιτὸ,
3248 4343 3707 4412 Χριστὸς,δνομα
3731 4344 3944 4412 πρέπει

2371 4435 2466 4486 καὶ
2503 4435 2669 4504 μόνῳ,
2715 4436 2808 4488 καὶ
2856 4436 2981 4506 ίδίᾳ,
3032 4438 3124 4488 καὶ
3154 4435 3275 4488 καθ’
3305 4435 3493 4486 ἑαυτὸν
3521 4434 3801 4503 νοουμένῳ
3850 4434 3946 4487 καὶ

2367 4526 2661 4596 ὑπάρχοντι
2711 4526 2791 4594 τῷ
2843 4529 2904 4578 ὲκ
2963 4525 3097 4578 Θεοῦ
3146 4525 3357 4596 Πατρός
3400 4525 3702 4594 πεφηνότιι
3757 4526 3943 4593 Λόγῳ.

2377 4617 2569 4685 Ἡμεῖς
2611 4617 2668 4669 δὲ
2694 4617 2792 4686 οὐχ
2829 4616 2970 4668 οὕτω
2999 4617 3352 4686 δεδιδάγμεθα
3401 4619 3635 4688 φρονεῖν,
3667 4616 3700 4683 ἢ
3733 4616 3944 4681 λέγειν.

2373 4709 2503 4761 Ὀτε
2532 4708 2640 4777 γὰρ
2673 4709 2863 4776 γέγονε
2893 4707 3028 4779 σὰρξ
3056 4712 3083 4762 ό
3112 4710 3301 4776 Λόγος,
3335 4709 3456 4761 τότε
3491 4712 3584 4761 καὶ
3620 4707 3947 4775 ὠνομάσθαι

700 4792 896 4848 Christi
933 4793 1338 4863 appellationem
1361 4797 1604 4849 sortitum
1634 4797 1886 4861 dicimus,
1909 4813 2030 4851 cum
2068 4797 2257 4852 factum

2375 4801 2555 4869 φαμὲν
2604 4799 2766 4852 αὐτὸν
2810 4799 3042 4868 Χριστὸν
3079 4797 3305 4868 Ἰησοῦν.
3347 4797 3561 4867 Ἐπειδὴ
3607 4796 3716 4865 γὰρ
3747 4796 3946 4864 κέκρι-

701 4895 786 4936 est
834 4897 998 4948 caro;
1046 4886 1308 4955 siquidem
1362 4889 1431 4942 ob
1479 4889 1527 4941 id
1557 4888 1807 4944 Christus
1866 4900 2107 4955 vocatur,
2142 4892 2265 4959 quia

701 4975 1078 5032 exsultationis
1135 4978 1275 5044 oleo,
1307 4980 1406 5033 hoc
1443 4991 1525 5033 est
1585 4980 1788 5046 Spiritu
1822 4991 2032 5045 sancto,
2079 4998 2108 5036 a
2165 4982 2269 5036 Deo

707 5063 860 5116 Patre
891 5066 1163 5121 inunctum
1192 5080 1292 5124 est.
1321 5069 1471 5135 Quod
1500 5080 1677 5132 autem
1699 5071 1939 5124 inunctio
1959 5073 2045 5124 illa
2065 5087 2272 5126 assum-

706 5165 806 5221 ptie
854 5154 1201 5211 humanitatis
1253 5161 1462 5213 ratione
1523 5161 1596 5214 illi
1655 5161 1964 5224 conveniat,
2030 5162 2080 5214 id
2131 5162 2268 5231 apud

708 5255 851 5296 recte
905 5245 1194 5299 sentientes
1229 5248 1279 5300 in
1325 5252 1672 5318 qmestionem
1711 5267 1816 5304 non
1863 5251 2008 5305 venit
2033 5270 2045 5305 :
2075 5268 2196 5305 nam
2225 5255 2268 5307 si

708 5335 798 5388 Dei
833 5331 1066 5387 Verbum
1104 5335 1241 5388 Deus
1266 5349 1368 5402 cst,
1401 5341 1543 5393 nulla
1581 5343 1764 5410 utique
1825 5343 2078 5398 unctione
2126 5344 2270 5397 indi-

776 5491 819 5519 "
851 5488 962 5543 Jac.
997 5504 1048 5552 ν,
1077 5490 1168 5542 20.

2377 4908 2498 4944 σται
2554 4889 2632 4960 τῷ
2679 4889 2842 4960 ἐλαίῳ
2897 4889 2994 4957 τῆς
3046 4888 3436 4956 ἀγαλλιάσεως,
3491 4889 3607 4955 ἦτοι
3663 4884 3742 4952 τῷ
3806 4886 3947 4956 ἁγίῳ

2375 4981 2650 5050 Πνεῦματι
2699 4981 2851 5050 παρὰ
2896 4977 2990 5030 τοῦ
3041 4976 3176 5029 Θεοῦ
3241 4977 3334 5029 καὶ
3379 4976 3622 5045 Πατρός,
3682 4973 3948 5042 ταὺτῃτοι

2377 5071 2610 5142 Χριστὸς
2644 5070 2985 5138 ὀνομάζεται.
3015 5070 3138 5121 ’Ὁτι
3183 5068 3241 5121 δὲ
3274 5069 3402 5138 περὶ
3435 5069 3494 5119 τὸ
3532 5063 3877 5132 ἀνθρώπινον
3917 5070 3948 5136 ἠ

2378 5163 2578 5231 χρίσις,
2609 5163 2708 5214 οὐκ
2738 5162 2803 5214 ἂν
2835 5160 3124 5214 ἑνδοιάσειέ
3158 5177 3239 5222 τις
3271 5159 3382 5212 τῶν
3413 5156 3547 5225 ὀρθά
3573 5157 3793 5223 φρονεῖν
3821 5159 3949 5211 εει-δν

2379 5253 2583 5305 θότων·
2627 5253 2716 5305 εει
2763 5251 2862 5321 μὲν
2894 5252 2998 5323 γὰρ
3043 5251 3175 5314 Θεός
3223 5253 3338 5303 ἐστι
3383 5246 3477 5300 καὶ
3515 5245 3704 5310 Λόγος,
3745 5246 3854 5300 οὐκ
3886 5248 3954 5299 ἂν

2378 5343 2569 5414 ἐδεήθη
2606 5343 2841 5416 χρίσεως
2871 5360 2884 5372 ·
2921 5344 2980 5396 οὑ
3011 5343 3119 5413 γάρ
3148 5357 3251 5394 που
3280 5338 3412 5410 φαίη
3447 5353 3529 5400 τις
3561 5336 3625 5391 ἂν
3659 5340 3950 5410 κεχρίσθαι

1764 5645 1936 5697 Varia:
1963 5646 2216 5698 lectiones
2249 5648 2450 5699 codicis
2481 5647 2836 5712 Seguieriani.

785 5781 805 5807 ι
842 5774 1038 5842 ἀμφοῖν
1068 5777 1140 5839 ὼς
1164 5776 1262 5829 ἑνί.
1342 5784 1368 5825 1
1407 5775 1817 5836 συνεισδέοντος.
1897 5788 1915 5811 ι
1945 5781 2271 5845 γεννηθέντι.

2352 5794 2376 5820 α
2409 5783 2573 5843 ἴσως,
