4086 6552
176 455 299 507 1'22!

1280 460 1366 513 DE
1411 461 1638 517 RECTA
1683 461 1839 518 FIDE
1880 463 1969 516 AD
2011 462 2325 520 RECINAS.

3277 469 3414 524 £222

174 573 259 622 καὶ
286 571 544 639 ήγιάσοαι
579 573 663 627 τὸν
706 575 770 628 ἐκ
803 575 937 628 Θεοῦ
969 577 1140 644 Λόγον
1181 578 1257 648 τῷ
1297 581 1408 651 ἰδίῳ
1443 582 1730 650 Πνεύματι.

1847 594 1952 654 get.
1981 583 2091 639 Nec
2120 585 2257 639 ullus
2299 598 2533 654 unquam
2564 585 2748 641 docuit
2777 583 2870 640 Dei
2920 583 3151 640 Verbum
3205 585 3412 657 Spiritu

171 662 239 724 ὼς
283 664 456 734 ἑτέρῳ
497 667 624 734 παρ’
660 667 823 720 αὑτὸν
864 668 962 739 τὴν
1004 669 1164 738 φύσιν
1221 673 1602 744 ὑπερχειμένῳ
1642 675 1736 727 καὶ

168 754 473 824 προῦχοντι.
507 776 523 807 t
551 759 732 828 Χωρ“ις
764 760 831 827 γά
843 778 872 830 ρ
904 764 1084 832 πάσής
1108 763 1413 832 ἀντιλογίας
1437 768 1495 819 τὸ
1520 767 1735 820 ἔλαττον

170 845 270 896 ὑπὸ
295 845 386 897 τοῦ
413 847 716 917 κρείττονος
745 852 1066 919 εὐλογεῖται.
1093 873 1109 906 ι
1159 856 1378 926 Ἐπειδὴ
1407 857 1460 910 δὲ
1491 861 1605 921 τοῖς
1635 860 1734 923 τῆς

166 934 579 1022 ἀνθρωπότητος
609 941 827 1012 μέτροις
849 944 909 996 τὸ
928 945 1251 1012 ἁγιάζεσθαί
1276 967 1334 1001 τε
1364 950 1459 1002 καὶ
1485 949 1733 1020 χρίεσθαι

166 1029 382 1095 πρέπει,
419 1031 567 1083 πεῖσά
597 1048 710 1094 πως
739 1035 949 1105 ἀνάγκη
987 1037 1219 1107 Χριστὸν
1254 1038 1613 1108 ὀνομάζεσθαι
1643 1041 1733 1093 τὸν

163 1117 227 1167 ὲκ
259 1117 391 1170 Θεοῦ
442 1120 650 1188 Λόγον,
696 1123 793 1192 οὐχ
837 1126 923 1177 ὅτε
959 1128 1162 1196 γυμνός
1197 1126 1264 1199 ἦν
1307 1130 1386 1182 ἔτι
1434 1132 1528 1182 καὶ
1581 1130 1733 1185 οὔπω

165 1214 600 1282 σεσαρκωμένος,
650 1217 766 1268 ἀλλ’
811 1219 899 1271 ὅτε
938 1221 1178 1290 γεγονὼς
1212 1223 1334 1276 καθ’
1372 1226 1540 1294 ἡμᾶς,
1572 1241 1728 1278 τουτ-

163 1306 305 1358 έστιν
333 1308 636 1377 ἅνθρωπος,
673 1311 896 1384 ἐχρξσοη
925 1314 1065 1367 κατὰ
1096 1315 1156 1367 τὸ
1179 1316 1537 1386 ἀνθρώπινον.
1569 1317 1728 1369 Ὥστε

159 1397 220 1446 τὸ
265 1398 514 1463 Χριστός
551 1400 718 1467 ὄνομα
767 1403 965 1472 πρέποι
1008 1404 1073 1456 ἂν
1121 1405 1238 1456 κατ’
1291 1407 1480 1458 οὐδένα
1527 1408 1728 1477 τρόπον

158 1488 308 1538 οῦπω
348 1490 467 1540 καθ’
497 1491 642 1558 ἡμᾶς
673 1495 918 1560 γεγονότι
953 1495 1029 1566 τῷ
1067 1497 1129 1548 ἐκ
1157 1496 1290 1548 Θεοῦ
1327 1499 1536 1569 Πατρὸς
1567 1498 1729 1566 φύντι

157 1581 335 1648 Λόγῳ.
389 1582 449 1632 Et
478 1583 532 1634 δὲ
559 1584 877 1653 ὀνομάζοιτο
921 1605 1024 1640 που
1057 1590 1290 1658 Χριστὸς
1315 1630 1327 1650 ,
1378 1591 1728 1661 ὲνανορωπή-

157 1669 327 1720 σαντα
358 1686 446 1737 μοι
475 1673 688 1741 νοήσεις
720 1675 911 1727 αὐτόν·
960 1676 1062 1728 κᾶν
1116 1680 1286 1744 Λόγον
1323 1680 1593 1752 ἀκούσῃς,
1634 1698 1730 1732 πε-

157 1761 478 1832 πραγμένής
518 1764 617 1833 ἤδη
647 1766 744 1834 τῆς
783 1768 1267 1839 ὲνανθρωπήσεως,
1304 1771 1402 1839 τῆς
1436 1771 1729 1838 ὲνωοείσης

153 1857 300 1925 αὐτῷ
332 1859 404 1927 μὴ
447 1860 844 1932 ἀμνημονήσῃς
883 1867 1104 1936 σαρκός.
1125 1867 1251 1919 Ἀνὰ
1285 1868 1447 1936 μέρος
1472 1867 1528 1919 δὲ
1555 1867 1726 1938 τούτῳ

1841 691 1939 731 suo
1974 677 2250 730 innnctum
2278 687 2368 731 aut
2392 677 2783 732 sanctificatum
2809 693 2949 746 esse,
2978 678 3131 748 quasi
3153 679 3197 732 is
3215 695 3414 733 secun-

1843 769 1965 820 dum
1996 777 2242 821 naturam
2269 771 2334 822 ab
2367 769 2456 823 illo
2483 770 2552 822 sit
2574 769 2840 833 diversus,
2878 768 3124 838 superior
3149 779 3204 824 et
3233 772 3415 824 excel-

1841 859 2055 913 lentior.
2093 879 2110 910 ι
2160 859 2332 914 Minus
2368 875 2600 929 namque
2636 862 2754 914 sine
2781 863 2885 914 ulla
2918 863 3350 916 contradictione
3382 879 3414 918 ει

1841 950 2050 1004 meliori
2090 965 2302 1017 semper
2327 950 2662 1004 benedicitur
2684 951 2749 1004 “.
2787 969 2804 1001 ι
2843 950 2978 1017 Quia
3013 967 3142 1020 ergo
3173 952 3416 1005 sanctifi-

1839 1043 1982 1096 catio
2038 1052 2092 1096 et
2135 1043 2377 1095 inunctio
2435 1043 2684 1095 humana:
2728 1052 2939 1096 naturae
2969 1043 3259 1096 humilitati
3288 1059 3416 1098 con-

1840 1140 2063 1202 gruunt,
2105 1133 2164 1186 fit
2191 1133 2498 1185 necessario
2518 1131 2684 1186 utDei
2717 1130 2949 1186 Verbum
2982 1149 3085 1187 non
3118 1143 3225 1188 tum
3253 1133 3413 1188 Chri-

1838 1224 1907 1276 sti
1933 1224 2148 1277 nomine
2171 1224 2429 1276 donatum
2458 1223 2549 1286 sit,
2579 1224 3026 1278 cumetiamnum
3060 1226 3282 1288 nudum,
3314 1227 3415 1277 hoc

1838 1323 1943 1378 cst,
1977 1315 2210 1366 nondum
2271 1314 2608 1368 incarnatum
2651 1323 2816 1378 esset,
2855 1316 2949 1367 sed
3008 1323 3135 1368 tunc
3170 1316 3412 1377 demum.

1837 1418 1958 1457 cum
1981 1419 2129 1456 more
2165 1413 2347 1457 nostro
2395 1404 2595 1457 factum
2628 1405 2808 1468 homo,
2835 1405 3130 1458 secundum
3165 1413 3412 1458 naturam

1839 1497 2129 1549 humanam
2175 1497 2450 1550 iuunctum
2505 1506 2590 1550 est
2625 1514 2636 1548 :
2673 1496 3032 1561 Quamobrem
3081 1512 3275 1550 nomen
3314 1497 3416 1548 hoc

1837 1587 2099 1652 Christus,
2124 1589 2263 1642 nulla
2331 1591 2538 1642 ratione
2568 1590 2717 1658 prius
2750 1589 2802 1642 in
2841 1587 2931 1643 Dei
2969 1589 3146 1642 Patris
3184 1587 3410 1642 Verbum

1835 1681 2207 1743 conveniebat,
2247 1697 2405 1749 quam
2445 1682 2678 1734 humano
2709 1695 2855 1733 more
2883 1689 3044 1748 atque
3074 1664 3231 1733 modo
3262 1680 3412 1747 geni-

1834 1783 1946 1824 tum
1976 1783 2140 1825 esset.
2175 1773 2324 1836 Quod
2351 1773 2395 1825 si
2433 1771 2677 1825 absolute
2718 1771 2911 1826 alicubi
2956 1771 3206 1825 Christus
3239 1770 3415 1823 uomi-

1839 1876 2015 1929 natur,
2036 1879 2158 1917 mox
2181 1864 2306 1919 illud
2325 1865 2662 1918 incarnatum
2684 1863 2953 1932 intelligas
2980 1879 2993 1920 :
3018 1868 3070 1919 et
3096 1865 3141 1917 si
3175 1861 3411 1918 Verbum

153 1950 392 2018 κάκείνῳ
424 1951 657 2019 πρέπειν
686 1955 892 2009 οἴεσθαι
920 1962 1020 2026 τὴν
1053 1958 1256 2029 φωνὴν,
1303 1960 1561 2011 ἀσύνετον
1593 1977 1726 2012 παν-

1837 1953 2023 2006 audias
2050 1964 2262 2021 peracta
2296 1954 2404 2020 jam
2439 1952 2833 2015 incarnatione,
2865 1954 3026 2006 uuitze
3086 1953 3183 2021 ipsi
3230 1953 3414 2007 carnis

151 2039 343 2107 τελῶς,
386 2043 583 2111 μᾶλλον
614 2046 676 2115 δή
700 2047 724 2084 ι)
754 2048 848 2099 καὶ
872 2048 1084 2100 ἀνόσιον
1116 2049 1146 2119 ἢ
1176 2053 1410 2119 φρονεῖν,
1461 2051 1494 2120 ἢ
1528 2049 1727 2116 λέγειν.

154 2129 253 2195 Εἷς
282 2134 390 2204 γὰρ
416 2134 625 2205 Κύριος
665 2136 868 2204 Ἰησοῦς
893 2139 1146 2207 Χριστὸς,
1173 2141 1266 2191 καὶ
1290 2140 1349 2191 οὑ
1379 2140 1726 2209 μεμέρισται,

154 2222 299 2275 καθὰ
329 2229 420 2276 καὶ
445 2225 605 2287 αὐτὸς
638 2227 663 2278 6
689 2226 999 2293 σοφώτατος
1031 2229 1304 2295 Παῦλος,ὁ
1335 2231 1569 2300 Χριστὸν
1595 2232 1730 2298 ἔχων

151 2315 212 2365 ὲν
241 2315 438 2384 ἑαυτῷ,
463 2317 524 2367 τὸ
565 2317 708 2368 Οεῖον
744 2318 892 2387 αὐτῷ
921 2319 1183 2371 λαλοῦντα
1216 2322 1534 2391 μυστήριον.
1557 2325 1731 2391 Προσ-

157 2405 418 2458 εαλοῦσαι
452 2407 506 2458 δὲ
534 2413 643 2468 τοῖς
681 2409 872 2477 ἑφεξῆς
906 2411 1218 2478 κεφαλαίοις
1243 2451 1256 2474 ,
1292 2412 1425 2480 εύοῆ
1478 2413 1571 2465 καὶ
1623 2414 1730 2464 ἁπ-

149 2496 442 2564 εξεσμένον
491 2501 565 2559 εἰς
614 2499 869 2567 ἀλήθειαν
928 2501 1019 2553 τὸν
1062 2503 1193 2570 ἐμὸν
1244 2505 1506 2572 εὑρήσετε
1551 2504 1726 2571 λόγον.

147 2587 744 2657 Προδιαμαρτύρασθαι
787 2588 840 2640 δὲ
869 2584 1022 2659 οἶμαι
1065 2593 1284 2644 κάκεῖνο
1315 2593 1477 2644 καλόν
1498 2609 1510 2620 ·
1544 2591 1730 2661 ὥσπερ

147 2680 266 2747 γάρ
297 2679 444 2729 ἐστιν
477 2680 534 2730 ὲν
566 2677 777 2748 θεότητι
801 2681 1005 2746 τέλειος
1039 2684 1066 2734 6
1112 2683 1174 2734 ἐκ
1203 2683 1335 2735 Θεοῦ
1378 2684 1587 2753 Πατρὸς
1626 2683 1730 2734 Λό-

145 2787 267 2836 γος,
299 2769 442 2821 οὕτω
472 2770 565 2821 καὶ
596 2772 654 2822 ἐν
680 2771 1058 2842 ἁνθρωπότητι
1091 2773 1295 2835 τέλειος
1317 2814 1328 2836 ,
1366 2774 1507 2825 κατά
1541 2791 1600 2840 γε
1643 2773 1731 2824 τὸν

143 2863 249 2929 τῆς
283 2863 700 2932 ἀνθρωπότητος
730 2864 886 2931 λόγον
908 2881 920 2894 ·
974 2867 1070 2917 οὐκ
1103 2867 1306 2935 ἄψυχον
1344 2868 1505 2934 σῶμα
1530 2865 1728 2924 λαϐὼν,

146 2955 503 3022 ὲψνχωμένον
523 2967 545 2994 ε
572 2955 628 3007 δὲ
668 2956 866 3024 μᾶλλον
895 2956 1040 3026 ψυχῇ
1072 2957 1285 3026 λογικῇ.
1305 2957 1360 3007 Ὀ
1387 2957 1440 3008 δὲ
1469 2957 1599 3014 Θεὲς
1623 2955 1732 3006 τῶν

143 3046 309 3105 ὅλων,
335 3048 362 3098 6
389 3049 498 3108 τοῖς
529 3047 818 3114 ἀγαπῶσιν
843 3049 1004 3101 αὑτὸν
1027 3050 1093 3101 τὰ
1125 3050 1183 3112 ἐξ
1207 3049 1436 3119 ούρανοῦ
1461 3049 1731 3116 διανέμων

143 3136 332 3202 ἀγαθὰ
357 3178 370 3195 ,
405 3139 502 3201 τὰς
546 3140 696 3200 ὁσίας
726 3140 879 3210 ὑμῶν
924 3142 1204 3211 ὲμπλήσαι
1237 3141 1411 3210 ψυχὰς
1442 3143 1555 3201 τοῖς
1601 3139 1730 3210 παρ’

142 3226 344 3279 ἑαυτοῦ
380 3227 402 3263 ι¹
442 3229 806 3298 χαρίσμασιν·
860 3232 945 3283 ἵνα
1001 3235 1092 3285 καὶ
1140 3233 1218 3293 εἰς
1274 3231 1470 3300 μέτρον
1517 3230 1732 3299 ἡλικίας

139 3318 538 3372 ἀναϐαίνουσαι
569 3321 662 3372 τοῦ
690 3321 1053 3392 πληρώματος
1101 3320 1194 3373 τοῦ
1239 3320 1497 3389 Χριστοῦ,
1531 3320 1730 3372 εὐκλεᾶ

141 3409 248 3461 καὶ
302 3410 583 3479 εὐδόκιμον
643 3413 740 3481 τὴν
805 3412 1135 3479 ἁξιάγαστον
1195 3412 1350 3482 ὑμῶν
1413 3414 1728 3482 ἀποφήνητε

141 3499 318 3567 ζωὴν.
352 3501 502 3566 ἀγίαι
531 3502 739 3570 νύμφαι
771 3503 1028 3572 Χριστοῦ.

1838 2059 1940 2095 non
1967 2044 2322 2097 obliviscaris.
2362 2043 2532 2096 Porro
2563 2052 2742 2096 autem
2773 2044 3023 2097 arbitrari
3059 2060 3239 2098 vocem
3272 2043 3415 2097 hanc

1834 2133 2072 2187 Christus
2098 2136 2322 2187 seorsim
2353 2134 2501 2201 huic,
2537 2142 2586 2187 et
2618 2133 2850 2187 seorsim
2891 2148 3074 2186 rursus
3106 2133 3177 2186 illi
3216 2147 3414 2186 conve-

1836 2228 1971 2291 nire,
2008 2226 2173 2289 istud,
2219 2226 2459 2292 inquam,
2498 2226 2701 2279 sentire
2735 2225 2819 2278 vel
2863 2225 3008 2292 loqui
3058 2225 3279 2279 stultum
3327 2234 3413 2278 est

1833 2317 2074 2380 omnino,
2101 2317 2207 2369 imo
2258 2331 2385 2370 vero
2421 2317 2668 2384 impium,
2708 2327 2763 2371 et
2799 2318 3103 2386 profanum.
3154 2314 3302 2373 Unus
3327 2327 3412 2370 est

1834 2410 1974 2460 enim
2016 2408 2273 2461 Dominus
2319 2407 2479 2460 Jesus
2517 2407 2794 2470 Christus,
2845 2421 2950 2460 non
2983 2407 3207 2470 divisus,
3239 2422 3414 2475 neque

1836 2501 2130 2562 dissectus;
2191 2500 2642 2566 quemadmodum
2701 2499 3136 2568 sapientissimus
3194 2498 3412 2563 Paulus,

1835 2591 1925 2658 qui
1965 2589 2242 2645 Christum
2275 2591 2327 2642 iu
2374 2605 2432 2644 se
2472 2590 2713 2643 divinum
2753 2590 2854 2644 hoc
2887 2591 3201 2661 mysterium
3238 2592 3414 2646 reclu-

1836 2683 2047 2735 dentem
2074 2681 2328 2742 habebat.
2375 2680 2664 2734 manifeste
2699 2681 2855 2735 docet
2875 2680 2944 2735 ⁸⁵.
2981 2681 3177 2736 Verum
3221 2682 3288 2735 ad
3319 2698 3411 2734 ca-

1836 2776 1942 2839 pita
1975 2773 2166 2824 ordine
2199 2773 2413 2837 hicjatn
2443 2772 2726 2838 sequentia
2760 2773 2999 2825 animum
3035 2775 3412 2841 adjungentes,

1834 2859 2131 2910 orationem
2184 2874 2356 2912 meam
2407 2870 2609 2911 rectam
2661 2859 2764 2928 55
2801 2870 2854 2913 et
2893 2861 2959 2914 ad
2994 2862 3240 2914 veritatis
3281 2878 3410 2914 nor-

1837 2967 1974 3002 mam
2035 2952 2497 3005 accommodatam
2554 2952 2921 3020 comperielis.
2975 2952 3410 3007 Consentaneum

1833 3053 1914 3095 est
1953 3051 2152 3106 autem,
2182 3045 2395 3111 opinor,
2448 3054 2505 3097 ut
2540 3043 2667 3098 illud
2718 3058 2932 3112 quoque
2969 3047 3070 3099 hoc
3118 3045 3235 3099 loco
3288 3060 3414 3111 pro-

1837 3145 2037 3201 tester;
2092 3147 2218 3204 puta
2275 3135 2366 3189 Dei
2401 3135 2579 3190 Patris
2621 3135 2854 3190 Verbum
2917 3154 3070 3208 atque
3114 3140 3410 3207 perfectum

1837 3226 2058 3294 suisque
2093 3226 2330 3279 numeris
2372 3227 2679 3279 absolutum
2719 3241 2841 3280 esse
2887 3228 2939 3281 in
2973 3230 3332 3293 humanitate,
3359 3240 3415 3282 et

1838 3318 2133 3372 secundum
2168 3318 2519 3372 humanitatis
2577 3318 2865 3383 rationem,
2902 3329 3064 3388 atque
3115 3321 3411 3388 perfectum

1837 3410 2000 3462 estin
2039 3409 2341 3462 divinitate.
2377 3410 2512 3462 Tum
2549 3423 2747 3477 corpus
2785 3424 3000 3478 quoque
3027 3412 3168 3479 quod
3199 3427 3415 3466 assum-

1837 3503 1942 3570 psit
1976 3514 2078 3552 non
2119 3499 2416 3554 inanimum
2435 3516 2576 3565 esse,
2610 3502 2702 3557 sed
2725 3501 2903 3554 anima
2931 3503 3263 3572 intelligente
3294 3519 3416 3572 per-

142 3593 350 3645 fectum
381 3603 435 3646 et
473 3596 839 3647 informatum.
908 3594 1292 3650 Universarum
1354 3611 1533 3650 rerum
1578 3595 1756 3663 opifex
1839 3602 2134 3661 auctorque
2183 3593 2320 3645 Deus
2377 3592 2615 3662 (sanctae
2674 3597 2874 3650 Christi
2930 3598 3176 3665 sponsa)
3226 3596 3318 3665 qui
3355 3610 3413 3648 se

140 3687 759 3758 diligentibuscwlcstia
789 3689 1273 3756 bonaimpertitur,
1337 3690 1519 3742 beatas
1545 3690 1754 3742 animas
1797 3697 2005 3741 vestras
2037 3686 2154 3737 suis
2188 3685 2344 3738 donis
2385 3686 2626 3752 impleat,
2695 3703 2800 3755 quo
2852 3689 2903 3740 in
2947 3702 3252 3740 mensuram
3281 3701 3413 3741 aeta-

144 3780 223 3832 tis
272 3779 619 3847 plenitudinis
704 3778 905 3831 Christi
968 3790 1376 3847 consurgentes,
1437 3781 1603 3833 vitam
1657 3776 1946 3848 gloriosam
2013 3775 2434 3844 probatamque,
2491 3786 2544 3830 et
2606 3779 2751 3831 omni
2791 3777 3148 3831 admiratione
3195 3777 3411 3846 dignam

141 3871 393 3938 transiga
405 3869 490 3923 tis.

323 4003 507 4058 ΤΑΔΕ
547 4004 870 4056 ΕΝΕΣΤΙΝ
904 4004 1004 4056 ΕΝ
1046 4005 1208 4057 ΤΟΙΣ
1247 4003 1583 4078 ΕΦΕΞΗΣη

228 4139 348 4193 ’Ὀτι
398 4137 530 4200 Θεὸς
581 4141 607 4191 6
658 4138 913 4209 Χριστὸς,
951 4135 1139 4189 ὲνὼσει
1191 4140 1258 4207 τῇ
1293 4137 1429 4207 πρὸς
1466 4137 1556 4189 τὸν
1594 4136 1726 4188 Θεὸν

138 4231 324 4298 Λόγον
350 4231 427 4292 εἰς
450 4228 548 4298 τὴν
567 4229 728 4280 αὐτοῦ
747 4228 902 4294 δόξαν
924 4228 1304 4290 ἀναϐαίνοντος
1327 4229 1419 4280 καὶ
1442 4226 1534 4280 τοῦ
1560 4242 1730 4298 προσ-

137 4320 450 4390 ληφθέντος
477 4318 628 4383 ναοῦ,
655 4321 716 4371 ὲκ
741 4319 847 4369 τῶν
875 4315 1266 4370 ἀπστολικῶν.

238 4411 332 4462 Ἐκ
368 4409 473 4461 τῶν
511 4409 809 4462 καθολικῶν
848 4408 1084 4478 ὲκλογὴο
1128 4410 1204 4470 εὶς
1243 4407 1302 4460 τὸ
1339 4407 1490 4460 αὐτό.

234 4504 332 4555 Ἐκ
368 4503 475 4554 τῶν
515 4502 880 4569 εὐαγγελικῶν
919 4500 1156 4571 ἐκλογὴτ
1201 4502 1279 4562 εἰς
1316 4500 1374 4551 τὸ
1410 4498 1558 4551 αὑτό.

227 4595 350 4647 Ὀτι
379 4592 492 4662 ζωὴ
527 4593 618 4645 καὶ
650 4592 910 4654 ξωοποιὸς
942 4594 970 4644 6
996 4591 1249 4660 Χριστός,
1282 4592 1344 4642 ὲκ
1392 4590 1498 4642 τῶν
1542 4586 1732 4658 κειμέ-

139 4708 263 4742 νων
296 4688 446 4757 παρὰ
476 4685 552 4755 τῷ
583 4684 864 4753 ἀποστόλῳ
902 4683 1118 4752 Παύλῳ,
1153 4681 1245 4733 καὶ
1283 4683 1340 4734 ὲν
1372 4683 1481 4742 τοῖς
1509 4682 1738 4732 ἀποστο-

138 4783 327 4843 λικοῖς
355 4780 608 4848 εὑρήσεις
631 4778 678 4829 ε.

226 4871 353 4922 Ὅτι
397 4869 475 4930 εἰς
523 4865 754 4936 Χριστὸν
806 4866 837 4935 ή
894 4863 1076 4924 πίστις
1117 4861 1191 4924 ὡς
1223 4862 1302 4924 εἰς
1329 4860 1482 4926 Θεὸν,
1520 4860 1585 4913 ὲκ
1627 4859 1735 4913 τῶν

139 4959 481 5022 καθολικῶν,
515 4961 605 5011 καὶ
634 4958 697 5009 ὲκ
727 4957 834 5010 τῶν
869 4955 1257 5025 εύαγγελικῶν.

233 5053 354 5104 ’Ὁτι
399 5050 513 5120 ζωὴ
555 5049 648 5101 καὶ
687 5049 992 5118 ἱλαστήριον
1022 5049 1049 5100 6
1082 5045 1338 5115 Χριστὸς,
1376 5043 1595 5112 ἐκλογαὶ
1623 5042 1738 5097 διά-

141 5159 337 5216 φοροι.

225 5235 351 5285 Ὅτι
385 5233 412 5283 6
442 5229 675 5300 Χριστοῦ
722 5229 946 5291 Θάνατος
995 5227 1074 5298 τῷ
1117 5228 1307 5297 κόσμῳ
1357 5229 1640 5298 σωτήριος,
1675 5226 1738 5279 ὲκ

140 5326 266 5383 τῶν
300 5321 671 5377 ἀποστολικῶν
702 5321 793 5373 καὶ
825 5316 1193 5386 εὐαγγελικῶν
1224 5317 1466 5386 ἐκλογαὶ.

225 5499 276 5532 ⁸⁸
308 5497 472 5552 llebr.
510 5511 608 5560 vn,
649 5495 702 5550 7.
780 5495 823 5525 ⁸⁸
857 5493 1025 5551 lCor.
1054 5491 1093 5560 l,
1129 5492 1164 5546 2
1192 5507 1346 5561 seqq.

1841 4002 2012 4058 IliL'C
2069 4003 2357 4057 INSUNT
2409 4003 2498 4059 ΙΝ
2549 4004 2657 4060 118
2709 4004 2883 4070 ΩΗΛΞ
2935 4006 3412 4072 SEQL’UNTUR.

1907 4137 2058 4202 Quod
2103 4137 2352 4190 ειη-ἰδίως
2387 4138 2455 4190 sit
2486 4139 2647 4198 Deus.
2697 4137 2892 4190 unione
2959 4139 3023 4194 ad
3070 4139 3236 4192 Deum
3290 4139 3416 4197 Ver-

1843 4231 1966 4282 bum
2014 4230 2344 4282 ascendente
2390 4230 2454 4280 ad
2504 4229 2622 4296 ejus
2668 4227 2892 4296 gloriam
2948 4231 3147 4298 templo
3197 4245 3413 4300 quoque

1838 4329 2136 4386 assumpto,
2174 4333 2239 4371 ex
2272 4319 2610 4384 apostolicis.

1911 4410 1988 4465 Ex
2022 4411 2308 4465 catholicis
2350 4412 2635 4465 sententia
2665 4412 2717 4466 in
2754 4413 2916 4466 idem.

1921 4504 1996 4556 Ex
2029 4503 2360 4570 erangelicrs
2388 4504 2670 4557 scntenrize
2707 4501 2757 4559 in
2791 4506 2952 4558 idem.

1908 4593 2057 4657 Quod
2089 4591 2342 4644 Clil'iSlllS
2377 4592 2446 4643 sit
2484 4593 2616 4656 vita,
2651 4602 2704 4645 et
2737 4595 3063 4653 vivificator.
3096 4604 3410 4661 argumenta

1835 4698 1896 4736 ex
1949 4681 2178 4749 apostoli
2215 4680 2365 4732 Pauli
2413 4680 2753 4749 aliorumque
2806 4681 3172 4750 apostolorum
3222 4682 3417 4737 litteris

1837 4774 2022 4842 petita.

1909 4863 2059 4927 Quod
2106 4861 2237 4913 ﬁdes
2272 4861 2341 4912 sit
2387 4861 2438 4913 in
2479 4859 2776 4926 Christum,
2825 4863 2962 4915 utin
3003 4863 3189 4925 Deum,
3222 4879 3284 4917 ex
3323 4879 3412 4919 ca-

1840 4949 2056 5005 tholicis
2090 4961 2143 5004 et
2171 4952 2522 5020 evangelicis.

1910 5042 2063 5108 Quod
2105 5044 2354 5096 Christus
2399 5044 2469 5096 sit
2500 5043 2606 5095 vita
2651 5053 2703 5096 et
2732 5045 3186 5112 pr0pitiatorium,
3221 5049 3413 5116 expla-

1841 5134 2086 5188 nationes
2119 5135 2300 5186 variae.

1913 5221 2064 5288 Quod
2099 5222 2301 5276 Christi
2330 5238 2475 5279 tnors
2508 5224 2707 5278 mundo
2747 5226 3000 5280 salutaris
3030 5227 3321 5295 exstiterit,
3349 5243 3416 5282 ex

1845 5315 2162 5382 apostolicis
2193 5326 2247 5369 et
2280 5317 2607 5386 evangelicis
2644 5320 3042 5378 annotationes.

1236 5645 1408 5700 Variae
1434 5644 1693 5699 lectiones
1729 5642 1931 5699 codicis
1961 5641 2323 5712 Seguieriani.

231 5838 263 5878 δ
293 5835 371 5890 δέ.
452 5841 476 5873 ε
519 5831 930 5902 ὲμψνχωμένον.
1008 5830 1031 5868 ἀ
1072 5828 1266 5898 ἑαυτῷ.
1386 5838 1408 5864 ο
1443 5825 1682 5892 ἐκλογαέ.

1767 5824 1783 5862 τ
1819 5824 2060 5893 ἐκλογαέο

2142 5827 2166 5864 ε
2189 5826 2275 5880 ἷσ.
2308 5825 2578 5897 εὑρέσεις.
