4086 6538
708 426 848 482 1223

1704 429 1761 480 S.
1802 426 2078 480 C\'llll.l.l
2119 425 2582 482 ALEXANDRINI
2623 425 2942 480 AllClIIEP.

3804 423 3935 478 ιεει

705 540 857 606 Quod
912 538 1152 594 Christus
1213 544 1278 596 sil
1332 543 1490 606 Deus,
1536 557 1625 608 per
1671 542 1911 592 unionem
1971 539 2040 591 ad
2095 539 2249 593 Deum

2363 542 2482 593 ’Ότι
2530 541 2672 604 Θεὸς
2724 541 2756 593 ὀ
2805 537 3076 608 Χριστὸς,
3112 538 3321 594 ἐνώσει
3353 536 3427 605 τῇ
3469 535 3623 608 πρὸς
3652 535 3760 588 τὸν
3785 540 3939 608 ξΘείν

783 609 1006 662 Verbum
1055 616 1361 668 ascendente
1402 616 1469 665 ad
1501 612 1616 680 ejus
1651 612 1869 680 gloriam
1904 609 2095 676 templo
2128 627 2259 678 quo-

769 695 868 748 que
897 692 1188 751 assumpto.

1115 791 1201 846 Ea:
1233 791 1449 861 epistola
1482 792 1550 840 ad
1577 788 1856 842 Romanos.

780 923 797 956 ι
827 902 1025 960 Paulus
1063 917 1250 960 servus
1286 900 1408 956 Jesu
1443 899 1667 962 Christi,
1704 908 1922 952 vocatus
1965 895 2258 966 apostolus,

701 1005 1012 1064 segregatus
1047 995 1100 1049 in
1136 991 1484 1060 Evangelium
1519 990 1637 1054 Dei,
1664 990 1806 1060 quod
1837 999 1963 1042 anle
1999 989 2260 1056 promise-

701 1098 784 1140 rat
819 1101 913 1154 per
965 1086 1254 1153 prephetas
1306 1096 1435 1138 suos
1475 1080 1531 1135 in
1579 1080 1879 1150 Scripturis
1933 1080 2156 1144 sanctis,
2191 1079 2258 1131 de

698 1176 834 1230 Filio
863 1189 980 1237 suo,
1012 1173 1105 1241 qui
1138 1173 1316 1228 factus
1345 1180 1429 1228 est
1462 1171 1510 1226 ei
1537 1187 1604 1227 ex
1631 1171 1835 1227 semine
1867 1169 2031 1223 David
2062 1183 2257 1227 secun-

698 1266 824 1319 dum
864 1279 1121 1330 carnem;
1154 1263 1244 1331 qui
1286 1261 1708 1332 prmdestinatus
1741 1270 1825 1315 est
1863 1259 2029 1313 Filius
2063 1257 2156 1310 Del
2197 1255 2250 1308 in

695 1355 804 1425 56
849 1355 1080 1418 virtute,
1142 1352 1436 1408 secundum
1499 1351 1758 1420 Spiritum
1811 1345 2259 1405 sanctiﬁcationis

694 1461 761 1500 ex
811 1440 1211 1499 resurrectione
1259 1453 1594 1498 mortuorum
1643 1441 1770 1495 Jesu
1816 1440 2012 1494 Christi
2047 1435 2254 1493 Domini

695 1537 866 1591 nostri
899 1536 969 1591 ".
1001 1554 1018 1586 ι
1053 1535 1219 1603 Igitur
1241 1535 1285 1588 si
1311 1532 1622 1602 praedicatio
1645 1531 1710 1583 de
1733 1530 1947 1584 Christo
1974 1539 2052 1583 est
2085 1528 2257 1582 Evan-

694 1627 888 1694 gelium
918 1627 1009 1680 Dei
1035 1665 1050 1690 ,
1091 1624 1357 1693 quomodo
1383 1622 1634 1675 Christus
1668 1636 1772 1674 non
1804 1632 1886 1674 est
1917 1621 2088 1676 Deus?
2114 1620 2255 1673 Rur-

692 1728 809 1766 sum
860 1713 903 1766 si
955 1726 1147 1766 omnes
1194 1710 1415 1764 omnino
1465 1710 1738 1778 prophetae
1783 1711 1846 1762 ad
1887 1712 2059 1779 ipsum
2099 1708 2252 1777 quasi

691 1804 758 1857 ad
804 1817 1027 1872 scopum
1074 1802 1374 1866 collimant,
1411 1802 1712 1868 divinaeque
1759 1801 2055 1868 Scriptura:
2102 1801 2250 1855 illum

2437 615 2626 678 Λόγον
2645 613 2731 675 εὶς
2762 609 2875 674 τὴν
2897 607 3082 678 αὐτοῦ
3115 609 3301 672 δόξαν
3331 606 3811 671 ἀναϐαίνοντοςδ
3843 610 3936 657 καὶ

2435 676 2542 735 τοῦ
2567 676 3061 748 προσληφθέντος
3091 679 3262 733 ναοῦ.

2743 791 2844 844 Ἐκ
2880 787 2991 856 τῆς
3015 788 3176 855 ’πρὸς
3215 790 3547 860 Ῥωμαίους.

2442 923 2458 956 ε
2478 905 2689 966 Παῦλος
2715 904 2896 967 δοῦλος
2920 901 3092 973 Ἰησοῦ
3115 903 3369 973 Χριστοῦ,
3386 906 3582 975 κλητὸς
3607 907 3934 970 ἀπόστολος,

2363 995 2742 1068 ἀφωρισμένος
2773 997 2852 1058 είς
2880 994 3208 1062 Εὑαγγέλιον
3228 994 3382 1060 Θεοῦ,
3409 996 3436 1048 ὃ
3459 1002 3937 1068 προεπηγγείλατο

2361 1085 2450 1138 διὰ
2487 1088 2598 1140 τῶν
2641 1085 2932 1157 προφητῶν
2969 1083 3134 1138 αὐτοῦ
3183 1085 3240 1136 ἐν
3286 1085 3527 1154 Γραφαῖς
3555 1090 3767 1158 ἁγίαις,
3809 1093 3938 1158 περὶ

2361 1175 2455 1229 τοῦ
2485 1177 2615 1230 Υίοῦ
2644 1175 2830 1241 αὐτοῦ,
2864 1173 2958 1229 τοῦ
2993 1174 3285 1244 γενομένου
3317 1174 3382 1227 ἐκ
3413 1176 3728 1246 σπέρματος
3771 1178 3936 1232 Amata

2363 1265 2502 1318 κατά
2535 1267 2744 1337 σάρκαο
2779 1265 2870 1320 τοῦ
2907 1263 3210 1334 ὁρισθέντος
3244 1263 3376 1316 Υίοῦ
3423 1265 3557 1319 Θεοῦ
3598 1271 3656 1321 ἐν
3701 1271 3934 1338 δυνάμει

2360 1356 2501 1408 κατά
2552 1357 2776 1427 Πνεῦμα
2825 1355 3152 1425 ἁγιωσύνης,
3199 1354 3259 1418 ἐξ
3304 1357 3645 1420 ἀναστάσεως
3695 1362 3932 1430 νεκρῶν,

2372 1446 2546 1514 Ἰησοῦ
2576 1447 2812 1517 Χριστοῦ
2859 1446 2953 1500 τοῦ
3003 1446 3204 1518 Κυρίου
3235 1445 3410 1515 ἡμῶν.
3445 1465 3463 1496 ι
3496 1446 3732 1508 Οὐκοῦν,
3769 1450 3932 1519 εἴπερ

2358 1534 2505 1586 ἐστὶν
2553 1536 2882 1604 Εὑαγγέλιον
2920 1535 3054 1590 Θεοῦ
3099 1537 3161 1589 τὸ
3201 1536 3329 1606 περὶ
3360 1535 3595 1604 Χριστοῦ
3641 1536 3930 1607 κήρυγμα.

2359 1624 2474 1687 πῶς
2502 1626 2562 1677 οὐ
2599 1625 2728 1690 Θεὸς
2761 1629 2789 1679 ό
2816 1628 3079 1697 Χριστόςς
3114 1628 3224 1682 Καὶ
3266 1628 3314 1680 εἰ
3360 1627 3539 1694 πάσης
3589 1629 3934 1697 προφητείας

2359 1715 2444 1769 ἐπ’
2478 1715 2608 1768 αὐτὸ
2654 1714 2952 1786 βλεπούσης
2988 1719 3177 1788 πέρας,
3215 1716 3308 1770 καὶ
3351 1715 3480 1768 Υἱὸν
3521 1715 3616 1768 τοῦ
3649 1717 3789 1769 Θεοῦ
3839 1734 3934 1784 κη-

2362 1804 2641 1876 ρύττουσιν
2683 1807 2739 1858 αἱ
2771 1807 2982 1876 Γραφαὶ
3009 1808 3100 1861 τὸν
3149 1809 3213 1860 ἐκ
3264 1805 3574 1875 σπέρματος
3601 1806 3788 1868 Δαυῖδ,
3829 1809 3933 1859 κᾶν

691 1895 887 1962 ipsum,
922 1894 1013 1962 qui
1061 1907 1127 1947 ex
1173 1893 1382 1947 semine
1416 1892 1583 1945 David
1631 1902 1783 1945 ortus
1815 1901 1918 1954 est,
1945 1907 2249 1960 quanquam

2356 1894 2583 1964 ὡρίσθαι
2607 1894 2817 1961 λέγοιτο
2856 1897 2999 1949 κατά
3025 1897 3251 1967 Πνεῦμα
3281 1894 3589 1964 ἁγιωσύνης
3623 1897 3716 1948 διὰ
3743 1896 3806 1948 τδ
3837 1899 3932 1963 τῆς

691 1996 911 2053 propter
943 1985 1340 2040 incarnationis
1382 1983 1702 2053 mysterium
1729 1983 2020 2037 secundum
2052 1984 2253 2038 sancti-

689 2073 956 2128 ﬁcationis
999 2073 1256 2142 Spiritum
1309 2074 1721 2143 prmdestinatus
1773 2074 2003 2136 dicatur,
2058 2073 2250 2128 Filium

686 2165 779 2220 Dei
833 2166 1150 2234 praedicant,
1204 2181 1311 2234 quo
1345 2175 1506 2235 pacto
1552 2179 1657 2218 non
1710 2173 1794 2218 est
1841 2180 2000 2219 verus
2046 2160 2248 2229 Filius;

687 2258 921 2310 maxime
959 2271 1088 2310 vero
1135 2272 1256 2311 cum
1288 2271 1384 2326 per
1418 2256 1870 2310 resurrectionem
1917 2272 1981 2308 ex
2029 2257 2254 2310 mortuis

2357 1981 2818 2052 ἐνανθρωπήσεως
2848 1986 3162 2056 μυστήριον·
3191 1985 3304 2048 πῶς
3333 1985 3427 2052 οὐχ
3449 1983 3573 2045 Υἱὸς
3604 1983 3848 2053 ἀληθῶς.
3873 1987 3932 2036 ἐκ

2355 2073 2451 2141 τῆς
2492 2074 2598 2124 τῶν
2627 2074 2835 2144 νεκρῶν
2864 2075 3210 2139 ἀναστάσεως
3245 2073 3723 2145 μαρτυρούμενοςς
3772 2076 3934 2144 Ἐτή-

2355 2181 2543 2234 γερται
2577 2164 2685 2234 γὰρ
2714 2165 2814 2217 οὑκ
2843 2164 3127 2238 ἄνθρωπος
3158 2167 3331 2229 κοινὸς
3364 2165 3483 2219 καθ’
3512 2167 3682 2234 ἡμᾶς,
3716 2167 3835 2219 ἀλλ’
3860 2168 3931 2229 ὡς

2357 2257 2586 2310 θανάτου
2624 2257 2911 2328 κρείττων.
2946 2258 3081 2310 καθὸ
3107 2260 3202 2311 καὶ
3227 2257 3338 2324 ζωὴ
3367 2258 3461 2310 καὶ
3489 2257 3639 2322 Θεός.
3827 2277 3830 2281 ’

684 2351 908 2407 evidens
941 2352 1307 2407 testimonium
1338 2349 1782 2418 habeat?Neque
1846 2351 1991 2404 enim
2052 2351 2103 2403 in
2138 2355 2298 2404 vitam
2361 2353 2715 2406 resuscitatus
2772 2359 2855 2405 est
2909 2361 2968 2405 ut
3017 2368 3156 2409 unus
3207 2354 3470 2423 quispiam
3531 2351 3698 2405 homo
3753 2355 3927 2408 posui

683 2442 910 2504 similis,
968 2443 1063 2496 sed
1119 2451 1374 2510 tanquam
1423 2451 1595 2496 morte
1648 2453 1928 2508 superior,
1977 2451 2245 2510 quatenus
2285 2441 2536 2494 nimirum
2565 2444 2669 2495 vita
2705 2451 2866 2496 estet
2897 2440 3054 2495 Dens.

757 2535 833 2589 De
870 2534 954 2589 his
1001 2534 1416 2604 qui‘Creatoris
1461 2536 1577 2590 loco
1619 2546 1924 2590 creaturam
1975 2536 2247 2592 adorant:

690 2646 708 2678 ι
744 2627 878 2691 Quia
929 2640 1052 2680 cum
1099 2627 1482 2695 cognos'issent
1512 2627 1700 2690 Deum,
1745 2643 1848 2681 non
1897 2629 2036 2681 sicut
2081 2629 2246 2682 Deum

693 2719 1148 2787 gloriﬁcaverunt,
1173 2731 1263 2772 aut
1286 2719 1484 2784 gratias
1505 2729 1765 2785 egerunt;
1795 2721 1886 2774 sed
1909 2729 2246 2774 evanuerunt

683 2809 736 2860 in
772 2806 1189 2876 cogitationibus
1224 2807 1357 2868 suis.
1403 2815 1456 2860 et
1486 2808 1832 2862 obscuratum
1865 2817 1946 2862 est
1983 2808 2244 2876 insipiens

684 2912 778 2951 cor
800 2913 1007 2952 eorum.
1042 2897 1294 2950 Dicentes
1324 2897 1466 2951 enim
1511 2911 1569 2950 se
1609 2911 1728 2951 esse
1770 2899 2066 2966 sapientes,
2100 2900 2247 2953 stulti

684 2987 808 3039 facti
835 2994 959 3038 sunt
983 2984 1049 3038 ".
1084 3001 1102 3034 ι
1143 2984 1348 3036 Scribit
1383 2983 1522 3038 idem
1553 2984 1750 3039 Paulus
1790 2986 1913 3039 alibi
1950 2987 2037 3049 iis,
2067 2988 2156 3055 qui
2181 3002 2248 3041 ex

682 3076 932 3144 gentibus
963 3074 1138 3126 vocati
1170 3071 1410 3138 luerunt,
1441 3074 1543 3128 hoc
1582 3084 1664 3129 est
1697 3075 1872 3139 nobis,
1904 3077 2006 3132 hoc
2045 3077 2204 3131 modo
2231 3094 2244 3132 :

2431 2537 2565 2604 napi.
2594 2535 2701 2589 τῶν
2730 2533 3173 2606 προσκυνούντων
3203 2538 3266 2606 τῆ
3299 2537 3473 2590 κτίσει
3505 2538 3654 2608 παρὰ
3690 2539 3786 2590 τὸν
3815 2539 3931 2592 κτί-

2359 2646 2523 2681 σαντα
2539 2643 2558 2672 .·
2609 2647 2627 2678 ι
2655 2627 2797 2678 Διότι
2831 2625 3049 2692 γνόντες
3075 2625 3167 2676 τὸν
3199 2625 3349 2686 Θεὸν,
3392 2629 3488 2696 οὐχ
3533 2628 3608 2690 ὡς
3647 2629 3788 2681 Θεὸν
3818 2631 3931 2681 ἐδί-

2356 2719 2543 2784 ξασαν,
2573 2719 2604 2787 ἢ
2635 2717 3059 2788 εὐχαρίστησαν,
3110 2716 3224 2769 ἀλλ’
3256 2718 3698 2788 ἐματαιώθησαν,
3728 2721 3792 2774 ἐν
3823 2724 3931 2782 τοῖς

2351 2809 2715 2879 διαλογισμοῖς
2743 2808 2943 2874 αὐτῶν,
2976 2810 3068 2861 καὶ
3101 2808 3386 2878 ἐσκοτίσθη
3414 2810 3446 2879 ἡ
3471 2809 3728 2874 ἀσύνετος
3749 2810 3931 2864 αὐτιῖιν

2349 2901 2576 2971 καρδία⁹
2639 2901 2941 2969 φάσκοντες
2993 2896 3130 2955 εἶναι
3189 2901 3382 2970 σοφοὶ,
3440 2902 3871 2973 ἐμωράνθησαν.
3909 2925 3925 2954 ι

2350 2995 2387 3045 Γ
2393 2995 2553 3064 ράφει
2583 3011 2683 3045 που
2713 2993 2922 3056 Παῦλος
2951 2995 3062 3056 τοῖς
3092 2993 3149 3058 ἐξ
3175 2991 3342 3045 ἐθνῶν
3367 2992 3747 3062 κεκλημένοις,
3777 3011 3933 3047 τουτ-

2351 3085 2497 3138 έστιν
2531 3086 2690 3154 ἡμῖν⁹
2726 3103 2743 3135 ι
2775 3085 2910 3137 Νυνὶ
2945 3084 3002 3137 δὲ
3034 3084 3251 3152 γνόντες
3279 3084 3432 3149 Θεὸν,
3465 3085 3664 3153 μᾶλλον
3697 3085 3753 3139 δὲ
3788 3102 3930 3152 γνω-

687 3182 707 3214 ι
736 3161 890 3217 Nunc
926 3171 1104 3216 autem
1132 3177 1255 3216 cum
1286 3164 1648 3232 cognoveritis
1674 3164 1861 3231 Deum,
1898 3166 2005 3220 imo
2034 3169 2244 3234 cognoti

2356 3150 2704 3236 oOév'rsc'bnb
2733 3173 2889 3226 Θεοῦ.
2924 3191 2942 3223 ι
2987 3150 3119 3225 Τίνα
3151 3173 3328 3225 τοίνυν
3354 3150 3674 3244 ἐγνῶκαμεν
3707 3150 3812 3226 διὰ-
3834 3174 3934 3243 τῆς

683 3255 803 3308 sitis
846 3269 874 3306 a
915 3251 1024 3307 Deo
1051 3253 1116 3304 ⁸⁸.
1155 3271 1176 3305 ι
1228 3251 1397 3318 Quem
1453 3253 1681 3308 obsecro
1735 3255 1898 3309 alium
1946 3271 2040 3326 per
2088 3258 2244 3312 [idem

683 3345 1052 3412 cognovimus,
1093 3342 1191 3397 nisi
1241 3344 1413 3411 ipsum
1444 3359 1666 3413 prorsus
1694 3345 1877 3401 Jesum
1931 3348 2242 3402 Christum?

684 3437 862 3500 Quare
910 3433 954 3487 si
991 3432 1137 3487 illum
1196 3443 1253 3484 ut
1281 3433 1447 3486 Deum
1489 3436 1855 3502 cognovimus,
1892 3447 1946 3491 et
1992 3448 2047 3492 ut
2083 3439 2247 3494 Deum

686 3526 868 3584 debito
894 3526 1098 3580 honore
1126 3526 1524 3594 prosequimur,
1553 3541 1680 3579 vere
1709 3526 1988 3580 illuminati
2021 3543 2204 3582 sumus
2231 3545 2245 3582 :

683 3621 767 3672 sin
818 3629 996 3673 autem
1042 3618 1186 3673 illius
1219 3619 1443 3687 gloriam
1487 3627 1872 3686 permutamus,
1927 3619 2117 3672 merito
2149 3634 2247 3674 nos

683 3711 785 3779 ipsi
838 3725 1052 3779 quoque
1126 3711 1176 3763 in
1240 3710 1442 3763 nostris
1495 3710 1918 3779 cogitationibus
1963 3713 2249 3765 evanuisse

681 3801 1157 3869 deprehendimur.
1210 3798 1343 3852 Nam
1395 3801 1440 3853 sl
1485 3814 1611 3852 vere
1659 3801 1710 3852 in
1758 3799 1906 3853 illum
1949 3802 2249 3868 credimus,

682 3889 869 3958 utique
908 3897 1164 3958 tanquam
1209 3889 1261 3942 in
1291 3889 1458 3942 Deum
1506 3889 1558 3941 in
1593 3889 1738 3942 illum
1782 3891 2077 3947 credimus.
2110 3893 2252 3946 Alio-

682 3980 773 4047 qui
795 3979 939 4034 enim
968 3981 1143 4034 modis
1161 3979 1418 4034 omnibus
1442 3977 1601 4033 fateri
1623 3991 1917 4047 oporteret,
1945 3996 2042 4036 nos
2065 3983 2254 4037 etiam-

2356 3266 2611 3328 πίστεως,
2641 3266 2673 3335 ἢ
2709 3264 2927 3327 πάντως
2956 3263 3188 3334 Χριστὸν
3225 3264 3462 3332 Ίησοῦν;
3504 3265 3716 3317 Οὐκοῦν
3748 3268 3803 3318 εἰ
3834 3267 3936 3335 μὲν

2353 3355 2428 3418 ὼς
2460 3354 2591 3407 Θεὸν
2621 3354 2962 3423 ἐγνώκαμεν,
3006 3353 3099 3407 καὶ
3125 3353 3199 3415 ὼς
3227 3353 3360 3405 Θεὸν
3391 3352 3704 3423 δοξάζομεν,
3737 3372 3934 3420 πεφω-

2356 3440 2586 3507 τίσμεθα
2615 3439 2756 3492 κατά
2786 3440 3074 3510 ἀλήθειαν·
3106 3442 3152 3492 sl
3181 3440 3235 3492 δὲ
3263 3440 3601 3510 ἀλλάσσομεν
3624 3443 3800 3495 αὑτοῦ
3834 3444 3934 3511 τὴν

2355 3529 2539 3595 δόξαν,
2572 3530 3004 3599 μεματαιώμεθα
3032 3531 3123 3582 καὶ
3151 3532 3308 3600 ἡμεῖς
3340 3533 3394 3582 ἐν
3420 3535 3530 3601 τοῖς
3557 3532 3937 3604 διαλογισμοῖς

2355 3621 2531 3689 ἡμῶν.
2565 3621 2625 3672 Ei
2658 3621 2762 3691 γὰρ
2790 3620 2925 3683 ὅλως
2955 3619 3395 3690 πεπιστεύκαμεν
3423 3624 3501 3685 εἰς
3533 3623 3712 3684 αὐτὸν.
3739 3624 3820 3687 ὡς
3851 3629 3936 3690 εἰς

2351 3710 2480 3762 Θεὸν
2535 3711 2958 3780 πιστεύομεν.“Ἡ
3007 3711 3189 3779 δεήσει
3227 3713 3405 3780 πάντη
3457 3730 3515 3765 τε
3564 3715 3656 3766 καὶ
3705 3717 3934 3780 πάντως

2352 3800 2650 3868 ὁμολογεῖν,
2680 3802 2760 3852 ὅτι
2789 3803 2901 3862 τοῖς
2943 3799 3042 3869 τῆς
3083 3800 3314 3870 ἀρχαίας
3353 3801 3566 3872 ἀπάτης
3593 3805 3687 3855 καὶ
3713 3803 3816 3856 νῦν
3847 3808 3931 3856 ἐν

2359 3891 2628 3961 ισχήμεθα
2663 3890 2897 3960 βρόχοις,
2931 3889 3201 3960 ἀνθρώπῳ
3235 3891 3398 3960 κοινῷ
3429 3893 3528 3962 τὴν
3549 3892 3734 3945 πίστιν
3759 3912 3935 3965 προσ⁸

2355 3983 2595 4050 ἀγοντες.
2615 3983 2752 4034 Ἀλλ’
2779 3981 2920 4034 οὕτω
2947 3981 3009 4033 τὸ
3037 3981 3235 4052 ἀληθές
3261 3985 3302 4035 ί.

686 4086 813 4124 num
859 4070 1024 4138 prisci
1068 4070 1274 4123 erroris
1340 4067 1548 4137 laqueis
1593 4069 1839 4123 irretitos
1871 4071 2068 4135 teneri,
2103 4078 2285 4139 utpote
2325 4073 2375 4122 in
2414 4084 2756 4124 communem
2817 4069 3090 4124 hominem
3124 4071 3424 4127 credentes.
3480 4074 3550 4127 At
3588 4085 3691 4128 n0n
3725 4075 3807 4130 ita
3846 4092 3931 4131 res

695 4163 878 4216 haben

756 4269 776 4302 ε
813 4251 880 4304 Et
913 4250 1053 4304 sicut
1079 4265 1183 4303 non
1216 4259 1586 4319 pronaverant
1631 4250 1798 4304 Deum
1831 4251 2028 4306 habere
2058 4252 2109 4305 in
2145 4265 2243 4306 no-

683 4341 821 4405 titia,
863 4340 1087 4393 tradidit
1130 4355 1226 4394 eos
1277 4341 1417 4395 Deus
1460 4343 1512 4395 in
1563 4343 1852 4411 reprobum
1898 4358 2138 4406 sensum,
2187 4350 2244 4395 ut

2434 4271 2452 4302 ι
2482 4253 2590 4304 Καὶ
2638 4251 2817 4314 καθὼς
2860 4251 2960 4304 οὐκ
3009 4251 3337 4321 ἐδοκίμασαν
3385 4254 3476 4306 τὸν
3518 4253 3649 4307 Θεὸν
3689 4257 3846 4326 ἔχειν
3877 4263 3931 4311 ἓν

2351 4339 2660 4406 επιγνώσει.
2695 4339 3006 4409 παρέδωκεν
3051 4341 3080 4392 ὁ
3126 4339 3256 4404 Θεὸς
3299 4342 3494 4404 αὐτοὺς
3541 4345 3618 4406 είς
3662 4347 3931 4417 ἀδόκιμον

680 4433 882 4486 {sciant
932 4446 998 4484 ea
1049 4447 1170 4500 quae
1221 4447 1324 4484 non
1371 4433 1781 4486 conveniunt”.
1814 4450 1832 4483 ι
1873 4431 1931 4486 Si
1971 4434 2244 4488 Christum

2356 4429 2495 4490 νοῦν,
2523 4432 2696 4481 ποιεῖν
2727 4431 2795 4482 τὰ
2842 4427 2916 4500 μὴ
2960 4429 3287 4500 καθήκοντα.
3321 4451 3338 4482 ι
3374 4432 3436 4485 Εἰ
3471 4433 3699 4502 Χριστὸν
3748 4438 3925 4502 erm-3-

680 4522 1029 4593 agnoscimus
1065 4531 1122 4574 ut
1152 4521 1345 4586 Deum,
1376 4525 1655 4592 cognitum
1690 4539 2029 4593 nequaquam
2062 4539 2245 4593 asper-

683 4628 895 4676 nemur,
930 4612 1206 4681 vulgarem
1239 4615 1614 4666 tantummodo
1646 4615 1917 4668 hominem
1942 4614 2091 4667 illum
2123 4628 2246 4668 esse

683 4705 1012 4758 dictitantes.
1063 4701 1156 4755 Sin
1210 4713 1391 4757 autem
1439 4703 1652 4757 inscitia
1685 4705 1941 4759 excaecati
1979 4705 2119 4759 istud
2165 4704 2247 4758 ἴση

683 4808 810 4846 cere
834 4793 990 4845 veriti
1019 4807 1124 4845 non
1157 4791 1442 4856 fuerimus,
1471 4792 1632 4846 simul
1673 4808 1794 4846 cum
1825 4793 1946 4847 aliis
1975 4793 2027 4846 in
2062 4807 2248 4862 repro-

683 4887 811 4941 bum
843 4898 1060 4937 sensum
1090 4884 1396 4952 praecipites
1423 4897 1644 4937 ruamus
1670 4897 1891 4936 necesse
1923 4891 2026 4936 est.

763 4993 781 5026 ι
814 4973 1122 5028 Secundum
1173 4974 1426 5028 duritiam
1461 4984 1626 5035 tuam.
1667 4983 1722 5027 et
1753 4973 2096 5042 imposnitens
2132 4987 2248 5035 cor,

686 5061 1028 5116 thesaurizas
1063 5062 1157 5116 tibi
1187 5061 1321 5115 iram
1353 5061 1406 5116 in
1439 5062 1525 5115 die
1553 5062 1644 5116 ira:
1669 5070 1722 5115 et
1755 5059 2245 5126 revelationisjusti

681 5147 874 5214 judicii
913 5147 1028 5210 Dei,
1072 5149 1162 5217 qui
1205 5148 1392 5202 reddet
1420 5149 1713 5216 unicuique
1754 5149 2048 5202 secundum
2082 5163 2246 5216 opera

683 5238 803 5305 ejus
821 5239 890 5289 ὀ.
923 5255 941 5289 i
982 5237 1146 5292 Docet
1190 5237 1274 5292 hic
1303 5238 1494 5293 beatus
1520 5238 1739 5301 Paulus,
1773 5253 1870 5292 nos
1896 5252 2086 5292 omnes
2122 5248 2248 5292 ante

686 5327 920 5382 tribunal
971 5328 1173 5384 Christi
1232 5330 1565 5385 manilestari
1605 5338 1875 5400 oportere,
1932 5343 2041 5398 quo
2081 5343 2245 5382 unus-

2351 4536 2529 4588 καμεν
2567 4519 2641 4581 ὡς
2674 4519 2825 4583 Θεὸν,
2861 4519 2959 4589 τὴν
2987 4520 3073 4573 ἐπ’
3091 4520 3239 4590 αὐτῷ
3267 4521 3466 4588 γνῶσιν
3491 4523 3564 4593 μὴ
3586 4523 3932 4594 ἀποὼκιμάο

2353 4611 2553 4680 ζωμεν,
2591 4611 2876 4680 ἄνθρωπον
2906 4610 3042 4666 εἶναι
3075 4613 3320 4681 λέγοντες
3348 4615 3540 4667 κοινόν.
3575 4616 3639 4667 Ei
3671 4616 3729 4668 δὲ
3764 4620 3931 4671 τοῦτο

2352 4701 2483 4772 δρᾷν
2517 4703 2576 4766 ἐξ
2604 4702 2842 4773 ἀμαθίας
2870 4702 3172 4772 τολμῶμεν,
3188 4702 3512 4773 βαδιούμεθα
3544 4706 3762 4770 πάντως
3789 4710 3930 4776 ὁμοῦ

2352 4797 2464 4857 τοῖς
2498 4793 2676 4857 ἀλλοις
2707 4796 2786 4857 εἰς
2817 4793 3072 4864 ἀδόκιμον
3099 4793 3244 4848 νοῦν.

2436 4987 2453 5019 ι
2481 4967 2636 5022 Κατά
2673 4968 2726 5021 δὲ
2774 4967 2871 5038 τὴν
2909 4969 3246 5038 σκληρότητά
3277 4986 3367 5022 σου
3421 4971 3512 5022 καὶ
3552 4972 3933 5041 ἀμετανόητον

2355 5061 2581 5130 καῴίαν
2607 5061 2953 5131 θησαυρίζεις
2982 5061 3190 5131 σεαυτῷ
3217 5061 3381 5132 ὀργὴν
3413 5065 3469 5115 ἐν
3503 5066 3686 5134 ἡμέρᾳ⁸
3730 5069 3928 5136 ὀργῆς,

2355 5149 2448 5199 καὶ
2488 5149 2898 5217 ἀποκαλύψεως,
2948 5154 3038 5204 καὶ
3089 5152 3478 5222 δικαιοκρισίας
3527 5155 3620 5206 τοῦ
3665 5156 3831 5218 Θεοῦ,
3872 5161 3931 5220 ὃς

2356 5238 2622 5292 ἀποδώσει
2653 5240 2868 5310 ἑκάστῳ
2891 5242 3031 5294 κατὰ
3061 5243 3129 5294 τά
3154 5243 3286 5314 ἔργα
3313 5245 3495 5298 αὑτοῦ.
3528 5266 3544 5297 ι
3569 5248 3627 5298 '0
3653 5253 3933 5318 μακάριος

2360 5329 2587 5394 Παῦλος,
2619 5330 2744 5392 τοὺς
2787 5332 2990 5394 πάντας
3027 5335 3173 5402 ἡμᾶς
3200 5327 3298 5400 δεῖ,
3337 5338 3492 5408 φησὶ,
3540 5342 3931 5412 φανερωθῆναι

757 5480 800 5512 ⁸⁸
826 5481 982 5537 Rom.
1018 5497 1054 5540 l.
1099 5481 1212 5535 1-4.
1289 5483 1328 5512 "
1364 5482 1492 5536 ibid.
1531 5483 1615 5547 21,
1652 5482 1741 5536 22.
1817 5481 1862 5514 ⁸⁸
1893 5480 2068 5536 Gnlat.
2101 5498 2170 5547 tv,
2207 5482 2249 5536 9.

2361 5482 2379 5512 ’
2411 5482 2544 5534 llum
2619 5498 2632 5534 I
2691 5482 2778 5537 28.
2858 5486 2902 5516 ὀ
2939 5485 3146 5541 Ront.i
3198 5489 3250 5542 5.

1744 5636 1913 5691 Varia:
1949 5635 2204 5690 lectiones
2237 5635 2438 5691 codicis
2470 5635 2827 5707 chuicriani.

767 5776 791 5813 δ
827 5773 1066 5839 Quatuor
1089 5789 1208 5843 qua:
1239 5784 1537 5842 sequuntur
1559 5789 1717 5827 voces
1746 5775 1943 5826 absunt
1975 5790 1998 5822 υ
2038 5773 2156 5826 cod.
2190 5772 2249 5826 Se

2356 5786 2434 5825 er.
2517 5771 2530 5818 ὁ
2565 5769 2623 5820 οὖ
2651 5768 2806 5820 τοῦτο
2835 5771 3049 5841 ἀληθές.
