4090 6522
113 460 259 517 12ἳὸ

1212 459 1297 516 DE
1335 458 1566 515 RECTA
1607 451 1761 509 FIDE
1800 454 1889 508 AD
1930 454 2248 511 REGINAS.

3220 450 3240 501 l
3251 448 3355 501 926

114 578 434 649 ἔμπροσθεν
455 577 546 632 τοῦ
569 576 809 647 βήματος
828 575 918 628 τοῦ
938 577 1169 649 Χριστοῦ
1191 597 1203 609 ·
1236 598 1251 629 ι
1275 580 1359 631 ἵνα
1387 576 1681 644 κομίσηται

1792 571 2011 637 quisque
2070 572 2306 637 referat,
2360 582 2479 637 qum
2525 564 2579 620 in
2629 578 2854 633 corpore
2894 564 3083 635 gessit,
3110 563 3213 634 57
3242 563 3359 617 sive

110 670 347 731 ἕκαστος
389 668 459 721 τὰ
499 668 589 720 διὰ
618 664 712 718 τοῦ
759 665 1028 736 σώματος,
1061 669 1196 739 πρὸς
1227 668 1262 722 ὃ.
1292 666 1547 735 ἔπραξεν,
1579 664 1686 715 εἴτε

113 760 346 828 ἀγαθὸν,
379 761 487 811 εἴτε
520 756 742 825 φαῦλον.
774 775 792 807 ι
821 758 963 829 Ἔφη
990 760 1046 812 δέ
1079 777 1163 823 τις
1215 758 1309 811 καὶ
1348 757 1531 826 ἔτερος
1583 753 1689 807 τῶν

114 851 295 917 ἁγίων
321 847 632 901 ἀποστόλων
652 865 664 877 ·
703 865 722 898 ι
756 843 848 913 Εἷς
878 852 1022 905 ἐστιν
1050 854 1078 905 6
1107 849 1421 919 νομοθέτης,
1452 848 1545 901 καὶ
1570 864 1690 918 κρι-

111 943 241 1011 τής,
275 959 291 988 ι
326 937 530 991 Ψὰλλει
572 938 628 990 δὲ
668 940 759 993 καὶ
797 942 955 1004 αὑτὸς
996 945 1023 994 6
1050 940 1245 993 Δαυῖδ·
1304 939 1454 991 ι”Οτι
1490 939 1519 991 6
1559 938 1691 1001 Θεὸς

111 1031 317 1101 κριτής
349 1032 513 1082 ἐστιν.
546 1031 703 1085 »Ὅτε
732 1032 908 1087 τοίνυν
940 1031 1333 1103 δικαιοκρισίαν
1360 1029 1494 1083 Θεοῦ
1526 1047 1690 1101 φησιν

111 1120 258 1174 εἶναι
287 1123 383 1192 τὴν
413 1122 505 1175 ἐπὶ
532 1123 624 1176 τοῦ
655 1123 896 1196 βήματος
934 1124 1028 1179 τοῦ
1064 1123 1207 1176 Θείου
1236 1123 1319 1191 ἐφ’
1345 1122 1561 1193 ἑκάστῳ
1586 1121 1691 1192 ψῆ-

110 1228 242 1279 φον,
268 1213 331 1281 ῆν
362 1211 520 1275 αὐτὸς
564 1212 758 1277 ἐξοίσει
792 1213 1029 1285 Χριστὸς
1058 1210 1544 1281 (παραστησόμεθα
1583 1211 1691 1282 γὰρ

107 1304 194 1371 τῷ
246 1303 445 1374 βήματι
494 1305 681 1365 αὑτοῦ.
715 1307 807 1358 καὶ
837 1308 936 1375 οὑχ
982 1304 1057 1367 ὡς
1097 1303 1175 1356 ἑνὶ
1210 1304 1318 1355 τῶν
1367 1302 1486 1356 καθ’
1524 1304 1689 1372 ἡμᾶς,

107 1395 231 1447 ἀλλ’
251 1395 326 1457 ὡς
354 1398 512 1467 κριτῇ
540 1397 631 1448 καὶ
647 1395 766 1465 Θεῷ
793 1396 885 1449 καὶ
918 1395 1225 1466 νομοθέτῃ),
1267 1394 1385 1456 πῶς
1409 1393 1529 1464 οὐχὶ
1562 1393 1693 1457 Θεὸς

104 1484 139 1533 ὁ
170 1482 443 1552 Χριστόςς
491 1501 512 1532 r
541 1482 639 1535 Διὰ
683 1484 789 1552 γὰρ
838 1483 1003 1551 νόμου
1056 1484 1350 1551 ἐπίγνωσις
1392 1484 1689 1555 ἁμαρτίας.

108 1575 255 1625 Νυνὶ
284 1574 339 1625 δὲ
378 1573 544 1641 χωρὶς
573 1573 739 1640 νόμου
765 1572 1077 1644 δικαιοσύνη
1120 1573 1253 1627 Θεοῦ
1284 1575 1690 1646 πεφανέρωται,

109 1661 534 1732 μαρτυρουμένη
586 1660 690 1713 ὑπὸ
739 1660 833 1713 τοῦ
879 1662 1042 1731 νόμου
1078 1662 1172 1717 καὶ
1216 1664 1324 1717 τῶν
1374 1666 1690 1736 προφητῶν.

103 1751 434 1823 Δικαιοσύνη
463 1751 520 1804 δὲ
560 1751 694 1805 Θεοῦ
734 1752 823 1805 διὰ
866 1754 1098 1818 πίστεως
1131 1756 1306 1825 Ἰησοῦ
1338 1756 1574 1826 Χριστοῦ
1610 1760 1692 1821 είς

105 1844 324 1907 πάντας
352 1844 475 1905 τοὺς
502 1842 872 1909 πιστεύοντας.
909 1863 926 1897 ι
966 1845 1098 1915 Δίχα
1124 1846 1289 1917 νόμου
1318 1846 1687 1917 δικαιοσύνην,

106 1934 201 2003 (ἦν
254 1934 348 1985 καὶ
391 1933 495 1986 ὑπὸ
546 1934 656 1989 τῶν
703 1935 872 2003 ἁγίων
920 1936 1214 2006 προφητῶν
1239 1936 1687 2007 μεμαρτυρῆσθαι

103 2022 301 2094 φησι),
330 2027 427 2095 τὴν
451 2025 539 2079 διὰ
563 2026 795 2089 πίστεως
820 2021 955 2079 εἶναι
981 2026 1128 2094 λέγει
1151 2026 1247 2096 τὴν
1271 2026 1316 2063 ί·
1345 2028 1423 2091 είς
1452 2028 1686 2098 Χριστὸν

118 2114 348 2185 Ἰησοῦν.
386 2110 537 2180 Εἶτα,
564 2115 681 2177 πῶς
710 2117 771 2167 οὑ
794 2115 924 2178 Θεὸς
951 2118 979 2168 ὁ
1011 2115 1236 2169 δικαιῶν
1260 2118 1386 2181 τοὺς
1410 2119 1689 2171 πιστεύον-

102 2222 231 2268 τας,
267 2206 459 2276 ὅτιπερ
493 2204 578 2275 εἴη
606 2205 737 2268 Θεὸς
761 2205 1010 2275 άληθῶςς
1045 2207 1147 2277 ὁρᾷ
1176 2208 1285 2278 γὰρ
1321 2212 1399 2272 είς
1438 2209 1594 2262 τοῦτο
1626 2211 1687 2263 τὸ

101 2296 208 2363 τῆς
261 2296 497 2358 πίστεως
540 2296 737 2367 πέρας.
780 2299 1215 2369 Μαρτυρούντων
1263 2299 1320 2351 δὲ
1368 2299 1483 2362 τῶν,
1519 2300 1687 2367 ἁγίων

103 2386 409 2457 προφητῶν
430 2388 496 2457 τῇ
521 2388 601 2451 είς
627 2386 860 2458 Χριστὸν
886 2390 1085 2452 πίστει,
1110 2391 1194 2453 τίς
1217 2392 1246 2443 6
1269 2391 1432 2459 φάναι
1450 2390 1683 2461 τολμῶν,

100 2478 208 2529 οὐκ
253 2473 393 2530 εἶναι
427 2478 559 2531 Θεὸν
593 2479 755 2533 αὑτὸν
785 2479 871 2533 διὰ
900 2481 961 2533 τὸ
998 2481 1357 2553 ἀνθρώπινον,
1393 2485 1557 2554 ἤγουν
1595 2485 1683 2538 ὅτε

102 2567 303 2635 γέγονε
334 2566 471 2637 σὰρξ
499 2569 527 2620 ὀ
558 2567 733 2637 Λόγος
756 2609 770 2632 ,

185 2762 205 2796 ι
237 2745 445 2809 Πάντες
468 2744 577 2815 γὰρ
605 2745 874 2816 ἥμαρτον,
896 2746 991 2799 καὶ
1024 2746 1376 2817 ὑστεροῦνται
1407 2749 1506 2819 τῆς
1525 2749 1683 2819 δόξης

101 2838 202 2890 τοῦ
235 2836 394 2901 Θεοῦ,
432 2836 795 2907 δικαιούμενοι
839 2836 1048 2907 δωρεὰν
1073 2841 1140 2910 τῇ
1166 2839 1332 2891 αὑτοῦ
1362 2842 1565 2912 χάριτι,
1594 2842 1685 2895 διὰ

102 2930 209 2997 τῆς
260 2927 691 2998 ἀπολυτρώσεως
737 2928 836 2998 τῆς
883 2929 940 2981 ὲν
990 2930 1213 3000 Χριστῷ
1248 2931 1441 3001 Ἰησοῦ.
1476 2951 1493 2983 ι
1534 2932 1598 2984 El
1626 2932 1687 2985 16

106 3019 447 3090 ἁμαρτάνειν
490 3020 636 3090 ἡμᾶς
685 3019 1026 3089 ὑστερεῖσθαι
1074 3024 1218 3074 ποιεῖ
1262 3024 1359 3092 τῆς
1390 3023 1547 3094 δόξης
1590 3023 1685 3076 τοῦ

106 3108 272 3175 Θεοῦ,
303 3111 385 3163 ὅτι
435 3110 509 3179 μὴ
557 3106 697 3162 οἶδεν
738 3111 1045 3181 ἁμαρτίανο
1097 3112 1405 3184 γέγραπται
1452 3114 1509 3167 δὲ
1561 3115 1686 3185 περὶ

1796 661 2031 725 bonum,
2075 661 2191 715 sive
2236 662 2450 715 malum.
2513 658 2655 713 Dixit
2696 658 2820 711 item
2862 655 3001 711 alius
3052 670 3117 710 ex
3155 656 3358 710 sanctis

1791 752 2049 820 apostolis
2080 769 2095 805 :
2130 772 2147 803 ι
2182 751 2327 807 Unus
2354 760 2437 808 est
2475 750 2754 822 legislator
2780 760 2835 805 et
2859 748 3022 818 judex
3043 749 3113 803 ⁹¹.
3146 766 3165 800 ι
3199 748 3359 802 Canit

1792 854 1846 900 et
1904 844 2017 914 ipse
2074 842 2242 897 David
2296 860 2513 915 quoque
2560 862 2574 899 :
2623 841 2938 910 (Quoniam
2994 839 3135 893 Deus
3190 838 3355 908 judex

1790 945 1872 991 est
1894 938 1962 990 ".
1994 955 2009 988 ι
2041 934 2175 989 Cum
2210 934 2375 1004 igitur
2408 936 2729 991 sententiam
2769 948 2931 1003 quam
2974 930 3225 986 Christus
3262 944 3359 998 pro

1792 1016 1975 1084 divino
2012 1027 2269 1085 tribunali
2304 1028 2499 1082 sedens
2527 1030 2809 1097 (sistemur
2842 1023 2987 1079 enim
3028 1030 3153 1077 ante
3190 1020 3360 1074 tribu-

1792 1118 1877 1174 nal
1904 1118 2068 1182 illius,
2100 1131 2203 1172 non
2245 1124 2499 1185 tanquam
2536 1116 2769 1171 hominis
2801 1113 2970 1171 nostri
3006 1110 3218 1176 similis,
3264 1109 3358 1164 sed

1794 1219 2049 1279 tanquam
2076 1208 2169 1265 Dei
2210 1218 2265 1264 et
2287 1206 2508 1278 judicis,
2545 1216 2600 1260 et
2637 1204 2981 1277 legislatoris)
3026 1204 3091 1260 de
3123 1201 3362 1271 quolibet

1793 1301 2001 1355 laturus
2024 1311 2125 1366 est,
2148 1300 2350 1368 justum
2373 1298 2465 1354 Del
2496 1297 2757 1366 judicium
2792 1296 3078 1364 Apostolus
3104 1292 3356 1363 appellet,

1793 1391 2065 1459 quomodo
2088 1390 2334 1444 Christus
2365 1405 2471 1444 non
2500 1398 2584 1444 est
2610 1386 2788 1443 Deus?
2824 1405 2841 1438 ι
2873 1385 2977 1439 Per
3006 1386 3177 1454 legem
3213 1382 3358 1436 enim

1795 1480 2033 1549 cognitio
2091 1480 2319 1548 peccati.
2370 1478 2521 1534 Nunc
2578 1490 2755 1532 autem
2818 1478 2935 1532 sine
2985 1473 3201 1545 justitia
3264 1471 3358 1524 Dei

1796 1570 2144 1626 manifestata
2175 1580 2280 1637 est,
2315 1570 2600 1625 testificata
2642 1584 2671 1623 a
2710 1570 2824 1637 lege
2857 1576 2911 1621 et
2945 1563 3243 1636 prophetis.
3274 1562 3360 1617 Ju-

1795 1661 1942 1716 stitia
1977 1668 2155 1714 autem
2201 1658 2295 1717 Dei
2339 1674 2435 1731 per
2478 1659 2633 1713 [idem
2666 1656 2791 1712 Jesu
2832 1654 3033 1711 Christi
3083 1654 3134 1707 in
3172 1667 3360 1707 omnes

1795 1762 1849 1806 et
1874 1766 2037 1820 super
2066 1766 2271 1813 omnes,
2302 1752 2393 1820 qui
2434 1750 2661 1805 credunt
2692 1750 2746 1802 in
2786 1762 2908 1802 eum
2927 1747 2994 1800 ”.
3030 1765 3047 1797 ι
3086 1746 3213 1799 Sine
3246 1743 3359 1811 lege

1791 1842 2055 1911 justitiam
2097 1842 2282 1912 (quam
2328 1856 2357 1895 a
2407 1840 2610 1896 sanctis
2649 1853 2862 1908 quoque
2890 1836 3169 1907 praphetis
3201 1835 3356 1888 testi-

1793 1934 2029 1988 monium
2057 1933 2309 1988 habuisse
2335 1932 2575 2000 asserit),
2594 1946 2711 1987 eam
2733 1931 2848 1985 boc‘
2864 1929 2979 1984 loco
3005 1926 3212 1987 deﬁnit,
3237 1940 3358 1993 qua:

1788 2033 1873 2079 est
1912 2039 2006 2094 per
2038 2023 2197 2078 ﬁdem
2252 2025 2304 2079 in
2337 2024 2623 2079 Christum
2669 2021 2875 2077 Jesum.
2916 2020 2987 2073 At
3034 2019 3178 2073 enim
3219 2032 3356 2087 qua-

1789 2132 1937 2181 nam,
1976 2131 2181 2186 quaeso,
2228 2116 2437 2171 ratione
2486 2117 2532 2169 is
2567 2117 2710 2170 Deus
2743 2115 3048 2169 censendus
3095 2126 3199 2165 non
3244 2120 3350 2171 est,

1788 2208 1878 2275 qui
1923 2206 2208 2261 credentes
2254 2206 2401 2260 illum
2449 2220 2635 2259 verum
2683 2204 2851 2258 Deum
2891 2218 3012 2258 esse
3055 2200 3356 2271 justilicat?

1789 2301 1944 2367 Cum,
1987 2301 2228 2368 inquam,
2262 2300 2370 2354 huc
2415 2300 2545 2354 iides
2582 2307 2833 2368 tanquam
2872 2298 2937 2352 ad
2975 2311 3195 2365 scopum
3236 2304 3356 2347 ten-

1789 2392 1900 2454 dat,
1947 2401 2001 2445 et
2048 2392 2189 2445 sacri
2237 2400 2497 2460 prmterea
2546 2391 2822 2459 prophetae
2864 2389 2986 2442 fidei
3032 2402 3150 2457 quae
3188 2396 3270 2441 est
3301 2386 3355 2441 in

1787 2482 2061 2538 Christum
2087 2482 2270 2538 Jesum
2312 2482 2675 2537 testimonium
2719 2478 3194 2549 perhibeant,quis
3223 2492 3351 2545 pro-

1788 2583 1905 2643 pter
1932 2574 2218 2627 humanam
2252 2582 2525 2635 naturam,
2573 2572 2675 2625 hoc
2705 2580 2787 2625 est
2813 2568 2975 2623 Verbi
3026 2568 3353 2623 incarnatio-

1788 2677 1934 2725 nem,
1976 2660 2121 2716 illius
2157 2661 2496 2714 divinitatem
2532 2658 2759 2713 iniiciari
2793 2658 3026 2713 audeat?

1863 2769 1881 2801 ι
1914 2748 2113 2805 Omnes
2141 2751 2284 2804 enim
2328 2758 2711 2817 peccaverunt,
2738 2757 2793 2802 et
2840 2756 2999 2818 egent
3027 2746 3197 2815 gloria
3238 2747 3353 2810 Dei,

1783 2843 2062 2913 justiﬁcati
2098 2842 2269 2912 gratis
2302 2854 2397 2910 per
2431 2840 2661 2909 gratiam
2688 2839 2881 2908 ipsius,
2911 2853 3005 2905 per
3029 2838 3355 2907 redemptio-

1788 2950 1909 2989 nem
1941 2948 2059 3004 ηοω
2094 2941 2175 2988 est
2222 2931 2275 2986 in
2323 2930 2541 2985 Christo
2567 2928 2779 2985 Jesu”.
2818 2946 2838 2980 ι
2884 2927 2939 2981 Si
2978 2926 3187 2997 peccati
3236 2927 3358 2980 labe

1788 3025 2147 3081 contaminari
2199 3023 2329 3078 facit
2375 3037 2472 3077 nos
2526 3036 2684 3091 egere
2722 3020 2897 3091 gloria
2943 3019 3058 3083 Dei,
3100 3018 3355 3088 quoniam

1790 3126 2071 3188 peccatum
2104 3131 2210 3171 non
2242 3114 2393 3168 novit
2418 3128 2433 3167 :
2470 3115 2535 3167 de
2561 3113 2778 3167 Christo
2800 3120 2976 3166 autem
2999 3121 3081 3165 est
3105 3111 3155 3163 in
3183 3110 3359 3165 sacris

106 3198 370 3271 Χριστοῦ,
405 3200 486 3253 ὅτι
518 3199 791 3271 ἁμαρτίαν
823 3205 922 3254 οὑκ
967 3203 1221 3274 εποίησεν
1246 3220 1259 3235 ⁸
1306 3204 1684 3276 ὑστερούμεθα

1792 3209 2029 3270 Litteris,
2062 3207 2201 3277 quod
2231 3215 2511 3276 peccatum
2550 3219 2657 3261 non
2690 3202 2911 3267 fecerit;
2945 3217 3041 3257 nos
3075 3211 3259 3256 autem
3293 3215 3357 3254 ea

104 3293 165 3343 δὲ
206 3292 303 3344 καὶ
334 3290 476 3345 κατὰ
516 3290 673 3344 τοῦτο
700 3292 797 3362 τῆς
828 3292 987 3363 δόξης
1024 3293 1191 3346 αὑτοῦ
1239 3294 1686 3365 πλημμελοῦντες

108 3386 273 3453 ἡμεῖς
294 3400 308 3413 ·
341 3382 473 3447 Θεὸς
501 3383 609 3455 ἄρα
653 3386 769 3438 ἐστὶ
808 3385 904 3438 καὶ
933 3386 1069 3457 μετὰ
1098 3387 1299 3459 σαρκὸς
1326 3389 1354 3440 6
1383 3389 1553 3458 Λόγος
1578 3407 1591 3420 ·
1624 3392 1683 3444 οὐ

107 3475 220 3545 γὰρ
244 3473 499 3544 ἐποίησεν
530 3475 822 3546 ἁμαρτίαν.

188 3672 209 3706 ‹
238 3654 422 3726 Νόμον
476 3648 577 3709 οῦν
605 3656 988 3728 καταργοῦμεν
1031 3659 1118 3712 διὰ
1166 3663 1263 3728 τῆς
1300 3660 1560 3726 πίστεως;
1612 3661 1687 3731 μὴ

108 3746 323 3814 γένοιτο
340 3762 353 3775 θ
385 3744 521 3798 ἀλλὰ
548 3745 708 3815 νόμον
743 3748 1001 3818 ἱστῶμεν.
1029 3767 1047 3801 ι
1069 3750 1125 3802 Ὀ
1150 3750 1239 3803 διὰ
1260 3752 1499 3815 Μωσέως
1526 3752 1688 3821 νόμος

108 3838 243 3889 Θεὸν
270 3836 366 3888 ἕνα
411 3840 735 3907 προσκυνεῖν
762 3839 963 3904 ἐδίδαξε
997 3842 1123 3904 τοὺς
1150 3841 1209 3907 ἐξ
1241 3843 1455 3913 Ἰσραήλ
1476 3859 1491 3873 ·
1521 3861 1539 3894 ι
1574 3844 1687 3896 Κύ-

110 3943 229 3996 ριος
258 3926 389 3996 γὰρ,
427 3928 614 3998 φησὶν,
647 3928 675 3979 6
706 3928 836 3992 Θεός
874 3947 988 3995 σου,
1022 3931 1227 4003 Κύριος
1258 3930 1335 3996 εἷς
1368 3935 1512 3987 ἐστι·
1544 3954 1560 3984 ι
1594 3936 1689 3987 καὶ¹

110 4019 275 4079 αὐτὸς
328 4017 385 4070 δὲ
430 4018 459 4068 6
506 4017 638 4081 Θεὸς
687 4020 1027 4090 προσεφώνει
1060 4023 1235 4091 λέγων
1278 4026 1493 4089 αὐτοῖς·
1530 4045 1547 4076 ‹
1578 4026 1689 4078 Οὐκ

110 4109 328 4163 ἔσονταί
382 4127 464 4162 σοι
508 4110 622 4163 θεοὶ
668 4113 842 4181 ἕτεροι
890 4113 1027 4184 πλὴν
1074 4116 1229 4184 ἐμοῦ.
1262 4113 1411 4188 »Ἆρ’
1441 4114 1531 4172 οῦν
1563 4136 1690 4187 μετ-

112 4202 393 4271 έστησενή
422 4200 602 4264 πίστις
631 4202 662 4271 ή
693 4203 771 4264 είς
791 4204 1020 4272 Χριστὸν
1047 4207 1170 4269 τοὺς
1198 4207 1263 4258 δι’
1294 4207 1461 4277 αὐτῆς
1491 4210 1689 4281 κεκλη⁹

116 4293 315 4363 μένους
344 4293 424 4355 είς
451 4292 511 4345 τὸ
537 4292 611 4363 μὴ
633 4293 712 4345 ἐνὶ
737 4295 815 4362 τῷ
846 4295 983 4348 κατὰ
1008 4296 1165 4364 φύσιν
1189 4296 1305 4367 Θεῷ
1330 4302 1687 4368 προσκυνεῖν;

114 4383 263 4455 Ἀρα
298 4384 679 4456 καταργοῦμεν
716 4384 879 4455 νόμον
924 4386 1003 4457 τῷ
1039 4389 1120 4439 ἑνὶ
1166 4389 1242 4459 τῷ
1292 4390 1411 4443 κατ’
1435 4390 1689 4463 ἀλήθειαν

116 4478 239 4547 Θεῷ
256 4477 691 4547 προσκομίζοντα
712 4494 727 4541 ;
756 4497 773 4529 ι
793 4478 882 4547 Μὴ
903 4481 1133 4546 γένοιτο,
1155 4481 1337 4551 φησὶν,
1372 4482 1505 4535 ἀλλὰ
1529 4483 1689 4553 νόμον

119 4572 409 4641 ἱστῶμεν.»
440 4570 647 4624 Οὐκοῦν
676 4570 751 4635 ὡς
775 4572 893 4641 Θεῷ
921 4571 1218 4643 προσίεμεν
1239 4572 1314 4641 τῷ
1344 4573 1580 4644 Χριστῷ,
1603 4575 1689 4627 ἵνα

120 4664 196 4733 μὴ
228 4664 659 4737 κατηγορώμεθα
680 4708 693 4733 ,
730 4666 806 4729 ῶς
840 4668 1205 4736 παραλύοντες
1236 4666 1419 4735 νόμον,
1454 4669 1689 4720 ἐπαινῶ-

122 4754 259 4824 μεθα
314 4754 369 4808 δὲ
418 4756 637 4825 μᾶλλον,
665 4758 741 4821 ῶς
800 4758 1053 4820 ἱστῶντες
1100 4758 1260 4828 νόμον
1315 4758 1402 4811 διὰ
1451 4758 1549 4827 τῆς
1598 4760 1689 4811 πί-

118 4862 313 4908 στεως.

190 4938 327 5008 Περὶ
349 4936 442 4989 τοῦ
480 4935 725 5007 Ἀϐραάμ
755 4956 886 5009 φησι
906 4956 922 4971 ο
954 4960 970 4991 ι
991 4941 1291 4995 Κατέναντι
1313 4936 1373 4997 οῦ
1403 4944 1689 4998 ἐπίστευσε

118 5027 277 5091 Θεοῦ,
312 5026 406 5080 τοῦ
437 5026 822 5093 ζωοποιοῦντος
846 5032 969 5095 τοὺς
996 5035 1239 5102 νεκροὺς,
1266 5035 1358 5087 καὶ
1401 5036 1691 5099 καλοῦντος

120 5121 190 5173 τὰ
230 5119 304 5190 μὴ
335 5119 461 5173 ὄντα
495 5120 567 5183 ὡς
596 5119 743 5175 ὄντα.
778 5121 935 5175 ι”υτε
978 5124 1157 5177 τοίνυν
1186 5125 1244 5177 τὸ
1284 5127 1562 5189 ζωοποιεῖν
1596 5128 1688 5180 δύ-

124 5206 315 5261 νασθαι
361 5208 489 5270 τοὺς
537 5210 759 5279 νεκροὺς
796 5212 1084 5281 άρμόσειεν
1119 5214 1183 5267 ἂν
1210 5216 1305 5285 οὐχ
1334 5218 1522 5288 ἑτέρῳ,
1554 5218 1691 5288 πλὴν

123 5303 204 5357 ὅτι
236 5298 381 5369 μόνῳ
409 5297 484 5369 τῷ
520 5300 661 5353 κατὰ
689 5300 848 5369 φύσιν
876 5301 1022 5373 Θεῷ·
1066 5305 1317 5370 ζωοποιεῖ
1362 5310 1418 5365 δὲ
1462 5312 1692 5380 Χριστὸς

201 5478 255 5553 οι
285 5478 399 5553 ιη,
442 5494 518 5549 ιν,
551 5481 638 5553 ξε,
758 5483 802 5513 ⁸¹
833 5481 975 5537 Psal.
1006 5502 1191 5553 Lxxw,
1215 5487 1269 5545 7.

129 5549 173 5580 "
218 5549 385 5605 Exod.
422 5567 512 5617 xx,
542 5551 599 5607 4.
676 5553 722 5584 ³⁸
753 5553 907 5607 Rom.
942 5570 1013 5618 ιγ,
1043 5557 1124 5609 l7.

1383 5488 1427 5519 ’³
1460 5487 1617 5542 Rom.
1651 5504 1733 5555 ιιι,
1758 5488 1945 5542 20-23.

1785 3302 1853 3356 'de
1884 3315 2048 3355 causa
2078 3299 2146 3352 ab
2177 3295 2293 3365 ejus
2320 3296 2488 3366 gloria
2518 3295 2795 3359 absumus,
2824 3294 2951 3363 quia
2986 3292 3189 3361 absque
3220 3290 3354 3344 deli-

1786 3400 1874 3445 cto
1924 3404 2031 3445 non
2076 3388 2311 3443 vivimus
2346 3386 2473 3442 :cui
2519 3385 2739 3440 dubium
2791 3398 2911 3441 esse
2958 3393 3165 3453 potest,
3225 3381 3357 3450 quin

1790 3484 2023 3539 Verbum
2068 3482 2407 3536 incarnatum
2438 3477 2580 3533 Deus
2623 3476 2733 3531 sit?
2768 3489 2892 3531 nam
2933 3482 3215 3544 peccatum
3250 3487 3357 3525 non

1788 3578 1937 3633 fecit.

1865 3686 1882 3718 ι
1910 3667 2107 3736 Legem
2140 3679 2269 3734 ergo
2307 3663 2635 3719 destrulmus
2675 3674 2769 3730 per
2807 3658 3005 3714 (idem?
3031 3657 3215 3711 Absit!
3265 3658 3359 3710 sed

1789 3759 1959 3829 legem
2023 3756 2398 3811 statuimus".
2434 3772 2451 3805 ι
2514 3754 2622 3807 Lex
2675 3750 2906 3805 Mosaica
2970 3750 3138 3803 Deum
3194 3764 3357 3801 unum

1790 3849 2121 3904 adorandum
2156 3861 2277 3901 esse
2312 3844 2515 3901 docuit.
2546 3843 2634 3897 Ait
2660 3843 2802 3897 enim
2835 3860 2847 3897 :
2883 3860 2901 3893 ι
2934 3841 3193 3896 Dominus
3219 3839 3360 3893 Dens

1791 3949 1913 3994 tuus
1936 3938 2120 4001 lsrael,
2146 3938 2288 3991 Deus
2324 3952 2465 3991 unus
2494 3935 2674 3999 est";
2707 3953 2724 3984 ι
2760 3942 2815 3987 et
2842 3932 2955 4001 ipse
2982 3946 3197 4000 quoque
3218 3928 3361 3985 Deus

1790 4031 2007 4085 eosdem
2036 4030 2137 4083 hac
2167 4028 2415 4082 oratione
2446 4024 2805 4093 compellabat
2832 4042 2844 4076 :
2877 4042 2893 4074 ι
2922 4022 3038 4076 Non
3073 4029 3232 4076 erunt
3263 4020 3359 4074 tibi

1792 4123 1864 4177 dii
1914 4121 2002 4174 alii
2056 4128 2253 4189 praeter
2291 4118 2464 4171 me".
2501 4136 2519 4168 ι
2560 4115 2809 4183 Nunquid
2861 4116 3024 4185 igitur
3066 4114 3201 4169 ﬁdes
3241 4129 3361 4183 quae

1790 4225 1873 4271 est
1910 4214 1962 4269 in
2000 4213 2299 4275 Christum,
2341 4224 2433 4265 eos
2464 4210 2556 4278 qui
2604 4223 2701 4277 per
2745 4221 2861 4261 eam
2898 4206 3073 4261 vocati
3109 4213 3251 4269 sunt,
3295 4220 3360 4260 eo

1793 4306 2084 4369 transtulit,
2122 4313 2181 4357 ut
2224 4317 2387 4357 unum
2428 4300 2720 4356 secundum
2754 4308 2999 4353 naturam
3042 4296 3209 4353 Deum
3253 4313 3359 4351 non

1795 4399 2057 4454 adorent?
2093 4398 2340 4466 legemne
2370 4408 2499 4461 ergo
2543 4391 2899 4451 destruimus,
2941 4404 3064 4460 quae
3098 4390 3163 4442 ad
3196 4404 3361 4443 unum

1794 4503 1979 4542 verum
1996 4486 2164 4540 Deum
2194 4500 2289 4539 nos
2308 4484 2477 4538 ducit?
2516 4500 2533 4531 ι
2560 4481 2749 4535 Absit!
2786 4480 2960 4549 inquit
2992 4479 3079 4532 ille
3110 4498 3123 4533 :
3153 4479 3245 4533 sed
3281 4480 3362 4533 le-

1799 4594 1919 4651 gem
1946 4578 2257 4634 statuimus.
2285 4595 2303 4627 »
2340 4575 2691 4644 Adjunglmus
2716 4586 2843 4641 ergo
2876 4587 2973 4626 nos
2993 4570 3210 4626 Cbristo
3249 4580 3365 4625 tan-

1800 4688 1962 4741 quam
1992 4685 2119 4724 vero
2148 4670 2277 4733 Deo,
2317 4682 2387 4723 ne
2416 4667 2625 4721 violata:
2669 4666 2802 4736 legis
2836 4664 3236 4729 insimulemur,
3270 4667 3366 4719 sed

1798 4762 2259 4826 commendemur,
2294 4767 2352 4813 ut
2376 4758 2467 4827 qui
2504 4758 2674 4825 legem
2711 4771 2805 4827 per
2836 4756 2995 4811 ﬁdem
3042 4764 3364 4813 statuamus.

1870 4945 1979 5015 58
2008 4944 2073 4997 Et
2124 4941 2192 4995 de
2242 4936 2513 4992 Abraham
2562 4934 2793 4992 scribit:
2830 4953 2848 4986 ‹
2879 4935 3018 4990 Ante
3072 4935 3238 4991 Deum
3282 4939 3367 4991 cui

1800 5037 2047 5099 credidit,
2074 5036 2165 5103 qui
2196 5030 2434 5086 viviﬁcat
2461 5038 2721 5093 mortuos,
2752 5037 2809 5083 et
2835 5039 2992 5083 vocat
3022 5042 3085 5082 ea
3110 5043 3228 5097 qua:
3258 5044 3366 5082 non

1801 5140 1947 5193 sunt,
1993 5138 2247 5194 tanquam
2293 5137 2355 5176 ea
2398 5137 2517 5191 qua:
2553 5130 2678 5174 sunt
2702 5120 2767 5171 ".
2799 5139 2817 5171 ι
2872 5118 3004 5175 Cum
3040 5120 3201 5188 igitur
3226 5134 3371 5173 ιηοιι.

1803 5232 1924 5275 tuos
1951 5218 2073 5273 vitae
2117 5216 2404 5270 restituere
2436 5228 2592 5282 posse
2640 5213 2690 5266 in
2730 5211 2934 5265 nullum
2983 5210 3145 5265 alium
3175 5226 3371 5266 conve—

1807 5311 1940 5373 niat,
1988 5307 2088 5362 nisi
2126 5306 2178 5359 in
2224 5304 2399 5358 solum
2442 5304 2745 5359 naturalem
2778 5302 2984 5365 Deum;
3013 5301 3369 5369 Cbristusque

2052 5488 2097 5519 ’⁸
2130 5488 2258 5543 ibid.
2296 5488 2383 5543 9.3.

2498 5489 2541 5520 "
2574 5486 2705 5543 ibid.
2732 5488 2822 5544 5|.
2926 5488 2971 5519 "
3005 5488 3158 5543 Deut.
3192 5504 3263 5553 vi,
3315 5489 3367 5543 4.

1208 5707 1379 5766 Variae
1409 5710 1667 5768 lectiones
1697 5712 1896 5769 codicis
1923 5711 2277 5782 Segnieriani.

207 5840 248 5876 ι’
277 5839 361 5893 ιον.
395 5838 512 5907 τῆς.

459 5933 727 5992 Ρηιιοι..
777 5930 891 5993 Gn.
944 5930 1227 5993 LXXVI.

3012 5936 3094 6000 39
