4090 6542
760 447 917 500 -1227

1795 445 1849 494 S.
1889 441 2157 492 (ZYltlle
2201 442 2663 499 ALEXANDRINI
2703 447 3020 502 ARCHU'IP.

3890 451 3996 502 {2‘15

782 540 1008 624 proprie
1034 555 1212 607 carnis
1247 566 1494 610 contactu
1529 573 1620 610 eos
1649 555 1878 606 viviﬁcet
1907 567 1967 605 ac
2003 568 2067 604 ex
2111 552 2315 603 mortuis

2437 559 2528 608 καὶ
2579 559 2666 611 διά
2710 560 2809 628 τῆς
2861 562 2994 623 ἰδίας
3045 563 3242 630 σαρκὸς
3291 563 3416 624 τοὺς
3484 556 3995 627 κατεφθαρμένους,

779 648 996 721 excitet,
1023 646 1112 712 qui
1155 657 1326 699 morte
1357 648 1618 711 absumpti
1650 643 1855 696 fuerant
1892 660 1904 695 :
1932 644 2198 712 quomodo
2226 659 2328 694 non

2434 647 2734 716 ἁπτόμενος
2763 650 2872 700 τῶν
2895 650 3120 718 νεκρῶν.
3158 653 3251 704 καὶ
3280 653 3503 715 ἀνιστὰς
3537 649 3745 711 αὐτούς
3769 667 3782 679 ·
3819 648 3928 709 πῶς
3953 651 3994 697 οὲ

779 748 860 790 est
907 752 1069 790 verus
1119 736 1280 801 Deus,
1318 737 1546 790 maxime
1595 746 1723 783 vero
1775 746 1896 784 cum
1951 734 2083 786 alios
2124 747 2315 800 quoqm

2431 731 2562 794 Θεὸς
2580 735 2881 805 ἀληθινὸς,ό
2897 737 3018 797 δοὺς
3041 739 3131 789 καὶ
3155 741 3359 810 ἐτέροις
3380 742 3633 806 ἐξουσίαν
3651 740 3781 800 τοὺς
3799 741 3998 807 νεκριζς

781 830 891 897 ipse
919 843 978 880 ea
1013 832 1270 896 pdtestate
1300 822 1537 882 donarit.
1577 830 1630 874 ut
1668 822 1719 874 in
1769 823 1985 877 nomine
2020 822 2190 893 ipsius
2225 823 2331 875 vita

786 920 998 973 functos
1029 920 1081 973 in
1113 920 1280 971 lucem
1313 927 1566 969 revocare
1599 913 1858 982 possent?

849 1030 867 1061 ι
905 1011 1109 1077 Itaque,
1142 1008 1332 1062 fratres
1363 1006 1486 1066 mei,
1523 1013 1575 1057 et
1603 1020 1697 1058 vos
1735 1004 2037 1060 mortiﬁcati
2071 1006 2202 1059 estis
2229 1005 2329 1075 legi

777 1118 871 1172 per
904 1115 1095 1167 corpus
1128 1097 1350 1160 Christi,
1385 1107 1442 1149 ut
1472 1097 1592 1151 sitis
1620 1098 1860 1159 alterius,
1890 1098 1979 1164 qui
2008 1114 2073 1150 ex
2104 1097 2329 1151 mortuis

773 1190 1088 1254 resurrexit,
1134 1197 1185 1241 ul
1224 1187 1612 1243 fructiﬁcemus
1647 1187 1752 1241 Deo
1773 1188 1842 1239 9'.
1874 1205 1892 1237 ι
1943 1185 2330 1240 Mortillcamur

771 1283 893 1350 legi,
923 1281 1136 1350 quando
1165 1280 1233 1333 ab
1270 1279 1412 1333 illius
1442 1281 1702 1334 servitute
1723 1286 1775 1329 et
1804 1276 1947 1329 cultu
1982 1277 2324 1343 desistimus;

768 1372 1039 1426 evadimus
1067 1379 1241 1423 autem
1267 1370 1443 1434 alteri,
1473 1372 1574 1424 hoc
1604 1377 1688 1422 est
1715 1367 1947 1431 Christo,
1967 1367 2054 1435 qui
2090 1383 2156 1421 ex
2181 1383 2328 1420 mor-

772 1461 874 1514 tuis
900 1460 1217 1521 resurrexit,
1247 1459 1486 1523 obnoxii,
1526 1458 1649 1512 dum
1684 1467 1740 1510 ut
1776 1455 2163 1510 fructiﬁcemus
2192 1459 2318 1519 Deo,

766 1551 996 1605 oraculis
1039 1550 1361 1620 evangelicis
1409 1552 1476 1606 ab
1507 1550 1625 1618 ipso
1672 1549 1830 1602 editis
1877 1563 2080 1602 morem
2138 1562 2323 1617 gerere

765 1643 920 1698 enixe
945 1643 1340 1696 contendimus.
1382 1642 1450 1694 At
1490 1653 1618 1694 vero
1645 1653 1852 1694 summa
1878 1646 1932 1692 et
1964 1647 2126 1706 caput
2158 1652 2322 1691 evan-

764 1733 1050 1802 gelicorum
1105 1739 1494 1800 prmceptorunt
1540 1739 1626 1784 est
1676 1729 1808 1784 lides
1864 1730 1917 1783 in
1976 1730 2172 1800 ipsum.
2227 1730 2320 1783 Hic

764 1822 901 1874 enim
929 1829 1114 1874 noster
1132 1829 1213 1874 est
1239 1821 1465 1884 fructus,
1487 1835 1644 1890 quem
1663 1819 1898 1884 Christo,
1916 1828 2168 1889 tanquam
2189 1820 2318 1883 Deo,

2431 819 2665 891 ἐγείρειν
2698 823 2785 876 διὰ
2814 824 2908 876 τοῦ
2941 825 3200 894 ὀνόματος
3233 830 3428 894 αὐτοῦς

2505 1002 2718 1065 ιὨστε,
2753 1003 2967 1071 ἀδελφοι
3002 1021 3123 1074 μου,
3154 1005 3247 1058 καὶ
3293 1006 3452 1075 ὑμεῖς
3500 1008 3895 1078 ἐθανατώθητε
3937 1006 3998 1072 τῷ

2428 1091 2576 1164 νόμῳ
2601 1093 2689 1149 διά
2720 1094 2811 1148 τοῦ
2849 1097 3100 1164 σώματος
3123 1095 3217 1148 τοῦ
3243 1096 3502 1165 Χριστοῦ,
3533 1101 3616 1160 εἰς
3658 1100 3726 1151 τὸ
3761 1099 3998 1166 γενέσθαι

2431 1181 2572 1252 ὑμᾶς
2591 1184 2759 1254 ἐτέρῳ
2786 1183 2862 1253 τῷ
2883 1186 2945 1237 ἐκ
2967 1182 3179 1254 νεκρῶν
3205 1182 3502 1253 ἐγερθέντι,
3537 1187 3624 1238 ἵνα
3658 1191 4001 1256 καρπνχρορή·

2431 1291 2609 1343 σωμεν
2641 1276 2716 1344 τῷ
2753 1275 2888 1345 Θεῷ.
2922 1295 2939 1326 ι
2983 1275 3369 1344 Θανατούμεθα
3399 1275 3479 1344 τῷ
3506 1279 3686 1346 νόμῳ,
3737 1280 3844 1345 τῆς
3889 1281 4001 1330 κατ’

2427 1362 2588 1414 αὑτὸν
2611 1363 2861 1434 λατρείας
2889 1364 3291 1434 ἀποπαυόμενοι
3311 1379 3322 1391 ·
3355 1363 3620 1432 γινόμεθα
3652 1366 3714 1417 δὲ
3744 1368 3920 1436 ἑτέρῳ
3940 1368 4000 1433 τῷ

2423 1453 2487 1502 ἐκ
2523 1453 2729 1522 νεκρῶν
2769 1455 3064 1525 ἐγερθέντι,
3097 1454 3340 1507 τουτέστι
3391 1454 3635 1525 Χριστῷ,
3671 1459 3794 1517 τοῖς
3850 1457 3998 1508 αὐτοῦ

2424 1542 2786 1612 θεσπίσμασιν
2816 1546 3188 1613 εὑαγγελικοῖς
3215 1545 3638 1599 κατακολουθεῖν
3669 1546 3995 1609 σπουδάζοιτο

2419 1647 2530 1694 τες,
2565 1632 2650 1683 ἵνα
2701 1635 3212 1705 καρποφορήσωμεν
3263 1635 3341 1704 τῷ
3395 1634 3532 1704 Θεῷ.
3581 1636 3907 1704 Κεφάλαιον
3953 1637 3998 1688 δὲ

2420 1723 2527 1774 τῶν
2558 1722 2924 1790 εὐαγγελικῶν
2960 1723 3343 1795 θεσπισμάτων
3369 1728 3401 1796 ἡ
3433 1727 3616 1791 πίστις
3651 1730 3688 1798 ὴ
3723 1731 3804 1791 εἰς
3828 1730 3995 1780 αὗτὲν.

2422 1813 2531 1866 Καὶ
2578 1806 2734 1875 οὗτος
2768 1812 2924 1881 ἡμῶν
2969 1815 2998 1865 6
3030 1815 3259 1883 καρπὸς,
3292 1821 3366 1877 ὼς
3408 1816 3548 1886 Θεῷ,
3588 1820 3997 1889 προσαγόμεπσος

763 1910 1034 1966 oﬂerimus
1066 1930 1077 1964 :
1109 1923 1237 1976 ergo
1283 1910 1372 1978 qui
1419 1925 1483 1963 ex
1535 1911 1762 1963 mortuis
1813 1911 2135 1976 resurrexit,
2178 1909 2315 1965 Deus

2421 1901 2500 1972 τῷ
2521 1901 2761 1972 Χριστῷ.
2794 1901 2924 1964 Θεὸς
2945 1897 3037 1955 οὖν
3061 1903 3167 1973 ἄρα
3187 1904 3334 1956 ἐστὶν
3356 1907 3383 1956 6
3409 1907 3472 1957 ἐκ
3494 1907 3717 1976 νεκρῶν
3742 1886 3994 1972 ἀναστὰς,

761 1999 993 2061 exsistit,
1031 2000 1174 2065 quod
1210 1997 1438 2051 Verbum
1471 2012 1598 2050 caro
1631 1997 1703 2049 sit
1735 1997 1957 2050 factum.

835 2108 852 2140 ι
883 2088 980 2154 Qui
1011 2096 1187 2139 autem
1217 2087 1267 2138 in
1299 2099 1463 2139 carne
1495 2097 1641 2152 sunt,
1679 2086 1786 2139 Deo
1809 2086 2023 2155 placere
2055 2100 2159 2139 non
2195 2100 2318 2152 pos-

761 2189 902 2233 sunt.
927 2177 1034 2232 Vos
1057 2187 1234 2231 autem
1266 2177 1317 2230 in
1357 2191 1521 2230 carne
1564 2191 1667 2229 non
1697 2180 1849 2242 estis,
1883 2177 1976 2231 sed
2014 2177 2064 2229 in
2093 2176 2316 2244 spiritu;

761 2271 802 2324 si
834 2280 1006 2323 tamen
1039 2266 1271 2336 Spiritus
1312 2266 1402 2320 Dei
1434 2267 1639 2321 habitat
1677 2267 1728 2319 iu
1769 2267 1939 2320 vobis.
1978 2264 2032 2318 Si
2068 2266 2188 2332 quis
2223 2281 2316 2317 au-

763 2370 864 2414 tem
895 2357 1095 2412 Christi
1132 2357 1379 2425 spiritum
1428 2370 1532 2408 non
1580 2356 1762 2418 habet,
1795 2356 1880 2409 hic
1921 2370 2026 2408 non
2056 2364 2140 2409 est
2182 2355 2316 2420 ejus.

760 2450 815 2503 Si
871 2457 1049 2502 autem
1099 2446 1345 2500 Christus
1386 2445 1438 2498 in
1497 2445 1647 2499 vobis
1700 2453 1804 2508 est,
1851 2460 2050 2513 corpus
2101 2445 2316 2506 quidem

759 2548 1028 2593 mortuum
1074 2545 1157 2590 est
1188 2544 1406 2606 propter
1438 2545 1739 2604 peccatum,
1781 2535 2006 2602 spiritus
2044 2548 2175 2588 vero
2208 2535 2314 2587 vita

756 2623 1455 2697 propterjustilicationem.
1487 2622 1641 2688 Quod
1690 2620 1733 2674 si
1773 2618 2005 2689 Spiritus
2049 2617 2184 2685 eius,
2225 2617 2314 2685 qui

755 2717 1027 2773 suscitavit
1061 2716 1242 2771 Jesum
1275 2713 1548 2768 Christum
1595 2728 1660 2768 ex
1713 2713 1962 2777 mortuis,
2013 2712 2220 2765 habitat
2261 2710 2314 2764 in

756 2810 945 2863 vobis:
975 2806 1066 2878 qui
1113 2803 1604 2860 suscitavitJesum
1658 2802 1929 2856 Christum
1978 2817 2008 2855 a
2063 2804 2310 2869 mortuis,

756 2899 1043 2956 viviﬁcabit
1069 2908 1124 2951 et
1152 2896 1395 2949 mortalia
1427 2908 1652 2963 corpora
1685 2902 1886 2954 vestra,
1915 2901 2131 2961 propter
2156 2893 2308 2946 inha-

757 2991 1007 3043 bitantem
1043 2985 1301 3053 Spiritum
1335 2985 1449 3050 ejus
1477 2982 1528 3035 iu
1567 2982 1717 3035 vobis
1739 2982 1780 3033 ¹.
1815 3000 1833 3032 ι
1872 2979 1950 3034 En
1988 2981 2077 3035 hic
2111 2981 2308 3035 Christi

757 3078 1010 3147 Spiritus,
1051 3076 1143 3128 Dei
1178 3073 1412 3142 Spiritus
1444 3085 1565 3126 esse
1612 3072 1811 3125 diserte
1841 3072 2124 3125 asseritur.
2169 3073 2235 3124 At
2266 3072 2309 3125 si

755 3168 1002 3224 Christus
1029 3180 1122 3233 per
1142 3178 1199 3219 se
1228 3173 1282 3218 et
1309 3161 1601 3217 secundum
1633 3176 1692 3215 se
1717 3161 1861 3214 aliud
1890 3160 2023 3213 nihil
2046 3171 2124 3214 est
2150 3174 2307 3224 quain

751 3259 934 3320 homo,
960 3254 1195 3309 Verbum
1239 3252 1329 3306 Dei
1372 3251 1634 3320 hospitem
1675 3250 1845 3303 solum
1891 3250 1941 3302 in
1993 3265 2050 3303 se
2086 3249 2307 3313 habens,

754 3346 1022 3414 quomodo
1049 3343 1262 3396 divinus
1296 3340 1383 3394 ille
1420 3339 1656 3408 Spiritus
1685 3353 1804 3392 esse
1836 3337 1951 3406 ejus
1972 3339 2201 3392 dicitur?
2231 3347 2314 3390 est

754 3448 932 3491 autem
981 3435 1068 3488 hic
1109 3433 1341 3503 Spiritus
1377 3431 1518 3486 illius
1550 3431 1821 3500 proprius.
1864 3428 2004 3483 Deus
2045 3436 2129 3482 est
2162 3443 2311 3496 ergo,

755 3540 852 3580 nec
894 3525 1051 3579 aliter
1093 3538 1179 3576 res
1210 3522 1392 3577 habet.
1426 3519 1534 3574 Nec
1561 3520 1703 3574 enim
1739 3517 1974 3574 Verbum
2015 3517 2108 3572 Dei
2141 3519 2191 3571 iu
2223 3519 2315 3571 ho-

740 3598 897 3683 .mine
944 3615 1295 3682 inhabilavil,
1348 3615 1441 3670 sed
1497 3615 1773 3668 divinitate
1818 3614 2027 3682 integre
2075 3623 2311 3679 retenta,

751 3707 912 3760 homo
950 3719 1075 3757 vcre
1124 3702 1324 3756 factum
1363 3712 1446 3757 est
1476 3721 1488 3755 :
1518 3711 1679 3769 atque
1723 3703 1824 3756 hac
1868 3701 2096 3766 ratione,
2139 3700 2316 3756 Patris

754 3796 1008 3867 Spiritus,
1035 3795 1229 3848 Christi
1257 3807 1468 3862 quoque
1488 3792 1724 3862 Spiritus
1747 3791 2102 3862 intellligitur.

827 3908 844 3940 ι
864 3888 1177 3957 Quicunque
1197 3887 1336 3942 enim
1365 3886 1565 3953 Spiritu
1593 3885 1680 3938 Dei
1719 3885 2026 3956 aguntur,ii
2067 3893 2195 3939 sunt
2220 3883 2311 3938 lilii

751 3981 865 4035 Dei.
882 3977 997 4031 Non
1011 3978 1153 4031 enim
1177 3977 1459 4044 accepistis
1477 3976 1720 4045 spiritum
1743 3974 2016 4030 servitutis
2039 3974 2231 4028 iterum
2257 3974 2312 4028 in

755 4073 967 4133 timore,
996 4069 1086 4122 sed
1116 4067 1398 4136 accepistis
1433 4067 1678 4136 Spiritum
1715 4067 2018 4135 adoptionis
2043 4066 2271 4120 filiorum
2293 4106 2308 4130 ,

751 4159 858 4229 59
881 4161 930 4213 in
960 4174 1065 4226 quo
1091 4159 1407 4220 clamamus,
1437 4156 1584 4212 Abba
1612 4199 1626 4222 ,
1652 4156 1883 4222 Pater’;
1915 4177 1932 4209 ι
1977 4167 2030 4212 et
2055 4158 2159 4212 alio
2189 4173 2310 4211 rur-

750 4264 866 4302 sum
909 4247 1027 4301 loco
1057 4248 1245 4301 beatus
1292 4247 1490 4300 Paulus
1521 4264 1535 4302 :
1571 4265 1588 4297 ι
1620 4245 1906 4314 Quoniam,
1956 4248 2147 4317 inquit,
2178 4247 2309 4301 estis

752 4339 867 4401 lilii,
897 4338 1045 4391 misit
1077 4338 1215 4391 Deus
1256 4337 1516 4407 Spiritum
1545 4337 1669 4391 Filii
1700 4338 1780 4391 sui
1820 4339 1872 4391 in
1905 4338 2064 4392 corda
2101 4347 2305 4402 vestra,

749 4429 1090 4488 clamantem,
1120 4426 1290 4493 Abba,
1322 4426 1482 4480 Pater
1505 4427 1544 4482 ³.
1579 4445 1596 4478 ι
1623 4424 1680 4480 Si
1727 4427 1887 4497 igitur
1919 4440 2012 4495 per
2039 4425 2159 4480 Filii
2186 4425 2307 4494 Spi-

2420 1993 2494 2056 ὡς
2535 1995 2734 2063 σαρκὸς
2763 1993 3046 2062 γεγονότος
3067 1993 3161 2048 τοῦ
3195 1994 3397 2061 Λόγου.

2497 2104 2512 2134 ι
2544 2086 2605 2136 Οἱ
2653 2084 2708 2136 δέ
2753 2086 2809 2136 ἐν
2857 2085 3021 2156 σαρκὶ
3049 2084 3219 2150 ὅντες,
3251 2085 3368 2156 Θεῷ
3401 2086 3600 2156 ἀρέσαι
3629 2088 3693 2139 οῦ
3724 2088 3991 2141 δύνανται.

2431 2173 2617 2236 Ὑμεῖς
2640 2174 2696 2226 δέ
2720 2175 2819 2227 οὐκ
2847 2175 2971 2228 ἐστέ
3003 2177 3060 2227 ἐν
3078 2175 3272 2246 σαρκὶ,
3296 2175 3409 2229 ἀλλ’
3435 2179 3492 2230 ἐν
3518 2177 3822 2248 πνεύματι,
3851 2180 3993 2246 εἴπερ

2420 2265 2643 2334 Πνεῦμα
2682 2265 2816 2319 Θεοῦ
2848 2269 2989 2318 οἰκεῖ
3029 2268 3088 2320 ἐν
3119 2269 3266 2337 ὑμῖν.
3311 2267 3374 2320 Et
3404 2268 3460 2320 δέ
3492 2285 3576 2331 τις
3611 2267 3846 2337 πνεῦμα
3877 2270 3992 2338 Χρι-

2420 2354 2545 2406 στοῦ
2573 2356 2673 2407 οῦκ
2706 2355 2837 2424 ἔχει,
2871 2349 3026 2418 οὗτος
3053 2357 3151 2408 οὐκ
3185 2357 3330 2408 ἐστιν
3358 2356 3542 2410 αὑτοῦ.
3577 2358 3640 2409 El
3674 2358 3738 2410 δὲ
3769 2359 3990 2429 Χριστὸς

2418 2446 2475 2496 ἐν
2525 2445 2673 2513 ὑμῖν,
2704 2446 2764 2497 τὸ
2811 2445 2910 2514 μὲν
2954 2444 3111 2513 σῶμα
3161 2445 3350 2516 νεκρὸν
3397 2446 3462 2498 δι’
3502 2449 3806 2517 ἁμαρτίαν,
3843 2450 3902 2501 τὸ
3945 2451 3989 2498 δὲ

2417 2533 2636 2603 πνεῦμα
2681 2534 2794 2603 ζωὴ
2842 2534 2932 2587 διά
2964 2533 3332 2604 δικαιοσύνην.
3369 2536 3430 2588 Εἰ
3459 2535 3516 2587 δέ
3545 2536 3608 2588 τὸ
3644 2536 3882 2607 Πνεῦμα
3909 2538 3987 2589 τιῦ

2415 2624 2727 2694 ἐγείραντος
2774 2626 2864 2677 τὸν
2900 2623 3104 2696 Ἰησοῦν
3156 2629 3218 2678 ἐκ
3264 2626 3471 2695 νεκρῶν
3518 2629 3662 2679 οἰκεῖ
3696 2631 3760 2680 ἐν
3792 2631 3987 2698 ὑμῖν,ὀ

2415 2713 2633 2784 ἐγείρας
2664 2716 2727 2767 ἐκ
2757 2713 2964 2785 νεκρῶν
2990 2716 3222 2786 Χριστὸν
3263 2715 3490 2786 Ἰησοῦν,
3525 2719 3870 2787 ζωοποιήσει
3908 2725 3987 2771 καὶ

2413 2805 2480 2858 τὰ
2523 2805 2692 2876 θνητά
2739 2805 2966 2875 σώματα
2999 2806 3153 2874 ὑμῶν
3200 2806 3286 2858 διὰ
3336 2806 3431 2859 τοῦ
3461 2807 3808 2872 ἐνοικοῦντος
3833 2812 3985 2862 αὖτις

2416 2896 2733 2966 Πνεῦματος
2759 2899 2813 2949 ἐν
2839 2899 2987 2967 ὑμῖν.
3021 2916 3039 2948 ι
3063 2897 3190 2949 Ἰδοὺ
3219 2897 3282 2966 δὴ
3310 2897 3493 2963 σαφῶς
3520 2897 3581 2948 τὸ
3603 2897 3743 2951 Θεοῦ
3772 2898 3988 2969 Πνεῦμα

2410 2985 2626 3055 λέγεται
2679 2987 2772 3040 τοῦ
2823 2987 3080 3058 Χριστοῦ.
3118 2987 3256 3041 Ἀλλ’
3304 2988 3462 3058 είπερ
3508 2990 3658 3042 ἐστὶν
3707 2992 3986 3060 ἄνθρωπος

2415 3077 2596 3140 ἰδικῶς
2641 3079 2735 3130 xal.
2769 3077 2870 3130 ἀνὰ
2919 3077 3085 3148 μέρος
3129 3078 3400 3148 κείμενος,
3433 3081 3807 3150 κατῳκηκότα
3837 3084 3987 3150 μόνον

2415 3169 2472 3220 ἐν
2492 3169 2641 3239 αὑτῷ
2665 3169 2755 3222 τὸν
2776 3168 2869 3221 τοῦ
2891 3169 3024 3222 Θεοῦ
3049 3168 3222 3236 Λόγου
3250 3169 3410 3238 ἔχων,
3437 3171 3552 3234 πῶς
3586 3172 3759 3225 αὑτοῦ
3776 3174 3837 3225 τὸ
3857 3172 3988 3224 Θεῖον

2414 3257 2628 3325 λέγεται
2665 3260 2919 3329 Πνεῦμα;
2947 3261 3081 3314 ἀλλά
3120 3261 3224 3331 μὴν
3261 3261 3388 3312 [διον
3433 3260 3596 3313 αὐτοῦ
3650 3261 3714 3314 τὸ
3767 3261 3990 3330 Πνεῦμα

2412 3348 2554 3401 ἐστι·
2586 3349 2717 3413 Θεὸς
2745 3352 2874 3421 ἄρα,
2896 3352 2990 3405 καὶ
3014 3353 3111 3421 οὐχ
3141 3351 3362 3422 ἑτέρως.
3397 3352 3470 3404 Οὐ
3498 3352 3608 3422 γὰρ
3634 3354 3690 3404 tv
3718 3353 3986 3423 ἀνθρώπῳ

2411 3440 2633 3508 γέγονεν
2667 3443 2694 3494 6
2734 3442 2827 3495 τοῦ
2874 3443 3009 3496 Θεοῦ
3043 3443 3233 3510 Λόγος,
3266 3443 3401 3496 ἀλλά
3444 3444 3669 3511 γέγονεν
3702 3446 3985 3516 ἀνθρωπκ

2413 3529 2647 3593 άληθῶς,
2687 3531 2825 3599 μετά
2863 3531 2956 3584 τοῦ
3002 3535 3180 3601 μεῖναι
3209 3531 3359 3595 Θεός.
3395 3531 3550 3585 Οῦτω
3578 3533 3689 3604 γάρ
3721 3537 3791 3588 ἂν
3823 3541 3985 3591 νοοῖτο

2413 3622 2647 3691 Χριστοῦ
2680 3623 2740 3676 τὸ
2766 3623 2987 3694 Πνεῦμα
3018 3623 3284 3693 ὑπάρχειν
3313 3623 3374 3675 τὸ
3401 3622 3493 3676 τοῦ
3521 3624 3761 3694 Πατρός.

2490 3884 2672 3937 «Ὅσοι
2720 3884 2825 3954 γὰρ
2865 3884 3138 3955 Πνεῦματι
3180 3886 3315 3939 Θεοῦ
3362 3887 3608 3954 ἄγονται,
3655 3880 3808 3940 οὗτοί
3855 3891 3981 3940 εἰσιν

2415 3975 2520 4026 υἱοὶ
2541 3974 2695 4027 Θεοῦ.
2723 3976 2797 4026 Οῦ
2827 3977 2934 4045 γὰρ
2963 3977 3183 4029 ἐλάϐετε
3211 3977 3426 4046 πνεῦμα
3445 3977 3687 4040 δουλείας
3713 3979 3882 4030 πάλιν
3910 3984 3981 4032 εἰς

2413 4063 2597 4132 φόϐον,
2635 4064 2747 4116 ἀλλ’
2772 4065 2989 4118 ἐλάϐετε
3023 4066 3241 4135 πνεῦμα
3283 4067 3573 4130 υἱοθεσίας,
3609 4070 3670 4122 ἐν
3707 4062 3756 4135 ᾧ
3788 4071 3979 4140 κράζο-

2414 4171 2532 4224 μεν,
2551 4153 2738 4218 Ἀϐϐᾶ,
2756 4157 2783 4207 6
2818 4156 3030 4226 Πατήρ.
3057 4175 3075 4207 ι
3096 4157 3153 4209 'U
3188 4159 3456 4229 μακάριος
3496 4161 3697 4228 γράφει
3729 4161 3941 4223 Παῦλος
3965 4176 3977 4190 .

2414 4244 2566 4296 «Ὅτι
2599 4243 2654 4296 δέ
2687 4244 2808 4296 ἐστε
2838 4245 2964 4310 υἱοὶ,
2999 4245 3381 4309 ἐξαπέστειλεν
3424 4248 3453 4300 6
3498 4248 3631 4312 Θεὸς
3668 4249 3728 4302 τὸ
3760 4252 3980 4321 Πνεῦμα

2406 4333 2499 4386 τοῦ
2525 4334 2651 4388 Υἱοῦ
2688 4335 2849 4388 αὑτοῦ
2881 4338 2961 4397 εἰς
2986 4338 3085 4400 τὰς
3111 4339 3336 4407 καρδίας
3365 4339 3538 4408 ὑμῶν,
3555 4341 3784 4410 κράζον.
3801 4343 3977 4404 ’Δϐϐᾶ,

2405 4428 2434 4479 6
2473 4427 2677 4498 Πατήρ.
2713 4447 2732 4480 ι
2771 4428 2978 4482 Οὐκοῦν
3011 4431 3058 4481 εἰ
3093 4430 3150 4483 ἐν
3172 4428 3447 4498 Πνεῦματι
3477 4430 3570 4482 τοῦ
3600 4429 3732 4483 Υἰοῦ
3769 4435 3979 4504 3:16.61}-

749 4518 912 4571 ritum
969 4515 1216 4569 ﬁduciam
1285 4515 1463 4578 nacti,
1531 4514 1749 4569 Patrem
1810 4529 2006 4569 vocare
2053 4515 2308 4568 audemus

2417 4518 2532 4571 σίαν
2575 4518 2768 4590 ἔχομεν
2811 4521 3029 4591 Πατέρα
3062 4520 3244 4573 καλεῖν
3269 4520 3359 4572 τὸν
3386 4520 3540 4582 Θεὸν,
3569 4522 3646 4585 ὡς
3698 4522 3799 4576 τοῦ
3849 4527 3979 4578 κατά

747 4609 938 4671 Deum,
975 4615 1229 4675 tanquam
1262 4606 1352 4672 qui
1402 4606 1665 4658 naturalis
1695 4604 1914 4672 verique
1942 4603 2065 4659 Filii
2104 4603 2307 4670 Spiritu

751 4701 916 4753 simus
942 4695 1290 4763 locupletati:
1328 4697 1596 4764 quomodo
1614 4695 1863 4750 Christus
1898 4709 2004 4748 non
2030 4704 2111 4748 est
2143 4693 2302 4758 Deus,

753 4805 856 4843 nou
889 4797 1093 4842 tantum
1120 4786 1589 4855 quatenussimilis
1607 4785 1761 4840 nobis
1781 4786 1940 4840 homo
1969 4784 2306 4854 intelligitur,

752 4880 843 4934 sed
872 4889 1136 4947 quatenus
1173 4873 1402 4930 Verbum
1429 4876 1626 4929 factum
1659 4886 1740 4931 est
1773 4892 1918 4939 caro,
1944 4890 2116 4945 neque
2154 4890 2308 4930 secus

751 4987 812 5025 ac
842 4984 939 5024 nos
969 4969 1148 5022 carnis
1175 4976 1230 5021 et
1259 4967 1533 5037 sanguinis
1556 4968 1823 5037 particeps
1856 4966 2104 5021 eﬂ'ectum
2136 4967 2255 5021 est?

823 5078 846 5112 ι
879 5059 1010 5126 Quis
1043 5073 1140 5113 nos
1168 5059 1443 5128 separabit
1468 5073 1497 5111 a
1527 5058 1793 5112 charitate
1820 5055 2065 5110 Christi?
2092 5055 2310 5109 tribula-

755 5153 827 5206 tio
852 5191 866 5216 ,
916 5167 982 5204 an
1017 5151 1260 5220 angustia
1283 5189 1297 5216 ,
1331 5165 1396 5204 an
1439 5149 1642 5211 fames,
1676 5163 1742 5200 an
1784 5146 2032 5213 nuditas,
2061 5161 2127 5199 an
2162 5146 2306 5214 peri-

750 5243 970 5306 culum,
1022 5257 1087 5294 an
1134 5239 1468 5309 persecutio,
1515 5254 1582 5292 an
1628 5236 1933 5308 gladius"?
1964 5255 1981 5287 ι
2039 5235 2146 5290 Lex
2196 5234 2307 5289 Mo-

749 5333 894 5385 saica
937 5335 1077 5386 inter
1106 5341 1298 5386 caetera
1338 5331 1593 5394 dictabat,
1631 5328 1977 5398 graviterque
2021 5328 2299 5397 praecipie-

751 5423 876 5476 bat:
912 5443 930 5474 ι
964 5422 1163 5492 Diliges
1193 5423 1478 5477 Dominum
1516 5424 1678 5475 Deum
1710 5430 1855 5475 tuum
1896 5434 1960 5474 ex
2009 5429 2120 5473 toto
2150 5421 2311 5474 corde

2415 4608 2572 4676 φύσιν
2615 4610 2708 4661 καὶ
2754 4609 2985 4680 ἀληθοῦς
3014 4610 3144 4663 Υίοῦ
3190 4610 3248 4662 τὸ
3283 4610 3506 4681 Πνεῦμα
3535 4616 3942 4682 πλουτήσαντες
3963 4632 3975 4645 °

2415 4697 2530 4760 πῶς
2557 4698 2617 4750 οὐ
2643 4699 2772 4761 Θεὸς
2814 4701 2842 4751 6
2882 4698 3143 4768 Χριστός;
3178 4700 3239 4752 οὐ
3273 4699 3408 4753 καθὸ
3438 4704 3640 4754 νοεῖται
3680 4704 3808 4756 καθ’
3844 4707 3979 4776 ἡμᾶς

2416 4788 2696 4860 ἄνθρωπος
2749 4790 2925 4860 μόνον,
2956 4791 3092 4844 ἀλλά
3138 4791 3271 4844 καθὸ
3319 4793 3507 4861 γέγονε
3563 4792 3703 4863 σὰρξ
3737 4797 3768 4847 6
3793 4798 3978 4863 Λόγος.

2416 4879 2507 4931 καὶ
2540 4880 2838 4950 μετέσχηκε
2870 4882 3262 4953 παραπλησίως
3286 4885 3418 4954 ἡμῖν
3446 4885 3678 4953 αἵματος
3724 4887 3826 4939 καὶ
3860 4903 3982 4957 σαρ-

2415 4969 2510 5032 κός
2527 4986 2541 5033 ;

2493 5076 2510 5108 ι
2545 5056 2639 5120 Τίς
2671 5059 2815 5128 ἡμᾶς
2846 5060 3069 5131 χωρίσει
3120 5061 3226 5114 ἀπὸ
3273 5064 3369 5132 τῆς
3415 5064 3634 5132 ἀγάπης
3681 5065 3782 5118 τοῦ
3815 5065 3981 5128 Θεοῦ;

2413 5148 2589 5218 θλίψις
2612 5189 2626 5212 ,
2672 5149 2705 5218 ἢ
2733 5152 3061 5223 στενοχωρία
3083 5190 3097 5213 ,
3146 5152 3177 5221 ἢ
3209 5152 3443 5221 διωγμὸς
3464 5193 3478 5217 ,
3526 5153 3558 5223 ἧ
3586 5154 3781 5222 λιμὸς,
3811 5156 3846 5226 ἦ
3874 5158 3984 5209 κίν-

2412 5240 2596 5303 δυνος,
2631 5239 2664 5310 ἦ
2695 5239 2977 5311 μάχαιρα;
3011 5260 3028 5291 ι
3067 5241 3125 5295 ’0
3158 5242 3317 5312 νόμος
3355 5244 3591 5311 ἔφασκεν
3626 5246 3658 5297 6
3701 5245 3793 5299 διά
3823 5249 3983 5300 Muti-

2416 5329 2572 5393 σέως.
2624 5329 2715 5382 καὶ
2773 5329 2987 5398 ἐντολὴν
3039 5331 3303 5383 ἐποιεῖτοο
3345 5350 3364 5382 ι
3400 5333 3735 5403 Ἀγαπήσεις
3783 5336 3983 5405 Κύριον

2413 5417 2506 5471 τὸν
2548 5417 2680 5470 Θεόν
2724 5434 2817 5470 σου
2853 5417 2911 5482 ἐξ
2935 5417 3061 5487 ὅλης
3091 5420 3188 5489 τῆς
3221 5419 3440 5490 καρδίας
3475 5438 3593 5485 σου,
3635 5425 3733 5476 καὶ
3778 5424 3839 5491 ἐξ
3862 5425 3982 5491 ὅλης

751 5526 861 5578 ιυο,
916 5531 980 5570 ex
1037 5524 1149 5569 tota
1212 5515 1390 5569 anima
1447 5524 1556 5580 tua,
1609 5522 1663 5567 et
1718 5527 1783 5566 ex
1836 5521 1944 5567 tota
2001 5511 2313 5566 fortitudine

2417 5507 2514 5577 τῆς
2545 5507 2723 5577 ψυχῆς
2765 5526 2878 5571 σου,
2910 5509 3002 5561 καὶ
3040 5509 3098 5572 ἐξ
3144 5509 3269 5579 ὅλης
3321 5511 3422 5578 τῆς
3471 5513 3652 5581 ισχύος
3679 5531 3796 5568 σου.
3830 5516 3979 5568 »Ὅτι

753 5618 840 5661 tua
868 5607 910 5660 ⁸.
943 5625 961 5657 ι
1013 5605 1146 5660 Cum
1207 5606 1370 5675 igitur
1429 5605 1809 5670 dilectionem,
1864 5618 1984 5673 qua:
2036 5603 2087 5656 in
2145 5603 2309 5656 Deum

822 5741 866 5772 "
893 5740 1049 5796 Rom.
1080 5755 1175 5798 vn.
1209 5739 1260 5794 4.
1341 5741 1356 5771 ¹
1402 5739 1562 5794 Rom.
1608 5755 1721 5793 \‘lll-
1757 5737 1909 5793 8-H).
1989 5739 2007 5769 ’
2042 5737 2168 5792 ibid.
2206 5735 2290 5804 Η,
2323 5735 2404 5789 15.

759 5810 944 5868 Matth.
973 5826 1107 5878 xxii,
1130 5811 1218 5864 57.

2417 5600 2594 5652 τοίνυν
2633 5602 2730 5670 τὴν
2765 5601 2982 5670 ἀγάπην
3013 5602 3114 5671 τὴν
3144 5599 3219 5671 τῷ
3248 5601 3366 5672 Θεῷ
3397 5605 3878 5676 πρεπωδεστάτην,
3910 5605 3977 5665 ὡς

2487 5736 2505 5767 ⁸
2534 5734 2708 5790 Galat.
2737 5752 2808 5800 tv,
2839 5736 2891 5790 6.
2969 5735 3012 5769 ³⁶
3040 5736 3197 5791 Rom.
3229 5750 3348 5802 vin,
3371 5737 3458 5793 35.
3552 5736 3573 5771 ⁸
3605 5739 3758 5796 Deut.
3806 5755 3876 5804 vi,
3918 5740 3971 5803 5;
