4090 6512
95 434 126 488 1
139 434 268 488 229

1225 432 1311 486 DE
1349 432 1575 489 RECTA
1614 433 1768 489 FIDE
1807 434 1897 488 AD
1937 429 2252 489 REGINAS.

3216 422 3354 479 1230

92 547 172 614 ἐξ
208 546 352 615 ὅλης
379 546 561 615 ἱσχυος
591 544 682 598 καὶ
702 543 956 600 ἀνωτάτω
986 544 1032 608 i,
1071 545 1159 616 τὴν
1206 547 1365 619 μέχρι
1395 548 1571 620 ψυχῆς
1605 551 1697 602 καὶ

1808 548 2034 602 maxime
2077 544 2351 605 convenit,
2402 538 2701 610 cuiusmodi
2738 553 2796 593 ea
2831 545 2930 602 est,
2968 551 3086 606 qua:
3131 551 3192 590 ex
3248 546 3359 593 tota

95 639 369 707 αἵματος
413 636 507 688 καὶ
556 634 703 706 αὐτῷ
747 636 1095 709 προσάγομεν
1145 635 1222 706 τῷ
1264 637 1514 707 Χριστῷ·
1564 638 1646 701 τίς
1673 639 1701 690 ό

97 729 300 796 φάναι
323 726 558 796 τολμῶν,
585 727 660 790 ὡς
688 728 786 780 οὐκ
811 728 876 781 ἂν
904 727 990 796 είη
1021 727 1152 791 Θεός
1174 746 1190 795 ;
1223 728 1573 802 Διημάρτηκε
1595 729 1702 800 γὰρ

95 818 216 871 τοῦ
255 817 563 889 πρέποντος
594 820 714 872 κατ’
740 817 929 872 οὐδένα
960 819 1160 889 τρόπον
1191 821 1219 872 ὁ
1245 819 1352 872 τῶν
1382 821 1553 890 ἁγίων
1581 838 1702 874 σκο-

99 910 251 974 πός.

199 1125 221 1157 ε
256 1107 568 1177 Πέπεισμαι
621 1105 747 1178 γὰρ,
798 1106 880 1160 ὅτι
926 1106 1048 1160 οὕτε
1102 1106 1352 1172 θάνατος,
1396 1107 1520 1162 οὔτε
1567 1107 1698 1178 ζωὴ,

104 1199 262 1252 οὔτε
304 1200 557 1267 ἄγγελοι,
577 1198 698 1252 οὔτε
729 1199 913 1270 ἀρχαὶ,
941 1200 1060 1253 οὔτε
1095 1201 1382 1265 ἐνεστῶτα,
1413 1201 1534 1254 οῦτε
1575 1201 1703 1270 μέλ-

104 1290 317 1353 λοντα,
347 1290 469 1342 οῦτε
503 1290 781 1359 δυνάμεις,
810 1289 933 1342 οὔτε
968 1290 1187 1360 ὕψωμα,
1215 1290 1336 1342 οὔτε
1366 1290 1547 1360 βάθος,
1579 1291 1701 1344 οὔτε

110 1398 212 1442 τις
250 1380 430 1442 κτίσις
456 1379 614 1450 ἑτέρα
640 1380 925 1452 δυνήσεται
949 1383 1093 1451 ἡμᾶς
1115 1382 1340 1452 χωρίσαι
1364 1381 1463 1452 τῆς
1486 1382 1703 1451 ἀγάπης

111 1470 225 1523 τοῦ
262 1470 420 1535 Θεοῦ,
457 1472 554 1539 τῆς
583 1473 640 1524 ὲν
666 1471 888 1542 Χριστῷ
927 1472 1099 1542 Ἰησοῦ
1140 1473 1216 1543 τῷ
1251 1471 1440 1542 Κυρίῳ
1469 1473 1643 1542 ἡμῶν.
1679 1492 1696 1522 ι

119 1560 191 1611 Εἰ
254 1560 423 1629 μηδὲν
471 1561 607 1621 ὅλως
643 1561 791 1630 ἡμᾶς
823 1561 1053 1629 χωρίσαι
1096 1559 1317 1613 δύναται
1361 1562 1459 1630 τῆς
1485 1560 1704 1630 ἀγάπης

115 1647 227 1700 τοῦ
259 1647 419 1713 Θεοῦ,
453 1648 751 1718 πράττεται
787 1648 842 1701 δὲ
885 1648 1022 1718 αὑτὴ
1058 1648 1185 1718 παρ’
1213 1649 1370 1718 ἡμῶν
1400 1652 1458 1702 ὲν
1484 1649 1704 1718 Χριστῷ

142 1739 361 1808 Ἰησοῦ,
391 1741 506 1803 πῶς
529 1741 588 1793 οὐ
612 1739 743 1802 Θεὸς
761 1739 1046 1809 ὲναργῶςό
1075 1739 1308 1808 Χριστὸς
1325 1779 1339 1805 ,
1365 1740 1521 1808 εῐττερ
1545 1739 1703 1792 αὐτὸν

119 1829 482 1897 ἀγαπῶντες,
517 1829 608 1882 τὸν
638 1830 746 1882 τῶν
778 1829 914 1882 ὅλων
943 1830 1244 1900 ἀγαπῶμεν
1280 1831 1445 1896 Θεόν;
1475 1831 1707 1900 Χριστὸν

119 1921 188 1973 δὲ
242 1922 295 1973 εἱ
342 1921 575 1991 λέγοιμι,
602 1920 692 1974 τὸν
735 1923 798 1974 ὲκ
845 1920 978 1974 Θεοῦ
1027 1921 1199 1989 Λόγον
1251 1922 1708 1993 ὲνηνθρωπηκότα

122 2011 305 2082 δηλῶ.

211 2213 473 2277 «Πάντες
536 2216 643 2286 γάρ
703 2215 1162 2286 παραστησόμεθα
1224 2215 1303 2284 τῷ
1364 2215 1564 2284 βήματι
1613 2215 1706 2268 τοῦ

132 2305 402 2377 Χριστοῦ,
434 2325 450 2357 ι
504 2309 670 2378 φησί’
717 2306 1179 2377 παραστησόμεθα
1229 2307 1285 2358 δὲ
1336 2307 1413 2377 τῷ
1461 2306 1704 2377 Χριστῷ.

135 2395 428 2448 Καθιεῑται
461 2397 567 2466 γὰρ
611 2397 705 2448 ἐπὶ
751 2397 939 2466 θρόνου
965 2396 1122 2464 δόξης
1163 2395 1348 2460 αὑτοῦ,
1381 2397 1581 2467 κρίνων
1611 2400 1709 2462 τὴ)

131 2488 465 2557 οἰκουμένην
525 2489 582 2539 ὲν
652 2487 987 2558 δικαιοσύνῃ.
1057 2487 1247 2541 Καίτοι
1313 2487 1559 2555 λέγοντος
1617 2489 1708 2542 τοῦ

132 2574 327 2639 Δαυῖδ,
354 2576 435 2628 ὅτι
475 2574 605 2636 Θεὸς
650 2575 840 2645 κριτής
871 2576 1006 2628 ἐστι’
1033 2574 1164 2638 Θεὸς
1191 2576 1297 2646 ἄρα
1325 2579 1470 2630 ἐστὶν
1504 2581 1532 2631 ό
1576 2580 1710 2650 Χρι-

138 2667 291 2729 στός.

221 2797 240 2829 ι
270 2777 678 2849 Τολμηρότερον
724 2778 779 2831 δὲ
831 2777 1042 2848 ἔγραψα
1090 2779 1218 2849 ὑμῖν
1248 2781 1355 2833 ἀπὸ
1386 2781 1602 2852 μέρους,
1637 2782 1712 2846 ὡς

136 2869 576 2939 ἀναμιμνήσκων
608 2869 773 2938 ὑμᾶς,
794 2868 880 2921 διὰ
903 2870 1000 2938 τὴν
1031 2870 1190 2938 χάριν
1217 2870 1314 2940 τὴν
1339 2872 1581 2926 δοθεῖσάν
1621 2891 1709 2942 μοι

141 2958 252 3012 ὑπὸ
299 2956 392 3009 τοῦ
442 2956 598 3020 Θεοῦ,
645 2959 727 3020 εἱς
769 2957 829 3010 τὸ
880 2954 1018 3011 εἱναὶ
1069 2976 1136 3026 με
1189 2960 1497 3030 λειτουργὸν
1536 2963 1708 3034 Ἰησοῦ

141 3047 384 3120 Χριστοῦ
408 3051 485 3110 εἰς
512 3048 581 3101 τὰ
611 3047 761 3118 ἔθνη,
789 3049 857 3101 τὰ
889 3049 1270 3119 ἱερουργοῦντα
1293 3051 1350 3103 τὸ
1381 3053 1710 3121 Εὐαγγέλιον

140 3139 242 3191 τοῦ
289 3137 423 3191 Θεοῦ
444 3153 457 3167 ⁸
502 3140 586 3191 ἵνα
621 3139 846 3210 γένηται
889 3142 921 3210 ἡ
969 3142 1251 3212 προσφορὰ
1282 3145 1389 3196 τῶν
1422 3145 1589 3199 ἐθνῶν
1617 3148 1709 3199 εὑ-

1806 654 2163 708 supremaque
2199 634 2515 691 fortitudine
2547 644 2666 689 orta
2726 633 2790 686 ad
2830 634 2998 702 ipsam
3036 645 3206 698 usque
3241 631 3358 683 ani-

1805 746 1947 784 mam
1979 742 2031 784 et
2075 729 2386 797 sanguinem
2425 727 2702 795 pertingit,
2730 725 2831 793 ipsi
2857 723 3074 778 Christo
3104 723 3360 777 exhibea-

1804 835 1921 874 mus
1943 861 1957 886 ,
1981 820 2098 889 quis
2130 819 2305 873 dicere
2337 817 2524 871 audeat
2563 814 2838 869 Christum
2869 827 2972 866 non
3001 825 3121 866 esse
3159 808 3361 864 Deum?

1802 908 1984 977 Neque
2023 909 2164 963 enim
2196 906 2449 961 credibile
2489 913 2572 958 est
2613 912 2923 956 sanctorum
2957 898 3219 969 judicium
3257 897 3364 950 ullo

1803 1002 1962 1054 modo
1997 1016 2026 1054 a
2058 999 2300 1053 veritatis
2329 1011 2491 1066 scopo
2515 997 2822 1050 aberrasse.

1877 1133 1894 1165 ι
1925 1113 2118 1166 Certus
2144 1125 2260 1163 sum
2286 1108 2449 1171 enim,
2478 1107 2602 1174 quia
2627 1118 2801 1175 neque
2826 1118 2987 1165 mors,
3022 1106 3196 1170 neque
3224 1097 3358 1160 vita,

1804 1219 1977 1274 neque
2016 1202 2227 1272 Angeli,
2267 1215 2437 1269 neque
2479 1199 2852 1266 Principatus,
2890 1210 3062 1263 neque
3100 1194 3365 1252 Virtutes,

1804 1307 1979 1362 neque
2007 1292 2286 1357 instantia,
2316 1305 2492 1358 neque
2525 1289 2723 1350 futura,
2755 1300 2926 1354 neque
2956 1283 3236 1344 fortitudo,
3275 1294 3369 1333 ne-

1804 1399 1906 1454 qne
1947 1383 2191 1448 altitudo,
2249 1397 2422 1451 neque
2473 1379 2794 1450 profundum
2825 1416 2839 1441 ,
2889 1390 3064 1445 neque
3116 1382 3367 1429 creatura

1806 1474 1909 1527 alia
1952 1474 2148 1540 poterit
2194 1487 2291 1526 nos
2325 1484 2578 1539 separare
2617 1484 2647 1522 a
2677 1466 2942 1523 charitate
2975 1464 3091 1530 Dei,
3125 1477 3246 1533 qua:
3288 1472 3372 1513 est

1809 1565 1859 1617 in
1900 1563 2112 1617 Christo
2156 1561 2278 1616 Jesu
2325 1562 2549 1614 Domino
2596 1569 2781 1613 nostro
2804 1558 2848 1612 ⁸.
2902 1577 2920 1609 ι
2969 1555 3087 1610 lam
3140 1553 3184 1608 si
3239 1551 3371 1606 nihil

1806 1654 2026 1708 omnino
2055 1667 2085 1706 a
2110 1650 2371 1706 charitate
2408 1650 2501 1704 Dei
2533 1649 2819 1718 sejungere
2856 1663 2954 1700 nos
2979 1652 3188 1715 potest,
3217 1643 3368 1696 exhi-

1808 1742 1964 1798 betur
2017 1742 2132 1797 hzec
2182 1753 2362 1796 autem
2403 1756 2430 1793 a
2480 1741 2635 1795 nobis
2688 1741 2739 1792 in
2773 1736 3153 1818 Christo'Jesu
3204 1751 3216 1786 :
3285 1734 3369 1787 cui

1809 1835 2096 1890 obscurum
2129 1849 2248 1889 esse
2291 1842 2482 1902 potest,
2523 1831 2648 1900 quin
2683 1830 2930 1884 Christus
2961 1829 3033 1882 sit
3073 1827 3212 1881 Deus
3237 1865 3253 1891 ,
3298 1827 3372 1879 si-

1809 1924 2025 1994 quidem
2079 1925 2252 1992 ipsum
2301 1931 2568 1982 amantes,
2626 1919 2997 1972 universorum
3050 1916 3216 1969 Deum
3256 1914 3370 1967 dili-

1809 2015 1983 2082 gimus
2014 2014 2036 2066 ?
2067 2012 2335 2066 Christum
2375 2020 2548 2063 autem
2570 2008 2696 2062 dum
2748 2008 2985 2071 nomino,
3036 2006 3370 2060 incarnatunt

1808 2103 1900 2157 Dci
1938 2103 2171 2157 Verbum
2204 2100 2470 2170 intelligo.

1885 2234 1903 2267 ι
1932 2214 2133 2270 Omnes
2157 2214 2300 2269 enim
2326 2214 2589 2267 stabimus
2624 2222 2748 2266 ante
2789 2211 3023 2265 tribunal
3055 2210 3258 2266 Christi
3279 2211 3320 2272 ⁸,
3350 2229 3367 2260 ι

1812 2305 2020 2372 inquit;
2050 2317 2240 2358 omnes
2272 2312 2452 2358 autem
2482 2301 2737 2356 sistemnr
2767 2300 2982 2356 Christo
3011 2317 3024 2355 :
3052 2300 3260 2355 sedebit
3286 2300 3373 2353 hic

1809 2397 1950 2450 enim
2000 2409 2161 2464 super
2210 2394 2463 2447 thronum
2508 2391 2693 2461 gloria:
2740 2407 2890 2456 suae,
2933 2407 3039 2461 quo
3100 2403 3370 2446 terrarum

1810 2489 1995 2542 orbem
2025 2486 2231 2552 judicet
2282 2485 2333 2538 in
2370 2483 2602 2554 justitia.
2638 2482 2776 2537 Cum
2827 2498 2957 2552 ergo
2987 2484 3153 2537 David
3201 2483 3372 2539 Deum

1805 2579 2042 2647 judicent
2083 2584 2257 2642 vocet,
2295 2575 2645 2644 consequitur
2688 2574 2908 2630 omnino
2936 2574 3210 2630 Christum
3252 2590 3374 2631 esse

1815 2668 2001 2724 Deum.

1887 2798 1906 2831 ι
1932 2778 2201 2833 Audacius
2227 2787 2402 2832 autem
2429 2780 2618 2848 scripsi
2649 2779 2818 2844 vobis,
2857 2780 3070 2844 fratres,
3094 2795 3160 2836 ex
3199 2790 3371 2849 parte,

1815 2879 2067 2937 tanquam
2125 2869 2177 2922 in
2236 2870 2549 2922 memoriam
2611 2883 2703 2921 vos
2773 2870 3076 2936 reducens,
3144 2879 3368 2940 propter

1811 2962 2038 3030 gratiam
2077 2974 2194 3028 quae
2226 2961 2345 3014 data
2379 2968 2461 3012 est
2505 2959 2635 3012 mihi
2667 2974 2695 3010 a
2723 2959 2856 3024 Deo,
2883 2970 2942 3014 ut
2985 2961 3086 3014 sim
3126 2961 3374 3015 minister

1809 3049 1936 3104 Jesu
1963 3049 2160 3104 Christi
2204 3049 2256 3102 in
2308 3049 2558 3116 gentibus
2581 3089 2595 3112 ,
2630 3049 2979 3105 sanctificans
3017 3050 3366 3120 Evangelium

1811 3141 1928 3204 Dei,
1963 3150 2022 3194 ut
2051 3139 2143 3193 fiat
2178 3139 2380 3195 oblatio
2408 3140 2646 3210 gentiam
2679 3151 2899 3210 accepta
2943 3152 2996 3196 et
3040 3143 3371 3198 sanctiﬁcata

144 3231 494 3298 πρόσδεκτος,
527 3231 830 3300 ἡγιασμένη
884 3233 940 3282 ὲν
991 3232 1267 3303 Πνεύματι
1310 3236 1470 3305 ἁγίῳ.
1504 3256 1523 3289 ι
1562 3240 1623 3291 Οἱ
1650 3241 1706 3293 τὸ

1813 3234 1864 3286 in
1899 3231 2100 3301 Spiritu
2146 3241 2335 3286 sancto
2362 3233 2412 3284 ⁷.
2452 3250 2470 3282 ›
2508 3231 2650 3286 Sane
2687 3233 2878 3301 quibus
2915 3234 3054 3286 sacri
3086 3235 3370 3289 ministerii

141 3322 246 3387 τῆς
280 3322 588 3391 ἱερουργίας
616 3322 803 3391 χρῆμα
829 3326 1282 3394 πεπιστευμένοι,
1315 3328 1433 3398 Θεῷ
1471 3330 1712 3402 λειτουρ-

146 3410 305 3477 γοῦσι
364 3412 547 3482 μόνῳο
589 3412 967 3481 παρεστήκασι
1010 3413 1115 3482 γὰρ
1165 3415 1262 3467 οὐκ
1310 3416 1618 3486 ἀνθρώποις
1662 3420 1709 3471 οἱ

148 3504 336 3572 ἱερεῖς.
355 3501 484 3552 Ἰδοὺ
513 3501 802 3571 τοιγαροῦν
828 3501 855 3551 ὁ
891 3503 1180 3567 θεσπέσιος
1225 3505 1436 3570 Παῦλος
1467 3507 1709 3562 δεδόσθαι

147 3594 314 3662 φησιν
341 3591 516 3663 ἑαυτῷ
545 3593 704 3663 χάριν
733 3593 878 3664 παρὰ
906 3594 999 3646 τοῦ
1027 3595 1181 3657 Θεοῦ,
1216 3597 1294 3660 εἱς
1331 3598 1393 3650 τὸ
1433 3594 1572 3652 εἶναι
1598 3600 1709 3654 λει-

145 3683 374 3750 τουργὸν
425 3683 658 3753 Χριστοῦ
711 3685 905 3755 Ἰησοῦ,
963 3686 1054 3738 καὶ
1115 3688 1416 3757 ἱερουργεῖν
1483 3693 1542 3744 ὲν
1599 3695 1711 3756 τοῖς

148 3773 325 3825 ἔθνεσι
375 3773 434 3825 τὸ
480 3774 809 3841 Εὐαγγέλιον
854 3774 946 3827 τοῦ
990 3775 1247 3845 Χριστοῦ.
1279 3779 1411 3842 Θεὸς
1455 3778 1548 3834 οὖν
1602 3783 1709 3853 ἄρα

149 3862 402 3933 Χριστὸς,
437 3865 484 3914 εἱ
512 3865 743 3932 Χριστὸν
776 3864 1060 3934 κηρύττων
1083 3870 1196 3929 τοῖς
1221 3867 1419 3932 ἔθνεσι,
1453 3871 1548 3924 τοῦ
1575 3872 1708 3926 Θεοῦ

151 3969 314 4021 φησιν
338 3953 663 4020 Εὑαγγέλιον
696 3955 996 4023 ἱερουργεῖν
1024 3956 1226 4021 αὐτοῖς,
1264 3959 1348 4010 ἵνα
1377 3961 1710 4032 προσδεχθῶ-

151 4061 257 4106 σιν,
288 4043 362 4106 ὡς
394 4045 711 4115 ἡγιασμένοι
740 4048 795 4097 ὲν
824 4047 1119 4116 Πνεύματι.

226 4153 406 4222 «Ἐχω
447 4151 539 4208 οὖν
580 4155 843 4225 καύχησιν
893 4159 949 4208 ὲν
987 4157 1205 4228 Χριστῷ
1249 4159 1424 4228 Ἰησοῦ
1469 4163 1538 4214 τὰ
1575 4165 1707 4234 πρὸς

149 4241 242 4295 τὸν
275 4242 422 4297 Θεόν.
461 4245 534 4297 Οὐ
570 4245 677 4315 γάρ
711 4246 963 4317 τολμήσω
988 4266 1039 4300 τι
1069 4248 1265 4312 λαλεῖν,
1295 4244 1368 4304 ὧν
1402 4253 1460 4304 οὐ
1489 4271 1708 4323 κατειρ-

152 4335 353 4403 γάσατο
393 4338 626 4407 Χριστὸς
671 4337 735 4389 δι’
763 4338 919 4407 ἐμοῦ,
953 4340 1028 4403 εἱς
1074 4340 1318 4413 ὑπακοὴν
1350 4344 1537 4409 ἐθνῶν,
1568 4346 1708 4416 λόγῳ

152 4427 246 4478 καὶ
279 4427 442 4497 ἔργῳ,
479 4429 535 4480 ἐν
581 4427 802 4498 δυνάμει
852 4431 1093 4500 σημείων
1137 4449 1196 4484 τε
1244 4435 1335 4486 καὶ
1377 4437 1617 4506 τεράτων
1640 4439 1707 4500 ,ὲν

1810 3322 2084 3390 provincia
2129 3322 2435 3376 concredita
2489 3336 2587 3383 εει,
2635 3323 2671 3376 ii
2721 3323 2818 3376 soli
2871 3323 2979 3378 Deo
3010 3325 3366 3380 ministrant:

1809 3413 1918 3482 60
1944 3426 2116 3480 neque
2161 3413 2303 3465 enim
2358 3413 2667 3467 hominibus
2711 3417 2978 3470 assistunt
3029 3417 3368 3472 sacerdotes.

1784 3501 1941 3570 Cum
1984 3501 2122 3554 hanc
2158 3500 2319 3569 igitur
2350 3503 2582 3570 gratiam
2619 3503 2720 3557 sibi
2764 3518 2792 3556 a
2828 3504 2936 3559 Deo
2966 3505 3216 3558 donatam
3246 3520 3373 3575 pro-

1813 3591 2025 3645 fiteatur
2065 3592 2375 3661 Apostolus,
2431 3603 2488 3646 ut
2543 3595 2613 3649 sit
2661 3595 2909 3650 minister
2953 3595 3076 3650 Jesu
3139 3597 3365 3664 Christi,

1811 3683 2116 3751 Christique
2139 3682 2486 3752 Evangelium
2526 3684 2664 3737 inter
2694 3695 2878 3753 gentes
2921 3687 3283 3751 administret,
3315 3699 3371 3742 et

1810 3773 2081 3827 Christum
2127 3773 2338 3827 tandem
2378 3777 2727 3841 annuntians,
2777 3778 2866 3831 Del
2915 3777 3257 3848 Evangelium
3306 3793 3368 3835 se

1811 3864 1916 3919 illis
1944 3864 2236 3933 praedicare
2277 3867 2476 3921 diserte
2527 3866 2776 3932 allirmet,
2808 3883 2914 3936 quo
2948 3869 3203 3924 nimirum
3245 3880 3371 3924 tan-

1813 3969 1974 4021 quam
2007 3952 2210 4022 Spiritu
2239 3953 2349 4022 jam
2388 3955 2758 4019 sanctiﬁcata,
2810 3955 3159 4010 admittantur
3199 3973 3213 4011 :
3249 3961 3371 4027 quis

1811 4043 2010 4098 Christi
2041 4044 2381 4100 divinitatem
2431 4045 2484 4099 in
2527 4047 2876 4114 quaestionem
2914 4062 3109 4102 vocare
3140 4048 3375 4104 audeat?

1886 4174 1904 4206 ι
1940 4154 2121 4211 llabeo
2146 4155 2310 4226 igitur
2342 4156 2572 4225 gloriam
2600 4158 2652 4211 in
2679 4157 2893 4212 Christo
2925 4157 3048 4214 Jesu
3081 4161 3146 4214 ad
3180 4161 3369 4218 Deum.

1809 4247 1924 4302 Non
1960 4251 2101 4303 enim
2134 4250 2304 4304 audeo
2347 4250 2546 4319 aliquid
2601 4251 2746 4318 loqui
2777 4267 2988 4317 eorum,
3017 4269 3133 4322 quae
3161 4269 3256 4323 per
3286 4270 3372 4309 me

1809 4357 1916 4397 non
1942 4342 2119 4397 effecit
2149 4341 2399 4396 Christus
2436 4344 2489 4396 in
2538 4343 2893 4397 obedientiam
2922 4345 3159 4413 gentium
3205 4348 3373 4401 verbo

1808 4441 1860 4487 et
1906 4431 2085 4494 factis,
2134 4433 2186 4486 in
2223 4433 2421 4487 virtute
2463 4432 2738 4502 signorum
2788 4442 2842 4487 et
2883 4435 3273 4502 prodigiorum,
3314 4438 3367 4491 in

150 4517 369 4585 δυνάμει
413 4517 724 4586 Πνεύματος
753 4518 916 4571 Θεοῦι
952 4520 1089 4572 ὥστε
1119 4539 1184 4590 με
1217 4525 1323 4576 ἀπὸ
1359 4525 1706 4598 Ἰερουσαλὴμ

1812 4525 2010 4578 virtute
2051 4524 2288 4592 Spiritus
2338 4525 2548 4587 saneti;
2598 4526 2671 4577 ita
2728 4536 2784 4578 ut
2831 4527 2899 4578 ab
2936 4525 3233 4582 Jerusalem
3276 4544 3374 4598 per

154 4605 351 4675 κύκλῳ,
383 4608 476 4660 καὶ
528 4608 688 4678 μέχρι
733 4609 825 4661 τοῦ
858 4610 1147 4679 Ἰλλυρικοῦ
1199 4614 1615 4683 πεπληρωκέναι
1649 4618 1709 4669 τὸ

157 4696 472 4764 Εὑαγγέλιον
510 4696 602 4749 τοῦ
636 4698 893 4768 Χριστοῦ.
928 4718 945 4749 ι
982 4699 1067 4750 Ἑν
1093 4699 1169 4770 τῷ
1203 4701 1376 4772 Ἰησοῦ
1405 4704 1708 4773 καυχᾶσθαὶ

155 4803 300 4856 φησι,
329 4788 389 4839 τὸ
414 4786 675 4859 καύχημα
704 4789 875 4857 λέγων
898 4790 1039 4860 ἔχειν
1067 4792 1201 4863 πρὸς
1225 4794 1502 4848 Θεόν.”οτι
1526 4796 1581 4848 δὲ
1606 4797 1705 4850 οὐκ

155 4875 486 4945 ἀνθρώπινον
538 4878 599 4930 τὸ
652 4878 746 4931 κα)⁵
792 4880 850 4931 ἐν
893 4879 1117 4948 δυνάμει
1160 4882 1470 4952 Πνεύματος
1501 4886 1557 4937 ὲν
1593 4887 1705 4949 τοῖς

154 4963 322 5030 ἁγίοις
349 4967 668 5028 ἀποστόλοις
699 4969 942 5038 ἐνεργεῖν
972 4966 1226 5021 δύνασθαι
1261 4970 1349 5022 τὸν
1378 4972 1610 5040 Χριστὸν
1636 4974 1705 5025 τὰ

155 5054 442 5120 παράδοξα,
470 5056 582 5118 πῶς
605 5055 681 5108 ἔνι
709 5058 1097 5126 ἀμφιϐάλλειν;
1120 5045 1328 5131 ’Ὠσπερ
1351 5062 1456 5132 γὰρ
1480 5063 1706 5126 ἕκαστος

153 5143 258 5195 τῶν
285 5144 404 5195 καθ’
437 5145 579 5214 ἡμᾶς
608 5146 664 5197 ἐν
692 5146 796 5217 ἰδίᾳ
822 5146 1045 5214 δυνάμει
1070 5146 1136 5198 τά
1170 5148 1359 5200 ἑαυτοῦ
1387 5148 1518 5216 ἔργα
1540 5152 1702 5212 ποιεῖ,

155 5234 287 5288 οὕτω
318 5237 409 5289 καὶ
439 5238 466 5288 ό
493 5236 746 5306 Χριστὸς,
778 5237 852 5301 ὼς
901 5238 1002 5308 ἱδὶᾳ
1049 5237 1271 5309 δυνάμει
1317 5240 1395 5310 τῷ
1431 5242 1702 5309 Πνεύματι

157 5324 443 5396 χρώμενος,
475 5328 685 5397 ἐνεργεῖ
724 5327 793 5380 τὰ
830 5328 1106 5399 παράδοξα
1149 5329 1235 5382 διὰ
1263 5331 1362 5402 τῆς
1397 5331 1503 5384 τῶν
1535 5333 1704 5400 ἁγίων

1809 4610 2090 4664 circuitum
2139 4624 2308 4679 usque
2337 4614 2402 4665 ad
2441 4611 2705 4681 Illyricum
2761 4611 3076 4680 repleverim
3122 4614 3371 4685 Evange—

1807 4700 1937 4754 lium
1966 4700 2169 4756 Christi
2191 4702 2232 4754 ⁸.
2269 4719 2287 4752 ι
2320 4701 2394 4756 En
2422 4703 2543 4755 dum
2574 4702 2626 4755 in
2659 4701 2877 4756 Christo
2899 4702 3178 4771 gloriatur,
3211 4705 3263 4758 in
3286 4706 3371 4761 his

1808 4807 1926 4861 quae
1969 4793 2057 4846 Dei
2087 4802 2211 4846 sunt
2243 4791 2462 4862 gloriari
2497 4806 2556 4846 se
2581 4793 2732 4845 dicit.
2767 4791 2917 4858 Quod
2960 4801 3138 4847 autem
3172 4796 3371 4850 virtute

1812 4883 2045 4951 Spiritus
2094 4898 2192 4953 per
2243 4883 2515 4951 apostolos
2557 4892 2776 4937 sanctos
2822 4884 3062 4953 prodigia
3107 4895 3163 4938 et
3215 4887 3366 4956 signa

1810 4973 2081 5029 Christum
2129 4989 2288 5043 posse
2333 4976 2515 5037 edere,
2560 4990 2695 5043 Opus
2748 4975 2820 5029 sit
2866 4976 3118 5030 hutnanis
3163 4978 3368 5034 viribus

1811 5065 2003 5133 majus,
2033 5066 2082 5118 id
2118 5067 2169 5119 in
2207 5067 2425 5120 dubium
2453 5079 2706 5121 revocare
2733 5082 2835 5120 non
2864 5066 3008 5120 licet.
3042 5067 3193 5122 Sicut
3222 5070 3364 5124 enim

1812 5157 2179 5226 unusquisque
2202 5167 2440 5211 nostrum
2464 5156 2515 5211 in
2541 5159 2752 5226 propria
2780 5159 2976 5210 virtute
3012 5173 3129 5225 quae
3162 5171 3368 5214 natura:

1812 5248 1981 5315 ipsius
1997 5260 2119 5302 sunt
2138 5257 2416 5314 operatur.
2436 5249 2506 5301 ita
2527 5251 2686 5302 etiam
2706 5250 2969 5316 Christus,
2993 5253 3042 5306 in
3066 5253 3230 5323 ipsius
3250 5252 3368 5322 Spi-

1813 5337 1916 5389 ritu
1943 5350 2152 5402 sancto,
2179 5347 2235 5391 ut
2269 5339 2358 5406 qui
2384 5339 2500 5408 ejus
2535 5341 2754 5409 prapria
2790 5342 2858 5395 sit
2889 5343 3080 5411 virtus,
3108 5344 3367 5401 miracula

224 5499 414 5556 'Rom.
445 5518 562 5568 vttt,
599 5504 686 5568 38,
721 5505 807 5559 39.
887 5508 905 5538 ⁶
939 5505 1092 5564 Rom.
1128 5523 1235 5572 ιιν,
1273 5508 1358 5561 ιο.
1434 5510 1454 5539 ⁷
1485 5507 1642 5564 Rom.
1673 5526 1704 5566 ι

1808 5511 1988 5576 [5,16.
2075 5514 2096 5544 ⁸
2137 5514 2290 5568 Rom.
2324 5531 2410 5580 xv,
2447 5516 2626 5571 17-19.

1221 5661 1390 5713 Varize
1425 5660 1677 5716 lectiones
1710 5663 1909 5716 codicis
1939 5663 2293 5730 Seguieriani.

228 5778 247 5840 ί
278 5793 346 5845 cf.
375 5793 672 5859 ἀνωτάτην.
