4090 6564
800 437 928 495 1251
1636 461 1641 467 ‘
1817 448 1873 504 S.
1916 450 2183 507 CYRILLI
2222 454 2693 518 ALEXANDRINI
2734 466 3052 521 ARCHIEP.
3913 478 4012 534 1232

789 566 1045 626 opcratur
1084 572 1180 627 per
1207 573 1398 617 manus
1440 573 1770 621 sanctorum.
1809 565 1976 621 Porro
2008 572 2274 637 quomodo
2308 572 2351 623 is
2385 571 2404 626 Α

2393 571 2423 628 Α
2452 578 2655 647 χειρός.
2690 577 2822 634 Εἶτα
2869 582 2986 645 πῶς
3017 584 3077 637 οὐ
3110 584 3240 649 Θεός
3267 585 3439 653 ἐστιν,
3476 581 3539 642 οὗ
3572 588 3713 642 ἴδιον
3740 588 3799 644 τδ
3829 591 4008 661 Πνεῦμα

786 648 925 705 Deus
965 665 1066 704 non
1097 661 1201 715 est,
1235 654 1391 722 cujus
1424 652 1656 723 Spiritus
1699 669 1917 713 sanctus
1953 660 2201 729 proprius
2229 663 2348 715 est?
2454 668 2516 721 τὸ
2546 669 2736 737 ἆγιονς

858 760 876 793 ι
908 742 1153 798 Salutant
1198 761 1293 802 vos
1340 761 1530 802 omnes
1575 747 1833 805 Ecclesiae
1880 750 2166 815 Christi’;
2230 772 2249 803 ›
2292 762 2347 807 et

2530 775 2550 808 ι
2571 758 2929 822 Ἀσπάζονται
2964 762 3107 831 ὑμᾶς
3135 765 3189 818 al
3224 766 3548 839 Ἐκκλησίαι
3578 770 3763 825 πᾶσαι
3792 772 3885 826 τοῦ
3907 774 3990 843 Χρι

777 834 888 890 alio
909 838 1139 903 quodam
1180 837 1301 892 loco
1329 838 1393 893 ad
1423 839 1767 895 Timotheum
1795 843 2067 906 scribens,
2110 844 2181 897 ita
2218 845 2295 898 ait
2325 863 2339 900 :

2451 850 2602 907 στοῦ.
2635 870 2655 904 ι
2693 853 2882 907 Καίτοι
2917 856 3081 925 φησὶν
3123 860 3182 911 ἐν
3218 834 3445 931 ἑτέροις,
3477 862 3746 933 Τιμοθέῳ
3774 834 4006 935 γράφοι-ι·

785 944 802 975 ι
832 924 902 980 Ut
931 926 1073 981 scias
1094 928 1366 996 quomodo
1388 937 1633 998 oporteat
1658 942 1708 987 te
1734 932 1788 986 in
1812 934 1972 989 domo
1998 935 2089 989 Dei
2116 950 2342 989 conver-

2455 942 2609 995 «Ἵνα
2656 944 2803 1014 εἰδῇς
2832 945 2948 1011 ’πῶς
2973 924 3053 1000 δεῖ
3082 949 3138 1001 ἐν
3171 924 3322 1019 οἴκῳ.
3335 949 3470 1004 Θεοῦ
3504 924 3963 1024 ἀναστρέφεσθαι.
3993 978 4004 1007 ι

775 1018 879 1070 sari
912 1017 975 1069 ¹⁰.
1007 1035 1025 1068 ι
1076 1016 1228 1084 Quod
1274 1020 1321 1075 si
1357 1020 1632 1078 Ecclesias
1662 1022 1862 1079 Christi
1896 1040 2015 1081 esse
2041 1029 2337 1097 cognoscit,

2447 1033 2507 1084 El
2526 1033 2581 1086 δὲ
2607 1035 2843 1104 Χριστοῦ
2870 1039 2969 1101 τὰς
2993 1016 3455 1110 Ἐκκλησίαςοῐδε,
3473 1043 3571 1096 καὶ
3600 1016 4004 1116 μεμαρτύρηκε·

773 1107 931 1174 idque
975 1116 1228 1163 testatum
1276 1110 1442 1177 facit,
1500 1114 1637 1168 citra
1699 1113 1860 1169 ullam
1910 1120 2338 1176 controversiam

1374 1111 1442 1177 it,
1500 1114 1637 1168 citra
1699 1113 1860 1169 ullam
1910 1120 2338 1176 controversiam
2440 1124 2989 1199 ΘεὺςαραΧριστός.

768 1196 1017 1253 Christus
1045 1199 1186 1254 Deus
1209 1202 1333 1256 erit.

2519 1237 2537 1270 ι
2559 1220 2615 1271 '0
2644 1196 2722 1272 δὲ
2769 1196 2901 1285 Θεὸς
2940 1222 3040 1293 τῆς
3079 1225 3300 1296 εἰρήνης
3346 1227 3628 1300 συντρίψει
3658 1229 3761 1283 τὸν
3786 1232 4007 1285 Σατανᾶν

843 1308 863 1338 ι
898 1288 1042 1344 Deus
1068 1301 1245 1347 autem
1282 1296 1431 1363 pacis
1470 1305 1716 1353 conteret
1754 1297 2011 1355 Satanam
2043 1303 2143 1357 sub
2178 1304 2330 1373 pedi-
2441 1310 2458 1361 ί

2441 1310 2547 1363 ὑπὸ
2588 1312 2714 1375 τοὺς
2763 1313 2929 1377 πόδας
2970 1288 3227 1385 δμῶνέν
3256 1288 3437 1389 τάχει.
3722 1323 4006 1393 λεγομένης

763 1379 861 1434 lius
910 1386 1103 1438 vestris
1147 1385 1490 1443 velociter“.
1538 1408 1557 1441 ι
1604 1390 1739 1444 Cum
1792 1407 1893 1461 pax
1942 1394 2157 1449 dicatur
2208 1411 2330 1452 esse

2434 1398 2579 1453 εἶναι
2607 1400 2707 1469 τῆς
2737 1404 2959 1473 εἰρήνης
2994 1379 3121 1475 (ἐφη
3151 1406 3261 1479 γάρ
3290 1379 3391 1462 που
3417 1411 3653 1481 Χριστὸς
3680 1379 3813 1477 τοῖς.

758 1472 872 1536 Dei,
908 1475 1156 1532 Christus
1204 1490 1382 1555 autem
1433 1483 1499 1536 ad
1548 1495 1767 1539 sanctos
1810 1488 2086 1556 apostolos
2129 1490 2202 1545 ita
2246 1492 2327 1545 iu-

2434 1491 2753 1556 ἁποστόλοις
2770 1472 3079 1566 ’νιΕίρήνην
3228 1472 3366 1568 ἐμὴν
3385 1472 3577 1570 δίδωμι
3604 1472 4002 1575 ὑμῖνίείρηνξξ

756 1569 906 1635 quiat
942 1589 955 1623 :
986 1589 1003 1621 ι
1038 1570 1232 1626 Pacem
1275 1574 1523 1645 relinquo
1574 1579 1748 1644 vobis,
1802 1594 1988 1648 pacem
2041 1597 2215 1638 meam
2254 1586 2325 1640 do

2427 1597 2531 1651 την
2558 1581 2696 1651 ἐμὴν
2717 1583 2921 1653 ἀφίημι
2937 1586 2965 1637 ὑ
2975 1586 3087 1655 μίν)
3104 1628 3119 1652 ,
3146 1606 3167 1639 ι
3193 1583 3313 1640 εἶτα
3339 1588 3454 1652 πῶς
3481 1569 3541 1643 οὗ
3574 1569 3714 1657 Θεὸς
3745 1569 4002 1665 ἀληθίίκέ

756 1659 1008 1715 vobis”:
1052 1681 1069 1713 ι
1097 1667 1366 1732 quomodo
1413 1668 1479 1730 is,
1522 1684 1724 1737 qnteso,
1779 1672 1870 1740 qui
1928 1688 2115 1742 pacem
2155 1676 2319 1731 veluti

2426 1673 2526 1743 τῆς
2568 1676 2793 1746 εἰρήνης
2840 1676 3027 1749 δοτὴρ,
3068 1678 3163 1733 καὶ
3191 1679 3267 1743 ὡς
3298 1680 3429 1737 ἴδιον
3456 1683 3666 1752 ἀγαθὸν
3702 1688 3821 1751 τοῖς
3838 1659 4000 1752 -ἀξίοις

751 1753 1025 1821 proprium
1059 1755 1254 1809 bonum
1290 1758 1467 1827 dignis
1497 1759 1768 1829 impertiri
1810 1764 1999 1819 solitus
2025 1775 2130 1831 est,
2156 1782 2319 1825 verus

1223 1773 1254 1809 ιι
1290 1758 1467 1827 dignis
1497 1759 1768 1829 impertiri
1810 1764 1999 1819 solitus
2025 1775 2130 1831 est,
2156 1782 2319 1825 verus
2425 1764 2601 1829 διδοὺς
2629 1767 2838 1838 αὑτήν;

746 1843 887 1899 Deus
912 1860 1015 1899 non
1046 1847 1171 1900 est?

1157 1932 1238 1988 Ea:
1268 1936 1444 2002 priore
1473 1938 1545 1991 ad
1573 1937 1892 1996 Corinthios.
2348 1927 2390 1981 Β
2666 1944 2762 1998 Ἐκ

2348 1927 2390 1981 Β
2666 1944 2762 1998 Ἐκ
2790 1944 2901 2013 τῆς
2934 1946 3087 2014 πρὸς
3122 1950 3471 2017 Κορινθίως
3508 1952 3773 2021 προίξ-ης.

814 2065 834 2099 ι
864 2048 1060 2103 Paulus
1100 2050 1380 2117 apostolus
1419 2049 1547 2105 Jesu
1587 2053 1809 2119 Christi,
1846 2072 1941 2124 per
1978 2058 2311 2115 voluntatem

2497 2076 2513 2107 ι
2562 2057 2774 2121 Παῦλος
2804 2059 3102 2125 ἀπόστολος
3127 2064 3362 2133 Χριστοῦ
3416 2065 3593 2136 Ἰησοῦ
3634 2067 3729 2122 διὰ
3766 2069 3993 2141 θελήμαε

740 2137 852 2196 Dei.
882 2149 934 2192 et.
969 2140 1261 2194 Sosthenes
1292 2140 1477 2202 frater,
1509 2143 1761 2199 Ecclesiae
1795 2145 1885 2201 Dei
1913 2148 1976 2205 ".
2015 2168 2033 2201 ι
2070 2150 2309 2206 Observa

2412 2164 2505 2211 τος
2532 2148 2689 2215 Θεοῦ,
2722 2149 2814 2202 καὶ
2832 2150 3115 2222 Σωσθένης
3146 2156 3173 2206 ὁ
3200 2155 3447 2225 ἁδελφὸς,
3476 2159 3542 2227 τῇ
3574 2137 3991 2232 Ἐκκλησία-τοῦ

736 2232 850 2285 hic:
869 2230 1141 2287 Romanos
1156 2232 1453 2302 alloquens.
1474 2254 1491 2285 ι
1514 2234 1763 2290 Salutant
1783 2251 1898 2299 vos.
1916 2239 2309 2307 inquit,omnes

2413 2236 2576 2290 Θεοῦ.
2626 2256 2646 2288 ι
2713 2238 3102 2309 Ἐπιτήρησον,
3136 2242 3218 2295 ὅτι
3264 2243 3556 2314 Ῥωμαίοις
3610 2230 3989 2320 προειρηᾷιώς·

732 2321 983 2376 Ecclesite
1019 2323 1251 2388 Christi;
1283 2342 1301 2375 ι
1352 2340 1493 2380 nunc
1532 2341 1660 2379 vero
1709 2327 2007 2384 Corinthiis
2037 2332 2302 2397 scribens,

2416 2345 2435 2377 ι
2485 2326 2848 2390 Ἀσπάζονται
2873 2328 3017 2399 ὑμᾶς
3048 2332 3105 2383 αἱ
3150 2332 3469 2404 Ἐκκλησίαι
3500 2338 3670 2390 πᾶσαι
3723 2339 3822 2391 τοῦ
3867 2342 3989 2409 Χρι-

732 2411 1027 2468 Ecclesiam
1079 2412 1174 2467 Dei
1211 2428 1331 2467 esse
1364 2416 1575 2469 asserit.
1605 2418 1710 2486 61
1742 2437 1759 2468 ι
1796 2418 1910 2472 Hoc
1941 2429 2124 2475 autem
2161 2423 2303 2484 dico.

2411 2418 2566 2469 στοῦ’
2593 2438 2611 2469 ι
2648 2419 2953 2489 Κορινθίοις
2989 2423 3336 2488 ἐπιστέλλων,
3365 2424 3503 2477 Θεοῦ
3528 2443 3697 2496 φησιν
3733 2426 3875 2482 εἶναι
3906 2432 3988 2501 τὴν

728 2510 869 2569 quod
914 2506 1281 2577 unusquisque
1317 2517 1555 2563 vestrum
1582 2512 1752 2567 dicit:
1785 2511 1897 2581 Ego
1922 2514 2142 2581 quidem
2181 2532 2300 2571 sum

2419 2505 2769 2575 Ἐκκλησίαν.
2817 2526 2835 2559 ι
2883 2506 3042 2576 Λέγω
3085 2508 3140 2561 δὲ
3190 2510 3365 2575 τοῦτο,
3409 2513 3491 2565 ὅτι
3548 2514 3790 2581 ἕκαστος
3846 2520 3986 2588 ὑμῶν

725 2601 897 2667 Pauli,
929 2619 1029 2670 ego
1065 2613 1244 2657 autem
1289 2604 1499 2673 Apollo,
1528 2619 1626 2674 ego
1660 2619 1790 2658 vero
1813 2605 2027 2675 Cephaa,
2058 2623 2162 2678 ego
2199 2625 2300 2663 au-

2406 2596 2587 2665 λέγει·
2633 2597 2775 2666 Ἐγὼ
2809 2600 2907 2667 μέν
2930 2602 3044 2669 ειμι
3074 2600 3310 2665 Παύλου,
3336 2602 3447 2671 ἐγὼ
3476 2604 3534 2658 δέ
3585 2606 3859 2671 ’Δπολλὼ,
3888 2611 3982 2677 ἐγὼ

724 2706 830 2748 tem
867 2694 1091 2748 Christi.
1130 2695 1342 2749 Dirisus
1391 2704 1472 2750 est
1502 2694 1791 2750 Christus?
1820 2696 2068 2766 Nunquid
2100 2699 2302 2756 Paulus

2403 2686 2458 2739 δέ
2495 2687 2680 2757 Κηφᾶ,
2715 2687 2825 2756 ἐγὼ
2855 2688 2911 2740 δὲ
2949 2690 3205 2760 Χριστοῦ.
3258 2692 3601 2764 Μεμέρισται
3645 2698 3673 2749 ὁ
3724 2700 3983 2770 Χριστός;

719 2788 1010 2842 cruciﬁxus
1035 2796 1117 2840 est.
1150 2803 1246 2857 pro
1271 2787 1445 2850 vobis,
1480 2796 1573 2840 aut
1606 2788 1657 2841 in
1685 2788 1903 2846 nomine
1928 2788 2079 2844 Pauli
2115 2792 2296 2861 bapti~

2402 2779 2493 2850 Μὴ
2530 2778 2741 2842 Παῦλος
2788 2781 3109 2852 ἐσταυρώθη
3143 2782 3283 2854 ὑπὲρ
3313 2785 3464 2856 ὑμῶν
3485 2829 3500 2853 ,
3532 2788 3566 2859 ἢ
3602 2790 3684 2853 εἰς
3716 2792 3783 2843 τὸ
3822 2793 3981 2861 ὄνομα

719 2880 822 2932 zati
871 2880 1109 2933 estis“?
1140 2899 1159 2931 ι
1202 2878 1261 2933 Si
1313 2893 1445 2949 ergo
1476 2879 1726 2933 Christus
1779 2895 1885 2933 non
1928 2889 2015 2935 est
2062 2882 2289 2949 divisus,

2400 2871 2568 2925 αὑτοῦ
2618 2872 3017 2942 ἐ6απτίσθητε;
3074 2894 3091 2925 ι
3138 2877 3346 2931 υύκοῦν
3376 2880 3425 2931 εί
3466 2878 3541 2950 μὴ
3587 2882 3921 2953 μεμέρισται
3956 2886 3980 2935 ὁ

715 2968 893 3023 omnia
941 2978 994 3022 et
1036 2982 1227 3022 omnes
1260 2967 1403 3022 illius
1451 2977 1595 3022 sunt.
1638 2967 1703 3020 Et
1740 2968 1784 3020 si
1842 2968 1887 3021 is
1920 2969 2092 3021 nostri
2127 2983 2291 3024 causa

2400 2962 2657 3032 Χριστὸς,
2702 2964 2881 3017 πάντα
2926 2964 3115 3030 αὑτοῦ,
3156 2966 3249 3019 καὶ
3294 2968 3496 3031 πάντες
3538 2970 3731 3022 αὐτοῦ.
3784 2973 3897 3025 Καὶ
3937 2974 3978 3025 εί

714 3058 1003 3112 cruciﬁxus
1048 3070 1149 3119 ρει,
1198 3067 1254 3112 et
1298 3074 1397 3112 nos
1450 3058 1501 3110 in
1556 3058 1772 3111 nomine
1823 3058 1992 3127 ipsius
2028 3060 2287 3128 baptizati

2397 3054 2560 3117 αὐτὸς
2588 3053 2910 3125 ἐσταυρώθη
2936 3054 3075 3125 ὐπξρ
3101 3056 3283 3127 ἡμῶν,
3307 3059 3399 3111 καὶ
3428 3060 3505 3122 εις
3526 3059 3586 3111 τὸ
3614 3059 3790 3130 ὖνομα
3814 3061 3975 3115 αὑτοῦ

712 3165 916 3209 sumus.
963 3165 1152 3203 omnes
1196 3150 1380 3217 utique
1427 3149 1500 3202 illi
1551 3148 1842 3213 debemur;
1880 3165 2066 3205 sumus
2106 3161 2286 3208 autem

2395 3144 2702 3215 ἐϐαπτίσθη
2713 3163 2833 3215 μεν,
2859 3146 3005 3215 αὑτῷ
3024 3147 3265 3217 δηλονότι
3288 3151 3755 3220 κεχρεωστήμεθα
3775 3169 3792 3185 ο
3814 3154 3972 3223 ἐσμὲν

712 3240 786 3294 illi
816 3242 1058 3303 obnoxii,
1093 3256 1200 3295 non
1236 3249 1491 3310 tanquam
1530 3240 1730 3294 homini
1770 3241 1942 3296 nostri
1978 3243 2162 3310 simili,
2192 3244 2327 3322 sed,

2391 3238 2447 3291 δέ
2480 3238 2580 3291 οὐκ
2623 3236 2912 3308 ἀνθρώπου
2959 3238 3064 3291 τῶν
3095 3237 3216 3291 καθ’
3242 3241 3390 3309 ἡμᾶς
3433 3239 3572 3307 ἐνὸς,
3622 3240 3766 3297 ἀλλὰ
3817 3244 3970 3299 Θεοῦ.

710 3340 964 3401 tanquam
996 3333 1124 3387 Deo.
1164 3331 1329 3387 Nobis
1361 3346 1490 3400 ergo
1524 3331 1773 3386 Christus
1801 3342 1886 3387 est
1914 3332 2077 3388 Deus.

1609 3331 1773 3385 ristus
1801 3342 1886 3387 est
1914 3332 2077 3388 Deus.
2390 3329 2622 3401 Χριστὸς
2651 3331 2757 3401 ἄρα
2783 3328 2914 3391 Θεὸς
2941 3329 3025 3397 ἐφ’
3054 3330 3222 3399 ἡμᾶς.

784 3442 803 3474 ι
835 3424 1098 3490 Quoniam
1144 3433 1199 3478 et
1252 3423 1423 3478 Judaei
1480 3422 1695 3491 signum
1736 3432 1961 3492 petunt,
2009 3434 2063 3480 et
2106 3425 2283 3481 Graeci

2465 3441 2482 3473 ι
2532 3421 2752 3493 Ἐπειδὴ
2786 3422 2884 3475 καὶ
2920 3421 3165 3475 Ἰουδαῖοι
3198 3424 3420 3493 σημεῖον
3445 3424 3683 3490 αἰτοῦσι,
3722 3427 3817 3480 καὶ
3850 3426 3972 3480 Ἐλ-

709 3514 1031 3581 sapientiam
1063 3522 1319 3581 qumunt
1347 3530 1361 3566 :
1398 3527 1495 3566 uos
1519 3523 1698 3566 autem
1740 3514 2097 3581 praedicamus
2119 3516 2281 3570 Chri-

2386 3510 2546 3579 ληνες
2587 3511 2781 3579 σοφίαν
2816 3510 3102 3582 ζητοῦσιν·
3135 3514 3294 3581 ἡμεῖς
3347 3512 3403 3565 δὲ
3441 3515 3801 3586 κηρύσσομεν
3838 3519 3967 3587 Χρι-

710 3614 849 3657 stum
884 3604 1224 3667 cruciﬁxum,
1253 3602 1453 3656 Iudaeis
1489 3603 1704 3670 quidem
1737 3602 2072 3666 scandalum,
2107 3605 2284 3672 genti-

2387 3599 2511 3651 στὸν
2552 3599 2986 3670 ἐσταυρωμένον,
3032 3600 3308 3663 Ἰουδαίοις
3339 3603 3438 3669 μὲν
3493 3604 3817 3668 σκάνδαλον,
3847 3607 3968 3657 Ἐλ-

704 3695 805 3748 bus
865 3704 1040 3749 autem
1084 3693 1368 3749 stultitiam
1398 3694 1462 3747 ".
1498 3711 1515 3744 ι
1548 3693 1738 3749 Annon
1777 3692 1978 3762 quivis.
2024 3694 2276 3760 obsecro,

2383 3688 2507 3759 λησι
2536 3690 2590 3742 δὲ
2619 3690 2852 3761 μωρίαν.
2905 3708 2923 3740 ι
2964 3686 3090 3761 'Ap’
3122 3689 3242 3760 οὐχὶ
3272 3693 3381 3753 πᾶς
3424 3692 3674 3747 ὁστισοῦν
3703 3696 3969 3768 ὁμολογῇς

704 3784 859 3840 fateri
882 3788 1039 3842 debet
1064 3787 1428 3855 evangelicam
1449 3784 1888 3853 praedicationem
1912 3800 2105 3840 omnes
2126 3796 2283 3854 quot-

2382 3796 2526 3831 σειεν
2557 3780 2643 3842 ἂν,
2674 3780 2757 3831 ὅτι
2782 3778 2947 3833 καλεῖ
2978 3779 3112 3850 πρὸς
3146 3778 3476 3847 θεογνωσιαν
3506 3782 3607 3853 τὴν
3633 3784 3813 3855 ἀληθῆ
3844 3786 3966 3850 τοὺς

701 3887 829 3943 quot
869 3892 964 3946 per
993 3878 1177 3933 orbem
1211 3874 1388 3942 sparsi
1427 3882 1575 3936 sunt,
1626 3874 1692 3927 ad
1737 3888 1921 3928 veram
1961 3875 2051 3928 Dei
2086 3876 2275 3945 cogni-

2380 3871 2484 3923 ἀνὰ
2530 3873 2710 3924 πᾶσαν
2758 3872 2857 3941 τὴν
2899 3872 3001 3941 γῆν
3049 3872 3111 3923 τὸ
3160 3872 3421 3942 κήρυγμα
3456 3873 3516 3927 τδ
3566 3874 3962 3945 εὑα-γγελικόν;

701 3964 903 4019 tionem
931 3966 1200 4019 invitare?
1232 3964 1303 4019 At
1325 3978 1429 4031 qua
1467 3964 1683 4017 tandem
1712 3962 1920 4017 ratione
1944 3965 2085 4019 istud
2111 3966 2273 4021 alicui

2377 3960 2511 4017 Εἶτα
2543 3964 2681 4026 πῶς,
2714 3963 2748 4034 ἢ
2783 3963 2946 4015 πόθεν
2990 3962 3144 4016 τοῦτο
3174 3962 3513 4034 ἀμφίδολονς
3548 3966 3674 4030 Πῶς
3718 3965 3817 4022 οῦν
3858 3970 3963 4041 ἄρα

700 4055 1010 4126 ambiguum
1049 4072 1169 4111 esse
1197 4054 1398 4124 queat?
1427 4055 1494 4108 At
1519 4053 1841 4121 cuiusmodi,
1881 4072 2084 4123 quaeso,
2116 4059 2274 4114 Chri-

2376 4054 2739 4125 κηρύττουσιν
2776 4056 2823 4108 οἱ
2859 4055 3210 4125 μυσταγωγοὶ
3238 4056 3473 4127 Χριστὸν
3503 4058 3960 4131 ὲσταυρωμένον;

698 4160 841 4202 stum
871 4148 1192 4203 cruciﬁxum
1218 4147 1357 4202 sacri
1383 4150 1630 4202 doctores
1658 4148 1989 4215 pradicant?
2030 4150 2271 4218 nunquid

2374 4140 2481 4215 ἆρα
2512 4146 2587 4208 ὡς
2630 4146 2727 4199 ἕνα
2756 4145 2865 4201 τῶν
2897 4144 3017 4199 καθ’
3048 4146 3214 4215 ἡμᾶς,
3250 4147 3340 4199 τὸν
3388 4147 3479 4199 ἐπὶ
3510 4151 3751 4218 σταυροῦ
3797 4154 3956 4206 θάνα-

694 4239 865 4293 solum
891 4239 1163 4293 hominem
1193 4237 1360 4291 nostri
1387 4238 1643 4301 similem,
1664 4238 1751 4305 qui
1782 4248 2010 4292 mortem
2034 4239 2084 4292 iu
2107 4254 2270 4295 cruce

2371 4252 2462 4288 τον
2508 4236 2911 4305 ὑπομείναντα,
2944 4236 3039 4287 καὶ
3085 4236 3165 4299 εἰς
3202 4236 3485 4307 ἄνθρωπον
3522 4240 3553 4308 ἠ
3601 4240 3696 4293 τοῦ
3750 4245 3955 4313 κόσμου

691 4330 1003 4398 pertulisset
1025 4370 1039 4391 ,
1066 4330 1136 4383 ita
1171 4329 1357 4397 ntjam
1389 4328 1441 4380 in
1470 4328 1770 4396 simplicem
1802 4328 2073 4383 hominem
2111 4345 2267 4384 mun-

2372 4326 2553 4389 πίστις
2585 4326 2920 4397 πράττεται;
2974 4326 3066 4395 Μὴ
3109 4326 3356 4394 γένοιτοί
3398 4327 3860 4403 Πεπιστεύκαμεν
3904 4334 3955 4384 δὲ

693 4425 792 4476 dus
832 4422 1057 4475 credat?
1085 4420 1274 4473 Absit!
1317 4419 1657 4474 Credidimus
1698 4420 1840 4473 enim
1879 4419 1931 4473 in
1967 4421 2130 4474 Deum
2181 4422 2266 4476 vi-

2369 4416 2489 4486 Θεῷ
2516 4416 2679 4481 ζῶντι
2715 4417 2807 4469 καὶ
2845 4415 3107 4486 ἀληθινῷ.
3153 4417 3286 4470 Θεὸν
3312 4412 3404 4471 οὖν
3430 4414 3537 4472 οἶδε
3576 4421 3821 4487 Χριστὸν
3869 4424 3955 4476 τὸν

690 4524 813 4562 vum
846 4520 899 4563 ct
926 4524 1133 4563 verum.
1166 4507 1440 4562 Christum
1478 4506 1704 4574 proinde
1741 4508 2054 4561 cruciﬁxum
2096 4508 2262 4564 Deum

2370 4508 2805 4579 ἐσταυρωμένον,
2839 4506 2934 4559 καὶ
2966 4506 3044 4576 τῷ
3066 4508 3254 4577 κόσμῳ
3292 4507 3955 4584 κηρύττει,τεθαρσηκὼς

691 4614 810 4655 esse
845 4609 1023 4660 norat,
1054 4599 1382 4665 mundoque,
1416 4597 1558 4664 quod
1610 4598 1661 4650 in
1707 4597 1854 4652 illum
1902 4599 2125 4657 credens
2156 4616 2263 4655 non
2297 4600 2306 4657 l

1297 4613 1382 4658 ue,
1416 4597 1558 4664 quod
1610 4598 1661 4650 in
1707 4597 1854 4652 illum
1902 4599 2125 4657 credens
2156 4616 2263 4655 non
2297 4599 2341 4657 D
2368 4602 2449 4653 ὅτι
2488 4601 2562 4671 μὴ
2597 4599 2911 4668 σφάλλεται.

692 4701 855 4754 erret,
878 4689 1144 4759 intrepide
1172 4686 1477 4745 annuntiat.

768 4799 785 4832 ι
817 4781 881 4836 Et
910 4798 1011 4852 ego
1046 4795 1166 4835 cum
1200 4778 1468 4830 venissem
1511 4777 1575 4829 ad
1612 4776 1961 4841 vos,fratres,
1993 4780 2115 4834 veni
2154 4796 2256 4835 non

2442 4795 2461 4827 ι
2509 4774 2682 4843 Κάγὼ
2713 4774 2881 4827 ἐλθὼν
2900 4773 3035 4845 πρὸς
3066 4774 3231 4845 ὑμᾶς,
3263 4775 3500 4844 ἀδελφοὶ,
3534 4773 3703 4847 ἦλθον
3732 4781 3798 4831 οὐ
3832 4780 3951 4832 καθ’

693 4872 748 4927 in
783 4875 1110 4928 sublimitate
1141 4869 1430 4928 sermonis,
1469 4875 1561 4919 aut
1603 4866 1903 4933 sapientiae,
1936 4871 2259 4925 annuntians

2366 4867 2638 4937 ὑπεροχὴν
2685 4866 2865 4933 λόγου,
2918 4865 2949 4933 ἢ
2997 4866 3220 4935 σοφίας,
3270 4868 3661 4936 καταγγέλλων
3714 4870 3851 4939 ὑμῖν
3899 4873 3951 4923 τὸ

692 4963 845 5019 vobis
887 4963 1252 5018 testimonium
1298 4958 1524 5015 Christi.
1574 4954 1691 5009 Non
1727 4958 1868 5009 enim
1904 4958 2134 5026 judicavi
2174 4976 2258 5014 me

2368 4960 2667 5030 μαρτύριον
2709 4956 2800 5009 τοῦ
2846 4956 3001 5009 Θεοῦ.
3043 4956 3117 5010 Οὐ
3167 4958 3274 5028 γὰρ
3320 4957 3509 5027 ἔκρινα
3563 4958 3768 5010 εἰδέναι
3807 4979 3859 5013 τι
3898 4964 3949 5013 ἐν

689 5057 830 5111 scire
876 5055 1074 5121 aliquid
1130 5056 1271 5107 inter
1301 5068 1416 5114 vus.
1471 5050 1574 5105 nisi
1625 5047 1811 5103 Jesum
1856 5047 2152 5113 Christum,
2206 5058 2260 5104 et

2363 5054 2511 5120 ὑμῖν,
2545 5053 2591 5102 εἰ
2620 5052 2695 5120 μὴ
2742 5048 2944 5119 Ἰησοῦν
2964 5050 3222 5120 Χριστὸν,
3252 5050 3346 5102 καὶ⁵
3375 5048 3563 5101 τοῦτον
3587 5051 3945 5127 ἐσταυρωμέ-

686 5149 833 5203 hunc
880 5143 1284 5197 cruciﬁxum".
1324 5163 1341 5195 ι
1374 5143 1513 5199 Ecce
1567 5142 1655 5196 hic
1704 5155 1824 5196 cum
1868 5140 1957 5198 Dei
2011 5142 2259 5194 tesﬁmo-

2361 5161 2468 5196 vov.
2512 5161 2529 5192 ι
2581 5140 2709 5195 Ἰδοὺ
2735 5142 2797 5212 δὴ
2840 5141 3024 5210 σαφῶς
3055 5140 3115 5194 τὸ
3148 5140 3445 5209 μαρτύριον
3478 5138 3573 5190 τοῦ
3608 5137 3747 5196 Θεοῦ
3778 5143 3946 5215 λέγω

687 5241 836 5299 nium
879 5235 1080 5289 mundo
1125 5249 1182 5287 se
1225 5237 1549 5288 annuntiare
1599 5233 1803 5302 liquido
1840 5239 2093 5300 exponat,
2136 5246 2258 5285 mox

2366 5234 2753 5302 καταγγέλλειν
2784 5234 2859 5305 τῷ
2904 5235 3113 5299 κόσμῳ,
3144 5232 3376 5299 Χριστὸν
3421 5229 3627 5298 Ἰησοῦν
3671 5236 3943 5306 ἐπήγαγε,

686 5342 863 5386 tamen
907 5328 1182 5383 Christum
1229 5325 1409 5379 Jesum
1466 5330 1742 5398 adiungit,
1785 5336 1838 5380 et
1900 5341 2022 5379 eum
2082 5327 2257 5382 cruci-

2366 5328 2462 5383 καὶ
2502 5328 2687 5381 τοῦτον
2740 5324 3172 5395 ἐσταυρωμένον.
3231 5320 3362 5384 Θεὸς
3414 5316 3505 5374 οὖν
3565 5323 3674 5395 ἄρα
3727 5328 3880 5381 ἐστὶν
3922 5332 3946 5380 ὁ

686 5423 872 5476 ﬁxum.
920 5421 1061 5474 Deus
1110 5419 1272 5485 igitur
1308 5427 1391 5470 est
1436 5418 1683 5473 Christus
1726 5418 1901 5481 Jesus,
1951 5420 2040 5487 qui
2077 5421 2255 5474 crucis

2365 5419 2591 5488 σταυρὸν
2643 5420 2709 5472 δι’
2759 5418 2904 5487 ἡμᾶς
2938 5412 3237 5481 ὑπομείνας
3282 5412 3513 5482 Χριστὸς
3581 5417 3830 5485 Ἰησοῦς·
3886 5412 3940 5469 οἶδ

686 5512 1005 5579 supplicium
1057 5507 1225 5563 nostri
1287 5520 1447 5561 causa
1502 5509 1790 5573 sustinuit;
1848 5508 2002 5579 cujus
2037 5524 2253 5580 quoque

2362 5512 2456 5565 καὶ
2501 5512 2561 5563 τὸ
2607 5508 2903 5580 μαρτύριον
2946 5504 3045 5557 οὐκ
3096 5504 3152 5555 ἐν
3204 5504 3444 5577 ὑπεροχῇ
3491 5507 3650 5575 λόγου
3708 5511 3806 5563 καὶ
3857 5527 3939 5561 σο-

686 5604 1053 5659 testimonium
1096 5600 1295 5656 mundo
1330 5614 1425 5668 per
1472 5606 1686 5651 sanctos
1722 5601 1995 5665 apostolos
2036 5617 2246 5656 annun-

2356 5602 2483 5669 φίας
2533 5602 2799 5667 κοσμικῆς
2856 5593 3279 5661 καταγγέλλεται
3330 5597 3408 5666 τῷ
3463 5600 3654 5668 κόσμῳ
3697 5600 3790 5651 διὰ
3834 5598 3936 5648 τῶν

764 5755 1087 5813 'Rom.xvt,
1124 5754 1202 5807 lli.
1271 5748 1604 5804 “l'l‘imoth.
1639 5753 1829 5806 nues.
1908 5756 1946 5785 ἰ
1972 5752 2127 5806 Rom.
2163 5751 2379 5817 μίμεο.

2313 5751 2381 5805 ΞΟ.
2461 5753 2500 5803 ⁸³
2530 5749 2685 5804 Joan.
2721 5762 2831 5811 xw,
2863 5744 2951 5794 27.
3033 5744 3073 5775 ¹³
3105 5744 3123 5797 Ι
3152 5744 3276 5800 Cor.
3304 5765 3338 5813 ι,
3381 5751 3430 5802 ι.
3514 5750 3705 5804 “ibid.
3730 5749 3817 5812 1'2,
3848 5748 3928 5800 15.

696 5824 736 5855 ιδ
768 5824 897 5879 ibid.
928 5822 1018 5897 2‘2,
1044 5824 1132 5877 2'5.
1246 5823 1289 5854 ¹⁶
1318 5823 1339 5875 ι
1373 5819 1498 5873 Cor.
1533 5833 1591 5885 ιι,
1632 5818 1679 5887 l,
1718 5818 1772 5873 2.
