4086 6514
132 456 275 512 ίὶὸὅ

1233 457 1322 513 DE
1359 456 1585 513 RECTA
1627 455 1783 512 FIDE
1820 453 1911 509 AD
1952 452 2271 510 REG’INAS.

3257 446 3391 503 1234

123 572 303 639 ἁγίων
346 570 682 637 ἀποστόλων,
723 570 837 625 ἀλλ’
878 571 954 636 ὡς
991 574 1049 627 ὲν
1087 572 1313 645 δυνάμει
1362 572 1689 643 Πνεύματος.

1813 570 2000 625 tiatum
2041 578 2148 633 est,
2192 580 2297 620 non
2350 562 2621 619 sermonis
2661 561 2981 627 eminentia,
3035 562 3387 614 mundameve

201 762 223 800 ε
267 744 468 813 Σοφίαν
508 745 568 799 δὲ
597 744 865 817 λαλοῦμεν
900 746 961 800 ἐν
990 749 1099 811 τοῖς
1131 747 1389 811 τελείοιςο
1423 746 1615 817 σοφίαν
1642 746 1698 800 δὲ

116 837 187 890 οὐ
214 834 310 891 τοῦ
335 837 535 900 αίῶνος
557 837 768 905 τούτου,
797 837 917 891 οὐδὲ
946 836 1055 891 τῶν
1080 838 1355 909 ἀρχόντων
1388 837 1482 890 τοῦ
1504 838 1697 900 αίῶνος

116 928 339 993 τούτου,
367 928 474 983 τῶν
525 929 1013 1001 καταργουμένων·
1064 930 1201 983 ἀλλὰ
1248 928 1514 999 λαλοῦμεν
1560 929 1695 983 Θεοῦ

118 1019 319 1085 σοφίαν
349 1020 406 1073 ἐν
441 1020 743 1090 μυστηρίῳ,
776 1019 875 1091 τὴν
903 1019 1426 1091 ἀποκεκρυμμένην,
1457 1020 1523 1090 ἣν
1564 1037 1697 1090 προ-

115 1110 321 1181 ώρισεν
359 1111 389 1163 6
422 1110 555 1174 Θεὸς
583 1112 689 1181 πρὸ
715 1110 823 1164 τῶν
855 1110 1066 1164 αίώνων
1093 1113 1173 1175 είς
1217 1111 1375 1179 δόξαν
1403 1110 1561 1182 ἡμῶν
1583 1127 1596 1141 ’
1628 1110 1696 1181 ἢν

114 1202 297 1262 οὐδεὶς
322 1200 432 1254 τῶν
454 1201 730 1271 ἀρχόντων
757 1201 851 1254 τοῦ
880 1201 1075 1265 αἰῶνος
1126 1201 1316 1255 τούτου
1341 1202 1596 1270 ἔγνωκεν.
1632 1200 1697 1253 Εἰ

116 1292 233 1360 γὰρ
262 1291 523 1360 ἔγνωσαν,
561 1293 663 1345 οὐκ
701 1291 767 1345 ἂν
792 1293 882 1346 τὸν
927 1292 1131 1363 Κύριον
1173 1293 1273 1362 τῆς
1301 1293 1457 1363 δόξης
1497 1291 1698 1345 ἐσταύ-

118 1400 326 1453 ρωσαν.
369 1403 387 1436 ι
428 1384 489 1437 Ei
523 1382 658 1436 Θεοῦ
691 1385 848 1451 σοφία
876 1384 936 1436 τὸ
966 1386 1261 1455 μυστήριον
1293 1382 1551 1455 Χριστοῦ,
1580 1380 1696 1437 εἶτα

114 1472 199 1541 τῷ
231 1476 422 1543 κόσμῳ
452 1473 803 1546 κηρύττεται,
857 1475 951 1527 καὶ
994 1474 1126 1537 Θεὸς
1166 1475 1265 1527 οὐκ
1303 1476 1449 1528 ἐστιν
1480 1475 1695 1545 ἀληθῶς

115 1564 263 1616 κατὰ
288 1565 349 1617 τό
376 1582 538 1631 τισιν,
570 1566 668 1618 οὐκ
697 1562 792 1619 οἶδ’
823 1567 989 1631 ὅπως,
1018 1566 1228 1630 δοκοῦν,
1251 1565 1343 1619 καί
1375 1569 1454 1630 είς
1471 1567 1632 1621 αὐτὸν
1658 1570 1691 1638 ἡ

114 1654 302 1716 πίστις
318 1653 419 1725 (1)’
448 1654 565 1718 πῶς
586 1656 773 1708 ὲστιτὸ
792 1657 1092 1727 μυστήριον
1110 1656 1288 1725 σοφὸν,
1308 1656 1465 1726 είτῆς
1484 1658 1695 1729 ἀληθῶς

113 1744 447 1812 θεογνωσίας
479 1743 805 1815 ἀποκομίζει
836 1747 961 1811 τοὺς
1013 1748 1104 1801 ἐπὶ
1135 1748 1233 1818 τῆς
1279 1749 1402 1819 γῆς,
1460 1749 1553 1801 καὶ
1599 1749 1696 1803 λα·-

109 1835 303 1905 τρείαν
351 1836 639 1908 ἀνθρώπου
665 1838 766 1907 τὴν
795 1839 1175 1910 οίκουμενικὴν
1218 1840 1507 1905 ἀποτελεῖ;
1552 1840 1692 1893 Ἀλλ’

1804 660 2083 730 sapientia:
2119 658 2281 725 fastu,
2307 657 2400 713 sed
2458 654 2696 725 Spiritus
2744 659 2941 706 virtute
2971 661 3023 707 ct
3055 655 3385 707 ostensione.

1877 768 1897 803 ι
1931 751 2259 820 Sapientiam
2317 757 2498 803 autem
2566 746 2839 816 loquimur
2878 746 3019 799 inter
3073 744 3381 815 perfectos:

1803 843 2126 911 sapientiam
2176 854 2304 893 vero
2354 854 2459 893 non
2504 837 2663 906 hujus
2715 836 2923 898 srecnli,
2970 851 3141 902 neque
3187 835 3387 903 princi-

1804 950 1928 1005 pum
1958 934 2116 1003 hujus
2155 931 2360 995 szeculi,
2409 930 2499 999 qui
2534 930 2931 992 destruuntur;
2986 928 3079 980 sed
3116 928 3388 993 loquimur

1803 1029 1896 1083 Dei
1946 1024 2266 1095 sapientiam
2317 1024 2369 1078 in
2419 1024 2706 1090 mysterio;
2753 1036 2870 1089 qum
2919 1020 3230 1073 abscondita
3276 1029 3386 1077 est,

1802 1133 1962 1187 quam
2010 1115 2416 1185 praedestinavit
2471 1112 2609 1166 Deus
2650 1122 2775 1165 ante
2828 1112 3021 1164 sarcula
3063 1110 3113 1163 iu
3152 1111 3382 1179 gloriam

1802 1217 2078 1269 nostram;
2123 1219 2284 1273 quam
2326 1216 2483 1255 nemo
2516 1202 2817 1269 principum
2869 1201 3031 1266 lituus
3072 1198 3254 1252 saeculi
3292 1212 3385 1249 co-

1801 1297 2009 1368 gnovit.
2048 1294 2104 1349 Si
2145 1293 2289 1346 enim
2322 1291 2724 1360 cognovissent,
2771 1304 3044 1355 nunquam
3096 1286 3383 1339 Dominum

1800 1383 1984 1456 gloria:
2008 1381 2403 1438 cruciflxisseut
2431 1379 2494 1433 ".
2530 1398 2547 1430 ›
2586 1378 2641 1433 Si
2676 1378 2877 1433 Christi
2905 1378 3251 1447 mysterium,
3276 1375 3383 1445 62

1800 1478 1942 1546 quod
1988 1476 2191 1530 mundo
2234 1475 2613 1529 annuntiatum
2670 1482 2777 1535 est,
2825 1470 2919 1525 Dei
2967 1470 3230 1540 sapientia
3280 1473 3383 1530 est,

1802 1581 1977 1637 neque
2016 1576 2194 1621 tamen
2236 1566 2506 1629 Christus,
2542 1568 2597 1618 in
2638 1580 2799 1634 quem
2856 1563 2987 1615 ﬁdes
3028 1561 3289 1629 exigitur,
3325 1573 3385 1612 ut

1802 1659 2173 1715 malenescio
2216 1659 2488 1726 quomodo
2534 1656 2858 1726 quibusdam
2917 1668 3241 1723 persnasum
3276 1664 3383 1712 cst,

1803 1765 1961 1805 verus
2018 1750 2157 1804 Deus
2208 1758 2338 1802 est:
2384 1747 2655 1817 quomodo
2698 1755 3096 1799 sacramentum
3148 1743 3248 1796 hoc
3295 1757 3385 1795 su-

1804 1844 1967 1899 blime
1997 1853 2051 1898 et
2080 1844 2297 1913 sapiens
2340 1854 2443 1907 cat,
2480 1842 2526 1895 si
2563 1840 2812 1893 homines
2845 1854 2873 1891 a
2905 1853 3030 1890 vera
3073 1835 3164 1888 Dei
3206 1834 3386 1897 cogni-

110 1928 179 1980 οὐ
222 1926 378 1981 τοῦτό
404 1929 553 1981 ἐστιν
600 1928 818 2000 ἀληθές.
852 1930 1019 2000 Σοφὸν
1049 1930 1106 1983 δὲ
1151 1930 1210 1983 τὸ
1255 1932 1571 2002 μυστήριον,
1614 1932 1689 1984 ὅτι

1805 1936 1950 1988 tione
2002 1935 2250 2000 abducit,’
2296 1943 2351 1988 et
2395 1934 2461 1987 ab
2512 1933 2646 1986 orbe
2699 1940 2991 1990 terrarum,
3061 1934 3121 1978 ut
3177 1924 3381 1978 homini

109 2016 238 2089 Θεῷ
290 2019 555 2087 προσάγει
606 2020 731 2083 τοὺς
789 2020 1271 2092 πεπλανημένουςο
1326 2021 1458 2086 Θεὸς
1508 2022 1619 2093 ἄρα
1665 2025 1695 2075 6

111 2109 372 2178 Χριστός.
414 2111 643 2182 Εἴρηται
669 2110 725 2164 δὲ
755 2112 849 2165 καὶ
879 2111 1103 2177 δικαίως
1135 2113 1339 2185 Κύριος
1359 2116 1455 2184 τῆς
1487 2113 1642 2184 δόξης
1664 2112 1695 2166 6

110 2198 552 2271 ἐσταυρωμένος.

1801 2026 2040 2080 divinum
2074 2026 2274 2079 cultum
2303 2025 2666 2094 impertiatur,
2691 2020 2900 2090 exigit?
2932 2019 3131 2073 Verum
3168 2031 3269 2069 non
3306 2016 3380 2067 ita

1801 2128 1889 2167 res
1925 2114 2106 2167 habet.
2140 2112 2470 2168 Profundum
2523 2110 2669 2165 enim
2715 2118 2771 2163 et
2805 2107 3024 2177 sapiens
3060 2104 3377 2176 mysterium

1799 2215 1902 2270 est,
1950 2205 2148 2274 quippe
2190 2206 2333 2275 quod
2377 2206 2429 2258 in
2471 2216 2716 2258 errorem
2761 2200 3023 2254 abductos
3079 2199 3146 2249 ad
3203 2195 3374 2250 Deum

113 2307 336 2348 rursum
385 2295 629 2351 reducat.
676 2293 806 2350 Jure
859 2295 1025 2366 igitur
1081 2295 1386 2366 meritoque
1443 2305 1496 2351 et
1546 2297 1686 2351 Deus
1726 2296 2025 2365 appellatur
2061 2294 2335 2362 Christus,
2412 2302 2469 2349 et
2541 2291 2725 2363 gloria:
2768 2290 3028 2344 Dominus
3065 2286 3372 2342 cruciﬁxus

108 2385 452 2456 perhibetur.

192 2493 211 2525 ι
258 2474 416 2528 Κατὰ
443 2476 541 2547 τὴν
579 2476 738 2548 χάριν
775 2478 868 2532 τοῦ
909 2478 1043 2533 Θεοῦ
1090 2478 1185 2551 τὴν
1209 2477 1454 2533 δοθεῖσάν
1484 2496 1597 2549 μοι,
1620 2479 1696 2543 ῶς

113 2564 277 2631 σοφὸς
312 2566 648 2647 ἀρχιτέκτων
707 2567 954 2639 θεμέλιον
980 2570 1174 2641 ἔθηκα,
1211 2570 1369 2634 ἄλλος
1397 2570 1453 2623 δὲ
1484 2574 1697 2624 ἐποικο-

108 2654 287 2722 δομεῖ.
310 2652 568 2723 Θεμέλιον
587 2656 695 2727 γὰρ
716 2658 876 2722 ἄλλος
908 2660 1083 2724 οὐδεὶς
1106 2660 1328 2716 δύναται
1353 2661 1522 2715 θεῖναι
1545 2663 1695 2734 παρὰ

102 2746 209 2795 ’τὸν
250 2745 521 2815 κείμενον,
565 2749 623 2812 ὃς
666 2751 812 2803 ἐστιν
854 2751 1061 2823 Ἰησοῦς
1091 2754 1375 2823 Χριστός.»
1404 2755 1465 2807 Εἰ
1494 2756 1695 2826 ἐπερη-

116 2835 386 2904 ρείσμεθα
432 2837 684 2911 καθάπερ
734 2841 839 2893 τινὶ
886 2842 1122 2914 θεμελίῳ
1168 2845 1421 2915 Χριστῷ,
1470 2847 1563 2899 καὶ
1605 2848 1691 2899 ἐπ’

106 2925 266 2995 αὐτῷ
292 2926 379 2980 διὰ
407 2928 644 2994 πίστεως
678 2931 1123 3003 οἰκοδομούμεθα,
1154 2938 1247 2988 καὶ
1288 2936 1436 2989 ἐστιν
1464 2937 1622 3000 αὐτὸς
1655 2938 1688 3007 ὴ

109 3019 336 3071 πάντων
363 3021 654 3088 ἀσφάλεια,
690 3022 807 3087 πῶς
833 3025 933 3077 οὐκ
973 3025 1039 3079 ἂν
1078 3025 1164 3098 εἴη
1207 3026 1338 3091 Θεὸς
1366 3028 1600 3097 ἀληθῶς,
1634 3030 1693 3081 ὲν

107 3104 159 3175 ᾧ
187 3110 257 3163 τὰ
283 3110 482 3177 πάντα,
514 3115 608 3167 καὶ
638 3116 671 3184 ἡ
703 3116 853 3186 παρὰ
890 3118 1107 3170 πάντων
1131 3118 1306 3181 πίστις
1325 3119 1337 3169 i
1355 3124 1403 3183 ',
1424 3122 1485 3173 οὐ
1513 3121 1693 3183 καθὼς

1878 2497 1897 2529 ι
1927 2478 2233 2534 Secundum
2269 2476 2499 2546 gratiam
2538 2475 2653 2540 Dei,
2688 2488 2807 2543 qua!
2848 2474 2969 2526 data
3002 2480 3084 2526 est
3120 2470 3285 2535 mihi,
3320 2474 3379 2522 ut

1800 2567 2017 2637 sapiens
2037 2567 2367 2621 architectus
2390 2564 2797 2619 fundamentum
2824 2562 3003 2630 posui,
3028 2561 3167 2614 alius
3194 2570 3375 2616 autem

1800 2658 2221 2728 supermdilicat.
2285 2657 2721 2711 Fundamentum
2796 2654 2939 2708 enim
3007 2653 3151 2706 aliud
3218 2666 3377 2706 nemo

1798 2762 1976 2817 potest
2003 2765 2205 2818 ponere
2236 2761 2433 2818 praiter
2469 2749 2520 2801 id
2555 2750 2696 2816 quod
2717 2748 2949 2815 positum
2987 2755 3092 2807 est,
3124 2750 3262 2812 quod
3296 2753 3378 2797 est

1798 2841 2050 2897 Christus
2091 2842 2333 2897 Jesus".
2369 2859 2387 2892 ι
2436 2839 2493 2894 Si
2544 2840 2762 2894 Christo
2810 2837 3040 2904 perinde
3082 2852 3145 2891 ac
3176 2835 3375 2889 fomla-

1797 2943 1976 2987 mento
2009 2934 2242 3002 cuipiam
2293 2934 2595 2995 innitimur,
2637 2941 2692 2984 et
2723 2945 2817 2998 per
2848 2929 3009 2983 fidem
3056 2943 3219 2996 super
3252 2943 3373 2982 eum

1793 3024 2185 3089 construimur,
2224 3034 2282 3079 et
2320 3025 2433 3092 ipse
2464 3023 2706 3077 omnium
2751 3031 2835 3074 est
2879 3021 3070 3075 salus:
3108 3020 3200 3087 qni
3245 3020 3361 3071 fieri

1796 3124 1987 3184 potest,
2015 3124 2071 3167 ut
2101 3131 2262 3169 verus
2296 3116 2435 3168 Deus
2470 3129 2573 3169 non
2596 3114 2701 3175 sit,
2753 3127 2873 3166 cum
2900 3115 3043 3165 ineo
3075 3110 3377 3165 consistant

108 3201 197 3262 είς
240 3201 336 3255 ἕνα
368 3202 477 3257 τῶν
510 3204 628 3257 καθ’
662 3206 828 3274 ἡμᾶς,
870 3206 952 3260 ὅτι
999 3208 1072 3279 μὴ
1107 3209 1281 3262 κτίσει
1329 3210 1689 3283 λελατρεύκα-

1796 3204 1999 3266 omnia,
2046 3204 2289 3272 ﬁdesque
2336 3214 2519 3257 nostra
2560 3202 2628 3256 de
2670 3202 2786 3270 ipso
2829 3202 2921 3264 sit,
2976 3216 3079 3254 non
3131 3201 3271 3255 sicut
3307 3201 3372 3254 de

109 3308 239 3361 μεν,
268 3292 403 3346 ἀλλὰ
425 3292 545 3365 Θεῷ
569 3294 647 3365 τῷ
676 3296 837 3365 φύσει
880 3298 975 3351 καὶ
1013 3299 1265 3370 ἁληθῶς;

192 3570 213 3609 σ
260 3553 373 3607 Οὐκ
418 3554 618 3621 οἴδατε,
668 3558 748 3609 ὅτι
784 3558 906 3622 ναὸς
936 3558 1071 3612 Θεοῦ
1105 3560 1227 3623 ἐστε
1258 3562 1435 3633 ὑμεῖς,
1485 3565 1578 3618 καὶ
1627 3566 1689 3618 τὸ

112 3644 341 3713 Πνεῦμα
366 3646 458 3698 τοῦ
493 3646 627 3699 Θεοῦ
657 3650 796 3701 οἰκεῖ
822 3651 878 3701 ὲν
911 3650 1067 3720 ὑμῖν;
1102 3651 1167 3703 Ei
1191 3669 1271 3715 τις
1299 3654 1388 3706 τὸν
1424 3656 1549 3707 ναὸν
1590 3656 1686 3708 τοῦ

108 3735 251 3789 Θεοῦ
300 3736 531 3807 φθείρει,
574 3738 762 3808 φθερεῖ
809 3742 995 3793 τοῦτον
1033 3744 1061 3795 6
1104 3744 1256 3806 Θεός.
1310 3745 1369 3797 '0
1402 3747 1510 3816 γὰρ
1563 3748 1688 3811 ναὸς

108 3828 208 3881 τοῦ
236 3827 369 3881 Θεοῦ
417 3829 573 3897 ἅγιός
625 3831 794 3894 ἐστιν,
821 3832 1017 3897 οἵτινές
1066 3834 1190 3887 ὲστε
1239 3836 1417 3904 ὑμεῖς.
1455 3858 1476 3889 ι
1532 3838 1595 3890 Εί
1628 3837 1689 3890 τὸ

110 3920 340 3990 Πνεῦμα
380 3921 618 3989 Χριστοῦ
662 3922 959 3993 δεχόμενοι,
1010 3925 1136 3988 ναὸς
1184 3926 1317 3979 Θεοῦ
1361 3929 1688 3997 χρηματίζο-

114 4028 238 4078 μεν,
271 4008 386 4072 πῶς
415 4009 477 4063 οὐ
508 4008 640 4072 Θεὸς
672 4010 908 4081 ἀληθῶς,
939 4014 966 4064 6
988 4012 1055 4065 δι’
1084 4014 1143 4065 ὃν
1187 4017 1345 4084 ἡμεῖς
1375 4017 1541 4085 ἐσμεν
1568 4017 1687 4069 ναοὶ

107 4100 250 4154 Θεοῦ
270 4116 284 4164 ;

188 4210 207 4242 ι
254 4190 415 4242 Ὥστε
445 4190 522 4261 μὴ
554 4190 658 4260 πρὸ
690 4191 881 4262 καιροῦ
908 4210 959 4245 τι
994 4193 1232 4264 κρίνετε,
1267 4194 1371 4257 ἕως
1405 4194 1470 4249 ἂν
1502 4195 1631 4267 ἔλθῃ
1657 4199 1685 4249 6

108 4282 338 4352 Κύριος,
367 4282 425 4345 ὃς
460 4281 557 4336 καὶ
583 4282 808 4352 φωτίσει
851 4284 919 4337 τὰ
945 4287 1163 4355 κρυπτὰ
1191 4286 1285 4338 τοῦ
1318 4287 1561 4348 σκότους,
1589 4287 1685 4340 καὶ

106 4373 416 4444 φανερώσει
463 4375 564 4439 τὰς
608 4374 804 4444 βουλὰς
850 4375 959 4428 τῶν
1012 4377 1268 4447 καρδιῶν.
1320 4379 1427 4431 Καὶ
1490 4379 1612 4431 τότε
1655 4382 1685 4432 6

104 4466 332 4528 ἔπαινος
382 4466 673 4535 γενήσεται
722 4467 935 4537 ἑκάστῳ
982 4470 1131 4537 παρὰ
1175 4468 1269 4521 τοῦ
1318 4468 1472 4521 Θεοῦ.
1520 4489 1537 4521 ι
1575 4470 1680 4523 Τὸν

1796 3293 2012 3350 homine
2064 3295 2299 3362 quodam
2339 3294 2508 3347 nostri
2544 3292 2735 3355 simili,
2764 3291 3031 3359 siquidem
3067 3300 3373 3345 creaturam

1794 3398 1899 3437 non
1950 3383 2262 3450 adoramus,
2324 3386 2419 3439 sed
2478 3400 2600 3438 eum
2650 3384 2740 3452 qui
2794 3382 3022 3437 veritate
3076 3391 3132 3435 ct
3182 3390 3373 3436 natura

1793 3472 1934 3526 Deus
1956 3483 2036 3527 est
2061 3474 2084 3525 ?

1868 3580 1887 3613 ι
1918 3562 2151 3618 Nescitis
2171 3565 2297 3633 quia
2329 3564 2588 3632 templum
2617 3564 2710 3617 Dei
2739 3565 2876 3618 estis
2903 3578 3022 3628 vos,
3054 3573 3109 3617 et
3140 3562 3374 3631 Spiritus

1794 3652 1885 3707 Dei
1922 3655 2132 3709 habitat
2167 3658 2218 3709 in
2270 3656 2463 3711 vobis?
2496 3657 2553 3711 Si
2583 3656 2706 3725 quis
2749 3665 2930 3710 autem
2968 3656 3225 3724 templum
3270 3655 3368 3710 Dei

1793 3745 2092 3809 violaverit,
2148 3746 2429 3816 disperdet
2484 3748 2633 3802 illum
2671 3747 2829 3803 Deus.
2896 3746 3177 3813 Templum
3224 3748 3369 3800 enim

1794 3834 1887 3888 Dei
1932 3838 2183 3889 satietum
2225 3848 2330 3901 est,
2382 3838 2530 3905 quod
2583 3837 2713 3890 estis
2766 3850 2862 3892 vos
2887 3835 2952 3888 “.
2982 3852 3001 3884 ι
3056 3833 3114 3887 Si
3164 3834 3371 3890 Christi

1792 3923 2050 3993 Spiritum
2092 3926 2470 3994 suscipientes,
2514 3927 2770 3995 templum
2825 3924 2919 3980 Dei
2959 3940 3146 3979 sumus
3182 3940 3195 3978 :
3234 3941 3373 3994 quo-

1789 4016 1949 4069 modo
1999 4031 2161 4071 verus
2210 4015 2352 4072 Deus
2399 4019 2706 4075 censendus
2762 4033 2868 4073 non
2914 4025 3020 4081 est,
3068 4029 3163 4082 per
3207 4031 3367 4085 quem

1792 4107 1984 4175 templa
2018 4110 2107 4163 Dei
2149 4110 2569 4164 constituirnur?
3146 4102 3157 4113 ³

1864 4219 1883 4251 ι
1917 4202 2101 4270 itaque
2142 4202 2310 4255 nolite
2347 4212 2476 4257 ante
2517 4213 2728 4273 tempus
2782 4204 3050 4275 judicare,
3084 4210 3364 4277 quoadus-

1785 4305 1891 4358 que
1919 4291 2099 4343 veniat
2134 4291 2411 4356 Dominus,
2444 4294 2533 4361 qui
2578 4302 2631 4347 et
2663 4295 2993 4351 illuminahit
3038 4299 3358 4354 abscondita

1790 4382 2150 4445 tenebrarum,
2193 4390 2247 4435 et
2296 4382 2666 4436 manifestabit
2718 4384 2942 4439 consiiia
2991 4388 3235 4441 cordium
3269 4406 3281 4441 :
3314 4398 3368 4440 et

1788 4479 1914 4523 tunc
1948 4470 2065 4522 laus
2106 4472 2213 4524 erit
2255 4472 2550 4540 unicuique
2585 4488 2613 4525 a
2649 4473 2758 4527 Deo
2782 4475 2848 4529 ὀ.
2884 4494 2902 4525 ι
2942 4476 3229 4530 Dominum
3266 4494 3366 4532 no-

104 4556 317 4628 Κύριον
344 4557 502 4627 ἡμῶν
551 4558 756 4628 Ἰησοῦν
798 4559 889 4613 τὸν
935 4560 1169 4630 Χριστὸν
1208 4560 1265 4625 ἐξ
1313 4561 1542 4629 οὐρανοῦ
1578 4578 1678 4613 και

1795 4570 1958 4616 strum
1992 4559 2174 4615 Jesum
2205 4560 2480 4615 Christum
2533 4562 2661 4616 olim
2710 4578 2740 4616 e
2785 4566 2940 4620 caelis
2971 4567 3364 4621 descensurum

102 4648 340 4719 ταὸῆναι
388 4651 774 4721 προσδοκῶμεν
810 4652 951 4706 κατὰ
982 4653 1226 4722 καιροὺς,
1260 4644 1305 4719 ᾧ
1341 4652 1442 4705 καὶ.
1482 4652 1683 4715 πάντες

105 4741 576 4811 παραστησόμεθα
606 4743 840 4813 κρίνοντι
872 4745 940 4797 τὰ
972 4742 1211 4814 κρυπτὰ,
1240 4743 1333 4796 καὶ
1360 4742 1683 4815 φανεροῦντι

103 4829 210 4894 τὰς
243 4830 436 4899 βουλὰς
468 4832 576 4886 τῶν
607 4834 865 4904 καρδιῶν.
896 4835 1017 4888 Ὅτι
1044 4836 1099 4888 δὲ
1129 4836 1223 4889 καὶ
1252 4836 1525 4888 ἐπαινέσει
1556 4835 1683 4899 τοὺς

103 4919 372 4988 δικαίους,
408 4922 961 4995 πεπληροφορήμεθα.
1004 4924 1127 4986 Τοῖς
1152 4924 1258 4995 γὰρ
1298 4924 1584 4994 ἑστηκόσιν
1618 4926 1682 4977 ὲκ

102 5012 300 5076 δεξιῶν
348 5015 496 5085 ἑρεῖ’
548 5034 565 5066 ι
602 5016 797 5080 Δεῦτε,
836 5019 883 5070 οί
922 5016 1271 5085 εὐλογημένοι
1322 5015 1415 5068 τοῦ
1467 5017 1679 5087 Πατρός

108 5119 241 5173 μου,
287 5102 730 5176 κληρονομήσατε
760 5106 861 5177 τὴν
908 5108 1313 5177 ἡτοιμασμένην
1362 5108 1490 5176 ὑμῖν
1524 5109 1679 5177 βασι-

104 5193 263 5247 λείαν
303 5194 411 5247 ἀπὸ
457 5196 759 5266 καταϐολῆς
804 5198 1029 5268 κόσμου.
1070 5217 1087 5249 ι
1125 5198 1252 5250 Ὀτε
1286 5197 1465 5250 τοίνυν
1510 5199 1682 5250 ἐπαι-

104 5284 331 5349 νοῦντος
373 5287 631 5358 Χριστοῦ,
684 5289 773 5342 τὸν
820 5289 1038 5343 ἔπαινον
1091 5292 1304 5360 ἑκάστῳ
1354 5289 1681 5359 γενήσεσθαί

106 5392 247 5446 φησι
283 5378 433 5447 παρὰ
463 5379 555 5431 τοῦ
605 5379 761 5441 Θεοῦ,
794 5381 910 5444 πῶς
955 5383 1015 5434 οὐ
1060 5381 1188 5443 Θεός
1221 5383 1368 5433 ὲστιν
1398 5381 1681 5451 ὲναργῶς;

187 5488 229 5521 "
266 5489 282 5543 Ι
313 5489 439 5544 Cor.
471 5506 512 5556 ι,
551 5490 672 5546 6-8.
750 5490 833 5545 "1
860 5491 988 5547 Cor.
1038 5507 1117 5557 Ill,
1165 5492 1249 5557 10,
1290 5492 1376 5545 ll.

1786 4661 2184 4718 exspectamus,
2236 4654 2322 4706 cui
2372 4653 2586 4708 occulta
2632 4653 2963 4721 iudicaturo,
3008 4658 3365 4727 cordiumque

1786 4740 2010 4797 consilia
2036 4739 2371 4810 patefactum
2403 4744 2661 4799 sistemur
2686 4758 2897 4802 ormies.
2929 4747 3081 4811 Quod
3108 4748 3152 4800 is
3182 4760 3363 4802 autem

1780 4829 1956 4897 justos
1979 4832 2051 4884 sit
2076 4832 2580 4897 commendaturus,
2611 4834 2922 4895 edocemur.
2951 4837 3091 4903 quod
3117 4840 3183 4890 ad
3218 4838 3363 4901 illos,

1785 4923 1877 4991 qui
1921 4937 1948 4974 a
1977 4923 2197 4977 dextera
2234 4924 2308 4976 illi
2341 4926 2622 4989 assistunt,
2660 4926 2735 4979 ita
2767 4926 3012 4981 dicturus
3046 4929 3119 4981 sit
3150 4946 3162 4981 :
3202 4949 3219 4980 ‹
3262 4931 3363 4984 Ve-

1789 5015 1917 5080 nite,
1954 5014 2219 5069 benedicu
2255 5014 2432 5073 Patris
2458 5018 2583 5080 mei,
2616 5018 2887 5086 possidete
2930 5031 3174 5088 paratum
3209 5024 3361 5075 vobis

1787 5121 2010 5177 regnum
2064 5122 2095 5160 a
2162 5108 2549 5163 constitutione
2616 5112 2797 5165 mundi
2830 5112 2897 5165 ²¹.
2934 5131 2952 5163 ι
3010 5112 3141 5165 Cum
3199 5113 3361 5183 igitur

1786 5198 2002 5252 Christo
2055 5198 2333 5262 laudante,
2368 5193 2519 5253 suam
2567 5201 2859 5271 unicuique
2909 5219 2936 5255 a
2987 5203 3098 5259 Deo
3150 5206 3358 5259 laudem

1790 5292 2047 5345 tributum
2087 5291 2150 5344 iri
2203 5292 2405 5346 diserte
2445 5293 2720 5361 praedicet,
2764 5296 3036 5364 quomodo
3079 5298 3355 5351 Christum

1790 5379 1956 5433 Deum
1984 5394 2104 5433 esse
2135 5396 2238 5433 non
2270 5382 2554 5437 manifeste
2578 5385 2841 5453 apparet?

1456 5494 1497 5525 '°
1546 5492 1677 5546 ibid.
1718 5490 1815 5554 16,
1857 5490 1944 5543 17.
2022 5487 2111 5541 ⁸⁰1
2147 5489 2273 5544 Cor.
2305 5506 2377 5554 tv,
2406 5492 2460 5559 5,
2492 5492 2542 5546 6.
2622 5497 2662 5526 ²¹
2697 5494 2884 5551 Matth.
2922 5512 3045 5561 xxv,
3082 5496 3169 5550 54.

1184 5618 1359 5674 Variae
1386 5621 1640 5678 lcetiones
1672 5623 1873 5678 codicis
1900 5622 2257 5693 Seguieriani.

181 5687 230 5738 ι’
254 5687 403 5759 παρὰ
424 5686 604 5741 αὐτῶν
628 5688 828 5750 πίστις.

178 5778 256 5850 (ι)
281 5778 509 5865 Phrasis
542 5782 874 5865 perturbata.
906 5796 1065 5847 quam
1098 5783 1328 5839 fortasse
1364 5786 1665 5850 sanaveris,

1795 5787 1855 5842 ba
1889 5786 1979 5839 καὶ
2011 5788 2092 5849 εἰς
2121 5787 2277 5841 αὐτὸν
2317 5790 2493 5854 πίστις
2527 5801 2646 5860 post
2678 5792 2749 5861 τῷ
2782 5793 2970 5863 κόσμῳ
3002 5792 3347 5865 κηρύττεται.

106 5853 525 5921 transponendo.
568 5850 723 5906 Εοιτ.
756 5850 827 5905 ΡΑ
840 5866 996 5907 non.
