4086 6480
719 439 853 495 Ιῖὖὸ

792 580 812 612 ι
846 561 926 612 Αη
962 558 1181 614 nescitis
1218 556 1472 627 quoniam
1508 553 1743 608 membra
1778 561 1957 607 vestra
2012 548 2265 618 templum
2300 552 2342 606 Α

725 661 850 706 sunt
879 650 1110 719 Spiritus
1141 649 1335 715 sancti,
1367 647 1457 716 qui
1489 649 1540 701 in
1571 645 1722 700 vobis
1745 654 1846 709 est,
1877 658 2032 712 quem
2065 640 2273 696 habetis

719 759 747 794 a
783 743 909 806 Deo,
960 748 1012 795 et
1039 741 1144 811 63
1177 756 1279 793 non
1315 739 1448 793 estis
1490 737 1699 792 vestri?
1738 735 1911 805 Empti
1948 733 2090 787 enim
2143 731 2275 785 estis

718 833 892 901 pretio
923 846 1141 900 magno.
1183 829 1500 884 Gloriﬁcate
1544 837 1596 882 et
1625 836 1834 896 portate
1869 825 2032 879 Deum
2065 824 2115 875 in
2156 837 2278 875 cor-

719 940 849 991 pore
902 934 1078 976 vestro
1101 925 1165 975 ¹².
1203 941 1220 972 ι
1276 921 1332 975 Si
1389 921 1592 989 Spiritu
1642 918 1841 972 Christi
1890 925 2110 984 accepto
2154 913 2278 967 facti

722 1030 907 1068 sumus
940 1014 1137 1082 templa
1173 1013 1287 1077 Dei,
1335 1013 1595 1080 redempti
1631 1009 1891 1079 sanguine
1928 1008 2096 1070 illius,
2123 1006 2194 1060 ita
2227 1014 2283 1058 ut

720 1105 831 1173 jam
863 1120 968 1158 non
1006 1104 1143 1157 ultra
1189 1105 1239 1157 in
1288 1115 1470 1158 nostra
1514 1105 1752 1171 ipsorum
1790 1108 2055 1168 potestate
2091 1097 2281 1158 simus,

723 1211 899 1264 neque
948 1196 1101 1250 nobis
1150 1197 1278 1265 ipsis
1323 1197 1431 1264 jam
1485 1195 1714 1264 amplius
1756 1195 2018 1258 vivamus,
2068 1191 2160 1245 sed
2210 1190 2284 1244 illi

723 1287 816 1354 qui
872 1302 969 1339 nos
1007 1297 1275 1342 mercatus
1315 1297 1396 1340 est
1432 1303 1444 1339 :
1480 1285 1744 1354 quomodo
1789 1283 2131 1352 perspicuum
2178 1296 2284 1334 nou

727 1388 810 1432 est
850 1377 1142 1440 Christum,
1181 1394 1275 1443 per
1303 1393 1459 1446 quem
1506 1375 1700 1444 templa
1733 1375 1824 1428 Dei
1855 1373 2136 1438 eﬂieiinur,
2169 1373 2286 1426 cui-

729 1482 831 1537 que
856 1469 1076 1536 perinde
1110 1485 1172 1521 ac
1199 1469 1306 1522 Deo
1337 1469 1624 1533 servimus,
1653 1481 1835 1520 verum
1866 1480 1985 1520 esse
2015 1464 2219 1518 Deum?

807 1579 824 1610 «ι
855 1561 926 1614 De
965 1561 1102 1615 escis
1144 1571 1348 1623 autem,
1393 1575 1511 1628 quze
1557 1559 1713 1614 idolis
1760 1558 2130 1620 immolantur,
2177 1556 2284 1610 sci-

733 1666 849 1704 mus
887 1652 1006 1719 quia
1044 1651 1173 1704 nihil
1207 1661 1289 1704 est
1323 1651 1520 1704 idolum
1566 1651 1617 1702 in
1654 1649 1870 1710 mundo,
1905 1659 1960 1702 et
1988 1648 2127 1716 quod
2171 1648 2290 1700 nul-

736 1740 815 1793 lus
840 1753 920 1794 est
950 1741 1108 1806 Deus,
1145 1741 1247 1795 nisi
1279 1757 1437 1793 unus.
1468 1740 1596 1792 Nam
1621 1739 1720 1792 etsi
1751 1748 1895 1800 sunt,
1931 1737 2020 1806 qui
2045 1738 2292 1792 dicantur

736 1833 828 1897 ilii,
864 1835 974 1886 sive
1010 1834 1060 1886 in
1093 1833 1248 1896 etelo,
1288 1833 1400 1884 sive
1442 1833 1492 1882 in
1523 1840 1664 1884 terra
1722 1829 2006 1898 (siquidem
2055 1839 2181 1882 sunt
2219 1829 2289 1881 dii

739 1923 910 1986 multi,
935 1931 988 1974 et
1019 1923 1219 1975 domini
1252 1921 1446 1987 multi),
1493 1922 1645 1975 nobis
1681 1929 1856 1974 tamen
1887 1934 2022 1972 unus
2045 1929 2125 1973 est
2154 1918 2293 1974 Deus

737 2013 915 2076 Pater,
947 2029 1009 2065 ex
1041 2028 1146 2080 quo
1176 2013 1380 2077 omnia,
1431 2023 1485 2066 et
1519 2026 1614 2066 nos
1653 2012 1705 2064 in
1734 2012 1910 2072 illum;
1939 2020 1992 2064 et
2022 2025 2158 2062 unus
2187 2009 2290 2063 Do-

737 2104 914 2157 minus
941 2102 1098 2156 Jesus
1133 2103 1405 2164 Christus,
1443 2118 1537 2170 per
1565 2117 1722 2171 quem
1755 2103 1955 2163 omnia,
1993 2111 2046 2154 et
2078 2113 2174 2153 nos
2201 2113 2295 2168 per

738 2191 910 2256 ipsum
936 2192 1000 2244 ".
1037 2211 1053 2242 ι
1091 2192 1144 2244 Si
1188 2207 1327 2245 unus
1371 2191 1516 2246 solus
1549 2201 1630 2245 est
1662 2193 1818 2254 Deus,
1856 2201 1908 2245 et
1939 2191 2072 2244 alius
2105 2201 2296 2259 praeter

737 2279 883 2331 illum
931 2280 1137 2344 mullus;
1189 2284 1480 2336 assumitur
1543 2293 1718 2336 autem
1775 2283 1825 2333 in
1903 2296 2060 2333 unam
2127 2282 2296 2334 deita-

740 2370 806 2420 tis
872 2379 1117 2422 naturam
1194 2388 1330 2424 unus
1368 2372 1455 2424 ille
1500 2370 1653 2424 Jesus
1685 2370 1952 2430 Christus,
1997 2384 2090 2436 per
2139 2383 2295 2436 quem

738 2460 1004 2511 exsistunt
1036 2459 1211 2512 omnia
1255 2475 1268 2510 :
1319 2460 1458 2512 Deus
1521 2461 1702 2526 utique
1763 2461 1865 2512 erit
1913 2459 2184 2520 Christus,
2243 2467 2300 2509 ut

739 2548 829 2613 qui
876 2549 1034 2600 etiam
1091 2557 1222 2611 tum,
1259 2564 1377 2601 cum
1431 2564 1493 2602 ex
1561 2549 1781 2602 muliere
1851 2558 2031 2612 natus,
2071 2547 2302 2615 appella-

742 2647 826 2690 tus
867 2649 946 2690 est
976 2636 1134 2693 Jesus
1174 2638 1442 2704 Christus,
1487 2639 1708 2692 immote
1753 2639 1804 2690 in
1848 2639 2022 2691 Patris
2074 2637 2302 2690 consub-

742 2729 1097 2782 stantialitate
1153 2731 1492 2783 subsisteret.
1545 2729 1597 2781 lil
1656 2729 1814 2782 etiam
1870 2727 2303 2781 animadvertere

742 2817 828 2871 hic
861 2819 1002 2883 licet,
1041 2835 1233 2888 nempe
1262 2819 1400 2887 quod
1428 2819 1606 2874 omnia
1633 2834 1726 2887 per
1758 2834 1920 2871 unum
1949 2817 2118 2880 illum,
2146 2830 2300 2884 quem

741 2907 920 2961 Jesum
973 2909 1240 2962 Christum
1297 2910 1407 2977 ipse
1448 2920 1640 2974 vocat,
1685 2919 1938 2976 tanquam
1991 2923 2086 2975 per
2138 2922 2300 2957 unum

744 2995 936 3049 Filium
972 2999 1266 3051 secundum
1298 2997 1744 3065 dispensatoriam
1792 2996 2046 3050 unionem
2089 2994 2302 3046 condita

745 3103 864 3141 esse
897 3087 1140 3141 aiiirmet.

822 3198 838 3227 ι
867 3177 1090 3244 Factus,
1139 3179 1334 3245 inquit,
1379 3193 1496 3230 sum
1541 3178 1607 3230 iis
1646 3177 1736 3245 qui
1789 3176 1908 3232 sine
1952 3177 2070 3246 lege
2124 3188 2302 3238 erant,
2335 3213 2378 3273 Ο

751 3279 1007 3337 tanquam
1041 3270 1155 3322 sine
1208 3269 1322 3338 lege
1360 3284 1531 3323 essein
1559 3310 1572 3333 ,
1621 3283 1740 3322 cum
1776 3269 1892 3322 sine
1928 3268 2040 3337 lege
2069 3270 2158 3322 Dei
2206 3284 2308 3321 non

750 3375 947 3424 essem,
1001 3360 1092 3412 sed
1145 3361 1195 3412 in
1240 3359 1355 3425 lege
1390 3375 1564 3414 essem
1611 3359 1812 3414 Christi
1840 3360 1899 3410 ’⁵.
1937 3340 1984 3410 ι’
2012 3359 2069 3412 Si
2115 3359 2311 3413 Christi

751 3452 922 3517 legem
961 3452 1186 3514 habens,
1219 3450 1311 3505 Dei
1353 3450 1519 3520 legem
1556 3451 1737 3518 habet,
1767 3451 2036 3520 quomodo
2071 3449 2315 3503 Christus

754 3557 860 3593 non
891 3551 974 3595 est
1004 3542 1180 3594 Deus‘l

831 3649 848 3680 ι
877 3630 1002 3685 Sine
1047 3630 1343 3685 oil'ensione
1390 3636 1560 3684 estote
1588 3627 1787 3682 Judaeis
1836 3638 1889 3683 et
1943 3629 2216 3699 gentibus,
2263 3641 2317 3683 et

755 3720 1008 3778 Ecclesiae
1050 3722 1140 3776 Dei
1167 3724 1230 3776 ".
1264 3741 1283 3774 ι
1328 3723 1561 3777 Adverte
1609 3722 1694 3776 hic
1731 3737 1976 3786 rursum,
2019 3722 2157 3791 quod
2197 3737 2314 3775 eam

762 3813 1078 3879 Ecelesiam,
1137 3829 1296 3883 quam
1347 3813 1440 3868 Dei
1490 3815 1591 3868 hoc
1644 3813 1763 3868 loco
1820 3813 2070 3883 appellat,
2119 3812 2317 3866 Christi

759 3921 879 3960 esse
912 3906 1194 3973 intelligat.

838 4017 854 4048 ι
883 3999 1017 4052 Volo
1055 4011 1234 4052 autem
1263 4013 1360 4048 vos
1411 3997 1574 4058 scire,
1628 3997 1767 4063 quod
1807 3996 1983 4048 onmis
2023 3995 2120 4047 viii
2163 4002 2323 4061 eaput

761 4087 1007 4141 Christus
1035 4099 1138 4149 est,
1172 4098 1332 4155 caput
1380 4097 1558 4138 autem
1595 4087 1834 4140 mulieris
1866 4088 1975 4151 vir;
2012 4095 2169 4153 caput
2196 4100 2324 4138 vero

761 4174 960 4228 Christi
996 4174 1135 4229 Deus
1157 4174 1221 4227 ³⁵.
1259 4193 1276 4225 ι
1315 4174 1512 4227 Beatus
1548 4172 1721 4228 Lucas
1752 4175 1874 4227 dum
1899 4175 2100 4228 Christi
2132 4189 2326 4243 genea-

763 4263 958 4332 logiam
988 4267 1144 4330 texit,
1175 4281 1201 4317 a
1235 4265 1430 4333 Joseph
1469 4279 1728 4326 exorsus,
1770 4266 2022 4334 paulatim
2053 4266 2116 4318 ad
2155 4263 2324 4316 Adam

764 4371 932 4422 usque
985 4358 1248 4419 ascendit,
1305 4372 1367 4410 ac
1413 4356 1627 4409 tandem
1669 4357 1831 4408 infert
1861 4374 1873 4408 :
1902 4355 2003 4419 Qui
2052 4355 2150 4422 fuit
2191 4354 2325 4415 Dei,

766 4448 936 4512 ipsum
985 4449 1236 4500 nimirum
1267 4459 1565 4499 creatorem
1605 4447 1768 4499 Deum
1803 4447 2054 4515 principii
2088 4446 2203 4499 loco
2235 4447 2327 4498 ho-

1732 431 1788 486 S.
1829 423 2100 484 CYRILLI
2137 418 2601 479 ALEXANDBINI
2639 415 2956 474 ARCHIEP.

3815 407 3955 462 £236

2447 563 2464 595 ι
2515 543 2586 595 Ἦ
2618 543 2718 594 οὐκ
2749 540 2946 601 οἴδατε,
2990 536 3072 588 ὅτι
3106 533 3174 587 τὰ
3214 531 3440 602 σώματα
3488 528 3652 600 ὑμῶν
3699 527 3830 588 ναὸς
3863 527 3955 579 τοῦ

2375 635 2432 686 ὲν
2466 634 2592 702 ὑμῖν
2630 631 2784 698 ἁγίου
2815 626 3126 697 Πνεῦματός
3164 625 3328 685 ἐστιν,
3365 614 3426 674 οῦ
3461 620 3615 689 ἔχετε
3649 617 3764 671 ἀπὸ
3795 615 3954 678 Θεοῦ,

2377 726 2471 778 καὶ
2509 726 2607 778 οὐκ
2639 725 2760 776 ἐστὲ
2799 720 3039 784 ὲαυτῶν;
3081 715 3450 788 Ἠγοράσθητε
3483 713 3591 782 γὰρ
3625 709 3820 779 τιμῆς.
3859 711 3958 758 Δο-

2380 816 2574 881 ξάσατε
2611 814 2673 885 δὴ
2706 814 2794 866 τὸν
2838 811 2969 864 Θεὸν
3017 811 3074 863 ὲν
3120 807 3198 878 τῷ
3247 804 3456 875 σώματι
3503 803 3678 873 ὑμῶν.
3723 821 3743 851 ι
3802 799 3867 851 Εἰ
3899 797 3958 849 τὸ

2380 906 2604 976 Πνεῦμα
2628 902 2864 975 Χριστοῦ
2895 901 3168 966 λαϐόντες,
3194 899 3495 967 γεγόναμεν
3523 895 3644 946 ναοὶ
3674 889 3838 952 Θεοῦ,
3865 891 3959 940 καὶ

2380 998 2477 1049 οὐκ
2512 998 2676 1066 ἐσμεν
2707 993 2932 1058 ἑαυτῶν,
2969 989 3362 1061 ἀγορασθέντες
3407 985 3485 1055 τῷ
3517 985 3714 1054 αἵματι
3768 979 3956 1038 αὑτοῦ,

2381 1089 2452 1151 ὡς
2503 1089 2698 1158 μηκέτι
2744 1087 2843 1156 ζῇν
2876 1086 3021 1155 ἡμᾶς
3053 1082 3286 1144 ἑαυτοῖς,
3323 1078 3457 1132 ἀλλὰ
3504 1076 3578 1144 τῷ
3631 1072 3956 1142 πριαμένῳ·

2386 1181 2502 1242 πῶς
2525 1182 2586 1232 οὑ
2616 1179 2746 1241 Θεὸς
2775 1179 2804 1229 6
2836 1175 3067 1247 Χριστὸς
3109 1173 3367 1243 ἐναργῶς,
3409 1171 3437 1222 6
3482 1169 3548 1220 δι’
3591 1166 3654 1218 ὃν
3699 1169 3803 1217 καὶ
3841 1162 3960 1214 ναοὶ

2385 1267 2518 1319 Θεοῦ
2556 1269 2720 1337 ἐσμεν
2750 1269 2929 1336 ἡμεῖς,
2958 1257 3002 1332 ᾧ
3031 1263 3126 1316 καὶ
3157 1261 3231 1322 ὡς
3259 1260 3376 1330 Θεῷ
3414 1257 3739 1325 δουλεὼμεν
3763 1270 3779 1318 ;

2467 1596 2484 1628 ι
2509 1576 2643 1647 Περὶ⁸
2657 1575 2756 1643 τῆς
2788 1573 3039 1644 βρώσεως
3067 1568 3158 1624 οῦν
3180 1569 3285 1622 τῶν
3319 1565 3703 1626 εἰδωλοθύτων,
3737 1561 3966 1630 οἴδαμεν

2391 1669 2467 1722 ὅτι
2506 1668 2657 1722 οὐδὲν
2691 1666 2905 1719 εἴδωλον
2946 1665 3002 1716 ὲν
3032 1663 3239 1730 κόσμῳ,
3275 1659 3365 1712 καὶ
3393 1659 3472 1711 ὅτι
3504 1655 3677 1716 οὐδεὶς
3727 1653 3890 1715 Θεὸς,
3924 1655 3966 1702 εἰ

2395 1760 2468 1829 μὴ
2500 1753 2598 1820 εἷς.
2627 1756 2734 1810 Καὶ
2761 1755 2869 1824 γὰρ
2901 1755 3055 1822 εἴπερ
3091 1749 3487 1817 εἰσὶλεγόμενοι
3523 1744 3788 1808 θεοὶ,εἶτε
3804 1744 3865 1793 ὲν
3883 1742 3968 1792 06-

2325 1895 2364 1947 B
2398 1848 2560 1918 ρανῷ,
2608 1848 2716 1900 εῐτε
2768 1847 2860 1898 ἐπὶ
2903 1845 3002 1914 τῆς
3046 1844 3146 1913 γῆς
3193 1842 3400 1947 (ὦστξερ
3459 1836 3712 1947 siciles?
3747 1833 3966 1947 fuit;

2396 1939 2489 1990 καὶ
2532 1937 2712 2009 κύριοι
2761 1935 2992 2004 πολλοὶ),
3039 1936 3167 2004 ἡμῖν
3198 1933 3253 1984 δὲ
3293 1927 3373 1992 εἷς
3409 1929 3540 1991 Θεὸς
3580 1928 3609 1978 6
3653 1924 3875 1993 Πατὴρ,
3916 1923 3970 1985 ὲξ

2394 2025 2454 2083 οῦ
2500 2029 2567 2081 τὰ
2611 2028 2807 2090 πάντα,
2841 2028 2934 2079 καὶ
2982 2026 3140 2094 ἡμεῖς
3184 2024 3263 2085 εἰς
3287 2021 3478 2074 αὐτόν⁸
3508 2018 3600 2071 καὶ
3637 2011 3721 2078 εἷς
3767 2015 3970 2083 Κύριος

2408 2117 2613 2189 Ἰησοῦς
2647 2120 2896 2189 Χριστος,
2921 2117 2987 2169 δι’
3019 2110 3080 2169 οῦ
3104 2115 3170 2167 τὰ
3197 2114 3390 2175 πάντα,
3416 2111 3508 2164 καὶ
3537 2110 3701 2178 ἡμεῖς
3765 2107 3836 2159 δι’
3875 2106 3970 2158 air

2393 2210 2509 2264 τοῦ.
2544 2229 2560 2260 ι
2599 2210 2662 2264 Εἰ
2689 2210 2849 2278 μόνος
2876 2203 2956 2270 εἷς
2983 2211 3098 2260 ἐστι
3119 2205 3271 2268 Θεὸς,
3307 2203 3400 2255 καὶ
3433 2202 3618 2271 ἕτερος
3646 2198 3787 2263 παρ’
3813 2196 3971 2250 αὑτὸν

2397 2302 2586 2367 οὐδεὶς,
2629 2297 3224 2369 συμπαραλαμϐάνεται
3247 2295 3301 2347 δὲ
3330 2294 3408 2354 εἰς
3437 2292 3536 2356 τὴν
3563 2289 3695 2357 μίαν
3728 2287 3834 2354 τῆς
3865 2285 3969 2337 θεό-

2397 2407 2554 2457 τητος
2579 2389 2737 2456 φύσιν
2765 2391 2792 2440 6
2815 2383 2894 2449 εἷς
2922 2387 3152 2457 Χριστὸς
3187 2383 3414 2454 Ἰησοῦς,
3463 2381 3530 2432 δι’
3557 2370 3622 2431 οῦ
3651 2378 3727 2430 τὰ
3761 2377 3967 2429 πάντα·

2401 2480 2528 2543 Θεὸς
2553 2475 2645 2530 οῦν
2669 2477 2776 2548 ἄρα
2803 2478 2951 2528 ἐστὶν
2983 2477 3038 2527 ὲν
3068 2473 3443 2541 όμοουσιότητι
3465 2467 3559 2520 τοῦ
3592 2465 3818 2535 [ἰατρὸς
3840 2463 3971 2514 νοοῦ-

2405 2586 2562 2640 μενος
2586 2568 2798 2630 Θεῖκῶς,
2821 2568 2914 2620 καὶ
2938 2567 3024 2618 ὅτε
3048 2563 3451 2634 κεχρημάτικεν
3479 2557 3688 2628 Ἰησοῦς
3713 2556 3968 2626 Χριστὸς,

2402 2646 2687 2729 γενόμενος
2733 2660 2796 2712 ὲκ
2849 2657 3124 2724 γυναικός.
3191 2653 3551 2722 Ἐπιτηρῆσαι
3608 2649 3665 2703 δὲ
3713 2648 3851 2718 χρὴ,
3899 2648 3970 2699 ὅτι

2402 2750 2632 2820 Χριστὸν
2672 2748 2876 2820 Ἰησοῦν
2912 2747 3204 2817 ὀνομάσας,
3243 2743 3309 2797 δι’
3345 2740 3508 2795 αὑτοῦ
3558 2740 3628 2792 τὰ
3671 2741 3859 2792 πάντα
3890 2753 3971 2804 γε·

2403 2841 2588 2893 νέσθαι
2622 2842 2806 2910 φησιν,
2838 2839 2913 2902 ὼς
2945 2838 3061 2900 ἑνὸς
3093 2837 3243 2897 ὄντος
3272 2832 3402 2887 Υἱοῦ
3436 2831 3557 2886 καθ’
3591 2831 3796 2885 ἕνωσιν
3835 2832 3967 2881 οἰκο-

2404 2949 2461 2983 νο
2468 2932 2652 3001 μικήν.

2485 3206 2503 3238 ι
2560 3186 2874 3254 Ἐγενόμην,
2917 3186 3068 3254 φησὶ,
3116 3186 3226 3245 τοῖς
3276 3182 3494 3250 ἀνόμοις
3529 3180 3605 3242 ὡς
3643 3180 3870 3249 ἄνομα.
3909 3177 3975 3245 μὴ

2414 3275 2489 3328 ὢν
2533 3276 2731 3346 ἄνομος
2761 3275 2897 3344 Θεῷ,
2945 3274 3058 3326 ἀλλ’
3103 3273 3323 3342 ἔννομος
3359 3269 3595 3340 Χριστῷ.
3647 3288 3667 3320 ι
3703 3269 3771 3320 Ei
3796 3270 3824 3320 6
3856 3268 3975 3335 Χρι-

2418 3368 2540 3420 στοῦ
2580 3367 2740 3436 νόμον
2786 3367 2941 3436 ἔχων,
2977 3366 3137 3436 νόμον
3172 3364 3283 3433 ἔχει
3323 3361 3480 3427 Θεοῦ,
3521 3360 3640 3423 πῶς
3682 3360 3748 3411 οῦ
3797 3358 3978 3420 Θεὸςό

2414 3459 2642 3530 Χριστός
2665 3476 2680 3524 ;

2493 3653 2511 3688 ‹
2569 3633 2926 3703 Ἀπρόσκοποι
2956 3629 3070 3682 ,καὶ
3123 3625 3390 3685 Ἰουδαίοις
3429 3619 3662 3688 γίνεσὺε,
3715 3619 3814 3670 καὶ
3864 3616 3980 3667 Ἕλ-

2418 3725 2562 3794 λησι,
2591 3725 2685 3776 καὶ
2705 3724 2770 3791 τῇ
2821 3717 3113 3787 Ἐκκλησία
3144 3715 3237 3767 τοῦ
3269 3712 3422 3766 Θεοῦ.
3461 3729 3478 3760 ι
3518 3707 3980 3794 Σημειωτὲονὶξτι

2420 3813 2553 3864 Θεοῦ
2583 3812 2755 3877 λέγων
2794 3810 2890 3878 τὴν
2951 3806 3297 3874 Ἐκκλησίαν,
3347 3797 3584 3870 Χριστοῦ
3631 3797 3800 3849 πάλιν
3852 3791 3982 3846 οἶδεν

2422 3904 2609 3972 αὑτήν.

2501 4014 2517 4046 ι
2564 3995 2711 4047 Θέλω
2748 3993 2803 4046 δὲ
2831 3992 2976 4062 ὑμᾶς
3004 3989 3223 4052 εἰδέναι,
3256 3988 3338 4040 ὅτι
3368 3986 3565 4048 παντὸς
3601 3983 3799 4052 ἀνδρὸς
3834 3983 3868 4048 ἡ
3901 3996 3983 4030 κε-

2425 4085 2566 4154 φαλὴ
2595 4087 2622 4136 6
2649 4082 2880 4152 Χριστός
2917 4082 3063 4133 ἐστι’
3096 4077 3305 4146 κεφαλὴ
3347 4075 3403 4127 δὲ
3436 4074 3716 4141 γυναικὸς,
3746 4074 3776 4124 6
3821 4069 3982 4137 ἀνήρ’

2427 4175 2634 4246 κεφαλὴ
2657 4175 2712 4227 δὲ
2741 4171 2999 4243 Χριστοῦ,
3028 4173 3056 4224 6
3107 4169 3258 4230 Θεός.
3297 4185 3314 4218 ι
3365 4167 3422 4219 'O
3461 4166 3732 4235 μακάριος
3782 4162 3984 4218 Λουκᾶς

2427 4268 2524 4336 τὴν
2557 4266 2682 4335 περὶ
2708 4261 2942 4333 Χριστοῦ
2969 4258 3318 4326 γενεαλογίαν
3346 4258 3475 4326 ἡμῖν
3511 4253 3806 4316 συντιθεὶς,
3842 4253 3982 4322 ἆρχε-

2425 4372 2516 4406 ται
2549 4353 2645 4422 μὲν
2678 4351 2786 4403 ἀπὸ
2813 4348 2904 4400 τοῦ
2939 4347 3155 4417 Ἰωσὴφ,
3183 4345 3301 4399 εἶτα
3328 4345 3537 4414 φθάσας
3559 4343 3648 4393 ἐπὶ
3672 4341 3769 4392 τὸν
3805 4341 3982 4407 Ἀδὰμ,

2431 4445 2698 4515 ἐπιφέρει,
2733 4442 2930 4508 λέγων,
2985 4439 3096 4492 Τοῦ
3133 4437 3314 4492 Θεοῦ·
3371 4437 3542 4504 ἀρχὴν
3589 4433 3668 4502 τῷ
3723 4432 3986 4501 ἀνθρώπῳ

767 4538 896 4589 mini
943 4539 1222 4606 assignans
1250 4539 1312 4589 ".
1366 4535 1488 4590 Pari
1550 4538 1731 4605 itaque
1789 4537 1947 4589 modo
1991 4537 2167 4589 omnis
2227 4537 2306 4588 vir

2430 4537 2598 4600 τιθεὶς
2628 4539 2718 4588 τὸν
2748 4534 3048 4604 ποιήσαντα
3081 4531 3233 4582 Θεόν.
3275 4526 3459 4588 υῦτως
3485 4521 3622 4577 εἶναι
3661 4541 3848 4593 φαμεν
3877 4538 3986 4572 πειν-

767 4639 929 4697 caput
965 4627 1232 4683 Christum
1266 4628 1586 4691 definimus;
1632 4643 1725 4695 per
1757 4628 1926 4695 ipsum
1963 4629 2103 4681 enim
2136 4627 2323 4679 condi-

769 4733 853 4773 tus
884 4731 935 4772 et
967 4723 1032 4774 ad
1088 4732 1264 4775 ortum
1297 4728 1515 4774 evectus
1544 4729 1623 4772 est
1655 4736 1666 4770 :
1707 4735 1810 4771 non
1845 4719 1986 4785 quod
2033 4718 2122 4770 Dei
2161 4717 2329 4771 Filius

770 4816 1060 4868 creationis
1095 4815 1237 4868 illius
1267 4815 1684 4867 instrumentum
1717 4811 1797 4865 vel
1832 4812 2078 4864 minister
2105 4812 2328 4864 exstite-

773 4907 870 4968 rit;
914 4907 1003 4958 sed
1040 4907 1180 4975 quod
1215 4917 1465 4975 tanquam
1511 4904 1766 4958 naturalis
1803 4919 1978 4955 rerum
2020 4903 2210 4969 Opifex
2249 4901 2325 4955 di-

777 4996 894 5045 vina
929 4998 1120 5052 virtute
1149 4999 1294 5051 illum
1321 4998 1653 5068 produxerit.
1683 4998 1856 5060 Caput
1879 5005 2060 5048 autem
2091 4995 2329 5047 mulieris

775 5094 856 5137 est
894 5085 1004 5147 vir,
1040 5090 1471 5158 quandoquidem
1513 5106 1576 5144 ex
1615 5102 1778 5143 carne
1803 5087 1942 5139 illius
1972 5096 2180 5151 sumpta
2227 5093 2328 5145 est,

778 5176 1058 5243 ipsumque
1106 5187 1359 5246 tanquam
1391 5181 1658 5248 Quoddam
1690 5178 1801 5250 64
1824 5178 1902 5231 sui
1955 5176 2165 5230 initium
2201 5190 2331 5227 sor-

777 5270 870 5320 tita
911 5277 1013 5321 est.
1062 5267 1235 5336 Caput
1271 5271 1451 5323 itidem
1492 5273 1687 5327 Christi
1726 5274 1867 5326 Deus
1901 5278 2024 5325 est:
2061 5267 2323 5336 siquidem

846 5435 954 5555 "is
978 5435 1102 5488 Cor.
1137 5445 1218 5494 vi,
1265 5429 1352 5492 19,
1383 5427 1473 5481 ‘20.
1551 5431 1594 5461 ³³
1623 5429 1636 5482 l
1664 5432 1786 5485 Cor.
1823 5445 1934 5506 \‘lll’
1980 5428 2094 5482 4-6.

853 5545 863 5555 .
889 5523 940 5555 οι.
961 5545 972 5555 .

781 5519 863 5565 ιιι,
889 5519 972 5557 οδ.

2175 5426 2218 5456 ’δ
2250 5425 2265 5476 l
2299 5424 2423 5478 Cor.
2455 5439 2528 5487 ix,
2563 5424 2650 5477 ει.

2429 4628 2518 4692 τὸς
2547 4628 2734 4696 ἀνδρὸς
2775 4624 3011 4692 κεφαλὴν
3042 4621 3131 4674 τὸν
3163 4619 3392 4689 Χριστόν
3416 4635 3428 4647 ·
3459 4617 3755 4684 πεποίηται
3790 4613 3900 4682 γὰρ
3933 4611 3985 4660 δι’

2430 4718 2615 4781 αὐτοῦ,
2645 4719 2739 4771 καὶ
2773 4715 3026 4786 παρήχθη
3073 4711 3209 4781 πρὸς
3238 4711 3484 4778 γένεσιν·
3525 4708 3621 4775 οὐχ
3648 4702 3986 4770 ὑπουργικῷς

2432 4811 2705 4873 κτίζοντος
2738 4809 2897 4862 αὑτὸν
2927 4806 3015 4858 τοῦ
3065 4805 3218 4868 Υἱοῦ,
3250 4799 3575 4871 θεουργικῶς
3609 4799 3634 4836 ¹ι
3675 4796 3738 4848 δὲ
3781 4794 3984 4862 μᾶλλον.

2433 4903 2507 4964 ὡς
2545 4901 2701 4969 φύσει
2736 4898 3098 4969 Δημιουργοῦ.
3133 4894 3358 4965 Κεφαλὴ
3403 4895 3457 4946 δὲ
3494 4888 3754 4958 γυναικὸς
3784 4887 3813 4937 6
3845 4886 3983 4953 ἀνὴρ,

2435 4994 2514 5044 ὅτι
2557 4995 2617 5043 ἐκ
2645 4993 2741 5060 τῆς
2789 4992 2983 5060 σαρκὸς
3025 4989 3188 5042 αὐτοῦ
3237 4986 3464 5054 ἐλήφθη,
3496 4980 3588 5032 καὶ
3619 4979 3790 5030 αὑτὸν
3823 4978 3986 5043 ὥσπερ

2439 5085 2549 5151 ἔχει
2586 5083 2683 5152 τὴν
2728 5085 2920 5152 ἀρχήν.
2967 5081 3190 5151 Κεφαλὴ
3225 5081 3281 5132 δὲ
3319 5077 3516 5146 ὁμοίως
3561 5070 3654 5123 τοῦ
3688 5070 3925 5138 Χριστοῦ

2439 5174 2588 5238 Θεὸς,
2628 5176 2707 5227 ὅτι
2754 5174 2811 5237 ἐξ
2841 5174 3003 5226 αὑτοῦ
3043 5173 3181 5227 κατὰ
3222 5169 3410 5238 φύσιν
3435 5205 3438 5208 ~
3463 5162 3796 5231 γεγέννηται
3842 5162 3987 5228 γάρέ

2437 5266 2604 5332 Λόγος
2636 5269 2817 5318 ὲκ³τοῠ
2852 5265 2984 5318 Θεοῦ
3016 5265 3108 5318 καὶ
3145 5260 3374 5329 Πατρός.
3410 5252 3539 5310 Εἶτα
3574 5253 3690 5316 πῶς
3727 5257 3792 5308 οὐ
3821 5255 3942 5313 Θεὸς
3964 5254 3986 5299 '3

2727 5425 2771 5455 ’⁵
2810 5423 2826 5476 Ι
2858 5423 2982 5476 Cor.
3008 5437 3061 5483 κ,
3088 5417 3176 5473 52.
3252 5415 3297 5446 "
3332 5412 3493 5469 lCor.
3527 5428 3626 5478 xu,
3656 5411 3712 5466 3.
3795 5415 3838 5444 ’⁷
3874 5411 3983 5465 Luc.

1862 5653 2030 5704 Variae
2058 5651 2308 5706 lectiones
2345 5652 2546 5706 codicis
2582 5647 2931 5719 Seguieriani.

846 5787 873 5825 ι
900 5784 1112 5848 Θιῖκῶς.
