4090 6526
129 426 148 475 ι
164 425 283 476 ‘237

1245 423 1330 476 DE
1371 425 1592 478 RECTA
1634 425 1786 477 FIDE
1827 427 1915 477 AD
1961 424 2276 478 HEGINAS.

3231 426 3358 478 l233

123 537 406 600 Χριστὸς,
453 529 516 590 οῦ
552 536 758 602 κεφαλὴ
789 535 1020 588 τέθειται
1068 539 1204 588 κατᾶ
1239 540 1398 604 φύσιν
1426 541 1452 588 6
1489 540 1711 605 ιΙατήρ;

1827 540 2135 590 naturaliter
2187 555 2250 590 ex
2302 539 2417 604 ipso
2461 542 2560 586 est.
2612 533 2838 587 Verbum
2888 551 3115 603 namque
3155 553 3215 588 ex
3260 539 3363 588 Deo

124 627 389 694 Χριστὸν
419 627 476 677 δὲ
515 628 641 678 ὅταν
669 624 900 690 λέγοιμι,
952 626 1008 675 ἐν
1041 627 1351 696 ἀνθρωπεία
1396 629 1575 694 μορφῇ
1618 641 1713 673 πε·-

130 718 365 784 φηνότα
391 717 481 767 τὸν
510 713 644 766 Θεοῦ
675 713 841 778 Λόγον
873 715 1054 767 ἐννοῶ.

1822 633 1874 675 et
1913 625 2070 674 Patre
2116 623 2349 689 genitum
2396 631 2495 675 est.
2542 620 2657 670 .lam
2694 637 2796 686 qua
2854 625 3060 675 ratione
3102 624 3364 682 Christus,

1823 712 1975 777 Cuius
2031 721 2192 778 caput
2236 713 2525 763 secundum
2577 719 2821 761 naturam
2862 712 3063 774 pessiius
3115 722 3198 764 est
3234 712 3369 762 Deus

140 805 353 868 Pater,
393 821 496 859 non
521 805 626 858 erit
658 804 989 860 Deus?Cum
1014 817 1190 861 autem
1229 806 1502 858 Christum
1529 801 1756 868 appello,
1799 801 1888 853 Dei
1922 799 2094 853 Patris
2141 799 2368 852 Verbum
2419 799 2682 866 intelligo,
2717 800 2855 866 quod
2912 799 2964 850 in
3001 802 3228 852 humana
3272 815 3369 853 na-

153 909 294 949 tura
333 895 603 962 apparuit.

227 1007 250 1038 ι
299 987 392 1039 Διὸ
419 985 670 1057 γνωρίζω
701 987 849 1059 ὑμῖν,
880 990 958 1042 ὃτι
982 987 1156 1048 οὐδεὶς
1184 987 1241 1037 ὲν
1285 983 1560 1052 Πνεύματι
1583 981 1718 1036 Θεοῦ

132 1078 361 1141 λαλῶν,
391 1076 537 1144 λέγει
584 1079 827 1149 ἀνάθεμα
867 1079 1071 1147 Ἰησοῦν
1095 1092 1108 1105 ’
1159 1076 1253 1128 καὶ
1284 1074 1455 1136 οὐδεὶς
1503 1074 1721 1128 δύναται

136 1170 356 1230 εἰπεῖν,
393 1167 594 1236 Κύριος
647 1170 871 1238 Ἰησοῦς,
919 1170 966 1220 εἰ
1019 1167 1092 1236 μὴ
1141 1167 1198 1216 ὲν
1250 1165 1522 1236 Πνεύματι
1560 1166 1720 1233 ἁγίῳ.

135 1257 460 1327 Διαιρέσεις
487 1258 542 1312 δὲ
567 1257 919 1328 χαρισμάτων
947 1256 1073 1318 εἰσὶ,
1124 1255 1185 1308 τὸ
1219 1255 1275 1306 δὲ
1309 1255 1440 1306 αὐτὸ
1463 1253 1682 1323 Πνεῦμα
1703 1269 1714 1282 ’

135 1349 251 1400 καὶ
289 1348 583 1418 διαιρέσεις
630 1345 910 1399 διακονιῶν
953 1346 1107 1408 εἰσιν,
1139 1347 1167 1396 ὁ
1199 1344 1254 1396 δὲ
1280 1344 1440 1405 αὐτὸς
1481 1343 1680 1412 Κύριος
1703 1356 1717 1370 ’

136 1440 251 1491 καὶ
301 1439 592 1509 διαιρέσεις
638 1435 1027 1505 ἐνεργημάτων
1055 1435 1213 1498 εἰσὶν,
1245 1436 1272 1487 6
1317 1434 1372 1486 δὲ
1403 1433 1564 1493 αὐτὸς
1591 1431 1720 1494 Θεὸς

135 1534 167 1582 ὁ
200 1529 450 1601 ἐνεργῶν
491 1530 606 1580 ἐστι
644 1526 713 1580 τὰ
739 1527 914 1580 πάντα
951 1529 1006 1579 ὲν
1039 1528 1222 1580 πᾶσιν.
1266 1545 1285 1577 ι
1331 1525 1391 1576 Εἰ
1427 1524 1488 1576 τὸ
1521 1523 1718 1591 λέγειν,

137 1625 235 1675 ὅτι
268 1622 371 1672 οὐκ
414 1620 528 1670 ἐστι
555 1617 714 1686 φύσει
754 1619 846 1672 καὶ
886 1618 1111 1689 ἀληθείᾳ
1138 1617 1269 1678 Θεὸς
1297 1621 1325 1671 ὁ
1350 1616 1604 1686 Χριστὸς,
1635 1615 1725 1666 οὐ·

138 1715 244 1765 δὲν
273 1711 460 1779 ἕτερόν
491 1710 657 1776 ἐστιν,
770 1712 942 1764 εἰπεῖν
970 1709 1215 1778 ἀνάθεμα
1256 1708 1491 1779 Ἰησοῦν,
1540 1707 1576 1758 ά
1633 1706 1724 1757 ὲκ·

143 1802 448 1858 ϋὰλλοντες
472 1801 634 1853 αὐτὸν
658 1802 752 1853 τοῦ
779 1798 916 1852 εἶναι
946 1799 1085 1851 κατὰ
1110 1797 1366 1868 ἀλήθειαν
1405 1795 1600 1864 Ἰησοῦ,
1625 1794 1724 1846 οὐκ

1902 1002 1920 1034 ι
1954 979 2077 1034 Ideo
2113 987 2292 1031 notum
2324 980 2474 1031 vobis
2518 980 2672 1038 facio,
2709 978 2848 1044 quod
2893 990 3048 1028 nemo
3078 977 3129 1027 in
3175 978 3375 1042 Spiritu

1825 1072 1916 1126 Dei
1964 1071 2208 1138 loquens,
2240 1067 2367 1120 dicit
2406 1070 2686 1119 anathema
2716 1065 2839 1118 Jesu
2870 1083 2883 1117 :
2916 1074 2968 1116 et
3019 1081 3174 1116 nemo
3206 1076 3375 1129 potest

1823 1163 2028 1222 dicere,
2068 1150 2324 1212 Dominus
2353 1155 2534 1216 Jesus,
2572 1157 2673 1207 nisi
2719 1157 2769 1206 in
2810 1155 3015 1219 Spiritu
3045 1164 3250 1205 sancto.
3291 1154 3379 1205 Di-

1824 1252 2063 1304 visiones
2115 1263 2240 1300 vero
2290 1245 2586 1314 gratiarum
2619 1251 2763 1301 sunt,
2813 1243 2952 1302 idem
2998 1254 3174 1295 autem
3211 1242 3378 1309 Spiri-

1826 1351 1911 1395 tus
1941 1358 1954 1393 :
1982 1349 2036 1392 et
2081 1337 2375 1390 divisiones
2417 1332 2872 1386 ministrationum
2913 1341 3058 1387 sunt.
3110 1332 3383 1383 ideinan-

1827 1439 1932 1484 tem
1992 1425 2294 1479 Dominus:
2337 1433 2391 1476 et
2449 1423 2743 1475 divisiones
2806 1420 3178 1488 operationum
3231 1433 3379 1483 sunt,

1828 1520 1967 1573 idem
2019 1531 2147 1570 vero
2196 1515 2361 1578 Deus,
2425 1513 2517 1580 qui
2563 1521 2821 1578 operatur
2869 1509 3047 1562 omnia
3101 1511 3150 1562 in
3182 1513 3381 1572 pluui-

1833 1608 1933 1662 bus
1959 1606 2026 1660 ’⁸.
2056 1625 2075 1658 ι
2116 1605 2258 1659 Sane
2298 1605 2342 1658 si
2397 1602 2528 1656 nihil
2579 1601 2719 1654 aliud
2769 1609 2851 1667 est
2898 1600 3077 1652 dicere
3113 1599 3381 1655 Christum

1827 1714 1931 1752 non
1974 1711 2096 1752 esse
2137 1710 2321 1748 verum
2353 1703 2406 1747 et
2447 1689 2747 1745 naturalem
2789 1691 2972 1750 Deum,
3009 1704 3166 1758 quam
3204 1691 3382 1746 dicere

1824 1795 2105 1843 anathema
2137 1784 2319 1838 Jesum
2351 1824 2366 1848 ,
2400 1783 2493 1852 qui
2532 1783 2680 1836 illum
2732 1781 2904 1848 reipsa
2934 1778 3114 1832 Iesum
3157 1795 3273 1834 esse
3303 1784 3381 1834 in-

144 1893 210 1939 ὲν
256 1887 401 1958 ἁγίῳ
439 1887 714 1958 Πνεύματι
752 1888 912 1940 τοῦτο
954 1885 1184 1939 ποιοῦσι·
1245 1888 1336 1939 καὶ
1374 1887 1422 1937 εἰ
1474 1885 1571 1946 τάς
1617 1882 1722 1936 τῶν

1833 1877 2100 1936 ﬁciuntur,
2149 1874 2221 1926 illi
2257 1873 2442 1940 utique
2487 1873 2538 1923 in
2583 1871 2782 1938 Spiritu
2813 1878 3003 1923 sancto
3035 1869 3173 1921 istud
3215 1873 3384 1924 neuti-

145 1979 516 2049 χαρισμάτων
546 1977 837 2048 διαιρέσεις
865 1976 993 2028 ποτὲ
1024 1975 1122 2044 μὲν
1151 1977 1391 2044 ἐνεργεῖν
1429 1973 1487 2026 τὸ
1504 1972 1727 2042 Πνεῦμα

145 2085 316 2135 φησι,
348 2069 475 2120 ποτὲ
513 2068 569 2119 δὲ
597 2068 690 2119 τὸν
731 2063 891 2117 αὑτὸν
923 2064 1145 2136 Κύριον,
1174 2065 1303 2117 ποτὲ
1342 2063 1398 2115 δὲ
1442 2063 1532 2114 τὸν
1564 2061 1727 2117 αὑτὸν

145 2158 328 2217 Θεὸν,
378 2151 517 2207 οἶδεν
554 2155 661 2224 ἄρα
710 2153 840 2206 Θεὸν
875 2153 1004 2204 ὂντα
1051 2152 1304 2222 Χριστὸν,
1351 2152 1441 2204 τὸν
1474 2153 1548 2215 ὠς
1595 2151 1730 2205 Θεὸν

147 2244 487 2315 ἐνεργοῦντα
514 2244 602 2297 διὰ
630 2241 724 2295 τοῦ
764 2243 1097 2312 Πνεύματος,
1127 2244 1220 2295 καὶ
1251 2243 1324 2305 ὡς
1355 2241 1559 2310 Κύριον
1588 2240 1728 2294 κατὰ

150 2335 327 2404 φύσιν
361 2335 684 2404 διανέμοντα
726 2337 841 2406 μετ’
876 2333 1143 2399 ἐξουσίας,
1183 2335 1370 2402 ὥσπερ
1417 2332 1482 2384 ἂν
1532 2333 1725 2396 ἕλοιτο,

148 2426 258 2486 τὰς
301 2423 507 2478 ἄνωθεν
534 2425 759 2495 δωρεάς.
798 2423 1186 2493 Μνημονεῦσαι
1228 2423 1282 2474 δὲ
1316 2424 1414 2485 δεῖ,
1448 2423 1530 2474 ὃτι
1577 2423 1668 2473 καὶ
1699 2423 1728 2474 6

155 2514 376 2577 Παῦλος
417 2515 518 2584 ἔφη
555 2516 682 2585 περὶ
713 2515 968 2584 Χριστοῦ,
1013 2515 1087 2577 ὡς
1135 2515 1524 2585 ὲνεργήσαντος
1559 2513 1726 2567 αὐτοῦ

150 2607 216 2657 ὲν
247 2605 473 2676 δυνάμει
509 2605 821 2676 Πνεύματος
852 2605 1028 2669 ἁγίουο

237 2856 258 2889 ι
301 2838 411 2890 Καὶ
447 2838 540 2901 οὓς
567 2840 664 2910 μὲν
694 2839 843 2893 ἔθετο
871 2843 897 2894 6
921 2840 1052 2904 Θεὸς
1078 2843 1224 2914 ὲν.τῇ
1263 2843 1556 2916 Ἐκκλησία
1585 2845 1726 2916 πρῶ-

156 2945 254 2980 τον
286 2930 634 2993 ἀποστόλους,
661 2931 908 3003 δεύτερον
940 2937 1239 3004 προφήτας,
1269 2936 1447 3006 τρίτον
1474 2936 1725 2992 διδασκά-

157 3018 308 3082 λους,
333 3019 520 3073 ἔπειτα
539 3021 815 3092 δυνάμεις,
840 3019 957 3076 εἶτα
986 3024 1034 3062 ¹ί⁴
1060 3024 1370 3096 χαρίσματα
1407 3025 1670 3096 ἰαμάτων.
1697 3047 1716 3081 ι

159 3107 299 3159 Θεοῦ
339 3108 628 3178 λεγομένου
669 3111 841 3164 ταῦτα
888 3113 1204 3182 κατορθοῦν,
1237 3116 1468 3183 Χριστὸς
1515 3118 1541 3170 6
1573 3120 1723 3187 ὲνερο

1827 1980 1989 2032 quam
2041 1963 2265 2017 faciunt.
2329 1962 2564 2014 Rursum
2639 1960 2683 2013 si
2744 1959 3040 2026 gratiarum
3095 1957 3383 2013 divisiones

1829 2055 2098 2107 interdum
2162 2053 2448 2120 Spiritum,
2509 2063 2890 2116 nonnunquam
2948 2063 3073 2100 vero
3134 2049 3376 2101 eumdem

1833 2143 2147 2206 Dominum,
2185 2139 2475 2210 aliquando
2508 2145 2686 2191 autem
2715 2137 2960 2191 eumdem
2987 2135 3146 2187 Deum
3175 2136 3382 2201 operari

1827 2235 2134 2304 proﬁtetur,
2169 2233 2445 2286 Christum
2482 2244 2614 2298 ergo
2659 2229 2823 2281 Deum
2870 2242 2988 2280 esse
3018 2241 3120 2278 non
3156 2227 3384 2294 ignoral,

1826 2324 1916 2392 qui
1953 2339 2050 2392 per
2077 2322 2340 2390 Spiritum
2364 2329 2618 2389 operetur
2649 2327 2705 2371 ut
2736 2318 2896 2381 Deus,
2925 2318 3123 2385 quique
3150 2317 3383 2371 caelestia

1826 2413 2008 2474 dona,
2060 2410 2474 2479 quibuscunque
2523 2417 2575 2460 et
2620 2409 3100 2475 quomodoeunqne
3140 2404 3380 2471 voluerit,

1828 2512 2084 2569 tanquam
2126 2510 2321 2553 natura
2373 2498 2631 2550 Dominus
2672 2512 2776 2548 non
2827 2496 3030 2561 absque
3068 2494 3387 2548 auctoritate

1827 2591 2137 2645 distribuat.
2165 2589 2316 2654 Quod
2341 2597 2514 2639 autem
2552 2585 2799 2637 Christus
2845 2583 2896 2657 in
2926 2584 3126 2635 virtute
3159 2581 3387 2649 Spiritus

1826 2683 2003 2735 sancti
2036 2690 2312 2748 operetur,
2351 2677 2400 2731 id
2441 2675 2634 2729 Paulus
2674 2676 2738 2728 de
2773 2688 2835 2727 eo
2864 2674 3085 2741 loquens
3128 2670 3382 2738 ejusmodi

1824 2771 2068 2826 oratione
2099 2768 2349 2835 deinceps
2382 2766 2632 2833 explanat
2669 2780 2684 2816 :

1901 2882 1918 2912 ι
1952 2859 2244 2927 Quosdam,
2277 2856 2469 2925 inquit,
2498 2856 2676 2922 posuit
2699 2857 2838 2911 Deus
2880 2856 2932 2908 in
2981 2854 3242 2914 Ecclesia,
3279 2853 3386 2919 pri-

1826 2959 1970 2998 mum
2017 2945 2309 3010 apostolos,
2355 2940 2592 2994 secundo
2630 2940 2941 3008 prophetas,
3001 2939 3161 2990 tertio
3201 2937 3382 2989 docto-

1828 3049 1934 3097 res,
1958 3032 2147 3087 deinde
2172 3032 2395 3086 virtutes
2427 3071 2441 3096 ,
2472 3031 2664 3085 exinde
2693 3030 2892 3098 gratias
2919 3027 3253 3081 curationum
3273 3013 3335 3078 *'.
3363 3045 3381 3075 ι

1825 3122 1957 3178 Cum
2018 3123 2158 3176 Deus
2235 3120 2424 3174 isthmc
2485 3119 2696 3174 eﬂicere
2779 3118 3168 3186 perhibeatur,
3233 3113 3388 3193 Chri-

160 3199 339 3269 ⁴γήσας
384 3202 563 3257 ἐστίν·
598 3202 748 3256 ἔθετο
793 3205 902 3276 γὰρ
927 3205 1048 3267 τοὺς
1089 3206 1420 3268 ἀποστόλους
1466 3207 1625 3270 αὐτὸς
1668 3208 1722 3260 ὲν

1827 3223 1941 3267 stus
1970 3221 2054 3267 est
2085 3211 2174 3280 qui
2223 3221 2475 3280 operatur
2510 3227 2524 3262 :
2579 3209 3010 3278 quandoquidem
3061 3207 3106 3260 is
3153 3214 3254 3268 est,
3295 3205 3384 3273 qui

157 3295 228 3362 τῇ
271 3293 590 3365 Ἐκκλησία,
617 3295 713 3348 καὶ
755 3295 932 3365 μέντοι
973 3299 1065 3348 καὶ
1093 3295 1466 3360 διδασκάλους,
1505 3299 1726 3368 ἐνεργῆ.

164 3400 256 3435 σαι
285 3384 378 3435 καὶ
410 3384 699 3455 δυνάμειςο
729 3386 924 3448 δέδωκε
958 3386 1061 3458 γὰρ
1106 3386 1354 3452 ἐξουσίαν
1398 3391 1509 3450 τοῖς
1551 3390 1725 3458 ἁγίοις

167 3476 458 3546 μαθηταῖς,
506 3476 826 3547 θεραπεύειν
857 3479 1036 3531 πᾶσαν
1071 3478 1225 3531 νόσον
1265 3480 1359 3532 καὶ
1398 3482 1578 3536 πᾶσαν
1620 3500 1722 3552 μα-

164 3565 361 3620 λακίαν
392 3569 448 3620 ὲν
471 3567 548 3638 τῷ
580 3568 712 3637 λαῷ.

245 3760 263 3791 ι
321 3740 377 3794 Ὀ
420 3742 710 3812 ἀσπασμὸς
744 3747 809 3814 τῇ
841 3744 944 3814 ἐμῇ
998 3745 1138 3813 χειρὶ
1181 3745 1412 3800 Παύλου.
1461 3748 1526 3799 El
1548 3763 1629 3811 τις
1663 3749 1725 3801 ού

166 3833 312 3899 φιλεῖ
341 3833 432 3885 τὸν
473 3833 688 3904 Κύριον,
725 3836 838 3906 ἦτω
878 3836 1144 3906 ἀνάθεμα,
1181 3838 1486 3908 μαραναθᾶ.
1524 3858 1543 3892 ι
1584 3842 1727 3911 Ἀρα

166 3924 288 3974 τένα
321 3927 452 3992 φησὶ
490 3927 694 3997 Κύριον
723 3931 778 3980 ὲν
805 3928 1049 3994 τούτοις;
1083 3930 1283 4000 Κύριος
1321 3930 1418 3999 μὲν
1448 3932 1554 4003 γὰρ
1597 3935 1725 4003 ὁμο-

167 4015 526 4084 λογουμένως,
578 4020 670 4070 καὶ
723 4019 884 4082 αὐτὸς
941 4019 1103 4082 Υἱός·
1165 4020 1362 4090 ὁμοίως
1417 4022 1473 4074 δὲ
1524 4023 1616 4075 καὶ
1667 4022 1727 4074 τὸ

169 4106 390 4176 Πνεῦμα
410 4124 422 4136 ο
460 4126 477 4158 ι
521 4109 575 4162 Ὀ
597 4109 703 4180 γὰρ
729 4111 950 4178 Κύριος,
985 4112 1137 4183 φησι,
1162 4112 1223 4164 τὸ
1245 4112 1463 4184 Πνεῦμά
1496 4115 1662 4166 ἐστιν.
1703 4133 1720 4165 ι

181 4198 238 4249 '0
281 4197 336 4248 δέ
385 4215 446 4264 γε
491 4198 580 4251 τοῦ
634 4203 902 4272 μακαρίου
941 4202 1151 4255 Παύλου
1181 4204 1379 4266 σκοπὸς
1425 4207 1481 4256 ὲν
1517 4204 1726 4266 τούτοις

170 4291 249 4351 εἰς
273 4289 432 4340 αὑτὸν
458 4294 784 4345 συνετείνετο
811 4292 828 4331 ι
851 4294 939 4346 τὸν
978 4295 1200 4365 Ἰησοῦν.
1236 4315 1254 4347 ι
1293 4292 1384 4358 Εἷς
1408 4296 1537 4367 γὰρ,
1568 4296 1721 4365 φησὶ,

172 4377 388 4447 Κύριος,
420 4378 622 4448 Ἰησοῦς
651 4383 901 4452 Χριστός.
942 4403 960 4434 ι
1010 4384 1415 4453 Ἀναθεματίζει
1436 4387 1613 4439 τοίνυν
1638 4386 1724 4439 τὸν

174 4469 247 4535 μὴ
277 4466 529 4535 φιλοῦντα
555 4469 734 4523 αὐτόν.
767 4473 840 4523 Οὐ
873 4471 1014 4540 φιλεῖ
1037 4473 1092 4524 δὲ
1115 4473 1296 4535 αὑτὸν,
1326 4475 1353 4524 6
1374 4474 1510 4543 μήτε
1542 4473 1718 4542 φύσει,

1833 3301 2104 3371 apostolos
2135 3301 2186 3354 iu
2222 3299 2464 3355 Ecclesia
2497 3299 2799 3362 collocavit,
2828 3300 3024 3366 quique
3059 3297 3303 3349 doctores
3334 3295 3388 3349 iu

1826 3394 2008 3448 eadem
2053 3392 2310 3456 instituit,
2360 3391 2554 3460 quibus
2584 3404 2817 3459 quoque,
2844 3398 2902 3441 ut
2937 3388 3162 3452 virtutes
3198 3400 3387 3454 opera.-

1825 3495 2029 3548 rentur,
2066 3484 2171 3537 vim
2216 3482 2545 3549 impertivit:
2574 3481 2718 3534 dedit
2751 3494 2980 3546 namque
3010 3477 3210 3531 sanctis
3253 3490 3382 3542 apo-

1825 3573 1978 3628 Stolis
2025 3581 2379 3641 potestatem,
2438 3579 2496 3622 ut
2545 3583 2703 3622 omne
2754 3567 3063 3641 morborum
3112 3564 3385 3632 aegritudi-

1828 3677 2064 3731 numque
2093 3675 2260 3732 genus
2289 3661 2340 3714 in
2385 3659 2580 3729 populo
2610 3637 2970 3727 grassantium
3005 3663 3278 3708 curarent.

1903 3773 1920 3805 ι
1952 3753 2214 3809 Salutatio
2257 3767 2374 3808 mea
2420 3767 2580 3806 manu
2620 3749 2766 3804 Pauli
2803 3766 2816 3802 :
2852 3748 2907 3803 Si
2949 3749 3068 3816 quis
3100 3762 3202 3798 non
3243 3755 3384 3798 amat

1829 3845 2107 3900 Dominum
2136 3886 2152 3910 ,
2190 3844 2260 3899 sit
2300 3844 2606 3906 anathema,
2643 3840 2956 3894 maranatha
2981 3839 3051 3890 ³ο.
3094 3856 3110 3888 ι
3148 3837 3380 3904 Ecquam

1827 3939 2072 4002 obsecro,
2153 3937 2434 3991 Dominum
2489 3935 2588 3989 hoc
2641 3929 2756 3987 loco
2811 3932 2999 3986 vocat?
3043 3931 3091 3982 in
3140 3928 3386 3983 confesso

1829 4037 1911 4080 est
1945 4026 2109 4090 enim,
2145 4036 2248 4078 tam
2299 4023 2470 4090 ipsum
2500 4021 2718 4083 Filium,
2753 4034 2912 4088 quam
2958 4017 3218 4085 Spiritum
3251 4031 3387 4084 quo-

1832 4133 1933 4186 que
1985 4126 2224 4170 sanetum
2261 4114 2542 4170 Dominum
2567 4116 2767 4179 vocari,
2801 4125 2852 4168 et
2899 4113 3184 4166 Dominum
3216 4126 3332 4165 esse
3369 4129 3381 4163 :

1831 4211 2086 4277 scriptum
2139 4219 2221 4262 est
2277 4209 2462 4262 enim:
2524 4209 2545 4260 ι’
2593 4206 2828 4275 Spiritus
2876 4206 3129 4261 Dominus
3161 4214 3242 4258 est
3264 4205 3326 4257 ³¹.
3362 4223 3379 4254 ›

1832 4300 1973 4355 Sane
2002 4299 2141 4354 beati
2178 4298 2328 4352 Pauli
2369 4314 2516 4352 mens
2547 4299 2595 4352 in
2627 4298 2800 4368 ipsum
2845 4297 3027 4352 .lesum
3061 4296 3144 4349 hic
3174 4295 3381 4359 fertur;

1829 4393 1903 4447 ait
1924 4405 2153 4460 namque
2181 4409 2195 4446 :
2234 4409 2251 4442 ι
2271 4389 2968 4452 UttusestDOtninus,Jesus
2996 4388 3322 4445 Christus".
3364 4407 3381 4438 ι

1830 4484 2008 4551 Itaque
2041 4483 2379 4534 anathemate
2414 4481 2644 4548 percutit
2683 4495 2896 4534 omnem
2956 4479 3174 4534 omnino
3213 4480 3388 4533 homi-

176 4559 308 4627 μήτε
350 4559 578 4631 ἀληθείᾳ
624 4560 796 4629 λέγων
825 4563 948 4616 Υἱὸν
987 4558 1126 4616 εἶναι
1159 4563 1250 4616 τοῦ
1296 4563 1450 4628 Θεοῦ,
1487 4565 1621 4617 ἀλλὰ
1652 4565 1722 4627 ὡς

1831 4583 1974 4633 nem,
2028 4567 2118 4635 qui
2145 4565 2253 4636 65
2285 4566 2430 4619 illum
2463 4581 2566 4621 non
2599 4566 2791 4636 diligit.
2819 4566 2867 4622 ιε
2903 4576 3082 4621 autem
3113 4566 3384 4622 Christum

174 4652 231 4702 ἐν
274 4649 498 4724 δευτέρα
533 4652 683 4717 τάξει
734 4653 900 4717 τιθεὶς
933 4654 1084 4723 παρὰ
1125 4655 1218 4707 τὸν
1259 4655 1322 4707 ἐκ
1358 4654 1491 4707 Θεοῦ
1529 4655 1720 4722 Λόγον,

174 4739 347 4792 καὶτὸ
378 4742 478 4810 τῆς
503 4743 812 4813 οἰκονομίας
842 4744 1042 4797 ἀδικῶν
1070 4746 1363 4814 μυστήριον
1395 4745 1480 4798 διὰ
1517 4745 1609 4798 τοῦ
1631 4746 1720 4797 τέ.-

173 4845 320 4896 μνειν
357 4831 436 4894 εἰς
467 4831 560 4884 δύο
585 4832 675 4884 τὸν
702 4833 798 4886 ἕνα
837 4833 1040 4904 Κύριον
1079 4834 1172 4886 καὶ
1212 4835 1434 4904 Ἰησοῦν.

1831 4672 1934 4709 non
1971 4656 2162 4725 diligit,
2211 4655 2302 4724 qui
2341 4670 2512 4723 neque
2568 4663 2756 4709 natura
2802 4670 2976 4723 neque
3019 4657 3247 4710 veritate
3294 4656 3386 4710 Dei

1830 4746 2020 4799 Filium
2071 4759 2191 4798 esse
2230 4748 2502 4812 agnoscit,
2538 4748 2629 4800 sed
2658 4762 2686 4798 a
2722 4747 2812 4800 Dei
2844 4746 3019 4801 Verbo
3048 4745 3295 4816 sejungit,
3325 4763 3387 4802 ac

1829 4834 1990 4887 veluti
2048 4833 2104 4884 in
2160 4849 2323 4886 secun
2373 4835 2497 4887 dum
2558 4833 2800 4888 ordinem
2857 4833 3055 4901 rejieit,
3113 4845 3274 4903 atque
3313 4835 3386 4888 ita

173 4924 294 4972 dum
382 4936 547 4974 unum
600 4922 881 4977 Dominum
941 4923 1121 4979 Jesum
1182 4925 1457 4981 Christum
1544 4927 1595 4980 in
1661 4916 1793 4983 duos
1860 4923 2068 4987 dividit,
2120 4923 2532 4992 dispensationis
2583 4924 2894 4993 mysterium
2962 4925 3131 4979 atroci
3193 4924 3387 4993 injuria

174 5011 355 5065 aflicit.

501 5127 602 5182 Ἐκ
631 5130 739 5197 τῆς
777 5132 925 5196 πρὸς
954 5131 1297 5196 Κορινθίους
1327 5131 1406 5193 ,b”.

246 5237 266 5270 ι
301 5219 390 5289 Τῷ
410 5219 466 5272 δὲ
485 5218 602 5288 Θεῴ
627 5221 805 5288 χάρις,
835 5220 1059 5272 πάντοτε
1077 5220 1152 5290 τῷ
1176 5220 1554 5291 θριαμὸεύοντι
1579 5223 1725 5291 ἡμᾶς

178 5310 232 5360 ὲν
253 5306 324 5377 τῷ
371 5307 612 5378 Χριστῷ,
647 5310 739 5360 καὶ
782 5309 880 5378 τὴν
927 5309 1100 5380 ὀσμὴν
1139 5312 1236 5380 τῆς
1274 5308 1524 5378 γνώσεως
1560 5311 1723 5365 αὐτοῦ

241 5461 286 5494 ’⁸
315 5457 335 5514 l
362 5459 487 5516 Cor.
523 5477 620 5524 xit,
654 5460 768 5517 5-6.
849 5461 892 5491 ’³
925 5460 941 5514 ι
971 5461 1094 5517 Cor.
1125 5478 1219 5530 xu,
1251 5463 1337 5518 28.

1417 5465 1460 5495 ³ο
1499 5465 1515 5516 1
1558 5463 1683 5518 Cor.
1714 5478 1821 5527 .\'\'l,
1856 5463 1944 5518 2|.

2182 5130 2265 5184 Ex
2298 5131 2572 5198 posteriori
2606 5131 2674 5182 ad
2719 5129 3038 5184 Corinthios.

1910 5240 1928 5272 ι
1962 5221 2067 5276 Deo
2107 5233 2284 5276 autem
2316 5221 2532 5290 gratias,
2567 5223 2658 5290 qui
2708 5236 2920 5287 semper
2947 5221 3239 5287 triumphat
3293 5207 3386 5275 nos

1833 5312 1883 5366 in
1919 5313 2132 5367 Christo
2165 5311 2311 5378 Jesu,
2345 5323 2397 5366 et
2438 5313 2658 5366 odorem
2703 5311 2906 5364 notitia:
2938 5326 3048 5366 sua
3083 5310 3390 5367 manifeStat

2022 5463 2064 5494 ³¹
2096 5463 2254 5517 Joan.
2289 5480 2360 5529 Iv,
2399 5465 2486 5518 Ἡ.
2567 5465 2611 5496 ³¹
2645 5465 2658 5517 l
2689 5464 2812 5519 Cor.
2844 5479 2958 5530 vui,
3000 5466 3052 5520 6.

1234 5625 1407 5680 Varia:
1437 5623 1691 5680 lectiones
1728 5622 1924 5680 codicis
1955 5623 2304 5692 Seguicriani.

253 5750 294 5788 ι’
319 5749 530 5806 ἔπειτα.
614 5749 630 5789 ¹
667 5751 1014 5805 συντείνεται.
