4086 6494
715 397 850 450 1Ξ59

1766 403 1818 456 S.
1861 401 2129 454 CYIilLLl
2170 397 2630 451 ALEXANDRINI
2670 395 2982 450 ARCIIIEP.

3793 397 3930 448 1⁸240

709 526 806 578 per
851 525 947 563 nos
990 511 1040 563 in
1089 513 1233 566 omni
1283 514 1400 569 loco
1436 540 1446 569 ;
1489 518 1609 584 quia
1665 516 1860 568 Christi
1912 517 2080 566 bonus
2129 514 2259 566 odor

2365 510 2683 580 φανεροῦντι
2725 510 2789 562 δι’
2824 508 2978 575 ἡμῶν
3021 507 3078 558 ἑν
3114 509 3274 561 παντὶ
3323 507 3503 574 τόπῳ·
3552 507 3636 557 δτι
3689 505 3926 572 Χριστοῦ

710 614 894 650 sumus
941 599 1048 653 Deo
1097 602 1149 654 in
1206 603 1270 658 iis
1323 606 1410 671 qui
1463 606 1590 656 salvi
1647 605 1797 667 iiunl,
1849 612 1902 654 et
1953 603 2004 656 in
2060 603 2125 656 iis
2169 603 2258 669 qui

713 700 937 753 pereunt
962 691 1024 749 ³³.
1059 711 1078 744 ι
1125 694 1277 760 Quod
1310 697 1351 748 si
1383 695 1628 747 Christus
1666 693 1906 744 Paterna:
1941 693 2262 760 cognitionis

710 778 880 832 bonus
931 783 1065 836 odor
1103 794 1223 846 est,
1274 781 1538 851 quomodo
1590 779 1729 832 Deu’s
1783 797 1887 832 non
1943 782 2062 834 est?
2103 781 2262 837 Haud

712 884 939 937 namque
975 871 1025 922 in
1059 872 1288 922 humana
1323 879 1507 919 natura
1545 867 1735 919 divina:
1781 879 1982 922 natura:
2017 870 2262 941 fragran~

713 958 840 1010 tiam
872 959 1197 1026 compererit
1227 956 1487 1023 quispiam
1523 975 1537 1010 :
1571 957 1662 1009 sed
1695 961 2138 1026 quemadmodum
2172 963 2263 1014 bu-

711 1047 986 1100 manitatis
1017 1050 1150 1100 odor
1172 1048 1344 1113 'plane
1373 1046 1666 1112 hominem,
1703 1049 1772 1102 ita
1814 1049 2105 1103 divinitatis
2133 1052 2263 1105 odor

710 1139 878 1193 Deum
921 1138 1139 1190 indicat.
1173 1137 1288 1191 Jam
1331 1139 1372 1190 si
1417 1138 1668 1192 Christus
1705 1141 1872 1192 hunus
1908 1140 2083 1193 Patris
2127 1142 2262 1194 odor

708 1225 1028 1294 appellatur,
1061 1239 1290 1293 vereque
1339 1238 1442 1292 est,
1497 1229 1765 1295 quomodo
1815 1227 1951 1280 Deus
2008 1243 2111 1280 nun
2155 1239 2257 1291 est,

707 1316 912 1370 etiamsi
947 1317 1074 1370 illud
1120 1318 1294 1386 ipsum
1351 1320 1456 1372 Dei
1504 1320 1680 1372 Patris
1714 1317 1938 1372 Verbum
1980 1320 2258 1387 dispensa-

710 1409 851 1459 tione
881 1406 1040 1459 homo
1075 1407 1272 1461 factum
1306 1417 1382 1462 est
1411 1409 1432 1459 ἲ

780 1496 1068 1563 «Epistolas
1119 1507 1299 1550 nostra
1337 1512 1430 1550 vos
1478 1501 1631 1561 estis,
1663 1498 1859 1567 scripta
1913 1498 1962 1550 in
2007 1499 2259 1554 cordilms

707 1589 930 1652 nostris,
967 1605 1083 1656 qua:
1127 1590 1297 1642 scitur
1335 1597 1384 1643 et
1423 1590 1615 1657 legitur
1642 1589 1709 1644 ab
1749 1590 1998 1645 omnibus
2027 1591 2260 1646 homini-

705 1685 800 1732 bus
828 1697 840 1731 :
868 1677 1186 1731 manifestali
1234 1680 1372 1747 quod
1425 1680 1647 1748 epistola
1679 1682 1807 1734 estis
1842 1681 2068 1744 Christi,
2101 1683 2260 1736 mini-

703 1779 868 1822 strata
911 1783 937 1820 a
973 1768 1146 1830 nobis,
1179 1778 1234 1822 et
1264 1770 1463 1839 scripta
1517 1786 1619 1824 non
1653 1779 1978 1836 atramento,
2014 1773 2105 1826 sed
2139 1773 2258 1840 Spi-

704 1861 805 1912 ritu
854 1859 982 1922 Dei,
1029 1875 1132 1913 non
1178 1861 1230 1913 in
1284 1861 1475 1914 tabulis
1528 1861 1771 1929 lapideis,
1820 1865 1915 1916 sed
1964 1864 2014 1916 in
2067 1863 2257 1916 tabulis

699 1950 878 2002 cordis
908 1949 1220 2003 carnalibus
1245 1951 1309 2001 “.
1345 1970 1362 2000 ι
1403 1950 1543 2003 Deus
1575 1966 1672 2018 per
1704 1952 1987 2019 quemdam
2027 1966 2091 2004 ex
2131 1967 2256 2019 pro-

700 2039 872 2106 phetis
904 2038 1096 2091 alicubi
1137 2039 1214 2092 sic
1259 2039 1538 2108 loquitur:
1579 2058 1596 2089 ι
1631 2040 1762 2093 Post
1804 2041 1922 2094 illos
1963 2041 2097 2104 dies,
2129 2041 2258 2095 dicit

699 2127 978 2188 Dominus,
1011 2127 1146 2181 dabo
1177 2129 1319 2198 leges
1357 2144 1504 2182 meas
1537 2130 1588 2182 in
1621 2139 1850 2184 mentem
1877 2147 2086 2196 eorum,
2121 2141 2173 2185 et
2203 2133 2255 2185 in

698 2218 858 2270 corda
925 2232 1108 2271 eorum
1167 2219 1457 2272 inscribam
1517 2234 1611 2273 eas
1633 2220 1698 2274 ³⁵.
1747 2238 1766 2270 ι
1824 2220 1975 2274 Facti
2033 2221 2259 2290 proinde

697 2319 880 2360 sumus
909 2306 1132 2373 epistola
1177 2305 1395 2371 Christi,
1442 2307 1533 2374 qui
1569 2307 1703 2376 legis
1739 2323 1848 2362 suae
1891 2309 2107 2364 decreta
2150 2325 2254 2364 non

697 2406 1014 2456 atramento,
1037 2395 1129 2449 sed
1159 2395 1385 2450 viventis
1419 2396 1511 2450 Dei
1546 2398 1752 2465 Spiritu
1785 2399 1838 2452 in
1870 2399 2027 2454 nobis
2052 2401 2256 2454 descri-

698 2486 818 2540 bit:
852 2494 1014 2552 atque
1044 2485 1145 2539 hoc
1189 2485 1360 2552 ipsum
1403 2502 1508 2540 non
1561 2503 1655 2554 per
1695 2489 1909 2541 modum
1951 2489 2253 2551 ministerii,

697 2577 788 2631 sed
824 2592 919 2645 per
949 2576 1220 2644 propriam
1265 2576 1346 2642 (ut
1392 2576 1461 2628 ita
1491 2575 1690 2646 dicam)
1733 2576 2102 2630 ellicacitatem
2136 2594 2148 2629 :
2177 2578 2253 2630 si-

696 2666 911 2735 quidem
960 2665 1193 2731 Spiritus
1249 2665 1349 2731 ipsi
1407 2665 1657 2732 proprius
1709 2675 1810 2718 est.
1866 2666 1934 2718 At
1977 2681 2080 2734 quo
2127 2682 2254 2735 ergo

694 2754 855 2810 modo
883 2755 926 2807 is
957 2753 1096 2807 Deus
1138 2767 1241 2806 non
1269 2760 1374 2817 est,
1408 2754 1500 2820 qui
1549 2754 1742 2807 divinae
1773 2753 1988 2808 .notitiae
2017 2755 2254 2809 rationes

693 2843 910 2915 proprio
957 2842 1160 2912 Spiritu
1216 2843 1373 2897 nobis
1424 2843 1747 2912 insculpsit?
1778 2843 1853 2899 De
1883 2845 2081 2900 Judaais
2127 2847 2253 2900 sub-

689 2934 864 3002 jungit
891 2951 904 2986 :

770 3044 788 3077 ι
824 3024 930 3080 Sed
965 3025 1140 3079 obtusi
1173 3034 1297 3078 sunt
1329 3038 1520 3078 sensus
1553 3038 1767 3078 eorum.
1796 3023 1978 3093 Usque
2005 3025 2149 3080 enim
2200 3025 2252 3078 in

695 3118 1008 3172 hodiernum
1047 3116 1186 3169 diem
1218 3115 1452 3185 idipsum
1478 3115 1722 3170 velamen
1751 3116 1802 3168 in
1839 3116 2066 3170 lectione
2096 3114 2255 3169 Vete-

696 3209 773 3262 ris
794 3206 1120 3261 Testamenti
1149 3215 1328 3259 manet
1355 3221 1457 3257 non
1489 3207 1782 3259 revelatum
1814 3205 1976 3272 (quod
2009 3206 2060 3258 in
2094 3205 2253 3259 Chri-
2283 3178 2323 3235 θ

696 3309 779 3352 sto
840 3294 1186 3364 evacuatur),
1239 3295 1330 3349 sed
1374 3308 1541 3362 usque
1596 3295 1646 3347 in
1712 3293 2027 3349 hodiernum
2078 3296 2250 3356 diem,

697 3403 820 3443 cum
850 3387 1044 3456 legitur
1076 3384 1309 3454 Moyses,
1330 3384 1439 3453 66
1458 3384 1696 3437 velamen
1724 3385 1954 3451 positum
1985 3395 2068 3438 est
2097 3399 2255 3452 super

697 3493 791 3532 cor
829 3491 1036 3531 eorum.
1065 3477 1197 3529 Cum
1238 3485 1414 3528 autem
1446 3475 1692 3528 conversi
1738 3474 1936 3528 fuerint
1978 3475 2042 3528 ad
2079 3474 2254 3528 Domi-

696 3583 849 3630 nam,
884 3565 1156 3618 auferetur
1185 3563 1447 3617 velamen.
1501 3563 1758 3618 Dominus
1794 3573 1973 3616 autem
2015 3565 2252 3635 Spiritus

697 3665 799 3706 est.
849 3651 946 3706 Ubi
977 3661 1153 3704 autem
1181 3651 1416 3720 Spiritus
1447 3650 1680 3716 Domini,
1702 3652 1772 3704 ibi
1802 3653 2022 3705 libertas
2041 3661 2122 3706 est
2140 3653 2203 3705 ³⁸.
2233 3671 2252 3703 ι

699 3745 758 3800 Si
792 3745 923 3814 legis
970 3754 1023 3798 et
1050 3743 1432 3812 prophetarum
1482 3743 1600 3797 finis
1643 3753 1727 3797 est
1763 3743 2037 3808 Christus,
2085 3759 2257 3814 neque

697 3835 940 3889 velamen
970 3833 1110 3901 quod
1142 3830 1350 3887 Veteris
1389 3832 1718 3886 Testarnenti
1757 3833 1971 3887 lectioni
2001 3833 2254 3896 cohaeret,

702 3926 927 3989 tollitur,
962 3925 1058 3976 nisi
1093 3939 1185 3993 per
1223 3924 1391 3977 solum
1422 3923 1696 3978 Christum
1723 3939 1738 3979 :
1767 3925 2033 3995 quomodo
2063 3925 2255 3978 rationi

698 4025 1120 4070 consentaneum
1167 4016 1291 4079 erit,
1343 4013 1514 4084 ipsum
1567 4015 1769 4070 nudum
1814 4031 1937 4070 esse
1988 4018 2256 4071 hominem

699 4106 1030 4166 existimare,
1066 4115 1118 4158 et
1163 4104 1276 4157 sola
1311 4104 1589 4158 ﬁliationis
1623 4105 1981 4174 appellatione
2026 4106 2257 4160 honora-

697 4197 854 4248 tum?
885 4197 1075 4248 Annon
1125 4197 1225 4248 hac
1273 4195 1525 4262 opinione
1566 4197 1739 4258 ﬂeret,
1803 4206 1859 4248 ut
1913 4196 2044 4251 iides
2076 4207 2257 4250 nostra

698 4303 803 4341 non
835 4287 1135 4341 collimaret
1165 4287 1215 4339 in
1253 4285 1444 4348 Deum,
1474 4294 1728 4353 tauquam
1762 4286 1813 4338 in
1853 4287 2034 4350 linem,
2078 4289 2168 4341 sed
2207 4289 2258 4339 in

702 4379 973 4430 hominem
1006 4376 1176 4431 nostri
1209 4373 1476 4429 similem?
1512 4375 1585 4428 Eo
1614 4386 1788 4429 autem
1821 4375 1948 4444 quid
1986 4377 2068 4431 vel
2110 4378 2259 4445 cogi-

699 4467 801 4520 tari
840 4475 1002 4533 queat
1039 4466 1350 4520 absurdius!

776 4575 793 4606 ι
824 4556 976 4621 Quod
1023 4558 1066 4611 si
1119 4557 1283 4610 etiam
1334 4567 1577 4626 cpertum
1633 4565 1712 4609 est
1770 4556 2114 4625 Evangelium
2167 4572 2262 4610 no-

703 4659 875 4700 strum
913 4648 964 4700 in
1003 4647 1070 4700 iis
1116 4648 1203 4715 qui
1249 4658 1507 4716 pereunt,
1555 4657 1637 4701 est
1680 4657 1921 4714 opertum
1971 4648 2022 4699 in
2069 4647 2263 4714 quibus

702 4737 847 4792 Deus
883 4737 1044 4806 hujus
1080 4739 1261 4792 saeculi
1293 4740 1585 4794 ext-meavit
1613 4748 1821 4793 mentes
1860 4739 2176 4801 inﬁdelium,
2208 4751 2264 4794 ut

711 4845 816 4883 non
853 4829 1052 4898 fulgeat
1087 4832 1192 4885 illis
1227 4831 1548 4886 illuminatio
1595 4834 1863 4902 Evangelii
1894 4834 2075 4903 glorize
2105 4830 2263 4887 Chri-

707 4922 775 4974 sti
821 4922 908 4990 qui
953 4930 1036 4976 est
1077 4923 1251 4991 imago
1282 4921 1374 4976 Dei
1402 4924 1466 4977 ³⁷.
1501 4943 1518 4974 ι
1556 4924 1635 4988 Si,
1673 4935 1730 4978 ut
1758 4926 1972 4993 quidam
2005 4929 2264 4994 sentiunt,

708 5008 953 5063 Christus
1005 5020 1085 5064 est
1135 5010 1296 5064 homo
1349 5012 1687 5076 communis,
1751 5013 1862 5066 sola
1914 5029 2264 5082 personarqu

709 5101 903 5165 unione
939 5117 1058 5155 cum
1093 5101 1186 5156 Dei
1215 5101 1392 5156 Verbo
1421 5103 1732 5156 societatem
1764 5103 1969 5158 habens
2007 5107 2092 5175 (ad
2128 5107 2269 5160 hune

709 5193 851 5246 enim
898 5194 1112 5248 modum
1159 5194 1450 5262 loquuntur
1482 5194 1602 5263 illi),
1640 5197 1908 5262 quomodo
1945 5195 1995 5248 in
2049 5197 2150 5249 illis
2179 5200 2266 5265 qui

712 5293 958 5350 pereunt,
990 5283 1338 5352 Evangelimn
1394 5285 1534 5338 illius
1566 5285 1934 5336 absconditum
1966 5287 2089 5337 est?
2127 5285 2268 5337 Gen-

711 5376 788 5427 tes
825 5377 971 5429 enim
1010 5390 1115 5429 non
1159 5377 1350 5443 Deum,
1399 5377 1490 5430 sed
1528 5375 1797 5429 hominem
1839 5376 2007 5428 nostri
2042 5377 2269 5429 similem

781 5511 822 5540 ³³
853 5510 893 5562 ll
919 5510 1042 5564 Cor.
1080 5527 1137 5574 ιι,
1169 5511 1254 5564 Η.
1335 5511 1377 5541 ³⁵
1403 5509 1443 5562 ll
1474 5510 1599 5565 Cor.
1645 5525 1726 5575 ιιι,
1756 5511 1810 5570 ‘2.
1849 5510 1899 5564 3.

1977 5509 2019 5541 ³⁸
2054 5509 2252 5564 Jcretu.
2302 5525 2452 5575 xui,
2484 5509 2570 5562 “5'5.

2361 602 2553 653 εὐωδία
2574 601 2738 668 ἐσμὲν
2767 598 2842 666 τῷ
2869 595 2986 663 Θεῷ
3009 599 3196 660 ἐντοῖς
3220 598 3563 668 σωζομένοις,
3589 598 3683 648 καὶ
3725 599 3783 648 tv
3814 599 3924 658 τοῖς

2361 692 2768 758 ἀπολλυμένοις.
2814 706 2832 738 ι
2875 683 3007 737 Εἶτα
3042 687 3156 748 πῶς
3190 688 3250 738 οὐ
3274 688 3402 751 Θεὸς
3430 690 3458 740 ὁ
3489 687 3926 756 Χριστὸς-,εἴπερ

2360 783 2507 834 ἐστὶν
2541 779 2700 841 αὐτὸς
2728 777 2870 846 ὀσμὴ
2895 775 2994 843 τῆς
3023 775 3274 841 γνὼσεὼς
3309 778 3398 828 τοῦ
3433 776 3680 845 Πατρός;
3713 776 3790 826 Οὐ
3817 776 3925 844 γὰρ

2361 873 2416 924 ἓν
2465 887 2528 937 γε
2575 873 2637 939 τῇ
2678 867 2963 938 ἀνθρώπου
3021 865 3180 932 φύσει
3226 868 3322 934 τὴν
3361 868 3458 935 τῆς
3507 867 3654 928 Θείας
3709 865 3925 932 φύσεως

2359 962 2582 1013 εὐωδίαν
2627 958 2896 1028 ἀναμάοοι
2933 973 3015 1018 τις
3063 955 3164 1008 ἀν·
3199 955 3312 1006 ἀλλ’
3363 958 3546 1028 ὥσπερ
3597 960 3630 1026 ἡ
3671 957 3776 1025 τῆς
3831 957 3922 1008 ἀν-

2363 1051 2710 1120 ορωπὸτητος
2762 1049 2904 1118 ὀσμὴ
2940 1045 3190 1116 σημαίνει
3229 1062 3330 1096 που
3364 1047 3579 1109 πάντως
3611 1048 3919 1117 ἄνθρωπον,

2357 1138 2500 1190 οῦτω
2541 1143 2632 1192 καὶ
2656 1142 2688 1208 ἡ
2728 1140 2827 1206 τῆς
2861 1138 3132 1206 θεότητος,
3168 1133 3319 1187 Θεόν,
3354 1134 3415 1184 ΕΞ
3453 1135 3510 1185 δὲ
3551 1137 3792 1205 Χριστὸς
3834 1137 3921 1187 εὑ-

2357 1227 2492 1278 ώδία
2535 1227 2630 1278 τοῦ
2668 1229 2877 1295 Πατρὸς
2918 1223 3056 1279 εἶναι
3090 1226 3336 1292 λέγεται,
3370 1223 3464 1275 καὶ
3492 1223 3638 1274 ἐστιν
3667 1225 3885 1293 ἀληθῶς
3906 1262 3920 1282 ,

2358 1315 2472 1376 πῶς
2499 1316 2559 1366 οὐ
2585 1316 2714 1377 Θεός
2743 1317 2856 1366 ἐστι
2891 1316 3144 1384 Χριστὸς,
3180 1315 3284 1368 κᾶν
3312 1314 3360 1364 εἰ
3387 1314 3608 1380 γέγονεν
3635 1313 3923 1383 ἄνθρωπος

2357 1405 2708 1471 οἰκονομικῶς
2735 1406 2762 1455 ὁ
2797 1409 2859 1457 ὲκ
2891 1405 3026 1457 Θεοῦ
3067 1407 3277 1476 Πατρὸς
3306 1405 3509 1472 Λάγοςς

2433 1513 2452 1544 ‹
2506 1495 2570 1546 Ἡ
2600 1494 2852 1563 ἐπιστολὴ
2871 1498 2904 1563 ἡ
2916 1496 3028 1562 μῶν
3053 1496 3212 1565 ὑμεῖς
3235 1498 3378 1559 ὲστε,
3409 1493 3841 1564 ὲγγεγραμμένη
3869 1496 3923 1544 ὲν

2357 1587 2473 1648 ταῖς
2505 1584 2750 1652 καρδίαις
2780 1585 2956 1652 ἡμῶν,
3004 1588 3380 1658 γινωσκομένη
3423 1588 3517 1640 καὶ
3553 1587 3925 1653 ἀναγινωσκο-

2362 1675 2496 1745 μένη
2558 1675 2662 1727 ὑπὸ
2715 1675 2934 1727 πάντων
3003 1674 3337 1744 ἀνθρώπων·
3397 1675 3794 1746 φανερούμενοι
3845 1677 3924 1728 ὅτι

2359 1769 2480 1819 ἐστὲ
2512 1767 2765 1836 ἐπιστολὴ
2798 1765 3056 1838 Χριστοῦ,
3094 1766 3471 1836 διακονηθεῖσα
3500 1770 3590 1835 ὑφ’
3622 1768 3807 1837 ἡμῶν,
3838 1769 3926 1834 t7-

2290 1843 2329 1895 Β
2359 1857 2717 1925 γεγραμμένη
2741 1857 2799 1908 οὐ
2830 1857 3039 1925 μέλανι,
3072 1855 3207 1908 ἀλλὰ
3235 1855 3511 1924 Πνεῦματι
3537 1857 3672 1909 Θεοῦ
3701 1859 3922 1921 ζῶντος,

2357 1947 2456 1997 οὐκ
2491 1945 2549 1996 tv
2598 1947 2760 2010 πλαξὶ
2798 1946 3047 2010 λιθίναις,
3081 1946 3195 2000 ἀλλ’
3228 1947 3284 1998 ὲν
3319 1945 3480 2008 πλαξὶ
3516 1947 3749 2016 καρδίας
3789 1966 3924 2018 σαρ-

2356 2036 2528 2104 κίνης.
2565 2055 2582 2087 ι
2622 2038 2763 2105 Ἔφη
2797 2055 2898 2091 που
2946 2039 3075 2100 Θεὸς
3113 2038 3179 2091 δι’
3214 2038 3328 2100 ἐνὸς
3363 2036 3472 2088 τῶν
3503 2038 3673 2105 ἁγίων
3710 2056 3924 2108 προφη-

2355 2125 2494 2176 τῶν·
2539 2145 2556 2175 ι
2600 2127 2686 2177 'Ev
2716 2125 2793 2194 τῷ
2833 2127 3008 2196 καιρῷ
3054 2129 3264 2198 ἐκείνῳ,
3296 2128 3440 2196 λέγει
3472 2128 3697 2198 Κύριος,
3749 2127 3924 2190 διδους

2357 2218 2549 2286 νόμους
2583 2234 2682 2285 μου
2707 2219 2786 2279 εις
2813 2217 2914 2286 τὴν
2945 2217 3182 2270 διάνοιαν
3206 2218 3404 2283 αὐτῶν,
3427 2219 3520 2270 καὶ
3542 2219 3634 2271 ἐπὶ
3659 2217 3763 2280 τὰς
3791 2235 3925 2287 καρ-

2354 2306 2469 2369 δίας
2507 2306 2684 2359 αὐτῶν
2714 2306 2999 2375 ἐπιγράψω
3045 2307 3260 2369 αὐτούς.
3319 2325 3338 2356 ι
3393 2307 3700 2377 Γεγόναμεν
3744 2308 3925 2360 τοίνυν

2357 2397 2613 2466 ἐπιστολὴ
2643 2396 2899 2467 Χριστοῦ,
2926 2397 3224 2466 γράφοντος
3258 2397 3387 2466 ἡμῖν
3416 2398 3514 2449 οὐκ
3543 2397 3602 2449 tv
3642 2397 3842 2464 μέλανι
3865 2399 3925 2449 τὸ

2355 2487 2500 2555 αὐτῷ
2519 2487 2724 2551 δοκοῦν,
2751 2488 2862 2540 ἀλλ’
2880 2490 2936 2540 tv
2960 2489 3233 2557 Πνεῦματι
3255 2487 3389 2541 Θεοῦ
3411 2487 3628 2552 ζῶντος·
3651 2490 3717 2541 οὐ
3739 2489 3924 2541 διακο-

2353 2575 2515 2637 νικῶς
2533 2576 2750 2644 μᾶλλον,
2777 2578 2909 2640 ἀλλ’,
2939 2579 3025 2630 ἵνα
3037 2577 3208 2640 οὕτως
3224 2579 3486 2648 εἴπωμεν,
3508 2580 3890 2650 αὑτουργικῶς
3908 2597 3923 2609 ·

2355 2663 2482 2714 ἴδιον
2511 2663 2618 2732 γὰρ
2644 2663 2806 2716 αὑτοῦ
2845 2665 2904 2716 τὸ
2931 2665 3156 2734 Πνεῦμα
3186 2668 3348 2719 ἐστιν.
3381 2663 3511 2719 Εἶτα
3547 2668 3666 2730 πῶς
3696 2671 3757 2719 οὐ
3793 2669 3926 2730 Bst;

2354 2755 2381 2804 ὁ
2409 2753 2464 2805 tv
2489 2753 2602 2821 ίδίῳ
2636 2754 2912 2823 Πνεῦματι
2938 2755 3165 2823 γράφων
3198 2755 3329 2823 ἡμῖν
3351 2759 3450 2825 τῆς
3473 2755 3811 2824 θεογνωσίας
3830 2757 3926 2823 τὴν

2358 2842 2510 2906 ὁδόν;
2550 2843 2684 2913 Περὶ
2712 2843 2816 2895 τῶν
2861 2843 3126 2896 Ἰουδαίων
3164 2845 3355 2913 φησιν’

2430 3035 2450 3067 ι
2510 3016 2649 3069 Ἀλλ’
2684 3017 2950 3088 ἐπωρώθη
2976 3018 3046 3071 τὰ
3093 3020 3338 3090 νοήματα
3381 3022 3580 3078 αὐτῶν.
3621 3025 3792 3096 ’Δχρι
3821 3026 3926 3094 γὰρ

2355 3106 2454 3176 τῆς
2485 3109 2724 3176 σήμερον
2759 3107 2972 3180 ἡμέρας
3003 3108 3065 3160 τὸ
3094 3110 3225 3162 αὐτὸ
3253 3112 3516 3182 κάλυμμα
3551 3115 3645 3166 ἐπὶ
3675 3119 3744 3184 τῇ
3792 3117 3928 3168 ἀνα-

2359 3198 2554 3265 γνώσει
2593 3199 2692 3267 τῆς
2744 3199 2986 3261 Παλαιᾶς
3019 3200 3292 3271 Διαθήκης
3319 3202 3559 3271 διαμένει
3594 3204 3669 3271 μὴ
3721 3205 3930 3257 ἀνακαι

2355 3287 2709 3356 λυπτόμενον,
2742 3289 2770 3341 ὃ
2793 3305 2844 3340 τι
2883 3290 2940 3340 tv
2970 3289 3191 3360 Χριστῷ
3231 3293 3615 3359 καταργεῖται·
3647 3291 3788 3344 ἀλλὰ
3827 3295 3927 3355 ἕως

2353 3381 2447 3448 τῆς
2467 3380 2722 3450 σήμερον,
2744 3380 2905 3449 ἡνίκα
2923 3379 3354 3446 ἀναγινώσκεται
3374 3381 3628 3450 Μωῦσῆς,
3654 3383 3926 3451 κάλυμμα

2356 3472 2447 3522 ἐπὶ
2490 3469 2587 3538 τὴν
2626 3470 2853 3540 καρδίαν
2902 3471 3081 3525 αὐτῶν
3132 3474 3326 3525 κεῖται.
3385 3470 3577 3523 Ἢνίκα
3629 3471 3676 3524 δ’
3709 3474 3776 3525 ἂν
3808 3476 3928 3525 ἑπι-

2358 3557 2562 3630 στρέψῃ
2597 3558 2734 3627 πρὸς
2764 3560 2987 3628 Κύριον,
3019 3563 3383 3629 περιαιρεῖται
3424 3561 3486 3612 τὸ
3532 3560 3820 3631 κάλυμμα.
3865 3565 3930 3615 Ὃ

2355 3649 2410 3701 δὲ
2441 3648 2640 3718 Κύριος
2664 3650 2724 3702 τὸ
2746 3649 2968 3720 Πνεῦμά
2998 3653 3175 3704 ἐστιν·
3197 3647 3255 3705 οῦ
3277 3651 3332 3703 δὲ
3361 3652 3420 3703 τὸ
3450 3653 3676 3722 Πνεῦμα
3699 3655 3928 3724 Κυρίου,

2356 3740 2472 3790 ἐκεῖ
2514 3738 2813 3808 ἐλευθερία.
2865 3757 2884 3789 ι
2922 3740 2984 3791 Et
3019 3740 3170 3802 τέλος
3217 3741 3378 3809 νόμου
3428 3741 3520 3793 καὶ
3566 3744 3868 3812 προςρητῶν
3905 3748 3933 3795 ὁ

2358 3829 2612 3897 Χριστὸς,
2646 3832 2739 3882 καὶ
2769 3831 2869 3882 οῦκ
2899 3830 3337 3884 ἀποκαλύπτεται
3365 3833 3423 3884 τὸ
3456 3833 3720 3902 κάλυμμα
3751 3835 3814 3886 τὸ
3841 3836 3931 3885 ἐπὶ

2357 3921 2422 3987 τῇ
2451 3919 2752 3986 ἀναγνώσει
2781 3919 2877 3989 τῆς
2907 3919 3145 3981 Παλαιᾶς
3175 3922 3462 3991 Διαθήκης,
3492 3923 3540 3972 εί
3577 3923 3650 3991 μὴ
3687 3925 3745 3974 ὲν
3786 3925 3931 3992 μόνῳ

2357 4008 2434 4078 τῷ
2477 4009 2696 4079 Χριστῷ
2720 4026 2733 4039 ⁸
2770 4013 2919 4062 ποῖον
2974 4011 3084 4080 ἔχει
3114 4011 3270 4078 λόγον
3322 4012 3401 4076 τὸ,
3449 4013 3734 4082 ἄνθρωπον
3769 4015 3930 4066 αὐτὸ]

2357 4101 2563 4156 οἴεσθαι
2585 4102 2760 4154 κοινὸν
2791 4103 3077 4172 ὑπάρχειν,
3115 4104 3250 4174 μόνῃ
3279 4106 3344 4172 τῇ
3374 4105 3471 4173 τῆς
3494 4106 3744 4173 υἱότη-τος
3765 4123 3934 4175 προτ‹

2360 4194 2554 4264 ηγορία
2583 4195 2942 4264 τετιμημένον
2963 4213 2976 4260 ;
2999 4195 3324 4264 Εὐρίσκεται
3349 4195 3458 4264 γὰρ
3488 4195 3554 4247 ἂν
3587 4196 3762 4258 οὕτως
3787 4198 3931 4267 ἔχειρ

2363 4285 2421 4334 τὸ
2447 4284 2543 4352 τῆς
2573 4283 2804 4346 πίστεως
2833 4284 2986 4354 ἡμῶν
3013 4284 3159 4345 τέλος
3188 4283 3286 4336 οὐκ
3304 4286 3382 4346 είς
3400 4284 3527 4336 Θεὸν
3556 4285 3784 4353 μᾶλλον,
3815 4288 3931 4338 ἀλλ’

2362 4377 2439 4437 εἰς
2491 4376 2585 4428 ἕνα
2637 4375 2742 4428 τῶν
2797 4377 2916 4429 καθ’
2973 4377 3154 4446 ἡμᾶς·
3223 4376 3357 4445 ὅπερ
3411 4375 3527 4428 ἐστὶ
3561 4375 3673 4427 τῶν
3714 4379 3932 4430 ἀτοπω-

2291 4497 2336 4552 D
2363 4469 2559 4521 τάτων.

2428 4577 2445 4608 ι
2469 4559 2530 4610 Et
2551 4557 2605 4610 δὲ
2633 4557 2726 4610 καὶ
2755 4556 2866 4608 ἐστι
2898 4557 3302 4628 κεκαλυμμένον
3332 4557 3392 4610 τὸ
3423 4555 3754 4623 Εὑαγγέλιον
3776 4558 3932 4626 ἡμῶν

2364 4651 2421 4702 tv
2461 4652 2570 4711 τοῖς
2607 4648 3014 4717 ἀπολλυμένοις,
3054 4650 3168 4702 ἔστι
3231 4649 3641 4720 κεκαλυμμένον
3687 4651 3746 4702 tv
3793 4645 3878 4710 οἷς
3908 4649 3933 4698 δ

2365 4743 2494 4805 Θεὸς
2525 4740 2616 4794 τοῦ
2654 4742 2846 4804 αἰῶνος
2894 4741 3081 4794 τούτου
3113 4741 3385 4808 ἐτύφλωσε
3433 4742 3502 4794 τὰ
3533 4743 3788 4812 νοήματα
3827 4742 3932 4794 τῶν

2367 4833 2630 4894 ἀπίστων,
2662 4834 2740 4895 είς
2767 4832 2827 4884 τὸ
2858 4832 2930 4901 μὴ
2958 4833 3190 4900 αὐγάσαι
3219 4834 3307 4885 τὸν
3331 4833 3601 4902 φωτισμὸν
3631 4833 3727 4885 τοῦ
3764 4835 3933 4900 Εὐαγ·

2367 4924 2544 4991 γελίου
2589 4923 2684 4992 τῆς
2718 4922 2873 4992 δόξης
2920 4922 3013 4975 τοῦ
3065 4922 3320 4994 Χριστοῦ,
3353 4925 3411 4985 ὃς
3455 4925 3598 4976 ἐστιν
3648 4924 3820 4975 εἰκὼν
3847 4923 3934 4976 τοῦ

2369 5015 2520 5068 Θεοῦ.
2566 5034 2583 5065 ι
2621 5016 2682 5067 Εἰ
2712 5015 2852 5067 κατά
2897 5031 2960 5082 γε
2987 5016 3046 5067 τό
3072 5032 3182 5068 τισι
3211 5015 3400 5068 δοκοῦν
3430 5015 3604 5076 κοινὸς
3648 5015 3935 5084 ἄνθρωπᾱ

2370 5107 2515 5156 ἐστιν
2537 5106 2564 5157 ὁ
2594 5104 2845 5172 Χριστὸς,
2874 5103 3063 5156 ένώσει
3096 5105 3227 5174 μόνῃ
3249 5108 3314 5174 τῇ
3344 5107 3481 5158 κατὰ
3517 5105 3817 5173 πρόσωπον
3840 5107 3935 5173 τὴν

2374 5197 2662 5262 συνὰοειαν
2698 5195 2834 5263 ἔχων
2866 5195 2998 5264 πρὸς
3035 5196 3126 5247 τὸν
3172 5199 3235 5248 ὲκ
3264 5195 3396 5248 Θεοῦ
3428 5195 3592 5263 Λόγον
3627 5195 3790 5264 (φασὶ
3833 5196 3937 5264 γὰρ

2371 5288 2538 5348 οὕτως
2569 5285 2742 5355 αὐτοί)
2765 5302 2778 5314 ⁶
2806 5287 2920 5348 πῶς
2949 5288 3006 5337 tv
3031 5289 3141 5349 τοῖς
3160 5285 3554 5356 ἀπολλυμένοις
3576 5286 3936 5355 κεκαλυμμὲ·

2376 5397 2462 5431 νον
2492 5379 2606 5430 ἐστὶ
2650 5379 2707 5432 τὸ
2746 5379 3072 5446 Εὐαγγέλιον
3099 5379 3192 5432 τοῦ
3218 5377 3350 5432 Θεοῦ
3381 5395 3418 5416 ιι
3442 5395 3456 5443 ;
3483 5377 3795 5430 Διάκεινται
3829 5379 3934 5444 γὰρ

2683 5509 2726 5540 ³⁸
2757 5507 2796 5562 ll
2825 5511 2948 5563 Cor.
2978 5525 3059 5576 ιιι,
3090 5509 3271 5564 ll-l7.
3391 5507 3500 5562 "ll
3534 5507 3658 5562 Cor.
3697 5522 3774 5572 tv,
3812 5506 3867 5561 3.

1790 5625 1956 5681 Variae
1987 5627 2240 5681 lectiones
2272 5626 2472 5681 codicis
2501 5623 2864 5694 chuicriaui.

785 5747 819 5772 ’δ’
846 5738 1029 5793 αὐτοῦ,
