4086 6512
159 420 275 473 ιειι

1217 432 1304 485 DE
1342 433 1565 487 lil'ICTA
1606 435 1759 488 FIDE
1799 436 1889 488 AD
1923 437 2240 490 RICCINAS.

3199 442 3338 494 ιειτ

153 531 215 582 τὰ
243 532 386 602 ἔθνη,
412 537 508 602 οὐχ
535 536 616 586 ὅτι
645 535 772 596 Θεός
799 538 964 600 ἐστιν,
994 541 1104 592 ἀλλ’
1138 543 1219 594 ὃτι
1267 545 1387 595 καθ’
1422 547 1563 614 ἡμᾶς
1595 546 1682 598 ἄνφ

1792 561 1906 599 esse
1958 562 2268 614 persuasum
2315 546 2536 598 habent.
2587 545 2862 609 Quomodo
2908 547 3032 599 item
3076 547 3331 601 obcaecati

157 619 378 688 θρωπος.
408 621 529 683 Πῶς
566 622 621 673 δὲ
660 624 750 673 καὶ
777 623 1135 692 τετύφλωνται
1177 633 1324 699 παρά
1351 633 1442 684 τοῦ
1487 635 1700 686 Σατανᾶ

153 709 198 759 οἱ
250 711 374 780 περὶ
424 710 706 778 ἀνθρώπου
755 711 1021 779 λέγοντες,
1080 719 1160 770 ὅτι
1215 719 1496 786 ἀνθρωπός
1548 722 1697 782 hort;

155 798 301 860 Ποτος
348 798 402 849 δὲ
450 798 543 849 καὶ
596 802 870 870 φωτισμὸς
920 804 1094 857 ἔνεστι
1133 806 1208 875 τῷ
1254 807 1569 873 Εύαγγελίῳ
1606 806 1699 857 τοῦ

153 885 401 956 Χριστοῦ,
452 888 499 938 εἰ
535 887 607 958 μὴ
645 887 775 953 Θεός
814 891 949 956 ἐστι,
999 895 1092 946 καὶ
1136 894 1210 954 ὼς
1242 893 1399 945 τοῦτο
1444 893 1701 962 ὑπάρχων

154 976 485 1039 δεδόξασταις
523 977 644 1042 Πῶς
688 979 732 1032 δ’
782 981 847 1034 ἂν
890 984 974 1051 εἴη
1007 983 1101 1034 καὶ
1134 982 1296 1033 εἰκὼν
1327 981 1421 1033 τοῦ
1459 981 1614 1042 Θεοῦ,
1651 984 1700 1033 si

155 1066 307 1134 μέχρι
337 1065 510 1134 μόνων
535 1069 639 1122 τῶν
671 1071 767 1141 τῆς
801 1072 1211 1142 ἀνθρωπότητος
1239 1072 1568 1138 ἀφικνεῖται,
1601 1071 1702 1123 οὐκ

152 1155 283 1223 ἔχων
315 1155 374 1206 τὸ
409 1153 548 1211 εἶναι
579 1163 720 1215 κατὰ
761 1163 1020 1232 ἀλήθειαν
1053 1159 1173 1221 Υἱὸς
1202 1160 1295 1212 καὶ
1325 1159 1490 1226 Θεός;

222 1259 240 1290 t
266 1243 356 1296 Διὸ
404 1247 498 1300 καὶ
541 1249 985 1318 φιλοτιμούμεθα,
1012 1247 1122 1298 εἴτε
1166 1245 1546 1316 ἐνδημοῦντες,
1589 1246 1700 1299 εἴτε

150 1331 518 1402 ἐκδημοῦντες,
543 1339 824 1408 εὐάρεστοι
856 1335 1003 1405 αύτῷ
1033 1331 1189 1388 εἶναι.
1209 1337 1344 1398 Τοὺς
1367 1335 1474 1405 γὰρ
1496 1337 1700 1399 πάντας

150 1423 289 1491 ἡμᾶς
318 1429 694 1497 φανερωθῆναι
739 1427 818 1479 δεῖ
852 1426 1159 1496 ἔμπροσθεν
1201 1427 1292 1480 τοῦ
1328 1426 1566 1497 βήματος
1603 1425 1719 1478 τοῦ

148 1515 395 1584 Χριστοῦ,
426 1518 511 1570 ῐνα
549 1517 930 1586 διακομίσηται
962 1516 1188 1580 ἕκαστος
1212 1518 1279 1571 τὰ
1307 1517 1435 1570 διάη
1464 1516 1556 1569 τοῦ
1594 1515 1698 1568 σώ-

151 1622 329 1672 ματος,
361 1607 496 1677 πρὸς
521 1607 556 1660 ἃ
582 1606 834 1676 ἔπραξεν,
865 1607 974 1660 εἴτε
1012 1608 1233 1676 ἀγαθὸν,
1275 1609 1384 1662 εἴτε
1416 1609 1632 1678 φαῦλον.
1671 1627 1690 1659 ι

147 1695 204 1747 El
231 1699 374 1749 πᾶσα
402 1700 514 1759 τοῖς
547 1696 719 1763 ἁγίοις
750 1698 950 1768 σπουδὴ
993 1698 1052 1751 τὸ
1079 1699 1389 1769 εὐαρεστεῖν
1420 1698 1497 1768 τῷ
1536 1696 1653 1767 Θεῷ
1677 1736 1693 1762 ,

147 1786 560 1856 φιλοτιμούμεθα
597 1788 653 1841 δὲ
679 1790 906 1843 τοιοῦτοι
939 1790 1220 1858 φαίνεσθαι
1258 1790 1334 1859 τῷ
1360 1789 1596 1860 Χριστῷ,
1635 1789 1695 1841 τὸ

1805 644 1929 684 ευιιι
1955 650 1982 682 ιι
2015 634 2238 695 Satana,
2271 636 2358 702 qui
2388 634 2451 685 de
2482 633 2699 685 homine
2721 635 2982 696 sentiunt,
3011 635 3149 701 quod
3185 635 3346 688 homo

1805 715 1929 767 est?
1963 717 2146 779 Qualis
2185 730 2444 783 praeterea
2488 717 2808 769 illuminatio
2840 719 2891 770 in
2928 717 3130 772 Christi
3173 719 3319 773 Evan

1801 802 1941 868 gelio
1979 812 2082 865 est,
2132 805 2177 855 si
2229 806 2341 871 ipse
2391 807 2530 860 Deus
2582 819 2686 858 non
2734 815 2838 866 est,
2886 821 3062 874 neque
3117 817 3174 858 ut
3207 809 3350 862 Deus

1801 890 2162 956 gloriﬁcatur?
2195 891 2295 955 Qui
2338 895 2569 962 denique
2599 895 2776 962 imago
2813 895 2901 947 Dei
2942 905 3044 958 est,
3079 896 3122 948 si
3162 911 3226 949 ea
3264 912 3352 950 so-

1802 980 1910 1033 lum
1955 982 2190 1049 attingit,
2220 997 2338 1049 qua:
2375 985 2619 1038 humanae
2653 995 2782 1038 sunt
2815 993 3055 1048 naturae,
3097 1000 3271 1052 neque
3302 987 3354 1038 id

1802 1069 1982 1136 reipsa
2016 1069 2242 1133 obtinet,
2273 1078 2332 1122 ut
2360 1069 2523 1124 Filius
2554 1083 2606 1126 et
2636 1074 2776 1128 Deus
2810 1072 2918 1128 sit?

1877 1255 1896 1289 ι
1939 1237 2003 1292 Ει
2041 1240 2161 1296 ideo
2198 1242 2571 1296 contendimus
2603 1243 2716 1296 sive
2746 1244 3018 1306 absentes,
3059 1246 3172 1297 sive
3207 1260 3345 1311 prat-

1799 1340 1984 1384 sentes
2023 1331 2234 1399 placere
2285 1333 2380 1385 illi.
2436 1331 2634 1386 Omnes
2687 1333 2829 1384 enim
2871 1347 2968 1385 nos
3025 1333 3356 1389 manifestari

1799 1430 2016 1488 oportet
2048 1429 2172 1474 ante
2207 1421 2441 1474 tribunal
2470 1420 2691 1484 Christi,
2722 1429 2782 1472 ut
2825 1418 3022 1473 referat
3071 1423 3357 1490 unusquis-

1799 1523 1902 1577 que
1934 1510 2147 1577 propria
2172 1509 2438 1576 corporis.
2464 1518 2621 1577 prout
2651 1509 2834 1577 gessit,
2860 1509 2973 1561 sive
3005 1509 3220 1576 bonum,
3246 1513 3360 1567 sive

1800 1599 1998 1653 malum
2028 1600 2096 1654 ³⁸.
2131 1617 2150 1652 ι
2185 1601 2239 1655 Si
2270 1601 2322 1655 in
2359 1615 2522 1655 unum
2561 1600 2661 1653 hoc
2699 1599 2872 1653 sancti
2902 1599 3215 1656 incumbunt
3242 1617 3357 1656 om-

1796 1704 1912 1752 nes,
1944 1699 2002 1742 ut
2041 1689 2148 1745 Deo
2185 1690 2475 1758 placeant,
2513 1689 2901 1759 repudiatoque
2943 1689 3245 1745 mortalium
3279 1693 3358 1747 fa-

1796 1793 1944 1839 vore,
1977 1778 2238 1846 ejusmodi
2286 1794 2388 1834 nos
2413 1781 2632 1835 Christo
2675 1779 2906 1848 probare
2943 1778 3098 1832 enixe
3139 1791 3359 1837 conten-

145 1873 444 1944 ἀνθρώποις
488 1877 741 1947 ἀρέσκειν
793 1876 1244 1948 παραιτούμενον
1297 1876 1413 1938 πῶς
1458 1876 1517 1928 ού
1564 1875 1691 1937 Θεὸς

1796 1867 1970 1921 dimus
2000 1887 2012 1922 :
2057 1869 2326 1937 quomodo
2353 1870 2626 1924 Christum
2660 1869 2830 1923 Deum
2866 1883 2984 1923 esse
3011 1867 3224 1936 planum
3252 1889 3356 1928 non

144 1962 380 2034 ἐναργῶς
407 1967 435 2017 ό
465 1965 732 2033 Χριστός;
769 1966 877 2018 Καὶ
922 1965 968 2016 εἰ
1014 1965 1189 2034 κρινεί
1232 1964 1330 2034 τὴν
1374 1963 1696 2032 οἰκουμένην

142 2054 321 2119 αὐτὸς,
361 2055 478 2120 ἑνὸς
514 2053 650 2110 εἶναι
693 2056 982 2127 νομοθέτου
1014 2055 1308 2126 λεγομένου
1354 2055 1446 2108 καὶ
1484 2055 1696 2124 κριτοῦ,

143 2147 399 2219 πρόδηλον
434 2149 514 2201 ὃτι
547 2149 639 2202 καὶ
661 2148 798 2203 κατά
819 2149 974 2201 τοῦτο
990 2147 1124 2212 Θεός
1151 2150 1289 2215 εστι,
1313 2147 1407 2200 κα).
1438 2148 1486 2200 εἰ
1508 2146 1698 2216 γέγονε

143 2239 274 2310 σὰρξ
308 2243 336 2293 6
358 2241 554 2310 Λόγος.

211 2430 233 2462 ι
254 2411 320 2464 Ἥ
345 2410 453 2483 γὰρ
481 2411 667 2482 ἀγάπη
692 2410 785 2466 τοῦ
809 2409 943 2464 Θεοῦ
969 2411 1180 2482 συνέχει
1210 2412 1376 2481 ἡμᾶς,
1405 2411 1699 2481 κρίναντας

141 2500 316 2565 τοῦτο,
381 2504 460 2556 ὅτι
493 2505 542 2555 ει
587 2499 667 2566 εἷς
720 2503 857 2574 ὑπὲρ
895 2502 1110 2556 πάντων
1147 2501 1433 2568 ἀπέθανεν,
1492 2501 1602 2574 ἀρα
1647 2503 1698 2555 oi

140 2592 338 2654 πάντες
381 2593 667 2646 ἀπέθανον.
718 2594 828 2646 Καὶ
877 2593 1014 2662 ὑπὲρ
1046 2591 1261 2646 πάντων
1289 2592 1575 2657 ἀπέθανεν,
1611 2593 1696 2644 ἵνα

135 2681 182 2732 οἱ
216 2681 435 2746 ζῶντες,
469 2683 664 2754 μηκέτι
693 2683 901 2746 ἑαυτοῖς
936 2682 1124 2747 ζῶσιν,
1155 2681 1292 2735 ἀλλά
1322 2682 1401 2751 τῷ
1434 2681 1572 2751 ὑπὲρ
1602 2682 1698 2734 αύ-

133 2770 240 2824 τῶν
269 2772 588 2824 ἀποθανόντι
614 2773 709 2825 καὶ
734 2771 1030 2842 ἐγερθέντι.
1079 2791 1097 2823 ι
1126 2773 1188 2825 Ei
1209 2773 1407 2834 πάντες
1428 2771 1486 2824 ἐν
1508 2773 1694 2842 ἐσμεν,

137 2856 230 2908 κα).
273 2857 422 2927 αύτῷ
461 2858 558 2927 ζῇν
604 2857 895 2927 εὐχόμεθα,
933 2859 1430 2930 κατασεμνύνοντες
1457 2860 1696 2928 δηλονότι

131 2945 221 2997 τὸν
243 2946 452 3000 ἑαυτῶν
475 2947 584 3017 βίον
607 2946 692 3000 διά
717 2947 898 3015 γερτοῦ
920 2952 1117 3020 χρῆναι
1144 2950 1383 3021 πληροῦν
1402 2952 1460 3004 τὸ
1485 2951 1694 3021 θέλημα

135 3037 322 3101 αὐτοῦ,
347 3036 528 3108 ζῶμεν
553 3037 611 3090 δὲ
642 3037 719 3108 τῷ
745 3039 991 3111 Χριστῷο
1021 3041 1137 3106 πῶς
1169 3042 1229 3094 ού
1261 3041 1391 3105 Θεὸς
1418 3044 1501 3111 εἴη
1533 3043 1618 3107 ἂν,
1651 3036 1696 3108 ᾧ

131 3128 609 3199 κεχρεωστήμεθα,
632 3130 844 3201 καὶζῆν
866 3131 1254 3202 σπουδάζομεν,
1271 3135 1350 3197 ὡς
1374 3135 1515 3203 ὑπὲρ
1535 3133 1693 3204 ήμῶν

128 3217 401 3283 τεθνεῶτι,
428 3218 522 3272 καὶ
550 3217 834 3290 πριαμένῳ
865 3220 1070 3284 πάντας
1098 3222 1290 3292 αἵματι
1319 3221 1396 3293 τῷ
1435 3223 1586 3293 istm;

201 3479 417 3549 ι’Υπὲρ
460 3481 694 3551 Χριστοῦ
736 3479 832 3537 οὖν
880 3484 1274 3556 πρεσϐεύομεν,
1305 3486 1380 3551 ὡς
1421 3486 1516 3540 τοῦ
1555 3486 1688 3540 Θεοῦ

124 3570 565 3640 παρακαλοῦντος
613 3572 677 3627 δι’
709 3573 894 3644 ὴμῶν·
938 3574 1170 3646 δεόμεθα
1226 3577 1366 3648 ὑπὲρ
1414 3577 1647 3648 Χριστοῦ
1673 3618 1689 3644 ,

123 3660 500 3732 καταλλάγητε
531 3655 608 3732 τῷ
627 3662 765 3734 Θεῷ,
792 3683 812 3715 ι
833 3662 1195 3736 Ἐπιτήρησον
1224 3668 1305 3720 ὅτι
1333 3669 1692 3739 πρεσϐεύουσι

125 3747 223 3815 μὲν
251 3749 394 3820 ὑπὲρ
424 3750 683 3820 Χριστοῦ,
711 3753 1141 3822 παρακαλεῖσθαι
1178 3755 1235 3808 δὲ
1262 3755 1512 3824 λέγουσιν
1544 3759 1690 3827 ἡμᾶς

121 3837 226 3891 ὑπὸ
250 3837 348 3891 τοῦ
383 3837 537 3892 Θεοῦ.
583 3835 714 3893 Εἶτα
745 3843 940 3908 πάλιν,
981 3862 998 3894 ι
1028 3843 1289 3915 Δεόμεθα,
1322 3847 1507 3917 φησιν,
1548 3848 1688 3918 ὑπὲρ

118 3925 384 3996 Χριστοῦ,
416 3929 787 4000 καταλλάγητε
832 3931 906 4001 τῷ
952 3933 1087 4004 Θεῷ.
1121 3953 1138 3985 ι
1170 3935 1300 3999 Θεὸς
1338 3933 1428 3990 οὖν
1463 3937 1566 4008 ἀρα
1596 3939 1689 3992 καὶ

117 4016 375 4088 Χριστὸς,
411 4011 454 4086 ᾧ
483 4019 575 4072 καὶ
591 4021 1054 4093 ικατηλλαγμένοι,
1086 4024 1206 4096 Θεῷ
1236 4027 1681 4098 κατηλλάγμεθα.

189 4212 210 4246 ε
235 4195 384 4248 Ἀλλ’
414 4195 474 4248 ὲν
523 4197 680 4249 παντὶ
731 4199 1075 4262 συνιστάντες
1123 4201 1367 4266 ἑαυτοὺς,
1422 4202 1499 4267 ὡς
1550 4203 1684 4256 Θεοῦ

112 4283 376 4338 διάκονοι.
411 4301 432 4335 ι
465 4285 526 4338 0i
555 4285 688 4338 Θεοῦ
718 4286 997 4355 λεγόμενοι
1033 4284 1171 4341 εἶναι
1209 4289 1464 4353 διάκονοι,
1500 4293 1682 4362 εῐρην-

110 4389 199 4426 ται
225 4373 324 4428 καὶ
357 4373 612 4444 Χριστοῦ.
637 4375 768 4438 Θεὸς
788 4373 881 4430 οὖν
907 4378 1014 4448 ἀρα
1035 4379 1286 4447 Χριστός.
1319 4399 1338 4430 ι
1361 4379 1548 4450 Ἡμεῖς
1572 4383 1678 4451 γάρ

111 4463 230 4514 ναοί
275 4463 448 4531 ισμεν
494 4463 626 4516 Θεοῦ
673 4464 892 4528 ζῶντος,
939 4465 1118 4529 καθὼς
1160 4461 1311 4520 εἶπεν
1343 4470 1370 4521 ὁ
1401 4469 1568 4535 Θεὸς,
1597 4472 1680 4524 ὃτι

1799 1959 1922 2013 est?
1966 1959 2201 2013 Rursum
2244 1959 2288 2012 si
2327 1960 2418 2013 ille
2460 1971 2726 2015 terrarum
2786 1960 2969 2012 urbem
3025 1957 3357 2027 iudicaturus

1797 2059 1880 2102 est
1915 2047 2036 2118 (nec
2062 2049 2201 2103 enim
2255 2049 2394 2104 alius
2420 2058 2474 2103 et
2503 2049 2639 2103 alius
2669 2057 2754 2102 est
2777 2048 3054 2117 legislator
3076 2057 3130 2103 et
3152 2047 3312 2117 judex
3337 2091 3354 2115 ,

1798 2139 1891 2192 sed
1940 2154 2080 2193 unus
2124 2147 2180 2193 et
2224 2139 2365 2193 idem
2398 2139 2487 2207 ”),
2534 2139 2616 2193 vel
2670 2140 2772 2194 hac
2820 2152 3034 2207 quoque
3079 2140 3146 2192 de
3196 2153 3355 2195 causa

1797 2224 2138 2292 perspicuum
2177 2225 2376 2292 evadit,
2420 2226 2562 2294 quod
2603 2225 2743 2281 Deus
2777 2234 2892 2290 est,
2931 2225 3141 2281 tametsi
3180 2227 3356 2282 incar-

1803 2321 1965 2365 natus
2006 2321 2108 2366 est.

1866 2401 1974 2471 67
1997 2418 2015 2452 ι
2036 2401 2285 2456 Charitas
2312 2401 2454 2456 enim
2485 2401 2688 2458 Christi
2713 2412 2868 2472 urget
2894 2415 3012 2465 nos,
3033 2402 3358 2460 aestimantes

1798 2494 1900 2549 hoc
1923 2534 1938 2558 ,
1971 2493 2225 2563 quoniam
2276 2493 2322 2548 si
2353 2508 2492 2548 unus
2539 2508 2637 2564 pro
2681 2494 2929 2548 omnibus
2972 2495 3214 2547 mortuus
3244 2507 3356 2561 est,

1798 2599 1927 2653 ergo
1951 2598 2138 2638 omnes
2172 2585 2367 2638 mortui
2399 2593 2543 2638 sunt.
2580 2582 2646 2637 Et
2686 2599 2783 2652 pro
2825 2583 3077 2638 omnibus
3119 2593 3358 2640 mortuus

1796 2685 1879 2727 est
1913 2671 2155 2729 Christus
2175 2711 2193 2740 ,
2225 2683 2283 2728 ut
2316 2683 2374 2729 et
2402 2675 2492 2746 qui
2524 2675 2730 2738 vivunt,
2754 2674 2865 2744 jam
2895 2689 3000 2728 non
3029 2673 3130 2729 sibi
3155 2674 3356 2739 vivant,

1804 2763 1898 2818 scd
1932 2764 1981 2818 ei
2011 2765 2102 2834 qui
2135 2780 2235 2833 pro
2271 2767 2402 2835 ipsis
2434 2776 2680 2822 mortuus
2721 2777 2833 2833 est,
2861 2774 2912 2819 et
2940 2764 3353 2820 ταωνι-θύμ’.»

1801 2849 1858 2905 Si
1914 2866 2103 2908 omnes
2156 2869 2319 2907 unum
2378 2853 2431 2906 in
2489 2854 2605 2922 ipso
2657 2869 2864 2921 sumus,
2921 2853 3134 2924 ipsique
3183 2855 3360 2910 vivere

1799 2949 2167 3010 peroptamus,
2204 2941 2370 2994 vitam
2407 2950 2646 2994 nostrain
2680 2957 2784 2997 una
2817 2943 2917 2997 hac
2949 2943 3156 2996 ratione
3192 2942 3359 2998 hone-

1797 3041 1934 3087 stam
1965 3031 2272 3095 reddentes,
2307 3033 2354 3088 si
2383 3033 2587 3090 Christi
2622 3033 3052 3089 obsecundemus
3077 3032 3359 3098 voluntati,

1797 3123 1978 3192 illique
2013 3122 2256 3179 vivamus
2297 3139 2312 3175 :
2347 3127 2614 3194 quomodo
2663 3125 2708 3180 is
2756 3125 2898 3180 Deus
2937 3122 3212 3178 habendus
3254 3141 3358 3179 non

1718 3202 1761 3260 C
1794 3221 1893 3274 est,
1932 3213 2017 3266 cui
2052 3222 2106 3265 et
2137 3215 2353 3268 obnoxii
2389 3230 2596 3279 sumus,
2629 3226 2684 3269 et
2718 3217 2803 3269 cui
2845 3216 3026 3269 vivere
3063 3214 3359 3281 studemus,

1797 3313 2050 3372 tanquam
2097 3304 2170 3358 illi
2213 3305 2304 3374 qui
2355 3306 2528 3360 nostri
2575 3321 2736 3361 causa
2779 3315 3004 3361 mortem
3045 3305 3355 3372 oppetierit,

1793 3408 2000 3460 suoque
2029 3395 2290 3458 sanguine
2315 3409 2504 3449 omnes
2534 3395 2834 3449 coemerit?

1868 3499 1888 3532 ι
1932 3482 2036 3536 Pro
2060 3482 2282 3537 Christo
2314 3499 2443 3554 ergo
2472 3483 2738 3553 legatione
2769 3483 3063 3555 fungimur,
3102 3493 3356 3554 tanquam

1791 3569 1900 3624 Deo
1931 3570 2251 3625 exhortante
2292 3585 2388 3640 per
2446 3585 2546 3626 nos
2573 3585 2588 3622 :
2621 3572 2972 3625 obsecramus
3001 3586 3097 3640 pro
3118 3571 3356 3637 Christo,

1794 3656 2221 3711 reconciliamini
2255 3657 2366 3713 Deo
2388 3657 2455 3712 ⁸⁸.
2491 3677 2510 3710 ι
2564 3655 2806 3713 Observa
2845 3658 2961 3724 hic,
2989 3659 3130 3728 quod
3161 3659 3354 3714 Christi

1792 3747 2005 3800 nomine
2037 3747 2302 3816 legatione
2337 3747 2628 3819 fungantur
2663 3747 2925 3818 apostoli,
2973 3749 3220 3817 quodque
3262 3765 3358 3816 per

1788 3851 1847 3891 se
1874 3852 1970 3892 nos
2003 3852 2033 3890 a
2072 3837 2178 3893 Deo
2208 3839 2492 3893 admoneri
2541 3849 2806 3893 asserant.
2855 3838 3056 3892 Deinde
3097 3855 3304 3892 rursum
3336 3855 3350 3891 :

1801 3951 1819 3983 ι
1859 3930 2214 3986 Obsecramus
2235 3969 2251 3994 ,
2285 3928 2457 3997 inquit
2481 3967 2497 3992 ,
2548 3943 2645 3998 pro
2679 3928 2916 3990 Christo,
2939 3926 3353 3982 reconciliaiuiui

1787 4023 1917 4077 Deo.
1950 4039 1970 4073 ι
2003 4019 2143 4075 Deus
2177 4020 2358 4087 itaque
2389 4026 2474 4071 est
2504 4018 2771 4083 Christus,
2801 4019 2996 4091 quippe
3041 4017 3126 4072 cui
3166 4032 3352 4072 recon.

1786 4113 1978 4176 eiliati,
2013 4112 2122 4165 Deo
2149 4108 2484 4164 reconciliati
2514 4123 2730 4162 sumus.
3232 4150 3236 4154 »

1864 4220 1886 4252 ι
1925 4202 2030 4257 Sed
2057 4203 2111 4256 in
2141 4202 2392 4256 omnibus
2418 4202 2770 4262 exhibeamus
2801 4199 3182 4264 nosmetipsos,
3213 4200 3352 4254 sicut

1787 4293 1881 4349 Dei
1912 4293 2188 4348 ministros
2215 4293 2285 4347 δ’.
2321 4313 2341 4347 ι
2389 4295 2493 4360 Qui
2546 4294 2634 4348 hic
2673 4293 2764 4347 Dei
2809 4291 3042 4346 ministri
3077 4291 3352 4356 dicuntur,

1788 4385 1840 4438 hi
1889 4384 2016 4439 alibi
2063 4384 2262 4439 Christi
2313 4385 2547 4439 ministri
2593 4384 2949 4454 appellantur.
2994 4383 3138 4436 Deus
3173 4383 3354 4450 itaque

1786 4475 2044 4528 Christus.
2114 4491 2135 4524 ι
2191 4474 2300 4528 Vos
2358 4473 2500 4528 enim
2553 4475 2684 4529 estis
2735 4475 2994 4542 templum
3047 4474 3143 4528 Dei
3201 4475 3353 4536 vivi,

125 4554 429 4625 Ἐνοικήσω
447 4556 503 4606 ἐν
534 4555 737 4619 αὐτοῖς,
757 4557 849 4608 καὶ
865 4559 1211 4629 ὲμπεριπατή
1221 4576 1297 4612 σω
1315 4576 1328 4591 ·
1365 4562 1460 4613 καὶ
1480 4531 1671 4633 ἔσομαι

1792 4566 1920 4619 sicut
1976 4564 2104 4618 dicit
2144 4563 2286 4618 Deus
2327 4583 2341 4618 ε
2393 4564 2702 4619 Inhahitabo
2745 4565 2799 4618 in
2841 4531 2969 4636 illis,
3010 4574 3068 4630 et
3111 4564 3355 4616 inambu-

110 4643 296 4695 αὐτῶν
328 4643 484 4708 Θεὸς,
526 4645 619 4697 καὶ
651 4645 803 4698 αὐτοὶ
831 4646 1041 4699 ἔσονταί
1092 4666 1180 4718 μοι
1227 4649 1372 4713 λαός.
1402 4669 1419 4702 ι
1468 4651 1530 4704 El
1565 4653 1682 4705 vani.

110 4732 249 4785 Θεοῦ
300 4733 503 4798 ζῶντός
551 4737 752 4804 ἐσμεν,
799 4737 873 4799 ὡς
926 4739 1254 4801 ἐνοικοῦντος
1309 4742 1366 4793 ἐν
1413 4742 1544 4811 ἡμῖν
1591 4743 1681 4795 τοῦ

111 4821 454 4892 Πνεύματος,
483 4822 512 4875 ὃ
558 4824 650 4876 καὶ
693 4821 828 4878 εἶναι
871 4825 1083 4893 λέγεται
1117 4827 1211 4880 τοῦ
1245 4829 1476 4898 Χριστοῦ
1511 4829 1570 4899 (ι
1607 4832 1670 4883 El

109 4910 220 4981 γάρ
251 4929 361 4974 τις,
393 4912 548 4981 φησὶ,
576 4913 797 4984 Πνεῦμα
834 4915 1068 4984 Χριστοῦ
1096 4919 1196 4970 οὐκ
1237 4917 1369 4986 ἔχει,
1400 4915 1552 4982 οὗτος
1581 4921 1682 4974 ούκ

110 5002 260 5055 ἔστιν
289 5001 458 5056 αὑτοῦ
485 5022 503 5054 ι
525 5004 575 5073 )°
606 5004 720 5069 πῶς
751 5005 809 5058 ού
845 5007 975 5070 Θεὸς
1000 5008 1028 5058 ὁ
1054 5009 1318 5078 Χριστός;

183 5191 204 5226 ι
234 5175 571 5244 Δογισμοῦς,
604 5177 756 5246 φησὶ,
785 5177 1190 5248 καθαιροῦντες,
1217 5178 1309 5232 καὶ
1349 5181 1457 5234 πᾶν
1483 5181 1681 5253 ὕψωμα

106 5265 475 5335 ἐπαιρόμενον
496 5267 636 5320 κατά
659 5267 755 5335 τῆς
783 5267 1034 5334 γνώσεως
1059 5267 1154 5320 τοῦ
1175 5267 1331 5334 Θεοῦ,
1363 5272 1455 5323 καὶ
1481 5273 1680 5342 αἰχμα-

107 5353 435 5419 λωτίζοντες
458 5358 563 5409 πᾶν
586 5357 762 5428 νόημα
783 5359 860 5422 εἰς
883 5358 982 5428 τὴν
1005 5358 1248 5430 ὑπακοὴν
1273 5361 1363 5414 τοῦ
1384 5363 1635 5433 Χριστοῦ,
1651 5383 1670 5416 ι

1787 4654 1908 4709 labo
1956 4671 1968 4706 :
2030 4663 2085 4706 et
2126 4667 2219 4706 ero
2273 4653 2480 4707 illorum
2546 4653 2717 4720 Deus,
2767 4662 2820 4708 et
2865 4654 2966 4722 ipsi
3017 4660 3178 4708 erunt
3225 4653 3353 4706 mihi

1783 4744 2096 4814 pupillus".
2135 4762 2154 4796 ι
2192 4743 2247 4798 Si
2282 4743 2384 4798 vivi
2431 4744 2522 4798 Dei
2577 4744 2767 4812 templa
2811 4759 3020 4806 sumus,
3071 4742 3235 4795 veluti
3273 4741 3356 4793 in—

1789 4836 2064 4890 habitante
2103 4836 2154 4888 in
2191 4837 2346 4889 nobis
2391 4834 2616 4905 Spiritu,
2647 4835 2740 4904 qui
2785 4845 2840 4890 et
2885 4835 3084 4890 Christi
3139 4845 3354 4902 quoque

1789 4925 2023 4993 Spiritus
2077 4937 2196 4978 esse
2247 4924 2442 4978 dicitur
2490 4925 2594 4995 (ait
2643 4926 2784 4979 enim
2834 4922 3170 4992 Apostolus:
3223 4937 3243 4972 ι
3293 4921 3354 4975 Si

1788 5013 1909 5082 quis
1959 5013 2160 5068 Christi
2219 5013 2478 5082 Spiritqu
2539 5029 2642 5066 non
2704 5012 2903 5077 habet.
2957 5013 3049 5066 hic
3098 5024 3204 5064 non
3273 5020 3356 5068 est

1787 5100 1903 5168 ejus
1935 5099 1983 5171 ι)
2018 5117 2031 5153 :
2060 5102 2327 5169 quomodo
2355 5101 2606 5155 Christus
2644 5116 2747 5154 non
2787 5109 2869 5155 est
2902 5099 3085 5152 Deus?

1864 5209 1881 5242 ι
1940 5190 2174 5244 Consilia
2221 5192 2594 5256 destruentes,
2643 5201 2698 5245 et
2745 5205 2959 5244 omnem
3010 5187 3352 5243 altitudinem

1787 5283 2126 5338 extollentem
2154 5296 2212 5336 se
2238 5284 2496 5337 adversus
2527 5282 2810 5336 scientiam
2842 5281 2965 5344 Dei,
2996 5290 3052 5335 et
3085 5281 3135 5333 in
3186 5281 3352 5348 capti-

1784 5373 2000 5426 vitatem
2064 5372 2366 5441 redigentes
2425 5387 2639 5428 omnem
2696 5373 3025 5429 intellectum
3078 5371 3129 5424 in
3192 5370 3351 5425 obsc-

162 5488 207 5519 ³⁸
237 5489 430 5544 llCor.
453 5504 504 5556 ν,
533 5489 582 5545 9.
663 5491 704 5525 ”
733 5490 846 5548 Jac.
883 5506 956 5553 iv.
989 5491 1073 5547 12.
1149 5493 1193 5525 ⁸ο
1227 5493 1265 5547 ΙΙ
1296 5493 1420 5550 Cor.
1452 5510 1503 5556 v.
1539 5497 1622 5562 14,
1667 5498 1685 5550 1

1824 5501 1866 5532 ’⁸³
1898 5499 1937 5555 ll
1957 5500 2078 5556 Cor.
2101 5516 2154 5566 ν,
2177 5503 2269 5560 9.0.
2346 5505 2388 5536 δ’
2418 5503 2460 5559 ΙΙ
2491 5503 2613 5560 Cor.
2639 5519 2713 5571 γι,
2736 5504 2786 5559 ι.
2863 5505 2908 5538 ’⁸⁸
2941 5503 3096 5568 ibitl.,
3129 5499 3215 5556 ιθ.

1193 5651 1364 5706 Varia:
1390 5652 1648 5710 lcctioucs
1673 5658 1872 5716 codicis
1903 5658 2252 5730 Seguicriani.

179 5767 206 5795 π
239 5755 372 5810 ἴδια.
