4090 6494
735 396 871 449 Ηλδ

1713 395 1769 447 S.
1812 392 2080 445 CYRILLI
2117 389 2577 445 ALEXANDRIM
2618 388 2931 443 AltCHlEl‘.

3834 387 3958 437 1‘2“

732 507 912 573 quitum
943 503 1136 556 Christi
1166 504 1227 555 “.
1261 521 1277 552 ι
1312 505 1377 555 At
1409 505 1668 572 quomodo
1700 517 1906 554 omnem
1941 504 2273 555 altitudinem

2395 503 2514 554 Γίνα
2551 503 2750 570 τρόπον
2779 499 3183 568 καθαιρήσομεν
3215 502 3322 552 πᾶν
3356 499 3559 568 ὕψωμα
3603 497 3958 566 ἐπαιρόμενον

733 595 987 645 adversus
1013 594 1101 646 Dei
1133 595 1409 648 scientiam
1441 610 1495 648 sc
1519 594 1861 646 extollentem
1891 593 2284 645 demolientur?

731 690 822 731 aut
890 695 994 746 qua
1051 683 1262 734 tandem
1326 684 1528 735 ratione
1577 693 1786 731 omnem
1845 681 2167 732 intellectum
2231 682 2281 733 in

730 770 930 823 Christi
978 771 1290 838 obsequium
1331 772 1594 837 captivum
1641 769 1940 822 ducemus?
1988 771 2126 824 Sane
2155 770 2285 824 Ver—

731 860 855 913 bum
883 871 1071 927 sponte
1100 877 1157 914 se
1206 859 1516 920 exinauivit,
1562 856 1706 911 Patri
1750 875 1916 926 usque
1950 862 2014 912 ad
2060 873 2286 915 mortem

732 951 930 1002 factum
967 950 1220 1001 obediens
1248 948 1310 999 ".
1353 947 1575 1010 Quando
1608 947 1768 1015 igitur
1812 965 1874 1001 ex
1914 949 1976 1002 iis
2015 967 2133 1012 qua:
2166 967 2288 1017 pro-

732 1049 847 1108 pter
869 1054 1104 1098 carnem,
1126 1040 1474 1104 humanaeque
1503 1047 1706 1090 natura:
1739 1039 2125 1102 infirmitatem,
2162 1041 2266 1091 dis-

732 1127 1040 1196 pensatorie
1099 1127 1165 1176 ab
1195 1141 1259 1178 eo
1286 1126 1423 1178 dicta
1456 1127 1537 1178 vel
1577 1128 1714 1179 facta
1756 1135 1899 1189 sunt,
1940 1130 2151 1194 quidam
2194 1129 2284 1179 ad-

733 1232 920 1270 versus
957 1215 1074 1268 Filii
1111 1215 1389 1269 scientiam
1427 1232 1546 1270 sese
1575 1217 1870 1282 erigentes,
1906 1231 2027 1268 eum
2062 1219 2148 1284 qui
2189 1219 2287 1270 lm-

734 1323 887 1361 tuaua
918 1305 1084 1357 forma
1126 1321 1182 1358 se
1228 1307 1418 1369 iudnit,
1461 1307 1623 1358 Deum
1658 1320 1839 1357 verum
1879 1308 2286 1376 naturalemque

737 1399 828 1452 Dei
865 1398 1051 1451 Filiqu
1077 1413 1195 1450 esse
1231 1398 1630 1457 inliciabunlur,
1670 1406 1794 1448 tunc
1823 1398 2032 1451 demum
2069 1414 2284 1453 omnem

734 1488 1068 1542 altitudinem
1097 1502 1154 1539 se
1184 1487 1493 1540 elTereutem
1531 1487 1969 1553 comprimemus,
2015 1493 2056 1542 si
2101 1503 2284 1542 eorum

731 1579 820 1645 qui
853 1577 1035 1630 isthmc
1072 1591 1258 1643 sapere
1289 1576 1642 1638 decreverint,
1694 1578 2031 1644 opinationes
2073 1588 2286 1632 everte-

731 1684 879 1729 qus,
921 1667 1031 1735 68
1084 1681 1404 1733 omnemque
1453 1666 1783 1720 intellectum
1849 1670 1914 1721 ad
1969 1669 2286 1721 obedientize

2391 590 2530 641 κατὰ
2557 590 2654 658 τῆς
2686 588 2934 655 γνώσεως
2965 584 3058 636 τοῦ
3081 586 3213 638 Θεοῦ
3235 607 3248 651 ;
3272 590 3304 658 ῆ
3331 589 3448 650 πῶς
3477 585 3958 655 αἰχμαλωτιοῦμεν

2389 679 2496 729 πᾶν
2524 678 2699 748 νόημα
2725 679 2805 739 είς
2836 677 2930 744 τὴν
2963 675 3210 742 ὑπακοὴν
3235 678 3329 728 τοῦ
3363 676 3639 747 Χριστοῦς
3673 675 3958 728 Κεκένωκε

2387 768 2494 838 γὰρ
2527 770 2715 822 ἑαυτὸν
2752 771 2778 820 ὀ
2811 767 2977 832 Λόγος
3027 763 3186 829 ἑκὼν,
3220 768 3314 820 καί¹
3340 769 3563 835 γέγονεν
3599 768 3845 836 ὑπήκοος
3888 764 3961 832 τῷ

2393 857 2571 926 Πατρι¹
2602 858 2762 927 μέχρι
2791 854 3213 907 θανάτου.Ὂταν
3241 855 3420 907 τοίνυν
3462 858 3526 909 ἐκ
3555 857 3663 909 τῶν
3691 858 3962 920 οἰκονομι-

2391 948 2501 1008 κῶς
2532 949 2563 1016 ἢ
2595 945 2990 1016 πεπραγμένων
3021 943 3052 1012 ἢ
3089 946 3413 1014 είρημένων,
3441 945 3527 1000 διὰ
3556 965 3619 1013 γε
3651 947 3755 1016 τὴν
3784 945 3960 1010 σάρκα

2388 1039 2481 1089 καὶ
2522 1038 2580 1089 τὸ
2618 1038 2973 1108 ἀνθρώπινον,
3004 1035 3441 1104 κατεπαίρωνταί
3482 1053 3630 1100 τινες
3678 1037 3782 1104 τῆς

2393 1143 2529 1189 σεως
2577 1128 2668 1179 τοῦ
2704 1129 2851 1191 Υἱοῦ,
2901 1128 3150 1192 λέγοντες
3185 1126 3285 1176 οὐκ
3316 1120 3455 1175 εἶναι
3493 1111 3626 1176 Θεὸν
3657 1125 3836 1197 ἀληθῆ
3874 1125 3962 1174 καὶ

2393 1219 2519 1270 Υἱὸν
2554 1218 2694 1270 κατὰ
2726 1218 2884 1285 φύσιν
2911 1219 3001 1269 τὸν
3034 1219 3092 1268 ἐν
3125 1215 3439 1283 ἀνθρωπεία
3472 1216 3823 1283 μορφῇ’τότε
3858 1216 3961 1264 πᾶν

2392 1309 2590 1378 ὕψωμα
2623 1309 2977 1380 ἐπαιρόμενον
3024 1307 3446 1376 καθαιρήσομεν,
3475 1306 3572 1366 τὰς
3620 1304 3734 1356 τῶν
3779 1307 3962 1356 ἐκεῖνα

2384 1401 2580 1466 φωνεῖν
2613 1399 2899 1467 ᾑρημένων
2929 1396 3324 1466 ἀνατρέποντες
3348 1394 3524 1458 δόξας,
3558 1393 3653 1444 καὶ
3698 1393 3958 1460 περιτρέ-

2383 1506 2574 1551 ποντες
2602 1493 2708 1542 πᾶν
2746 1490 2923 1558 νόημα
2960 1490 3040 1550 είς
3076 1486 3174 1558 τὴν
3202 1487 3301 1556 τῆς
3338 1485 3584 1554 ὑπακοῆς
3618 1482 3956 1545 οἰκονομίαν.

2382 1581 2472 1628 Δεῖ
2503 1578 2611 1647 γὰρ
2640 1581 2698 1630 ἐν
2725 1581 2835 1639 τοῖς
2871 1577 2972 1645 τῆς
3003 1577 3420 1647 ἀνθρωπὸτητος
3456 1577 3678 1646 μέτροις
3702 1574 3961 1642 γεγονότα

2381 1668 2472 1720 τὸν
2503 1668 2630 1720 Υἱὸν
2663 1668 2737 1737 μὴ
2769 1667 3150 1737 παραιτεῖσθαι
3176 1667 3242 1719 τὰ
3274 1667 3606 1739 ἀνθρώπινα.

729 1757 1176 1823 dispensationem
1206 1765 1603 1811 convertemus.
1643 1757 1862 1825 Oportet
1894 1757 2035 1813 enim
2062 1758 2281 1820 Filium,
2324 1761 2412 1827 qui
2445 1760 2495 1813 iu
2529 1761 2776 1814 humana:
2811 1769 3018 1813 natura:
3085 1773 3336 1813 mensura
3406 1767 3660 1826 statuque
3688 1756 3960 1826 apparuit,

731 1861 846 1915 qua:
878 1847 1123 1898 huntauze
1158 1857 1358 1899 natura:
1389 1847 1604 1915 propria
1635 1856 1780 1910 sunt,
1811 1861 1914 1898 nou
1949 1848 2210 1901 aversari.

1137 1954 1219 2009 Ε.ι;
1261 1957 1496 2026 Ιῖρὶειοία
1532 1963 1600 2014 ad
1641 1960 1882 2016 Galatas.

803 2082 821 2114 ι
857 2063 967 2133 Ego
992 2063 1133 2116 enim
1167 2080 1262 2132 per
1293 2067 1461 2134 legent
1494 2068 1592 2134 legi
1624 2080 1864 2125 mortuus
1908 2086 2051 2134 sum,
2092 2083 2146 2126 ιιι
2182 2074 2288 2131 Deo

728 2155 942 2205 vivam:
985 2151 1200 2206 Christo
1248 2155 1495 2208 conﬁxus
1544 2172 1661 2210 smn
1720 2160 1893 2214 cruci.
1927 2159 2063 2215 Vivo
2109 2172 2285 2217 autem

723 2245 834 2311 jam
874 2256 977 2296 non
1013 2257 1131 2309 ego,
1165 2243 1295 2296 vivit
1321 2259 1446 2298 vero
1497 2246 1547 2299 in
1591 2263 1675 2301 me
1702 2248 1966 2305 Christus.
2001 2253 2152 2318 Quod
2195 2270 2291 2308 au-

729 2343 833 2386 tem
866 2347 1005 2386 nunc
1039 2334 1156 2386 vivo
1187 2333 1239 2387 in
1275 2349 1457 2400 carne,
1491 2338 1543 2390 iu
1581 2339 1686 2391 ﬁde
1715 2341 1837 2394 vivo
1869 2341 1990 2395 Filii
2034 2343 2163 2408 Dei,
2195 2347 2286 2414 qui

734 2424 920 2477 dilexit
961 2437 1081 2484 me,
1144 2433 1199 2476 et
1240 2426 1456 2479 tradidit
1502 2429 1847 2497 semetipsum
1892 2447 1987 2499 pro
2044 2449 2128 2488 me
2153 2435 2217 2489 “.
2265 2454 2283 2488 ι

730 2513 866 2579 Quid
895 2514 1104 2566 divinus
1135 2512 1330 2569 Paulus
1364 2517 1464 2570 hoc
1499 2520 1618 2571 loco
1660 2520 1837 2585 dicat,
1869 2523 2155 2593 diligenter
2200 2542 2291 2581 cx-

730 2605 1061 2674 pendendum
1092 2617 1194 2660 est.
1236 2605 1346 2660 Lex
1393 2624 1550 2674 quam
1590 2611 1728 2664 Deus
1772 2615 2152 2680 prophetarum
2197 2633 2292 2672 ore

730 2694 1189 2765 promulgaverat,
1217 2698 1478 2762 ejusmodi
1527 2708 1684 2753 erat:
1725 2718 1743 2750 ι
1776 2700 1964 2758 Justus
2008 2717 2288 2776 autem’ex

731 2788 834 2840 ﬁde
890 2786 1034 2839 vivet
1062 2785 1126 2840 ".
1170 2806 1189 2838 ›
1229 2788 1358 2842 Erat
1416 2799 1471 2845 et
1529 2805 1625 2857 per
1678 2791 1894 2863 Moysen
1945 2809 2158 2865 quoque
2205 2797 2292 2852 lex

733 2882 858 2934 lata.
899 2875 989 2930 Ait
1030 2892 1199 2948 ergo:
1241 2878 1390 2934 Fidei
1436 2882 1607 2949 legem
1652 2884 1984 2953 complexus,
2030 2887 2132 2957 legi
2176 2889 2293 2944 Mo-

730 2971 888 3023 saica:
933 2977 1174 3024 mortuus
1225 2986 1384 3037 sum;
1431 2973 1535 3028 hoc
1578 2985 1680 3041 est,
1727 2989 1847 3044 qua:
1883 2980 2155 3034 veteribus
2200 2996 2296 3049 per

733 3062 950 3112 umbras
981 3071 1034 3112 et
1070 3062 1266 3128 ﬁguras
1306 3063 1566 3128 praeﬁnita
1599 3075 1784 3131 erant,
1819 3082 1881 3121 ea
1925 3070 2152 3138 amplius
2185 3086 2292 3126 non

737 3159 950 3216 praesto.
979 3150 1089 3205 Hoc
1121 3155 1293 3221 ipsum
1325 3156 1468 3208 enim
1511 3166 1594 3211 est
1635 3158 1736 3228 legi
1768 3158 2017 3215 Mosaicae
2057 3174 2295 3219 mortuos

2795 1968 2890 2019 Ἐκ
2931 1963 3036 2032 τῆς
3074 1964 3224 2032 πρὸς
3261 1963 3556 2028 Γαλάτας.

2463 2077 2643 2145 (Ἐγὼ
2691 2076 2798 2145 γὰρ
2847 2077 2933 2129 διὰ
2982 2077 3147 2146 νόμου
3198 2075 3345 2146 νόμῳ
3373 2073 3664 2137 ἀπέθανον,
3707 2073 3799 2125 ἵνα
3845 2070 3959 2139 Θεῷ

2391 2169 2541 2238 ζήσω
2570 2182 2583 2195 ⁸
2608 2165 2826 2237 Χριστῷ
2870 2165 3335 2236 συνεσταύρωμαι.
3369 2165 3453 2219 Ζῶ
3485 2165 3541 2217 δέ
3573 2165 3676 2217 οὐκ
3718 2165 3801 2216 ἔτι
3829 2163 3959 2229 ἐγὼ,

2391 2257 2455 2326 ζῇ
2491 2257 2546 2309 δὲ
2592 2259 2650 2309 ὲν
2699 2260 2821 2327 ἐμοὶ
2851 2258 3180 2328 Χριστός-,Ὃ
3212 2258 3268 2310 δὲ
3313 2256 3407 2309 νῦν
3452 2257 3530 2320 ζῶ
3579 2259 3637 2308 ἐν
3688 2255 3876 2324 σαρκὶ,
3906 2258 3959 2306 ἐν

2390 2347 2570 2397 πίστει
2619 2344 2696 2408 ζῶ
2731 2348 2797 2415 τῇ
2833 2344 2960 2397 Υἰοῦ
2995 2344 3087 2397 τοῦ
3123 2344 3278 2408 Θεοῦ,
3310 2343 3403 2395 τοῦ
3445 2342 3838 2411 ἀγαπήσαντός
3873 2359 3957 2409 με,

2390 2437 2484 2490 καὶ
2514 2437 2839 2507 παραδόντος
2868 2438 3060 2490 ἑαυτὸν
3088 2437 3227 2507 ὑπὲρ
3262 2435 3395 2502 ἐμοῦ
3416 2444 3460 2490 ο.
3493 2456 3511 2488 ι
3548 2437 3611 2487 Τί
3636 2435 3694 2487 δέ
3721 2436 3832 2505 ἄρα
3859 2453 3956 2503 φη-

2392 2528 2476 2579 σὶν
2503 2528 2560 2580 ἐν
2589 2526 2800 2589 τούτοις
2846 2526 2874 2578 6
2917 2526 3201 2589 θεσπέσιος
3245 2525 3474 2587 Παῦλος,
3505 2525 3751 2579 κατιδεῖν
3796 2526 3961 2591 ἁναγο

2391 2618 2566 2669 καῖον.
2597 2616 2779 2684 Νόμος
2803 2615 3044 2668 τέθειται
3078 2615 3230 2686 παρὰ
3263 2614 3394 2668 Θεοῦ
3423 2614 3508 2667 διὰ
3531 2615 3719 2683 φωνῆς
3749 2632 3956 2683 προφη-

2390 2705 2518 2770 τῶν,
2550 2708 2641 2759 καὶ
2675 2702 2744 2776 ἦν
2769 2700 2949 2768 οὗτος·
2991 2725 3007 2757 ι
3031 2706 3087 2758 '0
3113 2705 3168 2757 δὲ
3196 2705 3402 2766 δίκαιος
3443 2704 3508 2756 ἐκ
3536 2703 3774 2768 πίστεως
3805 2703 3958 2772 ζήσε-

2391 2815 2500 2852 ται.
2530 2817 2547 2848 ι
2614 2798 2859 2851 Τέθειται
2911 2798 2967 2851 δὲ
3019 2797 3112 2849 καὶ
3162 2796 3324 2865 νόμος
3368 2794 3458 2848 διὰ
3496 2795 3767 2859 Μωσέως.
3794 2796 3958 2863 Νόμῳ

2392 2888 2570 2941 τοίνυν
2595 2887 2672 2956 τῷ
2698 2889 2794 2957 τῆς
2828 2887 3078 2949 πίστεως,
3109 2884 3291 2955 φησὶν,
3321 2883 3719 2952 ἀκολουθήσας,
3756 2885 3958 2938 ἀπέθαο

2393 2996 2481 3033 νον
2513 2981 2589 3048 τῷ
2614 2978 2762 3047 νόμῳ
2794 2977 2870 3045 τῷ
2903 2976 2991 3028 διὰ
3015 2976 3256 3039 Μωσέως
3278 3013 3292 3039 ,
3326 2976 3425 3028 οὐκ
3452 2976 3756 3045 ἐνεργήσας
3779 2977 3871 3028 ἐπὶ
3896 2974 3957 3026 τὰ

2393 3068 2468 3130 ὡς
2506 3071 2563 3121 ἐν
2610 3069 2734 3137 σκιᾷ
2785 3069 2876 3120 καὶ
2912 3066 3101 3129 τύποις
3146 3065 3475 3135 διωρισμένα
3519 3066 3635 3126 τοῖς
3689 3064 3955 3134 ἀρχαίοις.

2397 3157 2566 3210 Τοῦτο
2594 3159 2702 3228 γάρ
2730 3159 2845 3209 ἐστι
2877 3157 2957 3221 τὸ,
2986 3156 3134 3225 νόμῳ
3158 3155 3235 3225 τῷ
3261 3155 3347 3207 διὰ
3372 3153 3614 3214 Μωσέως
3643 3153 3954 3214 ἀποθανεῖν,

733 3255 870 3303 esse,
921 3255 1027 3308 quo
1060 3240 1313 3296 nimirum
1345 3244 1467 3297 lidei
1495 3261 1614 3314 qua:
1655 3247 1704 3300 in
1732 3247 2006 3302 Christum
2044 3261 2162 3314 est,
2201 3254 2290 3306 ad-

2397 3249 2485 3300 ῖνα
2532 3247 2649 3318 Θεῷ
2695 3249 2986 3316 ζήσωμεν,
3041 3249 3106 3315 τῇ
3155 3247 3236 3307 είς
3282 3243 3514 3313 Χριστὸν
3569 3245 3959 3312 προσκείμενοι

735 3333 999 3385 haerentes
1037 3331 1146 3385 Deo
1175 3332 1433 3386 vivamus.
1474 3335 1606 3388 Cum
1660 3335 1824 3404 igitur
1849 3337 2291 3404 justiﬁeatiouem

734 3441 852 3491 quae
883 3440 978 3495 per
998 3425 1272 3481 Christum
1301 3426 1548 3495 contigit,
1586 3431 1845 3496 potiorem
1886 3431 2160 3496 ducentes,
2192 3432 2292 3502 legi

734 3517 980 3572 Mosaica:
1021 3519 1369 3584 emoriantur,
1443 3533 1549 3586 qua
1613 3520 1819 3574 ratione
1864 3520 2144 3587 Christus,
2201 3537 2295 3590 per

733 3626 890 3679 quem
942 3611 1023 3664 lex
1074 3620 1326 3679 tanquam
1379 3610 1482 3665 ﬁde
1520 3610 1784 3663 inﬁrmior
1817 3621 2141 3677 evacuatur,
2187 3628 2292 3667 non

731 3702 836 3753 erit
885 3699 1066 3753 Deus?
1118 3700 1268 3765 Quod
1325 3701 1369 3752 si
1422 3715 1547 3753 vero
1595 3700 1841 3754 Christus
1880 3704 2039 3755 homo
2086 3711 2293 3757 tantum

733 3798 870 3852 erat,
919 3791 1186 3858 quomodo
1238 3789 1368 3844 ﬁdes
1420 3790 1473 3843 in
1523 3790 1696 3858 ipsum
1744 3790 1857 3859 ipsa
1902 3791 2018 3861 lege
2051 3796 2294 3861 superior

736 3879 935 3935 evasit?

810 3991 829 4023 ι
881 3970 982 4038 Qui
1018 3986 1147 4040 ergo
1190 3971 1379 4027 tribuit
1421 3972 1573 4028 nobis
1610 3973 1904 4041 Spiritum,
1950 3985 2006 4030 et
2044 3985 2296 4044 operatur

735 4063 964 4116 virtutes
996 4062 1049 4115 in
1079 4063 1232 4117 nobis
1255 4103 1268 4121 .
1299 4078 1362 4116 ex
1397 4066 1650 4129 Operibus
1697 4066 1848 4134 legis,
1889 4080 1955 4118 an
2006 4081 2073 4119 ex
2111 4067 2296 4120 auditu

739 4151 858 4205 lidei
885 4149 965 4202 “?
1002 4169 1021 4202 ι
1059 4147 1114 4202 Si
1151 4151 1234 4205 lex
1267 4150 1522 4213 Mosaica,
1562 4154 1772 4205 tametsi
1812 4153 1901 4206 Dei
1932 4153 2018 4206 lex
2045 4163 2208 4218 esset,
2240 4163 2295 4208 et

736 4242 805 4294 ab
834 4241 1037 4310 angelis
1065 4242 1397 4310 promulgata
1424 4250 1590 4306 esset,
1622 4258 1726 4296 nou
1753 4242 2127 4296 subministrat
2177 4244 2299 4312 Spi-

739 4336 898 4388 ritum
932 4343 1208 4397 sanctum,
1239 4347 1413 4401 neque
1447 4331 1538 4385 ulli
1576 4346 1694 4385 eam
1726 4332 1996 4400 impertita
2042 4343 2124 4385 est
2158 4334 2294 4396 vim,

739 4435 798 4478 nt
844 4423 1102 4478 miracula
1151 4434 1463 4491 perpetrare
1507 4431 1726 4490 posset;
1773 4437 1866 4489 per
1917 4421 2072 4476 ﬁdem
2117 4431 2296 4475 autem

738 4529 857 4584 qua:
887 4522 970 4568 est
1011 4515 1064 4566 in
1094 4513 1387 4576 Christum,
1420 4513 1757 4581 assequimur
1796 4521 2081 4578 utrumque
2110 4529 2122 4563 :
2165 4525 2298 4578 quo-

2400 3339 2738 3390 πίστει.”οτε
2780 3337 2960 3390 τοίνυν
3014 3337 3431 3406 ἀποθνήσκομεν
3473 3333 3552 3403 τῷ
3588 3334 3676 3386 διὰ
3721 3335 3959 3394 Μωσέως

2398 3426 2565 3495 νόμῳ,
2599 3424 2695 3493 τὴν
2743 3427 2802 3478 ἐν
2848 3424 3067 3495 Χριστῷ
3099 3424 3472 3494 προτιμῶντες
3507 3423 3811 3486 δικαίωσιν,
3849 3423 3958 3485 πῶς

2398 3518 2460 3570 ού
2509 3517 2638 3580 Θεὸς
2685 3519 2713 3569 6
2753 3518 3004 3587 Χριστὸς,
3058 3516 3121 3568 δι’
3150 3515 3207 3567 ὃν
3263 3516 3616 3585 καταργεῖται
3666 3514 3855 3584 νόμος,
3889 3515 3959 3575 ὼς

2399 3609 2756 3680 διαφερούσης
2800 3608 2963 3662 αὑτοῦ
3011 3608 3108 3678 τῆς
3154 3607 3424 3670 πίστεως;
3462 3606 3523 3659 El
3570 3607 3627 3660 δὲ
3677 3606 3959 3677 ἄνθρωπος

2400 3701 2585 3761 ἁπλῶς
2629 3697 2698 3771 ἦν
2740 3703 2768 3752 6
2812 3698 3062 3769 Χριστὸς.
3107 3698 3222 3762 πῶς
3270 3699 3336 3752 ἂν
3386 3699 3602 3767 ἐγένετο
3650 3699 3745 3752 καί
3798 3697 3957 3767 νόμον

2401 3794 2661 3862 κρείττων
2691 3793 2724 3862 ἡ
2753 3791 2934 3853 πίστις
2962 3793 2994 3860 ὴ
3028 3792 3106 3853 εἰς
3130 3791 3325 3856 aut-6v;

2479 3996 2497 4026 ι
2522 3977 2578 4028 '0
2607 3972 2699 4028 οὖν
2727 3972 3067 4042 ἐπιχορηγῶν
3088 3972 3218 4041 ἡμῖν
3245 3969 3302 4021 τὺ
3331 3967 3570 4038 Πνεῦμα,
3599 3969 3697 4022 καὶ
3729 3967 3961 4039 ἐνεργῶν

2401 4067 2676 4135 δυνάμεις,
2710 4063 2770 4127 ἐξ
2796 4063 2969 4133 ἔργων
3007 4061 3194 4130 νόμου,
3235 4060 3267 4128 ἦ
3315 4058 3375 4122 ἐξ
3422 4060 3591 4126 ἀκοῆς
3640 4059 3908 4121 πίστεωςς
3938 4077 3956 4106 ι

2403 4158 2466 4210 Et
2495 4159 2523 4208 6
2550 4154 2711 4223 νόμος
2744 4155 2771 4205 6
2818 4151 2904 4203 διὰ
2949 4149 3212 4210 Μωσέως,
3252 4147 3430 4200 καίτοι
3475 4147 3610 4198 Θεοῦ
3657 4149 3824 4215 νόμος
3870 4147 3956 4206 ὣν,

2403 4247 2498 4300 καὶ
2540 4243 2791 4311 λαληθεὶς
2839 4241 2904 4293 δι’
2937 4239 3200 4308 ἀγγέλων,
3231 4238 3331 4290 οὐκ
3361 4237 3473 4306 ἔχει
3516 4237 3614 4306 τὴν
3664 4237 3762 4289 τοῦ
3814 4237 3959 4303 ἁγίου

2405 4334 2720 4402 Πνεύματος
2745 4331 3025 4402 χορηγίαν,
3053 4327 3174 4381 οὔτε
3213 4328 3317 4398 μὴν
3361 4327 3697 4398 προύξένησέ
3749 4344 3862 4379 τισι
3909 4326 3960 4376 τὸ

2405 4427 2645 4496 ἐνεργεῖν
2674 4422 2932 4475 δύνασθαι
2960 4419 3029 4472 τὰ
3069 4418 3342 4491 παράδοξα
3363 4457 3377 4482 ,
3415 4417 3771 4488 κερδαίνομεν
3805 4417 3864 4469 δὲ
3885 4417 3962 4470 διὰ

2405 4519 2502 4588 τῆς
2540 4516 2774 4576 πίστεως
2801 4514 2899 4583 τῆς
2927 4515 3004 4576 είς
3033 4511 3268 4582 Χριστὸν
3292 4510 3575 4579 ἀμφότερα
3595 4526 3608 4539 ·
3641 4509 3760 4571 πῶς
3788 4510 3888 4562 οὐκ
3912 4511 3960 4559 ἐν

740 4604 896 4658 modo
924 4601 1053 4656 ﬁdes
1082 4602 1302 4670 antiqua
1339 4602 1452 4669 lege
1487 4618 1590 4655 non
1634 4612 1714 4656 est
1759 4595 2130 4669 prtestantior?
2155 4600 2290 4653 Rur-

2401 4609 2679 4678 ὰμείνοσιν
2708 4606 2740 4674 ἡ
2772 4603 2954 4666 πίστις
2991 4602 3084 4654 τοῦ
3136 4602 3364 4655 παλαιοῦ
3409 4601 3609 4670 νόμους
3643 4601 3756 4652 Καὶ
3788 4602 3837 4652 εί
3873 4600 3958 4653 ἄνη

739 4706 855 4744 sum
908 4690 953 4744 si
994 4691 1153 4744 homo
1198 4699 1315 4745 erat
1366 4692 1614 4746 Christus
1646 4693 1792 4746 nulla
1840 4710 1904 4748 ex
1937 4706 2088 4762 parte
2116 4695 2304 4762 ,nostri

739 4781 1034 4845 dissimilis,
1083 4780 1173 4849 qui
1213 4781 1330 4836 ﬁeri
1365 4783 1558 4850 potuit,
1589 4793 1647 4837 ut
1677 4784 1807 4838 ﬁdes
1849 4784 1899 4837 in
1949 4783 2122 4853 ipsum
2165 4785 2302 4839 divi-

742 4888 863 4926 nam
895 4873 1062 4942 lcgem
1092 4872 1435 4927 aboleverit?
1481 4875 1537 4928 Si
1583 4875 1705 4928 item
1740 4889 1834 4942 per
1882 4876 2038 4929 tidem
2085 4873 2303 4943 majori-

741 4965 841 5019 hus
897 4965 1055 5019 bonis
1103 4965 1448 5033 perfruimur,
1494 4981 1653 5034 quam
1700 4970 1790 5034 qui
1849 4981 1944 5032 per
1985 4965 2035 5018 id
2091 4974 2302 5032 tempus

742 5060 944 5122 vixere,
983 5073 1088 5125 quo
1125 5057 1209 5110 lex
1255 5073 1404 5110 suam
1447 5058 1621 5110 adhuc
1659 5057 1764 5110 vim
1811 5056 2108 5121 obtinebat,
2160 5070 2300 5124 quo-

745 5145 903 5200 modo
933 5143 1182 5200 Christus
1213 5161 1316 5198 non
1347 5153 1428 5199 est
1455 5143 1635 5197 Deus?

822 5253 840 5288 ι
875 5235 1030 5288 Prius
1065 5245 1243 5288 autem
1274 5250 1431 5303 quam
1475 5234 1679 5287 veniret
1711 5233 1876 5297 ﬁdes,
1907 5233 2006 5288 sub
2053 5232 2168 5302 lege
2211 5247 2305 5286 cu-

816 5409 861 5442 “
903 5407 944 5462 ll
971 5407 1096 5463 Cor.
1125 5424 1178 5472 ιι,
1206 5410 1258 5464 5.

1338 5408 1380 5440 ”
1413 5407 1640 5478 Philipp.
1676 5422 1733 5470 ll,
1767 5407 1817 5469 7,
1862 5405 1915 5461 8.
1993 5408 2038 5438 ⁸⁸³
2077 5402 2250 5458 Galat.
2279 5419 2337 5469 ιι,
2377 5403 2461 5468 19,
2493 5402 2586 5455 ‘20.
2663 5401 2706 5433 "
2743 5399 2945 5454 Hahae.
2989 5416 3048 5464 tt,
3078 5400 3131 5453 4.

2408 4699 2620 4767 θρωπος
2647 4690 2714 4764 ἦν
2739 4692 2925 4754 ἁπλῶς
2955 4691 3078 4745 καθ’
3110 4694 3276 4761 ἡμᾶς,
3313 4690 3430 4754 πῶς
3475 4690 3618 4742 θεῖον
3649 4692 3958 4758 κατήργησε

2408 4790 2566 4857 νόμον
2598 4788 2630 4856 ἠ
2663 4787 2842 4846 πίστις
2871 4785 2903 4853 ή
2931 4784 3012 4846 είς
3037 4783 3232 4846 αὐτόν;
3269 4783 3376 4834 Kal
3414 4783 3462 4833 εί
3507 4780 3679 4849 ἐσμὲν
3714 4781 3773 4830 ἐν
3813 4778 3958 4848 ἀμεί-

2406 4893 2550 4930 νοσιν
2578 4877 2627 4927 oi
2647 4873 2736 4927 διὰ
2759 4873 2994 4933 πίστεως
3024 4870 3245 4940 μᾶλλον,
3269 4870 3300 4938 ἢ
3325 4870 3483 4938 οἷπερ
3501 4865 3640 4938 ἦσαν
3666 4871 3798 4931 ἴσως
3839 4866 3958 4919 κατ’

2409 4965 2645 5025 ἐκείνους
2677 4964 2802 5024 τοὺς
2834 4961 3076 5031 καιροὺς,
3108 4960 3227 5014 καθ’
3259 4958 3352 5022 οὓς
3387 4954 3454 5029 ἦν
3484 4961 3512 5012 6
3542 4959 3735 5028 νόμοςο
3766 4956 3877 5019 πῶς
3901 4955 3956 5006 ού

2409 5056 2538 5118 Θεὸς
2572 5058 2599 5108 6
2622 5053 2879 5124 Χριστόςς

2491 5249 2507 5281 ι
2539 5229 2647 5298 Πρὸ
2673 5227 2728 5280 δὲ
2752 5225 2845 5278 τοῦ
2880 5224 3051 5278 ἐλθεῖν
3078 5225 3175 5296 τὴν
3205 5223 3415 5287 πίστιν,
3446 5221 3549 5272 ὑπὸ
3587 5219 3752 5288 νόμον
3780 5220 3955 5287 ἐφρου-

3211 5395 3254 5428 ²⁵⁸
3284 5398 3459 5452 Galat.
3497 5410 3581 5458 III,
3662 5394 3716 5448 5.

1815 5559 1988 5614 Varia:
2023 5559 2277 5620 lectiones
2306 5555 2503 5614 codicis
2538 5553 2889 5625 Seguieriani.

836 5705 855 5732 ⁸
898 5697 1068 5767 ἡμῶν.
