4086 6504
170 437 312 494 ηιε

1253 439 1352 494 DE~
1380 440 1605 498 RECTA
1647 444 1801 500 FIDE
1842 445 1930 500 AD
1969 445 2286 502 REGINAS.

3259 445 3395 500 1946

169 558 436 629 ροῦμεθα.
470 557 878 628 συγκλειόμενοι
932 559 1011 622 εἰς
1065 560 1165 630 τὴν
1223 563 1520 632 μέλλουσαν
1555 566 1722 620 πίστιι

1838 570 2227 634 stodiebamur,
2260 565 2497 623 conclusi
2529 564 2580 618 in
2610 578 2728 618 eam
2769 562 2945 622 fidem,
2969 576 3086 630 qua:
3110 561 3389 615 revelanda

165 647 649 718 ἀποκαλυφθῆναιο
700 648 838 702 ὥστε
890 651 918 702 6
966 650 1130 720 νόμος
1180 653 1524 722 παιδαγωγὸς
1572 657 1728 726 ἡμῶν

164 739 390 807 γέγονεν
436 739 514 801 εἰς
561 739 814 808 Χριστὸν,
850 740 936 793 ἵνα
968 756 1030 794 εκ
1060 742 1293 805 πίστεως
1331 744 1722 817 δικαιωθῶμεν.

180 826 470 897 Ἐλθούσης
494 828 550 880 δέ
578 829 677 897 τῆς
705 829 936 893 πίστεως
955 871 969 893 ,
994 832 1092 885 οὐκ
1119 832 1197 885 ἐτι
1241 833 1344 886 ὑπὸ
1390 836 1730 905 παιδαγωγόν

164 917 356 986 ἐσμεν.
390 917 595 978 Πάντες
642 917 750 988 γὰρ
789 918 894 970 υἱοὶ
935 917 1069 971 Θεοῦ
1104 920 1226 972 ἐστε
1256 920 1345 974 διὰ
1375 923 1474 993 τῆς
1499 925 1732 988 πίστεως

165 1009 228 1058 ἐν
273 1006 492 1078 Χριστῷ
541 1008 898 1078 Ἰησοῦ.Ὄσοι
935 1009 1044 1080 γὰρ
1094 1011 1174 1074 εἷς
1225 1013 1459 1082 Χριστὸν
1505 1015 1731 1082 ἐὸαπτί-

173 1095 361 1165 σθητε,
403 1097 633 1167 Χριστὸν
677 1095 1066 1168 ἐν[ε]δύσασθε.
1099 1116 1118 1150 ι
1154 1101 1217 1152 El
1242 1080 1586 1170 παιδαγωγὸς
1607 1080 1674 1174 ἦν
1702 1106 1730 1156 6

165 1185 351 1254 νόμος,
381 1187 481 1239 οὐκ
514 1187 597 1255 ἐφ’
621 1187 805 1252 ἕτερον
832 1187 1138 1258 ἀναφέρων,
1177 1190 1315 1260 πλὴν
1342 1192 1424 1244 ὃτι
1453 1193 1613 1260 μόνον
1639 1193 1731 1245 ἐπὶ

163 1277 422 1346 Χριστὸν,
463 1276 640 1330 καίτοι
665 1278 762 1346 τῆς
786 1276 1021 1345 ἀληθοῦς
1065 1278 1392 1347 θεογνωσίας
1416 1283 1729 1345 διδάσκαλος

163 1365 262 1430 ὢν,
295 1365 411 1427 πῶς
455 1367 516 1418 οὐ
561 1365 691 1428 Θεὸς
738 1367 767 1418 ὁ
808 1369 1076 1438 Χριστός;
1127 1371 1237 1423 Καὶ⁵
1279 1374 1327 1425 εἰ
1380 1375 1729 1443 καταργεῖται

163 1455 329 1523 νόμος
369 1455 456 1507 διὰ
505 1456 604 1526 τῆς
645 1456 882 1522 πίστεως
926 1459 1022 1530 τῆς
1069 1462 1148 1522 εἰς
1179 1462 1359 1527 αὐτὸν,
1393 1464 1487 1516 καὶ
1527 1463 1586 1515 τὸ
1630 1464 1730 1534 τῆς

165 1546 542 1614 παιδαγωγίας
599 1548 748 1619 αὑτῷ
798 1549 952 1614 τέλος
1003 1553 1387 1622 παραδίδωσιν,
1420 1555 1496 1617 ὡς
1546 1556 1626 1617 εἰς
1669 1555 1730 1606 τὸ

160 1637 332 1707 ἄκρον
356 1638 556 1704 ἀγαθὸν
584 1639 868 1710 ἀναφέρων
896 1644 1022 1706 τοὺς
1050 1644 1627 1715 παιδαγωγουμένουςο
1666 1645 1728 1698 τὸ

159 1726 223 1781 δὲ
253 1728 332 1791 εις
363 1728 516 1798 λῆξιν
539 1730 740 1798 ἀγαθὸν
766 1732 850 1802 εἴη
878 1732 944 1786 ἂν
973 1733 1156 1804 ἕτερον
1185 1734 1336 1786 οὐδὲν
1367 1735 1518 1806 παρά
1541 1751 1604 1802 γε
1630 1733 1727 1804 τὴν

160 1818 262 1886 τῆς
285 1818 516 1888 ἀληθοῦς
555 1819 884 1888 θεογνωσίας
914 1822 1118 1892 εῐδησιν
1138 1839 1153 1852 ο
1191 1823 1309 1886 πῶς
1338 1822 1402 1876 ἂν
1438 1823 1725 1876 ἐνδοιάσειέ

1834 673 1970 717 eral.
2004 662 2184 731 Itaque
2214 660 2298 715 lex
2332 662 2652 728 paedagogus
2681 654 2794 724 69
2823 661 3002 706 noster
3033 652 3132 705 l'uit
3163 653 3215 705 in
3246 651 3392 707 Citri-

1834 763 1940 817 sto,
1967 763 2024 806 ut
2054 768 2118 807 ex
2158 753 2259 806 litle
2284 751 2660 819 justiﬁeemur.
2697 750 2765 802 At
2798 749 2885 801 ubi
2927 748 3069 802 venit
3116 747 3244 800 ﬁdes
3282 747 3389 815 jam

1831 857 1935 896 non
1983 858 2168 897 sumus
2214 843 2314 897 sub
2365 840 2691 909 paedagogo:
2738 854 2925 893 omnes
2963 840 3102 892 enim
3153 838 3245 892 lilii
3297 838 3387 892 Dei

1830 933 1960 986 estis
1987 949 2084 1002 per
2129 933 2285 986 ﬁdem
2335 933 2385 985 itt
2426 931 2638 985 Christo
2678 928 2825 983 .lesu.
2887 930 3201 996 Quicunque
3248 929 3388 981 enim

1831 1023 1884 1076 in
1925 1022 2137 1076 Christo
2169 1021 2420 1088 baptizati
2462 1020 2615 1085 estis,
2667 1019 2938 1072 Christum
2991 1017 3241 1071 induistis
3266 1018 3331 1070 δ’.
3363 1035 3382 1068 ι

1832 1112 1889 1165 Si
1925 1111 2006 1164 lex
2035 1112 2352 1180 pwdagogus
2376 1121 2514 1173 erat,
2543 1110 2682 1163 haud
2710 1112 2774 1162 ad
2807 1109 2969 1162 alium
3008 1122 3106 1162 nos
3156 1107 3388 1172 dirigens

1829 1216 1991 1269 quam
2022 1204 2088 1255 ad
2115 1202 2285 1255 solum
2321 1201 2622 1265 Christum,
2651 1201 2897 1268 quamvis
2930 1200 3022 1253 Dei
3069 1199 3388 1266 cognitionis

1829 1300 1975 1345 esset
2019 1292 2290 1357 magistra,
2324 1293 2594 1359 quomodo
2647 1290 2892 1343 Christus
2942 1305 3044 1343 non
3094 1300 3174 1343 est
3213 1289 3388 1342 Deus?

1830 1380 2062 1436 Rursqu
2089 1383 2132 1436 si
2164 1384 2245 1434 lex
2274 1397 2367 1450 per
2402 1382 2580 1445 (idem,
2611 1397 2730 1450 quae
2759 1390 2842 1434 est
2881 1381 2932 1434 in
2984 1381 3175 1449 ipsum,
3209 1380 3387 1433 abole-

1831 1480 1942 1534 tur,
1962 1466 2316 1538 eamdemque
2339 1487 2366 1522 ιι
2390 1471 2710 1539 paedagogia:
2733 1484 2958 1523 munere
2982 1467 3211 1522 absolvit
3235 1466 3385 1529 fides,

1830 1569 2081 1626 tanquam
2124 1574 2242 1628 quas
2290 1559 2562 1613 institutos
2608 1562 2672 1613 ad
2730 1574 2998 1613 sumntum
3044 1558 3154 1627 jam
3190 1559 3384 1612 bonum

1828 1651 2106 1714 evexerit;
2172 1666 2440 1704 summum
2487 1659 2664 1702 autem
2719 1649 2915 1702 bonum
2964 1663 3067 1702 non
3118 1654 3200 1701 est
3243 1646 3385 1699 aliud

1829 1754 1990 1807 quam
2042 1741 2274 1808 perlecta
2321 1740 2564 1794 veritatis
2612 1740 2911 1807 divinaeque
2973 1739 3176 1793 notitiae
3206 1732 3386 1792 'scien-

1829 1829 1952 1882 tia:
2015 1829 2099 1882 cui
2154 1830 2462 1896 ambiguum
2507 1845 2624 1884 esse
2670 1838 2884 1897 potest,
2951 1829 3076 1897 quin
3130 1828 3269 1880 Deus
3316 1826 3389 1878 sit

158 1924 268 1971 τις,
299 1909 379 1962 ὅτι
407 1909 536 1972 Θεός
565 1912 680 1963 ἐστι
705 1927 718 1975 ;
749 1910 1138 1981 Βαπτιζόμενοι
1167 1913 1223 1966 δέ
1259 1914 1337 1975 εἰς
1373 1914 1612 1983 Πατέρα,
1632 1913 1722 1965 καὶ

1829 1916 2120 1973 Christus?
2163 1918 2424 1986 Baptizati
2474 1929 2653 1972 autem
2695 1917 2747 1971 in
2795 1917 3042 1982 Patrem,
3074 1926 3122 1969 et
3171 1915 3385 1975 Filium,

160 1998 309 2063 Υἱὸν,
340 2000 429 2050 καὶ
460 2001 612 2068 ἅγιον
648 2001 892 2070 Πνεῦμα,
930 2001 1045 2064 πῶς
1087 2003 1166 2065 εἰς
1201 2003 1434 2072 Χριστὸν
1473 2001 1729 2073 βεδαπτίο

160 2086 360 2154 σμεθα,
390 2089 544 2156 εἴπερ
565 2089 713 2141 ἐστὶν
741 2090 838 2159 οὐχ
869 2090 996 2152 Υἱὸς
1021 2091 1244 2161 ἀληθὴς,
1266 2093 1441 2145 καίτοι
1471 2092 1564 2145 τοῦ
1588 2092 1730 2146 κατά

159 2178 324 2247 φύσιν
357 2179 469 2242 ἐνὸς
501 2179 650 2243 ὸντος
687 2179 846 2245 Υὶοῦ;
899 2178 1056 2233 Ἀλλά
1085 2182 1190 2252 μὴν
1238 2184 1317 2245 εἰς
1366 2182 1528 2234 αὑτὸν
1569 2182 1730 2251 βεϐα-

157 2258 459 2340 πτίσμεθαί
491 2270 621 2333 Θεὸς
649 2267 740 2324 οὖν
768 2271 876 2341 ἄρα
905 2272 1052 2324 ἐστὶν
1085 2272 1160 2336 ὡς
1191 2272 1319 2335 Υἱὸς
1363 2267 1464 2336 εἷς,
1489 2274 1583 2326 καὶ
1614 2275 1728 2326 Κύι-

159 2379 278 2433 ριος
308 2358 409 2428 εἷς,
442 2361 562 2416 καθ’
587 2363 781 2416 ἐνωσιν
815 2363 1163 2435 οἰκονομικὴν
1203 2363 1406 2435 σαρκὸς
1445 2364 1728 2433 γεγονότος

153 2452 254 2506 τοῦ
284 2453 478 2521 Λόγου.

237 2559 259 2595 ι
296 2544 453 2598 ’Δλλά
483 2545 601 2598 τότε
633 2545 731 2615 μὲν
753 2546 850 2598 οὐκ
871 2545 1067 2608 εἰδότες
1083 2543 1233 2611 Θεὸν,
1249 2544 1592 2598 ἐδουλεύσατε
1614 2547 1724 2608 τοῖς

153 2636 319 2702 φύσει
351 2637 426 2705 μὴ
455 2633 572 2690 οὖσι
616 2637 756 2700 θεοῖς
778 2654 791 2667 ·
821 2639 937 2691 νυνὶ
985 2637 1042 2691 δὲ
1080 2637 1300 2706 γνόντες
1326 2638 1479 2703 Θεὸν,
1524 2637 1723 2709 μᾶλλον

151 2722 214 2778 δέ
245 2725 572 2791 γνωσθέντες
593 2727 697 2778 ὑπὸ
726 2726 880 2790 Θεοῦ,
908 2728 1024 2790 πῶς
1050 2728 1407 2798 ἐπιστρέφετε
1442 2728 1604 2780 πάλιν
1633 2728 1724 2781 ἐπὶ

151 2815 227 2867 τὰ
257 2814 455 2884 ἀσθενῆ
489 2815 581 2867 καὶ
615 2816 804 2884 πτωχά
833 2822 1108 2887 στοιχεϊα;
1140 2838 1158 2870 ι
1209 2819 1272 2871 El
1316 2817 1448 2872 Θεὸν
1492 2820 1724 2886 ἐγνώκα-

155 2923 258 2975 μεν
284 2904 668 2975 ὁμολογοῦντες
695 2908 950 2976 Χριστὸν,
979 2911 1073 2962 καὶ
1103 2909 1370 2976 ἐγνῶσθαι
1412 2927 1590 2980 φαμεν
1618 2910 1721 2962 ὑπὸ

149 2997 250 3063 τοῦ
295 2997 450 3062 Θεοῦ,
477 2997 807 3066 γνωσθέντες
851 2999 1033 3069 αὐτῷ,
1087 3002 1203 3064 πῶς
1245 3002 1306 3054 οὐ
1350 3000 1480 3063 Θεὸς
1524 3003 1552 3053 ό
1586 3002 1718 3071 Χρι-

149 3089 312 3153 στόςς

232 3179 427 3249 «Ἐμοὶ
472 3181 528 3233 δὲ
584 3180 658 3250 μὴ
703 3180 909 3248 γένοιτο
955 3183 1281 3251 καυχᾶσθαι,
1312 3186 1360 3238 εξ
1414 3185 1487 3256 μὴ
1538 3186 1596 3238 ἐν
1639 3185 1716 3255 τῷ
1744 3218 1790 3278 C

152 3269 375 3340 σταυρῷ
399 3269 493 3322 τοῦ
521 3271 724 3343 Κὴυρίου
753 3270 911 3341 ἡμῶν
945 3271 1120 3341 Ἰησοῦ
1148 3273 1410 3344 Χριστοῦ,
1433 3270 1573 3330 δι’οὗ
1595 3278 1717 3347 ἐμοὶ

149 3357 356 3427 κόσμος
382 3359 742 3427 ἐσταύρωται,
777 3359 931 3428 κάγὼ
952 3359 1028 3430 τῷ
1061 3361 1270 3432 κόσμῳ.
1305 3382 1324 3414 ι
1364 3365 1420 3419 '0
1451 3367 1718 3438 μακάριος

146 3445 342 3514 ψάλλει
370 3449 530 3502 Δαυῖδ
550 3464 564 3478 θ
600 3469 618 3500 ι
647 3453 1004 3523 Καυχήσομαι
1036 3453 1127 3505 ἐπὶ
1152 3453 1230 3524 τῷ
1256 3454 1372 3526 Θεῴ
1404 3457 1484 3526 τῷ
1505 3459 1717 3530 Σωτῆρι

152 3553 284 3605 μου.
315 3540 500 3592 »Ἔστι
528 3539 583 3592 δὲ
610 3542 771 3609 σοφὸς
792 3543 884 3595 καὶ
909 3544 1247 3614 άγιοπρεπης
1272 3547 1299 3598 6
1322 3544 1476 3613 λόγος
1495 3565 1509 3579 ο
1526 3549 1585 3601 οὑ
1607 3551 1716 3619 γὰρ

148 3629 211 3679 ἐν
260 3629 531 3700 ἀνθρώπῳ
593 3634 1093 3702 κατασεμνύνεσθαι
1142 3634 1246 3704 χρὴ
1296 3635 1495 3704 μᾶλλον
1544 3640 1713 3707 ἡμᾶς,

145 3717 268 3771 ἀλλ’
299 3721 392 3774 ἐπὶ
417 3721 550 3789 Θεῷ.
583 3721 708 3782 Πῶς
742 3719 835 3776 οὖν
864 3727 891 3777 6
928 3725 1136 3788 Παῦλος
1175 3728 1233 3777 ἐν
1260 3727 1338 3795 τῷ
1377 3728 1597 3798 σταυρῷ
1623 3729 1714 3780 τοῦ

145 3802 388 3876 Χριστοῦ
413 3809 716 3877 καυχᾶσθαί
743 3827 935 3880 φησιν;
968 3814 1115 3865 Ἔδει
1140 3813 1242 3884 γὰρ
1268 3813 1463 3883 μᾶλλον
1487 3816 1578 3867 ἐπὶ
1597 3815 1715 3886 Θεῷ

146 3897 310 3952 τοῦτο
352 3902 482 3972 δρᾷν
507 3918 522 3933 ο
573 3901 773 3963 σκοπὸς
821 3905 927 3973 γὰρ
971 3899 1125 3968 οὗτος
1163 3909 1274 3967 τοῖς
1310 3905 1489 3967 ἄλλοις
1515 3906 1709 3973 ἁγίοις.

162 3987 302 4041 Ἀλλ’
333 3992 594 4062 ὑπάρχων
623 3991 1093 4065 Πνευματοφόρος,
1128 3997 1186 4047 ἐν
1225 3996 1434 4065 θανάτῳ
1475 3996 1712 4063 Χριστοῦ

147 4083 453 4150 καυχᾶσθαί
484 4098 668 4152 φησιν.
689 4076 841 4134 Οἶδεν
863 4079 954 4135 οὖν
977 4086 1086 4155 ἄρα
1106 4086 1236 4142 Θεὸν
1254 4088 1384 4141 ὄντα
1402 4087 1496 4139 καὶ⁷
1515 4086 1712 4158 ἀληθῆ,

146 4167 250 4223 καὶ
275 4171 342 4224 δι’
371 4176 518 4243 ἡμᾶς
547 4171 785 4226 παθόντα
812 4175 994 4244 σαρκί.

528 4387 627 4439 Ἐκ
664 4385 769 4454 τῆς
811 4385 958 4453 πρὸς
1004 4387 1344 4456 Ἐφεσίους.

227 4516 362 4612 napi
406 4519 681 4612 toﬁ-630$
727 4518 819 4572 καὶ
866 4521 1080 4612 ματρός
1133 4540 1309 4592 φησι·
1363 4542 1380 4573 ι
1410 4521 1568 4576 Κατὰ
1614 4505 1789 4612 τὴνύ

144 4604 427 4676 ἐνέργειαν
452 4609 544 4662 τοῦ
571 4610 804 4682 κράτους
829 4609 927 4678 τῆς
962 4612 1141 4678 ἰσχύος
1172 4613 1355 4677 αὑτοῦ,
1382 4614 1446 4682 ἦν
1472 4613 1564 4682 Ml
1576 4631 1709 4684 em-

146 4711 243 4747 σεν
293 4697 351 4750 ἐν
399 4701 477 4770 τῷ
513 4701 757 4770 Χριστῷ,
797 4701 1017 4770 ἐγείρας
1067 4703 1227 4755 αὑτὸν
1260 4704 1324 4756 ἐκ
1348 4703 1575 4773 νεκρῶν,
1615 4706 1710 4758 καὶ

145 4786 378 4852 καθίσας
399 4793 455 4843 ἐν
480 4791 626 4862 δεξιᾷ
655 4791 818 4845 αὑτοῦ
848 4793 905 4842 ἐν
929 4795 1041 4855 τοῖς
1071 4794 1437 4864 ἐπουρανίοις,
1454 4794 1709 4865 ὑπεράνω

143 4875 326 4947 πάσης
363 4879 588 4949 Ἀρχῆς,
641 4882 734 4933 καὶ
777 4877 1072 4944 Ἑξουσίας,
1128 4885 1222 4935 καὶ
1263 4884 1568 4952 Δυνάμεως,
1616 4885 1711 4938 καὶ

146 4964 503 5035 Κυριὸτητος,
534 4969 627 5020 καὶ
670 4967 869 5030 παντὸς
900 4967 1163 5037 ὀνόματος
1188 4971 1613 5043 ὀνομαζομένου,
1647 4976 1706 5026 οὐ

146 5052 308 5119 μόνον
336 5057 394 5107 ἐν
425 5057 503 5125 τῷ
529 5059 682 5112 αἰῶνι
708 5057 902 5126 τούτῳ,
920 5059 1055 5113 ἀλλά
1085 5063 1180 5115 καὶ
1208 5064 1264 5114 ἐν
1291 5061 1370 5132 τῷ
1401 5063 1702 5132 μέλλοντι.»

157 5140 289 5194 Ἰδοὺ
316 5143 407 5195 τὸν
445 5148 814 5219 ἐγηγερμένον
847 5149 910 5201 ἐκ
934 5151 1138 5220 νεκρῶν
1156 5152 1446 5205 κεκάθικεν
1466 5155 1494 5204 6
1520 5155 1708 5225 Πατὴρ

144 5232 207 5284 ἐν
223 5231 837 5309 δεξιᾷαὑτοῦηὺπεράνω
861 5239 1037 5309 πάσης
1067 5243 1281 5314 Ἀρχῆς,
1297 5244 1388 5295 καὶ
1412 5242 1708 5310 Ἐξουσίας,

147 5323 242 5376 καὶ
272 5323 585 5392 Δυνάμεως,
616 5332 708 5384 καὶ
750 5331 948 5393 παντὸς
991 5332 1250 5402 ὀνόματος
1286 5334 1706 5404 ὀνομαζομένου.

142 5409 274 5484 ⁷Λρ’
301 5407 394 5466 οὖν
423 5417 729 5486 συνεδρεύει
755 5423 820 5491 τῇ
849 5421 988 5490 ὑπὲρ
1019 5423 1195 5478 πάντα
1226 5424 1381 5492 φύσει
1416 5423 1538 5474 καθ’
1560 5426 1705 5492 ἡμᾶς

145 5499 430 5570 νοούμενος
456 5501 757 5573 ἄνθρωπος,
791 5509 883 5562 καὶ
910 5509 1094 5580 ἕτερον
1120 5513 1291 5572 οὐδὲν,
1312 5511 1365 5577 ἢ,
1385 5512 1522 5578 ὅπερ
1555 5511 1700 5560 ἐστὶν

142 5592 362 5663 ἀληθὲς,
397 5590 473 5654 ὠς
511 5593 640 5654 Θεὸς
684 5598 1122 5669 ἐνανθρωπήσας,
1159 5601 1249 5652 καὶ
1299 5599 1556 5666 ὑπάρχων
1610 5600 1705 5666 μὲν

223 5771 265 5799 ⁸⁸
297 5767 471 5822 Calai.
509 5781 590 5828 ltl,
629 5767 814 5820 ‘25-‘27.

893 5773 936 5802 πο
982 5775 1155 5825 natat,
1200 5789 1270 5834 ιν,
1299 5772 1351 5831 8,
1382 5773 1430 5822 9.
1508 5770 1547 5798 ιι
1593 5766 1759 5818 Galat.
1801 5763 1979 5825 V1,”.

1831 2018 1884 2062 ει
1937 2008 2197 2078 Spiritum
2239 2019 2518 2075 sanctum,
2565 2010 2832 2077 quomodo
2879 2008 2930 2061 in
2971 2007 3242 2062 Christum
3294 2006 3388 2059 ba-

1829 2098 2020 2167 ptizati
2069 2097 2318 2160 dicimur,
2356 2098 2399 2151 si
2450 2096 2698 2151 Christus
2746 2111 2848 2150 non
2890 2105 2969 2148 est
3005 2110 3164 2149 verus
3196 2093 3385 2154 Filius,

1828 2202 1948 2240 cum
1977 2201 2115 2241 unus
2144 2197 2350 2241 tantum
2382 2188 2455 2240 sit
2485 2191 2677 2241 natura
2708 2184 2914 2239 Filius?
2938 2184 3096 2252 Atqui
3129 2184 3181 2236 in
3212 2182 3384 2250 ipsum

1828 2277 2082 2345 baptizati
2118 2292 2344 2331 sumus:
2382 2277 2521 2332 Deus
2554 2279 2716 2346 igitur
2747 2286 2829 2331 est
2857 2285 2915 2330 ut
2942 2275 3111 2329 Filius
3144 2291 3304 2336 unus,
3333 2281 3388 2326 et

1826 2363 2086 2419 Dominus
2127 2381 2287 2428 unus,
2341 2380 2463 2420 cum
2513 2381 2608 2434 per
2653 2365 2870 2418 uuionis
2924 2364 3382 2431 dispensationem

1827 2452 2060 2508 Verbum
2091 2470 2215 2508 caro
2240 2456 2440 2509 factum
2471 2457 2564 2510 sit.

1899 2563 1917 2596 ι
1951 2542 2056 2599 Sed
2094 2554 2222 2600 tunc
2252 2547 2470 2614 quidem
2510 2546 2821 2613 ignorantes
2851 2545 3038 2608 Deum,
3069 2543 3133 2597 iis
3161 2542 3251 2610 qui
3287 2557 3383 2594 na-

1826 2642 1944 2689 tura
1981 2651 2085 2690 non
2126 2645 2253 2690 sunt
2297 2636 2390 2698 dii,
2428 2635 2787 2690 serviebatis:
2841 2649 2984 2688 nunc
3030 2643 3207 2687 autem
3262 2646 3381 2684 cum

1824 2726 2183 2796 cognoveritis
2238 2726 2428 2790 Deum,
2472 2726 2580 2780 imo
2610 2726 2810 2794 cogniti
2851 2726 2970 2778 sitis
3011 2738 3040 2776 a
3079 2723 3208 2784 Deo,
3251 2736 3376 2790 quo-

1823 2815 1980 2868 modo
2006 2817 2382 2870 convertimini
2419 2818 2608 2870 iterum
2641 2815 2706 2868 ad
2753 2815 2962 2867 inliruta
2993 2822 3050 2866 et
3083 2827 3246 2881 egena
3273 2811 3383 2864 ele-

1822 2913 1999 2956 menta
2016 2903 2106 2954 "‘1
2145 2922 2164 2954 ι
2199 2905 2255 2958 Si
2299 2905 2574 2959 Christum
2628 2905 2938 2974 proﬁtentes
2978 2901 3145 2956 Deum
3191 2915 3385 2969 cogno-

1821 2991 2015 3055 vimus,
2047 3004 2101 3045 et
2132 2995 2328 3064 cogniti
2362 3010 2391 3048 a
2422 2995 2658 3059 Christo,
2690 2996 2888 3064 cogniti
2919 2995 3146 3050 dicimur
3177 3008 3206 3046 a
3255 2995 3379 3057 Deo,

1820 3086 2091 3151 quomodo
2120 3084 2367 3139 Christus
2407 3100 2511 3139 nou
2539 3095 2620 3138 est
2655 3084 2829 3138 Deus?

1897 3190 1916 3224 ι
1955 3173 2081 3227 Mihi
2109 3183 2288 3229 autem
2319 3176 2458 3229 absit
2489 3174 2739 3243 gloriari,
2772 3175 2872 3228 nisi
2905 3174 2958 3226 in
2987 3189 3145 3227 cruce
3174 3170 3379 3226 Domini

1823 3263 1992 3316 nostri
2030 3263 2155 3317 Jesn
2191 3263 2431 3327 Christi,
2464 3278 2558 3332 per
2586 3279 2742 3331 quem
2777 3263 2905 3316 tttihi
2950 3262 3178 3315 mundus
3209 3258 3381 3314 cruci-

1820 3353 1961 3408 ﬁxus
1988 3363 2088 3419 est,
2117 3363 2171 3408 et
2217 3369 2316 3421 ego
2357 3353 2644 3407 mundo".
2689 3372 2707 3404 ι
2756 3353 2951 3406 Beatus
2989 3353 3151 3404 David
3194 3349 3377 3402 canit:

1825 3464 1843 3497 ι
1885 3445 2169 3499 Gloriabor
2213 3444 2266 3497 in
2308 3443 2416 3498 Deo
2463 3444 2686 3496 salutari
2731 3459 2849 3496 tneo
2880 3443 2957 3494 “l
3000 3461 3018 3496 ι
3068 3440 3262 3507 Utique
3295 3453 3382 3492 sa-

1821 3537 1992 3604 piens,
2024 3544 2076 3588 et
2101 3545 2291 3588 sancto
2321 3535 2437 3588 viro
2467 3534 2794 3589 conveniens
2821 3534 3025 3588 dictum
3052 3549 3065 3586 :
3102 3547 3206 3584 non
3236 3529 3378 3582 enim

1821 3629 1873 3681 in
1906 3627 2124 3681 homine
2161 3626 2379 3694 gloriari
2418 3627 2570 3680 nobis
2603 3625 2684 3680 las
2716 3635 2817 3689 est,
2852 3626 2945 3679 sed
2979 3624 3030 3678 in
3075 3626 3202 3680 Deo.
3240 3625 3383 3689 Quo-

1821 3719 1980 3773 modo
2012 3733 2140 3786 ergo
2173 3717 2371 3771 Paulus
2403 3717 2457 3770 in
2484 3731 2646 3772 cruce
2671 3717 2878 3770 Domini
2911 3715 3126 3785 gloriari
3153 3729 3212 3769 se
3246 3727 3381 3783 prte-

1820 3811 1986 3872 dicat,
2038 3823 2159 3861 cum
2207 3808 2261 3860 in
2298 3807 2407 3860 Deo
2437 3809 2613 3874 potius
2645 3809 2694 3861 id
2739 3807 2850 3860 lieri
2896 3806 3212 3874 oporteret?
3244 3803 3378 3856 Nam

1820 3900 1908 3953 hic
1935 3897 2162 3950 aliorum
2191 3904 2498 3950 sanctorum
2545 3910 2740 3964 scopus
2786 3910 3000 3963 semper
3031 3896 3258 3948 exstitit.
3289 3893 3380 3945 At-

1821 3989 1913 4057 qui
1959 3988 2124 4041 etiam
2176 3985 2372 4040 Paulus
2419 3987 2600 4039 divino
2637 3986 2839 4054 Spiritu
2888 4001 2991 4038 non
3035 3986 3288 4047 carebat;
3325 3992 3379 4035 et

1819 4088 1997 4132 tamen
2029 4078 2082 4131 in
2115 4077 2318 4130 Christi
2354 4084 2532 4132 morte
2561 4077 2779 4147 gloriari
2825 4093 2926 4130 non
2958 4078 3184 4131 dubitat.
3215 4075 3378 4130 Norat

1816 4182 1944 4234 ergo
1987 4182 2170 4220 verum
2218 4167 2381 4220 Deum
2430 4180 2585 4231 esse,
2631 4168 2842 4222 etiamsi
2901 4171 3067 4222 nostri
3118 4183 3277 4222 causa
3323 4167 3374 4218 in

1816 4271 1982 4312 carne
2017 4265 2244 4310 mortem
2275 4271 2562 4324 perpessus
2600 4256 2755 4310 ἴοι-ει.

2132 4389 2240 4459 70
2269 4388 2352 4444 Ea:
2385 4388 2625 4458 Epistola
2656 4390 2724 4442 ad
2764 4389 3034 4457 Ephesios.

1891 4540 1910 4574 ι
1952 4521 2258 4576 Secundum
2301 4522 2666 4590 operationem
2713 4525 2964 4589 potentia:
3002 4524 3212 4578 virtutis
3258 4521 3374 4587 ejus

1817 4612 1941 4681 (est
1996 4611 2084 4664 hic
2148 4625 2326 4664 sermo
2367 4612 2432 4664 de
2478 4611 2587 4664 Deo
2622 4622 2677 4664 et
2732 4612 2926 4680 Patre)
2972 4629 3130 4680 quam
3187 4625 3376 4679 Opera-

1821 4713 1903 4756 lus
1931 4712 2014 4757 est
2057 4703 2106 4756 in
2159 4703 2377 4757 Christo
2404 4743 2420 4768 ,
2456 4704 2723 4756 suscitans
2763 4703 2909 4756 illttm
2962 4723 2990 4757 ιι
3033 4703 3287 4764 mortuis,
3320 4713 3374 4754 et

1817 4796 2147 4850 constituens
2171 4795 2237 4847 ad
2268 4796 2546 4849 dexteram
2579 4808 2729 4846 suam
2773 4795 2826 4846 in
2869 4795 3175 4849 cmlestibus
3215 4807 3374 4860 super

1816 4902 2028 4941 omnem
2052 4885 2441 4954 Principatum,
2473 4895 2525 4939 ct
2552 4885 2896 4946 Potestatetn.
2928 4894 2982 4937 et
3012 4885 3298 4947 Virtutem,
3321 4893 3375 4937 et

1816 4978 2268 5041 Dominationem,
2318 4989 2372 5032 et
2414 4992 2574 5031 omne
2615 4991 2812 5029 nomen
2866 4977 3004 5042 quod
3046 4977 3370 5037 nominatur,

1819 5081 1924 5120 non
1956 5067 2129 5120 solum
2158 5064 2211 5117 in
2242 5067 2344 5120 hoc
2379 5067 2597 5128 saeculo,
2635 5065 2726 5116 sed
2757 5063 2916 5116 etiam
2952 5064 3001 5114 in
3037 5062 3215 5116 l‘nturo
3239 5065 3307 5116 ⁵³.
3346 5084 3366 5116 ι

1818 5155 1895 5208 Ειι
1921 5156 2064 5208 illntn
2091 5155 2261 5223 ipsum
2293 5171 2451 5223 quem
2477 5170 2541 5206 ex
2572 5151 2792 5205 mortuis
2821 5153 3198 5216 exsuscitarat,
3237 5170 3368 5207 con-

1817 5245 1992 5298 stituit
2013 5244 2172 5297 Puter
2204 5245 2270 5296 ad
2304 5245 2575 5296 dexteram
2617 5255 2768 5292 suam
2795 5255 2953 5308 supra
2977 5257 3190 5294 omnem
3222 5244 3368 5311 prin-

1815 5337 2072 5403 cipatum,
2102 5344 2155 5386 et
2191 5341 2527 5400 potestatein,
2556 5339 2609 5382 et
2650 5331 2936 5394 virtutem,
2981 5341 3033 5385 et
3072 5348 3232 5384 omne
3265 5349 3364 5383 no-

1815 5437 1934 5473 Inen
1957 5424 2095 5488 quod
2121 5423 2441 5472 nominatur.
2491 5417 2736 5487 Nunquid
2763 5435 2890 5489 ergo
2925 5423 3157 5473 utltotno
3194 5422 3361 5473 ttoslt‘i

1813 5509 2020 5568 similis,
2057 5520 2109 5558 et
2141 5507 2267 5558 nihil
2293 5507 2470 5568 aliud,
2508 5507 2559 5558 in
2591 5519 2795 5560 natura:
2825 5510 3059 5561 omninnt
3099 5521 3361 5571 suprema

1812 5597 2028 5648 dextera
2058 5597 2270 5655 assidet,
2299 5604 2410 5661 aut,
2433 5599 2569 5663 quod
2594 5614 2770 5650 verum
2804 5609 2902 5656 est.
2937 5601 2993 5648 ut
3025 5593 3164 5649 Deus
3201 5598 3359 5651 homo

2060 5767 2103 5793 ³³
2136 5763 2273 5818 l‘sal.
2311 5783 2418 5830 ιιι,
2447 5770 2497 5819 8.
2611 5768 2653 5796 ³³
2687 5767 2877 5829 “PlN-‘5-
2919 5782 2957 5830 ¹›
2996 5767 3079 5818 ‘9'
3120 5766 3205 5822 Ἦν
