4090 6490
653 422 787 478 ιρι-1

1676 416 1733 470 S.
1778 413 2053 468 εγιιιιιι
2084 411 2548 466 ΑιιιΧΑδυιιιΝι
2588 412 2904 468 AliClllEP.

3775 408 3907 462 19.48

650 538 827 590 factus
848 534 871 586 ?
895 531 1132 587 Verbum
1162 546 1394 600 namque
1436 528 1605 593 Patri,
1638 541 1797 598 prout
1830 530 1898 581 ab
1935 542 2000 581 eo
2033 542 2224 596 proce-

2364 525 2611 597 μοοῦσιος
2635 526 2712 595 τῷ
2742 525 2938 596 Πατρὶ,
2970 525 3106 579 καθὸ
3152 525 3389 596 πέφηνεν
3420 522 3481 588 ἐξ
3510 520 3705 585 αὐτοῦ,
3738 538 3907 590 προσ-

651 626 753 688 dit,
782 620 1277 685 consubstantiale,
1324 629 1517 673 natura
1558 619 1790 671 humana
1828 614 2224 683 dispensatorie

652 719 924 780 assumpta
952 748 966 772 ,
1003 708 1204 763 factum
1264 715 1346 760 est
1393 707 1573 760 homo.
1624 706 1801 771 Quare
1843 704 2092 757 effectum
2138 709 2226 755 est

656 812 715 857 ut
746 804 798 855 in
823 816 933 855 uno
962 801 1259 867 eodemque
1289 797 1448 851 simul
1474 797 1613 851 Deus
1635 797 1944 856 exsisteret,
1968 803 2022 847 et
2043 794 2225 856 homo,

656 896 839 949 divina
868 893 1037 963 gloria
1072 891 1375 945 redimitus.

732 1003 751 1037 ι
790 984 1018 1052 Propter
1044 984 1185 1052 quod
1218 994 1483 1034 memores
1512 988 1707 1041 estote,
1745 976 1889 1047 quod
1944 975 2231 1043 aliquando

659 1089 759 1129 vos
792 1074 962 1129 eratis
993 1082 1179 1141 gentes
1226 1072 1276 1124 in
1308 1085 1494 1133 carne,
1539 1068 1862 1122 dicebatnini
1913 1065 2228 1134 praputinm

661 1164 730 1218 ab
762 1178 823 1217 ca
850 1178 969 1231 qum
1002 1162 1199 1215 dicitur
1238 1160 1581 1214 circumcisio
1610 1158 1662 1212 in
1692 1174 1853 1211 carne
1883 1153 2183 1209 ntanufacta
2215 1172 2229 1207 :

660 1256 801 1324 quod
831 1254 995 1308 eratis
1026 1253 1116 1306 illo
1148 1252 1201 1304 in
1241 1260 1485 1320 tempore
1522 1251 1639 1304 sine
1674 1248 1912 1311 Christo,
1946 1247 2160 1301 alienati
2204 1261 2232 1299 a

662 1344 1079 1400 conversatione
1120 1341 1320 1403 Israel,
1356 1351 1408 1393 et
1454 1341 1693 1408 hospites
1747 1345 2228 1398 testamentorum,

664 1434 1036 1504 promissionis
1065 1447 1213 1502 spem
1238 1446 1344 1484 non
1379 1432 1661 1491 habentes,
1687 1437 1741 1480 et
1770 1428 1886 1481 sine
1914 1424 2029 1478 Deo
2056 1426 2108 1477 itt
2137 1424 2239 1477 hoc

666 1527 863 1578 mundo
885 1525 953 1577 “.
991 1542 1011 1575 ι
1041 1523 1098 1578 Si
1136 1533 1324 1590 gentes
1364 1520 1635 1573 Christum
1673 1532 1775 1571 non
1835 1518 2130 1580 habentes,
2182 1513 2237 1566 in

666 1616 946 1683 impietate
972 1614 1266 1667 secundum
1305 1612 1446 1664 hunc
1480 1609 1735 1661 mundum
1780 1604 2236 1674 perseverabant;

668 1714 949 1773 postquam
987 1712 1165 1757 autem
1204 1702 1379 1771 ipsum
1426 1700 1626 1753 habere
1665 1706 1981 1767 cmperunt,
2039 1697 2244 1764 absque

668 1793 782 1851 Deo
809 1809 918 1849 non
953 1793 1174 1847 fuerunt
1205 1809 1217 1844 :
1249 1792 1377 1861 quid
1410 1790 1482 1844 ita
1511 1789 1760 1843 Christus
1796 1803 1904 1842 non
1943 1796 2029 1843 est
2055 1786 2243 1842 Deus?

2326 614 2503 669 λαϐὼν
2530 616 2585 669 δὲ
2610 617 2670 669 τὸ
2699 614 3037 686 ἀνθρώπινον
3061 615 3440 686 οἰκονομικῶς,
3478 616 3567 666 ἵνα
3609 613 3669 665 ὲν
3711 610 3862 679 αὐτῷ
3881 622 3907 658 ρ

2327 708 2513 775 νοῆται
2540 706 2669 768 Θεός
2695 724 2754 758 τε
2778 706 2917 776 ὁμοῦ
2950 706 3046 760 καὶ
3077 706 3362 777 ἄνθρωπος
3394 707 3422 758 ό
3453 703 3643 767 αὐτὸς,
3696 701 3792 754 καὶ
3824 699 3908 753 διὰ

2326 797 2486 850 τοῦτο
2510 799 2576 867 τῇ
2610 796 2730 866 θείᾳ.
2759 796 2887 869 δόξῃ
2919 796 3396 867 κατεστεμμένοςς

2412 996 2430 1028 ι
2467 976 2558 1030 Διὸ
2614 975 3003 1047 μνημονεύετε,
3050 976 3133 1028 ὅτι
3186 973 3316 1027 ποτὶ
3365 973 3523 1043 ὑμεῖς
3566 970 3635 1024 τὰ
3690 970 3819 1037 Ξθνη
3854 972 3912 1021 δν

2331 1069 2518 1139 σαρκὶ,
2547 1068 2594 1120 οἱ
2624 1067 2903 1137 λεγόμενοι
2933 1063 3267 1136 ἁκροόυστία
3313 1064 3418 1117 ὑπὸ
3462 1063 3560 1132 τῆς
3606 1060 3910 1129 λεγομένης

2333 1154 2633 1225 περιτομῆς
2680 1156 2737 1207 ὲν
2791 1154 2954 1224 σαρκὶ
3005 1154 3413 1223 χειροποιήτου·
3460 1152 3543 1204 ὅτι
3588 1146 3690 1220 ἦτε
3733 1150 3790 1201 ὲν
3838 1146 3911 1215 τῷ

2335 1245 2513 1315 καιρῷ
2538 1246 2731 1314 ἐκείνῳ
2756 1246 2922 1314 χωρὶς
2946 1242 3181 1316 Χριστοῦ
3198 1254 3246 1307 ιι,
3281 1240 3793 1311 ἀπηλλοτριωμένοι
3820 1239 3913 1307 τῆς

2338 1337 2610 1398 πολιτείας
2640 1336 2732 1388 τοῦ
2769 1336 3005 1406 Ἰσραὴλ,
3036 1337 3131 1388 καὶ
3178 1335 3320 1399 ξένοι
3345 1334 3454 1385 τῶν
3481 1332 3789 1401 διαθηκῶν,
3815 1331 3912 1396 τῆς

2338 1428 2669 1497 ἑπαγγελίας
2732 1426 2923 1479 ἐλπίδα
2993 1428 3067 1498 μή
3133 1425 3487 1496 ἐχοντες,καὶ
3528 1424 3678 1478 άθεοι
3735 1426 3793 1476 ὲν
3838 1421 3915 1490 τῷ

2340 1520 2548 1589 κόσμῳ.
2584 1538 2602 1569 ι
2639 1519 2700 1572 Εἰ
2733 1520 2965 1587 Χριστὸν
3004 1519 3104 1573 οὐκ
3147 1518 3335 1589 ἔχοντα
3370 1517 3437 1570 τά
3479 1516 3608 1585 ἔθνη
3644 1514 3913 1568 διετέλουν

2341 1613 2400 1665 ἐν
2429 1611 2682 1680 ἀθεότητι
2706 1610 2846 1663 κατὰ
2872 1610 2963 1662 τὸν
2985 1610 3190 1679 κόσμον
3210 1648 3224 1672 ,
3263 1608 3450 1679 ἐπειδὴ
3474 1607 3529 1661 δὲ
3558 1605 3725 1661 αὗτὸν
3764 1607 3914 1675 ἐσχή-

2342 1714 2522 1760 κασιν,
2554 1698 2614 1749 οὐ
2649 1698 3020 1768 μεμενήκασιν
3066 1697 3214 1750 ἄθεοι
3237 1705 3259 1734 τ
3281 1712 3295 1728 ο
3332 1696 3449 1760 πῶς
3475 1695 3583 1765 ἄρα
3626 1694 3690 1747 οῦ
3734 1694 3865 1757 Θεὸς
3888 1695 3915 1746 ό

2345 1787 2578 1857 Χριστός
2600 1803 2615 1851 ;

745 1902 765 1937 ι
801 1883 972 1952 Hujus
1016 1884 1095 1937 rei
1142 1884 1312 1950 gratia
1356 1880 1514 1935 ﬂecto
1562 1894 1734 1950 genua
1780 1894 1897 1932 mea
1926 1879 1992 1932 ad
2025 1877 2235 1931 Patrem

2422 1897 2440 1928 ι
2473 1878 2673 1930 Τούτου
2706 1878 2865 1948 χάριν
2898 1877 3135 1947 κάμπτω
3159 1878 3227 1931 τά
3255 1878 3457 1945 γόνατά
3502 1894 3607 1946 μου
3662 1876 3801 1944 πρὸς
3826 1878 3911 1929 τὸν

674 1975 886 2028 Domini
920 1974 1090 2028 nostri
1125 1971 1252 2026 Jesu
1286 1971 1510 2034 Christi,
1542 1986 1608 2023 ex
1643 1984 1750 2037 quo
1790 1971 1966 2022 omnis
2002 1966 2241 2037 paterni-

674 2077 757 2119 tas
782 2066 835 2119 in
867 2066 1019 2120 caelis
1045 2071 1100 2118 et
1151 2063 1202 2116 in
1253 2073 1395 2116 terra
1440 2061 1790 2115 nominatur:
1840 2069 1900 2113 ut
1950 2061 2041 2112 det
2090 2056 2245 2111 vobis

671 2154 972 2209 secundum
1013 2154 1230 2207 divitias
1257 2152 1442 2222 gloriae
1476 2166 1620 2217 sum,
1668 2152 1866 2204 virtute
1903 2148 2244 2203 corroborari

674 2259 773 2312 per
822 2244 1082 2313 Spiritum
1135 2242 1252 2313 ejus
1297 2242 1350 2296 in
1397 2240 1640 2295 interiori
1690 2240 1928 2302 homine,
1970 2238 2246 2292 Christum

674 2336 920 2389 habitare
949 2349 1046 2403 per
1072 2333 1231 2387 ﬁdem
1263 2331 1316 2386 in
1366 2330 1621 2387 cordibus
1666 2330 1860 2383 vestris
1880 2329 1947 2381 ".
1982 2347 2000 2379 ι
2042 2326 2245 2382 Nomen

680 2430 780 2478 hoc
812 2422 1052 2477 Christus
1087 2421 1241 2476 Jews
1273 2423 1355 2491 (ut
1400 2421 1697 2488 saepissime
1732 2420 1842 2488 jam
1888 2429 2014 2472 ante
2040 2417 2249 2471 monui-

678 2513 820 2581 mus)
852 2513 1050 2581 ubique
1090 2509 1180 2563 Dei
1219 2510 1396 2564 Patris
1427 2509 1657 2562 Verbum
1692 2508 1925 2561 humana
1957 2507 2129 2560 forma
2161 2507 2246 2562 in-

678 2608 868 2656 «lutum
921 2601 1212 2672 significat.
1260 2600 1315 2654 Si
1367 2614 1497 2668 ergo
1552 2597 1804 2653 Christus
1857 2595 2248 2667 (posteaquam

2346 1968 2566 2038 Πατέρα
2620 1966 2734 2039 [τοῦ
2766 1969 2967 2037 Κυρίου
3023 1968 3177 2035 ἡμῶν
3236 1966 3412 2037 Ἰησοῦ
3451 1965 3747 2037 Χριστοῦ],
3777 1966 3835 2031 ἐξ
3859 1961 3913 2019 οὗ

2346 2060 2496 2113 πᾶσα
2535 2058 2735 2127 πατριὰ
2764 2059 2820 2109 ὲν
2856 2059 3103 2127 οὐρανοῖς
3141 2058 3233 2108 καὶ
3276 2058 3370 2109 ἐπὶ
3414 2057 3516 2126 γῆς
3554 2057 3911 2125 ὀνομάζεταιο

2346 2148 2432 2200 ἶνα
2462 2147 2572 2218 δῴη
2602 2148 2731 2217 ὑμῖν
2761 2150 2902 2201 κατὰ
2950 2149 3043 2201 τὸν
3107 2147 3334 2201 πλοῦτον
3388 2150 3487 2217 τῆς
3542 2148 3706 2217 δόξης
3731 2147 3914 2213 αὑτοῦ,

2344 2240 2571 2309 δυνάμει
2601 2240 3007 2310 κραταιωθῆναι
3045 2239 3134 2292 διὰ
3161 2239 3256 2293 τοῦ
3292 2241 3608 2311 Πνεῦματος
3643 2242 3814 2295 αὑτοῦ
3843 2246 3916 2306 είς

2344 2315 2436 2382 τὸν
2458 2329 2563 2383 ἔσω
2590 2330 2897 2400 ἄνθρωπον,
2945 2331 3274 2400 κατοικῆσαι
3311 2332 3403 2385 τὸν
3426 2333 3667 2403 Χριστὸν
3702 2333 3796 2386 διὰ
3824 2336 3920 2401 τῆς

2348 2420 2587 2482 πίστεως
2641 2423 2697 2473 ὲν
2765 2422 2886 2484 ταῖς
2938 2421 3189 2491 καρδίαις
3252 2421 3428 2493 ὑμῶν.
3483 2442 3503 2475 ι
3550 2423 3627 2477 Τὸ
3673 2424 3923 2491 Χριστός

2362 2510 2600 2576 Ἰησοῦς
2629 2510 2818 2580 ὄνομα,
2854 2510 2988 2565 καθὸ
3016 2512 3334 2574 πλειστάκις
3366 2513 3699 2583 εἰρήκαμεν,
3718 2512 3925 2583 ἀνθρω-

2351 2599 2481 2667 πεία
2520 2601 2702 2669 μορφῇ
2732 2599 2822 2651 τὸν
2853 2601 2916 2651 ὲκ
2948 2600 3083 2653 Θεοῦ
3126 2601 3409 2671 πεφηνότα
3449 2602 3623 2668 Λόγον
3669 2603 3925 2672 σημαίνει

682 2693 939 2756 Verbum,
970 2694 1113 2762 quod
1144 2694 1315 2762 ipsum
1354 2705 1565 2759 quoque
1606 2704 1701 2757 per
1726 2688 1985 2756 Spiritum
2013 2696 2071 2740 ut
2110 2685 2251 2741 Deus

2357 2688 2647 2758 πανταχοῦ.
2678 2690 2801 2753 Πῶς
2829 2688 2922 2743 οὖν
2954 2692 3013 2745 ὲν
3040 2694 3161 2755 ταῖς
3199 2692 3445 2763 καρδίαις
3498 2692 3660 2762 ήμῶν
3691 2695 3928 2747 κατοικεῖ

684 2786 737 2838 in
775 2784 926 2838 nobis
967 2783 1251 2845 inhabitat,
1289 2796 1509 2835 carnem
1560 2777 1727 2833 semel
1760 2774 2108 2847 assumpsit),
2147 2790 2251 2829 non

2357 2780 2439 2833 διὰ
2492 2782 2591 2849 τῆς
2646 2781 2902 2845 πίστεως,
2954 2785 3003 2835 εἰ
3060 2784 3137 2853 μὴ
3184 2787 3385 2836 νοεῖται
3427 2783 3583 2849 Θεὸς,
3629 2784 3929 2847 ἐνώσαντος

682 2884 767 2927 est
803 2872 986 2928 Deus:
1032 2873 1302 2942 quomodo
1336 2887 1431 2941 per
1476 2872 1634 2925 ﬁdem
1671 2870 1721 2922 iu
1758 2869 2017 2923 cordibus
2051 2866 2253 2920 nOstris

2357 2870 2533 2941 ὲαυτῷ
2558 2872 2655 2940 τὴν
2686 2874 2861 2942 σάρκα
2891 2872 2984 2926 τοῦ
3023 2874 3220 2942 Λόγου,
3252 2874 3309 2936 ὸς
3344 2875 3439 2927 καὶ
3472 2874 3676 2938 θεῖκῶς
3714 2877 3775 2929 ὲν
3806 2877 3930 2945 ήμῖν

686 2965 988 3019 inhabitare
1021 2964 1219 3018 dicitur
1245 2965 1268 3016 Ἰ
1296 2962 1530 3016 Rursum
1564 2961 1607 3015 si
1638 2958 1942 3014 communis
1990 2958 2148 3010 homo
2176 2966 2253 3010 est

2357 2964 2602 3015 κατοικεῖ
2632 2961 2721 3014 διὰ
2762 2962 2853 3015 τοῦ
2879 2962 3231 3033 Πνεῦματος;
3269 2964 3330 3016 El
3356 2964 3412 3016 δὲ
3443 2964 3623 3027 κοινὸς
3649 2964 3931 3036 ἄνθρωπος

686 3055 957 3117 Christus,
1000 3053 1100 3122 71
1131 3063 1185 3107 et
1229 3053 1369 3106 [ilius
1427 3054 1494 3106 ab
1538 3066 1602 3105 eo
1632 3051 1879 3104 diversus
1903 3088 1917 3111 ,
1949 3049 2037 3115 qui
2067 3057 2253 3099 natura

2358 3054 2385 3104 ό
2410 3052 2661 3122 Χριστὸς,
2691 3053 2782 3105 καὶ
2810 3052 2995 3123 ἓτερος
3021 3054 3133 3117 υίὸς
3159 3053 3309 3124 παρὰ
3332 3054 3425 3107 τὸν
3446 3054 3611 3123 φύσει
3638 3057 3735 3109 καὶ
3755 3058 3931 3125 μόνον,

689 3142 855 3196 Filius
878 3152 979 3205 est,
1006 3152 1058 3193 et
1087 3142 1231 3196 solus
1268 3157 1333 3195 ex
1373 3140 1481 3193 Deo
1506 3150 1661 3193 natus
1692 3148 1773 3192 est
1810 3157 1823 3192 :
1863 3139 2004 3206 quis,
2037 3151 2218 3206 quieso
2240 3174 2255 3201 ,

689 3242 775 3287 est
804 3231 893 3286 ille
939 3232 1028 3299 qui
1053 3232 1260 3285 habitat
1294 3231 1346 3283 in
1381 3229 1573 3283 nobis?
1630 3238 1722 3281 aut
1767 3230 2036 3297 quomodo
2078 3228 2130 3281 in
2162 3227 2261 3280 ho-

693 3324 931 3379 minibus
962 3324 1225 3377 inhabitat
1262 3337 1357 3391 per
1407 3322 1611 3375 ﬁdem?
1651 3337 1771 3374 cum
1816 3320 2052 3374 Joannes
2098 3319 2163 3373 de
2201 3332 2265 3374 eo

694 3413 928 3469 dilucide
959 3413 1145 3468 dicat:
1189 3431 1206 3463 ι
1246 3411 1300 3466 1η
1335 3414 1437 3466 hoc
1482 3412 1876 3481 cognoscimus,
1926 3412 2068 3478 quod
2117 3410 2170 3463 in
2202 3424 2267 3464 eo

695 3520 994 3571 manemus,
1023 3515 1076 3558 et
1102 3505 1217 3571 ipse‘
1248 3505 1300 3557 in
1336 3504 1489 3559 nobis
1514 3514 1616 3569 est,
1654 3504 1909 3573 quoniam
1946 3505 2014 3559 de
2058 3502 2267 3572 Spiritu

694 3612 793 3651 suo
820 3594 967 3649 dedit
994 3595 1151 3649 nobis
1179 3593 1247 3645 ".
1295 3611 1313 3643 ι

1056 3684 1141 3737 Ex
1174 3682 1413 3752 Epistola
1442 3688 1511 3736 ad
1537 3682 1916 3753 Philippensea.

773 3818 791 3850 ι
821 3797 951 3864 Qua:
990 3796 1120 3851 mihi
1161 3796 1377 3851 fuerunt
1417 3796 1560 3851 lucra
1608 3796 1711 3865 (de
1750 3794 2168 3865 gloriationibus
2217 3795 2271 3847 in

701 3888 814 3956 iege
844 3887 1120 3956 loquitur).
1146 3887 1259 3939 hac
1285 3886 1581 3939 arbitratus
1607 3901 1724 3939 sum
1758 3894 1979 3954 propter
1996 3883 2271 3938 Christum

701 3979 1042 4034 detrimenta.
1080 3975 1458 4031 Verumtamen
1482 3976 1736 4030 existimo
1760 3978 1939 4028 omnia
1975 3974 2271 4029 detrimen-

704 4081 814 4124 tum
847 4083 968 4123 esse
999 4078 1216 4137 propter
1258 4068 1583 4121 eminentem
1621 4066 1903 4119 scientiam
1950 4063 2077 4123 Jesu
2114 4064 2272 4121 Chri-

703 4160 771 4214 sti
808 4158 1014 4213 Domini
1044 4158 1233 4222 nostri,
1271 4166 1488 4226 propter
1504 4171 1659 4224 quem
1687 4158 1868 4209 omnia
1892 4157 2273 4211 detrimentum

706 4249 913 4312 ieci,et
960 4249 1198 4301 arbitror
1228 4258 1280 4300 ut
1325 4257 1587 4311 stercora,
1637 4256 1695 4300 ut
1740 4246 2016 4300 Christum
2048 4246 2273 4301 lucrifa-

705 4342 845 4393 ciam
870 4339 939 4393 ".
981 4356 999 4390 ι
1044 4336 1181 4403 Quid
1231 4347 1334 4403 est,
1384 4338 1597 4401 amabo,
1647 4337 1843 4390 eximia
1895 4336 2092 4390 Christi
2148 4334 2273 4389 Jesu

707 4428 974 4483 scientia?
1028 4429 1137 4482 Cur
1187 4428 1365 4481 omnia
1428 4443 1546 4495 quas
1605 4428 1734 4495 legis
1779 4434 1928 4490 sunt,
1982 4429 2277 4483 detrimen-

2362 3144 2506 3212 φημὶ
2532 3143 2596 3213 δὴ
2628 3144 2718 3197 τὸν
2748 3146 2811 3197 ἐκ
2834 3145 2990 3211 Θεοῦ,
3020 3145 3104 3209 τίς
3134 3146 3163 3197 ὁ
3195 3148 3252 3198 ὲν
3274 3146 3404 3216 ἡμῖν
3424 3147 3701 3199 κατοικῶν
3724 3164 3738 3210 ;
3765 3149 3798 3216 ἦ
3826 3148 3936 3210 πῶς

2364 3234 2670 3305 ἀνθρώποις
2701 3234 2789 3289 διὰ
2819 3236 3053 3299 πίστεως
3076 3237 3437 3303 ἑνοικίζεταις
3473 3238 3657 3291 καίτοι
3687 3240 3936 3308 λέγοντος

2376 3326 2623 3380 Ἰωάννου
2656 3326 2840 3397 σαφῶς
2868 3329 2997 3400 περὶ
3028 3329 3123 3382 τοῦ
3174 3329 3440 3400 Χριστοῦ·
3478 3350 3497 3382 ι
3521 3331 3610 3383 Ἐν
3642 3332 3821 3402 τούτῳ
3854 3348 3936 3399 γι-

2368 3417 2667 3488 νώσκομεν,
2704 3420 2784 3474 ὅτι
2823 3422 2880 3472 ὲν
2911 3422 3043 3490 ήμῖν
3073 3422 3241 3485 ἐστιν,
3270 3422 3352 3475 ὅτι
3383 3425 3447 3475 ὲκ
3484 3422 3579 3476 τοῦ
3622 3423 3937 3495 Πνεῦματος

2367 3508 2531 3561 αὑτοῦ
2560 3508 2758 3562 ἔδωκεν
2786 3510 2937 3580 ἡμῖν.
2977 3528 2998 3562 ι

2689 3685 2791 3738 Ἐκ
2834 3683 2941 3753 τῆς
2982 3688 3129 3754 πρὸς
3169 3689 3634 3756 Φιλιππησίους.

2446 3799 2579 3867 Περὶ
2604 3798 2713 3851 τῶν
2738 3799 2795 3852 ὲν
2818 3800 2967 3869 νόμῳ
2986 3801 3354 3870 καυχημάτων
3384 3801 3545 3871 φησίν
3566 3818 3581 3831 ·
3606 3820 3625 3851 ι
3660 3802 3855 3855 ’Δτινα
3881 3798 3943 3871 ἦν

2377 3904 2465 3955 μοι
2513 3886 2699 3958 κέρδη,
2745 3886 2914 3940 ταῦτα
2967 3889 3182 3959 ἥγημαι
3210 3890 3300 3943 διά
3337 3889 3427 3949 τὸν
3454 3890 3689 3959 Χριστὸν
3718 3891 3939 3961 ζημίαν.

2388 3976 2546 4029 Ἀλλᾶ
2576 3977 2835 4047 μενοῦνγε
2864 3979 3104 4049 ἡγοῦμαι
3132 3981 3199 4033 τὰ
3231 3980 3410 4035 πάντα
3439 3980 3641 4051 ζημίαν
3670 3977 3833 4047 εἶναι,
3859 3983 3943 4035 διὰ

2374 4068 2435 4121 τὸ
2466 4068 2729 4137 ὑπερέχον
2753 4069 2853 4137 τῆς
2877 4069 3129 4136 γνώσεως
3153 4071 3388 4141 Χριστοῦ
3420 4071 3593 4142 Ἰησοῦ
3618 4071 3715 4124 τοῦ
3746 4073 3943 4142 Κυρίου

2376 4157 2553 4226 ἡμῶν,
2579 4158 2646 4209 δι’
2683 4157 2740 4210 ὃν
2761 4158 2830 4209 τὰ
2852 4158 3026 4211 πάντα
3047 4157 3361 4230 ἐζημιώθην
3379 4199 3392 4222 ,
3423 4162 3515 4213 καὶ
3538 4161 3670 4229 ἡγοῦ
3680 4178 3779 4229 μαι
3816 4164 3943 4215 σκύ-

2377 4245 2513 4297 ϐαλα
2534 4242 2689 4307 εἶναι,
2719 4247 2803 4298 ἵνα
2825 4247 3053 4316 Χριστὸν
3077 4248 3341 4317 κερδήσω.
3358 4268 3374 4299 ι
3408 4250 3471 4301 Τί
3494 4251 3551 4302 δὲ
3578 4252 3671 4302 καὶ
3694 4252 3757 4304 τὸ
3779 4252 3944 4321 ὑπερ-

2378 4334 2497 4405 έχον
2542 4335 2641 4403 τῆς
2668 4335 2919 4402 γνώσεως
2965 4337 3134 4405 Ἰησοῦ
3153 4338 3415 4408 Χριστοῦς
3448 4340 3544 4391 Διὰ
3574 4340 3627 4391 τί
3660 4340 3837 4408 ζημία
3858 4343 3946 4394 καὶ

2381 4423 2624 4478 σκύόα).α
2639 4425 2694 4477 ὲν
2710 4426 2887 4495 νόμως
2910 4427 3098 4479 Καίτοι
3119 4426 3255 4479 Θεὸν
3278 4426 3369 4479 τὸν
3390 4428 3550 4495 φύσει
3574 4429 3670 4480 καὶ
3699 4428 3946 4497 ἀληθινὸν

710 4528 884 4572 torum
912 4525 966 4571 et
1018 4516 1424 4587 quisquiliarum
1464 4516 1579 4568 loco
1610 4515 1802 4569 duxit?
1852 4515 2020 4569 Porro
2050 4515 2132 4569 lex
2164 4514 2253 4569 llo

2357 4562 2358 4576 χ
2384 4517 2411 4568 ό
2441 4515 2527 4567 διὰ
2554 4514 2797 4577 Μωσέως
2829 4514 2990 4583 νόμος
3009 4517 3121 4578 τοῖς
3140 4515 3513 4587 ἀρχαιοτέροις
3537 4517 3839 4586 ἐκήρυττεν
3856 4532 3875 4547 °
3903 4518 3947 4567 οι

709 4609 853 4662 saica
899 4606 1092 4675 priscis
1154 4605 1258 4659 illis
1302 4605 1607 4659 hominibus
1660 4620 1846 4659 verum
1878 4606 2253 4674 naturalemqu

2386 4606 2443 4658 δὲ
2463 4605 2560 4675 τῆς
2586 4604 2709 4667 νέας
2742 4606 3016 4675 Διαθήκης
3047 4608 3393 4676 μυσταγωγοὶ
3412 4607 3641 4676 Χριστὸν
3661 4607 3742 4677 τῷ
3764 4608 3948 4677 κόσμῳ

713 4696 879 4750 Deum
935 4695 1339 4765 praedicaverit,
1392 4710 1542 4749 novae
1598 4707 1776 4749 autem
1826 4696 1961 4765 legis
2023 4695 2273 4751 doctores

715 4786 899 4842 desum
925 4786 1195 4841 Christum
1239 4801 1382 4841 nunc
1414 4786 1721 4840 hominibus
1764 4787 2105 4842 annuntiant.
2138 4787 2280 4845 Sane

715 4878 759 4930 si
793 4886 997 4929 tantum
1028 4877 1332 4931 communis
1364 4875 1640 4943 nostrique
1679 4876 1873 4931 similis
1924 4878 2084 4931 homo
2111 4888 2275 4944 esset,

716 4981 836 5019 cum
887 4963 1066 5019 Verbo
1110 4965 1252 5034 quod
1306 4981 1373 5018 ex
1442 4966 1551 5017 Deo
1612 4965 1855 5032 procedit
1944 4966 2275 5033 hypostatica

718 5056 916 5109 unione
948 5070 1051 5107 non
1080 5056 1419 5123 cunjunclus,
1447 5063 1609 5124 atque
1639 5055 1761 5109 ideo
1796 5070 1893 5110 nec
1943 5055 2083 5110 Deus
2110 5057 2283 5112 credi-

2387 4694 2838 4765 κατηγγέλκασιν.
2875 4696 3015 4750 Ἀλλ’
3054 4697 3211 4767 εῐπερ
3276 4698 3421 4749 ἐστὶν
3476 4696 3761 4766 ἅνθρωπος
3823 4697 3949 4750 καθ’

2386 4786 2551 4853 ἡμᾶς,
2597 4783 2727 4836 αὐτὸ
2772 4782 2837 4853 δὴ
2882 4783 3040 4838 τοῦτο
3084 4783 3279 4847 κοινὸς,
3318 4784 3417 4853 οὐχ
3467 4782 3658 4837 ὲνώσει
3702 4787 3770 4854 τῇ
3824 4783 3949 4837 καθ’

2385 4876 2699 4939 ὑπόστασιν,
2720 4879 2785 4946 τῇ
2804 4876 2938 4946 πρός
2956 4894 3039 4943 γε,
3060 4878 3224 4946 φημὶ,
3248 4877 3338 4929 τὸν
3364 4878 3427 4929 ὲκ
3451 4876 3584 4929 Θεοῦ
3607 4877 3799 4945 Λόγον,
3819 4872 3947 4929 εἶναι

2386 4965 2516 5028 Θεὸς
2545 4966 2996 5036 πεπιστεσμένος,
3029 4967 3144 5030 πῶς
3180 4967 3428 5037 ὑπερέξει
3468 4968 3567 5039 τῆς
3609 4971 3840 5038 νομικῆς
3869 4970 3948 5021 πί-

2393 5074 2559 5119 στεως
2592 5058 2623 5127 ή
2655 5059 2772 5109 κατ’
2808 5058 3005 5123 αὐτόν;

717 5156 805 5203 tus
846 5164 862 5202 :
912 5162 1014 5201 non
1048 5148 1199 5201 video
1220 5163 1323 5216 qua
1367 5147 1573 5201 ratione
1602 5147 1733 5202 fides
1760 5148 1811 5200 in
1846 5148 2038 5215 ipsum,
2065 5148 2221 5204 ﬁdem
2262 5164 2379 5219 quae
2406 5164 2469 5201 ex
2496 5150 2609 5218 lege
2634 5158 2735 5213 est,
2762 5150 3010 5204 excellet.

1087 5237 1170 5289 Ex
1200 5236 1435 5305 Epistola
1468 5240 1535 5289 ad
1565 5236 1916 5291 Colossensea.

795 5348 814 5380 ι
861 5328 1082 5383 Gaudeo
1106 5327 1521 5399 nunc(inquit)
1560 5330 1610 5381 in
1648 5328 1987 5394 passionibus
2017 5330 2149 5385 meis
2185 5345 2281 5399 pro

2734 5240 2835 5293 Ἐκ
2874 5239 2984 5305 τῆς
3023 5240 3171 5305 πρὸς
3215 5239 3611 5304 Κολασσαεῖς.

2466 5348 2483 5379 ι
2513 5328 2626 5382 Νῦν
2656 5328 2849 5400 χαίρω,
2879 5330 3061 5399 φησὶν,
3093 5331 3150 5383 ἐν
3200 5334 3311 5392 τοῖς
3358 5329 3644 5401 παθήμασί
3684 5347 3787 5402 μου
3817 5329 3946 5401 ὑπὲρ

792 5472 836 5503 ³⁸
870 5471 1066 5541 Ephes.
1094 5486 1153 5536 ιι,
1192 5470 1277 5535 ll,
1312 5468 1397 5524 12.
1474 5471 1520 5501 ⁸³
1553 5470 1750 5539 Ephes.
1782 5486 1862 5537 ιιι,
1901 5469 2084 5523 14-17.
2140 5470 2183 5501 ⁸⁶
2217 5470 2232 5522 l

2357 5487 2418 5525 in.
2452 5484 2529 5533 Iv,
2567 5469 2652 5525 15.
2727 5471 2770 5500 ⁸⁷
2803 5468 3025 5539 Philipp.
3062 5484 3145 5536 ιιι,
3174 5467 3227 5533 7,
3251 5469 3303 5525 8.

1796 5622 1966 5677 Varia:
2002 5622 2257 5678 lectiones
2286 5622 2483 5679 codicis
2519 5620 2873 5689 Seguicriani.

801 5771 830 5813 ι’
855 5764 925 5815 al.
960 5763 1158 5833 ταύτῷ.
1235 5774 1261 5812 ιι
1285 5760 1438 5815 Θεοῦ.
1522 5770 1540 5797 τ
1576 5759 1727 5815 ἄθεα.
