4090 6520
152 451 286 507 1949

1251 446 1338 500 DE
1378 441 1606 499 RECTA
1648 440 1801 495 FIDE
1839 440 1926 494 AD
1967 440 2285 498 REGINAS.

3256 449 3393 506 1250

160 562 333 632 ὑμῶν,
356 563 451 615 καὶ
477 558 873 630 ἀνταναπληρῶ
900 560 966 615 τὰ
986 560 1333 630 ὑστερήματα
1356 560 1464 613 τῶν
1501 559 1730 619 θλίψεων

1843 556 2009 618 vobis.
2040 568 2095 612 et
2121 557 2391 625 adimpleo
2414 572 2476 613 ea
2505 572 2624 627 quae
2648 560 2843 615 desunt
2886 563 3197 632 passionum
3234 567 3393 621 Chri-

162 654 259 707 106
292 652 531 724 Χριστοῦ
577 654 636 704 ὲν
678 655 742 722 τῇ
795 652 954 721 σαρκί
995 668 1096 720 μου
1147 652 1285 721 ὑπὲρ
1339 651 1431 704 τοῦ
1482 650 1729 721 σώματος

163 743 356 808 αὑτοῦ,
384 746 412 798 ὅ
438 746 585 796 ἔστιν
612 745 644 814 ἡ
685 742 1005 811 Ἐκκλησίαν
1033 737 1102 813 ἧς
1130 742 1395 813 ἐγενόμην
1427 742 1536 810 ὲγὼ
1553 742 1731 795 διάκο-

163 852 254 898 νος
284 834 424 888 κατὰ
452 833 550 904 τὴν
578 832 888 903 οἰκονομίαν
924 832 1016 885 τοῦ
1059 832 1194 886 Θεοῦ
1225 834 1324 903 τὴν
1360 833 1605 888 δοθεῖσάν
1642 850 1730 903 μοι

160 929 243 991 είς
268 926 432 997 ὑμᾶς,
462 925 748 998 πληρῶσαι
785 925 876 978 τὸν
906 924 1067 993 λόγον
1093 926 1190 981 τοῦ,
1228 928 1364 981 Θεοῦ
1388 945 1401 958 ·
1436 927 1492 981 τὸ
1527 928 1732 997 μυστή-

162 1035 280 1091 ριον
324 1020 386 1073 τὸ
423 1019 913 1090 ἀποκεκρυμμένον
947 1019 1055 1071 ἀπὸ
1086 1018 1195 1072 τῶν
1238 1018 1448 1074 αἰώνων
1490 1021 1582 1073 καὶ
1625 1020 1732 1074 ἀπὸ

158 1109 271 1163 τῶν
299 1109 523 1179 γενεῶν,
556 1108 674 1163 νυνὶ
726 1109 782 1162 δὲ
834 1108 1153 1181 ἐφανερώθη
1193 1114 1306 1174 τοῖς
1340 1112 1514 1179 ἁγίοις
1544 1112 1729 1176 αὐτοῦ,

158 1195 243 1263 οἷς
269 1200 536 1271 ἠθέλησεν
572 1198 599 1251 6
639 1198 771 1263 Θεὸς
802 1201 1066 1270 γνωρίσαι
1096 1201 1179 1264 τίς
1206 1205 1233 1256 6
1265 1203 1491 1266 πλοῦτος
1520 1204 1619 1273 τῆς
1648 1203 1733 1254 δότ

160 1290 260 1361 ξης
296 1290 391 1343 τοῦ
444 1288 737 1361 μυστηρίου
772 1290 937 1343 αὐτοῦ
994 1295 1051 1344 ὲν
1098 1295 1209 1355 τοῖς
1256 1293 1483 1357 ἔθνεσιν,
1513 1294 1570 1356 ὃς
1618 1295 1734 1345 ἐστι

158 1382 397 1451 Χριστὸς
428 1383 483 1434 ὲν
514 1383 666 1451 ἡμῖν,
706 1382 739 1451 ἡ
776 1381 930 1445 ἐλπὶς
969 1382 1070 1451 τῆς
1096 1383 1274 1454 δόξης.
1318 1385 1376 1438 ὂν
1405 1386 1565 1455 ἡμεῖς
1598 1401 1734 1439 κατ-

159 1475 519 1544 αγγέλλομεν.
548 1492 573 1526 δ
616 1472 740 1537 Πῶς
793 1474 1099 1545 κέκρυπται
1131 1474 1191 1528 τὸ
1226 1476 1592 1547 μυστήριον,ἢ
1619 1476 1735 1540 πῶς

160 1565 310 1613 ἐστιν
337 1562 472 1626 ὅλως
500 1556 671 1631 Λόγος
701 1563 857 1621 Θεοῦ.
884 1568 1033 1628 ποῖος
1063 1564 1119 1618 δὲ
1145 1567 1173 1617 ὁ
1200 1564 1427 1629 πλοῦτος
1454 1567 1556 1635 τῆς
1576 1567 1734 1635 δόξης

160 1654 371 1706 ἔνεστιν
397 1652 564 1723 αὐτῷ,
591 1653 747 1725 εἴπερ
780 1656 895 1708 ἐστὶ⁸
924 1656 1099 1719 κοινὸς
1130 1656 1414 1727 ἄνθρωπος
1447 1658 1566 1711 καθ’
1590 1660 1735 1729 ἡμᾶς

160 1747 189 1797 6
218 1744 451 1814 Χριστός
477 1762 490 1808 ;
546 1744 681 1797 Οὐδὲ
710 1744 818 1811 γὰρ
847 1745 989 1814 μέγα
1021 1747 1189 1810 ἐστὶν,
1221 1747 1336 1801 ἀλλ’
1366 1749 1485 1801 οὐδὲ
1532 1749 1738 1815 ἀξιόλο-

160 1853 261 1903 γον
291 1836 353 1887 τὸ
388 1837 708 1906 μυστήριον,
742 1838 789 1889 εἰ
833 1838 906 1906 μὴ
937 1838 1013 1900 ὡς
1043 1838 1161 1909 Θεῷ
1190 1840 1485 1910 προσίεμεν
1512 1841 1737 1911 τῷΧρι-

165 1926 298 1998 στῷ,
331 1928 422 1979 καὶ
456 1927 738 1996 συνίεμεν,
772 1927 852 1980 ὅτι
880 1927 1009 1991 Θεὸς
1036 1929 1110 1981 ὢν
1137 1930 1167 1980 6
1194 1930 1384 1998 Λόγος,
1416 1932 1513 1986 καὶ
1548 1935 1604 1985 ὲν
1634 1933 1741 1985 i66-

162 2036 289 2087 τητι
319 2019 412 2070 καὶ
446 2020 627 2088 μοριρῇ
666 2016 761 2070 τοῦ
792 2019 1029 2089 Πατρὸς,
1059 2020 1298 2089 καθῆκεν
1324 2022 1513 2076 ἑαυτὸν
1545 2026 1623 2086 είς
1648 2024 1741 2077 κέ-

164 2125 359 2169 νωσιν,
388 2108 678 2176 γενόμενος
724 2107 1031 2179 ἄνθρωπος,
1080 2111 1174 2163 καὶ
1229 2113 1554 2182 μεμενηκὼς
1604 2117 1740 2186 ὅπερ

165 2194 236 2267 ἦν
258 2215 272 2227 ο
325 2197 580 2251 πλούσιον
626 2197 733 2269 γὰρ
766 2198 907 2252 οὕτω
948 2199 1047 2253 καὶ
1088 2200 1217 2273 δόξῃ
1253 2201 1421 2272 πολλῇ
1456 2206 1653 2257 νοεῖται
1680 2206 1741 2257 τὸ

169 2288 472 2357 μυστήριον
495 2320 514 2337 .

248 2480 266 2511 ι
290 2460 377 2526 Ὠς
401 2456 495 2515 οῦν
527 2462 864 2533 παρελάϐετε
892 2465 985 2518 τὸν
1023 2465 1256 2536 Χριστὸν
1289 2466 1495 2538 Ἰησοῦν
1537 2469 1742 2539 Κύριον

168 2551 353 2625 ἡμῶν,
378 2555 436 2606 έν
459 2554 607 2624 αὑτῷ
633 2558 1003 2627 περιπατεῖτε,
1030 2557 1384 2629 ἐρριζωμένοι
1412 2560 1505 2613 καὶ
1530 2561 1744 2613 ἐποικο-

168 2641 496 2714 δομούμενοι
545 2647 603 2699 ὲν
655 2646 825 2717 αὐτῷ,
856 2647 954 2700 καὶ
985 2646 1359 2718 βεϐαιούμενοι
1394 2651 1453 2702 ὲν
1483 2650 1683 2704 πίστει.
1720 2670 1738 2703 ι

173 2732 297 2795 Πῶς
329 2731 422 2788 οὖν
451 2736 832 2808 Μρελάὸομεν
872 2738 965 2790 τὸν
990 2739 1249 2808 Χριστὸν,
1285 2741 1483 2808 διδάξει
1512 2742 1683 2811 λέγων
1718 2747 1745 2798 6

172 2820 338 2888 σοφὸς
375 2824 627 2895 Ἰωάννης
647 2842 661 2856 ο
700 2845 719 2877 ι
746 2828 856 2879 Καὶ
880 2829 907 2880 6
931 2828 1106 2896 Λόγος
1133 2829 1268 2901 σὰρξ
1296 2830 1530 2897 ἐγένετο.
1557 2851 1574 2882 ι
1596 2833 1746 2885 Ἀλλ’

170 2910 233 2961 οὐ
271 2910 545 2965 πέπαυται
586 2914 680 2965 τοῦ
718 2912 856 2970 εἶναι
883 2917 1079 2986 Λόγος,
1106 2919 1201 2972 καὶ
1246 2921 1293 2971 εὶ
1339 2921 1529 2989 γέγονε
1571 2922 1740 2992 σάρξ·

174 3001 484 3072 συνεδρεύει
513 3003 623 3075 γὰρ
652 3006 747 3059 καὶ
785 3006 931 3061 οὕτω
954 3009 1033 3079 τῷ
1061 3010 1173 3080 ἰδίῳ
1196 3011 1393 3085 Πατρὶ,
1430 3013 1529 3066 καὶ
1544 3012 1747 3084 Κύριος

169 3094 273 3165 τῆς
298 3093 455 3165 δόξης
477 3096 507 3148 6
536 3097 950 3168 ἐσταυρωμένος
975 3100 1307 3172 ὠνόμασται.

247 3372 275 3411 c
304 3355 384 3427 Υῇ
419 3356 693 3427 προσευχῇ
728 3362 1207 3427 προσκαρτερεῖτε,
1252 3365 1657 3435 γρηγοροῦντες
1691 3368 1749 3421 έν

174 3448 313 3519 αὐτῇ
354 3450 413 3501 ἐν
460 3446 816 3519 εὐχαριστίᾳο
866 3450 1292 3520 προσευχόμενοι
1328 3452 1446 3521 ἃμα
1479 3457 1575 3510 καὶ
1622 3459 1753 3528 περὶ

176 3539 356 3607 ἡμῶν,
385 3540 471 3594 ἵνα
492 3541 521 3593 6
548 3539 679 3604 Θεὸς
708 3539 895 3611 ἀνοίξῃ
932 3542 1063 3611 ἡμῖν
1097 3541 1266 3613 θύραν
1297 3544 1391 3596 τοῦ
1426 3546 1609 3614 λόγου,
1651 3548 1750 3602 λα-

176 3628 341 3698 λῆσαι
380 3632 439 3685 τὸ
472 3633 769 3704 μυστήριον
799 3632 892 3686 τοῦ
927 3632 1083 3697 Θεοῦ,
1112 3634 1177 3686 δι’
1200 3633 1228 3685 δ
1256 3634 1350 3688 καὶ
1378 3635 1598 3704 δέδεμαι
1617 3656 1631 3669 ·
1664 3639 1754 3694 ἵνα

180 3720 481 3789 φανερὼσω
517 3724 669 3789 αὐτὸ,
712 3724 786 3788 ὼς
818 3725 901 3777 δεῖ
941 3740 1010 3794 με
1035 3723 1285 3794 λαλῆσαι.
1310 3743 1328 3776 ι
1364 3726 1427 3779 El
1460 3728 1536 3797 μὴ
1562 3728 1693 3792 Θεὸς
1725 3732 1754 3783 ό

179 3810 433 3879 Χριστὸς,
463 3814 744 3882 ἄνθρωπος
774 3815 833 3869 δὲ
869 3815 990 3887 θείᾳ
1016 3815 1197 3885 χάριτι
1224 3818 1617 3888 τετιμημένος,
1658 3821 1753 3873 οὐ·

180 3899 269 3952 διν
317 3898 430 3969 ἔχει
482 3902 617 3972 βαθὺ
661 3904 721 3956 τὸ
764 3907 851 3958 ἐπ’
891 3906 1041 3976 αὐτῷ
1097 3907 1431 3979 μυστήριονο
1466 3909 1627 3972 ποίας
1660 3906 1754 3966 οὖν

182 3991 351 4044 ἐδεῖτο
385 3989 554 4061 θύρας
593 3997 672 4058 είς
701 3995 761 4048 τὸ
792 3996 1039 4065 φανερῶς
1064 4005 1086 4033 ί
1118 3998 1250 4051 αὐτὸ
1290 3998 1385 4050 καὶ
1424 3998 1607 4062 καθὼς
1646 4001 1752 4055 ἔδει

184 4080 449 4151 λαλῆσαις
481 4084 637 4152 Μέγα
669 4084 776 4155 γὰρ
804 4085 957 4137 οὐδὲν
983 4085 1015 4155 ἢ
1039 4086 1277 4155 χαλεπὸν
1306 4088 1366 4140 τὸ
1395 4088 1522 4159 περὶ
1547 4089 1755 4161 ἀνθρώ-

184 4190 290 4227 που
325 4170 525 4238 λέγειν,
552 4174 627 4237 ὡς
656 4176 741 4246 εἴη
771 4176 911 4228 κατὰ
951 4175 1112 4243 φύσιν
1144 4177 1446 4249 ἅνθρωπος.
1475 4180 1537 4232 El
1569 4180 1625 4233 δὲ
1663 4182 1756 4236 άν-

187 4264 403 4333 θρωπος
438 4265 674 4331 γεγονὼς
700 4268 727 4318 ὁ
753 4269 815 4319 ὲκ
852 4266 986 4319 Θεοῦ
1012 4267 1337 4342 κηρύττεται
1362 4262 1533 4338 Λόγος
1557 4311 1572 4334 ,
1598 4274 1757 4343 χρεία

195 4354 262 4425 δὴ
295 4354 511 4415 πάντως
542 4356 700 4420 Θεοῦ,
731 4357 822 4411 τοῦ
854 4358 948 4410 καὶ
975 4357 1143 4426 θύραν
1190 4360 1514 4429 ἀνοίγοντος,
1548 4365 1645 4417 καὶ
1676 4365 1755 4418 δι-

186 4444 366 4505 δόντος
407 4443 635 4513 λαλῆσαι
662 4447 723 4499 τὸ
752 4449 1071 4518 μυστήριον,
1104 4449 1226 4516 καθ’
1255 4451 1313 4506 ὃν
1343 4455 1607 4524 προσήκει
1633 4458 1758 4526 τρό-

189 4550 311 4589 πον.

582 4747 677 4801 Ἐκ
716 4751 825 4819 τῆς
865 4756 1015 4822 πρὸς
1054 4756 1375 4825 Ἑϐραίους.

270 4901 289 4934 ι
326 4883 499 4937 Ὅταν
539 4880 596 4935 δὲ
616 4883 881 4956 εἰσαγάγῃ
914 4888 1007 4942 τὸν
1056 4892 1397 4962 πρωτότοκον
1431 4895 1508 4958 είς
1546 4896 1645 4965 τὴν
1675 4899 1761 4951 oi-

192 4977 481 5047 κουμένην,
507 4977 672 5046 λέγει’
700 4978 809 5031 Καὶ
836 4988 1367 5054 προσκυνησάτωσαν
1390 4990 1535 5059 αὐτῷ
1562 4994 1763 5057 πάντες

192 5065 412 5132 ἄγγελοι
461 5068 617 5125 Θεοῦ.
654 5089 671 5121 ι
725 5070 1034 5140 Μονογενὴς
1083 5079 1223 5131 κατὰ
1255 5081 1415 5147 φύσιν
1460 5085 1488 5136 6
1530 5085 1594 5136 ὲκ
1624 5084 1759 5137 Θεοῦ

192 5156 407 5226 Πατρδς
454 5162 768 5232 ὠνόμασται
802 5161 971 5229 Λόγος
995 5203 1009 5223 ,
1053 5165 1133 5217 ὅτι
1176 5171 1335 5235 μόνος
1367 5174 1430 5226 ὲκ
1474 5175 1633 5243 μόνου
1672 5190 1761 5242 γε-

191 5246 446 5315 γέννηται
489 5253 584 5305 τοῦ
630 5256 871 5327 Πατρός·
902 5254 1113 5325 εἴρηται
1144 5256 1198 5310 δὲ
1239 5262 1330 5313 καὶ
1384 5266 1756 5334 πρωτότοκος,

193 5338 283 5390 ὅτε
311 5338 405 5389 καὶ
432 5341 683 5398 εἰσῆλθεν
711 5349 790 5411 είς
823 5346 919 5419 τὴν
944 5346 1267 5417 οἰκουμένην
1290 5351 1573 5421 ἄνθρωπος
1602 5371 1759 5424 γεγο-

1832 648 1899 701 sti
1938 648 1988 701 in
2017 662 2179 703 carne
2207 664 2323 703 mea
2354 664 2451 717 pro
2480 664 2706 719 corpore
2739 652 2858 721 ejus
2881 692 2898 718 ,
2930 656 3076 723 quod
3096 665 3182 708 est
3213 655 3397 710 Eccle-

1830 739 1930 804 sia,
1965 738 2121 807 cujus
2166 738 2341 795 factus
2365 754 2480 794 sum
2518 754 2617 811 ego
2661 742 2912 797 minister
2949 744 3243 798 secundum
3286 746 3397 798 dis~

1832 831 2205 900 pensationem
2266 831 2387 900 Dei,
2424 847 2542 900 qua:
2579 833 2703 887 data
2739 843 2821 888 est
2846 834 2974 888 mihi
3026 834 3080 888 in
3127 835 3299 901 vobis,
3343 843 3399 889 ut

1832 922 2082 991 impleam
2113 923 2333 977 verbum
2368 923 2499 989 Dei;
2554 926 2869 991 mysterium
2918 924 3063 994 quod
3109 925 3399 980 abscondi—

1833 1020 1947 1066 tum
1974 1013 2075 1067 l'uit
2108 1028 2141 1067 a
2174 1013 2386 1069 saeculis
2415 1024 2469 1068 et
2510 1016 2980 1084 generationibus,
3027 1030 3170 1070 nunc
3220 1026 3397 1069 autem

1834 1104 2238 1158 manifestatum
2272 1113 2358 1159 est
2392 1106 2594 1160 sanctis
2638 1104 3006 1175 ejus,.qnibus
3048 1107 3218 1162 voluit
3259 1107 3401 1161 Deus

1834 1204 1989 1249 notas
2013 1195 2192 1250 facere
2218 1195 2438 1251 divitias
2463 1196 2649 1268 gloriae
2694 1198 3023 1253 sacramenti
3072 1197 3233 1267 huius
3278 1214 3402 1267 gen-

1835 1287 1997 1352 tibus,
2047 1286 2189 1355 quod
2235 1297 2318 1342 est
2367 1286 2617 1342 Christus
2672 1287 2727 1341 in
2770 1289 2921 1342 nobis
2955 1328 2971 1355 ,
3022 1303 3145 1358 spes
3196 1290 3400 1359 glorise,

1832 1391 1993 1445 quem
2030 1392 2129 1432 nos
2160 1376 2549 1431 annuntiamus
2575 1377 2641 1432 ⁸⁸.
2677 1397 2694 1430 ι
2733 1378 3012 1444 Quomodo
3057 1379 3299 1433 abditum
3323 1389 3405 1433 est

1836 1468 2177 1537 mysterium,
2225 1477 2319 1522 aut
2362 1468 2460 1522 Dei
2502 1483 2727 1537 prorsus
2758 1466 2992 1523 Verbum
3035 1478 3139 1533 est,
3188 1479 3285 1522 aut
3313 1486 3407 1521 cu-

1830 1557 2066 1628 jusmodi
2108 1561 2323 1614 tandem
2355 1560 2543 1630 gloriae
2569 1574 2701 1629 opes
2734 1570 3025 1629 suppetunt
3076 1561 3322 1624 Christo,
3359 1562 3403 1614 si

1836 1649 2055 1714 quidem
2104 1648 2341 1719 vulgaris
2394 1658 2601 1704 tantum
2670 1650 2952 1717 nostrique
3010 1648 3206 1704 similis
3247 1650 3409 1703 homo

1837 1740 2050 1794 exsistit
2071 1739 2094 1793 ?
2114 1738 2300 1809 Neque
2328 1739 2471 1793 enim
2498 1739 2606 1809 72
2629 1738 2831 1808 grande
2861 1748 2956 1792 aut
2987 1739 3161 1809 magni
3180 1739 3408 1805 alicujus

1841 1831 2095 1901 ponderis
2122 1831 2437 1901 mysterium
2470 1831 2562 1885 hic
2593 1832 2748 1897 latet,
2774 1830 2821 1885 si
2843 1829 3059 1885 Christo
3090 1845 3195 1885 non
3225 1831 3406 1886 colite-

1843 1937 2021 1977 remus
2044 1931 2298 1991 tanquam
2330 1922 2459 1987 Deo,
2493 1932 2750 1991 certoque
2786 1936 3103 1993 persuasum
3150 1922 3407 1977 habemus

1841 2014 1932 2068 Dei
1957 2013 2214 2075 Verbum,
2241 2015 2380 2081 quod
2407 2014 2461 2066 in
2488 2011 2661 2067 forma
2684 2022 2745 2067 et
2769 2013 3080 2082 aequalitate
3106 2011 3287 2067 Patris
3303 2021 3407 2073 est,

1840 2106 2109 2163 hominem
2155 2105 2354 2159 iactum
2402 2106 2468 2159 ad
2516 2104 2816 2159 ultroneam
2866 2103 3290 2159 exinanitionem
3352 2117 3410 2156 se

1841 2199 2146 2264 demisisse,
2173 2211 2393 2252 manens
2444 2196 2662 2251 interim
2718 2196 2821 2251 hoc
2873 2195 3049 2263 ipsum
3093 2197 3233 2263 quod
3270 2206 3407 2249 erat.

1839 2290 1919 2344 Ad
1954 2291 2094 2343 hunc
2121 2289 2271 2343 enim
2300 2290 2517 2341 modum
2539 2288 2855 2356 mysterium
2886 2288 2994 2341 hoc
3019 2297 3301 2355 acceptum
3326 2288 3410 2340 in-

1840 2390 2027 2449 gentes
2052 2379 2466 2447 magniﬁcentiae
2501 2386 2555 2431 et
2582 2377 2765 2446 gloria:
2795 2376 3013 2431 divitias
3044 2376 3222 2431 θίγοι-ι.

1918 2489 1936 2523 ι
1976 2469 2129 2527 Sicut
2177 2484 2305 2540 ergo
2344 2468 2635 2537 accepistis
2677 2466 2861 2522 Iesum
2908 2468 3182 2524 Christum
3231 2469 3410 2523 Domi-

1844 2576 1971 2616 num
2002 2572 2270 2625 nosuum,
2298 2559 2350 2613 in
2377 2558 2493 2628 ipso
2524 2556 2799 2611 ambulate
2821 2596 2836 2621 ,
2870 2557 3095 2612 radicati
3135 2567 3195 2612 et
3222 2573 3412 2626 super-

1844 2652 2090 2708 aediiicati
2119 2652 2171 2705 in
2200 2652 2339 2721 ipso,
2365 2660 2421 2705 et
2455 2648 2763 2704 confirmati
2788 2648 2843 2702 in
2864 2648 2969 2705 ﬁde
2990 2650 3057 2705 ".
3094 2668 3113 2703 ι
3140 2649 3414 2717 Quomodo

1846 2761 1944 2800 nos
2004 2744 2279 2799 Christum
2350 2741 2784 2809 susceperimus,
2837 2741 2894 2795 id
2964 2754 3119 2795 sacer
3186 2738 3416 2795 Joannes

1845 2832 2106 2902 ejusmodi
2133 2831 2377 2884 oratione
2402 2830 2637 2884 breviter
2668 2827 2902 2895 explicat
2933 2844 2946 2881 :
2980 2845 2999 2878 ι
3053 2828 3119 2882 Et
3156 2826 3413 2890 Verbum,

1846 2924 2045 2992 inquit,
2073 2935 2200 2976 caro
2231 2920 2429 2973 factum
2462 2930 2547 2974 est
2569 2921 2630 2974 σθ.
2668 2937 2688 2970 ι
2726 2919 3105 2973 Verumtamen
3139 2918 3263 2973 licet
3290 2932 3418 2972 caro

1847 3015 2045 3067 factum
2075 3021 2180 3074 est,
2208 3024 2303 3080 per
2332 3009 2433 3063 hoc
2468 3016 2646 3063 tamen
2690 3008 2921 3063 Verbum
2950 3024 3072 3065 esse
3102 3025 3206 3064 non
3237 3009 3415 3065 desiit.

1846 3103 1985 3159 Nam
2010 3103 2172 3161 etiam
2207 3102 2258 3154 in
2292 3114 2358 3155 eo
2387 3106 2533 3157 statu
2576 3100 2689 3167 pari
2734 3114 2856 3154 cum
2898 3099 3059 3154 Patre
3104 3099 3420 3156 auctoritate

1776 3228 1818 3285 ο
1851 3196 2045 3266 pollet;
2092 3203 2146 3247 et
2184 3191 2274 3285 qui
2305 3191 2483 3247 crucis
2531 3189 2852 3259 supplicium
2894 3188 3133 3258 pertulit,
3160 3188 3418 3244 Dominus

1854 3287 2037 3357 gloriae
2061 3283 2384 3353 appellatur.

1929 3392 1947 3425 ι
1985 3372 2225 3426 Orationi
2263 3372 2479 3433 instate,
2507 3366 2795 3433 vigilantes
2839 3369 2894 3425 in
2930 3383 2997 3424 ea
3041 3369 3097 3425 in
3128 3367 3420 3438 gratiarum

1856 3464 2099 3520 actione:
2131 3470 2354 3516 orantes
2383 3458 2541 3515 simul
2568 3467 2622 3515 et
2655 3473 2752 3527 pro
2782 3459 2936 3514 nobis
2958 3497 2976 3523 ,
3014 3468 3073 3512 ιιι
3118 3458 3259 3513 Deus
3295 3471 3421 3525 ape-

1857 3557 1962 3609 riat
2004 3552 2159 3607 nobis
2202 3551 2400 3605 ostium
2446 3549 2711 3603 sermonis
2757 3550 2825 3603 ad
2864 3548 3187 3617 loquendum
3225 3556 3417 3617 myste-

1855 3647 1994 3701 rium
2017 3642 2218 3697 Christi
2256 3641 2504 3710 (propter
2534 3640 2675 3709 quod
2704 3640 2866 3695 etiam
2894 3640 3108 3694 vinctus
3137 3638 3319 3703 sum),
3365 3644 3421 3689 ut

1857 3736 2197 3793 manifestem
2219 3733 2347 3787 illud
2384 3734 2480 3797 ita,
2515 3741 2574 3786 ut
2598 3741 2811 3801 oportet
2840 3746 2926 3785 me
2950 3731 3093 3800 loqui
3121 3732 3190 3783 σι.
3228 3748 3249 3780 ι
3283 3727 3423 3782 Sane

1858 3830 1902 3885 si
1932 3827 2181 3883 Christus
2218 3825 2358 3880 Deus
2385 3838 2491 3879 non
2525 3831 2693 3885 esset.
2722 3822 2815 3878 sed
2852 3822 3014 3877 homo
3051 3829 3254 3875 tantum
3288 3816 3423 3872 divi-

1856 3935 1943 3976 nae
1972 3918 2160 3987 gratiae
2191 3931 2420 3972 munere
2450 3916 2706 3979 donatus,
2735 3915 3053 3983 mysterium
3085 3914 3151 3968 de
3177 3912 3293 3979 ipso
3316 3921 3422 3962 non

1858 4010 2141 4066 admodum
2169 4009 2492 4077 profundum
2524 4006 2681 4061 foret.
2712 4008 2829 4071 Quo
2880 4004 3041 4073 igitur
3090 4004 3231 4059 ostio
3274 4008 3423 4069 pate-

1857 4103 2002 4157 facto
2036 4116 2169 4171 opus
2201 4108 2317 4155 erat
2342 4109 2401 4153 ut
2443 4097 2578 4152 illud
2626 4095 3087 4159 manifestaretur,
3121 4089 3425 4150 commode—

1856 4205 1964 4261 que
1991 4191 2072 4260 (ut
2099 4187 2398 4258 oportebat)
2429 4185 2861 4256 proponeretur?
2890 4184 3169 4253 siquidem
3205 4195 3309 4235 non
3343 4181 3426 4231 est

1858 4296 1947 4338 res
1971 4295 2184 4350 magna,
2215 4288 2310 4333 aut
2334 4279 2499 4331 ardua
2529 4276 2596 4330 de
2637 4275 2856 4331 homine
2895 4275 3077 4329 dicere
3098 4314 3114 4339 ,
3158 4270 3298 4340 quod
3332 4282 3425 4320 na-

1861 4382 1979 4427 tura
2012 4371 2175 4428 bomo
2211 4369 2300 4423 sit.
2332 4366 2390 4423 Si
2422 4376 2603 4421 autem
2635 4365 2870 4420 Verbum
2912 4364 3006 4419 Dei
3032 4366 3194 4418 homo
3224 4361 3422 4414 factum

1860 4463 2203 4533 pmdioetur.
2221 4458 2333 4527 jam
2365 4457 2585 4513 omnino
2613 4471 2750 4525 opus
2780 4456 2884 4513 erit
2913 4454 3162 4524 praesidio
3196 4450 3311 4513 Dei,
3334 4444 3425 4511 (1⁸³ἱ

1787 4545 1829 4599 ι)
1860 4555 2059 4610 ostium
2106 4559 2349 4615 reseret,
2398 4549 2922 4616 convenientemque
2980 4544 3219 4615 mysterii
3270 4538 3425 4605 hujus

1864 4645 2279 4715 explicationem
2311 4641 2594 4711 largiatur.

2262 4774 2345 4828 Ex
2374 4773 2613 4843 Epistola
2648 4773 2716 4827 ad
2747 4772 3017 4828 Hebraea.

1948 4932 1966 4965 ι
2004 4912 2139 4967 Cum
2168 4911 2463 4967 introducit
2495 4910 2912 4981 primogenitum
2950 4908 3002 4963 in
3033 4906 3215 4961 orbem
3247 4911 3422 4960 teme.

1865 4999 1996 5054 dicit
2030 5016 2042 5051 :
2072 4999 2135 5052 Et
2157 4998 2382 5051 adorent
2419 5014 2541 5052 eum
2566 5013 2754 5053 omnes
2779 4995 2951 5062 angeli
2984 4993 3072 5048 Dei
3102 4993 3167 5044 “.
3210 5009 3228 5043 ι
3265 4989 3429 5046 Natu-

1861 5088 1970 5141 rale
2000 5088 2089 5144 Dei
2117 5087 2293 5141 Patris
2319 5087 2548 5141 Verbum
2580 5084 2883 5151 unigenitus
2912 5080 3229 5149 appellatur,
3254 5094 3426 5149 quan-

1859 5178 2147 5246 doquidem
2180 5178 2349 5233 solum
2395 5192 2460 5229 ex
2496 5175 2608 5227 solo
2652 5172 2810 5225 Patre
2853 5172 3096 5240 genitum
3140 5181 3261 5225 est:
3315 5171 3424 5236 pri-

1860 5269 2113 5336 mogeniti
2142 5276 2317 5321 autem
2339 5277 2529 5317 nomen
2556 5269 2666 5314 tum
2693 5260 2905 5314 domum
2930 5260 3186 5321 obtinuit,
3212 5258 3424 5326 quando

1858 5354 2039 5417 homo,
2080 5364 2135 5406 et
2181 5354 2364 5408 mundi
2414 5364 2535 5418 pars
2583 5348 2835 5403 eiIectum
2877 5348 2933 5401 in
2975 5348 3112 5405 hunc
3159 5355 3424 5399 terrarum

265 5494 312 5527 “
340 5494 593 5563 Colossa,
619 5499 808 5559 24-28.
888 5506 932 5537 ³⁹
960 5503 1162 5560 Coloss.
1199 5519 1256 5568 ιι,
1286 5502 1337 5555 ϐ.
1417 5506 1459 5536 ⁸ο
1487 5507 1670 5574 Joan.,
1704 5526 1741 5573 ι,

1848 5543 1862 5558 .
1939 5507 1978 5536 ⁶¹
2004 5504 2207 5558 Coloss.
2238 5520 2309 5567 tv,
2332 5504 2454 5559 2-6.
2533 5505 2576 5535 “
2606 5503 2769 5559 llehr.
2805 5520 2842 5565 ι,
2873 5504 2926 5557 6.

1263 5656 1429 5713 Variae
1460 5660 1718 5720 lectiones
1744 5662 1942 5721 codicis
1973 5659 2326 5726 Seguieriani.

266 5797 287 5823 ι
320 5786 649 5856 φανερῶσαι.
