4090 6512
705 419 832 476 1251

1682 410 1739 466 S.
1783 411 2053 467 CYRILLI
2092 412 2554 468 ALEXANDRINI
2594 413 2922 470 ARCHIEP.

3814 421 3940 475 19.52

701 538 884 592 orbem
938 535 1236 606 ingressum
1292 546 1396 592 est.
1454 537 1834 595 Verumtamen
1893 543 1994 596 hac
2057 558 2263 613 quoque

2370 541 2495 606 νὼς,
2526 543 2619 595 καὶ
2665 540 2827 613 μέρος
2857 541 3047 610 αὐτῆς,
3077 539 3219 610 Πλὴν
3253 540 3347 593 καὶ
3373 540 3517 594 οὕτω
3549 545 3935 612 προσκυνεῖται

703 629 909 681 ratione
952 643 982 679 a
1049 628 1253 681 sanctis
1299 629 1501 698 angelis
1560 636 1831 696 aduratur,
1901 647 2020 685 cum
2066 634 2262 687 adora-

704 720 779 771 tio
819 719 913 771 soli
977 717 1086 772 Deo
1120 719 1400 784 debeatur,
1434 731 1487 775 et
1527 723 1594 776 ad
1653 722 1796 776 illum
1859 722 2026 778 solum
2061 724 2263 777 refera-

701 821 805 863 tur.
833 809 963 875 Quis
992 810 1152 880 igitur
1202 811 1476 865 Christum
1525 813 1689 868 Deum
1733 829 1851 868 esse
1899 815 2152 884 ambigat,
2208 823 2268 869 ut

699 902 861 954 etiam
890 902 940 953 in
968 901 1105 955 caelo
1133 902 1424 956 adoretur?

770 991 873 1061 73
911 1010 928 1042 ‹
954 991 1018 1045 Ει
1039 991 1104 1046 ad
1128 992 1343 1061 angelos
1357 994 1570 1062 quidem
1595 994 1760 1049 dicit:
1784 994 1884 1062 Qui
1903 993 2027 1049 facit
2049 995 2264 1065 angelos

700 1096 825 1134 suos
853 1082 1096 1149 spiritus,
1128 1092 1185 1136 et
1212 1084 1490 1138 ministros
1516 1099 1642 1140 suos
1676 1084 1948 1140 ﬂammam
1990 1087 2148 1156 ignis.
2184 1087 2261 1141 Ad

705 1169 897 1224 Filium
925 1181 1134 1226 autem:
1168 1171 1415 1228 Thronus
1444 1184 1585 1240 tuus,
1605 1175 1765 1239 Deus,
1796 1176 1847 1230 in
1881 1177 2134 1231 saeculum
2166 1193 2265 1231 sa:-

700 1262 828 1315 culi.
849 1260 1123 1333 Et:Virga
1149 1265 1417 1332 aequitatis
1443 1266 1588 1336 virga
1618 1267 1764 1336 regni
1794 1267 1888 1320 tui.
1907 1267 2144 1322 Dilexisti
2173 1267 2262 1338 ju-

699 1353 919 1418 stitiam,
977 1363 1031 1409 et
1071 1354 1230 1408 odisti
1272 1354 1648 1423 iniquitatem:
1683 1369 1962 1427 propterea
2002 1361 2156 1414 unxit
2211 1371 2262 1415 te

707 1445 868 1509 Deus,
899 1445 1039 1498 Deus
1066 1456 1205 1508 tuus,
1242 1443 1362 1500 oleo
1382 1447 1753 1503 exsultationis
1783 1465 1891 1518 prae
1910 1451 2260 1520 participibus

701 1537 894 1591 tuis”.
936 1556 955 1590 ι
1018 1534 1072 1590 Si
1132 1537 1446 1606 angelorum
1479 1540 1721 1594 conditor
1753 1549 1868 1604 est,
1919 1542 1962 1595 si
2005 1542 2263 1597 thronum

698 1625 907 1680 obtinet
938 1627 1349 1695 sempiternum,
1375 1627 1641 1696 justitiam
1675 1631 1885 1697 dilexit,
1917 1642 1972 1685 et
2004 1632 2261 1702 iniquita-

697 1727 804 1770 tcm
840 1718 963 1772 odio
996 1719 1203 1781 habuit,
1236 1733 1406 1786 eaque
1435 1722 1499 1774 de
1530 1735 1691 1775 causa
1721 1723 2095 1778 exsultationis
2141 1723 2261 1777 oleo

697 1824 726 1861 a
759 1809 865 1862 Deo
896 1809 1056 1864 Patre
1085 1811 1333 1865 inuuctus
1365 1811 1466 1865 fuit
1497 1831 1510 1866 :
1545 1815 1672 1882 quid
1704 1823 1942 1868 statuere
1979 1825 2072 1868 aut
2114 1813 2261 1882 cogi-

2373 635 2521 705 παρά
2559 634 2665 688 τῶν
2693 634 2864 702 ἀγίων
2898 631 3164 700 ἀγγέλων,
3189 633 3549 702 ἀνακειμένου
3577 650 3638 685 τε
3684 634 3780 685 καὶ⁵
3815 636 3941 703 πρέ-

2371 728 2562 791 ποντος
2609 727 2752 798 μόνῳ
2801 724 2920 795 Θεῷ
2947 724 3041 778 τοῦ
3073 725 3168 778 καὶ
3197 725 3624 796 προσκυνεῖσθαι
3655 725 3788 779 δεῖν.
3823 725 3938 786 Πῶς

2367 814 2460 872 οὖν
2488 818 2548 871 οὑ
2575 817 2704 880 Θεὸς
2734 819 2762 870 6
2794 815 3046 886 Χριστὸς,
3072 817 3101 868 6
3133 815 3226 869 καὶ
3257 817 3314 868 ἐν
3349 816 3566 887 οὐρανῷ
3596 818 3938 887 προσκυνού-

2372 927 2530 980 μενος
2553 927 2568 975 ;

2447 1019 2464 1050 ι
2497 1000 2608 1052 Καὶ
2633 998 2765 1070 πρὸς
2789 997 2887 1067 μὲν
2924 996 3050 1058 τοὺς
3069 996 3332 1064 ἀγγέλους
3351 995 3519 1065 λέγει’
3554 997 3612 1050 '0
3633 997 3805 1050 ποιῶν
3825 999 3944 1060 τοὺς

2368 1086 2630 1152 ἀγγέλους
2654 1084 2820 1137 αὐτοῦ
2841 1084 3143 1154 πνεύματα,
3171 1085 3401 1148 καὶτοὺς
3420 1085 3770 1155 λειτουργοὺς
3787 1087 3942 1138 αὑτοῦ

2370 1175 2540 1245 πυρὸς
2551 1175 2744 1243 φλόγα.
2762 1175 2803 1226 Π
2814 1174 2901 1245 ρὸς
2915 1174 2971 1227 δὲ
2994 1174 3081 1227 τὸν
3095 1175 3238 1227 Υίόν·
3256 1175 3312 1228 '0
3326 1175 3510 1246 θρόνος
3529 1179 3682 1243 σου,ό
3701 1178 3853 1241 Θεὸς,
3870 1182 3944 1241 εἰς

2367 1267 2457 1319 τὸν
2481 1267 2650 1319 αἰῶνα
2681 1265 2775 1318 τοῦ
2815 1265 3029 1328 αΐῶνος.
3063 1265 3191 1318 Καί·
3227 1266 3290 1318 Ἠ
3309 1266 3502 1336 ρἀδος
3523 1273 3622 1339 τῆς
3651 1270 3940 1339 εὐθύτητός

2368 1374 2461 1410 σου
2504 1357 2696 1428 ῥάϐδος
2720 1356 2820 1425 τῆς
2867 1355 3143 1425 βασιλείας
3170 1372 3284 1408 σου.
3321 1357 3638 1430 Ἠγάπησας
3665 1360 3939 1414 δικαιοσύο

2367 1442 2484 1513 νην,
2514 1444 2606 1497 καὶ
2623 1443 2889 1513 ἐμίσησας
2903 1443 3116 1497 ἀδικίαν
3134 1445 3174 1478 ί·
3195 1443 3286 1496 διᾶ
3297 1443 3456 1497 τοῦτο
3469 1445 3658 1515 ἕχρισέ
3673 1464 3732 1499 σε
3749 1447 3936 1510 όΘεὸς,

2366 1535 2393 1585 6
2415 1535 2544 1596 Θεός
2577 1550 2691 1596 σου,
2730 1533 2907 1586 ἔλαιον
2937 1532 3309 1600 ἀγαλλιάσεως
3346 1533 3494 1604 παρὰ
3527 1536 3655 1599 τοὺς
3684 1538 3940 1607 μετόχους

2369 1644 2482 1681 σου.
2511 1647 2528 1679 ι
2565 1629 2628 1680 Εἰ
2669 1627 2899 1699 ποιητής
2931 1628 3176 1696 ἀγγέλων
3210 1629 3358 1682 ἐστὶν
3389 1630 3417 1681 6
3452 1630 3641 1700 θρόνον
3673 1632 3816 1701 ἔχων
3862 1635 3937 1695 εἰς

2364 1721 2455 1773 τὸν
2480 1720 2651 1773 αἰῶνα
2675 1718 2768 1771 τοῦ
2797 1719 3013 1784 αἰῶνος,
3045 1720 3336 1787 ἀγαπήσας
3363 1736 3421 1771 τε
3447 1720 3821 1791 δικαιοσύνην,
3847 1725 3938 1775 καὶ

2370 1808 2691 1879 μεμισηκὼς
2717 1808 2930 1861 ἀδικίαν
2953 1816 3002 1874 ⁸³,
3038 1809 3134 1861 καὶ
3161 1808 3251 1861 διὰ
3280 1809 3436 1861 τοῦτο
3464 1810 3752 1880 κεχρίσθαι
3785 1811 3935 1878 λεγό-

698 1909 812 1952 tare
842 1914 938 1954 nos
961 1915 1058 1970 par
1077 1909 1178 1965 cst,
1205 1904 1328 1956 dum
1353 1903 1404 1956 in
1435 1902 1699 1970 ejusmodi
1728 1905 1792 1958 de
1817 1905 1932 1972 ipso
1963 1905 2260 1958 sententias

2365 1917 2523 1970 μενος
2546 1899 2624 1970 τῷ
2652 1899 2818 1969 ἐλαίῳ
2843 1897 2943 1967 τῆς
2971 1898 3344 1966 ἀγαλλιάσεως
3374 1899 3526 1970 παρά
3551 1900 3646 1953 τοῦ
3679 1900 3814 1953 Θεοῦ
3848 1902 3935 1953 καὶ

698 1991 1086 2046 inciderimus?
1129 1991 1260 2046 Nam
1311 1994 1356 2047 si
1397 1993 1648 2049 caelestes
1697 1995 1921 2062 spiritus
1967 2008 2093 2049 suos
2136 1994 2264 2048 facit

697 2081 993 2147 ministros,
1030 2083 1394 2151 thronumque
1434 2085 1676 2151 possidet
1723 2084 1959 2149 deitatis,
1996 2087 2263 2153 quomodo

697 2172 819 2227 oleo
847 2172 1230 2227 exsultationis
1259 2173 1528 2227 delibutus
1569 2174 1877 2228 asseritur?
1915 2175 2056 2230 Sane
2100 2191 2266 2247 ange-

697 2265 778 2318 los
802 2271 952 2318 creat
977 2273 1035 2317 ut
1060 2265 1221 2328 Deus,
1249 2264 1524 2334 inungitur
1546 2275 1720 2320 autem
1755 2275 1810 2320 ut
1853 2267 2010 2321 homo
2032 2310 2046 2334 ,
2103 2269 2174 2322 ita
2207 2280 2264 2323 ut

698 2358 811 2424 ipsa
844 2355 1024 2408 unctio
1069 2371 1170 2409 non
1205 2356 1270 2409 ad
1317 2355 1551 2410 divinam
1597 2367 1868 2422 naturam,
1902 2360 1995 2414 sed
2045 2359 2111 2413 ad
2143 2360 2260 2413 dis-

696 2445 1024 2515 pensationis
1084 2446 1404 2515 sapientiam
1435 2447 1620 2517 procul
1652 2449 1814 2502 dubio
1847 2449 2133 2505 referatur.
2163 2451 2261 2505 Est

698 2538 881 2605 itaque
918 2535 1170 2591 Christus
1204 2536 1366 2599 Deus,
1406 2546 1459 2590 et
1493 2539 1693 2592 homo:
1731 2538 1870 2593 Deus
1913 2543 2126 2609 quidem
2172 2559 2264 2595 na-

696 2638 838 2692 tura,
863 2626 1027 2680 homo
1051 2640 1176 2680 vero
1200 2627 1364 2681 nostri
1389 2625 1583 2682 similis
1608 2628 2018 2698 dispensatorie,
2046 2632 2262 2700 quando

697 2716 954 2770 nimirum
1002 2714 1298 2772 secundum
1328 2730 1553 2772 carnem
1585 2730 1654 2772 ex
1698 2718 1923 2774 muliere
1968 2728 2125 2776 natus
2158 2731 2262 2778 est.

771 2914 791 2948 ε
833 2896 1045 2960 Videte,
1079 2894 1296 2958 fratres,
1328 2907 1395 2948 ne
1423 2893 1559 2947 forte
1588 2895 1698 2949 sint
1729 2895 1780 2948 in
1815 2895 1996 2965 aliquo
2026 2907 2261 2951 vestrum

693 3001 790 3042 cor
811 2987 1010 3040 malum
1041 2985 1428 3040 incredulitatis
1455 2985 1760 3040 discedendi
1798 3003 1825 3040 a
1867 2988 1970 3041 Deo
1993 2990 2114 3041 vivo
2142 2989 2210 3040 “.
2239 3006 2256 3039 ι

697 3078 756 3133 Si
786 3078 1055 3132 Christum
1083 3076 1429 3146 abnegantes,
1462 3092 1490 3130 a
1534 3077 1640 3131 Deo
1668 3078 1792 3131 vivo
1826 3086 1880 3132 et
1909 3094 2038 3133 vero
2083 3079 2264 3134 desci-

695 3169 932 3232 sclmus;
961 3167 1015 3220 in
1057 3165 1161 3220 [ide
1190 3181 1315 3220 vero
1347 3180 1464 3234 quae
1493 3167 1542 3219 in
1575 3167 1747 3237 ipsum
1773 3178 1853 3221 est
1877 3169 2254 3237 persistentes,

695 3256 1010 3310 defectionis
1072 3255 1298 3309 crimine
1356 3255 1661 3312 nullatenus
1707 3256 2003 3326 obligantur
2061 3277 2073 3312 :
2123 3275 2258 3329 quo-

696 3347 855 3400 modo
887 3343 1136 3397 Christus
1159 3359 1269 3396 non
1297 3352 1378 3396 est
1405 3343 1546 3398 Dens
1571 3345 1594 3398 ἰ

772 3452 792 3484 ι
827 3433 882 3488 Si
905 3434 1048 3489 enim
1085 3433 1302 3502 sanguis
1337 3433 1605 3487 hircorum
1633 3442 1687 3486 et
1720 3442 2013 3498 taurorum,
2042 3444 2096 3488 et
2118 3435 2256 3492 ciuis

694 3525 875 3579 vitula).
909 3539 1179 3594 aspersus,
1212 3525 1512 3592 inquinatos
1557 3524 1859 3578 sanctificat
1901 3525 1966 3578 ad
1996 3528 2256 3581 emunda-

697 3623 894 3674 tionem
927 3618 1145 3672 carnis:
1192 3629 1393 3685 quanto
1440 3616 1607 3685 magis
1647 3617 1866 3684 sanguis
1900 3616 2128 3684 Christi,
2165 3620 2254 3682 qui

697 3729 792 3782 per
822 3711 1085 3779 Spiritum
1110 3717 1352 3761 sanctum
1382 3707 1727 3776 semetipsum
1765 3707 1958 3760 obtulit
1993 3708 2256 3761 immacu-

699 3803 858 3854 latum
911 3801 1054 3863 Deo,
1103 3797 1415 3851 emundabit
1471 3797 1856 3851 conscientiam
1907 3805 2143 3850 nostram
2189 3797 2256 3849 ab

694 3893 947 3964 operibus
978 3890 1226 3956 mortuis,
1264 3888 1332 3942 ad
1377 3889 1716 3943 serviendum
1745 3887 1853 3943 Deo
1884 3887 2082 3942 viventi
2104 3889 2148 3919 ⁸⁸
2175 3889 2197 3940 ?
2231 3907 2250 3938 ι

697 3984 752 4038 Si
777 3982 1026 4037 Christus
1054 3996 1210 4035 verus
1236 3979 1379 4033 Deus
1402 3994 1504 4033 non
1536 3988 1640 4042 est,
1673 3994 1856 4047 quant,
1885 3993 2085 4047 quaeso,
2119 3979 2256 4032 utili-

697 4087 858 4131 tatem
901 4075 1041 4128 illius
1070 4072 1285 4142 sanguis
1317 4072 1468 4125 nobis
1497 4062 1692 4139 puterit
1719 4069 1950 4124 afferre?
1987 4071 2092 4122 Aut
2118 4084 2255 4139 quo-

696 4168 851 4221 modo
880 4165 1238 4220 conscientias
1271 4172 1484 4218 nostras
1526 4162 1593 4215 ab
1620 4161 1871 4230 operibus
1905 4160 2131 4215 mortuis
2157 4175 2254 4228 po-

694 4258 818 4311 tet-it
846 4257 1108 4326 expiare?
1140 4254 1276 4321 Quid
1313 4256 1455 4308 enim
1499 4252 1736 4321 vulgaris
1767 4251 2001 4305 hominis
2035 4251 2254 4320 sanguis

694 4348 912 4403 virtutis
948 4357 1042 4401 aut
1069 4345 1403 4402 efﬁcacitatis
1434 4345 1613 4406 habet,
1637 4342 1779 4412 quod
1813 4357 1916 4395 non
1945 4343 2103 4396 etiam
2129 4355 2255 4396 san-

693 4441 812 4507 guis
841 4438 1150 4493 hircorum?
1182 4435 1313 4490 nihil
1348 4435 1589 4488 omnino.
1637 4432 1750 4488 lloc
1795 4433 1967 4488 solum
2020 4446 2253 4500 namque

2363 1993 2606 2062 Πατρός·
2641 1991 2694 2044 τί
2721 1991 2784 2062 δὴ
2810 1992 2916 2062 ἀρα
2957 1993 3135 2062 φαμὲν
3175 1993 3255 2055 είς
3289 1991 3496 2055 ἐννοίας
3525 1993 3815 2064 ἐρχόμενοι
3842 1995 3934 2056 τὰς

2361 2083 2449 2135 ἐπ’
2476 2081 2656 2153 αὑτῷ;
2692 2082 2754 2134 Εἰ
2787 2083 2894 2153 γὰρ
2922 2085 3070 2134 ποιεῖ
3103 2084 3230 2145 τοὺς
3258 2083 3522 2152 ἀγγέλους
3552 2084 3722 2137 αὑτοῦ
3775 2085 3931 2138 πνεύο

2365 2190 2531 2244 ματα,
2559 2174 2650 2226 καὶ
2681 2172 2868 2242 θρόνον
2895 2173 3006 2243 ἔχει
3033 2172 3306 2244 θεότητος,
3346 2175 3466 2227 τίνα
3492 2176 3696 2244 τρόπον
3722 2177 3932 2247 χρίεται

2360 2260 2439 2330 τῷ
2484 2261 2646 2331 ἐλαίῳ
2691 2262 2788 2330 τῆς
2819 2261 3223 2328 ἀγαλλιάσεως;
3255 2263 3464 2317 Ούκοῦν
3505 2264 3684 2327 κτίζει
3734 2265 3833 2333 μὲν
3863 2265 3933 2326 ὡς

2361 2353 2494 2415 Θεὸς
2543 2352 2837 2419 ἀγγέλους,
2887 2352 3097 2421 χρίεται
3131 2353 3188 2404 δὲ
3228 2354 3303 2415 ὡς
3345 2354 3632 2424 ἄνθρωπος
3657 2371 3670 2384 ·
3715 2356 3818 2408 οὐκ
3855 2357 3929 2419 εἰς

2361 2443 2459 2513 τὴν
2492 2443 2588 2511 τῆς
2625 2441 2875 2511 θεότητος
2907 2441 3089 2509 φύσιν,
3123 2442 3236 2495 ἀλλ’
3264 2446 3343 2506 εἰς
3387 2445 3448 2497 τὸ
3479 2445 3578 2514 τῆς
3615 2445 3926 2514 οἰκονομίας

2363 2532 2608 2601 εὑτεχνὲς
2668 2532 2958 2605 ἐρχομένου
3020 2532 3113 2583 τοῦ
3159 2533 3478 2601 χρίσματος.
3522 2533 3656 2596 Θεὸς
3697 2536 3806 2605 ἄρα
3846 2536 3932 2588 καὶ

2363 2620 2645 2692 ἄνθρωπος
2674 2622 2701 2672 6
2732 2619 2964 2690 Χριστός
2985 2635 2998 2649 ·
3033 2618 3165 2681 Θεὸς
3200 2620 3298 2687 μὲν
3326 2623 3391 2690 τῇ
3426 2621 3608 2689 φύσει,
3648 2622 3931 2692 ἄνθρωπος

2361 2707 2419 2760 δὲ
2463 2707 2584 2760 καθ’
2613 2709 2759 2778 ἡμᾶς
2799 2711 2828 2761 6
2861 2709 3022 2770 αὐτὸς
3055 2709 3435 2778 οἰκονομικῶς,
3469 2712 3558 2763 ὅτε
3609 2711 3838 2780 γέγονεν
3871 2712 3930 2764 ἐκ

2361 2801 2620 2868 γυναικὸς
2645 2799 2785 2853 κατά
2818 2799 3015 2870 σάρκα.

2440 2908 2458 2941 ι
2487 2888 2745 2950 Βλέπετε,
2788 2889 3028 2957 ἀδελφοὶ,
3070 2889 3140 2959 μή
3175 2890 3306 2941 ποτέ
3338 2891 3485 2942 ἐστιν
3528 2890 3586 2941 έν
3625 2906 3735 2942 τινι
3784 2888 3932 2960 ὗμῶν

2364 2978 2561 3044 καρδία
2588 2978 2800 3048 πονηρὰ
2828 2977 3103 3044 ἀπιστίας,
3132 2981 3188 3031 ἐν
3219 2978 3295 3048 τῷ
3323 2979 3622 3049 ἀποστῆναι
3658 2980 3771 3032 ἀπὸ
3803 2978 3930 3032 Θεοῦ

2364 3070 2626 3134 ζῶντος.»
2665 3071 2727 3123 Εἰ
2776 3070 3100 3140 ἀρνούμενοι
3151 3071 3240 3122 τὸν
3291 3070 3544 3140 Χριστὸν,
3589 3070 3934 3141 ἀφιστάμεθα

2363 3159 2498 3212 Θεοῦ
2529 3159 2728 3223 ζῶντος
2755 3162 2848 3212 καὶ
2877 3160 3129 3230 ἀληθινοῦ
3150 3201 3164 3226 ,
3191 3161 3518 3230 ἐμμένοντες
3545 3160 3603 3212 δὲ
3633 3165 3701 3230 τῇ
3732 3163 3815 3224 εἰς
3840 3160 3934 3212 αύ-

2365 3252 2454 3304 τὸν
2489 3252 2686 3317 πίστει,
2720 3253 2839 3305 κατ’
2865 3252 3054 3305 οὐδένα
3093 3254 3292 3324 τρόπον
3327 3253 3629 3324 ποιούμεθα
3657 3256 3760 3325 τὴν
3802 3256 3932 3306 ἀπο-

2368 3343 2589 3395 στασίαν
2611 3384 2625 3408 ,
2658 3344 2771 3405 πῶς
2798 3343 2856 3395 οὑ
2887 3343 3018 3404 Θεὸς
3044 3347 3070 3397 6
3096 3346 3139 3396 Χ
3149 3347 3360 3414 ριστός;

2442 3453 2459 3482 ι
2490 3434 2551 3485 Εἰ
2579 3433 2686 3503 γὰρ
2718 3435 2780 3485 τὸ
2807 3429 2945 3503 αἷμα
2979 3436 3192 3504 ταύρων
3224 3436 3318 3489 καὶ
3345 3437 3584 3506 τράγων,
3617 3441 3714 3493 καὶ
3744 3439 3934 3500 σποδὸς

2362 3524 2642 3593 δαμάλεως
2694 3524 3014 3593 ῥαντίζουσα
3062 3528 3187 3589 τοὺς
3227 3531 3651 3599 κεκοινωμένους
3723 3529 3932 3598 ἁγιάζει

2364 3615 2498 3684 πρὸς
2536 3616 2630 3684 τὴν
2667 3617 2764 3684 τῆς
2796 3616 2993 3685 σαρκὸς
3027 3617 3408 3688 καθαρότηταο
3440 3621 3590 3690 πόσῳ
3626 3622 3833 3690 μᾶλλον
3873 3623 3932 3674 τὸ

2363 3701 2501 3776 αἷμα
2543 3706 2636 3758 τοῦ
2671 3707 2929 3775 Χριστοῦ,
2972 3707 3031 3768 ὃς
3059 3707 3145 3759 διὰ
3185 3710 3499 3778 Πνεύματος
3542 3712 3700 3778 ἁγίου
3741 3714 3928 3765 ἑαυτὸν

2364 3798 2735 3867 προσήνεγκεν
2775 3797 3004 3868 ἄμωμον
3041 3799 3119 3868 τῷ
3161 3800 3300 3870 Θεῷ,
3337 3800 3589 3872 καθαριεί
3615 3803 3717 3874 τὴν
3749 3806 3926 3856 συνεί-

2361 3888 2516 3958 δησιν
2559 3887 2717 3957 ἡμῶν
2761 3888 2868 3940 ἀπὸ
2910 3889 3118 3960 νεκρῶν
3162 3890 3357 3960 ἔργων,
3406 3893 3487 3956 είς
3531 3893 3593 3946 τὸ
3639 3892 3924 3965 λατρεύειν

2361 3977 2479 4046 Θεῷ
2526 3975 2724 4040 ζῶναι-ις
2767 3995 2784 4027 ι
2813 3978 2874 4029 Εἰ
2919 3979 2991 4048 μὴ
3021 3979 3152 4040 Θεὸς
3187 3980 3391 4050 ἀληθής
3424 3982 3572 4034 ἐστιν
3609 3985 3636 4035 ό
3675 3986 3924 4053 Χριστὸς,

2361 4063 2441 4127 τίς
2469 4066 2502 4134 ἡ
2523 4065 2704 4132 ὄνησις
2737 4067 2769 4134 ἡ
2799 4065 2885 4117 διὰ
2907 4065 3001 4118 τοῦ
3033 4068 3262 4136 αἵματος
3286 4070 3448 4121 αὑτοῦ
3471 4089 3486 4134 ;
3520 4072 3590 4122 Ἢ
3618 4071 3737 4135 πῶς
3769 4075 3926 4144 ήμῶν

2362 4154 2612 4228 καθαριεῖ
2651 4157 2748 4224 τὴν
2783 4156 3084 4225 συνείδησιν
3132 4159 3239 4212 ἀπὸ
3264 4160 3473 4231 νεκρῶν
3517 4162 3733 4232 ἔργωνς
3780 4161 3927 4234 Αἷμα

2359 4247 2466 4317 γὰρ
2501 4245 2787 4318 ἀνθρώπου
2815 4248 2991 4300 κοινοῦ
3024 4249 3078 4301 τί
3107 4250 3167 4302 τὸ
3193 4251 3350 4304 πλέον
3381 4253 3491 4322 ἔχει
3524 4255 3678 4324 παρά
3705 4255 3768 4307 τὸ
3793 4249 3928 4324 αἷμα

2361 4339 2466 4392 τῶν
2499 4341 2741 4410 τράγων;
2773 4340 2911 4392 Ἀλλ’
2934 4340 3085 4393 οὐδὲν
3111 4342 3267 4404 ὅλως,
3297 4344 3433 4414 πλὴν
3456 4347 3534 4397 ὃτι
3563 4347 3625 4398 τὸ
3658 4348 3757 4415 μέν
3783 4350 3927 4400 ἐστιν

2362 4430 2556 4496 ἀλόγου
2590 4429 2750 4495 ζώου,
2781 4431 2841 4482 τὸ
2879 4431 2933 4482 δε
2982 4432 3221 4499 λογικοῦ.
3263 4435 3478 4503 Ἐπειδὴ
3522 4436 3579 4488 δὲ
3619 4439 3647 4489 6
3687 4439 3752 4490 ἐκ
3796 4438 3926 4490 Θεοῦ

695 4535 833 4586 inter
870 4531 1012 4584 hunc
1037 4539 1091 4583 et
1120 4529 1265 4581 illum
1302 4528 1542 4592 interest,
1574 4527 1713 4594 quod
1748 4525 1834 4580 hic
1865 4525 1936 4580 sit
1964 4525 2254 4579 animantis

2364 4521 2498 4574 κατὰ
2531 4519 2714 4590 φύσιν,
2747 4521 2924 4590 σάρκα
2963 4521 3160 4586 λαὸὼν,
3213 4525 3406 4595 έθηκεν
3448 4527 3589 4597 ὑπὲρ
3623 4542 3842 4581 παντων
3872 4529 3928 4580 τὸ

694 4620 858 4684 bruti,
893 4620 980 4674 ille
1024 4634 1150 4673 vero
1193 4617 1484 4670 animantis
1529 4617 1739 4670 ratione
1787 4615 2018 4684 prmditi.
2055 4614 2252 4669 Verum

692 4711 820 4782 quia
872 4708 1134 4764 naturalis
1175 4707 1270 4761 Dei
1307 4706 1474 4760 Filius
1509 4720 1725 4760 carnem
1778 4705 2101 4774 assumpsit,
2133 4718 2258 4758 san-

694 4801 1019 4868 guinemque
1049 4812 1206 4853 suum
1245 4811 1343 4865 pro
1373 4795 1624 4849 omnibus
1650 4792 1907 4864 profudit,
1935 4793 2136 4847 factum
2176 4805 2258 4849 est

2369 4611 2498 4664 ῐδιον
2544 4607 2718 4682 αἷμα,
2764 4611 3020 4683 ταύτῃτοι
3053 4616 3147 4667 καλ⁸
3178 4616 3491 4686 καθαρίζειν
3535 4618 3759 4672 δύναται
3807 4621 3928 4681 τοὺς

2364 4703 2715 4766 πιστεύοντας
2743 4705 2821 4766 εἰς
2856 4705 3036 4766 αὑτὸν,
3068 4709 3162 4758 καὶ
3191 4709 3398 4777 νεκρῶν
3442 4708 3618 4780 ἔργων
3647 4711 3924 4764 ἀπαλλάτο

2363 4811 2497 4858 τειν,
2528 4794 2621 4847 καὶ
2654 4795 2950 4865 προσάγειν
2980 4798 3059 4859 είς
3088 4797 3342 4867 λατρείαν
3369 4798 3444 4868 τῷ
3470 4799 3608 4870 Θεῷ.

693 4893 804 4966 74,
836 4903 894 4946 ut
921 4894 1202 4947 credentes
1231 4893 1282 4946 in
1318 4891 1494 4960 ipsum
1523 4890 1700 4944 valeat
1732 4890 2045 4955 emundare,
2080 4903 2255 4958 exque
2294 4891 2526 4945 mortuis
2563 4890 2816 4960 operibus
2839 4890 3091 4948 liberatos
3155 4894 3338 4950 divino
3402 4896 3566 4950 cultui
3595 4898 3922 4978 mancipare,

696 4987 911 5054 Deoque
947 4982 1160 5038 oll‘erre.

771 5095 788 5126 ε
823 5076 1034 5130 lrritam
1065 5077 1184 5144 quis
1208 5073 1411 5128 faciens
1440 5073 1612 5142 legem
1644 5073 1833 5144 Moysi,
1864 5072 1981 5127 sine
2011 5072 2120 5126 ulla
2157 5072 2257 5125 mi-

696 5167 964 5232 seratione
986 5165 1189 5218 duobus
1213 5161 1297 5217 vel
1323 5163 1492 5217 tribus
1516 5162 1742 5216 testibus
1776 5162 2025 5214 moritur.
2048 5160 2259 5224 Quanto

698 5256 866 5322 magis
913 5254 1114 5323 putatis
1148 5251 1415 5307 deteriora
1455 5252 1647 5308 mereri
1693 5250 1988 5320 supplicia,
2037 5251 2127 5317 qui
2170 5248 2259 5303 Fi-

697 5345 823 5398 lium
869 5344 960 5398 Dei
1012 5342 1443 5405 conculcaverit,
1489 5349 1542 5395 ct
1585 5344 1903 5412 sanguinem
1949 5341 2254 5396 testamenti

2439 5088 2457 5121 ι
2496 5070 2789 5140 Ἀθετήσας
2817 5090 2900 5137 τις
2924 5074 3088 5144 νόμον
3113 5076 3409 5143 Μωῦσέως,
3438 5079 3607 5149 χωρὶς
3633 5081 3926 5151 οἰκτιρμῶν

2363 5162 2456 5214 ἐπὶ
2489 5163 2638 5214 δυσὶν
2668 5163 2700 5232 ἢ
2735 5167 2881 5233 τρισὶ
2916 5166 3180 5234 μάρτυσιν
3222 5167 3574 5238 ἀποθνήσκει.
3619 5171 3802 5241 Πόσῳ,
3843 5172 3917 5222 δον

2362 5255 2542 5317 κείτε,
2597 5256 2835 5324 χείρονος
2882 5255 3239 5327 ἀξιωθήσεται
3290 5260 3558 5329 τιμωρίας
3601 5264 3630 5314 6
3663 5263 3756 5314 τὸν
3807 5262 3924 5313 Υίον

2358 5344 2491 5396 Θεοῦ
2532 5347 2946 5414 καταπατήσας,
2991 5347 3171 5401 καὶτὸ
3205 5343 3344 5419 αἷμα
3390 5349 3491 5419 τῆς
3518 5350 3781 5424 διαθήκης
3815 5366 3919 5404 κοι-

769 5501 811 5531 ⁶³
840 5499 998 5554 llebr.
1029 5514 1068 5562 ι,
1108 5499 1161 5563 8,
1191 5498 1244 5553 9.
1322 5497 1365 5527 ⁸⁸
1391 5495 1553 5551 llebr.
1593 5512 1672 5562 Ill,
1706 5497 1791 5551 l2.
1865 5497 1911 5527 “
1944 5495 2105 5552 Hebr.
2133 5512 2205 5562 tx,
2249 5497 2334 5563 1'5,
2364 5497 2444 5550 Η.

1768 5654 1943 5710 Variae
1973 5656 2228 5713 lectiones
2255 5656 2453 5712 codicis
2489 5653 2838 5736 Seguieriani.

777 5791 794 5823 ί
824 5788 1070 5855 ἀνομίαν.
1147 5793 1172 5822 υ
1208 5784 1458 5851 ἀνομίαν.
