  <div class='ocr_page' id='page_1' title='image "/cluster/home/n/w/nwhite01/storage/ocr_20150623/76/uva.x030486937/636.png"; bbox 0 0 4086 6514; ppageno 0'>
   <div class='ocr_carea' id='block_1_1' title="bbox 156 446 290 498">
    <p class='ocr_par' dir='ltr' id='par_1_1' title="bbox 156 446 290 498">
     <span class='ocr_line' id='line_1_1' title="bbox 156 446 290 498; baseline 0.007 -1"><span class='ocrx_word' id='word_1_1' title='bbox 156 446 290 498; x_wconf 67' lang='grc' dir='ltr'>1Ξ53</span> 
     </span>
    </p>
   </div>
   <div class='ocr_carea' id='block_1_2' title="bbox 1237 446 2264 511">
    <p class='ocr_par' dir='ltr' id='par_1_2' title="bbox 1237 446 2264 511">
     <span class='ocr_line' id='line_1_2' title="bbox 1237 446 2264 511; baseline 0.011 -14"><span class='ocrx_word' id='word_1_2' title='bbox 1237 446 1323 498; x_wconf 68' lang='lat' dir='ltr'><strong>Dii</strong></span> <span class='ocrx_word' id='word_1_3' title='bbox 1362 449 1585 502; x_wconf 81' lang='lat' dir='ltr'><strong>llECTA</strong></span> <span class='ocrx_word' id='word_1_4' title='bbox 1627 451 1779 506; x_wconf 79' lang='lat' dir='ltr'><strong>FIDE</strong></span> <span class='ocrx_word' id='word_1_5' title='bbox 1820 454 1908 505; x_wconf 81' lang='lat' dir='ltr'><strong>AD</strong></span> <span class='ocrx_word' id='word_1_6' title='bbox 1948 455 2264 511; x_wconf 78' lang='lat' dir='ltr'><strong>RECINAS.</strong></span> 
     </span>
    </p>
   </div>
   <div class='ocr_carea' id='block_1_3' title="bbox 3223 464 3356 516">
    <p class='ocr_par' dir='ltr' id='par_1_3' title="bbox 3223 464 3356 516">
     <span class='ocr_line' id='line_1_3' title="bbox 3223 464 3356 516; baseline -0.008 0"><span class='ocrx_word' id='word_1_7' title='bbox 3223 464 3356 516; x_wconf 68' lang='lat'><strong>19.56</strong></span> 
     </span>
    </p>
   </div>
   <div class='ocr_carea' id='block_1_4' title="bbox 151 559 1711 636">
    <p class='ocr_par' dir='ltr' id='par_1_4' title="bbox 151 559 1706 634">
     <span class='ocr_line' id='line_1_4' title="bbox 151 559 1706 634; baseline 0.004 -21"><span class='ocrx_word' id='word_1_8' title='bbox 151 562 242 614; x_wconf 74' lang='grc' dir='ltr'><strong>νὺν</strong></span> <span class='ocrx_word' id='word_1_9' title='bbox 286 560 656 630; x_wconf 75' lang='grc' dir='ltr'><strong>ἡγησάμενος,</strong></span> <span class='ocrx_word' id='word_1_10' title='bbox 701 559 790 610; x_wconf 73' lang='grc' dir='ltr'><strong>καὶ</strong></span> <span class='ocrx_word' id='word_1_11' title='bbox 838 560 897 608; x_wconf 72' lang='grc' dir='ltr'>τὸ</span> <span class='ocrx_word' id='word_1_12' title='bbox 939 559 1158 628; x_wconf 80' lang='grc' dir='ltr'>Πνεῦμα</span> <span class='ocrx_word' id='word_1_13' title='bbox 1221 563 1317 629; x_wconf 82' lang='grc' dir='ltr'>τῆς</span> <span class='ocrx_word' id='word_1_14' title='bbox 1361 567 1577 634; x_wconf 79' lang='grc' dir='ltr'>χάριτος</span> <span class='ocrx_word' id='word_1_15' title='bbox 1622 570 1706 618; x_wconf 81' lang='grc' dir='ltr'><strong>ὲν-</strong></span> 
     </span>
    </p>
   </div>
   <div class='ocr_carea' id='block_1_5' title="bbox 1813 559 3361 636">
    <p class='ocr_par' dir='ltr' id='par_1_5' title="bbox 1813 568 3361 636">
     <span class='ocr_line' id='line_1_5' title="bbox 1813 568 3361 636; baseline 0.001 -18"><span class='ocrx_word' id='word_1_16' title='bbox 1813 569 2071 635; x_wconf 86' lang='lat' dir='ltr'><strong>pollutum</strong></span> <span class='ocrx_word' id='word_1_17' title='bbox 2102 571 2331 632; x_wconf 77' lang='lat' dir='ltr'><strong>duxerit,</strong></span> <span class='ocrx_word' id='word_1_18' title='bbox 2377 569 2425 620; x_wconf 90' lang='lat' dir='ltr'><strong>in</strong></span> <span class='ocrx_word' id='word_1_19' title='bbox 2452 581 2556 635; x_wconf 86' lang='lat' dir='ltr'><strong>quo</strong></span> <span class='ocrx_word' id='word_1_20' title='bbox 2586 568 2947 621; x_wconf 79' lang='lat' dir='ltr'><strong>sanctiﬁcatus</strong></span> <span class='ocrx_word' id='word_1_21' title='bbox 2987 576 3100 631; x_wconf 87' lang='lat' dir='ltr'><strong>est,</strong></span> <span class='ocrx_word' id='word_1_22' title='bbox 3150 578 3205 621; x_wconf 88' lang='lat' dir='ltr'><strong>et</strong></span> <span class='ocrx_word' id='word_1_23' title='bbox 3239 571 3361 636; x_wconf 81' lang='lat' dir='ltr'><strong>Spi-</strong></span> 
     </span>
    </p>
   </div>
   <div class='ocr_carea' id='block_1_6' title="bbox 153 642 1708 721">
    <p class='ocr_par' dir='ltr' id='par_1_6' title="bbox 153 642 1708 721">
     <span class='ocr_line' id='line_1_6' title="bbox 153 642 1708 721; baseline 0.001 -19"><span class='ocrx_word' id='word_1_24' title='bbox 153 650 371 721; x_wconf 74' lang='grc' dir='ltr'>υῦρίσας</span> <span class='ocrx_word' id='word_1_25' title='bbox 399 653 467 709; x_wconf 74' lang='grc' dir='ltr'><strong>α’,</strong></span> <span class='ocrx_word' id='word_1_26' title='bbox 500 652 557 701; x_wconf 79' lang='grc' dir='ltr'>ὲν</span> <span class='ocrx_word' id='word_1_27' title='bbox 587 642 630 713; x_wconf 78' lang='grc' dir='ltr'>ᾧ</span> <span class='ocrx_word' id='word_1_28' title='bbox 667 646 937 714; x_wconf 70' lang='grc' dir='ltr'>ἡγιάσθης</span> <span class='ocrx_word' id='word_1_29' title='bbox 964 668 980 697; x_wconf 73' lang='grc' dir='ltr'><strong>ι</strong></span> <span class='ocrx_word' id='word_1_30' title='bbox 1026 650 1082 701; x_wconf 85' lang='grc' dir='ltr'><strong>Ὀ</strong></span> <span class='ocrx_word' id='word_1_31' title='bbox 1109 650 1248 702; x_wconf 83' lang='grc' dir='ltr'>θεῖον</span> <span class='ocrx_word' id='word_1_32' title='bbox 1283 652 1506 721; x_wconf 73' lang='grc' dir='ltr'>ὑϐρίσας</span> <span class='ocrx_word' id='word_1_33' title='bbox 1528 655 1708 720; x_wconf 85' lang='grc' dir='ltr'>νόμον,</span> 
     </span>
    </p>
   </div>
   <div class='ocr_carea' id='block_1_7' title="bbox 152 735 1713 811">
    <p class='ocr_par' dir='ltr' id='par_1_7' title="bbox 152 735 1713 811">
     <span class='ocr_line' id='line_1_7' title="bbox 152 735 1713 811; baseline -0.001 -17"><span class='ocrx_word' id='word_1_34' title='bbox 152 743 313 811; x_wconf 65' lang='grc' dir='ltr'>ἤγουν</span> <span class='ocrx_word' id='word_1_35' title='bbox 357 739 647 806; x_wconf 75' lang='grc' dir='ltr'>ἀθετήσας.</span> <span class='ocrx_word' id='word_1_36' title='bbox 692 737 790 787; x_wconf 74' lang='grc' dir='ltr'><strong>οὐκ</strong></span> <span class='ocrx_word' id='word_1_37' title='bbox 839 735 949 788; x_wconf 80' lang='grc' dir='ltr'>ἴσον</span> <span class='ocrx_word' id='word_1_38' title='bbox 993 740 1103 807; x_wconf 77' lang='grc' dir='ltr'>ἔχει</span> <span class='ocrx_word' id='word_1_39' title='bbox 1139 741 1199 792; x_wconf 84' lang='grc' dir='ltr'>τὺ</span> <span class='ocrx_word' id='word_1_40' title='bbox 1234 742 1482 810; x_wconf 79' lang='grc' dir='ltr'>ἔγκλημα</span> <span class='ocrx_word' id='word_1_41' title='bbox 1528 742 1604 809; x_wconf 80' lang='grc' dir='ltr'><strong>τῷ</strong></span> <span class='ocrx_word' id='word_1_42' title='bbox 1636 745 1713 804; x_wconf 83' lang='grc' dir='ltr'>εἰς</span> 
     </span>
    </p>
   </div>
   <div class='ocr_carea' id='block_1_8' title="bbox 149 826 1714 900">
    <p class='ocr_par' dir='ltr' id='par_1_8' title="bbox 149 826 1714 900">
     <span class='ocr_line' id='line_1_8' title="bbox 149 826 1714 900; baseline -0.003 -15"><span class='ocrx_word' id='word_1_43' title='bbox 149 832 427 900; x_wconf 79' lang='grc' dir='ltr'>ἄνθρωπον</span> <span class='ocrx_word' id='word_1_44' title='bbox 453 826 819 896; x_wconf 76' lang='grc' dir='ltr'><strong>ἡμαρτηκότι,</strong></span> <span class='ocrx_word' id='word_1_45' title='bbox 848 828 983 882; x_wconf 82' lang='grc' dir='ltr'>ἀλλὰ</span> <span class='ocrx_word' id='word_1_46' title='bbox 1011 831 1143 884; x_wconf 76' lang='grc' dir='ltr'>πολὺ</span> <span class='ocrx_word' id='word_1_47' title='bbox 1166 831 1589 900; x_wconf 77' lang='grc' dir='ltr'>φορτικώτερον·</span> <span class='ocrx_word' id='word_1_48' title='bbox 1621 832 1714 881; x_wconf 69' lang='grc' dir='ltr'><strong>καὶ</strong></span> 
     </span>
    </p>
   </div>
   <div class='ocr_carea' id='block_1_9' title="bbox 149 919 1716 990">
    <p class='ocr_par' dir='ltr' id='par_1_9' title="bbox 149 919 1716 990">
     <span class='ocr_line' id='line_1_9' title="bbox 149 919 1716 990; baseline -0.002 -17"><span class='ocrx_word' id='word_1_49' title='bbox 149 921 276 988; x_wconf 82' lang='grc' dir='ltr'>γοῦν</span> <span class='ocrx_word' id='word_1_50' title='bbox 307 922 335 971; x_wconf 89' lang='lat'><strong>6</strong></span> <span class='ocrx_word' id='word_1_51' title='bbox 371 919 467 988; x_wconf 78' lang='grc' dir='ltr'>μὲν</span> <span class='ocrx_word' id='word_1_52' title='bbox 505 919 665 987; x_wconf 83' lang='grc' dir='ltr'>νόμον</span> <span class='ocrx_word' id='word_1_53' title='bbox 701 920 1122 990; x_wconf 77' lang='grc' dir='ltr'>παραϐεϐηκὼς,</span> <span class='ocrx_word' id='word_1_54' title='bbox 1157 922 1261 973; x_wconf 79' lang='grc' dir='ltr'><strong>ὑπὸ</strong></span> <span class='ocrx_word' id='word_1_55' title='bbox 1292 921 1389 989; x_wconf 82' lang='grc' dir='ltr'><strong>τὴν</strong></span> <span class='ocrx_word' id='word_1_56' title='bbox 1428 919 1522 970; x_wconf 88' lang='grc' dir='ltr'><strong>τοῦ</strong></span> <span class='ocrx_word' id='word_1_57' title='bbox 1555 919 1716 971; x_wconf 83' lang='grc' dir='ltr'>θανά-</span> 
     </span>
    </p>
   </div>
   <div class='ocr_carea' id='block_1_10' title="bbox 148 1008 1716 1080">
    <p class='ocr_par' dir='ltr' id='par_1_10' title="bbox 148 1008 1716 1080">
     <span class='ocr_line' id='line_1_10' title="bbox 148 1008 1716 1080; baseline -0.004 -15"><span class='ocrx_word' id='word_1_58' title='bbox 148 1030 240 1063; x_wconf 84' lang='grc' dir='ltr'><strong>του</strong></span> <span class='ocrx_word' id='word_1_59' title='bbox 275 1011 524 1061; x_wconf 81' lang='grc' dir='ltr'>πέπτωκε</span> <span class='ocrx_word' id='word_1_60' title='bbox 573 1008 755 1080; x_wconf 82' lang='grc' dir='ltr'>δίκην·</span> <span class='ocrx_word' id='word_1_61' title='bbox 787 1014 815 1064; x_wconf 87' lang='lat'><strong>6</strong></span> <span class='ocrx_word' id='word_1_62' title='bbox 843 1011 899 1064; x_wconf 82' lang='grc' dir='ltr'><strong>δὲ</strong></span> <span class='ocrx_word' id='word_1_63' title='bbox 939 1013 1019 1074; x_wconf 87' lang='grc' dir='ltr'>εἰς</span> <span class='ocrx_word' id='word_1_64' title='bbox 1062 1011 1349 1078; x_wconf 82' lang='grc' dir='ltr'>ἄνθρωπον</span> <span class='ocrx_word' id='word_1_65' title='bbox 1389 1009 1716 1078; x_wconf 86' lang='grc' dir='ltr'>πεπλημμε-</span> 
     </span>
    </p>
   </div>
   <div class='ocr_carea' id='block_1_11' title="bbox 149 1095 1714 1170">
    <p class='ocr_par' dir='ltr' id='par_1_11' title="bbox 149 1095 1714 1170">
     <span class='ocr_line' id='line_1_11' title="bbox 149 1095 1714 1170; baseline -0.002 -18"><span class='ocrx_word' id='word_1_66' title='bbox 149 1098 326 1170; x_wconf 79' lang='grc' dir='ltr'>ληκὼς</span> <span class='ocrx_word' id='word_1_67' title='bbox 356 1100 437 1168; x_wconf 85' lang='grc' dir='ltr'><strong>εῐη</strong></span> <span class='ocrx_word' id='word_1_68' title='bbox 467 1099 532 1151; x_wconf 77' lang='grc' dir='ltr'><strong>ἂν</strong></span> <span class='ocrx_word' id='word_1_69' title='bbox 560 1101 653 1153; x_wconf 62' lang='grc' dir='ltr'><strong>κα)⁸</strong></span> <span class='ocrx_word' id='word_1_70' title='bbox 684 1101 1009 1170; x_wconf 82' lang='grc' dir='ltr'><strong>συγγνώμης</strong></span> <span class='ocrx_word' id='word_1_71' title='bbox 1040 1100 1209 1165; x_wconf 79' lang='grc' dir='ltr'>ἄξιος.</span> <span class='ocrx_word' id='word_1_72' title='bbox 1238 1100 1359 1162; x_wconf 87' lang='grc' dir='ltr'><strong>Πῶς</strong></span> <span class='ocrx_word' id='word_1_73' title='bbox 1392 1095 1482 1152; x_wconf 86' lang='grc' dir='ltr'><strong>οῦν</strong></span> <span class='ocrx_word' id='word_1_74' title='bbox 1513 1101 1569 1151; x_wconf 81' lang='grc' dir='ltr'>ἐν</span> <span class='ocrx_word' id='word_1_75' title='bbox 1601 1098 1714 1169; x_wconf 84' lang='grc' dir='ltr'>χεί-</span> 
     </span>
    </p>
   </div>
   <div class='ocr_carea' id='block_1_12' title="bbox 131 1184 1712 1260">
    <p class='ocr_par' dir='ltr' id='par_1_12' title="bbox 131 1184 1712 1260">
     <span class='ocr_line' id='line_1_12' title="bbox 131 1184 1712 1260; baseline -0.004 -19"><span class='ocrx_word' id='word_1_76' title='bbox 131 1207 264 1260; x_wconf 80' lang='grc' dir='ltr'>.ρονι</span> <span class='ocrx_word' id='word_1_77' title='bbox 288 1187 408 1258; x_wconf 83' lang='grc' dir='ltr'>δίκῃ</span> <span class='ocrx_word' id='word_1_78' title='bbox 445 1187 537 1240; x_wconf 90' lang='grc' dir='ltr'><strong>τοῦ</strong></span> <span class='ocrx_word' id='word_1_79' title='bbox 565 1188 1009 1258; x_wconf 81' lang='grc' dir='ltr'>πλημμελοῦντος</span> <span class='ocrx_word' id='word_1_80' title='bbox 1035 1189 1114 1249; x_wconf 81' lang='grc' dir='ltr'><strong>εἰς</strong></span> <span class='ocrx_word' id='word_1_81' title='bbox 1143 1187 1234 1238; x_wconf 83' lang='grc' dir='ltr'><strong>τὸν</strong></span> <span class='ocrx_word' id='word_1_82' title='bbox 1259 1185 1501 1247; x_wconf 81' lang='grc' dir='ltr'><strong>Μωσέως</strong></span> <span class='ocrx_word' id='word_1_83' title='bbox 1528 1184 1712 1254; x_wconf 88' lang='grc' dir='ltr'>νόμον,</span> 
     </span>
    </p>
   </div>
   <div class='ocr_carea' id='block_1_13' title="bbox 148 1270 1716 1349">
    <p class='ocr_par' dir='ltr' id='par_1_13' title="bbox 148 1270 1716 1349">
     <span class='ocr_line' id='line_1_13' title="bbox 148 1270 1716 1349; baseline -0.002 -16"><span class='ocrx_word' id='word_1_84' title='bbox 148 1283 177 1333; x_wconf 73' lang='grc' dir='ltr'><strong>ι</strong></span> <span class='ocrx_word' id='word_1_85' title='bbox 227 1279 395 1332; x_wconf 77' lang='grc' dir='ltr'>κοινὸν</span> <span class='ocrx_word' id='word_1_86' title='bbox 440 1281 788 1349; x_wconf 75' lang='grc' dir='ltr'><strong>ἡγησάμενος</strong></span> <span class='ocrx_word' id='word_1_87' title='bbox 825 1278 885 1329; x_wconf 86' lang='grc' dir='ltr'>τὸ</span> <span class='ocrx_word' id='word_1_88' title='bbox 934 1270 1075 1346; x_wconf 77' lang='grc' dir='ltr'>αἷμα</span> <span class='ocrx_word' id='word_1_89' title='bbox 1104 1276 1198 1329; x_wconf 84' lang='grc' dir='ltr'><strong>τοῦ</strong></span> <span class='ocrx_word' id='word_1_90' title='bbox 1233 1276 1502 1348; x_wconf 86' lang='grc' dir='ltr'>Χριστοῦ;</span> <span class='ocrx_word' id='word_1_91' title='bbox 1555 1277 1716 1330; x_wconf 84' lang='grc' dir='ltr'>Ἀλλά</span> 
     </span>
    </p>
   </div>
   <div class='ocr_carea' id='block_1_14' title="bbox 152 1367 1714 1442">
    <p class='ocr_par' dir='ltr' id='par_1_14' title="bbox 152 1367 1714 1442">
     <span class='ocr_line' id='line_1_14' title="bbox 152 1367 1714 1442; baseline -0.002 -20"><span class='ocrx_word' id='word_1_92' title='bbox 152 1372 257 1440; x_wconf 83' lang='grc' dir='ltr'>μὴν</span> <span class='ocrx_word' id='word_1_93' title='bbox 279 1373 334 1424; x_wconf 80' lang='grc' dir='ltr'>ὲν</span> <span class='ocrx_word' id='word_1_94' title='bbox 359 1371 582 1442; x_wconf 81' lang='grc' dir='ltr'>χείρονι,</span> <span class='ocrx_word' id='word_1_95' title='bbox 611 1370 703 1422; x_wconf 70' lang='grc' dir='ltr'>καὶ</span> <span class='ocrx_word' id='word_1_96' title='bbox 748 1367 950 1437; x_wconf 65' lang='grc' dir='ltr'>σφόδρα</span> <span class='ocrx_word' id='word_1_97' title='bbox 976 1368 1219 1430; x_wconf 80' lang='grc' dir='ltr'><strong>εἰκότως.</strong></span> <span class='ocrx_word' id='word_1_98' title='bbox 1261 1369 1372 1420; x_wconf 79' lang='grc' dir='ltr'>Οὐκ</span> <span class='ocrx_word' id='word_1_99' title='bbox 1405 1367 1510 1436; x_wconf 84' lang='grc' dir='ltr'><strong>ἀρα</strong></span> <span class='ocrx_word' id='word_1_100' title='bbox 1535 1367 1714 1420; x_wconf 79' lang='grc' dir='ltr'>κοινὸν</span> 
     </span>
    </p>
   </div>
   <div class='ocr_carea' id='block_1_15' title="bbox 147 1452 1713 1530">
    <p class='ocr_par' dir='ltr' id='par_1_15' title="bbox 147 1452 1713 1530">
     <span class='ocr_line' id='line_1_15' title="bbox 147 1452 1713 1530; baseline -0.003 -18"><span class='ocrx_word' id='word_1_101' title='bbox 147 1461 212 1512; x_wconf 81' lang='grc' dir='ltr'><strong>τὸ</strong></span> <span class='ocrx_word' id='word_1_102' title='bbox 243 1456 380 1530; x_wconf 73' lang='grc' dir='ltr'>αἷμα</span> <span class='ocrx_word' id='word_1_103' title='bbox 414 1459 508 1512; x_wconf 90' lang='grc' dir='ltr'><strong>τοῦ</strong></span> <span class='ocrx_word' id='word_1_104' title='bbox 542 1454 810 1528; x_wconf 82' lang='grc' dir='ltr'><strong>Χριστοῦ·</strong></span> <span class='ocrx_word' id='word_1_105' title='bbox 844 1454 973 1518; x_wconf 80' lang='grc' dir='ltr'>Θεὸς</span> <span class='ocrx_word' id='word_1_106' title='bbox 1005 1455 1112 1526; x_wconf 85' lang='grc' dir='ltr'>γὰρ</span> <span class='ocrx_word' id='word_1_107' title='bbox 1139 1452 1207 1527; x_wconf 80' lang='grc' dir='ltr'>ἦν</span> <span class='ocrx_word' id='word_1_108' title='bbox 1233 1459 1259 1510; x_wconf 92' lang='lat'><strong>6</strong></span> <span class='ocrx_word' id='word_1_109' title='bbox 1285 1457 1454 1524; x_wconf 86' lang='grc' dir='ltr'>Λόγος</span> <span class='ocrx_word' id='word_1_110' title='bbox 1486 1456 1713 1526; x_wconf 78' lang='grc' dir='ltr'>γενόμεο</span> 
     </span>
    </p>
   </div>
   <div class='ocr_carea' id='block_1_16' title="bbox 147 1550 429 1620">
    <p class='ocr_par' dir='ltr' id='par_1_16' title="bbox 147 1550 429 1620">
     <span class='ocr_line' id='line_1_16' title="bbox 147 1550 429 1620; baseline -0.007 -14"><span class='ocrx_word' id='word_1_111' title='bbox 147 1569 238 1616; x_wconf 88' lang='grc' dir='ltr'><strong>νος</strong></span> <span class='ocrx_word' id='word_1_112' title='bbox 277 1550 429 1620; x_wconf 75' lang='grc' dir='ltr'>σάρξ.</span> 
     </span>
    </p>
   </div>
   <div class='ocr_carea' id='block_1_17' title="bbox 225 1823 1714 1896">
    <p class='ocr_par' dir='ltr' id='par_1_17' title="bbox 225 1823 1714 1896">
     <span class='ocr_line' id='line_1_17' title="bbox 225 1823 1714 1896; baseline 0 -19"><span class='ocrx_word' id='word_1_113' title='bbox 225 1843 243 1877; x_wconf 83' lang='grc'><strong>‹</strong></span> <span class='ocrx_word' id='word_1_114' title='bbox 278 1825 510 1878; x_wconf 76' lang='grc' dir='ltr'>Βλέπετε</span> <span class='ocrx_word' id='word_1_115' title='bbox 543 1825 617 1896; x_wconf 82' lang='grc' dir='ltr'>μὴ</span> <span class='ocrx_word' id='word_1_116' title='bbox 650 1823 1059 1896; x_wconf 77' lang='grc' dir='ltr'>παραιτήσησθε</span> <span class='ocrx_word' id='word_1_117' title='bbox 1089 1823 1178 1877; x_wconf 83' lang='grc' dir='ltr'><strong>τὸν</strong></span> <span class='ocrx_word' id='word_1_118' title='bbox 1209 1823 1490 1877; x_wconf 88' lang='grc' dir='ltr'>λαλοῦντα.</span> <span class='ocrx_word' id='word_1_119' title='bbox 1516 1825 1578 1876; x_wconf 80' lang='grc' dir='ltr'><strong>Εἰ</strong></span> <span class='ocrx_word' id='word_1_120' title='bbox 1607 1825 1714 1894; x_wconf 80' lang='grc' dir='ltr'>γὰρ</span> 
     </span>
    </p>
   </div>
   <div class='ocr_carea' id='block_1_18' title="bbox 1814 657 3359 726">
    <p class='ocr_par' dir='ltr' id='par_1_18' title="bbox 1814 657 3359 726">
     <span class='ocr_line' id='line_1_18' title="bbox 1814 657 3359 726; baseline 0.001 -18"><span class='ocrx_word' id='word_1_121' title='bbox 1814 661 1933 709; x_wconf 87' lang='lat' dir='ltr'><strong>ritui</strong></span> <span class='ocrx_word' id='word_1_122' title='bbox 1963 660 2144 726; x_wconf 76' lang='lat' dir='ltr'><strong>gralize</strong></span> <span class='ocrx_word' id='word_1_123' title='bbox 2173 660 2549 712; x_wconf 72' lang='lat' dir='ltr'><strong>contumeliam</strong></span> <span class='ocrx_word' id='word_1_124' title='bbox 2581 657 2765 709; x_wconf 79' lang='lat' dir='ltr'><strong>iecerit</strong></span> <span class='ocrx_word' id='word_1_125' title='bbox 2789 657 2865 708; x_wconf 80' lang='lat'><strong>“?</strong></span> <span class='ocrx_word' id='word_1_126' title='bbox 2898 676 2915 709; x_wconf 76' lang='grc' dir='ltr'><strong>ι</strong></span> <span class='ocrx_word' id='word_1_127' title='bbox 2953 658 3007 710; x_wconf 87' lang='lat' dir='ltr'><strong>Si</strong></span> <span class='ocrx_word' id='word_1_128' title='bbox 3036 659 3229 710; x_wconf 72' lang='lat' dir='ltr'><strong>divinae</strong></span> <span class='ocrx_word' id='word_1_129' title='bbox 3257 659 3359 725; x_wconf 80' lang='lat' dir='ltr'><strong>legi</strong></span> 
     </span>
    </p>
   </div>
   <div class='ocr_carea' id='block_1_19' title="bbox 1814 746 3364 814">
    <p class='ocr_par' dir='ltr' id='par_1_19' title="bbox 1814 746 3364 814">
     <span class='ocr_line' id='line_1_19' title="bbox 1814 746 3364 814; baseline -0.001 -15"><span class='ocrx_word' id='word_1_130' title='bbox 1814 747 2194 799; x_wconf 79' lang='lat' dir='ltr'><strong>cantumeliam</strong></span> <span class='ocrx_word' id='word_1_131' title='bbox 2225 748 2444 814; x_wconf 78' lang='lat' dir='ltr'><strong>faciens,</strong></span> <span class='ocrx_word' id='word_1_132' title='bbox 2477 746 2787 800; x_wconf 88' lang='lat' dir='ltr'><strong>eamdemve</strong></span> <span class='ocrx_word' id='word_1_133' title='bbox 2813 748 3232 814; x_wconf 73' lang='lat' dir='ltr'><strong>transgrediens,</strong></span> <span class='ocrx_word' id='word_1_134' title='bbox 3260 762 3364 798; x_wconf 89' lang='lat' dir='ltr'><strong>non</strong></span> 
     </span>
    </p>
   </div>
   <div class='ocr_carea' id='block_1_20' title="bbox 1814 833 3368 904">
    <p class='ocr_par' dir='ltr' id='par_1_20' title="bbox 1814 833 3368 904">
     <span class='ocr_line' id='line_1_20' title="bbox 1814 833 3368 904; baseline 0.005 -22"><span class='ocrx_word' id='word_1_135' title='bbox 1814 833 1926 900; x_wconf 85' lang='lat' dir='ltr'><strong>pari</strong></span> <span class='ocrx_word' id='word_1_136' title='bbox 1955 848 2074 885; x_wconf 91' lang='lat' dir='ltr'><strong>cum</strong></span> <span class='ocrx_word' id='word_1_137' title='bbox 2107 848 2170 885; x_wconf 88' lang='lat' dir='ltr'><strong>eo</strong></span> <span class='ocrx_word' id='word_1_138' title='bbox 2197 845 2402 887; x_wconf 90' lang='lat' dir='ltr'><strong>tenetur</strong></span> <span class='ocrx_word' id='word_1_139' title='bbox 2430 836 2675 896; x_wconf 85' lang='lat' dir='ltr'><strong>crimine,</strong></span> <span class='ocrx_word' id='word_1_140' title='bbox 2711 833 2798 900; x_wconf 91' lang='lat' dir='ltr'><strong>qui</strong></span> <span class='ocrx_word' id='word_1_141' title='bbox 2847 835 2900 886; x_wconf 92' lang='lat' dir='ltr'><strong>in</strong></span> <span class='ocrx_word' id='word_1_142' title='bbox 2941 837 3210 888; x_wconf 84' lang='lat' dir='ltr'><strong>hominem</strong></span> <span class='ocrx_word' id='word_1_143' title='bbox 3243 851 3368 904; x_wconf 91' lang='lat' dir='ltr'><strong>pec-</strong></span> 
     </span>
    </p>
   </div>
   <div class='ocr_carea' id='block_1_21' title="bbox 1815 922 3368 992">
    <p class='ocr_par' dir='ltr' id='par_1_21' title="bbox 1815 922 3368 992">
     <span class='ocr_line' id='line_1_21' title="bbox 1815 922 3368 992; baseline 0 -17"><span class='ocrx_word' id='word_1_144' title='bbox 1815 923 2040 984; x_wconf 88' lang='lat' dir='ltr'><strong>caverit,</strong></span> <span class='ocrx_word' id='word_1_145' title='bbox 2094 923 2186 974; x_wconf 87' lang='lat' dir='ltr'><strong>sed</strong></span> <span class='ocrx_word' id='word_1_146' title='bbox 2232 922 2386 991; x_wconf 89' lang='lat' dir='ltr'><strong>longe</strong></span> <span class='ocrx_word' id='word_1_147' title='bbox 2433 924 2662 992; x_wconf 79' lang='lat' dir='ltr'><strong>graviori</strong></span> <span class='ocrx_word' id='word_1_148' title='bbox 2719 922 3009 990; x_wconf 82' lang='lat' dir='ltr'><strong>(siquidem</strong></span> <span class='ocrx_word' id='word_1_149' title='bbox 3059 925 3148 988; x_wconf 85' lang='lat' dir='ltr'><strong>qui</strong></span> <span class='ocrx_word' id='word_1_150' title='bbox 3198 925 3368 992; x_wconf 84' lang='lat' dir='ltr'><strong>legem</strong></span> 
     </span>
    </p>
   </div>
   <div class='ocr_carea' id='block_1_22' title="bbox 1817 1008 3370 1078">
    <p class='ocr_par' dir='ltr' id='par_1_22' title="bbox 1817 1008 3370 1078">
     <span class='ocr_line' id='line_1_22' title="bbox 1817 1008 3370 1078; baseline 0.001 -16"><span class='ocrx_word' id='word_1_151' title='bbox 1817 1009 2093 1072; x_wconf 81' lang='lat' dir='ltr'><strong>violasset,</strong></span> <span class='ocrx_word' id='word_1_152' title='bbox 2129 1008 2318 1061; x_wconf 88' lang='lat' dir='ltr'><strong>mortis</strong></span> <span class='ocrx_word' id='word_1_153' title='bbox 2359 1011 2619 1078; x_wconf 88' lang='lat' dir='ltr'><strong>supplicio</strong></span> <span class='ocrx_word' id='word_1_154' title='bbox 2667 1010 3019 1074; x_wconf 70' lang='lat' dir='ltr'><strong>multabatur;</strong></span> <span class='ocrx_word' id='word_1_155' title='bbox 3051 1009 3141 1077; x_wconf 89' lang='lat' dir='ltr'><strong>qui</strong></span> <span class='ocrx_word' id='word_1_156' title='bbox 3192 1021 3370 1064; x_wconf 87' lang='lat' dir='ltr'><strong>autem</strong></span> 
     </span>
    </p>
   </div>
   <div class='ocr_carea' id='block_1_23' title="bbox 1818 1097 3376 1166">
    <p class='ocr_par' dir='ltr' id='par_1_23' title="bbox 1818 1097 3376 1166">
     <span class='ocr_line' id='line_1_23' title="bbox 1818 1097 3376 1166; baseline -0.001 -14"><span class='ocrx_word' id='word_1_157' title='bbox 1818 1101 1870 1152; x_wconf 91' lang='lat' dir='ltr'><strong>in</strong></span> <span class='ocrx_word' id='word_1_158' title='bbox 1900 1099 2171 1152; x_wconf 83' lang='lat' dir='ltr'><strong>hominem</strong></span> <span class='ocrx_word' id='word_1_159' title='bbox 2217 1097 2475 1164; x_wconf 86' lang='lat' dir='ltr'><strong>deliquit,</strong></span> <span class='ocrx_word' id='word_1_160' title='bbox 2522 1099 2730 1150; x_wconf 81' lang='lat' dir='ltr'><strong>veniam</strong></span> <span class='ocrx_word' id='word_1_161' title='bbox 2777 1098 3043 1151; x_wconf 87' lang='lat' dir='ltr'><strong>interdum</strong></span> <span class='ocrx_word' id='word_1_162' title='bbox 3092 1100 3376 1166; x_wconf 85' lang='lat' dir='ltr'><strong>consequi-</strong></span> 
     </span>
    </p>
   </div>
   <div class='ocr_carea' id='block_1_24' title="bbox 1821 1185 3374 1257">
    <p class='ocr_par' dir='ltr' id='par_1_24' title="bbox 1821 1185 3374 1257">
     <span class='ocr_line' id='line_1_24' title="bbox 1821 1185 3374 1257; baseline -0.005 -13"><span class='ocrx_word' id='word_1_163' title='bbox 1821 1191 1929 1256; x_wconf 90' lang='lat' dir='ltr'><strong>tur)</strong></span> <span class='ocrx_word' id='word_1_164' title='bbox 1959 1208 1971 1243; x_wconf 89' lang='lat'>:</span> <span class='ocrx_word' id='word_1_165' title='bbox 2005 1187 2273 1257; x_wconf 91' lang='lat' dir='ltr'><strong>quomodo</strong></span> <span class='ocrx_word' id='word_1_166' title='bbox 2302 1187 2462 1255; x_wconf 86' lang='lat' dir='ltr'><strong>igitur</strong></span> <span class='ocrx_word' id='word_1_167' title='bbox 2493 1185 2676 1252; x_wconf 87' lang='lat' dir='ltr'><strong>majori</strong></span> <span class='ocrx_word' id='word_1_168' title='bbox 2703 1199 2855 1252; x_wconf 76' lang='lat' dir='ltr'><strong>poma</strong></span> <span class='ocrx_word' id='word_1_169' title='bbox 2883 1187 3073 1254; x_wconf 79' lang='lat' dir='ltr'><strong>dignus</strong></span> <span class='ocrx_word' id='word_1_170' title='bbox 3105 1196 3374 1248; x_wconf 78' lang='lat' dir='ltr'><strong>censetur,</strong></span> 
     </span>
    </p>
   </div>
   <div class='ocr_carea' id='block_1_25' title="bbox 1815 1275 3376 1350">
    <p class='ocr_par' dir='ltr' id='par_1_25' title="bbox 1815 1275 3376 1350">
     <span class='ocr_line' id='line_1_25' title="bbox 1815 1275 3376 1350; baseline -0.004 -16"><span class='ocrx_word' id='word_1_171' title='bbox 1815 1281 1905 1350; x_wconf 85' lang='lat' dir='ltr'><strong>qui</strong></span> <span class='ocrx_word' id='word_1_172' title='bbox 1933 1279 2136 1335; x_wconf 89' lang='lat' dir='ltr'><strong>Christi</strong></span> <span class='ocrx_word' id='word_1_173' title='bbox 2178 1278 2493 1347; x_wconf 82' lang='lat' dir='ltr'><strong>sanguinem</strong></span> <span class='ocrx_word' id='word_1_174' title='bbox 2546 1275 2801 1343; x_wconf 82' lang='lat' dir='ltr'><strong>pollutum</strong></span> <span class='ocrx_word' id='word_1_175' title='bbox 2844 1275 3077 1336; x_wconf 83' lang='lat' dir='ltr'><strong>duxerit,</strong></span> <span class='ocrx_word' id='word_1_176' title='bbox 3105 1290 3168 1328; x_wconf 90' lang='lat' dir='ltr'><strong>eo</strong></span> <span class='ocrx_word' id='word_1_177' title='bbox 3198 1276 3286 1343; x_wconf 92' lang='lat' dir='ltr'><strong>qui</strong></span> <span class='ocrx_word' id='word_1_178' title='bbox 3325 1276 3376 1328; x_wconf 91' lang='lat' dir='ltr'><strong>in</strong></span> 
     </span>
    </p>
   </div>
   <div class='ocr_carea' id='block_1_26' title="bbox 1815 1365 3377 1438">
    <p class='ocr_par' dir='ltr' id='par_1_26' title="bbox 1815 1365 3377 1438">
     <span class='ocr_line' id='line_1_26' title="bbox 1815 1365 3377 1438; baseline -0.004 -12"><span class='ocrx_word' id='word_1_179' title='bbox 1815 1371 2102 1426; x_wconf 78' lang='lat' dir='ltr'><strong>Mosaicam</strong></span> <span class='ocrx_word' id='word_1_180' title='bbox 2147 1371 2316 1437; x_wconf 81' lang='lat' dir='ltr'><strong>legem</strong></span> <span class='ocrx_word' id='word_1_181' title='bbox 2363 1377 2640 1438; x_wconf 89' lang='lat' dir='ltr'><strong>peccatum</strong></span> <span class='ocrx_word' id='word_1_182' title='bbox 2693 1365 3010 1419; x_wconf 84' lang='lat' dir='ltr'><strong>admiserit?</strong></span> <span class='ocrx_word' id='word_1_183' title='bbox 3043 1367 3201 1435; x_wconf 81' lang='lat' dir='ltr'><strong>Atqui</strong></span> <span class='ocrx_word' id='word_1_184' title='bbox 3253 1382 3377 1436; x_wconf 84' lang='lat' dir='ltr'><strong>gra-</strong></span> 
     </span>
    </p>
   </div>
   <div class='ocr_carea' id='block_1_27' title="bbox 1815 1455 3379 1522">
    <p class='ocr_par' dir='ltr' id='par_1_27' title="bbox 1815 1455 3379 1522">
     <span class='ocr_line' id='line_1_27' title="bbox 1815 1455 3379 1522; baseline -0.003 -6"><span class='ocrx_word' id='word_1_185' title='bbox 1815 1464 2020 1516; x_wconf 90' lang='lat' dir='ltr'><strong>viorem</strong></span> <span class='ocrx_word' id='word_1_186' title='bbox 2056 1461 2190 1515; x_wconf 90' lang='lat' dir='ltr'><strong>citra</strong></span> <span class='ocrx_word' id='word_1_187' title='bbox 2229 1460 2386 1512; x_wconf 90' lang='lat' dir='ltr'><strong>ullam</strong></span> <span class='ocrx_word' id='word_1_188' title='bbox 2419 1455 2838 1511; x_wconf 83' lang='lat' dir='ltr'><strong>controversiam</strong></span> <span class='ocrx_word' id='word_1_189' title='bbox 2878 1467 3235 1522; x_wconf 86' lang='lat' dir='ltr'><strong>promeretur.</strong></span> <span class='ocrx_word' id='word_1_190' title='bbox 3272 1457 3379 1512; x_wconf 90' lang='lat' dir='ltr'><strong>Cur</strong></span> 
     </span>
    </p>
   </div>
   <div class='ocr_carea' id='block_1_28' title="bbox 1817 1546 3376 1621">
    <p class='ocr_par' dir='ltr' id='par_1_28' title="bbox 1817 1546 3376 1621">
     <span class='ocr_line' id='line_1_28' title="bbox 1817 1546 3376 1621; baseline -0.001 -13"><span class='ocrx_word' id='word_1_191' title='bbox 1817 1553 1933 1608; x_wconf 82' lang='lat' dir='ltr'><strong>ita?</strong></span> <span class='ocrx_word' id='word_1_192' title='bbox 1959 1552 2082 1621; x_wconf 84' lang='lat' dir='ltr'><strong>quia</strong></span> <span class='ocrx_word' id='word_1_193' title='bbox 2121 1550 2325 1605; x_wconf 87' lang='lat' dir='ltr'><strong>Christi</strong></span> <span class='ocrx_word' id='word_1_194' title='bbox 2357 1549 2574 1615; x_wconf 81' lang='lat' dir='ltr'><strong>sanguis</strong></span> <span class='ocrx_word' id='word_1_195' title='bbox 2602 1562 2705 1600; x_wconf 91' lang='lat' dir='ltr'><strong>non</strong></span> <span class='ocrx_word' id='word_1_196' title='bbox 2739 1546 2976 1616; x_wconf 82' lang='lat' dir='ltr'><strong>vulgaris</strong></span> <span class='ocrx_word' id='word_1_197' title='bbox 3005 1551 3376 1606; x_wconf 78' lang='lat' dir='ltr'><strong>communisve</strong></span> 
     </span>
    </p>
   </div>
   <div class='ocr_carea' id='block_1_29' title="bbox 1817 1637 3379 1711">
    <p class='ocr_par' dir='ltr' id='par_1_29' title="bbox 1817 1637 3379 1711">
     <span class='ocr_line' id='line_1_29' title="bbox 1817 1637 3379 1711; baseline -0.003 -11"><span class='ocrx_word' id='word_1_198' title='bbox 1817 1644 2052 1700; x_wconf 84' lang='lat' dir='ltr'><strong>hominis</strong></span> <span class='ocrx_word' id='word_1_199' title='bbox 2081 1643 2302 1711; x_wconf 80' lang='lat' dir='ltr'><strong>sanguis</strong></span> <span class='ocrx_word' id='word_1_200' title='bbox 2345 1650 2444 1696; x_wconf 86' lang='lat' dir='ltr'><strong>est.</strong></span> <span class='ocrx_word' id='word_1_201' title='bbox 2477 1637 2709 1693; x_wconf 79' lang='lat' dir='ltr'><strong>Verbum</strong></span> <span class='ocrx_word' id='word_1_202' title='bbox 2738 1639 2880 1692; x_wconf 92' lang='lat' dir='ltr'><strong>enim</strong></span> <span class='ocrx_word' id='word_1_203' title='bbox 2903 1678 2917 1703; x_wconf 95' lang='lat'><strong>,</strong></span> <span class='ocrx_word' id='word_1_204' title='bbox 2948 1639 3087 1705; x_wconf 88' lang='lat' dir='ltr'><strong>quod</strong></span> <span class='ocrx_word' id='word_1_205' title='bbox 3136 1653 3294 1695; x_wconf 88' lang='lat' dir='ltr'><strong>carne</strong></span> <span class='ocrx_word' id='word_1_206' title='bbox 3320 1657 3379 1699; x_wconf 84' lang='lat' dir='ltr'><strong>se</strong></span> 
     </span>
    </p>
   </div>
   <div class='ocr_carea' id='block_1_30' title="bbox 1817 1735 2310 1800">
    <p class='ocr_par' dir='ltr' id='par_1_30' title="bbox 1817 1735 2310 1800">
     <span class='ocr_line' id='line_1_30' title="bbox 1817 1735 2310 1800; baseline -0.01 -9"><span class='ocrx_word' id='word_1_207' title='bbox 1817 1735 2008 1800; x_wconf 86' lang='lat' dir='ltr'><strong>induit,</strong></span> <span class='ocrx_word' id='word_1_208' title='bbox 2040 1736 2182 1789; x_wconf 88' lang='lat' dir='ltr'><strong>Deus</strong></span> <span class='ocrx_word' id='word_1_209' title='bbox 2205 1743 2310 1787; x_wconf 89' lang='lat' dir='ltr'><strong>est.</strong></span> 
     </span>
    </p>
   </div>
   <div class='ocr_carea' id='block_1_31' title="bbox 1896 1816 3376 1887">
    <p class='ocr_par' dir='ltr' id='par_1_31' title="bbox 1896 1816 3376 1887">
     <span class='ocr_line' id='line_1_31' title="bbox 1896 1816 3376 1887; baseline 0.001 -9"><span class='ocrx_word' id='word_1_210' title='bbox 1896 1844 1915 1878; x_wconf 75' lang='grc' dir='ltr'><strong>ι</strong></span> <span class='ocrx_word' id='word_1_211' title='bbox 1958 1824 2150 1879; x_wconf 84' lang='lat' dir='ltr'><strong>Videte</strong></span> <span class='ocrx_word' id='word_1_212' title='bbox 2205 1839 2274 1878; x_wconf 93' lang='lat' dir='ltr'><strong>ne</strong></span> <span class='ocrx_word' id='word_1_213' title='bbox 2335 1821 2595 1876; x_wconf 88' lang='lat' dir='ltr'><strong>recusetis</strong></span> <span class='ocrx_word' id='word_1_214' title='bbox 2653 1819 2978 1887; x_wconf 84' lang='lat' dir='ltr'><strong>loquentem.</strong></span> <span class='ocrx_word' id='word_1_215' title='bbox 3026 1816 3080 1871; x_wconf 89' lang='lat' dir='ltr'><strong>Si</strong></span> <span class='ocrx_word' id='word_1_216' title='bbox 3133 1821 3272 1875; x_wconf 87' lang='lat' dir='ltr'><strong>enim</strong></span> <span class='ocrx_word' id='word_1_217' title='bbox 3303 1824 3376 1880; x_wconf 92' lang='lat' dir='ltr'><strong>illi</strong></span> 
     </span>
    </p>
   </div>
   <div class='ocr_carea' id='block_1_32' title="bbox 147 1909 1711 1986">
    <p class='ocr_par' dir='ltr' id='par_1_32' title="bbox 147 1912 1711 1986">
     <span class='ocr_line' id='line_1_32' title="bbox 147 1912 1711 1986; baseline -0.001 -18"><span class='ocrx_word' id='word_1_218' title='bbox 147 1917 342 1968; x_wconf 71' lang='grc' dir='ltr'>ἐκεῖνοι</span> <span class='ocrx_word' id='word_1_219' title='bbox 371 1916 474 1968; x_wconf 80' lang='grc' dir='ltr'><strong>οὐκ</strong></span> <span class='ocrx_word' id='word_1_220' title='bbox 506 1917 785 1986; x_wconf 76' lang='grc' dir='ltr'>ἐξέφυγον,</span> <span class='ocrx_word' id='word_1_221' title='bbox 821 1914 910 1966; x_wconf 78' lang='grc' dir='ltr'><strong>τὸν</strong></span> <span class='ocrx_word' id='word_1_222' title='bbox 949 1914 1040 1965; x_wconf 78' lang='grc' dir='ltr'><strong>ἐπὶ</strong></span> <span class='ocrx_word' id='word_1_223' title='bbox 1084 1912 1186 1983; x_wconf 79' lang='grc' dir='ltr'>τῆς</span> <span class='ocrx_word' id='word_1_224' title='bbox 1225 1913 1326 1982; x_wconf 80' lang='grc' dir='ltr'><strong>γῆς</strong></span> <span class='ocrx_word' id='word_1_225' title='bbox 1374 1915 1711 1983; x_wconf 73' lang='grc' dir='ltr'>παραιτησά-</span> 
     </span>
    </p>
   </div>
   <div class='ocr_carea' id='block_1_33' title="bbox 1813 1909 3376 1986">
    <p class='ocr_par' dir='ltr' id='par_1_33' title="bbox 1817 1909 3376 1984">
     <span class='ocr_line' id='line_1_33' title="bbox 1817 1909 3376 1984; baseline -0.001 -14"><span class='ocrx_word' id='word_1_226' title='bbox 1817 1931 1920 1970; x_wconf 83' lang='grc' dir='ltr'>ηοιι</span> <span class='ocrx_word' id='word_1_227' title='bbox 1954 1916 2256 1984; x_wconf 88' lang='lat' dir='ltr'><strong>ell‘ugerunt</strong></span> <span class='ocrx_word' id='word_1_228' title='bbox 2287 1921 2598 1968; x_wconf 86' lang='lat' dir='ltr'><strong>recusantes</strong></span> <span class='ocrx_word' id='word_1_229' title='bbox 2643 1925 2789 1974; x_wconf 90' lang='lat' dir='ltr'><strong>eum,</strong></span> <span class='ocrx_word' id='word_1_230' title='bbox 2845 1909 2933 1977; x_wconf 88' lang='lat' dir='ltr'><strong>qui</strong></span> <span class='ocrx_word' id='word_1_231' title='bbox 2984 1923 3143 1977; x_wconf 80' lang='lat' dir='ltr'><strong>super</strong></span> <span class='ocrx_word' id='word_1_232' title='bbox 3182 1920 3376 1969; x_wconf 89' lang='lat' dir='ltr'><strong>terram</strong></span> 
     </span>
    </p>
   </div>
   <div class='ocr_carea' id='block_1_34' title="bbox 147 2004 1715 2076">
    <p class='ocr_par' dir='ltr' id='par_1_34' title="bbox 147 2004 1715 2076">
     <span class='ocr_line' id='line_1_34' title="bbox 147 2004 1715 2076; baseline -0.001 -18"><span class='ocrx_word' id='word_1_233' title='bbox 147 2023 299 2076; x_wconf 83' lang='grc' dir='ltr'>μενοι</span> <span class='ocrx_word' id='word_1_234' title='bbox 333 2005 421 2058; x_wconf 73' lang='grc' dir='ltr'>τὸν</span> <span class='ocrx_word' id='word_1_235' title='bbox 459 2006 864 2076; x_wconf 75' lang='grc' dir='ltr'>χρηματίζοντα</span> <span class='ocrx_word' id='word_1_236' title='bbox 884 2046 897 2068; x_wconf 91' lang='grc'><strong>,</strong></span> <span class='ocrx_word' id='word_1_237' title='bbox 930 2004 1108 2074; x_wconf 78' lang='grc' dir='ltr'>πολλῷ</span> <span class='ocrx_word' id='word_1_238' title='bbox 1141 2004 1338 2073; x_wconf 82' lang='grc' dir='ltr'>μᾶλλον</span> <span class='ocrx_word' id='word_1_239' title='bbox 1368 2005 1526 2072; x_wconf 79' lang='grc' dir='ltr'>ἡμεῖς</span> <span class='ocrx_word' id='word_1_240' title='bbox 1551 2005 1599 2056; x_wconf 86' lang='grc' dir='ltr'>οἱ</span> <span class='ocrx_word' id='word_1_241' title='bbox 1627 2004 1715 2056; x_wconf 69' lang='grc' dir='ltr'>τὸν</span> 
     </span>
    </p>
   </div>
   <div class='ocr_carea' id='block_1_35' title="bbox 143 2088 1716 2168">
    <p class='ocr_par' dir='ltr' id='par_1_35' title="bbox 143 2088 1716 2168">
     <span class='ocr_line' id='line_1_35' title="bbox 143 2088 1716 2168; baseline -0.003 -17"><span class='ocrx_word' id='word_1_242' title='bbox 143 2097 240 2151; x_wconf 74' lang='grc' dir='ltr'>ἀπ’</span> <span class='ocrx_word' id='word_1_243' title='bbox 282 2097 523 2168; x_wconf 80' lang='grc' dir='ltr'>οὐρανῶν</span> <span class='ocrx_word' id='word_1_244' title='bbox 569 2095 1067 2165; x_wconf 78' lang='grc' dir='ltr'>ἀποστρεφόμενοι,</span> <span class='ocrx_word' id='word_1_245' title='bbox 1109 2088 1168 2147; x_wconf 82' lang='grc' dir='ltr'><strong>οῦ</strong></span> <span class='ocrx_word' id='word_1_246' title='bbox 1210 2096 1244 2165; x_wconf 87' lang='grc' dir='ltr'>ή</span> <span class='ocrx_word' id='word_1_247' title='bbox 1289 2094 1440 2163; x_wconf 81' lang='grc' dir='ltr'>φωνὴ</span> <span class='ocrx_word' id='word_1_248' title='bbox 1472 2095 1568 2166; x_wconf 81' lang='grc' dir='ltr'>τὴν</span> <span class='ocrx_word' id='word_1_249' title='bbox 1614 2095 1716 2164; x_wconf 83' lang='grc' dir='ltr'>γῆν</span> 
     </span>
    </p>
   </div>
   <div class='ocr_carea' id='block_1_36' title="bbox 145 2185 1712 2258">
    <p class='ocr_par' dir='ltr' id='par_1_36' title="bbox 145 2185 1712 2258">
     <span class='ocr_line' id='line_1_36' title="bbox 145 2185 1712 2258; baseline -0.003 -16"><span class='ocrx_word' id='word_1_250' title='bbox 145 2189 402 2242; x_wconf 77' lang='grc' dir='ltr'>ὲσάλευσε</span> <span class='ocrx_word' id='word_1_251' title='bbox 437 2188 597 2241; x_wconf 80' lang='grc' dir='ltr'>τότε’</span> <span class='ocrx_word' id='word_1_252' title='bbox 645 2188 738 2239; x_wconf 90' lang='grc' dir='ltr'><strong>νῦν</strong></span> <span class='ocrx_word' id='word_1_253' title='bbox 790 2188 845 2241; x_wconf 86' lang='grc' dir='ltr'>δὲ</span> <span class='ocrx_word' id='word_1_254' title='bbox 909 2186 1273 2258; x_wconf 69' lang='grc' dir='ltr'><strong>ἐπήγγελται,</strong></span> <span class='ocrx_word' id='word_1_255' title='bbox 1327 2185 1533 2253; x_wconf 88' lang='grc' dir='ltr'>λέγων,</span> <span class='ocrx_word' id='word_1_256' title='bbox 1581 2187 1661 2239; x_wconf 82' lang='grc' dir='ltr'>ὅτι</span> <span class='ocrx_word' id='word_1_257' title='bbox 1690 2196 1712 2222; x_wconf 81' lang='grc' dir='ltr'><strong>ν</strong></span> 
     </span>
    </p>
   </div>
   <div class='ocr_carea' id='block_1_37' title="bbox 146 2276 1716 2348">
    <p class='ocr_par' dir='ltr' id='par_1_37' title="bbox 146 2276 1716 2348">
     <span class='ocr_line' id='line_1_37' title="bbox 146 2276 1716 2348; baseline -0.004 -15"><span class='ocrx_word' id='word_1_258' title='bbox 146 2278 324 2342; x_wconf 75' lang='grc' dir='ltr'>Ἀπαξ</span> <span class='ocrx_word' id='word_1_259' title='bbox 358 2278 468 2347; x_wconf 79' lang='grc' dir='ltr'><strong>ἐγὼ</strong></span> <span class='ocrx_word' id='word_1_260' title='bbox 513 2279 677 2332; x_wconf 91' lang='grc' dir='ltr'>σείσω</span> <span class='ocrx_word' id='word_1_261' title='bbox 702 2279 760 2331; x_wconf 83' lang='grc' dir='ltr'>οὺ</span> <span class='ocrx_word' id='word_1_262' title='bbox 797 2281 954 2348; x_wconf 85' lang='grc' dir='ltr'>μόνον</span> <span class='ocrx_word' id='word_1_263' title='bbox 981 2278 1079 2348; x_wconf 78' lang='grc' dir='ltr'>τὴν</span> <span class='ocrx_word' id='word_1_264' title='bbox 1110 2277 1232 2347; x_wconf 79' lang='grc' dir='ltr'>γῆν,</span> <span class='ocrx_word' id='word_1_265' title='bbox 1254 2276 1387 2330; x_wconf 89' lang='grc' dir='ltr'><strong>ἀλλά</strong></span> <span class='ocrx_word' id='word_1_266' title='bbox 1415 2276 1607 2330; x_wconf 78' lang='grc' dir='ltr'>καὶτὸν</span> <span class='ocrx_word' id='word_1_267' title='bbox 1626 2276 1716 2327; x_wconf 69' lang='lat'><strong>0&#39;3-</strong></span> 
     </span>
    </p>
   </div>
   <div class='ocr_carea' id='block_1_38' title="bbox 145 2367 1713 2441">
    <p class='ocr_par' dir='ltr' id='par_1_38' title="bbox 145 2367 1713 2441">
     <span class='ocr_line' id='line_1_38' title="bbox 145 2367 1713 2441; baseline -0.003 -19"><span class='ocrx_word' id='word_1_268' title='bbox 145 2370 325 2441; x_wconf 86' lang='grc' dir='ltr'>ρανόν.</span> <span class='ocrx_word' id='word_1_269' title='bbox 352 2389 371 2422; x_wconf 68' lang='grc' dir='ltr'><strong>ι</strong></span> <span class='ocrx_word' id='word_1_270' title='bbox 405 2369 500 2432; x_wconf 88' lang='grc' dir='ltr'><strong>Τίς</strong></span> <span class='ocrx_word' id='word_1_271' title='bbox 538 2370 566 2421; x_wconf 98' lang='lat'><strong>6</strong></span> <span class='ocrx_word' id='word_1_272' title='bbox 603 2370 944 2440; x_wconf 80' lang='grc' dir='ltr'>χρηματίσας</span> <span class='ocrx_word' id='word_1_273' title='bbox 979 2368 1072 2420; x_wconf 78' lang='grc' dir='ltr'><strong>ἐπὶ</strong></span> <span class='ocrx_word' id='word_1_274' title='bbox 1102 2369 1233 2438; x_wconf 82' lang='grc' dir='ltr'>γῆς,</span> <span class='ocrx_word' id='word_1_275' title='bbox 1273 2369 1332 2422; x_wconf 84' lang='grc' dir='ltr'><strong>όν</strong></span> <span class='ocrx_word' id='word_1_276' title='bbox 1372 2367 1713 2439; x_wconf 84' lang='grc' dir='ltr'>παραιτησά-</span> 
     </span>
    </p>
   </div>
   <div class='ocr_carea' id='block_1_39' title="bbox 145 2455 1710 2534">
    <p class='ocr_par' dir='ltr' id='par_1_39' title="bbox 145 2455 1710 2534">
     <span class='ocr_line' id='line_1_39' title="bbox 145 2455 1710 2534; baseline -0.004 -18"><span class='ocrx_word' id='word_1_277' title='bbox 145 2481 296 2534; x_wconf 82' lang='grc' dir='ltr'>μενοι</span> <span class='ocrx_word' id='word_1_278' title='bbox 338 2461 809 2517; x_wconf 78' lang='grc' dir='ltr'>κεκινδυνεύκασιν</span> <span class='ocrx_word' id='word_1_279' title='bbox 835 2462 883 2513; x_wconf 86' lang='lat' dir='ltr'><strong>oi</strong></span> <span class='ocrx_word' id='word_1_280' title='bbox 914 2460 1020 2513; x_wconf 91' lang='grc' dir='ltr'><strong>τῶν</strong></span> <span class='ocrx_word' id='word_1_281' title='bbox 1051 2461 1318 2513; x_wconf 75' lang='grc' dir='ltr'>Ἰουδαίων</span> <span class='ocrx_word' id='word_1_282' title='bbox 1348 2460 1581 2528; x_wconf 80' lang='grc' dir='ltr'>πατέρες</span> <span class='ocrx_word' id='word_1_283' title='bbox 1601 2476 1613 2522; x_wconf 94' lang='grc'><strong>;</strong></span> <span class='ocrx_word' id='word_1_284' title='bbox 1637 2455 1710 2509; x_wconf 76' lang='grc' dir='ltr'>Ἷι</span> 
     </span>
    </p>
   </div>
   <div class='ocr_carea' id='block_1_40' title="bbox 139 2551 1714 2624">
    <p class='ocr_par' dir='ltr' id='par_1_40' title="bbox 139 2551 1714 2624">
     <span class='ocr_line' id='line_1_40' title="bbox 139 2551 1714 2624; baseline -0.003 -17"><span class='ocrx_word' id='word_1_285' title='bbox 139 2555 319 2624; x_wconf 71' lang='grc' dir='ltr'>δῆλον,</span> <span class='ocrx_word' id='word_1_286' title='bbox 363 2555 444 2607; x_wconf 84' lang='grc' dir='ltr'>ὅτι</span> <span class='ocrx_word' id='word_1_287' title='bbox 474 2555 711 2622; x_wconf 85' lang='grc' dir='ltr'>Μωσῆς;</span> <span class='ocrx_word' id='word_1_288' title='bbox 751 2553 887 2605; x_wconf 69' lang='grc' dir='ltr'>Ἀλλ’</span> <span class='ocrx_word' id='word_1_289' title='bbox 916 2553 1014 2605; x_wconf 72' lang='grc' dir='ltr'>οὐκ</span> <span class='ocrx_word' id='word_1_290' title='bbox 1044 2553 1107 2605; x_wconf 73' lang='grc' dir='ltr'>ἐκ</span> <span class='ocrx_word' id='word_1_291' title='bbox 1144 2551 1249 2621; x_wconf 79' lang='grc' dir='ltr'>γῆς</span> <span class='ocrx_word' id='word_1_292' title='bbox 1281 2553 1308 2603; x_wconf 88' lang='lat'><strong>6</strong></span> <span class='ocrx_word' id='word_1_293' title='bbox 1354 2551 1608 2621; x_wconf 69' lang='grc' dir='ltr'>Χριστός,</span> <span class='ocrx_word' id='word_1_294' title='bbox 1653 2551 1714 2614; x_wconf 79' lang='grc' dir='ltr'><strong>ἐξ</strong></span> 
     </span>
    </p>
   </div>
   <div class='ocr_carea' id='block_1_41' title="bbox 139 2639 1711 2712">
    <p class='ocr_par' dir='ltr' id='par_1_41' title="bbox 139 2639 1711 2712">
     <span class='ocr_line' id='line_1_41' title="bbox 139 2639 1711 2712; baseline -0.001 -18"><span class='ocrx_word' id='word_1_295' title='bbox 139 2642 383 2712; x_wconf 83' lang='grc' dir='ltr'>οὐρανῶν</span> <span class='ocrx_word' id='word_1_296' title='bbox 429 2641 484 2694; x_wconf 78' lang='grc' dir='ltr'><strong>δὲ</strong></span> <span class='ocrx_word' id='word_1_297' title='bbox 520 2641 739 2711; x_wconf 76' lang='grc' dir='ltr'>μᾶλλον.</span> <span class='ocrx_word' id='word_1_298' title='bbox 777 2642 834 2694; x_wconf 84' lang='lat'><strong>&#39;0</strong></span> <span class='ocrx_word' id='word_1_299' title='bbox 864 2640 970 2711; x_wconf 80' lang='grc' dir='ltr'>γὰρ</span> <span class='ocrx_word' id='word_1_300' title='bbox 1004 2640 1208 2694; x_wconf 82' lang='grc' dir='ltr'>ἄνωθεν</span> <span class='ocrx_word' id='word_1_301' title='bbox 1243 2642 1335 2693; x_wconf 75' lang='grc' dir='ltr'><strong>καὶ</strong></span> <span class='ocrx_word' id='word_1_302' title='bbox 1368 2642 1430 2694; x_wconf 77' lang='grc' dir='ltr'><strong>ἐκ</strong></span> <span class='ocrx_word' id='word_1_303' title='bbox 1459 2639 1551 2693; x_wconf 81' lang='grc' dir='ltr'><strong>τοῦ</strong></span> <span class='ocrx_word' id='word_1_304' title='bbox 1599 2641 1711 2692; x_wconf 86' lang='grc' dir='ltr'><strong>Πα-</strong></span> 
     </span>
    </p>
   </div>
   <div class='ocr_carea' id='block_1_42' title="bbox 138 2731 1711 2804">
    <p class='ocr_par' dir='ltr' id='par_1_42' title="bbox 138 2731 1711 2804">
     <span class='ocr_line' id='line_1_42' title="bbox 138 2731 1711 2804; baseline 0 -19"><span class='ocrx_word' id='word_1_305' title='bbox 138 2734 268 2804; x_wconf 83' lang='grc' dir='ltr'>τρδς</span> <span class='ocrx_word' id='word_1_306' title='bbox 296 2733 426 2797; x_wconf 78' lang='grc' dir='ltr'>Θεὸς</span> <span class='ocrx_word' id='word_1_307' title='bbox 449 2734 639 2802; x_wconf 83' lang='grc' dir='ltr'>Λόγος,</span> <span class='ocrx_word' id='word_1_308' title='bbox 668 2731 950 2802; x_wconf 82' lang='grc' dir='ltr'>ἄνθρωπος</span> <span class='ocrx_word' id='word_1_309' title='bbox 979 2732 1167 2800; x_wconf 90' lang='grc' dir='ltr'>γέγονε</span> <span class='ocrx_word' id='word_1_310' title='bbox 1195 2732 1288 2785; x_wconf 75' lang='grc' dir='ltr'>καὶ</span> <span class='ocrx_word' id='word_1_311' title='bbox 1317 2732 1466 2795; x_wconf 85' lang='grc' dir='ltr'>Θεός.</span> <span class='ocrx_word' id='word_1_312' title='bbox 1499 2733 1711 2803; x_wconf 88' lang='grc' dir='ltr'>Χείρων</span> 
     </span>
    </p>
   </div>
   <div class='ocr_carea' id='block_1_43' title="bbox 137 2819 1710 2893">
    <p class='ocr_par' dir='ltr' id='par_1_43' title="bbox 137 2819 1710 2893">
     <span class='ocr_line' id='line_1_43' title="bbox 137 2819 1710 2893; baseline 0.001 -19"><span class='ocrx_word' id='word_1_313' title='bbox 137 2819 236 2874; x_wconf 82' lang='grc' dir='ltr'><strong>οῦν</strong></span> <span class='ocrx_word' id='word_1_314' title='bbox 263 2826 294 2891; x_wconf 77' lang='grc' dir='ltr'><strong>ἡ</strong></span> <span class='ocrx_word' id='word_1_315' title='bbox 325 2823 450 2893; x_wconf 86' lang='grc' dir='ltr'>δίκη</span> <span class='ocrx_word' id='word_1_316' title='bbox 483 2826 595 2885; x_wconf 83' lang='grc' dir='ltr'>τοῖς</span> <span class='ocrx_word' id='word_1_317' title='bbox 645 2823 805 2874; x_wconf 76' lang='grc' dir='ltr'>αὐτὸν</span> <span class='ocrx_word' id='word_1_318' title='bbox 851 2823 1378 2892; x_wconf 82' lang='grc' dir='ltr'>ἀποστρεφομένοις,</span> <span class='ocrx_word' id='word_1_319' title='bbox 1431 2823 1526 2875; x_wconf 78' lang='grc' dir='ltr'>καὶ</span> <span class='ocrx_word' id='word_1_320' title='bbox 1568 2823 1710 2890; x_wconf 74' lang='grc' dir='ltr'>μάλα</span> 
     </span>
    </p>
   </div>
   <div class='ocr_carea' id='block_1_44' title="bbox 137 2911 1710 2982">
    <p class='ocr_par' dir='ltr' id='par_1_44' title="bbox 137 2911 1710 2982">
     <span class='ocr_line' id='line_1_44' title="bbox 137 2911 1710 2982; baseline 0.002 -21"><span class='ocrx_word' id='word_1_321' title='bbox 137 2911 382 2972; x_wconf 76' lang='grc' dir='ltr'>εἰκότως.</span> <span class='ocrx_word' id='word_1_322' title='bbox 414 2912 498 2974; x_wconf 84' lang='grc' dir='ltr'><strong>Ὠς</strong></span> <span class='ocrx_word' id='word_1_323' title='bbox 527 2911 634 2982; x_wconf 80' lang='grc' dir='ltr'><strong>γὰρ</strong></span> <span class='ocrx_word' id='word_1_324' title='bbox 665 2913 692 2962; x_wconf 94' lang='lat'><strong>6</strong></span> <span class='ocrx_word' id='word_1_325' title='bbox 718 2911 879 2978; x_wconf 79' lang='grc' dir='ltr'>σοφός</span> <span class='ocrx_word' id='word_1_326' title='bbox 903 2928 1063 2979; x_wconf 72' lang='grc' dir='ltr'>φησιν</span> <span class='ocrx_word' id='word_1_327' title='bbox 1099 2911 1348 2980; x_wconf 75' lang='grc' dir='ltr'>Ἰωάννης</span> <span class='ocrx_word' id='word_1_328' title='bbox 1370 2950 1384 2973; x_wconf 94' lang='grc'><strong>,</strong></span> <span class='ocrx_word' id='word_1_329' title='bbox 1417 2932 1434 2962; x_wconf 87' lang='grc'><strong><em>‹</em></strong></span> <span class='ocrx_word' id='word_1_330' title='bbox 1459 2912 1515 2964; x_wconf 81' lang='grc' dir='ltr'>ὐ</span> <span class='ocrx_word' id='word_1_331' title='bbox 1542 2911 1616 2966; x_wconf 84' lang='grc' dir='ltr'>ὢν</span> <span class='ocrx_word' id='word_1_332' title='bbox 1646 2913 1710 2964; x_wconf 79' lang='grc' dir='ltr'><strong>ἐκ</strong></span> 
     </span>
    </p>
   </div>
   <div class='ocr_carea' id='block_1_45' title="bbox 137 2997 1709 3071">
    <p class='ocr_par' dir='ltr' id='par_1_45' title="bbox 137 2997 1709 3071">
     <span class='ocr_line' id='line_1_45' title="bbox 137 2997 1709 3071; baseline 0.003 -23"><span class='ocrx_word' id='word_1_333' title='bbox 137 2998 241 3065; x_wconf 81' lang='grc' dir='ltr'>τῆς</span> <span class='ocrx_word' id='word_1_334' title='bbox 270 2997 391 3067; x_wconf 79' lang='grc' dir='ltr'>γῆς,</span> <span class='ocrx_word' id='word_1_335' title='bbox 421 3000 483 3051; x_wconf 81' lang='grc' dir='ltr'>ὲκ</span> <span class='ocrx_word' id='word_1_336' title='bbox 507 2999 605 3061; x_wconf 80' lang='grc' dir='ltr'>τῆς</span> <span class='ocrx_word' id='word_1_337' title='bbox 633 2998 737 3067; x_wconf 81' lang='grc' dir='ltr'>γῆς</span> <span class='ocrx_word' id='word_1_338' title='bbox 769 2998 949 3062; x_wconf 82' lang='grc' dir='ltr'>λαλεῖ,</span> <span class='ocrx_word' id='word_1_339' title='bbox 991 3000 1265 3052; x_wconf 79' lang='grc' dir='ltr'>τουτέστιν</span> <span class='ocrx_word' id='word_1_340' title='bbox 1307 2999 1619 3071; x_wconf 76' lang='grc' dir='ltr'>ἀνθρώπινα</span> <span class='ocrx_word' id='word_1_341' title='bbox 1639 3017 1651 3029; x_wconf 83' lang='lat'><strong><em>°</em></strong></span> <span class='ocrx_word' id='word_1_342' title='bbox 1681 3002 1709 3052; x_wconf 93' lang='lat'><strong>6</strong></span> 
     </span>
    </p>
   </div>
   <div class='ocr_carea' id='block_1_46' title="bbox 136 3085 1708 3159">
    <p class='ocr_par' dir='ltr' id='par_1_46' title="bbox 136 3085 1708 3159">
     <span class='ocr_line' id='line_1_46' title="bbox 136 3085 1708 3159; baseline 0.004 -21"><span class='ocrx_word' id='word_1_343' title='bbox 136 3087 198 3138; x_wconf 80' lang='grc' dir='ltr'><strong>δὲ</strong></span> <span class='ocrx_word' id='word_1_344' title='bbox 231 3085 433 3139; x_wconf 82' lang='grc' dir='ltr'>ἄνωθεν</span> <span class='ocrx_word' id='word_1_345' title='bbox 459 3089 769 3159; x_wconf 79' lang='grc' dir='ltr'>ἐρχόμενος,</span> <span class='ocrx_word' id='word_1_346' title='bbox 803 3090 986 3142; x_wconf 80' lang='grc' dir='ltr'>ἐπάνω</span> <span class='ocrx_word' id='word_1_347' title='bbox 1007 3090 1220 3143; x_wconf 84' lang='grc' dir='ltr'>πάντων</span> <span class='ocrx_word' id='word_1_348' title='bbox 1243 3091 1410 3155; x_wconf 66' lang='grc' dir='ltr'>ἐστὶν,</span> <span class='ocrx_word' id='word_1_349' title='bbox 1436 3112 1451 3141; x_wconf 78' lang='grc' dir='ltr'><strong>ο</strong></span> <span class='ocrx_word' id='word_1_350' title='bbox 1477 3091 1553 3154; x_wconf 83' lang='grc' dir='ltr'><strong>ὡς</strong></span> <span class='ocrx_word' id='word_1_351' title='bbox 1578 3091 1708 3156; x_wconf 77' lang='grc' dir='ltr'>Θεὸς</span> 
     </span>
    </p>
   </div>
   <div class='ocr_carea' id='block_1_47' title="bbox 136 3175 1463 3251">
    <p class='ocr_par' dir='ltr' id='par_1_47' title="bbox 136 3175 1463 3251">
     <span class='ocr_line' id='line_1_47' title="bbox 136 3175 1463 3251; baseline 0.005 -23"><span class='ocrx_word' id='word_1_352' title='bbox 136 3176 397 3244; x_wconf 87' lang='grc' dir='ltr'>δηλονότι.</span> <span class='ocrx_word' id='word_1_353' title='bbox 430 3179 599 3232; x_wconf 86' lang='grc' dir='ltr'>Τοῦτο</span> <span class='ocrx_word' id='word_1_354' title='bbox 626 3179 682 3231; x_wconf 82' lang='grc' dir='ltr'><strong>δὲ</strong></span> <span class='ocrx_word' id='word_1_355' title='bbox 711 3188 735 3215; x_wconf 74' lang='grc' dir='ltr'><strong>ι</strong></span> <span class='ocrx_word' id='word_1_356' title='bbox 763 3175 828 3251; x_wconf 75' lang='grc' dir='ltr'>ἦν</span> <span class='ocrx_word' id='word_1_357' title='bbox 858 3197 917 3232; x_wconf 87' lang='grc' dir='ltr'><strong>τε</strong></span> <span class='ocrx_word' id='word_1_358' title='bbox 948 3179 1042 3232; x_wconf 71' lang='grc' dir='ltr'><strong>καὶ</strong></span> <span class='ocrx_word' id='word_1_359' title='bbox 1067 3180 1180 3232; x_wconf 79' lang='grc' dir='ltr'>ἔστι</span> <span class='ocrx_word' id='word_1_360' title='bbox 1209 3182 1253 3232; x_wconf 91' lang='grc' dir='ltr'><strong>Χ</strong></span> <span class='ocrx_word' id='word_1_361' title='bbox 1262 3181 1463 3250; x_wconf 88' lang='grc' dir='ltr'>ριστός.</span> 
     </span>
    </p>
   </div>
   <div class='ocr_carea' id='block_1_48' title="bbox 1818 2000 3377 2075">
    <p class='ocr_par' dir='ltr' id='par_1_48' title="bbox 1818 2000 3377 2075">
     <span class='ocr_line' id='line_1_48' title="bbox 1818 2000 3377 2075; baseline -0.009 -15"><span class='ocrx_word' id='word_1_362' title='bbox 1818 2007 2162 2075; x_wconf 78' lang='lat' dir='ltr'><strong>loquebatur,</strong></span> <span class='ocrx_word' id='word_1_363' title='bbox 2216 2005 2384 2058; x_wconf 91' lang='lat' dir='ltr'><strong>multo</strong></span> <span class='ocrx_word' id='word_1_364' title='bbox 2419 2003 2588 2071; x_wconf 85' lang='lat' dir='ltr'><strong>magis</strong></span> <span class='ocrx_word' id='word_1_365' title='bbox 2619 2017 2738 2067; x_wconf 87' lang='lat' dir='ltr'><strong>nos,</strong></span> <span class='ocrx_word' id='word_1_366' title='bbox 2767 2001 2855 2069; x_wconf 88' lang='lat' dir='ltr'><strong>qui</strong></span> <span class='ocrx_word' id='word_1_367' title='bbox 2889 2000 2954 2052; x_wconf 89' lang='lat' dir='ltr'><strong>de</strong></span> <span class='ocrx_word' id='word_1_368' title='bbox 2985 2000 3122 2052; x_wconf 62' lang='lat' dir='ltr'><strong>cosio</strong></span> <span class='ocrx_word' id='word_1_369' title='bbox 3152 2001 3377 2071; x_wconf 89' lang='lat' dir='ltr'><strong>loquen-</strong></span> 
     </span>
    </p>
   </div>
   <div class='ocr_carea' id='block_1_49' title="bbox 1818 2093 3377 2163">
    <p class='ocr_par' dir='ltr' id='par_1_49' title="bbox 1818 2093 3377 2163">
     <span class='ocr_line' id='line_1_49' title="bbox 1818 2093 3377 2163; baseline 0 -13"><span class='ocrx_word' id='word_1_370' title='bbox 1818 2107 1922 2150; x_wconf 92' lang='lat' dir='ltr'><strong>tem</strong></span> <span class='ocrx_word' id='word_1_371' title='bbox 1951 2098 2106 2151; x_wconf 87' lang='lat' dir='ltr'><strong>nobis</strong></span> <span class='ocrx_word' id='word_1_372' title='bbox 2129 2097 2444 2161; x_wconf 82' lang='lat' dir='ltr'><strong>avertimus,</strong></span> <span class='ocrx_word' id='word_1_373' title='bbox 2476 2094 2634 2163; x_wconf 87' lang='lat' dir='ltr'><strong>cujus</strong></span> <span class='ocrx_word' id='word_1_374' title='bbox 2662 2107 2760 2146; x_wconf 82' lang='lat' dir='ltr'><strong>vox</strong></span> <span class='ocrx_word' id='word_1_375' title='bbox 2790 2093 2956 2145; x_wconf 88' lang='lat' dir='ltr'><strong>movit</strong></span> <span class='ocrx_word' id='word_1_376' title='bbox 2983 2100 3180 2145; x_wconf 88' lang='lat' dir='ltr'><strong>terram</strong></span> <span class='ocrx_word' id='word_1_377' title='bbox 3209 2101 3332 2149; x_wconf 90' lang='lat' dir='ltr'><strong>tunc</strong></span> <span class='ocrx_word' id='word_1_378' title='bbox 3360 2114 3377 2150; x_wconf 87' lang='lat'><strong>:</strong></span> 
     </span>
    </p>
   </div>
   <div class='ocr_carea' id='block_1_50' title="bbox 1818 2181 3384 2254">
    <p class='ocr_par' dir='ltr' id='par_1_50' title="bbox 1818 2181 3384 2254">
     <span class='ocr_line' id='line_1_50' title="bbox 1818 2181 3384 2254; baseline -0.004 -12"><span class='ocrx_word' id='word_1_379' title='bbox 1818 2204 1960 2243; x_wconf 92' lang='lat' dir='ltr'><strong>nunc</strong></span> <span class='ocrx_word' id='word_1_380' title='bbox 1994 2197 2175 2242; x_wconf 90' lang='lat' dir='ltr'><strong>autem</strong></span> <span class='ocrx_word' id='word_1_381' title='bbox 2213 2183 2532 2254; x_wconf 84' lang='lat' dir='ltr'><strong>repromittit</strong></span> <span class='ocrx_word' id='word_1_382' title='bbox 2555 2224 2570 2247; x_wconf 90' lang='lat'><strong>,</strong></span> <span class='ocrx_word' id='word_1_383' title='bbox 2609 2184 2791 2237; x_wconf 86' lang='lat' dir='ltr'><strong>dicens</strong></span> <span class='ocrx_word' id='word_1_384' title='bbox 2821 2199 2835 2235; x_wconf 89' lang='lat'><strong>:</strong></span> <span class='ocrx_word' id='word_1_385' title='bbox 2879 2181 3065 2234; x_wconf 83' lang='lat' dir='ltr'><strong>Adhuc</strong></span> <span class='ocrx_word' id='word_1_386' title='bbox 3095 2185 3295 2246; x_wconf 90' lang='lat' dir='ltr'><strong>semel,</strong></span> <span class='ocrx_word' id='word_1_387' title='bbox 3329 2196 3384 2242; x_wconf 80' lang='lat' dir='ltr'><strong>et</strong></span> 
     </span>
    </p>
   </div>
   <div class='ocr_carea' id='block_1_51' title="bbox 1814 2273 3376 2350">
    <p class='ocr_par' dir='ltr' id='par_1_51' title="bbox 1814 2273 3376 2350">
     <span class='ocr_line' id='line_1_51' title="bbox 1814 2273 3376 2350; baseline -0.001 -18"><span class='ocrx_word' id='word_1_388' title='bbox 1814 2295 1912 2350; x_wconf 89' lang='lat' dir='ltr'><strong>ego</strong></span> <span class='ocrx_word' id='word_1_389' title='bbox 1947 2279 2170 2332; x_wconf 86' lang='lat' dir='ltr'><strong>movebo</strong></span> <span class='ocrx_word' id='word_1_390' title='bbox 2212 2293 2316 2331; x_wconf 91' lang='lat' dir='ltr'><strong>non</strong></span> <span class='ocrx_word' id='word_1_391' title='bbox 2345 2278 2518 2332; x_wconf 89' lang='lat' dir='ltr'><strong>solum</strong></span> <span class='ocrx_word' id='word_1_392' title='bbox 2555 2284 2787 2335; x_wconf 84' lang='lat' dir='ltr'><strong>terram.</strong></span> <span class='ocrx_word' id='word_1_393' title='bbox 2819 2273 2912 2327; x_wconf 87' lang='lat' dir='ltr'><strong>sed</strong></span> <span class='ocrx_word' id='word_1_394' title='bbox 2959 2281 3013 2326; x_wconf 82' lang='lat' dir='ltr'><strong>et</strong></span> <span class='ocrx_word' id='word_1_395' title='bbox 3035 2273 3226 2326; x_wconf 70' lang='lat' dir='ltr'><strong>coelum</strong></span> <span class='ocrx_word' id='word_1_396' title='bbox 3253 2277 3318 2330; x_wconf 79' lang='grc'><strong>⁸⁷.</strong></span> <span class='ocrx_word' id='word_1_397' title='bbox 3358 2299 3376 2330; x_wconf 74' lang='grc' dir='ltr'><strong>ι</strong></span> 
     </span>
    </p>
   </div>
   <div class='ocr_carea' id='block_1_52' title="bbox 1814 2363 3381 2436">
    <p class='ocr_par' dir='ltr' id='par_1_52' title="bbox 1814 2363 3381 2436">
     <span class='ocr_line' id='line_1_52' title="bbox 1814 2363 3381 2436; baseline 0 -16"><span class='ocrx_word' id='word_1_398' title='bbox 1814 2369 1946 2435; x_wconf 86' lang='lat' dir='ltr'><strong>Quis</strong></span> <span class='ocrx_word' id='word_1_399' title='bbox 1997 2368 2109 2432; x_wconf 92' lang='lat' dir='ltr'><strong>ille,</strong></span> <span class='ocrx_word' id='word_1_400' title='bbox 2161 2383 2376 2436; x_wconf 84' lang='lat' dir='ltr'><strong>quaeso,</strong></span> <span class='ocrx_word' id='word_1_401' title='bbox 2413 2380 2572 2436; x_wconf 90' lang='lat' dir='ltr'><strong>quem</strong></span> <span class='ocrx_word' id='word_1_402' title='bbox 2624 2378 2744 2418; x_wconf 90' lang='lat' dir='ltr'><strong>cum</strong></span> <span class='ocrx_word' id='word_1_403' title='bbox 2787 2363 2842 2417; x_wconf 93' lang='lat' dir='ltr'><strong>in</strong></span> <span class='ocrx_word' id='word_1_404' title='bbox 2889 2363 3047 2417; x_wconf 89' lang='lat' dir='ltr'><strong>terris</strong></span> <span class='ocrx_word' id='word_1_405' title='bbox 3082 2363 3381 2430; x_wconf 87' lang='lat' dir='ltr'><strong>loquentem</strong></span> 
     </span>
    </p>
   </div>
   <div class='ocr_carea' id='block_1_53' title="bbox 1813 2454 3381 2527">
    <p class='ocr_par' dir='ltr' id='par_1_53' title="bbox 1813 2454 3381 2527">
     <span class='ocr_line' id='line_1_53' title="bbox 1813 2454 3381 2527; baseline -0.006 -13"><span class='ocrx_word' id='word_1_406' title='bbox 1813 2459 2123 2514; x_wconf 71' lang='lat' dir='ltr'><strong>Judacorum</strong></span> <span class='ocrx_word' id='word_1_407' title='bbox 2157 2460 2386 2524; x_wconf 86' lang='lat' dir='ltr'><strong>majores</strong></span> <span class='ocrx_word' id='word_1_408' title='bbox 2415 2463 2872 2526; x_wconf 86' lang='lat' dir='ltr'><strong>aspernarentur,</strong></span> <span class='ocrx_word' id='word_1_409' title='bbox 2905 2467 3068 2522; x_wconf 78' lang='lat' dir='ltr'><strong>grave</strong></span> <span class='ocrx_word' id='word_1_410' title='bbox 3096 2454 3195 2510; x_wconf 93' lang='lat' dir='ltr'><strong>sibi</strong></span> <span class='ocrx_word' id='word_1_411' title='bbox 3238 2460 3381 2527; x_wconf 83' lang='lat' dir='ltr'><strong>peri.</strong></span> 
     </span>
    </p>
   </div>
   <div class='ocr_carea' id='block_1_54' title="bbox 1814 2544 3384 2614">
    <p class='ocr_par' dir='ltr' id='par_1_54' title="bbox 1814 2544 3384 2614">
     <span class='ocr_line' id='line_1_54' title="bbox 1814 2544 3384 2614; baseline -0.001 -10"><span class='ocrx_word' id='word_1_412' title='bbox 1814 2550 1990 2604; x_wconf 89' lang='lat' dir='ltr'><strong>culum</strong></span> <span class='ocrx_word' id='word_1_413' title='bbox 2030 2549 2586 2602; x_wconf 84' lang='lat' dir='ltr'><strong>acciverunt?annou</strong></span> <span class='ocrx_word' id='word_1_414' title='bbox 2644 2547 2851 2600; x_wconf 86' lang='lat' dir='ltr'><strong>clarum</strong></span> <span class='ocrx_word' id='word_1_415' title='bbox 2890 2555 2972 2599; x_wconf 87' lang='lat' dir='ltr'><strong>est</strong></span> <span class='ocrx_word' id='word_1_416' title='bbox 3000 2544 3212 2614; x_wconf 82' lang='lat' dir='ltr'><strong>Moysen</strong></span> <span class='ocrx_word' id='word_1_417' title='bbox 3246 2548 3384 2604; x_wconf 88' lang='lat' dir='ltr'><strong>hunc</strong></span> 
     </span>
    </p>
   </div>
   <div class='ocr_carea' id='block_1_55' title="bbox 1813 2636 3384 2700">
    <p class='ocr_par' dir='ltr' id='par_1_55' title="bbox 1813 2636 3384 2700">
     <span class='ocr_line' id='line_1_55' title="bbox 1813 2636 3384 2700; baseline -0.003 -5"><span class='ocrx_word' id='word_1_418' title='bbox 1813 2641 2131 2695; x_wconf 81' lang='lat' dir='ltr'><strong>exstitisse?</strong></span> <span class='ocrx_word' id='word_1_419' title='bbox 2161 2642 2227 2693; x_wconf 85' lang='lat' dir='ltr'><strong>At</strong></span> <span class='ocrx_word' id='word_1_420' title='bbox 2259 2638 2508 2693; x_wconf 90' lang='lat' dir='ltr'><strong>Christus</strong></span> <span class='ocrx_word' id='word_1_421' title='bbox 2549 2653 2652 2692; x_wconf 92' lang='lat' dir='ltr'><strong>non</strong></span> <span class='ocrx_word' id='word_1_422' title='bbox 2697 2643 2760 2691; x_wconf 89' lang='lat' dir='ltr'><strong>de</strong></span> <span class='ocrx_word' id='word_1_423' title='bbox 2807 2647 2983 2700; x_wconf 89' lang='lat' dir='ltr'><strong>terra,</strong></span> <span class='ocrx_word' id='word_1_424' title='bbox 3028 2636 3118 2690; x_wconf 87' lang='lat' dir='ltr'><strong>sed</strong></span> <span class='ocrx_word' id='word_1_425' title='bbox 3157 2636 3220 2691; x_wconf 88' lang='lat' dir='ltr'><strong>de</strong></span> <span class='ocrx_word' id='word_1_426' title='bbox 3249 2639 3384 2692; x_wconf 67' lang='lat' dir='ltr'><strong>cmlo</strong></span> 
     </span>
    </p>
   </div>
   <div class='ocr_carea' id='block_1_56' title="bbox 1813 2723 3386 2795">
    <p class='ocr_par' dir='ltr' id='par_1_56' title="bbox 1813 2723 3386 2795">
     <span class='ocr_line' id='line_1_56' title="bbox 1813 2723 3386 2795; baseline -0.003 -11"><span class='ocrx_word' id='word_1_427' title='bbox 1813 2741 1913 2786; x_wconf 89' lang='lat' dir='ltr'><strong>est.</strong></span> <span class='ocrx_word' id='word_1_428' title='bbox 1951 2729 2082 2782; x_wconf 78' lang='lat' dir='ltr'><strong>Nam</strong></span> <span class='ocrx_word' id='word_1_429' title='bbox 2126 2730 2264 2783; x_wconf 88' lang='lat' dir='ltr'><strong>Deus</strong></span> <span class='ocrx_word' id='word_1_430' title='bbox 2295 2728 2556 2790; x_wconf 82' lang='lat' dir='ltr'><strong>Verbum,</strong></span> <span class='ocrx_word' id='word_1_431' title='bbox 2604 2726 2745 2795; x_wconf 90' lang='lat' dir='ltr'><strong>quod</strong></span> <span class='ocrx_word' id='word_1_432' title='bbox 2790 2726 2854 2779; x_wconf 89' lang='lat' dir='ltr'><strong>de</strong></span> <span class='ocrx_word' id='word_1_433' title='bbox 2896 2723 3143 2792; x_wconf 87' lang='lat' dir='ltr'><strong>supernis</strong></span> <span class='ocrx_word' id='word_1_434' title='bbox 3178 2734 3290 2788; x_wconf 86' lang='lat' dir='ltr'><strong>est,</strong></span> <span class='ocrx_word' id='word_1_435' title='bbox 3333 2735 3386 2782; x_wconf 84' lang='lat' dir='ltr'><strong>et</strong></span> 
     </span>
    </p>
   </div>
   <div class='ocr_carea' id='block_1_57' title="bbox 1814 2814 3380 2885">
    <p class='ocr_par' dir='ltr' id='par_1_57' title="bbox 1814 2814 3380 2885">
     <span class='ocr_line' id='line_1_57' title="bbox 1814 2814 3380 2885; baseline -0.003 -11"><span class='ocrx_word' id='word_1_436' title='bbox 1814 2837 1876 2874; x_wconf 83' lang='lat' dir='ltr'><strong>cx</strong></span> <span class='ocrx_word' id='word_1_437' title='bbox 1914 2820 2072 2873; x_wconf 86' lang='lat' dir='ltr'><strong>Patre</strong></span> <span class='ocrx_word' id='word_1_438' title='bbox 2097 2831 2273 2872; x_wconf 90' lang='lat' dir='ltr'><strong>ortum</strong></span> <span class='ocrx_word' id='word_1_439' title='bbox 2302 2827 2404 2879; x_wconf 89' lang='lat' dir='ltr'><strong>est,</strong></span> <span class='ocrx_word' id='word_1_440' title='bbox 2431 2817 2602 2870; x_wconf 78' lang='lat' dir='ltr'><strong>factus</strong></span> <span class='ocrx_word' id='word_1_441' title='bbox 2626 2825 2706 2870; x_wconf 91' lang='lat' dir='ltr'><strong>est</strong></span> <span class='ocrx_word' id='word_1_442' title='bbox 2733 2815 2914 2879; x_wconf 90' lang='lat' dir='ltr'><strong>homo,</strong></span> <span class='ocrx_word' id='word_1_443' title='bbox 2943 2814 3190 2885; x_wconf 83' lang='lat' dir='ltr'><strong>idemque</strong></span> <span class='ocrx_word' id='word_1_444' title='bbox 3219 2815 3380 2870; x_wconf 88' lang='lat' dir='ltr'><strong>Deus.</strong></span> 
     </span>
    </p>
   </div>
   <div class='ocr_carea' id='block_1_58' title="bbox 1812 2907 3382 2979">
    <p class='ocr_par' dir='ltr' id='par_1_58' title="bbox 1812 2907 3382 2979">
     <span class='ocr_line' id='line_1_58' title="bbox 1812 2907 3382 2979; baseline -0.001 -15"><span class='ocrx_word' id='word_1_445' title='bbox 1812 2911 2043 2964; x_wconf 81' lang='lat' dir='ltr'><strong>Gravius</strong></span> <span class='ocrx_word' id='word_1_446' title='bbox 2070 2907 2297 2979; x_wconf 87' lang='lat' dir='ltr'><strong>proinde</strong></span> <span class='ocrx_word' id='word_1_447' title='bbox 2333 2907 2657 2976; x_wconf 86' lang='lat' dir='ltr'><strong>supplicium</strong></span> <span class='ocrx_word' id='word_1_448' title='bbox 2685 2907 2909 2959; x_wconf 91' lang='lat' dir='ltr'><strong>debetur</strong></span> <span class='ocrx_word' id='word_1_449' title='bbox 2949 2907 3053 2970; x_wconf 86' lang='lat' dir='ltr'><strong>bis,</strong></span> <span class='ocrx_word' id='word_1_450' title='bbox 3091 2907 3178 2974; x_wconf 92' lang='lat' dir='ltr'><strong>qui</strong></span> <span class='ocrx_word' id='word_1_451' title='bbox 3213 2907 3382 2975; x_wconf 89' lang='lat' dir='ltr'><strong>ipsum</strong></span> 
     </span>
    </p>
   </div>
   <div class='ocr_carea' id='block_1_59' title="bbox 1810 2997 3385 3067">
    <p class='ocr_par' dir='ltr' id='par_1_59' title="bbox 1810 2997 3385 3067">
     <span class='ocr_line' id='line_1_59' title="bbox 1810 2997 3385 3067; baseline -0.001 -12"><span class='ocrx_word' id='word_1_452' title='bbox 1810 3012 2150 3066; x_wconf 87' lang='lat' dir='ltr'><strong>aversantur,</strong></span> <span class='ocrx_word' id='word_1_453' title='bbox 2219 3015 2316 3054; x_wconf 90' lang='lat' dir='ltr'><strong>nec</strong></span> <span class='ocrx_word' id='word_1_454' title='bbox 2371 2998 2588 3067; x_wconf 89' lang='lat' dir='ltr'><strong>injuria,</strong></span> <span class='ocrx_word' id='word_1_455' title='bbox 2614 2997 3065 3066; x_wconf 88' lang='lat' dir='ltr'><strong>quandoquidem,</strong></span> <span class='ocrx_word' id='word_1_456' title='bbox 3097 2998 3385 3066; x_wconf 82' lang='lat' dir='ltr'><strong>utsapiens</strong></span> 
     </span>
    </p>
   </div>
   <div class='ocr_carea' id='block_1_60' title="bbox 1809 3087 3384 3157">
    <p class='ocr_par' dir='ltr' id='par_1_60' title="bbox 1809 3087 3384 3157">
     <span class='ocr_line' id='line_1_60' title="bbox 1809 3087 3384 3157; baseline -0.002 -11"><span class='ocrx_word' id='word_1_457' title='bbox 1809 3092 2043 3146; x_wconf 84' lang='lat' dir='ltr'><strong>Joannes</strong></span> <span class='ocrx_word' id='word_1_458' title='bbox 2073 3102 2278 3154; x_wconf 89' lang='lat' dir='ltr'><strong>monet,</strong></span> <span class='ocrx_word' id='word_1_459' title='bbox 2345 3109 2362 3140; x_wconf 77' lang='grc' dir='ltr'><strong>ι</strong></span> <span class='ocrx_word' id='word_1_460' title='bbox 2395 3088 2496 3154; x_wconf 88' lang='lat' dir='ltr'><strong>Qui</strong></span> <span class='ocrx_word' id='word_1_461' title='bbox 2537 3090 2601 3143; x_wconf 90' lang='lat' dir='ltr'><strong>de</strong></span> <span class='ocrx_word' id='word_1_462' title='bbox 2631 3098 2768 3140; x_wconf 86' lang='lat' dir='ltr'><strong>terra</strong></span> <span class='ocrx_word' id='word_1_463' title='bbox 2804 3098 2906 3151; x_wconf 89' lang='lat' dir='ltr'><strong>est,</strong></span> <span class='ocrx_word' id='word_1_464' title='bbox 2945 3087 3010 3142; x_wconf 87' lang='lat' dir='ltr'><strong>de</strong></span> <span class='ocrx_word' id='word_1_465' title='bbox 3044 3097 3182 3142; x_wconf 90' lang='lat' dir='ltr'><strong>terra</strong></span> <span class='ocrx_word' id='word_1_466' title='bbox 3212 3088 3384 3157; x_wconf 90' lang='lat' dir='ltr'><strong>loqui-</strong></span> 
     </span>
    </p>
   </div>
   <div class='ocr_carea' id='block_1_61' title="bbox 1813 3176 3385 3246">
    <p class='ocr_par' dir='ltr' id='par_1_61' title="bbox 1813 3176 3385 3246">
     <span class='ocr_line' id='line_1_61' title="bbox 1813 3176 3385 3246; baseline -0.001 -12"><span class='ocrx_word' id='word_1_467' title='bbox 1813 3193 1920 3246; x_wconf 88' lang='lat' dir='ltr'><strong>tur,</strong></span> <span class='ocrx_word' id='word_1_468' title='bbox 1955 3202 1972 3234; x_wconf 71' lang='grc' dir='ltr'><strong>ι</strong></span> <span class='ocrx_word' id='word_1_469' title='bbox 2016 3183 2118 3236; x_wconf 90' lang='lat' dir='ltr'><strong>hoc</strong></span> <span class='ocrx_word' id='word_1_470' title='bbox 2161 3190 2242 3234; x_wconf 87' lang='lat' dir='ltr'><strong>est</strong></span> <span class='ocrx_word' id='word_1_471' title='bbox 2274 3181 2505 3234; x_wconf 89' lang='lat' dir='ltr'><strong>humana</strong></span> <span class='ocrx_word' id='word_1_472' title='bbox 2543 3194 2557 3230; x_wconf 89' lang='lat'><strong>:</strong></span> <span class='ocrx_word' id='word_1_473' title='bbox 2593 3193 2611 3226; x_wconf 73' lang='grc' dir='ltr'><strong>ι</strong></span> <span class='ocrx_word' id='word_1_474' title='bbox 2654 3176 2746 3245; x_wconf 93' lang='lat' dir='ltr'><strong>qui</strong></span> <span class='ocrx_word' id='word_1_475' title='bbox 2804 3186 2979 3229; x_wconf 92' lang='lat' dir='ltr'><strong>autem</strong></span> <span class='ocrx_word' id='word_1_476' title='bbox 3019 3176 3086 3229; x_wconf 89' lang='lat' dir='ltr'><strong>de</strong></span> <span class='ocrx_word' id='word_1_477' title='bbox 3136 3180 3385 3244; x_wconf 86' lang='lat' dir='ltr'><strong>supernis</strong></span> 
     </span>
    </p>
   </div>
   <div class='ocr_carea' id='block_1_62' title="bbox 137 3266 3382 3340">
    <p class='ocr_par' dir='ltr' id='par_1_62' title="bbox 137 3266 3382 3340">
     <span class='ocr_line' id='line_1_62' title="bbox 137 3266 3382 3340; baseline 0.001 -22"><span class='ocrx_word' id='word_1_478' title='bbox 137 3269 309 3328; x_wconf 88' lang='lat' dir='ltr'><strong>venit.</strong></span> <span class='ocrx_word' id='word_1_479' title='bbox 351 3283 513 3337; x_wconf 85' lang='lat' dir='ltr'><strong>super</strong></span> <span class='ocrx_word' id='word_1_480' title='bbox 541 3285 731 3323; x_wconf 83' lang='lat' dir='ltr'><strong>omnes</strong></span> <span class='ocrx_word' id='word_1_481' title='bbox 758 3277 841 3325; x_wconf 87' lang='lat' dir='ltr'><strong>est</strong></span> <span class='ocrx_word' id='word_1_482' title='bbox 869 3270 913 3300; x_wconf 84' lang='grc'>⁸⁸</span> <span class='ocrx_word' id='word_1_483' title='bbox 936 3309 951 3334; x_wconf 92' lang='grc'><strong>,</strong></span> <span class='ocrx_word' id='word_1_484' title='bbox 995 3288 1012 3321; x_wconf 76' lang='grc' dir='ltr'><strong>ι</strong></span> <span class='ocrx_word' id='word_1_485' title='bbox 1063 3286 1252 3340; x_wconf 90' lang='lat' dir='ltr'><strong>nempe</strong></span> <span class='ocrx_word' id='word_1_486' title='bbox 1284 3281 1339 3324; x_wconf 92' lang='lat' dir='ltr'><strong>ut</strong></span> <span class='ocrx_word' id='word_1_487' title='bbox 1367 3273 1525 3326; x_wconf 89' lang='lat' dir='ltr'><strong>Deus.</strong></span> <span class='ocrx_word' id='word_1_488' title='bbox 1561 3270 1713 3328; x_wconf 82' lang='lat' dir='ltr'><strong>Hunc</strong></span> <span class='ocrx_word' id='word_1_489' title='bbox 1753 3282 1932 3326; x_wconf 85' lang='lat' dir='ltr'><strong>autem</strong></span> <span class='ocrx_word' id='word_1_490' title='bbox 1991 3272 2265 3327; x_wconf 88' lang='lat' dir='ltr'><strong>Christum</strong></span> <span class='ocrx_word' id='word_1_491' title='bbox 2302 3286 2441 3335; x_wconf 90' lang='lat' dir='ltr'><strong>csse,</strong></span> <span class='ocrx_word' id='word_1_492' title='bbox 2469 3278 2523 3324; x_wconf 93' lang='lat' dir='ltr'><strong>et</strong></span> <span class='ocrx_word' id='word_1_493' title='bbox 2588 3266 2776 3333; x_wconf 79' lang='lat' dir='ltr'><strong>fuisse,</strong></span> <span class='ocrx_word' id='word_1_494' title='bbox 2804 3267 3153 3336; x_wconf 74' lang='lat' dir='ltr'><strong>quaestionem</strong></span> <span class='ocrx_word' id='word_1_495' title='bbox 3188 3267 3382 3322; x_wconf 88' lang='lat' dir='ltr'><strong>nullam</strong></span> 
     </span>
    </p>
   </div>
   <div class='ocr_carea' id='block_1_63' title="bbox 138 3360 323 3414">
    <p class='ocr_par' dir='ltr' id='par_1_63' title="bbox 138 3360 323 3414">
     <span class='ocr_line' id='line_1_63' title="bbox 138 3360 323 3414; baseline -0.005 0"><span class='ocrx_word' id='word_1_496' title='bbox 138 3360 323 3414; x_wconf 74' lang='lat' dir='ltr'><strong>babeL</strong></span> 
     </span>
    </p>
   </div>
   <div class='ocr_carea' id='block_1_64' title="bbox 216 3449 1777 3521">
    <p class='ocr_par' dir='ltr' id='par_1_64' title="bbox 216 3449 1777 3521">
     <span class='ocr_line' id='line_1_64' title="bbox 216 3449 1777 3521; baseline 0.001 -20"><span class='ocrx_word' id='word_1_497' title='bbox 216 3469 235 3501; x_wconf 73' lang='grc' dir='ltr'><strong>ι</strong></span> <span class='ocrx_word' id='word_1_498' title='bbox 277 3449 480 3518; x_wconf 87' lang='grc' dir='ltr'>Ἰησοῦς</span> <span class='ocrx_word' id='word_1_499' title='bbox 511 3449 744 3519; x_wconf 83' lang='grc' dir='ltr'>Χριστὸς</span> <span class='ocrx_word' id='word_1_500' title='bbox 771 3449 918 3520; x_wconf 85' lang='grc' dir='ltr'>χθὲς,</span> <span class='ocrx_word' id='word_1_501' title='bbox 943 3451 1036 3503; x_wconf 75' lang='grc' dir='ltr'>καὶ</span> <span class='ocrx_word' id='word_1_502' title='bbox 1069 3451 1310 3521; x_wconf 82' lang='grc' dir='ltr'>σήμερον</span> <span class='ocrx_word' id='word_1_503' title='bbox 1339 3453 1366 3504; x_wconf 89' lang='lat'><strong>6</strong></span> <span class='ocrx_word' id='word_1_504' title='bbox 1398 3450 1579 3516; x_wconf 78' lang='grc' dir='ltr'>αὐτὸς,</span> <span class='ocrx_word' id='word_1_505' title='bbox 1614 3453 1707 3503; x_wconf 79' lang='grc' dir='ltr'>καὶ</span> <span class='ocrx_word' id='word_1_506' title='bbox 1736 3461 1777 3518; x_wconf 79' lang='lat' dir='ltr'>C</span> 
     </span>
    </p>
   </div>
   <div class='ocr_carea' id='block_1_65' title="bbox 137 3540 1711 3610">
    <p class='ocr_par' dir='ltr' id='par_1_65' title="bbox 137 3540 1711 3610">
     <span class='ocr_line' id='line_1_65' title="bbox 137 3540 1711 3610; baseline 0.002 -18"><span class='ocrx_word' id='word_1_507' title='bbox 137 3541 221 3602; x_wconf 76' lang='grc' dir='ltr'><strong>εἰς</strong></span> <span class='ocrx_word' id='word_1_508' title='bbox 249 3542 374 3603; x_wconf 80' lang='grc' dir='ltr'>τοὺς</span> <span class='ocrx_word' id='word_1_509' title='bbox 403 3540 623 3603; x_wconf 74' lang='grc' dir='ltr'>αἰῶνας.</span> <span class='ocrx_word' id='word_1_510' title='bbox 652 3559 670 3591; x_wconf 83' lang='grc'><strong>›</strong></span> <span class='ocrx_word' id='word_1_511' title='bbox 695 3541 796 3593; x_wconf 86' lang='grc' dir='ltr'>Τὸν</span> <span class='ocrx_word' id='word_1_512' title='bbox 826 3543 889 3593; x_wconf 81' lang='grc' dir='ltr'><strong>ὲκ</strong></span> <span class='ocrx_word' id='word_1_513' title='bbox 919 3540 1053 3593; x_wconf 88' lang='grc' dir='ltr'>Θεοῦ</span> <span class='ocrx_word' id='word_1_514' title='bbox 1085 3541 1256 3610; x_wconf 82' lang='grc' dir='ltr'>φύντα</span> <span class='ocrx_word' id='word_1_515' title='bbox 1279 3542 1450 3609; x_wconf 84' lang='grc' dir='ltr'>Λόγον</span> <span class='ocrx_word' id='word_1_516' title='bbox 1474 3543 1594 3595; x_wconf 90' lang='grc' dir='ltr'>τότε</span> <span class='ocrx_word' id='word_1_517' title='bbox 1626 3559 1711 3595; x_wconf 88' lang='grc' dir='ltr'>κε-</span> 
     </span>
    </p>
   </div>
   <div class='ocr_carea' id='block_1_66' title="bbox 135 3631 1708 3701">
    <p class='ocr_par' dir='ltr' id='par_1_66' title="bbox 135 3631 1708 3701">
     <span class='ocr_line' id='line_1_66' title="bbox 135 3631 1708 3701; baseline 0.001 -17"><span class='ocrx_word' id='word_1_518' title='bbox 135 3631 407 3701; x_wconf 74' lang='grc' dir='ltr'>κλημένον</span> <span class='ocrx_word' id='word_1_519' title='bbox 455 3632 760 3701; x_wconf 78' lang='grc' dir='ltr'>εὑρήσομεν</span> <span class='ocrx_word' id='word_1_520' title='bbox 805 3633 1009 3701; x_wconf 81' lang='grc' dir='ltr'>Ἰησοῦν</span> <span class='ocrx_word' id='word_1_521' title='bbox 1053 3632 1308 3701; x_wconf 81' lang='grc' dir='ltr'>Χριστὸν,</span> <span class='ocrx_word' id='word_1_522' title='bbox 1341 3635 1430 3685; x_wconf 78' lang='grc' dir='ltr'><strong>ὅτε</strong></span> <span class='ocrx_word' id='word_1_523' title='bbox 1489 3633 1708 3701; x_wconf 86' lang='grc' dir='ltr'>γέγονεν</span> 
     </span>
    </p>
   </div>
   <div class='ocr_carea' id='block_1_67' title="bbox 133 3717 1704 3791">
    <p class='ocr_par' dir='ltr' id='par_1_67' title="bbox 133 3717 1704 3791">
     <span class='ocr_line' id='line_1_67' title="bbox 133 3717 1704 3791; baseline 0 -17"><span class='ocrx_word' id='word_1_524' title='bbox 133 3718 423 3789; x_wconf 79' lang='grc' dir='ltr'>ἄνθρωπος</span> <span class='ocrx_word' id='word_1_525' title='bbox 451 3720 514 3770; x_wconf 81' lang='grc' dir='ltr'>ὲκ</span> <span class='ocrx_word' id='word_1_526' title='bbox 546 3719 824 3786; x_wconf 87' lang='grc' dir='ltr'>γυναικός.</span> <span class='ocrx_word' id='word_1_527' title='bbox 844 3722 965 3783; x_wconf 90' lang='grc' dir='ltr'>Πῶς</span> <span class='ocrx_word' id='word_1_528' title='bbox 994 3717 1087 3773; x_wconf 82' lang='grc' dir='ltr'><strong>οῦν</strong></span> <span class='ocrx_word' id='word_1_529' title='bbox 1111 3722 1138 3772; x_wconf 91' lang='grc' dir='ltr'><strong>ό</strong></span> <span class='ocrx_word' id='word_1_530' title='bbox 1171 3721 1315 3790; x_wconf 83' lang='grc' dir='ltr'>χθὲς,</span> <span class='ocrx_word' id='word_1_531' title='bbox 1335 3723 1428 3774; x_wconf 76' lang='grc' dir='ltr'>καὶ</span> <span class='ocrx_word' id='word_1_532' title='bbox 1445 3723 1704 3791; x_wconf 85' lang='grc' dir='ltr'>σήμερον,</span> 
     </span>
    </p>
   </div>
   <div class='ocr_carea' id='block_1_68' title="bbox 131 3795 1705 3882">
    <p class='ocr_par' dir='ltr' id='par_1_68' title="bbox 131 3795 1705 3882">
     <span class='ocr_line' id='line_1_68' title="bbox 131 3795 1705 3882; baseline 0.001 -19"><span class='ocrx_word' id='word_1_533' title='bbox 131 3812 166 3863; x_wconf 84' lang='grc' dir='ltr'><strong>ὁ</strong></span> <span class='ocrx_word' id='word_1_534' title='bbox 205 3808 366 3871; x_wconf 79' lang='grc' dir='ltr'>αὐτὸς</span> <span class='ocrx_word' id='word_1_535' title='bbox 403 3808 499 3861; x_wconf 76' lang='grc' dir='ltr'>καὶ</span> <span class='ocrx_word' id='word_1_536' title='bbox 541 3810 618 3870; x_wconf 83' lang='grc' dir='ltr'><strong>είς</strong></span> <span class='ocrx_word' id='word_1_537' title='bbox 651 3809 777 3870; x_wconf 85' lang='grc' dir='ltr'>τοὺς</span> <span class='ocrx_word' id='word_1_538' title='bbox 822 3809 1058 3875; x_wconf 86' lang='grc' dir='ltr'>αίῶνας;</span> <span class='ocrx_word' id='word_1_539' title='bbox 1102 3795 1321 3862; x_wconf 69' lang='grc' dir='ltr'>’Ἑνώσει</span> <span class='ocrx_word' id='word_1_540' title='bbox 1368 3811 1609 3881; x_wconf 83' lang='grc' dir='ltr'>δηλονότι</span> <span class='ocrx_word' id='word_1_541' title='bbox 1638 3814 1705 3882; x_wconf 80' lang='grc' dir='ltr'>τῇ</span> 
     </span>
    </p>
   </div>
   <div class='ocr_carea' id='block_1_69' title="bbox 134 3899 1708 3973">
    <p class='ocr_par' dir='ltr' id='par_1_69' title="bbox 134 3899 1708 3973">
     <span class='ocr_line' id='line_1_69' title="bbox 134 3899 1708 3973; baseline 0.001 -19"><span class='ocrx_word' id='word_1_542' title='bbox 134 3901 276 3973; x_wconf 78' lang='grc' dir='ltr'>πρὸς</span> <span class='ocrx_word' id='word_1_543' title='bbox 299 3901 390 3953; x_wconf 84' lang='grc' dir='ltr'><strong>τὸν</strong></span> <span class='ocrx_word' id='word_1_544' title='bbox 423 3903 486 3954; x_wconf 81' lang='grc' dir='ltr'>ὲκ</span> <span class='ocrx_word' id='word_1_545' title='bbox 511 3899 645 3953; x_wconf 83' lang='grc' dir='ltr'>Θεοῦ</span> <span class='ocrx_word' id='word_1_546' title='bbox 678 3901 867 3969; x_wconf 82' lang='grc' dir='ltr'>Λόγον,</span> <span class='ocrx_word' id='word_1_547' title='bbox 893 3902 971 3964; x_wconf 84' lang='grc' dir='ltr'><strong>είς</strong></span> <span class='ocrx_word' id='word_1_548' title='bbox 1006 3901 1131 3954; x_wconf 87' lang='grc' dir='ltr'>Υίὸν</span> <span class='ocrx_word' id='word_1_549' title='bbox 1157 3901 1254 3954; x_wconf 76' lang='grc' dir='ltr'><strong>ἕνα</strong></span> <span class='ocrx_word' id='word_1_550' title='bbox 1284 3903 1577 3972; x_wconf 77' lang='grc' dir='ltr'>νοουμένης</span> <span class='ocrx_word' id='word_1_551' title='bbox 1607 3903 1708 3972; x_wconf 84' lang='grc' dir='ltr'>τῆς</span> 
     </span>
    </p>
   </div>
   <div class='ocr_carea' id='block_1_70' title="bbox 132 3993 1706 4066">
    <p class='ocr_par' dir='ltr' id='par_1_70' title="bbox 132 3993 1706 4066">
     <span class='ocr_line' id='line_1_70' title="bbox 132 3993 1706 4066; baseline -0.002 -17"><span class='ocrx_word' id='word_1_552' title='bbox 132 3994 539 4064; x_wconf 76' lang='grc' dir='ltr'>ἀναληφθείσης</span> <span class='ocrx_word' id='word_1_553' title='bbox 579 3993 637 4058; x_wconf 75' lang='grc' dir='ltr'>ἐξ</span> <span class='ocrx_word' id='word_1_554' title='bbox 661 3995 825 4048; x_wconf 81' lang='grc' dir='ltr'>αὑτοῦ</span> <span class='ocrx_word' id='word_1_555' title='bbox 870 3995 1099 4066; x_wconf 80' lang='grc' dir='ltr'>σαρκός’</span> <span class='ocrx_word' id='word_1_556' title='bbox 1131 3994 1272 4047; x_wconf 76' lang='grc' dir='ltr'>οὕτω</span> <span class='ocrx_word' id='word_1_557' title='bbox 1307 3995 1415 4064; x_wconf 82' lang='grc' dir='ltr'>γὰρ</span> <span class='ocrx_word' id='word_1_558' title='bbox 1447 3994 1506 4046; x_wconf 82' lang='grc' dir='ltr'><strong>τὸ</strong></span> <span class='ocrx_word' id='word_1_559' title='bbox 1546 3995 1706 4065; x_wconf 81' lang='grc' dir='ltr'>ἄτρε-</span> 
     </span>
    </p>
   </div>
   <div class='ocr_carea' id='block_1_71' title="bbox 133 4083 1707 4158">
    <p class='ocr_par' dir='ltr' id='par_1_71' title="bbox 133 4083 1707 4158">
     <span class='ocr_line' id='line_1_71' title="bbox 133 4083 1707 4158; baseline -0.001 -20"><span class='ocrx_word' id='word_1_560' title='bbox 133 4103 272 4139; x_wconf 81' lang='grc' dir='ltr'>πτον</span> <span class='ocrx_word' id='word_1_561' title='bbox 310 4086 402 4139; x_wconf 86' lang='grc' dir='ltr'><strong>τοῦ</strong></span> <span class='ocrx_word' id='word_1_562' title='bbox 438 4087 611 4155; x_wconf 86' lang='grc' dir='ltr'>Λόγου</span> <span class='ocrx_word' id='word_1_563' title='bbox 642 4085 782 4140; x_wconf 85' lang='grc' dir='ltr'><strong>κατά</strong></span> <span class='ocrx_word' id='word_1_564' title='bbox 808 4086 968 4155; x_wconf 79' lang='grc' dir='ltr'>φύσιν</span> <span class='ocrx_word' id='word_1_565' title='bbox 995 4087 1147 4158; x_wconf 80' lang='grc' dir='ltr'>μενεῖ</span> <span class='ocrx_word' id='word_1_566' title='bbox 1175 4084 1332 4138; x_wconf 84' lang='grc' dir='ltr'>πάλιν</span> <span class='ocrx_word' id='word_1_567' title='bbox 1363 4083 1529 4155; x_wconf 79' lang='grc' dir='ltr'>αὐτῷ,</span> <span class='ocrx_word' id='word_1_568' title='bbox 1559 4101 1707 4138; x_wconf 74' lang='grc' dir='ltr'>νοουδ</span> 
     </span>
    </p>
   </div>
   <div class='ocr_carea' id='block_1_72' title="bbox 136 4175 841 4247">
    <p class='ocr_par' dir='ltr' id='par_1_72' title="bbox 136 4175 841 4247">
     <span class='ocr_line' id='line_1_72' title="bbox 136 4175 841 4247; baseline 0.001 -19"><span class='ocrx_word' id='word_1_569' title='bbox 136 4175 290 4246; x_wconf 82' lang='grc' dir='ltr'>μένῳ</span> <span class='ocrx_word' id='word_1_570' title='bbox 316 4176 412 4229; x_wconf 74' lang='grc' dir='ltr'>καὶ</span> <span class='ocrx_word' id='word_1_571' title='bbox 448 4175 586 4247; x_wconf 84' lang='grc' dir='ltr'><strong>μετά</strong></span> <span class='ocrx_word' id='word_1_572' title='bbox 620 4175 841 4247; x_wconf 88' lang='grc' dir='ltr'>σαρκός.</span> 
     </span>
    </p>
   </div>
   <div class='ocr_carea' id='block_1_73' title="bbox 430 4391 1436 4462">
    <p class='ocr_par' dir='ltr' id='par_1_73' title="bbox 430 4391 1436 4462">
     <span class='ocr_line' id='line_1_73' title="bbox 430 4391 1436 4462; baseline 0.002 -16"><span class='ocrx_word' id='word_1_573' title='bbox 430 4393 525 4446; x_wconf 83' lang='grc' dir='ltr'>Ἐκ</span> <span class='ocrx_word' id='word_1_574' title='bbox 554 4392 664 4461; x_wconf 77' lang='grc' dir='ltr'>τῆς</span> <span class='ocrx_word' id='word_1_575' title='bbox 696 4393 844 4460; x_wconf 83' lang='grc' dir='ltr'>πρὸς</span> <span class='ocrx_word' id='word_1_576' title='bbox 883 4395 1156 4462; x_wconf 81' lang='grc' dir='ltr'>Τιμόθεον</span> <span class='ocrx_word' id='word_1_577' title='bbox 1185 4391 1436 4459; x_wconf 82' lang='grc' dir='ltr'>πρώτης.</span> 
     </span>
    </p>
   </div>
   <div class='ocr_carea' id='block_1_74' title="bbox 214 4524 1701 4595">
    <p class='ocr_par' dir='ltr' id='par_1_74' title="bbox 214 4524 1701 4595">
     <span class='ocr_line' id='line_1_74' title="bbox 214 4524 1701 4595; baseline -0.001 -17"><span class='ocrx_word' id='word_1_578' title='bbox 214 4545 233 4578; x_wconf 74' lang='grc' dir='ltr'>ι</span> <span class='ocrx_word' id='word_1_579' title='bbox 264 4526 474 4589; x_wconf 73' lang='grc' dir='ltr'>Παῦλος</span> <span class='ocrx_word' id='word_1_580' title='bbox 512 4526 806 4588; x_wconf 85' lang='grc' dir='ltr'>ἀπόστολος</span> <span class='ocrx_word' id='word_1_581' title='bbox 840 4524 1013 4595; x_wconf 82' lang='grc' dir='ltr'>Ἰησοῦ</span> <span class='ocrx_word' id='word_1_582' title='bbox 1058 4525 1318 4595; x_wconf 89' lang='grc' dir='ltr'>Χριστοῦ,</span> <span class='ocrx_word' id='word_1_583' title='bbox 1362 4525 1479 4577; x_wconf 88' lang='grc' dir='ltr'>κατ’</span> <span class='ocrx_word' id='word_1_584' title='bbox 1510 4527 1701 4577; x_wconf 72' lang='grc' dir='ltr'>ἐπιτα-</span> 
     </span>
    </p>
   </div>
   <div class='ocr_carea' id='block_1_75' title="bbox 127 4613 1702 4686">
    <p class='ocr_par' dir='ltr' id='par_1_75' title="bbox 127 4613 1702 4686">
     <span class='ocr_line' id='line_1_75' title="bbox 127 4613 1702 4686; baseline -0.003 -17"><span class='ocrx_word' id='word_1_585' title='bbox 127 4616 239 4686; x_wconf 74' lang='grc' dir='ltr'>γὴν</span> <span class='ocrx_word' id='word_1_586' title='bbox 267 4616 400 4668; x_wconf 85' lang='grc' dir='ltr'>Θεοῦ</span> <span class='ocrx_word' id='word_1_587' title='bbox 435 4616 684 4684; x_wconf 84' lang='grc' dir='ltr'>Σωτῆρος</span> <span class='ocrx_word' id='word_1_588' title='bbox 714 4615 890 4684; x_wconf 77' lang='grc' dir='ltr'>ἡμῶν,</span> <span class='ocrx_word' id='word_1_589' title='bbox 919 4613 1166 4685; x_wconf 83' lang='grc' dir='ltr'>Τιμοθέῳ</span> <span class='ocrx_word' id='word_1_590' title='bbox 1195 4613 1401 4684; x_wconf 83' lang='grc' dir='ltr'>γνησίῳ</span> <span class='ocrx_word' id='word_1_591' title='bbox 1439 4613 1614 4682; x_wconf 78' lang='grc' dir='ltr'>τέκνῳ</span> <span class='ocrx_word' id='word_1_592' title='bbox 1645 4615 1702 4665; x_wconf 84' lang='grc' dir='ltr'><strong>ὲν</strong></span> 
     </span>
    </p>
   </div>
   <div class='ocr_carea' id='block_1_76' title="bbox 130 4701 1700 4775">
    <p class='ocr_par' dir='ltr' id='par_1_76' title="bbox 130 4701 1700 4775">
     <span class='ocr_line' id='line_1_76' title="bbox 130 4701 1700 4775; baseline -0.004 -15"><span class='ocrx_word' id='word_1_593' title='bbox 130 4708 340 4760; x_wconf 84' lang='grc' dir='ltr'>πίστει.</span> <span class='ocrx_word' id='word_1_594' title='bbox 371 4725 390 4756; x_wconf 74' lang='grc' dir='ltr'><strong>ι</strong></span> <span class='ocrx_word' id='word_1_595' title='bbox 430 4707 504 4759; x_wconf 82' lang='grc' dir='ltr'>Τὸ</span> <span class='ocrx_word' id='word_1_596' title='bbox 536 4706 631 4759; x_wconf 92' lang='grc' dir='ltr'><strong>τοῦ</strong></span> <span class='ocrx_word' id='word_1_597' title='bbox 675 4706 926 4774; x_wconf 83' lang='grc' dir='ltr'>Σωτῆρος</span> <span class='ocrx_word' id='word_1_598' title='bbox 965 4705 1134 4774; x_wconf 74' lang='grc' dir='ltr'>ὄνομα</span> <span class='ocrx_word' id='word_1_599' title='bbox 1167 4706 1367 4775; x_wconf 85' lang='grc' dir='ltr'>πρέποι</span> <span class='ocrx_word' id='word_1_600' title='bbox 1403 4703 1467 4756; x_wconf 85' lang='grc' dir='ltr'>ἂν</span> <span class='ocrx_word' id='word_1_601' title='bbox 1501 4701 1700 4773; x_wconf 77' lang='grc' dir='ltr'>μᾶλλον</span> 
     </span>
    </p>
   </div>
   <div class='ocr_carea' id='block_1_77' title="bbox 1889 3447 3386 3516">
    <p class='ocr_par' dir='ltr' id='par_1_77' title="bbox 1889 3447 3386 3516">
     <span class='ocr_line' id='line_1_77' title="bbox 1889 3447 3386 3516; baseline 0.003 -14"><span class='ocrx_word' id='word_1_602' title='bbox 1889 3471 1905 3502; x_wconf 74' lang='grc' dir='ltr'><strong>ι</strong></span> <span class='ocrx_word' id='word_1_603' title='bbox 1939 3450 2096 3506; x_wconf 82' lang='lat' dir='ltr'><strong>Jesus</strong></span> <span class='ocrx_word' id='word_1_604' title='bbox 2125 3450 2373 3505; x_wconf 87' lang='lat' dir='ltr'><strong>Christus</strong></span> <span class='ocrx_word' id='word_1_605' title='bbox 2421 3451 2572 3512; x_wconf 83' lang='lat' dir='ltr'><strong>heri,</strong></span> <span class='ocrx_word' id='word_1_606' title='bbox 2601 3457 2656 3502; x_wconf 90' lang='lat' dir='ltr'><strong>et</strong></span> <span class='ocrx_word' id='word_1_607' title='bbox 2710 3447 2888 3510; x_wconf 87' lang='lat' dir='ltr'><strong>hodie,</strong></span> <span class='ocrx_word' id='word_1_608' title='bbox 2935 3448 3048 3516; x_wconf 91' lang='lat' dir='ltr'><strong>ipse</strong></span> <span class='ocrx_word' id='word_1_609' title='bbox 3082 3458 3137 3506; x_wconf 88' lang='lat' dir='ltr'><strong>et</strong></span> <span class='ocrx_word' id='word_1_610' title='bbox 3187 3448 3238 3502; x_wconf 91' lang='lat' dir='ltr'><strong>in</strong></span> <span class='ocrx_word' id='word_1_611' title='bbox 3282 3467 3386 3506; x_wconf 78' lang='lat' dir='ltr'><strong>sa:-</strong></span> 
     </span>
    </p>
   </div>
   <div class='ocr_carea' id='block_1_78' title="bbox 1817 3541 3382 3609">
    <p class='ocr_par' dir='ltr' id='par_1_78' title="bbox 1817 3541 3382 3609">
     <span class='ocr_line' id='line_1_78' title="bbox 1817 3541 3382 3609; baseline -0.001 -13"><span class='ocrx_word' id='word_1_612' title='bbox 1817 3543 1938 3596; x_wconf 87' lang='lat' dir='ltr'><strong>cula</strong></span> <span class='ocrx_word' id='word_1_613' title='bbox 1967 3545 2031 3597; x_wconf 82' lang='lat'><strong>&quot;.</strong></span> <span class='ocrx_word' id='word_1_614' title='bbox 2073 3562 2091 3594; x_wconf 76' lang='grc' dir='ltr'><strong>ι</strong></span> <span class='ocrx_word' id='word_1_615' title='bbox 2132 3543 2363 3595; x_wconf 88' lang='lat' dir='ltr'><strong>Verbum</strong></span> <span class='ocrx_word' id='word_1_616' title='bbox 2397 3544 2537 3609; x_wconf 92' lang='lat' dir='ltr'><strong>quod</strong></span> <span class='ocrx_word' id='word_1_617' title='bbox 2572 3559 2636 3597; x_wconf 80' lang='lat' dir='ltr'><strong>ex</strong></span> <span class='ocrx_word' id='word_1_618' title='bbox 2683 3545 2790 3598; x_wconf 90' lang='lat' dir='ltr'><strong>Deo</strong></span> <span class='ocrx_word' id='word_1_619' title='bbox 2833 3541 3090 3609; x_wconf 74' lang='lat' dir='ltr'><strong>gignitur,</strong></span> <span class='ocrx_word' id='word_1_620' title='bbox 3120 3550 3245 3594; x_wconf 90' lang='lat' dir='ltr'><strong>tunc</strong></span> <span class='ocrx_word' id='word_1_621' title='bbox 3289 3542 3382 3595; x_wconf 87' lang='lat' dir='ltr'><strong>de-</strong></span> 
     </span>
    </p>
   </div>
   <div class='ocr_carea' id='block_1_79' title="bbox 1816 3631 3384 3701">
    <p class='ocr_par' dir='ltr' id='par_1_79' title="bbox 1816 3631 3384 3701">
     <span class='ocr_line' id='line_1_79' title="bbox 1816 3631 3384 3701; baseline -0.001 -15"><span class='ocrx_word' id='word_1_622' title='bbox 1816 3648 1962 3687; x_wconf 91' lang='lat' dir='ltr'><strong>mum</strong></span> <span class='ocrx_word' id='word_1_623' title='bbox 1995 3631 2124 3687; x_wconf 85' lang='lat' dir='ltr'><strong>Jesu</strong></span> <span class='ocrx_word' id='word_1_624' title='bbox 2155 3632 2359 3686; x_wconf 87' lang='lat' dir='ltr'><strong>Christi</strong></span> <span class='ocrx_word' id='word_1_625' title='bbox 2385 3632 2794 3701; x_wconf 87' lang='lat' dir='ltr'><strong>appellationem</strong></span> <span class='ocrx_word' id='word_1_626' title='bbox 2839 3631 3084 3685; x_wconf 88' lang='lat' dir='ltr'><strong>sortitum</strong></span> <span class='ocrx_word' id='word_1_627' title='bbox 3123 3633 3384 3698; x_wconf 85' lang='lat' dir='ltr'><strong>cOmperi-</strong></span> 
     </span>
    </p>
   </div>
   <div class='ocr_carea' id='block_1_80' title="bbox 1817 3720 3386 3790">
    <p class='ocr_par' dir='ltr' id='par_1_80' title="bbox 1817 3720 3386 3790">
     <span class='ocr_line' id='line_1_80' title="bbox 1817 3720 3386 3790; baseline 0 -14"><span class='ocrx_word' id='word_1_628' title='bbox 1817 3740 1958 3788; x_wconf 90' lang='lat' dir='ltr'><strong>mus,</strong></span> <span class='ocrx_word' id='word_1_629' title='bbox 1991 3740 2111 3779; x_wconf 90' lang='lat' dir='ltr'><strong>cum</strong></span> <span class='ocrx_word' id='word_1_630' title='bbox 2157 3739 2222 3780; x_wconf 81' lang='lat' dir='ltr'><strong>ex</strong></span> <span class='ocrx_word' id='word_1_631' title='bbox 2273 3724 2497 3778; x_wconf 91' lang='lat' dir='ltr'><strong>muliere</strong></span> <span class='ocrx_word' id='word_1_632' title='bbox 2527 3721 2728 3777; x_wconf 79' lang='lat' dir='ltr'><strong>factum</strong></span> <span class='ocrx_word' id='word_1_633' title='bbox 2776 3731 2856 3776; x_wconf 89' lang='lat' dir='ltr'><strong>est</strong></span> <span class='ocrx_word' id='word_1_634' title='bbox 2887 3723 3063 3776; x_wconf 91' lang='lat' dir='ltr'><strong>homo.</strong></span> <span class='ocrx_word' id='word_1_635' title='bbox 3105 3720 3207 3775; x_wconf 91' lang='lat' dir='ltr'><strong>Sed</strong></span> <span class='ocrx_word' id='word_1_636' title='bbox 3251 3739 3386 3790; x_wconf 84' lang='lat' dir='ltr'><strong>quo-</strong></span> 
     </span>
    </p>
   </div>
   <div class='ocr_carea' id='block_1_81' title="bbox 1815 3812 3380 3883">
    <p class='ocr_par' dir='ltr' id='par_1_81' title="bbox 1815 3812 3380 3883">
     <span class='ocr_line' id='line_1_81' title="bbox 1815 3812 3380 3883; baseline 0 -15"><span class='ocrx_word' id='word_1_637' title='bbox 1815 3817 1973 3868; x_wconf 90' lang='lat' dir='ltr'><strong>modo</strong></span> <span class='ocrx_word' id='word_1_638' title='bbox 2003 3815 2140 3868; x_wconf 92' lang='lat' dir='ltr'><strong>idem</strong></span> <span class='ocrx_word' id='word_1_639' title='bbox 2165 3826 2246 3869; x_wconf 89' lang='lat' dir='ltr'><strong>est</strong></span> <span class='ocrx_word' id='word_1_640' title='bbox 2277 3816 2484 3879; x_wconf 82' lang='lat' dir='ltr'><strong>lieri,et</strong></span> <span class='ocrx_word' id='word_1_641' title='bbox 2516 3815 2693 3876; x_wconf 93' lang='lat' dir='ltr'><strong>hodie,</strong></span> <span class='ocrx_word' id='word_1_642' title='bbox 2714 3815 2830 3883; x_wconf 88' lang='lat' dir='ltr'><strong>ipse</strong></span> <span class='ocrx_word' id='word_1_643' title='bbox 2854 3822 2908 3865; x_wconf 90' lang='lat' dir='ltr'><strong>et</strong></span> <span class='ocrx_word' id='word_1_644' title='bbox 2936 3813 2987 3865; x_wconf 93' lang='lat' dir='ltr'><strong>in</strong></span> <span class='ocrx_word' id='word_1_645' title='bbox 3018 3812 3246 3866; x_wconf 81' lang='lat' dir='ltr'><strong>saecula?</strong></span> <span class='ocrx_word' id='word_1_646' title='bbox 3267 3813 3380 3868; x_wconf 86' lang='lat' dir='ltr'><strong>Non</strong></span> 
     </span>
    </p>
   </div>
   <div class='ocr_carea' id='block_1_82' title="bbox 1813 3904 3379 3974">
    <p class='ocr_par' dir='ltr' id='par_1_82' title="bbox 1813 3904 3379 3974">
     <span class='ocr_line' id='line_1_82' title="bbox 1813 3904 3379 3974; baseline -0.001 -17"><span class='ocrx_word' id='word_1_647' title='bbox 1813 3905 1914 3957; x_wconf 87' lang='lat' dir='ltr'><strong>alia</strong></span> <span class='ocrx_word' id='word_1_648' title='bbox 1953 3906 2134 3974; x_wconf 91' lang='lat' dir='ltr'><strong>utique</strong></span> <span class='ocrx_word' id='word_1_649' title='bbox 2181 3905 2410 3970; x_wconf 89' lang='lat' dir='ltr'><strong>ratione,</strong></span> <span class='ocrx_word' id='word_1_650' title='bbox 2443 3919 2603 3974; x_wconf 90' lang='lat' dir='ltr'><strong>quam</strong></span> <span class='ocrx_word' id='word_1_651' title='bbox 2650 3904 2850 3968; x_wconf 91' lang='lat' dir='ltr'><strong>carnis,</strong></span> <span class='ocrx_word' id='word_1_652' title='bbox 2887 3917 3045 3972; x_wconf 89' lang='lat' dir='ltr'><strong>quam</strong></span> <span class='ocrx_word' id='word_1_653' title='bbox 3076 3905 3379 3973; x_wconf 81' lang='lat' dir='ltr'><strong>assumpsit,</strong></span> 
     </span>
    </p>
   </div>
   <div class='ocr_carea' id='block_1_83' title="bbox 1816 3994 3383 4065">
    <p class='ocr_par' dir='ltr' id='par_1_83' title="bbox 1816 3994 3383 4065">
     <span class='ocr_line' id='line_1_83' title="bbox 1816 3994 3383 4065; baseline 0.001 -16"><span class='ocrx_word' id='word_1_654' title='bbox 1816 4011 1936 4049; x_wconf 91' lang='lat' dir='ltr'><strong>cum</strong></span> <span class='ocrx_word' id='word_1_655' title='bbox 1958 3996 2047 4050; x_wconf 89' lang='lat' dir='ltr'><strong>Dei</strong></span> <span class='ocrx_word' id='word_1_656' title='bbox 2065 3996 2238 4050; x_wconf 88' lang='lat' dir='ltr'><strong>Verbo</strong></span> <span class='ocrx_word' id='word_1_657' title='bbox 2256 3997 2470 4060; x_wconf 90' lang='lat' dir='ltr'><strong>nnione,</strong></span> <span class='ocrx_word' id='word_1_658' title='bbox 2491 4005 2548 4048; x_wconf 91' lang='lat' dir='ltr'><strong>ut</strong></span> <span class='ocrx_word' id='word_1_659' title='bbox 2567 4011 2704 4050; x_wconf 88' lang='lat' dir='ltr'><strong>unus</strong></span> <span class='ocrx_word' id='word_1_660' title='bbox 2722 3995 3045 4065; x_wconf 80' lang='lat' dir='ltr'><strong>intelligatur</strong></span> <span class='ocrx_word' id='word_1_661' title='bbox 3071 3994 3251 4048; x_wconf 83' lang='lat' dir='ltr'><strong>Filius.</strong></span> <span class='ocrx_word' id='word_1_662' title='bbox 3270 3994 3383 4050; x_wconf 78' lang='lat' dir='ltr'><strong>Hac</strong></span> 
     </span>
    </p>
   </div>
   <div class='ocr_carea' id='block_1_84' title="bbox 1818 4085 3380 4153">
    <p class='ocr_par' dir='ltr' id='par_1_84' title="bbox 1818 4085 3380 4153">
     <span class='ocr_line' id='line_1_84' title="bbox 1818 4085 3380 4153; baseline 0.001 -16"><span class='ocrx_word' id='word_1_663' title='bbox 1818 4099 2053 4153; x_wconf 90' lang='lat' dir='ltr'><strong>namque</strong></span> <span class='ocrx_word' id='word_1_664' title='bbox 2081 4085 2536 4148; x_wconf 89' lang='lat' dir='ltr'><strong>consideratione,</strong></span> <span class='ocrx_word' id='word_1_665' title='bbox 2571 4085 2805 4150; x_wconf 88' lang='lat' dir='ltr'><strong>etiamsi,</strong></span> <span class='ocrx_word' id='word_1_666' title='bbox 2833 4093 2890 4137; x_wconf 93' lang='lat' dir='ltr'><strong>ut</strong></span> <span class='ocrx_word' id='word_1_667' title='bbox 2933 4098 3096 4138; x_wconf 87' lang='lat' dir='ltr'><strong>carne</strong></span> <span class='ocrx_word' id='word_1_668' title='bbox 3141 4085 3380 4138; x_wconf 88' lang='lat' dir='ltr'><strong>indutum</strong></span> 
     </span>
    </p>
   </div>
   <div class='ocr_carea' id='block_1_85' title="bbox 1811 4174 3382 4245">
    <p class='ocr_par' dir='ltr' id='par_1_85' title="bbox 1811 4174 3382 4245">
     <span class='ocr_line' id='line_1_85' title="bbox 1811 4174 3382 4245; baseline 0.001 -16"><span class='ocrx_word' id='word_1_669' title='bbox 1811 4186 1914 4239; x_wconf 90' lang='lat' dir='ltr'><strong>est,</strong></span> <span class='ocrx_word' id='word_1_670' title='bbox 1946 4176 2129 4230; x_wconf 92' lang='lat' dir='ltr'><strong>animo</strong></span> <span class='ocrx_word' id='word_1_671' title='bbox 2172 4177 2528 4241; x_wconf 83' lang='lat' dir='ltr'><strong>concipiatur,</strong></span> <span class='ocrx_word' id='word_1_672' title='bbox 2559 4175 2666 4245; x_wconf 85' lang='lat'><strong>75</strong></span> <span class='ocrx_word' id='word_1_673' title='bbox 2709 4190 2860 4230; x_wconf 89' lang='lat' dir='ltr'><strong>suam</strong></span> <span class='ocrx_word' id='word_1_674' title='bbox 2903 4174 3249 4229; x_wconf 88' lang='lat' dir='ltr'><strong>nihilominus</strong></span> <span class='ocrx_word' id='word_1_675' title='bbox 3288 4192 3382 4230; x_wconf 87' lang='lat' dir='ltr'><strong>na-</strong></span> 
     </span>
    </p>
   </div>
   <div class='ocr_carea' id='block_1_86' title="bbox 1811 4265 3220 4337">
    <p class='ocr_par' dir='ltr' id='par_1_86' title="bbox 1811 4265 3220 4337">
     <span class='ocr_line' id='line_1_86' title="bbox 1811 4265 3220 4337; baseline 0.001 -19"><span class='ocrx_word' id='word_1_676' title='bbox 1811 4265 2039 4320; x_wconf 87' lang='lat' dir='ltr'><strong>turalem</strong></span> <span class='ocrx_word' id='word_1_677' title='bbox 2069 4267 2424 4321; x_wconf 88' lang='lat' dir='ltr'><strong>stabilitatem</strong></span> <span class='ocrx_word' id='word_1_678' title='bbox 2461 4267 2718 4337; x_wconf 73' lang='lat' dir='ltr'><strong>integram</strong></span> <span class='ocrx_word' id='word_1_679' title='bbox 2748 4281 2967 4336; x_wconf 88' lang='lat' dir='ltr'><strong>semper</strong></span> <span class='ocrx_word' id='word_1_680' title='bbox 3003 4265 3220 4320; x_wconf 83' lang='lat' dir='ltr'><strong>retinet.</strong></span> 
     </span>
    </p>
   </div>
   <div class='ocr_carea' id='block_1_87' title="bbox 2222 4396 2975 4469">
    <p class='ocr_par' dir='ltr' id='par_1_87' title="bbox 2222 4396 2975 4469">
     <span class='ocr_line' id='line_1_87' title="bbox 2222 4396 2975 4469; baseline -0.001 -17"><span class='ocrx_word' id='word_1_681' title='bbox 2222 4396 2305 4454; x_wconf 81' lang='lat' dir='ltr'><strong>Ea:</strong></span> <span class='ocrx_word' id='word_1_682' title='bbox 2334 4399 2496 4469; x_wconf 77' lang='lat' dir='ltr'><strong>priori</strong></span> <span class='ocrx_word' id='word_1_683' title='bbox 2533 4401 2600 4452; x_wconf 87' lang='lat' dir='ltr'><strong>ad</strong></span> <span class='ocrx_word' id='word_1_684' title='bbox 2631 4397 2975 4451; x_wconf 78' lang='lat' dir='ltr'><strong>Timotheum.</strong></span> 
     </span>
    </p>
   </div>
   <div class='ocr_carea' id='block_1_88' title="bbox 1887 4528 3375 4602">
    <p class='ocr_par' dir='ltr' id='par_1_88' title="bbox 1887 4528 3375 4602">
     <span class='ocr_line' id='line_1_88' title="bbox 1887 4528 3375 4602; baseline 0.003 -21"><span class='ocrx_word' id='word_1_685' title='bbox 1887 4548 1906 4581; x_wconf 84' lang='grc'><strong>‹</strong></span> <span class='ocrx_word' id='word_1_686' title='bbox 1944 4530 2136 4585; x_wconf 87' lang='lat' dir='ltr'><strong>Paulus</strong></span> <span class='ocrx_word' id='word_1_687' title='bbox 2170 4528 2443 4598; x_wconf 89' lang='lat' dir='ltr'><strong>apostolus</strong></span> <span class='ocrx_word' id='word_1_688' title='bbox 2480 4529 2604 4582; x_wconf 87' lang='lat' dir='ltr'><strong>Jesu</strong></span> <span class='ocrx_word' id='word_1_689' title='bbox 2642 4529 2845 4583; x_wconf 88' lang='lat' dir='ltr'><strong>Christi</strong></span> <span class='ocrx_word' id='word_1_690' title='bbox 2884 4531 3176 4584; x_wconf 83' lang='lat' dir='ltr'><strong>secundum</strong></span> <span class='ocrx_word' id='word_1_691' title='bbox 3209 4531 3375 4602; x_wconf 87' lang='lat' dir='ltr'><strong>impe-</strong></span> 
     </span>
    </p>
   </div>
   <div class='ocr_carea' id='block_1_89' title="bbox 1813 4617 3377 4695">
    <p class='ocr_par' dir='ltr' id='par_1_89' title="bbox 1813 4617 3377 4695">
     <span class='ocr_line' id='line_1_89' title="bbox 1813 4617 3377 4695; baseline 0.007 -23"><span class='ocrx_word' id='word_1_692' title='bbox 1813 4620 1948 4673; x_wconf 91' lang='lat' dir='ltr'><strong>rium</strong></span> <span class='ocrx_word' id='word_1_693' title='bbox 2008 4619 2098 4672; x_wconf 91' lang='lat' dir='ltr'><strong>Dei</strong></span> <span class='ocrx_word' id='word_1_694' title='bbox 2157 4617 2451 4674; x_wconf 86' lang='lat' dir='ltr'><strong>Salvatoris</strong></span> <span class='ocrx_word' id='word_1_695' title='bbox 2503 4630 2692 4682; x_wconf 80' lang='lat' dir='ltr'><strong>nostri,</strong></span> <span class='ocrx_word' id='word_1_696' title='bbox 2737 4630 2790 4675; x_wconf 91' lang='lat' dir='ltr'><strong>et</strong></span> <span class='ocrx_word' id='word_1_697' title='bbox 2840 4621 3034 4677; x_wconf 79' lang='lat' dir='ltr'><strong>CbriSti</strong></span> <span class='ocrx_word' id='word_1_698' title='bbox 3092 4623 3215 4677; x_wconf 83' lang='lat' dir='ltr'><strong>Jesu</strong></span> <span class='ocrx_word' id='word_1_699' title='bbox 3264 4629 3377 4695; x_wconf 87' lang='lat' dir='ltr'><strong>spei</strong></span> 
     </span>
    </p>
   </div>
   <div class='ocr_carea' id='block_1_90' title="bbox 1811 4709 3376 4776">
    <p class='ocr_par' dir='ltr' id='par_1_90' title="bbox 1811 4709 3376 4776">
     <span class='ocr_line' id='line_1_90' title="bbox 1811 4709 3376 4776; baseline 0.006 -13"><span class='ocrx_word' id='word_1_700' title='bbox 1811 4721 2036 4776; x_wconf 68' lang='lat' dir='ltr'><strong>nostrae,</strong></span> <span class='ocrx_word' id='word_1_701' title='bbox 2071 4709 2354 4766; x_wconf 87' lang='lat' dir='ltr'><strong>Timotheo</strong></span> <span class='ocrx_word' id='word_1_702' title='bbox 2395 4711 2588 4766; x_wconf 87' lang='lat' dir='ltr'><strong>dilecto</strong></span> <span class='ocrx_word' id='word_1_703' title='bbox 2627 4711 2737 4766; x_wconf 79' lang='lat' dir='ltr'><strong>(ilio</strong></span> <span class='ocrx_word' id='word_1_704' title='bbox 2763 4712 2815 4768; x_wconf 93' lang='lat' dir='ltr'><strong>in</strong></span> <span class='ocrx_word' id='word_1_705' title='bbox 2846 4713 2948 4767; x_wconf 82' lang='lat' dir='ltr'><strong>lide</strong></span> <span class='ocrx_word' id='word_1_706' title='bbox 2982 4715 3046 4766; x_wconf 82' lang='grc'><strong>⁷⁸.</strong></span> <span class='ocrx_word' id='word_1_707' title='bbox 3115 4733 3134 4765; x_wconf 75' lang='grc' dir='ltr'><strong>ι</strong></span> <span class='ocrx_word' id='word_1_708' title='bbox 3173 4713 3376 4771; x_wconf 88' lang='lat' dir='ltr'><strong>Nomen</strong></span> 
     </span>
    </p>
   </div>
   <div class='ocr_carea' id='block_1_91' title="bbox 125 4793 1711 4874">
    <p class='ocr_par' dir='ltr' id='par_1_91' title="bbox 125 4793 1702 4868">
     <span class='ocr_line' id='line_1_91' title="bbox 125 4793 1702 4868; baseline -0.004 -18"><span class='ocrx_word' id='word_1_709' title='bbox 125 4797 234 4866; x_wconf 75' lang='grc' dir='ltr'><strong>οὐχ</strong></span> <span class='ocrx_word' id='word_1_710' title='bbox 269 4798 438 4867; x_wconf 75' lang='grc' dir='ltr'>ἑτέρῳ</span> <span class='ocrx_word' id='word_1_711' title='bbox 468 4798 670 4868; x_wconf 78' lang='grc' dir='ltr'>κυρίως</span> <span class='ocrx_word' id='word_1_712' title='bbox 699 4814 758 4848; x_wconf 90' lang='grc' dir='ltr'><strong>τε</strong></span> <span class='ocrx_word' id='word_1_713' title='bbox 789 4799 880 4849; x_wconf 75' lang='grc' dir='ltr'><strong>καὶ</strong></span> <span class='ocrx_word' id='word_1_714' title='bbox 914 4796 1148 4866; x_wconf 84' lang='grc' dir='ltr'>ἀληθῶς,</span> <span class='ocrx_word' id='word_1_715' title='bbox 1181 4795 1318 4864; x_wconf 81' lang='grc' dir='ltr'>πλὴν</span> <span class='ocrx_word' id='word_1_716' title='bbox 1340 4795 1420 4847; x_wconf 85' lang='grc' dir='ltr'>ὃτι</span> <span class='ocrx_word' id='word_1_717' title='bbox 1446 4793 1510 4864; x_wconf 81' lang='grc' dir='ltr'><strong>δὴ</strong></span> <span class='ocrx_word' id='word_1_718' title='bbox 1556 4797 1702 4863; x_wconf 81' lang='grc' dir='ltr'>μόνῳ</span> 
     </span>
    </p>
   </div>
   <div class='ocr_carea' id='block_1_92' title="bbox 1813 4793 3380 4874">
    <p class='ocr_par' dir='ltr' id='par_1_92' title="bbox 1813 4801 3380 4874">
     <span class='ocr_line' id='line_1_92' title="bbox 1813 4801 3380 4874; baseline 0.003 -19"><span class='ocrx_word' id='word_1_719' title='bbox 1813 4802 1909 4856; x_wconf 89' lang='lat' dir='ltr'><strong>hoc</strong></span> <span class='ocrx_word' id='word_1_720' title='bbox 1939 4801 2185 4856; x_wconf 88' lang='lat' dir='ltr'><strong>Salvator</strong></span> <span class='ocrx_word' id='word_1_721' title='bbox 2212 4802 2339 4857; x_wconf 91' lang='lat' dir='ltr'><strong>nulli</strong></span> <span class='ocrx_word' id='word_1_722' title='bbox 2368 4802 2521 4857; x_wconf 88' lang='lat' dir='ltr'><strong>alteri</strong></span> <span class='ocrx_word' id='word_1_723' title='bbox 2559 4817 2710 4872; x_wconf 61' lang='lat' dir='ltr'><strong>atque</strong></span> <span class='ocrx_word' id='word_1_724' title='bbox 2746 4819 2869 4857; x_wconf 91' lang='lat' dir='ltr'><strong>vere</strong></span> <span class='ocrx_word' id='word_1_725' title='bbox 2901 4805 3221 4874; x_wconf 85' lang='lat' dir='ltr'><strong>proprieque</strong></span> <span class='ocrx_word' id='word_1_726' title='bbox 3257 4823 3380 4861; x_wconf 87' lang='lat' dir='ltr'><strong>cou-</strong></span> 
     </span>
    </p>
   </div>
   <div class='ocr_carea' id='block_1_93' title="bbox 125 4884 1704 4956">
    <p class='ocr_par' dir='ltr' id='par_1_93' title="bbox 125 4884 1704 4956">
     <span class='ocr_line' id='line_1_93' title="bbox 125 4884 1704 4956; baseline -0.001 -18"><span class='ocrx_word' id='word_1_727' title='bbox 125 4885 213 4955; x_wconf 79' lang='grc' dir='ltr'><strong>τῷ</strong></span> <span class='ocrx_word' id='word_1_728' title='bbox 251 4887 391 4938; x_wconf 89' lang='grc' dir='ltr'><strong>κατά</strong></span> <span class='ocrx_word' id='word_1_729' title='bbox 422 4886 582 4954; x_wconf 81' lang='grc' dir='ltr'>φύσιν</span> <span class='ocrx_word' id='word_1_730' title='bbox 623 4886 734 4940; x_wconf 76' lang='grc' dir='ltr'>όντι</span> <span class='ocrx_word' id='word_1_731' title='bbox 771 4885 916 4956; x_wconf 85' lang='grc' dir='ltr'>Θεῷ·</span> <span class='ocrx_word' id='word_1_732' title='bbox 950 4885 1090 4940; x_wconf 72' lang='grc' dir='ltr'>οὕτω</span> <span class='ocrx_word' id='word_1_733' title='bbox 1133 4886 1226 4938; x_wconf 77' lang='grc' dir='ltr'>καὶ</span> <span class='ocrx_word' id='word_1_734' title='bbox 1256 4884 1351 4938; x_wconf 89' lang='grc' dir='ltr'><strong>νῦν</strong></span> <span class='ocrx_word' id='word_1_735' title='bbox 1381 4884 1542 4938; x_wconf 75' lang='grc' dir='ltr'>αὑτὸν</span> <span class='ocrx_word' id='word_1_736' title='bbox 1570 4884 1704 4937; x_wconf 84' lang='grc' dir='ltr'>ὠνό-</span> 
     </span>
    </p>
   </div>
   <div class='ocr_carea' id='block_1_94' title="bbox 130 4976 1704 5047">
    <p class='ocr_par' dir='ltr' id='par_1_94' title="bbox 130 4976 1704 5047">
     <span class='ocr_line' id='line_1_94' title="bbox 130 4976 1704 5047; baseline 0.001 -21"><span class='ocrx_word' id='word_1_737' title='bbox 130 4991 310 5046; x_wconf 82' lang='grc' dir='ltr'>μασεν</span> <span class='ocrx_word' id='word_1_738' title='bbox 337 4976 366 5027; x_wconf 89' lang='lat'><strong>6</strong></span> <span class='ocrx_word' id='word_1_739' title='bbox 397 4978 773 5045; x_wconf 82' lang='grc' dir='ltr'>μυσταγωγός.</span> <span class='ocrx_word' id='word_1_740' title='bbox 811 4977 948 5029; x_wconf 84' lang='grc' dir='ltr'>Ἀλλ’</span> <span class='ocrx_word' id='word_1_741' title='bbox 980 4977 1092 5029; x_wconf 76' lang='grc' dir='ltr'>ἔστι</span> <span class='ocrx_word' id='word_1_742' title='bbox 1138 4978 1330 5047; x_wconf 85' lang='grc' dir='ltr'>Σωτὴρ</span> <span class='ocrx_word' id='word_1_743' title='bbox 1364 4976 1459 5028; x_wconf 73' lang='grc' dir='ltr'><strong>καὶ</strong></span> <span class='ocrx_word' id='word_1_744' title='bbox 1500 4976 1704 5047; x_wconf 85' lang='grc' dir='ltr'>Κύριος</span> 
     </span>
    </p>
   </div>
   <div class='ocr_carea' id='block_1_95' title="bbox 122 5064 1703 5136">
    <p class='ocr_par' dir='ltr' id='par_1_95' title="bbox 122 5064 1703 5136">
     <span class='ocr_line' id='line_1_95' title="bbox 122 5064 1703 5136; baseline 0.003 -20"><span class='ocrx_word' id='word_1_745' title='bbox 122 5064 324 5134; x_wconf 71' lang='grc' dir='ltr'>ἡμῶν,</span> <span class='ocrx_word' id='word_1_746' title='bbox 364 5065 566 5134; x_wconf 86' lang='grc' dir='ltr'>Ἰησοῦς</span> <span class='ocrx_word' id='word_1_747' title='bbox 598 5066 856 5135; x_wconf 84' lang='grc' dir='ltr'>Χριστός·</span> <span class='ocrx_word' id='word_1_748' title='bbox 885 5067 1198 5136; x_wconf 87' lang='grc' dir='ltr'>ὠνόμασται</span> <span class='ocrx_word' id='word_1_749' title='bbox 1225 5066 1333 5136; x_wconf 87' lang='grc' dir='ltr'><strong>γὰρ</strong></span> <span class='ocrx_word' id='word_1_750' title='bbox 1366 5065 1590 5136; x_wconf 83' lang='grc' dir='ltr'>Ἰησοῦς,</span> <span class='ocrx_word' id='word_1_751' title='bbox 1611 5067 1703 5120; x_wconf 77' lang='grc' dir='ltr'><strong>καὶ</strong></span> 
     </span>
    </p>
   </div>
   <div class='ocr_carea' id='block_1_96' title="bbox 119 5155 1700 5230">
    <p class='ocr_par' dir='ltr' id='par_1_96' title="bbox 119 5155 1700 5230">
     <span class='ocr_line' id='line_1_96' title="bbox 119 5155 1700 5230; baseline 0.004 -24"><span class='ocrx_word' id='word_1_752' title='bbox 119 5157 232 5224; x_wconf 74' lang='grc' dir='ltr'><strong>τὴν</strong></span> <span class='ocrx_word' id='word_1_753' title='bbox 273 5155 368 5208; x_wconf 75' lang='grc' dir='ltr'><strong>τοῦ</strong></span> <span class='ocrx_word' id='word_1_754' title='bbox 412 5155 674 5225; x_wconf 84' lang='grc' dir='ltr'>ὀνόματος</span> <span class='ocrx_word' id='word_1_755' title='bbox 719 5157 966 5227; x_wconf 78' lang='grc' dir='ltr'>δύναμιν,</span> <span class='ocrx_word' id='word_1_756' title='bbox 1007 5159 1174 5229; x_wconf 82' lang='grc' dir='ltr'>ἧγουν</span> <span class='ocrx_word' id='word_1_757' title='bbox 1208 5158 1520 5228; x_wconf 76' lang='grc' dir='ltr'>ἑρμηνείαν,</span> <span class='ocrx_word' id='word_1_758' title='bbox 1557 5161 1700 5230; x_wconf 84' lang='grc' dir='ltr'>σαφῆ</span> 
     </span>
    </p>
   </div>
   <div class='ocr_carea' id='block_1_97' title="bbox 123 5242 1703 5316">
    <p class='ocr_par' dir='ltr' id='par_1_97' title="bbox 123 5242 1703 5316">
     <span class='ocr_line' id='line_1_97' title="bbox 123 5242 1703 5316; baseline 0.004 -20"><span class='ocrx_word' id='word_1_759' title='bbox 123 5242 398 5307; x_wconf 77' lang='grc' dir='ltr'>καθιστὰς</span> <span class='ocrx_word' id='word_1_760' title='bbox 419 5247 446 5298; x_wconf 91' lang='lat'><strong>6</strong></span> <span class='ocrx_word' id='word_1_761' title='bbox 468 5247 734 5316; x_wconf 80' lang='grc' dir='ltr'>μακάριος</span> <span class='ocrx_word' id='word_1_762' title='bbox 761 5246 987 5315; x_wconf 80' lang='grc' dir='ltr'>ἄγγελος</span> <span class='ocrx_word' id='word_1_763' title='bbox 1019 5247 1222 5316; x_wconf 71' lang='grc' dir='ltr'>ἔφασκε</span> <span class='ocrx_word' id='word_1_764' title='bbox 1241 5265 1252 5278; x_wconf 89' lang='grc'>·</span> <span class='ocrx_word' id='word_1_765' title='bbox 1290 5266 1308 5300; x_wconf 71' lang='lat'>4</span> <span class='ocrx_word' id='word_1_766' title='bbox 1333 5249 1439 5304; x_wconf 80' lang='grc' dir='ltr'><strong>Καὶ</strong></span> <span class='ocrx_word' id='word_1_767' title='bbox 1455 5249 1703 5312; x_wconf 86' lang='grc' dir='ltr'>καλέσεις</span> 
     </span>
    </p>
   </div>
   <div class='ocr_carea' id='block_1_98' title="bbox 121 5332 1699 5410">
    <p class='ocr_par' dir='ltr' id='par_1_98' title="bbox 121 5332 1699 5410">
     <span class='ocr_line' id='line_1_98' title="bbox 121 5332 1699 5410; baseline 0.005 -26"><span class='ocrx_word' id='word_1_768' title='bbox 121 5332 190 5384; x_wconf 78' lang='grc' dir='ltr'>τὸ</span> <span class='ocrx_word' id='word_1_769' title='bbox 219 5332 391 5403; x_wconf 70' lang='grc' dir='ltr'>ὄνομα</span> <span class='ocrx_word' id='word_1_770' title='bbox 435 5336 599 5388; x_wconf 72' lang='grc' dir='ltr'>αὑτοῦ</span> <span class='ocrx_word' id='word_1_771' title='bbox 638 5337 875 5407; x_wconf 79' lang='grc' dir='ltr'>Ἰησοῦνο</span> <span class='ocrx_word' id='word_1_772' title='bbox 908 5338 1066 5401; x_wconf 85' lang='grc' dir='ltr'>αὐτὸς</span> <span class='ocrx_word' id='word_1_773' title='bbox 1113 5339 1221 5410; x_wconf 82' lang='grc' dir='ltr'>γὰρ</span> <span class='ocrx_word' id='word_1_774' title='bbox 1256 5341 1416 5393; x_wconf 86' lang='grc' dir='ltr'>σώσει</span> <span class='ocrx_word' id='word_1_775' title='bbox 1453 5341 1543 5394; x_wconf 83' lang='grc' dir='ltr'><strong>τὸν</strong></span> <span class='ocrx_word' id='word_1_776' title='bbox 1572 5340 1699 5393; x_wconf 83' lang='grc' dir='ltr'>λαὸν</span> 
     </span>
    </p>
   </div>
   <div class='ocr_carea' id='block_1_99' title="bbox 1808 4892 3379 4963">
    <p class='ocr_par' dir='ltr' id='par_1_99' title="bbox 1808 4892 3379 4963">
     <span class='ocr_line' id='line_1_99' title="bbox 1808 4892 3379 4963; baseline 0.005 -19"><span class='ocrx_word' id='word_1_777' title='bbox 1808 4893 1973 4957; x_wconf 89' lang='lat' dir='ltr'><strong>venit,</strong></span> <span class='ocrx_word' id='word_1_778' title='bbox 2006 4907 2069 4946; x_wconf 91' lang='lat' dir='ltr'><strong>ac</strong></span> <span class='ocrx_word' id='word_1_779' title='bbox 2095 4892 2192 4946; x_wconf 92' lang='lat' dir='ltr'><strong>soli</strong></span> <span class='ocrx_word' id='word_1_780' title='bbox 2229 4907 2355 4947; x_wconf 87' lang='lat' dir='ltr'><strong>vero</strong></span> <span class='ocrx_word' id='word_1_781' title='bbox 2406 4895 2748 4963; x_wconf 89' lang='lat' dir='ltr'><strong>naturalique</strong></span> <span class='ocrx_word' id='word_1_782' title='bbox 2804 4893 2929 4946; x_wconf 90' lang='lat' dir='ltr'><strong>Deo.</strong></span> <span class='ocrx_word' id='word_1_783' title='bbox 2995 4893 3144 4949; x_wconf 90' lang='lat' dir='ltr'><strong>Unde</strong></span> <span class='ocrx_word' id='word_1_784' title='bbox 3193 4897 3379 4952; x_wconf 74' lang='lat' dir='ltr'><strong>doctor</strong></span> 
     </span>
    </p>
   </div>
   <div class='ocr_carea' id='block_1_100' title="bbox 1809 4983 3374 5056">
    <p class='ocr_par' dir='ltr' id='par_1_100' title="bbox 1809 4983 3374 5056">
     <span class='ocr_line' id='line_1_100' title="bbox 1809 4983 3374 5056; baseline 0.003 -20"><span class='ocrx_word' id='word_1_785' title='bbox 1809 4991 1994 5037; x_wconf 87' lang='lat' dir='ltr'><strong>noster</strong></span> <span class='ocrx_word' id='word_1_786' title='bbox 2024 4983 2074 5037; x_wconf 91' lang='lat' dir='ltr'><strong>id</strong></span> <span class='ocrx_word' id='word_1_787' title='bbox 2105 4984 2336 5038; x_wconf 91' lang='lat' dir='ltr'><strong>nominis</strong></span> <span class='ocrx_word' id='word_1_788' title='bbox 2376 4998 2518 5038; x_wconf 88' lang='lat' dir='ltr'><strong>nunc</strong></span> <span class='ocrx_word' id='word_1_789' title='bbox 2551 4999 2764 5053; x_wconf 89' lang='lat' dir='ltr'><strong>quoque</strong></span> <span class='ocrx_word' id='word_1_790' title='bbox 2794 4983 2867 5037; x_wconf 91' lang='lat' dir='ltr'><strong>illi</strong></span> <span class='ocrx_word' id='word_1_791' title='bbox 2903 4985 3147 5054; x_wconf 86' lang='lat' dir='ltr'><strong>imponit.</strong></span> <span class='ocrx_word' id='word_1_792' title='bbox 3216 4989 3374 5056; x_wconf 80' lang='lat' dir='ltr'><strong>Atqui</strong></span> 
     </span>
    </p>
   </div>
   <div class='ocr_carea' id='block_1_101' title="bbox 1809 5069 3373 5139">
    <p class='ocr_par' dir='ltr' id='par_1_101' title="bbox 1809 5069 3373 5139">
     <span class='ocr_line' id='line_1_101' title="bbox 1809 5069 3373 5139; baseline 0.003 -15"><span class='ocrx_word' id='word_1_793' title='bbox 1809 5069 1964 5126; x_wconf 82' lang='lat' dir='ltr'><strong>Jesus</strong></span> <span class='ocrx_word' id='word_1_794' title='bbox 2003 5072 2271 5136; x_wconf 87' lang='lat' dir='ltr'><strong>Christus,</strong></span> <span class='ocrx_word' id='word_1_795' title='bbox 2303 5083 2357 5127; x_wconf 92' lang='lat' dir='ltr'><strong>et</strong></span> <span class='ocrx_word' id='word_1_796' title='bbox 2395 5073 2671 5139; x_wconf 91' lang='lat' dir='ltr'><strong>Dominus,</strong></span> <span class='ocrx_word' id='word_1_797' title='bbox 2697 5083 2751 5126; x_wconf 91' lang='lat' dir='ltr'><strong>et</strong></span> <span class='ocrx_word' id='word_1_798' title='bbox 2783 5073 3031 5126; x_wconf 81' lang='lat' dir='ltr'><strong>Salvator</strong></span> <span class='ocrx_word' id='word_1_799' title='bbox 3062 5083 3244 5128; x_wconf 86' lang='lat' dir='ltr'><strong>noster</strong></span> <span class='ocrx_word' id='word_1_800' title='bbox 3271 5087 3373 5129; x_wconf 87' lang='lat' dir='ltr'><strong>est.</strong></span> 
     </span>
    </p>
   </div>
   <div class='ocr_carea' id='block_1_102' title="bbox 1810 5160 3377 5234">
    <p class='ocr_par' dir='ltr' id='par_1_102' title="bbox 1810 5160 3377 5234">
     <span class='ocr_line' id='line_1_102' title="bbox 1810 5160 3377 5234; baseline 0.003 -18"><span class='ocrx_word' id='word_1_801' title='bbox 1810 5160 2045 5217; x_wconf 86' lang='lat' dir='ltr'><strong>Vocatus</strong></span> <span class='ocrx_word' id='word_1_802' title='bbox 2071 5173 2154 5218; x_wconf 88' lang='lat' dir='ltr'><strong>est</strong></span> <span class='ocrx_word' id='word_1_803' title='bbox 2180 5164 2322 5217; x_wconf 90' lang='lat' dir='ltr'><strong>enim</strong></span> <span class='ocrx_word' id='word_1_804' title='bbox 2359 5161 2538 5225; x_wconf 83' lang='lat' dir='ltr'><strong>Jesus,</strong></span> <span class='ocrx_word' id='word_1_805' title='bbox 2571 5164 2911 5233; x_wconf 91' lang='lat' dir='ltr'><strong>nominisque</strong></span> <span class='ocrx_word' id='word_1_806' title='bbox 2953 5165 3057 5216; x_wconf 86' lang='lat' dir='ltr'><strong>vim</strong></span> <span class='ocrx_word' id='word_1_807' title='bbox 3093 5180 3155 5218; x_wconf 93' lang='lat' dir='ltr'><strong>ac</strong></span> <span class='ocrx_word' id='word_1_808' title='bbox 3182 5165 3377 5234; x_wconf 60' lang='lat' dir='ltr'><strong>signiﬁo</strong></span> 
     </span>
    </p>
   </div>
   <div class='ocr_carea' id='block_1_103' title="bbox 1808 5253 3374 5325">
    <p class='ocr_par' dir='ltr' id='par_1_103' title="bbox 1808 5253 3374 5325">
     <span class='ocr_line' id='line_1_103' title="bbox 1808 5253 3374 5325; baseline 0.002 -18"><span class='ocrx_word' id='word_1_809' title='bbox 1808 5255 2072 5308; x_wconf 90' lang='lat' dir='ltr'><strong>cationem</strong></span> <span class='ocrx_word' id='word_1_810' title='bbox 2124 5253 2313 5306; x_wconf 88' lang='lat' dir='ltr'><strong>beatus</strong></span> <span class='ocrx_word' id='word_1_811' title='bbox 2347 5254 2566 5325; x_wconf 78' lang='lat' dir='ltr'><strong>angelus</strong></span> <span class='ocrx_word' id='word_1_812' title='bbox 2606 5269 2913 5324; x_wconf 81' lang='lat' dir='ltr'><strong>exponens,</strong></span> <span class='ocrx_word' id='word_1_813' title='bbox 2950 5255 3021 5309; x_wconf 92' lang='lat' dir='ltr'><strong>ita</strong></span> <span class='ocrx_word' id='word_1_814' title='bbox 3057 5256 3130 5309; x_wconf 87' lang='lat' dir='ltr'><strong>ait</strong></span> <span class='ocrx_word' id='word_1_815' title='bbox 3160 5272 3174 5310; x_wconf 90' lang='lat'><strong>:</strong></span> <span class='ocrx_word' id='word_1_816' title='bbox 3211 5275 3230 5308; x_wconf 76' lang='lat' dir='ltr'><strong>r</strong></span> <span class='ocrx_word' id='word_1_817' title='bbox 3272 5256 3374 5310; x_wconf 88' lang='lat' dir='ltr'><strong>Vo-</strong></span> 
     </span>
    </p>
   </div>
   <div class='ocr_carea' id='block_1_104' title="bbox 1807 5343 3376 5414">
    <p class='ocr_par' dir='ltr' id='par_1_104' title="bbox 1807 5343 3376 5414">
     <span class='ocr_line' id='line_1_104' title="bbox 1807 5343 3376 5414; baseline 0.003 -17"><span class='ocrx_word' id='word_1_818' title='bbox 1807 5345 1957 5397; x_wconf 89' lang='lat' dir='ltr'><strong>cabis</strong></span> <span class='ocrx_word' id='word_1_819' title='bbox 1985 5359 2179 5398; x_wconf 90' lang='lat' dir='ltr'><strong>nomen</strong></span> <span class='ocrx_word' id='word_1_820' title='bbox 2225 5344 2339 5412; x_wconf 87' lang='lat' dir='ltr'><strong>ejus</strong></span> <span class='ocrx_word' id='word_1_821' title='bbox 2382 5343 2561 5400; x_wconf 82' lang='lat' dir='ltr'><strong>Jesum</strong></span> <span class='ocrx_word' id='word_1_822' title='bbox 2597 5362 2611 5400; x_wconf 85' lang='lat'><strong>;</strong></span> <span class='ocrx_word' id='word_1_823' title='bbox 2643 5345 2755 5414; x_wconf 90' lang='lat' dir='ltr'><strong>ipse</strong></span> <span class='ocrx_word' id='word_1_824' title='bbox 2793 5346 2935 5400; x_wconf 90' lang='lat' dir='ltr'><strong>enim</strong></span> <span class='ocrx_word' id='word_1_825' title='bbox 2967 5345 3172 5401; x_wconf 87' lang='lat' dir='ltr'><strong>salvum</strong></span> <span class='ocrx_word' id='word_1_826' title='bbox 3216 5346 3376 5402; x_wconf 77' lang='lat' dir='ltr'><strong>faciet</strong></span> 
     </span>
    </p>
   </div>
   <div class='ocr_carea' id='block_1_105' title="bbox 202 5491 1711 5573">
    <p class='ocr_par' dir='ltr' id='par_1_105' title="bbox 202 5491 1711 5566">
     <span class='ocr_line' id='line_1_105' title="bbox 202 5491 1711 5566; baseline 0.005 -20"><span class='ocrx_word' id='word_1_827' title='bbox 202 5491 434 5548; x_wconf 83' lang='lat' dir='ltr'><strong>“Hebr.</strong></span> <span class='ocrx_word' id='word_1_828' title='bbox 466 5509 518 5558; x_wconf 71' lang='grc' dir='ltr'><strong>κ,</strong></span> <span class='ocrx_word' id='word_1_829' title='bbox 546 5494 637 5559; x_wconf 70' lang='grc' dir='ltr'>εδ,</span> <span class='ocrx_word' id='word_1_830' title='bbox 672 5493 763 5552; x_wconf 76' lang='grc'><strong>29.</strong></span> <span class='ocrx_word' id='word_1_831' title='bbox 841 5497 884 5528; x_wconf 84' lang='grc'><strong>⁸⁷</strong></span> <span class='ocrx_word' id='word_1_832' title='bbox 917 5496 1079 5553; x_wconf 81' lang='lat' dir='ltr'><strong>Hebr.</strong></span> <span class='ocrx_word' id='word_1_833' title='bbox 1112 5496 1322 5566; x_wconf 58' lang='lat'><strong>&quot;1,25,</strong></span> <span class='ocrx_word' id='word_1_834' title='bbox 1350 5497 1441 5554; x_wconf 76' lang='grc'><strong>26.</strong></span> <span class='ocrx_word' id='word_1_835' title='bbox 1516 5501 1562 5532; x_wconf 77' lang='grc'><strong>⁸³</strong></span> <span class='ocrx_word' id='word_1_836' title='bbox 1590 5498 1711 5555; x_wconf 79' lang='lat' dir='ltr'><strong>Joar</strong></span> 
     </span>
    </p>
   </div>
   <div class='ocr_carea' id='block_1_106' title="bbox 1813 5491 3146 5573">
    <p class='ocr_par' dir='ltr' id='par_1_106' title="bbox 1813 5499 3146 5573">
     <span class='ocr_line' id='line_1_106' title="bbox 1813 5499 3146 5573; baseline 0.003 -19"><span class='ocrx_word' id='word_1_837' title='bbox 1813 5515 1864 5569; x_wconf 81' lang='grc' dir='ltr'><strong>ιι,</strong></span> <span class='ocrx_word' id='word_1_838' title='bbox 1895 5501 1982 5556; x_wconf 78' lang='grc'><strong>51.</strong></span> <span class='ocrx_word' id='word_1_839' title='bbox 2060 5501 2103 5534; x_wconf 84' lang='grc'><strong>⁶⁹</strong></span> <span class='ocrx_word' id='word_1_840' title='bbox 2157 5499 2317 5558; x_wconf 85' lang='lat' dir='ltr'><strong>Hebr.</strong></span> <span class='ocrx_word' id='word_1_841' title='bbox 2347 5519 2466 5569; x_wconf 78' lang='lat' dir='ltr'><strong>xm,</strong></span> <span class='ocrx_word' id='word_1_842' title='bbox 2502 5504 2556 5559; x_wconf 90' lang='lat'><strong>8.</strong></span> <span class='ocrx_word' id='word_1_843' title='bbox 2633 5506 2676 5536; x_wconf 81' lang='grc'>’⁸</span> <span class='ocrx_word' id='word_1_844' title='bbox 2706 5501 2722 5558; x_wconf 93' lang='lat' dir='ltr'><strong>l</strong></span> <span class='ocrx_word' id='word_1_845' title='bbox 2758 5502 2992 5560; x_wconf 85' lang='lat' dir='ltr'><strong>Timoth.</strong></span> <span class='ocrx_word' id='word_1_846' title='bbox 3025 5520 3064 5573; x_wconf 87' lang='lat' dir='ltr'><strong>t,</strong></span> <span class='ocrx_word' id='word_1_847' title='bbox 3098 5504 3146 5560; x_wconf 81' lang='grc'><strong>1.</strong></span> 
     </span>
    </p>
   </div>
   <div class='ocr_carea' id='block_1_107' title="bbox 1216 5651 2286 5729">
    <p class='ocr_par' dir='ltr' id='par_1_107' title="bbox 1216 5651 2286 5729">
     <span class='ocr_line' id='line_1_107' title="bbox 1216 5651 2286 5729; baseline 0.007 -23"><span class='ocrx_word' id='word_1_848' title='bbox 1216 5651 1390 5710; x_wconf 62' lang='lat' dir='ltr'><strong>Variae</strong></span> <span class='ocrx_word' id='word_1_849' title='bbox 1409 5655 1665 5714; x_wconf 85' lang='lat' dir='ltr'><strong>lectiones</strong></span> <span class='ocrx_word' id='word_1_850' title='bbox 1693 5657 1897 5714; x_wconf 90' lang='lat' dir='ltr'><strong>codicis</strong></span> <span class='ocrx_word' id='word_1_851' title='bbox 1931 5655 2286 5729; x_wconf 81' lang='lat' dir='ltr'><strong>Seguieriani.</strong></span> 
     </span>
    </p>
   </div>
   <div class='ocr_carea' id='block_1_108' title="bbox 197 5780 1379 5859">
    <p class='ocr_par' dir='ltr' id='par_1_108' title="bbox 197 5780 1379 5859">
     <span class='ocr_line' id='line_1_108' title="bbox 197 5780 1379 5859; baseline 0 -17"><span class='ocrx_word' id='word_1_852' title='bbox 197 5788 257 5828; x_wconf 69' lang='grc' dir='ltr'><strong>ι’</strong></span> <span class='ocrx_word' id='word_1_853' title='bbox 277 5785 571 5859; x_wconf 82' lang='grc' dir='ltr'>ἀτιμάσας.</span> <span class='ocrx_word' id='word_1_854' title='bbox 645 5795 675 5830; x_wconf 77' lang='grc' dir='ltr'><strong>ν</strong></span> <span class='ocrx_word' id='word_1_855' title='bbox 705 5787 804 5844; x_wconf 70' lang='grc' dir='ltr'>ἔτι.</span> <span class='ocrx_word' id='word_1_856' title='bbox 881 5797 908 5827; x_wconf 76' lang='grc' dir='ltr'>ι</span> <span class='ocrx_word' id='word_1_857' title='bbox 937 5788 1103 5854; x_wconf 75' lang='grc' dir='ltr'>ἴσως,</span> <span class='ocrx_word' id='word_1_858' title='bbox 1131 5780 1282 5851; x_wconf 72' lang='grc' dir='ltr'>οὗτος</span> <span class='ocrx_word' id='word_1_859' title='bbox 1303 5787 1379 5842; x_wconf 76' lang='grc' dir='ltr'><strong>δέ.</strong></span> 
     </span>
    </p>
   </div>
  </div>
