4086 6474
679 421 695 474 I
708 419 811 475 255

1660 413 1717 465 S.
1761 408 2026 464 CYRILLI
2068 403 2535 460 ALEXANDRINI
2574 403 2890 458 ARCIIIEP.

3778 406 3917 462 1256

674 531 922 602 populum
968 542 1123 585 suum
1156 546 1184 584 a
1215 532 1451 601 peccatis
1499 541 1683 582 eorum
1724 526 1789 575 ".
1832 542 1848 573 ι
1899 521 2041 574 Deus
2084 518 2244 586 igitur

2374 516 2511 569 μύτοῦ
2553 519 2660 571 άπὸ
2706 519 2815 572 τῶν
2862 516 3141 586 ἁμαρτιῶν
3182 515 3379 570 αύτῶν.
3408 533 3425 565 ι
3456 512 3591 576 Θεὸς
3620 509 3719 568 οῦν
3752 519 3864 585 ἄρα
3891 522 3917 571 ό

670 630 753 677 est
780 621 1046 687 Christus,
1078 638 1199 676 nam
1225 621 1377 690 juxta
1410 619 1571 674 divini
1605 614 1750 670 Pauli
1777 611 2099 675 doctrinam,
2129 609 2243 677 ipsc

670 722 755 768 cst
788 712 1033 768 Salvator
1057 714 1294 769 omnium
1326 711 1624 765 hominum.

1113 820 1197 873 Ea:
1225 817 1460 886 Epistola
1488 817 1556 867 ad
1596 813 1796 868 Titum.

752 948 778 979 ε
830 925 1096 997 Apparuit
1152 925 1294 977 enim
1345 922 1517 990 gratia
1580 923 1674 978 Dei
1732 922 2031 981 Salvatoris
2082 928 2250 982 nostri

681 1018 935 1073 omnibus
1008 1013 1330 1075 hominibus,
1376 1013 1629 1067 erudiens
1672 1030 1768 1069 nos
1819 1026 1879 1071 ut
1926 1018 2250 1089 abnegantes

682 1106 1003 1172 impietatem
1034 1110 1088 1154 et
1115 1099 1394 1152 smeuiaria
1452 1100 1741 1167 desideria,
1791 1105 1972 1159 sobrie
2017 1117 2075 1159 et
2110 1106 2253 1173 juste

680 1203 735 1248 et
770 1194 852 1259 pie
885 1192 1129 1244 vivamus
1152 1190 1203 1243 in
1227 1190 1327 1243 hoc
1357 1190 1575 1255 saeculo,
1608 1203 1988 1261 exspectantes
2030 1194 2246 1250 beatam

682 1296 856 1350 spem,
889 1290 943 1333 et
968 1280 1254 1334 adventum
1302 1282 1486 1351 gloriae
1522 1283 1697 1349 magni
1744 1283 1836 1335 Dei
1868 1293 1921 1335 et
1954 1283 2253 1339 Saivatoris

684 1371 852 1424 nostri
876 1369 1001 1424 Jesu
1025 1370 1250 1431 Christi,
1277 1372 1365 1437 qui
1396 1370 1541 1423 dedit
1571 1372 1918 1439 semetipsum
1951 1387 2048 1439 pro
2076 1373 2252 1431 nobis.

685 1468 743 1511 ut
768 1472 863 1511 nos
888 1458 1173 1511 redimeret
1196 1457 1262 1511 ab
1282 1458 1429 1511 omni
1474 1457 1754 1525 iniquitate
1773 1468 1827 1512 et
1849 1460 2127 1514 mundaret
2153 1460 2253 1514 sibi
2276 1454 2281 1461 ’

686 1548 934 1615 populum
985 1548 1395 1615 acceptabilem,
1432 1557 1751 1602 sectatorem
1814 1549 2075 1603 bonorum
2129 1564 2256 1617 ope-

686 1654 803 1690 rum
823 1640 890 1691 ".
930 1657 947 1689 ι
990 1638 1193 1703 Qualis,
1226 1653 1429 1705 qumso,
1461 1640 1655 1705 gratia,
1688 1648 1781 1693 aut
1825 1639 2101 1708 cujusnam
2162 1638 2255 1695 Dei

697 1729 869 1797 gratia
919 1728 1165 1796 apparuit
1243 1726 1417 1790 nobis,
1462 1742 1579 1796 quae
1640 1729 1885 1783 omnibus
1955 1728 2257 1783 hominibus

2348 608 2601 676 Χριστὸς,
2627 610 2782 677 εἴπερ
2824 606 2940 657 ἐστὶ
2968 606 3159 677 Σωτὴρ
3188 607 3401 661 πάντων
3445 605 3784 676 ἀνθρώπων,
3822 626 3921 661 και

2348 696 2418 752 θά
2450 716 2613 771 φησιν
2638 700 2666 751 ὁ
2695 698 2978 757 θεσπέσιος
3010 696 3243 760 Παῦλος.

2812 810 2909 861 Ἐκ
2946 808 3057 875 τῆς
3090 810 3237 876 πρὸς
3277 810 3462 865 Τίτον.

2428 944 2445 977 ι
2490 928 2765 996 Ἐπέφανη
2816 924 2923 994 γὰρ
2967 924 2999 990 ἠ
3048 922 3207 990 χάρις
3251 922 3343 975 τοῦ
3390 924 3523 977 Θεοῦ
3564 926 3598 993 ἡ
3649 923 3922 991 σωτήριος

2352 1013 2520 1064 πᾶσιν
2568 1012 2903 1082 ἀνθρώποις,
2956 1008 3283 1061 παιδεύουσα
3325 1012 3499 1079 ἡμᾶς.
3542 1012 3631 1064 ἴνα
3674 1011 3921 1081 ἀρνησάο

2356 1118 2507 1169 μενοι
2546 1101 2643 1171 τὴν
2690 1099 2965 1157 ἀσέϐειαν,
3009 1097 3103 1149 καὶ
3144 1096 3241 1158 τὰς
3273 1100 3542 1165 κοσμικὰς
3582 1101 3922 1169 ἐπιθυμίας,

2356 1191 2646 1261 σωφρόνως
2678 1187 2933 1250 επιεικῶς
2971 1196 2996 1234 1
3044 1186 3297 1255 ζήσωμεν
3349 1187 3406 1237 tv
3451 1186 3527 1255 τῷ
3578 1188 3677 1240 νῦν
3729 1189 3922 1252 αἰῶνι,

2356 1279 2769 1347 προσδεχόμενοι
2802 1277 2898 1345 τὴν
2932 1275 3207 1343 μακαρίαν
3238 1274 3447 1339 ἐλπίδα,
3477 1277 3569 1326 καὶ
3599 1278 3926 1343 ἐπιφάνειαν

2354 1369 2450 1437 τῆς
2475 1369 2630 1436 δόξης
2655 1366 2747 1419 τοῦ
2780 1365 3013 1436 μεγάλου
3052 1365 3188 1418 Θεοῦ
3214 1366 3307 1418 καὶ
3339 1365 3590 1433 Σωτῆρος
3623 1366 3790 1434 ἡμῶν
3823 1367 3928 1433 Ἰης

2357 1456 2451 1509 σοῦ
2493 1456 2749 1524 Χριστοῦ,
2777 1456 2833 1517 ὃς
2864 1456 3061 1508 ἔδωκεν
3090 1457 3279 1509 ἑαυτὸν
3319 1458 3456 1527 ὑπὲρ
3487 1456 3666 1525 ἡμῶν,
3707 1458 3798 1509 ἵνα
3837 1457 3926 1507 λυ.

2354 1548 2629 1615 τρώσηται
2666 1547 2812 1615 ἡμᾶς
2843 1546 2949 1598 άπὸ
2990 1548 3169 1618 πάσης
3212 1545 3466 1617 ἀνομίας,
3510 1546 3605 1599 καὶ
3647 1546 3927 1615 καθαρίσῃ

2358 1635 2532 1705 ἑαυτῷ
2581 1635 2705 1687 λαὸν
2759 1635 3088 1705 περιούσιον,
3145 1638 3390 1707 ζηλωτὴν
3441 1636 3619 1689 καλῶν
3670 1636 3873 1705 ἔργων.
3908 1655 3923 1683 i

2361 1728 2493 1781 Ποία
2538 1727 2695 1799 χάρις
2744 1728 3012 1795 ἑπέφανεν
3060 1730 3213 1798 ἡμῖν,
3256 1729 3290 1797 ἢ
3338 1728 3489 1780 ποίου
3535 1727 3698 1789 Θεοῦ,
3748 1727 3927 1779 καίτοι

687 1819 942 1879 salutaris
988 1820 1088 1873 hoc
1139 1818 1257 1872 loco
1304 1819 1668 1885 praedicatur?
1721 1818 1945 1874 Planum
1977 1828 2079 1883 est,
2115 1821 2256 1888 quod

2374 1826 2627 1895 ιεγομένη
2674 1826 2935 1893 σωτήριος
2988 1819 3127 1878 εἶναι
3174 1827 3341 1877 πᾶσιν
3393 1822 3743 1892 ἁνθρὼποις;
3792 1821 3930 1873 ’Δλίι⁹

688 1910 832 1963 illius
865 1909 953 1962 Dei
988 1921 1041 1961 et
1070 1909 1279 1963 Domini
1311 1910 1422 1977 qui,
1449 1907 1600 1976 juxta
1625 1908 1839 1963 beatum
1864 1909 2059 1972 David,
2086 1909 2262 1963 illuxit

692 2000 867 2062 nobis,
911 1999 1170 2067 cujusque
1217 2000 1504 2067 gloriosam
1535 2000 2025 2055 maniiestationem
2061 2002 2125 2054 de
2155 2016 2265 2056 coa-

692 2091 757 2145 lis
812 2101 1185 2160 exspectamus
1212 2090 1279 2144 ".
1316 2088 1542 2159 Magnus
1592 2090 1679 2144 hic
1725 2090 1862 2143 Deus
1919 2090 2034 2159 ipse
2081 2089 2265 2145 Salva-

692 2190 777 2234 tor
811 2190 994 2235 noster
1040 2178 1195 2234 Jesus
1235 2180 1505 2243 Christus,
1541 2180 1633 2248 qui
1679 2179 1871 2233 obtulit
1916 2181 2263 2247 semetipsum

693 2284 791 2338 pro
821 2269 990 2332 nobis,
1025 2285 1132 2338 quo
1156 2270 1223 2324 ab
1250 2271 1391 2323 omni
1419 2279 1638 2338 peccato
1661 2268 1949 2333 absolutos,
1981 2283 2265 2337 germanos

693 2360 795 2414 sibi
828 2360 1182 2414 constitueret
1207 2359 1540 2415 adoratores.
1576 2359 1710 2413 Cum
1742 2373 1869 2428 ergo
1903 2359 2091 2413 beatus
2122 2357 2265 2413 Pau-

694 2449 777 2502 lus
812 2448 1143 2503 Saivatorem
1182 2457 1422 2503 nostrum
1469 2446 1649 2502 Jesum
1682 2446 1954 2503 Christum
2010 2464 2262 2517 magnum

700 2539 869 2593 Deum
922 2540 1198 2608 pradicet,
1242 2539 1363 2608 quis
1403 2539 1801 2595 Emmanueient
1859 2554 2043 2595 verum
2099 2542 2267 2595 Deum

696 2640 817 2682 esse
843 2626 1070 2681 inﬂciari
1112 2626 1346 2681 audeat?

1122 2816 1229 2888 πθ
1258 2813 1359 2871 sx
1396 2814 1857 2873 carnoums.

1210 2927 1289 2983 Ex
1316 2924 1501 2983 Jacobi
1524 2926 1781 2996 Epistula.

1156 3037 1309 3104 Quod
1335 3036 1577 3093 Christus
1601 3040 1667 3092 sit
1694 3038 1853 3093 Deus.

2368 1911 2483 1963 ἔστι
2504 1910 2679 1978 δῆλον,
2704 1912 2785 1961 ὅτι
2808 1928 2825 1959 ι
2846 1909 2975 1971 Θεὸς
3000 1910 3075 1962 ὢν
3090 1910 3312 1980 Κύριος,
3332 1910 3425 1962 κα)⁵
3449 1909 3717 1977 ὲπέφανεν
3734 1912 3891 1976 ἡμῖν,
3913 1927 3928 1957 ι

2364 2002 2504 2056 κατὰ
2539 2002 2631 2054 τὸν
2672 2003 2937 2072 μακάριον
2984 2003 3167 2059 ams.
3219 2003 3393 2055 Αὑτοῦ
3452 2001 3545 2071 τὴν
3578 2000 3637 2064 ἐξ
3690 2002 3935 2071 οὐρανῶν

2364 2093 2683 2161 ἐπιφάνειαν
2707 2093 2803 2162 τῆς
2822 2092 2976 2161 δόξης
3002 2094 3429 2163 προσδεχόμεθα.
3458 2094 3568 2146 Καὶ
3595 2093 3764 2154 αὑτός
3792 2095 3936 2145 ἐστιν

2363 2185 2391 2235 ὀ
2425 2182 2597 2251 μέγας
2624 2181 2756 2245 Θεὸς
2781 2183 2874 2235 καὶ
2906 2184 3093 2253 Σωτὴρ
3120 2184 3273 2252 ἡμῶν
3309 2183 3513 2253 Ἰησοῦς
3542 2186 3571 2236 ὁ
3595 2183 3859 2251 Χριστὸς,
3884 2184 3934 2245 ὃς

2364 2270 2591 2323 δέδωκεν
2637 2271 2826 2324 ἑαυτὸν
2873 2271 3013 2340 ὑπὲρ
3060 2272 3237 2341 ἡμῶν,
3287 2272 3375 2324 ῐνα
3421 2272 3603 2341 πάσης
3656 2265 3955 2342 ἁμαρτία(

2366 2360 2710 2424 ἀπαλλάξας,
2753 2361 2929 2432 ἑαυτῷ
2960 2362 3286 2432 παραστήσῃ
3320 2362 3574 2429 γνησίους
3627 2379 3937 2431 προσκυνη·

2365 2455 2481 2514 τάς.
2527 2448 2657 2505 Εἶτα
2698 2452 2781 2514 τίς
2820 2452 2848 2503 ὁ
2879 2453 3051 2520 λέγων
3082 2453 3181 2504 ούκ
3223 2447 3363 2503 εἶναι
3394 2452 3523 2504 Θεὸν
3554 2452 3820 2521 ἀληθινὸν
3852 2454 3935 2503 τὸν

2380 2544 2743 2613 Ἑμμανουὴλ,
2770 2543 2863 2595 τοῦ
2903 2542 3171 2614 μακαρίου
3221 2543 3432 2597 Παύλου
3462 2542 3592 2613 περὶ
3640 2543 3817 2595 αὐτοῦ
3854 2542 3935 2593 λέ-

2366 2649 2571 2700 γοντος
2601 2651 2619 2683 ‹
2638 2632 2741 2686 Τοῦ
2774 2633 3008 2702 μεγάλου
3035 2633 3167 2686 Θεοῦ
3196 2634 3287 2686 καὶ
3314 2634 3563 2702 Σωτῆρος
3592 2634 3759 2703 ἡμῶν
3776 2630 3935 2702 ἰησώ

2368 2721 2601 2791 Χριστοῦ
2625 2740 2638 2787 ;
2680 2742 2698 2775 s

2772 2838 2869 2888 ΕΚ
2914 2836 3054 2888 ΤΩΝ
3080 2835 3526 2889 ΚΔΘΟΛΙΚΩΝ.

2695 2944 2789 2998 Ἐκ
2819 2946 2921 3015 τῆς
2955 2945 3209 2999 Ἰακώϐου
3249 2946 3589 3015 Ἐπιστολῆς.

2840 3055 2960 3107 ’Ότι
2995 3055 3138 3120 Θεὸς
3172 3057 3203 3108 ὀ
3236 3056 3507 3123 Χριστός.

779 3170 798 3205 ι
830 3150 1004 3206 Nolite
1043 3164 1248 3213 errare,
1294 3148 1487 3205 fratres
1534 3150 1636 3204 mei
1696 3150 2026 3206 dilectissimi
2064 3168 2086 3206 ι
2119 3165 2272 3207 omne

2451 3184 2468 3217 ι
2498 3165 2589 3236 Μὴ
2623 3164 2916 3229 πλανᾶσθε,
2943 3166 3160 3233 ἀδελφοί
3195 3182 3296 3237 μου
3328 3164 3601 3233 άγαπητοί
3624 3180 3637 3193 ·
3684 3165 3839 3217 πᾶσα
3868 3164 3946 3215 δό-

706 3244 889 3297 datum
923 3243 1181 3311 optimum
1202 3281 1217 3305 ,
1243 3253 1297 3295 et
1329 3254 1487 3293 omne
1514 3239 1711 3294 donum
1737 3240 2027 3308 perlectum
2058 3243 2122 3295 de
2154 3256 2273 3295 sur-

715 3349 835 3388 sum
876 3342 977 3397 est,
1016 3331 1397 3386 descendensa
1429 3328 1588 3384 Patre
1631 3330 1892 3384 luminum
1924 3331 1992 3385 ’δε
2028 3350 2047 3383 ι
2093 3331 2277 3396 Omne,

709 3424 917 3494 inquit,
969 3424 1153 3474 datum
1209 3421 1457 3488 Optimum
1491 3435 1509 3473 :
1548 3434 1679 3476 sane
1726 3420 1923 3476 bonum
1965 3437 2159 3476 munus
2198 3432 2281 3477 est

707 3515 946 3585 Spiritus
971 3522 1210 3575 sanctus,
1242 3512 1733 3581 patrandorumque
1782 3514 2161 3569 miraculorum
2201 3513 2281 3567 fa-

710 3605 884 3659 cultas
919 3620 1014 3675 per
1039 3606 1213 3671 ipsum
1242 3603 1531 3671 impertita.
1564 3603 1697 3657 Cum
1728 3620 1859 3675 ergo
1888 3604 2136 3659 Christus
2163 3604 2278 3674 Spi-

715 3694 875 3747 ritum
924 3703 1169 3747 sanctum
1212 3692 1415 3745 sanctis
1462 3690 1822 3760 impertiatur,
1860 3704 2283 3763 potestatemque

716 3792 776 3837 ut
802 3784 979 3838 divina
1030 3782 1286 3836 miracula
1331 3783 1515 3844 edant,
1576 3783 1765 3837 iisdem
1821 3784 2116 3853 largiatur:
2148 3802 2283 3855 quo-

716 3876 873 3929 modo
899 3890 1004 3927 non
1035 3882 1118 3927 est
1146 3888 1308 3927 verus
1338 3871 1523 3926 Deus?

791 3986 809 4018 s
845 3964 1051 4019 Subditi
1087 3965 1249 4034 igitur
1290 3974 1461 4017 estote
1504 3963 1633 4028 Deo,
1676 3965 1907 4020 resistite
1952 3978 2128 4021 autem
2171 3968 2286 4020 dia-

717 4057 860 4123 bolo,
891 4066 944 4110 et
971 4056 1136 4125 fugiet
1161 4070 1189 4107 a
1214 4054 1365 4108 vobis
1396 4056 1461 4108 ⁷⁸.
1512 4072 1530 4105 ι
1571 4055 1703 4109 Ecce
1734 4056 1783 4108 in
1814 4056 1897 4110 his
1925 4067 2110 4125 aperte
2154 4058 2285 4110 dicit

717 4156 967 4217 oportere
1014 4162 1111 4201 nos
1156 4146 1263 4198 Deo
1305 4145 1516 4213 subjici.
1585 4145 1719 4199 Dicit
1769 4157 1946 4202 autem
1996 4148 2283 4204 Christus:

726 4258 745 4291 ι
788 4239 980 4291 Tollite
1027 4238 1212 4305 jugum
1254 4248 1425 4286 meum
1462 4248 1624 4303 super
1660 4251 1757 4289 vos
1788 4238 1855 4290 "'.
1898 4255 1917 4288 ι
1972 4238 2103 4292 Cum
2133 4238 2165 4291 ii
2196 4239 2286 4306 qui

724 4330 921 4384 Christi
941 4328 1127 4397 jugum
1158 4326 1210 4378 iu
1236 4339 1294 4381 se
1320 4325 1529 4388 tollunt,
1563 4340 1665 4379 non
1714 4326 1865 4382 alteri
1903 4328 2131 4397 cuipiam
2160 4330 2288 4383 sub-

716 4421 993 4488 jiciantur,
1048 4432 1207 4486 quam
1277 4416 1383 4468 Deo
1418 4432 1429 4466 :
1470 4417 1734 4481 Quomodo
1778 4417 2025 4472 Christus
2062 4433 2167 4473 non
2210 4428 2291 4473 est

724 4508 902 4565 Deus?

1128 4616 1211 4671 Ea;
1240 4620 1402 4687 priori
1435 4618 1669 4688 Epistula
1708 4618 1868 4671 Petri.

795 4749 818 4781 s
856 4728 1049 4783 Petrus
1092 4729 1367 4795 apostolus
1412 4726 1539 4781 .iesu
1578 4728 1802 4791 Christi,
1840 4726 2027 4781 electis
2076 4726 2294 4781 advenis

725 4820 1079 4887 dispersionis
1109 4818 1285 4882 Ponti,
1314 4818 1556 4882 Galatiae,
1603 4817 1970 4887 Cappadocim,
2007 4816 2165 4881 Asiae,
2202 4816 2293 4869 Bi-

728 4913 956 4983 thynia,
992 4912 1287 4965 secundum
1321 4910 1715 4978 praescientiam
1759 4910 1853 4965 Dei
1889 4909 2062 4965 Patris
2089 4908 2140 4961 in
2168 4923 2296 4962 san-

733 5002 1115 5058 ctilicationem
1159 4999 1415 5069 Spiritus,
1462 5002 1513 5054 in
1550 5001 1908 5057 obedientiam
1940 5009 1993 5054 et
2027 4999 2297 5067 aspersio-

733 5107 854 5146 nem
902 5091 1174 5160 sanguinis
1232 5091 1354 5147 Jesu
1419 5090 1619 5146 Christi
1679 5094 1851 5160 gratia
1907 5093 2057 5147 vobis
2100 5100 2153 5145 et
2196 5106 2295 5159 pax

732 5180 1117 5251 nmltipiicetur
1146 5180 1212 5233 τ’.
1254 5198 1273 5231 ›
1313 5178 1453 5236 Ecce
1490 5182 1787 5237 secundum
1821 5182 1912 5237 Dei
1958 5182 2134 5235 Patris
2163 5195 2297 5250 prae-

2382 3274 2463 3320 σις
2507 3256 2705 3325 ἀγαθὴ.
2749 3258 2843 3308 καὶ
2877 3258 2985 3308 πᾶν
3018 3256 3249 3327 δώρημα
3294 3257 3496 3308 τέλειον
3533 3255 3749 3308 ἄνωθέν
3782 3256 3947 3315 ἐστιν,

2380 3345 2708 3401 καταϐαῖνον
2738 3346 2800 3397 ὲκ
2824 3344 2917 3397 τοῦ
2952 3346 3163 3415 Πατρὸς
3192 3345 3297 3398 τῶν
3333 3345 3547 3412 φώτων.
3579 3363 3597 3395 ι
3641 3342 3822 3397 Πᾶσα
3853 3343 3948 3395 δό-

2382 3452 2504 3503 σις,
2537 3435 2700 3505 φησὶν
2722 3473 2736 3497 ,
2762 3435 2953 3502 ἀγαθή
2976 3451 2991 3466 ο
3032 3434 3211 3503 ἀγαθὴ
3240 3434 3296 3486 δὲ
3329 3434 3496 3495 δόσις,
3526 3432 3589 3486 τὸ
3621 3433 3853 3501 Πνεῦμα
3894 3434 3951 3483 τὸ

2382 3526 2554 3591 ἅγιον,
2583 3525 2677 3577 καὶ
2707 3525 2767 3577 τὸ
2792 3524 3050 3579 δύνασθαι
3084 3525 3323 3596 πληροῦν
3350 3527 3407 3577 ὲν
3437 3524 3587 3595 αύτῷ
3618 3525 3720 3587 τὰς
3763 3524 3952 3593 Bson,-

2386 3615 2561 3685 μείας.
2589 3610 2720 3667 Εἶτα
2747 3614 2793 3666 εί
2822 3618 2932 3678 τοῖς
2963 3616 3138 3683 ἁγίοις
3170 3614 3451 3685 χαρίζεται
3482 3615 3541 3667 τὸ
3571 3614 3802 3683 Πνεῦμα
3832 3615 3952 3681 Χρι-

2384 3704 2525 3767 στὸς,
2566 3706 2662 3758 καὶ
2702 3706 2806 3776 μὴν
2854 3707 2947 3757 καὶ
2974 3706 3032 3757 τὸ
3081 3706 3337 3758 δύνασθαι
3392 3705 3631 3774 πληροῦν
3664 3705 3736 3755 τὰ
3769 3704 3952 3774 παρὰ-

2384 3799 2531 3864 δοξα,
2568 3799 2681 3863 πῶς
2706 3801 2807 3853 οὐκ
2836 3800 2899 3852 ἂν
2930 3800 3013 3869 εῐη
3047 3800 3179 3861 Θεὸς
3209 3799 3459 3867 ἀληθινὸς
3485 3800 3512 3849 ὁ
3542 3797 3819 3863 Χριστός;

2464 3989 2482 4021 t
2522 3970 2860 4037 Ὑποτάγητε
2904 3962 2996 4019 οὖν
3044 3966 3121 4035 τῷ
3159 3964 3275 4034 Θεῷ
3300 3975 3345 4027 ι,
3388 3964 3675 4031 ἀντίστητε
3727 3962 3799 4030 at;
3845 3963 3954 4014 δια-

2387 4060 2547 4125 δόλῳ,
2575 4059 2668 4109 καὶ
2700 4057 2950 4124 φεύξεται
2988 4058 3081 4124 ἀφ’
3107 4056 3279 4125 ὑμῶν.
3308 4073 3325 4105 ι
3363 4055 3495 4107 Ἰδοὺ
3528 4052 3718 4121 σαφῶς
3754 4055 3814 4103 ὲν
3845 4053 3958 4104 τού·

2385 4166 2517 4211 τοις,
2550 4146 2944 4200 ὑποτάττεσθαι
2987 4146 3095 4199 δεῖν
3136 4147 3281 4214 ἡμᾶς
3324 4145 3427 4214 ἔφη
3456 4143 3533 4209 τῷ
3560 4140 3699 4211 Θεῷ.
3732 4143 3877 4210 Φησὶ
3907 4141 3956 4191 δὲ

2389 4240 2655 4307 Χριστόςο
2694 4257 2711 4288 t
2746 4240 2946 4307 ’Ἄρατε
2993 4237 3084 4288 τὸν
3118 4234 3280 4303 ζυγόν
3332 4252 3433 4304 μου
3464 4234 3547 4301 ἐφ’
3574 4233 3745 4300 ὑμᾶς.
3774 4250 3795 4282 ι
3836 4232 3955 4283 Ὅτε

2388 4328 2567 4379 τοίνυν
2605 4328 2655 4378 οί
2695 4327 2785 4378 τὸν
2818 4326 2981 4393 ζυγὸν
3019 4326 3263 4397 αἴροντες
3308 4326 3397 4377 τὸν
3443 4323 3606 4376 αὐτοῦ
3639 4323 3744 4390 οὐχ
3789 4322 3957 4389 ἑτέρῳ

2392 4418 2497 4470 τινὶ
2537 4419 2687 4487 παρά
2714 4418 2804 4471 τὸν
2834 4417 2965 4470 Θεὸν
3017 4417 3406 4471 ὑποτάττονται
3430 4431 3444 4446 ’
3496 4414 3612 4476 πῶς
3640 4413 3746 4465 οὐκ
3777 4412 3850 4465 ἂν
3878 4411 3956 4476 εἴη

2330 4507 2371 4559 1)
2400 4509 2528 4570 Θεός
2550 4527 2564 4571 ;

2586 4618 2680 4669 Ἐκ
2716 4616 2825 4685 τῆς
2857 4616 3079 4684 Πέτρου
3125 4615 3489 4682 Ἐπιστολῆς
3524 4613 3784 4681 πρώτης.

2477 4749 2495 4779 ι
2526 4730 2726 4798 Πέτρος
2758 4728 3052 4791 ἀπόστολος
3088 4728 3261 4797 Ἰησοῦ
3279 4726 3537 4798 Χριστοῦ,
3569 4726 3800 4795 κλητοῖς
3835 4740 3960 4791 rup-

2400 4820 2683 4887 επιδήμοις
2724 4818 3019 4887 διασπορᾶς
3056 4818 3281 4882 Πόντου,
3337 4815 3624 4876 Γαλατίας,
3657 4813 3955 4865 Καππαδο-

2401 4909 2543 4971 κίας,
2584 4908 2784 4972 Ἄσίας,
2831 4909 2924 4962 καὶ
2958 4908 3239 4970 Βιθυνίας,
3286 4907 3426 4960 κατὰ
3475 4907 3791 4975 πρόγνωσιν
3835 4901 3955 4955 Θεοῦ

2401 4999 2611 5069 Πατρὸς
2652 5001 2708 5051 ὲν
2747 4999 3005 5070 ἁγιασμῷ
3056 5000 3403 5068 Πνεύματος,
3450 5000 3527 5059 είς
3582 4997 3838 5065 ὑπακοὴν
3872 4995 3956 5045 καὶ

2404 5090 2693 5160 ῥαντισμὸν
2736 5090 2964 5159 αἵματος
3005 5090 3180 5158 Ἰησοῦ
3211 5088 3445 5159 Χριστοῦ
3469 5106 3481 5117 ’
3514 5088 3674 5156 χάρις
3707 5087 3844 5153 ὑμῖν
3874 5084 3957 5136 καὶ

2400 5180 2588 5249 εἰρήνη
2621 5179 3003 5250 πληθυνθείη.»
3041 5180 3172 5232 Ἰδοὺ
3198 5180 3340 5233 κατὰ
3368 5178 3673 5248 πρόγνωσιν
3702 5175 3843 5228 Θεοῦ
3875 5174 3957 5225 καὶ

802 5358 847 5387 ’⁸
884 5354 1071 5411 Matth.
1114 5371 1151 5416 ι,
1180 5355 1270 5411 ‘21.
1345 5356 1389 5386 ⁷¹
1424 5354 1529 5408 Tit.
1567 5370 1623 5419 ll,
1656 5355 1841 5407 H-ii.
1917 5354 1961 5385 ⁷³
1990 5355 2129 5409 Psal.
2154 5371 2317 5419 cxvii,
2354 5356 2442 5408 27.
2518 5353 2561 5384 ⁷⁸
2590 5352 2702 5406 Jac.
2743 5368 2779 5417 ι,
2814 5353 3070 5417 16,17."
3099 5353 3211 5409 Jac.
3240 5355 3386 5419 tv,7.
3463 5354 3506 5384 "
3546 5352 3746 5407 Matth.
3781 5350 3953 5419 x1,‘39.

731 5426 777 5459 "
809 5425 999 5479 lPetr.
1042 5441 1080 5489 π,
1110 5426 1252 5479 1-5..

1814 5579 1981 5634 Varia:
2010 5578 2265 5633 lectiones
2307 5577 2512 5633 codicis
2542 5576 2899 5646 Seguicriaei.

815 5720 844 5760 1
885 5712 975 5765 καὶ
1000 5708 1239 5772 δικαίως.
1320 5717 1340 5743 ι
1371 5707 1445 5778 τῷ
1476 5708 1680 5778 Κυρίῳ.
