4090 6512
105 448 242 503 1257

1206 439 1291 494 DE
1330 437 1550 495 llECTA
1595 434 1749 492 FIDE
1789 438 1877 493 AD
1920 435 2235 492 RI’IGINAS.

3190 488 3195 491 _
3222 427 3359 483 1258

106 561 319 631 Ματρὸς
347 559 650 612 ἀπόστολον
677 557 862 610 ἑαυτὸν
890 555 1136 625 ὠνόμασε
1167 555 1257 605 τοῦ
1288 552 1522 624 Χριστοῦ
1543 570 1556 582 ’
1589 553 1680 604 καὶ

1804 551 2060 602 ιεῐιιηιίιιηι
2081 589 2094 613 ,
2125 547 2249 602 Jesu
2273 545 2472 602 Christi
2505 547 2802 614 apostolum
2837 559 2894 600 se
2934 545 3214 609 nominat;
3253 544 3364 598 sui-

104 657 203 724 τῆς
255 653 560 722 ἀποστολῆς
608 652 696 704 τὸν
746 652 947 721 τρόπον
1007 650 1140 720 ἡμῖν
1189 646 1586 718 ἐξηγούμενος,
1625 646 1683 694 ὲν

104 746 370 816 ἁγιασμῷ
402 747 742 816 Πνεύματος,
771 747 848 807 είς
877 745 1124 813 ὑπακοὴν
1154 743 1248 796 καὶ
1276 743 1570 814 ῥαντισμὸν
1603 738 1685 792 αἵ-

111 857 284 906 ματος
321 839 492 909 Ἰησοῦ
526 837 762 909 Χριστοῦ
797 836 1115 908 πεπρᾶχθαί
1146 852 1308 905 φησιν
1339 834 1526 904 αὑτήν.
1556 834 1685 886 Ὅτε

107 931 293 984 τοίνυν
323 933 373 984 οί
409 932 754 992 πιστεύοντες
787 933 865 992 είς
916 929 1100 991 αὑτὸν,
1150 926 1489 997 ἀγιαζὸμεθα
1535 925 1687 994 παρὰ

107 1021 206 1074 τοῦ
242 1021 577 1089 Πνεύματος,
608 1021 846 1090 ραντίζει
871 1020 928 1073 δὲ
957 1021 1106 1090 ἡμᾶς
1135 1019 1230 1072 καὶ
1262 1016 1341 1088 τῷ
1369 1017 1561 1087 αἵματι
1593 1015 1689 1068 αῦ-

110 1111 209 1164 τοῦ
251 1113 387 1182 πρὸς
416 1112 826 1182 ἀποκάθαρσινο
861 1111 977 1175 πῶς
1013 1113 1113 1164 οὐκ
1147 1109 1212 1163 ἂν
1249 1112 1420 1162 νοοῖτο
1459 1109 1620 1170 Θεὸς,
1660 1109 1688 1159 6

113 1205 363 1272 άγιάζων
413 1205 512 1273 μὲν
558 1204 669 1274 ίδίῳ
717 1204 1017 1272 Πνεύματι,
1052 1199 1362 1270 καθαρίζων
1391 1200 1446 1254 δὲ
1481 1201 1576 1252 xa‘t
1612 1198 1690 1267 τῷ

113 1293 312 1363 αἵματι
351 1294 476 1354 τοὺς
505 1293 889 1355 πιστεύονταςς
925 1291 1056 1354 Θεὸς
1087 1292 1194 1360 γὰρ
1218 1288 1285 1361 ἦν
1311 1292 1368 1344 ἐν
1401 1291 1582 1361 σαρκί.

193 1495 212 1526 σ
245 1474 547 1545 Εὐλογητὸς
577 1477 604 1527 6
634 1473 765 1536 Θεὸς
796 1474 887 1526 καὶ
925 1471 1115 1543 Πατὴρ
1160 1470 1254 1524 τοῦ
1296 1470 1500 1542 Κυρίου
1535 1470 1692 1540 ἡμῶν

129 1569 308 1638 Ἰησοῦ
363 1566 621 1639 Χριστοῦ,
651 1568 679 1619 6
716 1565 858 1618 κατὰ
895 1565 956 1617 τὸ
990 1565 1126 1617 πολὺ
1162 1562 1325 1616 αὐτοῦ
1368 1564 1515 1626 ἕλεος
1564 1564 1694 1617 ἀνα-

116 1659 392 1728 γεννήσας
433 1658 584 1726 ήμᾶς
627 1656 707 1718 είς
746 1653 935 1706 ἐλπίδα
991 1653 1137 1723 ζωῆς
1165 1665 1190 1694 ι
1235 1653 1302 1706 δι’
1347 1651 1695 1714 ἀναστάσεως

130 1750 313 1817 Ἰησοῦ
341 1748 576 1819 Χριστοῦ
608 1749 671 1800 ἐκ
703 1747 933 1817 νεκρῶν,
964 1747 1044 1808 είς
1078 1745 1445 1816 κληρονομίαν
1480 1743 1695 1814 ἀφθαρ-

117 1858 235 1903 τον,
271 1840 363 1893 καὶ
390 1839 674 1909 ἀμίαντον,
714 1839 810 1890 καὶ
841 1837 1173 1907 ἀμάραντον,
1225 1835 1603 1906 τετηρημένην
1641 1837 1698 1886 ἐν

1786 655 1893 708 que
1963 641 2294 710 apostolatus
2359 641 2618 696 rationem
2669 640 3000 704 edisserens,
3071 638 3244 707 ipsum
3310 636 3361 690 in

1789 732 2020 799 Spiritus
2066 731 2566 796 sanctiﬁcationem,
2605 732 2659 786 in
2691 729 3078 794 obedientiam,
3131 728 3188 781 in
3233 741 3361 781 san-

1788 824 1964 888 guinis
1989 822 2112 878 Jesu
2139 823 2337 878 Christi
2370 823 2730 894 aspersionem
2767 829 3044 892 peractum
3073 834 3195 875 esse
3224 832 3365 887 prte-

1787 916 1948 970 dieat.
1982 914 2116 970 Cum
2154 917 2314 986 igitur
2334 917 2422 985 qui
2447 919 2496 971 in
2530 917 2702 984 ipsum
2734 915 3022 980 credimus,
3061 911 3368 968 sanctiﬁca-

1791 1009 1949 1063 tionis
1996 1008 2254 1078 Spiritum
2314 1024 2708 1078 consequamur
2757 1009 3028 1078 (aspergit
3076 1006 3219 1060 enim
3268 1020 3368 1060 suo

1791 1115 1889 1154 uns
1935 1102 2194 1169 sanguine
2223 1103 2289 1156 ad
2316 1101 2785 1172 emundationem)
2811 1141 2824 1166 ,
2865 1115 2967 1169 qua
3016 1099 3228 1153 tandem
3273 1110 3360 1152 ra-

1793 1192 1938 1246 tione
1965 1194 2011 1246 is
2039 1191 2178 1248 Deus
2212 1193 2394 1248 haberi
2435 1210 2538 1249 non
2569 1195 2748 1262 debet,
2791 1193 2879 1261 qui
2908 1191 3130 1262 prOprio
3162 1189 3367 1260 Spiritu

1792 1283 2113 1348 sanctificat,
2172 1300 2375 1353 suoque
2426 1286 2686 1356 sanguine
2745 1286 3028 1340 credentes
3080 1284 3132 1337 in
3188 1281 3366 1352 ipsum

1791 1374 2090 1427 emundat?
2129 1382 2245 1426 erat
2273 1374 2417 1429 enim
2453 1373 2591 1427 Deus
2620 1374 2672 1427 iu
2713 1387 2896 1428 carne.

1873 1483 1891 1515 ι
1943 1462 2260 1518 Benedictus
2309 1465 2449 1520 Deus
2489 1464 2723 1519 etPater
2781 1463 2988 1519 Domini
3030 1460 3195 1516 nostri
3245 1456 3368 1513 Jesu

1792 1555 2016 1620 Christi,
2037 1556 2126 1624 qni
2154 1557 2448 1611 secundum
2482 1557 2910 1611 misericordiam
2935 1551 3090 1609 suam
3118 1566 3367 1622 magnam

1797 1648 2133 1717 regeneravit
2164 1664 2260 1702 nos
2290 1649 2343 1702 in
2374 1663 2522 1718 spem
2566 1648 2742 1700 vivam
2779 1661 2873 1716 per
2915 1644 3369 1701 resurrectionem

1795 1738 1920 1795 Jesn
1953 1739 2152 1794 Christi
2183 1757 2245 1794 cx
2279 1741 2526 1802 mortuis,
2562 1740 2666 1810 77
2703 1742 2755 1794 in
2794 1739 3160 1793 hmreditatem
3195 1735 3373 1789 incor-

1799 1831 2127 1900 ruptibilein.
2158 1841 2211 1885 et
2236 1831 2736 1895 iucoutaminatam,
2761 1841 2814 1885 ct
2836 1827 3370 1887 immarcescihilem.

118 1935 392 2004 οὐρανοῖς.
421 1953 440 1982 ι
481 1933 542 1984 Ei
584 1931 714 1993 Θεὸς
742 1911 887 2000 ἦμᾶς
919 1931 1208 1999 ἐγέννησεν
1249 1930 1328 1991 είς
1367 1926 1556 1980 ἐλπίδα
1588 1925 1694 1989 ζῶ-

1804 1933 2166 1976 l‘OltSCl‘Vaialll
2202 1924 2252 1975 in
2287 1923 2436 1977 cmlis
2473 1923 2540 1976 τ’.
2591 1942 2609 1972 ι
2671 1921 2724 1976 Si
2770 1921 2909 1976 Deus
2955 1936 3050 1974 nos
3089 1917 3273 1988 genuit
3318 1916 3371 1968 iu

123 2043 226 2077 σαν
261 2024 355 2076 καὶ
396 2022 683 2092 μένουσαν,
725 2021 973 2091 πέπραχε
1006 2021 1062 2074 δὲ
1099 2019 1256 2072 τοῦτο
1289 2019 1376 2071 διὰ
1417 2018 1516 2087 τῆς
1561 2017 1695 2080 ίόίας

121 2120 188 2167 ὲκ
218 2114 428 2184 νεκρῶν
461 2114 810 2176 ἀναστάσεως
852 2115 879 2166 6
912 2111 1144 2184 Χριστός
1165 2127 1179 2142 ο
1223 2109 1339 2172 πῶς
1370 2109 1468 2162 οὐκ
1508 2110 1573 2162 ἂν
1612 2108 1696 2178 εἴη

120 2207 256 2268 (de-6;
278 2222 290 2266 :

206 2317 225 2348 ι
262 2297 394 2368 Περὶ
428 2292 496 2369 ἦς
550 2295 822 2366 σωτηρίας
872 2294 1226 2365 ἐξεζήτησαν,
1262 2294 1430 2362 φησι,
1481 2291 1574 2345 καὶ
1613 2290 1700 2356 ἐξ-

124 2389 439 2460 ηρεύνησαν
486 2387 782 2458 προφῆται.
816 2387 865 2440 οί
905 2387 1033 2456 περὶ
1063 2386 1161 2456 τῆς
1194 2386 1272 2448 είς
1301 2385 1446 2456 ἡμᾶς
1480 2383 1702 2454 χάριτος

129 2477 636 2551 προφητεύσαντες·
672 2475 999 2546 ἐρευνῶντες
1034 2476 1113 2538 είς
1146 2474 1296 2537 τίνα,
1347 2473 1379 2543 ἢ
1408 2476 1556 2526 ποῖον
1583 2490 1703 2525 και-

131 2571 225 2640 ρὸν
256 2569 441 2638 ἐδήλου
471 2566 532 2619 τὸ
557 2570 614 2619 ἐν
646 2567 830 2628 αὐτοῖς
863 2564 1087 2634 Πνεῦμα
1116 2564 1373 2634 Χριστοῦ.
1403 2582 1420 2615 ι
1460 2563 1591 2616 Ἰδοὺ
1637 2560 1702 2629 δὴ

128 2661 295 2714 πάλιν
329 2661 385 2711 ὲν
415 2657 623 2719 τούτοις
652 2655 891 2728 Χριστοῦ
933 2655 994 2708 τὸ
1024 2656 1177 2723 ἅγιον
1213 2654 1427 2726 εἴρηται
1455 2653 1701 2722 Πνεῦμα,

127 2752 310 2806 καίτοι
360 2747 494 2805 Θεοῦ
523 2749 651 2802 δνῦ.
692 2748 825 2810 Θεὸς
872 2742 964 2800 οὖν
1009 2749 1118 2816 ἀρα
1166 2747 1423 2818 Χριστὸς,
1451 2746 1525 2810 ὡς
1566 2745 1699 2800 ῐδιον

127 2845 267 2914 ἔχων
297 2842 356 2896 τὸ
385 2840 609 2910 Πνεῦμα
633 2842 692 2893 τὸ
719 2840 891 2908 ἆγιον.

426 2954 521 3006 Ἐκ
551 2950 660 3021 τῆς
697 2950 918 3019 Πέτρου
968 2949 1320 3017 Ἐπιστολῆς
1344 2950 1423 3014 β’.

206 3087 223 3117 ι
265 3065 542 3134 Ἐγένοντο
574 3064 629 3117 δὲ
650 3063 744 3116 καὶ
765 3061 1231 3133 ψευδοπροφῆται,
1262 3061 1336 3124 ὡς
1364 3061 1458 3112 καὶ
1493 3061 1549 3112 ὲν
1575 3060 1703 3128 ὑμῖν

130 3159 349 3212 ἔσονται
377 3152 882 3225 ψευδοδιδάσκαλοι,
918 3151 1112 3214 οἵτινες
1150 3150 1571 3222 παρεισάξουσιν
1622 3150 1705 3202 αί-

1798 2027 1944 2082 spem
1981 2014 2154 2067 vivam
2201 2023 2253 2067 et
2286 2013 2555 2075 stabilem,
2616 2012 2901 2078 ell'ecitque
2942 2010 3044 2063 hoc
3079 2008 3251 2077 ipsum
3287 2003 3376 2059 Je-

1800 2116 1890 2154 sus
1912 2101 2159 2156 Christus
2185 2117 2279 2169 per
2330 2117 2482 2157 suam
2505 2117 2569 2156 ex
2609 2100 2835 2155 mortuis
2876 2097 3323 2154 resurrectionem
3360 2113 3372 2148 :

1801 2193 1890 2261 qui
1917 2193 2028 2246 fieri
2064 2201 2246 2263 queat,
2281 2202 2337 2246 ut
2375 2194 2516 2248 Deus
2546 2209 2650 2247 non
2685 2193 2793 2247 sit?

1876 2302 1893 2334 ι
1929 2284 2001 2336 De
2030 2299 2135 2352 qua
2165 2283 2399 2354 (inquit)
2426 2284 2600 2340 salute
2627 2282 3034 2351 exquisiverunt
3065 2292 3118 2336 et
3144 2280 3375 2334 scrutati

1802 2386 1921 2429 sunt
1978 2377 2388 2446 prophetm,qui
2420 2377 2486 2430 de
2525 2376 2700 2428 futura
2745 2377 2796 2428 in
2835 2375 2987 2428 nobis
3044 2376 3211 2444 gratia
3252 2387 3377 2442 pro—

1806 2471 2190 2537 phetat-erunt,
2237 2477 2540 2523 scrutantes
2573 2469 2625 2521 in
2687 2468 2828 2537 quod
2864 2468 2945 2522 vel
2978 2467 3136 2534 quale
3169 2476 3382 2534 tempus

1805 2560 2137 2625 signiﬁcaret
2168 2562 2218 2614 in
2248 2562 2326 2615 eis
2359 2559 2592 2632 Spiritus
2618 2560 2818 2615 Christi
2851 2560 2917 2612 ".
2952 2578 2970 2610 ι
3038 2558 3111 2612 En
3138 2558 3228 2611 hic
3258 2573 3376 2610 rur-

1807 2667 1924 2707 sum
1973 2651 2204 2723 Spiritus
2251 2662 2469 2708 sauctns
2519 2655 2608 2725 qui
2662 2654 2752 2710 Dei
2789 2661 2890 2718 est,
2949 2652 3142 2708 dicitur
3175 2648 3371 2704 Christi

1807 2764 1946 2805 esse.
2009 2750 2145 2804 Deus
2175 2747 2335 2816 igitur
2359 2757 2459 2811 est,
2487 2757 2542 2804 ut
2571 2749 2660 2817 qui
2713 2750 2984 2820 proprium
3021 2745 3180 2803 habet
3210 2743 3378 2819 Spiri-

1810 2850 1920 2893 tum
1957 2850 2221 2894 sanctum.

2175 2949 2262 3003 Ex
2288 2951 2566 3018 posteriori
2595 2949 2832 3021 Epistola
2859 2954 3028 3009 Petri.

1884 3082 1902 3114 ‹
1945 3063 2180 3120 Fuerunt
2226 3073 2401 3118 autem
2435 3074 2487 3119 et
2521 3066 3001 3136 pseudoprophetm
3052 3070 3104 3125 in
3155 3075 3376 3142 populo.

1811 3155 1949 3208 sicut
1979 3165 2030 3210 et
2058 3155 2109 3208 in
2139 3154 2288 3208 vobis
2327 3167 2486 3209 erunt
2534 3157 2775 3227 magistri
2825 3162 3132 3230 mendaces,
3168 3167 3258 3234 qui
3292 3167 3378 3221 in-

134 3251 314 3320 ρὲσεις
346 3247 637 3310 ἀπωλείας.
664 3245 758 3300 καὶ
786 3245 876 3297 τὸν
909 3244 1256 3315 ἀγοράσαντα
1289 3243 1484 3305 αὐτοὺς
1511 3240 1701 3294 Δεστιό⁴

1813 3249 2094 3303 troducent
2140 3257 2317 3301 sectas
2360 3248 2708 3319 perditionis,
2739 3262 2792 3306 et
2820 3268 2942 3307 eum
2987 3258 3076 3325 qui
3107 3260 3235 3312 emit
3265 3277 3382 3327 ens.

131 3359 232 3411 την
258 3341 598 3410 ἀρνούμενοι.
627 3336 1008 3406 Ἠγοράσμεθα
1030 3337 1136 3405 γὰρ
1158 3335 1342 3404 τιμῆς,
1362 3335 1423 3386 οὐ
1445 3333 1703 3402 φθαρτοῖς

133 3431 385 3502 ἀργυρίῳ
424 3430 456 3498 ἢ
490 3427 717 3499 χρυσίῳ,
751 3427 884 3480 ἀλλὰ
915 3427 990 3497 τῷ
1023 3427 1190 3496 τιμίῳ
1218 3426 1409 3495 αἵματι
1439 3423 1533 3476 τοῦ
1575 3425 1709 3493 Χρι-

138 3522 288 3576 στοῦ.
319 3540 336 3573 ι
383 3522 579 3591 Ἕσμὲν
616 3515 708 3572 οὖν
738 3520 844 3589 ἄρα
876 3518 968 3572 τοῦ
1003 3517 1336 3587 πριαμένου,
1373 3517 1548 3570 καίτοι
1592 3516 1709 3586 Θεῷ

134 3609 479 3671 δουλεύοντες
514 3607 678 3672 ζῶντι
704 3609 797 3660 καὶ
827 3606 1084 3677 ἀληθινῷ.
1120 3602 1253 3658 Εἶτα
1283 3606 1398 3668 πῶς
1435 3607 1492 3659 ού
1523 3605 1653 3668 Θεὸς
1681 3605 1708 3656 6

136 3701 394 3773 Χριστὸς,
423 3700 482 3752 6v
515 3699 608 3752 καὶ
637 3698 912 3766 Δεσπότην
945 3695 1400 3767 ὲπεγραψάμεθα,
1432 3694 1612 3758 ζῶντά
1650 3711 1708 3747 τε

137 3793 361 3863 οῐδαμεν
389 3791 483 3844 καὶ
509 3788 764 3862 ἀληθινόν
789 3807 802 3852 ς

311 4017 405 4070 Ἐκ
445 4017 553 4083 τῆς
594 4016 866 4070 Ἰωάννου
911 4014 1272 4080 Ἐπιστολῆς
1306 4013 1559 4081 πρώτης.

222 4153 240 4185 ς
270 4132 382 4186 Καὶ
424 4131 666 4200 οἴδαμεν,
696 4130 776 4183 ὅτι
803 4129 831 4180 6
866 4128 992 4192 Υἱὸς
1028 4127 1118 4181 τοῦ
1149 4127 1283 4180 Θεοῦ
1319 4128 1464 4197 ἥκει,
1498 4129 1591 4180 καὶ
1628 4127 1712 4180 δέ-

142 4223 315 4276 δωκεν
345 4223 476 4290 ἡμῖν
508 4220 762 4281 διάνοιαν,
791 4219 876 4271 ἵνα
912 4218 1269 4286 γινώσκωμεν
1300 4217 1392 4270 τὸν
1429 4217 1588 4285 μόνον
1620 4216 1712 4270 καὶ

143 4312 397 4385 ἀληθινὸν
427 4310 588 4364 Θεόν·
621 4310 715 4362 καὶ
747 4310 916 4378 ἐσμὲν
941 4311 996 4361 ὲν
1021 4308 1097 4377 τῷ
1125 4308 1383 4378 ἀληθινῷ,
1413 4309 1470 4360 ὲν
1495 4307 1570 4377 τῷ
1597 4306 1713 4378 Υἱῷ

145 4404 312 4460 αὐτοῦ
347 4401 524 4472 Ἰησοῦ
557 4400 798 4472 Χριστῷ.
831 4395 998 4463 Οῦτός
1031 4403 1175 4453 ἐστιν
1206 4403 1233 4453 6
1267 4399 1517 4469 ἀληθινὸς
1558 4401 1710 4465 Θεὸς,

148 4495 238 4546 καὶ
266 4491 378 4562 {ibi}
414 4489 651 4550 αἰώνιος.
681 4508 699 4540 ι
743 4486 950 4556 Ἰησοῦς
983 4488 1235 4558 Χριστὸς,
1278 4488 1338 4539 ού
1373 4488 1576 4557 γυμνὸς
1619 4491 1711 4542 καὶ

1814 3339 2093 3393 Dominmn
2150 3348 2344 3407 negant
2378 3339 2442 3394 ⁸⁸.
2516 3339 2670 3394 Haud
2731 3343 2873 3396 enim
2906 3345 3084 3414 aliquo
3111 3357 3382 3420 corrupti-

1812 3431 1901 3485 bili
1953 3432 2144 3500 pretio,
2181 3447 2313 3484 auro
2344 3432 2423 3486 vel
2469 3444 2692 3501 argento
2740 3436 2999 3506 redempti
3038 3456 3245 3508 sumus,
3287 3451 3382 3501 sed

1810 3523 2044 3592 pretioso
2073 3522 2272 3577 Christi
2317 3524 2573 3590 sanguine
2600 3525 2668 3579 ".
2716 3544 2733 3576 ι
2797 3526 2976 3593 Quare
3032 3547 3218 3588 sumus
3265 3537 3382 3605 ejus

1810 3613 1899 3682 qui
1943 3613 2167 3666 redemit
2203 3627 2319 3676 nos,
2350 3623 2400 3665 et
2434 3614 2647 3681 quidem
2695 3617 2803 3670 Deo
2843 3619 2966 3674 vivo
3002 3631 3056 3676 et
3088 3639 3218 3679 vero
3261 3641 3377 3680 ην-

1813 3705 2039 3758 vieutes.
2071 3703 2204 3758 Ctuu
2228 3703 2444 3760 Christo
2473 3707 2634 3775 igitur
2665 3709 2871 3763 Domini
2900 3713 3106 3766 titulum
3141 3717 3384 3787 assigne-

1818 3809 1959 3858 mns,
1990 3793 2271 3862 ipsumque
2310 3795 2482 3848 vivum
2519 3806 2572 3851 et
2606 3814 2789 3853 verum
2825 3800 3106 3858 Dominum
3131 3821 3251 3862 esse
3277 3824 3382 3864 non

1816 3886 2143 3954 ignoremus,
2175 3902 2270 3940 cur
2294 3886 2460 3941 Deum
2495 3902 2615 3943 esse
2655 3890 2862 3946 inficias
2888 3893 3124 3952 ibimus?

2193 4021 2278 4075 Ex
2305 4022 2544 4088 Epistola
2569 4027 2737 4092 prima
2769 4026 3012 4082 Joannis.

1900 4154 1917 4186 ι
1959 4135 2026 4189 Et
2051 4135 2275 4198 scimus,
2321 4137 2573 4200 quoniam
2621 4137 2788 4194 Filius
2822 4141 2911 4195 Dei
2953 4144 3119 4208 venit,
3152 4157 3205 4200 et
3238 4148 3386 4204 dedit

1814 4225 1968 4280 nobis
1997 4241 2234 4290 sensum,
2266 4233 2322 4278 ut
2354 4241 2749 4293 cognoscamus
2787 4246 2974 4286 verum
3006 4233 3198 4301 Deum,
3226 4249 3281 4292 et
3311 4241 3386 4294 si-

1816 4335 1932 4375 mus
1958 4319 2009 4373 in
2043 4334 2171 4375 vero
2194 4317 2330 4374 Filio
2357 4322 2493 4388 ejus.
2546 4321 2644 4376 llic
2679 4333 2763 4378 est
2789 4340 2948 4380 verus
2986 4329 3145 4396 Deus,
3180 4341 3234 4386 et
3272 4334 3383 4388 vita

1813 4420 2010 4465 azterna
2042 4409 2109 4465 ⁸³.
2146 4429 2164 4463 ι
2224 4412 2313 4464 Dei
2369 4412 2544 4465 Patris
2589 4412 2846 4480 Verbum,
2885 4429 3043 4485 prout
3085 4425 3381 4480 secundum

1815 4515 1873 4553 se
1905 4499 2067 4561 nude,
2100 4511 2153 4553 et
2177 4509 2325 4554 extra
2366 4516 2581 4555 carnem
2634 4503 3030 4571 consideratur,
3059 4523 3161 4563 non
3198 4513 3382 4579 appel-

147 4580 270 4634 καθ⁹
300 4579 493 4633 ἑαυτὸν
520 4580 614 4630 καὶ
655 4577 762 4643 ἔξω
795 4581 1014 4646 σαρκὸς,
1045 4579 1072 4630 6
1105 4580 1166 4629 ὲκ
1199 4576 1290 4630 τοῦ
1325 4576 1459 4629 Θεοῦ
1500 4578 1701 4648 Πατρὸς

1817 4589 1960 4643 latur
2016 4588 2172 4644 Jesus
2216 4589 2506 4645 Christus:
2539 4591 2740 4647 Christi
2791 4605 2967 4649 autem
3007 4596 3131 4653 Jesu
3189 4576 3382 4655 nomen

147 4676 347 4726 νοεῖται
378 4671 544 4738 Λόγος
567 4688 580 4701 ·
613 4669 727 4723 ἀλλ’
749 4671 836 4721 ὅτε
874 4668 1096 4736 γέγονεν
1133 4669 1436 4737 ἄνθρωπος,
1469 4669 1586 4720 τότε
1616 4670 1711 4722 καὶ

146 4765 458 4834 (τινόμασ-ται
486 4762 714 4831 Χριστὸς
754 4760 977 4831 Ἰησοῦς.
1005 4762 1133 4812 Ὅτε
1163 4762 1340 4813 τοίνυν
1371 4760 1532 4822 αὑτός
1563 4761 1710 4812 ἐστιν

147 4854 402 4922 ἀληθινὸς
433 4852 585 4914 Θεὸς,
618 4854 712 4905 καὶ
743 4854 853 4922 ζωὴ
881 4851 1119 4916 αἰώνιος,
1153 4852 1234 4914 τίς
1263 4852 1370 4904 τῶν
1398 4854 1558 4922 ἔτερα
1586 4871 1715 4922 φροη-

148 4943 382 4997 νούντων
411 4940 656 5004 ἀνέξεται
678 4959 692 5005 ;

498 5054 591 5107 ἐκ
625 5052 734 5119 τῆς
775 5053 961 5106 Ἰούδα
1013 5051 1392 5120 Ἐπιστολῆς.

229 5188 247 5218 ε
284 5167 471 5221 Πᾶσαν
521 5164 753 5234 σπουδὴν
811 5164 1128 5233 ποιούμενος
1172 5165 1266 5217 τοῦ
1316 5166 1546 5236 γράφειν
1585 5167 1712 5236 ύμῖν

146 5259 276 5327 περὶ
321 5255 421 5328 τῆς
471 5253 657 5324 κοινῆς
705 5255 855 5325 ὑμῶν
907 5255 1209 5326 σωτηρίας,
1261 5257 1503 5325 ἀνάγκην
1557 5257 1712 5328 ἔσχον

142 5347 357 5417 γράψαι
403 5346 548 5416 ὑμῖν,
594 5346 1404 5416 παρακαλῶννὲπαγωνίζεσθαι
1458 5351 1521 5418 τῇ
1567 5350 1712 5414 ἅπαξ

222 5520 606 5586 ἰδι»ῖ‹ῐ.δ,ι.
684 5519 1112 5586 "ibld.lO,ll.
1192 5522 1650 5587 "°|ii‘etr.tt,l.

1818 4691 1945 4736 tune
1985 4683 2196 4736 demum
2244 4682 2488 4736 sortitum
2521 4693 2623 4744 est,
2658 4700 2779 4736 cum
2823 4686 2983 4739 homo
3025 4688 3223 4743 factum
3281 4705 3382 4748 est.

1819 4772 1952 4827 Cum
1985 4774 2099 4842 ipse
2125 4773 2285 4842 igitur
2312 4788 2468 4827 verus
2499 4773 2566 4828 sit
2589 4775 2753 4839 Deus,
2791 4787 2844 4831 et
2873 4780 2977 4832 vita
3021 4791 3241 4846 :cterua.
3265 4787 3385 4853 quis

1815 4878 1970 4919 secus
1997 4865 2232 4919 sentiens
2256 4865 2393 4918 ferre
2423 4866 2623 4934 queat?

2347 5060 2426 5115 Ex
2447 5061 2683 5124 Epistola
2713 5067 2889 5122 Judm.

1894 5196 1910 5227 ι
1949 5177 2170 5231 Omnem
2208 5179 2620 5236 sollicitudinem
2672 5183 2874 5240 faciens
2923 5189 3194 5247 scribendi
3233 5193 3386 5250 vobis

1822 5267 1885 5316 de
1928 5267 2194 5320 communi
2229 5279 2405 5321 vestra
2457 5272 2648 5335 salute,
2679 5289 2901 5331 necesse
2938 5278 3098 5334 habui
3148 5285 3391 5340 scribere

1822 5358 1990 5422 vobis,
2041 5359 2336 5426 deprecans
2381 5362 2488 5430 78
2542 5378 2918 5433 supercerlare
2960 5373 3122 5426 semel
3173 5376 3381 5429 tradita

1731 5525 1770 5557 9‘
1800 5529 1818 5580 l
1852 5528 1992 5582 Petr.
2030 5547 2064 5592 ι,
2106 5531 2188 5584 18.
2267 5531 2352 5584 "l
2385 5532 2538 5590 Inan.
2573 5554 2622 5603 τ,
2650 5539 2738 5594 '20.

1219 5675 1390 5734 Varia:
1415 5677 1671 5734 lectiones
1700 5681 1899 5737 codicis
1935 5681 2286 5752 Seguieriaui.

231 5847 254 5875 ι
283 5835 347 5900 ξιτ
363 5851 482 5890 σαν.
559 5834 586 5876 δ
620 5834 789 5886 Θεῖον.

436 5931 684 5989 Panos
737 5928 856 5990 Cra.
901 5928 1174 5992 LXXVI.

3060 5947 3134 6013 60
