4090 6484
726 427 864 480 ΐῑὶῦθ

1714 415 1771 467 S.
1809 408 2083 468 CYRILLI
2125 403 2589 462 ALEXANDRINI
2628 399 2941 458 AllClllEP.

3845 391 3984 445 1261')

719 540 933 594 sanctis
963 539 1102 595 ﬁdei.
1137 537 1579 594 Subintroierunt
1613 532 1752 587 enim
1797 532 2012 601 quidam
2049 523 2292 583 homines

2413 517 2755 594 ταραδοθείσῃ
2789 523 2898 582 τοῖς
2935 517 3109 586 ἀγίοις
3157 516 3358 569 πίστει.
3411 512 3838 586 Παρεισέδυσαν
3877 512 3984 580 γαρ

730 634 849 703 (qui
891 632 1018 686 olim
1050 631 1343 700 praescripti
1385 639 1513 683 sunt
1552 627 1606 681 in
1645 627 1747 679 hoc
1787 619 2077 692 judicium)
2120 617 2288 687 impii,

733 725 824 778 Dei
861 724 1028 778 nostri
1054 723 1281 794 gratiam
1309 719 1694 774 transferentes
1721 719 1774 771 in
1803 714 2098 775 luxuriam,
2131 719 2186 763 et
2213 723 2292 762 so.

728 816 838 868 lum
873 815 1288 873 Dominatorem,
1306 821 1357 864 et
1378 811 1656 865 Dominum
1679 816 1917 862 nostrum
1938 802 2119 858 Jesum
2143 800 2294 856 Chri-

732 916 870 959 stum
891 903 1221 974 negantes".
1255 922 1270 954 ι
1295 901 1426 958 Cum
1448 895 2156 955 incarnationisdoctrinam
2183 890 2297 945 uni-

734 1011 889 1049 verse
920 995 1288 1059 adtnittamus,
1323 993 1590 1062 quomodo
1621 991 1711 1058 qui
1742 987 1904 1043 semel
1927 983 2293 1042 crediderunt,

733 1086 1015 1138 Dominum
1048 1095 1286 1137 nostrum
1305 1081 1485 1136 Jesum
1506 1080 1776 1135 Christum
1801 1088 1995 1145 negare
2015 1069 2297 1126 dicuntur?

732 1180 877 1231 Sane
910 1177 954 1231 si
987 1176 1144 1229 alium
1172 1175 1363 1228 Filium
1410 1174 1499 1228 Dei
1531 1173 1706 1227 Patris
1740 1169 1968 1225 Verbum
2003 1179 2122 1219 esse
2144 1163 2294 1217 dise-

736 1271 924 1336 rlmus,
951 1270 1110 1322 alium
1137 1282 1321 1320 rursus
1347 1280 1490 1328 eum,
1522 1262 1612 1332 qui
1648 1271 1807 1313 natus
1830 1265 1912 1312 est
1938 1271 2002 1308 ex
2037 1253 2294 1315 muliere;

735 1378 896 1414 unum
953 1360 1232 1414 Dominum
1293 1359 1492 1410 diserte
1545 1353 1867 1406 inliciatis-ur.
1944 1347 2092 1401 Unus
2152 1344 2301 1399 enim

735 1455 994 1510 Dominus
1021 1450 1176 1505 Iesus
1210 1448 1483 1508 Christus,
1517 1459 1677 1498 carne
1704 1443 1827 1511 ejus
1863 1440 2157 1496 secundum
2186 1435 2297 1490 dis-

737 1544 1092 1614 pensatoriam
1147 1558 1264 1597 cunt
1316 1539 1407 1593 Dei
1475 1537 1648 1591 Patris
1687 1534 1862 1588 Verbo
1916 1531 2188 1595 unionem,
2231 1527 2297 1580 ad

736 1637 954 1692 deitatis
997 1634 1215 1703 gloriam
1251 1640 1457 1685 evecta.
1507 1629 1658 1684 Unus
1687 1625 1911 1696 proinde
1945 1632 2026 1676 est
2048 1621 2298 1676 Christus

736 1739 788 1780 et
835 1726 1004 1780 Fdius
1042 1741 1054 1776 :
1094 1725 1161 1778 ita
1208 1721 1351 1776 enim
1389 1720 1492 1775 erit
1534 1717 1691 1786 hujus
1735 1714 1968 1770 universi
2015 1710 2296 1766 Dominus.

984 1951 1066 2005 Ea:
1097 1948 1378 2018 Evangelia
1407 1945 1690 2000 secundum
1719 1939 2050 1996 Mattltwum.

1161 2057 1312 2122 Quod
1340 2055 1579 2110 Christus
1616 2054 1678 2105 sit
1716 2051 1874 2104 Deus.

819 2192 836 2224 ι
874 2171 999 2226 llaec
1024 2179 1203 2224 autem
1238 2183 1302 2224 eo
1323 2169 1618 2237 cogitante,
1655 2178 1779 2219 ecce
1830 2160 2050 2231 angelus
2096 2154 2301 2212 Domini

741 2266 986 2335 apparuit
1030 2263 1082 2315 in
1120 2261 1322 2316 somnis
1377 2260 1462 2321 ei,
1494 2259 1722 2312 dicens:
1765 2255 1957 2324 Ioseph
2010 2251 2082 2306 ﬁli
2117 2248 2304 2310 David,

742 2360 850 2413 noli
885 2359 1072 2410 timere
1103 2352 1351 2420 accipere
1377 2348 1597 2403 Mariam
1627 2346 1903 2415 conjugem
1938 2355 2082 2396 tuam
2118 2357 2129 2392 :
2163 2339 2306 2409 quod

743 2452 886 2504 enim
921 2449 972 2500 in
1000 2460 1061 2498 ea
1092 2453 1270 2498 natum
1302 2450 1404 2502 est,
1434 2441 1498 2495 de
1528 2438 1729 2507 Spiritu
1768 2444 1956 2490 sancto
1995 2443 2095 2487 est.
2129 2430 2304 2484 Pariet

742 2551 921 2593 autem
951 2539 1135 2599 lilium,
1171 2543 1224 2588 et
1247 2533 1466 2588 vocabis
1515 2528 1707 2584 nomen
1760 2526 1875 2595 ejus
1922 2526 2150 2581 Jesum:
2194 2522 2308 2591 ipse

743 2633 886 2687 enim
924 2628 1125 2680 salvum
1158 2625 1319 2679 faciet
1363 2622 1614 2691 populum
1662 2635 1816 2674 suum
1857 2632 1884 2670 a
1936 2615 2168 2686 peccatis
2213 2627 2310 2668 eo-

744 2737 862 2775 rum
896 2721 958 2773 “.
997 2739 1013 2770 ι
1058 2719 1168 2772 Duo
1209 2715 1366 2770 simul
1413 2715 1514 2767 hoc
1564 2712 1679 2766 loco
1725 2709 1896 2777 ponit,
1938 2721 2057 2776 quae
2099 2707 2148 2759 in
2177 2704 2309 2759 divi-

745 2829 866 2866 nant
906 2822 1108 2864 tantum
1147 2817 1394 2862 naturam
1432 2804 1720 2873 quadrant,
1759 2815 1863 2853 non
1907 2800 2066 2852 etiam
2115 2798 2165 2848 in
2211 2795 2309 2848 ltu-

745 2919 981 2957 tnanant.
1026 2900 1234 2954 Asserit
1284 2907 1518 2962 namque
1547 2893 1684 2961 ejus,
1718 2889 1807 2958 qui
1854 2901 1917 2940 ex
1962 2886 2130 2939 Maria
2159 2890 2310 2936 ortus

744 3006 848 3060 est,
881 3011 970 3048 eos
997 3005 1204 3052 omnes,
1235 2988 1322 3054 qui
1358 2985 1582 3040 salutem
1629 2997 1723 3049 per
1755 2983 1928 3048 ipsum
1976 2985 2313 3043 consequun-

751 3101 858 3153 tur,
919 3082 1170 3154 pnpttlutn
1230 3093 1346 3134 esse
1395 3075 1756 3147 peculiarem;
1811 3079 1919 3122 tum
1963 3075 2017 3121 et
2084 3064 2214 3133 ipsis
2252 3062 2313 3114 il—

753 3184 859 3236 lum
908 3182 1122 3246 peccata
1160 3172 1523 3228 dimissurum.
1552 3164 1708 3232 Atqui
1750 3160 1844 3214 Dei
1874 3168 1998 3212 sunt
2023 3156 2271 3209 universa
2296 3190 2310 3215 ,

751 3243 1022 3335 ipsiusque
1066 3262 1230 3315 solius
1275 3267 1358 3312 est
1426 3262 1767 3324 peccatorum
1820 3247 2026 3317 laqueis
2078 3243 2314 3297 irretitos

749 3359 1024 3427 expedire.
1054 3353 1103 3408 Is
1140 3353 1323 3421 igitur,
1359 3347 1447 3415 qui
1485 3359 1548 3397 ex
1585 3356 1738 3396 sacra
1770 3339 1992 3408 Virgine
2026 3347 2178 3388 natus
2212 3343 2313 3396 est,

754 3453 893 3503 Deus
926 3456 1029 3508 est,
1058 3443 1211 3510 cujus
1244 3453 1341 3492 nos
1368 3434 1657 3505 peculiaris
1687 3431 1917 3498 pepulus
1959 3440 2164 3486 sumus,
2197 3423 2318 3490 qni-

754 3553 858 3608 que
899 3553 927 3590 e
956 3543 1300 3603 peccatorum
1348 3525 1576 3580 vinculis
1627 3535 1724 3591 pro
1771 3533 1864 3573 sua
1918 3525 2183 3586 potestate
2221 3527 2318 3566 nos

755 3629 949 3686 exciuit
981 3641 1042 3680 ac
1073 3620 1338 3677 liberavit.

831 3740 846 3772 ι
885 3720 1014 3773 Cum
1056 3730 1184 3785 ergo
1240 3722 1396 3766 natus
1434 3717 1576 3763 esset
1615 3707 1771 3761 Jesus
1819 3704 1870 3756 itt
1918 3699 2183 3754 Bethleem
2226 3696 2320 3750 Ju-

757 3818 882 3868 daeze
904 3811 972 3862 ⁸⁵.
1006 3829 1024 3860 ι
1073 3808 1126 3860 In
1177 3805 1404 3858 Belleem
1449 3803 1643 3856 ludam:
1680 3808 1838 3850 natus
1867 3803 1966 3857 est,
2024 3806 2086 3843 ex
2123 3789 2318 3843 Jesszea

758 3907 958 3959 radice.
990 3901 1141 3955 Unde
1171 3899 1307 3951 Dens
1332 3904 1384 3947 et
1410 3894 1567 3946 Pater
1611 3904 1703 3956 per
1754 3885 2036 3955 quemdam
2086 3895 2115 3934 e
2153 3879 2321 3932 sacris

759 3997 968 4050 vatibus
1009 3994 1078 4046 ita
1113 3991 1227 4045 ait:
1262 4005 1280 4039 ι
1329 3987 1397 4042 Ει
1427 3994 1480 4039 ttt
1546 3981 1816 4036 Bethleem
1844 3977 2035 4030 domus
2065 3972 2320 4039 Ephrata,

759 4097 1097 4152 nequaquam
1128 4079 1348 4132 minima
1381 4091 1460 4138 es,
1490 4072 1597 4142 79
1628 4080 1684 4124 ut
1715 4070 1787 4123 sis
1821 4067 1870 4121 in
1903 4063 2136 4119 millibus
2163 4058 2320 4114 Juda.

759 4177 836 4229 Ex
889 4185 937 4227 te
982 4173 1124 4225 enim
1178 4168 1485 4239 egredietur
1534 4163 1661 4216 tuihi
1716 4160 1805 4229 qui
1865 4167 2015 4227 regat
2070 4152 2322 4225 populum

761 4279 935 4319 meum
981 4264 1030 4316 in
1056 4260 1221 4315 Israel
1249 4279 1262 4315 :
1294 4269 1348 4312 et
1374 4268 1624 4326 egressus
1658 4252 1772 4319 ejus
1793 4249 1860 4302 ab
1890 4247 2040 4300 initio
2065 4261 2092 4297 a
2135 4243 2323 4297 diebus

757 4356 1074 4409 aeternitatis
1098 4353 1163 4406 ⁸⁸.
1205 4370 1223 4403 ι
1273 4347 1550 4416 Quomodo
1609 4339 1915 4396 Betleetnita
1967 4336 2055 4390 ille
2121 4334 2189 4387 ab
2231 4333 2328 4386 ini-

761 4451 834 4502 tio
866 4447 1041 4500 saeculi
1072 4459 1339 4515 egressus,
1384 4443 1487 4496 hoc
1523 4445 1607 4492 est
1642 4428 1960 4487 substantiae
2003 4425 2324 4496 principium

760 4543 981 4595 sortitus
1021 4538 1238 4599 dicitur,
1297 4546 1417 4587 cum
1471 4541 1646 4583 tamen
1697 4524 1752 4577 in
1793 4518 2101 4576 novissimis
2145 4515 2324 4570 szeculi

763 4631 1092 4700 temporibus
1117 4635 1300 4681 natum
1335 4623 1507 4691 ipsum
1548 4631 1668 4672 esse
1707 4610 1952 4669 constet?
1981 4610 2119 4663 Deus
2161 4608 2324 4675 igitur

761 4734 845 4779 est
880 4699 1154 4784 Christus,
1203 4716 1478 4785 ipsiusque
1518 4708 1683 4762 divini
1729 4704 1893 4759 Verbi
1947 4699 2237 4768 antiquitas
2273 4699 2325 4752 in

765 4818 911 4871 illum
937 4811 1205 4868 convenit.
1233 4807 1366 4861 Nam
1399 4805 1540 4858 Deus
1568 4809 1706 4862 erat,
1733 4806 1951 4866 propter
1982 4807 2079 4848 nos
2112 4807 2176 4845 ex
2205 4803 2323 4842 tnu-

766 4910 896 4962 liere
925 4908 1085 4960 homo
1111 4899 1261 4955 nasci
1290 4899 1561 4968 dignatus.

842 5016 860 5048 ι
903 4997 1012 5066 Ego
1064 4993 1303 5062 quidem,
1351 4987 1557 5054 inquit,
1605 4981 1822 5050 baptizo
1858 4992 1951 5034 vos
1986 4975 2038 5028 in
2091 4985 2230 5038 aqua
2282 4968 2332 5022 iu

769 5060 1159 5159 paenitentiam.
1193 5080 1291 5147 Qui
1327 5086 1502 5130 autem
1532 5083 1653 5139 post
1680 5087 1764 5126 me
1790 5079 2049 5123 venturus
2089 5075 2194 5125 est,
2224 5060 2333 5115 for-

772 5183 874 5234 tior
905 5193 987 5231 me
1008 5185 1112 5237 est,
1135 5173 1288 5240 cujus
1317 5184 1420 5222 non
1448 5181 1564 5220 sum
1588 5165 1781 5233 dignus
1823 5159 2181 5214 calceauteuta
2210 5167 2331 5221 por-

772 5285 907 5324 tare.
937 5269 1056 5336 lpse
1081 5280 1176 5318 vos
1211 5260 1504 5331 baptizabit
1531 5259 1583 5311 itt
1633 5255 1836 5323 Spiritu
1877 5259 2063 5305 sancto
2089 5260 2142 5302 et
2187 5249 2327 5316 igne.

771 5363 936 5433 Cujus
978 5355 1330 5412 ventilabrum
1386 5354 1439 5405 in
1489 5364 1646 5404 manu
1705 5362 1823 5410 sua,
1876 5353 1930 5397 et
1961 5337 2334 5411 perm'undabit

772 5468 953 5510 aream
997 5465 1147 5506 suam
1173 5448 1240 5501 ⁸⁷.
1290 5463 1309 5498 ›
1361 5443 1789 5512 Haudquaquam
1844 5439 2092 5493 humanae
2131 5443 2332 5487 natura:

773 5561 905 5617 opus
926 5552 1007 5598 cst
1036 5543 1088 5596 in
1116 5540 1323 5610 Spiritu
1348 5545 1537 5592 sancto
1569 5534 1878 5604 baptizare:
1913 5530 2004 5585 sed
2033 5542 2204 5596 neque
2231 5525 2332 5595 spi-

777 5636 982 5691 ritalem
1017 5647 1230 5703 quoque
1260 5645 1462 5693 aream,
1501 5627 1604 5684 hoc
1642 5635 1725 5680 est
1757 5624 2004 5678 homines
2033 5629 2242 5673 aetatem
2279 5619 2328 5671 in

846 5811 889 5840 ⁸³
920 5811 1039 5863 Jud.
1077 5811 1129 5874 3,
1160 5809 1213 5864 t.
1275 5807 1321 5840 “
1351 5806 1538 5860 Matth.
1569 5819 1605 5868 t,
1634 5801 1721 5868 ‘20,
1758 5799 1849 5857 9L

1925 5798 1970 5829 ⁸⁸
2008 5795 2193 5852 Matth.
2235 5811 2291 5857 tt,
2338 5794 2384 5847 l.

2394 631 2534 679 τινες
2561 616 2856 685 ἄνθρωποι,
2884 613 2933 664 οί
2970 609 3134 663 πάλαι
3167 607 3659 678 προγεγραμμένοι
3695 606 3783 666 εἰς
3817 603 3984 655 τοῦτο

2393 706 2454 758 τὸ
2492 708 2683 776 κρῖμα,
2714 703 2954 766 ἀσεϐεῖς,
2986 700 3084 770 τὴν
3111 698 3205 752 τοῦ
3238 697 3373 750 Θεοῦ
3404 695 3564 767 ἡμῶν
3596 696 3764 766 χάριν
3815 710 3991 762 μετα-

2394 796 2630 858 τιθέντες
2657 796 2734 857 εἰς
2769 793 3078 860 ἀσέλγειαν,
3109 790 3204 843 καὶ
3231 789 3322 842 τὸν
3351 789 3512 859 μόνον
3547 786 3847 854 Δεσπότην
3895 785 3992 837 καὶ

2395 886 2596 956 Κύριον
2634 883 2789 953 ἡμῶν
2835 881 3038 953 Ἰησοῦν
3084 880 3318 950 Χριστὸν
3366 879 3728 949 ἀρνούμενοι.
3755 894 3779 926 ι
3824 876 3989 928 Κατά

2395 977 2513 1030 τίνα
2550 975 2751 1044 τρόπον
2808 971 3102 1046 ἀρνήσεται
3145 988 3225 1034 τις
3269 970 3376 1024 τῶν
3410 968 3557 1032 ἅπαξ
3604 967 3991 1020 πεπιστευκόο

2394 1068 2602 1122 τωντὸν
2618 1067 2869 1136 Κύριονή
2881 1063 2994 1134 μῶν
3028 1061 3230 1133 Ἰησοῦν
3271 1060 3540 1132 Χριστόνς
3601 1058 3808 1112 Καίτοι
3845 1071 3991 1128 παρ-

2395 1158 2694 1229 εδεξάμεθι
2735 1157 2987 1226 τὸνιτῆς
3042 1154 3509 1225 ὲνανθρωπήσεως
3549 1152 3744 1220 λόγον·
3780 1150 3910 1202 ἀλλ’
3943 1151 3990 1200 εί

2400 1250 2597 1320 φαμὲν,
2629 1251 2711 1302 ὅτι
2750 1248 2935 1317 ἔτερος
2968 1245 3066 1316 μέν
3101 1247 3248 1300 ἐστιν
3280 1246 3404 1310 Υίὸς
3430 1247 3458 1298 6
3486 1246 3550 1298 ἐκ
3579 1244 3720 1298 Θεοῦ
3761 1242 3992 1312 Πατρὸς

2399 1340 2590 1407 Λόγος,
2621 1339 2806 1410 ἕτερος
2849 1339 2905 1390 δὲ
2937 1337 3056 1390 κατ’
3089 1336 3225 1390 ἰδίαν
3253 1338 3282 1390 6
3314 1338 3378 1390 ἐκ
3418 1334 3698 1403 γυναικὸς,
3728 1332 3990 1402 ἠρνησά-

2403 1433 2540 1502 μεθα
2572 1433 2663 1484 τὸν
2710 1432 2869 1501 μόνον
2911 1433 3208 1502 Δεσπότην.
3245 1424 3340 1491 Εἷς
3375 1427 3484 1498 γὰρ
3519 1425 3729 1496 Κύριος
3767 1424 3994 1492 Ἰησοέ

2399 1524 2652 1596 Χριστὸς,
2681 1523 2802 1577 καθ’
2831 1524 3021 1576 ἕνωσιν
3045 1521 3414 1592 οἰκονομικὴν,
3449 1517 3545 1588 τὴν
3572 1516 3711 1588 πρός
3741 1514 3810 1581 γέ
3842 1531 3987 1582 φημι

2399 1616 2489 1669 τὸν
2529 1618 2592 1669 ὲκ
2621 1614 2976 1682 Θεοῦ-Λόγον,
3005 1617 3082 1678 είς
3110 1615 3207 1684 τὴν
3234 1613 3331 1681 τῆς
3365 1610 3617 1678 θεότητος
3653 1607 3822 1672 δόξαν
3855 1606 4002 1662 am,

2402 1705 2672 1776 φοιτώσης
2695 1705 2860 1759 αὑτοῦ
2875 1707 2972 1777 τῆς
3001 1706 3217 1776 σαρκός.
3244 1699 3340 1766 Εἷς
3359 1697 3452 1755 οὖν
3481 1701 3590 1771 ἄρα
3619 1697 3867 1769 Χριστὸς
3894 1697 3986 1748 καὶ

2411 1798 2538 1860 Υἱός
2558 1814 2572 1828 ο
2603 1797 2755 1850 ἔσται
2785 1801 2892 1868 γὰρ
2921 1797 3062 1850 οῦτω
3091 1796 3197 1849 τῶν
3226 1795 3363 1848 ὅλων
3395 1792 3692 1859 Δεσπότης.

2591 1929 2691 1982 Ἐκ
2730 1927 2834 1981 τοῦ
2873 1928 3020 1981 κατὰ
3066 1926 3365 1981 Ματθαῖον
3397 1923 3793 1994 Edunt/Nov.

2841 2035 2969 2087 Ὀτι
3013 2034 3155 2099 Θεὸς
3187 2037 3220 2088 ό
3258 2035 3535 2102 Χριστός-ι

2482 2165 2499 2197 ι
2550 2147 2733 2200 Ταῦτα
2784 2147 2840 2200 δὲ
2889 2141 3051 2202 αὑτοῦ
3106 2148 3530 2219 ἐνθυμηθέντος,
3587 2149 3697 2202 ἰδοὺ
3751 2148 3984 2216 ἄγγελος

2406 2236 2610 2306 Κυρίου
2643 2240 2759 2291 κατ’
2790 2239 2920 2310 ὄναρ
2951 2240 3123 2310 ὲφάνη
3168 2240 3336 2309 αὐτῷ,
3387 2239 3578 2308 λέγων’
3628 2242 3835 2312 Ἰωσὴφ
3873 2243 3984 2303 υίὸς

2406 2326 2586 2393 Δαυῒδ,
2625 2327 2699 2398 μὴ
2728 2327 2968 2400 φοόηθῇς
2998 2329 3333 2400 παραλαϐεῖν
3359 2332 3592 2401 Μαριὰμ
3622 2332 3725 2401 τὴν
3747 2335 3984 2399 γυναῖκα

2409 2433 2532 2470 σου·
2561 2418 2621 2470 τὸ
2656 2418 2764 2488 γὰρ
2807 2421 2864 2472 ὲν
2898 2422 3035 2490 αὐτῇ
3075 2421 3352 2492 γεννηθὲν,
3384 2423 3446 2474 ὲκ
3487 2422 3805 2492 Πνεύρατῲ
3840 2426 3985 2476 ἔστιν

2407 2508 2585 2575 ἁγίου.
2615 2508 2838 2573 Τέξεται
2867 2510 2924 2564 δὲ
2951 2511 3086 2574 υἱὸν,
3113 2512 3207 2565 καὶ
3228 2512 3477 2574 καλέσεις
3508 2513 3565 2564 τὸ
3593 2512 3768 2581 ὄνομα
3791 2511 3980 2574 αὑτοῦ,

2420 2598 2659 2668 Ἰησοῦν·
2709 2598 2871 2662 αὐτὸς
2902 2599 3010 2670 γὰρ
3050 2599 3212 2653 σώσει
3239 2600 3331 2653 τὸν
3360 2601 3484 2652 λἀὸν
3529 2600 3693 2654 αὑτοῦ
3733 2602 3844 2653 ἀπὸ
3881 2603 3988 2652 τῶν

2407 2692 2689 2762 ἁμαρτιῶν
2719 2692 2917 2746 αὐτῶν.
2968 2712 2983 2740 ι
3021 2691 3123 2744 Δύο
3157 2693 3297 2746 κατά
3331 2693 3494 2746 ταυτὸ
3535 2694 3715 2762 τίθησι
3760 2694 3827 2745 τὰ
3878 2693 3988 2744 θεο-

2409 2785 2614 2854 πρεπῆ,
2648 2785 2742 2836 καὶ
2770 2784 2868 2837 οὐκ
2901 2784 3215 2856 ἀνθρωπεία
3243 2784 3518 2854 πρέποντα
3540 2783 3717 2851 φύσει.
3738 2784 3848 2836 τοῦ
3881 2785 3988 2851 γὰρ

2409 2874 2690 2944 τεχθέντος
2735 2876 2799 2927 ὲκ
2848 2874 2947 2942 τῆς
2997 2875 3228 2946 Μαριὰμ
3275 2874 3402 2927 ἴδιον
3453 2874 3557 2942 ἔφη
3583 2874 3710 2927 λαὸν
3747 2877 3878 2937 τοὺς
3922 2876 3983 2927 δι’

2411 2965 2574 3018 αὑτοῦ
2616 2964 2992 3035 σεσωσμένους
3013 2982 3026 2996 ·
3062 2967 3155 3018 καὶ
3189 2967 3312 3035 μὴν,
3342 2967 3424 3019 ὅτι
3449 2967 3544 3018 καὶ
3577 2966 3870 3036 ἁμαρτιῶν
3896 2968 3987 3018 αὖ·

2413 3058 2536 3120 τοὺς
2566 3058 2727 3120 αὐτὸς
2792 3055 3111 3120 ἀπαλλάξει.
3140 3055 3271 3109 Θεοῦ
3296 3056 3351 3109 δὲ
3391 3055 3458 3108 τὰ
3497 3055 3697 3120 πάντα,
3731 3057 3825 3108 καὶ
3861 3058 3988 3123 ττρέ-

2414 3165 2504 3200 ποι
2555 3147 2620 3201 ἂν
2667 3148 2814 3218 αύτῷ
2847 3148 2942 3201 καὶ
2993 3148 3140 3218 μόνῳ
3177 3149 3238 3200 τὸ
3289 3147 3652 3201 ἀπαλλάττειν
3697 3148 3988 3219 ἁμαρτιῶν

2340 3217 2380 3276 C
2414 3238 2668 3290 δύνασθαι
2716 3217 2840 3300 τοῦς
2885 3217 3293 3307 ἡμαρτηιιότας.
3338 3235 3471 3299 Θεὸς
3517 3231 3612 3289 οῦν
3643 3236 3752 3307 ἄρα
3786 3217 3932 3288 ἐστὶν
3961 3238 3988 3286 6

2417 3331 2478 3380 ἐκ
2507 3329 2606 3396 τῆς
2644 3329 2802 3394 ἁγίας
2839 3329 3110 3396 Παρθένου
3142 3327 3554 3395 γεγεννημένος,
3607 3321 3668 3378 οῦ
3716 3329 3814 3379 καὶ
3865 3329 3987 3389 ἶδιὸς

2418 3420 2582 3487 ἐσμεν
2610 3419 2758 3482 λαὸς,
2794 3418 2886 3469 καὶ
2936 3415 3220 3485 ἁμαρτιῶν
3251 3416 3307 3466 δὲ
3355 3416 3500 3484 ἡμᾶς
3531 3415 3867 3486 ἀπήλλαξεν,
3917 3418 3987 3478 ὼς

2419 3511 2555 3581 ἔχων
2585 3507 2686 3562 καὶΔ
2707 3507 2894 3561 τούτου
2928 3507 3026 3578 τὴν
3059 3506 3323 3572 ἑςουσίαν.

2496 3731 2513 3763 ι
2559 3711 2666 3764 Τοῦ
2695 3712 2751 3764 δὲ
2793 3708 2967 3780 Ἰησοῦ
2988 3707 3337 3778 γεννηθέντος
3366 3707 3424 3760 ὲν
3456 3702 3704 3775 Βηθλεὲμ
3731 3703 3832 3772 τῆς
3866 3704 3986 3755 Ἰου-

2419 3802 2591 3864 δαίας.
2633 3820 2650 3852 ι
2699 3802 2787 3854 Ἐν
2818 3799 3065 3868 Βηθλεὲμ
3091 3797 3412 3865 γεγέννηται
3456 3797 3554 3864 τῆς
3599 3794 3885 3856 Ἰουδαίας,
3928 3796 3986 3847 ἐκ

2425 3892 2578 3963 ῥίζης
2619 3889 2834 3943 Ἰεσσαί.
2864 3889 3000 3956 Φησὶ
3027 3887 3083 3939 δὲ
3121 3886 3250 3956 περὶ
3270 3884 3434 3939 αὐτοῦ
3464 3885 3531 3938 δι’
3563 3886 3680 3946 ἐνὸς
3708 3885 3820 3937 τῶν
3863 3902 3986 3954 προ·

2425 3981 2606 4052 φητῶν
2635 3982 2664 4033 6
2691 3979 2821 4040 Θεὸς
2853 3979 2945 4032 καὶ
2973 3978 3194 4048 Πατήρ⁶
3241 3996 3258 4029 ι
3295 3979 3406 4032 Καὶ
3455 3977 3519 4030 σὺ
3561 3976 3812 4048 Βηθλεὲμ
3845 3972 3985 4038 οἶκος

2423 4070 2515 4124 τοῦ
2561 4069 2820 4141 Ἐφραθᾶ,
2859 4068 2932 4139 μὴ
2959 4065 3237 4135 ὀλιγοστὸς
3270 4060 3322 4118 εἷ
3352 4063 3446 4118 τοῦ
3481 4062 3620 4138 εἶναι
3652 4067 3712 4118 ὲν
3759 4066 3983 4136 χιλιάσιν

2436 4160 2606 4215 Ἰούδα
2626 4177 2640 4190 ·
2667 4162 2730 4212 ὲκ
2758 4158 2850 4212 σοῦ
2879 4159 2985 4228 γάρ
3010 4175 3099 4228 μοι
3130 4155 3466 4223 ἐξελεύσεται
3495 4156 3587 4209 τοῦ
3619 4152 3758 4208 εἶναι
3788 4158 3866 4217 είς
3894 4157 3984 4224 ἀρ-

2423 4269 2583 4323 χοντα
2612 4252 2668 4303 ὲν
2698 4250 2774 4320 τῷ
2819 4250 3036 4320 Ἰσραήλ
3059 4266 3074 4281 θ
3100 4249 3195 4301 καὶ
3225 4249 3278 4300 al
3309 4246 3477 4310 ἔξοδοι
3506 4245 3671 4300 αὑτοῦ
3701 4247 3796 4299 ἀπ’
3823 4248 3982 4317 ἀρχῆς

2425 4344 2484 4408 ἐξ
2529 4340 2750 4413 ἡμερῶν
2783 4341 2995 4402 αἰῶνος.
3039 4359 3055 4391 ι
3096 4339 3222 4400 Πῶς
3272 4333 3365 4391 οῦν
3413 4338 3441 4391 6
3489 4338 3887 4406 γεγεννημένος
3934 4340 3983 4389 ὲν

2428 4431 2672 4504 Βηθλεὲμ
2699 4430 2796 4500 τῆς
2827 4431 3107 4495 Ἰουδαίας,
3133 4433 3225 4484 ἀπ’
3248 4433 3421 4502 ἀρχῆς
3446 4430 3639 4493 αἰῶνος
3662 4431 3762 4489 τὰς
3786 4427 3984 4494 ἐξόδους

2429 4523 2569 4592 ἔχειν
2607 4519 2842 4587 λέγεται,
2889 4520 3132 4573 τουτέστι
3179 4520 3279 4588 τῆς
3327 4519 3610 4590 ὑπάρξεως
3651 4518 3751 4589 τὴν
3802 4519 3982 4588 ἀρχὴν,

2431 4617 2603 4670 καίτοι
2650 4614 2928 4686 γεννηθεὶς
2972 4615 3029 4667 ἐν
3072 4612 3317 4682 ἐσχάτοις
3361 4612 3455 4665 τοῦ
3506 4612 3702 4673 αἰῶνος
3753 4615 3982 4680 καιροίςς

2429 4708 2560 4771 Θεὸς
2591 4703 2684 4761 οὖν
2717 4707 2824 4778 ἀρα
2855 4706 3107 4776 Χριστὸς,
3131 4706 3226 4758 καὶ
3249 4704 3451 4772 πρέπει
3480 4701 3628 4773 αύτῷ
3647 4703 3708 4755 τὸ
3738 4703 3833 4755 τοῦ
3863 4703 3983 4755 Θεοῦ

2433 4801 2607 4866 Λόγου
2640 4796 3033 4868 πρεσϐύτατον.
3067 4794 3198 4857 Θεὸς
3217 4789 3428 4864 γάρῆν,
3460 4795 3526 4847 δι’
3555 4796 3706 4864 ἡμᾶς
3737 4796 3984 4866 σαργικὴν

2434 4889 2733 4960 ὑπομείνας
2763 4887 3010 4957 γέννησιν
3037 4885 3136 4955 τὴν
3165 4886 3229 4938 ἐκ
3259 4886 3534 4952 γυναικός.

2513 5001 2530 5034 ι
2591 4981 2730 5050 Ἐγὼ
2766 4980 2862 5050 μὲν
2892 4982 3001 5048 γὰρ
3040 4979 3184 5047 ὑμᾶς
3225 4979 3283 5030 ὲν
3317 4977 3466 5031 ῦδατι
3501 4976 3765 5045 βαπτίζω,
3817 4977 3986 5047 φησὶν,

2438 5073 2514 5134 εἰς
2554 5071 2836 5141 μετάνοιαν
2855 5085 2868 5096 ⁸
2904 5069 2932 5120 ὁ
2962 5067 3018 5120 δὲ
3049 5067 3222 5119 ὀπίσω
3251 5082 3352 5135 μου
3382 5065 3695 5136 ἐρχόμενος,
3731 5068 3988 5136 ίσχυρὸτεο

2442 5162 2532 5232 ρος
2566 5179 2664 5231 μου
2699 5161 2863 5223 ἐστὶν,
2892 5154 2952 5212 οὗ
2985 5159 3084 5210 οὐκ
3109 5158 3224 5226 είμὶ
3259 5157 3439 5219 ίκανὸς
3468 5156 3533 5209 τὰ
3561 5157 3878 5228 ὑποδήματα
3905 5158 3986 5227 βα-

2441 5252 2652 5304 στάσαι.
2682 5250 2850 5312 Αὐτὸς
2878 5251 3020 5318 ὑμᾶς
3051 5247 3300 5317 βαπτίσει
3340 5248 3397 5300 ὲν
3439 5247 3713 5317 ΙΙνεύματι
3744 5250 3880 5318 ἀγίῳ
3907 5250 3985 5300 καὶ

2441 5342 2588 5410 πυρί.
2622 5334 2694 5395 Οὗ
2737 5341 2797 5392 τὸ
2825 5341 2987 5392 πτύον
3028 5340 3084 5392 ὲν
3114 5343 3178 5411 τῇ
3212 5341 3353 5410 χειρὶ⁸
3403 5338 3587 5402 αὑτοῦ,
3622 5339 3718 5392 καὶ
3747 5339 3982 5392 διακαθα-

2441 5435 2545 5503 ριεῖ
2571 5432 2668 5502 τὴν
2707 5430 2888 5484 ἅλωνα
2936 5429 3122 5484 αὑτοῦ.
3165 5450 3182 5481 ι
3219 5431 3332 5483 Οὐκ
3383 5429 3801 5500 ἀνθρωπότητος
3848 5431 3979 5501 ἔργον

2437 5519 2574 5578 εἷναί
2621 5540 2799 5592 φαμεν
2829 5523 2888 5574 τὸ
2924 5520 3201 5590 βαπτίζειν
3249 5523 3305 5573 ὲν
3354 5519 3490 5588 ἁγίῳ
3544 5520 3854 5588 Πνεύματι·
3887 5523 3968 5573 ἀλλ

2437 5617 2556 5672 οὐδὲ
2603 5617 2700 5686 τὴν
2749 5614 2929 5668 ἆλωνα
2975 5613 3073 5683 τὴν
3103 5612 3318 5682 νοητὴν,
3351 5612 3591 5666 τουτέστι
3622 5613 3749 5676 τοὺς
3782 5613 3868 5666 ἐπὶ
3901 5613 3982 5680 τῆς

2465 5793 2509 5825 ⁸⁸
2543 5790 2702 5846 Mich.
2746 5806 2798 5852 ν,
2839 5789 2905 5856 2;
2945 5787 3134 5842 Matth.
3167 5803 3228 5853 tt,
3261 5787 3312 5839 (ἲ.
3389 5788 3432 5820 ⁸⁷
3466 5785 3654 5854 Matth,
3683 5802 3764 5851 ιιι,
3804 5788 3879 5852 ll,
3912 5787 3981 5840 1‘2.
