4090 6504
86 447 218 498 1261

1196 454 1280 507 DE
1319 455 1540 509 llECTA
1585 458 1738 513 FIDE
1777 463 1864 513 AD
1908 465 2214 518 llEGINAS.

3180 465 3315 515 1962

85 557 212 626 γῆς,
241 557 386 613 ἰδίαν
414 557 552 614 εἶναι
582 579 762 630 φαμεν
791 563 1095 631 ἀνθρώπου.
1118 565 1250 616 ε)εοῦ
1280 567 1388 634 γὰρ
1409 568 1477 618 τὰ
1495 570 1668 623 πάντα

1773 583 1911 626 terra
1962 585 2198 642 agentes,
2238 574 2468 628 hominis
2507 574 2774 640 propriam
2829 587 2945 630 esse
2985 575 3318 631 concesseri-

79 651 218 714 ἐστὶ,
253 653 354 705 καὶ
384 653 536 722 αὑτῷ
575 655 669 705 καὶ
713 654 855 722 μόνῳ
899 655 1095 725 πρέπει
1143 657 1203 709 τὸ
1235 659 1293 708 έν
1328 658 1467 726 ἁγίῳ
1499 661 1666 712 11νεύ-

84 760 212 809 ματι
247 743 543 812 βαπτίζειν
588 744 846 797 δύνασθαι
893 749 1015 810 τοὺς
1067 747 1438 811 πιστεύοντας.
1483 750 1669 820 Ὲνήρ-

81 847 220 900 γηκε
256 832 316 884 δὲ
359 833 520 885 τοῦτο
563 834 796 901 Χριστὸς
838 837 866 887 ὁ
907 839 1042 908 μετᾶ
1089 841 1341 908 Ἰωάννην
1379 841 1668 909 ἐρχόμενος

83 923 224 975 κατά
258 923 472 992 σάρκα,
505 925 625 993 ἦτοι
655 926 745 979 τὸν
773 928 872 996 τῆς
908 931 1105 998 σαρκὸς
1153 930 1362 999 χρόνον.
1394 930 1585 992 οΑὺτὸς
1614 930 1671 983 δέ

84 1014 174 1066 καὶ
199 1013 303 1082 τὴν
327 1013 523 1066 ἑαυτοῦ
554 1014 734 1071 ἅλωνα
778 1019 1082 1089 καθαρίζει.
1116 1019 1246 1081 Θεὸς
1277 1015 1367 1072 οὖν
1395 1019 1503 1089 ἄρα
1526 1020 1672 1073 ἐστὶν

83 1099 319 1170 ἀληθής.

159 1211 176 1241 ι
228 1191 346 1243 Καὶ
382 1191 492 1245 ἰδοὺ
522 1192 722 1263 λεπρὸς
749 1194 1078 1264 προσελθὼν,
1108 1195 1431 1267 προσεκύνει
1457 1196 1632 1264 λέγων
1652 1213 1664 1228 ·

85 1281 308 1351 Κύριε,
342 1283 442 1336 ἐάν
491 1284 668 1356 θέλῃς,
702 1285 926 1338 δύνασαί
960 1304 1026 1356 με
1074 1287 1385 1358 καθαρίσαι.
1427 1289 1537 1342 Καὶ
1583 1290 1673 1342 ἐκ-

83 1373 266 1435 τείνας
311 1373 419 1445 τὴν
463 1381 641 1447 χεῖρα,
689 1377 867 1447 ἥψατο
903 1379 1090 1445 αὑτοῦ,
1126 1379 1328 1448 λέγων·
1364 1379 1531 1444 Θέλω,
1569 1397 1670 1434 κα·

82 1461 402 1532 θαρίσθητι.
433 1467 540 1518 Καὶ
570 1466 772 1529 εὐθέως
801 1467 1134 1538 ἐκαθαρίσθη
1162 1469 1326 1523 αὑτοῦ
1357 1471 1390 1540 ἡ
1420 1469 1617 1539 λέπρα.
1645 1489 1666 1521 ι

83 1554 108 1603 'l
127 1553 156 1604 ὸ
181 1556 437 1623 ἐνεργεῖν
476 1556 730 1608 δύνασθαι
750 1555 1199 1628 θεοπρεπῶς,οὺκ
1217 1561 1344 1614 ἴδιον
1361 1559 1670 1631 ἀνθρώπου,

84 1646 222 1716 αὐτῇ
244 1646 304 1697 δὲ
329 1647 529 1714 μᾶλλον
553 1647 787 1700 ἐποιεῖτο
814 1646 1057 1719 [πρέποι]
1080 1648 1142 1701 ἃν
1166 1649 1258 1703 καὶ
1282 1641 1413 1719 μόνῄ
1439 1651 1503 1718 τῇ
1535 1647 1674 1701 πάν-

82 1753 189 1789 των
224 1739 490 1790 ἐπέκεινα
525 1738 704 1805 φύσει.
747 1741 987 1811 Ἐνεργεῖ
1017 1740 1072 1792 δὲ
1107 1739 1248 1794 οὕτω
1276 1742 1534 1812 Χριστός·
1576 1742 1674 1794 οὐκ

83 1830 191 1896 ἄρα
237 1828 402 1896 ψιλὸς
447 1829 732 1900 ἄνθρωπος
777 1830 903 1885 καθ’
940 1833 1109 1901 ἡμᾶς,
1144 1831 1274 1893 Θεὸς
1301 1832 1357 1884 δέ
1389 1831 1586 1902 μᾶλλον
1615 1832 1674 1884 ἐν

1771 678 1925 716 mus:
1958 679 2080 715 nam
2112 665 2292 717 omnia
2333 663 2498 717 solius
2524 661 2612 714 Dei
2638 672 2783 728 sunt,
2834 663 3038 730 ipsique
3067 663 3164 718 soli
3195 677 3319 716 cono

1770 752 1914 818 gruit
1963 752 2106 813 illos,
2148 753 2237 820 qni
2286 754 2541 814 credunt,
2587 752 2638 803 in
2690 750 2893 819 Spiritu
2932 761 3116 806 sancto
3164 767 3320 820 posse

1772 839 2068 906 baptizare.
2106 839 2264 906 Atqui
2311 841 2580 905 Christus,
2626 840 2715 908 qui
2763 841 3053 893 secundum
3103 855 3318 896 carnem

1772 937 1889 994 post
1911 926 2168 981 Joannem
2194 929 2460 992 veniebat,
2487 938 2728 997 potenter
2755 930 2841 983 isti
2876 933 2986 982 hzcc
3015 931 3321 997 prmetabat,

1774 1016 2020 1084 idemque
2069 1030 2220 1071 suam
2272 1031 2481 1084 quoque
2517 1034 2698 1073 aream
2755 1019 3095 1086 permundat.
3151 1019 3322 1074 Verus

1773 1107 1952 1172 itaque
1986 1106 2124 1160 Deus
2156 1115 2237 1159 est
2265 1105 2529 1160 Christus.

1849 1212 1868 1246 ι
1905 1194 1967 1248 Ει
2002 1208 2129 1250 ecce
2181 1193 2423 1263 leprosus
2467 1193 2690 1248 veniens
2744 1194 2999 1248 adorabat
3048 1209 3202 1260 eum,
3243 1195 3326 1252 di-

1774 1301 1903 1342 cens
1931 1302 1944 1339 :
1970 1285 2215 1348 Domine,
2248 1285 2291 1339 si
2325 1284 2426 1349 vis,
2458 1292 2612 1351 potes
2644 1297 2729 1337 me
2759 1284 3116 1339 mundare.Et
3142 1297 3326 1342 exten-

1772 1378 1906 1432 dens
1950 1376 2108 1431 Jesus
2154 1391 2390 1437 manum,
2439 1374 2609 1443 tetigit
2661 1389 2814 1438 eum,
2872 1375 3097 1431 dicens:
3159 1377 3324 1445 Volo,

1773 1471 2053 1526 mundare.
2095 1470 2159 1524 Et
2191 1468 2470 1523 confestim
2504 1467 2756 1520 mundata
2788 1473 2868 1518 est
2897 1465 3040 1534 lepra
3064 1467 3180 1537 ejus
3197 1469 3261 1524 ".
3302 1491 3323 1525 ι

1773 1559 1919 1629 Opus
1949 1560 2185 1614 divinum
2211 1557 2408 1621 moliri,
2443 1561 2674 1610 nonest
2713 1554 2907 1608 virium
2952 1554 3324 1616 humanarum.

1773 1652 2037 1707 Convenit
2077 1651 2127 1704 id
2163 1661 2342 1705 autem
2370 1649 2420 1702 in
2454 1647 2752 1717 principem
2785 1646 3022 1699 omnium
3059 1659 3323 1717 naturam,

1775 1745 1875 1798 hoc
1908 1751 1990 1797 est
2042 1741 2294 1795 divinam.
2349 1739 2508 1808 Atqui
2569 1737 2814 1792 Christus
2858 1735 3114 1804 ejuSmodi
3165 1757 3324 1810 opera

1777 1835 2024 1896 molitur;
2058 1847 2160 1886 non
2192 1842 2422 1900 estergo
2453 1831 2628 1885 nudus
2670 1829 2852 1893 homo,
2885 1830 3324 1895 quemadmodum

84 1918 412 1991 ἀνθρωπεία
443 1925 647 1992 μορφῇ.
676 1921 832 1975 Οὕτω
859 1923 1070 1994 νοήσεις
1101 1923 1194 1976 καὶ
1219 1923 1314 1976 ἐπὶ
1337 1921 1435 1992 τῆς
1465 1922 1670 1992 Πέτρου

1776 1943 1896 1992 nos,
1931 1927 2023 1981 sed
2069 1925 2209 1979 Deus
2251 1925 2538 1978 humanam
2590 1930 2840 1975 naturam
2883 1919 3120 1976 indutus.
3176 1925 3325 1992 Quod

84 2011 384 2081 πενθερᾶς,
435 2013 537 2065 κᾶν
582 2016 695 2076 τοῖς
746 2013 974 2083 ἀνέμοις
1024 2016 1291 2085 ἐπιτιμῶν
1337 2016 1530 2086 ὁρῷτο,
1581 2017 1674 2069 θα-

83 2101 260 2171 λάσσῃ
293 2120 356 2155 τε
391 2105 482 2156 καὶ
525 2104 731 2158 ὕδασιν.
767 2105 936 2158 Ὅθεν
963 2107 1053 2159 καὶ
1079 2108 1127 2159 οί
1172 2107 1448 2161 θεσπέσιοι
1497 2108 1674 2180 μαθη-

85 2193 173 2243 ταὶ
207 2193 310 2244 καλ⁸
358 2193 630 2246 θάλασσαν
661 2195 756 2247 καὶ
805 2195 1039 2266 ἀνέμους
1083 2198 1473 2267 ὑποκειμένους
1503 2199 1670 2270 ὁρῶν-

83 2298 196 2343 τες,
223 2282 610 2352 τεθαυμάκασι
631 2284 878 2353 λέγοντες
902 2302 915 2315 ⁸
947 2305 965 2337 ι
995 2288 1242 2350 Ποταπός
1266 2291 1413 2341 ἐστιν
1433 2283 1618 2354 οὗτος
1647 2309 1665 2342 ι

87 2372 162 2424 tib
211 2374 327 2443 γὰρ
383 2369 452 2444 ἦν
485 2374 772 2445 ἀνθρώπου
814 2376 969 2446 ψιλοῦ
1023 2377 1094 2430 τά
1145 2376 1367 2431 τοιαῦτα
1414 2378 1672 2433 δύνασθαι

86 2465 243 2535 ερᾷν.
281 2465 422 2529 Θεὸς
467 2460 561 2520 οὖν
606 2467 713 2538 ἄρα
762 2467 900 2521 κατὰ
931 2469 1123 2522 ταυτὸν
1175 2468 1270 2523 καὶ
1316 2469 1598 2541 ἄνθρωπος
1645 2471 1672 2522 ὁ

90 2556 350 2628 Χριστός.

166 2851 184 2883 ι
233 2833 300 2885 Ol
331 2834 387 2886 δὲ
416 2832 685 2902 δαίμονες,
716 2832 867 2903 φησὶ,
900 2832 1241 2902 παρεκάλουν
1274 2834 1456 2894 αὐτὸν.
1486 2834 1671 2904 λέγον-

95 2939 181 2984 τες
203 2940 217 2954 ο
247 2924 313 2976 El
359 2919 641 2987 ἐκϐάλλεις
683 2924 850 2993 ἡμᾶς,
882 2923 1200 2977 ἀπόστειλον
1224 2927 1371 2996 ἡμᾶς
1402 2936 1424 2964 ο
1467 2927 1546 2989 εἰς
1573 2927 1670 2997 τὴν

95 3013 296 3084 ἀγέλην
326 3015 436 3067 τῶν
466 3015 683 3084 χοίρων.
733 3015 842 3067 Καὶ
872 3011 1022 3066 εἶπεν
1066 3017 1281 3079 αὐτοῖς⁹
1322 3018 1611 3086 Ὑπάγετε.
1647 3037 1664 3070 ι

96 3104 166 3156 Τὸ
197 3108 450 3174 προνοεῖν
497 3105 605 3157 τῶν
651 3105 807 3169 ὅλων,
862 3105 953 3157 καὶ
990 3103 1182 3169 σώζειν
1224 3107 1384 3168 αὐτὰ,
1417 3108 1560 3171 τίνος
1604 3108 1670 3161 ἂν

99 3197 200 3265 εἴη,
255 3197 400 3266 πλὴν
451 3197 532 3250 ὅτι
588 3195 748 3266 μόνου
795 3195 887 3249 τοῦ
932 3198 1071 3250 κατά
1123 3197 1284 3266 φύσιν
1325 3199 1474 3262 ὄντος
1502 3199 1667 3265 Θεοῦς

99 3286 253 3340 οὕτω
291 3290 391 3341 καὶ
434 3290 464 3341 ὁ
508 3288 700 3359 Σωτὴρ
742 3286 1006 3356 ἔφασκεν·
1047 3305 1064 3338 t
1104 3289 1237 3358 Οὐχὶ
1278 3289 1371 3342 δύο
1420 3290 1674 3360 στρουθία

100 3379 360 3448 ἀσσαρίου
411 3379 736 3445 πωλοῦνται,
784 3381 877 3432 καὶ
925 3380 982 3431 ἓν
1028 3380 1086 3444 ἐξ
1115 3381 1293 3432 αὐτῶν
1321 3382 1380 3434 οὗ
1427 3386 1672 3436 πεσεῖται

100 3469 189 3521 ἐπὶ
227 3470 328 3541 τὴν
354 3472 458 3540 γῆν
487 3471 614 3524 ἀνευ
645 3470 738 3522 τοῦ
770 3470 984 3541 Πατρὸς
1027 3471 1179 3540 ὑμῶν
1209 3469 1302 3523 τοῦ
1347 3473 1404 3524 ὲν
1441 3475 1554 3535 τοῖς
1582 3473 1671 3525 οὑ-

102 3565 316 3627 ρανοῖς;
357 3561 542 3630 ’Υμῶν
573 3561 629 3613 δὲ
671 3562 764 3614 καὶ
793 3563 848 3613 αἱ
878 3561 1060 3631 τρίχες
1089 3564 1186 3632 τῆς
1221 3563 1460 3633 κεφαλῆς
1502 3566 1670 3618 πᾶσαι

100 3650 475 3720 ἠριθμημέναι
501 3651 658 3702 εἰσίν.
699 3669 717 3701 ι
766 3651 898 3703 Ἰδοὺ
954 3652 1240 3722 τοιγαροῦν
1267 3653 1534 3723 τοσαύτην
1563 3655 1670 3706 τῶν

102 3737 266 3791 ὄντων
324 3740 585 3809 πρόνοιαν
643 3740 878 3792 ἐποιεῖτο
927 3741 1179 3809 Χριστὸς,
1220 3743 1295 3806 ὡς
1346 3744 1420 3813 μὴ
1472 3744 1670 3808 ἐξεῖναι

101 3832 209 3891 τοῖς
253 3829 586 3899 ἀκαθάρτοις
629 3829 846 3899 δαίμοσι
884 3830 1016 3899 μηδὲ
1057 3830 1253 3900 χοίρων
1290 3833 1492 3903 ἀγέλης
1526 3835 1670 3903 ἔχειν

104 3919 195 3988 τὴν
226 3921 497 3987 ἐξουσίαν.
537 3919 917 3992 Παρακληθεὶς
950 3916 1043 3973 οὖν
1073 3909 1336 3990 ἐπέτρεψε
1372 3923 1543 3991 μόλις,
1573 3925 1672 3976 οὐκ

106 4011 333 4074 ἐκείνοις
367 4012 585 4082 πληρῶν
623 4013 722 4083 τὴν
757 4011 990 4081 αἴτησιν,
1040 4011 1157 4065 ἀλλ’
1207 4012 1292 4064 ἵνα
1341 4014 1488 4082 ἡμᾶς
1541 4016 1672 4066 ἀνα-

105 4103 262 4174 πείσῃ
313 4106 551 4174 φρονεῖν,
588 4104 668 4156 ὃτι
717 4105 1026 4173 προνοεῖται
1064 4103 1171 4155 τῶν
1215 4104 1351 4158 ὅλων
1397 4105 1470 4166 ὡς
1519 4105 1670 4167 Θεός.

106 4193 230 4246 Εἶτα
264 4196 382 4258 πῶς
412 4198 472 4249 οὐ
506 4196 656 4260 Θεὸς,
692 4199 719 4249 ό
748 4196 1024 4266 θεοπρεπῆ
1053 4197 1152 4266 τὴν
1182 4196 1448 4262 ἐξουσίαν,
1483 4199 1576 4250 καὶ
1611 4199 1673 4251 τὸ

106 4287 242 4338 κατὰ
281 4288 499 4340 πάντων
547 4289 745 4357 κράτος
771 4287 794 4326 ἀ
829 4287 1139 4357 ἀνημμένος
1174 4299 1219 4352 ε,
1251 4288 1344 4340 καὶ
1374 4288 1560 4352 σώζων
1597 4290 1672 4352 ὡς

110 4374 210 4427 ἱδια
238 4379 307 4430 τά
329 4377 393 4429 δι’
429 4377 592 4430 αὐτοῦ
623 4381 914 4446 γεγονότας

179 4585 196 4615 ι
242 4567 377 4619 Τότε
425 4567 572 4633 λέγει
610 4571 722 4631 τοῖς
775 4569 1045 4638 μαθηταῖς
1079 4570 1278 4623 αὑτοῦ·
1331 4573 1389 4625 '0
1442 4573 1541 4644 μὲν
1585 4575 1671 4628 0e-

112 4657 300 4723 ρισμὸς
335 4657 521 4720 πολὺς,
557 4659 604 4710 οἱ
637 4657 693 4710 δὲ
722 4659 950 4728 ἐργάται
978 4660 1167 4729 ὀλίγοι.
1201 4661 1435 4734 Δεήθητε
1457 4659 1548 4716 οὖν
1576 4664 1670 4717 τοῦ

110 4749 286 4815 κυρίου
323 4747 414 4800 τοῦ
444 4747 725 4819 θερισμοῦ,
768 4751 915 4814 ὅπως
953 4752 1156 4826 ἐκϐάλῃ
1190 4755 1426 4823 ἐργάτας
1458 4757 1538 4816 είς
1574 4756 1667 4808 τὸν

109 4832 362 4904 θερισμὸν
397 4838 584 4891 αὑτοῦ.
623 4840 732 4892 Καὶ
763 4842 1273 4913 προσκαλεσάμενος
1300 4845 1424 4908 τοὺς
1466 4846 1674 4899 δώδεκα

113 4925 354 4996 μαθητὰς
387 4927 571 4992 αὑτοῦ,
607 4928 804 4982 ἔδωκεν
832 4931 1015 4994 αὐτοῖς
1057 4933 1305 4998 ἐξουσίαν
1338 4935 1476 4987 κατὰ
1513 4951 1675 4987 πνευ-

113 5015 289 5080 μάτων
329 5017 673 5087 ἀκαθάρτων,
708 5017 844 5072 ὥστε
875 5020 1013 5074 αὑτά
1039 5021 1337 5083 ἐκϐάλλειν.
1371 5024 1464 5076 καὶ
1509 5022 1669 5091 θερα-

113 5105 290 5159 πεύειν
339 5109 517 5160 πᾶσαν
553 5109 708 5161 νόσον
739 5110 832 5162 καὶ
879 5113 1057 5164 πᾶσαν
1103 5112 1392 5181 μαλακίαν.
1446 5131 1463 5163 ι
1514 5107 1666 5164 Οἶδεν

109 5189 226 5245 ὄντα
252 5193 346 5247 τοῦ
379 5195 640 5266 θερισμοῦ
669 5197 854 5266 κύριον
878 5199 966 5251 τὸν
994 5199 1104 5250 τῶν
1141 5201 1278 5253 ὅλων
1305 5200 1436 5254 Θεόν
1457 5217 1469 5230 ·
1502 5201 1667 5254 αὐτοῦ

111 5282 207 5351 γὰρ
233 5287 266 5355 ἡ
316 5287 458 5348 ἄλως
489 5289 521 5356 ἡ
555 5289 739 5358 νοητὴ,
778 5290 1051 5342 τουτέστιν
1082 5293 1114 5359 ἡ
1146 5291 1530 5361 ἀνθρωπότηςο
1569 5292 1666 5343 αὑ·-

110 5375 192 5426 τοῦ
228 5381 320 5432 καὶ
349 5381 375 5431 ὁ
411 5378 690 5448 θερισμός.
734 5380 874 5432 Ἀλλ’
915 5382 1045 5446 ἰδοὺ,
1080 5383 1333 5452 δεηθῆναι
1357 5384 1666 5453 προστάξας

1774 2019 1840 2072 de
1867 2017 2079 2085 leproso
2118 2014 2375 2068 mundato
2421 2013 2509 2068 hic
2547 2011 2774 2078 dicitur,
2803 2009 2906 2065 hoc
2938 2010 3004 2064 de
3053 2026 3204 2068 socru
3235 2017 3334 2072 Pe-

1777 2110 1867 2176 tri,
1901 2109 1966 2164 de
2001 2107 2175 2162 ventis
2205 2106 2331 2160 item
2376 2113 2432 2158 et
2469 2104 2629 2167 mari,
2665 2103 2845 2172 deque
2876 2102 3034 2156 undis
3079 2117 3211 2172 quas
3249 2108 3332 2161 in.

1771 2201 2045 2270 crepavit,
2084 2199 2282 2253 dictum
2329 2197 2643 2265 accipiatur.
2691 2195 2871 2261 Quare
2909 2193 3073 2248 divini
3116 2211 3327 2268 quoque

1774 2293 1918 2346 illius
1947 2291 2194 2360 discipuli
2225 2289 2714 2342 animadvertentes
2745 2285 2818 2338 illi
2843 2293 2896 2339 et
2923 2298 3071 2340 mare
3110 2297 3163 2340 et
3199 2303 3328 2344 ven-

1776 2395 1856 2440 tos
1882 2385 2120 2445 obedire,
2161 2379 2530 2436 admirabundi
2579 2376 2835 2433 aiebant:
2877 2395 2895 2426 ι
2960 2375 3329 2444 Ecqualisnam

1775 2476 1861 2530 hic
1901 2485 1982 2528 est
2004 2475 2047 2507 ἰθ
2069 2475 2090 2527 ?
2116 2493 2132 2524 ι
2170 2470 2538 2540 [intelligebant
2566 2468 2704 2523 enim
2737 2466 2993 2536 ejusmodi
3049 2481 3205 2536 opera
3236 2485 3327 2538 pa-

1777 2575 1920 2619 trare
1950 2578 2127 2633 posse,
2166 2577 2278 2616 rem
2323 2574 2466 2624 esse,
2499 2573 2616 2627 qua:
2665 2557 2788 2609 nudi
2832 2555 3063 2609 hominis
3109 2557 3331 2614 faculta-

1776 2666 1881 2708 tem
1923 2660 2219 2722 superaret.
2262 2649 2512 2704 Christus
2552 2647 2734 2715 itaque
2786 2655 2840 2700 ct
2897 2644 3037 2700 Deus
3083 2657 3136 2700 et
3175 2648 3330 2706 homo

1772 2745 1929 2800 simul
1960 2753 2098 2798 erat.

1847 2855 1866 2888 ι
1909 2839 2187 2892 Daemones
2229 2832 2486 2904 rogabant
2541 2845 2661 2885 eum
2689 2871 2703 2896 ,
2743 2829 3028 2885 dicentes:
3081 2829 3137 2884 Si
3181 2832 3330 2900 ejicis

1773 2944 1891 2993 nos,
1932 2929 2081 2982 mitte
2125 2941 2222 2981 nos
2268 2927 2320 2978 in
2369 2938 2583 2994 gregem
2616 2937 2923 2991 porcorum.
2954 2919 3018 2974 Et
3062 2921 3137 2974 ait
3190 2923 3326 2980 illis.

1771 3020 1883 3090 80
1909 3017 1984 3072 Ite
2009 3018 2074 3072 ’°.
2114 3037 2132 3069 ›
2166 3016 2430 3073 Omnibus
2457 3012 2757 3084 providere,
2787 3021 3088 3080 cunctaque
3116 3024 3331 3067 consero

1775 3128 1922 3174 vare,
1943 3112 2008 3165 ad
2026 3125 2206 3181 quem,
2236 3109 2487 3168 obsecro.
2515 3105 2858 3176 spectat,nisi
2887 3103 2954 3157 ad
2985 3118 3105 3157 eum
3141 3101 3333 3173 solum,

1774 3207 1861 3273 qui
1894 3204 2185 3256 secundum
2218 3212 2460 3254 naturam
2504 3199 2643 3253 Deus
2673 3187 2797 3251 est'?
2832 3196 2970 3249 Hinc
3001 3204 3052 3247 et
3089 3194 3335 3251 Salvator

1773 3311 2028 3366 quoque:
2067 3314 2085 3346 ‹
2133 3293 2356 3355 Nonne,
2389 3292 2591 3360 inquit,
2641 3291 2746 3345 duo
2785 3303 3032 3359 passeres
3078 3302 3198 3342 asse
3243 3304 3336 3344 ve—

1774 3399 1960 3453 neunt,
1986 3397 2037 3442 el
2063 3403 2201 3442 unus
2228 3401 2289 3441 ex
2319 3386 2424 3439 illis
2450 3400 2553 3440 non
2589 3385 2745 3438 cadet
2783 3395 2946 3450 super
2985 3384 3181 3435 terram
3218 3381 3337 3437 sine

1775 3479 1932 3532 Patre
1965 3489 2166 3541 vestro,
2219 3477 2308 3543 qui
2355 3476 2405 3528 in
2454 3475 2604 3528 caelis
2651 3472 2770 3528 est?
2803 3470 2980 3528 Vestri
3021 3480 3197 3523 autem
3244 3484 3332 3524 ca-

1773 3568 1881 3636 pilli
1917 3568 2110 3636 capitis
2138 3581 2325 3620 omnes
2372 3563 2635 3618 numerati
2679 3561 2894 3615 sunt“.
2932 3579 2950 3612 ι
3004 3559 3079 3612 En
3131 3568 3333 3614 tantam

1774 3675 1950 3713 rerqu
2000 3657 2392 3728 providentiam
2441 3653 2676 3709 habebat
2719 3652 2994 3714 Christus.
3039 3659 3097 3703 ut
3129 3649 3333 3719 absque

1773 3750 1913 3803 illius
1944 3750 2207 3817 permissu
2242 3764 2307 3803 ne
2344 3750 2396 3802 in
2425 3760 2708 3817 porcorum
2742 3744 2954 3814 quidem
2998 3758 3211 3813 gregem
3239 3758 3334 3812 po-

1776 3850 2021 3893 testatem
2084 3852 2339 3892 exercere
2397 3836 2686 3890 immundis
2740 3835 3017 3903 spiritibus
3069 3833 3333 3899 integrum

1772 3941 1934 3985 esset.
1964 3930 2034 3984 At
2075 3939 2293 3999 rogatus
2317 3929 2402 3984 vix
2440 3927 2705 3997 permisit,
2744 3941 2847 3980 non
2887 3934 2946 3978 ut
2977 3924 3185 3978 illorum
3215 3923 3333 3978 libi-

1774 4023 1885 4074 dini
1916 4035 2120 4074 morem
2156 4028 2389 4088 gereret,
2425 4020 2517 4073 sed
2541 4029 2598 4071 ut
2629 4019 2802 4083 nobis,
2837 4032 2896 4071 se
2931 4015 3180 4070 onmihus
3211 4025 3330 4068 tan-

1774 4128 1932 4181 quam
1983 4113 2148 4165 Deum
2185 4111 2467 4179 providere
2508 4109 2876 4179 persuaderet.
2921 4105 2988 4160 Et
3023 4119 3130 4174 quo
3180 4106 3334 4160 modo

1776 4204 1988 4257 tandem
2033 4201 2122 4256 ille
2161 4202 2304 4255 Deus
2355 4216 2460 4254 non
2514 4208 2618 4262 est,
2668 4198 2759 4268 qui
2804 4206 3119 4269 potestatem
3154 4196 3331 4261 habet,

1773 4309 1931 4364 quam
1961 4295 2010 4346 in
2044 4295 2215 4347 solum
2248 4293 2410 4346 Demn
2442 4292 2638 4345 cadere
2670 4299 2876 4344 certum
2903 4296 3025 4353 est,
3057 4286 3253 4357 quique
3279 4287 3332 4342 in

1773 4387 1949 4439 omnia
1999 4385 2278 4454 imperium
2325 4391 2561 4444 exercet,
2615 4389 2671 4435 et
2727 4387 3013 4436 conservat
3060 4392 3179 4447 qua
3239 4391 3334 4445 per

1701 4495 1744 4548 ι)
1776 4478 1944 4545 ipsum
1978 4478 2194 4529 condita
2232 4484 2378 4537 sunt,
2414 4484 2666 4540 tanquam
2699 4472 2960 4540 propria?

1846 4586 1863 4618 ι
1889 4566 2039 4620 Tunc
2061 4567 2188 4620 dicit
2209 4567 2486 4635 discipulis
2509 4566 2621 4618 suis
2648 4581 2662 4618 :
2691 4563 2878 4617 Messis
2901 4563 3115 4632 quidem
3145 4568 3329 4635 multa,

1769 4657 1997 4723 operarii
2032 4666 2210 4710 autem
2244 4656 2422 4725 pauci.
2461 4655 2665 4724 Rogato
2715 4669 2841 4723 ergo
2886 4655 3161 4709 dominum
3195 4674 3332 4714 mes-

1769 4751 1862 4813 sis,
1900 4758 1958 4800 ut
2005 4749 2217 4801 emittat
2262 4747 2536 4816 operarios
2590 4747 2641 4800 iu
2698 4760 2924 4800 messem
2970 4761 3121 4800 suam
3149 4749 3216 4805 ".
3271 4752 3334 4804 Et

1772 4839 2079 4893 convocatis
2112 4839 2393 4892 duodecim
2426 4837 2704 4907 discipulis
2747 4837 2881 4902 suis,
2916 4837 3060 4892 dedit
3091 4839 3192 4893 illis
3237 4856 3331 4909 po-

1775 4938 2018 4983 testatem
2047 4928 2333 4996 spirituum
2381 4931 2796 4992 immundorutn,
2836 4938 2893 4982 ut
2932 4931 3189 4999 ejicerent
3220 4948 3330 5000 eos,

1774 5031 1828 5073 et
1854 5030 2105 5073 curarent
2135 5033 2346 5074 onmem
2392 5021 2725 5089 languorem,
2764 5031 2817 5074 et
2852 5035 3064 5076 omnem
3103 5022 3332 5077 inﬁrmi-

1778 5119 1937 5164 tatem
1962 5111 2026 5164 ".
2063 5131 2081 5162 ι
2135 5109 2302 5166 Norat
2340 5115 2711 5166 universorum
2764 5111 2935 5165 Deum
2971 5112 3166 5168 messis
3216 5128 3336 5169 esse

1775 5202 2048 5254 dominum
2079 5219 2092 5266 ;
2128 5201 2243 5268 ejus
2283 5217 2511 5271 namque
2537 5211 2828 5269 utrumque
2853 5210 2954 5267 est,
2982 5211 3038 5255 et
3075 5202 3186 5269 ipsa
3231 5205 3339 5270 spi~

1777 5293 1946 5346 ritalis
1974 5308 2122 5353 area.
2155 5293 2255 5345 hoc
2285 5302 2363 5345 est
2395 5293 2684 5346 humanum
2709 5307 2898 5360 genus,
2965 5299 3019 5345 et
3067 5291 3181 5359 ipsa
3224 5308 3340 5345 rur-

1775 5401 1891 5438 sum
1945 5385 2158 5441 messis.
2213 5385 2317 5439 Sed
2373 5386 2588 5440 advcrtc
2625 5405 2638 5440 :
2677 5402 2796 5440 cum
2833 5386 3024 5440 messis
3063 5387 3337 5439 dominum

176 5531 423 5588 "Matth.
458 5550 578 5602 ml,
611 5535 667 5601 2,
696 5538 749 5590 5.
824 5535 869 5568 δ’
896 5536 1024 5591 ibid.
1061 5536 1151 5591 ‘28.
1227 5538 1272 5568 '°
1318 5537 1448 5593 ibid.
1479 5537 1537 5591 ’51
1643 5540 1664 5570 ⁹

1777 5540 1908 5594 λιιι».
1947 5556 1999 5604 x,
2031 5539 2123 5594 ‘29.
2197 5543 2242 5574 "
2270 5540 2457 5596 Matth.
2503 5557 2575 5607 Ix,
2609 5542 2696 5597 57.
2774 5541 2818 5573 ⁸³
2843 5539 3029 5596 Matth.
3060 5556 3117 5607 κ,
3142 5541 3194 5599 l.

1163 5697 1334 5752 Variae
1364 5697 1624 5752 lectiones
1650 5700 1849 5755 codicis
1876 5699 2232 5772 Seguieriani.

183 5835 203 5863 ε
237 5827 525 5896 ἐπίτρεψον
553 5829 680 5898 ἡμῖν
716 5828 988 5884 ἀπελθεῖν.
1065 5828 1090 5868 δ
1132 5832 1370 5902 κρατεῖν.

1453 5842 1474 5868 ε
1513 5833 1873 5905 ἀνῃρημένος.
