4090 6516
778 441 911 495 1⁸263

1751 441 1808 496 S.
1848 438 2113 495 CYRILLI
2151 440 2620 497 ALEXANDRINI
2658 442 2978 500 ARCHIEP.

3890 439 4008 490 ιεει

773 552 1159 610 obsecrandum
1203 568 1323 612 esse
1376 555 1689 619 monuisset,
1733 568 1855 607 mox
1904 554 2139 622 seipsum
2188 552 2330 621 ejus.

2438 554 2531 607 τοῦ
2577 558 2768 626 κυρίου
2808 556 2901 609 τοῦ
2948 551 3230 621 θερισμοῦ,
3289 553 3475 606 ἑαυτίιν
3517 551 3685 613 εὐθὺς
3740 549 4011 613 ἀπιδειξεν

775 642 918 700 modi
951 643 1227 698 dominum
1261 658 1382 699 esse
1414 642 1643 699 evidenti
1687 651 2003 711 argumento
2032 641 2336 704 declarans,

774 734 954 791 emisit
980 736 1284 806 operarios,
1308 736 1412 790 hoc
1448 742 1532 789 est
1558 741 1769 787 sanctos
1812 733 2115 802 apostolos,
2147 732 2339 802 quibus

776 834 834 878 ut
880 826 1015 879 Deus
1058 834 1370 894 potestatem
1424 831 1609 875 contra
1658 821 1961 877 immundos
2004 822 2224 891 spiritus
2255 829 2339 875 est

776 913 1099 983 impertitus.
1139 911 1322 982 Neque
1362 911 1503 963 enim
1548 910 1795 966 humanae
1829 920 2034 967 natura
2071 910 2339 967 facultatis

774 1009 877 1065 est,
903 999 1138 1070 Spiritus
1167 998 1341 1055 sancti
1372 999 1478 1052 vim
1506 1007 1597 1051 aut
1640 1001 2006 1068 Operationem
2037 998 2197 1055 alicui
2230 999 2336 1053 im-

774 1092 981 1162 pertiri.
1031 1093 1162 1146 Cum
1212 1105 1330 1145 eam
1364 1104 1492 1159 ergo
1537 1090 1631 1145 Dei
1659 1089 1915 1157 Verbum,
1959 1092 2168 1147 tametsi
2212 1105 2339 1145 caro

776 1183 1010 1247 factum,
1060 1182 1158 1236 hoc
1206 1189 1289 1235 est
1331 1178 1596 1244 Christus,
1648 1181 2025 1251 impertiatnr,
2070 1180 2338 1251 quomodo

776 1273 915 1329 Deus
948 1287 1053 1326 non
1084 1279 1166 1325 est
1194 1280 1384 1324 natura
1418 1279 1472 1323 ει
1505 1270 1773 1326 veritate?

849 1383 867 1417 ι
901 1364 1089 1421 Omnis
1119 1379 1270 1435 ergo,
1293 1363 1381 1434 qui
1412 1377 1497 1417 tne
1525 1363 1869 1418 confitebitur
1892 1377 2071 1418 coram
2101 1361 2337 1416 homini-

773 1455 894 1519 bus,
921 1452 1218 1509 confitebor
1247 1460 1299 1505 et
1326 1464 1427 1520 ego
1471 1466 1594 1506 cum
1633 1466 1816 1506 coram
1865 1450 2028 1505 Patre
2071 1462 2209 1512 meo,
2246 1450 2337 1518 qui

773 1549 824 1600 in
861 1546 1010 1602 cmlis
1042 1553 1143 1599 est.
1176 1542 1277 1610 Qui
1310 1552 1488 1598 autem
1519 1542 1794 1610 negaverit
1824 1554 1909 1595 me
1948 1553 2132 1593 coram
2166 1538 2340 1593 homi-

772 1642 950 1704 niltus,
983 1638 1186 1708 negabo
1215 1645 1270 1691 et
1308 1635 1455 1689 illum
1506 1648 1691 1688 coram
1726 1633 1889 1688 Patre
1939 1645 2085 1693 meo,
2138 1630 2231 1699 qui
2282 1630 2337 1685 in

772 1730 921 1784 cmlis
952 1739 1030 1783 est
1067 1728 1136 1781 “.
1181 1743 1200 1777 ι
1255 1722 1371 1779 Non
1418 1725 1570 1794 pauci
1623 1733 1930 1778 sanctorum
1984 1722 2050 1775 ad
2094 1720 2337 1789 martyrii

772 1822 994 1889 gloriam
1040 1817 1280 1881 evocati,
1316 1815 1706 1882 Christumque
1756 1813 2019 1881 intrepide
2064 1810 2336 1877 confessi,

774 1910 1055 1966 tormentis
1092 1921 1146 1964 et
1190 1915 1360 1962 morte
1410 1906 1766 1962 consummati
1809 1914 1954 1960 sunt.
2004 1904 2195 1970 Quer
2242 1918 2340 1957 au-
2373 1890 2412 1948 Β

770 2012 901 2064 ιειιι,
933 2016 1057 2056 num
1084 2000 1152 2054 ob
1181 1999 1233 2054 id
1275 1998 1622 2068 martyricam
1665 2010 1920 2050 coronam
1968 1994 2147 2064 adepti
2190 1994 2337 2058 sint,

770 2094 913 2162 quod
949 2090 1223 2144 Christum
1257 2100 1600 2143 communem
1627 2084 1898 2139 hominem
1930 2096 2051 2139 esse
2084 2093 2338 2138 constan-

774 2196 854 2240 ter
876 2182 983 2251 81
1019 2178 1389 2233 allirmarent?
1421 2192 1488 2231 an
1511 2177 1582 2231 ob
1611 2176 1661 2229 id
1689 2175 1883 2238 verius,
1918 2174 2057 2243 quod
2094 2187 2188 2227 sua
2214 2188 2335 2229 eum

773 2272 1106 2324 confessione
1141 2280 1393 2337 tanquam
1432 2266 1597 2320 Deum
1641 2264 2068 2319 venerarentur?
2109 2263 2213 2317 lies
2254 2275 2338 2319 est

772 2366 955 2428 clara;
1003 2369 1216 2416 constat
1259 2362 1401 2413 enim
1434 2374 1463 2413 a
1512 2358 1757 2426 martyrii
1810 2358 1976 2426 gloria
2032 2358 2332 2423 excidisse,

769 2454 1149 2521 Christumque
1186 2450 1240 2504 in
1282 2451 1367 2505 die
1399 2450 1588 2518 iudicii
1631 2448 1751 2502 illos
1788 2449 2023 2502 vicissim
2067 2450 2335 2517 almcgare

770 2554 1138 2613 comperturos
1165 2555 1303 2605 esse,
1337 2542 1425 2609 qui
1452 2540 1598 2594 illum
1630 2539 1849 2592 inflciati
1874 2549 2019 2593 sunt.
2042 2538 2161 2593 Jam
2195 2555 2331 2607 quo.

770 2635 925 2686 ntmlo
950 2631 1090 2685 Dens
1119 2631 1163 2684 is
1195 2630 1497 2684 censendus
1525 2643 1629 2681 non
1663 2637 1768 2688 est,
1810 2629 1898 2696 qui
1943 2629 2184 2697 martyrii
2222 2628 2334 2697 glo-

770 2728 853 2778 ria.
869 2740 961 2778 eos
986 2721 1166 2783 allicit,
1186 2720 1273 2787 qui
1301 2720 1471 2788 ipsum
1494 2733 1613 2772 esse
1634 2732 1760 2771 vere
1790 2716 1952 2770 Deum
1972 2717 2333 2771 conﬁtentur?

852 2834 869 2867 ι
904 2812 1099 2868 Venite
1143 2811 1209 2866 ad
1245 2825 1350 2874 me,
1383 2824 1569 2863 omnes
1597 2809 1687 2877 qui
1732 2807 1987 2863 laboratis
2028 2818 2082 2864 et
2123 2808 2331 2862 onerati

766 2907 915 2968 estis,
947 2914 1003 2959 et
1029 2917 1128 2972 ego
1154 2901 1389 2955 reﬁciam
1427 2915 1541 2953 vos.
1586 2899 1774 2953 Tollite
1803 2899 1989 2969 jttgum
2032 2914 2207 2953 meum
2243 2913 2334 2953 su-

767 3013 860 3067 per
881 3012 979 3050 vos
998 2996 1064 3047 ’³.
1101 3012 1123 3045 ›
1156 2994 1215 3047 Si
1244 2990 1559 3045 Emmanuel
1582 3006 1739 3044 verus
1765 2991 1902 3045 Deus
1928 3006 2032 3044 non
2057 3001 2139 3045 est
2170 3008 2183 3045 :
2208 3007 2329 3046 cum

767 3090 874 3144 Deo
921 3087 1161 3143 serviant
1208 3081 1411 3147 omnia,
1461 3096 1559 3135 cur
1607 3095 1765 3136 suum
1818 3079 1905 3135 ille
1939 3079 2126 3149 iugum
2176 3082 2331 3137 nobis

766 3175 1246 3248 imponitHugum
1285 3183 1466 3227 autem
1496 3183 1551 3227 et
1603 3171 1719 3241 ipsa
1764 3187 1981 3242 quoque
2032 3173 2113 3225 lex
2153 3172 2331 3241 appel-

766 3276 871 3329 lata
913 3281 1021 3327 est.
1074 3268 1274 3323 Verum
1324 3266 1574 3321 Christus
1622 3264 1898 3333 prOprium
1954 3264 2106 3317 nobis
2142 3263 2327 3331 jngum

763 3362 1013 3432 imponit,
1049 3373 1255 3428 nosque
1287 3356 1551 3412 obnoxios
1576 3353 1681 3409 sibi
1715 3354 1910 3416 reddit,
1945 3353 2154 3407 tametsi
2182 3352 2328 3406 Patri

762 3452 1044 3508 submittat
1071 3448 1277 3504 omnia.
1312 3448 1451 3502 Deus
1502 3445 1669 3516 igitur
1704 3452 1809 3497 est.
1858 3442 2009 3498 Unde
2052 3452 2110 3496 ut
2148 3442 2327 3497 omnia

760 3544 836 3599 illi
870 3543 1114 3609 subjecta
1142 3539 1272 3603 sint,
1307 3552 1407 3607 par
1439 3546 1543 3591 est.

838 3634 1068 3688 oAnnon
1088 3629 1291 3699 legistis
1323 3629 1374 3682 in
1405 3626 1544 3696 lege,
1562 3627 1683 3696 quia
1713 3627 1767 3680 in
1804 3624 2055 3679 Sabbatis
2080 3624 2330 3680 sacerdo-

760 3736 847 3779 tes.
879 3725 931 3777 in
982 3721 1178 3790 templo
1224 3717 1520 3773 Sabbatum
1563 3718 1782 3782 violant,
1829 3725 1883 3772 et
1929 3715 2051 3769 sine
2101 3713 2327 3771 crimine

758 3814 932 3870 sunt?
968 3812 1101 3867 Dico
1142 3820 1322 3865 autem
1369 3809 1562 3871 vobis,
1604 3807 1726 3875 quia
1780 3805 1951 3874 major
1997 3805 2195 3874 templo
2242 3807 2328 3861 hic

759 3917 840 3963 est
864 3905 933 3958 “.
973 3924 996 3957 ι
1028 3903 1094 3959 Si
1124 3901 1434 3957 sacerdotes
1464 3900 1553 3967 qui
1578 3899 1871 3952 Sabbatum
1904 3896 2229 3967 profanant,
2258 3898 2327 3953 ob

759 3997 812 4049 id
860 3993 1015 4062 culpa
1064 4001 1283 4055 vacant,
1330 3987 1475 4059 quod
1523 3988 1703 4042 divino
1760 3987 1923 4041 cultui
1980 3988 2323 4052 incumbant;

759 4084 1031 4156 quomodo
1056 4082 1236 4137 cultus
1265 4080 1356 4151 qui
1382 4079 1599 4136 Christo
1632 4078 1958 4147 impenditur
1980 4118 1995 4142 ,
2031 4078 2329 4134 ministerio

757 4175 901 4239 quod
956 4171 1269 4227 sacerdotes
1326 4171 1380 4223 in
1435 4167 1633 4237 templo
1675 4168 1931 4233 obibant,
1983 4168 2329 4238 praestantior

756 4260 1047 4319 censetur?
1071 4259 1220 4330 atqui
1243 4268 1486 4329 apertum
1520 4267 1605 4314 est
1634 4272 1750 4323 eos,
1776 4259 1870 4328 qui
1901 4256 2001 4312 sub
2032 4258 2148 4328 lege
2176 4258 2326 4313 vive-

756 4354 907 4419 bant,
937 4350 990 4406 in
1048 4352 1242 4406 umbra
1284 4360 1341 4404 et
1367 4348 1542 4419 figura
1583 4349 2040 4419 supercmlestium
2087 4348 2197 4403 Deo
2230 4350 2326 4403 mi-

756 4444 1034 4499 nistrasse.
1073 4439 1176 4497 Sed
1202 4440 1369 4496 divini
1403 4441 1479 4495 illi
1506 4438 1753 4509 discipuli
1782 4437 1980 4495 Christi
2003 4450 2322 4506 sectatores,

2437 644 2562 698 ὅντα
2602 648 2808 709 τοῦτον,
2844 642 3087 697 ὲκδαλὼν
3124 644 3251 706 τοὺς
3297 645 3560 713 ἐργάτας,
3618 640 3876 693 τουτέστι
3902 643 4013 699 τοὺς

2437 736 2623 803 ἁγίους
2666 735 2995 796 ἀποστόλους
3018 749 3032 763 '
3077 728 3156 795 οἷς
3195 735 3287 786 καὶ
3320 736 3545 788 δέδωκεν
3580 731 3838 798 ἐξουσίαν
3887 732 4016 781 κατὰ

2439 826 2763 894 πνευμάτων
2813 823 3138 892 ἀκαθάρτων
3181 823 3256 885 ὡς
3302 824 3451 886 Θεός.
3502 825 3579 877 Οὑ
3618 824 3734 894 γάρ
3764 824 3886 873 ἐστι
3919 821 4013 871 τῷν

2437 914 2538 983 τῆς
2569 915 2984 988 ἀνθρωπότητος
3019 912 3234 983 μέτρων
3261 916 3322 966 τὸ
3347 916 3543 970 διδόναι
3576 917 3690 969 τισὶ
3726 913 3825 967 τοῦ
3869 912 4013 978 ἁγίου

2439 1006 2755 1077 Πνεῦματος
2796 1006 2893 1076 τὴν
2926 1004 3239 1074 ἐνέργειαν
3268 1005 3461 1057 δέδωκε
3503 1008 3556 1061 δὲ
3587 1007 3854 1079 Χριστός.
3895 1000 4014 1058 Εἶτα

2438 1098 2556 1162 πῶς
2588 1101 2649 1153 οὑ
2678 1099 2833 1168 φύσει
2861 1113 2918 1150 τε
2945 1096 3040 1148 καὶ
3068 1094 3283 1164 ἀληθῶς
3310 1096 3423 1148 ἔστι
3450 1096 3603 1161 Θεὸς,
3629 1099 3677 1150 εί
3711 1098 3808 1152 καὶ
3831 1097 4012 1165 γέγονε

2441 1188 2577 1261 σὰρξ
2607 1191 2635 1244 6
2665 1190 2831 1258 Λόγος
2853 1204 2867 1253 ;

2514 1386 2535 1419 ι
2578 1368 2694 1430 Πᾶς
2725 1361 2837 1428 οὖν,
2874 1364 3018 1425 ὅστις
3060 1364 3381 1435 ὁμολογήσει
3423 1364 3479 1415 ὲν
3522 1363 3645 1431 ίμοὶ
3699 1363 4013 1432 ἔμπροσῦςν

2438 1458 2546 1512 τῶν
2569 1457 2889 1530 ἀνθρώπων,
2910 1457 3232 1527 ὁμολογήσω
3258 1454 3412 1520 κάγὼ
3440 1456 3496 1506 ὲν
3524 1453 3674 1521 αὐτῷ
3706 1454 4014 1522 ἔμπροσθεν

2438 1548 2531 1602 τοῦ
2565 1549 2774 1620 Πατρός
2821 1564 2920 1617 μου
2952 1546 3046 1600 τοῦ
3086 1548 3143 1601 ἐν
3191 1549 3303 1611 τοῖς
3345 1546 3609 1616 οὐρανοῖς.
3645 1543 3838 1603 ⁶υστις
3882 1544 3926 1595 ὅ·
3952 1545 4007 1595 ἂν

2438 1640 2739 1711 ἀρνήσηταί
2767 1654 2831 1707 με
2872 1637 3178 1709 ἔμπροσθεν
3208 1639 3316 1691 τῶν
3350 1636 3671 1708 ἀνθρώπων,
3705 1636 4009 1704 ἁρνήσοξα,

2440 1728 2593 1797 κάγὼ
2621 1727 2781 1781 αὑτὸν
2824 1726 3130 1799 ἔμπροσθεν
3164 1728 3257 1781 τοῦ
3294 1721 3505 1796 Πατρός
3534 1743 3634 1795 μου
3668 1724 3768 1778 τοῦ
3807 1727 3869 1777 ἐν
3906 1728 4010 1785 τοῖς

2439 1820 2706 1891 οὐρανοῖς.
2763 1836 2785 1870 ι
2826 1819 3019 1872 Πολλοὶ
3066 1819 3355 1888 κέκληνται
3388 1818 3496 1870 τῶν
3537 1818 3713 1885 ἁγίων
3752 1817 3894 1886 πρὸς
3923 1817 4012 1883 τὴν

2441 1912 2533 1966 τοῦ
2572 1910 2868 1982 μαρτυρίου
2901 1910 3075 1976 δόξαν,
3112 1911 3203 1962 καὶ
3231 1908 3601 1962 τετελείωνται
3634 1908 3724 1961 διὰ
3754 1907 4012 1974 παθημά-

2440 2022 2546 2058 των
2576 2004 2668 2057 καὶ
2708 2001 2956 2065 θανάτου,
2991 2000 3225 2071 Χριστὸν
3272 1997 3712 2069 ὡμολογηκότες.
3763 1994 3896 2067 'Ap‘
3926 1994 4011 2049 οἷν

2440 2094 2862 2165 ἐστεφάνωνται,
2897 2091 3362 2161 διαϐεϐαιούμενοι
3392 2091 3488 2142 καὶ
3514 2089 3770 2157 λέγοντες
3804 2090 4009 2159 ἄνθρω·

2440 2206 2539 2241 πον
2567 2187 2704 2240 εἶναι
2731 2185 2908 2238 κοινὸν
2940 2185 3119 2248 αὑτὸν,
3152 2185 3184 2253 ἢ
3225 2184 3423 2253 μᾶλλον
3456 2183 3531 2245 ὡς
3559 2182 3693 2235 Θεὸν
3733 2185 3860 2244 ταῖς
3888 2187 4009 2250 ὁμσ-

2437 2276 2647 2341 λογίαις
2685 2274 3075 2343 τετιμηκότεςς
3123 2271 3263 2325 Ἀλλ’
3292 2272 3407 2325 ἐστι
3436 2271 3613 2343 δῆλον.
3658 2270 3721 2325 Οί
3754 2272 3867 2339 γὰρ
3897 2271 4009 2323 τοῦθ

2439 2383 2527 2417 τον
2554 2364 2942 2435 ἀρνησάμενοι,
2974 2362 3065 2415 καὶ
3092 2363 3191 2431 τῆς
3235 2362 3329 2415 τοῦ
3374 2360 3673 2432 μαρτυρίου
3716 2357 3880 2425 δόξης
3914 2361 4011 2409 ἀπο

2437 2454 2685 2518 ὡλισϐον,
2732 2454 2826 2507 καὶ
2864 2454 3027 2507 αὑτὸν
3077 2454 3398 2523 εὑρήσουσιν
3444 2454 3500 2504 ὲν
3540 2451 3728 2521 ἡμέρᾳ
3776 2450 4009 2519 κρίσεως

2437 2545 2766 2616 ἀρνούμενον
2795 2546 2988 2606 αὐτοὺς
3015 2544 3104 2596 τὸν
3139 2544 3390 2613 Χριστόν.
3423 2540 3555 2596 Εἶτα
3602 2540 3719 2601 πῶς
3761 2542 3822 2592 οὑ
3859 2539 4004 2598 Θεὸς,

2436 2636 2463 2685 6
2494 2637 2557 2703 τῇ
2584 2633 2677 2687 τοῦ
2711 2633 3008 2704 μαρτυρίου
3042 2631 3166 2702 δόξῃ
3218 2633 3491 2700 στεφανῶν
3520 2632 3667 2693 τοὺς,
3721 2632 3804 2683 ὅτι
3851 2628 4011 2680 τοῦτο

2436 2722 2583 2773 ἐστιν
2622 2722 2855 2791 ἀληθῶς,
2895 2720 3287 2791 ὁμολογοῦντας
3316 2721 3511 2782 αὑτόνς

2512 2827 2530 2859 r
2576 2808 2740 2863 Δεῦτε
2791 2811 2927 2881 πρὸς
2975 2826 3061 2878 με,
3099 2808 3299 2870 πάντες
3346 2809 3395 2860 οἱ
3440 2806 3742 2867 κοπιῶντες
3793 2807 3890 2856 καὶ
3925 2822 4009 2855 ts-

2436 2902 2807 2972 φορτισμένοι,
2839 2902 2996 2970 κάγὼ
3030 2901 3329 2955 ἀναπαύσω
3354 2903 3518 2969 ὑμᾶς.
3564 2903 3771 2969 Ἀρατε
3808 2900 3901 2950 τὸν
3926 2900 4007 2963 {u-

2434 2994 2528 3059 γόν
2566 3010 2667 3062 μου
2715 2993 2799 3059 ἐφ’
2846 2994 3006 3063 ὑμᾶς.
3051 3012 3067 3043 ι
3118 2993 3177 3044 El
3234 2990 3308 3061 μὴ
3352 2992 3482 3051 Θεός
3530 2992 3678 3043 ἐστιν
3723 2988 3941 3056 ἀληθῶς
3982 2992 4005 3038 6

2447 3083 2825 3154 Ἐμμανουὴλ.
2873 3083 2993 3136 τίνα
3042 3082 3240 3152 τρόπον
3290 3080 3381 3134 τὸν
3425 3080 3620 3133 ἑαυτοῦ
3669 3079 3832 3146 ζυγὸν
3883 3080 4006 3147 ἡμῖν

2436 3175 2747 3247 ὲπιτίθησι;
2799 3174 2933 3228 Θεοῦ
2985 3174 3093 3244 γὰρ
3138 3173 3302 3225 δοῦλα
3329 3172 3398 3225 τὰ
3437 3174 3632 3225 πάντα.
3680 3172 3913 3241 Εἴρηται
3959 3170 4007 3220 δὲ

2433 3267 2594 3335 ζυγὸς
2624 3269 2717 3319 καὶ
2750 3268 2777 3319 6
2809 3267 2992 3335 νόμος.
3038 3265 3195 3317 Ἀλλὰ
3224 3263 3529 3332 ἐπιτίθησιν
3562 3264 3691 3331 ἡμῖν
3718 3264 3747 3314 6
3780 3262 4007 3331 Χριστὸς

2430 3356 2520 3408 τὸν
2552 3358 2681 3409 ἱδιον
2703 3355 2884 3422 ζυγὸν,
2908 3354 3083 3425 ἑαυτῷ
3109 3370 3168 3406 τε
3194 3353 3501 3416 ὑποτάττει,
3529 3351 3704 3404 καίτοι
3734 3352 3801 3403 τὰ
3829 3351 4002 3402 πάντα

2431 3450 2721 3517 ὑποφέρων
2751 3448 2827 3517 τῷ
2855 3446 3048 3514 Πατρί.
3081 3444 3210 3506 Θεὸς
3246 3444 3353 3513 ἄρα
3389 3444 3560 3507 ἐστὶν,
3590 3441 3712 3495 ὅθεν
3745 3440 3897 3508 αὑτῷ
3922 3444 4006 3492 καὶ

2431 3537 2749 3592 ὑποκεῖσθαι
2786 3536 2855 3589 τὰ
2884 3539 3061 3589 πάντα
3093 3535 3313 3604 πρέπει.

2506 3651 2523 3682 ι
2565 3630 2629 3683 "ll
2662 3632 2763 3683 οὑκ
2794 3629 3062 3696 ἀνέγνωτε
3105 3630 3163 3680 ὲν
3200 3628 3277 3699 τῷ
3307 3626 3480 3697 νόμῳ,
3513 3627 3595 3680 ὅτι
3628 3627 3685 3677 ὲν
3727 3628 3841 3687 τοῖς
3875 3623 4005 3676 Σὰὖο

2429 3726 2584 3778 δαισιν
2613 3724 2662 3776 ot
2698 3724 2860 3793 ἱερεῖς
2893 3722 2951 3774 ὲν
2986 3720 3063 3790 τῷ
3094 3719 3221 3792 ἱερῷ
3266 3720 3325 3773 τὸ
3370 3719 3646 3771 Σάϐϐα-τον
3698 3716 4001 3786 βεϐηλοῦσι,

2428 3818 2520 3870 καὶ
2557 3814 2783 3869 ἀναίτιοί
2822 3817 2962 3877 sint;
2994 3812 3149 3880 Λέγω
3177 3811 3235 3864 δὲ
3265 3812 3413 3881 ὑμῖν.
3462 3812 3543 3863 ὅτι
3572 3809 3667 3862 τοῦ
3699 3810 3845 3879 ίεροῦ
3894 3810 4004 3877 μεί-

2428 3907 2534 3969 ζων
2570 3905 2716 3957 ἐστὶν
2756 3896 2880 3958 ὧδε.
2918 3922 2937 3955 ι
2969 3903 3031 3955 El
3064 3900 3415 3971 βεϐηλοῦντες
3445 3901 3505 3953 τὸ
3540 3899 3821 3952 Σάὃίατον
3850 3901 3897 3950 οἱ
3932 3902 4002 3949 is.

2430 3998 2540 4066 ρεῖς
2585 3994 2816 4048 ἀναίτιοί
2851 3994 3008 4053 εἰσιν,
3042 3992 3117 4054 ὡς
3147 3990 3265 4061 Θεῷ
3307 3991 3672 4060 προσάγοντες
3701 3990 3802 4052 τὰς
3842 3990 4000 4055 Θερα-

2430 4088 2585 4150 πείσς
2602 4104 2613 4115 ·
2641 4087 2757 4149 πῶς
2781 4085 2889 4138 τῶν
2912 4087 2967 4138 ὲν
2988 4083 3062 4153 τῷ
3092 4083 3221 4153 ἱερῷ
3246 4084 3540 4153 δρωμένων
3568 4083 3999 4150 νωῖταψείξων

2426 4181 2459 4250 ὴ
2490 4176 2726 4250 Χριστοῦ
2758 4174 3055 4245 θεραπείῃ
3094 4173 3234 4225 Ἀλλ’
3267 4171 3383 4226 ίστι
3413 4171 3590 4241 δῆλον,
3619 4171 3705 4224 δτι
3738 4172 3792 4224 oi
3820 4172 3917 4241 μὲν
3948 4174 3999 4222 ὲν

2425 4272 2594 4342 νόμῳ,
2612 4270 2707 4323 καὶ
2729 4270 2877 4339 σκιᾷ,
2900 4268 2993 4321 καὶ
3027 4266 3386 4337 ὑποδείγματι
3412 4265 3519 4318 τῶν
3544 4263 3889 4335 ἐπουρανίων
3921 4264 4001 4315 λε-

2425 4359 2783 4432 λατρεύκασιν
2809 4376 2821 4387 ·
2851 4361 2899 4413 οί
2928 4360 2985 4413 δὲ
3017 4357 3294 4412 Θεσπέσιοι
3337 4356 3579 4429 μαθηταὶ
3607 4357 3997 4427 προσεδρεύον-

2425 4451 2515 4511 τὲς
2539 4466 2597 4503 τε
2637 4452 2733 4503 καὶ
2765 4450 3203 4521 λειτουργοῦντες
3239 4448 3319 4519 τῷ
3350 4447 3590 4519 Χριστῷ,
3624 4448 3851 4517 μείζονα
3882 4448 3998 4519 [τὴν

756 4534 967 4606 ipsique
998 4534 1391 4598 ministrantes,
1424 4530 1669 4600 ampliori
1706 4530 1911 4587 honore
1934 4538 1989 4583 et
2019 4530 2187 4599 gloria
2221 4546 2316 4600 po-

2432 4536 2611 4609 τιμὴν]
2691 4539 2780 4592 καὶ
2835 4539 2933 4609 τὴν
2979 4539 3135 4605 δόξαν
3170 4534 3335 4607 εἶχον.
3379 4538 3486 4591 Καὶ
3523 4538 3571 4589 εί
3600 4537 3699 4605 τῆς
3749 4537 3807 4588 ἐν
3855 4538 4001 4604 νόμῳ

756 4627 839 4679 titi
870 4634 1014 4679 sunt.
1054 4624 1207 4690 Quod
1237 4623 1283 4677 si
1314 4622 1674 4679 ministerium
1718 4624 1859 4690 quod
1906 4621 2121 4676 Christo
2165 4622 2317 4676 exhi—

751 4714 933 4783 betur,
961 4714 1120 4786 legali
1160 4715 1326 4769 cultui
1351 4714 1574 4768 tnultum
1618 4713 1921 4778 antecellit,
1954 4716 2219 4784 quomodo
2266 4716 2317 4769 itt

752 4805 919 4860 sobrii
947 4804 1266 4873 cujusquam
1299 4804 1681 4869 cogitationem
1720 4804 1910 4858 cadere
1942 4812 2134 4872 potest,
2162 4805 2319 4859 Citri-

756 4905 897 4955 stum
923 4910 1027 4950 non
1060 4910 1177 4949 esse
1202 4908 1390 4949 verum
1418 4894 1631 4948 Deum?

827 5007 845 5039 ι
906 4984 962 5041 Si
1009 4971 1107 5056 ego
1157 4985 1211 5038 iu
1276 4981 1577 5038 Beelzebub
1649 4984 1806 5053 ejicio
1871 4985 2160 5050 daemones,
2225 4987 2316 5042 lilii

753 5078 915 5135 vestri
980 5077 1030 5132 in
1091 5090 1200 5147 quo
1251 5074 1512 5142 ejiciunt?
1572 5073 1691 5129 ideo
1740 5077 1839 5145 ipsi
1890 5077 2099 5146 judices
2154 5080 2315 5133 vestri

751 5184 908 5230 erunt
928 5174 997 5228 ’⁷.
1046 5190 1070 5223 ι
1102 5170 1159 5225 Si
1187 5171 1238 5223 in
1268 5166 1469 5223 Christi
1500 5166 1717 5220 nomine
1750 5181 1779 5219 ε
1804 5167 2065 5222 daemonio
2096 5179 2315 5223 vexatos

751 5263 997 5333 discipuli
1046 5262 1305 5317 curabant
1347 5256 1716 5330 (invocabant
1758 5256 1901 5310 enim
1951 5272 2144 5311 nomen
2186 5258 2310 5313 Jesu

751 5356 1079 5426 Nazareni)’,
1126 5350 1395 5425 quomodo
1438 5350 1504 5405 de
1546 5363 1671 5403 vera
1714 5348 1856 5403 illius
1890 5350 2171 5404 divinitate
2206 5366 2314 5404 am-

750 5449 933 5516 bigere
965 5446 1047 5502 fas
1076 5453 1158 5499 est
1185 5444 1207 5496 ἲ
1234 5442 1419 5512 Neque
1450 5442 1592 5495 cnim
1626 5440 1731 5493 ulla
1763 5439 1982 5494 omnino
2008 5440 2179 5511 gloria
2222 5451 2313 5495 aut

747 5538 985 5606 potentia
1045 5539 1276 5590 humana
1328 5543 1415 5588 sat
1466 5532 1626 5587 fuerit
1679 5533 1742 5584 ad
1800 5532 2166 5586 debellandum
2209 5533 2307 5586 Sa-

747 5640 948 5683 tunam.

2422 4628 2677 4699 λατρείας
2742 4630 2800 4680 ὲν
2853 4629 3097 4697 ἀμείνοσι
3146 4629 3204 4681 τὸ
3251 4629 3582 4697 λειτουργεῖν
3633 4626 3715 4695 τῷ
3760 4626 3996 4698 Χριστῷ,

2427 4719 2541 4781 πῶς
2572 4722 2671 4771 οὐκ
2723 4720 2792 4772 ἂν
2830 4723 2999 4773 νοοῖτο
3026 4719 3156 4782 Θεὸς
3194 4719 3435 4788 ἀληθήςς

2506 5007 2523 5038 ι
2569 4990 2629 5041 Et
2656 4987 2764 5057 ἐγὼ
2790 4988 2846 5041 ἰν
2879 4986 3203 5052 Βεελζεόοὺλ
3231 4986 3476 5040 ἐκϐάλλω
3496 4988 3563 5040 τὰ
3590 4988 3867 5058 δαιμόνια,
3898 5008 3997 5057 φη-

2425 5082 2532 5145 σὶν,
2559 5082 2607 5133 οἱ
2636 5080 2742 5131 υἱοὶ
2772 5079 2922 5149 ὑμῶν
2942 5081 2999 5133 ὲν
3027 5080 3133 5133 τίνι
3160 5078 3509 5143 ὲκόάλ).ουσι;
3535 5079 3632 5131 Διὰ
3662 5079 3823 5131 τοῦτο
3847 5081 3996 5131 αὐτοὶ

2422 5170 2609 5239 κριταὶ
2642 5168 2855 5222 ἔσονται
2888 5170 3061 5238 ὑμῶν.
3104 5190 3121 5221 ι
3164 5170 3225 5222 Εἰ
3262 5172 3317 5222 ἐν
3361 5169 3583 5239 ὀνόματι
3624 5170 3718 5221 τοῦ
3762 5169 3994 5241 Χριστοῦ

2427 5258 2863 5329 τεθεραπεύκασι
2906 5262 3032 5323 τοὺς
3075 5260 3443 5330 δαιμονῶντας
3473 5263 3521 5313 ot
3557 5261 3836 5330 μαθηταὶ,
3880 5265 3996 5321 (6r.-

2418 5347 2658 5419 εφὼνουν
2703 5350 2843 5419 γάρ’
2896 5350 2981 5404 Ἐν
3011 5351 3234 5421 ὀνόματι
3279 5351 3452 5420 Ἰησοῦ
3485 5350 3723 5422 Χριστοῦ
3762 5351 3855 5403 τοῦ
3882 5352 3992 5403 Nar

2416 5439 2676 5510 ζωραίου)
2696 5480 2711 5503 ,
2748 5441 2865 5503 πῶς
2899 5442 2999 5494 οὐκ
3028 5442 3094 5496 ἂν
3120 5446 3291 5495 νοοῖτο
3324 5442 3455 5506 Θεὸς
3484 5443 3730 5514 ἁληθήςς
3780 5446 3855 5497 Οὑ
3880 5444 3989 5510 γὰρ

2414 5530 2480 5581 ἂν
2511 5531 2806 5601 ἐξήρκεσεν
2827 5531 3114 5601 ἀνθρώπου
3138 5533 3262 5596 δόξα
3295 5534 3388 5586 καὶ
3404 5534 3630 5604 δύναμις
3663 5538 3742 5597 εἰς
3775 5535 3837 5587 τὺ
3866 5550 3991 5589 κατα

2416 5621 2640 5691 ισχύσειι
2674 5623 2765 5673 τοῦ
2798 5624 3032 5675 Σατανᾶ.

812 5803 861 5836 ’⁸
892 5797 1080 5857 Matth.
1107 5814 1165 5868 ι,
1202 5798 1290 5866 5‘2,
1327 5798 1415 5853 53.
1492 5798 1536 5831 ⁸³
1556 5792 1750 5851 Matth.
1780 5809 1855 5861 at,
1887 5794 1975 5859 28,
2014 5795 2100 5850 29.
2178 5795 2223 5825 9‘
2255 5793 2330 5847 Ma

2432 5836 2444 5849 .
2486 5795 2665 5862 “1,5.
2744 5796 2788 5826 ον
2817 5796 2946 5851 ihid.
2977 5797 3070 5849 27.
