4086 6496
128 418 257 474 1265

1194 429 1283 486 DE
1324 431 1551 490 RECTA
1591 432 1746 490 FIDE
1782 435 1874 491 AD
1912 432 2227 492 REGINAS.

3189 437 3324 495 1266

195 548 215 579 ς
261 529 463 603 Ὠσπερ
510 528 602 587 οὖν
652 536 963 607 συλλέγεται
1012 539 1077 593 τά
1110 541 1346 607 ζιζάνια,
1397 545 1491 597 καὶ
1538 547 1650 617 πυρ

1847 565 1865 598 ι
1905 545 2053 602 Sicut
2091 563 2222 618 ergo
2250 545 2581 617 colliguntur
2614 545 2845 613 aisania,
2873 554 2930 604 et
2969 546 3077 619 igni
3104 548 3323 604 combu-

127 621 494 674 κατακαίεται·
517 622 688 690 οὕτως
727 626 877 681 ἔσται
916 630 974 681 ἐν
1000 631 1063 700 τῇ
1108 632 1385 703 συντελείᾳ
1410 634 1504 686 τοῦ
1532 634 1668 688 alti}-

126 726 225 772 νος.
269 710 575 767 Ἀποστελεῖ
607 718 635 769 6
664 718 789 783 Υἱὸς
821 718 913 772 τοῦ
943 719 1226 791 ἀνθρώπου
1255 724 1379 787 τοὺς
1406 724 1668 792 ἀγγέλους

126 801 302 866 αὐτοῦ,
334 803 423 855 καὶ
452 806 795 871 συλλέξουσιν
814 813 878 863 ἐκ
906 814 1001 882 τῆς
1019 812 1292 882 βασιλείας
1310 816 1472 869 αὑτοῦ
1493 817 1666 871 πάντα

122 887 184 975 τά
214 892 494 957 σκάνδαλα,
544 898 641 951 καὶ
678 900 804 962 τοὺς
847 900 1130 965 ποιοῦντας
1156 902 1255 973 τὴν
1290 905 1542 975 ἀνομίαν,
1574 909 1667 961 καὶ

124 974 361 1044 βαλοῦσιν
386 984 583 1049 αὐτοὺς
610 988 688 1050 είς
718 990 814 1059 τὴν
843 990 1068 1059 κάμινον
1093 991 1189 1044 τοῦ
1470 1014 1489 1047 ι
1530 997 1666 1067 Περὶ

121 1066 247 1121 Θεοῦ
297 1073 632 1144 γέγραπται·
684 1096 702 1130 ι
744 1079 1022 1149 Εὑλογεῖτε
1066 1082 1159 1136 τὸν
1196 1084 1421 1154 Κύριον,
1469 1066 1666 1152 πάντες

120 1160 165 1210 οῖ
193 1160 406 1229 ἄγγελοι
435 1166 616 1220 αὑτοῦ.
654 1186 673 1217 ι
721 1170 795 1222 Οὐ
839 1170 946 1241 γὰρ
975 1170 1201 1240 ἄγγελος
1248 1174 1477 1243 ἀγγέλου
1524 1178 1662 1241 ἐστὶ,

120 1249 247 1339 Θεοῦ
276 1251 331 1305 δὲ
365 1256 562 1323 μᾶλλον
589 1257 657 1312 τὰ
688 1259 883 1316 πάντα.
934 1262 1055 1325 Πῶς
1099 1259 1191 1317 οὖν
1223 1281 1354 1334 φησι
1398 1269 1524 1339 περὶ
1569 1269 1663 1323 τοῦ

120 1338 243 1393 Υίοῦ
270 1344 360 1397 τοῦ
392 1346 697 1416 ἀνθρώπου,
718 1351 801 1403 ὅτι
827 1352 1113 1406 ἀποστελεῖ
1138 1355 1262 1417 τοὺς
1289 1338 1551 1425 ἀγγέλους
1576 1362 1667 1413 αῦ-

118 1431 242 1500 τοῦς
291 1435 421 1501 Θεὸς
447 1434 539 1493 οὖν
573 1442 680 1511 ἄρα
715 1443 884 1508 ἐστὶν,
914 1444 989 1508 ὼς
1032 1445 1122 1499 καὶ
1159 1445 1319 1511 ιδίους
1361 1449 1500 1518 ἔχων
1538 1453 1665 1514 τοὺς

115 1524 389 1592 ἀγγέλους,
423 1531 512 1583 καὶ
558 1532 646 1586 διὰ
678 1533 785 1587 τῶν
832 1535 943 1590 ἅνω
994 1537 1313 1608 πνευμάτων
1358 1540 1661 1610 ὑπηρετού-

115 1630 287 1681 μενος.

180 1726 198 1757 ε
254 1709 557 1781 Ὴρὼτησεν
582 1716 611 1768 6
641 1715 890 1785 Χριστός·
925 1718 1057 1773 Τίνα
1087 1738 1153 1791 με
1197 1721 1441 1792 λέγωσιν
1478 1725 1527 1776 oi
1569 1722 1662 1777 άνο

110 1794 309 1864 θρωποι
336 1797 478 1855 εἶναι
523 1804 612 1857 τὸν
642 1805 767 1860 Υίὸν
795 1806 889 1859 τοῦ
918 1809 1240 1881 ἀνθρώπους
1276 1814 1337 1866 Ol
1373 1812 1429 1866 δὲ
1472 1812 1622 1866 εἷπον
1643 1827 1659 1843 ·

1773 646 1983 704 runtur,
2030 636 2110 693 sic
2153 638 2256 694 erit
2309 638 2363 694 in
2420 638 2887 695 consummatione
2941 638 3145 694 saculi.
3205 637 3329 693 Mit—

1771 734 1849 781 tet
1882 724 2051 782 Filius
2079 728 2312 784 hominis
2341 727 2559 798 angelos
2585 742 2736 793 suos,
2767 739 2822 784 et
2857 727 3107 801 colligent
3141 728 3210 785 de
3245 744 3323 782 re-

1767 832 1873 888 gno
1894 818 2012 888 ejus
2042 820 2221 874 omnia
2251 819 2527 885 scandala,
2564 829 2619 875 et
2642 834 2736 877 eos
2773 819 2864 891 qui
2902 820 3110 876 faciunt
3136 820 3299 889 iniqui

1768 916 1936 963 tatem
1970 924 1985 963 :
2020 917 2074 965 et
2113 911 2330 967 mittent
2370 926 2466 967 eos
2503 911 2559 967 in
2604 914 2876 967 caminum
2916 912 3055 983 ignis
3079 911 3148 967 ".
3182 929 3205 963 ι
3248 910 3325 965 De

1767 997 2242 1071 Deoszlegimus
2271 1019 2286 1056 :
2326 1020 2347 1054 ι
2379 1001 2690 1059 Benedicite
2719 1004 2969 1068 Domino,
3002 1017 3191 1059 omnes
3224 1018 3319 1056 au-

1763 1090 1867 1160 geli
1895 1093 2014 1161 ejus
2045 1093 2111 1147 ”.
2146 1111 2165 1145 ι
2202 1090 2385 1163 Neque
2426 1095 2569 1149 enim
2614 1094 2838 1165 angelus
2882 1094 3057 1167 angeli
3085 1106 3199 1160 est,
3225 1092 3322 1149 sed

1763 1178 1857 1236 Dei
1886 1192 2009 1237 sunt
2036 1182 2240 1238 omnia.
2281 1184 2413 1239 Cum
2456 1200 2588 1256 ergo
2636 1186 2705 1241 de
2747 1186 2887 1242 Filio
2923 1186 3155 1241 hominis
3178 1185 3321 1241 dica~

1765 1280 1873 1337 tur,
1912 1273 2053 1342 quod
2085 1274 2348 1329 missurus
2400 1276 2475 1330 sit
2512 1275 2730 1346 angelos
2772 1291 2899 1332 suos
2931 1292 2946 1329 :
2999 1275 3321 1347 angelosque

1762 1372 1816 1417 et
1842 1364 2064 1432 Spiritus
2098 1363 2218 1420 illos
2259 1380 2537 1435 supremos
2570 1377 2823 1437 tanquam
2864 1368 3111 1438 proprios
3161 1367 3319 1423 mini-

1762 1461 1904 1508 stros
1928 1452 2217 1523 possideat,
2252 1454 2473 1511 evidens
2505 1455 2563 1510 [lt
2592 1455 2740 1510 illum
2772 1471 2892 1511 esse
2923 1458 3108 1513 Deum.

1836 1742 1856 1775 ‹
1891 1723 2259 1793 Interrogabat
2284 1723 2577 1794 discipulos
2608 1738 2776 1780 suos:
2818 1723 2986 1790 Quem
3022 1739 3110 1780 me
3131 1722 3317 1780 dicunt

1763 1813 2006 1868 homines
2057 1827 2179 1867 esse
2220 1812 2418 1867 Filium
2469 1811 2740 1867 hominis?
2783 1811 2855 1866 At
2898 1810 2976 1865 illi
3022 1808 3312 1865 dixerunt:

108 1890 167 1940 Ol
198 1892 316 1960 μὲν,
369 1897 617 1967 Ἰωάννην
655 1899 745 1952 τὸν
778 1900 1113 1975 Βασιιιτιστήν⁹
1145 1906 1290 1961 ἄλλοι
1315 1907 1393 1970 δὲ,
1443 1907 1650 1961 Ἠλίανί

1758 1902 1886 1967 Alii,
1913 1901 2171 1957 Joannem
2222 1902 2555 1971 Baptislam;
2605 1901 2698 1956 alii
2746 1910 2950 1968 autem,
2984 1901 3190 1967 Elian);
3225 1898 3315 1954 alii

104 1980 246 2035 ἄλλοι
286 1984 362 2048 δὲ,
402 1986 742 2059 Ἰερεμίαν,ἢ
771 1990 866 2044 ἕνα
890 1994 997 2046 τῶν
1027 1998 1343 2067 προφητῶν.
1372 1999 1532 2068 Λέγει.
1558 2002 1656 2054 αὑ-

102 2072 238 2159 τοῖςο
284 2072 469 2143 Ὑμεῖς
494 2076 571 2141 δξ,
605 2079 723 2132 τίνα
759 2097 826 2149 με
856 2082 1038 2150 λέγετε
1082 2080 1255 2151 sim;
1316 2089 1658 2159 Ἀποκριθεὶς

100 2157 173 2219 δὲ,
205 2163 386 2232 φησὶν,
428 2168 457 2218 6
487 2167 710 2239 Πέτρος,
742 2168 863 2225 εἷπε
885 2188 899 2203 ο
947 2175 1018 2227 Σὺ
1050 2172 1099 2228 εἷ
1131 2180 1159 2230 6
1193 2178 1430 2247 Χριστὸς
1529 2181 1658 2247 Υίὸς

97 2249 187 2304 τοῦ
219 2251 352 2307 Θεοῦ
382 2256 473 2309 τοῦ
502 2258 718 2325 ζῶντος.
765 2264 1103 2336 Ἀποκριθεὶς
1144 2269 1199 2321 δὲ
1226 2272 1253 2322 ό
1295 2270 1498 2341 Ἰησοῦς
1519 2312 1534 2336 ,
1576 2269 1656 2328 εἷ-

99 2358 193 2394 πεν
224 2345 403 2415 αὐτῷ·
429 2348 710 2420 Μακάριος
738 2348 807 2419 εἴ,
839 2353 1017 2424 Σίμων
1050 2354 1164 2427 Bap
1206 2358 1375 2421 Ἰωνᾶ,
1407 2359 1488 2412 ὅτι
1520 2360 1654 2433 σὰρξ

94 2435 184 2486 καὶ
231 2434 367 2507 αἷμα
408 2440 509 2492 οὐκ
554 2442 866 2514 ἀπεκάλυψέ
904 2464 1005 2511 σοι,
1040 2446 1156 2500 ἀλλ’
1183 2450 1210 2502 6
1254 2450 1448 2521 Πατήρ
1492 2469 1593 2522 μου
1625 2454 1654 2506 ό

94 2524 149 2575 ὲν
185 2531 295 2591 τοῖς
336 2529 600 2599 οὐρανοῖς.
633 2552 655 2585 ι
705 2535 767 2587 Εἰ
798 2536 949 2606 ψιλὸς
998 2536 1281 2609 ἄνθρωπος
1328 2541 1357 2594 6
1399 2543 1649 2613 Χριστὸς,

89 2615 228 2670 διατι
254 2619 625 2692 τεθαύμασται
654 2625 857 2699 Πέτρος
878 2629 1158 2699 ὁμολογῶν
1202 2633 1362 2688 αὐτόν
1386 2652 1400 2701 ;
1445 2636 1568 2699 Πῶς
1595 2636 1651 2689 δέ

90 2706 204 2796 εστι
246 2711 341 2763 καὶ
372 2712 723 2779 θεοδίδακτος,
777 2718 809 2789 ἢ
860 2719 1017 2785 ποίας
1052 2722 1243 2795 ἐδεήθη
1292 2727 1650 2796 φωταγωγίας

88 2794 312 2887 άνωθεν,
342 2802 429 2855 ἵνα
452 2802 596 2875 μάθῃ
621 2806 680 2859 τὸ
706 2807 793 2860 ἐπ’
816 2810 883 2862 αὑ
895 2809 964 2881 τῷ
989 2794 1310 2885 μυστήριόνς
1351 2816 1488 2871 Ἀλλ’
1510 2794 1650 2887 ἔγνω

88 2884 217 2976 Θεὸν
250 2887 401 2955 ὄντα,
441 2892 534 2945 καὶ
573 2893 697 2946 Υίὸν
714 2893 846 2948 Θεοῦ
892 2896 1090 2963 ζῶντος
1130 2901 1525 2976 διωμολόγησεν
1550 2884 1650 2960 αὑ-

86 2975 205 3069 τόν·
236 2978 490 3069 ταότῃτοι
513 2983 900 3054 τεθαύμασται.
928 2989 1068 3061 Πλὴν
1090 2991 1183 3045 ἕνα
1214 2994 1359 3058 Υίὸν,
1395 2975 1488 3049 καὶ
1529 2998 1648 3069 οὐχὶ

84 3062 177 3117 δύο
207 3066 356 3131 υἱούς
390 3087 543 3139 φησι.
584 3074 849 3138 Δυσσεόὲς
892 3072 983 3129 οὖν
1026 3080 1132 3148 ἄρα
1168 3081 1225 3133 τὸ
1272 3082 1525 3154 διορίζειν
1567 3062 1646 3151 εἰς

1760 2008 1910 2058 vero,
1949 1992 2259 2059 Jeretniam,
2286 2002 2379 2046 aut
2411 2008 2573 2047 unum
2604 2006 2669 2047 ex
2698 1993 3007 2062 praphetis..
3029 1991 3173 2046 Dixit
3212 1989 3317 2045 illis

1756 2083 1952 2140 Jesus:
1992 2084 2094 2139 Vos
2125 2092 2302 2137 autem
2340 2097 2497 2150 quem
2529 2096 2616 2137 me
2654 2096 2775 2138 esse
2812 2082 3028 2137 dicitis?
3070 2082 3314 2151 Respon-

1757 2176 1888 2231 dens
1917 2174 2102 2229 Simon
2131 2174 2323 2228 Petrus
2351 2174 2523 2229 dixit:
2557 2171 2638 2228 Tu
2670 2188 2727 2230 es
2756 2172 3003 2229 Christus
3027 2171 3193 2227 Filius
3216 2169 3310 2225 Dei

1756 2265 1881 2318 vivi.
1902 2265 2249 2332 Respondeas
2270 2271 2447 2317 autem
2480 2260 2658 2327 lesns,
2701 2262 2834 2317 dixit
2867 2263 2915 2317 ei
2947 2280 2962 2316 :
3001 2260 3195 2316 Beatus
3228 2273 3309 2321 es,

1756 2354 1941 2409 Simon
1966 2354 2071 2408 Bar
2098 2352 2251 2418 Jona,
2274 2353 2398 2422 quia
2427 2367 2556 2408 caro
2580 2363 2633 2407 et
2663 2353 2879 2423 sanguis
2913 2366 3019 2406 non
3054 2349 3313 2407 revelavit

1756 2446 1874 2511 tibi,
1922 2445 2013 2500 sed
2059 2444 2221 2499 Pater
2251 2458 2422 2508 mens,
2446 2444 2537 2514 qui
2563 2452 2647 2500 est
2671 2444 2726 2499 in
2755 2444 2907 2499 caalis
2931 2444 2973 2496 ‘.
3011 2456 3030 2495 ι
3066 2443 3124 2497 Si
3150 2439 3307 2498 Chri-

1752 2545 1868 2591 stus
1911 2536 2210 2591 communis
2253 2534 2557 2607 vulgurisve
2609 2544 2814 2590 tantum
2858 2536 3020 2591 homo
3064 2543 3168 2600 est,
3214 2546 3308 2588 cur

1752 2626 1941 2683 Petrus
1971 2627 2040 2681 ob
2073 2642 2224 2682 suam
2270 2628 2666 2682 confessionem
2706 2626 3038 2682 admirabilis
3073 2625 3308 2682 declara-

1752 2728 1838 2775 tus
1861 2727 1913 2775 et
1944 2718 2191 2774 laudatus
2217 2718 2343 2772 est?
2384 2715 2663 2784 Quomodo
2710 2716 2964 2772 divinitus
3003 2716 3311 2787 perhibetur

1748 2807 2009 2864 edoctus?
2029 2812 2136 2861 Aut
2157 2820 2391 2877 quanam
2432 2820 2665 2877 superna
2692 2820 2827 2876 opus
2858 2814 2978 2863 erat
3009 2806 3082 2860 illi
3115 2804 3309 2860 illumi-

1749 2895 1990 2962 natione,
2031 2904 2091 2949 ut
2130 2895 2259 2950 illud
2302 2893 2504 2951 Christi
2554 2895 2870 2966 mysterium
2905 2894 3164 2965 caperet?
3210 2892 3309 2947 Ve-

1750 3003 1866 3042 rum
1904 2988 2030 3057 quia
2060 2988 2226 3043 Deum
2255 3000 2377 3043 esse
2405 2987 2641 3058 agnovit,
2686 2987 3024 3058 viventisque
3068 2986 3161 3041 Dei
3212 2982 3302 3040 Fi-

1747 3077 1874 3131 lium
1915 3092 2036 3134 esse
2077 3077 2387 3147 pradicavit
2416 3117 2433 3142 ,
2484 3075 2608 3131 ideo
2659 3076 2922 3133 mirabilis
2962 3086 3019 3133 et
3059 3076 3309 3146 egregius

84 3156 194 3251 δύο,
231 3180 250 3211 ι
288 3163 485 3216 Μέλλει
510 3165 618 3235 γὰρ
645 3168 673 3220 6
704 3168 830 3233 Υἱὸς
856 3170 947 3225 τοῦ
993 3175 1281 3247 ἀνθρώπου
1307 3178 1561 3251 ἔρχεσθαι
1590 3187 1645 3237 ὲν

1753 3168 1966 3224 habitus
1990 3178 2092 3225 est.
2122 3168 2307 3238 Neque
2341 3177 2521 3223 tamen
2555 3167 2693 3227 duos
2718 3166 2998 3225 confessus
3028 3178 3110 3224 est
3143 3167 3300 3227 illius.

83 3250 303 3339 τῇῌδόξῃ
339 3253 432 3307 τοῦ
466 3229 674 3325 Πατρὸς
718 3229 902 3326 αὑτοῦ,
953 3229 1645 3339 μετὰιτῶνν

1752 3261 1842 3314 sed
1883 3276 2046 3314 unum
2092 3229 2375 3314 duntaxat.
2414 3255 2641 3328 lmpium
2687 3258 2870 3328 itaque
2912 3269 2997 3314 est
3034 3257 3304 3313 Christum

82 3337 197 3393 τοῦ.
254 3360 273 3392 ι
332 3342 460 3396 Ἰδοὺ
516 3347 674 3400 πάλιν
719 3352 979 3418 ἀγγέλους
1020 3355 1183 3409 αὑτοῦ
1238 3337 1367 3430 φησι
1416 3362 1483 3415 τὰ
1538 3364 1648 3418 ἄνω

83 3432 389 3503 πνεύματα,
421 3435 593 3491 καίτοι
622 3438 913 3512 λεγομένου
951 3443 1078 3497 Υἰοῦ
1110 3445 1414 3516 ἀνθρώπου.

153 3727 171 3758 ι
233 3706 525 3764 Ἐλθόντων
581 3711 644 3783 δὴ
692 3708 835 3766 οὖν(
897 3718 977 3779 εἰς
1016 3710 1405 3791 Καπερναοὺμ,
1477 3741 1642 3794 προσ-

85 3797 247 3867 ῆλθον
274 3800 324 3853 οῖ
357 3799 425 3853 τὰ
443 3801 707 3874 δίδραχμα
735 3804 1116 3877 λαμϐάνοντες,
1134 3810 1211 3880 τῷ
1238 3811 1555 3883 Πέτρῳ,κα“ι
1572 3812 1640 3869 εἷς

76 3907 176 3943 πον
196 3907 209 3918 ·
256 3892 316 3943 Ὀ
340 3890 654 3957 διδάσκαλος
678 3895 828 3966 ὑμῶν
847 3899 908 3951 οὐ
940 3898 1083 3953 τελεῖ
1100 3901 1166 3955 τὰ
1190 3902 1459 3975 δίδραχμα
1480 3923 1494 3969 ς
1532 3904 1642 3961 Καὶ

74 3979 254 4070 λέγει’
311 3981 436 4033 Ναί.
487 3984 597 4037 Καὶ
642 3985 952 4043 εἰσελθόντα
1006 3992 1083 4054 είς
1126 3992 1224 4063 τὴν
1263 3995 1461 4062 οίκεαν,
1511 4015 1645 4070 προ·

74 4068 311 4137 έφθασεν
340 4072 500 4162 αὐτὸν
550 4075 577 4127 ό
629 4075 854 4162 Ἰησοῦς,
881 4076 1087 4147 λέγων’
1141 4080 1205 4133 Τί
1238 4099 1317 4136 σοι
1360 4084 1523 4151 δοκεῖ,
1561 4068 1647 4141 Σί-

76 4165 230 4230 μων;
273 4163 324 4215 οἱ
367 4161 606 4232 βασιλεῖς
659 4165 759 4235 τῆς
804 4167 907 4237 γῆς
958 4168 1065 4222 ἀπὸ
1111 4170 1269 4225 τίνων
1314 4172 1645 4243 λαμϐάνουσι

69 4250 222 4320 τέλη,
273 4252 306 4322 ἢ
350 4252 580 4323 κῆνσον;
628 4256 735 4309 ἀπὸ
774 4256 883 4311 τῶν
912 4257 1042 4311 υἱῶν
1072 4258 1333 4331 αῦτῶν,ἢ
1388 4264 1493 4316 άπὸ
1538 4264 1645 4319 τῶν

70 4343 371 4414 ἀλλοτρίων
390 4385 405 4408 ,
428 4340 561 4398 Εἶπε
586 4346 641 4399 δὲ
669 4348 814 4419 αὐτῷ
833 4367 848 4381 ο
881 4350 1012 4404 Ἀπὸ
1038 4350 1145 4405 τῶν
1171 4354 1485 4424 ἀλλοτρίων.
1511 4354 1645 4411 Eine

66 4434 122 4487 δὲ
144 4432 299 4503 αὐτῷ
326 4434 354 4484 6
394 4434 631 4504 Ἰησοῦςο
669 4439 810 4509 ’Ἀρα
834 4459 895 4510 γε
933 4440 1201 4515 ἐλεύθεροί
1223 4444 1359 4497 είσιν
1387 4446 1435 4497 οἱ
1464 4447 1588 4500 υἱοί.
1618 4465 1638 4501 ι

66 4523 193 4588 Πῶς
229 4523 513 4595 ἐλεύθερον
552 4527 740 4580 ἑαυτὸν
770 4525 906 4583 εἶναί
953 4550 1108 4604 φησι,
1157 4535 1251 4588 καὶ
1294 4533 1397 4598 ἔξω
1442 4537 1628 4606 νόμου,

64 4616 161 4669 καὶ
189 4614 481 4685 ὰσυντελῆ,
529 4618 623 4669 καὶ
657 4617 782 4671 Υἱὸν
827 4621 1059 4689 άληθῶς,
1112 4625 1159 4677 εί
1206 4624 1280 4695 μὴ
1308 4622 1439 4686 Θεός
1466 4627 1632 4687 ἐστιν,

65 4708 261 4762 ένώσει
293 4710 359 4779 τῇ
388 4707 506 4761 καθ’
535 4708 828 4762 ὑπόστασιν
849 4712 1047 4780 σαρκὸς
1081 4715 1174 4766 καὶ
1202 4715 1429 4785 αἵματος
1456 4729 1638 4765 κεκοι-

62 4800 363 4873 νωνηκώςς
395 4800 741 4854 Συντετέλεκε
771 4800 827 4853 δὲ
854 4802 912 4854 τὸ
943 4803 1254 4873 δίδραχμον,
1298 4806 1373 4869 ὡς
1400 4804 1636 4873 γεγονὼς

65 4891 171 4942 ὑπὸ
204 4892 373 4960 νόμον
401 4892 428 4944 6
456 4891 591 4962 ὑπὲρ
620 4889 780 4959 νόμον
808 4890 951 4952 Υἱός.
984 4890 1299 4959 Ἀνθρωπος
1324 4893 1379 4945 δὲ
1402 4892 1497 4956 ὢν,
1539 4892 1635 4962 οὐχ

66 4979 206 5049 ὑπὲρ
235 4980 398 5049 νόμον
420 4983 616 5034 νοεῖται
648 4997 663 5012 ο
693 4979 809 5044 πῶς
830 4980 971 5050 γάρ;
1000 4979 1107 5032 οὐδ’
1134 4980 1199 5033 ἂν
1228 4982 1339 5052 ἔχοι
1366 4983 1503 5035 κατὰ
1532 4982 1636 5050 φύ-

63 5082 150 5117 σιν
198 5068 263 5119 τὸ
294 5069 593 5139 ἐλεύθερον,
637 5072 683 5124 εί
720 5071 793 5142 μὴ
821 5071 1018 5123 νοεῖται
1049 5067 1181 5131 Θεὸς
1208 5071 1266 5121 ἐν
1307 5070 1625 5141 ἀνθρωπεία

64 5158 278 5227 μορφῇσ

146 5246 555 5312 Ἀναόιίνοντος
579 5253 637 5303 ὲν
675 5252 1061 5323 Ἰεροσολύμοις
1104 5247 1197 5303 τοῦ
1230 5248 1443 5301 πάντων
1471 5250 1628 5319 ἡμῶν

62 5338 322 5409 Σωτῆρος
348 5339 604 5408 Χριστοῦ,
639 5343 823 5408 παῖδες
853 5341 1221 5416 προεὸάδιζον,
1265 5334 1633 5408 εὐφημοῦντες

141 5496 189 5527 ’⁸⁸
230 5492 421 5547 Matth.
455 5507 573 5553 xm,
620 5493 809 5550 ιο-ιιξ.
887 5499 930 5529 ⁹⁹
964 5495 1105 5553 Psal.
1138 5510 1227 5558 cn,
1270 5492 1356 5545 το.
1440 5491 1645 5546 'Mattli

1752 5509 1802 5561 'l,
1840 5493 2024 5546 15-17.

1750 3351 1801 3406 in
1838 3353 1970 3406 duos
1997 3352 2235 3405 dividere
2269 3350 2427 3405 lilios.
2459 3368 2477 3401 ι
2508 3349 2679 3406 Filius
2710 3350 2854 3405 enim
2892 3350 3126 3406 hominis
3172 3362 3302 3402 ven-

1747 3452 1900 3496 turus
1927 3448 2010 3497 est
2043 3442 2094 3496 in
2123 3440 2290 3511 gloria
2319 3440 2497 3495 Patris
2522 3441 2603 3494 sui
2645 3454 2764 3495 cum
2808 3440 3012 3510 angelis
3054 3439 3168 3495 suis
3193 3440 3235 3491 '.
3280 3452 3298 3487 ι

1748 3533 1823 3588 En
1878 3533 2069 3587 iterum
2120 3533 2372 3589 caelestes
2402 3533 2624 3604 spiritus
2673 3548 2800 3589 suos
2848 3533 3065 3605 angelos
3113 3536 3304 3595 vocat,

1746 3624 1956 3679 etiamsi
1988 3623 2222 3680 hominis
2250 3623 2421 3679 Filius
2447 3625 2678 3681 dicatur.

1821 3730 1842 3764 ι
1892 3702 2128 3767 Ειόιιιιι
2172 3714 2453 3769 venissent
2507 3713 2909 3786 Capharnaum,
2962 3718 3305 3773 accesserunt

1746 3802 1835 3873 qui
1868 3796 2183 3859 didrachma
2215 3805 2569 3875 accipiebant,
2602 3807 2667 3861 ad
2692 3806 2943 3878 Petrum,
2973 3815 3027 3861 et
3054 3804 3302 3861 dixerunt

1744 3896 1838 3949 ei:
1893 3894 2144 3966 Magister
2190 3905 2369 3951 vester
2420 3912 2525 3951 non
2557 3896 2715 3953 solvit
2777 3895 3124 3954 didrachma?
3166 3891 3297 3946 Ait:

1745 3984 1941 4040 Etiam.
1967 3986 2035 4040 Et
2059 4000 2179 4040 cum
2210 3986 2458 4042 intrasset
2494 3987 2546 4041 in
2596 3987 2840 4053 domum,
2880 3985 3137 4059 prevenit
3179 3991 3300 4037 eum

1740 4075 1922 4140 Jesus,
1965 4077 2194 4132 dicens:
2250 4077 2388 4144 Quid
2439 4080 2531 4133 tibi
2561 4080 2799 4144 videtur,
2856 4077 3083 4135 Simon?
3128 4074 3299 4142 Reges

1746 4176 1904 4222 terra:
1936 4181 1965 4220 τι
2005 4168 2201 4236 quibus
2238 4169 2509 4238 accipiunt
2548 4169 2803 4224 tributum
2843 4168 2931 4225 vel
2961 4179 3177 4224 censum
3204 4195 3220 4227 ,
3267 4177 3301 4215 a

1746 4257 1870 4312 [illis
1896 4258 2027 4322 suis,
2054 4272 2119 4311 an
2151 4258 2219 4313 ab
2254 4256 2573 4314 alienisi-et
2607 4257 2694 4314 ille
2728 4259 2863 4313 dixit
2897 4277 2912 4314 :
2952 4258 3033 4313 Ah
3067 4250 3251 4309 alienis
3282 4269 3293 4303 :

1745 4348 1881 4403 dixit
1908 4348 1983 4403 illi
2015 4346 2169 4403 Iesus
2197 4362 2212 4400 :
2243 4347 2383 4417 Ergo
2416 4348 2571 4405 liberi
2606 4359 2734 4405 sunt
2763 4349 2860 4405 lilii
2885 4350 2930 4407 ⁸.
2966 4364 2987 4401 ι
3024 4338 3297 4414 Quomodo

1744 4438 1995 4506 liberum,
2049 4438 2152 4494 hoc
2204 4449 2285 4494 est
2319 4454 2350 4492 a
2401 4439 2536 4509 legis
2575 4440 2788 4495 vinculo
2838 4438 3128 4506 tribulique
3170 4443 3299 4502 pen-

1743 4530 1896 4583 sione
1925 4530 2237 4595 immunem,
2266 4544 2476 4585 necnon
2508 4544 2695 4584 verum
2719 4530 2910 4586 Filium
2943 4543 3003 4584 se
3022 4523 3293 4596 pradicat.

1743 4621 1788 4674 si
1822 4621 2003 4673 carnis
2026 4631 2080 4675 et
2101 4621 2382 4689 sanguinis
2418 4622 2715 4676 secundum
2740 4618 3125 4692 hypostaticam
3150 4613 3296 4669 υιιῑο-

1743 4723 1864 4764 nem
1894 4712 2161 4780 particeps
2186 4710 2434 4779 eil‘ectus,
2466 4727 2571 4767 non
2603 4722 2690 4769 est
2732 4712 2912 4769 Deus?
2940 4715 3010 4767 At
3051 4705 3296 4779 dependit

1743 4800 2091 4857 nihilominus
2138 4802 2450 4859 didrachma
2520 4814 2775 4876 tanquam
2838 4804 2941 4875 legi
3001 4797 3290 4862 obnoxius,

1742 4906 1865 4947 cum
1901 4902 2077 4949 tamen
2110 4903 2167 4948 ιιι
2194 4894 2360 4953 Filius
2382 4896 2496 4968 lege
2522 4896 2692 4964 major
2719 4904 2882 4951 esset.
2922 4892 3117 4947 Verum
3144 4889 3191 4943 si
3223 4888 3295 4942 sit

1741 4985 1923 5051 homo,
1959 5000 2062 5041 non
2097 4994 2181 5042 est
2210 5002 2371 5058 supra
2404 4988 2593 5057 legem.
2620 4984 2789 5039 Nemo
2820 4982 2961 5037 enim
2993 4978 3289 5035 naturalem

1739 5073 2040 5132 libertatem
2071 5076 2144 5131 illi
2181 5078 2396 5141 tribuet,
2428 5076 2530 5128 nisi
2563 5082 2621 5127 ut
2661 5072 2826 5127 Deum
2851 5070 3087 5127 humana
3119 5068 3290 5126 forma

1738 5164 1984 5221 indutum
2008 5167 2191 5221 animo
2220 5166 2463 5221 eumdem
2492 5161 2781 5232 concipiat.

1807 5256 2028 5312 Christo
2068 5256 2305 5312 omnium
2367 5262 2604 5308 nostrum
2654 5252 2932 5307 Salvatore
2980 5249 3312 5327 Hierosoly-

1741 5360 1882 5400 mam
1912 5346 2255 5407 ascendente,
2279 5341 2426 5411 pueri
2458 5348 2775 5411 praeeuntes,
2796 5338 3116 5407 laudumque
3141 5346 3256 5409 prae
3278 5358 3308 5376 -

2101 5493 2125 5521 ⁸
2156 5490 2281 5545 ibid.
2310 5490 2397 5543 27.
2476 5491 2495 5522 ³
2518 5488 2707 5553 Matth,
2738 5504 2864 5553 xvtt,
2894 5486 3085 5542 23-25.

1124 5647 1290 5704 Variae
1320 5644 1574 5699 lectiones
1604 5644 1803 5699 codicis
1839 5642 2193 5711 Seguieriani.

141 5792 157 5828 ί
192 5791 249 5841 δὲ
276 5790 472 5842 αὐτῶν.
