4086 6534
777 428 909 484 1267

1751 432 1811 488 S.
1850 433 2122 491 CYRILLI
2159 432 2618 493 ALEXANDRINI
2664 431 2976 490 ARCHIEP.

3867 433 3990 488 ηδε

768 548 919 602 conia
971 546 1382 617 depromentes,
1415 549 1524 620 83
1571 547 1866 604 tﬂosanna
1897 551 2005 606 lllio
2055 551 2246 616 David,
2295 571 2298 597 π

2420 568 2478 605 τε
2497 551 2588 604 καὶ
2615 550 2888 618 λέγοντες·
2907 546 3179 601 ‹.Ὧσαννὰ
3200 547 3276 618 τῷ
3303 547 3404 618 υἱῷ
3420 546 3603 603 Δαυῖδ.
3639 550 3981 622 »Θεοπρεπής

764 638 1125 693 clamabant‘.
1193 639 1263 693 At
1303 640 1417 696 [nec
1491 640 1807 696 acclamatio
1855 643 1906 696 in
1947 643 2119 698 solum
2155 643 2318 698 Deum

764 729 1014 794 quadrat.
1075 729 1390 799 «Indignati
1442 742 1616 787 autem
1673 733 1924 788 Pharisaei
1982 735 2036 789 in
2085 735 2318 790 medium

764 820 1406 886 prorumpuntzAudis,
1457 821 1728 889 inquiunt,
1779 825 1907 891 quid
1955 826 2040 880 isti
2099 826 2321 880 dicunt?

763 903 919 960 Jesus
951 917 1126 961 autem
1175 910 1310 962 dixit
1359 911 1479 965 eis:
1517 911 1730 981 Utique.
1768 911 2051 984 Nunquam
2089 915 2318 986 legistis,

762 996 886 1064 quia
915 997 991 1050 Ex
1020 1011 1114 1051 ore
1149 999 1428 1053 infantium
1467 1011 1521 1056 et
1547 1002 1858 1058 lactentiutn
1899 1005 2171 1073 perfecisti
2209 1005 2322 1058 lau-

762 1085 882 1138 dent
906 1085 968 1139 '2
994 1105 1013 1138 ι
1041 1085 1145 1141 Sed
1173 1090 1384 1142 beatum
1425 1090 1589 1144 David
1634 1092 1735 1147 hoc
1767 1093 1885 1148 loco
1917 1095 2104 1149 audire
2143 1108 2319 1163 opera:

762 1174 989 1241 pretium
1011 1185 1128 1241 est;
1169 1177 1435 1232 aitautem
1469 1197 1483 1233 :
1517 1198 1541 1232 ι
1564 1181 1795 1238 Domine
1815 1181 2067 1237 Dominus
2113 1191 2318 1244 noster,

761 1277 918 1333 quam
945 1267 1255 1322 admirabile
1276 1279 1358 1324 cst
1378 1285 1571 1326 nomen
1599 1280 1746 1326 tuum
1781 1272 1830 1326 in
1856 1274 2103 1328 universa
2129 1283 2271 1327 terra
2301 1277 2314 1330 l

767 1356 1034 1421 Quoniam
1059 1359 1269 1413 elevata
1302 1370 1385 1414 est
1410 1361 1804 1430 magniﬁcentia
1839 1373 1926 1416 tua
1951 1378 2112 1432 super
2130 1366 2316 1420 cmlos.

760 1446 836 1500 Ει
860 1462 952 1502 ore
975 1447 1259 1504 infantium
1285 1459 1338 1505 et
1359 1450 1673 1508 lactentium
1694 1453 1969 1522 perfecisti
1990 1457 2200 1510 laudem
2222 1458 2264 1510 ⁸.
2290 1477 2318 1510 ›

757 1534 912 1590 Pueri
973 1553 1203 1608 namque
1256 1555 1444 1610 magna
1497 1542 1857 1599 exsultatione
1914 1546 2314 1613 acclamantes,

754 1627 991 1689 aiebant,
1059 1646 1076 1679 ι
1129 1627 1377 1684 Hosanna
1431 1632 1538 1687 [ilio
1577 1632 1764 1688 David.
1799 1653 1818 1687 ι
1871 1635 1920 1690 ls
1962 1651 2121 1703 porro
2167 1639 2318 1707 cujus

753 1717 986 1788 elogium
1019 1719 1397 1787 decantabanl,
1420 1723 1682 1790 ejusmodi
1714 1724 1923 1779 laudem
1960 1733 2013 1778 et
2052 1727 2315 1781 acclama-

759 1811 958 1864 tionem
990 1813 1302 1880 neutiquam
1341 1814 1678 1882 repudiabat.
1731 1815 1891 1883 Atqui
1926 1818 2111 1872 beatus
2152 1818 2314 1873 David

2418 642 2475 696 δὲ
2495 642 2710 703 πάντως
2726 642 2868 693 εστὶν
2899 637 3244 708 ἠδοξολογία.
3279 656 3297 688 t
3333 639 3814 710 Ἥγανάκτησανιοί
3833 642 3978 709 Φαρι-

2421 733 2580 793 σαῖοι,
2601 731 2694 784 καὶ
2709 729 2771 801 δὴ
2795 730 2888 784 καὶ
2910 729 3236 800 προσῄεσαν,
3254 728 3519 795 λέγοντες*
3551 730 3818 792 ⁹Ακοὺεις,
3836 733 3892 783 τί
3908 728 3981 783 οὗ-

2417 841 2500 876 τοι
2526 823 2806 891 λέγουσινς
2843 823 2898 876 '0
2920 821 2974 874 δὲ
3011 820 3215 890 Ἰησοῦς
3238 815 3389 874 εἶπεν
3414 821 3594 884 αὐτοῖς
3617 839 3638 853 '
3671 823 3800 877 Ναί.
3841 823 3971 875 οὐδὲ

2420 929 2549 967 ποτε
2572 913 2949 980 ἁνέγνωτε,ὃτι
2988 911 3081 965 Ἐκ
3099 913 3360 980 στόματος
3388 913 3595 982 νηπίων
3612 917 3705 967 καὶ
3731 915 3966 984 θηλαζόν

2418 1021 2524 1058 των
2545 1003 2856 1074 κατηρτίσω
2887 998 3063 1069 αἷνονς
3104 1021 3123 1054 ι
3173 1004 3490 1072 ’Δναγκατον
3529 1007 3588 1057 ὲν
3616 1006 3830 1068 τούτοις
3875 1007 3981 1057 δια-

2423 1095 2786 1165 μνημονεῦσαι
2825 1094 2919 1148 τοῦ
2947 1095 3214 1166 μακαρίου
3229 1095 3390 1148 Δαυῒδ
3411 1096 3658 1164 λέγοντος
3678 1113 3694 1128 ·
3728 1117 3745 1147 ι
3787 1098 3980 1167 Κύριε,

2419 1187 2447 1238 6
2470 1184 2670 1255 Κύριος
2701 1184 2875 1254 ἡμῶν,
2903 1184 2977 1247 ὡς
3015 1183 3324 1254 θαυμαστὸν
3354 1185 3415 1239 τὸ
3447 1186 3616 1256 ὄνομα
3638 1204 3733 1240 σου
3758 1189 3819 1240 ὲν
3843 1191 3984 1258 πάσῃ

2418 1278 2482 1345 τῇ
2513 1278 2582 1343 γῇ
2611 1275 2624 1326 !
2656 1275 2778 1326 Ὀτι
2819 1274 3027 1344 ἐπήρθη
3053 1276 3086 1344 ἡ
3124 1275 3568 1346 μεγαλοπρέπεια
3603 1295 3696 1330 σου
3730 1279 3986 1348 ὑπεράνω

2416 1364 2524 1418 τῶν
2564 1365 2622 1417 οὐ
2633 1365 2823 1433 ρανῶν.
2870 1365 2962 1417 Ἐκ
2993 1366 3258 1434 στόματος
3285 1367 3492 1435 νηπίων
3523 1369 3616 1421 καὶ
3645 1368 3982 1438 θηλαζόντων

2417 1457 2728 1527 κατηρτίσω
2756 1451 2924 1509 αἶνον.
2965 1475 2982 1506 ι
3019 1458 3081 1508 υἱ
3133 1456 3231 1525 μὲν
3255 1456 3364 1527 γὰρ
3403 1457 3587 1522 παῖδες
3611 1460 3984 1531 εὐφημοῦντες

2415 1547 2623 1616 ελεγον·
2658 1565 2677 1598 ‹
2741 1547 2967 1601 Ὡσαννὰ
2992 1547 3070 1617 τῷ
3099 1547 3198 1616 υἱῷ
3228 1549 3412 1602 Δαυῖδ.
3463 1569 3482 1601 ι
3517 1552 3887 1620 Καταδέχεται
3929 1554 3982 1605 δὲ

2413 1637 2510 1708 τὴν
2554 1638 2861 1706 δοξολογίαν
2906 1637 3335 1707 εὐφημούμενος,
3393 1641 3452 1694 '0
3495 1641 3552 1694 δέ
3601 1658 3664 1709 γε
3715 1644 3983 1712 μακάριος

2413 1728 2574 1783 Δαυτδ
2601 1729 2700 1782 οὐκ
2721 1727 2991 1799 ἀνθρώπῳ
3010 1728 3214 1798 ταύτην
3236 1730 3549 1784 ἀνατέθεικε
3579 1734 3768 1802 κοινῷ,
3795 1737 3978 1804 Κυρίῳ

2412 1819 2469 1872 δὲ
2501 1817 2724 1888 μᾶλλον,
2761 1813 2822 1871 οὗ
2851 1819 2945 1871 καὶ
2973 1818 3281 1888 θαυμαστὸν
3309 1820 3371 1872 τὸ
3415 1821 3586 1890 ὄνομα
3630 1823 3690 1874 ὲν
3737 1824 3892 1894 πάσῃ

751 1916 868 1956 eam
924 1903 1368 1960 acclamationem
1428 1920 1534 1960 non
1581 1907 1850 1961 communi
1891 1908 2051 1964 alicui
2104 1910 2298 1965 homini

2406 1912 2504 1978 Υῇ⁹
2533 1908 2742 1979 ἐπήρθη
2776 1909 2884 1977 γὰρ
2925 1909 2958 1977 ή
3003 1909 3443 1980 μεγαλοπρέπεια
3475 1909 3689 1983 [αὑτοῦ]
3720 1913 3978 1983 ὑπεράνω

754 1995 1042 2061 tribuebat,
1080 1999 1174 2052 sed
1201 1997 1438 2052 omnium
1481 1998 1744 2055 Domino:
1784 2000 1924 2054 illius
1953 2002 2094 2055 enim
2140 2001 2308 2056 solius

751 2101 943 2140 nomen
981 2088 1233 2143 universa
1271 2099 1411 2144 terra
1465 2091 1782 2158 demiratur,
1815 2091 2164 2162 ejusdemque
2196 2107 2308 2146 ma-

2411 1999 2518 2053 τῶν
2541 1999 2803 2070 οὐρανῶν.
2828 1996 2978 2062 Εἶτα,
3001 1999 3116 2063 πῶς
3139 2001 3199 2053 οὐ
3218 2000 3348 2064 Θεὸς
3370 2004 3398 2055 6
3425 2002 3550 2065 Υἱὸς
3567 2003 3729 2055 Δαυῒδ
3753 2005 3820 2056 τί»
3846 2005 3976 2057 κατὰ

2416 2091 2593 2161 σάρκα
2622 2090 2849 2162 Χριστός
2869 2107 2884 2155 ;

747 2181 1051 2250 gniﬁcentia
1102 2198 1266 2254 super
1311 2200 1501 2240 omnes
1547 2187 1711 2240 coelos
1759 2186 1980 2242 tollitur.
2023 2188 2309 2255 Quomodo
2338 2199 2466 2256 ergo
2499 2185 2745 2241 Christus
2817 2183 3035 2238 Davidis
3095 2183 3386 2239 secundum
3425 2200 3642 2240 carnem
3688 2188 3838 2242 mins
3879 2205 3980 2240 non

747 2285 830 2331 cst
865 2277 1051 2335 Deus?

829 2414 849 2446 ‹
875 2394 1009 2449 Cum
1037 2404 1215 2450 autem
1245 2400 1452 2452 venerit
1486 2399 1651 2454 Filius
1677 2400 1910 2455 hominis
1939 2402 1991 2454 in
2019 2399 2300 2467 majestate

749 2502 862 2548 sua,
906 2497 959 2540 et
989 2502 1177 2542 onmes
1221 2490 1392 2558 angeli
1429 2505 1548 2542 cum
1593 2506 1684 2553 eo,
1744 2503 1867 2544 tunc
1900 2490 2106 2545 sedebit
2139 2505 2302 2560 super

744 2577 926 2630 sedem
958 2575 1258 2643 majestatis
1279 2579 1442 2631 suae'.
1478 2597 1495 2630 ι
1526 2579 1774 2648 Nunquid
1795 2580 2042 2634 Christus
2066 2589 2123 2633 ut
2143 2579 2302 2634 homo

743 2667 1008 2736 quispiam
1042 2669 1212 2723 nostri
1244 2669 1436 2724 similis
1462 2686 1556 2739 pro
1581 2671 1832 2726 tribunali
1862 2671 2090 2736 sedebit,
2117 2681 2302 2725 astan-

743 2759 992 2827 tibusque
1039 2760 1290 2815 omnibus
1331 2763 1675 2831 undiquaque
1706 2763 1803 2831 ipsi
1845 2763 2074 2832 angelis,
2114 2762 2299 2818 orbem

732 2848 1034 2917 jutlicahit?
1067 2850 1166 2916 Qui
1214 2852 1374 2914 istud,
1408 2855 1656 2918 obsecro,
1707 2855 1900 2909 rationi
1943 2865 2027 2908 est
2075 2869 2301 2910 consen-

742 2940 998 2994 taneum?
1050 2942 1242 2996 Annon
1277 2943 1534 3011 scriptum
1579 2953 1699 2998 est:
1735 2962 1752 2994 ι
1784 2943 1934 3000 Unus
1967 2954 2048 2999 est
2077 2944 2295 3013 legisla-

739 3037 843 3093 tor,
870 3030 1104 3098 etjudex
1129 3032 1188 3084 ‘1'
1220 3051 1238 3083 ι
1284 3033 1420 3087 Deus
1454 3033 1615 3103 igitur
1636 3045 1720 3088 est
1747 3035 2019 3102 Christus,
2056 3036 2146 3106 qui
2177 3035 2297 3103 pari

2480 2418 2498 2450 ‹
2524 2398 2693 2452 Ὅταν
2719 2395 2847 2468 ἔλθῃ
2863 2396 3032 2459 ὁΥίδς
3053 2395 3145 2449 τοῦ
3172 2393 3457 2466 ἀνθρώπου
3484 2396 3540 2447 ἓν
3556 2398 3617 2466 τῇ
3635 2395 3764 2467 δόξῃ
3790 2398 3971 2464 αὑτοῦ,

2406 2489 2498 2542 καὶ
2539 2489 2736 2552 πάντες
2778 2491 2826 2541 οἱ
2857 2486 3076 2556 ἄγγελοι
3124 2486 3238 2556 μετ’
3269 2485 3453 2551 αὐτοῦ,
3483 2487 3600 2540 τότε
3637 2491 3863 2542 καθίσει
3891 2495 3972 2543 ἐπὶ

2407 2578 2591 2649 θρόνον
2618 2578 2775 2648 δόξης
2825 2577 3010 2630 αὐτοῦ.
3045 2592 3069 2629 ι
3113 2572 3260 2647 Ἀρα
3300 2577 3372 2640 ὼς
3417 2576 3697 2645 ἅνθρωπος
3744 2573 3833 2641 εἷς
3875 2582 3974 2631 τῶν

2409 2669 2529 2722 καθ’
2556 2671 2703 2741 ἡμᾶς
2749 2668 3052 2723 καθεδεῖται
3083 2668 3332 2737 Χριστὸς,
3370 2669 3798 2737 παρεστηκότων
3835 2671 3972 2739 αὑτῴ

2405 2761 2622 2814 πάντων
2668 2761 2778 2814 τῶν
2808 2759 3073 2828 ἀγγέλων,
3105 2757 3248 2811 οῦτω
3289 2775 3347 2812 τε
3377 2763 3551 2829 κρινεῖ
3596 2761 3689 2813 τὸν
3730 2763 3971 2832 κόσμον;

2402 2849 2555 2914 Elea,
2605 2852 2755 2904 ποῖον
2785 2850 2897 2921 ἔχει
2944 2850 3100 2905 τοῦτο
3145 2850 3334 2917 λόγον;
3382 2849 3690 2920 Γέγραπται
3726 2851 3868 2922 γὰρ,
3899 2855 3974 2904 ὅτι

2408 2958 2426 2991 ι
2455 2935 2549 3004 Εἷς
2583 2942 2728 2994 ἐστιν
2751 2940 2779 2992 6
2801 2939 3096 3010 νομοθέτης
3121 2940 3216 2992 καὶ
3243 2939 3454 3010 κριτής.
3493 2959 3512 2990 ι
3547 2940 3681 3002 Θεὸς
3708 2937 3808 2992 οὖν
3870 2944 3970 3010 ἄρα

2398 3030 2648 3097 Χριστὸς,
2663 3031 2691 3083 6
2713 3030 2769 3082 ὲν
2785 3028 2908 3099 δόξῃ
2927 3028 3080 3093 Θεοῦ,
3098 3028 3189 3082 καὶ
3205 3028 3389 3097 θρόνον
3414 3028 3570 3098 ἔχων,
3590 3031 3682 3081 καὶ
3697 3048 3775 3082 πα
3785 3032 3974 3100 ρεστῶ-

735 3137 856 3175 cum
908 3122 1016 3176 Deo
1069 3120 1238 3191 gloria
1287 3123 1515 3188 pollens,
1566 3124 2290 3192 thronumquejudiciarium

2401 3137 2494 3182 τας
2526 3119 2814 3188 ἀγγέλους,
2841 3119 2934 3173 καὶ
2975 3119 3173 3190 κρίνων
3199 3119 3294 3189 τὴν
3327 3120 3648 3191 οἰκουμένην
3675 3121 3733 3174 ὲν
3763 3123 3969 3176 δικαιο-

735 3215 1010 3277 obtiuens,
1069 3227 1133 3266 ac
1183 3213 1401 3282 angelos
1446 3213 1867 3284 circumquaque
1917 3222 2154 3268 astantes
2199 3214 2296 3268 ha-

736 3307 888 3368 bens,
921 3304 973 3358 itt
998 3304 1208 3372 jnstitia
1235 3314 1503 3360 terrarum
1527 3305 1712 3360 orbem
1742 3304 2020 3374 judicabit.

810 3435 829 3470 ι
862 3417 925 3472 Et
975 3417 1224 3487 ptinceps
1249 3418 1590 3473 sacerdotum
1643 3420 1714 3473 ait
1742 3420 1813 3472 illi
1848 3437 1863 3472 :
1895 3420 2093 3488 Adjuro
2123 3428 2172 3473 te
2201 3435 2296 3483 per

734 3509 903 3566 Deum
935 3510 1138 3576 vivum,
1172 3520 1229 3564 ut
1263 3511 1410 3566 dicas
1434 3511 1610 3574 nobis,
1641 3512 1684 3564 si
1739 3521 1792 3563 tu
1835 3525 1895 3565 es
1929 3509 2175 3564 Christus
2205 3509 2294 3563 Fi-

734 3602 838 3655 lius
870 3601 964 3656 Dei
1003 3602 1132 3655 vivi.
1179 3601 1318 3656 Dicit
1371 3601 1443 3656 illi
1485 3601 1642 3658 Iesus
1673 3620 1686 3656 :
1713 3601 1790 3656 Tu
1835 3603 2051 3669 dixisti;
2079 3617 2298 3656 verum-

735 3703 913 3748 tamen
941 3693 1063 3748 dico
1113 3693 1283 3753 vobis.
1314 3693 1507 3746 amodo
1535 3692 1785 3748 videbitis
1817 3691 2009 3747 Filium
2063 3691 2294 3747 hominis

732 3785 1003 3839 sedentem
1040 3799 1070 3837 a
1103 3785 1309 3838 dextris
1358 3783 1576 3836 virtutis
1620 3783 1735 3847 Dei,
1790 3794 1844 3838 et
1903 3783 2203 3838 venientem
2237 3785 2290 3836 in

733 3874 961 3929 nubibus
993 3873 1114 3928 coeli
1143 3875 1184 3927 '.
1216 3891 1242 3924 ι
1277 3873 1552 3938 Quomodo
1583 3872 1748 3928 Filius
1788 3871 2294 3929 hominisadextris

728 3965 948 4020 virtutis
998 3964 1088 4020 Dei
1143 3964 1330 4020 sedet?
1371 3963 1594 4018 Planum
1659 3975 1742 4020 est
1785 3963 1878 4018 Dei
1929 3966 2159 4019 Verbum
2219 3967 2292 4020 ita

729 4055 929 4111 factum
961 4071 1081 4112 esse
1127 4056 1362 4112 hominis
1419 4055 1636 4118 Filium,
1669 4063 1727 4108 nt
1772 4065 1950 4109 tamen
1991 4056 2129 4111 Deus
2173 4071 2292 4111 esse

736 4161 840 4200 non
898 4146 1118 4202 desierit
1151 4165 1166 4201 :
1199 4146 1397 4200 mansit
1439 4145 1585 4199 enim
1619 4145 1761 4213 quod
1798 4155 1937 4200 erat.
1965 4145 2077 4200 [lac
2130 4148 2292 4215 igitur

739 4239 941 4291 ratione
962 4237 1236 4306 generanti
1274 4236 1491 4300 assidet,
1520 4247 1574 4289 et
1607 4237 1658 4288 iu
1699 4235 2003 4290 divinitatis
2034 4237 2204 4305 gloria
2238 4247 2292 4291 et

726 4323 1017 4391 majestate
1041 4325 1397 4392 conspicuum
1431 4325 1694 4387 cernitur,
1725 4323 1891 4378 etiam
1917 4325 1962 4379 si
1991 4323 2191 4380 factum
2223 4328 2291 4382 sit

723 4427 874 4468 caro.

797 4543 816 4575 α
855 4521 1015 4580 Jesus
1034 4531 1210 4576 autem
1241 4517 1479 4575 clamans
1513 4537 1644 4578 voce
1697 4539 1910 4594 magna,
1943 4526 2122 4580 emisit
2166 4525 2279 4594 spi-

723 4618 907 4670 ritum.
942 4616 1006 4669 Et
1032 4628 1160 4668 ecce
1195 4613 1372 4666 velum
1429 4616 1608 4682 templi
1655 4617 1884 4670 scissum
1931 4627 2010 4672 est
2063 4619 2113 4672 in
2151 4619 2284 4672 duas

721 4717 922 4775 partes,
947 4721 976 4758 a
1000 4718 1214 4759 summo
1244 4717 1412 4771 usque
1442 4704 1723 4769 deorsum;
1747 4715 1800 4758 et
1833 4715 1976 4760 terra
2002 4717 2144 4760 mota
2177 4717 2281 4768 est.

719 4803 775 4847 et
804 4803 969 4862 petra:
999 4794 1186 4847 scissa:
1219 4801 1382 4856 sunt;
1410 4800 1463 4845 et
1493 4803 1835 4846 monumenta
1895 4804 2077 4861 aperta
2133 4805 2281 4857 sunt,

720 4892 776 4936 et
810 4883 973 4936 multa
1013 4897 1240 4952 corpora
1293 4892 1602 4937 sanctorum
1636 4883 1726 4951 qni
1776 4883 2130 4947 dortnierant,
2158 4900 2281 4938 sur-

721 4980 976 5023 rexerunt
1005 4972 1069 5025 ¹⁶.
1106 4991 1124 5024 ι
1153 4969 1267 5043 84
1288 4971 1341 5026 Si
1365 4971 1615 5029 Christus
1641 4973 1942 5027 communis
1962 4982 2078 5027 erat
2104 4973 2282 5037 homo,

719 5076 819 5117 cur
868 5060 960 5114 illo
1017 5064 1252 5116 animam
1307 5064 1640 5132 exspirante,
1695 5063 1747 5118 in
1807 5063 1939 5132 ipsis
1999 5063 2284 5119 elementis

720 5161 868 5207 tanta
898 5151 1096 5205 accidit
1117 5156 1492 5210 conturbatio?
1516 5155 1605 5210 Sol
1626 5156 1794 5219 enim,
1817 5157 2069 5212 retractis
2094 5155 2280 5219 radiis,

715 5243 820 5299 diei
853 5241 1106 5296 tenebras
1131 5241 1318 5296 oﬂudit
1354 5261 1368 5296 :
1408 5256 1546 5300 terra
1570 5249 1635 5301 ad
1671 5249 1783 5302 htec
1815 5247 2098 5303 Dominum
2121 5263 2274 5303 suum

711 5337 1019 5392 Judaaorum
1052 5333 1393 5388 contumeliis
1438 5337 1807 5406 indignissime
1851 5339 2103 5395 allectum
2148 5355 2273 5393 con-

710 5428 941 5496 spicata,
974 5424 1218 5494 disrupta
1251 5433 1365 5486 est;
1397 5433 1450 5477 et
1481 5425 1596 5492 ipse
1629 5430 1843 5484 tandem
1878 5430 2120 5483 infernus
2143 5444 2273 5483 san-

709 5528 916 5571 ctorum
972 5517 1184 5570 animas
1237 5514 1458 5570 dimisit.
1493 5513 1554 5567 Et
1588 5516 1869 5572 cuiusnam
1919 5531 2050 5575 nutu
2085 5520 2266 5574 omnia

784 5717 802 5747 ³
833 5713 1020 5772 Matth.
1052 5734 1160 5781 xxi,
1191 5717 1242 5770 θ.
1321 5717 1340 5747 ⁸
1373 5715 1499 5769 ibid.
1539 5715 1622 5776 13$,
1662 5715 1745 5768 l6.
1825 5719 1843 5748 ‘
1879 5719 2014 5773 Psal.
2054 5736 2171 5785 vm,
2201 5720 2234 5771 ‘2
2271 5721 2298 5773 ι1

2401 5721 2418 5752 ⁷
2456 5717 2641 5772 Matth.
2679 5730 2801 5778 xxv,
2836 5713 2920 5766 5i.

737 5788 824 5848 65.
861 5785 947 5841 64.
1027 5789 1068 5818 ¹⁵
1105 5787 1287 5842 Matth.
1326 5801 1495 5845 xxv".
1529 5785 1715 5839 50-52.

2400 3209 2553 3280 σύνῃ.

2473 3427 2490 3460 t
2524 3409 2632 3462 Kal.
2651 3410 2678 3462 6
2700 3410 3006 3481 ἀρχιερεὺς,
3034 3410 3218 3480 φησὶν,
3245 3405 3396 3464 εἶπεν
3420 3411 3566 3480 αὑτῷ
3586 3429 3598 3442 ·
3636 3411 3885 3482 Ὁρκίζω
3913 3433 3967 3467 σε

2397 3501 2536 3555 κατὰ
2565 3501 2657 3555 τοῦ
2695 3502 2827 3555 Θεοῦ
2852 3501 2946 3556 τοῦ
2989 3500 3206 3566 ζῶντος,
3241 3501 3326 3556 ἵνα
3356 3503 3486 3571 ἡμῖν
3519 3503 3700 3572 εἴπης,
3738 3507 3790 3555 εἰ
3825 3506 3888 3557 σὺ
3919 3501 3966 3555 εἷ

2395 3592 2422 3643 6
2455 3591 2684 3661 Χριστὸς
2703 3593 2730 3644 6
2763 3591 2897 3653 Υίδς·
2924 3591 3016 3643 τοῦ
3039 3591 3174 3644 Θεοῦ
3210 3591 3303 3644 τοῦ
3334 3591 3556 3654 ζῶντος.
3580 3592 3750 3657 Λέγει
3782 3594 3932 3663 αὐτῷ
3955 3612 3967 3623 ·

2396 3683 2466 3734 Σὺ
2506 3677 2686 3744 εἶπας·
2720 3682 2868 3752 Πλὴν
2895 3683 3036 3750 λέγω
3076 3685 3224 3753 ὑμῖν,
3254 3683 3456 3752 ἀπάρτι
3492 3667 3688 3753 ὕφεσθε
3718 3686 3818 3738 τὸν
3846 3688 3971 3739 Υἱὸν

2394 3771 2486 3824 τοῦ
2522 3771 2809 3841 ἀνθρώπου
2840 3771 3143 3842 καθήμενον
3190 3775 3254 3826 ὲκ
3283 3772 3468 3837 δεξιῶν
3516 3775 3612 3842 τῆς
3655 3774 3964 3843 δυνάμεως.

2396 3863 2488 3916 καὶ
2514 3861 2809 3932 ἐρχόμενον
2851 3863 2943 3915 ἐπὶ
2975 3863 3083 3916 τῶν
3109 3863 3343 3930 νεφελῶν
3371 3863 3464 3916 τοῦ
3493 3863 3752 3934 οὐρανοῦ.
3795 3886 3812 3914 ι
3850 3867 3968 3927 Πῶς

2393 3957 2420 4008 6
2446 3955 2572 4019 Υίὺς
2597 3954 2691 4007 τοῦ
2724 3954 3009 4026 ἀνθρώπου
3041 3955 3272 4024 κάθηται
3327 3957 3390 4009 ὲκ
3431 3957 3619 4022 δεξιῶν
3665 3958 3770 4026 τῆς
3814 3959 3968 4011 δυνά-

2399 4064 2570 4118 μεως;
2623 4046 2759 4098 Ἀλλ’
2791 4047 2903 4100 ἐστι
2933 4046 3115 4115 δῆλον,
3143 4047 3223 4099 ὅτι
3256 4047 3356 4100 κᾶν
3386 4049 3433 4100 εξ
3463 4048 3683 4116 γέγονεν
3716 4048 3850 4112 Υἱὸς
3876 4051 3965 4102 τοῦ

2393 4137 2678 4210 ἀνθρώπου
2731 4141 2759 4191 6
2806 4140 2869 4190 ὲκ
2911 4137 3045 4191 Θεοῦ
3084 4138 3276 4206 Λόγος,
3303 4139 3362 4193 οὐ
3396 4139 3669 4191 πέπαυται
3696 4139 3801 4193 τοῦ
3833 4139 3966 4193 εἶναι

2392 4232 2543 4295 Θεὸς,
2589 4231 2702 4285 ἀλλ’
2735 4230 2882 4284 ἐστιν
2923 4231 2951 4284 δ
2996 4227 3094 4302 ἦν·
3123 4231 3376 4302 ταύτῃτοι
3405 4233 3498 4284 καὶ
3541 4232 3860 4302 συνεδρεύει
3893 4234 3966 4299 τῷ

2392 4322 2641 4389 φύσαντι,
2670 4321 2762 4372 καὶ
2787 4321 2843 4371 ὲν
2870 4322 2984 4382 τοῖς
3012 4320 3110 4391 τῆς
3140 4320 3387 4390 θεότητος
3417 4321 3720 4390 ἀξιώμασιν
3757 4324 3962 4392 ἐμπρέ-

2394 4429 2509 4463 πων
2537 4413 2749 4481 όρᾶται.
2779 4411 2880 4463 κᾶν
2906 4411 2954 4462 εί
2978 4411 3166 4477 γέγονε
3202 4412 3356 4480 σάρξ.

2471 4539 2488 4570 ι
2513 4520 2569 4572 '0
2607 4520 2663 4571 δὲ
2700 4519 2905 4587 Ἰησοῦς
2958 4520 3165 4589 κράξας
3212 4523 3361 4588 φωνῇ
3412 4531 3641 4590 μεγαΑῃ,
3675 4523 3860 4590 ἀφῆκε
3907 4525 3962 4574 τὸ

2393 4610 2633 4679 πνεῦμα.
2665 4609 2774 4662 Kal.
2816 4608 2921 4660 ἰδοὺ
2973 4610 3034 4661 τὸ
3085 4609 3481 4678 καταπέτασμα
3528 4610 3620 4662 τοῦ
3651 4613 3785 4665 ναοῦ
3815 4615 3958 4682 taxa.

2394 4701 2491 4770 σθη
2529 4703 2608 4763 εἰς
2651 4700 2764 4763 δύο,
2797 4699 3004 4755 ἄνωθεν
3050 4701 3155 4766 ἕως
3201 4703 3378 4756 κάτω·
3407 4703 3498 4755 καὶ
3536 4705 3566 4770 ἡ
3608 4705 3677 4772 γῆ
3709 4708 3956 4773 ἐσείσθη,

2394 4792 2484 4843 καί
2513 4793 2567 4842 al
2597 4792 2792 4863 πέτραι
2827 4791 3170 4862 ἐσχίσθησαν.
3207 4796 3300 4846 καὶ
3325 4793 3391 4846 τὰ
3424 4798 3664 4864 μνημεῖα
3685 4797 3960 4864 ἀνεῴχθη-

2393 4900 2509 4945 aav,
2559 4884 2652 4937 καὶ
2699 4884 2866 4938 πολλὰ
2909 4883 3137 4955 σώματα
3185 4885 3292 4938 τῶν
3323 4885 3742 4953 κεκοιμημένων
3787 4887 3958 4949 ἁγίων

2384 4973 2703 5043 ἀνέστησαν.
2733 4995 2750 5027 ›
2787 4977 2846 5030 El
2873 4975 3049 5038 κοινὸς
3076 4974 3355 5043 ἄνθρωπος
3384 4971 3450 5042 ἦν
3477 4976 3503 5024 6
3532 4973 3794 5041 Χριστός,
3817 4974 3957 5034 2:56;.

2381 5063 2671 5127 τεθνεῶτος
2703 5065 2888 5126 αὑτοῦ,
2917 5063 3171 5125 τοσοῦτος
3215 5058 3282 5131 ἦν
3334 5063 3391 5113 ὲν
3443 5063 3553 5123 τοῖς
3609 5065 3902 5132 στοιχείοις
3933 5070 3970 5117 ἁ

2381 5156 2634 5226 Θόρυδος;
2677 5158 2735 5210 '0
2763 5158 2859 5226 μὲν
2892 5157 3001 5226 γὰρ
3045 5155 3194 5221 ἥλιος
3234 5152 3330 5222 τὴν
3371 5154 3564 5207 ἀκτῖνα
3617 5158 3958 5219 συνέστειὶε,

2381 5251 2471 5301 καὶ
2500 5249 2557 5299 ὲν
2591 5250 2772 5319 ἡμέρᾳ
2803 5247 2989 5308 σκότος
3023 5244 3349 5314 εἰργάσατο·
3387 5245 3418 5312 ἡ
3447 5243 3503 5296 δὲ
3535 5244 3603 5313 γῆ
3635 5245 3729 5298 τὸν
3755 5250 3958 5316 ἑαυτῆς

2385 5340 2658 5408 Δεσπότην
2684 5338 2865 5409 δρῶσα
2889 5335 2992 5388 ὑπὸ
3012 5335 3117 5386 τῶν
3144 5332 3406 5386 Ἰουδαίων
3422 5337 3959 5408 ἐμπαροινούμενον,

2383 5431 2658 5498 ἐσχίζετο·
2709 5430 2884 5498 ἀφῆκε
2912 5427 2966 5479 δὲ
3007 5429 3034 5479 ὁ
3074 5426 3207 5496 ᾅδης
3252 5426 3347 5487 τὰς
3395 5427 3503 5478 τῶν
3543 5430 3721 5496 ἁγίων
3752 5433 3958 5500 ψυχάς,

2382 5523 2536 5584 Τίνος
2561 5521 2731 5574 ταῦτα
2768 5518 3078 5583 ποιοῦντος;
3105 5514 3213 5588 ἆρα
3238 5519 3357 5589 οὐχὶ
3381 5519 3550 5586 Θεοῦ;
3589 5522 3726 5584 Θεὸς
3759 5525 3875 5592 γὰρ
3902 5522 3958 5593 ἦ.

3001 5716 3020 5744 ⁸
3060 5712 3173 5770 Jac.
3211 5731 3279 5783 tv,
3328 5715 3416 5771 14.
3513 5720 3531 5748 ⁹
3566 5719 3762 5774 Matth.
3809 5737 3955 5776 xui.
