4086 6510
144 427 272 484 1269

1211 429 1299 484 DE
1340 428 1569 487 RECTA
1611 432 1766 488 FIDE
1807 428 1894 484 AD
1935 426 2261 484 HECINAS.

3209 421 3344 476 1‘170

140 545 198 598 ἑν
223 542 396 612 σαρκὶ,
425 535 469 609 ᾧ
502 542 593 596 καὶ
631 543 670 613 ἡ
707 545 888 610 κτίσις
929 546 1276 620 ὑϐριζομένῳ
1317 548 1514 617 τρόπον
1564 550 1684 603 τινὰ

1787 546 1900 599 haec
1931 545 2164 598 ﬁebant?
2193 555 2368 597 nnmte
2403 538 2533 592 Dei?
2567 538 2711 594 Deus
2744 538 2884 592 enim
2916 548 3029 592 erat
3062 537 3114 592 in
3159 554 3342 602 carne,

142 632 508 702 συνωργίζετο.

337 915 428 970 Ἐκ
470 917 575 971 τοῦ
613 919 760 974 κατὰ
800 921 1077 992 Ἰωάννην
1114 925 1493 992 Εὐαγγελιόυ.

208 1043 226 1075 ι
257 1026 420 1090 Αὐτὸς
445 1027 502 1081 δὲ
532 1031 561 1083 ό
597 1031 801 1102 Ἰησοῦς
829 1034 928 1086 οὑκ
963 1035 1243 1089 ἐπίστευεν
1284 1032 1445 1086 αὑτὸν
1478 1037 1681 1101 αὐτοῖς,

137 1116 218 1169 διὰ
259 1119 317 1170 τδ
361 1119 520 1173 αὑτὸν
552 1125 840 1191 γινώσκειν
885 1125 1059 1179 πάντα
1083 1143 1095 1156 ·
1127 1126 1222 1181 καὶ
1270 1125 1351 1178 ὅτι
1401 1127 1459 1178 οὑ
1499 1128 1685 1198 χρείαν

138 1202 296 1279 εἶχεν,
323 1210 407 1264 ἵνα
433 1228 518 1276 τις
544 1214 866 1286 μαρτυρήσῄ
899 1219 1026 1286 περὶ
1055 1217 1149 1271 τοῦ
1181 1214 1469 1288 ἀνθρώπου
1488 1235 1500 1248 ο
1524 1221 1684 1284 αὑτὸς

135 1301 239 1368 γὰρ
272 1301 556 1369 ἐγίνωσκε,
581 1305 634 1357 τί
665 1301 733 1376 ἦν
765 1307 823 1358 ὲν
862 1304 940 1375 τῷ
980 1307 1264 1379 ἀνθρώπῳ.
1307 1327 1324 1359 ι
1371 1309 1505 1378 Περὶ
1551 1311 1682 1366 Θεοῦ

134 1391 453 1461 γέγραπται,
479 1397 561 1449 ὅτι
608 1415 627 1448 ι
649 1395 706 1449 '0
734 1395 940 1459 πλάσας
970 1400 1280 1470 καταμόνας
1307 1400 1418 1464 έτὰς
1464 1402 1685 1474 καρδίας

132 1482 320 1538 αὐτῶν.
351 1503 370 1537 ι
426 1487 533 1539 Καὶ
583 1486 743 1549 αὑτὸς
791 1486 848 1540 δέ
886 1487 988 1540 πού
1039 1506 1193 1561 φησι·
1254 1511 1271 1541 ι
1301 1488 1391 1560 Μὴ
1429 1492 1683 1562 ἀπ’ὲμοῦ

132 1574 458 1643 κρυϐήσεταί
503 1591 589 1638 τις
627 1593 647 1627 ι
696 1576 760 1630 Εἰ
808 1576 865 1630 δὲ
909 1577 1087 1633 πάντα
1118 1580 1347 1652 Χριστὸς
1376 1581 1683 1648 ἐπίσταται,

129 1664 215 1713 καὶ
244 1661 350 1717 οἶδε
379 1665 448 1718 τὰ
480 1665 573 1718 τοῦ
610 1665 920 1738 ἀνθρώπου,
949 1670 1067 1735 πῶς
1095 1673 1197 1726 οὑκ
1224 1672 1288 1726 ἂν
1318 1671 1403 1742 εἴη
1432 1672 1584 1740 Θεὸς,
1609 1675 1684 1740 ὡς

128 1752 368 1822 καρδίας
396 1753 612 1816 ἐτάζων
643 1758 741 1812 καὶ
768 1761 1060 1828 νεφρούς;

191 1944 209 1977 ι
233 1907 422 1996 Ὑμεῖς
463 1933 817 2000 προσκυνεῖτε
864 1929 893 1983 ὃ
941 1931 1041 1986 οὑκ
1085 1933 1282 1997 οῐδατε,
1313 1935 1472 2004 ἡμεῖς
1509 1954 1678 2001 προσ-
1715 1921 1756 1976 Β

122 2016 388 2087 κυνοῦμεν
417 2019 445 2072 ὃ
473 2021 695 2092 οἴδαμεν
714 2038 728 2052 ο
756 2021 836 2074 ὅτι
863 2022 897 2091 ἡ
926 2024 1168 2094 σωτηρία
1197 2027 1258 2077 ὲκ
1283 2023 1388 2076 τῶν
1413 2023 1680 2081 Ἰουδαίων

120 2106 284 2162 ἐστίν.
315 2128 333 2162 ι
355 2110 618 2176 Ἀκούεις,
648 2111 730 2164 ὅτι
759 2111 856 2181 τὴν
887 2114 1155 2184 σωτηρίαν
1187 2117 1248 2167 ἐκ
1278 2114 1384 2168 τῶν
1417 2115 1681 2172 Ἰουδαίων

118 2192 254 2250 εἰναί
297 2218 471 2273 φησις
526 2200 716 2255 Καίτοι
769 2202 993 2272 Σωτῆρα
1044 2205 1175 2258 Θεὸν
1219 2206 1676 2278 ὲπεγραψὰμεθαο

119 2288 321 2342 σέσωκε
365 2291 474 2360 γὰρ
523 2291 671 2360 ἡμᾶς
716 2290 775 2343 οὑ
823 2293 1083 2363 πρέσϐυς,
1124 2296 1224 2348 οὑκ
1265 2294 1511 2363 ἄγγελος,
1555 2298 1682 2351 ἀλλ’

114 2377 274 2441 αὐτὸς
310 2379 338 2429 ό
369 2379 590 2450 Κύριος,
627 2383 766 2436 κατὰ
810 2383 907 2446 τὰς
956 2384 1529 2456 Γραφάς.Ὦνόμασται
1573 2389 1680 2460 γὰρ

116 2467 347 2536 Χριστὸς
394 2468 634 2543 Ἰησοῦς,
687 2471 922 2542 γεγονὼς
968 2475 1026 2540 ἐξ
1079 2476 1340 2530 Ἰουδαίων
1385 2477 1524 2530 κατὰ
1583 2482 1681 2551 τὴν

116 2556 311 2624 σάρκα.
331 2560 534 2629 Ἰησοῦς
570 2578 633 2628 γε
667 2562 771 2631 μὴν
815 2561 1170 2631 ἑρμηνεύεται
1201 2563 1481 2632 σωτηρία.
1511 2565 1681 2629 Αύτὸς

112 2644 206 2701 οὖν
231 2649 338 2719 ἄρα
365 2651 513 2704 ἐστὶν
543 2653 574 2723 ὴ
598 2652 660 2706 ὲκ
687 2653 795 2705 τῶν
831 2652 1094 2706 Ἰουδαίων
1126 2655 1556 2726 σωτηρία.⁸Ὠστε
1579 2656 1680 2710 κᾶν

114 2739 164 2790 εἰ
212 2739 402 2807 γέγονε
451 2741 586 2813 σὰρξ
622 2742 657 2795 ’ό
699 2742 888 2811 Λόγος,
920 2743 1012 2795 καὶ
1043 2743 1335 2798 ἐπελάϐετο
1368 2743 1681 2815 σπέρματος

126 2829 397 2902 Ἀϐραὰμ,
431 2830 563 2897 Θεός
589 2834 705 2887 ἐστι
736 2833 828 2887 καὶ
862 2832 998 2903 μετὰ
1028 2835 1248 2904 σαρκός.

191 3117 210 3150 ι
233 3098 426 3170 Ἀμὴν,
461 3098 604 3172 ἀμὴν
629 3101 771 3172 λέγω
800 3101 948 3173 ὑμῖν,
996 3105 1024 3157 ό
1058 3104 1326 3158 πιστεύων
1353 3107 1431 3167 εἰς
1461 3105 1579 3174 ἐμὲ,
1611 3105 1678 3158 τὰ

110 3187 252 3258 ἔργα
303 3189 339 3243 ἃ
389 3189 500 3259 ἐγὼ
557 3193 716 3259 ποιῶ,
744 3195 991 3257 κάκεῖνος
1039 3196 1275 3265 ποιήσει,
1313 3195 1409 3248 καὶ⁵
1456 3195 1679 3263 μείζονα

109 3281 321 3335 τούτων
375 3284 625 3353 ποιήσει·
682 3285 762 3339 ὅτι
812 3283 922 3354 ἐγὼ
971 3285 1108 3356 πρὸς
1167 3287 1257 3340 τὸν
1304 3286 1517 3357 Πατέρα
1577 3305 1678 3368 μου
1709 3267 1754 3334 C

110 3373 436 3446 πορεύομαι.
463 3376 573 3428 Καὶ
593 3377 620 3428 ὃ
645 3393 698 3429 τι
733 3377 798 3430 ἂν
831 3377 1089 3447 αἰτήσητε
1123 3379 1181 3432 ἐν
1205 3379 1282 3448 τῷ
1308 3379 1525 3448 ὀνόματί
1553 3397 1674 3448 μου,

105 3465 268 3518 τοῦτο
295 3466 523 3538 ποιήσω.
556 3486 573 3518 ι
605 3467 918 3538 Πορεύεται,
942 3471 1093 3538 φησὶ,
1126 3471 1259 3541 πρὸς
1278 3469 1368 3536 τὸν
1395 3471 1610 3542 Πατέρα
1631 3475 1675 3538 ε,

107 3557 284 3610 καίτοι
340 3557 499 3624 φύσει
549 3559 680 3624 Θεὸς
714 3560 970 3631 ὑπάρχων
996 3562 1023 3612 ὁ
1060 3561 1203 3626 Υἰὸς,
1231 3563 1321 3615 καὶ
1355 3562 1514 3626 αὑτὸς
1544 3563 1617 3616 ὢν
1650 3567 1677 3618 ό

105 3649 289 3701 πάντα
325 3648 563 3720 πληρῶν.
603 3651 893 3719 Πορεύεται
926 3655 1032 3724 γὰρ
1067 3654 1454 3724 ἀνθρωπίνως·
1487 3656 1677 3726 ἀνελή-

103 3740 216 3810 φθη
254 3740 364 3811 γὰρ
392 3743 471 3806 εἰς
495 3741 586 3796 τὸν
611 3743 854 3813 οὐρανόν.
874 3743 1011 3797 Ἀλλ’
1033 3745 1107 3808 ὡς
1133 3745 1263 3807 Θεὸς
1289 3747 1676 3815 ἐπαγγέλλεται

102 3831 352 3903 πληροῦν
384 3832 453 3885 τὰ
481 3834 756 3904 αἰτήματα
803 3834 910 3889 τῶν
943 3838 1409 3907 προσευχομένων,
1439 3841 1486 3891 εἰ
1515 3840 1573 3892 ἐν
1602 3841 1679 3911 τῷ

98 3926 337 3996 ὀνόματι
370 3927 534 3980 αὑτοῦ
565 3931 797 3980 ποιοῖντο
828 3929 924 3992 τὰς
952 3927 1120 3992 λιτάς.
1157 3926 1290 3982 Εἶτα
1326 3933 1432 3990 τίνι
1460 3932 1525 3985 ἂν
1546 3933 1679 4004 πρέ-

99 4031 196 4067 ποι
236 4013 436 4084 μᾶλλον
465 4017 526 4069 τὸ
559 4017 799 4089 πληροῦν
837 4019 1000 4090 εὐχὰς
1038 4021 1228 4090 ἁγίων,
1250 4023 1343 4076 καὶ
1363 4022 1676 4094 χαρίζεσθαι

96 4106 170 4158 τὰ
218 4108 521 4180 αἰτήματα,
557 4108 696 4177 πλὴν
745 4110 826 4164 ὅτι
877 4112 1022 4181 μόνῳ
1068 4112 1146 4178 τῷ
1191 4113 1329 4167 κατὰ
1381 4115 1540 4182 φύσιν
1583 4116 1688 4168 καὶ

97 4199 329 4270 ἀληθῶς
354 4199 466 4252 όντι
504 4199 625 4271 Θεῷ
647 4218 659 4253 :

177 4311 196 4342 ι
234 4291 347 4360 Οὑχ
378 4292 534 4361 ὑμεῖς
571 4310 637 4361 με
681 4292 1011 4358 ἐξελέξασθε,
1051 4296 1165 4348 ἀλλ’
1194 4297 1304 4365 ἐγὼ
1349 4295 1677 4368 ἐξελεξάμην

93 4383 252 4452 ὑμᾶς
281 4382 374 4435 καὶ
406 4382 578 4453 ἔθηκα
609 4384 772 4454 ὑμᾶς,
803 4386 886 4438 ἵνα
917 4387 1072 4456 ὑμεῖς
1101 4387 1368 4458 ὑπάγητε,
1402 4389 1494 4440 καὶ
1542 4405 1677 4457 καρο

98 4474 207 4526 πὸν
243 4473 468 4543 φέρητε,
508 4475 599 4528 καὶ
627 4476 655 4526 ὁ
686 4477 893 4546 καρπὸς
928 4477 1082 4546 ὑμῶν
1124 4478 1310 4550 μείνῃ·
1347 4480 1431 4531 ἵνα
1465 4481 1492 4531 ὅ
1528 4495 1577 4530 τι
1610 4477 1676 4530 ἂν

1786 651 1892 705 quo
1925 645 2030 688 tam
2079 634 2463 691 contumeliose
2523 641 2778 695 tractato,
2806 631 2923 699 ipsa
2955 645 3168 700 quoque
3194 645 3340 684 crea-

1789 737 1910 779 tura
1961 725 2353 794 quodammodo
2419 724 2495 775 ira
2554 734 2606 776 et
2662 722 3026 791 indignatione
3081 721 3343 776 effereba-

1788 829 1838 870 tu
1848 832 1892 869 Γ.

2056 923 2138 977 Ex
2172 921 2450 990 Evangelia
2479 925 2757 976 secundum
2784 921 3059 975 Joannem.

1860 1051 1878 1085 ι
1907 1033 2063 1092 Jesus
2110 1046 2286 1092 autem
2314 1049 2416 1088 non
2457 1036 2715 1090 credebat
2758 1035 3105 1104 semetipsum
3150 1036 3250 1100 eis,
3284 1051 3347 1089 eo

1783 1126 1924 1195 quod
1973 1126 2085 1196 ipse
2120 1137 2304 1182 nosset
2334 1141 2542 1189 omnes,
2580 1135 2628 1180 et
2683 1127 2807 1197 quia
2838 1142 2971 1197 opus
3016 1127 3064 1180 ei
3097 1143 3200 1180 non
3232 1139 3347 1182 erat

1786 1226 1841 1270 ut
1885 1216 2006 1286 quis
2068 1218 2432 1274 testimonium
2489 1218 2800 1284 perhiberet
2851 1219 2914 1273 de
2962 1218 3197 1272 homine.
3229 1219 3346 1286 Ipse

1783 1307 1926 1364 enim
1962 1310 2188 1377 sciebat,
2229 1308 2357 1378 quid
2407 1321 2552 1363 esset
2599 1311 2650 1363 in
2709 1310 2921 1363 homine
2956 1312 3021 1363 “.
3064 1329 3081 1361 ι
3123 1311 3195 1364 De
3241 1311 3348 1364 Den

1783 1395 2038 1467 scriptum
2100 1408 2328 1454 exstat:
2384 1416 2402 1449 ι
2465 1397 2564 1465 Qui
2635 1399 2788 1452 linxit
2836 1399 3112 1468 sigillatim
3183 1402 3345 1454 corda

1783 1500 1968 1541 eorum
2005 1489 2066 1542 ⁸⁸⁷.
2107 1509 2123 1542 ι
2160 1491 2225 1545 Et
2257 1489 2368 1558 ipse
2401 1489 2528 1542 alibi
2553 1489 2670 1543 ait:
2713 1507 2732 1540 ι
2764 1487 2878 1543 Non
2920 1488 3184 1543 celabitur
3210 1506 3238 1543 a
3263 1506 3346 1545 me

1783 1577 2001 1633 omnino
2055 1583 2343 1650 quidquam
2375 1578 2440 1632 ".
2512 1598 2529 1630 ι
2592 1580 2647 1635 Si
2702 1594 2829 1647 ergo
2865 1579 3112 1634 Christus
3167 1582 3347 1634 omnia

1784 1668 2050 1740 intelligit,
2073 1682 2126 1728 ct
2147 1672 2320 1728 omnia
2354 1683 2469 1738 qum
2488 1680 2611 1724 sunt
2637 1672 2687 1726 iu
2716 1670 2934 1726 homine
2963 1681 3151 1724 exacte
3179 1673 3346 1736 novit,

1785 1771 1966 1830 utpote
1986 1777 2226 1819 scrutans
2251 1779 2426 1818 eorum
2451 1764 2614 1815 corda
2654 1774 2701 1817 et
2749 1779 2915 1829 renes,
2945 1763 3211 1832 quomodo
3242 1778 3346 1817 non

1783 1863 1866 1909 est
1889 1851 2067 1910 Deus?

1864 1961 1882 1996 ι
1917 1942 2022 1999 Vos
2060 1946 2293 2000 adoratis
2323 1943 2466 2012 quod
2499 1941 2739 2004 nescitis,
2768 1957 2866 1996 nos
2896 1943 3182 1996 adoramus
3207 1942 3347 2010 quod

1787 2035 1990 2089 scimus
2027 2049 2042 2089 :
2080 2036 2333 2106 quoniam
2381 2033 2529 2089 salus
2565 2048 2628 2087 ex
2662 2030 2861 2087 Iudaeis
2917 2039 2999 2085 est
3029 2031 3095 2084 “.
3126 2051 3142 2081 ι
3179 2031 3350 2085 Audis

1785 2124 2010 2180 salutem
2068 2142 2130 2180 cx
2178 2125 2376 2179 Iudaeis
2429 2137 2548 2176 esse
2605 2121 3146 2189 asserentem.Atqui
3182 2120 3355 2174 [lcum

1787 2215 2120 2269 Salvatorem
2158 2217 2312 2270 nobis
2359 2213 2730 2281 ascripsimus,
2756 2215 2914 2281 eique
2945 2211 3158 2264 nomina
3195 2212 3348 2264 dedi-

1788 2319 1926 2360 mus.
1967 2303 2206 2359 Salvavit
2238 2306 2379 2360 enim
2408 2319 2505 2358 nos
2549 2318 2652 2357 non
2686 2303 2918 2372 legatus,
2947 2319 3052 2357 non
3103 2303 3346 2371 angelus,

1786 2394 1879 2450 sed
1943 2393 2203 2450 Dominus
2253 2396 2407 2464 ipse,
2475 2392 2768 2447 secundum
2820 2392 3128 2460 Scripturas
3169 2391 3210 2421 “
3284 2396 3350 2444 At

1786 2485 2029 2540 Christus
2079 2486 2168 2554 qui
2217 2485 2509 2540 secundum
2560 2497 2777 2536 carnem
2809 2497 2874 2536 ex
2930 2480 3130 2536 Judaeis
3191 2490 3348 2534 natus

1786 2589 1888 2646 est,
1921 2579 2043 2635 Jesu
2104 2594 2295 2634 nomen
2333 2577 2556 2633 sortitus
2601 2587 2700 2630 est.
2736 2575 2863 2630 Jesu
2905 2586 3082 2629 autem
3138 2589 3332 2628 nomen

1787 2665 2196 2733 interpretatum
2237 2665 2458 2719 salutent
2513 2671 2688 2717 sonat.
2716 2662 2831 2732 Ipse
2866 2663 3048 2732 itaque
3101 2662 3347 2716 Christus

1787 2763 1867 2809 est
1895 2751 2042 2807 salus
2076 2752 2185 2817 illa,
2229 2770 2348 2823 quae
2385 2767 2452 2806 ex
2492 2751 2689 2807 Iudaeis
2753 2753 2992 2822 profecta
3021 2763 3120 2808 est.
3149 2754 3348 2821 Quam-

1785 2846 1973 2899 obrem
2026 2842 2150 2897 licet
2211 2843 2444 2900 Verbum
2496 2859 2624 2898 caro
2689 2843 2887 2898 factum
2945 2845 3106 2910 sit,et
3163 2861 3344 2901 semen

1717 3004 1720 3005 ν
1786 2934 2014 2990 Abrahae
2082 2935 2531 3004 apprehenderit;
2593 2933 2735 2988 Deus
2809 2934 3154 2991 nihilominus
3224 2952 3350 2991 cum

1787 3035 2058 3095 assumpta
2091 3040 2253 3082 carne
2284 3025 2598 3097 permansit.

1870 3137 1887 3170 ι
1911 3117 2102 3183 Amen,
2128 3133 2281 3172 amen
2306 3118 2426 3173 dico
2455 3116 2624 3182 vobis,
2648 3116 2736 3186 qui
2768 3117 2937 3171 credit
2975 3117 3025 3171 in
3053 3133 3156 3182 me,
3181 3133 3345 3185 opera

1787 3225 1905 3280 quae
1973 3223 2072 3281 ego
2131 3208 2288 3274 facio,
2317 3219 2371 3264 et
2415 3209 2528 3277 ipse
2579 3207 2764 3273 faciet,
2798 3218 2850 3262 et
2899 3207 3099 3276 majora
3153 3210 3343 3263 horum

1784 3300 2117 3368 facietzquia
2144 3314 2242 3368 ego
2285 3299 2420 3353 vado
2465 3297 2532 3351 ad
2583 3296 2845 3352 Patrem:
2881 3306 2934 3351 et
2990 3295 3346 3365 quodcunque

1785 3391 2044 3462 petieritis
2082 3391 2133 3444 in
2162 3393 2377 3447 nomine
2423 3403 2564 3456 meo,
2601 3390 2702 3443 hoc
2763 3389 2955 3442 faciam
2991 3388 3054 3440 ".
3089 3407 3107 3439 ι
3134 3389 3211 3442 Ad
3238 3387 3342 3441 Pa—

1787 3495 1918 3538 trem
1949 3483 2192 3537 se‘abire
2231 3482 2531 3544 denuntiat,
2568 3495 2689 3535 cum
2740 3491 2917 3535 tamen
2971 3481 3109 3533 Deus
3153 3492 3345 3533 natura

1784 3574 1951 3628 Filius
1990 3574 2078 3637 sit,
2109 3573 2329 3641 ipseque
2375 3571 2550 3625 omnia
2598 3570 2836 3639 impleat.
2893 3570 3153 3624 Abscedit-
3200 3573 3341 3625 enirn

1784 3662 2080 3725 secundum
2146 3664 2435 3743 humanam
2491 3648 2765 3713 naturam;
2812 3658 2882 3712 At
2937 3673 3068 3711 vero
3113 3657 3238 3712 licet
3289 3670 3346 3711 ut

1783 3755 1943 3808 homo
1998 3753 2050 3807 in
2105 3752 2302 3806 cmlum
2348 3760 2654 3820 assumptus
2687 3750 2800 3814 sit,
2842 3757 2898 3803 ut
2959 3747 3099 3804 Deus
3165 3759 3343 3802 tamen

1781 3843 2076 3912 supplicum
2101 3851 2221 3897 vota
2242 3857 2299 3897 se
2321 3842 2626 3896 auditurum
2656 3841 2946 3911 promittit,
2977 3841 3018 3894 si
3047 3842 3097 3894 in
3125 3842 3338 3894 nomine

1783 3935 1926 3988 illius
1955 3933 2392 4002 supplicaverint.
2421 3930 2538 3985 Jam
2568 3931 2674 3993 cui.
2711 3945 2913 4001 quaeso,
2944 3932 3122 3985 verius
3145 3947 3342 3986 conve-

1782 4026 2194 4078 nitsanctorum
2231 4022 2514 4090 postulatis
2549 4021 2888 4086 satisfacere,
2907 4019 3016 4090 85
3049 4034 3346 4088 eorumque

1782 4115 1920 4168 votis
1949 4127 2011 4168 ac
2033 4112 2318 4168 desideriis
2351 4111 2698 4181 respondere,
2733 4126 2896 4181 quam
2925 4110 3024 4166 soli
3067 4125 3132 4166 ac
3165 4111 3346 4165 nativo

1781 4205 1888 4258 Deo
1902 4204 1922 4257 Ἰ

1859 4313 1878 4346 ι
1921 4293 2034 4349 Non
2066 4309 2161 4350 vos
2184 4309 2268 4350 me
2297 4294 2556 4365 elegistis,
2575 4294 2668 4349 sed
2691 4308 2790 4364 ego
2825 4293 2958 4366 elegi
2979 4303 3166 4358 vos,et
3193 4298 3342 4364 posui

1780 4402 1875 4442 vos
1901 4396 1959 4440 ut
1984 4388 2144 4450 eatis,
2192 4397 2245 4440 et
2298 4385 2531 4441 fructum
2559 4385 2816 4449 alleratis,
2843 4394 2898 4439 et
2925 4385 3130 4441 fructus
3163 4391 3343 4440 vester

1784 4487 2115 4541 maneat;ut
2168 4478 2525 4546 quodcunque
2579 4477 2842 4545 petieritis
2892 4475 3104 4530 Patrem
3149 4477 3201 4529 in
3247 4494 3342 4531 uo-

89 4561 369 4630 αἰτήσητε
418 4561 508 4613 τὸν
550 4562 767 4632 Πατέρα
808 4564 864 4616 ὲν
904 4563 981 4635 τῷ
1022 4565 1245 4635 ὀνόματί
1287 4583 1417 4634 μου,
1452 4565 1661 4636 δ;[σει]

1784 4570 1926 4623 mine
1965 4581 2102 4631 meo,
2141 4569 2231 4620 det
2257 4567 2406 4621 vobis
2437 4568 2502 4621 ".
2539 4586 2558 4616 ι
2597 4567 2669 4620 En
2725 4567 2839 4636 pari
2889 4580 2950 4621 se
2997 4581 3117 4620 cum
3153 4567 3260 4620 Deo
3291 4578 3345 4621 et

89 4653 253 4724 ὑμῖν.
287 4671 306 4703 ι
329 4652 458 4706 Ἰδοὺ
490 4654 763 4725 πανταχοῦ
800 4655 1071 4709 δείκνυσιν
1105 4658 1186 4710 ὅτι
1214 4657 1282 4710 τὰ
1310 4659 1399 4710 ἶσα
1443 4659 1558 4728 μετ’
1586 4658 1671 4723 ἐξ-

86 4747 291 4810 ουσίας
321 4747 533 4820 ἐνεργεῖ
564 4747 640 4817 τῷ
665 4747 1153 4818 Πατρίδ.”Εφασκε
1183 4749 1311 4818 γὰρ,
1341 4750 1421 4801 ὅτι
1455 4768 1471 4800 ι
1491 4749 1554 4800 Ὃ
1576 4749 1671 4800 ἐὰν

84 4841 364 4910 αἰτήσητε
389 4841 447 4892 ὲν
484 4839 560 4910 τῷ
585 4840 807 4909 ὀνόματί
838 4857 961 4909 μου,
989 4841 1194 4910 ποιήσω
1215 4857 1227 4870 ·
1260 4858 1278 4891 ι
1319 4840 1434 4892 νυνὶ
1474 4839 1530 4891 δέ
1565 4857 1670 4909 φη-

87 4949 179 4984 σιν
200 4946 214 4960 ⁸
263 4932 364 4984 «Ὅ
387 4947 440 4983 τι
473 4929 568 4983 ἐὰν
595 4933 854 5002 αἰτήσητε
884 4932 973 4984 τὸν
1005 4932 1222 5003 Πατέρα
1261 4933 1318 4985 ἐν
1347 4931 1421 5002 τῷ
1449 4933 1670 5001 ὀνόματί

87 5039 199 5094 μου
219 5064 234 5085 ,
263 5019 471 5092 Sept-cst]
502 5022 646 5091 ὑμῖν.
683 5040 703 5072 ι
723 5018 869 5092 Ἀρα
890 5018 983 5077 οὖν
1017 5023 1122 5094 ἰδίᾳ
1145 5023 1242 5094 μὲν
1270 5023 1481 5075 δίδωσιν
1506 5024 1533 5075 ὁ
1560 5024 1670 5075 Πα-

1779 4659 1939 4713 Patre
1989 4667 2254 4728 potestate
2285 4656 2504 4726 pollere,
2551 4657 2807 4725 pariaque
2857 4657 3032 4710 eidem
3083 4666 3348 4725 prazstare

1779 4765 1934 4821 posse
1952 4764 2218 4817 nusquam
2255 4764 2358 4802 nun
2386 4747 2645 4802 inculcat.
2670 4747 2888 4802 Dixerat
2914 4748 3054 4802 enim
3081 4765 3094 4801 :
3122 4765 3139 4799 ι
3161 4748 3340 4814 Quod-

1779 4855 1990 4912 cunque
2027 4839 2291 4909 petieritis
2322 4839 2377 4892 in
2429 4839 2646 4893 nomine
2701 4853 2842 4901 meo,
2874 4838 3064 4893 faciam
3093 4856 3105 4892 :
3139 4856 3159 4890 ›
3199 4854 3344 4892 nunc

1780 4943 1956 4987 autem
1993 4933 2105 4986 ait:
2144 4949 2162 4982 ι
2197 4931 2564 4999 Quodcunque
2591 4921 2857 5000 petieritis
2895 4929 3108 4984 Patrem
3153 4931 3205 4984 in
3242 4947 3341 4982 nn-

1777 5024 1922 5078 tnine
1951 5037 2088 5086 meo,
2119 5022 2267 5075 dabit
2301 5021 2450 5075 vobis
2477 5021 2541 5075 ¹⁸.
2579 5039 2598 5071 ι
2636 5018 2886 5089 Nunquid
2934 5035 3063 5088 ergo
3091 5035 3338 5074 seorsum

84 5117 200 5186 τὴρ
225 5114 352 5187 δίχα
375 5113 469 5167 τοῦ
502 5113 653 5178 Υἰοῦ,
678 5113 783 5185 ἰδίᾳ
813 5115 870 5168 δὲ
895 5117 988 5168 καὶ
1021 5115 1125 5168 ἀνὰ
1149 5115 1313 5185 μέρος
1336 5116 1363 5168 ό
1390 5113 1518 5177 Υἱὸς
1549 5113 1673 5184 δίχα.

1782 5115 1951 5183 aliqua
1973 5113 2260 5182 dilargitur
2292 5112 2448 5166 Pater
2490 5111 2696 5181 absque
2729 5109 2885 5174 Filio,
2913 5119 3004 5162 aut
3036 5108 3203 5164 Filius
3224 5127 3347 5164 run-

83 5206 188 5261 τοῦ
221 5205 467 5276 Πατρός;
494 5203 702 5261 Οὑκούν
728 5205 879 5276 παρὰ
907 5204 999 5258 δύο
1023 5205 1161 5258 θεῶν
1182 5208 1291 5268 τοῖς
1313 5207 1485 5273 ἁγίοις
1513 5205 1578 5257 τὰ
1608 5205 1666 5255 ἐν

1782 5219 1890 5260 sum
1959 5219 2203 5259 seorsum
2240 5202 2624 5273 sigillatimque
2686 5201 2996 5270 impertitur
3073 5203 3332 5259 nonnulla

84 5299 290 5369 εὐχαῖς
323 5297 632 5367 αἰτήματας
674 5297 814 5350 Ἀλλ’
846 5298 943 5368 οὑχ
989 5296 1160 5360 οὑτως
1195 5296 1307 5366 ἔχει
1348 5295 1556 5350 ταῦτα·
1594 5293 1668 5364 μὴ

1782 5294 1977 5362 absque
2009 5292 2188 5356 Patre,
2223 5291 2297 5345 ita
2329 5301 2439 5345 uta
2464 5291 2669 5345 duobus
2705 5291 2809 5345 diis
2841 5298 3182 5359 pnestcntur,
3211 5307 3328 5359 quae

166 5459 206 5488 ”
245 5455 403 5510 Joant
443 5469 502 5512 It.
531 5453 619 5516 24,
651 5453 742 5509 25.
821 5453 862 5484 "
885 5449 1028 5506 Psal.
1061 5465 1245 5513 xxxrv,
1277 5451 1363 5504 15.

84 5527 182 5593 12,
231 5527 321 5581 15.
402 5526 441 5557 ³⁷
477 5523 630 5580 Joan.
659 5539 748 5588 xv,
784 5522 869 5578 16.
951 5521 1185 5576 ηἰΟΟΓ.
1231 5536 1347 5582 vm,
1379 5521 1431 5572 (i.

1445 5450 1488 5480 ⁸³
1513 5447 1686 5502 Jcrettt

1789 5461 1894 5511 vn,
1929 5445 2012 5500 lO.
2088 5447 2129 5476 "°
2156 5443 2309 5510 Joan,
2340 5461 2411 5513 ιν,
2446 5445 2540 5504 92.
2579 5443 2619 5477 ⁸⁸
2653 5442 2756 5499 lsa.
2787 5459 2943 5507 thtt.
2977 5444 3029 5500 9.
3108 5443 3149 5478 ¹⁴
3171 5441 3328 5501 Joau.

1160 5677 1332 5730 Variae
1361 5673 1616 5730 lectiones
1647 5669 1846 5724 codicis
1877 5667 2236 5739 chuieriani.

168 5833 196 5871 ⁸
239 5829 326 5883 τιν’.
358 5823 688 5898 “eguissent
724 5840 852 5894 φησι
881 5839 937 5874 π.
966 5837 1013 5876 τ.
1045 5822 1110 5874 Π.
1187 5820 1214 5860 ιι
1249 5819 1321 5888 τῷ
1349 5817 1466 5888 Θεῷ
1498 5815 1587 5870 καὶ
1619 5813 1808 5885 Πατρί.
