4090 6518
747 394 874 448 1971

1729 409 1786 464 5.
1827 407 2097 464 (ῖῑειιιιιι
2135 410 2601 468 ΑιιΕχΑΝοιιιχι
2645 413 2960 470 ABCHIEP.

3857 409 3979 462 1272

739 508 911 600 sancti
940 508 1269 582 eﬂlagitant?
1299 516 1473 585 Absit,
1501 519 1676 575 absit:
1698 537 1837 576 unus
1865 522 2009 577 enim
2045 535 2128 580 est
2163 527 2293 582 Deus

2409 530 2618 597 γένοιτο
2640 549 2651 561 ·
2683 526 2762 595 εἷς
2797 529 2903 600 γὰρ
2936 528 3064 590 Θεὸς
3093 529 3121 580 6
3153 527 3358 598 Πατὴρ,
3392 528 3486 580 καὶ
3519 523 3604 590 εἷς
3637 527 3844 597 Κύριος
3884 525 3978 592 ’1η-

740 598 917 664 Pster,
969 612 1023 658 et
1083 619 1222 662 unus
1279 608 1406 665 item
1484 611 1743 668 Dominus
1802 611 1959 668 Jesus
2020 613 2302 674 Christus.

738 689 1021 748 Distribuit
1045 713 1276 769 namque
1301 700 1462 757 Pater
1487 703 1625 758 dona
1659 718 1754 773 per
1787 702 1984 760 Filium
2009 707 2063 762 in
2096 706 2302 781 Spiritu

737 790 960 852 sancto;
999 798 1367 845 verumtamen
1399 792 1687 862 postulatio
1718 794 1770 848 in
1811 795 2063 866 precibus
2117 799 2175 852 tit
2207 814 2304 869 per

737 870 919 929 Jesum
939 877 1233 932 Christum.
1257 879 1428 936 Porro
1455 881 1666 938 Domini
1694 882 1822 940 Jesu
1857 889 2078 944 nomine
2101 889 2304 959 accipi-

738 981 858 1020 mus
887 966 1306 1039 etdesignamus
1337 972 1569 1027 Verbum
1607 974 1877 1032 hominem
1912 976 2133 1034 factum.

814 1075 832 1108 ι
870 1057 924 1112 ln
954 1058 1042 1113 illo
1081 1061 1166 1117 die
1191 1078 1277 1118 me
1323 1078 1430 1117 non
1460 1064 1718 1134 rogabitis
1761 1069 2075 1140 quidquam.
2103 1069 2299 1136 Amen,

738 1164 893 1204 amen
908 1149 1030 1206 dico
1060 1154 1227 1217 vobis,
1257 1153 1303 1208 si
1338 1155 1463 1223 quid
1483 1157 1748 1226 petieritis
1770 1160 1981 1215 Patrem
2005 1162 2058 1214 in
2083 1162 2302 1216 nomine

737 1256 877 1306 meo,
908 1241 1056 1297 dabit
1107 1243 1281 1300 vobis.
1310 1244 1503 1313 Petite,
1534 1258 1590 1304 et
1623 1251 1922 1320 accipietis,
1948 1260 2007 1304 ut
2047 1251 2300 1321 gaudium

734 1344 973 1386 vestrum
1025 1334 1096 1388 sit
1138 1335 1354 1405 plenum
1376 1339 1440 1392 ".
1471 1358 1489 1390 ι
1527 1339 1654 1396 Hac
1697 1340 1944 1395 eamdem
1972 1341 2299 1398 sententiam

733 1439 854 1478 cum
901 1427 1270 1495 superioribus
1324 1429 1557 1496 habent,
1591 1431 1734 1486 sicut
1778 1431 1866 1486 illa
1919 1447 2154 1504 quoque,
2180 1449 2300 1505 qua:

734 1529 854 1568 mox
892 1527 1316 1587 consequuntur.
1342 1520 1432 1576 Ait
1467 1536 1738 1591 namque:
1779 1540 1799 1574 ι
1841 1523 1897 1579 In
1961 1525 2054 1579 illo
2106 1524 2218 1591 die,
2243 1525 2298 1580 in

734 1605 950 1660 nomine
969 1621 1088 1662 meo
1113 1610 1306 1677 petetis
1330 1627 1345 1664 :
1367 1620 1422 1665 et
1457 1625 1568 1666 non
1596 1611 1716 1667 dico
1737 1613 1892 1669 vobis
1934 1615 2058 1684 quia
2089 1628 2190 1686 ego
2212 1630 2297 1669 ro-

729 1699 866 1766 gabo
883 1698 1100 1755 Patrem
1130 1703 1196 1756 de
1224 1702 1414 1757 vobis:
1456 1703 1570 1774 ipse
1613 1705 1757 1759 enim
1799 1705 1962 1761 Pater
1986 1714 2132 1760 amat
2176 1721 2295 1772 vos,

729 1787 852 1855 quia
891 1803 988 1843 vos
1023 1804 1108 1845 me
1133 1790 1377 1859 amastis,
1403 1801 1460 1848 et
1479 1793 1783 1850 credidistis
1804 1795 1930 1867 quia
1963 1808 2063 1866 ego
2083 1810 2111 1850 a
2134 1793 2297 1851 Patre

729 1881 870 1933 exivi
901 1880 971 1935 ".
1000 1899 1019 1934 ι

805 1989 824 2022 ι
857 1969 980 2028 Haec
1022 1982 1103 2029 est
1135 1973 1245 2029 vita
1284 1985 1508 2045 aeterna,
1557 1989 1618 2033 ut
1653 1991 1988 2050 cognoscant
2030 1989 2080 2034 te
2121 1979 2296 2034 solum

729 2060 893 2117 Deum
923 2080 1130 2132 verum,
1163 2076 1218 2121 et
1261 2083 1421 2138 quem
1455 2067 1653 2124 misisti
1677 2067 1862 2125 lesum
1884 2069 2158 2125 Christum
2177 2071 2245 2125 ¹-¹.
2273 2090 2291 2122 ι

690 2232 695 2236 _
727 2155 784 2210 Si
810 2157 1137 2214 cum-solius
1177 2159 1401 2231 verique
1442 2161 1539 2216 Dei
1573 2163 1884 2232 cognitione
1922 2162 2047 2219 Jcsu
2090 2163 2296 2219 Christi

724 2247 1088 2317 cognitionem
1114 2250 1422 2307 necessario
1447 2253 1795 2323 coniunctam
1815 2253 2296 2324 consociatamque

721 2352 845 2392 esse
879 2351 1114 2408 oportet,
1143 2351 1194 2394 et
1249 2341 1353 2399 hoc
1393 2343 1569 2412 ipsum
1623 2352 1880 2399 mternam
1911 2345 2075 2398 vitam
2113 2346 2296 2400 conci-

724 2429 857 2483 liat:
893 2431 980 2483 cui
1036 2431 1329 2486 obscurum
1386 2447 1508 2489 esse
1547 2444 1749 2504 potest,
1781 2431 2057 2488 Christum
2109 2449 2294 2490 verum

722 2535 841 2575 esse
888 2519 1096 2575 Deum?
1127 2518 1367 2577 Verbum
1420 2537 1555 2580 sane
1605 2538 1734 2580 caro
1797 2523 2000 2580 factum
2047 2533 2158 2592 est,
2199 2527 2295 2581 sed

723 2610 921 2666 mansit
948 2612 1161 2668 interim
1197 2611 1452 2670 Verbum.

797 2720 815 2753 ι
859 2700 927 2758 Ut
973 2705 1158 2760 credat
1199 2706 1431 2762 mundus
1471 2707 1599 2776 quia
1626 2717 1680 2761 tu
1725 2723 1810 2762 me
1848 2709 2064 2766 misisti.
2098 2708 2159 2763 Et
2192 2723 2294 2777 ego

720 2794 1022 2850 claritatem
1079 2811 1239 2864 quam
1281 2796 1476 2852 dedisti
1532 2798 1688 2862 mihi,
1733 2798 1853 2854 dedi
1907 2801 2028 2865 eis,
2069 2807 2129 2853 ul.
2183 2801 2292 2858 sint

720 2899 909 2950 unum,
935 2885 1074 2940 sicut
1113 2895 1167 2940 et
1210 2900 1309 2941 nos
1342 2901 1509 2940 unum
1553 2902 1762 2943 sumus.
1790 2888 1902 2957 Ego
1947 2890 1998 2943 in
2025 2889 2125 2952 eis,
2155 2897 2210 2943 et
2237 2897 2290 2943 tu

719 2977 771 3031 in
803 2990 918 3040 me,
945 2985 1004 3029 ut
1028 2977 1133 3031 sint
1158 2977 1518 3033 consummati
1545 2977 1599 3032 in
1627 2994 1793 3034 unum
1822 2980 1891 3034 “.
1926 2997 1945 3030 ι
1985 2978 2290 3049 Perspicaci

719 3070 914 3126 mentis
962 3068 1119 3124 oculo
1162 3069 1216 3124 in
1266 3084 1380 3126 rem
1431 3071 1756 3142 propositam
1791 3072 2150 3137 intendentes,
2182 3073 2295 3143 86

717 3177 964 3231 quanam
998 3162 1050 3217 in
1072 3164 1186 3234 ipsa
1221 3163 1468 3220 abstrusa
1515 3163 1740 3230 lateant,
1769 3164 2055 3235 diligenter
2102 3165 2290 3234 explo-

717 3268 918 3309 remus.
957 3252 1180 3320 Qualem
1215 3255 1396 3324 itaque
1419 3255 1645 3326 gloriam
1677 3254 1848 3312 Filius
1877 3272 1907 3311 a
1942 3256 2104 3312 Patre
2134 3273 2288 3313 acce—

718 3347 863 3412 pisse
921 3361 980 3401 se
1035 3356 1240 3413 narrat,
1292 3361 1451 3416 quam
1508 3347 1662 3401 nobis
1717 3347 1909 3402 deinde
1950 3362 2270 3402 communen

718 3435 942 3494 fecerit?
978 3436 1122 3492 Sane
1159 3438 1272 3507 ipse
1330 3440 1396 3492 ab
1443 3438 1546 3492 hac
1606 3441 1904 3509 quaestione
1953 3455 2052 3496 nos
2100 3439 2269 3496 libera

717 3532 840 3582 dum
869 3529 988 3583 ait:
1036 3547 1054 3583 ι
1093 3528 1166 3585 Ut
1199 3545 1360 3584 unum
1414 3530 1541 3596 sint,
1580 3532 1722 3587 sicut
1761 3542 1811 3587 et
1858 3546 1956 3588 nos
2004 3547 2169 3586 unum
2203 3548 2292 3589 su-

717 3635 855 3673 mus.
896 3636 915 3671 ι
960 3617 1093 3672 Nam
1121 3619 1226 3673 etsi
1256 3619 1344 3673 Dei
1368 3617 1547 3675 Patris
1577 3619 1810 3675 Verbum
1844 3618 2138 3674 secundum
2163 3633 2289 3690 pro-

718 3709 887 3776 priam
919 3707 1228 3777 hypostasin
1277 3708 1415 3762 alius
1460 3724 1489 3763 a
1537 3709 1697 3764 Patre
1740 3723 1860 3764 esse
1914 3710 2284 3778 dignoscatur,

718 3795 948 3848 naturali
980 3805 1157 3850 tamen
1191 3795 1471 3850 identitate
1514 3810 1677 3849 unum
1725 3795 1884 3865 plane
1935 3805 1989 3851 et
2027 3797 2166 3850 idem
2201 3806 2286 3853 est

721 3903 843 3942 cum
861 3886 969 3942 ilio.
990 3888 1057 3940 At
1085 3901 1189 3956 quo
1202 3893 1358 3956 pacto
1383 3884 1616 3940 Verbum
1635 3886 1763 3940 illud
1789 3901 1950 3940 unum
1975 3886 2049 3958 (Ι)
2068 3901 2284 3958 quoque

717 3978 998 4034 nobiscum
1031 3976 1227 4032 factum
1258 3977 1375 4033 est?
1400 3977 1481 4033 Ad
1512 3977 1758 4033 eumdem
1786 3978 2009 4034 omnino
2038 3979 2279 4046 modum,

715 4077 843 4138 puta
873 4070 1170 4126 secundum
1220 4067 1560 4124 essentialem
1605 4079 1662 4123 et
1699 4067 1997 4124 naturalem
2029 4068 2283 4124 identita-

717 4167 848 4217 rem.
871 4157 940 4212 At
971 4171 1091 4212 cum
1131 4157 1310 4213 divina
1344 4166 1535 4213 natura
1565 4167 1716 4213 tanto
1757 4174 1787 4212 a
1837 4167 2088 4214 creatura
2121 4160 2295 4216 distet.

714 4246 1023 4311 intervallo,
1050 4257 1107 4301 nt
1150 4247 1446 4304 secundum
1492 4247 1784 4304 essentiam
1835 4261 1961 4303 cum
2015 4263 2078 4302 ea
2135 4249 2284 4306 coire

715 4353 1054 4409 nequaquam
1091 4338 1264 4393 valeat
1286 4379 1303 4406 ,
1335 4353 1529 4409 ecquo,
1557 4339 1759 4410 inquis,
1786 4341 1944 4394 modo
1985 4341 2282 4398 secundum

713 4441 962 4488 naturam
1005 4447 1168 4487 unum
1202 4431 1287 4487 ille
1314 4430 1490 4488 factus
1506 4440 1584 4487 est
1616 4431 1922 4497 nobiscum,
1947 4432 2276 4501 quiomnem

2415 619 2538 686 σοῦς
2595 622 2847 694 Χριστός.
2877 619 3128 688 Διανέμει
3172 619 3280 690 γὰρ
3323 622 3351 672 6
3399 619 3593 690 Πατὴρ
3636 618 3709 672 δι’
3741 614 3872 670 Υἱοῦ
3919 620 3979 666 τά

2410 711 2589 779 ἀγαθὰ
2622 713 2680 766 tv
2718 709 3024 780 Πνεύματι’
3063 705 3200 777 πλὴν
3230 710 3264 777 ή
3300 708 3517 778 αῐτησις
3562 708 3596 778 ή
3649 707 3709 760 tv
3756 719 3980 773 προσεν-

2410 804 2532 871 χαῖς
2561 803 2617 856 ὲν
2655 798 2871 872 Χριστῷ
2904 795 3104 868 ἰησοῦο
3137 797 3232 850 καὶ
3261 797 3472 867 Κύριος
3504 794 3718 867 Ἰησοῦς
3758 794 3788 846 6
3833 794 3979 844 tvav—

2411 890 2704 964 θρωπήσας
2735 893 2933 946 νοεῖται
2962 889 3056 942 καὶ
3092 887 3418 957 ὀνομάζεται
3442 889 3633 957 Λόγος.

2486 1095 2504 1127 ι
2531 1074 2642 1129 Καὶ
2677 1075 2737 1128 ὲν
2779 1071 2962 1142 ἐκείνη
2989 1071 3054 1140 τῇ
3084 1067 3268 1140 ἡμέρα
3295 1066 3394 1136 ἐμὲ
3422 1067 3520 1119 οὐκ
3550 1067 3862 1137 ἐρωτήσετε
3897 1064 3982 1116 of.-

2406 1158 2724 1233 δέν.’Δμὴν,
2756 1159 2901 1232 ἀμὴν
2930 1157 3072 1225 λέγω
3111 1157 3261 1226 ὑμῖν,
3291 1155 3356 1208 ἄν
3380 1171 3434 1207 τι
3464 1156 3734 1224 αἰτήσητε
3763 1154 3856 1207 τὸν
3885 1153 3983 1205 ne.

2404 1251 2539 1322 τέρα
2585 1254 2641 1305 tv
2680 1250 2759 1321 τῷ
2805 1247 3029 1320 ὀνόματι
3082 1264 3203 1317 μου,
3235 1245 3398 1300 δώσει
3438 1245 3587 1315 ὑμῖν.
3617 1247 3857 1305 Αἰτεῖτε,
3891 1245 3980 1296 aut

2404 1341 2658 1413 λήψεσθε,
2687 1341 2774 1396 ἵνα
2803 1341 2836 1410 ή
2861 1338 3004 1410 χαρά
3025 1338 3178 1410 ὑμῶν
3268 1335 3702 1406 πεπληρωμένη.
3735 1355 3754 1386 s
3776 1336 3872 1388 Ἐν
3896 1335 3981 1404 tan

2405 1434 2497 1487 καὶ
2530 1434 2688 1488 τοῦτο
2717 1435 2828 1496 τοῖς
2853 1429 3110 1502 ἀνωτέρω
3144 1428 3318 1502 βραχὺ
3343 1427 3554 1497 διανοίᾳ
3589 1426 3866 1489 κείσεται,
3892 1427 3980 1478 καὶ

2403 1524 2465 1578 τὸ
2511 1524 2708 1595 ἑφεξῆς
2755 1522 3140 1594 όμοίως.Ἔχει
3188 1521 3244 1574 δὲ
3287 1519 3478 1583 οὕτως·
3516 1538 3532 1570 ι
3557 1517 3645 1571 Ἑν
3683 1517 3881 1588 ἐκείνῃ
3915 1519 3976 1586 τῇ

2404 1615 2589 1689 ήμέρᾳ
2620 1619 2678 1671 tv
2713 1614 2792 1686 τῷ
2816 1614 3042 1684 ὀνόματί
3093 1631 3196 1684 μου
3243 1611 3530 1683 αἰτήσεσθε
3551 1626 3566 1642 ο
3616 1610 3716 1663 καὶ
3747 1609 3809 1663 οὔ
3844 1608 3979 1674 λέγω

2403 1706 2555 1777 ὑμῖν,
2593 1707 2676 1761 ὅτι
2725 1703 2836 1774 ἐγὼ
2885 1705 3148 1775 ἐρωτήσω
3201 1703 3295 1757 τὸν
3324 1702 3572 1774 Πατέραο
3611 1702 3779 1767 αὐτὸς
3815 1700 3978 1772 γάρό

2403 1799 2591 1869 Πατὴρ
2638 1797 2782 1868 φιλεῖ
2827 1797 2991 1866 ὑμᾶς,
3020 1796 3102 1849 ὅτι
3137 1795 3296 1865 ὑμεῖς
3345 1794 3444 1863 ἐμὲ
3492 1794 3859 1864 πεφιλήκατε,
3892 1794 3977 1847 καὶ

2330 1885 2371 1944 Β
2402 1890 2801 1947 πεπιστεύκατε
2841 1889 2922 1942 ὃτι
2957 1887 3069 1956 ἐγὼ
3098 1887 3247 1957 παρὰ
3285 1885 3379 1940 τοῦ
3411 1885 3626 1957 Πατρδς
3656 1885 3911 1956 ἐξῆλθον.
3947 1903 3964 1933 ι

2478 2005 2497 2038 ι
2527 1983 2674 2054 Λῦτη
2709 1981 2765 2034 δέ
2791 1982 2939 2034 ἔστιν
2962 1981 2995 2049 ή
3022 1978 3242 2042 αἰώνιος
3281 1977 3414 2047 ζωή,
3452 1977 3538 2029 ἵνα
3570 1976 3892 2044 γινώσκωσι
3921 1989 3974 2027 σε

2398 2074 2488 2128 τὸν
2521 2074 2681 2144 μόνον
2726 2068 2980 2141 ἀληθινὸν
3013 2067 3166 2132 Θεὸν,
3195 2067 3288 2121 καὶ
3316 2067 3374 2120 ὂν
3404 2064 3736 2129 ἀπέστειλας
3773 2065 3974 2136 Ἰησοῦν

2397 2163 2652 2234 Χριστόν.
2683 2180 2701 2213 ι
2743 2161 2804 2212 Et
2832 2161 2898 2230 τῇ
2937 2158 3230 2228 ἐπιγνώσει
3262 2155 3358 2212 τοῦ
3405 2156 3566 2226 μόνου
3594 2156 3693 2210 καὶ
3717 2156 3971 2225 ἀληθινοῦ

2397 2254 2532 2308 Θεοῦ
2578 2251 2929 2323 συνεζεῦχθαι
2970 2267 3029 2304 τε
3077 2251 3172 2304 καὶ
3205 2248 3596 2302 συνεισδαίνειν
3631 2248 3855 2317 ἀνάγκη
3885 2248 3974 2318 τὴν

2397 2345 2690 2411 ἐπίγνωσιν
2738 2338 2913 2411 Ἰησοῦ
2942 2335 3203 2408 Χριστοῦ,
3241 2337 3334 2390 καὶ
3363 2335 3507 2406 ζωὴν
3529 2335 3686 2388 τοῦτο
3715 2334 3818 2404 τήν
3853 2334 3974 2386 αἰώ-

2396 2450 2506 2488 νιον
2546 2432 2800 2503 προξενεῖ
2825 2445 2839 2460 ⁸
2873 2429 2993 2492 πῶς
3038 2429 3135 2498 οὐχ
3190 2429 3392 2481 ἅπασιν
3433 2426 3684 2496 ἐναργὲς,
3717 2427 3800 2479 ὅτι
3847 2425 3973 2482 Θεός

2395 2527 2541 2580 ἐστιν
2570 2524 2775 2597 ἀληθὴς
2811 2525 2840 2577 6
2870 2520 3139 2593 Χριστός;
3169 2518 3367 2589 Γέγονε
3401 2518 3508 2590 γὰρ
3543 2517 3685 2590 σὰρξ
3719 2519 3748 2571 ὁ
3784 2517 3972 2584 Λόγος.

2395 2618 2489 2671 καὶ
2529 2615 2807 2687 μεμένηκε
2835 2613 3025 2682 Λόγος.

2471 2706 2618 2759 ιἸνα
2667 2707 2696 2758 6
2740 2704 2939 2774 κόσμος
2984 2702 3250 2774 πιστεύσῃ
3283 2704 3362 2757 ὅτι
3392 2701 3456 2754 σύ
3499 2718 3567 2772 με
3615 2698 3964 2760 ἀπέστειλας.

2395 2797 2568 2865 Κάγὼ
2591 2798 2690 2868 τὴν
2734 2795 2911 2860 δόξαν,
2939 2796 3008 2866 ἢν
3042 2796 3280 2858 δέδωκάς
3332 2811 3446 2864 μοι.
3483 2792 3693 2846 δέδωκα
3738 2792 3926 2853 αὐτοῖς
3951 2806 3964 2818 ·

2394 2891 2480 2943 ἵνα
2511 2885 2645 2944 ῶσιν
2684 2888 2762 2952 ἓν,
2789 2885 2971 2949 καθὼς
3005 2888 3162 2957 ἡμεῖς
3187 2885 3266 2939 ἓν.
3285 2884 3426 2952 Ἐγὼ
3458 2886 3513 2936 tv
3539 2885 3745 2946 αὐτοῖς,
3784 2883 3878 2935 καὶ
3908 2884 3967 2934 σὺ

2393 2983 2449 3034 tv
2487 2981 2628 3052 ἐμοὶ,
2677 2980 2764 3032 ἴνα
2792 2973 2895 3032 ὦσι
2932 2976 3340 3046 τετελειωμένοι
3365 2977 3443 3038 εἰς
3472 2975 3551 3028 ἓν.
3580 2994 3598 3024 ι
3620 2973 3852 3045 Ἀκριὸἦ
3875 2974 3964 3041 τῆς

2392 3073 2628 3136 διανοίας
2651 3071 2742 3125 τὸν
2768 3069 3043 3141 ὀφθαλμὸν
3078 3070 3476 3139 ἐπιστήσαντες
3510 3070 3575 3138 τῇ
3607 3066 3702 3119 τοῦ
3745 3082 3964 3134 προκει-

2398 3164 2560 3235 μένου
2589 3163 2836 3232 δυνάμει,
2863 3159 3230 3231 θεωρήσωμεν
3251 3158 3317 3212 τὰ
3344 3159 3402 3211 tv
3433 3156 3606 3226 αὐτῷ,
3623 3155 3790 3208 Ποίαν
3816 3153 3966 3218 δόξαν

2394 3252 2674 3323 εἰληφέναι
2697 3250 2831 3320 φησὶ
2867 3249 3017 3319 παρὰ
3056 3248 3147 3302 τοῦ
3174 3249 3385 3319 Πατρὸς
3416 3251 3444 3302 ό
3474 3247 3621 3311 Υἱός,
3646 3246 3741 3299 καὶ
3763 3243 3965 3311 ταύτην

2397 3347 2526 3416 ημῖν
2553 3342 2860 3405 ὲπιδοῦναι;
2887 3341 3056 3405 Αὐτὸς
3081 3340 3139 3394 δὲ
3167 3343 3316 3411 ἡμᾶς
3336 3341 3434 3409 τῆς
3461 3340 3552 3392 ἐπὶ
3579 3337 3792 3400 τούτοις
3815 3335 3964 3406 ἐρεύ-

2392 3451 2490 3505 νης
2516 3429 2838 3496 ἀπαλλάξει,
2863 3429 3036 3498 λέγων
3055 3446 3068 3460 ·
3106 3429 3250 3482 «Ἵνα
3275 3423 3396 3491 ὦσι,
3429 3427 3608 3490 καθὼς
3639 3428 3827 3496 ἡμεῖς,
3851 3426 3926 3477 tv.
3943 3445 3958 3475 ι

2404 3523 2493 3576 Ἐν
2526 3522 2623 3592 μὲν
2647 3520 2756 3591 γὰρ
2779 3522 2843 3591 τῇ
2869 3521 3073 3590 φυσικῇ
3107 3519 3393 3588 ταυτότητι
3424 3517 3482 3569 ’ἐν
3514 3518 3662 3568 ἐστιν
3693 3518 3722 3568 ὁ
3747 3517 3812 3568 ὲκ
3831 3515 3962 3568 Θεοῦ

2393 3612 2562 3680 Λόγος
2594 3610 2728 3682 πρὸς
2770 3611 2859 3663 τὸν
2894 3608 3084 3663 ἑαυτοῦ
3117 3609 3357 3680 Πατέρα,
3395 3609 3442 3661 εἰ
3476 3607 3570 3662 καὶ
3598 3609 3802 3661 νοεῖται
3835 3606 3965 3658 καθ’

2395 3705 2688 3758 ὑπόστασιν
2718 3703 2975 3772 ἑκάτερος
3008 3702 3199 3773 ιδικὴν.
3253 3699 3377 3764 Πῶς
3404 3701 3461 3753 δὲ
3489 3700 3580 3754 καὶ
3610 3701 3669 3752 tv
3698 3701 3833 3770 ήμΞν
3872 3697 3962 3766 γέ-

2394 3813 2516 3864 γονε
2537 3815 2556 3862 ;
2581 3794 2737 3850 Κατὰ
2766 3794 2854 3848 τὸν
2882 3795 2995 3848 ἴσον
3024 3795 3243 3866 τρόπον,
3275 3791 3548 3855 οὖσιωδῶς
3575 3791 3638 3862 δὴ
3674 3791 3842 3859 λέγω,
3873 3791 3963 3842 καὶ

2392 3881 2670 3950 φυσικῶς*
2703 3881 2796 3935 καί
2831 3899 2913 3934 τοι
2948 3881 3082 3934 Θεοῦ
3135 3881 3294 3949 φύσις
3338 3879 3651 3949 ἀσύμδστος
3688 3878 3962 3940 παντελῶς

2388 3974 2473 4042 εἴη
2522 3973 2587 4026 ἂν
2637 3972 2773 4044 πρὸς
2810 3972 2907 4042 τὴν
2954 3973 3149 4034 κτίσιν,
3181 3973 3256 4035 ὡς
3305 3973 3363 4023 ἐν
3401 3970 3689 4040 ταυτότητι
3722 3970 3868 4038 λέγω
3900 3973 3959 4040 τῇ

2389 4065 2513 4118 κατ’
2543 4064 2750 4117 οὐσίαν.
2777 4062 2902 4126 Πῶς
2937 4058 3029 4116 οὖν
3057 4063 3115 4116 tv
3136 4064 3267 4133 ἡμῖν
3290 4061 3479 4131 γέγονε
3512 4060 3758 4129 φυσικῶς
3781 4062 3810 4113 6
3829 4061 3962 4129 ὑπὲρ

2388 4153 2487 4226 τὴν
2520 4153 2734 4220 κτίσιν;
2764 4153 2960 4222 Γέγονε
2993 4154 3101 4225 γὰρ
3131 4152 3436 4224 ἄνθρωπος,
3472 4152 3559 4205 ἵνα
3590 4149 3785 4222 ὥσπερ
3818 4150 3962 4202 ἐστὶν

2388 4249 2485 4304 ἑνί
2525 4250 2592 4321 τῇ
2620 4249 2719 4320 τῆς
2752 4246 3002 4320 θεότητος
3041 4247 3201 4316 φύσει
3233 4246 3368 4318 πρὸς
3412 4246 3502 4303 τὸν
3548 4244 3796 4316 Πατέρα,
3825 4243 3962 4297 οὓτω

2390 4337 2644 4411 καὶπρὸς
2669 4338 2815 4408 ἡμᾶς
2844 4336 2903 4390 ἓν
2940 4335 3165 4406 γένηται
3197 4337 3380 4407 σχέσει
3412 4339 3476 4406 τῇ
3507 4334 3652 4388 κατά
3679 4334 3962 4406 ἀνθρωπό-

2388 4445 2558 4499 τητα·
2594 4425 2990 4497 τετελειώμεθα
3015 4426 3125 4498 γὰρ
3152 4425 3413 4487 οὕτωκαὶ
3448 4431 3610 4498 ήμεῖς
3639 4429 3722 4492 εις
3751 4429 3834 4484 tv.

710 4523 934 4579 omnino
995 4535 1302 4580 creaturam
1350 4523 1606 4580 excellit?
1654 4522 1886 4580 Verbum
1944 4526 2146 4580 factum
2200 4533 2285 4582 est
2323 4526 2507 4590 homo,
2539 4531 2597 4578 ut
2658 4522 3136 4593 quemadmodum,
3165 4523 3309 4592 quod
3379 4524 3593 4593 quidem
3628 4526 3698 4578 ad
3745 4524 3962 4580 deitatts

712 4624 964 4671 naturam
992 4625 1222 4685 spectat,
1255 4630 1420 4671 unum
1448 4625 1502 4672 et
1551 4616 1691 4671 idem
1719 4625 1804 4672 est
1850 4631 1972 4672 cum
2039 4616 2314 4684 Patre,ita
2355 4615 2654 4672 secundum
2691 4622 2896 4671 natura:
2961 4615 3213 4670 humanm
3263 4615 3632 4671 habitudinem
3667 4618 3739 4670 sit
3795 4633 3959 4673 unum

709 4724 923 4782 quoque
952 4711 1258 4768 nobiscum.
1297 4713 1409 4769 ilac
1437 4713 1580 4769 enim
1620 4714 1825 4772 ratione
1861 4731 1956 4771 nos
1977 4730 2197 4785 quoque
2221 4717 2270 4769 in
2311 4714 2571 4769 unitatem
2603 4714 2962 4768 consummati
3008 4727 3216 4768 sumus.

791 4817 812 4851 ι
840 4799 971 4856 Cum
1013 4815 1142 4872 ergo
1179 4815 1302 4858 sero
1334 4811 1478 4858 esset
1511 4803 1598 4860 die
1625 4804 1736 4869 illo,
1761 4821 1871 4860 una.
1896 4804 2278 4870 Sabbatorum,

2470 4822 2489 4856 ι
2521 4801 2702 4875 Οὔσης
2750 4798 2844 4858 οὖν
2887 4802 3043 4873 ὀψίας
3074 4807 3141 4875 τῇ
3176 4802 3359 4875 ἡμέρᾳ
3391 4803 3597 4875 ἐκείνη,
3621 4806 3691 4877 τῇ
3727 4806 3832 4874 μιᾷ
3856 4805 3962 4860 τῶν

710 4901 762 4949 et
797 4890 938 4948 fores
958 4902 1141 4948 essent
1178 4893 1396 4960 clausa,
1423 4894 1512 4950 ubi
1552 4905 1708 4951 erant
1758 4896 2002 4967 discipuli
2053 4912 2257 4967 congre

711 4983 821 5055 gati
853 4991 1073 5054 propter
1099 4993 1298 5039 metum
1317 4983 1654 5051 Iudaeorum,
1690 4987 1838 5041 venit
1863 4986 2040 5049 Jesus,
2074 4997 2129 5042 et
2170 4997 2281 5043 steq

713 5073 781 5128 tit
809 5073 862 5127 in
897 5072 1092 5139 medio,
1123 5081 1179 5127 et
1209 5073 1346 5128 dixit
1389 5073 1505 5129 eis:
1536 5073 1642 5128 Pax
1683 5075 1834 5130 vobis
1883 5075 1949 5129 ’³.
1983 5095 2000 5127 ι
2034 5072 2149 5128 Non
2176 5073 2280 5130 im-

710 5165 913 5221 merito
965 5166 1293 5221 dubitaverit
1342 5165 1433 5222 hic
1481 5166 1776 5237 quispiam,
1808 5181 1871 5221 ac
1921 5167 2172 5221 dixerit:
2221 5166 2280 5221 Si

712 5255 949 5313 Verbum
971 5266 1092 5328 post
1121 5257 1570 5316 resurrectionem
1598 5258 1820 5328 perinde
1858 5274 1924 5313 ac
1953 5268 2078 5313 ante
2121 5273 2282 5315 vene-

710 5349 933 5403 randam
961 5363 1177 5405 crucem
1212 5351 1266 5403 in
1300 5363 1525 5420 corpore
1553 5358 1690 5414 erat,
1718 5349 1988 5420 quomodo
2011 5349 2282 5404 conclusis

2388 4895 2701 4960 Σαϐεάτων,
2729 4895 2822 4949 καὶ
2847 4895 2956 4949 τῶν
2984 4893 3163 4965 θυρῶν
3193 4895 3612 4964 κεκλεισμένων,
3651 4896 3788 4948 ὅπου
3824 4891 3963 4967 ἦσαν

2386 4987 2437 5041 οἱ
2477 4986 2716 5058 μαθηταὶ
2751 4986 3075 5058 συνηγμένοι
3108 4985 3198 5039 διὰ
3221 4987 3310 5039 τὸν
3340 4985 3503 5056 φόϐον
3528 4987 3637 5040 τῶν
3672 4971 3960 5052 Ἰουδαίων,

2382 5074 2544 5149 ἦλθεν
2584 5079 2613 5130 6
2655 5075 2880 5148 Ἰησοῦς,
2912 5077 3007 5131 καὶ
3049 5076 3181 5148 ἔστη
3232 5079 3312 5142 εἰς
3353 5077 3412 5132 τὸ
3456 5078 3640 5150 μέσον,
3669 5080 3765 5133 καὶ
3811 5080 3960 5147 λέγει

2383 5167 2593 5230 αὐτοῖς’
2626 5167 2829 5239 Εἰρήνη
2873 5165 3022 5235 ὑμῖν.
3055 5184 3074 5217 ι
3097 5166 3474 5237 Ἑπιπορήσαι
3517 5185 3600 5231 τις
3625 5167 3693 5220 ἂν
3729 5169 3874 5222 κατά
3903 5169 3958 5221 τὸ

2383 5255 2528 5317 εἰκὸς
2577 5254 2779 5323 λέγων’
2809 5254 2872 5308 Et
2911 5256 2970 5310 ὲν
3001 5253 3213 5325 σώματι
3243 5257 3335 5309 καὶ
3367 5256 3508 5325 μετά
3541 5259 3638 5328 τήν
3661 5259 3955 5313 ἀνάστασιν

2381 5345 2448 5420 ἦν
2474 5352 2502 5403 6
2528 5347 2717 5416 Λόγος,
2743 5345 2884 5400 καθὰ
2928 5346 3020 5400 καὶ
3064 5346 3169 5417 πρὸ
3208 5345 3300 5399 τοῦ
3330 5347 3511 5417 τιμίου
3548 5350 3808 5420 σταυροῦ,
3845 5352 3952 5414 πῶς

783 5505 827 5539 ¹⁹
851 5505 1006 5561 Joan.
1043 5522 1156 5571 xvr,
1185 5505 1276 5574 25,
1297 5507 1388 5562 ⁸21.
1469 5507 1516 5540 ’θ
1553 5507 1676 5562 ibid.
1705 5505 1794 5568 26,
1825 5507 1915 5560 2-7.
1997 5507 2038 5537 “
2070 5505 2225 5563 Joan.
2259 5523 2388 5571 xvu,
2413 5509 2466 5564 3.
2542 5509 2584 5539 "
2609 5507 2739 5564 ibid.
2770 5506 2956 5561 Sl-25.
3035 5507 3079 5539 ⁸³
3113 5505 3266 5562 Joan.
3296 5523 3383 5573 xx,
3425 5508 3505 5562 l9.

1785 5601 1949 5655 Variie
1984 5601 2240 5656 lectiones
2277 5602 2480 5656 codicis
2509 5601 2870 5672 Seguieriani.

792 5716 906 5771 ita.
937 5716 1015 5773 ἓν.

788 5809 863 5876 (1)
902 5806 999 5870 llic
1035 5817 1088 5864 et
1110 5806 1247 5863 infra
1281 5808 1547 5876 interpres
1580 5808 1704 5884 legit
1739 5807 1818 5874 ἐν,
1854 5808 1940 5863 ubi
1975 5810 2030 5862 ἐν
2058 5807 2333 5880 vulgatum
2358 5816 2464 5864 est.
