4090 6490
695 422 836 481 12Ἱ5
1689 405 1747 457 S.
1784 400 2057 457 CYRILLI
2088 399 2560 454 ALEXANDRINI
2604 395 2925 452 ARCHI‘EP.
3799 381 3940 431 1276

696 552 749 597 et
775 530 1017 605 regnabit
1044 526 1096 579 in
1127 525 1285 578 domo
1311 522 1477 578 Jacob
1498 521 1850 581 inadernum,
1886 526 1939 571 et
1964 516 2111 586 regni
2133 516 2249 585 ejus
2279 521 2311 576 Α

2349 515 2442 569 τοῦ
2490 516 2699 586 Πατρδς
2750 511 2951 566 αὑτοῦ·
2999 506 3091 560 καὶ
3140 503 3448 575 βασιλεύσει
3500 498 3599 551 ἐπὶ
3646 495 3743 548 τὸν
3798 490 3953 545 οἷκον

2893 601 2943 605 --
3169 599 3180 605 -
3246 597 3272 605 -
3340 594 3363 605 ..
3466 591 3482 605 .
3536 590 3550 605 .
3691 584 3949 605 .-τμη

694 644 801 685 non
836 584 937 678 :rit
963 618 1083 672 ﬁnis
1113 616 1177 669 ".
1217 633 1234 665 ι
1283 612 1529 680 Nunquid
1566 607 1802 663 hominis
1835 607 2005 661 nostri
2031 584 2247 660 isimilis

2367 605 2559 660 Ἰακὼϐ
2588 584 2668 669 εἰς
2699 604 2823 665 τοὺς
2851 601 3072 661 αίῶνας.
3098 597 3309 667 καὶτῆς
3337 590 3622 665 βασιλείας
3644 584 3823 639 αὑτοῦ
3848 585 3950 635 οὐκ

696 713 918 782 imperio
952 717 1208 776 perpetuo
1264 704 1397 756 citra
1434 700 1593 753 ullam
1648 697 2096 765 interruptionem
2129 710 2251 763 pie-

2355 699 2506 753 ἔσται
2560 698 2730 759 τέλος.
2768 715 2785 745 ι
2832 689 2957 762 *Δρ*
2999 684 3092 743 οὖν
3156 690 3240 756 ἐφ’
3280 688 3404 741 ένὶυ
3453 684 3563 738 τῶν
3618 679 3747 733 καθ’
3796 679 3949 747 ἡμεῖς

697 770 1390 862 ιιιέιιιιιτῖνιιιι-ἰιιιρενιιιοΐί
1450 789 1626 855 potius
1681 786 1791 841 Deo
1851 788 1902 839 in
1948 786 2162 841 Christo
2202 796 2257 839 et

2356 789 2675 859 κεισόμεθα,
2696 782 3102 857 βασιλευόμενοι
3122 778 3383 847 διηνεκῶς
3400 777 3493 829 καὶ
3512 770 3947 839 ἁκαταλήκτω;;

698 908 793 962 ρει·
844 886 1113 941 Christum
1164 859 1371 935 subditi
1424 878 1651 940 erimus,
1686 893 1791 931 nun
1829 883 2156 942 assumptum
2191 876 2255 928 ad

2357 882 2389 952 ἢ
2426 881 2529 933 ὑπὸ
2570 877 2687 947 Θεῷ
2736 874 2933 946 μᾶλλον
2977 867 3213 938 ἐσόμεθα
3237 864 3570 937 βασιλεύοντι
3598 860 3773 933 ἡμῶν
3804 859 3934 926 τὴν⁴

698 951 800 1035 hoc
855 985 1106 1044 tanquam
1152 980 1472 1025 extraneum
1533 968 1840 1039 quempiam
1882 966 2256 1031 mediatorem,

2358 974 2416 1023 ὲν
2464 967 2705 1040 Χριστῷ,
2746 965 2836 1018 καὶ
2885 962 2982 1032 οὐχ
3028 959 3105 1022 ὡς
3140 956 3338 1022 ἔξωθεν
3385 956 3604 1025 μεσίτου
3661 952 3816 1013 τινὸς
3868 951 3952 1010 εἰς

700 1071 791 1125 sed
827 1081 1011 1121 verum
1064 1062 1276 1126 Filium,
1310 1075 1405 1129 per
1434 1038 1595 1129 quem
1626 1069 1678 1113 et
1704 1060 1754 1111 in
1784 1073 1890 1125 quo
1921 1056 2058 1109 Dens
2098 1055 2260 1110 Pater

2359 1038 2525 1109 10010
2558 1051 3025 1127 παραληφθέντος,
3052 1048 3165 1102 ἀλλ’
3197 1046 3273 1109 ὡς
3314 1045 3382 1098 δι’
3412 1043 3544 1096 Υἱοῦ
3592 1044 3690 1096 καὶ
3720 1044 3787 1093 ὲν
3830 1038 3950 1105 Υἱῷ

700 1158 955 1215 inmunia
989 1168 1209 1222 regnum
1259 1150 1684 1216 obtinet?Qnod
1724 1149 1767 1202 si
1812 1148 1884 1201 ita
1939 1161 2026 1201 res
2076 1148 2259 1212 habet,

2362 1146 2827 1218 κατακρατοῦντος
2859 1142 2967 1195 τῶν
2993 1141 3129 1195 ὅλων
3170 1136 3265 1191 τοῦ
3308 1135 3443 1188 Θεοῦ
3471 1135 3563 1188 καὶ
3594 1134 3818 1203 Πατρός
3841 1150 3858 1196 ;
3883 1132 3949 1182 ΕΞ

707 1252 849 1305 Dens
878 1258 1007 1312 ergo
1036 1251 1119 1295 est
1150 1240 1417 1295 Christus.

2362 1240 2416 1292 δὲ
2439 1238 2599 1293 τοῦτο
2623 1237 2838 1306 ἀληθὲς,
2869 1233 2999 1295 Θεὸς
3028 1232 3135 1301 ἀρα
3164 1231 3192 1282 0
3219 1226 3466 1298 Χριστός.

779 1357 797 1389 ι
837 1336 975 1388 Dixit
1021 1343 1196 1385 autem
1234 1331 1397 1385 Maria
1429 1330 1493 1382 ad
1533 1327 1816 1397 angelum;
1851 1328 1964 1399 88
1990 1326 2264 1393 Quomodo

2440 1346 2461 1379 ι
2492 1324 2625 1381 Eius
2665 1327 2723 1380 δὲ
2768 1322 3003 1391 Μαριάμ
3044 1320 3180 1389 πρὸς
3206 1317 3297 1370 τὸν
3326 1314 3585 1384 ἄγγελον·
3626 1312 3756 1374 Πῶς
3790 1312 3952 1362 ἔσται

706 1428 795 1481 lict
822 1422 982 1482 istud,
1003 1420 1255 1487 quoniam
1291 1418 1464 1471 virum
1493 1433 1596 1470 non
1632 1419 1933 1485 cognosco?
1962 1417 2023 1471 Et
2048 1430 2266 1481 respon-

2370 1435 2459 1487 μοι
2483 1416 2659 1481 τοῦτο,
2692 1415 2815 1467 ἐπεὶ
2855 1412 3024 1483 ἄνδρα
3056 1409 3117 1463 ού
3150 1406 3432 1477 γινώσκως
3473 1404 3584 1457 Καὶ
3611 1401 3951 1469 ἀποκριθεὶς

706 1518 837 1569 dens
873 1510 1092 1579 angelus
1138 1509 1273 1561 dixit
1307 1508 1384 1562 illi
1420 1527 1433 1562 :
1466 1508 1701 1577 Spiritus
1749 1518 1969 1562 sanctus
2012 1520 2267 1574 superve-

2368 1514 2395 1564 0
2438 1512 2667 1580 ἄγγελος
2719 1503 2873 1561 εἶπεν
2922 1507 3093 1574 αὐτῇ·
3124 1500 3350 1572 Πνεῦμα
3395 1498 3546 1566 ἅγιον
3580 1494 3950 1548 ἐπελεύσεται

707 1604 818 1659 niet
874 1602 925 1654 in
987 1610 1060 1659 te,
1086 1610 1139 1651 et
1197 1601 1367 1652 virtus
1424 1599 1685 1652 Altissimi
1742 1599 2083 1651 obumbrabit
2126 1596 2263 1649 tibi:

2370 1604 2461 1656 ἐπὶ
2491 1602 2570 1665 σὲ,
2602 1600 2696 1654 καὶ
2717 1598 2946 1666 δύναμις
2976 1594 3231 1664 Ὑψίστου
3256 1589 3565 1645 ἐπισκιάσει
3593 1602 3677 1639 σοι
3700 1599 3713 1612 ·
3742 1582 3833 1636 διὸ
3857 1581 3953 1633 καὶ

711 1694 933 1761 ideoque
959 1702 1012 1743 et
1038 1692 1180 1756 quod
1216 1696 1465 1743 nascetur
1516 1703 1581 1741 ex
1615 1698 1666 1742 te
1695 1696 1966 1749 sanctum,
1991 1684 2271 1739 vocabitur

2370 1692 2430 1745 τὸ
2464 1690 2797 1760 γεννώμενον
2832 1688 3007 1755 ἅγιον,
3038 1684 3371 1755 κληθήσεται
3396 1679 3520 1741 Υἱὸς
3562 1675 3723 1729 Θεοῦ.
3755 1692 3776 1725 ι
3808 1669 3954 1742 τΑρ⁹

715 1782 879 1837 Filius
907 1780 994 1832 Dei
1033 1780 1097 1831 ³ο.
1137 1797 1155 1830 ι
1196 1777 1447 1847 Nunquid
1486 1778 1551 1844 is,
1581 1779 1670 1847 qni
1730 1794 1925 1832 arcana
1978 1777 2269 1844 inexplica-

2371 1778 2463 1834 οὖν
2497 1779 2754 1848 κέκληται
2784 1776 2943 1847 μόνον
2980 1772 3124 1834 Υἱὸς,
3155 1774 3182 1823 ὁ
3234 1772 3298 1821 ὲκ
3339 1767 3439 1835 τῆς
3469 1766 3627 1833 ἁγίας
3662 1763 3950 1831 Παρθένου

714 1873 914 1940 bilique
958 1870 1194 1939 Spiritus
1216 1869 1387 1924 sancti
1422 1870 1735 1939 operatione
1764 1885 1829 1923 ex
1860 1884 2018 1922 sacra
2045 1868 2268 1937 Virgine
2294 1852 2329 1904 ’ί

2338 1859 2342 1901 ⁵
2375 1873 2462 1926 διὰ
2491 1871 2585 1924 τοῦ
2612 1868 2925 1936 [Ινεύματος
2968 1863 3296 1934 ἀπορρήτως
3322 1855 3743 1927 γεγεννημένος,
3778 1854 3953 1922 ἧγουν

715 1966 975 2020 formatus
1000 1970 1053 2016 et
1088 1970 1244 2015 natus
1282 1971 1385 2024 est,
1422 1962 1533 2014 sola
1556 1960 1913 2029 appellatione
1941 1958 2083 2011 [ilius
2116 1959 2271 2012 erat?

2378 1960 2726 2030 ὲκτισμένοςς
2763 1956 2795 2026 ἢ
2842 1955 3002 2023 φύσει
3034 1971 3092 2005 τε
3124 1952 3218 2004 καὶ
3252 1948 3467 2018 ἀληθῶς
3494 1945 3619 2008 Tib;
3664 1940 3809 1996 εἶναι
3855 1959 3956 1994 1c:-

711 2072 779 2111 an
810 2068 971 2108 verus
1008 2053 1187 2121 potius
1244 2051 1614 2120 naturalisque
1660 2048 1751 2103 Dei
1806 2049 1997 2111 Filius,
2024 2060 2077 2102 et
2128 2048 2269 2102 Deus

2379 2055 2663 2106 πίστευται
2693 2086 2709 2111 ,
2762 2048 2857 2100 καὶ
2908 2046 3076 2109 Θεός;
3151 2041 3291 2096 Ἀλλ’
3337 2041 3452 2094 ἐστι
3506 2037 3667 2092 τοῦτο
3720 2035 3954 2104 ἀληθές.

713 2146 950 2202 creditus
977 2144 1103 2200 est?
1126 2144 1230 2198 Sed
1276 2143 1376 2198 hoc
1398 2142 1580 2211 procul
1609 2141 1773 2194 dubio
1799 2156 1981 2194 verum
2002 2150 2103 2193 est.
2140 2142 2271 2194 Ver-

2376 2141 2619 2197 Νοείσθω
2665 2140 2730 2211 δὴ
2781 2133 2873 2191 οὖν
2927 2134 3065 2207 σὰρξ
3108 2133 3230 2187 καθ’
3279 2132 3574 2186 ὑπόστασιν
3630 2127 3879 2195 γεγονὼς
3924 2130 3955 2179 0

713 2238 836 2291 bum
879 2235 1103 2303 proinde
1157 2232 1454 2287 secundum
1510 2230 1825 2300 hypostasin
1873 2244 2001 2283 caro
2045 2228 2266 2291 factum,

2378 2230 2881 2301 Λόγος.οτουτέστιν
2930 2228 3063 2280 ίδίαν
3108 2225 3474 2294 ποιησάμενος
3521 2221 3702 2290 σάρκα
3731 2218 3835 2287 τὴν
3866 2217 3952 2268 διὰ

714 2331 814 2382 hoc
866 2335 970 2391 est,
993 2339 1210 2379 carnem
1259 2338 1355 2393 per
1401 2322 1661 2390 Spiritum
1700 2330 1944 2373 sanctum
2000 2334 2068 2373 ex
2114 2334 2268 2373 saera

2380 2325 2695 2394 Πνεύματος
2723 2324 2786 2375 ὲκ
2815 2322 2913 2393 τῆς
2948 2320 3107 2389 ἁγίας
3137 2316 3444 2389 Παρθένου⁹
3478 2313 3622 2368 οὕτω
3647 2311 3756 2381 γὰρ
3796 2310 3952 2361 ἔσται

714 2417 932 2483 Virgine
958 2415 1279 2482 sumpsisse,
1308 2426 1536 2480 eamque
1570 2412 1841 2480 propriam
1898 2410 1999 2465 sibi
2053 2410 2264 2472 fecisse,
2378 2418 2470 2471 καὶ
2500 2416 2630 2479 Θεὸς
2657 2414 2895 2484 ἀληθῶς,

714 2509 1056 2579 intelligatur.
1094 2506 1205 2560 Hae
1239 2518 1470 2573 namque
1500 2504 1709 2557 ratione
1743 2502 1886 2571 quod
1922 2517 2082 2555 verus
2132 2500 2271 2553 Deus

715 2600 806 2662 sit,
842 2594 1293 2664 deprehendetur.
1720 2582 1723 2584 ’

789 2708 808 2739 ‹
849 2688 912 2740 Et
946 2686 1138 2739 ίιιοιιιιιι
1188 2692 1292 2744 est.
1324 2682 1617 2736 utaudivit
1670 2682 2049 2736 salutationem
2093 2678 2275 2732 Maria:

2457 2700 2476 2733 ι
2506 2682 2614 2734 Καὶ
2641 2679 2878 2746 ἐγένετο,
2914 2675 2990 2739 ὡς
3019 2676 3220 2745 ἢκουσε
3249 2673 3339 2726 τὸν
3379 2669 3669 2740 ἀσπασμὸν
3697 2668 3797 2736 τῆς
3830 2668 3954 2721 Μα-

717 2772 1511 2837 Elisabelh.exsultavitinl‘ans
1546 2774 1597 2825 in
1624 2782 1777 2825 utero
1807 2772 1961 2839 ejus;
1990 2780 2044 2823 et
2074 2770 2271 2835 repleta

2384 2769 2503 2840 ρίας
2534 2771 2567 2840 ἡ
2604 2767 2905 2828 Ἐλισάίετ,
2929 2765 3215 2837 ἐσκίρτησε
3245 2764 3305 2816 τὸ
3340 2762 3535 2832 βρέφος
3578 2762 3636 2813 ἐν
3662 2763 3730 2830 τῇ
3768 2758 3955 2827 κοιλια

717 2882 801 2925 est
836 2868 1035 2937 Spiritu
1087 2875 1272 2921 sancto
1327 2864 1625 2926 Eliszibctb,
1661 2870 1714 2916 ct
1768 2861 2092 2916 ext-laniavit
2147 2875 2276 2913 voce

2383 2862 2574 2932 αὑτῆςα
2615 2860 2706 2914 καὶ
2741 2857 2984 2929 ἐπλήσθη
3025 2857 3338 2927 Πνεύματος
3367 2854 3524 2923 ἁγίου
3571 2854 3603 2923 ὴ
3648 2851 3954 2916 Ἐλισάϐετ,

719 2975 929 3029 magna,
964 2968 1020 3013 et
1072 2955 1562 3011 dixitzBenedicla
1624 2964 1676 3006 tu
1719 2955 1859 3007 inter
1913 2952 2187 3016 mulieres,
2224 2959 2277 3003 et

2386 2957 2479 3010 κα]¹
2510 2952 2823 3021 ἀνεφώνησε
2882 2953 3033 3020 φωνῇ
3084 2948 3318 3021 μεγάλῃ,
3356 2947 3449 2999 καὶ
3489 2940 3675 2997 εἶπεν·
3712 2944 3958 3011 Εὐλογη-

720 3047 1030 3106 benedictns
1063 3048 1265 3101 fructus
1316 3046 1521 3099 ventris
1556 3044 1655 3099 tui.
1691 3042 1757 3099 Ει
1809 3046 1949 3096 unde
1996 3043 2098 3096 hoc
2123 3042 2273 3105 inihi,

2393 3050 2526 3118 μένη
2571 3046 2635 3097 σὺ
2679 3044 2736 3095 ἐν
2768 3041 3005 3108 γυναιξὶ,
3036 3041 3128 3092 καὶ
3155 3038 3517 3106 εὐλογημένος
3553 3037 3579 3087 0
3612 3033 3824 3105 καρπὸς
3858 3031 3958 3099 τῆς

721 3154 778 3197 ιιι
806 3142 985 3196 veniat
1039 3151 1216 3194 mater
1260 3140 1468 3194 Domini
1508 3139 1609 3191 mei
1642 3139 1706 3190 ad
1766 3154 1849 3191 uie
1877 3137 1968 3190 "?
2007 3155 2024 3187 ι
2064 3136 2276 3190 lnlerna

2390 3137 2594 3199 κοιλίας
2622 3134 2869 3187 σου.’Καὶ
2909 3132 3074 3185 πόθεν
3107 3149 3197 3199 μοι
3232 3130 3405 3191 τοῦτο,
3437 3130 3522 3181 ἵνα
3552 3127 3679 3198 ἔλθῃ
3706 3128 3745 3196 ἠ
3770 3127 3956 3195 μήτηρ

721 3234 814 3288 Dci
842 3234 1055 3300 energia
1080 3240 1134 3285 et
1165 3231 1238 3293 vi,
1261 3230 1557 3299 proiihetiae
1585 3230 1777 3282 donum
1808 3228 2089 3296 obtingere
2119 3227 2279 3280 alicui
2314 3199 2336 3251 ί

2343 3201 2351 3247 ⁵
2387 3227 2480 3281 τοῦ
2549 3225 2753 3294 Κυρίου
2820 3240 2920 3291 μου
2971 3221 3106 3292 πρός
3133 3237 3233 3291 με;
3271 3240 3288 3271 ι
3329 3218 3755 3288 Ἐνεργήσαντος
3820 3215 3958 3267 Θεοῦ

723 3334 925 3396 potest;
958 3340 1137 3389 secus,
1190 3337 1549 3390 nequaquam.
1607 3322 1737 3374 Cum
1816 3321 1978 3389 igitur
2030 3319 2285 3373 salutatio

2390 3314 2721 3386 προφητείας
2754 3313 2934 3382 χάριν,
2964 3311 3118 3363 ἔσται
3147 3327 3231 3372 τις
3258 3310 3541 3379 προφήτης
3564 3324 3576 3337 ⁸
3613 3307 3736 3359 καθ’
3768 3306 3961 3375 ἕτερον

722 3429 889 3470 sacris
922 3411 1156 3477 Virginis
1202 3411 1382 3465 Maria:
1436 3408 1616 3463 Jesum
1672 3424 1768 3477 per
1815 3409 1865 3462 id
1924 3412 2179 3476 temporis
2234 3409 2284 3460 in

2387 3408 2444 3460 δὲ
2458 3406 2678 3476 τρόπον,
2706 3400 3107 3472 ούδαμῶς.”οτε
3118 3401 3295 3454 τοίνυν
3320 3403 3348 3452 0
3365 3399 3654 3469 ἀσπασμὸς
3676 3398 3777 3465 τῆς
3798 3398 3960 3464 ἁγίας

726 3518 879 3561 utero
909 3506 1083 3558 adhuc
1102 3502 1382 3573 gestantis,
1411 3499 1671 3556 Joannem
1695 3500 1955 3555 maternis
1987 3498 2287 3554 visceribus

2391 3497 2662 3567 Παρθένου
2721 3495 2939 3565 Μαρίας
2992 3491 3363 3562 κυοφορούσης
3417 3490 3496 3543 ἐτι
3565 3489 3656 3541 τὸν
3710 3486 3964 3558 Ἰησοῦν,

728 3602 902 3655 adhuc
950 3599 1214 3654 inclusum
1269 3598 1334 3650 ad
1392 3596 1729 3665 pr0phetiam
1780 3595 2129 3661 promoverit,
2159 3610 2292 3663 quo-

2392 3590 2678 3658 κεκίνηκεν
2730 3588 2787 3638 ὲν
2836 3587 3017 3656 μήτρᾳ
3064 3586 3155 3637 τὸν
3188 3584 3444 3653 Ἰωάννην
3491 3584 3569 3645 εἰς
3599 3581 3960 3652 προφητείαν,

730 3690 885 3746 modo
935 3690 1182 3745 Christus
1238 3704 1343 3742 non
1394 3699 1477 3740 est
1518 3687 1680 3748 Deus,
1712 3687 1800 3753 qui
1848 3687 1988 3737 intra
2042 3684 2289 3752 virginea

2394 3680 2509 3742 πῶς
2552 3679 2612 3731 ού
2656 3678 2785 3740 Θεὸς
2829 3680 2855 3730 0
2902 3677 3155 3746 Χριστὸς,
3189 3676 3282 3729 καὶ
3331 3678 3388 3727 ἐν
3434 3676 3499 3745 τῇ
3550 3674 3651 3743 τῆς
3683 3670 3960 3742 Παρθένου

729 3786 958 3837 claustra
989 3782 1281 3833 etiamnum
1326 3778 1564 3838 latitans.
1588 3778 1764 3830 divina
1817 3778 1864 3829 vi
1893 3778 1958 3828 ad
1995 3776 2293 3845 prophetiae

2394 3770 2545 3839 νηδύϊ
2598 3770 2825 3837 κινήσας
2872 3767 3184 3838 θεοπρεπῶς
3232 3768 3312 3829 είς
3359 3763 3692 3836 προφητείας
3735 3761 3964 3830 δύναμιν

729 3874 954 3942 gratiam
985 3870 1276 3939 Baptistam
1337 3869 1556 3922 evexit?

1229 3886 1276 3923 ni
1337 3869 1556 3922 evexit?
2391 3861 2484 3913 τὸν
2514 3861 2844 3928 Βαπτιστήνς

805 3985 824 4016 ι
855 3962 1004 4017 Nunc
1039 3962 1270 4015 dimittis
1317 3975 1533 4014 servum
1583 3968 1754 4021 tuum,
1802 3956 2047 4019 Domine,
2098 3971 2294 4010 secun-

2472 3973 2489 4003 ι
2522 3952 2634 4005 Νῦν
2668 3952 2928 4012 ἀπολύεις
2958 3951 3047 4004 τὸν
3078 3950 3267 4003 δοῦλόν
3295 3965 3409 4011 σου,
3452 3947 3718 4007 Δέσποτα,
3746 3945 3889 3997 κατά
3909 3944 3966 3994 τ).

731 4062 856 4112 dum
897 4054 1115 4109 verbum
1173 4064 1345 4115 tuum,
1383 4051 1434 4105 in
1479 4066 1631 4119 pace.
1686 4049 1821 4116 Quia
1874 4050 2126 4103 viderunt
2157 4048 2294 4101 oculi

2582 4060 2697 4107 σου,
2735 4044 2791 4095 ἐν
2834 4044 3178 4112 εἰρήνῃ.”οτι
3211 4035 3349 4094 εἶδον
3381 4042 3429 4094 oi
3463 4038 3729 4108 ὀφθαλμοί
3773 4055 3873 4107 μου
3910 4036 3965 4087 τὺ

733 4147 834 4201 ιιιεὶ
867 4143 1117 4199 Salutare
1146 4152 1315 4195 tuum.
1345 4142 1497 4208 Quod
1527 4142 1726 4210 parasti
1778 4148 1902 4194 ante
1940 4140 2133 4193 faciem
2174 4152 2293 4192 om-

2400 4134 2675 4204 Σωτήριόν
2712 4151 2827 4186 σου·
2866 4134 2893 4185 ὃ
2923 4133 3223 4203 ἡτοίμασας
3250 4131 3391 4185 κατά
3430 4131 3720 4200 πρόσωπον
3753 4128 3965 4180 πάντων

734 4240 877 4292 nium
917 4234 1254 4305 populorum.
1290 4231 1494 4285 Lumen
1527 4231 1590 4284 ad
1628 4231 2006 4284 revelationem
2036 4230 2297 4297 gentium,

2400 4230 2506 4280 τῶν
2557 4226 2735 4280 λαῶν’
2788 4227 2903 4295 φῶς
2948 4227 3027 4287 είς
3070 4223 3410 4292 ἀποκάλυψιν
3450 4221 3639 4283 ὲθνῶν,
3676 4222 3771 4273 καὶ
3815 4219 3966 4283 δόξαν

734 4340 789 4383 et
834 4326 1063 4398 gloriam
1118 4323 1287 4392 plebis
1344 4331 1445 4374 tuae
1489 4320 1655 4375 Israel
1687 4322 1754 4376 ³³.
1787 4339 1805 4372 ι
1858 4320 2075 4373 Simeun
2118 4319 2301 4373 Jesum

2401 4322 2531 4375 λαοῦ
2569 4337 2660 4373 σου
2698 4319 2935 4391 Ἰσραήλ.
2970 4336 2987 4368 ι
3008 4318 3066 4370 '0
3090 4314 3303 4383 Συμεὼι
3330 4315 3420 4366 τὸν
3454 4312 3661 4383 Ἰησοῦν
3696 4313 3775 4369 είς
3799 4309 3968 4377 ἀγκά-

738 4396 875 4475 ἱιιιε-ι·
899 4418 1051 4470 ulnas
1079 4413 1411 4482 complexus,
1446 4410 1703 4478 ejusmodi
1752 4411 1819 4463 de
1852 4412 1968 4477 ipso
2001 4408 2173 4476 elogia
2210 4409 2301 4461 (ιε-

2403 4414 2500 4475 λας
2544 4412 2744 4473 λαῦὼν,
2774 4411 2842 4464 τὰ
2894 4408 3072 4462 τοιάδε
3122 4410 3251 4477 περὶ
3298 4405 3461 4459 αὐτοῦ
3509 4420 3665 4472 φησι.
3695 4399 3820 4462 [Ιῶς
3877 4396 3966 4451 0'1:

733 4508 1031 4581 promebat.
1056 4506 1124 4559 At
1156 4504 1424 4573 quomodo
1456 4502 1693 4556 salutare
1729 4509 1812 4553 est
1840 4540 1856 4563 ,
1890 4509 1983 4553 aut
2032 4500 2301 4566 quomodo
2330 4532 2348 4590 Ι

2353 4534 2379 4590 )
2406 4507 2521 4557 ἐστι
2567 4505 2832 4573 σωτήριον
2854 4542 2869 4566 ,
2903 4502 3021 4564 πῶς
3061 4499 3117 4553 δὲ
3164 4499 3276 4567 φῶς
3309 4500 3388 4559 εἰς
3413 4494 3763 4561 ἀποκάλυψιν.
3784 4491 3968 4549 ἐθνῶν,

736 4602 912 4655 lumen
947 4600 1011 4651 ad
1040 4596 1421 4651 revelationein
1445 4594 1681 4664 gentiqu
1712 4600 1812 4654 est,
1835 4592 1877 4644 si
1907 4606 2044 4643 unus
2064 4599 2118 4642 el
2151 4587 2303 4643 solus
2330 4582 2351 4590 “

2355 4582 2369 4589 ν
2407 4598 2455 4648 εἰ
2512 4594 2586 4665 μὴ
2632 4594 2764 4656 Θεός
2816 4595 2964 4646 ἐστιν
3012 4590 3245 4660 ἀληθῶς,
3294 4583 3373 4651 εἷς
3422 4588 3516 4640 καὶ
3579 4585 3738 4653 μόνος
3769 4583 3913 4643 Υιλις,
3946 4582 3970 4631 0

742 4705 899 4745 verus
955 4687 1124 4741 Filius
1175 4696 1229 4741 et
1298 4685 1439 4739 Deus
1494 4700 1599 4737 non
1652 4693 1764 4746 est,
1832 4694 2021 4735 natura
2077 4682 2298 4749 quidem

2409 4685 2566 4752 φύσει
2622 4684 2719 4754 μὲν
2771 4684 2836 4736 ἐκ
2884 4680 3097 4751 Πατρὸς
3141 4680 3216 4743 ὠς
3244 4679 3434 4745 Λόγος,
3461 4679 3523 4729 ὲκ
3550 4674 3827 4745 Παρθένου
3860 4671 3913 4723 δὲ
3947 4670 3970 4718 ὁ

740 4792 895 4835 natus
924 4794 987 4832 ex
1017 4777 1173 4831 Patre
1218 4788 1274 4829 ιιι
1313 4775 1567 4837 Verbum,
1603 4774 1896 4826 secundum
1954 4787 2169 4823 carnem
2208 4785 2302 4821 an-

2408 4775 2569 4837 αύτὸς
2619 4773 2762 4826 κατὰ
2810 4773 3017 4841 σάρκα;
3068 4770 3202 4823 Ποία
3234 4769 3342 4841 γὰρ
3373 4768 3597 4835 γέγονεν
3638 4760 3970 4827 ἀποκάλινςξιις

742 4878 851 4921 ιειιι
893 4875 1044 4920 ortus
1071 4881 1133 4918 ex
1173 4861 1429 4932 Virgine?
1457 4859 1587 4925 Qua:
1628 4875 1836 4913 rursum
1879 4858 2133 4911 revelatio
2168 4859 2301 4910 faeta

2408 4870 2517 4929 τοῖς
2551 4867 2779 4929 ἔθνεσιν,
2808 4865 2840 4934 ἢ
2876 4865 2960 4917 ἐπ’
2991 4862 3139 4931 αύτῷ
3167 4862 3412 4929 ἔγνωσαν
3445 4860 3526 4912 ὅτι
3554 4856 3689 4918 Θεός
3724 4856 3863 4914 ἐστι,
3887 4849 3972 4900 καὶ

746 4967 830 5010 est
870 4953 1136 5023 gentibus,
1182 4951 1283 5005 nisi
1338 4950 1479 5019 quod
1519 4951 1585 5001 de
1624 4949 1737 5017 ipso
1777 4959 2142 5018 cognoverunt
2183 4948 2305 5014 quia

2415 4956 2563 5026 αύτῷ
2602 4954 2987 5025 λατρεύσαντες
3016 4951 3213 5020 ἔφυγον
3248 4949 3316 5002 τὰ
3362 4948 3687 5017 ἐγκλήματα
3738 4941 3827 4994 τοῦ
3873 4934 3969 5002 θεῷ

746 5048 886 5102 Deus
931 5057 1012 5101 est
1063 5044 1410 5109 divinumque
1450 5039 1649 5092 cultum
1694 5038 1769 5093 illi
1810 5039 2211 5106 impendentes,
2253 5038 2306 5089 in

2413 5048 2694 5119 λατρεύειν
2724 5046 2895 5117 ἑτέρῳ
2923 5043 3072 5116 παρά
3099 5043 3192 5097 τὸν
3231 5042 3349 5107 ἕνα,
3378 5039 3477 5092 καὶ
3506 5037 3690 5107 φύσει,
3726 5037 3819 5087 καὶ
3848 5032 3971 5098 ἁλη-

752 5156 812 5193 ea
866 5138 1093 5191 crimina
1153 5149 1255 5189 non
1298 5131 1624 5193 inciderunt,
1677 5130 1729 5183 in
1779 5145 1899 5198 qua:
1938 5130 2014 5183 illi
2069 5129 2308 5182 incidere
2416 5139 2551 5204 θῶς

749 5231 943 5293 solent,
975 5228 1064 5298 qui
1091 5228 1244 5281 alteri
1281 5227 1379 5282 deo
1426 5238 1585 5293 quam
1615 5224 1704 5277 uni
1755 5223 1851 5288 illi,
1884 5222 1973 5291 qui
2024 5230 2213 5275 natura
2253 5229 2309 5273 et

751 5324 974 5379 veritate
1012 5321 1157 5375 Deus
1188 5328 1291 5385 est,
1329 5317 1610 5374 serviunt?

823 5477 866 5507 ”
900 5473 1033 5529 Luc.
1071 5488 1110 5539 ι,
1142 5471 1233 5537 52,
1270 5470 1359 5524 35.
1439 5471 1481 5501 ³ο
1512 5467 1637 5523 ibid.
1676 5466 1763 5529 54,
1793 5464 1887 5520 35.
1960 5463 2002 5494 ⁸³
2040 5462 2171 5518 ibid.
2202 5460 2395 5516 ιι-ιδ.

1439 5471 1481 5501 ³ο
1512 5467 1637 5523 ibid.
1676 5466 1763 5529 54,
1793 5464 1887 5520 35.
1960 5463 2002 5494 “
2040 5462 2171 5518 ibid.
2202 5460 2395 5516 ιιι-ιδ.
2469 5459 2511 5490 ³¹
2545 5457 2674 5513 Luc.
2697 5473 2733 5511 ιι
2759 5494 2774 5521 ,
2802 5456 2991 5515 ἳοοόἳ.

1801 5620 1970 5674 Variae
1997 5617 2257 5673 lectiones
2284 5616 2483 5671 codicis
2513 5611 2869 5683 Seguieriani.
