  <div class='ocr_page' id='page_1' title='image "/cluster/home/n/w/nwhite01/storage/ocr_20150623/76/uva.x030486937/648.png"; bbox 0 0 4086 6520; ppageno 0'>
   <div class='ocr_carea' id='block_1_1' title="bbox 218 430 364 487">
    <p class='ocr_par' dir='ltr' id='par_1_1' title="bbox 218 430 364 487">
     <span class='ocr_line' id='line_1_1' title="bbox 218 430 364 487; baseline 0.007 -3"><span class='ocrx_word' id='word_1_1' title='bbox 218 430 364 487; x_wconf 66' lang='lat'><strong>{277</strong></span> 
     </span>
    </p>
   </div>
   <div class='ocr_carea' id='block_1_2' title="bbox 1311 439 2336 504">
    <p class='ocr_par' dir='ltr' id='par_1_2' title="bbox 1311 439 2336 504">
     <span class='ocr_line' id='line_1_2' title="bbox 1311 439 2336 504; baseline 0.007 -11"><span class='ocrx_word' id='word_1_2' title='bbox 1311 439 1398 494; x_wconf 86' lang='lat' dir='ltr'><strong>DE</strong></span> <span class='ocrx_word' id='word_1_3' title='bbox 1438 441 1657 498; x_wconf 74' lang='lat' dir='ltr'><strong>RECTA</strong></span> <span class='ocrx_word' id='word_1_4' title='bbox 1700 446 1855 503; x_wconf 80' lang='lat' dir='ltr'><strong>FIDE</strong></span> <span class='ocrx_word' id='word_1_5' title='bbox 1893 450 1981 504; x_wconf 81' lang='lat' dir='ltr'><strong>AD</strong></span> <span class='ocrx_word' id='word_1_6' title='bbox 2023 445 2336 504; x_wconf 69' lang='lat' dir='ltr'><strong>REGINAS.</strong></span> 
     </span>
    </p>
   </div>
   <div class='ocr_carea' id='block_1_3' title="bbox 295 542 1849 631">
    <p class='ocr_par' dir='ltr' id='par_1_3' title="bbox 295 542 1849 631">
     <span class='ocr_line' id='line_1_3' title="bbox 295 542 1849 631; baseline 0.011 -38"><span class='ocrx_word' id='word_1_7' title='bbox 295 563 313 593; x_wconf 73' lang='grc' dir='ltr'><strong>ι</strong></span> <span class='ocrx_word' id='word_1_8' title='bbox 338 542 617 611; x_wconf 65' lang='grc' dir='ltr'>Ἐπιγνοὺς</span> <span class='ocrx_word' id='word_1_9' title='bbox 645 542 700 597; x_wconf 84' lang='grc' dir='ltr'><strong>δέ</strong></span> <span class='ocrx_word' id='word_1_10' title='bbox 735 545 762 596; x_wconf 82' lang='grc' dir='ltr'><strong>ὁ</strong></span> <span class='ocrx_word' id='word_1_11' title='bbox 799 546 1000 616; x_wconf 75' lang='grc' dir='ltr'>Ἰησοῦς</span> <span class='ocrx_word' id='word_1_12' title='bbox 1035 549 1157 611; x_wconf 76' lang='grc' dir='ltr'>τοὺς</span> <span class='ocrx_word' id='word_1_13' title='bbox 1178 549 1557 622; x_wconf 86' lang='grc' dir='ltr'>διαλογισμοὺς</span> <span class='ocrx_word' id='word_1_14' title='bbox 1580 557 1775 622; x_wconf 74' lang='grc' dir='ltr'>αὐτῶν,</span> <span class='ocrx_word' id='word_1_15' title='bbox 1809 579 1849 631; x_wconf 62' lang='grc' dir='ltr'><strong>Α</strong></span> 
     </span>
    </p>
   </div>
   <div class='ocr_carea' id='block_1_4' title="bbox 3300 449 3432 504">
    <p class='ocr_par' dir='ltr' id='par_1_4' title="bbox 3300 449 3432 504">
     <span class='ocr_line' id='line_1_4' title="bbox 3300 449 3432 504; baseline 0.03 -4"><span class='ocrx_word' id='word_1_16' title='bbox 3300 449 3432 504; x_wconf 76' lang='grc'><strong>1278</strong></span> 
     </span>
    </p>
   </div>
   <div class='ocr_carea' id='block_1_5' title="bbox 1953 551 3433 628">
    <p class='ocr_par' dir='ltr' id='par_1_5' title="bbox 1953 551 3433 628">
     <span class='ocr_line' id='line_1_5' title="bbox 1953 551 3433 628; baseline -0.003 -16"><span class='ocrx_word' id='word_1_17' title='bbox 1953 579 1970 612; x_wconf 79' lang='grc' dir='ltr'><strong>ι</strong></span> <span class='ocrx_word' id='word_1_18' title='bbox 2015 560 2083 616; x_wconf 87' lang='lat' dir='ltr'><strong>Ut</strong></span> <span class='ocrx_word' id='word_1_19' title='bbox 2111 557 2363 628; x_wconf 88' lang='lat' dir='ltr'><strong>cognovit</strong></span> <span class='ocrx_word' id='word_1_20' title='bbox 2417 563 2594 608; x_wconf 89' lang='lat' dir='ltr'><strong>autem</strong></span> <span class='ocrx_word' id='word_1_21' title='bbox 2618 551 2774 608; x_wconf 71' lang='lat' dir='ltr'><strong>Iesus</strong></span> <span class='ocrx_word' id='word_1_22' title='bbox 2823 551 3180 620; x_wconf 78' lang='lat' dir='ltr'><strong>cogitationes</strong></span> <span class='ocrx_word' id='word_1_23' title='bbox 3228 571 3433 620; x_wconf 81' lang='lat' dir='ltr'><strong>eorum,</strong></span> 
     </span>
    </p>
   </div>
   <div class='ocr_carea' id='block_1_6' title="bbox 217 632 1785 719">
    <p class='ocr_par' dir='ltr' id='par_1_6' title="bbox 217 632 1780 711">
     <span class='ocr_line' id='line_1_6' title="bbox 217 632 1780 711; baseline 0.008 -25"><span class='ocrx_word' id='word_1_24' title='bbox 217 634 537 706; x_wconf 77' lang='grc' dir='ltr'><strong>ἀποκριθεὶς</strong></span> <span class='ocrx_word' id='word_1_25' title='bbox 588 632 707 688; x_wconf 80' lang='grc' dir='ltr'>εἷπε</span> <span class='ocrx_word' id='word_1_26' title='bbox 759 639 893 707; x_wconf 81' lang='grc' dir='ltr'>πρὸς</span> <span class='ocrx_word' id='word_1_27' title='bbox 952 639 1182 703; x_wconf 75' lang='grc' dir='ltr'>αὐτούς’</span> <span class='ocrx_word' id='word_1_28' title='bbox 1219 641 1283 692; x_wconf 89' lang='grc' dir='ltr'><strong>Τί</strong></span> <span class='ocrx_word' id='word_1_29' title='bbox 1318 641 1686 711; x_wconf 74' lang='grc' dir='ltr'><strong>διαλογίζεσθε</strong></span> <span class='ocrx_word' id='word_1_30' title='bbox 1722 649 1780 698; x_wconf 85' lang='grc' dir='ltr'>ὲν</span> 
     </span>
    </p>
   </div>
   <div class='ocr_carea' id='block_1_7' title="bbox 1884 632 3442 719">
    <p class='ocr_par' dir='ltr' id='par_1_7' title="bbox 1884 642 3442 719">
     <span class='ocr_line' id='line_1_7' title="bbox 1884 642 3442 719; baseline -0.003 -15"><span class='ocrx_word' id='word_1_31' title='bbox 1884 651 2210 719; x_wconf 82' lang='lat' dir='ltr'><strong>reSpondens</strong></span> <span class='ocrx_word' id='word_1_32' title='bbox 2233 647 2368 701; x_wconf 81' lang='lat' dir='ltr'><strong>dixit</strong></span> <span class='ocrx_word' id='word_1_33' title='bbox 2398 646 2463 698; x_wconf 90' lang='lat' dir='ltr'><strong>ad</strong></span> <span class='ocrx_word' id='word_1_34' title='bbox 2499 645 2649 698; x_wconf 90' lang='lat' dir='ltr'><strong>illos:</strong></span> <span class='ocrx_word' id='word_1_35' title='bbox 2674 643 2810 708; x_wconf 85' lang='lat' dir='ltr'><strong>Quid</strong></span> <span class='ocrx_word' id='word_1_36' title='bbox 2832 642 3082 709; x_wconf 75' lang='lat' dir='ltr'><strong>cogitatis</strong></span> <span class='ocrx_word' id='word_1_37' title='bbox 3109 645 3161 697; x_wconf 91' lang='lat' dir='ltr'><strong>in</strong></span> <span class='ocrx_word' id='word_1_38' title='bbox 3188 646 3442 700; x_wconf 85' lang='lat' dir='ltr'><strong>cordibus</strong></span> 
     </span>
    </p>
   </div>
   <div class='ocr_carea' id='block_1_8' title="bbox 215 726 1776 804">
    <p class='ocr_par' dir='ltr' id='par_1_8' title="bbox 215 726 1776 804">
     <span class='ocr_line' id='line_1_8' title="bbox 215 726 1776 804; baseline 0.008 -28"><span class='ocrx_word' id='word_1_39' title='bbox 215 728 338 787; x_wconf 84' lang='grc' dir='ltr'>ταῖς</span> <span class='ocrx_word' id='word_1_40' title='bbox 373 726 618 797; x_wconf 84' lang='grc' dir='ltr'><strong>καρδίαις</strong></span> <span class='ocrx_word' id='word_1_41' title='bbox 650 727 838 797; x_wconf 73' lang='grc' dir='ltr'>ὑμῶν,</span> <span class='ocrx_word' id='word_1_42' title='bbox 870 730 934 782; x_wconf 90' lang='grc' dir='ltr'>Τί</span> <span class='ocrx_word' id='word_1_43' title='bbox 979 730 1127 781; x_wconf 85' lang='grc' dir='ltr'>ἐστιν</span> <span class='ocrx_word' id='word_1_44' title='bbox 1158 731 1531 804; x_wconf 82' lang='grc' dir='ltr'>εὐκοπώτερον</span> <span class='ocrx_word' id='word_1_45' title='bbox 1569 736 1742 788; x_wconf 69' lang='grc' dir='ltr'>εἰπεῖν</span> <span class='ocrx_word' id='word_1_46' title='bbox 1763 752 1776 766; x_wconf 72' lang='grc' dir='ltr'><strong>ο</strong></span> 
     </span>
    </p>
   </div>
   <div class='ocr_carea' id='block_1_9' title="bbox 230 816 1780 897">
    <p class='ocr_par' dir='ltr' id='par_1_9' title="bbox 230 816 1780 897">
     <span class='ocr_line' id='line_1_9' title="bbox 230 816 1780 897; baseline 0.008 -30"><span class='ocrx_word' id='word_1_47' title='bbox 230 816 530 884; x_wconf 77' lang='grc' dir='ltr'><strong>Ἀφέωνταί</strong></span> <span class='ocrx_word' id='word_1_48' title='bbox 559 836 640 872; x_wconf 91' lang='grc' dir='ltr'><strong>σοι</strong></span> <span class='ocrx_word' id='word_1_49' title='bbox 670 821 725 873; x_wconf 80' lang='grc' dir='ltr'>αἱ</span> <span class='ocrx_word' id='word_1_50' title='bbox 754 821 1014 889; x_wconf 79' lang='grc' dir='ltr'><strong>ἁμαρτίαι</strong></span> <span class='ocrx_word' id='word_1_51' title='bbox 1051 839 1141 874; x_wconf 91' lang='grc' dir='ltr'><strong>σου</strong></span> <span class='ocrx_word' id='word_1_52' title='bbox 1163 837 1178 850; x_wconf 75' lang='grc'><strong>⁸</strong></span> <span class='ocrx_word' id='word_1_53' title='bbox 1223 823 1254 892; x_wconf 81' lang='grc' dir='ltr'>ἢ</span> <span class='ocrx_word' id='word_1_54' title='bbox 1293 825 1463 876; x_wconf 77' lang='grc' dir='ltr'>εἰπεῖν</span> <span class='ocrx_word' id='word_1_55' title='bbox 1485 843 1497 857; x_wconf 87' lang='grc'><strong>·</strong></span> <span class='ocrx_word' id='word_1_56' title='bbox 1531 828 1780 897; x_wconf 85' lang='grc' dir='ltr'>Ἔγειραι</span> 
     </span>
    </p>
   </div>
   <div class='ocr_carea' id='block_1_10' title="bbox 218 905 1779 986">
    <p class='ocr_par' dir='ltr' id='par_1_10' title="bbox 218 905 1779 986">
     <span class='ocr_line' id='line_1_10' title="bbox 218 905 1779 986; baseline 0.009 -31"><span class='ocrx_word' id='word_1_57' title='bbox 218 905 313 956; x_wconf 82' lang='grc' dir='ltr'>καὶ</span> <span class='ocrx_word' id='word_1_58' title='bbox 346 907 669 974; x_wconf 82' lang='grc' dir='ltr'>περιπάτει;</span> <span class='ocrx_word' id='word_1_59' title='bbox 702 909 817 962; x_wconf 87' lang='grc' dir='ltr'>Ἰνα</span> <span class='ocrx_word' id='word_1_60' title='bbox 841 909 896 962; x_wconf 86' lang='grc' dir='ltr'><strong>δέ</strong></span> <span class='ocrx_word' id='word_1_61' title='bbox 925 911 1100 979; x_wconf 87' lang='grc' dir='ltr'>είδῆτε</span> <span class='ocrx_word' id='word_1_62' title='bbox 1129 912 1263 964; x_wconf 83' lang='grc' dir='ltr'>ὅτιὸ</span> <span class='ocrx_word' id='word_1_63' title='bbox 1294 912 1419 976; x_wconf 85' lang='grc' dir='ltr'>Υἱὸς</span> <span class='ocrx_word' id='word_1_64' title='bbox 1447 915 1540 968; x_wconf 89' lang='grc' dir='ltr'><strong>τοῦ</strong></span> <span class='ocrx_word' id='word_1_65' title='bbox 1571 915 1779 986; x_wconf 84' lang='grc' dir='ltr'>ἀνθρὼ-</span> 
     </span>
    </p>
   </div>
   <div class='ocr_carea' id='block_1_11' title="bbox 216 996 1780 1077">
    <p class='ocr_par' dir='ltr' id='par_1_11' title="bbox 216 996 1780 1077">
     <span class='ocr_line' id='line_1_11' title="bbox 216 996 1780 1077; baseline 0.01 -31"><span class='ocrx_word' id='word_1_66' title='bbox 216 1012 321 1048; x_wconf 88' lang='grc' dir='ltr'><strong>που</strong></span> <span class='ocrx_word' id='word_1_67' title='bbox 371 996 615 1063; x_wconf 77' lang='grc' dir='ltr'><strong>ἐξουσίαν</strong></span> <span class='ocrx_word' id='word_1_68' title='bbox 659 999 770 1069; x_wconf 81' lang='grc' dir='ltr'>ἔχει</span> <span class='ocrx_word' id='word_1_69' title='bbox 812 1000 904 1052; x_wconf 78' lang='grc' dir='ltr'><strong>ἐπὶ</strong></span> <span class='ocrx_word' id='word_1_70' title='bbox 949 1001 1048 1068; x_wconf 88' lang='grc' dir='ltr'><strong>τῆς</strong></span> <span class='ocrx_word' id='word_1_71' title='bbox 1097 1001 1201 1071; x_wconf 89' lang='grc' dir='ltr'><strong>γῆς</strong></span> <span class='ocrx_word' id='word_1_72' title='bbox 1249 1004 1466 1071; x_wconf 75' lang='grc' dir='ltr'><strong>ἀφιέναι</strong></span> <span class='ocrx_word' id='word_1_73' title='bbox 1511 1007 1780 1077; x_wconf 82' lang='grc' dir='ltr'>ἁμαρτίας</span> 
     </span>
    </p>
   </div>
   <div class='ocr_carea' id='block_1_12' title="bbox 218 1078 1780 1166">
    <p class='ocr_par' dir='ltr' id='par_1_12' title="bbox 218 1078 1780 1166">
     <span class='ocr_line' id='line_1_12' title="bbox 218 1078 1780 1166; baseline 0.008 -30"><span class='ocrx_word' id='word_1_74' title='bbox 218 1078 364 1151; x_wconf 77' lang='grc' dir='ltr'>(εἶπε</span> <span class='ocrx_word' id='word_1_75' title='bbox 391 1085 466 1156; x_wconf 85' lang='grc' dir='ltr'>τῷ</span> <span class='ocrx_word' id='word_1_76' title='bbox 497 1086 905 1158; x_wconf 78' lang='grc' dir='ltr'>παραλυτικῷ)·</span> <span class='ocrx_word' id='word_1_77' title='bbox 935 1088 1024 1140; x_wconf 89' lang='grc' dir='ltr'>Σοὶ</span> <span class='ocrx_word' id='word_1_78' title='bbox 1061 1087 1232 1158; x_wconf 84' lang='grc' dir='ltr'>λέγω,</span> <span class='ocrx_word' id='word_1_79' title='bbox 1260 1091 1488 1162; x_wconf 82' lang='grc' dir='ltr'>ἐγειραι,</span> <span class='ocrx_word' id='word_1_80' title='bbox 1520 1095 1615 1147; x_wconf 86' lang='grc' dir='ltr'><strong>καὶ</strong></span> <span class='ocrx_word' id='word_1_81' title='bbox 1643 1095 1780 1166; x_wconf 81' lang='grc' dir='ltr'>ἄρας</span> 
     </span>
    </p>
   </div>
   <div class='ocr_carea' id='block_1_13' title="bbox 215 1175 1779 1251">
    <p class='ocr_par' dir='ltr' id='par_1_13' title="bbox 215 1175 1779 1251">
     <span class='ocr_line' id='line_1_13' title="bbox 215 1175 1779 1251; baseline 0.007 -21"><span class='ocrx_word' id='word_1_82' title='bbox 215 1177 281 1230; x_wconf 79' lang='grc' dir='ltr'><strong>τὸ</strong></span> <span class='ocrx_word' id='word_1_83' title='bbox 313 1175 582 1248; x_wconf 73' lang='grc' dir='ltr'>κλινάριόν</span> <span class='ocrx_word' id='word_1_84' title='bbox 621 1196 737 1242; x_wconf 89' lang='grc' dir='ltr'>σου,</span> <span class='ocrx_word' id='word_1_85' title='bbox 774 1180 1003 1251; x_wconf 85' lang='grc' dir='ltr'>πορεύου</span> <span class='ocrx_word' id='word_1_86' title='bbox 1049 1182 1131 1246; x_wconf 83' lang='grc' dir='ltr'><strong>είς</strong></span> <span class='ocrx_word' id='word_1_87' title='bbox 1179 1183 1270 1236; x_wconf 87' lang='grc' dir='ltr'><strong>τὸν</strong></span> <span class='ocrx_word' id='word_1_88' title='bbox 1317 1181 1465 1239; x_wconf 72' lang='grc' dir='ltr'>οἶκόν</span> <span class='ocrx_word' id='word_1_89' title='bbox 1507 1202 1622 1242; x_wconf 88' lang='grc' dir='ltr'>σου.</span> <span class='ocrx_word' id='word_1_90' title='bbox 1658 1206 1675 1239; x_wconf 79' lang='lat' dir='ltr'><strong>t</strong></span> <span class='ocrx_word' id='word_1_91' title='bbox 1719 1189 1779 1241; x_wconf 81' lang='grc' dir='ltr'>Εί</span> 
     </span>
    </p>
   </div>
   <div class='ocr_carea' id='block_1_14' title="bbox 220 1267 1782 1349">
    <p class='ocr_par' dir='ltr' id='par_1_14' title="bbox 220 1267 1782 1349">
     <span class='ocr_line' id='line_1_14' title="bbox 220 1267 1782 1349; baseline 0.007 -30"><span class='ocrx_word' id='word_1_92' title='bbox 220 1267 380 1336; x_wconf 80' lang='grc' dir='ltr'><strong>μόνος</strong></span> <span class='ocrx_word' id='word_1_93' title='bbox 405 1271 553 1338; x_wconf 78' lang='grc' dir='ltr'>ἡμᾶς</span> <span class='ocrx_word' id='word_1_94' title='bbox 579 1270 907 1324; x_wconf 80' lang='grc' dir='ltr'>ἀπαλλάττει</span> <span class='ocrx_word' id='word_1_95' title='bbox 937 1273 966 1325; x_wconf 83' lang='grc' dir='ltr'><strong>ὀ</strong></span> <span class='ocrx_word' id='word_1_96' title='bbox 1001 1271 1107 1326; x_wconf 90' lang='grc' dir='ltr'><strong>τῶν</strong></span> <span class='ocrx_word' id='word_1_97' title='bbox 1144 1273 1280 1328; x_wconf 86' lang='grc' dir='ltr'>ὅλων</span> <span class='ocrx_word' id='word_1_98' title='bbox 1304 1276 1436 1340; x_wconf 82' lang='grc' dir='ltr'>Θεὸς</span> <span class='ocrx_word' id='word_1_99' title='bbox 1461 1278 1782 1349; x_wconf 81' lang='grc' dir='ltr'>πλημμελη-</span> 
     </span>
    </p>
   </div>
   <div class='ocr_carea' id='block_1_15' title="bbox 219 1357 1780 1437">
    <p class='ocr_par' dir='ltr' id='par_1_15' title="bbox 219 1357 1780 1437">
     <span class='ocr_line' id='line_1_15' title="bbox 219 1357 1780 1437; baseline 0.006 -26"><span class='ocrx_word' id='word_1_100' title='bbox 219 1357 433 1426; x_wconf 82' lang='grc' dir='ltr'><strong>μάτων,</strong></span> <span class='ocrx_word' id='word_1_101' title='bbox 467 1358 636 1428; x_wconf 80' lang='grc' dir='ltr'>ἐτέρῳ</span> <span class='ocrx_word' id='word_1_102' title='bbox 669 1358 965 1430; x_wconf 79' lang='grc' dir='ltr'>πρέποντος</span> <span class='ocrx_word' id='word_1_103' title='bbox 1011 1361 1199 1414; x_wconf 87' lang='grc' dir='ltr'>τούτου</span> <span class='ocrx_word' id='word_1_104' title='bbox 1245 1363 1469 1432; x_wconf 81' lang='grc' dir='ltr'>μηδενί·</span> <span class='ocrx_word' id='word_1_105' title='bbox 1503 1366 1780 1437; x_wconf 76' lang='grc' dir='ltr'>χαρίζεται</span> 
     </span>
    </p>
   </div>
   <div class='ocr_carea' id='block_1_16' title="bbox 217 1447 1780 1526">
    <p class='ocr_par' dir='ltr' id='par_1_16' title="bbox 217 1447 1780 1526">
     <span class='ocr_line' id='line_1_16' title="bbox 217 1447 1780 1526; baseline 0.008 -27"><span class='ocrx_word' id='word_1_106' title='bbox 217 1447 286 1500; x_wconf 70' lang='grc' dir='ltr'>δὲ</span> <span class='ocrx_word' id='word_1_107' title='bbox 313 1449 406 1501; x_wconf 81' lang='grc' dir='ltr'>καὶ</span> <span class='ocrx_word' id='word_1_108' title='bbox 431 1449 588 1502; x_wconf 83' lang='grc' dir='ltr'>τοῦτο</span> <span class='ocrx_word' id='word_1_109' title='bbox 607 1449 838 1521; x_wconf 76' lang='grc' dir='ltr'>Χριστὸς</span> <span class='ocrx_word' id='word_1_110' title='bbox 868 1453 983 1519; x_wconf 87' lang='grc' dir='ltr'>μετ’</span> <span class='ocrx_word' id='word_1_111' title='bbox 1004 1453 1248 1518; x_wconf 81' lang='grc' dir='ltr'>ἐξουσίας</span> <span class='ocrx_word' id='word_1_112' title='bbox 1280 1454 1640 1526; x_wconf 74' lang='grc' dir='ltr'>θεοπρεποῦςσ</span> <span class='ocrx_word' id='word_1_113' title='bbox 1665 1459 1780 1524; x_wconf 83' lang='grc' dir='ltr'><strong>πῶς</strong></span> 
     </span>
    </p>
   </div>
   <div class='ocr_carea' id='block_1_17' title="bbox 214 1537 1780 1619">
    <p class='ocr_par' dir='ltr' id='par_1_17' title="bbox 214 1537 1780 1619">
     <span class='ocr_line' id='line_1_17' title="bbox 214 1537 1780 1619; baseline 0.007 -28"><span class='ocrx_word' id='word_1_114' title='bbox 214 1539 319 1591; x_wconf 81' lang='grc' dir='ltr'><strong>οὐκ</strong></span> <span class='ocrx_word' id='word_1_115' title='bbox 361 1537 427 1592; x_wconf 80' lang='grc' dir='ltr'><strong>ἂν</strong></span> <span class='ocrx_word' id='word_1_116' title='bbox 476 1541 559 1611; x_wconf 71' lang='grc' dir='ltr'>εἴη</span> <span class='ocrx_word' id='word_1_117' title='bbox 606 1541 768 1608; x_wconf 85' lang='grc' dir='ltr'>Θεός;</span> <span class='ocrx_word' id='word_1_118' title='bbox 817 1541 1092 1613; x_wconf 84' lang='grc' dir='ltr'>Κέκληται</span> <span class='ocrx_word' id='word_1_119' title='bbox 1139 1545 1246 1616; x_wconf 76' lang='grc' dir='ltr'>γὰρ</span> <span class='ocrx_word' id='word_1_120' title='bbox 1290 1545 1417 1610; x_wconf 82' lang='grc' dir='ltr'>Υίὸς</span> <span class='ocrx_word' id='word_1_121' title='bbox 1470 1548 1780 1619; x_wconf 87' lang='grc' dir='ltr'>ἀνθρώπου,</span> 
     </span>
    </p>
   </div>
   <div class='ocr_carea' id='block_1_18' title="bbox 216 1629 1781 1703">
    <p class='ocr_par' dir='ltr' id='par_1_18' title="bbox 216 1629 1781 1703">
     <span class='ocr_line' id='line_1_18' title="bbox 216 1629 1781 1703; baseline 0.005 -22"><span class='ocrx_word' id='word_1_122' title='bbox 216 1629 497 1699; x_wconf 81' lang='grc' dir='ltr'>γεννηθεὶς</span> <span class='ocrx_word' id='word_1_123' title='bbox 532 1631 596 1684; x_wconf 85' lang='grc' dir='ltr'><strong>ἐκ</strong></span> <span class='ocrx_word' id='word_1_124' title='bbox 621 1630 876 1701; x_wconf 83' lang='grc' dir='ltr'>γυναικὸς</span> <span class='ocrx_word' id='word_1_125' title='bbox 902 1631 1042 1685; x_wconf 86' lang='grc' dir='ltr'>κατὰ</span> <span class='ocrx_word' id='word_1_126' title='bbox 1072 1632 1270 1703; x_wconf 80' lang='grc' dir='ltr'><strong>σάρκα,</strong></span> <span class='ocrx_word' id='word_1_127' title='bbox 1292 1634 1468 1688; x_wconf 81' lang='grc' dir='ltr'>καίτοι</span> <span class='ocrx_word' id='word_1_128' title='bbox 1498 1636 1627 1699; x_wconf 77' lang='grc' dir='ltr'>Θεὸς</span> <span class='ocrx_word' id='word_1_129' title='bbox 1653 1636 1728 1689; x_wconf 87' lang='grc' dir='ltr'><strong>ῶν</strong></span> <span class='ocrx_word' id='word_1_130' title='bbox 1753 1639 1781 1689; x_wconf 83' lang='grc' dir='ltr'><strong>ὁ</strong></span> 
     </span>
    </p>
   </div>
   <div class='ocr_carea' id='block_1_19' title="bbox 215 1718 408 1787">
    <p class='ocr_par' dir='ltr' id='par_1_19' title="bbox 215 1718 408 1787">
     <span class='ocr_line' id='line_1_19' title="bbox 215 1718 408 1787; baseline 0.016 -15"><span class='ocrx_word' id='word_1_131' title='bbox 215 1718 408 1787; x_wconf 78' lang='grc' dir='ltr'>Λόγος.</span> 
     </span>
    </p>
   </div>
   <div class='ocr_carea' id='block_1_20' title="bbox 295 1809 1780 1885">
    <p class='ocr_par' dir='ltr' id='par_1_20' title="bbox 295 1809 1780 1885">
     <span class='ocr_line' id='line_1_20' title="bbox 295 1809 1780 1885; baseline 0.006 -24"><span class='ocrx_word' id='word_1_132' title='bbox 295 1828 312 1860; x_wconf 77' lang='grc' dir='ltr'><strong>ι</strong></span> <span class='ocrx_word' id='word_1_133' title='bbox 346 1809 435 1862; x_wconf 84' lang='grc' dir='ltr'>Ἐν</span> <span class='ocrx_word' id='word_1_134' title='bbox 483 1812 666 1883; x_wconf 76' lang='grc' dir='ltr'>ἐκείνῃ</span> <span class='ocrx_word' id='word_1_135' title='bbox 704 1815 768 1883; x_wconf 83' lang='grc' dir='ltr'>τῇ</span> <span class='ocrx_word' id='word_1_136' title='bbox 816 1813 935 1885; x_wconf 80' lang='grc' dir='ltr'><strong>ὥρᾳ</strong></span> <span class='ocrx_word' id='word_1_137' title='bbox 975 1814 1316 1884; x_wconf 79' lang='grc' dir='ltr'>ἐθεράπευσε</span> <span class='ocrx_word' id='word_1_138' title='bbox 1402 1817 1627 1881; x_wconf 79' lang='grc' dir='ltr'>πολλοὺς</span> <span class='ocrx_word' id='word_1_139' title='bbox 1671 1818 1780 1871; x_wconf 82' lang='grc' dir='ltr'><strong>ἀπὸ</strong></span> 
     </span>
    </p>
   </div>
   <div class='ocr_carea' id='block_1_21' title="bbox 1878 733 3424 805">
    <p class='ocr_par' dir='ltr' id='par_1_21' title="bbox 1878 733 3424 805">
     <span class='ocr_line' id='line_1_21' title="bbox 1878 733 3424 805; baseline -0.003 -13"><span class='ocrx_word' id='word_1_140' title='bbox 1878 738 2268 805; x_wconf 80' lang='lat' dir='ltr'><strong>vestris?Quid</strong></span> <span class='ocrx_word' id='word_1_141' title='bbox 2304 747 2385 792; x_wconf 89' lang='lat' dir='ltr'><strong>est</strong></span> <span class='ocrx_word' id='word_1_142' title='bbox 2415 736 2623 792; x_wconf 81' lang='lat' dir='ltr'><strong>facilius</strong></span> <span class='ocrx_word' id='word_1_143' title='bbox 2668 735 2846 790; x_wconf 90' lang='lat' dir='ltr'><strong>dicere</strong></span> <span class='ocrx_word' id='word_1_144' title='bbox 2883 753 2894 788; x_wconf 93' lang='lat'><strong>:</strong></span> <span class='ocrx_word' id='word_1_145' title='bbox 2926 735 3038 804; x_wconf 78' lang='lat'><strong>89</strong></span> <span class='ocrx_word' id='word_1_146' title='bbox 3075 733 3424 788; x_wconf 71' lang='lat' dir='ltr'><strong>Dimittuntur</strong></span> 
     </span>
    </p>
   </div>
   <div class='ocr_carea' id='block_1_22' title="bbox 1880 825 3439 898">
    <p class='ocr_par' dir='ltr' id='par_1_22' title="bbox 1880 825 3439 898">
     <span class='ocr_line' id='line_1_22' title="bbox 1880 825 3439 898; baseline -0.003 -15"><span class='ocrx_word' id='word_1_147' title='bbox 1880 831 1972 885; x_wconf 83' lang='lat' dir='ltr'><strong>tibi</strong></span> <span class='ocrx_word' id='word_1_148' title='bbox 2013 839 2231 898; x_wconf 86' lang='lat' dir='ltr'><strong>peccata</strong></span> <span class='ocrx_word' id='word_1_149' title='bbox 2263 839 2388 892; x_wconf 87' lang='lat' dir='ltr'><strong>tua;</strong></span> <span class='ocrx_word' id='word_1_150' title='bbox 2429 844 2494 880; x_wconf 87' lang='lat' dir='ltr'><strong>an</strong></span> <span class='ocrx_word' id='word_1_151' title='bbox 2519 828 2737 880; x_wconf 82' lang='lat' dir='ltr'><strong>dicere:</strong></span> <span class='ocrx_word' id='word_1_152' title='bbox 2775 825 2947 895; x_wconf 84' lang='lat' dir='ltr'><strong>Surge</strong></span> <span class='ocrx_word' id='word_1_153' title='bbox 2989 837 3043 879; x_wconf 91' lang='lat' dir='ltr'><strong>et</strong></span> <span class='ocrx_word' id='word_1_154' title='bbox 3072 826 3331 879; x_wconf 79' lang='lat' dir='ltr'><strong>ambula?</strong></span> <span class='ocrx_word' id='word_1_155' title='bbox 3374 826 3439 879; x_wconf 84' lang='lat' dir='ltr'><strong>Ut</strong></span> 
     </span>
    </p>
   </div>
   <div class='ocr_carea' id='block_1_23' title="bbox 1877 918 3438 990">
    <p class='ocr_par' dir='ltr' id='par_1_23' title="bbox 1877 918 3438 990">
     <span class='ocr_line' id='line_1_23' title="bbox 1877 918 3438 990; baseline -0.005 -14"><span class='ocrx_word' id='word_1_156' title='bbox 1877 933 2054 976; x_wconf 90' lang='lat' dir='ltr'><strong>autem</strong></span> <span class='ocrx_word' id='word_1_157' title='bbox 2075 920 2280 984; x_wconf 82' lang='lat' dir='ltr'><strong>sciatis,</strong></span> <span class='ocrx_word' id='word_1_158' title='bbox 2315 920 2438 988; x_wconf 86' lang='lat' dir='ltr'><strong>quia</strong></span> <span class='ocrx_word' id='word_1_159' title='bbox 2469 918 2639 973; x_wconf 85' lang='lat' dir='ltr'><strong>Filius</strong></span> <span class='ocrx_word' id='word_1_160' title='bbox 2669 920 2902 975; x_wconf 85' lang='lat' dir='ltr'><strong>hominis</strong></span> <span class='ocrx_word' id='word_1_161' title='bbox 2932 928 3250 990; x_wconf 83' lang='lat' dir='ltr'><strong>potestatem</strong></span> <span class='ocrx_word' id='word_1_162' title='bbox 3283 919 3438 971; x_wconf 80' lang='lat' dir='ltr'><strong>habet</strong></span> 
     </span>
    </p>
   </div>
   <div class='ocr_carea' id='block_1_24' title="bbox 1879 1005 3438 1081">
    <p class='ocr_par' dir='ltr' id='par_1_24' title="bbox 1879 1005 3438 1081">
     <span class='ocr_line' id='line_1_24' title="bbox 1879 1005 3438 1081; baseline -0.004 -16"><span class='ocrx_word' id='word_1_163' title='bbox 1879 1012 1932 1066; x_wconf 91' lang='lat' dir='ltr'><strong>in</strong></span> <span class='ocrx_word' id='word_1_164' title='bbox 1966 1021 2107 1065; x_wconf 91' lang='lat' dir='ltr'><strong>terra</strong></span> <span class='ocrx_word' id='word_1_165' title='bbox 2147 1010 2448 1062; x_wconf 86' lang='lat' dir='ltr'><strong>dimittendi</strong></span> <span class='ocrx_word' id='word_1_166' title='bbox 2490 1021 2727 1077; x_wconf 87' lang='lat' dir='ltr'><strong>peccata,</strong></span> <span class='ocrx_word' id='word_1_167' title='bbox 2756 1011 2866 1081; x_wconf 85' lang='lat' dir='ltr'><strong>(ait</strong></span> <span class='ocrx_word' id='word_1_168' title='bbox 2915 1008 3241 1080; x_wconf 84' lang='lat' dir='ltr'><strong>paralytico)</strong></span> <span class='ocrx_word' id='word_1_169' title='bbox 3277 1022 3290 1060; x_wconf 91' lang='lat'><strong>:</strong></span> <span class='ocrx_word' id='word_1_170' title='bbox 3321 1005 3438 1059; x_wconf 82' lang='lat' dir='ltr'><strong>Tibi</strong></span> 
     </span>
    </p>
   </div>
   <div class='ocr_carea' id='block_1_25' title="bbox 1879 1099 3436 1169">
    <p class='ocr_par' dir='ltr' id='par_1_25' title="bbox 1879 1099 3436 1169">
     <span class='ocr_line' id='line_1_25' title="bbox 1879 1099 3436 1169; baseline -0.006 -14"><span class='ocrx_word' id='word_1_171' title='bbox 1879 1103 2020 1162; x_wconf 90' lang='lat' dir='ltr'><strong>dico.</strong></span> <span class='ocrx_word' id='word_1_172' title='bbox 2051 1114 2230 1169; x_wconf 85' lang='lat' dir='ltr'><strong>surge,</strong></span> <span class='ocrx_word' id='word_1_173' title='bbox 2253 1100 2377 1152; x_wconf 87' lang='lat' dir='ltr'><strong>tolle</strong></span> <span class='ocrx_word' id='word_1_174' title='bbox 2431 1099 2626 1153; x_wconf 86' lang='lat' dir='ltr'><strong>lectum</strong></span> <span class='ocrx_word' id='word_1_175' title='bbox 2659 1109 2826 1165; x_wconf 90' lang='lat' dir='ltr'><strong>tuum,</strong></span> <span class='ocrx_word' id='word_1_176' title='bbox 2855 1109 2909 1153; x_wconf 92' lang='lat' dir='ltr'><strong>et</strong></span> <span class='ocrx_word' id='word_1_177' title='bbox 2959 1100 3092 1151; x_wconf 87' lang='lat' dir='ltr'><strong>vade</strong></span> <span class='ocrx_word' id='word_1_178' title='bbox 3120 1099 3170 1150; x_wconf 93' lang='lat' dir='ltr'><strong>in</strong></span> <span class='ocrx_word' id='word_1_179' title='bbox 3225 1099 3436 1151; x_wconf 90' lang='lat' dir='ltr'><strong>domum</strong></span> 
     </span>
    </p>
   </div>
   <div class='ocr_carea' id='block_1_26' title="bbox 1882 1186 3438 1247">
    <p class='ocr_par' dir='ltr' id='par_1_26' title="bbox 1882 1186 3438 1247">
     <span class='ocr_line' id='line_1_26' title="bbox 1882 1186 3438 1247; baseline -0.004 -1"><span class='ocrx_word' id='word_1_180' title='bbox 1882 1202 2027 1247; x_wconf 89' lang='lat' dir='ltr'><strong>tuam</strong></span> <span class='ocrx_word' id='word_1_181' title='bbox 2060 1192 2124 1246; x_wconf 88' lang='grc'><strong>³³.</strong></span> <span class='ocrx_word' id='word_1_182' title='bbox 2160 1211 2178 1243; x_wconf 68' lang='grc' dir='ltr'><strong>ι</strong></span> <span class='ocrx_word' id='word_1_183' title='bbox 2206 1190 2262 1246; x_wconf 90' lang='lat' dir='ltr'><strong>Si</strong></span> <span class='ocrx_word' id='word_1_184' title='bbox 2290 1190 2435 1244; x_wconf 88' lang='lat' dir='ltr'><strong>solus</strong></span> <span class='ocrx_word' id='word_1_185' title='bbox 2470 1190 2842 1243; x_wconf 83' lang='lat' dir='ltr'><strong>universorum</strong></span> <span class='ocrx_word' id='word_1_186' title='bbox 2884 1187 3142 1243; x_wconf 91' lang='lat' dir='ltr'><strong>Dominus</strong></span> <span class='ocrx_word' id='word_1_187' title='bbox 3172 1202 3200 1240; x_wconf 85' lang='lat' dir='ltr'><strong>a</strong></span> <span class='ocrx_word' id='word_1_188' title='bbox 3234 1186 3438 1240; x_wconf 80' lang='lat' dir='ltr'><strong>delictis</strong></span> 
     </span>
    </p>
   </div>
   <div class='ocr_carea' id='block_1_27' title="bbox 1880 1278 3440 1352">
    <p class='ocr_par' dir='ltr' id='par_1_27' title="bbox 1880 1278 3440 1352">
     <span class='ocr_line' id='line_1_27' title="bbox 1880 1278 3440 1352; baseline -0.006 -15"><span class='ocrx_word' id='word_1_189' title='bbox 1880 1299 1976 1338; x_wconf 93' lang='lat' dir='ltr'><strong>nos</strong></span> <span class='ocrx_word' id='word_1_190' title='bbox 2000 1284 2202 1352; x_wconf 78' lang='lat' dir='ltr'><strong>expiat,</strong></span> <span class='ocrx_word' id='word_1_191' title='bbox 2233 1297 2330 1336; x_wconf 89' lang='lat' dir='ltr'><strong>nec</strong></span> <span class='ocrx_word' id='word_1_192' title='bbox 2376 1282 2427 1334; x_wconf 93' lang='lat' dir='ltr'><strong>in</strong></span> <span class='ocrx_word' id='word_1_193' title='bbox 2472 1280 2635 1334; x_wconf 91' lang='lat' dir='ltr'><strong>ullum</strong></span> <span class='ocrx_word' id='word_1_194' title='bbox 2685 1280 2848 1334; x_wconf 87' lang='lat' dir='ltr'><strong>alium</strong></span> <span class='ocrx_word' id='word_1_195' title='bbox 2903 1279 3040 1333; x_wconf 92' lang='lat' dir='ltr'><strong>istud</strong></span> <span class='ocrx_word' id='word_1_196' title='bbox 3083 1278 3355 1340; x_wconf 87' lang='lat' dir='ltr'><strong>convenit,</strong></span> <span class='ocrx_word' id='word_1_197' title='bbox 3386 1286 3440 1329; x_wconf 92' lang='lat' dir='ltr'><strong>et</strong></span> 
     </span>
    </p>
   </div>
   <div class='ocr_carea' id='block_1_28' title="bbox 1878 1370 3435 1436">
    <p class='ocr_par' dir='ltr' id='par_1_28' title="bbox 1878 1370 3435 1436">
     <span class='ocr_line' id='line_1_28' title="bbox 1878 1370 3435 1436; baseline -0.007 -7"><span class='ocrx_word' id='word_1_198' title='bbox 1878 1374 2125 1429; x_wconf 82' lang='lat' dir='ltr'><strong>Christus</strong></span> <span class='ocrx_word' id='word_1_199' title='bbox 2178 1388 2298 1426; x_wconf 90' lang='lat' dir='ltr'><strong>cum</strong></span> <span class='ocrx_word' id='word_1_200' title='bbox 2357 1371 2536 1425; x_wconf 85' lang='lat' dir='ltr'><strong>divina</strong></span> <span class='ocrx_word' id='word_1_201' title='bbox 2589 1370 2915 1424; x_wconf 80' lang='lat' dir='ltr'><strong>auctoritate</strong></span> <span class='ocrx_word' id='word_1_202' title='bbox 2962 1371 3063 1424; x_wconf 90' lang='lat' dir='ltr'><strong>hoc</strong></span> <span class='ocrx_word' id='word_1_203' title='bbox 3094 1371 3266 1436; x_wconf 88' lang='lat' dir='ltr'><strong>ipsum</strong></span> <span class='ocrx_word' id='word_1_204' title='bbox 3301 1382 3435 1435; x_wconf 73' lang='lat' dir='ltr'><strong>pra:-</strong></span> 
     </span>
    </p>
   </div>
   <div class='ocr_carea' id='block_1_29' title="bbox 1880 1455 3438 1531">
    <p class='ocr_par' dir='ltr' id='par_1_29' title="bbox 1880 1455 3438 1531">
     <span class='ocr_line' id='line_1_29' title="bbox 1880 1455 3438 1531; baseline -0.007 -13"><span class='ocrx_word' id='word_1_205' title='bbox 1880 1471 1982 1518; x_wconf 87' lang='lat' dir='ltr'><strong>stat</strong></span> <span class='ocrx_word' id='word_1_206' title='bbox 2029 1479 2043 1514; x_wconf 90' lang='lat'><strong>:</strong></span> <span class='ocrx_word' id='word_1_207' title='bbox 2080 1463 2169 1531; x_wconf 92' lang='lat' dir='ltr'><strong>qui</strong></span> <span class='ocrx_word' id='word_1_208' title='bbox 2197 1462 2309 1516; x_wconf 86' lang='lat' dir='ltr'><strong>fieri</strong></span> <span class='ocrx_word' id='word_1_209' title='bbox 2340 1470 2533 1530; x_wconf 83' lang='lat' dir='ltr'><strong>potest,</strong></span> <span class='ocrx_word' id='word_1_210' title='bbox 2565 1472 2622 1514; x_wconf 92' lang='lat' dir='ltr'><strong>ut</strong></span> <span class='ocrx_word' id='word_1_211' title='bbox 2664 1461 2806 1514; x_wconf 90' lang='lat' dir='ltr'><strong>Deus</strong></span> <span class='ocrx_word' id='word_1_212' title='bbox 2851 1475 2955 1515; x_wconf 90' lang='lat' dir='ltr'><strong>non</strong></span> <span class='ocrx_word' id='word_1_213' title='bbox 3012 1459 3278 1513; x_wconf 77' lang='lat' dir='ltr'><strong>exsistat?</strong></span> <span class='ocrx_word' id='word_1_214' title='bbox 3307 1455 3438 1510; x_wconf 86' lang='lat' dir='ltr'><strong>Nam</strong></span> 
     </span>
    </p>
   </div>
   <div class='ocr_carea' id='block_1_30' title="bbox 1881 1548 3440 1619">
    <p class='ocr_par' dir='ltr' id='par_1_30' title="bbox 1881 1548 3440 1619">
     <span class='ocr_line' id='line_1_30' title="bbox 1881 1548 3440 1619; baseline -0.005 -13"><span class='ocrx_word' id='word_1_215' title='bbox 1881 1553 1981 1606; x_wconf 89' lang='lat' dir='ltr'><strong>ctsi</strong></span> <span class='ocrx_word' id='word_1_216' title='bbox 2012 1550 2269 1613; x_wconf 71' lang='lat' dir='ltr'><strong>Verbum,</strong></span> <span class='ocrx_word' id='word_1_217' title='bbox 2304 1551 2444 1619; x_wconf 91' lang='lat' dir='ltr'><strong>quod</strong></span> <span class='ocrx_word' id='word_1_218' title='bbox 2495 1551 2787 1604; x_wconf 86' lang='lat' dir='ltr'><strong>secundum</strong></span> <span class='ocrx_word' id='word_1_219' title='bbox 2837 1565 3054 1604; x_wconf 88' lang='lat' dir='ltr'><strong>carnem</strong></span> <span class='ocrx_word' id='word_1_220' title='bbox 3099 1563 3164 1602; x_wconf 80' lang='lat' dir='ltr'><strong>ex</strong></span> <span class='ocrx_word' id='word_1_221' title='bbox 3219 1548 3440 1602; x_wconf 83' lang='lat' dir='ltr'><strong>muliere</strong></span> 
     </span>
    </p>
   </div>
   <div class='ocr_carea' id='block_1_31' title="bbox 1883 1641 3437 1711">
    <p class='ocr_par' dir='ltr' id='par_1_31' title="bbox 1883 1641 3437 1711">
     <span class='ocr_line' id='line_1_31' title="bbox 1883 1641 3437 1711; baseline -0.005 -15"><span class='ocrx_word' id='word_1_222' title='bbox 1883 1653 2066 1697; x_wconf 87' lang='lat' dir='ltr'><strong>natum</strong></span> <span class='ocrx_word' id='word_1_223' title='bbox 2119 1651 2222 1704; x_wconf 92' lang='lat' dir='ltr'><strong>est,</strong></span> <span class='ocrx_word' id='word_1_224' title='bbox 2252 1641 2370 1695; x_wconf 85' lang='lat' dir='ltr'><strong>Filii</strong></span> <span class='ocrx_word' id='word_1_225' title='bbox 2407 1641 2640 1696; x_wconf 84' lang='lat' dir='ltr'><strong>hominis</strong></span> <span class='ocrx_word' id='word_1_226' title='bbox 2684 1641 3050 1711; x_wconf 81' lang='lat' dir='ltr'><strong>appellatiOne</strong></span> <span class='ocrx_word' id='word_1_227' title='bbox 3107 1641 3437 1709; x_wconf 77' lang='lat' dir='ltr'><strong>designetur,</strong></span> 
     </span>
    </p>
   </div>
   <div class='ocr_carea' id='block_1_32' title="bbox 1889 1729 2715 1788">
    <p class='ocr_par' dir='ltr' id='par_1_32' title="bbox 1889 1729 2715 1788">
     <span class='ocr_line' id='line_1_32' title="bbox 1889 1729 2715 1788; baseline -0.005 0"><span class='ocrx_word' id='word_1_228' title='bbox 1889 1733 2228 1788; x_wconf 88' lang='lat' dir='ltr'><strong>nihilominus</strong></span> <span class='ocrx_word' id='word_1_229' title='bbox 2259 1742 2434 1785; x_wconf 91' lang='lat' dir='ltr'><strong>tamen</strong></span> <span class='ocrx_word' id='word_1_230' title='bbox 2454 1729 2594 1785; x_wconf 88' lang='lat' dir='ltr'><strong>Deus</strong></span> <span class='ocrx_word' id='word_1_231' title='bbox 2615 1743 2715 1784; x_wconf 89' lang='lat' dir='ltr'><strong>est.</strong></span> 
     </span>
    </p>
   </div>
   <div class='ocr_carea' id='block_1_33' title="bbox 1957 1817 3435 1894">
    <p class='ocr_par' dir='ltr' id='par_1_33' title="bbox 1957 1817 3435 1894">
     <span class='ocr_line' id='line_1_33' title="bbox 1957 1817 3435 1894; baseline -0.003 -18"><span class='ocrx_word' id='word_1_232' title='bbox 1957 1844 1975 1876; x_wconf 74' lang='grc' dir='ltr'><strong>ι</strong></span> <span class='ocrx_word' id='word_1_233' title='bbox 2005 1826 2059 1879; x_wconf 92' lang='lat' dir='ltr'><strong>lu</strong></span> <span class='ocrx_word' id='word_1_234' title='bbox 2080 1827 2190 1894; x_wconf 85' lang='lat' dir='ltr'><strong>ipsa</strong></span> <span class='ocrx_word' id='word_1_235' title='bbox 2216 1825 2347 1878; x_wconf 89' lang='lat' dir='ltr'><strong>hora</strong></span> <span class='ocrx_word' id='word_1_236' title='bbox 2372 1832 2550 1877; x_wconf 87' lang='lat' dir='ltr'><strong>autem</strong></span> <span class='ocrx_word' id='word_1_237' title='bbox 2581 1823 2775 1877; x_wconf 90' lang='lat' dir='ltr'><strong>multos</strong></span> <span class='ocrx_word' id='word_1_238' title='bbox 2795 1823 2999 1877; x_wconf 85' lang='lat' dir='ltr'><strong>curavit</strong></span> <span class='ocrx_word' id='word_1_239' title='bbox 3020 1839 3045 1874; x_wconf 87' lang='lat' dir='ltr'><strong>a</strong></span> <span class='ocrx_word' id='word_1_240' title='bbox 3072 1817 3435 1886; x_wconf 81' lang='lat' dir='ltr'><strong>languoribus,</strong></span> 
     </span>
    </p>
   </div>
   <div class='ocr_carea' id='block_1_34' title="bbox 216 1887 1785 1985">
    <p class='ocr_par' dir='ltr' id='par_1_34' title="bbox 216 1887 1784 1979">
     <span class='ocr_line' id='line_1_34' title="bbox 216 1887 1784 1979; baseline 0.007 -28"><span class='ocrx_word' id='word_1_241' title='bbox 216 1898 414 1964; x_wconf 75' lang='grc' dir='ltr'>νόσων,</span> <span class='ocrx_word' id='word_1_242' title='bbox 445 1903 537 1954; x_wconf 89' lang='grc' dir='ltr'><strong>καὶ</strong></span> <span class='ocrx_word' id='word_1_243' title='bbox 568 1887 871 1971; x_wconf 81' lang='grc' dir='ltr'>μαστίγων,</span> <span class='ocrx_word' id='word_1_244' title='bbox 906 1905 1000 1957; x_wconf 88' lang='grc' dir='ltr'>καὶ</span> <span class='ocrx_word' id='word_1_245' title='bbox 1030 1906 1360 1976; x_wconf 84' lang='grc' dir='ltr'>πνευμάτων</span> <span class='ocrx_word' id='word_1_246' title='bbox 1389 1909 1666 1979; x_wconf 82' lang='grc' dir='ltr'>πονηρῶν·</span> <span class='ocrx_word' id='word_1_247' title='bbox 1692 1911 1784 1962; x_wconf 89' lang='grc' dir='ltr'><strong>καὶ</strong></span> 
     </span>
    </p>
   </div>
   <div class='ocr_carea' id='block_1_35' title="bbox 1884 1887 3437 1985">
    <p class='ocr_par' dir='ltr' id='par_1_35' title="bbox 1885 1911 3437 1985">
     <span class='ocr_line' id='line_1_35' title="bbox 1885 1911 3437 1985; baseline -0.008 -15"><span class='ocrx_word' id='word_1_248' title='bbox 1885 1925 1937 1970; x_wconf 90' lang='lat' dir='ltr'><strong>et</strong></span> <span class='ocrx_word' id='word_1_249' title='bbox 1962 1916 2153 1985; x_wconf 80' lang='lat' dir='ltr'><strong>plagis,</strong></span> <span class='ocrx_word' id='word_1_250' title='bbox 2188 1925 2242 1969; x_wconf 88' lang='lat' dir='ltr'><strong>et</strong></span> <span class='ocrx_word' id='word_1_251' title='bbox 2274 1914 2557 1984; x_wconf 87' lang='lat' dir='ltr'><strong>spiritibus</strong></span> <span class='ocrx_word' id='word_1_252' title='bbox 2594 1913 2844 1974; x_wconf 89' lang='lat' dir='ltr'><strong>malis,et</strong></span> <span class='ocrx_word' id='word_1_253' title='bbox 2876 1915 3032 1965; x_wconf 68' lang='lat' dir='ltr'><strong>caecis</strong></span> <span class='ocrx_word' id='word_1_254' title='bbox 3061 1912 3239 1964; x_wconf 80' lang='lat' dir='ltr'><strong>amitis</strong></span> <span class='ocrx_word' id='word_1_255' title='bbox 3272 1911 3437 1960; x_wconf 83' lang='lat' dir='ltr'><strong>dona-</strong></span> 
     </span>
    </p>
   </div>
   <div class='ocr_carea' id='block_1_36' title="bbox 215 1990 1779 2067">
    <p class='ocr_par' dir='ltr' id='par_1_36' title="bbox 215 1990 1779 2067">
     <span class='ocr_line' id='line_1_36' title="bbox 215 1990 1779 2067; baseline 0.008 -25"><span class='ocrx_word' id='word_1_256' title='bbox 215 1990 442 2060; x_wconf 81' lang='grc' dir='ltr'>τυφλοῖς</span> <span class='ocrx_word' id='word_1_257' title='bbox 482 1993 696 2057; x_wconf 73' lang='grc' dir='ltr'>πολλοῖς</span> <span class='ocrx_word' id='word_1_258' title='bbox 739 1997 1032 2066; x_wconf 80' lang='grc' dir='ltr'>ἐχαρίσατο</span> <span class='ocrx_word' id='word_1_259' title='bbox 1072 1998 1133 2050; x_wconf 82' lang='grc' dir='ltr'>τὸ</span> <span class='ocrx_word' id='word_1_260' title='bbox 1181 1999 1419 2067; x_wconf 82' lang='grc' dir='ltr'>βλέπειν.</span> <span class='ocrx_word' id='word_1_261' title='bbox 1482 2003 1590 2055; x_wconf 83' lang='grc' dir='ltr'><strong>Καὶ</strong></span> <span class='ocrx_word' id='word_1_262' title='bbox 1641 2004 1779 2056; x_wconf 78' lang='grc' dir='ltr'><strong>ἀπο⁶</strong></span> 
     </span>
    </p>
   </div>
   <div class='ocr_carea' id='block_1_37' title="bbox 218 2078 1782 2159">
    <p class='ocr_par' dir='ltr' id='par_1_37' title="bbox 218 2078 1782 2159">
     <span class='ocr_line' id='line_1_37' title="bbox 218 2078 1782 2159; baseline 0.009 -27"><span class='ocrx_word' id='word_1_263' title='bbox 218 2081 429 2150; x_wconf 80' lang='grc' dir='ltr'>κριθεὶς</span> <span class='ocrx_word' id='word_1_264' title='bbox 483 2078 634 2136; x_wconf 75' lang='grc' dir='ltr'>εἶπεν</span> <span class='ocrx_word' id='word_1_265' title='bbox 685 2085 908 2147; x_wconf 72' lang='grc' dir='ltr'>αὐτοῖς*</span> <span class='ocrx_word' id='word_1_266' title='bbox 985 2087 1344 2156; x_wconf 77' lang='grc' dir='ltr'>Πορευθέντες</span> <span class='ocrx_word' id='word_1_267' title='bbox 1413 2092 1782 2159; x_wconf 82' lang='grc' dir='ltr'>ἀπαγγείλατε</span> 
     </span>
    </p>
   </div>
   <div class='ocr_carea' id='block_1_38' title="bbox 231 2169 1780 2248">
    <p class='ocr_par' dir='ltr' id='par_1_38' title="bbox 231 2169 1780 2248">
     <span class='ocr_line' id='line_1_38' title="bbox 231 2169 1780 2248; baseline 0.008 -24"><span class='ocrx_word' id='word_1_268' title='bbox 231 2169 452 2244; x_wconf 77' lang='grc' dir='ltr'>Ἰωάννῃ</span> <span class='ocrx_word' id='word_1_269' title='bbox 478 2172 515 2227; x_wconf 79' lang='grc' dir='ltr'><strong>ἀ</strong></span> <span class='ocrx_word' id='word_1_270' title='bbox 545 2175 712 2227; x_wconf 85' lang='grc' dir='ltr'>εῐδετε</span> <span class='ocrx_word' id='word_1_271' title='bbox 753 2176 850 2228; x_wconf 89' lang='grc' dir='ltr'>καὶ</span> <span class='ocrx_word' id='word_1_272' title='bbox 877 2175 1145 2244; x_wconf 79' lang='grc' dir='ltr'>ἠκούσατε</span> <span class='ocrx_word' id='word_1_273' title='bbox 1165 2194 1182 2210; x_wconf 77' lang='grc' dir='ltr'><strong>ο</strong></span> <span class='ocrx_word' id='word_1_274' title='bbox 1216 2179 1300 2232; x_wconf 81' lang='grc' dir='ltr'><strong>ὅτι</strong></span> <span class='ocrx_word' id='word_1_275' title='bbox 1330 2181 1520 2248; x_wconf 87' lang='grc' dir='ltr'>τυφλοὶ</span> <span class='ocrx_word' id='word_1_276' title='bbox 1549 2184 1780 2237; x_wconf 78' lang='grc' dir='ltr'>ἀναϐλέ-</span> 
     </span>
    </p>
   </div>
   <div class='ocr_carea' id='block_1_39' title="bbox 218 2265 1783 2341">
    <p class='ocr_par' dir='ltr' id='par_1_39' title="bbox 218 2265 1783 2341">
     <span class='ocr_line' id='line_1_39' title="bbox 218 2265 1783 2341; baseline 0.008 -26"><span class='ocrx_word' id='word_1_277' title='bbox 218 2280 410 2327; x_wconf 90' lang='grc' dir='ltr'>πουσι,</span> <span class='ocrx_word' id='word_1_278' title='bbox 440 2265 601 2335; x_wconf 90' lang='grc' dir='ltr'>χωλοὶ</span> <span class='ocrx_word' id='word_1_279' title='bbox 628 2267 1006 2338; x_wconf 78' lang='grc' dir='ltr'>περιπατοῦσι,</span> <span class='ocrx_word' id='word_1_280' title='bbox 1029 2267 1220 2338; x_wconf 90' lang='grc' dir='ltr'>λεπροὶ</span> <span class='ocrx_word' id='word_1_281' title='bbox 1243 2271 1652 2341; x_wconf 76' lang='grc' dir='ltr'>καθαρίζονται,</span> <span class='ocrx_word' id='word_1_282' title='bbox 1675 2291 1783 2327; x_wconf 82' lang='grc' dir='ltr'>κω-</span> 
     </span>
    </p>
   </div>
   <div class='ocr_carea' id='block_1_40' title="bbox 219 2354 1780 2430">
    <p class='ocr_par' dir='ltr' id='par_1_40' title="bbox 219 2354 1780 2430">
     <span class='ocr_line' id='line_1_40' title="bbox 219 2354 1780 2430; baseline 0.005 -23"><span class='ocrx_word' id='word_1_283' title='bbox 219 2354 314 2420; x_wconf 84' lang='grc' dir='ltr'><strong>φοὶ</strong></span> <span class='ocrx_word' id='word_1_284' title='bbox 358 2354 644 2419; x_wconf 79' lang='grc' dir='ltr'>ἀκούουσι,</span> <span class='ocrx_word' id='word_1_285' title='bbox 671 2359 853 2426; x_wconf 87' lang='grc' dir='ltr'>νεκροὶ</span> <span class='ocrx_word' id='word_1_286' title='bbox 896 2356 1222 2428; x_wconf 77' lang='grc' dir='ltr'>ἐγείρονται,</span> <span class='ocrx_word' id='word_1_287' title='bbox 1259 2361 1465 2430; x_wconf 87' lang='grc' dir='ltr'>πτωχοὶ</span> <span class='ocrx_word' id='word_1_288' title='bbox 1491 2363 1780 2430; x_wconf 70' lang='grc' dir='ltr'>εὐαγγελία-</span> 
     </span>
    </p>
   </div>
   <div class='ocr_carea' id='block_1_41' title="bbox 218 2445 1777 2523">
    <p class='ocr_par' dir='ltr' id='par_1_41' title="bbox 218 2445 1777 2523">
     <span class='ocr_line' id='line_1_41' title="bbox 218 2445 1777 2523; baseline 0.006 -27"><span class='ocrx_word' id='word_1_289' title='bbox 218 2445 424 2507; x_wconf 81' lang='grc' dir='ltr'>ζονται.</span> <span class='ocrx_word' id='word_1_290' title='bbox 457 2446 566 2498; x_wconf 85' lang='grc' dir='ltr'>Καὶ</span> <span class='ocrx_word' id='word_1_291' title='bbox 601 2447 868 2518; x_wconf 83' lang='grc' dir='ltr'>μακάριός</span> <span class='ocrx_word' id='word_1_292' title='bbox 897 2449 1062 2509; x_wconf 86' lang='grc' dir='ltr'>ἐστιν,</span> <span class='ocrx_word' id='word_1_293' title='bbox 1107 2447 1165 2511; x_wconf 86' lang='grc' dir='ltr'>ὃς</span> <span class='ocrx_word' id='word_1_294' title='bbox 1202 2449 1268 2502; x_wconf 85' lang='grc' dir='ltr'><strong>ἂν</strong></span> <span class='ocrx_word' id='word_1_295' title='bbox 1303 2450 1376 2521; x_wconf 80' lang='grc' dir='ltr'>μὴ</span> <span class='ocrx_word' id='word_1_296' title='bbox 1419 2452 1777 2523; x_wconf 78' lang='grc' dir='ltr'>σκανδαλισθῇ</span> 
     </span>
    </p>
   </div>
   <div class='ocr_carea' id='block_1_42' title="bbox 223 2533 1778 2614">
    <p class='ocr_par' dir='ltr' id='par_1_42' title="bbox 223 2533 1778 2614">
     <span class='ocr_line' id='line_1_42' title="bbox 223 2533 1778 2614; baseline 0.007 -29"><span class='ocrx_word' id='word_1_297' title='bbox 223 2533 286 2585; x_wconf 70' lang='grc' dir='ltr'><strong>ἐν</strong></span> <span class='ocrx_word' id='word_1_298' title='bbox 311 2535 455 2606; x_wconf 78' lang='grc' dir='ltr'>ἐμοί.</span> <span class='ocrx_word' id='word_1_299' title='bbox 484 2554 503 2588; x_wconf 75' lang='lat' dir='ltr'><strong>t</strong></span> <span class='ocrx_word' id='word_1_300' title='bbox 521 2535 744 2607; x_wconf 79' lang='grc' dir='ltr'>Ἔργοις</span> <span class='ocrx_word' id='word_1_301' title='bbox 775 2538 956 2599; x_wconf 79' lang='grc' dir='ltr'>αὐτοῖς</span> <span class='ocrx_word' id='word_1_302' title='bbox 989 2539 1258 2603; x_wconf 79' lang='grc' dir='ltr'>ἐπιδείξας</span> <span class='ocrx_word' id='word_1_303' title='bbox 1291 2541 1479 2594; x_wconf 83' lang='grc' dir='ltr'>ἐαυτὸν</span> <span class='ocrx_word' id='word_1_304' title='bbox 1501 2545 1528 2595; x_wconf 85' lang='grc' dir='ltr'>ὁ</span> <span class='ocrx_word' id='word_1_305' title='bbox 1553 2543 1778 2614; x_wconf 83' lang='grc' dir='ltr'>Χριστὸς</span> 
     </span>
    </p>
   </div>
   <div class='ocr_carea' id='block_1_43' title="bbox 219 2624 1781 2705">
    <p class='ocr_par' dir='ltr' id='par_1_43' title="bbox 219 2624 1781 2705">
     <span class='ocr_line' id='line_1_43' title="bbox 219 2624 1781 2705; baseline 0.006 -28"><span class='ocrx_word' id='word_1_306' title='bbox 219 2624 334 2678; x_wconf 89' lang='grc' dir='ltr'><strong>τῶν</strong></span> <span class='ocrx_word' id='word_1_307' title='bbox 361 2627 681 2700; x_wconf 89' lang='grc' dir='ltr'>θεοπρεπῶν</span> <span class='ocrx_word' id='word_1_308' title='bbox 711 2628 1250 2700; x_wconf 85' lang='grc' dir='ltr'>μεγαλουργημάτων</span> <span class='ocrx_word' id='word_1_309' title='bbox 1287 2632 1669 2705; x_wconf 81' lang='grc' dir='ltr'>ἀποτελεστὴν,</span> <span class='ocrx_word' id='word_1_310' title='bbox 1702 2635 1781 2696; x_wconf 85' lang='grc' dir='ltr'><strong>είς</strong></span> 
     </span>
    </p>
   </div>
   <div class='ocr_carea' id='block_1_44' title="bbox 219 2716 1783 2794">
    <p class='ocr_par' dir='ltr' id='par_1_44' title="bbox 219 2716 1783 2794">
     <span class='ocr_line' id='line_1_44' title="bbox 219 2716 1783 2794; baseline 0.004 -24"><span class='ocrx_word' id='word_1_311' title='bbox 219 2716 527 2788; x_wconf 80' lang='grc' dir='ltr'>ἀνάμνησιν</span> <span class='ocrx_word' id='word_1_312' title='bbox 557 2720 817 2789; x_wconf 74' lang='grc' dir='ltr'>ἀναφέρει</span> <span class='ocrx_word' id='word_1_313' title='bbox 844 2722 950 2774; x_wconf 89' lang='grc' dir='ltr'><strong>τῶν</strong></span> <span class='ocrx_word' id='word_1_314' title='bbox 993 2723 1293 2794; x_wconf 76' lang='grc' dir='ltr'>εἰρημένων</span> <span class='ocrx_word' id='word_1_315' title='bbox 1322 2725 1407 2778; x_wconf 79' lang='grc' dir='ltr'>διὰ</span> <span class='ocrx_word' id='word_1_316' title='bbox 1441 2725 1621 2793; x_wconf 83' lang='grc' dir='ltr'>φωνῆς</span> <span class='ocrx_word' id='word_1_317' title='bbox 1653 2741 1783 2793; x_wconf 75' lang='grc' dir='ltr'>προσ</span> 
     </span>
    </p>
   </div>
   <div class='ocr_carea' id='block_1_45' title="bbox 222 2807 1778 2884">
    <p class='ocr_par' dir='ltr' id='par_1_45' title="bbox 222 2807 1778 2884">
     <span class='ocr_line' id='line_1_45' title="bbox 222 2807 1778 2884; baseline 0.002 -23"><span class='ocrx_word' id='word_1_318' title='bbox 222 2807 414 2876; x_wconf 84' lang='grc' dir='ltr'>φητῶν</span> <span class='ocrx_word' id='word_1_319' title='bbox 446 2809 573 2880; x_wconf 86' lang='grc' dir='ltr'>περὶ</span> <span class='ocrx_word' id='word_1_320' title='bbox 601 2809 940 2882; x_wconf 82' lang='grc' dir='ltr'>αὑτοῦ.”Εφη</span> <span class='ocrx_word' id='word_1_321' title='bbox 966 2813 1146 2866; x_wconf 80' lang='grc' dir='ltr'>τοίνυν</span> <span class='ocrx_word' id='word_1_322' title='bbox 1179 2815 1208 2866; x_wconf 81' lang='grc' dir='ltr'>ὁ</span> <span class='ocrx_word' id='word_1_323' title='bbox 1242 2817 1510 2884; x_wconf 85' lang='grc' dir='ltr'>μακάριος</span> <span class='ocrx_word' id='word_1_324' title='bbox 1533 2814 1778 2876; x_wconf 75' lang='grc' dir='ltr'>Ἡσαΐας·</span> 
     </span>
    </p>
   </div>
   <div class='ocr_carea' id='block_1_46' title="bbox 230 2901 1785 2977">
    <p class='ocr_par' dir='ltr' id='par_1_46' title="bbox 230 2901 1785 2977">
     <span class='ocr_line' id='line_1_46' title="bbox 230 2901 1785 2977; baseline 0.006 -25"><span class='ocrx_word' id='word_1_325' title='bbox 230 2918 252 2952; x_wconf 72' lang='grc' dir='ltr'><strong>ι</strong></span> <span class='ocrx_word' id='word_1_326' title='bbox 276 2901 568 2971; x_wconf 76' lang='grc' dir='ltr'>Ίσχύσατε,</span> <span class='ocrx_word' id='word_1_327' title='bbox 602 2905 780 2972; x_wconf 85' lang='grc' dir='ltr'>χεῖρες</span> <span class='ocrx_word' id='word_1_328' title='bbox 814 2904 1114 2974; x_wconf 84' lang='grc' dir='ltr'>ἀνειμέναι,</span> <span class='ocrx_word' id='word_1_329' title='bbox 1134 2907 1226 2958; x_wconf 82' lang='grc' dir='ltr'><strong>καὶ</strong></span> <span class='ocrx_word' id='word_1_330' title='bbox 1255 2908 1456 2974; x_wconf 88' lang='grc' dir='ltr'>γόνατα</span> <span class='ocrx_word' id='word_1_331' title='bbox 1482 2907 1785 2977; x_wconf 82' lang='grc' dir='ltr'>παραλελυ-</span> 
     </span>
    </p>
   </div>
   <div class='ocr_carea' id='block_1_47' title="bbox 227 2990 1784 3069">
    <p class='ocr_par' dir='ltr' id='par_1_47' title="bbox 227 2990 1784 3069">
     <span class='ocr_line' id='line_1_47' title="bbox 227 2990 1784 3069; baseline 0.004 -24"><span class='ocrx_word' id='word_1_332' title='bbox 227 2991 387 3062; x_wconf 76' lang='grc' dir='ltr'>μένα.</span> <span class='ocrx_word' id='word_1_333' title='bbox 419 3011 439 3044; x_wconf 76' lang='grc' dir='ltr'><strong>ι</strong></span> <span class='ocrx_word' id='word_1_334' title='bbox 475 2990 610 3047; x_wconf 77' lang='grc' dir='ltr'>Εἶτα</span> <span class='ocrx_word' id='word_1_335' title='bbox 640 2996 919 3065; x_wconf 73' lang='grc' dir='ltr'>μονονουχὶ</span> <span class='ocrx_word' id='word_1_336' title='bbox 962 2998 1056 3048; x_wconf 88' lang='grc' dir='ltr'>καὶ</span> <span class='ocrx_word' id='word_1_337' title='bbox 1102 3001 1260 3068; x_wconf 85' lang='grc' dir='ltr'>χεῖρα</span> <span class='ocrx_word' id='word_1_338' title='bbox 1287 3000 1586 3069; x_wconf 76' lang='grc' dir='ltr'>προτείνων</span> <span class='ocrx_word' id='word_1_339' title='bbox 1615 3017 1784 3052; x_wconf 83' lang='grc' dir='ltr'>κατα-</span> 
     </span>
    </p>
   </div>
   <div class='ocr_carea' id='block_1_48' title="bbox 219 3081 1785 3155">
    <p class='ocr_par' dir='ltr' id='par_1_48' title="bbox 219 3081 1785 3155">
     <span class='ocr_line' id='line_1_48' title="bbox 219 3081 1785 3155; baseline 0.003 -21"><span class='ocrx_word' id='word_1_340' title='bbox 219 3081 465 3136; x_wconf 74' lang='grc' dir='ltr'>δείκνυσι</span> <span class='ocrx_word' id='word_1_341' title='bbox 502 3084 594 3137; x_wconf 79' lang='grc' dir='ltr'><strong>τὸν</strong></span> <span class='ocrx_word' id='word_1_342' title='bbox 645 3084 1027 3155; x_wconf 82' lang='grc' dir='ltr'>Ἐμμανουὴλ,</span> <span class='ocrx_word' id='word_1_343' title='bbox 1072 3085 1214 3138; x_wconf 77' lang='grc' dir='ltr'>οὕτω</span> <span class='ocrx_word' id='word_1_344' title='bbox 1260 3085 1466 3154; x_wconf 70' lang='grc' dir='ltr'>λέγων*</span> <span class='ocrx_word' id='word_1_345' title='bbox 1507 3105 1525 3138; x_wconf 79' lang='lat' dir='ltr'><strong>t</strong></span> <span class='ocrx_word' id='word_1_346' title='bbox 1577 3088 1705 3142; x_wconf 73' lang='grc' dir='ltr'>Ἰδοὺ</span> <span class='ocrx_word' id='word_1_347' title='bbox 1756 3087 1785 3139; x_wconf 87' lang='grc' dir='ltr'>ὁ</span> 
     </span>
    </p>
   </div>
   <div class='ocr_carea' id='block_1_49' title="bbox 223 3171 1784 3246">
    <p class='ocr_par' dir='ltr' id='par_1_49' title="bbox 223 3171 1784 3246">
     <span class='ocr_line' id='line_1_49' title="bbox 223 3171 1784 3246; baseline 0.004 -21"><span class='ocrx_word' id='word_1_348' title='bbox 223 3171 360 3234; x_wconf 76' lang='grc' dir='ltr'>Θεὸς</span> <span class='ocrx_word' id='word_1_349' title='bbox 383 3173 560 3243; x_wconf 77' lang='grc' dir='ltr'>ἡμῶν,</span> <span class='ocrx_word' id='word_1_350' title='bbox 595 3175 702 3228; x_wconf 75' lang='grc' dir='ltr'>ἰδοὺ</span> <span class='ocrx_word' id='word_1_351' title='bbox 745 3176 948 3246; x_wconf 81' lang='grc' dir='ltr'>Κύριος</span> <span class='ocrx_word' id='word_1_352' title='bbox 978 3175 1115 3246; x_wconf 84' lang='grc' dir='ltr'><strong>μετά</strong></span> <span class='ocrx_word' id='word_1_353' title='bbox 1145 3176 1327 3245; x_wconf 81' lang='grc' dir='ltr'>ἰσχύος</span> <span class='ocrx_word' id='word_1_354' title='bbox 1359 3175 1599 3246; x_wconf 81' lang='grc' dir='ltr'>ἔρχεται,</span> <span class='ocrx_word' id='word_1_355' title='bbox 1630 3179 1724 3231; x_wconf 84' lang='grc' dir='ltr'><strong>καὶ</strong></span> <span class='ocrx_word' id='word_1_356' title='bbox 1756 3181 1784 3232; x_wconf 82' lang='grc' dir='ltr'><strong>ὀ</strong></span> 
     </span>
    </p>
   </div>
   <div class='ocr_carea' id='block_1_50' title="bbox 225 3253 1849 3339">
    <p class='ocr_par' dir='ltr' id='par_1_50' title="bbox 225 3253 1849 3339">
     <span class='ocr_line' id='line_1_50' title="bbox 225 3253 1849 3339; baseline 0.005 -23"><span class='ocrx_word' id='word_1_357' title='bbox 225 3263 466 3334; x_wconf 82' lang='grc' dir='ltr'>βραχίων</span> <span class='ocrx_word' id='word_1_358' title='bbox 506 3268 645 3336; x_wconf 86' lang='grc' dir='ltr'><strong>μετά</strong></span> <span class='ocrx_word' id='word_1_359' title='bbox 691 3269 930 3338; x_wconf 85' lang='grc' dir='ltr'>κυρείας.</span> <span class='ocrx_word' id='word_1_360' title='bbox 963 3287 980 3320; x_wconf 74' lang='grc' dir='ltr'><strong>ι</strong></span> <span class='ocrx_word' id='word_1_361' title='bbox 1015 3271 1158 3338; x_wconf 86' lang='grc' dir='ltr'>Ἔφη</span> <span class='ocrx_word' id='word_1_362' title='bbox 1195 3270 1251 3321; x_wconf 74' lang='grc' dir='ltr'>δὲ</span> <span class='ocrx_word' id='word_1_363' title='bbox 1300 3271 1392 3322; x_wconf 87' lang='grc' dir='ltr'><strong>καὶ</strong></span> <span class='ocrx_word' id='word_1_364' title='bbox 1430 3273 1488 3322; x_wconf 83' lang='grc' dir='ltr'><strong>ἐν</strong></span> <span class='ocrx_word' id='word_1_365' title='bbox 1535 3272 1776 3339; x_wconf 78' lang='grc' dir='ltr'>ἑτέροις,</span> <span class='ocrx_word' id='word_1_366' title='bbox 1809 3253 1849 3308; x_wconf 77' lang='lat' dir='ltr'>C</span> 
     </span>
    </p>
   </div>
   <div class='ocr_carea' id='block_1_51' title="bbox 219 3357 1786 3431">
    <p class='ocr_par' dir='ltr' id='par_1_51' title="bbox 219 3357 1786 3431">
     <span class='ocr_line' id='line_1_51' title="bbox 219 3357 1786 3431; baseline 0.004 -22"><span class='ocrx_word' id='word_1_367' title='bbox 219 3357 309 3410; x_wconf 78' lang='grc' dir='ltr'><strong>ὅτι</strong></span> <span class='ocrx_word' id='word_1_368' title='bbox 340 3375 358 3409; x_wconf 81' lang='lat' dir='ltr'><strong>t</strong></span> <span class='ocrx_word' id='word_1_369' title='bbox 394 3357 527 3410; x_wconf 88' lang='grc' dir='ltr'>Τότε</span> <span class='ocrx_word' id='word_1_370' title='bbox 554 3359 962 3431; x_wconf 86' lang='grc' dir='ltr'>ἀνοιχθήσονται</span> <span class='ocrx_word' id='word_1_371' title='bbox 987 3360 1255 3431; x_wconf 84' lang='grc' dir='ltr'>ὀφθαλμοὶ</span> <span class='ocrx_word' id='word_1_372' title='bbox 1280 3361 1517 3428; x_wconf 84' lang='grc' dir='ltr'>τυφλῶν,</span> <span class='ocrx_word' id='word_1_373' title='bbox 1553 3363 1646 3414; x_wconf 83' lang='grc' dir='ltr'><strong>καὶ</strong></span> <span class='ocrx_word' id='word_1_374' title='bbox 1674 3357 1786 3415; x_wconf 84' lang='grc' dir='ltr'><strong>ῶτα</strong></span> 
     </span>
    </p>
   </div>
   <div class='ocr_carea' id='block_1_52' title="bbox 223 3445 1784 3519">
    <p class='ocr_par' dir='ltr' id='par_1_52' title="bbox 223 3445 1784 3519">
     <span class='ocr_line' id='line_1_52' title="bbox 223 3445 1784 3519; baseline 0.001 -19"><span class='ocrx_word' id='word_1_375' title='bbox 223 3445 427 3514; x_wconf 79' lang='grc' dir='ltr'>κωφῶν</span> <span class='ocrx_word' id='word_1_376' title='bbox 466 3445 786 3501; x_wconf 85' lang='grc' dir='ltr'>ἀκούσονται</span> <span class='ocrx_word' id='word_1_377' title='bbox 807 3466 821 3481; x_wconf 76' lang='grc' dir='ltr'><strong>ο</strong></span> <span class='ocrx_word' id='word_1_378' title='bbox 857 3451 974 3502; x_wconf 76' lang='grc' dir='ltr'>τότε</span> <span class='ocrx_word' id='word_1_379' title='bbox 1025 3451 1229 3503; x_wconf 84' lang='grc' dir='ltr'>ἀλεῖται</span> <span class='ocrx_word' id='word_1_380' title='bbox 1257 3449 1426 3519; x_wconf 76' lang='grc' dir='ltr'>χωλὸς</span> <span class='ocrx_word' id='word_1_381' title='bbox 1455 3449 1530 3511; x_wconf 89' lang='grc' dir='ltr'>ὼς</span> <span class='ocrx_word' id='word_1_382' title='bbox 1565 3450 1784 3518; x_wconf 79' lang='grc' dir='ltr'>ἔλαφος,</span> 
     </span>
    </p>
   </div>
   <div class='ocr_carea' id='block_1_53' title="bbox 220 3532 1786 3609">
    <p class='ocr_par' dir='ltr' id='par_1_53' title="bbox 220 3532 1786 3609">
     <span class='ocr_line' id='line_1_53' title="bbox 220 3532 1786 3609; baseline 0.001 -22"><span class='ocrx_word' id='word_1_383' title='bbox 220 3532 322 3588; x_wconf 75' lang='grc' dir='ltr'>καὶ</span> <span class='ocrx_word' id='word_1_384' title='bbox 379 3535 550 3606; x_wconf 81' lang='grc' dir='ltr'>τρανὴ</span> <span class='ocrx_word' id='word_1_385' title='bbox 599 3535 752 3589; x_wconf 79' lang='grc' dir='ltr'>ἔσται</span> <span class='ocrx_word' id='word_1_386' title='bbox 798 3536 1018 3604; x_wconf 83' lang='grc' dir='ltr'>γλῶσσα</span> <span class='ocrx_word' id='word_1_387' title='bbox 1065 3539 1385 3609; x_wconf 83' lang='grc' dir='ltr'>μογιλάλων.</span> <span class='ocrx_word' id='word_1_388' title='bbox 1419 3556 1437 3589; x_wconf 73' lang='grc' dir='ltr'><strong>ι</strong></span> <span class='ocrx_word' id='word_1_389' title='bbox 1495 3539 1604 3590; x_wconf 73' lang='grc' dir='ltr'>Καὶ</span> <span class='ocrx_word' id='word_1_390' title='bbox 1655 3539 1786 3607; x_wconf 80' lang='grc' dir='ltr'>πρὸς</span> 
     </span>
    </p>
   </div>
   <div class='ocr_carea' id='block_1_54' title="bbox 220 3625 1786 3700">
    <p class='ocr_par' dir='ltr' id='par_1_54' title="bbox 220 3625 1786 3700">
     <span class='ocr_line' id='line_1_54' title="bbox 220 3625 1786 3700; baseline 0.002 -21"><span class='ocrx_word' id='word_1_391' title='bbox 220 3625 435 3690; x_wconf 84' lang='grc' dir='ltr'>τούτοις</span> <span class='ocrx_word' id='word_1_392' title='bbox 460 3626 540 3679; x_wconf 72' lang='grc' dir='ltr'>ἔτι</span> <span class='ocrx_word' id='word_1_393' title='bbox 561 3643 575 3658; x_wconf 84' lang='grc'><strong>·</strong></span> <span class='ocrx_word' id='word_1_394' title='bbox 612 3645 630 3678; x_wconf 79' lang='lat' dir='ltr'><strong>t</strong></span> <span class='ocrx_word' id='word_1_395' title='bbox 675 3628 1092 3697; x_wconf 78' lang='grc' dir='ltr'>Ἀναστήσονται</span> <span class='ocrx_word' id='word_1_396' title='bbox 1121 3633 1169 3685; x_wconf 75' lang='grc' dir='ltr'><strong>οἱ</strong></span> <span class='ocrx_word' id='word_1_397' title='bbox 1212 3631 1415 3700; x_wconf 87' lang='grc' dir='ltr'>νεκροὶ,</span> <span class='ocrx_word' id='word_1_398' title='bbox 1443 3631 1536 3682; x_wconf 78' lang='grc' dir='ltr'><strong>καὶ</strong></span> <span class='ocrx_word' id='word_1_399' title='bbox 1565 3629 1786 3700; x_wconf 81' lang='grc' dir='ltr'>ἐγερθή-</span> 
     </span>
    </p>
   </div>
   <div class='ocr_carea' id='block_1_55' title="bbox 224 3720 1784 3792">
    <p class='ocr_par' dir='ltr' id='par_1_55' title="bbox 224 3720 1784 3792">
     <span class='ocr_line' id='line_1_55' title="bbox 224 3720 1784 3792; baseline -0.002 -18"><span class='ocrx_word' id='word_1_400' title='bbox 224 3737 410 3774; x_wconf 85' lang='grc' dir='ltr'>σονται</span> <span class='ocrx_word' id='word_1_401' title='bbox 439 3721 488 3774; x_wconf 79' lang='grc' dir='ltr'><strong>οί</strong></span> <span class='ocrx_word' id='word_1_402' title='bbox 519 3721 576 3773; x_wconf 85' lang='grc' dir='ltr'><strong>ἐν</strong></span> <span class='ocrx_word' id='word_1_403' title='bbox 604 3722 717 3782; x_wconf 85' lang='grc' dir='ltr'>τοῖς</span> <span class='ocrx_word' id='word_1_404' title='bbox 751 3722 1036 3791; x_wconf 72' lang='grc' dir='ltr'>μνημείοις</span> <span class='ocrx_word' id='word_1_405' title='bbox 1058 3739 1070 3752; x_wconf 77' lang='grc'><strong><em>⁸</em></strong></span> <span class='ocrx_word' id='word_1_406' title='bbox 1115 3724 1149 3792; x_wconf 77' lang='grc' dir='ltr'>ἠ</span> <span class='ocrx_word' id='word_1_407' title='bbox 1177 3723 1286 3792; x_wconf 85' lang='grc' dir='ltr'>γὰρ</span> <span class='ocrx_word' id='word_1_408' title='bbox 1325 3721 1514 3790; x_wconf 89' lang='grc' dir='ltr'>δρόσος</span> <span class='ocrx_word' id='word_1_409' title='bbox 1557 3721 1587 3789; x_wconf 77' lang='grc' dir='ltr'>ἡ</span> <span class='ocrx_word' id='word_1_410' title='bbox 1635 3720 1784 3789; x_wconf 83' lang='grc' dir='ltr'><strong>παρά</strong></span> 
     </span>
    </p>
   </div>
   <div class='ocr_carea' id='block_1_56' title="bbox 223 3811 1785 3885">
    <p class='ocr_par' dir='ltr' id='par_1_56' title="bbox 223 3811 1785 3885">
     <span class='ocr_line' id='line_1_56' title="bbox 223 3811 1785 3885; baseline -0.002 -18"><span class='ocrx_word' id='word_1_411' title='bbox 223 3811 346 3876; x_wconf 84' lang='grc' dir='ltr'>σοῦ,</span> <span class='ocrx_word' id='word_1_412' title='bbox 394 3812 531 3885; x_wconf 74' lang='grc' dir='ltr'>ἴαμα</span> <span class='ocrx_word' id='word_1_413' title='bbox 575 3813 758 3875; x_wconf 75' lang='grc' dir='ltr'>αὐτοῖς</span> <span class='ocrx_word' id='word_1_414' title='bbox 801 3816 969 3866; x_wconf 85' lang='grc' dir='ltr'>ἐστιν.</span> <span class='ocrx_word' id='word_1_415' title='bbox 1013 3833 1030 3866; x_wconf 73' lang='grc' dir='ltr'><strong>ο</strong></span> <span class='ocrx_word' id='word_1_416' title='bbox 1077 3816 1221 3883; x_wconf 85' lang='grc' dir='ltr'>Ἔφη</span> <span class='ocrx_word' id='word_1_417' title='bbox 1273 3813 1330 3864; x_wconf 78' lang='grc' dir='ltr'>δὲ</span> <span class='ocrx_word' id='word_1_418' title='bbox 1376 3813 1538 3865; x_wconf 76' lang='grc' dir='ltr'>πάλιν</span> <span class='ocrx_word' id='word_1_419' title='bbox 1582 3811 1674 3865; x_wconf 81' lang='grc' dir='ltr'><strong>καὶ</strong></span> <span class='ocrx_word' id='word_1_420' title='bbox 1721 3814 1785 3864; x_wconf 84' lang='grc' dir='ltr'>ἐκ</span> 
     </span>
    </p>
   </div>
   <div class='ocr_carea' id='block_1_57' title="bbox 223 3896 1784 3974">
    <p class='ocr_par' dir='ltr' id='par_1_57' title="bbox 223 3896 1784 3974">
     <span class='ocr_line' id='line_1_57' title="bbox 223 3896 1784 3974; baseline -0.001 -17"><span class='ocrx_word' id='word_1_421' title='bbox 223 3903 521 3974; x_wconf 81' lang='grc' dir='ltr'>προσώπου</span> <span class='ocrx_word' id='word_1_422' title='bbox 568 3903 804 3974; x_wconf 78' lang='grc' dir='ltr'>Χριστοῦ</span> <span class='ocrx_word' id='word_1_423' title='bbox 827 3921 839 3935; x_wconf 77' lang='grc' dir='ltr'><strong>ο</strong></span> <span class='ocrx_word' id='word_1_424' title='bbox 875 3924 892 3954; x_wconf 79' lang='grc' dir='ltr'><strong>ι</strong></span> <span class='ocrx_word' id='word_1_425' title='bbox 931 3906 1152 3974; x_wconf 82' lang='grc' dir='ltr'>Πνεῦμα</span> <span class='ocrx_word' id='word_1_426' title='bbox 1182 3903 1386 3974; x_wconf 80' lang='grc' dir='ltr'>Κυρίου</span> <span class='ocrx_word' id='word_1_427' title='bbox 1436 3904 1519 3955; x_wconf 81' lang='grc' dir='ltr'>ἐπ’</span> <span class='ocrx_word' id='word_1_428' title='bbox 1554 3903 1689 3972; x_wconf 81' lang='grc' dir='ltr'>ἐμὲ,</span> <span class='ocrx_word' id='word_1_429' title='bbox 1723 3896 1784 3955; x_wconf 74' lang='grc' dir='ltr'>οὗ</span> 
     </span>
    </p>
   </div>
   <div class='ocr_carea' id='block_1_58' title="bbox 220 3993 1784 4067">
    <p class='ocr_par' dir='ltr' id='par_1_58' title="bbox 220 3993 1784 4067">
     <span class='ocr_line' id='line_1_58' title="bbox 220 3993 1784 4067; baseline -0.004 -17"><span class='ocrx_word' id='word_1_430' title='bbox 220 3996 434 4051; x_wconf 81' lang='grc' dir='ltr'>εἵνεκεν</span> <span class='ocrx_word' id='word_1_431' title='bbox 449 3996 628 4067; x_wconf 77' lang='grc' dir='ltr'>ἐχρισέ</span> <span class='ocrx_word' id='word_1_432' title='bbox 652 4010 738 4065; x_wconf 79' lang='grc' dir='ltr'>με’</span> <span class='ocrx_word' id='word_1_433' title='bbox 755 3995 1207 4062; x_wconf 73' lang='grc' dir='ltr'>εὐαγγελίσασθαι</span> <span class='ocrx_word' id='word_1_434' title='bbox 1226 3997 1458 4062; x_wconf 83' lang='grc' dir='ltr'>πτωχοῖς</span> <span class='ocrx_word' id='word_1_435' title='bbox 1477 3993 1784 4046; x_wconf 86' lang='grc' dir='ltr'>ἀπέσταλκέ</span> 
     </span>
    </p>
   </div>
   <div class='ocr_carea' id='block_1_59' title="bbox 225 4084 1788 4159">
    <p class='ocr_par' dir='ltr' id='par_1_59' title="bbox 225 4084 1788 4159">
     <span class='ocr_line' id='line_1_59' title="bbox 225 4084 1788 4159; baseline -0.003 -19"><span class='ocrx_word' id='word_1_436' title='bbox 225 4103 318 4158; x_wconf 78' lang='grc' dir='ltr'><strong>με,</strong></span> <span class='ocrx_word' id='word_1_437' title='bbox 351 4087 586 4159; x_wconf 80' lang='grc' dir='ltr'>κηρύξαι</span> <span class='ocrx_word' id='word_1_438' title='bbox 616 4084 978 4156; x_wconf 71' lang='grc' dir='ltr'>αἰχμαλώτοις</span> <span class='ocrx_word' id='word_1_439' title='bbox 1022 4087 1233 4154; x_wconf 74' lang='grc' dir='ltr'>ἄφεσιν,</span> <span class='ocrx_word' id='word_1_440' title='bbox 1278 4085 1371 4136; x_wconf 81' lang='grc' dir='ltr'><strong>καὶ</strong></span> <span class='ocrx_word' id='word_1_441' title='bbox 1411 4084 1629 4152; x_wconf 80' lang='grc' dir='ltr'>τυφλοῖς</span> <span class='ocrx_word' id='word_1_442' title='bbox 1661 4084 1788 4136; x_wconf 77' lang='grc' dir='ltr'>ἀνά·</span> 
     </span>
    </p>
   </div>
   <div class='ocr_carea' id='block_1_60' title="bbox 223 4173 1786 4248">
    <p class='ocr_par' dir='ltr' id='par_1_60' title="bbox 223 4173 1786 4248">
     <span class='ocr_line' id='line_1_60' title="bbox 223 4173 1786 4248; baseline -0.003 -18"><span class='ocrx_word' id='word_1_443' title='bbox 223 4176 430 4248; x_wconf 79' lang='grc' dir='ltr'>βλεψιν.</span> <span class='ocrx_word' id='word_1_444' title='bbox 469 4198 487 4230; x_wconf 83' lang='grc'><strong>›</strong></span> <span class='ocrx_word' id='word_1_445' title='bbox 528 4179 652 4232; x_wconf 83' lang='grc' dir='ltr'>Ὅτε</span> <span class='ocrx_word' id='word_1_446' title='bbox 699 4176 875 4229; x_wconf 83' lang='grc' dir='ltr'>τοίνυν</span> <span class='ocrx_word' id='word_1_447' title='bbox 916 4181 1015 4248; x_wconf 80' lang='grc' dir='ltr'><strong>τῆς</strong></span> <span class='ocrx_word' id='word_1_448' title='bbox 1054 4178 1138 4245; x_wconf 78' lang='grc' dir='ltr'>ἐφ’</span> <span class='ocrx_word' id='word_1_449' title='bbox 1184 4174 1359 4244; x_wconf 82' lang='grc' dir='ltr'>ἐαυτῷ</span> <span class='ocrx_word' id='word_1_450' title='bbox 1406 4175 1639 4237; x_wconf 78' lang='grc' dir='ltr'>πίστεως</span> <span class='ocrx_word' id='word_1_451' title='bbox 1687 4173 1786 4237; x_wconf 82' lang='grc' dir='ltr'>τὰς</span> 
     </span>
    </p>
   </div>
   <div class='ocr_carea' id='block_1_61' title="bbox 221 4266 1788 4342">
    <p class='ocr_par' dir='ltr' id='par_1_61' title="bbox 221 4266 1788 4342">
     <span class='ocr_line' id='line_1_61' title="bbox 221 4266 1788 4342; baseline -0.003 -20"><span class='ocrx_word' id='word_1_452' title='bbox 221 4268 334 4333; x_wconf 70' lang='grc' dir='ltr'><strong>τῶν</strong></span> <span class='ocrx_word' id='word_1_453' title='bbox 363 4269 657 4342; x_wconf 82' lang='grc' dir='ltr'>προφητῶν</span> <span class='ocrx_word' id='word_1_454' title='bbox 690 4269 872 4337; x_wconf 83' lang='grc' dir='ltr'>φωνὰς</span> <span class='ocrx_word' id='word_1_455' title='bbox 900 4272 1128 4321; x_wconf 89' lang='grc' dir='ltr'>ποιεῖται</span> <span class='ocrx_word' id='word_1_456' title='bbox 1157 4269 1400 4337; x_wconf 83' lang='grc' dir='ltr'>σημεῖον,</span> <span class='ocrx_word' id='word_1_457' title='bbox 1443 4268 1609 4334; x_wconf 76' lang='grc' dir='ltr'>ῆγουν</span> <span class='ocrx_word' id='word_1_458' title='bbox 1653 4266 1788 4318; x_wconf 86' lang='grc' dir='ltr'>ἀπό-</span> 
     </span>
    </p>
   </div>
   <div class='ocr_carea' id='block_1_62' title="bbox 223 4357 1786 4430">
    <p class='ocr_par' dir='ltr' id='par_1_62' title="bbox 223 4357 1786 4430">
     <span class='ocr_line' id='line_1_62' title="bbox 223 4357 1786 4430; baseline -0.002 -18"><span class='ocrx_word' id='word_1_459' title='bbox 223 4360 414 4427; x_wconf 81' lang='grc' dir='ltr'>δειξιν,</span> <span class='ocrx_word' id='word_1_460' title='bbox 448 4361 580 4414; x_wconf 72' lang='grc' dir='ltr'>Θεὸν</span> <span class='ocrx_word' id='word_1_461' title='bbox 603 4360 658 4413; x_wconf 78' lang='grc' dir='ltr'>δὲ</span> <span class='ocrx_word' id='word_1_462' title='bbox 692 4359 851 4412; x_wconf 80' lang='grc' dir='ltr'>αὑτὸν</span> <span class='ocrx_word' id='word_1_463' title='bbox 881 4361 930 4412; x_wconf 75' lang='grc' dir='ltr'>οἱ</span> <span class='ocrx_word' id='word_1_464' title='bbox 955 4360 1229 4430; x_wconf 73' lang='grc' dir='ltr'>προφῆται</span> <span class='ocrx_word' id='word_1_465' title='bbox 1257 4357 1614 4429; x_wconf 82' lang='grc' dir='ltr'>κηρύττουσι·</span> <span class='ocrx_word' id='word_1_466' title='bbox 1648 4357 1730 4420; x_wconf 87' lang='grc' dir='ltr'><strong>τίς</strong></span> <span class='ocrx_word' id='word_1_467' title='bbox 1758 4357 1786 4409; x_wconf 86' lang='grc' dir='ltr'>ὁ</span> 
     </span>
    </p>
   </div>
   <div class='ocr_carea' id='block_1_63' title="bbox 224 4448 1232 4519">
    <p class='ocr_par' dir='ltr' id='par_1_63' title="bbox 224 4448 1232 4519">
     <span class='ocr_line' id='line_1_63' title="bbox 224 4448 1232 4519; baseline 0 -19"><span class='ocrx_word' id='word_1_468' title='bbox 224 4448 434 4512; x_wconf 90' lang='grc' dir='ltr'>τούτοις</span> <span class='ocrx_word' id='word_1_469' title='bbox 462 4449 529 4501; x_wconf 66' lang='grc' dir='ltr'>τὰ</span> <span class='ocrx_word' id='word_1_470' title='bbox 558 4449 772 4503; x_wconf 83' lang='grc' dir='ltr'>ἐναντία</span> <span class='ocrx_word' id='word_1_471' title='bbox 798 4449 961 4518; x_wconf 83' lang='grc' dir='ltr'>φάναι</span> <span class='ocrx_word' id='word_1_472' title='bbox 990 4449 1232 4519; x_wconf 87' lang='grc' dir='ltr'>τολμῶν;</span> 
     </span>
    </p>
   </div>
   <div class='ocr_carea' id='block_1_64' title="bbox 309 4536 1780 4610">
    <p class='ocr_par' dir='ltr' id='par_1_64' title="bbox 309 4536 1780 4610">
     <span class='ocr_line' id='line_1_64' title="bbox 309 4536 1780 4610; baseline -0.002 -19"><span class='ocrx_word' id='word_1_473' title='bbox 309 4538 708 4608; x_wconf 75' lang='grc' dir='ltr'>Ἐχειμάζοντο,</span> <span class='ocrx_word' id='word_1_474' title='bbox 740 4541 892 4610; x_wconf 83' lang='grc' dir='ltr'>φησὶ,</span> <span class='ocrx_word' id='word_1_475' title='bbox 921 4542 1060 4592; x_wconf 84' lang='grc' dir='ltr'>κατὰ</span> <span class='ocrx_word' id='word_1_476' title='bbox 1095 4541 1190 4610; x_wconf 81' lang='grc' dir='ltr'>τὴν</span> <span class='ocrx_word' id='word_1_477' title='bbox 1223 4539 1413 4607; x_wconf 79' lang='grc' dir='ltr'>λίμνην</span> <span class='ocrx_word' id='word_1_478' title='bbox 1443 4539 1490 4589; x_wconf 87' lang='grc' dir='ltr'>οἱ</span> <span class='ocrx_word' id='word_1_479' title='bbox 1524 4536 1780 4608; x_wconf 77' lang='grc' dir='ltr'>μαθηταί·</span> 
     </span>
    </p>
   </div>
   <div class='ocr_carea' id='block_1_65' title="bbox 223 4623 1781 4699">
    <p class='ocr_par' dir='ltr' id='par_1_65' title="bbox 223 4623 1781 4699">
     <span class='ocr_line' id='line_1_65' title="bbox 223 4623 1781 4699; baseline -0.002 -17"><span class='ocrx_word' id='word_1_480' title='bbox 223 4623 343 4682; x_wconf 78' lang='grc' dir='ltr'>εἶτα</span> <span class='ocrx_word' id='word_1_481' title='bbox 393 4647 411 4678; x_wconf 79' lang='lat' dir='ltr'><strong>t</strong></span> <span class='ocrx_word' id='word_1_482' title='bbox 443 4630 860 4696; x_wconf 80' lang='grc' dir='ltr'>προσελθόντες,</span> <span class='ocrx_word' id='word_1_483' title='bbox 922 4631 1202 4699; x_wconf 85' lang='grc' dir='ltr'>διήγειραν</span> <span class='ocrx_word' id='word_1_484' title='bbox 1256 4629 1439 4690; x_wconf 72' lang='grc' dir='ltr'>αὐτὸν,</span> <span class='ocrx_word' id='word_1_485' title='bbox 1496 4627 1781 4694; x_wconf 68' lang='grc' dir='ltr'>λέγοντες*</span> 
     </span>
    </p>
   </div>
   <div class='ocr_carea' id='block_1_66' title="bbox 237 4717 1782 4788">
    <p class='ocr_par' dir='ltr' id='par_1_66' title="bbox 237 4717 1782 4788">
     <span class='ocr_line' id='line_1_66' title="bbox 237 4717 1782 4788; baseline -0.003 -14"><span class='ocrx_word' id='word_1_486' title='bbox 237 4717 550 4781; x_wconf 83' lang='grc' dir='ltr'>Ἐπιστάτα,</span> <span class='ocrx_word' id='word_1_487' title='bbox 571 4718 936 4786; x_wconf 86' lang='grc' dir='ltr'>ἀπολλύμεθα.</span> <span class='ocrx_word' id='word_1_488' title='bbox 972 4721 1012 4770; x_wconf 89' lang='lat'>0</span> <span class='ocrx_word' id='word_1_489' title='bbox 1035 4719 1091 4770; x_wconf 75' lang='grc' dir='ltr'><strong>δὲ</strong></span> <span class='ocrx_word' id='word_1_490' title='bbox 1121 4717 1446 4787; x_wconf 82' lang='grc' dir='ltr'>διεγερθεὶς,</span> <span class='ocrx_word' id='word_1_491' title='bbox 1481 4718 1782 4788; x_wconf 80' lang='grc' dir='ltr'>ἐπετίμησε</span> 
     </span>
    </p>
   </div>
   <div class='ocr_carea' id='block_1_67' title="bbox 221 4806 1786 4883">
    <p class='ocr_par' dir='ltr' id='par_1_67' title="bbox 221 4806 1786 4883">
     <span class='ocr_line' id='line_1_67' title="bbox 221 4806 1786 4883; baseline -0.004 -17"><span class='ocrx_word' id='word_1_492' title='bbox 221 4811 304 4883; x_wconf 83' lang='grc' dir='ltr'>τῷ</span> <span class='ocrx_word' id='word_1_493' title='bbox 325 4809 531 4881; x_wconf 80' lang='grc' dir='ltr'>ἀνέμῳ,</span> <span class='ocrx_word' id='word_1_494' title='bbox 554 4809 649 4862; x_wconf 82' lang='grc' dir='ltr'><strong>καὶ</strong></span> <span class='ocrx_word' id='word_1_495' title='bbox 675 4808 752 4878; x_wconf 81' lang='grc' dir='ltr'>τῷ</span> <span class='ocrx_word' id='word_1_496' title='bbox 781 4807 1006 4860; x_wconf 69' lang='grc' dir='ltr'>κλύδωνι</span> <span class='ocrx_word' id='word_1_497' title='bbox 1032 4807 1126 4860; x_wconf 89' lang='grc' dir='ltr'><strong>τοῦ</strong></span> <span class='ocrx_word' id='word_1_498' title='bbox 1156 4806 1346 4869; x_wconf 86' lang='grc' dir='ltr'>’ύδατος</span> <span class='ocrx_word' id='word_1_499' title='bbox 1365 4823 1378 4835; x_wconf 71' lang='grc'><strong>⁸</strong></span> <span class='ocrx_word' id='word_1_500' title='bbox 1418 4807 1510 4858; x_wconf 86' lang='grc' dir='ltr'><strong>καὶ</strong></span> <span class='ocrx_word' id='word_1_501' title='bbox 1547 4809 1786 4860; x_wconf 82' lang='grc' dir='ltr'>ἐπαύσα-</span> 
     </span>
    </p>
   </div>
   <div class='ocr_carea' id='block_1_68' title="bbox 221 4896 1786 4972">
    <p class='ocr_par' dir='ltr' id='par_1_68' title="bbox 221 4896 1786 4972">
     <span class='ocr_line' id='line_1_68' title="bbox 221 4896 1786 4972; baseline -0.006 -13"><span class='ocrx_word' id='word_1_502' title='bbox 221 4922 318 4969; x_wconf 84' lang='grc' dir='ltr'><strong>το,</strong></span> <span class='ocrx_word' id='word_1_503' title='bbox 346 4905 440 4958; x_wconf 81' lang='grc' dir='ltr'>καὶ</span> <span class='ocrx_word' id='word_1_504' title='bbox 467 4901 680 4972; x_wconf 83' lang='grc' dir='ltr'>ἐγένετο</span> <span class='ocrx_word' id='word_1_505' title='bbox 703 4900 930 4970; x_wconf 87' lang='grc' dir='ltr'>γαλήνη.</span> <span class='ocrx_word' id='word_1_506' title='bbox 964 4919 981 4949; x_wconf 74' lang='grc' dir='ltr'><strong>ι</strong></span> <span class='ocrx_word' id='word_1_507' title='bbox 1017 4900 1239 4970; x_wconf 67' lang='grc' dir='ltr'>Εἴρηται</span> <span class='ocrx_word' id='word_1_508' title='bbox 1269 4900 1395 4968; x_wconf 78' lang='grc' dir='ltr'>περὶ</span> <span class='ocrx_word' id='word_1_509' title='bbox 1434 4896 1666 4964; x_wconf 86' lang='grc' dir='ltr'>Χριστοῦ</span> <span class='ocrx_word' id='word_1_510' title='bbox 1698 4898 1786 4950; x_wconf 78' lang='grc' dir='ltr'>διὰ</span> 
     </span>
    </p>
   </div>
   <div class='ocr_carea' id='block_1_69' title="bbox 227 4987 1783 5064">
    <p class='ocr_par' dir='ltr' id='par_1_69' title="bbox 227 4987 1783 5064">
     <span class='ocr_line' id='line_1_69' title="bbox 227 4987 1783 5064; baseline -0.006 -16"><span class='ocrx_word' id='word_1_511' title='bbox 227 4995 412 5064; x_wconf 78' lang='grc' dir='ltr'>φωνῆς</span> <span class='ocrx_word' id='word_1_512' title='bbox 454 4993 547 5046; x_wconf 88' lang='grc' dir='ltr'><strong>τοῦ</strong></span> <span class='ocrx_word' id='word_1_513' title='bbox 600 4991 866 5064; x_wconf 82' lang='grc' dir='ltr'>μακαρίου</span> <span class='ocrx_word' id='word_1_514' title='bbox 920 4991 1119 5044; x_wconf 74' lang='grc' dir='ltr'><strong>Δαυῖδ’</strong></span> <span class='ocrx_word' id='word_1_515' title='bbox 1178 5010 1195 5042; x_wconf 80' lang='grc' dir='ltr'><strong>ι</strong></span> <span class='ocrx_word' id='word_1_516' title='bbox 1237 4991 1308 5043; x_wconf 80' lang='grc' dir='ltr'>Σὺ</span> <span class='ocrx_word' id='word_1_517' title='bbox 1352 4987 1630 5050; x_wconf 82' lang='grc' dir='ltr'>δεσπόζεις</span> <span class='ocrx_word' id='word_1_518' title='bbox 1689 4987 1783 5040; x_wconf 87' lang='grc' dir='ltr'><strong>τοῦ</strong></span> 
     </span>
    </p>
   </div>
   <div class='ocr_carea' id='block_1_70' title="bbox 227 5074 1783 5151">
    <p class='ocr_par' dir='ltr' id='par_1_70' title="bbox 227 5074 1783 5151">
     <span class='ocr_line' id='line_1_70' title="bbox 227 5074 1783 5151; baseline -0.008 -12"><span class='ocrx_word' id='word_1_519' title='bbox 227 5083 463 5146; x_wconf 76' lang='grc' dir='ltr'>κράτους</span> <span class='ocrx_word' id='word_1_520' title='bbox 487 5082 584 5151; x_wconf 88' lang='grc' dir='ltr'><strong>τῆς</strong></span> <span class='ocrx_word' id='word_1_521' title='bbox 611 5081 904 5150; x_wconf 83' lang='grc' dir='ltr'>θαλάσσης,</span> <span class='ocrx_word' id='word_1_522' title='bbox 944 5081 1036 5134; x_wconf 86' lang='grc' dir='ltr'><strong>καὶ</strong></span> <span class='ocrx_word' id='word_1_523' title='bbox 1067 5076 1156 5133; x_wconf 84' lang='grc' dir='ltr'><strong>τδν</strong></span> <span class='ocrx_word' id='word_1_524' title='bbox 1191 5079 1349 5131; x_wconf 87' lang='grc' dir='ltr'>σάλον</span> <span class='ocrx_word' id='word_1_525' title='bbox 1381 5076 1488 5127; x_wconf 86' lang='grc' dir='ltr'><strong>τῶν</strong></span> <span class='ocrx_word' id='word_1_526' title='bbox 1525 5074 1783 5144; x_wconf 84' lang='grc' dir='ltr'>κυμάτων</span> 
     </span>
    </p>
   </div>
   <div class='ocr_carea' id='block_1_71' title="bbox 227 5164 1782 5240">
    <p class='ocr_par' dir='ltr' id='par_1_71' title="bbox 227 5164 1782 5240">
     <span class='ocr_line' id='line_1_71' title="bbox 227 5164 1782 5240; baseline -0.005 -17"><span class='ocrx_word' id='word_1_527' title='bbox 227 5172 399 5236; x_wconf 81' lang='grc' dir='ltr'>αὐτῆς</span> <span class='ocrx_word' id='word_1_528' title='bbox 434 5170 498 5221; x_wconf 81' lang='grc' dir='ltr'><strong>σὺ</strong></span> <span class='ocrx_word' id='word_1_529' title='bbox 530 5171 945 5240; x_wconf 76' lang='grc' dir='ltr'>καταπραΰνεις.</span> <span class='ocrx_word' id='word_1_530' title='bbox 974 5169 1061 5223; x_wconf 86' lang='grc' dir='ltr'><strong>Σοί</strong></span> <span class='ocrx_word' id='word_1_531' title='bbox 1088 5170 1223 5222; x_wconf 87' lang='grc' dir='ltr'>εἰσιν</span> <span class='ocrx_word' id='word_1_532' title='bbox 1251 5169 1298 5219; x_wconf 78' lang='grc' dir='ltr'>οἱ</span> <span class='ocrx_word' id='word_1_533' title='bbox 1323 5164 1561 5234; x_wconf 68' lang='grc' dir='ltr'>οὐρανοὶ,</span> <span class='ocrx_word' id='word_1_534' title='bbox 1593 5164 1685 5215; x_wconf 76' lang='grc' dir='ltr'><strong>καὶ</strong></span> <span class='ocrx_word' id='word_1_535' title='bbox 1714 5170 1782 5232; x_wconf 77' lang='grc' dir='ltr'><strong>ση</strong></span> 
     </span>
    </p>
   </div>
   <div class='ocr_carea' id='block_1_72' title="bbox 228 5254 1786 5330">
    <p class='ocr_par' dir='ltr' id='par_1_72' title="bbox 228 5254 1786 5330">
     <span class='ocr_line' id='line_1_72' title="bbox 228 5254 1786 5330; baseline -0.008 -12"><span class='ocrx_word' id='word_1_536' title='bbox 228 5271 375 5318; x_wconf 71' lang='grc' dir='ltr'>ἐστιν</span> <span class='ocrx_word' id='word_1_537' title='bbox 400 5262 433 5329; x_wconf 85' lang='grc' dir='ltr'>ή</span> <span class='ocrx_word' id='word_1_538' title='bbox 461 5260 532 5328; x_wconf 84' lang='grc' dir='ltr'><strong>γῆ</strong></span> <span class='ocrx_word' id='word_1_539' title='bbox 563 5277 576 5289; x_wconf 70' lang='grc'><strong>⁸</strong></span> <span class='ocrx_word' id='word_1_540' title='bbox 607 5260 703 5329; x_wconf 80' lang='grc' dir='ltr'>τὴν</span> <span class='ocrx_word' id='word_1_541' title='bbox 734 5262 1078 5330; x_wconf 71' lang='grc' dir='ltr'>οἰκουμένην,</span> <span class='ocrx_word' id='word_1_542' title='bbox 1111 5262 1202 5313; x_wconf 74' lang='grc' dir='ltr'><strong>καὶ</strong></span> <span class='ocrx_word' id='word_1_543' title='bbox 1230 5259 1288 5310; x_wconf 73' lang='grc' dir='ltr'><strong>τὸ</strong></span> <span class='ocrx_word' id='word_1_544' title='bbox 1316 5257 1588 5325; x_wconf 81' lang='grc' dir='ltr'>πλήρωμα</span> <span class='ocrx_word' id='word_1_545' title='bbox 1619 5254 1786 5322; x_wconf 74' lang='grc' dir='ltr'>αὐτῆς</span> 
     </span>
    </p>
   </div>
   <div class='ocr_carea' id='block_1_73' title="bbox 228 5347 1786 5422">
    <p class='ocr_par' dir='ltr' id='par_1_73' title="bbox 228 5347 1786 5422">
     <span class='ocr_line' id='line_1_73' title="bbox 228 5347 1786 5422; baseline -0.004 -16"><span class='ocrx_word' id='word_1_546' title='bbox 228 5358 294 5409; x_wconf 81' lang='grc' dir='ltr'><strong>σὺ</strong></span> <span class='ocrx_word' id='word_1_547' title='bbox 318 5349 705 5421; x_wconf 76' lang='grc' dir='ltr'>ἐθεμελίωσας.</span> <span class='ocrx_word' id='word_1_548' title='bbox 735 5354 891 5406; x_wconf 72' lang='grc' dir='ltr'>»Ὅτε</span> <span class='ocrx_word' id='word_1_549' title='bbox 924 5357 1108 5406; x_wconf 79' lang='grc' dir='ltr'>τοίνυν</span> <span class='ocrx_word' id='word_1_550' title='bbox 1128 5352 1206 5422; x_wconf 76' lang='grc' dir='ltr'>τῷ</span> <span class='ocrx_word' id='word_1_551' title='bbox 1229 5349 1665 5417; x_wconf 77' lang='grc' dir='ltr'>καταπραΰνοντι</span> <span class='ocrx_word' id='word_1_552' title='bbox 1689 5347 1786 5418; x_wconf 82' lang='grc' dir='ltr'>τὴν</span> 
     </span>
    </p>
   </div>
   <div class='ocr_carea' id='block_1_74' title="bbox 225 5437 1782 5509">
    <p class='ocr_par' dir='ltr' id='par_1_74' title="bbox 225 5437 1782 5509">
     <span class='ocr_line' id='line_1_74' title="bbox 225 5437 1782 5509; baseline -0.003 -15"><span class='ocrx_word' id='word_1_553' title='bbox 225 5446 505 5500; x_wconf 78' lang='grc' dir='ltr'>Θάλασσαν</span> <span class='ocrx_word' id='word_1_554' title='bbox 544 5439 744 5509; x_wconf 81' lang='grc' dir='ltr'>πρέποι</span> <span class='ocrx_word' id='word_1_555' title='bbox 797 5442 862 5494; x_wconf 81' lang='grc' dir='ltr'><strong>ἂν</strong></span> <span class='ocrx_word' id='word_1_556' title='bbox 910 5445 1003 5496; x_wconf 79' lang='grc' dir='ltr'>καὶ</span> <span class='ocrx_word' id='word_1_557' title='bbox 1049 5443 1106 5496; x_wconf 76' lang='grc' dir='ltr'>τὸ</span> <span class='ocrx_word' id='word_1_558' title='bbox 1147 5438 1426 5501; x_wconf 75' lang='grc' dir='ltr'>δεσπόζειν</span> <span class='ocrx_word' id='word_1_559' title='bbox 1471 5437 1582 5490; x_wconf 89' lang='grc' dir='ltr'><strong>τῶν</strong></span> <span class='ocrx_word' id='word_1_560' title='bbox 1626 5439 1782 5502; x_wconf 78' lang='grc' dir='ltr'>ὅλων,</span> 
     </span>
    </p>
   </div>
   <div class='ocr_carea' id='block_1_75' title="bbox 227 5530 1789 5621">
    <p class='ocr_par' dir='ltr' id='par_1_75' title="bbox 227 5530 1789 5621">
     <span class='ocr_line' id='line_1_75' title="bbox 227 5530 1789 5621; baseline -0.005 -28"><span class='ocrx_word' id='word_1_561' title='bbox 227 5540 374 5610; x_wconf 74' lang='grc' dir='ltr'>ἔχειν</span> <span class='ocrx_word' id='word_1_562' title='bbox 401 5533 457 5586; x_wconf 84' lang='grc' dir='ltr'>δὲ</span> <span class='ocrx_word' id='word_1_563' title='bbox 503 5530 664 5594; x_wconf 77' lang='grc' dir='ltr'>ἰδίους</span> <span class='ocrx_word' id='word_1_564' title='bbox 694 5533 819 5594; x_wconf 83' lang='grc' dir='ltr'>τοὺς</span> <span class='ocrx_word' id='word_1_565' title='bbox 848 5535 1129 5621; x_wconf 58' lang='grc' dir='ltr'>ούρανοξλς,</span> <span class='ocrx_word' id='word_1_566' title='bbox 1177 5533 1268 5586; x_wconf 84' lang='grc' dir='ltr'><strong>καὶ</strong></span> <span class='ocrx_word' id='word_1_567' title='bbox 1309 5531 1590 5600; x_wconf 83' lang='grc' dir='ltr'>θεμελιοῦν</span> <span class='ocrx_word' id='word_1_568' title='bbox 1631 5531 1789 5586; x_wconf 81' lang='grc' dir='ltr'>δύνα-</span> 
     </span>
    </p>
   </div>
   <div class='ocr_carea' id='block_1_76' title="bbox 297 5711 1432 5782">
    <p class='ocr_par' dir='ltr' id='par_1_76' title="bbox 297 5711 1432 5782">
     <span class='ocr_line' id='line_1_76' title="bbox 297 5711 1432 5782; baseline -0.008 -9"><span class='ocrx_word' id='word_1_569' title='bbox 297 5719 339 5749; x_wconf 87' lang='grc'>³³</span> <span class='ocrx_word' id='word_1_570' title='bbox 375 5718 500 5772; x_wconf 82' lang='lat' dir='ltr'><strong>Luc.</strong></span> <span class='ocrx_word' id='word_1_571' title='bbox 529 5734 580 5782; x_wconf 75' lang='grc' dir='ltr'><strong>ν,</strong></span> <span class='ocrx_word' id='word_1_572' title='bbox 609 5715 795 5769; x_wconf 66' lang='grc' dir='ltr'>ει-ειι.</span> <span class='ocrx_word' id='word_1_573' title='bbox 877 5715 920 5744; x_wconf 68' lang='grc'><strong>⁸⁸</strong></span> <span class='ocrx_word' id='word_1_574' title='bbox 955 5713 1082 5767; x_wconf 83' lang='lat' dir='ltr'><strong>Luc.</strong></span> <span class='ocrx_word' id='word_1_575' title='bbox 1122 5711 1432 5779; x_wconf 73' lang='lat' dir='ltr'><strong>vn,‘2l,‘23.</strong></span> 
     </span>
    </p>
   </div>
   <div class='ocr_carea' id='block_1_77' title="bbox 236 5783 1212 5853">
    <p class='ocr_par' dir='ltr' id='par_1_77' title="bbox 236 5783 1212 5853">
     <span class='ocr_line' id='line_1_77' title="bbox 236 5783 1212 5853; baseline -0.006 -10"><span class='ocrx_word' id='word_1_576' title='bbox 236 5791 300 5843; x_wconf 77' lang='grc'><strong>19</strong></span> <span class='ocrx_word' id='word_1_577' title='bbox 396 5791 440 5820; x_wconf 76' lang='grc'><strong>⁸⁸</strong></span> <span class='ocrx_word' id='word_1_578' title='bbox 476 5789 576 5842; x_wconf 67' lang='lat' dir='ltr'><strong>La.</strong></span> <span class='ocrx_word' id='word_1_579' title='bbox 609 5803 715 5853; x_wconf 74' lang='lat' dir='ltr'><strong>tu,</strong></span> <span class='ocrx_word' id='word_1_580' title='bbox 756 5786 774 5838; x_wconf 84' lang='lat' dir='ltr'><strong>l</strong></span> <span class='ocrx_word' id='word_1_581' title='bbox 810 5801 821 5847; x_wconf 85' lang='lat'>;</span> <span class='ocrx_word' id='word_1_582' title='bbox 858 5783 988 5836; x_wconf 68' lang='lat' dir='ltr'><strong>Luc.</strong></span> <span class='ocrx_word' id='word_1_583' title='bbox 1023 5799 1093 5848; x_wconf 71' lang='grc' dir='ltr'><strong>ιν,</strong></span> <span class='ocrx_word' id='word_1_584' title='bbox 1131 5786 1212 5837; x_wconf 82' lang='grc'><strong>18.</strong></span> 
     </span>
    </p>
   </div>
   <div class='ocr_carea' id='block_1_78' title="bbox 1511 5708 1978 5776">
    <p class='ocr_par' dir='ltr' id='par_1_78' title="bbox 1511 5708 1978 5776">
     <span class='ocr_line' id='line_1_78' title="bbox 1511 5708 1978 5776; baseline -0.002 -14"><span class='ocrx_word' id='word_1_585' title='bbox 1511 5710 1572 5741; x_wconf 64' lang='grc'><strong>³³⁸</strong></span> <span class='ocrx_word' id='word_1_586' title='bbox 1601 5708 1699 5763; x_wconf 84' lang='lat' dir='ltr'><strong>lsa.</strong></span> <span class='ocrx_word' id='word_1_587' title='bbox 1735 5724 1827 5776; x_wconf 73' lang='grc' dir='ltr'>ιιι,</span> <span class='ocrx_word' id='word_1_588' title='bbox 1852 5726 1889 5770; x_wconf 91' lang='lat' dir='ltr'><strong>l,</strong></span> <span class='ocrx_word' id='word_1_589' title='bbox 1925 5710 1978 5762; x_wconf 80' lang='lat'><strong>5.</strong></span> 
     </span>
    </p>
   </div>
   <div class='ocr_carea' id='block_1_79' title="bbox 1309 5778 2588 5848">
    <p class='ocr_par' dir='ltr' id='par_1_79' title="bbox 1309 5778 2588 5848">
     <span class='ocr_line' id='line_1_79' title="bbox 1309 5778 2588 5848; baseline -0.003 -13"><span class='ocrx_word' id='word_1_590' title='bbox 1309 5785 1351 5815; x_wconf 81' lang='lat'>”</span> <span class='ocrx_word' id='word_1_591' title='bbox 1383 5782 1509 5836; x_wconf 79' lang='lat' dir='ltr'><strong>Luc.</strong></span> <span class='ocrx_word' id='word_1_592' title='bbox 1535 5797 1649 5848; x_wconf 85' lang='lat' dir='ltr'><strong>vttt,</strong></span> <span class='ocrx_word' id='word_1_593' title='bbox 1674 5780 1763 5835; x_wconf 68' lang='grc' dir='ltr'><strong>Ἡ.</strong></span> <span class='ocrx_word' id='word_1_594' title='bbox 1844 5780 1887 5810; x_wconf 78' lang='grc' dir='ltr'><strong>⁸ο</strong></span> <span class='ocrx_word' id='word_1_595' title='bbox 1918 5778 2060 5833; x_wconf 70' lang='lat' dir='ltr'><strong>l&#39;sal.</strong></span> <span class='ocrx_word' id='word_1_596' title='bbox 2094 5793 2356 5844; x_wconf 75' lang='lat' dir='ltr'><strong>Lxxxvm,</strong></span> <span class='ocrx_word' id='word_1_597' title='bbox 2394 5780 2475 5844; x_wconf 86' lang='grc' dir='ltr'><strong>ιυ,</strong></span> <span class='ocrx_word' id='word_1_598' title='bbox 2507 5780 2588 5832; x_wconf 85' lang='grc' dir='ltr'>ιι.</span> 
     </span>
    </p>
   </div>
   <div class='ocr_carea' id='block_1_80' title="bbox 1880 2004 3440 2074">
    <p class='ocr_par' dir='ltr' id='par_1_80' title="bbox 1880 2004 3440 2074">
     <span class='ocr_line' id='line_1_80' title="bbox 1880 2004 3440 2074; baseline -0.008 -14"><span class='ocrx_word' id='word_1_599' title='bbox 1880 2008 1957 2060; x_wconf 85' lang='lat' dir='ltr'><strong>vit</strong></span> <span class='ocrx_word' id='word_1_600' title='bbox 1995 2009 2187 2061; x_wconf 74' lang='lat' dir='ltr'><strong>visum.</strong></span> <span class='ocrx_word' id='word_1_601' title='bbox 2223 2007 2285 2060; x_wconf 88' lang='lat' dir='ltr'><strong>Et</strong></span> <span class='ocrx_word' id='word_1_602' title='bbox 2311 2006 2641 2074; x_wconf 89' lang='lat' dir='ltr'><strong>respondens</strong></span> <span class='ocrx_word' id='word_1_603' title='bbox 2668 2004 2803 2057; x_wconf 81' lang='lat' dir='ltr'><strong>dixit</strong></span> <span class='ocrx_word' id='word_1_604' title='bbox 2834 2004 2936 2057; x_wconf 89' lang='lat' dir='ltr'><strong>illis</strong></span> <span class='ocrx_word' id='word_1_605' title='bbox 2966 2021 2978 2056; x_wconf 92' lang='lat'>:</span> <span class='ocrx_word' id='word_1_606' title='bbox 3020 2004 3218 2056; x_wconf 76' lang='lat' dir='ltr'><strong>Euntes</strong></span> <span class='ocrx_word' id='word_1_607' title='bbox 3242 2014 3440 2053; x_wconf 83' lang='lat' dir='ltr'><strong>renun-</strong></span> 
     </span>
    </p>
   </div>
   <div class='ocr_carea' id='block_1_81' title="bbox 1883 2086 3436 2164">
    <p class='ocr_par' dir='ltr' id='par_1_81' title="bbox 1883 2086 3436 2164">
     <span class='ocr_line' id='line_1_81' title="bbox 1883 2086 3436 2164; baseline -0.007 -14"><span class='ocrx_word' id='word_1_608' title='bbox 1883 2098 2015 2151; x_wconf 85' lang='lat' dir='ltr'><strong>tiate</strong></span> <span class='ocrx_word' id='word_1_609' title='bbox 2065 2094 2262 2150; x_wconf 83' lang='lat' dir='ltr'><strong>Joanni</strong></span> <span class='ocrx_word' id='word_1_610' title='bbox 2315 2109 2435 2164; x_wconf 62' lang='lat' dir='ltr'><strong>quas</strong></span> <span class='ocrx_word' id='word_1_611' title='bbox 2487 2093 2716 2147; x_wconf 81' lang='lat' dir='ltr'><strong>audistis</strong></span> <span class='ocrx_word' id='word_1_612' title='bbox 2769 2102 2823 2146; x_wconf 90' lang='lat' dir='ltr'><strong>et</strong></span> <span class='ocrx_word' id='word_1_613' title='bbox 2855 2093 3064 2146; x_wconf 87' lang='lat' dir='ltr'><strong>vidistis</strong></span> <span class='ocrx_word' id='word_1_614' title='bbox 3100 2106 3115 2144; x_wconf 91' lang='lat'><strong>:</strong></span> <span class='ocrx_word' id='word_1_615' title='bbox 3152 2091 3275 2160; x_wconf 82' lang='lat' dir='ltr'><strong>quia</strong></span> <span class='ocrx_word' id='word_1_616' title='bbox 3309 2086 3436 2142; x_wconf 72' lang='lat' dir='ltr'><strong>caeci</strong></span> 
     </span>
    </p>
   </div>
   <div class='ocr_carea' id='block_1_82' title="bbox 1881 2178 3438 2252">
    <p class='ocr_par' dir='ltr' id='par_1_82' title="bbox 1881 2178 3438 2252">
     <span class='ocr_line' id='line_1_82' title="bbox 1881 2178 3438 2252; baseline -0.008 -11"><span class='ocrx_word' id='word_1_617' title='bbox 1881 2189 2086 2251; x_wconf 87' lang='lat' dir='ltr'><strong>vident,</strong></span> <span class='ocrx_word' id='word_1_618' title='bbox 2112 2186 2287 2242; x_wconf 90' lang='lat' dir='ltr'><strong>claudi</strong></span> <span class='ocrx_word' id='word_1_619' title='bbox 2345 2183 2642 2247; x_wconf 86' lang='lat' dir='ltr'><strong>ambulant,</strong></span> <span class='ocrx_word' id='word_1_620' title='bbox 2664 2183 2860 2252; x_wconf 88' lang='lat' dir='ltr'><strong>lcprosi</strong></span> <span class='ocrx_word' id='word_1_621' title='bbox 2916 2184 3262 2243; x_wconf 89' lang='lat' dir='ltr'><strong>tuundantur,</strong></span> <span class='ocrx_word' id='word_1_622' title='bbox 3291 2178 3438 2232; x_wconf 89' lang='lat' dir='ltr'><strong>surdi</strong></span> 
     </span>
    </p>
   </div>
   <div class='ocr_carea' id='block_1_83' title="bbox 1883 2269 3441 2344">
    <p class='ocr_par' dir='ltr' id='par_1_83' title="bbox 1883 2269 3441 2344">
     <span class='ocr_line' id='line_1_83' title="bbox 1883 2269 3441 2344; baseline -0.01 -11"><span class='ocrx_word' id='word_1_623' title='bbox 1883 2279 2129 2340; x_wconf 88' lang='lat' dir='ltr'><strong>audiunt,</strong></span> <span class='ocrx_word' id='word_1_624' title='bbox 2156 2276 2352 2331; x_wconf 88' lang='lat' dir='ltr'><strong>mortui</strong></span> <span class='ocrx_word' id='word_1_625' title='bbox 2409 2283 2718 2344; x_wconf 79' lang='lat' dir='ltr'><strong>resurgunt,</strong></span> <span class='ocrx_word' id='word_1_626' title='bbox 2753 2287 3016 2342; x_wconf 87' lang='lat' dir='ltr'><strong>pauperes</strong></span> <span class='ocrx_word' id='word_1_627' title='bbox 3068 2269 3441 2339; x_wconf 79' lang='lat' dir='ltr'><strong>evangelizan-</strong></span> 
     </span>
    </p>
   </div>
   <div class='ocr_carea' id='block_1_84' title="bbox 1881 2360 3440 2432">
    <p class='ocr_par' dir='ltr' id='par_1_84' title="bbox 1881 2360 3440 2432">
     <span class='ocr_line' id='line_1_84' title="bbox 1881 2360 3440 2432; baseline -0.008 -9"><span class='ocrx_word' id='word_1_628' title='bbox 1881 2378 1970 2423; x_wconf 91' lang='lat' dir='ltr'><strong>tur</strong></span> <span class='ocrx_word' id='word_1_629' title='bbox 2001 2386 2014 2422; x_wconf 76' lang='grc' dir='ltr'><strong>ε</strong></span> <span class='ocrx_word' id='word_1_630' title='bbox 2053 2377 2106 2420; x_wconf 90' lang='lat' dir='ltr'><strong>et</strong></span> <span class='ocrx_word' id='word_1_631' title='bbox 2140 2367 2328 2421; x_wconf 83' lang='lat' dir='ltr'><strong>beatus</strong></span> <span class='ocrx_word' id='word_1_632' title='bbox 2356 2372 2438 2418; x_wconf 89' lang='lat' dir='ltr'><strong>est</strong></span> <span class='ocrx_word' id='word_1_633' title='bbox 2465 2365 2772 2432; x_wconf 86' lang='lat' dir='ltr'><strong>quicunque</strong></span> <span class='ocrx_word' id='word_1_634' title='bbox 2808 2377 2914 2416; x_wconf 91' lang='lat' dir='ltr'><strong>non</strong></span> <span class='ocrx_word' id='word_1_635' title='bbox 2975 2362 3140 2417; x_wconf 89' lang='lat' dir='ltr'><strong>fuerit</strong></span> <span class='ocrx_word' id='word_1_636' title='bbox 3173 2360 3440 2416; x_wconf 80' lang='lat' dir='ltr'><strong>scandali-</strong></span> 
     </span>
    </p>
   </div>
   <div class='ocr_carea' id='block_1_85' title="bbox 1882 2450 3438 2522">
    <p class='ocr_par' dir='ltr' id='par_1_85' title="bbox 1882 2450 3438 2522">
     <span class='ocr_line' id='line_1_85' title="bbox 1882 2450 3438 2522; baseline -0.008 -10"><span class='ocrx_word' id='word_1_637' title='bbox 1882 2466 2035 2512; x_wconf 82' lang='lat' dir='ltr'><strong>zatus</strong></span> <span class='ocrx_word' id='word_1_638' title='bbox 2062 2457 2113 2510; x_wconf 91' lang='lat' dir='ltr'><strong>in</strong></span> <span class='ocrx_word' id='word_1_639' title='bbox 2141 2470 2225 2511; x_wconf 89' lang='lat' dir='ltr'><strong>me</strong></span> <span class='ocrx_word' id='word_1_640' title='bbox 2253 2454 2316 2509; x_wconf 76' lang='lat'><strong>“.</strong></span> <span class='ocrx_word' id='word_1_641' title='bbox 2349 2474 2367 2505; x_wconf 76' lang='grc' dir='ltr'><strong>ι</strong></span> <span class='ocrx_word' id='word_1_642' title='bbox 2395 2453 2574 2509; x_wconf 85' lang='lat' dir='ltr'><strong>Factis</strong></span> <span class='ocrx_word' id='word_1_643' title='bbox 2610 2453 2915 2507; x_wconf 87' lang='lat' dir='ltr'><strong>divinorum</strong></span> <span class='ocrx_word' id='word_1_644' title='bbox 2953 2452 3219 2522; x_wconf 85' lang='lat' dir='ltr'><strong>planeque</strong></span> <span class='ocrx_word' id='word_1_645' title='bbox 3267 2450 3438 2505; x_wconf 82' lang='lat' dir='ltr'><strong>admi-</strong></span> 
     </span>
    </p>
   </div>
   <div class='ocr_carea' id='block_1_86' title="bbox 1883 2541 3442 2616">
    <p class='ocr_par' dir='ltr' id='par_1_86' title="bbox 1883 2541 3442 2616">
     <span class='ocr_line' id='line_1_86' title="bbox 1883 2541 3442 2616; baseline -0.006 -16"><span class='ocrx_word' id='word_1_646' title='bbox 1883 2547 2128 2602; x_wconf 88' lang='lat' dir='ltr'><strong>rabilium</strong></span> <span class='ocrx_word' id='word_1_647' title='bbox 2197 2560 2418 2616; x_wconf 89' lang='lat' dir='ltr'><strong>opermn</strong></span> <span class='ocrx_word' id='word_1_648' title='bbox 2481 2551 2813 2611; x_wconf 87' lang='lat' dir='ltr'><strong>patratorem</strong></span> <span class='ocrx_word' id='word_1_649' title='bbox 2887 2541 3139 2597; x_wconf 85' lang='lat' dir='ltr'><strong>Christus</strong></span> <span class='ocrx_word' id='word_1_650' title='bbox 3199 2556 3258 2596; x_wconf 88' lang='lat' dir='ltr'><strong>se</strong></span> <span class='ocrx_word' id='word_1_651' title='bbox 3325 2551 3442 2593; x_wconf 86' lang='lat' dir='ltr'><strong>esse</strong></span> 
     </span>
    </p>
   </div>
   <div class='ocr_carea' id='block_1_87' title="bbox 1884 2633 3441 2705">
    <p class='ocr_par' dir='ltr' id='par_1_87' title="bbox 1884 2633 3441 2705">
     <span class='ocr_line' id='line_1_87' title="bbox 1884 2633 3441 2705; baseline -0.008 -10"><span class='ocrx_word' id='word_1_652' title='bbox 1884 2641 2294 2700; x_wconf 89' lang='lat' dir='ltr'><strong>demonstrans,</strong></span> <span class='ocrx_word' id='word_1_653' title='bbox 2334 2652 2452 2705; x_wconf 73' lang='lat' dir='ltr'><strong>quae</strong></span> <span class='ocrx_word' id='word_1_654' title='bbox 2493 2652 2589 2705; x_wconf 91' lang='lat' dir='ltr'><strong>per</strong></span> <span class='ocrx_word' id='word_1_655' title='bbox 2631 2636 2905 2705; x_wconf 68' lang='lat' dir='ltr'><strong>prophetae</strong></span> <span class='ocrx_word' id='word_1_656' title='bbox 2953 2649 3139 2688; x_wconf 75' lang='lat' dir='ltr'><strong>vocem</strong></span> <span class='ocrx_word' id='word_1_657' title='bbox 3172 2633 3441 2704; x_wconf 85' lang='lat' dir='ltr'><strong>quondam</strong></span> 
     </span>
    </p>
   </div>
   <div class='ocr_carea' id='block_1_88' title="bbox 1883 2721 3439 2796">
    <p class='ocr_par' dir='ltr' id='par_1_88' title="bbox 1883 2721 3439 2796">
     <span class='ocr_line' id='line_1_88' title="bbox 1883 2721 3439 2796; baseline -0.005 -15"><span class='ocrx_word' id='word_1_658' title='bbox 1883 2727 1949 2782; x_wconf 89' lang='lat' dir='ltr'><strong>de</strong></span> <span class='ocrx_word' id='word_1_659' title='bbox 2001 2743 2059 2781; x_wconf 84' lang='lat' dir='ltr'><strong>se</strong></span> <span class='ocrx_word' id='word_1_660' title='bbox 2112 2726 2364 2796; x_wconf 65' lang='lat' dir='ltr'><strong>pradicta</strong></span> <span class='ocrx_word' id='word_1_661' title='bbox 2418 2725 2653 2788; x_wconf 78' lang='lat' dir='ltr'><strong>fuerant,</strong></span> <span class='ocrx_word' id='word_1_662' title='bbox 2709 2724 2760 2775; x_wconf 90' lang='lat' dir='ltr'><strong>in</strong></span> <span class='ocrx_word' id='word_1_663' title='bbox 2823 2725 3142 2777; x_wconf 83' lang='lat' dir='ltr'><strong>memoriam</strong></span> <span class='ocrx_word' id='word_1_664' title='bbox 3208 2721 3439 2776; x_wconf 89' lang='lat' dir='ltr'><strong>reducit.</strong></span> 
     </span>
    </p>
   </div>
   <div class='ocr_carea' id='block_1_89' title="bbox 1883 2811 3442 2874">
    <p class='ocr_par' dir='ltr' id='par_1_89' title="bbox 1883 2811 3442 2874">
     <span class='ocr_line' id='line_1_89' title="bbox 1883 2811 3442 2874; baseline -0.008 0"><span class='ocrx_word' id='word_1_665' title='bbox 1883 2819 2099 2874; x_wconf 78' lang='lat' dir='ltr'><strong>Dixerat</strong></span> <span class='ocrx_word' id='word_1_666' title='bbox 2117 2817 2260 2872; x_wconf 88' lang='lat' dir='ltr'><strong>enim</strong></span> <span class='ocrx_word' id='word_1_667' title='bbox 2287 2815 2491 2870; x_wconf 88' lang='lat' dir='ltr'><strong>Isaias:</strong></span> <span class='ocrx_word' id='word_1_668' title='bbox 2520 2833 2539 2866; x_wconf 75' lang='grc' dir='ltr'><strong>ι</strong></span> <span class='ocrx_word' id='word_1_669' title='bbox 2559 2813 2949 2869; x_wconf 85' lang='lat' dir='ltr'><strong>Confortamini</strong></span> <span class='ocrx_word' id='word_1_670' title='bbox 2976 2828 3165 2867; x_wconf 83' lang='lat' dir='ltr'><strong>manus</strong></span> <span class='ocrx_word' id='word_1_671' title='bbox 3186 2811 3442 2869; x_wconf 71' lang='lat' dir='ltr'><strong>remissae,</strong></span> 
     </span>
    </p>
   </div>
   <div class='ocr_carea' id='block_1_90' title="bbox 1881 2904 3445 2978">
    <p class='ocr_par' dir='ltr' id='par_1_90' title="bbox 1881 2904 3445 2978">
     <span class='ocr_line' id='line_1_90' title="bbox 1881 2904 3445 2978; baseline -0.006 -14"><span class='ocrx_word' id='word_1_672' title='bbox 1881 2918 1934 2964; x_wconf 91' lang='lat' dir='ltr'><strong>et</strong></span> <span class='ocrx_word' id='word_1_673' title='bbox 1971 2924 2143 2978; x_wconf 89' lang='lat' dir='ltr'><strong>genua</strong></span> <span class='ocrx_word' id='word_1_674' title='bbox 2197 2909 2368 2963; x_wconf 84' lang='lat' dir='ltr'><strong>soluta</strong></span> <span class='ocrx_word' id='word_1_675' title='bbox 2400 2909 2492 2963; x_wconf 69' lang='grc'><strong>³⁴·.</strong></span> <span class='ocrx_word' id='word_1_676' title='bbox 2532 2925 2550 2958; x_wconf 73' lang='grc' dir='ltr'><strong>ι</strong></span> <span class='ocrx_word' id='word_1_677' title='bbox 2587 2905 2702 2960; x_wconf 76' lang='lat' dir='ltr'><strong>Mox</strong></span> <span class='ocrx_word' id='word_1_678' title='bbox 2757 2920 2889 2959; x_wconf 89' lang='lat' dir='ltr'><strong>vero</strong></span> <span class='ocrx_word' id='word_1_679' title='bbox 2922 2905 3076 2974; x_wconf 87' lang='lat' dir='ltr'><strong>quasi</strong></span> <span class='ocrx_word' id='word_1_680' title='bbox 3120 2904 3284 2976; x_wconf 81' lang='lat' dir='ltr'><strong>digito</strong></span> <span class='ocrx_word' id='word_1_681' title='bbox 3323 2915 3445 2971; x_wconf 77' lang='lat' dir='ltr'><strong>pro-</strong></span> 
     </span>
    </p>
   </div>
   <div class='ocr_carea' id='block_1_91' title="bbox 1887 2992 3442 3058">
    <p class='ocr_par' dir='ltr' id='par_1_91' title="bbox 1887 2992 3442 3058">
     <span class='ocr_line' id='line_1_91' title="bbox 1887 2992 3442 3058; baseline -0.008 -5"><span class='ocrx_word' id='word_1_682' title='bbox 1887 3008 2108 3054; x_wconf 86' lang='lat' dir='ltr'><strong>tensave</strong></span> <span class='ocrx_word' id='word_1_683' title='bbox 2163 3013 2322 3051; x_wconf 88' lang='lat' dir='ltr'><strong>manu</strong></span> <span class='ocrx_word' id='word_1_684' title='bbox 2383 2996 2787 3050; x_wconf 87' lang='lat' dir='ltr'><strong>Emmanuelem</strong></span> <span class='ocrx_word' id='word_1_685' title='bbox 2839 2998 3152 3058; x_wconf 86' lang='lat' dir='ltr'><strong>ostendens,</strong></span> <span class='ocrx_word' id='word_1_686' title='bbox 3205 2996 3277 3048; x_wconf 90' lang='lat' dir='ltr'><strong>ita</strong></span> <span class='ocrx_word' id='word_1_687' title='bbox 3330 2992 3442 3044; x_wconf 78' lang='lat' dir='ltr'><strong>ait:</strong></span> 
     </span>
    </p>
   </div>
   <div class='ocr_carea' id='block_1_92' title="bbox 1892 3082 3449 3150">
    <p class='ocr_par' dir='ltr' id='par_1_92' title="bbox 1892 3082 3449 3150">
     <span class='ocr_line' id='line_1_92' title="bbox 1892 3082 3449 3150; baseline -0.01 -6"><span class='ocrx_word' id='word_1_688' title='bbox 1892 3109 1910 3141; x_wconf 77' lang='grc' dir='ltr'><strong>ι</strong></span> <span class='ocrx_word' id='word_1_689' title='bbox 1945 3088 2082 3144; x_wconf 89' lang='lat' dir='ltr'><strong>Ecce</strong></span> <span class='ocrx_word' id='word_1_690' title='bbox 2131 3088 2272 3143; x_wconf 84' lang='lat' dir='ltr'><strong>Deus</strong></span> <span class='ocrx_word' id='word_1_691' title='bbox 2303 3098 2506 3150; x_wconf 83' lang='lat' dir='ltr'><strong>noster,</strong></span> <span class='ocrx_word' id='word_1_692' title='bbox 2530 3102 2656 3141; x_wconf 87' lang='lat' dir='ltr'><strong>ecce</strong></span> <span class='ocrx_word' id='word_1_693' title='bbox 2687 3087 2942 3141; x_wconf 89' lang='lat' dir='ltr'><strong>Dominus</strong></span> <span class='ocrx_word' id='word_1_694' title='bbox 2971 3102 3092 3140; x_wconf 89' lang='lat' dir='ltr'><strong>cum</strong></span> <span class='ocrx_word' id='word_1_695' title='bbox 3139 3082 3449 3137; x_wconf 79' lang='lat' dir='ltr'><strong>fortitudine</strong></span> 
     </span>
    </p>
   </div>
   <div class='ocr_carea' id='block_1_93' title="bbox 1887 3172 3448 3244">
    <p class='ocr_par' dir='ltr' id='par_1_93' title="bbox 1887 3172 3448 3244">
     <span class='ocr_line' id='line_1_93' title="bbox 1887 3172 3448 3244; baseline -0.006 -12"><span class='ocrx_word' id='word_1_696' title='bbox 1887 3181 2055 3244; x_wconf 83' lang='lat' dir='ltr'><strong>venit,</strong></span> <span class='ocrx_word' id='word_1_697' title='bbox 2106 3190 2162 3234; x_wconf 86' lang='lat' dir='ltr'><strong>et</strong></span> <span class='ocrx_word' id='word_1_698' title='bbox 2228 3180 2507 3233; x_wconf 88' lang='lat' dir='ltr'><strong>brachium</strong></span> <span class='ocrx_word' id='word_1_699' title='bbox 2563 3194 2684 3232; x_wconf 90' lang='lat' dir='ltr'><strong>cum</strong></span> <span class='ocrx_word' id='word_1_700' title='bbox 2748 3178 3113 3232; x_wconf 87' lang='lat' dir='ltr'><strong>dominatione</strong></span> <span class='ocrx_word' id='word_1_701' title='bbox 3137 3177 3204 3230; x_wconf 83' lang='grc'><strong>³⁸.</strong></span> <span class='ocrx_word' id='word_1_702' title='bbox 3252 3193 3270 3225; x_wconf 75' lang='grc' dir='ltr'><strong>ι</strong></span> <span class='ocrx_word' id='word_1_703' title='bbox 3311 3172 3448 3225; x_wconf 89' lang='lat' dir='ltr'><strong>Dicit</strong></span> 
     </span>
    </p>
   </div>
   <div class='ocr_carea' id='block_1_94' title="bbox 1885 3262 3443 3338">
    <p class='ocr_par' dir='ltr' id='par_1_94' title="bbox 1885 3262 3443 3338">
     <span class='ocr_line' id='line_1_94' title="bbox 1885 3262 3443 3338; baseline -0.007 -15"><span class='ocrx_word' id='word_1_704' title='bbox 1885 3272 2022 3324; x_wconf 89' lang='lat' dir='ltr'><strong>idem</strong></span> <span class='ocrx_word' id='word_1_705' title='bbox 2050 3281 2102 3324; x_wconf 92' lang='lat' dir='ltr'><strong>et</strong></span> <span class='ocrx_word' id='word_1_706' title='bbox 2133 3271 2239 3324; x_wconf 86' lang='lat' dir='ltr'><strong>alio</strong></span> <span class='ocrx_word' id='word_1_707' title='bbox 2279 3284 2493 3338; x_wconf 81' lang='lat' dir='ltr'><strong>quoque</strong></span> <span class='ocrx_word' id='word_1_708' title='bbox 2522 3269 2639 3322; x_wconf 91' lang='lat' dir='ltr'><strong>loco</strong></span> <span class='ocrx_word' id='word_1_709' title='bbox 2664 3286 2678 3321; x_wconf 90' lang='lat'><strong>:</strong></span> <span class='ocrx_word' id='word_1_710' title='bbox 2706 3287 2723 3318; x_wconf 80' lang='grc' dir='ltr'><strong>ι</strong></span> <span class='ocrx_word' id='word_1_711' title='bbox 2768 3268 2920 3322; x_wconf 85' lang='lat' dir='ltr'><strong>Tunc</strong></span> <span class='ocrx_word' id='word_1_712' title='bbox 2956 3268 3270 3336; x_wconf 89' lang='lat' dir='ltr'><strong>aperientur</strong></span> <span class='ocrx_word' id='word_1_713' title='bbox 3305 3262 3443 3316; x_wconf 90' lang='lat' dir='ltr'><strong>oculi</strong></span> 
     </span>
    </p>
   </div>
   <div class='ocr_carea' id='block_1_95' title="bbox 1886 3353 3447 3424">
    <p class='ocr_par' dir='ltr' id='par_1_95' title="bbox 1886 3353 3447 3424">
     <span class='ocr_line' id='line_1_95' title="bbox 1886 3353 3447 3424; baseline -0.007 -10"><span class='ocrx_word' id='word_1_714' title='bbox 1886 3376 2172 3424; x_wconf 63' lang='lat' dir='ltr'><strong>caecorum,</strong></span> <span class='ocrx_word' id='word_1_715' title='bbox 2204 3370 2255 3414; x_wconf 91' lang='lat' dir='ltr'><strong>et</strong></span> <span class='ocrx_word' id='word_1_716' title='bbox 2313 3374 2473 3412; x_wconf 89' lang='lat' dir='ltr'><strong>aures</strong></span> <span class='ocrx_word' id='word_1_717' title='bbox 2502 3359 2787 3411; x_wconf 88' lang='lat' dir='ltr'><strong>surdorum</strong></span> <span class='ocrx_word' id='word_1_718' title='bbox 2832 3360 3073 3421; x_wconf 87' lang='lat' dir='ltr'><strong>audient,</strong></span> <span class='ocrx_word' id='word_1_719' title='bbox 3112 3370 3236 3410; x_wconf 90' lang='lat' dir='ltr'><strong>tunc</strong></span> <span class='ocrx_word' id='word_1_720' title='bbox 3296 3353 3447 3408; x_wconf 83' lang='lat' dir='ltr'><strong>saliet</strong></span> 
     </span>
    </p>
   </div>
   <div class='ocr_carea' id='block_1_96' title="bbox 1886 3446 3446 3519">
    <p class='ocr_par' dir='ltr' id='par_1_96' title="bbox 1886 3446 3446 3519">
     <span class='ocr_line' id='line_1_96' title="bbox 1886 3446 3446 3519; baseline -0.006 -13"><span class='ocrx_word' id='word_1_721' title='bbox 1886 3454 2023 3506; x_wconf 90' lang='lat' dir='ltr'><strong>sicut</strong></span> <span class='ocrx_word' id='word_1_722' title='bbox 2057 3467 2246 3506; x_wconf 90' lang='lat' dir='ltr'><strong>cervus</strong></span> <span class='ocrx_word' id='word_1_723' title='bbox 2299 3451 2538 3511; x_wconf 88' lang='lat' dir='ltr'><strong>claudus,</strong></span> <span class='ocrx_word' id='word_1_724' title='bbox 2574 3459 2628 3504; x_wconf 89' lang='lat' dir='ltr'><strong>et</strong></span> <span class='ocrx_word' id='word_1_725' title='bbox 2666 3451 2913 3519; x_wconf 79' lang='lat' dir='ltr'><strong>expedita</strong></span> <span class='ocrx_word' id='word_1_726' title='bbox 2943 3451 3047 3506; x_wconf 82' lang='lat' dir='ltr'><strong>erit</strong></span> <span class='ocrx_word' id='word_1_727' title='bbox 3098 3451 3279 3518; x_wconf 90' lang='lat' dir='ltr'><strong>lingua</strong></span> <span class='ocrx_word' id='word_1_728' title='bbox 3337 3446 3446 3500; x_wconf 87' lang='lat' dir='ltr'><strong>bal-</strong></span> 
     </span>
    </p>
   </div>
   <div class='ocr_carea' id='block_1_97' title="bbox 1890 3540 3445 3612">
    <p class='ocr_par' dir='ltr' id='par_1_97' title="bbox 1890 3540 3445 3612">
     <span class='ocr_line' id='line_1_97' title="bbox 1890 3540 3445 3612; baseline -0.006 -13"><span class='ocrx_word' id='word_1_729' title='bbox 1890 3545 2207 3599; x_wconf 86' lang='lat' dir='ltr'><strong>butientium</strong></span> <span class='ocrx_word' id='word_1_730' title='bbox 2236 3544 2301 3598; x_wconf 83' lang='lat'><strong>“.</strong></span> <span class='ocrx_word' id='word_1_731' title='bbox 2331 3562 2349 3595; x_wconf 74' lang='grc' dir='ltr'><strong>ι</strong></span> <span class='ocrx_word' id='word_1_732' title='bbox 2385 3543 2546 3597; x_wconf 85' lang='lat' dir='ltr'><strong>Addit</strong></span> <span class='ocrx_word' id='word_1_733' title='bbox 2578 3553 2837 3612; x_wconf 66' lang='lat' dir='ltr'><strong>praetcrea</strong></span> <span class='ocrx_word' id='word_1_734' title='bbox 2876 3562 2889 3598; x_wconf 91' lang='lat'>:</span> <span class='ocrx_word' id='word_1_735' title='bbox 2926 3563 2944 3595; x_wconf 78' lang='grc' dir='ltr'><strong>ι</strong></span> <span class='ocrx_word' id='word_1_736' title='bbox 2970 3544 3205 3611; x_wconf 84' lang='lat' dir='ltr'><strong>Surgeut</strong></span> <span class='ocrx_word' id='word_1_737' title='bbox 3230 3540 3445 3596; x_wconf 86' lang='lat' dir='ltr'><strong>mortui,</strong></span> 
     </span>
    </p>
   </div>
   <div class='ocr_carea' id='block_1_98' title="bbox 1887 3633 3448 3702">
    <p class='ocr_par' dir='ltr' id='par_1_98' title="bbox 1887 3633 3448 3702">
     <span class='ocr_line' id='line_1_98' title="bbox 1887 3633 3448 3702; baseline -0.004 -15"><span class='ocrx_word' id='word_1_738' title='bbox 1887 3645 1941 3687; x_wconf 91' lang='lat' dir='ltr'><strong>et</strong></span> <span class='ocrx_word' id='word_1_739' title='bbox 1987 3642 2266 3702; x_wconf 86' lang='lat' dir='ltr'><strong>rcsurgent</strong></span> <span class='ocrx_word' id='word_1_740' title='bbox 2305 3633 2392 3701; x_wconf 89' lang='lat' dir='ltr'><strong>qui</strong></span> <span class='ocrx_word' id='word_1_741' title='bbox 2457 3633 2509 3686; x_wconf 92' lang='lat' dir='ltr'><strong>in</strong></span> <span class='ocrx_word' id='word_1_742' title='bbox 2565 3635 2929 3688; x_wconf 87' lang='lat' dir='ltr'><strong>monumentis</strong></span> <span class='ocrx_word' id='word_1_743' title='bbox 2984 3645 3154 3688; x_wconf 85' lang='lat' dir='ltr'><strong>sunt:</strong></span> <span class='ocrx_word' id='word_1_744' title='bbox 3193 3647 3314 3685; x_wconf 87' lang='lat' dir='ltr'><strong>nam</strong></span> <span class='ocrx_word' id='word_1_745' title='bbox 3362 3643 3448 3681; x_wconf 79' lang='lat' dir='ltr'><strong>ros</strong></span> 
     </span>
    </p>
   </div>
   <div class='ocr_carea' id='block_1_99' title="bbox 1886 3721 3444 3793">
    <p class='ocr_par' dir='ltr' id='par_1_99' title="bbox 1886 3721 3444 3793">
     <span class='ocr_line' id='line_1_99' title="bbox 1886 3721 3444 3793; baseline -0.002 -17"><span class='ocrx_word' id='word_1_746' title='bbox 1886 3724 1976 3792; x_wconf 90' lang='lat' dir='ltr'><strong>qui</strong></span> <span class='ocrx_word' id='word_1_747' title='bbox 2035 3740 2061 3777; x_wconf 88' lang='lat' dir='ltr'><strong>a</strong></span> <span class='ocrx_word' id='word_1_748' title='bbox 2095 3735 2163 3788; x_wconf 91' lang='lat' dir='ltr'><strong>te,</strong></span> <span class='ocrx_word' id='word_1_749' title='bbox 2211 3725 2340 3793; x_wconf 85' lang='lat' dir='ltr'><strong>ipsis</strong></span> <span class='ocrx_word' id='word_1_750' title='bbox 2374 3724 2582 3777; x_wconf 84' lang='lat' dir='ltr'><strong>sanitas</strong></span> <span class='ocrx_word' id='word_1_751' title='bbox 2617 3735 2701 3777; x_wconf 90' lang='lat' dir='ltr'><strong>cst</strong></span> <span class='ocrx_word' id='word_1_752' title='bbox 2728 3726 2790 3778; x_wconf 89' lang='grc'><strong>³⁷.</strong></span> <span class='ocrx_word' id='word_1_753' title='bbox 2836 3744 2854 3775; x_wconf 76' lang='grc' dir='ltr'><strong>ι</strong></span> <span class='ocrx_word' id='word_1_754' title='bbox 2911 3725 3141 3778; x_wconf 81' lang='lat' dir='ltr'><strong>Rursum</strong></span> <span class='ocrx_word' id='word_1_755' title='bbox 3178 3727 3315 3780; x_wconf 89' lang='lat' dir='ltr'><strong>idem</strong></span> <span class='ocrx_word' id='word_1_756' title='bbox 3394 3721 3444 3773; x_wconf 91' lang='lat' dir='ltr'><strong>in</strong></span> 
     </span>
    </p>
   </div>
   <div class='ocr_carea' id='block_1_100' title="bbox 1889 3813 3446 3883">
    <p class='ocr_par' dir='ltr' id='par_1_100' title="bbox 1889 3813 3446 3883">
     <span class='ocr_line' id='line_1_100' title="bbox 1889 3813 3446 3883; baseline -0.004 -15"><span class='ocrx_word' id='word_1_757' title='bbox 1889 3829 2111 3883; x_wconf 83' lang='lat' dir='ltr'><strong>persona</strong></span> <span class='ocrx_word' id='word_1_758' title='bbox 2147 3814 2344 3869; x_wconf 89' lang='lat' dir='ltr'><strong>Christi</strong></span> <span class='ocrx_word' id='word_1_759' title='bbox 2396 3814 2468 3867; x_wconf 83' lang='lat' dir='ltr'><strong>ita</strong></span> <span class='ocrx_word' id='word_1_760' title='bbox 2525 3815 2646 3868; x_wconf 89' lang='lat' dir='ltr'><strong>ait:</strong></span> <span class='ocrx_word' id='word_1_761' title='bbox 2681 3833 2699 3864; x_wconf 77' lang='grc' dir='ltr'><strong>ι</strong></span> <span class='ocrx_word' id='word_1_762' title='bbox 2733 3813 2964 3883; x_wconf 89' lang='lat' dir='ltr'><strong>Spiritus</strong></span> <span class='ocrx_word' id='word_1_763' title='bbox 3013 3815 3222 3871; x_wconf 90' lang='lat' dir='ltr'><strong>Domini</strong></span> <span class='ocrx_word' id='word_1_764' title='bbox 3284 3826 3446 3881; x_wconf 83' lang='lat' dir='ltr'><strong>super</strong></span> 
     </span>
    </p>
   </div>
   <div class='ocr_carea' id='block_1_101' title="bbox 1888 3907 3445 3979">
    <p class='ocr_par' dir='ltr' id='par_1_101' title="bbox 1888 3907 3445 3979">
     <span class='ocr_line' id='line_1_101' title="bbox 1888 3907 3445 3979; baseline -0.006 -16"><span class='ocrx_word' id='word_1_765' title='bbox 1888 3925 1993 3975; x_wconf 89' lang='lat' dir='ltr'><strong>me,</strong></span> <span class='ocrx_word' id='word_1_766' title='bbox 2028 3910 2181 3978; x_wconf 85' lang='lat' dir='ltr'><strong>cujus</strong></span> <span class='ocrx_word' id='word_1_767' title='bbox 2211 3925 2372 3964; x_wconf 84' lang='lat' dir='ltr'><strong>causa</strong></span> <span class='ocrx_word' id='word_1_768' title='bbox 2405 3911 2555 3962; x_wconf 79' lang='lat' dir='ltr'><strong>unxit</strong></span> <span class='ocrx_word' id='word_1_769' title='bbox 2588 3925 2689 3973; x_wconf 87' lang='lat' dir='ltr'><strong>me,</strong></span> <span class='ocrx_word' id='word_1_770' title='bbox 2725 3911 3100 3979; x_wconf 85' lang='lat' dir='ltr'><strong>evangelizare</strong></span> <span class='ocrx_word' id='word_1_771' title='bbox 3125 3907 3445 3977; x_wconf 82' lang='lat' dir='ltr'><strong>pauperibus</strong></span> 
     </span>
    </p>
   </div>
   <div class='ocr_carea' id='block_1_102' title="bbox 1888 3993 3443 4066">
    <p class='ocr_par' dir='ltr' id='par_1_102' title="bbox 1888 3993 3443 4066">
     <span class='ocr_line' id='line_1_102' title="bbox 1888 3993 3443 4066; baseline -0.005 -16"><span class='ocrx_word' id='word_1_772' title='bbox 1888 3998 2032 4050; x_wconf 82' lang='lat' dir='ltr'><strong>misit</strong></span> <span class='ocrx_word' id='word_1_773' title='bbox 2061 4012 2167 4058; x_wconf 84' lang='lat' dir='ltr'><strong>me,</strong></span> <span class='ocrx_word' id='word_1_774' title='bbox 2201 3998 2490 4066; x_wconf 71' lang='lat' dir='ltr'><strong>praedicare</strong></span> <span class='ocrx_word' id='word_1_775' title='bbox 2510 3997 2741 4063; x_wconf 84' lang='lat' dir='ltr'><strong>captivis</strong></span> <span class='ocrx_word' id='word_1_776' title='bbox 2777 3997 3173 4059; x_wconf 88' lang='lat' dir='ltr'><strong>remissionem,</strong></span> <span class='ocrx_word' id='word_1_777' title='bbox 3197 4004 3250 4049; x_wconf 91' lang='lat' dir='ltr'><strong>et</strong></span> <span class='ocrx_word' id='word_1_778' title='bbox 3286 3993 3443 4047; x_wconf 71' lang='lat' dir='ltr'><strong>CtBClS</strong></span> 
     </span>
    </p>
   </div>
   <div class='ocr_carea' id='block_1_103' title="bbox 1887 4084 3442 4153">
    <p class='ocr_par' dir='ltr' id='par_1_103' title="bbox 1887 4084 3442 4153">
     <span class='ocr_line' id='line_1_103' title="bbox 1887 4084 3442 4153; baseline -0.005 -16"><span class='ocrx_word' id='word_1_779' title='bbox 1887 4085 2032 4138; x_wconf 79' lang='lat' dir='ltr'><strong>visus</strong></span> <span class='ocrx_word' id='word_1_780' title='bbox 2055 4086 2384 4152; x_wconf 81' lang='lat' dir='ltr'><strong>apertioncm</strong></span> <span class='ocrx_word' id='word_1_781' title='bbox 2414 4084 2481 4136; x_wconf 83' lang='grc'><strong>⁸⁸.</strong></span> <span class='ocrx_word' id='word_1_782' title='bbox 2515 4103 2531 4134; x_wconf 72' lang='grc' dir='ltr'><strong>ι</strong></span> <span class='ocrx_word' id='word_1_783' title='bbox 2559 4085 2693 4138; x_wconf 90' lang='lat' dir='ltr'><strong>Cum</strong></span> <span class='ocrx_word' id='word_1_784' title='bbox 2730 4101 2858 4153; x_wconf 84' lang='lat' dir='ltr'><strong>ergo</strong></span> <span class='ocrx_word' id='word_1_785' title='bbox 2894 4087 3274 4153; x_wconf 88' lang='lat' dir='ltr'><strong>prophetarum</strong></span> <span class='ocrx_word' id='word_1_786' title='bbox 3314 4094 3442 4132; x_wconf 80' lang='lat' dir='ltr'><strong>ora-</strong></span> 
     </span>
    </p>
   </div>
   <div class='ocr_carea' id='block_1_104' title="bbox 1886 4173 3442 4246">
    <p class='ocr_par' dir='ltr' id='par_1_104' title="bbox 1886 4173 3442 4246">
     <span class='ocr_line' id='line_1_104' title="bbox 1886 4173 3442 4246; baseline -0.005 -16"><span class='ocrx_word' id='word_1_787' title='bbox 1886 4177 2005 4230; x_wconf 91' lang='lat' dir='ltr'><strong>cula</strong></span> <span class='ocrx_word' id='word_1_788' title='bbox 2045 4177 2162 4232; x_wconf 81' lang='lat' dir='ltr'><strong>fidei</strong></span> <span class='ocrx_word' id='word_1_789' title='bbox 2223 4193 2342 4246; x_wconf 75' lang='lat' dir='ltr'><strong>quac</strong></span> <span class='ocrx_word' id='word_1_790' title='bbox 2400 4178 2497 4245; x_wconf 89' lang='lat' dir='ltr'><strong>ipsi</strong></span> <span class='ocrx_word' id='word_1_791' title='bbox 2531 4179 2778 4240; x_wconf 89' lang='lat' dir='ltr'><strong>debetur,</strong></span> <span class='ocrx_word' id='word_1_792' title='bbox 2814 4186 3186 4246; x_wconf 83' lang='lat' dir='ltr'><strong>argumentum</strong></span> <span class='ocrx_word' id='word_1_793' title='bbox 3250 4173 3442 4242; x_wconf 84' lang='lat' dir='ltr'><strong>proha-</strong></span> 
     </span>
    </p>
   </div>
   <div class='ocr_carea' id='block_1_105' title="bbox 1888 4265 3440 4336">
    <p class='ocr_par' dir='ltr' id='par_1_105' title="bbox 1888 4265 3440 4336">
     <span class='ocr_line' id='line_1_105' title="bbox 1888 4265 3440 4336; baseline -0.005 -16"><span class='ocrx_word' id='word_1_794' title='bbox 1888 4269 2196 4336; x_wconf 86' lang='lat' dir='ltr'><strong>tionemque</strong></span> <span class='ocrx_word' id='word_1_795' title='bbox 2237 4270 2486 4332; x_wconf 86' lang='lat' dir='ltr'><strong>adducat,</strong></span> <span class='ocrx_word' id='word_1_796' title='bbox 2519 4268 2728 4336; x_wconf 88' lang='lat' dir='ltr'><strong>ipsique</strong></span> <span class='ocrx_word' id='word_1_797' title='bbox 2767 4269 3040 4335; x_wconf 66' lang='lat' dir='ltr'><strong>prophetas</strong></span> <span class='ocrx_word' id='word_1_798' title='bbox 3076 4268 3239 4320; x_wconf 86' lang='lat' dir='ltr'><strong>Deum</strong></span> <span class='ocrx_word' id='word_1_799' title='bbox 3295 4265 3440 4316; x_wconf 88' lang='lat' dir='ltr'><strong>illum</strong></span> 
     </span>
    </p>
   </div>
   <div class='ocr_carea' id='block_1_106' title="bbox 1886 4359 3443 4426">
    <p class='ocr_par' dir='ltr' id='par_1_106' title="bbox 1886 4359 3443 4426">
     <span class='ocr_line' id='line_1_106' title="bbox 1886 4359 3443 4426; baseline -0.003 -16"><span class='ocrx_word' id='word_1_800' title='bbox 1886 4374 2006 4412; x_wconf 86' lang='lat' dir='ltr'><strong>esse</strong></span> <span class='ocrx_word' id='word_1_801' title='bbox 2067 4359 2379 4426; x_wconf 70' lang='lat' dir='ltr'><strong>pra-dicent,</strong></span> <span class='ocrx_word' id='word_1_802' title='bbox 2423 4359 2542 4426; x_wconf 88' lang='lat' dir='ltr'><strong>quis</strong></span> <span class='ocrx_word' id='word_1_803' title='bbox 2605 4359 2690 4412; x_wconf 88' lang='lat' dir='ltr'><strong>his</strong></span> <span class='ocrx_word' id='word_1_804' title='bbox 2742 4359 3009 4412; x_wconf 87' lang='lat' dir='ltr'><strong>contraria</strong></span> <span class='ocrx_word' id='word_1_805' title='bbox 3056 4370 3301 4413; x_wconf 87' lang='lat' dir='ltr'><strong>asserere</strong></span> <span class='ocrx_word' id='word_1_806' title='bbox 3348 4368 3443 4405; x_wconf 90' lang='lat' dir='ltr'><strong>au-</strong></span> 
     </span>
    </p>
   </div>
   <div class='ocr_carea' id='block_1_107' title="bbox 1887 4449 2045 4503">
    <p class='ocr_par' dir='ltr' id='par_1_107' title="bbox 1887 4449 2045 4503">
     <span class='ocr_line' id='line_1_107' title="bbox 1887 4449 2045 4503; baseline -0.006 0"><span class='ocrx_word' id='word_1_807' title='bbox 1887 4449 2045 4503; x_wconf 87' lang='lat' dir='ltr'><strong>deat?</strong></span> 
     </span>
    </p>
   </div>
   <div class='ocr_carea' id='block_1_108' title="bbox 1964 4539 3435 4609">
    <p class='ocr_par' dir='ltr' id='par_1_108' title="bbox 1964 4539 3435 4609">
     <span class='ocr_line' id='line_1_108' title="bbox 1964 4539 3435 4609; baseline -0.007 -17"><span class='ocrx_word' id='word_1_808' title='bbox 1964 4540 2096 4594; x_wconf 88' lang='lat' dir='ltr'><strong>Dum</strong></span> <span class='ocrx_word' id='word_1_809' title='bbox 2128 4539 2370 4609; x_wconf 88' lang='lat' dir='ltr'><strong>discipuli</strong></span> <span class='ocrx_word' id='word_1_810' title='bbox 2398 4549 2713 4608; x_wconf 84' lang='lat' dir='ltr'><strong>tempestate</strong></span> <span class='ocrx_word' id='word_1_811' title='bbox 2758 4546 2808 4594; x_wconf 86' lang='lat' dir='ltr'><strong>in</strong></span> <span class='ocrx_word' id='word_1_812' title='bbox 2841 4552 3030 4607; x_wconf 82' lang='lat' dir='ltr'><strong>stagno</strong></span> <span class='ocrx_word' id='word_1_813' title='bbox 3078 4539 3435 4607; x_wconf 82' lang='lat' dir='ltr'><strong>jactarentur,</strong></span> 
     </span>
    </p>
   </div>
   <div class='ocr_carea' id='block_1_109' title="bbox 1895 4627 3438 4693">
    <p class='ocr_par' dir='ltr' id='par_1_109' title="bbox 1895 4627 3438 4693">
     <span class='ocr_line' id='line_1_109' title="bbox 1895 4627 3438 4693; baseline -0.005 -13"><span class='ocrx_word' id='word_1_814' title='bbox 1895 4649 1913 4680; x_wconf 78' lang='grc' dir='ltr'><strong>ι</strong></span> <span class='ocrx_word' id='word_1_815' title='bbox 1939 4632 2254 4686; x_wconf 87' lang='lat' dir='ltr'><strong>accedentes</strong></span> <span class='ocrx_word' id='word_1_816' title='bbox 2283 4631 2607 4684; x_wconf 80' lang='lat' dir='ltr'><strong>suscitarent</strong></span> <span class='ocrx_word' id='word_1_817' title='bbox 2632 4644 2774 4693; x_wconf 91' lang='lat' dir='ltr'><strong>eum,</strong></span> <span class='ocrx_word' id='word_1_818' title='bbox 2799 4631 3037 4684; x_wconf 90' lang='lat' dir='ltr'><strong>dicentes</strong></span> <span class='ocrx_word' id='word_1_819' title='bbox 3068 4647 3080 4680; x_wconf 90' lang='lat'>:</span> <span class='ocrx_word' id='word_1_820' title='bbox 3115 4627 3438 4692; x_wconf 71' lang='lat' dir='ltr'><strong>Praeceptor,</strong></span> 
     </span>
    </p>
   </div>
   <div class='ocr_carea' id='block_1_110' title="bbox 1889 4720 3442 4790">
    <p class='ocr_par' dir='ltr' id='par_1_110' title="bbox 1889 4720 3442 4790">
     <span class='ocr_line' id='line_1_110' title="bbox 1889 4720 3442 4790; baseline -0.008 -12"><span class='ocrx_word' id='word_1_821' title='bbox 1889 4723 2141 4790; x_wconf 89' lang='lat' dir='ltr'><strong>perimus.</strong></span> <span class='ocrx_word' id='word_1_822' title='bbox 2175 4721 2482 4789; x_wconf 83' lang='lat' dir='ltr'><strong>At90ille</strong></span> <span class='ocrx_word' id='word_1_823' title='bbox 2527 4735 2754 4788; x_wconf 89' lang='lat' dir='ltr'><strong>surgens</strong></span> <span class='ocrx_word' id='word_1_824' title='bbox 2805 4720 3102 4790; x_wconf 89' lang='lat' dir='ltr'><strong>increpavit</strong></span> <span class='ocrx_word' id='word_1_825' title='bbox 3129 4727 3340 4772; x_wconf 87' lang='lat' dir='ltr'><strong>ventum</strong></span> <span class='ocrx_word' id='word_1_826' title='bbox 3387 4722 3442 4765; x_wconf 91' lang='lat' dir='ltr'><strong>et</strong></span> 
     </span>
    </p>
   </div>
   <div class='ocr_carea' id='block_1_111' title="bbox 1889 4811 3448 4878">
    <p class='ocr_par' dir='ltr' id='par_1_111' title="bbox 1889 4811 3448 4878">
     <span class='ocr_line' id='line_1_111' title="bbox 1889 4811 3448 4878; baseline -0.005 -14"><span class='ocrx_word' id='word_1_827' title='bbox 1889 4819 2259 4878; x_wconf 82' lang='lat' dir='ltr'><strong>tempestatem</strong></span> <span class='ocrx_word' id='word_1_828' title='bbox 2314 4824 2465 4878; x_wconf 71' lang='lat' dir='ltr'><strong>aqua:</strong></span> <span class='ocrx_word' id='word_1_829' title='bbox 2494 4827 2506 4862; x_wconf 91' lang='lat'><strong>:</strong></span> <span class='ocrx_word' id='word_1_830' title='bbox 2540 4819 2594 4863; x_wconf 89' lang='lat' dir='ltr'><strong>et</strong></span> <span class='ocrx_word' id='word_1_831' title='bbox 2636 4813 2891 4876; x_wconf 85' lang='lat' dir='ltr'><strong>cessavit,</strong></span> <span class='ocrx_word' id='word_1_832' title='bbox 2919 4822 2973 4867; x_wconf 90' lang='lat' dir='ltr'><strong>et</strong></span> <span class='ocrx_word' id='word_1_833' title='bbox 3004 4811 3139 4866; x_wconf 86' lang='lat' dir='ltr'><strong>facta</strong></span> <span class='ocrx_word' id='word_1_834' title='bbox 3173 4817 3253 4862; x_wconf 86' lang='lat' dir='ltr'><strong>est</strong></span> <span class='ocrx_word' id='word_1_835' title='bbox 3299 4815 3448 4859; x_wconf 68' lang='lat' dir='ltr'><strong>trano</strong></span> 
     </span>
    </p>
   </div>
   <div class='ocr_carea' id='block_1_112' title="bbox 1887 4896 3446 4969">
    <p class='ocr_par' dir='ltr' id='par_1_112' title="bbox 1887 4896 3446 4969">
     <span class='ocr_line' id='line_1_112' title="bbox 1887 4896 3446 4969; baseline -0.004 -16"><span class='ocrx_word' id='word_1_836' title='bbox 1887 4900 2128 4968; x_wconf 84' lang='lat' dir='ltr'><strong>quillitas</strong></span> <span class='ocrx_word' id='word_1_837' title='bbox 2169 4899 2236 4951; x_wconf 86' lang='grc'><strong>⁸⁹.</strong></span> <span class='ocrx_word' id='word_1_838' title='bbox 2277 4916 2295 4949; x_wconf 69' lang='grc' dir='ltr'><strong>ι</strong></span> <span class='ocrx_word' id='word_1_839' title='bbox 2325 4898 2578 4956; x_wconf 84' lang='lat' dir='ltr'><strong>Davidica</strong></span> <span class='ocrx_word' id='word_1_840' title='bbox 2603 4917 2735 4957; x_wconf 81' lang='lat' dir='ltr'><strong>voce</strong></span> <span class='ocrx_word' id='word_1_841' title='bbox 2777 4902 3034 4969; x_wconf 81' lang='lat' dir='ltr'><strong>ejusmodi</strong></span> <span class='ocrx_word' id='word_1_842' title='bbox 3077 4899 3349 4955; x_wconf 89' lang='lat' dir='ltr'><strong>oraculum</strong></span> <span class='ocrx_word' id='word_1_843' title='bbox 3381 4896 3446 4948; x_wconf 84' lang='lat' dir='ltr'><strong>de</strong></span> 
     </span>
    </p>
   </div>
   <div class='ocr_carea' id='block_1_113' title="bbox 1887 4985 3440 5058">
    <p class='ocr_par' dir='ltr' id='par_1_113' title="bbox 1887 4985 3440 5058">
     <span class='ocr_line' id='line_1_113' title="bbox 1887 4985 3440 5058; baseline -0.003 -16"><span class='ocrx_word' id='word_1_844' title='bbox 1887 4989 2106 5042; x_wconf 77' lang='lat' dir='ltr'><strong>Christo</strong></span> <span class='ocrx_word' id='word_1_845' title='bbox 2158 4988 2362 5043; x_wconf 88' lang='lat' dir='ltr'><strong>editum</strong></span> <span class='ocrx_word' id='word_1_846' title='bbox 2426 5001 2546 5046; x_wconf 89' lang='lat' dir='ltr'><strong>erat</strong></span> <span class='ocrx_word' id='word_1_847' title='bbox 2591 5009 2604 5047; x_wconf 90' lang='lat'><strong>:</strong></span> <span class='ocrx_word' id='word_1_848' title='bbox 2650 5011 2668 5042; x_wconf 85' lang='grc'><strong>‹</strong></span> <span class='ocrx_word' id='word_1_849' title='bbox 2711 4993 2789 5045; x_wconf 90' lang='lat' dir='ltr'><strong>&#39;l&#39;u</strong></span> <span class='ocrx_word' id='word_1_850' title='bbox 2841 4990 3133 5044; x_wconf 86' lang='lat' dir='ltr'><strong>dominaris</strong></span> <span class='ocrx_word' id='word_1_851' title='bbox 3192 4985 3440 5058; x_wconf 83' lang='lat' dir='ltr'><strong>potestati</strong></span> 
     </span>
    </p>
   </div>
   <div class='ocr_carea' id='block_1_114' title="bbox 1890 5076 3447 5149">
    <p class='ocr_par' dir='ltr' id='par_1_114' title="bbox 1890 5076 3447 5149">
     <span class='ocr_line' id='line_1_114' title="bbox 1890 5076 3447 5149; baseline 0 -20"><span class='ocrx_word' id='word_1_852' title='bbox 1890 5078 2075 5143; x_wconf 85' lang='lat' dir='ltr'><strong>maris,</strong></span> <span class='ocrx_word' id='word_1_853' title='bbox 2115 5088 2171 5132; x_wconf 84' lang='lat' dir='ltr'><strong>et</strong></span> <span class='ocrx_word' id='word_1_854' title='bbox 2219 5088 2424 5134; x_wconf 81' lang='lat' dir='ltr'><strong>molitm</strong></span> <span class='ocrx_word' id='word_1_855' title='bbox 2478 5082 2734 5136; x_wconf 83' lang='lat' dir='ltr'><strong>ﬂuctuum</strong></span> <span class='ocrx_word' id='word_1_856' title='bbox 2777 5082 2896 5149; x_wconf 73' lang='lat' dir='ltr'><strong>eius</strong></span> <span class='ocrx_word' id='word_1_857' title='bbox 2953 5091 3006 5134; x_wconf 90' lang='lat' dir='ltr'><strong>tu</strong></span> <span class='ocrx_word' id='word_1_858' title='bbox 3067 5080 3298 5148; x_wconf 84' lang='lat' dir='ltr'><strong>mitigas.</strong></span> <span class='ocrx_word' id='word_1_859' title='bbox 3346 5076 3447 5130; x_wconf 84' lang='lat' dir='ltr'><strong>Tui</strong></span> 
     </span>
    </p>
   </div>
   <div class='ocr_carea' id='block_1_115' title="bbox 1889 5168 3446 5239">
    <p class='ocr_par' dir='ltr' id='par_1_115' title="bbox 1889 5168 3446 5239">
     <span class='ocr_line' id='line_1_115' title="bbox 1889 5168 3446 5239; baseline 0 -17"><span class='ocrx_word' id='word_1_860' title='bbox 1889 5179 2014 5223; x_wconf 89' lang='lat' dir='ltr'><strong>sunt</strong></span> <span class='ocrx_word' id='word_1_861' title='bbox 2046 5172 2194 5239; x_wconf 73' lang='lat' dir='ltr'><strong>cmli,</strong></span> <span class='ocrx_word' id='word_1_862' title='bbox 2221 5182 2276 5226; x_wconf 88' lang='lat' dir='ltr'><strong>et</strong></span> <span class='ocrx_word' id='word_1_863' title='bbox 2296 5182 2382 5226; x_wconf 87' lang='lat' dir='ltr'><strong>tua</strong></span> <span class='ocrx_word' id='word_1_864' title='bbox 2407 5183 2492 5226; x_wconf 84' lang='lat' dir='ltr'><strong>est</strong></span> <span class='ocrx_word' id='word_1_865' title='bbox 2525 5183 2686 5236; x_wconf 85' lang='lat' dir='ltr'><strong>terra,</strong></span> <span class='ocrx_word' id='word_1_866' title='bbox 2718 5174 2902 5227; x_wconf 88' lang='lat' dir='ltr'><strong>orbem</strong></span> <span class='ocrx_word' id='word_1_867' title='bbox 2935 5182 3198 5227; x_wconf 88' lang='lat' dir='ltr'><strong>terrarum</strong></span> <span class='ocrx_word' id='word_1_868' title='bbox 3231 5178 3284 5222; x_wconf 85' lang='lat' dir='ltr'><strong>et</strong></span> <span class='ocrx_word' id='word_1_869' title='bbox 3333 5168 3446 5235; x_wconf 83' lang='lat' dir='ltr'><strong>ple-</strong></span> 
     </span>
    </p>
   </div>
   <div class='ocr_carea' id='block_1_116' title="bbox 1888 5258 3446 5332">
    <p class='ocr_par' dir='ltr' id='par_1_116' title="bbox 1888 5258 3446 5332">
     <span class='ocr_line' id='line_1_116' title="bbox 1888 5258 3446 5332; baseline -0.003 -18"><span class='ocrx_word' id='word_1_870' title='bbox 1888 5261 2183 5317; x_wconf 88' lang='lat' dir='ltr'><strong>nitudinem</strong></span> <span class='ocrx_word' id='word_1_871' title='bbox 2219 5263 2333 5330; x_wconf 84' lang='lat' dir='ltr'><strong>ejus</strong></span> <span class='ocrx_word' id='word_1_872' title='bbox 2358 5272 2410 5316; x_wconf 90' lang='lat' dir='ltr'><strong>tu</strong></span> <span class='ocrx_word' id='word_1_873' title='bbox 2446 5263 2682 5316; x_wconf 85' lang='lat' dir='ltr'><strong>fundasti</strong></span> <span class='ocrx_word' id='word_1_874' title='bbox 2706 5263 2772 5317; x_wconf 77' lang='lat'><strong>“.</strong></span> <span class='ocrx_word' id='word_1_875' title='bbox 2795 5282 2814 5315; x_wconf 74' lang='grc' dir='ltr'><strong>ι</strong></span> <span class='ocrx_word' id='word_1_876' title='bbox 2852 5264 2982 5318; x_wconf 91' lang='lat' dir='ltr'><strong>Cum</strong></span> <span class='ocrx_word' id='word_1_877' title='bbox 3011 5263 3063 5316; x_wconf 90' lang='lat' dir='ltr'><strong>in</strong></span> <span class='ocrx_word' id='word_1_878' title='bbox 3094 5261 3236 5314; x_wconf 89' lang='lat' dir='ltr'><strong>illum</strong></span> <span class='ocrx_word' id='word_1_879' title='bbox 3261 5258 3446 5332; x_wconf 83' lang='lat' dir='ltr'><strong>igitur,</strong></span> 
     </span>
    </p>
   </div>
   <div class='ocr_carea' id='block_1_117' title="bbox 1888 5352 3442 5422">
    <p class='ocr_par' dir='ltr' id='par_1_117' title="bbox 1888 5352 3442 5422">
     <span class='ocr_line' id='line_1_117' title="bbox 1888 5352 3442 5422; baseline -0.002 -18"><span class='ocrx_word' id='word_1_880' title='bbox 1888 5353 1979 5422; x_wconf 87' lang='lat' dir='ltr'><strong>qui</strong></span> <span class='ocrx_word' id='word_1_881' title='bbox 2033 5353 2202 5406; x_wconf 87' lang='lat' dir='ltr'><strong>maria</strong></span> <span class='ocrx_word' id='word_1_882' title='bbox 2233 5356 2405 5415; x_wconf 87' lang='lat' dir='ltr'><strong>sedat,</strong></span> <span class='ocrx_word' id='word_1_883' title='bbox 2438 5354 2678 5406; x_wconf 89' lang='lat' dir='ltr'><strong>omnium</strong></span> <span class='ocrx_word' id='word_1_884' title='bbox 2729 5369 2908 5408; x_wconf 85' lang='lat' dir='ltr'><strong>rerum</strong></span> <span class='ocrx_word' id='word_1_885' title='bbox 2961 5352 3241 5407; x_wconf 87' lang='lat' dir='ltr'><strong>Dominmn</strong></span> <span class='ocrx_word' id='word_1_886' title='bbox 3298 5363 3442 5411; x_wconf 84' lang='lat' dir='ltr'><strong>esse,</strong></span> 
     </span>
    </p>
   </div>
   <div class='ocr_carea' id='block_1_118' title="bbox 1888 5437 3446 5512">
    <p class='ocr_par' dir='ltr' id='par_1_118' title="bbox 1888 5437 3446 5512">
     <span class='ocr_line' id='line_1_118' title="bbox 1888 5437 3446 5512; baseline 0 -18"><span class='ocrx_word' id='word_1_887' title='bbox 1888 5443 2132 5512; x_wconf 83' lang='lat' dir='ltr'><strong>proprios</strong></span> <span class='ocrx_word' id='word_1_888' title='bbox 2173 5443 2336 5496; x_wconf 66' lang='lat' dir='ltr'><strong>caelos</strong></span> <span class='ocrx_word' id='word_1_889' title='bbox 2392 5443 2690 5510; x_wconf 78' lang='lat' dir='ltr'><strong>possidere,</strong></span> <span class='ocrx_word' id='word_1_890' title='bbox 2731 5446 2918 5499; x_wconf 90' lang='lat' dir='ltr'><strong>orbem</strong></span> <span class='ocrx_word' id='word_1_891' title='bbox 2968 5452 3252 5500; x_wconf 87' lang='lat' dir='ltr'><strong>terrarum,</strong></span> <span class='ocrx_word' id='word_1_892' title='bbox 3301 5437 3446 5506; x_wconf 78' lang='lat' dir='ltr'><strong>ejus-</strong></span> 
     </span>
    </p>
   </div>
   <div class='ocr_carea' id='block_1_119' title="bbox 1889 5530 3447 5602">
    <p class='ocr_par' dir='ltr' id='par_1_119' title="bbox 1889 5530 3447 5602">
     <span class='ocr_line' id='line_1_119' title="bbox 1889 5530 3447 5602; baseline -0.003 -16"><span class='ocrx_word' id='word_1_893' title='bbox 1889 5534 2114 5600; x_wconf 87' lang='lat' dir='ltr'><strong>demque</strong></span> <span class='ocrx_word' id='word_1_894' title='bbox 2149 5531 2528 5600; x_wconf 86' lang='lat' dir='ltr'><strong>plenitudinem</strong></span> <span class='ocrx_word' id='word_1_895' title='bbox 2591 5548 2747 5602; x_wconf 90' lang='lat' dir='ltr'><strong>posse</strong></span> <span class='ocrx_word' id='word_1_896' title='bbox 2780 5534 3020 5594; x_wconf 85' lang='lat' dir='ltr'><strong>fundare,</strong></span> <span class='ocrx_word' id='word_1_897' title='bbox 3054 5530 3264 5598; x_wconf 86' lang='lat' dir='ltr'><strong>pr0prie</strong></span> <span class='ocrx_word' id='word_1_898' title='bbox 3315 5544 3447 5582; x_wconf 81' lang='lat' dir='ltr'><strong>con-</strong></span> 
     </span>
    </p>
   </div>
   <div class='ocr_carea' id='block_1_120' title="bbox 2056 5702 3444 5768">
    <p class='ocr_par' dir='ltr' id='par_1_120' title="bbox 2056 5702 3444 5768">
     <span class='ocr_line' id='line_1_120' title="bbox 2056 5702 3444 5768; baseline -0.001 -7"><span class='ocrx_word' id='word_1_899' title='bbox 2056 5708 2098 5739; x_wconf 83' lang='grc'><em>³⁸</em></span> <span class='ocrx_word' id='word_1_900' title='bbox 2136 5707 2236 5761; x_wconf 86' lang='lat' dir='ltr'><strong>lsa.</strong></span> <span class='ocrx_word' id='word_1_901' title='bbox 2269 5724 2354 5768; x_wconf 79' lang='lat' dir='ltr'><strong>XL,</strong></span> <span class='ocrx_word' id='word_1_902' title='bbox 2393 5709 2471 5762; x_wconf 82' lang='lat' dir='ltr'><strong>l0.</strong></span> <span class='ocrx_word' id='word_1_903' title='bbox 2555 5711 2598 5740; x_wconf 81' lang='grc'>⁸⁶</span> <span class='ocrx_word' id='word_1_904' title='bbox 2627 5711 2726 5764; x_wconf 88' lang='lat' dir='ltr'><strong>lsa.</strong></span> <span class='ocrx_word' id='word_1_905' title='bbox 2769 5721 2929 5768; x_wconf 70' lang='lat' dir='ltr'><strong>xxxv,</strong></span> <span class='ocrx_word' id='word_1_906' title='bbox 2956 5706 3008 5758; x_wconf 77' lang='lat'><strong>5.</strong></span> <span class='ocrx_word' id='word_1_907' title='bbox 3087 5703 3128 5734; x_wconf 85' lang='grc'><strong>³⁷</strong></span> <span class='ocrx_word' id='word_1_908' title='bbox 3159 5702 3261 5757; x_wconf 76' lang='lat' dir='ltr'><strong>lsa.</strong></span> <span class='ocrx_word' id='word_1_909' title='bbox 3295 5719 3444 5762; x_wconf 75' lang='lat' dir='ltr'><strong>uvl.</strong></span> 
     </span>
    </p>
   </div>
  </div>
