  <div class='ocr_page' id='page_1' title='image "/cluster/home/n/w/nwhite01/storage/ocr_20150623/76/uva.x030486937/650.png"; bbox 0 0 4090 6530; ppageno 0'>
   <div class='ocr_carea' id='block_1_1' title="bbox 160 471 302 524">
    <p class='ocr_par' dir='ltr' id='par_1_1' title="bbox 160 471 302 524">
     <span class='ocr_line' id='line_1_1' title="bbox 160 471 302 524; baseline -0.014 0"><span class='ocrx_word' id='word_1_1' title='bbox 160 471 302 524; x_wconf 59' lang='grc'><strong>9981</strong></span> 
     </span>
    </p>
   </div>
   <div class='ocr_carea' id='block_1_2' title="bbox 1268 466 2310 522">
    <p class='ocr_par' dir='ltr' id='par_1_2' title="bbox 1268 466 2310 522">
     <span class='ocr_line' id='line_1_2' title="bbox 1268 466 2310 522; baseline 0.002 -3"><span class='ocrx_word' id='word_1_2' title='bbox 1268 466 1355 520; x_wconf 72' lang='grc' dir='ltr'><strong>οε</strong></span> <span class='ocrx_word' id='word_1_3' title='bbox 1397 466 1619 520; x_wconf 61' lang='grc' dir='ltr'><strong>ΒΕΕΤΛ</strong></span> <span class='ocrx_word' id='word_1_4' title='bbox 1664 466 1819 520; x_wconf 79' lang='lat' dir='ltr'><strong>FIDE</strong></span> <span class='ocrx_word' id='word_1_5' title='bbox 1862 467 1951 520; x_wconf 85' lang='grc' dir='ltr'>Δί)</span> <span class='ocrx_word' id='word_1_6' title='bbox 1992 466 2310 522; x_wconf 78' lang='lat' dir='ltr'><strong>REGINAS.</strong></span> 
     </span>
    </p>
   </div>
   <div class='ocr_carea' id='block_1_3' title="bbox 3270 479 3404 535">
    <p class='ocr_par' dir='ltr' id='par_1_3' title="bbox 3270 479 3404 535">
     <span class='ocr_line' id='line_1_3' title="bbox 3270 479 3404 535; baseline 0.037 -5"><span class='ocrx_word' id='word_1_7' title='bbox 3270 479 3404 535; x_wconf 63' lang='lat'><strong>{289</strong></span> 
     </span>
    </p>
   </div>
   <div class='ocr_carea' id='block_1_4' title="bbox 155 577 1757 653">
    <p class='ocr_par' dir='ltr' id='par_1_4' title="bbox 155 577 1740 653">
     <span class='ocr_line' id='line_1_4' title="bbox 155 577 1740 653; baseline -0.004 -18"><span class='ocrx_word' id='word_1_8' title='bbox 155 584 360 653; x_wconf 72' lang='grc' dir='ltr'>θρονος</span> <span class='ocrx_word' id='word_1_9' title='bbox 384 581 460 651; x_wconf 77' lang='grc' dir='ltr'>τῷ</span> <span class='ocrx_word' id='word_1_10' title='bbox 492 579 701 649; x_wconf 77' lang='grc' dir='ltr'>Πατρί;</span> <span class='ocrx_word' id='word_1_11' title='bbox 737 581 808 631; x_wconf 69' lang='grc' dir='ltr'><strong>Οὐ</strong></span> <span class='ocrx_word' id='word_1_12' title='bbox 837 579 940 647; x_wconf 80' lang='grc' dir='ltr'><strong>γὰρ</strong></span> <span class='ocrx_word' id='word_1_13' title='bbox 970 577 1273 647; x_wconf 73' lang='grc' dir='ltr'>συνεδρεὺει</span> <span class='ocrx_word' id='word_1_14' title='bbox 1310 577 1384 647; x_wconf 81' lang='grc' dir='ltr'>τῷ</span> <span class='ocrx_word' id='word_1_15' title='bbox 1415 578 1554 631; x_wconf 69' lang='grc' dir='ltr'>κατὰ</span> <span class='ocrx_word' id='word_1_16' title='bbox 1579 578 1740 647; x_wconf 66' lang='grc' dir='ltr'>φύσιν</span> 
     </span>
    </p>
   </div>
   <div class='ocr_carea' id='block_1_5' title="bbox 1860 577 3404 653">
    <p class='ocr_par' dir='ltr' id='par_1_5' title="bbox 1860 580 3404 648">
     <span class='ocr_line' id='line_1_5' title="bbox 1860 580 3404 648; baseline 0.008 -15"><span class='ocrx_word' id='word_1_17' title='bbox 1860 580 2011 642; x_wconf 85' lang='lat' dir='ltr'><strong>litus,</strong></span> <span class='ocrx_word' id='word_1_18' title='bbox 2044 596 2147 633; x_wconf 87' lang='lat' dir='ltr'><strong>non</strong></span> <span class='ocrx_word' id='word_1_19' title='bbox 2173 591 2255 634; x_wconf 86' lang='lat' dir='ltr'><strong>est</strong></span> <span class='ocrx_word' id='word_1_20' title='bbox 2286 580 2460 634; x_wconf 78' lang='lat' dir='ltr'><strong>Deus?</strong></span> <span class='ocrx_word' id='word_1_21' title='bbox 2494 580 2671 648; x_wconf 84' lang='lat' dir='ltr'><strong>Neque</strong></span> <span class='ocrx_word' id='word_1_22' title='bbox 2699 583 2839 634; x_wconf 82' lang='lat' dir='ltr'><strong>enim</strong></span> <span class='ocrx_word' id='word_1_23' title='bbox 2874 597 2994 637; x_wconf 88' lang='lat' dir='ltr'><strong>cum</strong></span> <span class='ocrx_word' id='word_1_24' title='bbox 3027 600 3154 640; x_wconf 87' lang='lat' dir='ltr'><strong>vero</strong></span> <span class='ocrx_word' id='word_1_25' title='bbox 3185 600 3404 645; x_wconf 84' lang='lat' dir='ltr'><strong>natura-</strong></span> 
     </span>
    </p>
   </div>
   <div class='ocr_carea' id='block_1_6' title="bbox 155 668 1741 743">
    <p class='ocr_par' dir='ltr' id='par_1_6' title="bbox 155 668 1741 743">
     <span class='ocr_line' id='line_1_6' title="bbox 155 668 1741 743; baseline -0.003 -18"><span class='ocrx_word' id='word_1_26' title='bbox 155 672 294 743; x_wconf 78' lang='grc' dir='ltr'>Θεῷ</span> <span class='ocrx_word' id='word_1_27' title='bbox 330 671 531 741; x_wconf 64' lang='grc' dir='ltr'>γενητὴ</span> <span class='ocrx_word' id='word_1_28' title='bbox 580 668 741 738; x_wconf 76' lang='grc' dir='ltr'>φύσις</span> <span class='ocrx_word' id='word_1_29' title='bbox 771 668 924 730; x_wconf 71' lang='grc' dir='ltr'>ὅλως.</span> <span class='ocrx_word' id='word_1_30' title='bbox 964 668 1279 739; x_wconf 83' lang='grc' dir='ltr'>Συνεδρεύει</span> <span class='ocrx_word' id='word_1_31' title='bbox 1326 668 1380 719; x_wconf 80' lang='grc' dir='ltr'><strong>δὲ</strong></span> <span class='ocrx_word' id='word_1_32' title='bbox 1423 670 1450 718; x_wconf 99' lang='lat'><strong>6</strong></span> <span class='ocrx_word' id='word_1_33' title='bbox 1492 668 1617 730; x_wconf 76' lang='grc' dir='ltr'><strong>Υἱὸς</strong></span> <span class='ocrx_word' id='word_1_34' title='bbox 1651 668 1741 721; x_wconf 86' lang='grc' dir='ltr'><strong>τοῦ</strong></span> 
     </span>
    </p>
   </div>
   <div class='ocr_carea' id='block_1_7' title="bbox 155 759 1745 835">
    <p class='ocr_par' dir='ltr' id='par_1_7' title="bbox 155 759 1745 835">
     <span class='ocr_line' id='line_1_7' title="bbox 155 759 1745 835; baseline -0.003 -17"><span class='ocrx_word' id='word_1_35' title='bbox 155 764 490 835; x_wconf 80' lang='grc' dir='ltr'>ἀνθρώπου,</span> <span class='ocrx_word' id='word_1_36' title='bbox 538 760 663 814; x_wconf 85' lang='grc' dir='ltr'>καθ’</span> <span class='ocrx_word' id='word_1_37' title='bbox 692 761 887 812; x_wconf 76' lang='grc' dir='ltr'>ἕνωσιν</span> <span class='ocrx_word' id='word_1_38' title='bbox 915 760 1264 831; x_wconf 82' lang='grc' dir='ltr'>οἰκονομικὴν</span> <span class='ocrx_word' id='word_1_39' title='bbox 1298 759 1501 830; x_wconf 84' lang='grc' dir='ltr'>σαρκὸς</span> <span class='ocrx_word' id='word_1_40' title='bbox 1530 761 1745 827; x_wconf 85' lang='grc' dir='ltr'>γεγονό-</span> 
     </span>
    </p>
   </div>
   <div class='ocr_carea' id='block_1_8' title="bbox 154 851 1093 921">
    <p class='ocr_par' dir='ltr' id='par_1_8' title="bbox 154 851 1093 921">
     <span class='ocr_line' id='line_1_8' title="bbox 154 851 1093 921; baseline -0.001 -14"><span class='ocrx_word' id='word_1_41' title='bbox 154 872 262 918; x_wconf 82' lang='grc' dir='ltr'><strong>τος</strong></span> <span class='ocrx_word' id='word_1_42' title='bbox 288 854 383 906; x_wconf 89' lang='grc' dir='ltr'><strong>τοῦ</strong></span> <span class='ocrx_word' id='word_1_43' title='bbox 417 856 479 904; x_wconf 81' lang='grc' dir='ltr'>ὲκ</span> <span class='ocrx_word' id='word_1_44' title='bbox 504 851 640 904; x_wconf 82' lang='grc' dir='ltr'>Θεοῦ</span> <span class='ocrx_word' id='word_1_45' title='bbox 676 852 871 921; x_wconf 81' lang='grc' dir='ltr'>φύντος</span> <span class='ocrx_word' id='word_1_46' title='bbox 900 853 1093 921; x_wconf 79' lang='grc' dir='ltr'>Λόγου.</span> 
     </span>
    </p>
   </div>
   <div class='ocr_carea' id='block_1_9' title="bbox 413 1047 1497 1118">
    <p class='ocr_par' dir='ltr' id='par_1_9' title="bbox 413 1047 1497 1118">
     <span class='ocr_line' id='line_1_9' title="bbox 413 1047 1497 1118; baseline 0 -19"><span class='ocrx_word' id='word_1_47' title='bbox 413 1047 536 1102; x_wconf 87' lang='grc' dir='ltr'>Ὅτι</span> <span class='ocrx_word' id='word_1_48' title='bbox 574 1047 684 1118; x_wconf 80' lang='grc' dir='ltr'><strong>ζ’ωὴ</strong></span> <span class='ocrx_word' id='word_1_49' title='bbox 719 1048 817 1103; x_wconf 76' lang='grc' dir='ltr'>καὶ</span> <span class='ocrx_word' id='word_1_50' title='bbox 852 1048 1128 1113; x_wconf 74' lang='grc' dir='ltr'>ᾆυοποιὸς</span> <span class='ocrx_word' id='word_1_51' title='bbox 1164 1052 1195 1099; x_wconf 84' lang='grc' dir='ltr'><strong>ό</strong></span> <span class='ocrx_word' id='word_1_52' title='bbox 1226 1048 1497 1114; x_wconf 81' lang='grc' dir='ltr'>Χριστός.</span> 
     </span>
    </p>
   </div>
   <div class='ocr_carea' id='block_1_10' title="bbox 404 1158 1537 1231">
    <p class='ocr_par' dir='ltr' id='par_1_10' title="bbox 404 1158 1537 1231">
     <span class='ocr_line' id='line_1_10' title="bbox 404 1158 1537 1231; baseline 0.003 -18"><span class='ocrx_word' id='word_1_53' title='bbox 404 1162 496 1215; x_wconf 83' lang='grc' dir='ltr'>Ἐκ</span> <span class='ocrx_word' id='word_1_54' title='bbox 549 1161 661 1231; x_wconf 75' lang='grc' dir='ltr'>τῆς</span> <span class='ocrx_word' id='word_1_55' title='bbox 698 1162 848 1231; x_wconf 74' lang='grc' dir='ltr'>πρός</span> <span class='ocrx_word' id='word_1_56' title='bbox 886 1161 1234 1228; x_wconf 80' lang='grc' dir='ltr'><strong>Κορινθίους</strong></span> <span class='ocrx_word' id='word_1_57' title='bbox 1285 1158 1537 1227; x_wconf 77' lang='grc' dir='ltr'><strong>πρώτης.</strong></span> 
     </span>
    </p>
   </div>
   <div class='ocr_carea' id='block_1_11' title="bbox 252 1268 1749 1343">
    <p class='ocr_par' dir='ltr' id='par_1_11' title="bbox 252 1268 1749 1343">
     <span class='ocr_line' id='line_1_11' title="bbox 252 1268 1749 1343; baseline 0.003 -23"><span class='ocrx_word' id='word_1_58' title='bbox 252 1286 277 1320; x_wconf 79' lang='lat' dir='ltr'><strong>e</strong></span> <span class='ocrx_word' id='word_1_59' title='bbox 313 1268 404 1332; x_wconf 75' lang='grc' dir='ltr'>Ὦς</span> <span class='ocrx_word' id='word_1_60' title='bbox 444 1270 727 1340; x_wconf 78' lang='grc' dir='ltr'><strong>φρονίμοις</strong></span> <span class='ocrx_word' id='word_1_61' title='bbox 770 1269 939 1337; x_wconf 77' lang='grc' dir='ltr'>λέγω·</span> <span class='ocrx_word' id='word_1_62' title='bbox 972 1270 1193 1335; x_wconf 77' lang='grc' dir='ltr'>κρίνατε</span> <span class='ocrx_word' id='word_1_63' title='bbox 1228 1270 1384 1339; x_wconf 84' lang='grc' dir='ltr'>ὑμεῖς</span> <span class='ocrx_word' id='word_1_64' title='bbox 1409 1271 1437 1323; x_wconf 83' lang='lat'><strong>6</strong></span> <span class='ocrx_word' id='word_1_65' title='bbox 1465 1289 1639 1343; x_wconf 76' lang='grc' dir='ltr'>φημιο</span> <span class='ocrx_word' id='word_1_66' title='bbox 1676 1272 1749 1323; x_wconf 80' lang='grc' dir='ltr'><strong>Τὸ</strong></span> 
     </span>
    </p>
   </div>
   <div class='ocr_carea' id='block_1_12' title="bbox 162 1357 1750 1431">
    <p class='ocr_par' dir='ltr' id='par_1_12' title="bbox 162 1357 1750 1431">
     <span class='ocr_line' id='line_1_12' title="bbox 162 1357 1750 1431; baseline -0.001 -18"><span class='ocrx_word' id='word_1_67' title='bbox 162 1361 440 1431; x_wconf 76' lang='grc' dir='ltr'>ποτήριον</span> <span class='ocrx_word' id='word_1_68' title='bbox 472 1362 570 1429; x_wconf 83' lang='grc' dir='ltr'>τῆς</span> <span class='ocrx_word' id='word_1_69' title='bbox 598 1358 874 1425; x_wconf 77' lang='grc' dir='ltr'><strong>εὐλογίας,</strong></span> <span class='ocrx_word' id='word_1_70' title='bbox 900 1357 928 1409; x_wconf 88' lang='lat'><strong>6</strong></span> <span class='ocrx_word' id='word_1_71' title='bbox 963 1357 1312 1428; x_wconf 77' lang='grc' dir='ltr'><strong>εὐλογοῦμεν,</strong></span> <span class='ocrx_word' id='word_1_72' title='bbox 1341 1359 1462 1429; x_wconf 69' lang='grc' dir='ltr'>οὐχὶ</span> <span class='ocrx_word' id='word_1_73' title='bbox 1493 1359 1750 1413; x_wconf 82' lang='grc' dir='ltr'>κοινωνία</span> 
     </span>
    </p>
   </div>
   <div class='ocr_carea' id='block_1_13' title="bbox 163 1447 1747 1520">
    <p class='ocr_par' dir='ltr' id='par_1_13' title="bbox 163 1447 1747 1520">
     <span class='ocr_line' id='line_1_13' title="bbox 163 1447 1747 1520; baseline -0.001 -16"><span class='ocrx_word' id='word_1_74' title='bbox 163 1451 301 1503; x_wconf 66' lang='grc' dir='ltr'><strong>δστὶ</strong></span> <span class='ocrx_word' id='word_1_75' title='bbox 324 1447 417 1504; x_wconf 83' lang='grc' dir='ltr'><strong>τοῦ</strong></span> <span class='ocrx_word' id='word_1_76' title='bbox 445 1451 678 1520; x_wconf 72' lang='grc' dir='ltr'>αἵματος</span> <span class='ocrx_word' id='word_1_77' title='bbox 701 1448 795 1500; x_wconf 81' lang='grc' dir='ltr'><strong>τοῦ</strong></span> <span class='ocrx_word' id='word_1_78' title='bbox 824 1447 1059 1517; x_wconf 80' lang='grc' dir='ltr'><strong>Χριστοῦ</strong></span> <span class='ocrx_word' id='word_1_79' title='bbox 1082 1465 1096 1515; x_wconf 89' lang='lat'><strong>;</strong></span> <span class='ocrx_word' id='word_1_80' title='bbox 1124 1448 1227 1501; x_wconf 82' lang='grc' dir='ltr'>Τὸν</span> <span class='ocrx_word' id='word_1_81' title='bbox 1246 1449 1407 1518; x_wconf 91' lang='grc' dir='ltr'>ἄρτον</span> <span class='ocrx_word' id='word_1_82' title='bbox 1426 1450 1483 1503; x_wconf 84' lang='grc' dir='ltr'>ὃν</span> <span class='ocrx_word' id='word_1_83' title='bbox 1510 1448 1747 1520; x_wconf 81' lang='grc' dir='ltr'><strong>κλῶμεν,</strong></span> 
     </span>
    </p>
   </div>
   <div class='ocr_carea' id='block_1_14' title="bbox 160 1538 1750 1613">
    <p class='ocr_par' dir='ltr' id='par_1_14' title="bbox 160 1538 1750 1613">
     <span class='ocr_line' id='line_1_14' title="bbox 160 1538 1750 1613; baseline -0.001 -18"><span class='ocrx_word' id='word_1_84' title='bbox 160 1544 300 1613; x_wconf 72' lang='grc' dir='ltr'>οὐχὶ</span> <span class='ocrx_word' id='word_1_85' title='bbox 333 1542 587 1597; x_wconf 75' lang='grc' dir='ltr'><strong>κοινωνία</strong></span> <span class='ocrx_word' id='word_1_86' title='bbox 632 1540 749 1592; x_wconf 68' lang='grc' dir='ltr'>ἐστὶ</span> <span class='ocrx_word' id='word_1_87' title='bbox 777 1538 868 1591; x_wconf 87' lang='grc' dir='ltr'><strong>τοῦ</strong></span> <span class='ocrx_word' id='word_1_88' title='bbox 906 1538 1155 1609; x_wconf 83' lang='grc' dir='ltr'>σώματος</span> <span class='ocrx_word' id='word_1_89' title='bbox 1191 1540 1283 1593; x_wconf 84' lang='grc' dir='ltr'><strong>τοῦ</strong></span> <span class='ocrx_word' id='word_1_90' title='bbox 1317 1540 1586 1611; x_wconf 86' lang='grc' dir='ltr'>Χριστοῦ;</span> <span class='ocrx_word' id='word_1_91' title='bbox 1628 1544 1750 1594; x_wconf 83' lang='grc' dir='ltr'>Ὀτι</span> 
     </span>
    </p>
   </div>
   <div class='ocr_carea' id='block_1_15' title="bbox 164 1634 1751 1709">
    <p class='ocr_par' dir='ltr' id='par_1_15' title="bbox 164 1634 1751 1709">
     <span class='ocr_line' id='line_1_15' title="bbox 164 1634 1751 1709; baseline -0.001 -17"><span class='ocrx_word' id='word_1_92' title='bbox 164 1634 258 1702; x_wconf 70' lang='grc' dir='ltr'>εἷς</span> <span class='ocrx_word' id='word_1_93' title='bbox 284 1639 469 1709; x_wconf 89' lang='grc' dir='ltr'>ἄρτος,</span> <span class='ocrx_word' id='word_1_94' title='bbox 501 1637 557 1701; x_wconf 64' lang='grc' dir='ltr'>ἓν</span> <span class='ocrx_word' id='word_1_95' title='bbox 583 1634 745 1705; x_wconf 81' lang='grc' dir='ltr'>σῶμά</span> <span class='ocrx_word' id='word_1_96' title='bbox 773 1638 945 1706; x_wconf 85' lang='grc' dir='ltr'>ἐσμεν</span> <span class='ocrx_word' id='word_1_97' title='bbox 983 1637 1033 1687; x_wconf 78' lang='grc' dir='ltr'><strong>οἱ</strong></span> <span class='ocrx_word' id='word_1_98' title='bbox 1067 1635 1250 1689; x_wconf 78' lang='grc' dir='ltr'>πολλοί</span> <span class='ocrx_word' id='word_1_99' title='bbox 1271 1653 1285 1667; x_wconf 78' lang='grc' dir='ltr'><strong>ο</strong></span> <span class='ocrx_word' id='word_1_100' title='bbox 1315 1637 1362 1689; x_wconf 88' lang='grc' dir='ltr'>οἱ</span> <span class='ocrx_word' id='word_1_101' title='bbox 1397 1638 1507 1708; x_wconf 73' lang='grc' dir='ltr'>γὰρ</span> <span class='ocrx_word' id='word_1_102' title='bbox 1553 1637 1751 1703; x_wconf 83' lang='grc' dir='ltr'>πάντες</span> 
     </span>
    </p>
   </div>
   <div class='ocr_carea' id='block_1_16' title="bbox 164 1727 1747 1801">
    <p class='ocr_par' dir='ltr' id='par_1_16' title="bbox 164 1727 1747 1801">
     <span class='ocr_line' id='line_1_16' title="bbox 164 1727 1747 1801; baseline 0.001 -19"><span class='ocrx_word' id='word_1_103' title='bbox 164 1732 242 1783; x_wconf 63' lang='grc' dir='ltr'><strong>ἐκ</strong></span> <span class='ocrx_word' id='word_1_104' title='bbox 275 1729 369 1782; x_wconf 83' lang='grc' dir='ltr'><strong>τοῦ</strong></span> <span class='ocrx_word' id='word_1_105' title='bbox 403 1730 519 1792; x_wconf 63' lang='grc' dir='ltr'>ἰνὸς</span> <span class='ocrx_word' id='word_1_106' title='bbox 559 1727 722 1799; x_wconf 79' lang='grc' dir='ltr'>ἄρτου</span> <span class='ocrx_word' id='word_1_107' title='bbox 760 1730 1080 1798; x_wconf 78' lang='grc' dir='ltr'>μετέχομεν.</span> <span class='ocrx_word' id='word_1_108' title='bbox 1113 1747 1130 1778; x_wconf 72' lang='grc' dir='ltr'><strong>ι</strong></span> <span class='ocrx_word' id='word_1_109' title='bbox 1174 1728 1235 1780; x_wconf 84' lang='grc' dir='ltr'><strong>Ἡ</strong></span> <span class='ocrx_word' id='word_1_110' title='bbox 1264 1728 1552 1799; x_wconf 81' lang='grc' dir='ltr'>ἀνθρώπου</span> <span class='ocrx_word' id='word_1_111' title='bbox 1594 1727 1747 1801; x_wconf 79' lang='grc' dir='ltr'>σὰρξ,</span> 
     </span>
    </p>
   </div>
   <div class='ocr_carea' id='block_1_17' title="bbox 167 1816 1747 1889">
    <p class='ocr_par' dir='ltr' id='par_1_17' title="bbox 167 1816 1747 1889">
     <span class='ocr_line' id='line_1_17' title="bbox 167 1816 1747 1889; baseline -0.001 -16"><span class='ocrx_word' id='word_1_112' title='bbox 167 1822 306 1873; x_wconf 78' lang='grc' dir='ltr'>ὅσον</span> <span class='ocrx_word' id='word_1_113' title='bbox 363 1816 497 1889; x_wconf 76' lang='grc' dir='ltr'>ἧκεν</span> <span class='ocrx_word' id='word_1_114' title='bbox 536 1822 617 1882; x_wconf 88' lang='grc' dir='ltr'><strong>εἰς</strong></span> <span class='ocrx_word' id='word_1_115' title='bbox 667 1820 803 1873; x_wconf 84' lang='grc' dir='ltr'>ἰδίαν</span> <span class='ocrx_word' id='word_1_116' title='bbox 848 1819 1031 1886; x_wconf 79' lang='grc' dir='ltr'>φύσιν.</span> <span class='ocrx_word' id='word_1_117' title='bbox 1082 1818 1182 1872; x_wconf 80' lang='grc' dir='ltr'><strong>οὐκ</strong></span> <span class='ocrx_word' id='word_1_118' title='bbox 1228 1820 1293 1872; x_wconf 78' lang='grc' dir='ltr'><strong>ἂν</strong></span> <span class='ocrx_word' id='word_1_119' title='bbox 1336 1818 1421 1887; x_wconf 79' lang='grc' dir='ltr'>εἴη</span> <span class='ocrx_word' id='word_1_120' title='bbox 1462 1816 1747 1883; x_wconf 72' lang='grc' dir='ltr'>ζωοποιόςο</span> 
     </span>
    </p>
   </div>
   <div class='ocr_carea' id='block_1_18' title="bbox 169 1905 1752 1981">
    <p class='ocr_par' dir='ltr' id='par_1_18' title="bbox 169 1905 1752 1981">
     <span class='ocr_line' id='line_1_18' title="bbox 169 1905 1752 1981; baseline 0 -18"><span class='ocrx_word' id='word_1_121' title='bbox 169 1910 299 1963; x_wconf 77' lang='grc' dir='ltr'>ἀλλ’</span> <span class='ocrx_word' id='word_1_122' title='bbox 341 1910 462 1963; x_wconf 75' lang='grc' dir='ltr'>οὐδὲ</span> <span class='ocrx_word' id='word_1_123' title='bbox 490 1911 549 1963; x_wconf 84' lang='lat'><strong>16</strong></span> <span class='ocrx_word' id='word_1_124' title='bbox 580 1905 720 1981; x_wconf 74' lang='grc' dir='ltr'>αἷμα</span> <span class='ocrx_word' id='word_1_125' title='bbox 749 1910 807 1962; x_wconf 82' lang='grc' dir='ltr'><strong>τὸ</strong></span> <span class='ocrx_word' id='word_1_126' title='bbox 842 1908 1205 1978; x_wconf 80' lang='grc' dir='ltr'>ἀνθρώπινον,</span> <span class='ocrx_word' id='word_1_127' title='bbox 1235 1911 1283 1961; x_wconf 88' lang='grc' dir='ltr'><strong>εἰ</strong></span> <span class='ocrx_word' id='word_1_128' title='bbox 1312 1908 1490 1961; x_wconf 76' lang='grc' dir='ltr'>κοινὸν</span> <span class='ocrx_word' id='word_1_129' title='bbox 1535 1910 1619 1981; x_wconf 76' lang='grc' dir='ltr'><strong>εἴη</strong></span> <span class='ocrx_word' id='word_1_130' title='bbox 1658 1911 1752 1963; x_wconf 74' lang='grc' dir='ltr'>καὶ</span> 
     </span>
    </p>
   </div>
   <div class='ocr_carea' id='block_1_19' title="bbox 167 2000 1751 2073">
    <p class='ocr_par' dir='ltr' id='par_1_19' title="bbox 167 2000 1751 2073">
     <span class='ocr_line' id='line_1_19' title="bbox 167 2000 1751 2073; baseline 0.003 -20"><span class='ocrx_word' id='word_1_131' title='bbox 167 2000 304 2054; x_wconf 81' lang='grc' dir='ltr'>καθ’</span> <span class='ocrx_word' id='word_1_132' title='bbox 349 2001 539 2055; x_wconf 75' lang='grc' dir='ltr'>ἐαυτόο</span> <span class='ocrx_word' id='word_1_133' title='bbox 575 2001 830 2066; x_wconf 75' lang='grc' dir='ltr'><strong>ζωοποιεῖ</strong></span> <span class='ocrx_word' id='word_1_134' title='bbox 858 2001 913 2054; x_wconf 85' lang='grc' dir='ltr'><strong>δὲ</strong></span> <span class='ocrx_word' id='word_1_135' title='bbox 940 2002 1002 2053; x_wconf 83' lang='grc' dir='ltr'>τὸ</span> <span class='ocrx_word' id='word_1_136' title='bbox 1045 2001 1203 2071; x_wconf 81' lang='grc' dir='ltr'>σῶμα</span> <span class='ocrx_word' id='word_1_137' title='bbox 1231 2001 1323 2055; x_wconf 90' lang='grc' dir='ltr'><strong>τοῦ</strong></span> <span class='ocrx_word' id='word_1_138' title='bbox 1363 2002 1623 2073; x_wconf 86' lang='grc' dir='ltr'>Χριστοῦ,</span> <span class='ocrx_word' id='word_1_139' title='bbox 1658 2004 1751 2057; x_wconf 69' lang='grc' dir='ltr'><strong>καὶ</strong></span> 
     </span>
    </p>
   </div>
   <div class='ocr_carea' id='block_1_20' title="bbox 168 2086 1751 2163">
    <p class='ocr_par' dir='ltr' id='par_1_20' title="bbox 168 2086 1751 2163">
     <span class='ocr_line' id='line_1_20' title="bbox 168 2086 1751 2163; baseline 0.001 -20"><span class='ocrx_word' id='word_1_140' title='bbox 168 2091 241 2143; x_wconf 72' lang='grc' dir='ltr'>τὸ</span> <span class='ocrx_word' id='word_1_141' title='bbox 277 2091 456 2161; x_wconf 82' lang='grc' dir='ltr'>τίμιον</span> <span class='ocrx_word' id='word_1_142' title='bbox 481 2086 620 2161; x_wconf 74' lang='grc' dir='ltr'>αἷμα</span> <span class='ocrx_word' id='word_1_143' title='bbox 640 2133 655 2156; x_wconf 94' lang='grc'><strong>,</strong></span> <span class='ocrx_word' id='word_1_144' title='bbox 681 2091 985 2163; x_wconf 78' lang='grc' dir='ltr'>πρέποντος</span> <span class='ocrx_word' id='word_1_145' title='bbox 1020 2093 1165 2161; x_wconf 84' lang='grc' dir='ltr'>μόνῳ</span> <span class='ocrx_word' id='word_1_146' title='bbox 1197 2092 1316 2161; x_wconf 83' lang='grc' dir='ltr'>Θεῷ</span> <span class='ocrx_word' id='word_1_147' title='bbox 1348 2093 1440 2145; x_wconf 90' lang='grc' dir='ltr'><strong>τοῦ</strong></span> <span class='ocrx_word' id='word_1_148' title='bbox 1468 2092 1751 2155; x_wconf 77' lang='grc' dir='ltr'>ζωοποιεῖν</span> 
     </span>
    </p>
   </div>
   <div class='ocr_carea' id='block_1_21' title="bbox 168 2175 1751 2256">
    <p class='ocr_par' dir='ltr' id='par_1_21' title="bbox 168 2175 1751 2256">
     <span class='ocr_line' id='line_1_21' title="bbox 168 2175 1751 2256; baseline 0.003 -22"><span class='ocrx_word' id='word_1_149' title='bbox 168 2182 438 2237; x_wconf 74' lang='grc' dir='ltr'>δύνασθαι</span> <span class='ocrx_word' id='word_1_150' title='bbox 472 2183 531 2235; x_wconf 76' lang='grc' dir='ltr'>τὸ</span> <span class='ocrx_word' id='word_1_151' title='bbox 565 2175 708 2251; x_wconf 75' lang='grc' dir='ltr'>ζωῆς</span> <span class='ocrx_word' id='word_1_152' title='bbox 738 2181 964 2245; x_wconf 84' lang='grc' dir='ltr'>ἐπιδεές.</span> <span class='ocrx_word' id='word_1_153' title='bbox 1014 2182 1145 2245; x_wconf 79' lang='grc' dir='ltr'>Θεὸς</span> <span class='ocrx_word' id='word_1_154' title='bbox 1191 2178 1283 2235; x_wconf 85' lang='grc' dir='ltr'><strong>οῦν</strong></span> <span class='ocrx_word' id='word_1_155' title='bbox 1334 2183 1439 2253; x_wconf 87' lang='grc' dir='ltr'><strong>ἄρα</strong></span> <span class='ocrx_word' id='word_1_156' title='bbox 1482 2184 1751 2256; x_wconf 79' lang='grc' dir='ltr'>Χριστός⁶</span> 
     </span>
    </p>
   </div>
   <div class='ocr_carea' id='block_1_22' title="bbox 170 2272 1754 2344">
    <p class='ocr_par' dir='ltr' id='par_1_22' title="bbox 170 2272 1754 2344">
     <span class='ocr_line' id='line_1_22' title="bbox 170 2272 1754 2344; baseline 0.001 -17"><span class='ocrx_word' id='word_1_157' title='bbox 170 2274 327 2327; x_wconf 73' lang='grc' dir='ltr'>οὕτω</span> <span class='ocrx_word' id='word_1_158' title='bbox 353 2276 461 2344; x_wconf 71' lang='grc' dir='ltr'><strong>γὰρ</strong></span> <span class='ocrx_word' id='word_1_159' title='bbox 492 2274 643 2327; x_wconf 79' lang='grc' dir='ltr'>ἔσται</span> <span class='ocrx_word' id='word_1_160' title='bbox 673 2272 936 2336; x_wconf 79' lang='grc' dir='ltr'>ζωοποιὺν</span> <span class='ocrx_word' id='word_1_161' title='bbox 962 2272 1022 2326; x_wconf 83' lang='lat'><strong>16</strong></span> <span class='ocrx_word' id='word_1_162' title='bbox 1057 2274 1215 2343; x_wconf 84' lang='grc' dir='ltr'>σῶμα</span> <span class='ocrx_word' id='word_1_163' title='bbox 1256 2275 1442 2331; x_wconf 78' lang='grc' dir='ltr'>αὑτοῦ.</span> <span class='ocrx_word' id='word_1_164' title='bbox 1479 2277 1539 2329; x_wconf 81' lang='grc' dir='ltr'>Εἰ</span> <span class='ocrx_word' id='word_1_165' title='bbox 1573 2277 1628 2330; x_wconf 82' lang='grc' dir='ltr'><strong>δὲ</strong></span> <span class='ocrx_word' id='word_1_166' title='bbox 1662 2278 1754 2331; x_wconf 86' lang='grc' dir='ltr'>ἄν-</span> 
     </span>
    </p>
   </div>
   <div class='ocr_carea' id='block_1_23' title="bbox 173 2362 1754 2436">
    <p class='ocr_par' dir='ltr' id='par_1_23' title="bbox 173 2362 1754 2436">
     <span class='ocr_line' id='line_1_23' title="bbox 173 2362 1754 2436; baseline 0.004 -23"><span class='ocrx_word' id='word_1_167' title='bbox 173 2364 401 2431; x_wconf 80' lang='grc' dir='ltr'>θρωπος</span> <span class='ocrx_word' id='word_1_168' title='bbox 449 2363 552 2416; x_wconf 84' lang='grc' dir='ltr'><strong>ἀνά</strong></span> <span class='ocrx_word' id='word_1_169' title='bbox 607 2362 773 2433; x_wconf 83' lang='grc' dir='ltr'>μέρος</span> <span class='ocrx_word' id='word_1_170' title='bbox 824 2366 1022 2415; x_wconf 80' lang='grc' dir='ltr'>νοεῖται</span> <span class='ocrx_word' id='word_1_171' title='bbox 1089 2363 1223 2434; x_wconf 76' lang='grc' dir='ltr'>μόνῃ</span> <span class='ocrx_word' id='word_1_172' title='bbox 1270 2367 1332 2434; x_wconf 83' lang='grc' dir='ltr'>τῇ</span> <span class='ocrx_word' id='word_1_173' title='bbox 1380 2364 1474 2417; x_wconf 84' lang='grc' dir='ltr'><strong>τοῦ</strong></span> <span class='ocrx_word' id='word_1_174' title='bbox 1518 2366 1754 2436; x_wconf 77' lang='grc' dir='ltr'>Χριστοῦ</span> 
     </span>
    </p>
   </div>
   <div class='ocr_carea' id='block_1_24' title="bbox 172 2453 1751 2527">
    <p class='ocr_par' dir='ltr' id='par_1_24' title="bbox 172 2453 1751 2527">
     <span class='ocr_line' id='line_1_24' title="bbox 172 2453 1751 2527; baseline 0.004 -23"><span class='ocrx_word' id='word_1_175' title='bbox 172 2453 375 2523; x_wconf 70' lang='grc' dir='ltr'>κλήσει</span> <span class='ocrx_word' id='word_1_176' title='bbox 424 2453 824 2524; x_wconf 78' lang='grc' dir='ltr'>τετιμημένος,</span> <span class='ocrx_word' id='word_1_177' title='bbox 887 2454 983 2506; x_wconf 72' lang='grc' dir='ltr'><strong>καὶ</strong></span> <span class='ocrx_word' id='word_1_178' title='bbox 1033 2456 1237 2524; x_wconf 65' lang='grc' dir='ltr'>γυμνὸν</span> <span class='ocrx_word' id='word_1_179' title='bbox 1288 2456 1415 2509; x_wconf 82' lang='grc' dir='ltr'>Υἱοῦ</span> <span class='ocrx_word' id='word_1_180' title='bbox 1464 2458 1751 2527; x_wconf 80' lang='grc' dir='ltr'>πρόσωπον</span> 
     </span>
    </p>
   </div>
   <div class='ocr_carea' id='block_1_25' title="bbox 172 2539 1500 2613">
    <p class='ocr_par' dir='ltr' id='par_1_25' title="bbox 172 2539 1500 2613">
     <span class='ocr_line' id='line_1_25' title="bbox 172 2539 1500 2613; baseline 0 -19"><span class='ocrx_word' id='word_1_181' title='bbox 172 2543 341 2612; x_wconf 74' lang='grc' dir='ltr'>ἔχων,</span> <span class='ocrx_word' id='word_1_182' title='bbox 372 2543 485 2605; x_wconf 80' lang='grc' dir='ltr'><strong>πῶς</strong></span> <span class='ocrx_word' id='word_1_183' title='bbox 518 2542 583 2595; x_wconf 80' lang='grc' dir='ltr'><strong>ἂν</strong></span> <span class='ocrx_word' id='word_1_184' title='bbox 614 2540 698 2613; x_wconf 76' lang='grc' dir='ltr'>εἴη</span> <span class='ocrx_word' id='word_1_185' title='bbox 732 2539 996 2606; x_wconf 79' lang='grc' dir='ltr'>ζωοποιὸν</span> <span class='ocrx_word' id='word_1_186' title='bbox 1027 2540 1085 2593; x_wconf 75' lang='lat'><strong>16</strong></span> <span class='ocrx_word' id='word_1_187' title='bbox 1116 2542 1274 2612; x_wconf 77' lang='grc' dir='ltr'>σῶμα</span> <span class='ocrx_word' id='word_1_188' title='bbox 1305 2542 1500 2605; x_wconf 60' lang='lat' dir='ltr'><strong>animi;</strong></span> 
     </span>
    </p>
   </div>
   <div class='ocr_carea' id='block_1_26' title="bbox 1852 669 3407 747">
    <p class='ocr_par' dir='ltr' id='par_1_26' title="bbox 1852 669 3407 747">
     <span class='ocr_line' id='line_1_26' title="bbox 1852 669 3407 747; baseline 0.008 -27"><span class='ocrx_word' id='word_1_189' title='bbox 1852 669 1994 738; x_wconf 90' lang='lat' dir='ltr'><strong>lique</strong></span> <span class='ocrx_word' id='word_1_190' title='bbox 2037 669 2143 723; x_wconf 87' lang='lat' dir='ltr'><strong>Deo</strong></span> <span class='ocrx_word' id='word_1_191' title='bbox 2205 672 2523 738; x_wconf 80' lang='lat' dir='ltr'><strong>productitia</strong></span> <span class='ocrx_word' id='word_1_192' title='bbox 2568 681 2755 722; x_wconf 81' lang='lat' dir='ltr'><strong>natura</strong></span> <span class='ocrx_word' id='word_1_193' title='bbox 2805 674 3082 730; x_wconf 79' lang='lat' dir='ltr'><strong>considere</strong></span> <span class='ocrx_word' id='word_1_194' title='bbox 3119 676 3407 747; x_wconf 72' lang='lat' dir='ltr'><strong>aliquando</strong></span> 
     </span>
    </p>
   </div>
   <div class='ocr_carea' id='block_1_27' title="bbox 1849 757 3404 833">
    <p class='ocr_par' dir='ltr' id='par_1_27' title="bbox 1849 757 3404 833">
     <span class='ocr_line' id='line_1_27' title="bbox 1849 757 3404 833; baseline 0.008 -21"><span class='ocrx_word' id='word_1_195' title='bbox 1849 767 2043 828; x_wconf 89' lang='lat' dir='ltr'><strong>potest.</strong></span> <span class='ocrx_word' id='word_1_196' title='bbox 2084 757 2341 812; x_wconf 87' lang='lat' dir='ltr'><strong>Cnnsidet</strong></span> <span class='ocrx_word' id='word_1_197' title='bbox 2367 768 2544 812; x_wconf 82' lang='lat' dir='ltr'><strong>autem</strong></span> <span class='ocrx_word' id='word_1_198' title='bbox 2577 774 2699 811; x_wconf 87' lang='lat' dir='ltr'><strong>cum</strong></span> <span class='ocrx_word' id='word_1_199' title='bbox 2735 775 2801 814; x_wconf 90' lang='lat' dir='ltr'><strong>eo</strong></span> <span class='ocrx_word' id='word_1_200' title='bbox 2823 760 2991 817; x_wconf 84' lang='lat' dir='ltr'><strong>Filius</strong></span> <span class='ocrx_word' id='word_1_201' title='bbox 3014 765 3266 833; x_wconf 78' lang='lat' dir='ltr'><strong>hominis,</strong></span> <span class='ocrx_word' id='word_1_202' title='bbox 3313 769 3404 825; x_wconf 81' lang='lat' dir='ltr'><strong>Dei</strong></span> 
     </span>
    </p>
   </div>
   <div class='ocr_carea' id='block_1_28' title="bbox 1850 848 3407 923">
    <p class='ocr_par' dir='ltr' id='par_1_28' title="bbox 1850 848 3407 923">
     <span class='ocr_line' id='line_1_28' title="bbox 1850 848 3407 923; baseline 0.01 -22"><span class='ocrx_word' id='word_1_203' title='bbox 1850 850 2101 902; x_wconf 81' lang='lat' dir='ltr'><strong>nimirum</strong></span> <span class='ocrx_word' id='word_1_204' title='bbox 2140 848 2314 901; x_wconf 83' lang='lat' dir='ltr'><strong>Verbo</strong></span> <span class='ocrx_word' id='word_1_205' title='bbox 2358 849 2650 903; x_wconf 88' lang='lat' dir='ltr'><strong>secundum</strong></span> <span class='ocrx_word' id='word_1_206' title='bbox 2702 850 2915 907; x_wconf 85' lang='lat' dir='ltr'><strong>unionis</strong></span> <span class='ocrx_word' id='word_1_207' title='bbox 2950 854 3407 923; x_wconf 73' lang='lat' dir='ltr'><strong>dispensationem</strong></span> 
     </span>
    </p>
   </div>
   <div class='ocr_carea' id='block_1_29' title="bbox 1850 939 2146 992">
    <p class='ocr_par' dir='ltr' id='par_1_29' title="bbox 1850 939 2146 992">
     <span class='ocr_line' id='line_1_29' title="bbox 1850 939 2146 992; baseline -0.01 -1"><span class='ocrx_word' id='word_1_208' title='bbox 1850 939 2146 992; x_wconf 85' lang='lat' dir='ltr'><strong>incarnato.</strong></span> 
     </span>
    </p>
   </div>
   <div class='ocr_carea' id='block_1_30' title="bbox 2128 1048 3136 1121">
    <p class='ocr_par' dir='ltr' id='par_1_30' title="bbox 2128 1048 3136 1121">
     <span class='ocr_line' id='line_1_30' title="bbox 2128 1048 3136 1121; baseline 0.008 -19"><span class='ocrx_word' id='word_1_209' title='bbox 2128 1050 2278 1115; x_wconf 81' lang='lat' dir='ltr'><strong>Quod</strong></span> <span class='ocrx_word' id='word_1_210' title='bbox 2302 1048 2543 1102; x_wconf 74' lang='lat' dir='ltr'><strong>Christus</strong></span> <span class='ocrx_word' id='word_1_211' title='bbox 2578 1061 2650 1103; x_wconf 78' lang='lat' dir='ltr'><strong>est</strong></span> <span class='ocrx_word' id='word_1_212' title='bbox 2676 1051 2778 1103; x_wconf 75' lang='lat' dir='ltr'><strong>vita</strong></span> <span class='ocrx_word' id='word_1_213' title='bbox 2812 1061 2859 1103; x_wconf 83' lang='lat' dir='ltr'><strong>et</strong></span> <span class='ocrx_word' id='word_1_214' title='bbox 2884 1052 3136 1121; x_wconf 75' lang='lat' dir='ltr'><strong>rivi/ictu.</strong></span> 
     </span>
    </p>
   </div>
   <div class='ocr_carea' id='block_1_31' title="bbox 2281 1161 2989 1229">
    <p class='ocr_par' dir='ltr' id='par_1_31' title="bbox 2281 1161 2989 1229">
     <span class='ocr_line' id='line_1_31' title="bbox 2281 1161 2989 1229; baseline 0.003 -13"><span class='ocrx_word' id='word_1_215' title='bbox 2281 1162 2364 1216; x_wconf 76' lang='lat' dir='ltr'><strong>Ex</strong></span> <span class='ocrx_word' id='word_1_216' title='bbox 2388 1164 2551 1229; x_wconf 78' lang='lat' dir='ltr'><strong>priori</strong></span> <span class='ocrx_word' id='word_1_217' title='bbox 2576 1162 2643 1214; x_wconf 86' lang='lat' dir='ltr'><strong>ad</strong></span> <span class='ocrx_word' id='word_1_218' title='bbox 2671 1161 2989 1218; x_wconf 74' lang='lat' dir='ltr'><strong>Corinthios.</strong></span> 
     </span>
    </p>
   </div>
   <div class='ocr_carea' id='block_1_32' title="bbox 1927 1272 3409 1351">
    <p class='ocr_par' dir='ltr' id='par_1_32' title="bbox 1927 1272 3409 1351">
     <span class='ocr_line' id='line_1_32' title="bbox 1927 1272 3409 1351; baseline 0.014 -31"><span class='ocrx_word' id='word_1_219' title='bbox 1927 1295 1942 1325; x_wconf 74' lang='grc' dir='ltr'><strong>ι</strong></span> <span class='ocrx_word' id='word_1_220' title='bbox 1982 1274 2048 1329; x_wconf 80' lang='lat' dir='ltr'><strong>Ut</strong></span> <span class='ocrx_word' id='word_1_221' title='bbox 2079 1274 2431 1341; x_wconf 79' lang='lat' dir='ltr'><strong>prudentibus</strong></span> <span class='ocrx_word' id='word_1_222' title='bbox 2460 1272 2691 1341; x_wconf 83' lang='lat' dir='ltr'><strong>loquor:</strong></span> <span class='ocrx_word' id='word_1_223' title='bbox 2726 1287 2819 1327; x_wconf 89' lang='lat' dir='ltr'><strong>vos</strong></span> <span class='ocrx_word' id='word_1_224' title='bbox 2861 1274 2962 1343; x_wconf 86' lang='lat' dir='ltr'><strong>ipsi</strong></span> <span class='ocrx_word' id='word_1_225' title='bbox 2992 1276 3227 1343; x_wconf 79' lang='lat' dir='ltr'><strong>iudicate</strong></span> <span class='ocrx_word' id='word_1_226' title='bbox 3265 1286 3409 1351; x_wconf 89' lang='lat' dir='ltr'><strong>quod</strong></span> 
     </span>
    </p>
   </div>
   <div class='ocr_carea' id='block_1_33' title="bbox 1850 1364 3414 1444">
    <p class='ocr_par' dir='ltr' id='par_1_33' title="bbox 1850 1364 3414 1444">
     <span class='ocr_line' id='line_1_33' title="bbox 1850 1364 3414 1444; baseline 0.003 -26"><span class='ocrx_word' id='word_1_227' title='bbox 1850 1367 1991 1420; x_wconf 85' lang='lat' dir='ltr'><strong>dico.</strong></span> <span class='ocrx_word' id='word_1_228' title='bbox 2020 1365 2171 1420; x_wconf 78' lang='lat' dir='ltr'><strong>Calix</strong></span> <span class='ocrx_word' id='word_1_229' title='bbox 2222 1364 2637 1444; x_wconf 69' lang='lat' dir='ltr'><strong>lienetlictiqnis,</strong></span> <span class='ocrx_word' id='word_1_230' title='bbox 2664 1365 2749 1417; x_wconf 85' lang='lat' dir='ltr'><strong>cui</strong></span> <span class='ocrx_word' id='word_1_231' title='bbox 2806 1365 3198 1432; x_wconf 86' lang='lat' dir='ltr'><strong>benedicimus,</strong></span> <span class='ocrx_word' id='word_1_232' title='bbox 3236 1388 3414 1433; x_wconf 77' lang='lat' dir='ltr'><strong>nonne</strong></span> 
     </span>
    </p>
   </div>
   <div class='ocr_carea' id='block_1_34' title="bbox 1852 1454 3411 1533">
    <p class='ocr_par' dir='ltr' id='par_1_34' title="bbox 1852 1454 3411 1533">
     <span class='ocr_line' id='line_1_34' title="bbox 1852 1454 3411 1533; baseline 0.004 -21"><span class='ocrx_word' id='word_1_233' title='bbox 1852 1457 2269 1512; x_wconf 85' lang='lat' dir='ltr'><strong>communicatio</strong></span> <span class='ocrx_word' id='word_1_234' title='bbox 2293 1456 2569 1525; x_wconf 75' lang='lat' dir='ltr'><strong>sanguinis</strong></span> <span class='ocrx_word' id='word_1_235' title='bbox 2600 1454 2802 1509; x_wconf 77' lang='lat' dir='ltr'><strong>ChriSIi</strong></span> <span class='ocrx_word' id='word_1_236' title='bbox 2841 1455 2966 1509; x_wconf 79' lang='lat' dir='ltr'><strong>est?</strong></span> <span class='ocrx_word' id='word_1_237' title='bbox 2994 1466 3048 1511; x_wconf 85' lang='lat' dir='ltr'><strong>et</strong></span> <span class='ocrx_word' id='word_1_238' title='bbox 3081 1462 3232 1526; x_wconf 85' lang='lat' dir='ltr'><strong>panis</strong></span> <span class='ocrx_word' id='word_1_239' title='bbox 3255 1478 3411 1533; x_wconf 88' lang='lat' dir='ltr'><strong>quem</strong></span> 
     </span>
    </p>
   </div>
   <div class='ocr_carea' id='block_1_35' title="bbox 1853 1545 3417 1615">
    <p class='ocr_par' dir='ltr' id='par_1_35' title="bbox 1853 1545 3417 1615">
     <span class='ocr_line' id='line_1_35' title="bbox 1853 1545 3417 1615; baseline 0.007 -15"><span class='ocrx_word' id='word_1_240' title='bbox 1853 1546 2173 1615; x_wconf 81' lang='lat' dir='ltr'><strong>frangimus,</strong></span> <span class='ocrx_word' id='word_1_241' title='bbox 2205 1561 2384 1599; x_wconf 89' lang='lat' dir='ltr'><strong>nonne</strong></span> <span class='ocrx_word' id='word_1_242' title='bbox 2405 1546 2753 1614; x_wconf 83' lang='lat' dir='ltr'><strong>participatio</strong></span> <span class='ocrx_word' id='word_1_243' title='bbox 2786 1545 3028 1613; x_wconf 87' lang='lat' dir='ltr'><strong>corporis</strong></span> <span class='ocrx_word' id='word_1_244' title='bbox 3064 1548 3267 1607; x_wconf 83' lang='lat' dir='ltr'><strong>Domini</strong></span> <span class='ocrx_word' id='word_1_245' title='bbox 3300 1559 3417 1610; x_wconf 77' lang='lat' dir='ltr'><strong>est?</strong></span> 
     </span>
    </p>
   </div>
   <div class='ocr_carea' id='block_1_36' title="bbox 1852 1637 3413 1708">
    <p class='ocr_par' dir='ltr' id='par_1_36' title="bbox 1852 1637 3413 1708">
     <span class='ocr_line' id='line_1_36' title="bbox 1852 1637 3413 1708; baseline 0.005 -14"><span class='ocrx_word' id='word_1_246' title='bbox 1852 1639 2111 1705; x_wconf 81' lang='lat' dir='ltr'><strong>Quoniam</strong></span> <span class='ocrx_word' id='word_1_247' title='bbox 2148 1654 2288 1692; x_wconf 89' lang='lat' dir='ltr'><strong>unus</strong></span> <span class='ocrx_word' id='word_1_248' title='bbox 2312 1637 2486 1708; x_wconf 88' lang='lat' dir='ltr'><strong>panis,</strong></span> <span class='ocrx_word' id='word_1_249' title='bbox 2517 1647 2569 1691; x_wconf 86' lang='lat' dir='ltr'><strong>et</strong></span> <span class='ocrx_word' id='word_1_250' title='bbox 2593 1652 2753 1689; x_wconf 91' lang='lat' dir='ltr'><strong>unum</strong></span> <span class='ocrx_word' id='word_1_251' title='bbox 2786 1652 2980 1706; x_wconf 87' lang='lat' dir='ltr'><strong>corpus</strong></span> <span class='ocrx_word' id='word_1_252' title='bbox 3010 1638 3158 1692; x_wconf 90' lang='lat' dir='ltr'><strong>multi</strong></span> <span class='ocrx_word' id='word_1_253' title='bbox 3186 1657 3369 1700; x_wconf 83' lang='lat' dir='ltr'><strong>sumus</strong></span> <span class='ocrx_word' id='word_1_254' title='bbox 3400 1666 3413 1702; x_wconf 94' lang='lat'>:</span> 
     </span>
    </p>
   </div>
   <div class='ocr_carea' id='block_1_37' title="bbox 1856 1729 3417 1799">
    <p class='ocr_par' dir='ltr' id='par_1_37' title="bbox 1856 1729 3417 1799">
     <span class='ocr_line' id='line_1_37' title="bbox 1856 1729 3417 1799; baseline 0.004 -15"><span class='ocrx_word' id='word_1_255' title='bbox 1856 1746 1976 1784; x_wconf 87' lang='lat' dir='ltr'><strong>nam</strong></span> <span class='ocrx_word' id='word_1_256' title='bbox 2017 1745 2202 1784; x_wconf 88' lang='lat' dir='ltr'><strong>omnes</strong></span> <span class='ocrx_word' id='word_1_257' title='bbox 2234 1731 2299 1783; x_wconf 89' lang='lat' dir='ltr'><strong>de</strong></span> <span class='ocrx_word' id='word_1_258' title='bbox 2353 1745 2458 1783; x_wconf 87' lang='lat' dir='ltr'><strong>uno</strong></span> <span class='ocrx_word' id='word_1_259' title='bbox 2512 1744 2648 1799; x_wconf 83' lang='lat' dir='ltr'><strong>pane</strong></span> <span class='ocrx_word' id='word_1_260' title='bbox 2692 1729 3077 1798; x_wconf 85' lang='lat' dir='ltr'><strong>participamus</strong></span> <span class='ocrx_word' id='word_1_261' title='bbox 3106 1731 3173 1786; x_wconf 80' lang='grc'><strong>⁸⁸.</strong></span> <span class='ocrx_word' id='word_1_262' title='bbox 3204 1753 3220 1785; x_wconf 73' lang='grc' dir='ltr'><strong>ι</strong></span> <span class='ocrx_word' id='word_1_263' title='bbox 3277 1737 3417 1794; x_wconf 84' lang='lat' dir='ltr'><strong>Caro</strong></span> 
     </span>
    </p>
   </div>
   <div class='ocr_carea' id='block_1_38' title="bbox 1856 1821 3417 1890">
    <p class='ocr_par' dir='ltr' id='par_1_38' title="bbox 1856 1821 3417 1890">
     <span class='ocr_line' id='line_1_38' title="bbox 1856 1821 3417 1890; baseline 0.001 -15"><span class='ocrx_word' id='word_1_264' title='bbox 1856 1821 2110 1885; x_wconf 86' lang='lat' dir='ltr'><strong>hominis,</strong></span> <span class='ocrx_word' id='word_1_265' title='bbox 2143 1822 2283 1890; x_wconf 86' lang='lat' dir='ltr'><strong>quod</strong></span> <span class='ocrx_word' id='word_1_266' title='bbox 2322 1821 2536 1888; x_wconf 82' lang='lat' dir='ltr'><strong>quidem</strong></span> <span class='ocrx_word' id='word_1_267' title='bbox 2561 1822 2624 1873; x_wconf 89' lang='lat' dir='ltr'><strong>ad</strong></span> <span class='ocrx_word' id='word_1_268' title='bbox 2667 1823 2941 1889; x_wconf 85' lang='lat' dir='ltr'><strong>propriam</strong></span> <span class='ocrx_word' id='word_1_269' title='bbox 2992 1832 3238 1878; x_wconf 85' lang='lat' dir='ltr'><strong>naturam</strong></span> <span class='ocrx_word' id='word_1_270' title='bbox 3278 1828 3417 1885; x_wconf 66' lang='lat' dir='ltr'><strong>illius</strong></span> 
     </span>
    </p>
   </div>
   <div class='ocr_carea' id='block_1_39' title="bbox 1785 1908 3420 2002">
    <p class='ocr_par' dir='ltr' id='par_1_39' title="bbox 1785 1908 3420 2002">
     <span class='ocr_line' id='line_1_39' title="bbox 1785 1908 3420 2002; baseline 0.006 -38"><span class='ocrx_word' id='word_1_271' title='bbox 1785 1947 1827 2002; x_wconf 73' lang='grc' dir='ltr'>Β</span> <span class='ocrx_word' id='word_1_272' title='bbox 1856 1922 2085 1979; x_wconf 91' lang='lat' dir='ltr'><strong>spectat,</strong></span> <span class='ocrx_word' id='word_1_273' title='bbox 2124 1924 2462 1979; x_wconf 78' lang='lat' dir='ltr'><strong>nequaquam</strong></span> <span class='ocrx_word' id='word_1_274' title='bbox 2510 1908 2765 1964; x_wconf 80' lang='lat' dir='ltr'><strong>viviﬁcat.</strong></span> <span class='ocrx_word' id='word_1_275' title='bbox 2802 1908 2906 1963; x_wconf 90' lang='lat' dir='ltr'><strong>Sed</strong></span> <span class='ocrx_word' id='word_1_276' title='bbox 2964 1926 3137 1978; x_wconf 82' lang='lat' dir='ltr'><strong>neque</strong></span> <span class='ocrx_word' id='word_1_277' title='bbox 3188 1916 3420 1986; x_wconf 84' lang='lat' dir='ltr'><strong>vulgaris</strong></span> 
     </span>
    </p>
   </div>
   <div class='ocr_carea' id='block_1_40' title="bbox 1858 1999 3421 2071">
    <p class='ocr_par' dir='ltr' id='par_1_40' title="bbox 1858 1999 3421 2071">
     <span class='ocr_line' id='line_1_40' title="bbox 1858 1999 3421 2071; baseline 0.003 -18"><span class='ocrx_word' id='word_1_278' title='bbox 1858 2017 2072 2071; x_wconf 83' lang='lat' dir='ltr'><strong>qquue</strong></span> <span class='ocrx_word' id='word_1_279' title='bbox 2132 2002 2364 2055; x_wconf 82' lang='lat' dir='ltr'><strong>hominis</strong></span> <span class='ocrx_word' id='word_1_280' title='bbox 2414 2001 2630 2068; x_wconf 79' lang='lat' dir='ltr'><strong>sanguis</strong></span> <span class='ocrx_word' id='word_1_281' title='bbox 2685 1999 2847 2052; x_wconf 79' lang='lat' dir='ltr'><strong>ullam</strong></span> <span class='ocrx_word' id='word_1_282' title='bbox 2901 2001 3120 2055; x_wconf 87' lang='lat' dir='ltr'><strong>omnino</strong></span> <span class='ocrx_word' id='word_1_283' title='bbox 3169 2020 3261 2070; x_wconf 90' lang='lat' dir='ltr'><strong>per</strong></span> <span class='ocrx_word' id='word_1_284' title='bbox 3284 2022 3339 2061; x_wconf 87' lang='lat' dir='ltr'><strong>se</strong></span> <span class='ocrx_word' id='word_1_285' title='bbox 3368 2020 3421 2063; x_wconf 81' lang='lat' dir='ltr'><strong>et</strong></span> 
     </span>
    </p>
   </div>
   <div class='ocr_carea' id='block_1_41' title="bbox 1858 2090 3418 2161">
    <p class='ocr_par' dir='ltr' id='par_1_41' title="bbox 1858 2090 3418 2161">
     <span class='ocr_line' id='line_1_41' title="bbox 1858 2090 3418 2161; baseline 0.004 -14"><span class='ocrx_word' id='word_1_286' title='bbox 1858 2095 2149 2147; x_wconf 88' lang='lat' dir='ltr'><strong>secundum</strong></span> <span class='ocrx_word' id='word_1_287' title='bbox 2194 2108 2252 2146; x_wconf 88' lang='lat' dir='ltr'><strong>se</strong></span> <span class='ocrx_word' id='word_1_288' title='bbox 2281 2090 2586 2145; x_wconf 76' lang='lat' dir='ltr'><strong>viviticandi</strong></span> <span class='ocrx_word' id='word_1_289' title='bbox 2621 2093 2727 2145; x_wconf 85' lang='lat' dir='ltr'><strong>vim</strong></span> <span class='ocrx_word' id='word_1_290' title='bbox 2768 2092 2953 2147; x_wconf 84' lang='lat' dir='ltr'><strong>habet.</strong></span> <span class='ocrx_word' id='word_1_291' title='bbox 2982 2093 3142 2161; x_wconf 86' lang='lat' dir='ltr'><strong>Atqui</strong></span> <span class='ocrx_word' id='word_1_292' title='bbox 3177 2112 3295 2149; x_wconf 89' lang='lat' dir='ltr'><strong>cum</strong></span> <span class='ocrx_word' id='word_1_293' title='bbox 3322 2100 3418 2155; x_wconf 90' lang='lat' dir='ltr'><strong>soli</strong></span> 
     </span>
    </p>
   </div>
   <div class='ocr_carea' id='block_1_42' title="bbox 1860 2183 3418 2255">
    <p class='ocr_par' dir='ltr' id='par_1_42' title="bbox 1860 2183 3418 2255">
     <span class='ocr_line' id='line_1_42' title="bbox 1860 2183 3418 2255; baseline 0.003 -18"><span class='ocrx_word' id='word_1_294' title='bbox 1860 2184 1966 2237; x_wconf 85' lang='lat' dir='ltr'><strong>Deo</strong></span> <span class='ocrx_word' id='word_1_295' title='bbox 2000 2183 2285 2237; x_wconf 82' lang='lat' dir='ltr'><strong>conveniat</strong></span> <span class='ocrx_word' id='word_1_296' title='bbox 2321 2184 2489 2236; x_wconf 79' lang='lat' dir='ltr'><strong>vitam</strong></span> <span class='ocrx_word' id='word_1_297' title='bbox 2533 2183 2604 2236; x_wconf 91' lang='lat' dir='ltr'><strong>illi</strong></span> <span class='ocrx_word' id='word_1_298' title='bbox 2643 2184 2931 2250; x_wconf 87' lang='lat' dir='ltr'><strong>impertiri,</strong></span> <span class='ocrx_word' id='word_1_299' title='bbox 2978 2184 3118 2250; x_wconf 87' lang='lat' dir='ltr'><strong>quod</strong></span> <span class='ocrx_word' id='word_1_300' title='bbox 3157 2188 3278 2240; x_wconf 66' lang='lat' dir='ltr'><strong>vitae</strong></span> <span class='ocrx_word' id='word_1_301' title='bbox 3309 2190 3418 2255; x_wconf 86' lang='lat' dir='ltr'><strong>spi-</strong></span> 
     </span>
    </p>
   </div>
   <div class='ocr_carea' id='block_1_43' title="bbox 1859 2271 3421 2340">
    <p class='ocr_par' dir='ltr' id='par_1_43' title="bbox 1859 2271 3421 2340">
     <span class='ocr_line' id='line_1_43' title="bbox 1859 2271 3421 2340; baseline 0.004 -16"><span class='ocrx_word' id='word_1_302' title='bbox 1859 2274 1961 2325; x_wconf 88' lang='lat' dir='ltr'><strong>ritu</strong></span> <span class='ocrx_word' id='word_1_303' title='bbox 1985 2272 2330 2336; x_wconf 86' lang='lat' dir='ltr'><strong>destituitur;</strong></span> <span class='ocrx_word' id='word_1_304' title='bbox 2363 2287 2560 2340; x_wconf 89' lang='lat' dir='ltr'><strong>corpus</strong></span> <span class='ocrx_word' id='word_1_305' title='bbox 2594 2280 2774 2324; x_wconf 90' lang='lat' dir='ltr'><strong>autem</strong></span> <span class='ocrx_word' id='word_1_306' title='bbox 2802 2271 3025 2335; x_wconf 88' lang='lat' dir='ltr'><strong>Christi,</strong></span> <span class='ocrx_word' id='word_1_307' title='bbox 3056 2281 3109 2325; x_wconf 91' lang='lat' dir='ltr'><strong>et</strong></span> <span class='ocrx_word' id='word_1_308' title='bbox 3155 2276 3421 2340; x_wconf 85' lang='lat' dir='ltr'><strong>pretiosus</strong></span> 
     </span>
    </p>
   </div>
   <div class='ocr_carea' id='block_1_44' title="bbox 1856 2361 3421 2441">
    <p class='ocr_par' dir='ltr' id='par_1_44' title="bbox 1856 2361 3421 2441">
     <span class='ocr_line' id='line_1_44' title="bbox 1856 2361 3421 2441; baseline 0.002 -28"><span class='ocrx_word' id='word_1_309' title='bbox 1856 2362 1996 2414; x_wconf 83' lang='lat' dir='ltr'><strong>illius</strong></span> <span class='ocrx_word' id='word_1_310' title='bbox 2051 2362 2270 2430; x_wconf 84' lang='lat' dir='ltr'><strong>sanguis</strong></span> <span class='ocrx_word' id='word_1_311' title='bbox 2314 2361 2585 2415; x_wconf 79' lang='lat' dir='ltr'><strong>viviﬁceut</strong></span> <span class='ocrx_word' id='word_1_312' title='bbox 2625 2378 2637 2413; x_wconf 89' lang='lat'><strong>:</strong></span> <span class='ocrx_word' id='word_1_313' title='bbox 2675 2363 2758 2415; x_wconf 85' lang='lat' dir='ltr'><strong>cui</strong></span> <span class='ocrx_word' id='word_1_314' title='bbox 2795 2361 3015 2416; x_wconf 88' lang='lat' dir='ltr'><strong>dubium</strong></span> <span class='ocrx_word' id='word_1_315' title='bbox 3050 2376 3169 2416; x_wconf 82' lang='lat' dir='ltr'><strong>esse</strong></span> <span class='ocrx_word' id='word_1_316' title='bbox 3210 2375 3421 2441; x_wconf 69' lang='lat' dir='ltr'><strong>potest,</strong></span> 
     </span>
    </p>
   </div>
   <div class='ocr_carea' id='block_1_45' title="bbox 1856 2451 3438 2529">
    <p class='ocr_par' dir='ltr' id='par_1_45' title="bbox 1856 2451 3438 2529">
     <span class='ocr_line' id='line_1_45' title="bbox 1856 2451 3438 2529; baseline 0.004 -23"><span class='ocrx_word' id='word_1_317' title='bbox 1856 2454 1983 2523; x_wconf 92' lang='lat' dir='ltr'><strong>quin</strong></span> <span class='ocrx_word' id='word_1_318' title='bbox 2015 2451 2157 2508; x_wconf 91' lang='lat' dir='ltr'><strong>Deus</strong></span> <span class='ocrx_word' id='word_1_319' title='bbox 2190 2454 2557 2508; x_wconf 78' lang='lat' dir='ltr'><strong>sitChristns?</strong></span> <span class='ocrx_word' id='word_1_320' title='bbox 2588 2453 2721 2507; x_wconf 84' lang='lat' dir='ltr'><strong>llinc</strong></span> <span class='ocrx_word' id='word_1_321' title='bbox 2762 2468 2994 2523; x_wconf 85' lang='lat' dir='ltr'><strong>namque</strong></span> <span class='ocrx_word' id='word_1_322' title='bbox 3025 2468 3221 2522; x_wconf 87' lang='lat' dir='ltr'><strong>corpus</strong></span> <span class='ocrx_word' id='word_1_323' title='bbox 3266 2458 3438 2529; x_wconf 30' lang='lat' dir='ltr'><strong>habet.</strong></span> 
     </span>
    </p>
   </div>
   <div class='ocr_carea' id='block_1_46' title="bbox 1858 2543 3421 2612">
    <p class='ocr_par' dir='ltr' id='par_1_46' title="bbox 1858 2543 3421 2612">
     <span class='ocr_line' id='line_1_46' title="bbox 1858 2543 3421 2612; baseline 0 -17"><span class='ocrx_word' id='word_1_324' title='bbox 1858 2556 1909 2595; x_wconf 91' lang='lat' dir='ltr'><strong>ut</strong></span> <span class='ocrx_word' id='word_1_325' title='bbox 1945 2544 2013 2596; x_wconf 86' lang='lat' dir='ltr'><strong>sit</strong></span> <span class='ocrx_word' id='word_1_326' title='bbox 2045 2544 2335 2597; x_wconf 79' lang='lat' dir='ltr'><strong>viviﬁcum.</strong></span> <span class='ocrx_word' id='word_1_327' title='bbox 2362 2543 2511 2608; x_wconf 86' lang='lat' dir='ltr'><strong>Quod</strong></span> <span class='ocrx_word' id='word_1_328' title='bbox 2548 2545 2591 2597; x_wconf 91' lang='lat' dir='ltr'><strong>si</strong></span> <span class='ocrx_word' id='word_1_329' title='bbox 2620 2543 2853 2597; x_wconf 89' lang='lat' dir='ltr'><strong>uthomo</strong></span> <span class='ocrx_word' id='word_1_330' title='bbox 2878 2559 2973 2612; x_wconf 90' lang='lat' dir='ltr'><strong>per</strong></span> <span class='ocrx_word' id='word_1_331' title='bbox 2998 2558 3056 2597; x_wconf 90' lang='lat' dir='ltr'><strong>se</strong></span> <span class='ocrx_word' id='word_1_332' title='bbox 3090 2559 3151 2597; x_wconf 80' lang='lat' dir='ltr'><strong>ac</strong></span> <span class='ocrx_word' id='word_1_333' title='bbox 3180 2559 3421 2604; x_wconf 83' lang='lat' dir='ltr'><strong>seorsum</strong></span> 
     </span>
    </p>
   </div>
   <div class='ocr_carea' id='block_1_47' title="bbox 177 2630 3425 2704">
    <p class='ocr_par' dir='ltr' id='par_1_47' title="bbox 177 2630 3425 2704">
     <span class='ocr_line' id='line_1_47' title="bbox 177 2630 3425 2704; baseline 0.002 -23"><span class='ocrx_word' id='word_1_334' title='bbox 177 2642 364 2684; x_wconf 81' lang='lat' dir='ltr'><strong>mente</strong></span> <span class='ocrx_word' id='word_1_335' title='bbox 419 2632 779 2699; x_wconf 77' lang='lat' dir='ltr'><strong>concipiatur,</strong></span> <span class='ocrx_word' id='word_1_336' title='bbox 815 2630 907 2699; x_wconf 86' lang='lat' dir='ltr'><strong>qui</strong></span> <span class='ocrx_word' id='word_1_337' title='bbox 968 2630 1082 2684; x_wconf 82' lang='lat' dir='ltr'><strong>sola</strong></span> <span class='ocrx_word' id='word_1_338' title='bbox 1144 2630 1347 2685; x_wconf 81' lang='lat' dir='ltr'><strong>Christi</strong></span> <span class='ocrx_word' id='word_1_339' title='bbox 1396 2631 1751 2700; x_wconf 82' lang='lat' dir='ltr'><strong>appellatione</strong></span> <span class='ocrx_word' id='word_1_340' title='bbox 1787 2633 2073 2688; x_wconf 84' lang='lat' dir='ltr'><strong>decoratus</strong></span> <span class='ocrx_word' id='word_1_341' title='bbox 2099 2634 2187 2699; x_wconf 90' lang='lat' dir='ltr'><strong>sit,</strong></span> <span class='ocrx_word' id='word_1_342' title='bbox 2232 2635 2532 2703; x_wconf 87' lang='lat' dir='ltr'><strong>orbamque</strong></span> <span class='ocrx_word' id='word_1_343' title='bbox 2558 2632 2699 2688; x_wconf 88' lang='lat' dir='ltr'><strong>Filio</strong></span> <span class='ocrx_word' id='word_1_344' title='bbox 2734 2647 3020 2702; x_wconf 87' lang='lat' dir='ltr'><strong>personam</strong></span> <span class='ocrx_word' id='word_1_345' title='bbox 3056 2634 3266 2698; x_wconf 86' lang='lat' dir='ltr'><strong>habeat,</strong></span> <span class='ocrx_word' id='word_1_346' title='bbox 3293 2651 3425 2704; x_wconf 82' lang='lat' dir='ltr'><strong>quo-</strong></span> 
     </span>
    </p>
   </div>
   <div class='ocr_carea' id='block_1_48' title="bbox 176 2720 1441 2788">
    <p class='ocr_par' dir='ltr' id='par_1_48' title="bbox 176 2720 1441 2788">
     <span class='ocr_line' id='line_1_48' title="bbox 176 2720 1441 2788; baseline 0.001 -14"><span class='ocrx_word' id='word_1_347' title='bbox 176 2722 345 2774; x_wconf 84' lang='lat' dir='ltr'><strong>modo</strong></span> <span class='ocrx_word' id='word_1_348' title='bbox 371 2735 565 2788; x_wconf 87' lang='lat' dir='ltr'><strong>corpus</strong></span> <span class='ocrx_word' id='word_1_349' title='bbox 599 2720 740 2774; x_wconf 86' lang='lat' dir='ltr'><strong>illius</strong></span> <span class='ocrx_word' id='word_1_350' title='bbox 769 2728 951 2787; x_wconf 83' lang='lat' dir='ltr'><strong>posset</strong></span> <span class='ocrx_word' id='word_1_351' title='bbox 978 2735 1095 2775; x_wconf 89' lang='lat' dir='ltr'><strong>esse</strong></span> <span class='ocrx_word' id='word_1_352' title='bbox 1131 2722 1441 2775; x_wconf 79' lang='lat' dir='ltr'><strong>vivificum?</strong></span> 
     </span>
    </p>
   </div>
   <div class='ocr_carea' id='block_1_49' title="bbox 260 2814 1753 2885">
    <p class='ocr_par' dir='ltr' id='par_1_49' title="bbox 260 2814 1753 2885">
     <span class='ocr_line' id='line_1_49' title="bbox 260 2814 1753 2885; baseline 0 -18"><span class='ocrx_word' id='word_1_353' title='bbox 260 2836 279 2867; x_wconf 72' lang='grc' dir='ltr'><strong>ι</strong></span> <span class='ocrx_word' id='word_1_354' title='bbox 324 2816 569 2883; x_wconf 80' lang='grc' dir='ltr'>Ἐγένετο</span> <span class='ocrx_word' id='word_1_355' title='bbox 600 2815 626 2867; x_wconf 89' lang='lat'><strong>6</strong></span> <span class='ocrx_word' id='word_1_356' title='bbox 661 2814 876 2885; x_wconf 72' lang='grc' dir='ltr'>πρῶτος</span> <span class='ocrx_word' id='word_1_357' title='bbox 914 2815 1195 2885; x_wconf 78' lang='grc' dir='ltr'>ἄνθρωπος</span> <span class='ocrx_word' id='word_1_358' title='bbox 1240 2815 1409 2883; x_wconf 73' lang='grc' dir='ltr'>Ἀδὰμ</span> <span class='ocrx_word' id='word_1_359' title='bbox 1450 2817 1529 2878; x_wconf 89' lang='grc' dir='ltr'><strong>εἰς</strong></span> <span class='ocrx_word' id='word_1_360' title='bbox 1575 2816 1753 2885; x_wconf 69' lang='grc' dir='ltr'>ψυχὴν</span> 
     </span>
    </p>
   </div>
   <div class='ocr_carea' id='block_1_50' title="bbox 175 2906 1749 2975">
    <p class='ocr_par' dir='ltr' id='par_1_50' title="bbox 175 2906 1749 2975">
     <span class='ocr_line' id='line_1_50' title="bbox 175 2906 1749 2975; baseline -0.001 -16"><span class='ocrx_word' id='word_1_361' title='bbox 175 2907 395 2970; x_wconf 78' lang='grc' dir='ltr'>ζῶσαν·</span> <span class='ocrx_word' id='word_1_362' title='bbox 426 2909 453 2959; x_wconf 90' lang='lat'><strong>6</strong></span> <span class='ocrx_word' id='word_1_363' title='bbox 480 2906 705 2975; x_wconf 76' lang='grc' dir='ltr'>ἔσχατος</span> <span class='ocrx_word' id='word_1_364' title='bbox 742 2906 915 2975; x_wconf 72' lang='grc' dir='ltr'>Ἀδὰμ</span> <span class='ocrx_word' id='word_1_365' title='bbox 939 2916 965 2954; x_wconf 76' lang='grc' dir='ltr'><strong>(ι</strong></span> <span class='ocrx_word' id='word_1_366' title='bbox 1009 2908 1087 2967; x_wconf 83' lang='grc' dir='ltr'><strong>εἰς</strong></span> <span class='ocrx_word' id='word_1_367' title='bbox 1128 2907 1350 2975; x_wconf 86' lang='grc' dir='ltr'>Πνεῦμα</span> <span class='ocrx_word' id='word_1_368' title='bbox 1380 2906 1700 2969; x_wconf 79' lang='grc' dir='ltr'>ζωοποιοῦν.</span> <span class='ocrx_word' id='word_1_369' title='bbox 1732 2925 1749 2957; x_wconf 76' lang='grc' dir='ltr'><strong>ι</strong></span> 
     </span>
    </p>
   </div>
   <div class='ocr_carea' id='block_1_51' title="bbox 176 2997 1752 3067">
    <p class='ocr_par' dir='ltr' id='par_1_51' title="bbox 176 2997 1752 3067">
     <span class='ocr_line' id='line_1_51' title="bbox 176 2997 1752 3067; baseline -0.003 -14"><span class='ocrx_word' id='word_1_370' title='bbox 176 3000 293 3053; x_wconf 74' lang='grc' dir='ltr'><strong>Καὶ</strong></span> <span class='ocrx_word' id='word_1_371' title='bbox 326 2998 486 3051; x_wconf 79' lang='grc' dir='ltr'>πάλιν</span> <span class='ocrx_word' id='word_1_372' title='bbox 508 3014 521 3028; x_wconf 79' lang='grc'><em>’</em></span> <span class='ocrx_word' id='word_1_373' title='bbox 574 3017 590 3049; x_wconf 82' lang='grc' dir='ltr'><strong>ι</strong></span> <span class='ocrx_word' id='word_1_374' title='bbox 634 2998 689 3051; x_wconf 84' lang='grc' dir='ltr'>Ὀ</span> <span class='ocrx_word' id='word_1_375' title='bbox 720 2998 936 3067; x_wconf 84' lang='grc' dir='ltr'>πρῶτος</span> <span class='ocrx_word' id='word_1_376' title='bbox 974 2997 1258 3067; x_wconf 87' lang='grc' dir='ltr'>ἄνθρωπος</span> <span class='ocrx_word' id='word_1_377' title='bbox 1290 3000 1353 3049; x_wconf 77' lang='grc' dir='ltr'><strong>ἐκ</strong></span> <span class='ocrx_word' id='word_1_378' title='bbox 1380 2998 1502 3067; x_wconf 81' lang='grc' dir='ltr'>γῆς,</span> <span class='ocrx_word' id='word_1_379' title='bbox 1536 2997 1717 3066; x_wconf 80' lang='grc' dir='ltr'>χοϊκός</span> <span class='ocrx_word' id='word_1_380' title='bbox 1740 3014 1752 3027; x_wconf 89' lang='grc'><strong>·</strong></span> 
     </span>
    </p>
   </div>
   <div class='ocr_carea' id='block_1_52' title="bbox 175 3083 1823 3183">
    <p class='ocr_par' dir='ltr' id='par_1_52' title="bbox 175 3083 1823 3183">
     <span class='ocr_line' id='line_1_52' title="bbox 175 3083 1823 3183; baseline -0.001 -41"><span class='ocrx_word' id='word_1_381' title='bbox 175 3093 207 3142; x_wconf 90' lang='lat'><strong>6</strong></span> <span class='ocrx_word' id='word_1_382' title='bbox 238 3087 487 3159; x_wconf 78' lang='grc' dir='ltr'>δεύτερος</span> <span class='ocrx_word' id='word_1_383' title='bbox 519 3088 802 3158; x_wconf 84' lang='grc' dir='ltr'>ἄνθρωπος</span> <span class='ocrx_word' id='word_1_384' title='bbox 828 3128 841 3151; x_wconf 93' lang='grc'><strong>,</strong></span> <span class='ocrx_word' id='word_1_385' title='bbox 889 3089 917 3139; x_wconf 92' lang='grc' dir='ltr'><strong>ό</strong></span> <span class='ocrx_word' id='word_1_386' title='bbox 961 3087 1161 3158; x_wconf 77' lang='grc' dir='ltr'>Κύριος</span> <span class='ocrx_word' id='word_1_387' title='bbox 1206 3088 1262 3152; x_wconf 80' lang='grc' dir='ltr'><strong>ἐξ</strong></span> <span class='ocrx_word' id='word_1_388' title='bbox 1291 3088 1538 3158; x_wconf 74' lang='grc' dir='ltr'>οὐρανοῦ.</span> <span class='ocrx_word' id='word_1_389' title='bbox 1576 3083 1699 3150; x_wconf 79' lang='grc' dir='ltr'>Οἷος</span> <span class='ocrx_word' id='word_1_390' title='bbox 1727 3089 1755 3140; x_wconf 90' lang='lat'><strong>6</strong></span> <span class='ocrx_word' id='word_1_391' title='bbox 1782 3127 1823 3183; x_wconf 65' lang='grc' dir='ltr'><strong>Ο</strong></span> 
     </span>
    </p>
   </div>
   <div class='ocr_carea' id='block_1_53' title="bbox 177 3174 1763 3250">
    <p class='ocr_par' dir='ltr' id='par_1_53' title="bbox 177 3174 1763 3250">
     <span class='ocr_line' id='line_1_53' title="bbox 177 3174 1763 3250; baseline 0.001 -20"><span class='ocrx_word' id='word_1_392' title='bbox 177 3177 389 3248; x_wconf 76' lang='grc' dir='ltr'>χοϊκός,</span> <span class='ocrx_word' id='word_1_393' title='bbox 418 3177 648 3231; x_wconf 88' lang='grc' dir='ltr'>τοιοῦτοι</span> <span class='ocrx_word' id='word_1_394' title='bbox 679 3178 771 3231; x_wconf 71' lang='grc' dir='ltr'><strong>καὶ</strong></span> <span class='ocrx_word' id='word_1_395' title='bbox 797 3179 843 3230; x_wconf 79' lang='grc' dir='ltr'>οἱ</span> <span class='ocrx_word' id='word_1_396' title='bbox 871 3179 1042 3247; x_wconf 79' lang='grc' dir='ltr'>χοϊκοί</span> <span class='ocrx_word' id='word_1_397' title='bbox 1059 3195 1071 3208; x_wconf 70' lang='grc'><strong><em>⁸</em></strong></span> <span class='ocrx_word' id='word_1_398' title='bbox 1098 3179 1188 3230; x_wconf 72' lang='grc' dir='ltr'>καὶ</span> <span class='ocrx_word' id='word_1_399' title='bbox 1214 3174 1325 3241; x_wconf 73' lang='grc' dir='ltr'>οἷος</span> <span class='ocrx_word' id='word_1_400' title='bbox 1353 3182 1379 3231; x_wconf 88' lang='lat'><strong>6</strong></span> <span class='ocrx_word' id='word_1_401' title='bbox 1409 3180 1763 3250; x_wconf 76' lang='grc' dir='ltr'>ἐπουράνιος,</span> 
     </span>
    </p>
   </div>
   <div class='ocr_carea' id='block_1_54' title="bbox 175 3268 1755 3340">
    <p class='ocr_par' dir='ltr' id='par_1_54' title="bbox 175 3268 1755 3340">
     <span class='ocr_line' id='line_1_54' title="bbox 175 3268 1755 3340; baseline -0.001 -17"><span class='ocrx_word' id='word_1_402' title='bbox 175 3268 417 3323; x_wconf 83' lang='grc' dir='ltr'>τοιοῦτοι</span> <span class='ocrx_word' id='word_1_403' title='bbox 454 3269 545 3320; x_wconf 68' lang='grc' dir='ltr'>καὶ</span> <span class='ocrx_word' id='word_1_404' title='bbox 589 3268 640 3319; x_wconf 90' lang='grc' dir='ltr'>οἱ</span> <span class='ocrx_word' id='word_1_405' title='bbox 667 3268 1000 3335; x_wconf 83' lang='grc' dir='ltr'>ἐπουράνιοι.</span> <span class='ocrx_word' id='word_1_406' title='bbox 1038 3271 1148 3322; x_wconf 67' lang='grc' dir='ltr'>Καὶ</span> <span class='ocrx_word' id='word_1_407' title='bbox 1190 3269 1374 3331; x_wconf 83' lang='grc' dir='ltr'>καθὼς</span> <span class='ocrx_word' id='word_1_408' title='bbox 1421 3270 1755 3340; x_wconf 77' lang='grc' dir='ltr'>ἐφορέσαμεν</span> 
     </span>
    </p>
   </div>
   <div class='ocr_carea' id='block_1_55' title="bbox 178 3357 1747 3432">
    <p class='ocr_par' dir='ltr' id='par_1_55' title="bbox 178 3357 1747 3432">
     <span class='ocr_line' id='line_1_55' title="bbox 178 3357 1747 3432; baseline -0.003 -17"><span class='ocrx_word' id='word_1_409' title='bbox 178 3362 284 3432; x_wconf 81' lang='grc' dir='ltr'>τὴν</span> <span class='ocrx_word' id='word_1_410' title='bbox 329 3360 512 3413; x_wconf 81' lang='grc' dir='ltr'>εἰκόνα</span> <span class='ocrx_word' id='word_1_411' title='bbox 551 3358 643 3411; x_wconf 86' lang='grc' dir='ltr'><strong>τοῦ</strong></span> <span class='ocrx_word' id='word_1_412' title='bbox 683 3357 894 3428; x_wconf 83' lang='grc' dir='ltr'>χοϊκοῦ,</span> <span class='ocrx_word' id='word_1_413' title='bbox 945 3360 1266 3430; x_wconf 79' lang='grc' dir='ltr'>φορέσωμεν</span> <span class='ocrx_word' id='word_1_414' title='bbox 1308 3360 1401 3412; x_wconf 73' lang='grc' dir='ltr'>καὶ</span> <span class='ocrx_word' id='word_1_415' title='bbox 1436 3361 1533 3428; x_wconf 83' lang='grc' dir='ltr'><strong>τὴν</strong></span> <span class='ocrx_word' id='word_1_416' title='bbox 1566 3359 1747 3411; x_wconf 89' lang='grc' dir='ltr'>εἰκόνα</span> 
     </span>
    </p>
   </div>
   <div class='ocr_carea' id='block_1_56' title="bbox 178 3450 1757 3522">
    <p class='ocr_par' dir='ltr' id='par_1_56' title="bbox 178 3450 1757 3522">
     <span class='ocr_line' id='line_1_56' title="bbox 178 3450 1757 3522; baseline -0.003 -16"><span class='ocrx_word' id='word_1_417' title='bbox 178 3453 279 3506; x_wconf 83' lang='grc' dir='ltr'><strong>τοῦ</strong></span> <span class='ocrx_word' id='word_1_418' title='bbox 327 3451 667 3522; x_wconf 86' lang='grc' dir='ltr'>ἐπουρανίου.</span> <span class='ocrx_word' id='word_1_419' title='bbox 706 3450 875 3503; x_wconf 88' lang='grc' dir='ltr'>Τοῦτο</span> <span class='ocrx_word' id='word_1_420' title='bbox 906 3451 963 3504; x_wconf 81' lang='grc' dir='ltr'>δέ</span> <span class='ocrx_word' id='word_1_421' title='bbox 997 3469 1173 3521; x_wconf 80' lang='grc' dir='ltr'>φημι,</span> <span class='ocrx_word' id='word_1_422' title='bbox 1209 3450 1461 3517; x_wconf 69' lang='grc' dir='ltr'>ἀδελφοὶ,</span> <span class='ocrx_word' id='word_1_423' title='bbox 1504 3452 1585 3503; x_wconf 80' lang='grc' dir='ltr'>ὅτι</span> <span class='ocrx_word' id='word_1_424' title='bbox 1622 3450 1757 3520; x_wconf 77' lang='grc' dir='ltr'>σὰρξ</span> 
     </span>
    </p>
   </div>
   <div class='ocr_carea' id='block_1_57' title="bbox 180 3537 1757 3611">
    <p class='ocr_par' dir='ltr' id='par_1_57' title="bbox 180 3537 1757 3611">
     <span class='ocr_line' id='line_1_57' title="bbox 180 3537 1757 3611; baseline -0.004 -16"><span class='ocrx_word' id='word_1_425' title='bbox 180 3542 281 3595; x_wconf 74' lang='grc' dir='ltr'><strong>καὶ</strong></span> <span class='ocrx_word' id='word_1_426' title='bbox 312 3537 451 3611; x_wconf 74' lang='grc' dir='ltr'>αἷμα</span> <span class='ocrx_word' id='word_1_427' title='bbox 488 3540 764 3611; x_wconf 83' lang='grc' dir='ltr'>βασιλείαν</span> <span class='ocrx_word' id='word_1_428' title='bbox 793 3538 928 3591; x_wconf 82' lang='grc' dir='ltr'>Θεοῦ</span> <span class='ocrx_word' id='word_1_429' title='bbox 959 3540 1363 3611; x_wconf 76' lang='grc' dir='ltr'>κληρονομῆσαι</span> <span class='ocrx_word' id='word_1_430' title='bbox 1390 3539 1447 3590; x_wconf 79' lang='grc' dir='ltr'><strong>οὐ</strong></span> <span class='ocrx_word' id='word_1_431' title='bbox 1482 3538 1757 3598; x_wconf 75' lang='grc' dir='ltr'>δύνανται,</span> 
     </span>
    </p>
   </div>
   <div class='ocr_carea' id='block_1_58' title="bbox 180 3631 1761 3704">
    <p class='ocr_par' dir='ltr' id='par_1_58' title="bbox 180 3631 1761 3704">
     <span class='ocr_line' id='line_1_58' title="bbox 180 3631 1761 3704; baseline -0.003 -18"><span class='ocrx_word' id='word_1_432' title='bbox 180 3633 309 3686; x_wconf 75' lang='grc' dir='ltr'>οὐδὲ</span> <span class='ocrx_word' id='word_1_433' title='bbox 359 3634 392 3702; x_wconf 80' lang='grc' dir='ltr'>ἠ</span> <span class='ocrx_word' id='word_1_434' title='bbox 444 3633 618 3702; x_wconf 82' lang='grc' dir='ltr'>φθορὰ</span> <span class='ocrx_word' id='word_1_435' title='bbox 664 3634 762 3704; x_wconf 83' lang='grc' dir='ltr'>τὴν</span> <span class='ocrx_word' id='word_1_436' title='bbox 800 3633 1109 3704; x_wconf 77' lang='grc' dir='ltr'>ἀφθαρσίαν</span> <span class='ocrx_word' id='word_1_437' title='bbox 1143 3631 1481 3701; x_wconf 80' lang='grc' dir='ltr'>κληρονομεῖ.</span> <span class='ocrx_word' id='word_1_438' title='bbox 1521 3650 1542 3681; x_wconf 69' lang='grc' dir='ltr'><strong>ι</strong></span> <span class='ocrx_word' id='word_1_439' title='bbox 1586 3631 1761 3700; x_wconf 83' lang='grc' dir='ltr'>Προσ-</span> 
     </span>
    </p>
   </div>
   <div class='ocr_carea' id='block_1_59' title="bbox 183 3721 1760 3791">
    <p class='ocr_par' dir='ltr' id='par_1_59' title="bbox 183 3721 1760 3791">
     <span class='ocr_line' id='line_1_59' title="bbox 183 3721 1760 3791; baseline -0.003 -15"><span class='ocrx_word' id='word_1_440' title='bbox 183 3723 386 3789; x_wconf 62' lang='grc' dir='ltr'>εττάγει</span> <span class='ocrx_word' id='word_1_441' title='bbox 436 3723 492 3775; x_wconf 80' lang='grc' dir='ltr'><strong>δὲ</strong></span> <span class='ocrx_word' id='word_1_442' title='bbox 538 3722 782 3787; x_wconf 85' lang='grc' dir='ltr'>τούτοις,</span> <span class='ocrx_word' id='word_1_443' title='bbox 814 3725 895 3776; x_wconf 81' lang='grc' dir='ltr'><strong>ὅτι</strong></span> <span class='ocrx_word' id='word_1_444' title='bbox 950 3744 969 3774; x_wconf 70' lang='grc' dir='ltr'><strong>ι</strong></span> <span class='ocrx_word' id='word_1_445' title='bbox 1000 3723 1290 3785; x_wconf 86' lang='grc' dir='ltr'>Σαλπίσει,</span> <span class='ocrx_word' id='word_1_446' title='bbox 1342 3723 1435 3775; x_wconf 70' lang='grc' dir='ltr'><strong>καὶ</strong></span> <span class='ocrx_word' id='word_1_447' title='bbox 1484 3723 1531 3774; x_wconf 86' lang='grc' dir='ltr'>οἱ</span> <span class='ocrx_word' id='word_1_448' title='bbox 1580 3721 1760 3791; x_wconf 79' lang='grc' dir='ltr'>νεκροὶ</span> 
     </span>
    </p>
   </div>
   <div class='ocr_carea' id='block_1_60' title="bbox 186 3812 1755 3884">
    <p class='ocr_par' dir='ltr' id='par_1_60' title="bbox 186 3812 1755 3884">
     <span class='ocr_line' id='line_1_60' title="bbox 186 3812 1755 3884; baseline 0.001 -19"><span class='ocrx_word' id='word_1_449' title='bbox 186 3813 578 3882; x_wconf 71' lang='grc' dir='ltr'>ἐγερθήσονται</span> <span class='ocrx_word' id='word_1_450' title='bbox 624 3812 928 3884; x_wconf 84' lang='grc' dir='ltr'>ἄφθαρτοι,</span> <span class='ocrx_word' id='word_1_451' title='bbox 973 3815 1070 3867; x_wconf 50' lang='grc' dir='ltr'><strong>καλ⁹</strong></span> <span class='ocrx_word' id='word_1_452' title='bbox 1108 3816 1269 3881; x_wconf 76' lang='grc' dir='ltr'>ἡμεῖς</span> <span class='ocrx_word' id='word_1_453' title='bbox 1318 3813 1755 3881; x_wconf 58' lang='grc' dir='ltr'>ἀλλαγησόμεθα.</span> 
     </span>
    </p>
   </div>
   <div class='ocr_carea' id='block_1_61' title="bbox 185 3902 1762 3975">
    <p class='ocr_par' dir='ltr' id='par_1_61' title="bbox 185 3902 1762 3975">
     <span class='ocr_line' id='line_1_61' title="bbox 185 3902 1762 3975; baseline -0.001 -19"><span class='ocrx_word' id='word_1_454' title='bbox 185 3906 283 3957; x_wconf 86' lang='grc' dir='ltr'>Δεῖ</span> <span class='ocrx_word' id='word_1_455' title='bbox 320 3902 428 3975; x_wconf 73' lang='grc' dir='ltr'>γὰρ</span> <span class='ocrx_word' id='word_1_456' title='bbox 477 3903 538 3955; x_wconf 79' lang='lat'><strong>16</strong></span> <span class='ocrx_word' id='word_1_457' title='bbox 584 3903 820 3972; x_wconf 81' lang='grc' dir='ltr'>φθαρτὸν</span> <span class='ocrx_word' id='word_1_458' title='bbox 854 3904 1011 3955; x_wconf 87' lang='grc' dir='ltr'>τοῦτο</span> <span class='ocrx_word' id='word_1_459' title='bbox 1056 3903 1373 3955; x_wconf 76' lang='grc' dir='ltr'>ἐνδύσασθαι</span> <span class='ocrx_word' id='word_1_460' title='bbox 1410 3904 1507 3970; x_wconf 74' lang='grc' dir='ltr'><strong>τὴν</strong></span> <span class='ocrx_word' id='word_1_461' title='bbox 1550 3903 1762 3973; x_wconf 78' lang='grc' dir='ltr'>ἀφθαρ-</span> 
     </span>
    </p>
   </div>
   <div class='ocr_carea' id='block_1_62' title="bbox 189 3992 1757 4065">
    <p class='ocr_par' dir='ltr' id='par_1_62' title="bbox 189 3992 1757 4065">
     <span class='ocr_line' id='line_1_62' title="bbox 189 3992 1757 4065; baseline -0.003 -16"><span class='ocrx_word' id='word_1_462' title='bbox 189 3996 334 4059; x_wconf 85' lang='grc' dir='ltr'>σίαν,</span> <span class='ocrx_word' id='word_1_463' title='bbox 350 3995 443 4049; x_wconf 76' lang='grc' dir='ltr'><strong>καὶ</strong></span> <span class='ocrx_word' id='word_1_464' title='bbox 467 3996 527 4048; x_wconf 86' lang='grc' dir='ltr'><strong>τὸ</strong></span> <span class='ocrx_word' id='word_1_465' title='bbox 551 3994 739 4065; x_wconf 78' lang='grc' dir='ltr'>θνητὸν</span> <span class='ocrx_word' id='word_1_466' title='bbox 756 3993 912 4048; x_wconf 85' lang='grc' dir='ltr'>τοῦτο</span> <span class='ocrx_word' id='word_1_467' title='bbox 937 3993 1262 4048; x_wconf 75' lang='grc' dir='ltr'>ἐνδύσασθαι</span> <span class='ocrx_word' id='word_1_468' title='bbox 1288 3992 1385 4062; x_wconf 80' lang='grc' dir='ltr'>τὴν</span> <span class='ocrx_word' id='word_1_469' title='bbox 1409 3993 1757 4047; x_wconf 74' lang='grc' dir='ltr'>ἀθανασίαν.)</span> 
     </span>
    </p>
   </div>
   <div class='ocr_carea' id='block_1_63' title="bbox 187 4085 1760 4158">
    <p class='ocr_par' dir='ltr' id='par_1_63' title="bbox 187 4085 1760 4158">
     <span class='ocr_line' id='line_1_63' title="bbox 187 4085 1760 4158; baseline -0.004 -16"><span class='ocrx_word' id='word_1_470' title='bbox 187 4089 286 4151; x_wconf 80' lang='grc' dir='ltr'>Εἰς</span> <span class='ocrx_word' id='word_1_471' title='bbox 332 4088 507 4158; x_wconf 76' lang='grc' dir='ltr'>ψυχὴν</span> <span class='ocrx_word' id='word_1_472' title='bbox 557 4088 734 4152; x_wconf 79' lang='grc' dir='ltr'>ζῶσαν</span> <span class='ocrx_word' id='word_1_473' title='bbox 795 4090 822 4144; x_wconf 87' lang='lat'><strong>6</strong></span> <span class='ocrx_word' id='word_1_474' title='bbox 881 4087 1094 4157; x_wconf 81' lang='grc' dir='ltr'>πρῶτος</span> <span class='ocrx_word' id='word_1_475' title='bbox 1155 4085 1438 4155; x_wconf 81' lang='grc' dir='ltr'>ἄνθρωπος</span> <span class='ocrx_word' id='word_1_476' title='bbox 1504 4085 1760 4151; x_wconf 81' lang='grc' dir='ltr'>γέγονεν·</span> 
     </span>
    </p>
   </div>
   <div class='ocr_carea' id='block_1_64' title="bbox 194 4175 1764 4253">
    <p class='ocr_par' dir='ltr' id='par_1_64' title="bbox 194 4175 1764 4253">
     <span class='ocr_line' id='line_1_64' title="bbox 194 4175 1764 4253; baseline -0.004 -18"><span class='ocrx_word' id='word_1_477' title='bbox 194 4183 368 4236; x_wconf 80' lang='grc' dir='ltr'>ἐδεῖτο</span> <span class='ocrx_word' id='word_1_478' title='bbox 392 4182 522 4252; x_wconf 78' lang='grc' dir='ltr'>γὰρ,</span> <span class='ocrx_word' id='word_1_479' title='bbox 546 4182 619 4245; x_wconf 82' lang='grc' dir='ltr'>ὡς</span> <span class='ocrx_word' id='word_1_480' title='bbox 647 4182 877 4253; x_wconf 85' lang='grc' dir='ltr'>ποίημα,</span> <span class='ocrx_word' id='word_1_481' title='bbox 909 4179 1002 4231; x_wconf 86' lang='grc' dir='ltr'><strong>τοῦ</strong></span> <span class='ocrx_word' id='word_1_482' title='bbox 1034 4177 1421 4243; x_wconf 79' lang='grc' dir='ltr'>ζωοποιοῦντος</span> <span class='ocrx_word' id='word_1_483' title='bbox 1445 4176 1601 4229; x_wconf 83' lang='grc' dir='ltr'>Θεοῦ.</span> <span class='ocrx_word' id='word_1_484' title='bbox 1627 4177 1685 4228; x_wconf 88' lang='lat'><strong>&#39;0</strong></span> <span class='ocrx_word' id='word_1_485' title='bbox 1709 4175 1764 4229; x_wconf 80' lang='grc' dir='ltr'><strong>δέ</strong></span> 
     </span>
    </p>
   </div>
   <div class='ocr_carea' id='block_1_65' title="bbox 188 4266 1765 4343">
    <p class='ocr_par' dir='ltr' id='par_1_65' title="bbox 188 4266 1765 4343">
     <span class='ocr_line' id='line_1_65' title="bbox 188 4266 1765 4343; baseline -0.003 -17"><span class='ocrx_word' id='word_1_486' title='bbox 188 4290 257 4342; x_wconf 83' lang='grc' dir='ltr'><strong>γε</strong></span> <span class='ocrx_word' id='word_1_487' title='bbox 284 4272 513 4342; x_wconf 75' lang='grc' dir='ltr'>ἔσχατος</span> <span class='ocrx_word' id='word_1_488' title='bbox 549 4272 743 4343; x_wconf 77' lang='grc' dir='ltr'>’Λδὰμ,</span> <span class='ocrx_word' id='word_1_489' title='bbox 774 4270 1021 4325; x_wconf 82' lang='grc' dir='ltr'>τουτέστι</span> <span class='ocrx_word' id='word_1_490' title='bbox 1057 4269 1310 4340; x_wconf 74' lang='grc' dir='ltr'>Χριστὸς,</span> <span class='ocrx_word' id='word_1_491' title='bbox 1364 4269 1447 4321; x_wconf 81' lang='grc' dir='ltr'><strong>ὅτι</strong></span> <span class='ocrx_word' id='word_1_492' title='bbox 1492 4268 1565 4337; x_wconf 79' lang='grc' dir='ltr'>μὴ</span> <span class='ocrx_word' id='word_1_493' title='bbox 1598 4266 1765 4321; x_wconf 83' lang='grc' dir='ltr'>ἐδεῖτο</span> 
     </span>
    </p>
   </div>
   <div class='ocr_carea' id='block_1_66' title="bbox 190 4357 1761 4435">
    <p class='ocr_par' dir='ltr' id='par_1_66' title="bbox 190 4357 1761 4435">
     <span class='ocr_line' id='line_1_66' title="bbox 190 4357 1761 4435; baseline -0.006 -16"><span class='ocrx_word' id='word_1_494' title='bbox 190 4366 341 4435; x_wconf 77' lang='grc' dir='ltr'>ζωῆς</span> <span class='ocrx_word' id='word_1_495' title='bbox 366 4365 441 4428; x_wconf 84' lang='grc' dir='ltr'>ὡς</span> <span class='ocrx_word' id='word_1_496' title='bbox 471 4365 623 4427; x_wconf 81' lang='grc' dir='ltr'>Θεὸς,</span> <span class='ocrx_word' id='word_1_497' title='bbox 656 4362 881 4433; x_wconf 82' lang='grc' dir='ltr'>Πνεῦμα</span> <span class='ocrx_word' id='word_1_498' title='bbox 905 4362 1125 4431; x_wconf 84' lang='grc' dir='ltr'>γέγονεν</span> <span class='ocrx_word' id='word_1_499' title='bbox 1151 4362 1229 4422; x_wconf 82' lang='grc' dir='ltr'><strong>εἰς</strong></span> <span class='ocrx_word' id='word_1_500' title='bbox 1260 4361 1404 4429; x_wconf 79' lang='grc' dir='ltr'>ἡμᾶς</span> <span class='ocrx_word' id='word_1_501' title='bbox 1435 4357 1729 4422; x_wconf 80' lang='grc' dir='ltr'>ζωοποιοῦν</span> <span class='ocrx_word' id='word_1_502' title='bbox 1748 4373 1761 4387; x_wconf 85' lang='grc'>⁶</span> 
     </span>
    </p>
   </div>
   <div class='ocr_carea' id='block_1_67' title="bbox 1927 2817 3424 2886">
    <p class='ocr_par' dir='ltr' id='par_1_67' title="bbox 1927 2817 3424 2886">
     <span class='ocr_line' id='line_1_67' title="bbox 1927 2817 3424 2886; baseline 0.007 -19"><span class='ocrx_word' id='word_1_503' title='bbox 1927 2817 2034 2886; x_wconf 74' lang='lat'><strong>92</strong></span> <span class='ocrx_word' id='word_1_504' title='bbox 2073 2838 2088 2868; x_wconf 75' lang='grc' dir='ltr'><strong>ι</strong></span> <span class='ocrx_word' id='word_1_505' title='bbox 2133 2818 2327 2870; x_wconf 82' lang='lat' dir='ltr'><strong>Factus</strong></span> <span class='ocrx_word' id='word_1_506' title='bbox 2361 2825 2443 2871; x_wconf 84' lang='lat' dir='ltr'><strong>cst</strong></span> <span class='ocrx_word' id='word_1_507' title='bbox 2470 2818 2673 2885; x_wconf 87' lang='lat' dir='ltr'><strong>prinms</strong></span> <span class='ocrx_word' id='word_1_508' title='bbox 2722 2819 2882 2871; x_wconf 86' lang='lat' dir='ltr'><strong>homo</strong></span> <span class='ocrx_word' id='word_1_509' title='bbox 2916 2818 3084 2871; x_wconf 71' lang='lat' dir='ltr'><strong>Adam</strong></span> <span class='ocrx_word' id='word_1_510' title='bbox 3116 2818 3166 2870; x_wconf 91' lang='lat' dir='ltr'><strong>in</strong></span> <span class='ocrx_word' id='word_1_511' title='bbox 3195 2822 3424 2878; x_wconf 80' lang='lat' dir='ltr'><strong>animam</strong></span> 
     </span>
    </p>
   </div>
   <div class='ocr_carea' id='block_1_68' title="bbox 1859 2907 3427 2973">
    <p class='ocr_par' dir='ltr' id='par_1_68' title="bbox 1859 2907 3427 2973">
     <span class='ocr_line' id='line_1_68' title="bbox 1859 2907 3427 2973; baseline 0.004 -14"><span class='ocrx_word' id='word_1_512' title='bbox 1859 2910 2148 2969; x_wconf 74' lang='lat' dir='ltr'><strong>viventem,</strong></span> <span class='ocrx_word' id='word_1_513' title='bbox 2181 2907 2508 2961; x_wconf 82' lang='lat' dir='ltr'><strong>novissimus</strong></span> <span class='ocrx_word' id='word_1_514' title='bbox 2540 2908 2709 2962; x_wconf 80' lang='lat' dir='ltr'><strong>Adam</strong></span> <span class='ocrx_word' id='word_1_515' title='bbox 2746 2909 2795 2960; x_wconf 91' lang='lat' dir='ltr'><strong>in</strong></span> <span class='ocrx_word' id='word_1_516' title='bbox 2836 2907 3097 2973; x_wconf 83' lang='lat' dir='ltr'><strong>Spiritum</strong></span> <span class='ocrx_word' id='word_1_517' title='bbox 3150 2911 3427 2965; x_wconf 75' lang='lat' dir='ltr'><strong>viviﬁcan-</strong></span> 
     </span>
    </p>
   </div>
   <div class='ocr_carea' id='block_1_69' title="bbox 1860 2997 3426 3057">
    <p class='ocr_par' dir='ltr' id='par_1_69' title="bbox 1860 2997 3426 3057">
     <span class='ocr_line' id='line_1_69' title="bbox 1860 2997 3426 3057; baseline 0.004 -6"><span class='ocrx_word' id='word_1_518' title='bbox 1860 3010 1961 3053; x_wconf 86' lang='lat' dir='ltr'><strong>tem</strong></span> <span class='ocrx_word' id='word_1_519' title='bbox 1994 2999 2059 3052; x_wconf 79' lang='lat'><strong>&quot;.</strong></span> <span class='ocrx_word' id='word_1_520' title='bbox 2093 3018 2110 3049; x_wconf 71' lang='grc' dir='ltr'><strong>ι</strong></span> <span class='ocrx_word' id='word_1_521' title='bbox 2152 2998 2386 3051; x_wconf 77' lang='lat' dir='ltr'><strong>Rursum</strong></span> <span class='ocrx_word' id='word_1_522' title='bbox 2423 3017 2435 3051; x_wconf 87' lang='lat'><strong>:</strong></span> <span class='ocrx_word' id='word_1_523' title='bbox 2472 3018 2489 3048; x_wconf 77' lang='grc' dir='ltr'><strong>ι</strong></span> <span class='ocrx_word' id='word_1_524' title='bbox 2526 2997 2737 3051; x_wconf 82' lang='lat' dir='ltr'><strong>Primus</strong></span> <span class='ocrx_word' id='word_1_525' title='bbox 2763 3000 2923 3051; x_wconf 87' lang='lat' dir='ltr'><strong>homo</strong></span> <span class='ocrx_word' id='word_1_526' title='bbox 2966 3003 3032 3053; x_wconf 89' lang='lat' dir='ltr'><strong>de</strong></span> <span class='ocrx_word' id='word_1_527' title='bbox 3075 3012 3215 3055; x_wconf 87' lang='lat' dir='ltr'><strong>terra</strong></span> <span class='ocrx_word' id='word_1_528' title='bbox 3262 3012 3426 3057; x_wconf 84' lang='lat' dir='ltr'><strong>terre-</strong></span> 
     </span>
    </p>
   </div>
   <div class='ocr_carea' id='block_1_70' title="bbox 1860 3086 3427 3155">
    <p class='ocr_par' dir='ltr' id='par_1_70' title="bbox 1860 3086 3427 3155">
     <span class='ocr_line' id='line_1_70' title="bbox 1860 3086 3427 3155; baseline 0.003 -13"><span class='ocrx_word' id='word_1_529' title='bbox 1860 3106 1980 3154; x_wconf 89' lang='lat' dir='ltr'><strong>nus,</strong></span> <span class='ocrx_word' id='word_1_530' title='bbox 2000 3091 2269 3143; x_wconf 88' lang='lat' dir='ltr'><strong>secundus</strong></span> <span class='ocrx_word' id='word_1_531' title='bbox 2302 3088 2459 3142; x_wconf 78' lang='lat' dir='ltr'><strong>homo</strong></span> <span class='ocrx_word' id='word_1_532' title='bbox 2492 3086 2749 3142; x_wconf 88' lang='lat' dir='ltr'><strong>Dommus</strong></span> <span class='ocrx_word' id='word_1_533' title='bbox 2785 3091 2847 3141; x_wconf 84' lang='lat' dir='ltr'><strong>de</strong></span> <span class='ocrx_word' id='word_1_534' title='bbox 2874 3092 3031 3144; x_wconf 65' lang='lat' dir='ltr'><strong>coelo.</strong></span> <span class='ocrx_word' id='word_1_535' title='bbox 3056 3091 3236 3155; x_wconf 88' lang='lat' dir='ltr'><strong>Qualis</strong></span> <span class='ocrx_word' id='word_1_536' title='bbox 3266 3102 3427 3147; x_wconf 84' lang='lat' dir='ltr'><strong>terre-</strong></span> 
     </span>
    </p>
   </div>
   <div class='ocr_carea' id='block_1_71' title="bbox 1860 3182 3431 3248">
    <p class='ocr_par' dir='ltr' id='par_1_71' title="bbox 1860 3182 3431 3248">
     <span class='ocr_line' id='line_1_71' title="bbox 1860 3182 3431 3248; baseline 0.002 -11"><span class='ocrx_word' id='word_1_537' title='bbox 1860 3200 1982 3245; x_wconf 85' lang='lat' dir='ltr'><strong>nus,</strong></span> <span class='ocrx_word' id='word_1_538' title='bbox 2022 3185 2154 3236; x_wconf 85' lang='lat' dir='ltr'><strong>tales</strong></span> <span class='ocrx_word' id='word_1_539' title='bbox 2200 3192 2253 3235; x_wconf 91' lang='lat' dir='ltr'><strong>et</strong></span> <span class='ocrx_word' id='word_1_540' title='bbox 2317 3182 2511 3235; x_wconf 84' lang='lat' dir='ltr'><strong>terreni</strong></span> <span class='ocrx_word' id='word_1_541' title='bbox 2545 3201 2557 3235; x_wconf 88' lang='lat'><strong>:</strong></span> <span class='ocrx_word' id='word_1_542' title='bbox 2601 3194 2653 3234; x_wconf 89' lang='lat' dir='ltr'><strong>et</strong></span> <span class='ocrx_word' id='word_1_543' title='bbox 2682 3185 2852 3248; x_wconf 73' lang='lat' dir='ltr'><strong>qttnlis</strong></span> <span class='ocrx_word' id='word_1_544' title='bbox 2903 3186 3171 3247; x_wconf 74' lang='lat' dir='ltr'><strong>C(Blestis,</strong></span> <span class='ocrx_word' id='word_1_545' title='bbox 3210 3186 3342 3240; x_wconf 90' lang='lat' dir='ltr'><strong>tales</strong></span> <span class='ocrx_word' id='word_1_546' title='bbox 3376 3200 3431 3241; x_wconf 89' lang='lat' dir='ltr'><strong>et</strong></span> 
     </span>
    </p>
   </div>
   <div class='ocr_carea' id='block_1_72' title="bbox 1859 3273 3426 3341">
    <p class='ocr_par' dir='ltr' id='par_1_72' title="bbox 1859 3273 3426 3341">
     <span class='ocr_line' id='line_1_72' title="bbox 1859 3273 3426 3341; baseline -0.003 -12"><span class='ocrx_word' id='word_1_547' title='bbox 1859 3275 2128 3329; x_wconf 72' lang='lat' dir='ltr'><strong>cmlestes.</strong></span> <span class='ocrx_word' id='word_1_548' title='bbox 2154 3273 2318 3341; x_wconf 82' lang='lat' dir='ltr'><strong>igitur</strong></span> <span class='ocrx_word' id='word_1_549' title='bbox 2354 3273 2495 3326; x_wconf 86' lang='lat' dir='ltr'><strong>sicut</strong></span> <span class='ocrx_word' id='word_1_550' title='bbox 2530 3274 2861 3340; x_wconf 85' lang='lat' dir='ltr'><strong>portavimus</strong></span> <span class='ocrx_word' id='word_1_551' title='bbox 2889 3274 3172 3341; x_wconf 67' lang='lat' dir='ltr'><strong>inmginem</strong></span> <span class='ocrx_word' id='word_1_552' title='bbox 3207 3279 3426 3340; x_wconf 83' lang='lat' dir='ltr'><strong>terreni,</strong></span> 
     </span>
    </p>
   </div>
   <div class='ocr_carea' id='block_1_73' title="bbox 1860 3364 3425 3433">
    <p class='ocr_par' dir='ltr' id='par_1_73' title="bbox 1860 3364 3425 3433">
     <span class='ocr_line' id='line_1_73' title="bbox 1860 3364 3425 3433; baseline 0.001 -17"><span class='ocrx_word' id='word_1_553' title='bbox 1860 3373 2135 3433; x_wconf 84' lang='lat' dir='ltr'><strong>portemus</strong></span> <span class='ocrx_word' id='word_1_554' title='bbox 2189 3373 2242 3417; x_wconf 92' lang='lat' dir='ltr'><strong>et</strong></span> <span class='ocrx_word' id='word_1_555' title='bbox 2297 3364 2585 3432; x_wconf 78' lang='lat' dir='ltr'><strong>imaginem</strong></span> <span class='ocrx_word' id='word_1_556' title='bbox 2648 3364 2906 3417; x_wconf 78' lang='lat' dir='ltr'><strong>etelestis.</strong></span> <span class='ocrx_word' id='word_1_557' title='bbox 2941 3364 3051 3417; x_wconf 85' lang='lat' dir='ltr'><strong>lloc</strong></span> <span class='ocrx_word' id='word_1_558' title='bbox 3081 3376 3255 3418; x_wconf 87' lang='lat' dir='ltr'><strong>autem</strong></span> <span class='ocrx_word' id='word_1_559' title='bbox 3288 3367 3425 3431; x_wconf 81' lang='lat' dir='ltr'><strong>dico,</strong></span> 
     </span>
    </p>
   </div>
   <div class='ocr_carea' id='block_1_74' title="bbox 1861 3455 3425 3525">
    <p class='ocr_par' dir='ltr' id='par_1_74' title="bbox 1861 3455 3425 3525">
     <span class='ocr_line' id='line_1_74' title="bbox 1861 3455 3425 3525; baseline 0.001 -15"><span class='ocrx_word' id='word_1_560' title='bbox 1861 3455 2079 3518; x_wconf 83' lang='lat' dir='ltr'><strong>fratres,</strong></span> <span class='ocrx_word' id='word_1_561' title='bbox 2104 3456 2225 3525; x_wconf 88' lang='lat' dir='ltr'><strong>quia</strong></span> <span class='ocrx_word' id='word_1_562' title='bbox 2254 3469 2381 3509; x_wconf 90' lang='lat' dir='ltr'><strong>caro</strong></span> <span class='ocrx_word' id='word_1_563' title='bbox 2421 3463 2475 3509; x_wconf 90' lang='lat' dir='ltr'><strong>et</strong></span> <span class='ocrx_word' id='word_1_564' title='bbox 2504 3455 2725 3520; x_wconf 76' lang='lat' dir='ltr'><strong>sanguis</strong></span> <span class='ocrx_word' id='word_1_565' title='bbox 2754 3469 2976 3522; x_wconf 77' lang='lat' dir='ltr'><strong>regnum</strong></span> <span class='ocrx_word' id='word_1_566' title='bbox 3016 3455 3106 3509; x_wconf 88' lang='lat' dir='ltr'><strong>Dei</strong></span> <span class='ocrx_word' id='word_1_567' title='bbox 3145 3456 3425 3524; x_wconf 84' lang='lat' dir='ltr'><strong>possidere</strong></span> 
     </span>
    </p>
   </div>
   <div class='ocr_carea' id='block_1_75' title="bbox 1863 3546 3426 3616">
    <p class='ocr_par' dir='ltr' id='par_1_75' title="bbox 1863 3546 3426 3616">
     <span class='ocr_line' id='line_1_75' title="bbox 1863 3546 3426 3616; baseline 0.003 -18"><span class='ocrx_word' id='word_1_568' title='bbox 1863 3561 1967 3599; x_wconf 92' lang='lat' dir='ltr'><strong>non</strong></span> <span class='ocrx_word' id='word_1_569' title='bbox 2004 3555 2250 3615; x_wconf 81' lang='lat' dir='ltr'><strong>possunt.</strong></span> <span class='ocrx_word' id='word_1_570' title='bbox 2282 3559 2456 3613; x_wconf 89' lang='lat' dir='ltr'><strong>neque</strong></span> <span class='ocrx_word' id='word_1_571' title='bbox 2488 3546 2768 3613; x_wconf 89' lang='lat' dir='ltr'><strong>corruptio</strong></span> <span class='ocrx_word' id='word_1_572' title='bbox 2798 3546 3220 3614; x_wconf 87' lang='lat' dir='ltr'><strong>incorruptelam</strong></span> <span class='ocrx_word' id='word_1_573' title='bbox 3252 3550 3426 3616; x_wconf 72' lang='lat' dir='ltr'><strong>possi-</strong></span> 
     </span>
    </p>
   </div>
   <div class='ocr_carea' id='block_1_76' title="bbox 1862 3632 3427 3702">
    <p class='ocr_par' dir='ltr' id='par_1_76' title="bbox 1862 3632 3427 3702">
     <span class='ocr_line' id='line_1_76' title="bbox 1862 3632 3427 3702; baseline -0.001 -13"><span class='ocrx_word' id='word_1_574' title='bbox 1862 3635 2009 3689; x_wconf 87' lang='lat' dir='ltr'><strong>debit</strong></span> <span class='ocrx_word' id='word_1_575' title='bbox 2038 3634 2102 3685; x_wconf 76' lang='grc'>⁸⁸.</span> <span class='ocrx_word' id='word_1_576' title='bbox 2129 3652 2152 3685; x_wconf 69' lang='grc' dir='ltr'><strong>ι</strong></span> <span class='ocrx_word' id='word_1_577' title='bbox 2180 3632 2473 3702; x_wconf 78' lang='lat' dir='ltr'><strong>Subjungit</strong></span> <span class='ocrx_word' id='word_1_578' title='bbox 2524 3633 2732 3701; x_wconf 85' lang='lat' dir='ltr'><strong>reliqua</strong></span> <span class='ocrx_word' id='word_1_579' title='bbox 2762 3650 2775 3687; x_wconf 88' lang='lat'><strong><em>:</em></strong></span> <span class='ocrx_word' id='word_1_580' title='bbox 2807 3652 2827 3684; x_wconf 78' lang='grc' dir='ltr'><strong>ι</strong></span> <span class='ocrx_word' id='word_1_581' title='bbox 2867 3633 3037 3686; x_wconf 85' lang='lat' dir='ltr'><strong>Canet</strong></span> <span class='ocrx_word' id='word_1_582' title='bbox 3090 3634 3233 3686; x_wconf 89' lang='lat' dir='ltr'><strong>enim</strong></span> <span class='ocrx_word' id='word_1_583' title='bbox 3274 3636 3427 3699; x_wconf 80' lang='lat' dir='ltr'><strong>tuba,</strong></span> 
     </span>
    </p>
   </div>
   <div class='ocr_carea' id='block_1_77' title="bbox 1863 3724 3429 3793">
    <p class='ocr_par' dir='ltr' id='par_1_77' title="bbox 1863 3724 3429 3793">
     <span class='ocr_line' id='line_1_77' title="bbox 1863 3724 3429 3793; baseline 0.001 -14"><span class='ocrx_word' id='word_1_584' title='bbox 1863 3734 1918 3779; x_wconf 90' lang='lat' dir='ltr'><strong>et</strong></span> <span class='ocrx_word' id='word_1_585' title='bbox 1946 3725 2148 3779; x_wconf 85' lang='lat' dir='ltr'><strong>mortui</strong></span> <span class='ocrx_word' id='word_1_586' title='bbox 2183 3732 2467 3792; x_wconf 79' lang='lat' dir='ltr'><strong>resurgent</strong></span> <span class='ocrx_word' id='word_1_587' title='bbox 2524 3724 2843 3793; x_wconf 76' lang='lat' dir='ltr'><strong>incorrupti,</strong></span> <span class='ocrx_word' id='word_1_588' title='bbox 2880 3734 2936 3779; x_wconf 86' lang='lat' dir='ltr'><strong>et</strong></span> <span class='ocrx_word' id='word_1_589' title='bbox 2987 3739 3082 3778; x_wconf 89' lang='lat' dir='ltr'><strong>nos</strong></span> <span class='ocrx_word' id='word_1_590' title='bbox 3117 3726 3429 3780; x_wconf 85' lang='lat' dir='ltr'><strong>immutabi-</strong></span> 
     </span>
    </p>
   </div>
   <div class='ocr_carea' id='block_1_78' title="bbox 1864 3814 3430 3885">
    <p class='ocr_par' dir='ltr' id='par_1_78' title="bbox 1864 3814 3430 3885">
     <span class='ocr_line' id='line_1_78' title="bbox 1864 3814 3430 3885; baseline 0.001 -16"><span class='ocrx_word' id='word_1_591' title='bbox 1864 3832 2001 3870; x_wconf 86' lang='lat' dir='ltr'><strong>mur.</strong></span> <span class='ocrx_word' id='word_1_592' title='bbox 2024 3816 2246 3884; x_wconf 89' lang='lat' dir='ltr'><strong>Oportet</strong></span> <span class='ocrx_word' id='word_1_593' title='bbox 2274 3814 2418 3868; x_wconf 90' lang='lat' dir='ltr'><strong>enim</strong></span> <span class='ocrx_word' id='word_1_594' title='bbox 2471 3817 2820 3885; x_wconf 80' lang='lat' dir='ltr'><strong>corruptibile</strong></span> <span class='ocrx_word' id='word_1_595' title='bbox 2852 3816 2952 3870; x_wconf 91' lang='lat' dir='ltr'><strong>hoc</strong></span> <span class='ocrx_word' id='word_1_596' title='bbox 2999 3816 3221 3870; x_wconf 85' lang='lat' dir='ltr'><strong>induere</strong></span> <span class='ocrx_word' id='word_1_597' title='bbox 3250 3818 3430 3870; x_wconf 81' lang='lat' dir='ltr'><strong>inror-</strong></span> 
     </span>
    </p>
   </div>
   <div class='ocr_carea' id='block_1_79' title="bbox 1866 3906 3432 3975">
    <p class='ocr_par' dir='ltr' id='par_1_79' title="bbox 1866 3906 3432 3975">
     <span class='ocr_line' id='line_1_79' title="bbox 1866 3906 3432 3975; baseline 0.001 -14"><span class='ocrx_word' id='word_1_598' title='bbox 1866 3910 2192 3975; x_wconf 87' lang='lat' dir='ltr'><strong>ruptionem,</strong></span> <span class='ocrx_word' id='word_1_599' title='bbox 2238 3918 2294 3962; x_wconf 90' lang='lat' dir='ltr'><strong>et</strong></span> <span class='ocrx_word' id='word_1_600' title='bbox 2362 3907 2588 3961; x_wconf 88' lang='lat' dir='ltr'><strong>mortale</strong></span> <span class='ocrx_word' id='word_1_601' title='bbox 2634 3906 2732 3961; x_wconf 90' lang='lat' dir='ltr'><strong>hoc</strong></span> <span class='ocrx_word' id='word_1_602' title='bbox 2769 3907 2995 3960; x_wconf 85' lang='lat' dir='ltr'><strong>induere</strong></span> <span class='ocrx_word' id='word_1_603' title='bbox 3055 3906 3432 3962; x_wconf 79' lang='lat' dir='ltr'><strong>immortalita-</strong></span> 
     </span>
    </p>
   </div>
   <div class='ocr_carea' id='block_1_80' title="bbox 1866 3997 3429 4052">
    <p class='ocr_par' dir='ltr' id='par_1_80' title="bbox 1866 3997 3429 4052">
     <span class='ocr_line' id='line_1_80' title="bbox 1866 3997 3429 4052; baseline -0.001 -1"><span class='ocrx_word' id='word_1_604' title='bbox 1866 3998 2062 4051; x_wconf 71' lang='lat' dir='ltr'><strong>tem”.</strong></span> <span class='ocrx_word' id='word_1_605' title='bbox 2116 4017 2133 4049; x_wconf 86' lang='grc'><strong>›</strong></span> <span class='ocrx_word' id='word_1_606' title='bbox 2200 3998 2412 4052; x_wconf 78' lang='lat' dir='ltr'><strong>Primus</strong></span> <span class='ocrx_word' id='word_1_607' title='bbox 2480 4000 2640 4051; x_wconf 89' lang='lat' dir='ltr'><strong>homo</strong></span> <span class='ocrx_word' id='word_1_608' title='bbox 2704 3997 2881 4050; x_wconf 83' lang='lat' dir='ltr'><strong>factus</strong></span> <span class='ocrx_word' id='word_1_609' title='bbox 2941 4006 3023 4051; x_wconf 84' lang='lat' dir='ltr'><strong>est</strong></span> <span class='ocrx_word' id='word_1_610' title='bbox 3078 3998 3128 4051; x_wconf 93' lang='lat' dir='ltr'><strong>in</strong></span> <span class='ocrx_word' id='word_1_611' title='bbox 3196 3998 3429 4052; x_wconf 72' lang='lat' dir='ltr'><strong>animum</strong></span> 
     </span>
    </p>
   </div>
   <div class='ocr_carea' id='block_1_81' title="bbox 1864 4089 3438 4159">
    <p class='ocr_par' dir='ltr' id='par_1_81' title="bbox 1864 4089 3438 4159">
     <span class='ocr_line' id='line_1_81' title="bbox 1864 4089 3438 4159; baseline 0 -16"><span class='ocrx_word' id='word_1_612' title='bbox 1864 4092 2134 4144; x_wconf 81' lang='lat' dir='ltr'><strong>virentem</strong></span> <span class='ocrx_word' id='word_1_613' title='bbox 2166 4109 2178 4143; x_wconf 89' lang='lat'><strong>:</strong></span> <span class='ocrx_word' id='word_1_614' title='bbox 2209 4091 2403 4158; x_wconf 87' lang='lat' dir='ltr'><strong>egebat</strong></span> <span class='ocrx_word' id='word_1_615' title='bbox 2440 4090 2584 4143; x_wconf 89' lang='lat' dir='ltr'><strong>enim</strong></span> <span class='ocrx_word' id='word_1_616' title='bbox 2629 4128 2645 4153; x_wconf 90' lang='lat'><strong>,</strong></span> <span class='ocrx_word' id='word_1_617' title='bbox 2685 4099 2938 4155; x_wconf 81' lang='lat' dir='ltr'><strong>tanquam</strong></span> <span class='ocrx_word' id='word_1_618' title='bbox 2964 4091 3296 4159; x_wconf 81' lang='lat' dir='ltr'><strong>ﬁgmentum,</strong></span> <span class='ocrx_word' id='word_1_619' title='bbox 3329 4089 3438 4143; x_wconf 80' lang='lat' dir='ltr'><strong>Deo</strong></span> 
     </span>
    </p>
   </div>
   <div class='ocr_carea' id='block_1_82' title="bbox 1868 4179 3435 4245">
    <p class='ocr_par' dir='ltr' id='par_1_82' title="bbox 1868 4179 3435 4245">
     <span class='ocr_line' id='line_1_82' title="bbox 1868 4179 3435 4245; baseline 0.001 -13"><span class='ocrx_word' id='word_1_620' title='bbox 1868 4179 2195 4236; x_wconf 81' lang='lat' dir='ltr'><strong>viviﬁcante.</strong></span> <span class='ocrx_word' id='word_1_621' title='bbox 2248 4180 2315 4233; x_wconf 85' lang='lat' dir='ltr'><strong>At</strong></span> <span class='ocrx_word' id='word_1_622' title='bbox 2376 4193 2506 4233; x_wconf 87' lang='lat' dir='ltr'><strong>vero</strong></span> <span class='ocrx_word' id='word_1_623' title='bbox 2558 4179 2890 4234; x_wconf 79' lang='lat' dir='ltr'><strong>novissimus</strong></span> <span class='ocrx_word' id='word_1_624' title='bbox 2940 4180 3137 4245; x_wconf 77' lang='lat' dir='ltr'><strong>Adam,</strong></span> <span class='ocrx_word' id='word_1_625' title='bbox 3200 4180 3299 4233; x_wconf 83' lang='lat' dir='ltr'><strong>hoc</strong></span> <span class='ocrx_word' id='word_1_626' title='bbox 3353 4189 3435 4234; x_wconf 79' lang='lat' dir='ltr'><strong>est</strong></span> 
     </span>
    </p>
   </div>
   <div class='ocr_carea' id='block_1_83' title="bbox 1868 4272 3432 4341">
    <p class='ocr_par' dir='ltr' id='par_1_83' title="bbox 1868 4272 3432 4341">
     <span class='ocr_line' id='line_1_83' title="bbox 1868 4272 3432 4341; baseline -0.004 -15"><span class='ocrx_word' id='word_1_627' title='bbox 1868 4273 2135 4336; x_wconf 88' lang='lat' dir='ltr'><strong>Christus,</strong></span> <span class='ocrx_word' id='word_1_628' title='bbox 2164 4275 2324 4341; x_wconf 84' lang='lat' dir='ltr'><strong>quod,</strong></span> <span class='ocrx_word' id='word_1_629' title='bbox 2358 4283 2415 4327; x_wconf 89' lang='lat' dir='ltr'><strong>ut</strong></span> <span class='ocrx_word' id='word_1_630' title='bbox 2440 4274 2599 4338; x_wconf 89' lang='lat' dir='ltr'><strong>Dens,</strong></span> <span class='ocrx_word' id='word_1_631' title='bbox 2623 4274 2729 4326; x_wconf 84' lang='lat' dir='ltr'><strong>vita</strong></span> <span class='ocrx_word' id='word_1_632' title='bbox 2758 4282 2975 4326; x_wconf 79' lang='lat' dir='ltr'><strong>externa</strong></span> <span class='ocrx_word' id='word_1_633' title='bbox 3015 4286 3119 4325; x_wconf 90' lang='lat' dir='ltr'><strong>non</strong></span> <span class='ocrx_word' id='word_1_634' title='bbox 3152 4272 3432 4339; x_wconf 80' lang='lat' dir='ltr'><strong>indigeret,</strong></span> 
     </span>
    </p>
   </div>
   <div class='ocr_carea' id='block_1_84' title="bbox 1877 4362 3433 4432">
    <p class='ocr_par' dir='ltr' id='par_1_84' title="bbox 1877 4362 3433 4432">
     <span class='ocr_line' id='line_1_84' title="bbox 1877 4362 3433 4432; baseline -0.002 -14"><span class='ocrx_word' id='word_1_635' title='bbox 1877 4362 2109 4431; x_wconf 83' lang='lat' dir='ltr'><strong>Spiritus</strong></span> <span class='ocrx_word' id='word_1_636' title='bbox 2155 4363 2271 4429; x_wconf 81' lang='lat' dir='ltr'><strong>fuit,</strong></span> <span class='ocrx_word' id='word_1_637' title='bbox 2299 4365 2389 4432; x_wconf 91' lang='lat' dir='ltr'><strong>qui</strong></span> <span class='ocrx_word' id='word_1_638' title='bbox 2445 4364 2608 4417; x_wconf 84' lang='lat' dir='ltr'><strong>vitam</strong></span> <span class='ocrx_word' id='word_1_639' title='bbox 2650 4364 2702 4416; x_wconf 91' lang='lat' dir='ltr'><strong>in</strong></span> <span class='ocrx_word' id='word_1_640' title='bbox 2746 4378 2845 4418; x_wconf 84' lang='lat' dir='ltr'><strong>nos</strong></span> <span class='ocrx_word' id='word_1_641' title='bbox 2896 4362 3240 4416; x_wconf 81' lang='lat' dir='ltr'><strong>transfundit.</strong></span> <span class='ocrx_word' id='word_1_642' title='bbox 3274 4364 3433 4431; x_wconf 82' lang='lat' dir='ltr'><strong>Atqui</strong></span> 
     </span>
    </p>
   </div>
   <div class='ocr_carea' id='block_1_85' title="bbox 171 4450 1757 4526">
    <p class='ocr_par' dir='ltr' id='par_1_85' title="bbox 171 4450 1757 4526">
     <span class='ocr_line' id='line_1_85' title="bbox 171 4450 1757 4526; baseline -0.004 -18"><span class='ocrx_word' id='word_1_643' title='bbox 171 4458 333 4526; x_wconf 71' lang='grc' dir='ltr'>ὅπερ</span> <span class='ocrx_word' id='word_1_644' title='bbox 382 4456 499 4508; x_wconf 78' lang='grc' dir='ltr'><strong>ἐστί</strong></span> <span class='ocrx_word' id='word_1_645' title='bbox 531 4454 681 4517; x_wconf 88' lang='grc' dir='ltr'>θείας</span> <span class='ocrx_word' id='word_1_646' title='bbox 725 4453 942 4522; x_wconf 77' lang='grc' dir='ltr'>φύσεως</span> <span class='ocrx_word' id='word_1_647' title='bbox 978 4452 1107 4505; x_wconf 73' lang='grc' dir='ltr'>ἴδιον</span> <span class='ocrx_word' id='word_1_648' title='bbox 1143 4450 1539 4520; x_wconf 81' lang='grc' dir='ltr'>πλεονέκτημα.</span> <span class='ocrx_word' id='word_1_649' title='bbox 1584 4450 1691 4503; x_wconf 69' lang='grc' dir='ltr'>Καὶ</span> <span class='ocrx_word' id='word_1_650' title='bbox 1735 4451 1757 4502; x_wconf 89' lang='lat'><strong>6</strong></span> 
     </span>
    </p>
   </div>
   <div class='ocr_carea' id='block_1_86' title="bbox 1860 4450 3437 4526">
    <p class='ocr_par' dir='ltr' id='par_1_86' title="bbox 1870 4452 3437 4524">
     <span class='ocr_line' id='line_1_86' title="bbox 1870 4452 3437 4524; baseline 0 -19"><span class='ocrx_word' id='word_1_651' title='bbox 1870 4455 2171 4509; x_wconf 78' lang='lat' dir='ltr'><strong>viviﬁcandi</strong></span> <span class='ocrx_word' id='word_1_652' title='bbox 2205 4452 2432 4508; x_wconf 76' lang='lat' dir='ltr'><strong>facultas</strong></span> <span class='ocrx_word' id='word_1_653' title='bbox 2473 4457 2688 4524; x_wconf 82' lang='lat' dir='ltr'><strong>propria</strong></span> <span class='ocrx_word' id='word_1_654' title='bbox 2736 4463 2822 4508; x_wconf 86' lang='lat' dir='ltr'><strong>est</strong></span> <span class='ocrx_word' id='word_1_655' title='bbox 2854 4454 3048 4507; x_wconf 67' lang='lat' dir='ltr'><strong>divinae</strong></span> <span class='ocrx_word' id='word_1_656' title='bbox 3075 4465 3279 4507; x_wconf 75' lang='lat' dir='ltr'><strong>naturae</strong></span> <span class='ocrx_word' id='word_1_657' title='bbox 3312 4468 3437 4517; x_wconf 62' lang='lat' dir='ltr'><strong>pos-</strong></span> 
     </span>
    </p>
   </div>
   <div class='ocr_carea' id='block_1_87' title="bbox 193 4540 1757 4619">
    <p class='ocr_par' dir='ltr' id='par_1_87' title="bbox 193 4540 1757 4619">
     <span class='ocr_line' id='line_1_87' title="bbox 193 4540 1757 4619; baseline -0.004 -21"><span class='ocrx_word' id='word_1_658' title='bbox 193 4548 294 4619; x_wconf 83' lang='grc' dir='ltr'><strong>μὲν</strong></span> <span class='ocrx_word' id='word_1_659' title='bbox 328 4546 543 4616; x_wconf 82' lang='grc' dir='ltr'>πρῶτος</span> <span class='ocrx_word' id='word_1_660' title='bbox 574 4547 637 4598; x_wconf 86' lang='grc' dir='ltr'>ὲκ</span> <span class='ocrx_word' id='word_1_661' title='bbox 666 4544 803 4614; x_wconf 82' lang='grc' dir='ltr'>γῆς,</span> <span class='ocrx_word' id='word_1_662' title='bbox 840 4544 1051 4613; x_wconf 80' lang='grc' dir='ltr'>χοϊκός·</span> <span class='ocrx_word' id='word_1_663' title='bbox 1089 4544 1116 4595; x_wconf 91' lang='lat'><strong>6</strong></span> <span class='ocrx_word' id='word_1_664' title='bbox 1150 4541 1399 4613; x_wconf 76' lang='grc' dir='ltr'>δεύτερος</span> <span class='ocrx_word' id='word_1_665' title='bbox 1430 4542 1485 4593; x_wconf 83' lang='grc' dir='ltr'>δὲ</span> <span class='ocrx_word' id='word_1_666' title='bbox 1514 4540 1572 4606; x_wconf 75' lang='grc' dir='ltr'><strong>ἐξ</strong></span> <span class='ocrx_word' id='word_1_667' title='bbox 1599 4540 1757 4610; x_wconf 85' lang='grc' dir='ltr'>οὐρα-</span> 
     </span>
    </p>
   </div>
   <div class='ocr_carea' id='block_1_88' title="bbox 193 4632 1761 4707">
    <p class='ocr_par' dir='ltr' id='par_1_88' title="bbox 193 4632 1761 4707">
     <span class='ocr_line' id='line_1_88' title="bbox 193 4632 1761 4707; baseline -0.004 -17"><span class='ocrx_word' id='word_1_668' title='bbox 193 4636 311 4700; x_wconf 86' lang='grc' dir='ltr'>νοῦ,</span> <span class='ocrx_word' id='word_1_669' title='bbox 360 4636 537 4689; x_wconf 86' lang='grc' dir='ltr'>καίτοι</span> <span class='ocrx_word' id='word_1_670' title='bbox 570 4635 853 4707; x_wconf 73' lang='grc' dir='ltr'>γεννηθεὶς</span> <span class='ocrx_word' id='word_1_671' title='bbox 900 4634 985 4688; x_wconf 80' lang='grc' dir='ltr'><strong>διὰ</strong></span> <span class='ocrx_word' id='word_1_672' title='bbox 1017 4634 1289 4702; x_wconf 81' lang='grc' dir='ltr'>γυναικός.</span> <span class='ocrx_word' id='word_1_673' title='bbox 1332 4633 1391 4686; x_wconf 84' lang='grc'><strong>’0</strong></span> <span class='ocrx_word' id='word_1_674' title='bbox 1417 4632 1523 4703; x_wconf 82' lang='grc' dir='ltr'>γὰρ</span> <span class='ocrx_word' id='word_1_675' title='bbox 1556 4632 1761 4685; x_wconf 86' lang='grc' dir='ltr'>ἄνωθεν</span> 
     </span>
    </p>
   </div>
   <div class='ocr_carea' id='block_1_89' title="bbox 190 4720 1760 4798">
    <p class='ocr_par' dir='ltr' id='par_1_89' title="bbox 190 4720 1760 4798">
     <span class='ocr_line' id='line_1_89' title="bbox 190 4720 1760 4798; baseline -0.004 -17"><span class='ocrx_word' id='word_1_676' title='bbox 190 4720 289 4783; x_wconf 71' lang='grc' dir='ltr'>καὶ</span> <span class='ocrx_word' id='word_1_677' title='bbox 324 4728 383 4793; x_wconf 80' lang='grc' dir='ltr'><strong>ἐξ</strong></span> <span class='ocrx_word' id='word_1_678' title='bbox 409 4727 639 4798; x_wconf 68' lang='grc' dir='ltr'>οὐρανοῦ</span> <span class='ocrx_word' id='word_1_679' title='bbox 666 4769 680 4791; x_wconf 94' lang='grc'><strong>,</strong></span> <span class='ocrx_word' id='word_1_680' title='bbox 714 4727 808 4780; x_wconf 74' lang='grc' dir='ltr'>καὶ</span> <span class='ocrx_word' id='word_1_681' title='bbox 835 4728 898 4779; x_wconf 83' lang='grc' dir='ltr'><strong>ἐκ</strong></span> <span class='ocrx_word' id='word_1_682' title='bbox 942 4726 1075 4779; x_wconf 85' lang='grc' dir='ltr'>Θεοῦ</span> <span class='ocrx_word' id='word_1_683' title='bbox 1106 4725 1318 4796; x_wconf 73' lang='grc' dir='ltr'>Πατρός</span> <span class='ocrx_word' id='word_1_684' title='bbox 1348 4725 1539 4791; x_wconf 82' lang='grc' dir='ltr'>Λόγος,</span> <span class='ocrx_word' id='word_1_685' title='bbox 1576 4723 1679 4777; x_wconf 79' lang='grc' dir='ltr'><strong>κᾶν</strong></span> <span class='ocrx_word' id='word_1_686' title='bbox 1711 4725 1760 4775; x_wconf 81' lang='grc' dir='ltr'><strong>εἰ</strong></span> 
     </span>
    </p>
   </div>
   <div class='ocr_carea' id='block_1_90' title="bbox 190 4811 1762 4887">
    <p class='ocr_par' dir='ltr' id='par_1_90' title="bbox 190 4811 1762 4887">
     <span class='ocr_line' id='line_1_90' title="bbox 190 4811 1762 4887; baseline -0.004 -15"><span class='ocrx_word' id='word_1_687' title='bbox 190 4820 413 4887; x_wconf 83' lang='grc' dir='ltr'>γέγονεν</span> <span class='ocrx_word' id='word_1_688' title='bbox 464 4816 746 4886; x_wconf 87' lang='grc' dir='ltr'>ἄνθρωπος</span> <span class='ocrx_word' id='word_1_689' title='bbox 772 4858 787 4881; x_wconf 93' lang='grc'><strong>,</strong></span> <span class='ocrx_word' id='word_1_690' title='bbox 818 4816 931 4869; x_wconf 83' lang='grc' dir='ltr'><strong>ἀλλ’</strong></span> <span class='ocrx_word' id='word_1_691' title='bbox 967 4815 1116 4868; x_wconf 73' lang='grc' dir='ltr'>οὐδὲν</span> <span class='ocrx_word' id='word_1_692' title='bbox 1143 4811 1303 4886; x_wconf 75' lang='grc' dir='ltr'>ἧττόν</span> <span class='ocrx_word' id='word_1_693' title='bbox 1330 4816 1474 4866; x_wconf 77' lang='grc' dir='ltr'>ἐστιν</span> <span class='ocrx_word' id='word_1_694' title='bbox 1505 4813 1563 4879; x_wconf 82' lang='grc' dir='ltr'><strong>ἐξ</strong></span> <span class='ocrx_word' id='word_1_695' title='bbox 1597 4814 1762 4883; x_wconf 83' lang='grc' dir='ltr'>οὐρα-</span> 
     </span>
    </p>
   </div>
   <div class='ocr_carea' id='block_1_91' title="bbox 191 4903 1765 4977">
    <p class='ocr_par' dir='ltr' id='par_1_91' title="bbox 191 4903 1765 4977">
     <span class='ocr_line' id='line_1_91' title="bbox 191 4903 1765 4977; baseline -0.004 -15"><span class='ocrx_word' id='word_1_696' title='bbox 191 4909 306 4963; x_wconf 86' lang='grc' dir='ltr'>νοῦ.</span> <span class='ocrx_word' id='word_1_697' title='bbox 352 4909 462 4963; x_wconf 76' lang='grc' dir='ltr'><strong>Καὶ</strong></span> <span class='ocrx_word' id='word_1_698' title='bbox 506 4910 553 4960; x_wconf 85' lang='grc' dir='ltr'><strong>εἰ</strong></span> <span class='ocrx_word' id='word_1_699' title='bbox 600 4907 776 4977; x_wconf 70' lang='grc' dir='ltr'>φθορᾷ</span> <span class='ocrx_word' id='word_1_700' title='bbox 823 4908 912 4961; x_wconf 74' lang='grc' dir='ltr'><strong>καὶ</strong></span> <span class='ocrx_word' id='word_1_701' title='bbox 960 4906 1173 4976; x_wconf 81' lang='grc' dir='ltr'>θανάτῳ</span> <span class='ocrx_word' id='word_1_702' title='bbox 1205 4906 1637 4976; x_wconf 81' lang='grc' dir='ltr'>κατεσχημένοι,</span> <span class='ocrx_word' id='word_1_703' title='bbox 1668 4903 1765 4973; x_wconf 79' lang='grc' dir='ltr'><strong>τὴν</strong></span> 
     </span>
    </p>
   </div>
   <div class='ocr_carea' id='block_1_92' title="bbox 193 4996 1765 5068">
    <p class='ocr_par' dir='ltr' id='par_1_92' title="bbox 193 4996 1765 5068">
     <span class='ocr_line' id='line_1_92' title="bbox 193 4996 1765 5068; baseline -0.004 -15"><span class='ocrx_word' id='word_1_704' title='bbox 193 5001 379 5053; x_wconf 89' lang='grc' dir='ltr'>εἰκόνα</span> <span class='ocrx_word' id='word_1_705' title='bbox 407 4998 501 5052; x_wconf 92' lang='grc' dir='ltr'><strong>τοῦ</strong></span> <span class='ocrx_word' id='word_1_706' title='bbox 532 4997 714 5068; x_wconf 87' lang='grc' dir='ltr'>χοϊκοῦ</span> <span class='ocrx_word' id='word_1_707' title='bbox 751 4998 837 5051; x_wconf 73' lang='grc' dir='ltr'><strong>διὰ</strong></span> <span class='ocrx_word' id='word_1_708' title='bbox 868 4998 1026 5051; x_wconf 84' lang='grc' dir='ltr'>τοῦτο</span> <span class='ocrx_word' id='word_1_709' title='bbox 1062 4998 1287 5065; x_wconf 80' lang='grc' dir='ltr'>φορέσαι</span> <span class='ocrx_word' id='word_1_710' title='bbox 1331 4996 1603 5065; x_wconf 84' lang='grc' dir='ltr'>λεγόμεθα</span> <span class='ocrx_word' id='word_1_711' title='bbox 1624 5008 1637 5021; x_wconf 81' lang='grc'><strong><em>⁸</em></strong></span> <span class='ocrx_word' id='word_1_712' title='bbox 1668 4996 1765 5065; x_wconf 74' lang='grc' dir='ltr'><strong>τὴν</strong></span> 
     </span>
    </p>
   </div>
   <div class='ocr_carea' id='block_1_93' title="bbox 196 5087 1763 5162">
    <p class='ocr_par' dir='ltr' id='par_1_93' title="bbox 196 5087 1763 5162">
     <span class='ocr_line' id='line_1_93' title="bbox 196 5087 1763 5162; baseline -0.005 -17"><span class='ocrx_word' id='word_1_713' title='bbox 196 5091 505 5162; x_wconf 82' lang='grc' dir='ltr'>ἀφθαρσίαν</span> <span class='ocrx_word' id='word_1_714' title='bbox 540 5089 915 5158; x_wconf 71' lang='grc' dir='ltr'>ἐνδυσάμενοι,</span> <span class='ocrx_word' id='word_1_715' title='bbox 952 5092 1049 5160; x_wconf 79' lang='grc' dir='ltr'>τὴν</span> <span class='ocrx_word' id='word_1_716' title='bbox 1080 5090 1264 5141; x_wconf 81' lang='grc' dir='ltr'>εἰκόνα</span> <span class='ocrx_word' id='word_1_717' title='bbox 1311 5087 1403 5140; x_wconf 86' lang='grc' dir='ltr'><strong>τοῦ</strong></span> <span class='ocrx_word' id='word_1_718' title='bbox 1438 5087 1763 5156; x_wconf 76' lang='grc' dir='ltr'>ἐπουρανίου</span> 
     </span>
    </p>
   </div>
   <div class='ocr_carea' id='block_1_94' title="bbox 198 5177 1766 5255">
    <p class='ocr_par' dir='ltr' id='par_1_94' title="bbox 198 5177 1766 5255">
     <span class='ocr_line' id='line_1_94' title="bbox 198 5177 1766 5255; baseline -0.007 -17"><span class='ocrx_word' id='word_1_719' title='bbox 198 5185 522 5255; x_wconf 80' lang='grc' dir='ltr'>φορέσομεν.</span> <span class='ocrx_word' id='word_1_720' title='bbox 590 5180 894 5250; x_wconf 79' lang='grc' dir='ltr'>’Λφθαρσὶα</span> <span class='ocrx_word' id='word_1_721' title='bbox 938 5180 992 5231; x_wconf 82' lang='grc' dir='ltr'><strong>δὲ</strong></span> <span class='ocrx_word' id='word_1_722' title='bbox 1040 5180 1199 5232; x_wconf 77' lang='grc' dir='ltr'>πάλιν</span> <span class='ocrx_word' id='word_1_723' title='bbox 1238 5179 1376 5231; x_wconf 75' lang='grc' dir='ltr'>’ἴδιον</span> <span class='ocrx_word' id='word_1_724' title='bbox 1421 5179 1623 5245; x_wconf 85' lang='grc' dir='ltr'>ἀγαθὸν</span> <span class='ocrx_word' id='word_1_725' title='bbox 1668 5177 1766 5245; x_wconf 76' lang='grc' dir='ltr'>τῆς</span> 
     </span>
    </p>
   </div>
   <div class='ocr_carea' id='block_1_95' title="bbox 199 5270 1762 5343">
    <p class='ocr_par' dir='ltr' id='par_1_95' title="bbox 199 5270 1762 5343">
     <span class='ocr_line' id='line_1_95' title="bbox 199 5270 1762 5343; baseline -0.006 -14"><span class='ocrx_word' id='word_1_726' title='bbox 199 5277 338 5330; x_wconf 72' lang='grc' dir='ltr'>κατὰ</span> <span class='ocrx_word' id='word_1_727' title='bbox 384 5274 546 5342; x_wconf 71' lang='grc' dir='ltr'>φύσιν</span> <span class='ocrx_word' id='word_1_728' title='bbox 597 5272 881 5343; x_wconf 48' lang='grc' dir='ltr'>θεότητος</span> <span class='ocrx_word' id='word_1_729' title='bbox 923 5272 1280 5324; x_wconf 75' lang='grc' dir='ltr'>ἀλλάσσονται</span> <span class='ocrx_word' id='word_1_730' title='bbox 1317 5272 1425 5339; x_wconf 77' lang='grc' dir='ltr'><strong>γὰρ</strong></span> <span class='ocrx_word' id='word_1_731' title='bbox 1471 5271 1519 5321; x_wconf 84' lang='grc' dir='ltr'>οἱ</span> <span class='ocrx_word' id='word_1_732' title='bbox 1556 5270 1762 5338; x_wconf 68' lang='grc' dir='ltr'>νεκροὶ,</span> 
     </span>
    </p>
   </div>
   <div class='ocr_carea' id='block_1_96' title="bbox 194 5362 1765 5437">
    <p class='ocr_par' dir='ltr' id='par_1_96' title="bbox 194 5362 1765 5437">
     <span class='ocr_line' id='line_1_96' title="bbox 194 5362 1765 5437; baseline -0.008 -14"><span class='ocrx_word' id='word_1_733' title='bbox 194 5370 290 5423; x_wconf 76' lang='grc' dir='ltr'><strong>καὶ</strong></span> <span class='ocrx_word' id='word_1_734' title='bbox 319 5368 380 5421; x_wconf 83' lang='grc' dir='ltr'><strong>τὸ</strong></span> <span class='ocrx_word' id='word_1_735' title='bbox 404 5366 640 5437; x_wconf 80' lang='grc' dir='ltr'>φθαρτόν</span> <span class='ocrx_word' id='word_1_736' title='bbox 668 5365 1028 5434; x_wconf 78' lang='grc' dir='ltr'>ἀμφιέννυται</span> <span class='ocrx_word' id='word_1_737' title='bbox 1062 5366 1158 5434; x_wconf 75' lang='grc' dir='ltr'>τὴν</span> <span class='ocrx_word' id='word_1_738' title='bbox 1189 5362 1515 5431; x_wconf 69' lang='grc' dir='ltr'>ἀφθαρσίαν,</span> <span class='ocrx_word' id='word_1_739' title='bbox 1550 5362 1765 5428; x_wconf 80' lang='grc' dir='ltr'>γεγονό-</span> 
     </span>
    </p>
   </div>
   <div class='ocr_carea' id='block_1_97' title="bbox 1866 4546 3411 4615">
    <p class='ocr_par' dir='ltr' id='par_1_97' title="bbox 1866 4546 3411 4615">
     <span class='ocr_line' id='line_1_97' title="bbox 1866 4546 3411 4615; baseline -0.002 -15"><span class='ocrx_word' id='word_1_740' title='bbox 1866 4547 2059 4601; x_wconf 87' lang='lat' dir='ltr'><strong>scssio.</strong></span> <span class='ocrx_word' id='word_1_741' title='bbox 2093 4546 2159 4599; x_wconf 85' lang='lat' dir='ltr'><strong>Et</strong></span> <span class='ocrx_word' id='word_1_742' title='bbox 2189 4548 2399 4615; x_wconf 89' lang='lat' dir='ltr'><strong>primus</strong></span> <span class='ocrx_word' id='word_1_743' title='bbox 2423 4546 2636 4613; x_wconf 87' lang='lat' dir='ltr'><strong>quidem</strong></span> <span class='ocrx_word' id='word_1_744' title='bbox 2667 4546 2825 4597; x_wconf 84' lang='lat' dir='ltr'><strong>homo</strong></span> <span class='ocrx_word' id='word_1_745' title='bbox 2854 4546 2921 4597; x_wconf 91' lang='lat' dir='ltr'><strong>de</strong></span> <span class='ocrx_word' id='word_1_746' title='bbox 2955 4554 3096 4598; x_wconf 90' lang='lat' dir='ltr'><strong>terra</strong></span> <span class='ocrx_word' id='word_1_747' title='bbox 3129 4555 3247 4597; x_wconf 85' lang='lat' dir='ltr'><strong>erat</strong></span> <span class='ocrx_word' id='word_1_748' title='bbox 3268 4555 3411 4597; x_wconf 86' lang='lat' dir='ltr'><strong>terre</strong></span> 
     </span>
    </p>
   </div>
   <div class='ocr_carea' id='block_1_98' title="bbox 1870 4631 3439 4688">
    <p class='ocr_par' dir='ltr' id='par_1_98' title="bbox 1870 4631 3439 4688">
     <span class='ocr_line' id='line_1_98' title="bbox 1870 4631 3439 4688; baseline -0.001 -1"><span class='ocrx_word' id='word_1_749' title='bbox 1870 4650 1971 4687; x_wconf 91' lang='lat' dir='ltr'><strong>nus</strong></span> <span class='ocrx_word' id='word_1_750' title='bbox 2001 4650 2017 4688; x_wconf 73' lang='grc' dir='ltr'><strong>ι</strong></span> <span class='ocrx_word' id='word_1_751' title='bbox 2046 4633 2313 4687; x_wconf 83' lang='lat' dir='ltr'><strong>secundus</strong></span> <span class='ocrx_word' id='word_1_752' title='bbox 2340 4643 2515 4684; x_wconf 85' lang='lat' dir='ltr'><strong>autem</strong></span> <span class='ocrx_word' id='word_1_753' title='bbox 2544 4633 2667 4685; x_wconf 85' lang='lat' dir='ltr'><strong>licet</strong></span> <span class='ocrx_word' id='word_1_754' title='bbox 2701 4648 2764 4685; x_wconf 68' lang='lat' dir='ltr'><strong>ex</strong></span> <span class='ocrx_word' id='word_1_755' title='bbox 2798 4631 3023 4684; x_wconf 88' lang='lat' dir='ltr'><strong>muliere</strong></span> <span class='ocrx_word' id='word_1_756' title='bbox 3045 4640 3219 4683; x_wconf 89' lang='lat' dir='ltr'><strong>ortum</strong></span> <span class='ocrx_word' id='word_1_757' title='bbox 3259 4633 3439 4685; x_wconf 86' lang='lat' dir='ltr'><strong>trahe-</strong></span> 
     </span>
    </p>
   </div>
   <div class='ocr_carea' id='block_1_99' title="bbox 1872 4720 3436 4792">
    <p class='ocr_par' dir='ltr' id='par_1_99' title="bbox 1872 4720 3436 4792">
     <span class='ocr_line' id='line_1_99' title="bbox 1872 4720 3436 4792; baseline -0.001 -14"><span class='ocrx_word' id='word_1_758' title='bbox 1872 4734 1973 4786; x_wconf 89' lang='lat' dir='ltr'><strong>ret,</strong></span> <span class='ocrx_word' id='word_1_759' title='bbox 1998 4725 2063 4777; x_wconf 87' lang='lat' dir='ltr'><strong>de</strong></span> <span class='ocrx_word' id='word_1_760' title='bbox 2091 4724 2230 4778; x_wconf 62' lang='lat' dir='ltr'><strong>caelo</strong></span> <span class='ocrx_word' id='word_1_761' title='bbox 2261 4732 2504 4777; x_wconf 73' lang='lat' dir='ltr'><strong>venerat.</strong></span> <span class='ocrx_word' id='word_1_762' title='bbox 2540 4722 2797 4789; x_wconf 85' lang='lat' dir='ltr'><strong>Quamvis</strong></span> <span class='ocrx_word' id='word_1_763' title='bbox 2826 4724 2971 4775; x_wconf 84' lang='lat' dir='ltr'><strong>enim</strong></span> <span class='ocrx_word' id='word_1_764' title='bbox 3014 4720 3264 4787; x_wconf 80' lang='lat' dir='ltr'><strong>Verbum,</strong></span> <span class='ocrx_word' id='word_1_765' title='bbox 3294 4725 3436 4792; x_wconf 87' lang='lat' dir='ltr'><strong>quod</strong></span> 
     </span>
    </p>
   </div>
   <div class='ocr_carea' id='block_1_100' title="bbox 1872 4812 3441 4882">
    <p class='ocr_par' dir='ltr' id='par_1_100' title="bbox 1872 4812 3441 4882">
     <span class='ocr_line' id='line_1_100' title="bbox 1872 4812 3441 4882; baseline -0.001 -15"><span class='ocrx_word' id='word_1_766' title='bbox 1872 4815 1935 4868; x_wconf 93' lang='lat' dir='ltr'><strong>de</strong></span> <span class='ocrx_word' id='word_1_767' title='bbox 1965 4815 2235 4882; x_wconf 84' lang='lat' dir='ltr'><strong>supernis,</strong></span> <span class='ocrx_word' id='word_1_768' title='bbox 2274 4815 2375 4867; x_wconf 87' lang='lat' dir='ltr'><strong>hoc</strong></span> <span class='ocrx_word' id='word_1_769' title='bbox 2406 4823 2490 4867; x_wconf 90' lang='lat' dir='ltr'><strong>est</strong></span> <span class='ocrx_word' id='word_1_770' title='bbox 2516 4814 2581 4867; x_wconf 88' lang='lat' dir='ltr'><strong>de</strong></span> <span class='ocrx_word' id='word_1_771' title='bbox 2618 4814 2758 4869; x_wconf 76' lang='lat' dir='ltr'><strong>ccelo</strong></span> <span class='ocrx_word' id='word_1_772' title='bbox 2793 4824 2896 4876; x_wconf 85' lang='lat' dir='ltr'><strong>est,</strong></span> <span class='ocrx_word' id='word_1_773' title='bbox 2933 4823 2985 4866; x_wconf 91' lang='lat' dir='ltr'><strong>et</strong></span> <span class='ocrx_word' id='word_1_774' title='bbox 3016 4828 3081 4866; x_wconf 77' lang='lat' dir='ltr'><strong>ex</strong></span> <span class='ocrx_word' id='word_1_775' title='bbox 3126 4812 3234 4866; x_wconf 87' lang='lat' dir='ltr'><strong>Deo</strong></span> <span class='ocrx_word' id='word_1_776' title='bbox 3281 4812 3441 4866; x_wconf 73' lang='lat' dir='ltr'><strong>Patre</strong></span> 
     </span>
    </p>
   </div>
   <div class='ocr_carea' id='block_1_101' title="bbox 1874 4902 3445 4970">
    <p class='ocr_par' dir='ltr' id='par_1_101' title="bbox 1874 4902 3445 4970">
     <span class='ocr_line' id='line_1_101' title="bbox 1874 4902 3445 4970; baseline -0.001 -12"><span class='ocrx_word' id='word_1_777' title='bbox 1874 4916 2057 4958; x_wconf 84' lang='lat' dir='ltr'><strong>natum</strong></span> <span class='ocrx_word' id='word_1_778' title='bbox 2096 4914 2199 4969; x_wconf 89' lang='lat' dir='ltr'><strong>est,</strong></span> <span class='ocrx_word' id='word_1_779' title='bbox 2234 4906 2396 4959; x_wconf 90' lang='lat' dir='ltr'><strong>homo</strong></span> <span class='ocrx_word' id='word_1_780' title='bbox 2446 4902 2621 4958; x_wconf 78' lang='lat' dir='ltr'><strong>factus</strong></span> <span class='ocrx_word' id='word_1_781' title='bbox 2671 4906 2777 4970; x_wconf 85' lang='lat' dir='ltr'><strong>sit,</strong></span> <span class='ocrx_word' id='word_1_782' title='bbox 2811 4904 2979 4958; x_wconf 89' lang='lat' dir='ltr'><strong>nihilo</strong></span> <span class='ocrx_word' id='word_1_783' title='bbox 3028 4912 3214 4958; x_wconf 86' lang='lat' dir='ltr'><strong>tamen</strong></span> <span class='ocrx_word' id='word_1_784' title='bbox 3264 4906 3445 4958; x_wconf 80' lang='lat' dir='ltr'><strong>secius</strong></span> 
     </span>
    </p>
   </div>
   <div class='ocr_carea' id='block_1_102' title="bbox 1874 4996 3443 5064">
    <p class='ocr_par' dir='ltr' id='par_1_102' title="bbox 1874 4996 3443 5064">
     <span class='ocr_line' id='line_1_102' title="bbox 1874 4996 3443 5064; baseline 0.001 -17"><span class='ocrx_word' id='word_1_785' title='bbox 1874 4998 1939 5049; x_wconf 89' lang='lat' dir='ltr'><strong>de</strong></span> <span class='ocrx_word' id='word_1_786' title='bbox 1985 4997 2122 5051; x_wconf 71' lang='lat' dir='ltr'><strong>caelo</strong></span> <span class='ocrx_word' id='word_1_787' title='bbox 2169 5008 2272 5051; x_wconf 90' lang='lat' dir='ltr'><strong>est.</strong></span> <span class='ocrx_word' id='word_1_788' title='bbox 2322 4997 2553 5052; x_wconf 76' lang='lat' dir='ltr'><strong>ltursom</strong></span> <span class='ocrx_word' id='word_1_789' title='bbox 2591 4999 2689 5060; x_wconf 86' lang='lat' dir='ltr'><strong>uti,</strong></span> <span class='ocrx_word' id='word_1_790' title='bbox 2727 4996 3089 5064; x_wconf 88' lang='lat' dir='ltr'><strong>corruptionis</strong></span> <span class='ocrx_word' id='word_1_791' title='bbox 3133 5005 3187 5050; x_wconf 88' lang='lat' dir='ltr'><strong>et</strong></span> <span class='ocrx_word' id='word_1_792' title='bbox 3253 4996 3443 5049; x_wconf 88' lang='lat' dir='ltr'><strong>mortis</strong></span> 
     </span>
    </p>
   </div>
   <div class='ocr_carea' id='block_1_103' title="bbox 1877 5086 3440 5154">
    <p class='ocr_par' dir='ltr' id='par_1_103' title="bbox 1877 5086 3440 5154">
     <span class='ocr_line' id='line_1_103' title="bbox 1877 5086 3440 5154; baseline -0.001 -16"><span class='ocrx_word' id='word_1_793' title='bbox 1877 5087 2101 5138; x_wconf 84' lang='lat' dir='ltr'><strong>vinculis</strong></span> <span class='ocrx_word' id='word_1_794' title='bbox 2127 5086 2426 5151; x_wconf 88' lang='lat' dir='ltr'><strong>constricti,</strong></span> <span class='ocrx_word' id='word_1_795' title='bbox 2452 5086 2652 5139; x_wconf 87' lang='lat' dir='ltr'><strong>terreni</strong></span> <span class='ocrx_word' id='word_1_796' title='bbox 2701 5086 2992 5154; x_wconf 79' lang='lat' dir='ltr'><strong>imaginem</strong></span> <span class='ocrx_word' id='word_1_797' title='bbox 3029 5094 3339 5154; x_wconf 78' lang='lat' dir='ltr'><strong>gestamus;</strong></span> <span class='ocrx_word' id='word_1_798' title='bbox 3371 5086 3440 5139; x_wconf 88' lang='lat' dir='ltr'><strong>ita</strong></span> 
     </span>
    </p>
   </div>
   <div class='ocr_carea' id='block_1_104' title="bbox 1877 5176 3445 5245">
    <p class='ocr_par' dir='ltr' id='par_1_104' title="bbox 1877 5176 3445 5245">
     <span class='ocr_line' id='line_1_104' title="bbox 1877 5176 3445 5245; baseline -0.003 -14"><span class='ocrx_word' id='word_1_799' title='bbox 1877 5176 2334 5245; x_wconf 87' lang='lat' dir='ltr'><strong>incorruptionem</strong></span> <span class='ocrx_word' id='word_1_800' title='bbox 2362 5177 2470 5243; x_wconf 83' lang='lat' dir='ltr'><strong>jam</strong></span> <span class='ocrx_word' id='word_1_801' title='bbox 2505 5178 2697 5243; x_wconf 90' lang='lat' dir='ltr'><strong>induti,</strong></span> <span class='ocrx_word' id='word_1_802' title='bbox 2732 5177 2969 5231; x_wconf 63' lang='lat' dir='ltr'><strong>caelestis</strong></span> <span class='ocrx_word' id='word_1_803' title='bbox 3005 5176 3291 5245; x_wconf 86' lang='lat' dir='ltr'><strong>imaginem</strong></span> <span class='ocrx_word' id='word_1_804' title='bbox 3329 5193 3445 5243; x_wconf 60' lang='lat' dir='ltr'><strong>por.</strong></span> 
     </span>
    </p>
   </div>
   <div class='ocr_carea' id='block_1_105' title="bbox 1878 5267 3446 5338">
    <p class='ocr_par' dir='ltr' id='par_1_105' title="bbox 1878 5267 3446 5338">
     <span class='ocr_line' id='line_1_105' title="bbox 1878 5267 3446 5338; baseline -0.001 -16"><span class='ocrx_word' id='word_1_805' title='bbox 1878 5271 2131 5322; x_wconf 84' lang='lat' dir='ltr'><strong>tahimus.</strong></span> <span class='ocrx_word' id='word_1_806' title='bbox 2189 5268 2345 5334; x_wconf 79' lang='lat' dir='ltr'><strong>Atqui</strong></span> <span class='ocrx_word' id='word_1_807' title='bbox 2413 5269 2747 5338; x_wconf 80' lang='lat' dir='ltr'><strong>iucorruptio</strong></span> <span class='ocrx_word' id='word_1_808' title='bbox 2798 5269 2994 5322; x_wconf 86' lang='lat' dir='ltr'><strong>bonum</strong></span> <span class='ocrx_word' id='word_1_809' title='bbox 3056 5276 3131 5320; x_wconf 81' lang='lat' dir='ltr'><strong>est</strong></span> <span class='ocrx_word' id='word_1_810' title='bbox 3189 5267 3446 5321; x_wconf 80' lang='lat' dir='ltr'><strong>naturalis</strong></span> 
     </span>
    </p>
   </div>
   <div class='ocr_carea' id='block_1_106' title="bbox 1878 5355 3441 5428">
    <p class='ocr_par' dir='ltr' id='par_1_106' title="bbox 1878 5355 3441 5428">
     <span class='ocr_line' id='line_1_106' title="bbox 1878 5355 3441 5428; baseline 0.003 -16"><span class='ocrx_word' id='word_1_811' title='bbox 1878 5361 2175 5413; x_wconf 76' lang='lat' dir='ltr'><strong>divinitatis</strong></span> <span class='ocrx_word' id='word_1_812' title='bbox 2203 5355 2495 5428; x_wconf 85' lang='lat' dir='ltr'><strong>proprium.</strong></span> <span class='ocrx_word' id='word_1_813' title='bbox 2521 5359 2652 5415; x_wconf 80' lang='lat' dir='ltr'><strong>Nam</strong></span> <span class='ocrx_word' id='word_1_814' title='bbox 2685 5362 2876 5415; x_wconf 88' lang='lat' dir='ltr'><strong>mortui</strong></span> <span class='ocrx_word' id='word_1_815' title='bbox 2915 5362 3291 5424; x_wconf 90' lang='lat' dir='ltr'><strong>immutantur,</strong></span> <span class='ocrx_word' id='word_1_816' title='bbox 3322 5374 3441 5415; x_wconf 83' lang='lat' dir='ltr'><strong>cor-</strong></span> 
     </span>
    </p>
   </div>
   <div class='ocr_carea' id='block_1_107' title="bbox 260 5521 1757 5592">
    <p class='ocr_par' dir='ltr' id='par_1_107' title="bbox 260 5523 1757 5592">
     <span class='ocr_line' id='line_1_107' title="bbox 260 5523 1757 5592; baseline -0.007 -6"><span class='ocrx_word' id='word_1_817' title='bbox 260 5532 305 5562; x_wconf 77' lang='lat'>“</span> <span class='ocrx_word' id='word_1_818' title='bbox 339 5530 502 5585; x_wconf 80' lang='lat' dir='ltr'><strong>lCor.</strong></span> <span class='ocrx_word' id='word_1_819' title='bbox 540 5544 569 5581; x_wconf 80' lang='grc' dir='ltr'><strong><em>ι</em></strong></span> <span class='ocrx_word' id='word_1_820' title='bbox 593 5566 608 5592; x_wconf 94' lang='grc'><strong>,</strong></span> <span class='ocrx_word' id='word_1_821' title='bbox 649 5525 737 5590; x_wconf 81' lang='lat' dir='ltr'><strong>l5,</strong></span> <span class='ocrx_word' id='word_1_822' title='bbox 771 5525 857 5577; x_wconf 85' lang='lat' dir='ltr'><strong>l7.</strong></span> <span class='ocrx_word' id='word_1_823' title='bbox 936 5524 975 5582; x_wconf 61' lang='grc' dir='ltr'><strong>ξ’</strong></span> <span class='ocrx_word' id='word_1_824' title='bbox 1007 5524 1021 5577; x_wconf 96' lang='grc' dir='ltr'><strong>Ι</strong></span> <span class='ocrx_word' id='word_1_825' title='bbox 1058 5523 1180 5579; x_wconf 88' lang='lat' dir='ltr'><strong>Cor.</strong></span> <span class='ocrx_word' id='word_1_826' title='bbox 1218 5540 1307 5586; x_wconf 82' lang='lat' dir='ltr'><strong>xv,</strong></span> <span class='ocrx_word' id='word_1_827' title='bbox 1343 5525 1431 5579; x_wconf 62' lang='lat'><strong>45.</strong></span> <span class='ocrx_word' id='word_1_828' title='bbox 1512 5527 1554 5556; x_wconf 65' lang='grc'>⁸⁸</span> <span class='ocrx_word' id='word_1_829' title='bbox 1584 5524 1711 5578; x_wconf 82' lang='lat' dir='ltr'><strong>ibid.</strong></span> <span class='ocrx_word' id='word_1_830' title='bbox 1752 5556 1757 5566; x_wconf 66' lang='grc' dir='ltr'>ι</span> 
     </span>
    </p>
   </div>
   <div class='ocr_carea' id='block_1_108' title="bbox 1860 5521 2511 5592">
    <p class='ocr_par' dir='ltr' id='par_1_108' title="bbox 1874 5521 2511 5583">
     <span class='ocr_line' id='line_1_108' title="bbox 1874 5521 2511 5583; baseline -0.005 -6"><span class='ocrx_word' id='word_1_831' title='bbox 1874 5524 1963 5579; x_wconf 85' lang='grc'><strong>50.</strong></span> <span class='ocrx_word' id='word_1_832' title='bbox 2043 5523 2085 5555; x_wconf 68' lang='grc' dir='ltr'><strong>δ’</strong></span> <span class='ocrx_word' id='word_1_833' title='bbox 2121 5522 2249 5575; x_wconf 80' lang='lat' dir='ltr'><strong>ibid.</strong></span> <span class='ocrx_word' id='word_1_834' title='bbox 2284 5521 2371 5583; x_wconf 70' lang='lat'><strong>5&#39;2,</strong></span> <span class='ocrx_word' id='word_1_835' title='bbox 2401 5523 2511 5578; x_wconf 57' lang='grc'><strong>53»</strong></span> 
     </span>
    </p>
   </div>
   <div class='ocr_carea' id='block_1_109' title="bbox 1256 5675 2338 5744">
    <p class='ocr_par' dir='ltr' id='par_1_109' title="bbox 1256 5675 2338 5744">
     <span class='ocr_line' id='line_1_109' title="bbox 1256 5675 2338 5744; baseline -0.005 -12"><span class='ocrx_word' id='word_1_836' title='bbox 1256 5676 1427 5732; x_wconf 81' lang='lat' dir='ltr'><strong>Variae</strong></span> <span class='ocrx_word' id='word_1_837' title='bbox 1459 5676 1715 5731; x_wconf 83' lang='lat' dir='ltr'><strong>lectiones</strong></span> <span class='ocrx_word' id='word_1_838' title='bbox 1745 5676 1944 5731; x_wconf 80' lang='lat' dir='ltr'><strong>codicis</strong></span> <span class='ocrx_word' id='word_1_839' title='bbox 1981 5675 2338 5744; x_wconf 79' lang='lat' dir='ltr'><strong>Segnieriani.</strong></span> 
     </span>
    </p>
   </div>
   <div class='ocr_carea' id='block_1_110' title="bbox 266 5817 917 5887">
    <p class='ocr_par' dir='ltr' id='par_1_110' title="bbox 266 5817 917 5887">
     <span class='ocr_line' id='line_1_110' title="bbox 266 5817 917 5887; baseline 0 -15"><span class='ocrx_word' id='word_1_840' title='bbox 266 5830 295 5881; x_wconf 64' lang='grc' dir='ltr'><strong>ς</strong></span> <span class='ocrx_word' id='word_1_841' title='bbox 322 5820 572 5887; x_wconf 78' lang='grc' dir='ltr'>δεύτερος</span> <span class='ocrx_word' id='word_1_842' title='bbox 610 5817 917 5887; x_wconf 83' lang='grc' dir='ltr'>ἄνθρωπος.</span> 
     </span>
    </p>
   </div>
  </div>
