4086 6476
664 427 801 480 i255

1683 417 1738 469 ‘5.
1783 411 2056 467 CYRllJJ
2094 410 2554 462 ALEXANDRINI
2598 409 2912 462 .‘tlillllllil‘.

3758 408 3892 458 13M

665 535 1017 605 ruptibileque
1042 532 1216 585 induit
1241 528 1722 598 incorruptionem,
1745 541 1866 579 cum
1902 524 2224 592 Unigenitus

2347 541 2415 585 ro;
2461 524 2583 576 καθ’
2618 528 2761 596 ἡμᾶς
2787 524 2879 577 τοῦ
2909 522 3278 587 Μονογενοῦς,
3327 522 3417 574 καὶ
3449 518 3810 592 μεθιστάντος
3843 522 3900 572 τὸ

664 629 833 683 nostri
888 624 1080 679 similis
1131 633 1286 678 natus
1336 621 1716 675 mortalitatem
1780 615 2119 669 transtulerit
2171 614 2223 665 in

664 717 1166 780 immortalitatem,
1231 723 1286 767 et
1343 708 1740 776 corruptionem
1807 705 2226 760 tmnsl‘nrmave-

665 812 733 863 rit
786 811 838 862 in
874 807 1322 876 incorruptionem
1357 803 1406 854 in
1459 799 1746 866 semetipsa
1782 806 1838 850 et
1881 798 2077 864 primo.
2120 794 2229 848 llac

661 900 810 954 cnim
844 899 1053 954 ratione
1085 895 1240 950 nobis
1278 892 1406 962 ipsis
1440 904 1652 959 quoque
1677 890 1762 942 via
1791 888 1855 941 ad
1875 889 2033 944 vitam
2058 887 2229 940 factus

665 1003 766 1045 est.

1035 1101 1117 1155 Ex
1141 1100 1426 1168 posteriore
1445 1094 1514 1148 ad
1534 1093 1856 1148 Corinthios.

742 1232 761 1266 ι
797 1211 902 1267 Sed
937 1211 1037 1279 ipsi
1093 1211 1143 1263 in
1176 1209 1330 1262 nobis
1384 1206 1515 1274 ipsis
1556 1218 1866 1272 responsum
1917 1196 2104 1252 mortis
2133 1196 2198 1250 ba

668 1307 902 1366 buitnus,
931 1312 989 1356 ut
1023 1317 1125 1354 non
1158 1301 1329 1353 simus
1367 1299 1594 1351 fidentes
1632 1297 1682 1348 in
1708 1293 1881 1353 nobis,
1906 1291 1998 1344 sed
2021 1290 2071 1341 in
2101 1288 2229 1349 Deo,

668 1398 757 1464 qui
802 1396 1036 1450 suscitat
1086 1402 1330 1446 mortuos
1361 1391 1427 1443 ".
1471 1409 1487 1438 ο
1519 1386 1573 1439 Si
1615 1393 1944 1437 mortuorum
1990 1379 2232 1433 exsusci-

669 1489 798 1541 talio
830 1487 881 1538 iu
916 1500 1058 1544 eum,
1091 1483 1181 1552 qui
1210 1492 1398 1533 natura
1428 1476 1576 1529 Deus
1608 1485 1716 1534 est.
1756 1474 1988 1526 maxime
2036 1481 2233 1522 conve-

669 1580 770 1641 nit,
807 1587 1084 1644 propterea
1115 1572 1258 1640 quod
1289 1570 1438 1624 solus
1474 1568 1575 1618 vita
1616 1566 1684 1619 sit
1721 1574 1774 1618 et
1811 1562 1919 1633 93
1953 1560 2232 1621 vivilicus;

668 1668 916 1721 Christus
969 1675 1150 1716 autent
1207 1660 1662 1714 resurrectionem
1716 1664 1770 1709 et
1813 1656 1979 1705 vitam
2032 1649 2233 1702 diserte

669 1775 790 1812 sese
855 1757 1102 1824 appellat,
1156 1754 1514 1819 eutndemque
1578 1758 1825 1802 mortuos
1869 1743 2234 1799 exsuscitassc

670 1861 818 1904 certo
841 1857 1054 1902 constat
1085 1862 1098 1898 :
1126 1846 1244 1916 quis
1273 1855 1328 1899 et
1351 1859 1532 1897 verum
1557 1841 1746 1902 Deum,
1776 1849 1828 1893 et
1857 1838 2020 1891 vitam
2041 1849 2230 1888 sccun-
2265 1857 2309 1914 Β

669 1945 793 1998 dum
829 1951 1074 1995 naturam
1105 1953 1226 1992 esse
1266 1934 1534 2002 ambigat?

1082 2073 1166 2127 Ex
1187 2070 1424 2141 Epistula
1457 2070 1524 2122 ad
1563 2067 1833 2120 Ilcbra'os.

746 2206 764 2238 ι
797 2187 931 2253 Quia
991 2200 1123 2254 ergo
1185 2181 1334 2252 pueri
1391 2177 1926 2234 communicaverunt
1980 2172 2128 2226 carni
2184 2182 2237 2226 ct

675 2280 942 2348 sanguini,
976 2286 1028 2330 et
1081 2278 1194 2338 ipse
1251 2273 1502 2326 similiter
1553 2266 1894 2338 participavit
1951 2265 2239 2323 iisdem,ut

676 2387 767 2437 per
815 2379 1040 2421 mortem
1079 2367 1384 2418 destrueret
1450 2375 1568 2412 cum
1623 2359 1710 2426 qui
1773 2357 1996 2409 habebat
2051 2355 2240 2407 mortis

676 2459 1046 2529 imperium,“
1107 2467 1187 2510 est
1244 2452 1512 2507 diabolum
1536 2451 1603 2503 ".
1634 2469 1651 2500 ι
1711 2446 1886 2516 Eque
1917 2463 1978 2499 ac
2022 2447 2236 2514 nos.qui

675 2553 813 2605 inter
865 2549 1002 2604 ﬁlios
1042 2547 1137 2600 Dei
1178 2559 1486 2606 censemur,
1517 2541 1702 2596 carnis
1745 2549 1798 2592 et
1838 2538 2114 2607 sanguinis
2150 2537 2238 2591 Dei

677 2641 910 2694 Verbum
963 2637 1236 2708 particeps
1272 2633 1475 2686 factum
1512 2640 1628 2693 est;
1663 2643 1768 2694 quo
1815 2628 2063 2680 nimirum
2116 2643 2231 2694 pro-

678 2732 849 2799 prium
884 2740 1078 2795 corpus
1125 2723 1178 2776 in
1228 2732 1453 2774 mortem
1487 2720 1836 2782 contradens,
1868 2717 2037 2783 ipsum
2066 2715 2241 2767 denuo

679 2830 931 2886 tanquam
969 2815 1057 2881 qui
1091 2821 1278 2878 suapte
1315 2818 1505 2862 natura
1563 2808 1668 2860 vita
1701 2818 1751 2859 et
1806 2805 1943 2858 Deus
1995 2802 2238 2863 exsistat,

680 2911 800 2962 vitae
849 2906 1117 2960 restituat.
1186 2901 1315 2955 Nam
1373 2900 1641 2967 quomodo
1713 2895 1904 2949 mortis
1963 2891 2242 2958 imperium

678 3002 1011 3054 destructum
1043 3001 1147 3053 est.
1177 2991 1220 3045 si
1253 3005 1448 3058 corpus
1477 2987 1618 3055 quod
1653 2984 1950 3038 secundum
1991 2990 2241 3034 naturam

679 3092 827 3153 vitm,
860 3089 961 3140 boc
990 3097 1075 3139 est
1099 3082 1257 3136 Verbi
1299 3080 1415 3144 Dei,
1453 3077 1728 3145 proprimn
1764 3073 1972 3136 erat,in
2018 3079 2245 3124 mortent

679 3179 1011 3251 prolapsum,
1038 3175 1230 3227 iterum
1273 3169 1662 3223 exsuscitatum
1704 3180 1806 3218 non
1842 3162 1966 3217 est?

753 3288 904 3356 Quod
931 3301 1063 3340 unus
1097 3284 1160 3337 sit
1195 3280 1360 3335 Filius
1386 3291 1433 3333 et
1457 3278 1708 3332 Dominus
1741 3276 1894 3328 Jesus
1918 3259 2174 3327 Christus.

1055 3395 1138 3448 Ex
1163 3394 1331 3462 prima
1351 3384 1612 3444 catholica
1631 3386 1874 3440 Joannis.

757 3530 776 3564 ι
800 3511 950 3576 Quod
993 3509 1092 3563 l'uit
1117 3509 1182 3561 ab
1208 3507 1383 3570 initio,
1413 3503 1553 3573 quod
1587 3498 1910 3563 audivimus,
1934 3498 2076 3565 quod
2111 3494 2247 3547 vidi-

685 3618 803 3656 mus
855 3600 1028 3656 oculis
1090 3597 1310 3659 nostris,
1338 3593 1478 3663 quod
1540 3590 1934 3659 perspeximus,
1971 3598 2024 3639 et
2060 3601 2252 3638 manus

686 3705 883 3748 nostra;
946 3695 1418 3742 contrectaverunt
1475 3684 1540 3736 de
1588 3681 1762 3735 Verbo
1818 3681 1936 3732 vitre
1978 3697 1991 3732 :
2034 3687 2088 3732 et
2141 3681 2247 3729 vita

685 3780 1026 3836 manifestata
1062 3785 1166 3838 est,
1201 3785 1256 3828 et
1281 3775 1533 3834 vidimus,
1565 3782 1918 3832 ettestamur,
1951 3779 2003 3821 et
2034 3783 2248 3819 annun-

687 3876 882 3927 tiamus
907 3869 1059 3924 vobis
1076 3868 1237 3920 vitam
1261 3875 1539 3928 αξιοι-ηοω,
1558 3878 1677 3932 qua:
1699 3871 1816 3915 erat
1843 3858 1982 3927 apud
2011 3857 2250 3922 Patrem,

684 3980 735 4022 ct
780 3963 1024 4036 apparuit
1053 3961 1205 4015 nobis
1225 3961 1293 4012 ".
1329 3977 1347 4009 ι
1380 3956 1459 4010 Εη
1519 3956 1669 4009 illum
1697 3955 1786 4023 qui
1826 3954 1923 4006 l'uit
1966 3953 2032 4006 ab
2075 3952 2249 4017 initio,

685 4059 901 4125 vitaque
934 4063 1154 4115 aeterna,
1189 4052 1292 4104 hoc
1326 4058 1409 4104 est
1441 4047 1532 4102 Dei
1565 4047 1737 4101 Patris
1772 4045 2043 4104 Verbum,
2083 4043 2254 4098 oculis

688 4161 747 4200 se
774 4145 998 4203 vidisse,
1021 4140 1377 4206 manibusque
1416 4145 1781 4190 contrectasse
1833 4142 2087 4195 testatur,
2133 4147 2254 4186 cum

690 4249 867 4289 tamen
904 4231 1131 4285 Verbum
1156 4229 1298 4296 quod
1334 4243 1399 4280 ex
1438 4227 1595 4279 Patre
1623 4225 1886 4292 procedit,
1915 4238 2008 4276 sua
2062 4231 2251 4274 natura

687 4335 969 4396 aspectum
999 4322 1186 4390 fugiat,
1232 4318 1485 4387 tangique
1527 4327 1787 4384 nequeat:
1813 4313 2080 4381 siquidem
2115 4312 2256 4380 quod

690 4430 915 4485 corpore
964 4422 1137 4474 vacat,
1174 4411 1227 4464 id
1281 4410 1380 4462 sub
1415 4408 1705 4462 tactionem
1743 4422 1846 4459 non
1892 4404 2054 4458 cadit.
2095 4403 2254 4471 Atqui

690 4505 926 4561 Verbum
967 4504 1307 4557 incarnatum
1376 4497 1550 4552 oculis
1621 4497 1840 4560 vidisse,
1897 4504 1952 4548 et
2010 4494 2256 4547 manibus

2333 612 2524 680 θνητὸν
2551 616 2628 677 είς
2654 614 2968 672 ἀθανασίαν,
2997 611 3095 662 καὶ
3122 611 3182 662 τὸ
3219 610 3456 680 φθαρτὸν
3481 613 3561 672 εἰς
3588 608 3902 679 ἀφθαρσίαν

2332 705 2388 753 ὲν
2431 705 2610 775 ἑαυτῷ
2655 708 2749 759 καὶ
2795 703 2992 774 πρώτῳ
3033 703 3552 770 μετασκευάξοντος.
3588 700 3750 755 Οὕτω
3792 702 3901 769 γάρ

2332 794 2556 862 γέγονεν
2581 799 2696 860 ὁδὸς
2724 801 2800 859 εἰς
2829 795 2973 864 ζωὴν
3003 795 3096 846 καὶ
3127 795 3257 864 ἡμῖν
3289 797 3489 860 αὐτοῖς.

2675 1080 2767 1131 Ἐκ
2795 1076 2903 1144 τῆς
2931 1075 3078 1144 πρὸς
3111 1075 3454 1143 Κορινθίους
3483 1080 3564 1142 β’.

2412 1209 2429 1241 ι
2455 1190 2617 1243 ’Λλλά
2648 1191 2800 1243 αὐτοὶ
2822 1231 2835 1253 ,
2865 1188 3048 1256 φησὶν,
3079 1187 3134 1239 ὲν
3170 1187 3380 1248 ἑαυτοῖς
3407 1187 3466 1239 τὸ
3487 1189 3777 1261 ἀπόκριμα
3812 1193 3906 1245 τοῦ

2335 1279 2566 1333 θανάτου
2619 1282 2969 1348 ἐσχήκαμεν,
3015 1277 3102 1328 ἴνα
3149 1277 3222 1346 μὴ
3265 1277 3586 1339 πεποιθότες
3637 1275 3796 1349 ὦμεν
3849 1286 3907 1334 ιν

2335 1369 2566 1430 ἑαυτοῖς,
2597 1369 2709 1422 ἀλλ’
2735 1369 2825 1420 ἐπὶ
2849 1367 2924 1436 τῷ
2940 1365 3056 1434 Θεῷ
3074 1365 3149 1435 τῷ
3165 1365 3437 1435 ἑγεὶραντι
3467 1367 3594 1429 τοὺς
3615 1370 3870 1439 νεκρούς.
3886 1391 3904 1422 ι

2335 1463 2398 1514 ΕΞ
2427 1462 2544 1532 Θεῴ
2575 1464 2633 1516 τὸ
2658 1472 2680 1500 τ
2715 1459 2852 1513 κατὰ
2879 1460 3038 1527 φύσιν
3070 1458 3514 1528 πρεπωδέστατον
3541 1455 3686 1515 εἷναί
3725 1479 3909 1529 φαμεν

2333 1553 2394 1606 τὸ
2440 1554 2671 1622 ἐγείρειν
2714 1554 2838 1613 τοὺς
2901 1551 3158 1620 νεκροὺς,
3201 1551 3282 1603 ὅτι
3323 1549 3437 1619 ζωὴ
3491 1550 3586 1603 καὶ
3641 1549 3907 1614 ζωοποιός

2336 1646 2480 1699 ἑστιν
2499 1663 2511 1675 ·
2549 1646 2651 1714 ἔφη
2676 1645 2730 1697 δὲ
2760 1643 2991 1714 Χριστός
3013 1657 3026 1670 θ
3063 1661 3080 1691 ι
3106 1641 3247 1708 Ἐγώ
3277 1643 3395 1710 εἰμι
3429 1644 3461 1713 ἡ
3489 1642 3793 1702 ἀνάστασις
3819 1648 3910 1693 καὶ

2337 1740 2369 1808 ἡ
2399 1739 2508 1807 ζωή
2537 1754 2550 1767 ·
2588 1756 2604 1787 ι
2639 1737 2881 1804 φαίνεται
2915 1734 2970 1786 δὲ
3008 1735 3101 1787 καὶ
3133 1731 3450 1801 ἑγηγερκὼς
3475 1735 3602 1797 τοὺς
3645 1733 3904 1803 νεκρούς·

2337 1831 2468 1892 Θεὸς
2502 1831 2607 1900 ἄρα
2634 1828 2799 1890 ἐστὶν,
2825 1825 2898 1889 ὡς
2933 1824 3043 1894 ζωὴ
3079 1825 3217 1876 κατὰ
3250 1823 3430 1890 φύσιν.

2730 2052 2825 2104 Ἐκ
2862 2051 2970 2117 τῆς
3007 2050 3155 2118 πρὸς
3188 2051 3514 2118 Ἐϐραίους.

2415 2167 2607 2220 ιἘπεὶ
2647 2161 2740 2218 οὖν
2789 2163 3150 2232 κεκοινώνηκε
3197 2165 3264 2218 τά
3309 2166 3494 2219 παιδία
3547 2167 3786 2233 αἵματος
3821 2171 3910 2222 καὶ

2342 2259 2558 2329 σαρκὸς,
2588 2258 2680 2311 καὶ
2706 2257 2869 2320 αὐτὸς
2897 2257 3296 2324 παραπλησίως
3321 2259 3550 2329 μετέσχε
3578 2260 3692 2311 τῶν
3709 2262 3908 2313 αὐτῶν·

2342 2350 2426 2401 ἵνα
2452 2348 2536 2400 διὰ
2558 2347 2650 2400 τοῦ
2680 2348 2910 2401 Θανάτου
2943 2348 3268 2416 καταργήσῃ
3297 2349 3385 2400 τὸν
3410 2351 3468 2402 τὸ
3491 2353 3696 2417 κράτος
3723 2352 3910 2421 ἔχοντα

2341 2437 2432 2490 τοῦ
2465 2437 2715 2498 θανάτου,
2744 2437 2989 2489 τουτέστι
3019 2437 3108 2488 τὸν
3133 2437 3400 2492 διάὸολον.
3439 2459 3456 2489 ι
3501 2442 3914 2512 Παραπλησίως

2343 2532 2472 2597 ἡμῖν
2499 2532 2606 2590 τοῖς
2634 2529 2690 2578 ὲν
2720 2529 2930 2588 τέκνοις
2955 2526 3088 2578 Θεοῦ
3126 2530 3480 2597 τεταγμένοις
3511 2535 3915 2601 κεκοινώνηκεν

2343 2626 2571 2690 αἵματος
2602 2625 2690 2675 καὶ
2718 2623 2916 2692 σαρκὸς
2943 2623 2970 2674 ὁ
3000 2623 3061 2674 ἑκ
3089 2622 3220 2674 Θεοῦ
3257 2624 3447 2690 Λόγος,
3479 2626 3566 2677 ἴνα
3596 2626 3675 2692 τῷ
3705 2625 3915 2692 θανάτῳ

2343 2714 2400 2764 τὸ
2447 2713 2574 2764 ἴδιον
2619 2714 2777 2781 σῶμα
2828 2713 2972 2775 δοὺς,
3024 2711 3335 2783 ζωοποιήσῃ
3388 2714 3548 2765 πάλιν
3594 2714 3747 2778 αὐτὸ,
3807 2716 3914 2784 ζωὴ

2345 2805 2487 2856 κατά
2516 2803 2676 2872 φύσιν
2709 2805 2987 2874 ὑπάρχων,
3015 2805 3088 2868 ὡς
3115 2805 3457 2865 Θεός.·Ἐπεὶ
3493 2806 3609 2870 πῶς
3637 2810 3918 2877 κατήργη-

2343 2913 2434 2947 ται
2465 2894 2557 2946 τοῦ
2586 2894 2818 2947 θανάτου
2853 2898 2911 2946 τὸ
2941 2897 3167 2966 κράτος,
3203 2895 3268 2947 ἂν
3303 2895 3376 2965 μὴ
3412 2894 3473 2947 τὸ
3503 2897 3669 2949 πεσὸν
3703 2901 3782 2958 εἰς
3820 2898 3903 2950 θά-

2345 3003 2502 3038 νατον
2541 2985 2738 3038 ἀνεϐίω
2767 2985 2945 3054 σῶμα,
2991 2987 3119 3038 ἴδιον
3149 2985 3207 3037 ὃν
3237 2987 3337 3055 τῆς
3367 2987 3510 3039 κατα
3551 2988 3718 3056 φύσιν
3747 2988 3915 3056 ζωῆς,

2347 3077 2591 3129 τουτέστι
2620 3075 2711 3129 τοῦ
2735 3079 2797 3128 ἑκ
2827 3076 2960 3129 Θεοῦ
2993 3078 3142 3140 ὄντος
3175 3077 3347 3145 Λόγου
3370 3093 3382 3104 ·

2446 3279 2565 3330 Ὅτι
2586 3273 2672 3339 εἷς
2701 3280 2732 3330 ό
2771 3276 2900 3340 Υἱὸς
2928 3276 3023 3329 καί
3053 3277 3266 3343 Κύριος
3298 3277 3527 3345 Ἰησοῦς
3557 3277 3837 3343 Χριστός.

2368 3387 2573 3454 Ἐκτῆς
2602 3387 2880 3442 Ἰωάννου
2915 3386 3276 3454 Ἐπιστολῆς
3309 3387 3544 3454 πρώτης
3573 3387 3920 3455 κωολικῆς.

2429 3516 2446 3546 t
2485 3500 2548 3550 Ὃ
2586 3493 2654 3567 ἦν
2697 3497 2788 3548 ἀπ’
2827 3497 3017 3566 ἀρχῆς,
3063 3496 3091 3548 ὃ
3137 3497 3472 3564 ἀκηκόαμεν,
3517 3497 3544 3548 ὃ
3592 3495 3923 3567 ἑωράκαμεν

2353 3589 2464 3648 τοῖς
2510 3587 2807 3656 ὀφθαλμοῖς
2833 3587 3022 3654 ἡμῶν.
3057 3586 3085 3637 ὅ
3115 3586 3455 3655 ἐθεασάμεθα
3481 3626 3493 3649 ,
3523 3590 3616 3640 καὶ
3653 3591 3710 3640 αἱ
3743 3593 3922 3658 χεῖρες

2356 3677 2509 3744 ἡμῶν
2544 3677 2896 3746 ἐψηλάφησαν
2923 3678 3049 3746 περὶ
3080 3677 3174 3729 τοῦ
3206 3679 3376 3744 Λόγου
3405 3679 3506 3746 τῆς
3539 3677 3683 3749 ζωῆς
3705 3699 3718 3711 ο
3762 3683 3862 3742 καὶ
3893 3683 3914 3730 i

2355 3765 2468 3836 ζωὴ
2507 3769 2844 3838 ἐφανερώθη,
2879 3769 2972 3822 καλ
3003 3770 3344 3840 ἑωράκαμεν,
3379 3771 3473 3822 καὶ
3512 3772 3919 3842 μαρτυροῦμεν,

2355 3859 2450 3910 καὶ
2497 3861 2910 3929 ἀπαγγέλλομεν
2944 3862 3073 3930 ὑμῖν
3101 3861 3245 3931 ζωὴν
3277 3863 3376 3930 τὴν
3417 3862 3656 3927 αἰώνιον,
3704 3866 3830 3932 ἥτις
3865 3863 3920 3933 ἦν

2355 3950 2488 4019 πρὸς
2512 3949 2602 4001 τὸν
2648 3951 2884 4020 Πατέρα,
2946 3952 3039 4004 καὶ
3071 3951 3385 4021 ἐφανερώθη
3424 3954 3573 4021 ἡμῖν.
3611 3973 3628 4002 ι
3673 3955 3808 4006 Ἰδοὺ
3840 3957 3921 4008 τὸν

2354 4039 2482 4089 ὅντα
2509 4039 2607 4088 ἀπ’
2634 4039 2828 4108 ἀρχῆς,
2863 4039 3106 4091 τουτέστι
3143 4039 3234 4090 τὸν
3267 4042 3330 4091 ὲκ
3360 4039 3451 4091 τοῦ
3481 4041 3693 4110 Πατρός
3727 4044 3918 4110 Λόγον.

2356 4130 2452 4196 τὴν
2488 4128 2631 4197 ζωὴν
2661 4129 2758 4197 τὴν
2791 4129 3007 4181 αἰώνιον
3055 4131 3357 4200 ἑωρακέναι
3409 4131 3542 4199 φησὶ
3580 4137 3694 4195 τοῖς
3725 4136 3923 4201 ότθαλ-

2361 4222 2498 4288 μοῖς,
2546 4220 2638 4271 καὶ
2685 4220 2790 4288 μὴν
2838 4221 2930 4272 καὶ
2975 4220 3129 4289 χερσὶ
3161 4220 3510 4290 ψηλαφῆσαυ
3569 4221 3746 4274 καίτοι
3791 4228 3923 4277 κατά

2359 4309 2518 4376 φύσιν
2553 4311 2688 4362 ἰδίαν
2715 4311 2806 4362 τοῦ
2835 4311 2898 4363 ἑκ
2919 4311 3011 4363 τοῦ
3036 4312 3239 4382 Πατρὸς
3256 4311 3402 4374 ὄντος
3421 4314 3616 4380 Λόγου,
3647 4314 3743 4366 καὶ
3779 4317 3925 4380 δντος

2360 4403 2592 4470 ἀοράτου
2643 4404 2735 4455 καὶ
2775 4404 3047 4472 ἀναφοῦς·
3095 4405 3302 4472 ἀναφὲς
3344 4405 3452 4476 γὰρ
3509 4407 3569 4458 τὸ
3611 4408 3920 4476 ἀσώματον.

2372 4494 2510 4544 Ἀλλ’
2539 4498 2596 4547 ἑν
2630 4495 2792 4563 σαρκὶ
2819 4495 3076 4562 γεγονότα
3102 4494 3192 4547 τὸν
3223 4496 3392 4562 Λόγον
3414 4497 3716 4565 ἑωρακέναι
3749 4517 3809 4552 τε
3839 4502 3924 4554 καὶ

690 4604 1056 4652 eoatrectasse
1086 4607 1144 4646 se
1171 4591 1264 4643 ait.
1284 4591 1458 4655 Quare
1492 4590 1615 4642 licet
1643 4589 1873 4642 Verbum
1896 4601 2024 4640 caro
2055 4586 2245 4639 factum

2359 4585 2678 4654 ψηλαιρῆσαί
2711 4603 2892 4653 φησιν.
2938 4581 3029 4649 Εἷς
3062 4583 3152 4638 οὖν
3184 4587 3288 4656 ἄρα
3321 4588 3468 4639 ἐστὶν
3503 4588 3630 4652 Υἱὸς
3660 4591 3754 4642 καὶ
3802 4593 3926 4655 Θεὸς

691 4697 795 4750 est,
821 4699 962 4738 unus
1009 4691 1188 4735 tamen
1239 4690 1321 4734 est
1362 4678 1554 4745 Filius,
1581 4692 1719 4732 unus
1769 4676 1930 4738 Deus,
1959 4691 2095 4728 unus
2149 4674 2256 4727 Do-

694 4792 891 4831 llilllliso

690 4888 802 4962 94
844 4887 993 4953 Quod
1049 4887 1176 4954 ﬁdes
1233 4885 1427 5006 tendab
1476 4885 1528 4936 in
1575 4882 1862 4942 Christum,
1914 4893 2162 4949 tanquam
2207 4879 2258 4931 in

1431 4970 1567 5006 sum.
2023 4960 2026 4964 '

1431 4970 1567 5007 cum.
2023 4960 2026 4964 ’

1114 5067 1196 5120 Ex.
1219 5067 1381 5136 priori
1413 5065 1650 5134 Epistola
1675 5065 1838 5119 Petri.

771 5200 788 5231 ι
828 5180 920 5245 Ut,
945 5181 1138 5248 inquit,
1164 5181 1294 5233 lides
1330 5187 1531 5244 vestra,
1554 5186 1609 5231 et
1631 5181 1926 5246 spes‘essct
1946 5176 1996 5227 in
2019 5175 2202 5228 Deo".
2237 5194 2254 5225 ι

697 5271 854 5338 Atqui
885 5271 1128 5324 Christus
1156 5285 1246 5339 per
1288 5279 1505 5324 sanctos
1551 5266 1822 5337 apOstolos
1881 5265 2256 5326 annuntiatur,

766 5445 810 5476 '°
836 5443 875 5498 ll
907 5445 1029 5500 Cor.
1067 5461 1105 5513 ι,
1136 5444 1190 5499 9.
1266 5446 1309 5480 "
1340 5444 1501 5501 llebr.
1534 5459 1592 5511 ιι,
1634 5443 1713 5499 ιι.
1791 5443 1833 5472 ³¹
1873 5439 2072 5494 lJuan.
2109 5455 2144 5503 t,
2174 5440 2221 5503 Ι,
2258 5438 2312 5491 9..

2363 4680 2455 4729 καλ⁵
2481 4677 2702 4745 Κύριος,
2739 4676 2842 4732 κᾶν
2870 4677 2917 4728 εί
2949 4676 3138 4744 γέγονε
3172 4676 3303 4746 σὰρξ
3325 4679 3352 4728 ὁ
3383 4677 3573 4744 Λόγος.

2525 4875 2644 4927 Ὅτι
2669 4877 2754 4939 εἰς
2780 4874 3038 4941 Χριστὸν
3077 4874 3112 4941 ἠ
3139 4875 3361 4938 πίστις,
3394 4873 3475 4938 ὡς
3508 4876 3594 4938 εις
3619 4876 3792 4928 Θεόγ.

2553 5054 2648 5104 Ἐκ
2679 5051 2786 5119 τῆς
2817 5053 3042 5118 Πέτρου
3089 5047 3456 5114 Ἐπιστολῆς
3488 5047 3747 5114 πρώτης.

2446 5189 2462 5220 ι
2505 5171 2666 5221 ’Ὥστε
2687 5209 2700 5228 ,
2739 5167 2899 5236 φησὶ,
2928 5165 3024 5234 τὴν
3056 5165 3234 5216 πίστιν
3269 5161 3420 5230 ὑμῶν
3457 5161 3548 5213 καὶ
3577 5159 3773 5213 ἑλπίδα
3802 5156 3930 5212 εἶναι

2370 5263 2446 5323 εἰς
2469 5260 2618 5312 Θεὸν.
2646 5279 2662 5309 ι
2696 5259 2888 5311 Καίτοι
2913 5255 3142 5328 Χριστος
3173 5253 3497 5324 κηρύττεται
3525 5251 3613 5304 διὰ
3636 5251 3747 5303 τῶν
3770 5253 3932 5320 ἁγίων

2385 5435 2660 5489 ⁸³1Ρειῐ.
2698 5432 2862 5495 ι,9.1.

1746 5595 1915 5650 \‘ariw
1950 5595 2210 5650 lectiones
2236 5591 2438 5648 codicis
2470 5586 2846 5659 Seguicriani.‘

769 5760 793 5792 ³
827 5752 910 5804 Ῐσ.
938 5751 1034 5814 τῷ.
