4086 6574
172 473 305 529 1285

1251 473 1340 526 DE
1375 469 1602 525 R'ECTA
1641 467 1798 523 FIDE
1836 466 1927 520 AD
1968 465 2282 522 REGINAS.

3263 464 3400 520 ΗΒΘ

168 583 478 638 ἀποστόλων
497 599 512 614 ο
545 583 640 637 καὶ
661 583 818 647 αὐτὸς
844 585 898 638 δέ
942 583 1042 637 ποῦ
1071 601 1233 654 φησιν
1253 601 1266 617 ο
1303 601 1321 633 ι
1367 581 1560 652 Ἀμὴν,
1585 580 1730 649 ἀμὴν

1865 591 1950 631 mo
1982 577 2204 644 ipsemet
2233 579 2302 631 ita
2337 576 2411 631 ait
2447 595 2460 631 :
2505 597 2522 630 ι
2561 579 2752 644 Amen,
2787 593 2939 632 amen
2972 578 3092 632 dico
3123 578 3278 633 vobis
3309 577 3398 645 qui

168 678 309 744 λέγω
342 676 488 745 ὑμῖν,
522 677 551 728 6
582 676 849 729 πιστεύων
879 678 958 738 είς
987 677 1108 745 ἐμὲ,
1132 675 1242 744 ἔχει
1269 675 1413 743 ζωὴν
1443 671 1681 724 αἰώνιον.
1709 688 1725 718 ι

173 767 299 818 Ὀτε
352 767 530 819 τοίνυν
577 768 656 828 είς
691 766 824 820 Θεὸν
854 769 887 836 ὴ
918 767 1133 830 πίστις,
1179 764 1415 835 Χριστοῦ
1462 765 1730 830 λέγοντος,

175 876 191 905 ι
215 854 306 918 Εἰς
342 855 442 924 ἐμὲ
476 855 792 908 πιστεύετεο
829 873 847 905 ι
884 853 998 916 πῶς
1028 855 1127 906 οὐκ
1170 853 1235 906 ἂν
1278 852 1362 922 εἴη
1409 851 1538 914 Θεὸς
1574 852 1731 919 ἐναρ-

168 946 275 1013 γῶς
291 964 304 1011 ;

344 1057 444 1109 Ἕκ
483 1054 593 1124 τῆς
621 1055 857 1123 ,πρώτης
892 1054 1171 1108 Ἰωάννου
1215 1048 1592 1118 Ἐπιστολῆς.

244 1187 262 1218 ι
301 1169 410 1220 Καὶ
443 1167 580 1238 αὓτη
607 1168 756 1220 ἐστὶν
787 1169 819 1237 ἢ
854 1166 1041 1237 ἐντολὴ
1068 1165 1255 1228 αὐτοῦ,
1283 1166 1368 1218 ἴνα
1389 1163 1733 1231 πιστεύωμεν

168 1258 243 1328 τῷ
268 1257 490 1326 ὀνόματι
518 1256 613 1309 τοῦ
641 1255 770 1309 Υἱοῦ
803 1254 966 1308 αὑτοῦ
1007 1254 1181 1324 Ὶησοῦ
1210 1251 1464 1323 Χριστοῦ.
1499 1269 1523 1301 ·›
1558 1251 1620 1302 Et
1659 1250 1733 1318 μὴ

169 1347 491 1417 ἁνεθέλητόν
535 1349 650 1399 ἐστι
689 1346 766 1416 τῷ
819 1346 937 1415 Θεῷ
988 1346 1081 1399 καὶ
1131 1344 1304 1414 Πατρὶ
1352 1343 1412 1394 τὸ
1461 1340 1735 1394 πιστεύειν

168 1442 317 1510 ἡμᾶς
354 1442 432 1503 είς
459 1439 520 1492 τὸ
556 1437 725 1509 ὄνομα
755 1437 849 1491 τοῦ
884 1438 1014 1491 Υἱοῦ
1047 1437 1211 1491 αὑτοῦ
1253 1434 1426 1506 Ἰησοῦ
1459 1433 1696 1503 Χριστοῦ
1718 1451 1730 1462 ·

169 1534 467 1604 πράττεται
513 1532 567 1584 δὲ
610 1532 704 1585 καὶ
738 1533 867 1602 παρ’
900 1530 1118 1601 ἡμῶνή
1159 1528 1368 1593 πίστις,
1395 1528 1493 1596 οὐχ
1534 1526 1609 1588 ὼς
1659 1526 1738 1586 εἰς

168 1625 457 1695 ἄνθρωπον
488 1622 671 1684 ἁπλῶς
693 1662 708 1687 ,
740 1623 853 1676 ἀλλ’
886 1621 962 1684 ὡς
987 1622 1067 1684 είς
1097 1619 1227 1673 Θεὸν
1266 1618 1444 1682 ζῶντα
1475 1620 1568 1671 καὶ
1603 1615 1734 1686 ἁλη-

169 1716 345 1768 οινόν·
382 1714 512 1776 Θεὸς
536 1715 641 1786 ἄρα
678 1715 930 1784 Χριστός.

245 1825 267 1857 ‹
291 1807 379 1859 Ἐν
406 1808 578 1878 τούτῳ
608 1806 934 1874 γινώσκεται
963 1803 1022 1857 τὸ
1056 1804 1279 1873 Πνεῦμα
1308 1802 1400 1855 τοῦ
1432 1800 1565 1854 Θεοῦ
1586 1817 1597 1829 ·
1623 1801 1735 1851 πᾶν

1835 672 2002 727 credit
2035 669 2086 722 iu
2120 685 2224 735 me,
2255 671 2413 724 habet
2461 670 2624 723 vitam
2669 669 3013 722 aeternam”.
3050 687 3067 718 ι
3099 669 3230 720 Cum
3273 683 3402 735 ergo

1838 763 1966 817 ﬁdes
2007 762 2057 814 iu
2107 759 2273 814 Deum
2320 761 2544 826 feratur,
2587 773 2638 814 et
2684 761 2953 822 Christus,
2990 779 3007 811 ι
3051 759 3106 812 In
3158 775 3240 812 me
3274 775 3400 813 cre-

1835 853 1963 912 dite,
2003 870 2019 902 ι
2046 850 2188 904 diCat
2214 871 2226 905 :
2249 852 2517 920 quomodo
2552 852 2765 921 planum
2802 869 2904 904 nun
2936 862 3036 915 est,
3076 852 3247 919 ipsum
3276 864 3397 903 esse

1838 941 2042 995 Deum?

2199 1048 2279 1101 Ea:
2316 1048 2554 1118 Epistola
2601 1051 2768 1118 prima
2808 1048 3050 1104 Joannis.

1914 1185 1932 1216 ‹
1978 1165 2039 1217 Et
2085 1164 2187 1217 hoc
2239 1173 2323 1216 est
2365 1165 2674 1217 mandatum
2717 1165 2851 1232 ejus,
2898 1175 2954 1217 ut
3019 1164 3299 1218 credamus
3345 1163 3399 1216 iu

1837 1256 2055 1310 nomine
2091 1254 2235 1310 Filii-
2267 1254 2381 1322 ejus
2427 1253 2550 1308 Jesu
2585 1255 2786 1309 Christi
2819 1257 2885 1308 ⁵⁵.
2921 1274 2940 1306 ι
2968 1255 3022 1309 Si
3045 1271 3073 1308 a
3107 1253 3196 1309 Dei
3226 1254 3404 1309 Patris

1837 1347 2113 1403 voluntate
2141 1350 2372 1402 alienum
2407 1363 2510 1401 non
2548 1357 2650 1410 est,
2684 1359 2743 1399 ut
2780 1349 2830 1399 in
2883 1349 3098 1401 nomine
3143 1346 3261 1399 Filii
3289 1345 3405 1414 ejus

1835 1437 1959 1493 Jesu
1993 1438 2195 1494 Christi
2263 1439 2580 1502 credamus;
2611 1439 2654 1492 si
2709 1438 2839 1491 ﬁdes
2889 1447 3070 1490 nostra
3139 1437 3306 1490 tendit
3350 1435 3403 1489 in

1838 1545 1980 1594 ειιιιι,
2016 1545 2117 1584 non
2139 1542 2388 1598 tanquam
2410 1529 2458 1580 iu
2486 1527 2750 1581 hominem
2776 1527 2997 1591 nudum,
3028 1526 3122 1579 sed
3153 1535 3403 1594 tanquam

1839 1621 1892 1673 in
1937 1620 2099 1674 Deum
2141 1624 2317 1677 vivum
2353 1629 2406 1674 et
2443 1635 2651 1682 verum,
2679 1618 2900 1673 evidens
2945 1615 3186 1687 profecto
3227 1615 3411 1670 evadit

1839 1713 2109 1767 Christum
2135 1729 2251 1767 esse
2273 1716 2464 1767 Deum.

1915 1824 1931 1854 ι
1967 1803 2020 1856 lu
2056 1805 2152 1857 hoc
2178 1805 2516 1874 cognoscitur
2542 1802 2776 1870 Spiritus
2803 1800 2891 1854 Dei
2917 1818 2929 1853 :
2959 1799 3136 1853 omnis
3168 1798 3407 1868 spiritus.

170 1897 409 1967 πνεῦμα,
431 1897 459 1949 6
481 1899 730 1966 ὁμολογεῖ
756 1895 964 1966 Ἰησοῦν
1002 1892 1233 1965 Χριστὸν
1268 1894 1324 1944 ὲν
1354 1891 1515 1962 σαρκὶ
1544 1888 1733 1958 ἐληλυ-

1862 1893 1930 1960 ιιιὶ
1964 1897 2249 1948 conlitetur
2273 1895 2454 1948 Jesum
2479 1892 2752 1946 Christum
2787 1891 2838 1944 in
2867 1904 3031 1944 carne
3079 1892 3314 1952 venisse,
3339 1902 3408 1942 ex

169 1989 325 2050 οότα,
353 1991 414 2041 ὲκ
444 1987 536 2040 τοῦ
567 1987 700 2040 Θεοῦ
735 1988 881 2039 ἐστι*
915 1987 1008 2038 καὶ
1042 1987 1148 2038 πᾶν
1180 1983 1414 2053 πνεῦμα,
1456 1982 1483 2034 ὃ
1515 1980 1588 2052 μὴ
1619 1983 1739 2048 ὁμο·

169 2081 323 2146 ὶογεῖ
362 2081 453 2132 τὸν
493 2079 716 2151 Ἰησοῦν,
746 2080 809 2132 ὲκ
841 2078 934 2130 τοῦ
970 2075 1104 2130 Θεοῦ
1144 2077 1241 2128 οὐκ
1275 2075 1424 2126 ἔστι·
1459 2073 1551 2125 καὶ
1585 2071 1740 2123 τοῦτό

171 2176 290 2224 ἐστι
314 2172 374 2224 τὸ
401 2171 493 2224 τοῦ
525 2169 955 2241 ’Λντιχρίστου,ὃ
986 2168 1256 2237 ἀκηκόατε
1281 2169 1359 2219 ὅτι
1388 2165 1623 2234 ἔρχεται,
1651 2162 1741 2214 καί

173 2264 270 2316 νῦν
303 2266 359 2316 ἐν
389 2264 468 2334 τῷ
497 2264 686 2333 κόσμῳ
722 2264 868 2314 ἐστὶν
894 2262 1013 2332 ἤδη.
1045 2278 1062 2310 ι
1102 2256 1499 2326 ὐνμολογοῦμεν
1525 2255 1611 2306 τὸν
1639 2255 1743 2322 ’1η-

177 2355 307 2407 σοῦν
336 2355 442 2425 ἄρα
479 2354 554 2416 ὡς
593 2353 897 2422 ἄνθρωπον,
932 2351 1024 2403 καὶ
1051 2349 1159 2403 τῶν
1202 2348 1326 2402 καθ’
1356 2349 1503 2418 ἡμᾶς
1529 2347 1626 2399 ἕνα
1652 2363 1666 2410 ;
1709 2347 1741 2416 ἢ

179 2447 382 2514 μᾶλλον
410 2446 491 2498 ὅτι
516 2444 646 2506 Θεὸς
675 2445 748 2495 ὣν
787 2443 814 2495 6
857 2441 1048 2511 Λόγος,
1089 2441 1277 2509 γέγονε
1309 2439 1477 2510 σὰρξ,
1509 2439 1608 2490 οὐκ
1636 2438 1745 2489 ὀλι-

173 2537 436 2605 γωρήσας
470 2533 561 2587 τοῦ
601 2530 736 2586 εἶναι
759 2534 911 2596 Θεὸς,
945 2531 1268 2603 μεμενηκὼς
1299 2530 1353 2582 δὲ
1389 2529 1585 2599 μᾶλλον
1612 2529 1746 2597 ὅπερ

173 2623 270 2696 ἦν,
312 2624 405 2677 καὶ
429 2625 476 2676 εἰ
508 2624 728 2692 γέγονεν
752 2623 1076 2692 ἄνθρωπος;
1115 2621 1274 2673 Ἀλλὰ
1302 2620 1441 2672 τοῦτ’
1474 2619 1620 2670 ἔστιν
1650 2619 1747 2670 οὐκ

175 2717 497 2786 ἀμφίϐολον.
539 2716 596 2768 Ὀ
640 2715 820 2768 τοίνυν
870 2715 930 2767 οὐ
979 2714 1152 2781 λέγων
1181 2713 1312 2765 Θεὸν
1354 2707 1491 2763 εἶναι
1535 2709 1748 2779 ἀληθῶς

174 2807 273 2858 τὸν
323 2807 573 2876 Χριστὸν,
624 2804 846 2873 διαιρῶν
897 2803 951 2854 δὲ
1003 2803 1096 2854 καὶ
1139 2800 1600 2870 κατασμικρύνων
1655 2800 1750 2868 τὴν

177 2898 341 2961 δόξαν
401 2896 586 2962 αὑτοῦ,
644 2897 705 2948 τὸ
765 2893 859 2947 τοῦ
921 2894 1285 2963 Ἀντιχρίστου
1335 2891 1555 2962 πνεῦμα
1613 2890 1750 2961 ἔχων

186 2988 483 3042 ἁλώσεται.

265 3099 282 3130 ι
316 3081 422 3132 Καὶ
449 3080 608 3148 ἡμεῖς
646 3076 1007 3147 ἐθεασάμεθα,
1061 3075 1156 3128 καὶ
1194 3072 1577 3144 μαρτυροῦμεν
1618 3071 1697 3122 ὅτι
1728 3070 1755 3120 6

184 3172 381 3241 Πατὴρ
411 3170 718 3223 ἀπέσταλκε
746 3170 836 3221 τὸν
862 3169 987 3220 Υἰὸν
1019 3167 1242 3236 Σωτῆρα
1269 3163 1362 3216 τοῦ
1401 3164 1627 3231 κόσμου.
1657 3162 1756 3223 Ὃς

1843 1987 1949 2041 Deo
1966 1998 2045 2040 est
2076 2004 2089 2041 :
2123 1998 2169 2040 et
2192 1988 2369 2040 omnis
2413 1986 2636 2053 spiritus
2676 1985 2766 2053 qui
2796 1983 2954 2038 solvit
2980 1983 3182 2045 Jesum,
3209 1998 3273 2036 ex
3302 1984 3411 2036 Deo

1844 2096 1946 2133 non
1976 2088 2087 2144 est;
2131 2087 2184 2132 et
2211 2079 2296 2131 hic
2325 2087 2408 2132 est
2437 2079 2828 2144 Antichristus,
2863 2078 2930 2130 de
2979 2091 3085 2142 quo
3131 2074 3413 2126 audivistis

1843 2169 2093 2237 quoniam
2121 2170 2286 2234 venit,
2313 2181 2363 2224 et
2386 2184 2525 2223 nunc
2563 2169 2672 2238 jam
2696 2171 2747 2221 iu
2782 2168 2978 2222 mundo
2999 2175 3082 2220 est
3115 2167 3181 2217 ⁵⁵.
3216 2185 3233 2216 ι
3265 2164 3410 2219 Con-

1847 2260 2127 2313 iitemurne
2171 2275 2301 2330 ergo
2354 2258 2628 2313 Christum
2679 2259 2864 2314 Jesum
2927 2256 3088 2311 veluti
3144 2256 3413 2310 hominem

1844 2350 2150 2419 quempiam
2189 2350 2356 2404 nostri
2398 2349 2671 2402 similem?
2706 2366 2771 2403 an
2820 2349 3000 2418 potius
3049 2347 3139 2402 Dei
3177 2346 3414 2400 Verbum

1849 2438 2044 2492 factum
2069 2455 2187 2494 esse
2215 2456 2455 2504 carnem,
2489 2458 2590 2494 non
2633 2442 2772 2510 quod
2813 2441 3145 2492 divinitatem
3177 2438 3414 2497 exuerit,

1850 2539 1938 2582 aut
1971 2530 2261 2596 repudiarit
2289 2529 2639 2600 (constanter
2662 2532 2804 2583 enim
2832 2530 3028 2582 mansit
3055 2529 3197 2596 quod
3229 2530 3413 2597 erat):

1850 2620 1940 2674 sed
1966 2620 2104 2689 quod
2146 2621 2436 2673 humanam
2471 2631 2716 2673 naturam
2755 2618 3148 2688 assumpserit?
3174 2619 3240 2672 At
3274 2619 3421 2672 istud

1851 2720 2000 2764 extra
2022 2713 2446 2770 controversiam
2476 2722 2581 2766 est.
2613 2712 2867 2778 Quisquis
2907 2712 3072 2781 igitur
3122 2709 3422 2771 Christum.

1853 2805 2186 2859 divinitatem
2245 2806 2384 2859 illius
2449 2807 2742 2867 inﬁciatus,
2807 2807 3017 2868 dividit,
3071 2805 3423 2874 ejusdemque

1853 2895 2077 2964 gloriam
2103 2906 2154 2949 et
2181 2895 2513 2963 maiestatem
2547 2897 2817 2957 diminuit,
2849 2898 2937 2950 hic
2964 2896 3283 2951 Antichristi
3309 2897 3423 2964 spi-

1857 2986 2016 3039 ritum
2060 2986 2306 3041 hausisse
2331 2994 2516 3056 apcrte
2544 2988 2904 3041 convincitur.

1932 3093 1950 3125 ι
1989 3075 2045 3128 Et
2078 3090 2174 3129 nos
2202 3077 2453 3140 vidimus,
2479 3086 2532 3131 et
2562 3078 2915 3131 testificantur
2961 3078 3215 3148 quoniam
3265 3078 3426 3132 Pater

1859 3169 2006 3220 misit
2064 3166 2258 3220 Filium
2310 3184 2466 3222 suum
2523 3168 2854 3224 Salvatorem
2909 3170 3113 3224 mundi.
3172 3169 3429 3238 Quisquis

185 3262 258 3314 ἂν
287 3261 594 3330 ὁμολογήσῃ
635 3259 714 3311 ὅτι
753 3257 958 3328 Ἰησοῦς
988 3259 1132 3308 ἐστιν
1175 3257 1201 3308 ὁ
1256 3254 1377 3314 Υἱὸς
1408 3253 1499 3306 τοῦ
1533 3250 1687 3312 Θεοῦ,
1732 3250 1756 3300 6

1865 3258 2142 3313 confessus
2168 3259 2329 3314 fuerit
2361 3259 2790 3326 quoniamJesus
2831 3271 2912 3314 est
2936 3261 3105 3315 Filius
3150 3261 3264 3325 Dei,
3291 3263 3430 3315 Deus

187 3353 326 3413 θεὸς
357 3353 414 3404 ὲν
448 3350 595 3419 αὐτῷ
649 3349 834 3418 μένει,
864 3349 958 3400 καὶ
993 3346 1151 3408 αὐτὸς
1191 3349 1247 3398 ὲν
1285 3346 1361 3415 τῷ
1392 3345 1529 3414 Θεῷ.
1566 3362 1583 3393 ι
1631 3343 1760 3393 Ἀπ-

191 3443 450 3496 εστάλθαι
480 3442 657 3510 φαμὲν
680 3440 827 3509 παρὰ
857 3439 948 3490 τοῦ
976 3437 1110 3490 Θεοῦ
1140 3438 1232 3490 καὶ
1262 3437 1471 3506 Πατρὸς
1494 3437 1583 3487 τὸν
1613 3433 1757 3498 Υἱὸν,

201 3536 454 3588 τουτέστι
485 3533 573 3585 τὸν
619 3532 678 3595 ἐξ
704 3531 864 3583 αὑτοῦ
901 3529 1038 3581 κατὰ
1066 3529 1224 3596 φύσιν
1258 3527 1520 3596 μονογενῆ
1555 3526 1759 3592 Λόγονο

193 3628 517 3696 ὠνομάσθαι
564 3627 620 3678 δὲ
667 3625 826 3676 αὑτὸν
881 3622 1126 3692 Ἰησοῦν,
1183 3623 1271 3674 ὅτε
1326 3625 1420 3674 καὶ
1471 3621 1567 3690 τὴν
1625 3620 1764 3674 κατὰ

199 3719 382 3786 σάρκα
405 3717 657 3784 γέννησιν
688 3716 752 3766 ἐκ
782 3712 1037 3780 γυναικὸς
1062 3710 1353 3779 ὑπέμεινεν
1383 3706 1761 3778 οἰκονομικῶς.

196 3807 410 3862 Οὐκοῦν
451 3810 479 3858 6
517 3809 580 3859 ἐκ
629 3803 762 3857 Θεοῦ
814 3805 983 3869 Λόγος
1032 3804 1251 3869 γέγονεν
1300 3801 1603 3867 ἄνθρωπος.
1649 3799 1766 3851 Κᾶν

197 3900 337 3958 εἴτις
382 3895 552 3956 οὕτως
601 3893 983 3963 ὁμολογήσειεν
1033 3893 1213 3952 αὐτὸν,
1260 3891 1370 3957 ἔχει
1428 3890 1654 3958 μένοντα
1711 3891 1768 3942 ἐν

198 3987 381 4053 ἑαυτῷ
431 3987 519 4037 τὸν
565 3986 715 4047 Θεὸν,
770 3985 921 4038 ἔσται
955 3983 1010 4035 δὲ
1047 3983 1139 4034 καὶ
1185 3982 1346 4044 αὐτὸς
1392 3982 1449 4033 ὲν
1494 3980 1570 4049 τῷ
1612 3981 1764 4050 Θεῷ·

201 4076 574 4149 μνησθήσεται
601 4076 705 4147 γὰρ
733 4076 917 4139 αὑτοῦ,
949 4076 1210 4141 λογιεῖται
1266 4073 1322 4125 δὲ
1368 4072 1527 4124 αὑτὸν
1567 4074 1770 4123 οἰκεῖον

194 4170 278 4231 ὡς
307 4168 526 4237 μέτοχον
553 4168 736 4220 αὑτοῦ.
771 4168 828 4220 '0
854 4168 909 4218 δὲ
939 4167 1010 4236 μὴ
1039 4165 1341 4236 ὁμολογῶν,
1367 4167 1446 4217 ὅτι
1471 4165 1628 4225 αὐτὸς
1659 4166 1686 4216 6
1709 4167 1770 4215 ἐκ

196 4259 341 4312 Θεοῦ
366 4261 576 4330 Πατρὸς
608 4261 777 4325 Λόγος
821 4257 1028 4326 Ἰησοῦς
1071 4259 1214 4319 ἐστι,
1249 4256 1435 4317 καθεὶς
1464 4255 1653 4307 ἑαυτὸν
1692 4257 1770 4318 εἰς

198 4349 619 4420 ἁνθρωπότητα,
649 4347 770 4400 οὔτε
805 4347 935 4400 Θεὸν
969 4348 1026 4401 ἰν
1071 4346 1249 4416 ὲαυτῷ
1292 4347 1645 4416 πλουτήσειεν
1681 4346 1767 4409 ἂν,

196 4442 332 4494 οῦτε
385 4443 490 4510 μὴν
545 4439 706 4503 αὐτὸς
751 4443 808 4492 ὲν
873 4439 991 4508 Θεῷ
1033 4439 1204 4502 ἔσται,
1259 4438 1398 4491 κατὰ
1445 4454 1506 4505 γε
1556 4437 1642 4490 τὸν
1672 4438 1800 4506 τῆς,

200 4531 584 4601 πνευματικῆς
613 4530 938 4599 οἰκειότητος
969 4529 1186 4600 τρόπον.

286 4733 305 4762 ε
337 4713 450 4773 Πᾶς
476 4713 503 4763 6
524 4708 793 4762 πιστεύων
820 4711 902 4763 ὅτι
947 4708 1152 4778 Ἰησοῦς
1195 4709 1342 4759 ἔστιν
1378 4709 1405 4759 6
1435 4709 1688 4778 Χριστὸς,
1713 4710 1776 4760 ὲκ

202 4803 303 4855 τοῦ
339 4801 472 4854 Θεοῦ
507 4801 849 4870 γεγέννηται.
890 4819 906 4850 ι
942 4799 1146 4852 Οὐκοῦν
1181 4801 1208 4850 6
1238 4799 1311 4868 μὴ
1348 4799 1632 4861 πιστεύων,
1658 4800 1776 4852 οὐδὲ

205 4900 267 4949 ἐν
311 4896 520 4956 τέκνοις
549 4891 685 4945 Θεοῦ
721 4891 1134 4960 καταλογισθείη
1177 4891 1259 4944 ἄν.
1320 4893 1380 4944 Ei
1407 4891 1514 4960 γὰρ
1544 4893 1655 4944 ὅσοι
1690 4892 1780 4944 τὸν

207 4988 344 5041 Υἱὸν
375 4986 584 5046 ἔλαϐον,
622 4984 820 5036 ἔδωκεν
845 4985 1025 5045 αὐτοῖς
1054 4983 1299 5046 ἐξουσίαν
1337 4985 1499 5035 τέκνα
1523 4984 1655 5035 Θεοῦ
1687 5001 1780 5050 γε·-

208 5077 422 5139 νέσθαι,
452 5076 594 5128 καθά
623 5077 786 5144 φησὶν
817 5077 844 5128 ό
889 5075 1276 5143 εὐαγγελιστής
1298 5091 1309 5102 ·
1344 5077 1390 5125 οἱ
1431 5077 1503 5144 μὴ
1530 5075 1783 5138 λαϐόντες

210 5169 400 5228 αὑτὸν,
430 5168 534 5220 οὐδ’
566 5168 631 5220 ἂν
661 5172 716 5219 ὲν
772 5168 981 5228 τέκνοις
1030 5167 1164 5218 Θεοῦ
1210 5167 1652 5233 καταλογισϐεῖεν
1694 5168 1782 5231 ἂν,

210 5260 334 5316 τὸν,
367 5257 430 5308 δι’
456 5250 516 5309 οῦ
547 5256 701 5308 τοῦτο
725 5255 977 5324 ὑπάρχει,
1007 5253 1079 5324 μὴ
1111 5255 1427 5321 ἐγνωκότες.

297 5451 314 5480 ι
359 5430 451 5491 Τίς
486 5430 540 5482 δέ
569 5432 716 5481 ἐστιν
762 5429 791 5481 ό
835 5426 1000 5480 νικῶν
1034 5426 1125 5480 τὸν
1159 5427 1393 5496 κόσμον,
1429 5431 1476 5481 εἰ
1515 5430 1588 5501 μὴ
1627 5433 1654 5483 6
1698 5451 1785 5483 πι-

218 5522 428 5575 στεύων
470 5521 550 5572 ὅτι
588 5519 792 5589 Ἰησοῦς
835 5521 980 5571 ἐστιν
1023 5520 1051 5570 ό
1095 5518 1219 5582 Υἱὸς
1271 5517 1354 5570 τοῦ
1406 5519 1573 5584 Θεοῦ;
1619 5517 1785 5586 Οῦτός

216 5616 370 5664 ἐστιν
418 5611 445 5662 6
494 5609 661 5662 ἐλθὼν
691 5609 758 5662 δι’
789 5609 979 5671 ὓδατος
1021 5609 1115 5660 καὶ
1143 5609 1370 5678 αἵματος
1406 5610 1610 5678 Ἰησοῦς
1648 5613 1784 5682 Χρι-

297 5789 342 5817 ⁸⁵
380 5785 533 5842 loan.
574 5802 644 5852 v1,
695 5785 782 5838 47.

221 5879 265 5924 ι,
308 5856 386 5908 12.

861 5784 948 5838 ⁸⁸1
985 5782 1136 5838 Joan.
1168 5798 1250 5847 ιιι,
1276 5782 1368 5836 εδ.

1445 5783 1535 5837 ⁸⁸1
1572 5785 1720 5841 Joan.
1761 5804 1828 5853 tv,
1867 5787 1920 5853 ἓ,
1953 5791 2002 5842 5.

1869 3351 1918 3402 in
1956 3364 2019 3403 eo
2067 3363 2267 3416 manet,
2303 3361 2356 3404 et
2392 3351 2504 3418 ipse
2559 3352 2612 3404 in
2666 3353 2771 3405 Deo
2804 3353 2870 3404 ".
2908 3370 2925 3401 ι
2968 3350 3308 3420 Unigenitum
3341 3353 3430 3406 Dei

1869 3437 2081 3499 Filium,
2114 3442 2213 3493 hoc
2229 3449 2311 3493 est
2333 3440 2562 3494 Verbum
2585 3443 2729 3510 quod
2749 3443 3062 3497 naturaliter
3086 3459 3151 3498 ex
3180 3445 3285 3497 Deo
3307 3460 3428 3512 pro-

1876 3530 2039 3594 cedit,
2071 3545 2101 3584 a
2152 3530 2261 3585 Deo
2302 3541 2355 3585 et
2388 3530 2549 3585 Patre
2580 3534 2802 3586 missum
2837 3535 3196 3602 agnoscimus.
3223 3533 3329 3604 95
3357 3536 3434 3587 ld-

1872 3623 2042 3691 ipsum
2069 3634 2245 3676 autem
2283 3632 2393 3677 tum
2436 3626 2650 3678 demum
2680 3623 2864 3678 losum
2915 3626 3238 3696 appellatum
3274 3628 3439 3678 fuisse

1873 3729 2267 3778 asseveramus,
2298 3731 2418 3768 cum
2449 3717 2845 3783 dispensatoric
2875 3720 3169 3772 secundum
3219 3733 3436 3772 carnem

1871 3822 1937 3861 ex
1993 3806 2218 3859 muliere
2269 3808 2415 3859 nasci
2467 3808 2808 3874 dedignatum
2840 3825 2942 3860 non
2994 3817 3094 3861 est.
3127 3808 3220 3862 Dei
3254 3810 3437 3878 itaque

1877 3895 2106 3950 Verbum
2155 3896 2313 3948 homo
2353 3895 2549 3948 factum
2580 3908 2682 3950 εει.
2715 3898 2777 3950 Et
2811 3898 2855 3952 si
2881 3898 3093 3966 quisita
3136 3899 3439 3967 proﬁtetur.

1877 3989 1920 4042 is
1951 3987 2115 4040 Deum
2152 3987 2203 4038 iu
2262 4001 2319 4038 sc
2372 3997 2678 4039 manentem
2740 3989 2923 4050 habet,
2961 3999 3015 4040 et
3048 3989 3164 4057 ipse
3202 3990 3439 4043 vicissim

1877 4081 1929 4132 in
1961 4078 2067 4130 Deo
2092 4076 2347 4132 manebit.
2379 4075 2773 4132 Recordabitur
2805 4081 2948 4132 enim
2987 4081 3151 4143 illius,
3187 4095 3250 4135 ac
3280 4081 3441 4134 veluti

1877 4170 2132 4224 societate
2152 4169 2383 4236 quadam
2413 4168 2755 4235 coniunctum
2788 4169 2932 4224 inter
2951 4169 3241 4225 fauiiIiares
3261 4186 3446 4224 nume-

1879 4262 2038 4314 rabit.
2076 4260 2259 4328 Atqui
2286 4261 2461 4327 ipsum
2503 4261 2595 4315 Dei
2621 4261 2794 4314 Patris
2826 4259 3057 4315 Verbqu
3094 4277 3215 4316 esse
3234 4261 3442 4325 Jesum,

1878 4363 1931 4405 et
1964 4352 2014 4405 in
2057 4352 2343 4405 humauam
2396 4361 2642 4403 naturam
2672 4365 2730 4404 se
2763 4351 3047 4406 demisisse
3086 4368 3189 4405 non
3223 4353 3446 4406 conﬁte-

1881 4455 1988 4506 tur,
2023 4443 2110 4496 ille
2145 4456 2315 4510 neque
2354 4439 2519 4495 Deum
2553 4441 2822 4505 obtinere,
2856 4457 3030 4510 neque
3053 4458 3146 4512 per
3189 4444 3446 4510 spiritalis

1884 4533 2263 4588 familiaritatis
2292 4535 2505 4588 modum
2538 4533 2642 4587 ulla
2691 4534 2976 4588 rationein
3003 4537 3117 4604 ipso
3144 4537 3445 4591 consistere

1811 4611 1852 4664 Ῑ)
1880 4623 2096 4693 poterit.

1954 4735 1972 4766 ι
2013 4714 2202 4771 Omnis
2231 4715 2513 4782 qtticredit
2543 4716 2798 4785 quoniam
2850 4714 3008 4770 Jesus
3053 4725 3136 4770 est
3170 4717 3444 4781 Christus,

1881 4821 1943 4859 cx
1975 4806 2082 4859 Deo
2111 4816 2269 4858 natus
2304 4817 2391 4860 est
2420 4807 2484 4858 ⁸⁸.
2509 4826 2526 4857 ι
2564 4806 2663 4870 Qui
2707 4807 2872 4874 igitur
2929 4807 2979 4858 id
3017 4821 3124 4860 non
3157 4809 3350 4872 credit,
3403 4811 3448 4863 is

1883 4898 2022 4950 inter
2057 4898 2144 4949 Dei
2173 4897 2309 4952 filios
2339 4897 2520 4953 haberi
2559 4899 2767 4967 nequit.
2824 4897 2956 4950 Nam
2991 4899 3036 4951 si
3074 4899 3141 4952 iis
3169 4901 3444 4962 omnibus,

1885 4989 1975 5055 qui
2006 4985 2200 5040 Filium
2254 4999 2591 5056 receperunt,
2637 4999 2956 5057 potestatem
3001 4990 3147 5042 dedit
3180 4991 3315 5042 iilios
3358 4989 3447 5044 Dei

1888 5079 2024 5137 liet'i.
2060 5094 2112 5131 ιιι
2159 5081 2483 5150 evangelista
2537 5091 2765 5134 testatur
2794 5081 2872 5143 ";
2904 5095 3240 5147 consequens
3280 5082 3370 5144 sit,
3406 5087 3448 5136 si

1887 5170 1976 5236 qui
2006 5170 2155 5222 illum
2189 5187 2292 5225 non
2315 5171 2603 5240 recipiunt,
2639 5187 2731 5225 eos
2759 5173 2900 5224 inter
2936 5171 3025 5223 Dei
3051 5171 3189 5224 ﬁlios
3245 5177 3451 5227 censeri

1891 5277 1992 5312 non
2034 5279 2221 5330 posse;
2257 5271 2314 5315 ut
2345 5266 2430 5330 qui
2470 5279 2614 5328 cum,
2649 5279 2743 5333 per
2762 5277 2918 5330 quem
2952 5263 3052 5315 hoc
3097 5263 3273 5330 ipsum
3312 5264 3452 5316 lice-

1893 5352 2003 5410 hat.
2034 5369 2137 5405 non
2166 5353 2503 5420 agnoverint.

1979 5458 1996 5490 ι
2037 5441 2165 5506 Quis
2197 5450 2278 5494 est
2317 5443 2408 5508 qui
2457 5441 2624 5494 vincit
2679 5441 2958 5502 mundum,
3004 5438 3102 5492 nisi
3142 5437 3231 5504 qui
3285 5440 3456 5493 credit

1891 5533 2145 5598 quoniam
2171 5529 2330 5586 Jesus
2357 5544 2439 5587 cst
2465 5534 2632 5586 Filius
2658 5532 2783 5584 Dei?
2820 5530 2914 5583 llic
2939 5529 3133 5598 estqui
3170 5530 3314 5582 venit
3362 5547 3455 5596 per

1897 5638 2090 5690 aquam
2123 5634 2177 5678 et
2224 5627 2538 5694 sanguinem
2571 5625 2726 5678 Jcsus
2751 5623 2997 5676 Christus
3033 5639 3045 5674 :
3083 5637 3185 5675 non
3226 5624 3274 5675 in
3319 5641 3453 5692 aqua

2082 5794 2122 5822 ’τ
2159 5791 2316 5847 Joan.
2350 5809 2422 5859 tv,
2457 5794 2639 5848 “~16.
2689 5797 2733 5826 ⁵⁸
2781 5794 2793 5846 Ι
2831 5792 2984 5849 Joan.
3014 5811 3064 5858 v,
3100 5795 3148 5849 1.
3227 5795 3271 5825 ⁸⁸
3303 5792 3457 5850 Joan.
