4090 6536
92 483 116 535 Ι
127 478 254 536 289

1213 478 1301 533 DE
1340 477 1565 534 RECTA
1608 477 1761 534 FIDE
1799 475 1890 531 AD
1930 470 2243 530 REGiNAS.

3231 466 3368 524 1990

92 590 308 662 μένην,
357 590 493 644 ἀλλὰ
540 590 674 674 τὴν.
699 591 900 663 βρῶσιν
955 592 1053 663 τὴν
1108 593 1376 662 μένουσαν
1419 593 1500 656 εἶς
1545 591 1688 663 ζωὴν

1814 605 1846 644 n
1881 589 2044 644 vitam
2066 596 2346 650 aeternam,
2376 598 2536 656 quem
2578 582 2746 638 Filius
2779 580 3019 637 hominis
3071 579 3221 637 dabit
3272 595 3370 635 vo-

87 680 355 746 οιῐώνιον,
384 683 447 752 ἢν
473 683 502 732 6
526 682 652 746 Υἱὸς
683 681 776 735 τοῦ
807 681 1094 753 ἀνθρώπου
1127 683 1257 752 ὑμῖν
1286 682 1448 736 δώσει
1467 699 1482 715 ·
1502 681 1695 736 τοῦτον

89 772 222 843 γὰρ
244 775 280 825 '6
308 773 500 843 Πατὴρ
531 772 862 842 ἐσφράγισεν
892 774 920 824 6
945 772 1099 836 Θεός.
1133 791 1152 824 ι
1189 771 1401 843 Βρῶσιν
1438 772 1574 842 ἡμῖν
1609 769 1697 822 δὲ-

85 844 289 915 δωκεν
331 865 358 916 6
405 863 530 927 Υἱὸς
561 863 654 916 τοῦ
685 862 973 935 ἀνθρώπου
1000 864 1101 934 τὴν
1133 863 1409 933 μένουσαν
1444 864 1524 929 εις
1554 862 1697 934 ζωὴν

92 953 378 1015 αἰώνιον,
414 954 656 1025 δηλονότι
699 955 799 1026 τὴν
838 955 1019 1026 σάρκα
1061 953 1251 1018 αὐτοῦ,
1296 955 1390 1009 καὶ
1431 953 1540 1023 γάρ
1584 955 1698 1005 ἐστι

95 1043 406 1108 ζωοποιός.
438 1041 573 1099 Εἶτα
604 1045 723 1109 πῶς
764 1044 825 1097 οὑ
873 1044 1004 1108 Θεὸς
1033 1047 1061 1098 6
1093 1044 1376 1110 ζωοποιεῖν
1404 1044 1700 1114 δυνάμενος

95 1137 209 1189 καὶ
242 1136 335 1190 διὰ
367 1138 466 1205 τῆς
495 1137 630 1201 ἰδίας
659 1137 890 1207 σαρκὸς,
922 1136 1116 1200 ἐοικώς
1144 1155 1204 1192 τε
1230 1137 1369 1191 κατὰ
1413 1136 1593 1191 πάντα
1621 1133 1699 1205 τῷ

96 1226 237 1298 Θεῷ
261 1229 359 1282 καὶ
385 1228 558 1299 Πατρί
583 1245 598 1294 ;
644 1229 814 1282 Τοῦτο
845 1229 952 1300 γὰρ
985 1225 1102 1282 οἶδα
1127 1229 1321 1300 δηλοῦν
1350 1230 1410 1282 τὸ
1438 1230 1701 1298 ἐσφραγῖ-

101 1319 243 1372 σΘαι
273 1319 453 1388 λέγειν
494 1320 655 1372 αὐτὸν
685 1319 838 1389 παρὰ
873 1320 964 1372 τοῦ
991 1320 1147 1372 Θεοῦο
1179 1320 1272 1374 τοῦ
1302 1319 1700 1391 ἐσφραγῖσοαι

101 1406 481 1477 σημαίνοντος
507 1408 568 1460 τὸ
591 1410 838 1480 ἀκριϐῶς
864 1411 1126 1482 ἐμφερές.
1156 1413 1369 1484 Ὠσπερ
1399 1413 1506 1485 γὰρ
1528 1414 1576 1465 εἰ
1597 1429 1702 1482 κη-

104 1498 196 1568 ρῷ
233 1516 320 1562 τις
353 1497 587 1570 ἑμπὴξει
632 1501 903 1573 σφραγῖδα
933 1503 1165 1574 χρυσῆν,
1200 1504 1387 1574 ἧγοῦν
1414 1504 1473 1569 ἐξ
1507 1504 1701 1574 ἐτέρας

102 1590 262 1658 ὒλης
302 1591 706 1664 πεποιημένην,
735 1592 865 1665 ὃλην
913 1595 973 1659 ἐξ
1001 1595 1122 1648 ὅλου
1169 1599 1268 1665 τὴν
1306 1597 1503 1666 ὲαντῆς
1532 1595 1704 1666 ἐρ.φέ-

104 1698 277 1750 ρειαν
329 1684 749 1753 ἐνσημαίνεταιδ
796 1685 937 1738 οὕτω
986 1687 1080 1740 καὶ
1126 1691 1152 1740 6
1201 1688 1334 1751 Θεὸς
1381 1689 1476 1740 καὶ
1516 1687 1704 1760 Πατὴρ

101 1773 247 1834 τοὺς
281 1772 382 1842 τῆς
417 1774 612 1827 ἑαυτοῦ
640 1775 855 1844 φύσεως
903 1778 1256 1848 χαρακτῆρας
1287 1777 1563 1842 οὐσιωδῶς
1613 1779 1707 1848 Ep.-

102 1864 440 1933 πρέποντας
465 1867 577 1936 ἔχει
601 1867 678 1938 τῷ
711 1868 843 1937 Υἱῷ.
880 1870 989 1922 Καὶ
1017 1869 1176 1924 τοῦτό
1210 1873 1323 1924 ἐστι
1354 1875 1412 1924 τὸ
1439 1875 1703 1942 ἐσφραγῖ-

105 1954 248 2008 σθαι
281 1957 463 2025 λέγειν
494 1959 657 2012 αὑτὸν
682 1961 832 2031 παρὰ
861 1962 955 2014 τοῦ
988 1963 1222 2032 Πατρός.

353 2075 453 2125 Ἐκ
484 2073 592 2126 τοῦ
622 2073 774 2126 κατὰ
806 2073 1046 2130 Αουκᾶν
1081 2079 1474 2147 Εῠυγγελίου.

193 2179 431 2255 Ἔγειρε
475 2185 565 2238 τὸν
602 2185 853 2259 Λάζαρον
883 2191 912 2242 6
943 2191 1208 2260 Χριστὸς,
1240 2193 1300 2244 τὸ
1329 2191 1423 2245 τοῦ
1455 2194 1710 2263 ἀρχισυν-

104 2279 348 2346 αγώγου
373 2279 687 2350 θυγάτριον,
719 2283 809 2334 τὸν
834 2284 933 2354 τῆς
963 2286 1142 2355 χήρας
1168 2287 1304 2337 υἱόν.
1333 2282 1484 2348 Εἶτα,
1512 2285 1628 2348 πῶς
1647 2286 1710 2338 οὐ

105 2373 240 2442 ζωὴ
268 2372 414 2424 κατὰ
443 2373 603 2439 φύσιν
634 2375 782 2425 ἐστὶν
834 2377 862 2427 6
902 2376 976 2444 μὴ
1014 2377 1159 2446 μόνῳ
1198 2377 1339 2446 λόγῳ
1385 2379 1711 2430 καταπτοεῖν

104 2467 213 2520 τὸν
243 2466 479 2518 Θάνατον
509 2466 828 2535 δυνάμενος,
861 2467 994 2541 eam
1023 2468 1128 2539 γὰρ
1162 2470 1253 2522 καὶ
1282 2472 1347 2540 τῇ
1393 2469 1493 2539 τῆς
1531 2469 1708 2540 χειρὸς

104 2561 273 2628 ixmil;
307 2558 414 2611 Καὶ
453 2559 562 2628 γὰρ
606 2554 676 2630 ἦν
704 2559 998 2612 ἀκόλουθόν
1030 2577 1088 2612 τε
1121 2561 1214 2614 καὶ
1236 2562 1550 2629 ἀναγκαῖον,
1585 2561 1713 2625 ζωο-

104 2649 282 2703 ποιὸν
312 2645 450 2703 εἶναι
478 2651 537 2703 τὸ
571 2651 734 2721 σῶμα
771 2651 867 2721 τῆς
896 2653 1038 2705 κατὰ
1070 2650 1233 2721 φύσιν
1262 2651 1428 2723 ζωῆς.

443 2938 562 2990 Ὅτι
599 2938 956 3007 ἱλαστήριον
993 2937 1092 2991 διὰ
1126 2938 1405 3004 πίστεως.

537 3047 625 3099 Ἐκ
657 3045 764 3113 τῆς
791 3047 941 3113 πρὸς
978 3047 1319 3115 Ῥωμαίους.

193 3163 269 3215 ﬂe
283 3162 336 3234 ρὶ
367 3161 603 3232 Χριστοῦ
635 3179 798 3230 φησιν
818 3177 831 3190 °
872 3181 888 3212 ι
935 3163 1031 3214 Ὃν
1063 3161 1327 3234 προέθετο
1355 3163 1382 3215 6
1406 3160 1538 3225 Θεὸς
1596 3162 1710 3215 ἱλα-

114 3257 353 3324 στήριον
380 3253 471 3305 διὰ
503 3253 736 3315 πίστεως
763 3255 818 3306 ἐν
845 3254 922 3323 τῷ
945 3253 1109 3307 αὑτοῦ
1133 3254 1347 3324 αἵματι,
1371 3257 1450 3318 εἰς
1485 3254 1706 3321 ἔνδειξιν

110 3347 226 3412 ’.τῆς
256 3341 602 3411 δικαιοσύνης
636 3343 822 3405 αὑτοῦ,
872 3343 960 3395 διὰ
990 3343 1088 3411 τὴν
1118 3345 1347 3414 πάρεσιν
1376 3344 1485 3397 τῶν
1510 3361 1709 3415 προγε-

114 3436 366 3504 γονότων
395 3435 831 3504 ἁμαρτημάτων,
867 3437 923 3486 ὲν
952 3438 1016 3504 τῇ
1055 3438 1221 3506 ἀνοχῇ
1252 3435 1345 3489 τοῦ
1385 3436 1543 3503 Θεοῦ,
1574 3438 1710 3509 πρὸς

115 3531 224 3598 τὴν
255 3528 480 3594 ἔνδειξιν
505 3529 601 3598 τῆς
625 3527 969 3597 δικαιοσύνης
996 3527 1183 3594 αὑτοῦ,
1207 3531 1264 3581 ὲν
1288 3528 1367 3600 τῷ
1386 3529 1481 3582 νῦν
1514 3529 1708 3602 καιρῷ,

117 3623 208 3684 εἰς
242 3621 303 3673 τὸ
332 3614 471 3671 εἶναι
507 3617 670 3671 αὑτὸν
718 3617 923 3669 δίκαιον
950 3657 964 3678 ,
1017 3617 1113 3670 καὶ
1143 3617 1459 3671 δικαιοῦντα
1503 3619 1595 3671 τὸν
1647 3621 1711 3672 ὲκ

117 3713 372 3775 πίστεως
407 3711 632 3781 Ἰησοῦν.
672 3730 689 3762 ι
725 3711 786 3762 Εἰ
812 3710 912 3761 ούκ
942 3705 1008 3779 ἦν
1050 3709 1248 3781 ἑτέρως
1278 3710 1590 3780 ἱλαστήριον
1620 3728 1712 3778 γε·

119 3800 320 3854 νὲσῢαι
366 3802 600 3871 Χριστὸν
631 3805 740 3864 τοῖς
783 3803 840 3854 ἐν
873 3801 1118 3872 ἁμαρτία
1152 3801 1244 3853 καὶ
1279 3801 1387 3872 ἀρᾷ
1423 3802 1517 3854 καὶ
1550 3801 1713 3854 Θανά-

119 3912 223 3945 του
260 3895 408 3965 δίκῃ,
447 3894 585 3964 πλὴν
611 3896 691 3947 ὅτι
719 3894 786 3946 δι’
823 3895 1052 3963 αἵματος
1094 3893 1180 3945 διὰ
1209 3892 1305 3963 τὴν
1335 3893 1563 3962 πάρεσιν
1603 3893 1712 3944 τῶν

121 3987 552 4055 προγεγονότων
604 3987 1015 4056 ἁμαρτημάτων
1067 3984 1342 4052 ἐκχεῖσοαι
1396 3983 1709 4053 μέλλοντος·

121 4080 249 4141 πώς
295 4080 396 4132 οῦκ
443 4080 739 4145 ἀναγκαῖον
771 4077 948 4145 σάρκα
984 4075 1237 4142 γενέσθαι
1268 4074 1359 4126 τὸν
1390 4075 1581 4142 Λόγον,
1625 4076 1710 4128 ἵνα

120 4173 226 4221 καὶ
271 4171 467 4240 αἵματι
501 4169 577 4239 τῷ
615 4168 748 4236 ἱδὶῳ,
783 4166 941 4234 δῆλον
989 4166 1044 4218 δὲ
1102 4166 1204 4228 ὅτι,
1252 4165 1330 4234 τῷ
1376 4167 1474 4234 τῆς
1518 4167 1711 4218 ἑαυτοῦ

127 4263 378 4330 σαρκὸς,
450 4261 716 4330 δικαιώσῃ
784 4260 989 4320 πάντας
1055 4258 1182 4320 τοὺς
1247 4259 1321 4320 εἰς,
1401 4258 1563 4310 αὑτὸν
1629 4278 1714 4312 ττι-

125 4351 453 4420 στεύονταςς

123 4468 262 4519 Ὅτι
313 4465 754 4531 λελυτρώμεθα,
812 4465 909 4518 καὶ
960 4464 1072 4528 τὴν
1114 4463 1508 4530 καταλλαγὴν
1559 4463 1709 4530 πρὸς

260 4535 410 4587 Θεὸν
446 4536 795 4604 ἐσχήκαμεν
822 4536 919 4589 διὰ
948 4535 1054 4588 τοῦ
1085 4534 1334 4600 αἵματος
1366 4532 1575 4586 αὑτοῦ.

393 4646 494 4698 Ἐκ
522 4646 630 4712 τῆς
665 4649 815 4714 πρὸς
847 4649 1192 4715 Κορινθίους
1225 4645 1479 4712 πρώτης.

207 4784 228 4817 ς
279 4761 371 4826 Ἐξ
405 4757 568 4812 αὑτοῦ
619 4758 674 4810 δὲ
708 4759 865 4826 ὑμεῖς
901 4763 1018 4812 ἐστε
1055 4763 1112 4812 ἐν
1156 4759 1374 4832 Χριστῷ
1411 4757 1580 4828 Ἰησοῦ
1603 4798 1616 4820 ,
1652 4758 1709 4820 ὃς
1765 4809 1773 4816 _

123 4857 399 4927 ἐγεννήθη
419 4857 435 4889 ¹
476 4852 638 4918 σοφία
667 4852 797 4920 ἡμῖν
827 4853 936 4903 ἀπὸ
962 4852 1117 4917 Θεοῦ,
1154 4852 1465 4920 δικαιοσύνη
1502 4867 1582 4914 τε,
1613 4852 1707 4903 καὶ

125 4948 426 5020 ἁγιασμὸς,
453 4946 547 4999 καὶ
573 4942 950 5013 ἀπολύτρωσις
973 4959 985 4970 ⁸
1022 4945 1129 5008 ἵνα,
1159 4945 1341 5008 καοὼς
1375 4946 1704 5013 γέγραπται,

135 5049 197 5096 't)
228 5042 607 5111 καυχώμενος,
639 5038 696 5089 ἐν
713 5035 900 5106 Κυρίῳ
931 5036 1240 5104 καυχάσθω.
1269 5056 1286 5087 ι
1313 5033 1711 5106 Λελοτρώμεοα

123 5138 311 5188 τοίνυν
348 5137 406 5185 ὲν
435 5131 678 5204 Χριστῷ,
711 5129 804 5183 καὶ
849 5127 1181 5197 ἡγιάσμεθα,
1219 5131 1313 5182 καὶ
1361 5130 1515 5197 σοφοὶ
1548 5127 1708 5196 γεγό-

126 5243 322 5295 ναμεν.
357 5242 375 5274 ι
408 5226 568 5277 Πᾶσα
600 5224 655 5276 δὲ
678 5223 823 5285 δόσις
848 5220 1057 5289 ἀγαθὴ,
1089 5225 1180 5271 καὶ
1220 5224 1329 5274 πᾶν
1361 5222 1590 5292 δώρημα
1625 5217 1711 5271 τέ-

124 5321 270 5370 λειον
304 5315 509 5368 ἄνωθέν
542 5319 679 5379 ἐστι,
705 5315 1030 5369 καταϐαῖνον
1062 5313 1215 5383 παρὰ
1243 5314 1334 5367 τοῦ
1361 5315 1572 5384 ιῐατρὸς
1598 5311 1708 5365 τῶν

128 5411 358 5480 φώτων,
395 5408 642 5460 τουτέστι
668 5407 823 5462 Θεοῦ,
861 5426 878 5457 ›
917 5402 1052 5458 Εἶτα
1104 5405 1221 5468 πῶς
1253 5407 1314 5458 οῦ
1351 5408 1483 5470 Θεὸς
1513 5408 1539 5459 6
1573 5407 1708 5477 Χριο

204 5565 248 5594 “⁸
276 5561 434 5615 Joan.
469 5577 539 5620 vr.
567 5563 656 5616 9.7.
737 5565 781 5595 ⁶⁶
815 5564 968 5619 Joau.
1005 5578 1078 5626 XI,
1105 5561 1194 5614 45.

132 5653 172 5698 ι.
215 5633 424 5698 50,51.
501 5631 685 5690 “Jac.
723 5650 760 5698 ι,
807 5637 888 5689 l7.

1307 5562 1347 5591 ⁶⁷
1384 5562 1512 5618 Luc.
1557 5580 1674 5630 νιιι,
1711 5565 1797 5618 5-4.

1799 680 1911 735 bis:
1937 680 2082 734 hunc
2108 679 2253 733 enim
2279 674 2440 730 Pater
2466 674 2698 744 signavit
2723 672 2864 728 Deus
2893 673 2960 724 ".
2987 689 3006 724 ι
3042 669 3236 728 Cibum
3274 683 3369 725 no-

1801 770 1884 826 bis
1912 771 2220 841 impertitus
2247 779 2334 824 est
2355 766 2773 822 Filiushominis
2791 774 3101 820 manentem
3124 764 3178 820 in
3204 765 3369 818 vitam

1800 875 2082 928 aeternam,
2112 863 2368 918 nimirum
2401 876 2552 917 suam
2584 874 2838 925 carnem;
2892 867 2976 914 est
3016 858 3162 912 enim
3193 871 3256 912 ea
3285 857 3370 910 vi-

1805 956 1983 1010 riiica.
2023 955 2142 1012 Jam
2172 957 2445 1025 quomodo
2473 955 2517 1010 is
2546 954 2687 1008 Deus
2712 968 2818 1009 non
2848 960 2955 1017 est,
2982 951 3073 1023 qui
3113 966 3209 1022 per
3248 965 3372 1021 pro-

1803 1047 1974 1115 priam
2006 1063 2224 1118 quoque
2246 1063 2468 1103 carnem
2496 1046 2774 1103 viviﬁeare
2808 1055 3005 1117 potest,
3029 1046 3230 1116 quique
3263 1044 3375 1096 Deo

1809 1149 1864 1191 et
1886 1137 2035 1192 Patri
2068 1154 2166 1206 per
2196 1141 2378 1193 omnia
2407 1138 2630 1208 aqualis
2660 1137 2782 1194 est?
2810 1136 2921 1191 Hoc
2943 1136 3086 1190 enim
3115 1135 3373 1195 insinuat,

1804 1231 1929 1284 dum
1970 1246 1999 1284 a
2035 1231 2143 1285 Deo
2171 1231 2512 1302 obsignatum
2542 1231 2649 1303 97
2673 1245 2733 1285 se
2767 1229 3102 1299 pronuntiat.
3155 1225 3372 1282 Etenim

1804 1320 2540 1390 obsignationir'vocabulum
2570 1339 2885 1394 expressam
2955 1319 3373 1377 similitudinem

1805 1412 2029 1468 indicat.
2072 1414 2540 1480 Quemadmodum
2573 1416 2718 1470 enim
2752 1416 2795 1469 si
2830 1414 2954 1484 quis
2982 1426 3233 1477 aureum,
3275 1418 3371 1463 aut

1806 1501 2031 1558 alterius
2062 1505 2305 1574 cujusvis
2357 1507 2601 1560 materire
2641 1507 2882 1577 sigillum
2915 1521 3057 1560 cera
3086 1505 3381 1571 impresse-

1808 1595 1898 1662 rit,
1933 1605 2098 1650 totam
2130 1598 2355 1654 omnino
2381 1598 2545 1669 sigilli
2577 1599 2719 1654 illius
2753 1597 2982 1668 eﬂigiem
3013 1596 3260 1650 inducit:
3300 1593 3375 1647 ita

1809 1685 1954 1742 Deus
1997 1686 2157 1743 Pater
2178 1704 2394 1760 quoque
2429 1704 2768 1760 expressam,
2805 1688 3150 1756 conspicuam
3206 1699 3382 1740 essen-

1811 1778 2098 1849 tialemque
2154 1788 2360 1836 naturae
2407 1797 2517 1836 sure
2550 1781 2776 1851 ﬁguram
2809 1781 2860 1833 in
2893 1778 3030 1833 Filio
3068 1778 3251 1832 habet.
3279 1775 3377 1828 At-

1810 1881 1913 1935 que
1946 1868 2088 1923 istud
2115 1879 2198 1923 est
2227 1870 2366 1940 quod
2392 1885 2450 1924 se
2484 1885 2510 1922 a
2539 1868 2696 1924 Patre
2729 1870 3069 1940 obsignatum
3092 1865 3339 1921 aﬂirmet.

2095 2064 2181 2118 Ex
2219 2065 2510 2135 Evangelia
2565 2067 2850 2120 secundum
2881 2064 3100 2119 Lucam.

1887 2175 2248 2231 Exsuscitavit
2291 2176 2539 2233 Christus
2596 2176 2860 2231 Lazarum
2907 2177 2974 2241 “,
3042 2187 3152 2231 tum
3208 2177 3386 2232 archi-

1817 2271 2076 2341 synagogi
2121 2286 2337 2340 quoque
2372 2271 2538 2326 tiliam
2569 2273 2636 2335 ⁸⁷,
2660 2281 2714 2326 et
2739 2273 2912 2325 viduae
2949 2271 3118 2326 lilium
3147 2269 3214 2325 ⁸⁸.
3253 2270 3385 2338 Quis

1813 2376 1942 2430 ergo
1974 2372 2150 2430 neget,
2180 2362 2271 2431 qui
2302 2363 2407 2415 vita
2440 2363 2738 2416 secundum
2767 2369 3013 2415 naturam
3044 2363 3296 2425 exsistat,
3329 2371 3387 2414 ιιι

1812 2454 1903 2522 qui
1929 2468 2031 2506 non
2063 2462 2272 2507 tantum
2318 2455 2501 2519 verbo,
2527 2453 2620 2508 sed
2654 2468 2765 2508 sua:
2795 2468 3008 2522 quoque
3039 2467 3233 2507 manus
3257 2466 3389 2506 con-

1815 2555 1961 2598 tactu
1989 2556 2222 2600 mortem
2262 2545 2718 2615 perterrefaciat?
2747 2546 2875 2600 Erat
2915 2547 3057 2598 enim
3097 2554 3387 2600 consenta-

1816 2653 1996 2702 neum,
2053 2639 2161 2692 imo
2215 2653 2343 2693 Vero
2404 2639 2625 2692 onmino
2687 2638 3079 2703 necessarium,
3114 2649 3168 2692 ut
3193 2653 3390 2708 corpus

1820 2729 1961 2782 illius
1984 2739 2127 2783 esset
2157 2729 2450 2794 riviticum,
2480 2732 2572 2799 qui
2609 2730 2716 2783 vita
2749 2739 2869 2784 erat
2897 2729 3193 2784 secundum
3223 2742 3387 2784 natu-

1815 2835 1951 2874 ram.

2000 2935 2152 2997 Quod
2177 2931 2422 2989 Christus
2457 2950 2549 3001 per
2579 2933 2737 3001 ﬁdem
2772 2934 2836 2986 sit
2877 2935 3204 3002 pmpitiatio.

2237 3041 2318 3096 Ea:
2343 3042 2581 3111 Epistola
2615 3044 2682 3096 ad
2712 3041 2999 3098 Romanos.

1890 3176 1907 3208 ι
1954 3156 2125 3223 Quem
2158 3157 2247 3228 (de
2285 3156 2505 3211 Christo
2553 3171 2733 3210 sermo
2762 3160 2866 3227 est)
2927 3161 3208 3228 proposuit
3243 3159 3388 3216 Deus

1816 3250 2256 3320 propitiationem
2319 3264 2413 3318 per
2449 3249 2608 3303 tidem
2673 3249 2725 3302 in
2777 3253 3040 3320 sanguine
3086 3253 3274 3322 ipsius,
3327 3260 3393 3310 ad

1819 3345 2183 3399 ostensionem
2210 3343 2437 3411 iustitia:
2457 3359 2585 3406 suaa,
2621 3355 2839 3411 propter
2861 3346 3229 3401 remissionem
3260 3365 3393 3417 prte-

1820 3437 2126 3491 cedentium
2181 3435 2526 3498 delictorum,
2592 3435 2644 3487 in
2700 3437 3097 3490 sustentatione
3150 3439 3266 3502 Dei,
3330 3444 3394 3493 ad

1820 3529 2182 3583 ostensionem
2220 3527 2443 3596 iustitia:
2469 3527 2585 3594 ejus
2616 3527 2666 3580 in
2699 3527 3156 3596 hoetempore,ut
3177 3532 3247 3584 sit
3281 3533 3396 3602 ipse

1817 3623 2018 3691 justus,
2048 3620 2430 3691 etjustilicans
2455 3633 2578 3674 eum
2610 3618 2700 3688 qui
2743 3629 2826 3673 est
2853 3635 2919 3672 ex
2958 3620 3058 3684 [ide
3085 3621 3210 3676 Jesu
3236 3625 3395 3678 tihri—

1822 3716 1888 3770 sli
1921 3717 1987 3766 θ’,
2028 3734 2046 3766 ι
2078 3714 2135 3769 Si
2168 3713 2270 3765 alia
2307 3713 2515 3765 ratione
2573 3711 2696 3764 illos
2744 3713 2965 3778 expiare
3023 3730 3125 3767 non
3185 3713 3396 3782 poterat

1821 3807 2194 3878 Christus,qui
2217 3815 2457 3875 peccato,
2477 3813 2532 3856 et
2552 3804 2912 3858 maledictioni
2928 3846 2941 3868 ,
2974 3816 3026 3858 et
3049 3808 3237 3861 mortis
3260 3825 3390 3876 sup-

1824 3903 1982 3971 plicio
2011 3899 2230 3953 obnoxii
2256 3897 2614 3958 tenebantur,
2667 3895 2767 3948 nisi
2802 3898 3118 3964 sanguinem
3157 3916 3311 3952 suum
3341 3902 3391 3953 in

1823 3991 2246 4064 praecedentium
2274 3997 2619 4057 peccatorqu
2674 3987 3054 4042 remissionem
3103 3993 3392 4058 profunde-

1825 4095 1940 4151 ret;
1977 4081 2249 4152 quomodo
2282 4089 2338 4132 ιιι
2377 4077 2607 4132 Verbum
2638 4093 2765 4132 caro
2799 4081 2970 4143 lieret,
3017 4088 3386 4140 necessarium

1826 4193 1929 4231 non
1976 4185 2119 4238 erat,
2165 4186 2356 4239 nempe
2386 4185 2493 4238 quo
2525 4170 2767 4239 proprio,
2818 4171 2919 4225 hoc
2948 4184 3030 4224 est
3074 4189 3184 4227 suae
3229 4177 3399 4246 ipsius

1822 4269 2004 4326 carnis
2039 4308 2053 4331 ,
2082 4264 2341 4336 sanguine
2387 4279 2598 4326 omnes,
2661 4264 2751 4332 qui
2807 4263 2857 4317 in
2896 4265 3068 4333 ipsum
3139 4272 3393 4324 credituri

1821 4371 1998 4426 erant,
2029 4355 2387 4426 justilicaret?

1916 4474 2066 4539 Quod
2090 4489 2180 4541 per
2209 4469 2407 4524 Christi
2439 4470 2744 4542 sanguinem
2781 4468 3032 4536 redempti
3066 4470 3275 4542 Deoque

2331 4539 2658 4590 reconciliari
2682 4553 2886 4591 sumus.

2229 4649 2314 4700 Ex
2341 4647 2510 4716 priori
2553 4646 2623 4698 ad
2646 4645 2973 4702 Corinthios.

1895 4779 1911 4810 ‹
1955 4759 2029 4812 Ex
2069 4760 2184 4825 ipso
2238 4765 2419 4808 autem
2461 4770 2555 4810 vos
2599 4757 2732 4812 estis
2774 4759 2826 4811 in
2865 4760 3084 4816 Christo
3111 4762 3391 4839 Jesu,,qui

1819 4855 1990 4904 factus
2012 4859 2092 4903 est
2118 4848 2276 4903 nobis
2317 4849 2582 4916 sapientia
2621 4850 2733 4919 98
2767 4867 2794 4901 a
2827 4850 2953 4915 Deo,
2990 4854 3300 4923 etjustitia,
3339 4873 3393 4914 et

1817 4941 2268 5006 sanetilicatio,et
2303 4941 2635 5010 redemptio;
2669 4951 2747 5006 ut,
2773 4946 3228 5016 quemadmodum
3262 4952 3393 5006 scri-

1818 5046 1964 5104 ptum
2014 5045 2118 5100 est,
2171 5035 2260 5105 qui
2301 5034 2580 5107 gloriatur,
2637 5035 2689 5087 in
2722 5035 2948 5089 Domino
2978 5037 3238 5108 glorietur
3262 5043 3330 5096 7°.
3365 5065 3382 5095 ι

1820 5127 1873 5182 In
1914 5127 2132 5183 Christo
2167 5128 2348 5196 itaque
2380 5125 2669 5194 redempti,
2698 5135 2750 5180 et
2780 5128 3130 5196 sanetiilcati,
3191 5143 3244 5186 et
3297 5150 3389 5187 sa-

1819 5224 2029 5293 pientes
2058 5220 2182 5276 facti
2221 5234 2430 5274 sumus.
2492 5237 2508 5270 ι
2546 5215 2719 5273 Omne
2771 5229 2950 5274 autem
3007 5221 3192 5276 datum
3247 5227 3389 5294 opti-

1822 5330 1992 5380 mum,
2059 5325 2112 5368 et
2141 5326 2300 5367 omne
2340 5311 2536 5365 donum
2595 5310 2894 5380 perfectum
2959 5312 3245 5368 desursum
3284 5331 3388 5382 est,

1822 5405 2157 5461 descendens
2183 5417 2212 5454 a
2233 5401 2391 5456 Patre
2417 5401 2679 5457 luminum
2701 5403 2769 5466 ",
2787 5422 2803 5452 ι
2832 5403 2933 5457 hoc
2957 5413 3064 5470 est,
3097 5404 3226 5460 Deo.
3252 5405 3387 5463 Cum

1915 5562 1956 5591 “‘
1991 5561 2120 5613 Luc.
2152 5574 2244 5622 vn,
2290 5559 2371 5613 li.
2467 5559 2509 5591 "
2544 5559 2698 5614 Rom.
2731 5576 2810 5626 ιιι,
2838 5559 2930 5631 95,
2956 5561 3046 5617 96.
3132 5564 3222 5618 τοι
3261 5565 3384 5622 Cor.

1195 5770 1362 5824 Varia:
1391 5769 1647 5824 lertimics
1677 5770 1877 5822 rodit-is
1915 5768 2271 5836 Seguieriani.

221 5912 238 5949 ³
268 5912 516 5982 ἐγενήθη.

337 6007 607 6065 Parnm.
666 6006 782 6064 (in.
828 6005 918 6063 LX
934 6006 1088 6064 XVI.

2875 5997 2940 6055 41
