  <div class='ocr_page' id='page_1' title='image "/cluster/home/n/w/nwhite01/storage/ocr_20150623/76/uva.x030486937/655.png"; bbox 0 0 4090 6504; ppageno 0'>
   <div class='ocr_carea' id='block_1_1' title="bbox 730 423 857 478">
    <p class='ocr_par' dir='ltr' id='par_1_1' title="bbox 730 423 857 478">
     <span class='ocr_line' id='line_1_1' title="bbox 730 423 857 478; baseline -0.016 -2"><span class='ocrx_word' id='word_1_1' title='bbox 730 423 857 478; x_wconf 60' lang='grc'><strong>’1291</strong></span> 
     </span>
    </p>
   </div>
   <div class='ocr_carea' id='block_1_2' title="bbox 1771 419 2999 486">
    <p class='ocr_par' dir='ltr' id='par_1_2' title="bbox 1771 419 2999 486">
     <span class='ocr_line' id='line_1_2' title="bbox 1771 419 2999 486; baseline 0.007 -10"><span class='ocrx_word' id='word_1_2' title='bbox 1771 422 1828 476; x_wconf 90' lang='lat' dir='ltr'><strong>S.</strong></span> <span class='ocrx_word' id='word_1_3' title='bbox 1870 419 2142 478; x_wconf 81' lang='lat' dir='ltr'><strong>CYRILLI</strong></span> <span class='ocrx_word' id='word_1_4' title='bbox 2180 423 2642 482; x_wconf 76' lang='lat' dir='ltr'><strong>ALEXANDRINI</strong></span> <span class='ocrx_word' id='word_1_5' title='bbox 2684 427 2999 486; x_wconf 82' lang='lat' dir='ltr'><strong>ARCHIEP.</strong></span> 
     </span>
    </p>
   </div>
   <div class='ocr_carea' id='block_1_3' title="bbox 3857 432 3989 488">
    <p class='ocr_par' dir='ltr' id='par_1_3' title="bbox 3857 432 3989 488">
     <span class='ocr_line' id='line_1_3' title="bbox 3857 432 3989 488; baseline 0 0"><span class='ocrx_word' id='word_1_6' title='bbox 3857 432 3989 488; x_wconf 69' lang='lat' dir='ltr'><strong>i292</strong></span> 
     </span>
    </p>
   </div>
   <div class='ocr_carea' id='block_1_4' title="bbox 725 537 2286 621">
    <p class='ocr_par' dir='ltr' id='par_1_4' title="bbox 725 537 2286 610">
     <span class='ocr_line' id='line_1_4' title="bbox 725 537 2286 610; baseline -0.001 -14"><span class='ocrx_word' id='word_1_7' title='bbox 725 554 853 610; x_wconf 78' lang='lat' dir='ltr'><strong>ergo</strong></span> <span class='ocrx_word' id='word_1_8' title='bbox 906 537 1156 594; x_wconf 77' lang='lat' dir='ltr'><strong>Christus</strong></span> <span class='ocrx_word' id='word_1_9' title='bbox 1206 539 1544 609; x_wconf 80' lang='lat' dir='ltr'><strong>sapientiam,</strong></span> <span class='ocrx_word' id='word_1_10' title='bbox 1590 549 1643 594; x_wconf 93' lang='lat' dir='ltr'><strong>et</strong></span> <span class='ocrx_word' id='word_1_11' title='bbox 1686 538 2194 606; x_wconf 84' lang='lat' dir='ltr'><strong>sanetiticationem,</strong></span> <span class='ocrx_word' id='word_1_12' title='bbox 2239 551 2286 597; x_wconf 83' lang='lat' dir='ltr'><strong>et</strong></span> 
     </span>
    </p>
   </div>
   <div class='ocr_carea' id='block_1_5' title="bbox 2393 537 3992 621">
    <p class='ocr_par' dir='ltr' id='par_1_5' title="bbox 2397 546 3992 621">
     <span class='ocr_line' id='line_1_5' title="bbox 2397 546 3992 621; baseline 0.001 -23"><span class='ocrx_word' id='word_1_13' title='bbox 2397 546 2540 610; x_wconf 82' lang='grc' dir='ltr'>στὸς,</span> <span class='ocrx_word' id='word_1_14' title='bbox 2579 547 2608 596; x_wconf 85' lang='grc' dir='ltr'><strong>ό</strong></span> <span class='ocrx_word' id='word_1_15' title='bbox 2655 546 2848 615; x_wconf 59' lang='grc' dir='ltr'>σοφίαν</span> <span class='ocrx_word' id='word_1_16' title='bbox 2893 564 2954 600; x_wconf 85' lang='grc' dir='ltr'><strong>τε</strong></span> <span class='ocrx_word' id='word_1_17' title='bbox 3005 547 3097 600; x_wconf 79' lang='grc' dir='ltr'><strong>καὶ</strong></span> <span class='ocrx_word' id='word_1_18' title='bbox 3143 549 3416 621; x_wconf 68' lang='grc' dir='ltr'>ἁγιασμόν</span> <span class='ocrx_word' id='word_1_19' title='bbox 3455 549 3554 604; x_wconf 71' lang='grc' dir='ltr'><strong>καὶ</strong></span> <span class='ocrx_word' id='word_1_20' title='bbox 3600 547 3992 618; x_wconf 79' lang='grc' dir='ltr'>ἀπολύτρωσιν</span> 
     </span>
    </p>
   </div>
   <div class='ocr_carea' id='block_1_6' title="bbox 724 631 2296 702">
    <p class='ocr_par' dir='ltr' id='par_1_6' title="bbox 724 631 2296 702">
     <span class='ocr_line' id='line_1_6' title="bbox 724 631 2296 702; baseline 0.004 -19"><span class='ocrx_word' id='word_1_21' title='bbox 724 631 1152 700; x_wconf 83' lang='lat' dir='ltr'><strong>redemptionem</strong></span> <span class='ocrx_word' id='word_1_22' title='bbox 1204 631 1360 687; x_wconf 88' lang='lat' dir='ltr'><strong>nobis</strong></span> <span class='ocrx_word' id='word_1_23' title='bbox 1395 631 1672 702; x_wconf 81' lang='lat' dir='ltr'><strong>largiatur,</strong></span> <span class='ocrx_word' id='word_1_24' title='bbox 1733 631 2002 700; x_wconf 85' lang='lat' dir='ltr'><strong>quomodo</strong></span> <span class='ocrx_word' id='word_1_25' title='bbox 2054 646 2160 688; x_wconf 88' lang='lat' dir='ltr'><strong>non</strong></span> <span class='ocrx_word' id='word_1_26' title='bbox 2209 643 2296 689; x_wconf 89' lang='lat' dir='ltr'><strong>est</strong></span> 
     </span>
    </p>
   </div>
   <div class='ocr_carea' id='block_1_7' title="bbox 721 719 907 779">
    <p class='ocr_par' dir='ltr' id='par_1_7' title="bbox 721 719 907 779">
     <span class='ocr_line' id='line_1_7' title="bbox 721 719 907 779; baseline 0 -3"><span class='ocrx_word' id='word_1_27' title='bbox 721 719 796 777; x_wconf 88' lang='lat' dir='ltr'><strong>De</strong></span> <span class='ocrx_word' id='word_1_28' title='bbox 805 740 866 779; x_wconf 91' lang='lat' dir='ltr'><strong>us</strong></span> <span class='ocrx_word' id='word_1_29' title='bbox 884 723 907 776; x_wconf 91' lang='lat'><strong>?</strong></span> 
     </span>
    </p>
   </div>
   <div class='ocr_carea' id='block_1_8' title="bbox 847 837 2181 907">
    <p class='ocr_par' dir='ltr' id='par_1_8' title="bbox 847 837 2181 907">
     <span class='ocr_line' id='line_1_8' title="bbox 847 837 2181 907; baseline 0.004 -17"><span class='ocrx_word' id='word_1_30' title='bbox 847 837 1004 902; x_wconf 80' lang='lat' dir='ltr'><strong>Quod</strong></span> <span class='ocrx_word' id='word_1_31' title='bbox 1031 843 1122 907; x_wconf 78' lang='lat' dir='ltr'><strong>per</strong></span> <span class='ocrx_word' id='word_1_32' title='bbox 1147 837 1339 892; x_wconf 79' lang='lat' dir='ltr'><strong>Christi</strong></span> <span class='ocrx_word' id='word_1_33' title='bbox 1368 837 1672 907; x_wconf 82' lang='lat' dir='ltr'><strong>sanguinem</strong></span> <span class='ocrx_word' id='word_1_34' title='bbox 1701 837 1948 907; x_wconf 80' lang='lat' dir='ltr'><strong>redempti</strong></span> <span class='ocrx_word' id='word_1_35' title='bbox 1978 853 2181 896; x_wconf 73' lang='lat' dir='ltr'><strong>sumus.</strong></span> 
     </span>
    </p>
   </div>
   <div class='ocr_carea' id='block_1_9' title="bbox 1135 947 1870 1018">
    <p class='ocr_par' dir='ltr' id='par_1_9' title="bbox 1135 947 1870 1018">
     <span class='ocr_line' id='line_1_9' title="bbox 1135 947 1870 1018; baseline 0.004 -16"><span class='ocrx_word' id='word_1_36' title='bbox 1135 947 1220 1002; x_wconf 77' lang='lat' dir='ltr'><strong>Ea:</strong></span> <span class='ocrx_word' id='word_1_37' title='bbox 1249 947 1484 1014; x_wconf 80' lang='lat' dir='ltr'><strong>Epistola</strong></span> <span class='ocrx_word' id='word_1_38' title='bbox 1512 950 1682 1018; x_wconf 83' lang='lat' dir='ltr'><strong>prima</strong></span> <span class='ocrx_word' id='word_1_39' title='bbox 1706 948 1870 1006; x_wconf 79' lang='lat' dir='ltr'><strong>Petri.</strong></span> 
     </span>
    </p>
   </div>
   <div class='ocr_carea' id='block_1_10' title="bbox 815 1059 2292 1131">
    <p class='ocr_par' dir='ltr' id='par_1_10' title="bbox 815 1059 2292 1131">
     <span class='ocr_line' id='line_1_10' title="bbox 815 1059 2292 1131; baseline 0.002 -19"><span class='ocrx_word' id='word_1_40' title='bbox 815 1081 833 1112; x_wconf 73' lang='grc' dir='ltr'><strong>ι</strong></span> <span class='ocrx_word' id='word_1_41' title='bbox 863 1062 1105 1117; x_wconf 85' lang='lat' dir='ltr'><strong>Scientes</strong></span> <span class='ocrx_word' id='word_1_42' title='bbox 1138 1059 1278 1130; x_wconf 88' lang='lat' dir='ltr'><strong>quod</strong></span> <span class='ocrx_word' id='word_1_43' title='bbox 1316 1074 1421 1114; x_wconf 90' lang='lat' dir='ltr'><strong>non</strong></span> <span class='ocrx_word' id='word_1_44' title='bbox 1445 1062 1888 1131; x_wconf 83' lang='lat' dir='ltr'><strong>corruptibilibus</strong></span> <span class='ocrx_word' id='word_1_45' title='bbox 1917 1080 2049 1118; x_wconf 85' lang='lat' dir='ltr'><strong>auro</strong></span> <span class='ocrx_word' id='word_1_46' title='bbox 2075 1063 2158 1119; x_wconf 78' lang='lat' dir='ltr'><strong>vel</strong></span> <span class='ocrx_word' id='word_1_47' title='bbox 2201 1079 2292 1117; x_wconf 83' lang='lat' dir='ltr'><strong>ar-</strong></span> 
     </span>
    </p>
   </div>
   <div class='ocr_carea' id='block_1_11' title="bbox 724 1150 2292 1221">
    <p class='ocr_par' dir='ltr' id='par_1_11' title="bbox 724 1150 2292 1221">
     <span class='ocr_line' id='line_1_11' title="bbox 724 1150 2292 1221; baseline 0 -14"><span class='ocrx_word' id='word_1_48' title='bbox 724 1164 883 1221; x_wconf 77' lang='lat' dir='ltr'><strong>gento</strong></span> <span class='ocrx_word' id='word_1_49' title='bbox 922 1150 1184 1219; x_wconf 87' lang='lat' dir='ltr'><strong>redempti</strong></span> <span class='ocrx_word' id='word_1_50' title='bbox 1215 1150 1347 1205; x_wconf 89' lang='lat' dir='ltr'><strong>estis</strong></span> <span class='ocrx_word' id='word_1_51' title='bbox 1370 1151 1436 1205; x_wconf 88' lang='lat' dir='ltr'><strong>de</strong></span> <span class='ocrx_word' id='word_1_52' title='bbox 1468 1166 1602 1204; x_wconf 83' lang='lat' dir='ltr'><strong>vana</strong></span> <span class='ocrx_word' id='word_1_53' title='bbox 1647 1163 1824 1206; x_wconf 79' lang='lat' dir='ltr'><strong>vestra</strong></span> <span class='ocrx_word' id='word_1_54' title='bbox 1876 1154 2292 1207; x_wconf 75' lang='lat' dir='ltr'><strong>conversatione</strong></span> 
     </span>
    </p>
   </div>
   <div class='ocr_carea' id='block_1_12' title="bbox 724 1243 2291 1314">
    <p class='ocr_par' dir='ltr' id='par_1_12' title="bbox 724 1243 2291 1314">
     <span class='ocr_line' id='line_1_12' title="bbox 724 1243 2291 1314; baseline -0.001 -15"><span class='ocrx_word' id='word_1_55' title='bbox 724 1255 959 1314; x_wconf 76' lang='lat' dir='ltr'><strong>paternte</strong></span> <span class='ocrx_word' id='word_1_56' title='bbox 991 1243 1320 1308; x_wconf 88' lang='lat' dir='ltr'><strong>traditionis,</strong></span> <span class='ocrx_word' id='word_1_57' title='bbox 1378 1244 1470 1298; x_wconf 88' lang='lat' dir='ltr'><strong>sed</strong></span> <span class='ocrx_word' id='word_1_58' title='bbox 1523 1244 1760 1312; x_wconf 90' lang='lat' dir='ltr'><strong>pretioso</strong></span> <span class='ocrx_word' id='word_1_59' title='bbox 1816 1245 2081 1314; x_wconf 70' lang='lat' dir='ltr'><strong>sanguine,</strong></span> <span class='ocrx_word' id='word_1_60' title='bbox 2134 1245 2291 1314; x_wconf 86' lang='lat' dir='ltr'><strong>quasi</strong></span> 
     </span>
    </p>
   </div>
   <div class='ocr_carea' id='block_1_13' title="bbox 721 1334 2291 1409">
    <p class='ocr_par' dir='ltr' id='par_1_13' title="bbox 721 1334 2291 1409">
     <span class='ocr_line' id='line_1_13' title="bbox 721 1334 2291 1409; baseline 0 -17"><span class='ocrx_word' id='word_1_61' title='bbox 721 1337 842 1409; x_wconf 76' lang='lat' dir='ltr'><strong>agni</strong></span> <span class='ocrx_word' id='word_1_62' title='bbox 875 1334 1202 1390; x_wconf 83' lang='lat' dir='ltr'><strong>immaculati</strong></span> <span class='ocrx_word' id='word_1_63' title='bbox 1239 1335 1443 1388; x_wconf 88' lang='lat' dir='ltr'><strong>Christi</strong></span> <span class='ocrx_word' id='word_1_64' title='bbox 1485 1346 1538 1389; x_wconf 93' lang='lat' dir='ltr'><strong>et</strong></span> <span class='ocrx_word' id='word_1_65' title='bbox 1578 1336 1988 1392; x_wconf 73' lang='lat' dir='ltr'><strong>incontaminati</strong></span> <span class='ocrx_word' id='word_1_66' title='bbox 2015 1339 2086 1392; x_wconf 74' lang='grc'><strong>⁷⁸.</strong></span> <span class='ocrx_word' id='word_1_67' title='bbox 2126 1356 2144 1391; x_wconf 78' lang='grc' dir='ltr'><strong>ι</strong></span> <span class='ocrx_word' id='word_1_68' title='bbox 2183 1337 2291 1392; x_wconf 78' lang='lat' dir='ltr'><strong>Re-</strong></span> 
     </span>
    </p>
   </div>
   <div class='ocr_carea' id='block_1_14' title="bbox 722 1423 2292 1500">
    <p class='ocr_par' dir='ltr' id='par_1_14' title="bbox 722 1423 2292 1500">
     <span class='ocr_line' id='line_1_14' title="bbox 722 1423 2292 1500; baseline -0.001 -15"><span class='ocrx_word' id='word_1_69' title='bbox 722 1427 918 1497; x_wconf 86' lang='lat' dir='ltr'><strong>dempti</strong></span> <span class='ocrx_word' id='word_1_70' title='bbox 950 1427 1094 1482; x_wconf 90' lang='lat' dir='ltr'><strong>enim</strong></span> <span class='ocrx_word' id='word_1_71' title='bbox 1133 1440 1343 1492; x_wconf 87' lang='lat' dir='ltr'><strong>sumus,</strong></span> <span class='ocrx_word' id='word_1_72' title='bbox 1379 1423 1598 1481; x_wconf 85' lang='lat' dir='ltr'><strong>Christo</strong></span> <span class='ocrx_word' id='word_1_73' title='bbox 1650 1428 1927 1497; x_wconf 87' lang='lat' dir='ltr'><strong>proprium</strong></span> <span class='ocrx_word' id='word_1_74' title='bbox 1979 1446 2078 1500; x_wconf 90' lang='lat' dir='ltr'><strong>pro</strong></span> <span class='ocrx_word' id='word_1_75' title='bbox 2137 1430 2292 1484; x_wconf 90' lang='lat' dir='ltr'><strong>nobis</strong></span> 
     </span>
    </p>
   </div>
   <div class='ocr_carea' id='block_1_15' title="bbox 722 1518 2292 1593">
    <p class='ocr_par' dir='ltr' id='par_1_15' title="bbox 722 1518 2292 1593">
     <span class='ocr_line' id='line_1_15' title="bbox 722 1518 2292 1593; baseline -0.001 -16"><span class='ocrx_word' id='word_1_76' title='bbox 722 1537 920 1592; x_wconf 83' lang='lat' dir='ltr'><strong>corpus</strong></span> <span class='ocrx_word' id='word_1_77' title='bbox 955 1518 1319 1592; x_wconf 82' lang='lat' dir='ltr'><strong>impendente.</strong></span> <span class='ocrx_word' id='word_1_78' title='bbox 1359 1520 1427 1573; x_wconf 82' lang='lat' dir='ltr'><strong>At</strong></span> <span class='ocrx_word' id='word_1_79' title='bbox 1456 1522 1499 1576; x_wconf 88' lang='lat' dir='ltr'><strong>si</strong></span> <span class='ocrx_word' id='word_1_80' title='bbox 1539 1530 1596 1575; x_wconf 93' lang='lat' dir='ltr'><strong>ut</strong></span> <span class='ocrx_word' id='word_1_81' title='bbox 1627 1523 1786 1576; x_wconf 88' lang='lat' dir='ltr'><strong>homo</strong></span> <span class='ocrx_word' id='word_1_82' title='bbox 1814 1523 2051 1593; x_wconf 81' lang='lat' dir='ltr'><strong>vulgaris</strong></span> <span class='ocrx_word' id='word_1_83' title='bbox 2088 1523 2292 1577; x_wconf 82' lang='lat' dir='ltr'><strong>hahea-</strong></span> 
     </span>
    </p>
   </div>
   <div class='ocr_carea' id='block_1_16' title="bbox 721 1613 2290 1684">
    <p class='ocr_par' dir='ltr' id='par_1_16' title="bbox 721 1613 2290 1684">
     <span class='ocr_line' id='line_1_16' title="bbox 721 1613 2290 1684; baseline -0.003 -15"><span class='ocrx_word' id='word_1_84' title='bbox 721 1627 833 1678; x_wconf 85' lang='lat' dir='ltr'><strong>tur,</strong></span> <span class='ocrx_word' id='word_1_85' title='bbox 877 1615 1146 1684; x_wconf 81' lang='lat' dir='ltr'><strong>quomodo</strong></span> <span class='ocrx_word' id='word_1_86' title='bbox 1170 1615 1313 1668; x_wconf 90' lang='lat' dir='ltr'><strong>illius</strong></span> <span class='ocrx_word' id='word_1_87' title='bbox 1347 1613 1571 1681; x_wconf 81' lang='lat' dir='ltr'><strong>sanguis</strong></span> <span class='ocrx_word' id='word_1_88' title='bbox 1606 1616 1724 1668; x_wconf 63' lang='lat' dir='ltr'><strong>vitae</strong></span> <span class='ocrx_word' id='word_1_89' title='bbox 1774 1614 2013 1667; x_wconf 89' lang='lat' dir='ltr'><strong>oumium</strong></span> <span class='ocrx_word' id='word_1_90' title='bbox 2045 1614 2290 1668; x_wconf 60' lang='lat' dir='ltr'><strong>aestima-</strong></span> 
     </span>
    </p>
   </div>
   <div class='ocr_carea' id='block_1_17' title="bbox 720 1705 2291 1775">
    <p class='ocr_par' dir='ltr' id='par_1_17' title="bbox 720 1705 2291 1775">
     <span class='ocr_line' id='line_1_17' title="bbox 720 1705 2291 1775; baseline -0.004 -10"><span class='ocrx_word' id='word_1_91' title='bbox 720 1709 924 1765; x_wconf 75' lang='lat' dir='ltr'><strong>tionem</strong></span> <span class='ocrx_word' id='word_1_92' title='bbox 974 1708 1040 1762; x_wconf 84' lang='lat' dir='ltr'><strong>ad</strong></span> <span class='ocrx_word' id='word_1_93' title='bbox 1101 1707 1421 1775; x_wconf 84' lang='lat' dir='ltr'><strong>dignitatem</strong></span> <span class='ocrx_word' id='word_1_94' title='bbox 1474 1705 1762 1774; x_wconf 74' lang='lat' dir='ltr'><strong>exmqnat?</strong></span> <span class='ocrx_word' id='word_1_95' title='bbox 1816 1705 1872 1758; x_wconf 93' lang='lat' dir='ltr'><strong>Si</strong></span> <span class='ocrx_word' id='word_1_96' title='bbox 1919 1717 2094 1759; x_wconf 86' lang='lat' dir='ltr'><strong>autem</strong></span> <span class='ocrx_word' id='word_1_97' title='bbox 2154 1707 2291 1759; x_wconf 85' lang='lat' dir='ltr'><strong>Deus</strong></span> 
     </span>
    </p>
   </div>
   <div class='ocr_carea' id='block_1_18' title="bbox 719 1796 2291 1866">
    <p class='ocr_par' dir='ltr' id='par_1_18' title="bbox 719 1796 2291 1866">
     <span class='ocr_line' id='line_1_18' title="bbox 719 1796 2291 1866; baseline -0.001 -14"><span class='ocrx_word' id='word_1_98' title='bbox 719 1811 836 1855; x_wconf 84' lang='lat' dir='ltr'><strong>erat</strong></span> <span class='ocrx_word' id='word_1_99' title='bbox 867 1800 917 1853; x_wconf 89' lang='lat' dir='ltr'><strong>iu</strong></span> <span class='ocrx_word' id='word_1_100' title='bbox 943 1812 1128 1865; x_wconf 90' lang='lat' dir='ltr'><strong>carne,</strong></span> <span class='ocrx_word' id='word_1_101' title='bbox 1161 1797 1252 1866; x_wconf 86' lang='lat' dir='ltr'><strong>qui</strong></span> <span class='ocrx_word' id='word_1_102' title='bbox 1284 1798 1625 1866; x_wconf 81' lang='lat' dir='ltr'><strong>undiquaque</strong></span> <span class='ocrx_word' id='word_1_103' title='bbox 1643 1796 1991 1866; x_wconf 80' lang='lat' dir='ltr'><strong>dignissimus</strong></span> <span class='ocrx_word' id='word_1_104' title='bbox 2016 1807 2118 1861; x_wconf 85' lang='lat' dir='ltr'><strong>est,</strong></span> <span class='ocrx_word' id='word_1_105' title='bbox 2160 1811 2291 1850; x_wconf 76' lang='lat' dir='ltr'><strong>sane</strong></span> 
     </span>
    </p>
   </div>
   <div class='ocr_carea' id='block_1_19' title="bbox 2395 638 2978 710">
    <p class='ocr_par' dir='ltr' id='par_1_19' title="bbox 2395 638 2978 710">
     <span class='ocr_line' id='line_1_19' title="bbox 2395 638 2978 710; baseline 0.002 -20"><span class='ocrx_word' id='word_1_106' title='bbox 2395 640 2529 708; x_wconf 73' lang='grc' dir='ltr'>ἡμῖν</span> <span class='ocrx_word' id='word_1_107' title='bbox 2559 638 2944 710; x_wconf 74' lang='grc' dir='ltr'>δωρησάμενος</span> <span class='ocrx_word' id='word_1_108' title='bbox 2965 673 2978 691; x_wconf 88' lang='grc'><strong>.</strong></span> 
     </span>
    </p>
   </div>
   <div class='ocr_carea' id='block_1_20' title="bbox 2399 839 3991 913">
    <p class='ocr_par' dir='ltr' id='par_1_20' title="bbox 2399 839 3991 913">
     <span class='ocr_line' id='line_1_20' title="bbox 2399 839 3991 913; baseline 0.001 -19"><span class='ocrx_word' id='word_1_109' title='bbox 2399 840 2525 895; x_wconf 72' lang='grc' dir='ltr'>Ὀτι</span> <span class='ocrx_word' id='word_1_110' title='bbox 2561 841 2979 913; x_wconf 77' lang='grc' dir='ltr'>λελυτρώμεθίι</span> <span class='ocrx_word' id='word_1_111' title='bbox 3002 842 3099 897; x_wconf 80' lang='grc' dir='ltr'>διὰ</span> <span class='ocrx_word' id='word_1_112' title='bbox 3125 842 3232 896; x_wconf 87' lang='grc' dir='ltr'>τοῦ</span> <span class='ocrx_word' id='word_1_113' title='bbox 3261 844 3511 912; x_wconf 74' lang='grc' dir='ltr'>αἵματος</span> <span class='ocrx_word' id='word_1_114' title='bbox 3539 839 3648 900; x_wconf 75' lang='grc' dir='ltr'>τοῦ</span> <span class='ocrx_word' id='word_1_115' title='bbox 3692 845 3991 913; x_wconf 79' lang='grc' dir='ltr'>Χριστοῦ.</span> 
     </span>
    </p>
   </div>
   <div class='ocr_carea' id='block_1_21' title="bbox 2603 954 3778 1028">
    <p class='ocr_par' dir='ltr' id='par_1_21' title="bbox 2603 954 3778 1028">
     <span class='ocr_line' id='line_1_21' title="bbox 2603 954 3778 1028; baseline 0.004 -20"><span class='ocrx_word' id='word_1_116' title='bbox 2603 955 2703 1009; x_wconf 82' lang='grc' dir='ltr'>Ἐκ</span> <span class='ocrx_word' id='word_1_117' title='bbox 2728 954 2840 1022; x_wconf 82' lang='grc' dir='ltr'>τῆς</span> <span class='ocrx_word' id='word_1_118' title='bbox 2861 955 3090 1025; x_wconf 74' lang='grc' dir='ltr'>Πέτρου</span> <span class='ocrx_word' id='word_1_119' title='bbox 3127 958 3485 1025; x_wconf 78' lang='grc' dir='ltr'><strong>Ἐπιστολῆς</strong></span> <span class='ocrx_word' id='word_1_120' title='bbox 3511 961 3778 1028; x_wconf 70' lang='grc' dir='ltr'>πρώτης.</span> 
     </span>
    </p>
   </div>
   <div class='ocr_carea' id='block_1_22' title="bbox 2474 1067 3993 1142">
    <p class='ocr_par' dir='ltr' id='par_1_22' title="bbox 2474 1067 3993 1142">
     <span class='ocr_line' id='line_1_22' title="bbox 2474 1067 3993 1142; baseline 0.003 -22"><span class='ocrx_word' id='word_1_121' title='bbox 2474 1089 2490 1119; x_wconf 79' lang='grc' dir='ltr'><strong>ι</strong></span> <span class='ocrx_word' id='word_1_122' title='bbox 2517 1068 2735 1132; x_wconf 75' lang='grc' dir='ltr'>Εὶδότες</span> <span class='ocrx_word' id='word_1_123' title='bbox 2753 1067 2834 1122; x_wconf 82' lang='grc' dir='ltr'><strong>ότι</strong></span> <span class='ocrx_word' id='word_1_124' title='bbox 2864 1071 2924 1123; x_wconf 78' lang='grc' dir='ltr'><strong>οὐ</strong></span> <span class='ocrx_word' id='word_1_125' title='bbox 2949 1070 3206 1142; x_wconf 68' lang='grc' dir='ltr'>φθαρτοῖς</span> <span class='ocrx_word' id='word_1_126' title='bbox 3233 1071 3576 1142; x_wconf 73' lang='grc' dir='ltr'>ἀργυρίῳῘῆ]</span> <span class='ocrx_word' id='word_1_127' title='bbox 3598 1074 3852 1142; x_wconf 79' lang='grc' dir='ltr'>χρυσίῳ,</span> <span class='ocrx_word' id='word_1_128' title='bbox 3880 1074 3993 1126; x_wconf 65' lang='lat' dir='ltr'><strong>ilu-</strong></span> 
     </span>
    </p>
   </div>
   <div class='ocr_carea' id='block_1_23' title="bbox 2395 1160 3993 1235">
    <p class='ocr_par' dir='ltr' id='par_1_23' title="bbox 2395 1160 3993 1235">
     <span class='ocr_line' id='line_1_23' title="bbox 2395 1160 3993 1235; baseline 0.003 -23"><span class='ocrx_word' id='word_1_129' title='bbox 2395 1160 2643 1232; x_wconf 82' lang='grc' dir='ltr'>τρὼθητε</span> <span class='ocrx_word' id='word_1_130' title='bbox 2677 1165 2741 1216; x_wconf 84' lang='grc' dir='ltr'>ὲκ</span> <span class='ocrx_word' id='word_1_131' title='bbox 2769 1162 2869 1232; x_wconf 85' lang='grc' dir='ltr'>τῆς</span> <span class='ocrx_word' id='word_1_132' title='bbox 2907 1164 3140 1233; x_wconf 78' lang='grc' dir='ltr'>ματαίας</span> <span class='ocrx_word' id='word_1_133' title='bbox 3187 1163 3341 1233; x_wconf 83' lang='grc' dir='ltr'>ὑμῶν</span> <span class='ocrx_word' id='word_1_134' title='bbox 3386 1164 3737 1233; x_wconf 68' lang='grc' dir='ltr'>ἀναστροοςιῆς</span> <span class='ocrx_word' id='word_1_135' title='bbox 3781 1182 3993 1235; x_wconf 71' lang='grc' dir='ltr'>πατρο-</span> 
     </span>
    </p>
   </div>
   <div class='ocr_carea' id='block_1_24' title="bbox 2396 1253 3991 1325">
    <p class='ocr_par' dir='ltr' id='par_1_24' title="bbox 2396 1253 3991 1325">
     <span class='ocr_line' id='line_1_24' title="bbox 2396 1253 3991 1325; baseline 0 -19"><span class='ocrx_word' id='word_1_136' title='bbox 2396 1253 2698 1324; x_wconf 81' lang='grc' dir='ltr'>παραδότου</span> <span class='ocrx_word' id='word_1_137' title='bbox 2724 1296 2738 1321; x_wconf 87' lang='grc'><strong>,</strong></span> <span class='ocrx_word' id='word_1_138' title='bbox 2769 1253 2905 1307; x_wconf 86' lang='grc' dir='ltr'>ἀλλὰ</span> <span class='ocrx_word' id='word_1_139' title='bbox 2945 1254 3113 1325; x_wconf 84' lang='grc' dir='ltr'>τιμίῳ</span> <span class='ocrx_word' id='word_1_140' title='bbox 3153 1255 3346 1324; x_wconf 82' lang='grc' dir='ltr'>αἵματι</span> <span class='ocrx_word' id='word_1_141' title='bbox 3395 1255 3471 1316; x_wconf 85' lang='grc' dir='ltr'>ὡς</span> <span class='ocrx_word' id='word_1_142' title='bbox 3512 1255 3690 1323; x_wconf 80' lang='grc' dir='ltr'><strong>ἀμνοῦ</strong></span> <span class='ocrx_word' id='word_1_143' title='bbox 3734 1255 3991 1323; x_wconf 65' lang='grc' dir='ltr'>ἀμώμου</span> 
     </span>
    </p>
   </div>
   <div class='ocr_carea' id='block_1_25' title="bbox 2394 1345 3992 1417">
    <p class='ocr_par' dir='ltr' id='par_1_25' title="bbox 2394 1345 3992 1417">
     <span class='ocr_line' id='line_1_25' title="bbox 2394 1345 3992 1417; baseline -0.003 -18"><span class='ocrx_word' id='word_1_144' title='bbox 2394 1347 2488 1400; x_wconf 74' lang='grc' dir='ltr'><strong>καὶ</strong></span> <span class='ocrx_word' id='word_1_145' title='bbox 2526 1347 2757 1400; x_wconf 80' lang='grc' dir='ltr'>ἀσπίλου</span> <span class='ocrx_word' id='word_1_146' title='bbox 2786 1346 3046 1417; x_wconf 76' lang='grc' dir='ltr'>Χριστοῦ.</span> <span class='ocrx_word' id='word_1_147' title='bbox 3087 1366 3104 1397; x_wconf 72' lang='grc' dir='ltr'><strong>ι</strong></span> <span class='ocrx_word' id='word_1_148' title='bbox 3141 1346 3539 1416; x_wconf 84' lang='grc' dir='ltr'>Λελυτρώμεθα</span> <span class='ocrx_word' id='word_1_149' title='bbox 3568 1345 3701 1415; x_wconf 74' lang='grc' dir='ltr'>γὰρ,</span> <span class='ocrx_word' id='word_1_150' title='bbox 3746 1345 3821 1398; x_wconf 79' lang='grc' dir='ltr'><strong>τὸ</strong></span> <span class='ocrx_word' id='word_1_151' title='bbox 3861 1347 3992 1398; x_wconf 66' lang='grc' dir='ltr'>ἴδιον</span> 
     </span>
    </p>
   </div>
   <div class='ocr_carea' id='block_1_26' title="bbox 2396 1437 3990 1509">
    <p class='ocr_par' dir='ltr' id='par_1_26' title="bbox 2396 1437 3990 1509">
     <span class='ocr_line' id='line_1_26' title="bbox 2396 1437 3990 1509; baseline -0.003 -18"><span class='ocrx_word' id='word_1_152' title='bbox 2396 1438 2558 1508; x_wconf 81' lang='grc' dir='ltr'>σῶμα</span> <span class='ocrx_word' id='word_1_153' title='bbox 2588 1439 2882 1502; x_wconf 80' lang='grc' dir='ltr'><strong>δεδωκότος</strong></span> <span class='ocrx_word' id='word_1_154' title='bbox 2907 1440 3046 1508; x_wconf 80' lang='grc' dir='ltr'>ὑπὲρ</span> <span class='ocrx_word' id='word_1_155' title='bbox 3078 1438 3238 1509; x_wconf 81' lang='grc' dir='ltr'>ἡμῶν</span> <span class='ocrx_word' id='word_1_156' title='bbox 3283 1438 3376 1491; x_wconf 79' lang='grc' dir='ltr'>τοῦ</span> <span class='ocrx_word' id='word_1_157' title='bbox 3424 1437 3688 1508; x_wconf 79' lang='grc' dir='ltr'>Χριστοῦ.</span> <span class='ocrx_word' id='word_1_158' title='bbox 3740 1437 3900 1488; x_wconf 76' lang='grc' dir='ltr'>Ἀλλ’</span> <span class='ocrx_word' id='word_1_159' title='bbox 3947 1440 3990 1488; x_wconf 76' lang='grc' dir='ltr'>εἰ</span> 
     </span>
    </p>
   </div>
   <div class='ocr_carea' id='block_1_27' title="bbox 2396 1529 3990 1602">
    <p class='ocr_par' dir='ltr' id='par_1_27' title="bbox 2396 1529 3990 1602">
     <span class='ocr_line' id='line_1_27' title="bbox 2396 1529 3990 1602; baseline -0.003 -18"><span class='ocrx_word' id='word_1_160' title='bbox 2396 1532 2497 1600; x_wconf 82' lang='grc' dir='ltr'><strong>μὲν</strong></span> <span class='ocrx_word' id='word_1_161' title='bbox 2523 1531 2599 1594; x_wconf 85' lang='grc' dir='ltr'>ὡς</span> <span class='ocrx_word' id='word_1_162' title='bbox 2626 1531 2911 1602; x_wconf 84' lang='grc' dir='ltr'>ἄνθρωπος</span> <span class='ocrx_word' id='word_1_163' title='bbox 2953 1535 3152 1585; x_wconf 79' lang='grc' dir='ltr'>νοεῖται</span> <span class='ocrx_word' id='word_1_164' title='bbox 3181 1530 3360 1594; x_wconf 76' lang='grc' dir='ltr'>κοινὸς</span> <span class='ocrx_word' id='word_1_165' title='bbox 3381 1569 3395 1592; x_wconf 87' lang='grc'><strong>,</strong></span> <span class='ocrx_word' id='word_1_166' title='bbox 3427 1530 3557 1592; x_wconf 66' lang='grc' dir='ltr'><strong>πῶςρ</strong></span> <span class='ocrx_word' id='word_1_167' title='bbox 3583 1529 3854 1594; x_wconf 75' lang='grc' dir='ltr'>ἀντάξιον</span> <span class='ocrx_word' id='word_1_168' title='bbox 3895 1530 3990 1596; x_wconf 72' lang='grc' dir='ltr'>τῆς</span> 
     </span>
    </p>
   </div>
   <div class='ocr_carea' id='block_1_28' title="bbox 2395 1615 3988 1691">
    <p class='ocr_par' dir='ltr' id='par_1_28' title="bbox 2395 1615 3988 1691">
     <span class='ocr_line' id='line_1_28' title="bbox 2395 1615 3988 1691; baseline -0.003 -17"><span class='ocrx_word' id='word_1_169' title='bbox 2395 1621 2646 1674; x_wconf 82' lang='grc' dir='ltr'>ἁπάντων</span> <span class='ocrx_word' id='word_1_170' title='bbox 2698 1619 2842 1689; x_wconf 82' lang='grc' dir='ltr'>ζωῆς</span> <span class='ocrx_word' id='word_1_171' title='bbox 2892 1618 3131 1691; x_wconf 77' lang='grc' dir='ltr'>τὸ,αἷμα</span> <span class='ocrx_word' id='word_1_172' title='bbox 3176 1619 3367 1685; x_wconf 64' lang='lat' dir='ltr'><strong>absab;</strong></span> <span class='ocrx_word' id='word_1_173' title='bbox 3410 1620 3471 1672; x_wconf 79' lang='grc' dir='ltr'><strong>Εἰ</strong></span> <span class='ocrx_word' id='word_1_174' title='bbox 3516 1617 3575 1671; x_wconf 84' lang='grc' dir='ltr'>δὲ</span> <span class='ocrx_word' id='word_1_175' title='bbox 3617 1619 3750 1683; x_wconf 76' lang='grc' dir='ltr'>Θεὸς</span> <span class='ocrx_word' id='word_1_176' title='bbox 3808 1615 3884 1689; x_wconf 75' lang='grc' dir='ltr'>ἦν</span> <span class='ocrx_word' id='word_1_177' title='bbox 3934 1622 3988 1669; x_wconf 60' lang='grc' dir='ltr'><strong>ἐπι</strong></span> 
     </span>
    </p>
   </div>
   <div class='ocr_carea' id='block_1_29' title="bbox 2396 1707 3985 1782">
    <p class='ocr_par' dir='ltr' id='par_1_29' title="bbox 2396 1707 3985 1782">
     <span class='ocr_line' id='line_1_29' title="bbox 2396 1707 3985 1782; baseline -0.003 -19"><span class='ocrx_word' id='word_1_178' title='bbox 2396 1712 2558 1782; x_wconf 76' lang='grc' dir='ltr'>σαρκὶ</span> <span class='ocrx_word' id='word_1_179' title='bbox 2598 1713 2626 1764; x_wconf 87' lang='grc' dir='ltr'>ὁ</span> <span class='ocrx_word' id='word_1_180' title='bbox 2670 1710 2888 1764; x_wconf 83' lang='grc' dir='ltr'>πάντων</span> <span class='ocrx_word' id='word_1_181' title='bbox 2932 1710 3260 1780; x_wconf 80' lang='grc' dir='ltr'>ἀξιώτερος,</span> <span class='ocrx_word' id='word_1_182' title='bbox 3309 1709 3606 1779; x_wconf 78' lang='grc' dir='ltr'><strong>ἀξιόχρεως</strong></span> <span class='ocrx_word' id='word_1_183' title='bbox 3641 1709 3674 1777; x_wconf 74' lang='grc' dir='ltr'>ἡ</span> <span class='ocrx_word' id='word_1_184' title='bbox 3705 1707 3985 1777; x_wconf 54' lang='lat' dir='ltr'><strong>turpius-,-</strong></span> 
     </span>
    </p>
   </div>
   <div class='ocr_carea' id='block_1_30' title="bbox 2392 1798 3987 1873">
    <p class='ocr_par' dir='ltr' id='par_1_30' title="bbox 2392 1798 3987 1873">
     <span class='ocr_line' id='line_1_30' title="bbox 2392 1798 3987 1873; baseline -0.004 -17"><span class='ocrx_word' id='word_1_185' title='bbox 2392 1801 2488 1856; x_wconf 76' lang='grc' dir='ltr'>τοῦ</span> <span class='ocrx_word' id='word_1_186' title='bbox 2519 1802 2727 1873; x_wconf 88' lang='grc' dir='ltr'>κόσμου</span> <span class='ocrx_word' id='word_1_187' title='bbox 2755 1801 2956 1866; x_wconf 77' lang='grc' dir='ltr'>παντὸς</span> <span class='ocrx_word' id='word_1_188' title='bbox 2987 1802 3075 1856; x_wconf 65' lang='grc' dir='ltr'><strong>διὰ</strong></span> <span class='ocrx_word' id='word_1_189' title='bbox 3101 1800 3198 1855; x_wconf 78' lang='grc' dir='ltr'>τοῦ</span> <span class='ocrx_word' id='word_1_190' title='bbox 3231 1801 3360 1855; x_wconf 76' lang='grc' dir='ltr'>ίόίου</span> <span class='ocrx_word' id='word_1_191' title='bbox 3384 1801 3620 1870; x_wconf 80' lang='grc' dir='ltr'>αἵματος</span> <span class='ocrx_word' id='word_1_192' title='bbox 3644 1799 3731 1870; x_wconf 76' lang='grc' dir='ltr'>εἴη</span> <span class='ocrx_word' id='word_1_193' title='bbox 3763 1798 3866 1865; x_wconf 81' lang='grc' dir='ltr'>ἂν,</span> <span class='ocrx_word' id='word_1_194' title='bbox 3895 1803 3987 1851; x_wconf 70' lang='grc' dir='ltr'>καὶ</span> 
     </span>
    </p>
   </div>
   <div class='ocr_carea' id='block_1_31' title="bbox 720 1887 2286 1966">
    <p class='ocr_par' dir='ltr' id='par_1_31' title="bbox 720 1887 2286 1959">
     <span class='ocr_line' id='line_1_31' title="bbox 720 1887 2286 1959; baseline -0.003 -15"><span class='ocrx_word' id='word_1_195' title='bbox 720 1889 1502 1959; x_wconf 86' lang='lat' dir='ltr'><strong>cumulatissimumperillius</strong></span> <span class='ocrx_word' id='word_1_196' title='bbox 1540 1888 1857 1958; x_wconf 82' lang='lat' dir='ltr'><strong>sanguinem</strong></span> <span class='ocrx_word' id='word_1_197' title='bbox 1905 1887 2135 1956; x_wconf 81' lang='lat' dir='ltr'><strong>pretium</strong></span> <span class='ocrx_word' id='word_1_198' title='bbox 2190 1902 2286 1957; x_wconf 87' lang='lat' dir='ltr'><strong>pro</strong></span> 
     </span>
    </p>
   </div>
   <div class='ocr_carea' id='block_1_32' title="bbox 2393 1887 2819 1966">
    <p class='ocr_par' dir='ltr' id='par_1_32' title="bbox 2393 1895 2819 1966">
     <span class='ocr_line' id='line_1_32' title="bbox 2393 1895 2819 1966; baseline -0.007 -17"><span class='ocrx_word' id='word_1_199' title='bbox 2393 1895 2537 1966; x_wconf 76' lang='grc' dir='ltr'>μάλα</span> <span class='ocrx_word' id='word_1_200' title='bbox 2573 1895 2819 1959; x_wconf 79' lang='grc' dir='ltr'><strong>εἰκότως.</strong></span> 
     </span>
    </p>
   </div>
   <div class='ocr_carea' id='block_1_33' title="bbox 719 1975 2286 2046">
    <p class='ocr_par' dir='ltr' id='par_1_33' title="bbox 719 1975 2286 2046">
     <span class='ocr_line' id='line_1_33' title="bbox 719 1975 2286 2046; baseline -0.004 -10"><span class='ocrx_word' id='word_1_201' title='bbox 719 1983 888 2037; x_wconf 81' lang='lat' dir='ltr'><strong>totius</strong></span> <span class='ocrx_word' id='word_1_202' title='bbox 943 1981 1128 2037; x_wconf 91' lang='lat' dir='ltr'><strong>mundi</strong></span> <span class='ocrx_word' id='word_1_203' title='bbox 1197 1980 1374 2036; x_wconf 84' lang='lat' dir='ltr'><strong>salute</strong></span> <span class='ocrx_word' id='word_1_204' title='bbox 1405 1980 1704 2046; x_wconf 87' lang='lat' dir='ltr'><strong>impensum</strong></span> <span class='ocrx_word' id='word_1_205' title='bbox 1746 1985 1852 2043; x_wconf 89' lang='lat' dir='ltr'><strong>est,</strong></span> <span class='ocrx_word' id='word_1_206' title='bbox 1914 1987 1969 2031; x_wconf 90' lang='lat' dir='ltr'><strong>et</strong></span> <span class='ocrx_word' id='word_1_207' title='bbox 2009 1975 2140 2032; x_wconf 81' lang='lat' dir='ltr'><strong>satis</strong></span> <span class='ocrx_word' id='word_1_208' title='bbox 2191 1976 2286 2032; x_wconf 84' lang='lat' dir='ltr'><strong>de-</strong></span> 
     </span>
    </p>
   </div>
   <div class='ocr_carea' id='block_1_34' title="bbox 718 2080 926 2130">
    <p class='ocr_par' dir='ltr' id='par_1_34' title="bbox 718 2080 926 2130">
     <span class='ocr_line' id='line_1_34' title="bbox 718 2080 926 2130; baseline -0.019 0"><span class='ocrx_word' id='word_1_209' title='bbox 718 2080 926 2130; x_wconf 81' lang='lat' dir='ltr'><strong>center.</strong></span> 
     </span>
    </p>
   </div>
   <div class='ocr_carea' id='block_1_35' title="bbox 815 2182 2186 2252">
    <p class='ocr_par' dir='ltr' id='par_1_35' title="bbox 815 2182 2186 2252">
     <span class='ocr_line' id='line_1_35' title="bbox 815 2182 2186 2252; baseline -0.003 -13"><span class='ocrx_word' id='word_1_210' title='bbox 815 2187 965 2252; x_wconf 82' lang='lat' dir='ltr'><strong>Quod</strong></span> <span class='ocrx_word' id='word_1_211' title='bbox 999 2186 1192 2242; x_wconf 82' lang='lat' dir='ltr'><strong>Christi</strong></span> <span class='ocrx_word' id='word_1_212' title='bbox 1226 2202 1362 2239; x_wconf 80' lang='lat' dir='ltr'><strong>mors</strong></span> <span class='ocrx_word' id='word_1_213' title='bbox 1393 2185 1586 2237; x_wconf 82' lang='lat' dir='ltr'><strong>mundo</strong></span> <span class='ocrx_word' id='word_1_214' title='bbox 1615 2184 1869 2237; x_wconf 75' lang='lat' dir='ltr'><strong>salutaris</strong></span> <span class='ocrx_word' id='word_1_215' title='bbox 1908 2182 2186 2237; x_wconf 76' lang='lat' dir='ltr'><strong>exstiterit.</strong></span> 
     </span>
    </p>
   </div>
   <div class='ocr_carea' id='block_1_36' title="bbox 1112 2291 1902 2367">
    <p class='ocr_par' dir='ltr' id='par_1_36' title="bbox 1112 2291 1902 2367">
     <span class='ocr_line' id='line_1_36' title="bbox 1112 2291 1902 2367; baseline -0.003 -16"><span class='ocrx_word' id='word_1_216' title='bbox 1112 2297 1196 2352; x_wconf 75' lang='lat' dir='ltr'><strong>Ea:</strong></span> <span class='ocrx_word' id='word_1_217' title='bbox 1239 2297 1476 2367; x_wconf 79' lang='lat' dir='ltr'><strong>Epistula</strong></span> <span class='ocrx_word' id='word_1_218' title='bbox 1511 2300 1577 2350; x_wconf 81' lang='lat' dir='ltr'><strong>ad</strong></span> <span class='ocrx_word' id='word_1_219' title='bbox 1620 2291 1902 2350; x_wconf 78' lang='lat' dir='ltr'><strong>Roumuos.</strong></span> 
     </span>
    </p>
   </div>
   <div class='ocr_carea' id='block_1_37' title="bbox 795 2409 2286 2472">
    <p class='ocr_par' dir='ltr' id='par_1_37' title="bbox 795 2409 2286 2472">
     <span class='ocr_line' id='line_1_37' title="bbox 795 2409 2286 2472; baseline -0.005 -2"><span class='ocrx_word' id='word_1_220' title='bbox 795 2438 813 2470; x_wconf 72' lang='grc' dir='ltr'><strong>ι</strong></span> <span class='ocrx_word' id='word_1_221' title='bbox 854 2415 1206 2472; x_wconf 76' lang='lat' dir='ltr'><strong>Commendat</strong></span> <span class='ocrx_word' id='word_1_222' title='bbox 1238 2423 1417 2468; x_wconf 90' lang='lat' dir='ltr'><strong>autem</strong></span> <span class='ocrx_word' id='word_1_223' title='bbox 1450 2413 1772 2466; x_wconf 85' lang='lat' dir='ltr'><strong>cliaritatem</strong></span> <span class='ocrx_word' id='word_1_224' title='bbox 1807 2427 1960 2466; x_wconf 88' lang='lat' dir='ltr'><strong>suam</strong></span> <span class='ocrx_word' id='word_1_225' title='bbox 2027 2409 2169 2465; x_wconf 84' lang='lat' dir='ltr'><strong>Deus</strong></span> <span class='ocrx_word' id='word_1_226' title='bbox 2236 2409 2286 2464; x_wconf 92' lang='lat' dir='ltr'><strong>iu</strong></span> 
     </span>
    </p>
   </div>
   <div class='ocr_carea' id='block_1_38' title="bbox 2459 2183 3937 2257">
    <p class='ocr_par' dir='ltr' id='par_1_38' title="bbox 2459 2183 3937 2257">
     <span class='ocr_line' id='line_1_38' title="bbox 2459 2183 3937 2257; baseline -0.001 -17"><span class='ocrx_word' id='word_1_227' title='bbox 2459 2189 2586 2241; x_wconf 76' lang='lat' dir='ltr'><strong>&quot;Ott</strong></span> <span class='ocrx_word' id='word_1_228' title='bbox 2615 2190 2649 2243; x_wconf 86' lang='grc' dir='ltr'><strong>ό</strong></span> <span class='ocrx_word' id='word_1_229' title='bbox 2682 2186 2942 2257; x_wconf 80' lang='grc' dir='ltr'>Χριστοῦ</span> <span class='ocrx_word' id='word_1_230' title='bbox 2971 2186 3228 2252; x_wconf 74' lang='grc' dir='ltr'>θάνατος</span> <span class='ocrx_word' id='word_1_231' title='bbox 3254 2183 3332 2251; x_wconf 83' lang='grc' dir='ltr'>τῷ</span> <span class='ocrx_word' id='word_1_232' title='bbox 3360 2185 3570 2255; x_wconf 81' lang='grc' dir='ltr'>κόσμῳ</span> <span class='ocrx_word' id='word_1_233' title='bbox 3605 2183 3937 2252; x_wconf 77' lang='grc' dir='ltr'>σωτήριος.</span> 
     </span>
    </p>
   </div>
   <div class='ocr_carea' id='block_1_39' title="bbox 2794 2280 3585 2370">
    <p class='ocr_par' dir='ltr' id='par_1_39' title="bbox 2794 2280 3585 2370">
     <span class='ocr_line' id='line_1_39' title="bbox 2794 2280 3585 2370; baseline -0.004 -15"><span class='ocrx_word' id='word_1_234' title='bbox 2794 2303 2888 2355; x_wconf 78' lang='grc' dir='ltr'>Ἐκ</span> <span class='ocrx_word' id='word_1_235' title='bbox 2917 2301 3029 2370; x_wconf 83' lang='grc' dir='ltr'>τῆς</span> <span class='ocrx_word' id='word_1_236' title='bbox 3053 2300 3203 2369; x_wconf 74' lang='grc' dir='ltr'>πρὸς</span> <span class='ocrx_word' id='word_1_237' title='bbox 3239 2280 3585 2369; x_wconf 63' lang='grc' dir='ltr'>Ῥωμαίους.</span> 
     </span>
    </p>
   </div>
   <div class='ocr_carea' id='block_1_40' title="bbox 2466 2410 3985 2484">
    <p class='ocr_par' dir='ltr' id='par_1_40' title="bbox 2466 2410 3985 2484">
     <span class='ocr_line' id='line_1_40' title="bbox 2466 2410 3985 2484; baseline -0.001 -20"><span class='ocrx_word' id='word_1_238' title='bbox 2466 2433 2483 2464; x_wconf 85' lang='grc'>‹</span> <span class='ocrx_word' id='word_1_239' title='bbox 2519 2410 2808 2484; x_wconf 85' lang='grc' dir='ltr'>Συνίστησι</span> <span class='ocrx_word' id='word_1_240' title='bbox 2852 2413 2908 2465; x_wconf 82' lang='grc' dir='ltr'>δὲ</span> <span class='ocrx_word' id='word_1_241' title='bbox 2958 2413 3058 2484; x_wconf 80' lang='grc' dir='ltr'><strong>τὴν</strong></span> <span class='ocrx_word' id='word_1_242' title='bbox 3107 2411 3300 2465; x_wconf 79' lang='grc' dir='ltr'>ἑαυτοῦ</span> <span class='ocrx_word' id='word_1_243' title='bbox 3346 2411 3568 2483; x_wconf 82' lang='grc' dir='ltr'><strong>ἀγάπην</strong></span> <span class='ocrx_word' id='word_1_244' title='bbox 3613 2411 3696 2473; x_wconf 81' lang='grc' dir='ltr'><strong>είς</strong></span> <span class='ocrx_word' id='word_1_245' title='bbox 3747 2411 3911 2480; x_wconf 76' lang='grc' dir='ltr'>ἡμᾶς</span> <span class='ocrx_word' id='word_1_246' title='bbox 3958 2413 3985 2463; x_wconf 85' lang='grc' dir='ltr'>ὁ</span> 
     </span>
    </p>
   </div>
   <div class='ocr_carea' id='block_1_41' title="bbox 2391 2502 3983 2575">
    <p class='ocr_par' dir='ltr' id='par_1_41' title="bbox 2391 2502 3983 2575">
     <span class='ocr_line' id='line_1_41' title="bbox 2391 2502 3983 2575; baseline -0.005 -15"><span class='ocrx_word' id='word_1_247' title='bbox 2391 2503 2542 2571; x_wconf 75' lang='grc' dir='ltr'>Θεὸς,</span> <span class='ocrx_word' id='word_1_248' title='bbox 2574 2507 2656 2559; x_wconf 85' lang='grc' dir='ltr'><strong>δτι</strong></span> <span class='ocrx_word' id='word_1_249' title='bbox 2691 2506 2769 2557; x_wconf 82' lang='grc' dir='ltr'>ἔτι</span> <span class='ocrx_word' id='word_1_250' title='bbox 2799 2503 3141 2575; x_wconf 76' lang='grc' dir='ltr'>ἁμαρτωλῶν</span> <span class='ocrx_word' id='word_1_251' title='bbox 3171 2504 3340 2557; x_wconf 76' lang='grc' dir='ltr'>ὄντων</span> <span class='ocrx_word' id='word_1_252' title='bbox 3361 2503 3539 2573; x_wconf 80' lang='grc' dir='ltr'>ἡμῶν,</span> <span class='ocrx_word' id='word_1_253' title='bbox 3565 2502 3810 2573; x_wconf 77' lang='grc' dir='ltr'>Χριστὸς</span> <span class='ocrx_word' id='word_1_254' title='bbox 3839 2502 3983 2570; x_wconf 70' lang='grc' dir='ltr'>ὑπὲρ</span> 
     </span>
    </p>
   </div>
   <div class='ocr_carea' id='block_1_42' title="bbox 2390 2590 3982 2667">
    <p class='ocr_par' dir='ltr' id='par_1_42' title="bbox 2390 2590 3982 2667">
     <span class='ocr_line' id='line_1_42' title="bbox 2390 2590 3982 2667; baseline -0.004 -18"><span class='ocrx_word' id='word_1_255' title='bbox 2390 2600 2421 2667; x_wconf 77' lang='grc' dir='ltr'>ἡ</span> <span class='ocrx_word' id='word_1_256' title='bbox 2433 2595 2549 2667; x_wconf 81' lang='grc' dir='ltr'><strong>μῶν</strong></span> <span class='ocrx_word' id='word_1_257' title='bbox 2583 2596 2840 2651; x_wconf 83' lang='grc' dir='ltr'>ἀπέθανε.</span> <span class='ocrx_word' id='word_1_258' title='bbox 2870 2594 3056 2666; x_wconf 82' lang='grc' dir='ltr'>Πολλῷ</span> <span class='ocrx_word' id='word_1_259' title='bbox 3084 2590 3176 2649; x_wconf 71' lang='grc' dir='ltr'>οὖν</span> <span class='ocrx_word' id='word_1_260' title='bbox 3220 2594 3418 2666; x_wconf 79' lang='grc' dir='ltr'>μᾶλλον</span> <span class='ocrx_word' id='word_1_261' title='bbox 3441 2593 3833 2656; x_wconf 77' lang='grc' dir='ltr'><strong>δικαιωθέντες</strong></span> <span class='ocrx_word' id='word_1_262' title='bbox 3889 2591 3982 2645; x_wconf 72' lang='grc' dir='ltr'>νῦν</span> 
     </span>
    </p>
   </div>
   <div class='ocr_carea' id='block_1_43' title="bbox 2391 2684 3984 2759">
    <p class='ocr_par' dir='ltr' id='par_1_43' title="bbox 2391 2684 3984 2759">
     <span class='ocr_line' id='line_1_43' title="bbox 2391 2684 3984 2759; baseline -0.003 -18"><span class='ocrx_word' id='word_1_263' title='bbox 2391 2691 2448 2742; x_wconf 84' lang='grc' dir='ltr'>ὲν</span> <span class='ocrx_word' id='word_1_264' title='bbox 2501 2689 2577 2759; x_wconf 83' lang='grc' dir='ltr'>τῷ</span> <span class='ocrx_word' id='word_1_265' title='bbox 2631 2685 2825 2758; x_wconf 75' lang='grc' dir='ltr'>αἵματι</span> <span class='ocrx_word' id='word_1_266' title='bbox 2855 2686 3043 2750; x_wconf 79' lang='grc' dir='ltr'>αὑτοῦ,</span> <span class='ocrx_word' id='word_1_267' title='bbox 3074 2685 3433 2757; x_wconf 79' lang='grc' dir='ltr'>σωθησόμεθα</span> <span class='ocrx_word' id='word_1_268' title='bbox 3455 2685 3524 2738; x_wconf 82' lang='grc' dir='ltr'>δι“</span> <span class='ocrx_word' id='word_1_269' title='bbox 3547 2684 3712 2738; x_wconf 76' lang='grc' dir='ltr'>αὐτοῦ</span> <span class='ocrx_word' id='word_1_270' title='bbox 3746 2685 3866 2737; x_wconf 79' lang='grc' dir='ltr'><strong>ἀπὸ</strong></span> <span class='ocrx_word' id='word_1_271' title='bbox 3889 2686 3984 2753; x_wconf 71' lang='grc' dir='ltr'>τῆς</span> 
     </span>
    </p>
   </div>
   <div class='ocr_carea' id='block_1_44' title="bbox 2379 2777 3984 2853">
    <p class='ocr_par' dir='ltr' id='par_1_44' title="bbox 2379 2777 3984 2853">
     <span class='ocr_line' id='line_1_44' title="bbox 2379 2777 3984 2853; baseline -0.003 -20"><span class='ocrx_word' id='word_1_272' title='bbox 2379 2781 2578 2853; x_wconf 63' lang='grc' dir='ltr'>Ὀργῆς.</span> <span class='ocrx_word' id='word_1_273' title='bbox 2611 2800 2629 2832; x_wconf 71' lang='grc' dir='ltr'>δ</span> <span class='ocrx_word' id='word_1_274' title='bbox 2661 2780 2769 2833; x_wconf 76' lang='grc' dir='ltr'>Καὶ</span> <span class='ocrx_word' id='word_1_275' title='bbox 2803 2779 2983 2833; x_wconf 79' lang='grc' dir='ltr'>πάλιν·</span> <span class='ocrx_word' id='word_1_276' title='bbox 3007 2799 3023 2831; x_wconf 84' lang='grc' dir='ltr'><strong>ι</strong></span> <span class='ocrx_word' id='word_1_277' title='bbox 3047 2780 3107 2832; x_wconf 83' lang='lat' dir='ltr'><strong>Ei</strong></span> <span class='ocrx_word' id='word_1_278' title='bbox 3142 2779 3250 2848; x_wconf 83' lang='grc' dir='ltr'>γὰρ</span> <span class='ocrx_word' id='word_1_279' title='bbox 3278 2777 3462 2848; x_wconf 83' lang='grc' dir='ltr'>ἐχθροὶ</span> <span class='ocrx_word' id='word_1_280' title='bbox 3497 2777 3670 2842; x_wconf 71' lang='grc' dir='ltr'>ὄντες,</span> <span class='ocrx_word' id='word_1_281' title='bbox 3705 2777 3984 2845; x_wconf 69' lang='grc' dir='ltr'>κατηλλά-</span> 
     </span>
    </p>
   </div>
   <div class='ocr_carea' id='block_1_45' title="bbox 723 2503 2288 2576">
    <p class='ocr_par' dir='ltr' id='par_1_45' title="bbox 723 2503 2288 2576">
     <span class='ocr_line' id='line_1_45' title="bbox 723 2503 2288 2576; baseline -0.005 -12"><span class='ocrx_word' id='word_1_282' title='bbox 723 2510 909 2564; x_wconf 84' lang='lat' dir='ltr'><strong>nobis:</strong></span> <span class='ocrx_word' id='word_1_283' title='bbox 941 2507 1224 2576; x_wconf 80' lang='lat' dir='ltr'><strong>quoniam,</strong></span> <span class='ocrx_word' id='word_1_284' title='bbox 1262 2520 1384 2560; x_wconf 90' lang='lat' dir='ltr'><strong>cum</strong></span> <span class='ocrx_word' id='word_1_285' title='bbox 1436 2503 1613 2556; x_wconf 88' lang='lat' dir='ltr'><strong>adhuc</strong></span> <span class='ocrx_word' id='word_1_286' title='bbox 1658 2514 1972 2572; x_wconf 82' lang='lat' dir='ltr'><strong>peccatores</strong></span> <span class='ocrx_word' id='word_1_287' title='bbox 2019 2516 2288 2565; x_wconf 85' lang='lat' dir='ltr'><strong>essemus,</strong></span> 
     </span>
    </p>
   </div>
   <div class='ocr_carea' id='block_1_46' title="bbox 719 2593 2290 2665">
    <p class='ocr_par' dir='ltr' id='par_1_46' title="bbox 719 2593 2290 2665">
     <span class='ocr_line' id='line_1_46' title="bbox 719 2593 2290 2665; baseline -0.003 -13"><span class='ocrx_word' id='word_1_288' title='bbox 719 2597 969 2654; x_wconf 85' lang='lat' dir='ltr'><strong>Christus</strong></span> <span class='ocrx_word' id='word_1_289' title='bbox 990 2612 1086 2665; x_wconf 89' lang='lat' dir='ltr'><strong>pro</strong></span> <span class='ocrx_word' id='word_1_290' title='bbox 1117 2594 1270 2650; x_wconf 90' lang='lat' dir='ltr'><strong>nobis</strong></span> <span class='ocrx_word' id='word_1_291' title='bbox 1295 2606 1541 2648; x_wconf 90' lang='lat' dir='ltr'><strong>mortuus</strong></span> <span class='ocrx_word' id='word_1_292' title='bbox 1564 2601 1673 2647; x_wconf 84' lang='lat' dir='ltr'><strong>est.</strong></span> <span class='ocrx_word' id='word_1_293' title='bbox 1715 2593 1878 2648; x_wconf 81' lang='lat' dir='ltr'><strong>Multo</strong></span> <span class='ocrx_word' id='word_1_294' title='bbox 1924 2594 2090 2662; x_wconf 81' lang='lat' dir='ltr'><strong>igitur</strong></span> <span class='ocrx_word' id='word_1_295' title='bbox 2120 2594 2290 2662; x_wconf 83' lang='lat' dir='ltr'><strong>magis</strong></span> 
     </span>
    </p>
   </div>
   <div class='ocr_carea' id='block_1_47' title="bbox 721 2684 2288 2758">
    <p class='ocr_par' dir='ltr' id='par_1_47' title="bbox 721 2684 2288 2758">
     <span class='ocr_line' id='line_1_47' title="bbox 721 2684 2288 2758; baseline -0.004 -14"><span class='ocrx_word' id='word_1_296' title='bbox 721 2705 863 2744; x_wconf 89' lang='lat' dir='ltr'><strong>nune</strong></span> <span class='ocrx_word' id='word_1_297' title='bbox 887 2688 1168 2758; x_wconf 81' lang='lat' dir='ltr'><strong>justiticati</strong></span> <span class='ocrx_word' id='word_1_298' title='bbox 1201 2687 1255 2740; x_wconf 92' lang='lat' dir='ltr'><strong>in</strong></span> <span class='ocrx_word' id='word_1_299' title='bbox 1286 2686 1547 2753; x_wconf 79' lang='lat' dir='ltr'><strong>sanguine</strong></span> <span class='ocrx_word' id='word_1_300' title='bbox 1578 2686 1771 2753; x_wconf 87' lang='lat' dir='ltr'><strong>ipsius,</strong></span> <span class='ocrx_word' id='word_1_301' title='bbox 1794 2686 1926 2738; x_wconf 74' lang='lat' dir='ltr'><strong>salvi</strong></span> <span class='ocrx_word' id='word_1_302' title='bbox 1989 2685 2198 2738; x_wconf 81' lang='lat' dir='ltr'><strong>erimus</strong></span> <span class='ocrx_word' id='word_1_303' title='bbox 2220 2684 2288 2737; x_wconf 88' lang='lat' dir='ltr'><strong>ab</strong></span> 
     </span>
    </p>
   </div>
   <div class='ocr_carea' id='block_1_48' title="bbox 724 2772 2290 2850">
    <p class='ocr_par' dir='ltr' id='par_1_48' title="bbox 724 2772 2290 2850">
     <span class='ocr_line' id='line_1_48' title="bbox 724 2772 2290 2850; baseline -0.007 -16"><span class='ocrx_word' id='word_1_304' title='bbox 724 2781 800 2834; x_wconf 87' lang='lat' dir='ltr'><strong>ira</strong></span> <span class='ocrx_word' id='word_1_305' title='bbox 832 2796 925 2850; x_wconf 87' lang='lat' dir='ltr'><strong>per</strong></span> <span class='ocrx_word' id='word_1_306' title='bbox 955 2781 1127 2848; x_wconf 86' lang='lat' dir='ltr'><strong>ipsum</strong></span> <span class='ocrx_word' id='word_1_307' title='bbox 1160 2777 1225 2829; x_wconf 89' lang='grc'><strong>⁷³.</strong></span> <span class='ocrx_word' id='word_1_308' title='bbox 1264 2793 1281 2827; x_wconf 73' lang='grc' dir='ltr'><strong>ι</strong></span> <span class='ocrx_word' id='word_1_309' title='bbox 1305 2774 1574 2827; x_wconf 79' lang='lat' dir='ltr'><strong>Rursum:</strong></span> <span class='ocrx_word' id='word_1_310' title='bbox 1608 2793 1626 2825; x_wconf 78' lang='grc' dir='ltr'><strong>ι</strong></span> <span class='ocrx_word' id='word_1_311' title='bbox 1662 2775 1716 2827; x_wconf 88' lang='lat' dir='ltr'><strong>Si</strong></span> <span class='ocrx_word' id='word_1_312' title='bbox 1749 2775 1916 2838; x_wconf 85' lang='lat' dir='ltr'><strong>enim,</strong></span> <span class='ocrx_word' id='word_1_313' title='bbox 1947 2788 2070 2827; x_wconf 90' lang='lat' dir='ltr'><strong>eum</strong></span> <span class='ocrx_word' id='word_1_314' title='bbox 2110 2772 2290 2826; x_wconf 86' lang='lat' dir='ltr'><strong>inimi-</strong></span> 
     </span>
    </p>
   </div>
   <div class='ocr_carea' id='block_1_49' title="bbox 719 2865 2286 2935">
    <p class='ocr_par' dir='ltr' id='par_1_49' title="bbox 719 2865 2286 2935">
     <span class='ocr_line' id='line_1_49' title="bbox 719 2865 2286 2935; baseline -0.006 -10"><span class='ocrx_word' id='word_1_315' title='bbox 719 2874 764 2925; x_wconf 81' lang='lat' dir='ltr'><strong>ci</strong></span> <span class='ocrx_word' id='word_1_316' title='bbox 793 2885 1074 2934; x_wconf 84' lang='lat' dir='ltr'><strong>essemus,</strong></span> <span class='ocrx_word' id='word_1_317' title='bbox 1130 2867 1462 2923; x_wconf 83' lang='lat' dir='ltr'><strong>reconciliati</strong></span> <span class='ocrx_word' id='word_1_318' title='bbox 1508 2881 1694 2920; x_wconf 91' lang='lat' dir='ltr'><strong>sumus</strong></span> <span class='ocrx_word' id='word_1_319' title='bbox 1749 2865 1854 2920; x_wconf 88' lang='lat' dir='ltr'><strong>Deo</strong></span> <span class='ocrx_word' id='word_1_320' title='bbox 1915 2881 2008 2935; x_wconf 84' lang='lat' dir='ltr'><strong>per</strong></span> <span class='ocrx_word' id='word_1_321' title='bbox 2061 2875 2286 2918; x_wconf 86' lang='lat' dir='ltr'><strong>mortem</strong></span> 
     </span>
    </p>
   </div>
   <div class='ocr_carea' id='block_1_50' title="bbox 719 2954 2286 3032">
    <p class='ocr_par' dir='ltr' id='par_1_50' title="bbox 719 2954 2286 3032">
     <span class='ocr_line' id='line_1_50' title="bbox 719 2954 2286 3032; baseline -0.008 -13"><span class='ocrx_word' id='word_1_322' title='bbox 719 2964 840 3019; x_wconf 79' lang='lat' dir='ltr'><strong>Filii</strong></span> <span class='ocrx_word' id='word_1_323' title='bbox 864 2963 1004 3032; x_wconf 81' lang='lat' dir='ltr'><strong>ejus,</strong></span> <span class='ocrx_word' id='word_1_324' title='bbox 1051 2961 1219 3014; x_wconf 91' lang='lat' dir='ltr'><strong>multo</strong></span> <span class='ocrx_word' id='word_1_325' title='bbox 1243 2959 1414 3028; x_wconf 71' lang='lat' dir='ltr'><strong>magis</strong></span> <span class='ocrx_word' id='word_1_326' title='bbox 1447 2957 1779 3013; x_wconf 87' lang='lat' dir='ltr'><strong>reconciliati</strong></span> <span class='ocrx_word' id='word_1_327' title='bbox 1837 2956 1968 3010; x_wconf 73' lang='lat' dir='ltr'><strong>salvi</strong></span> <span class='ocrx_word' id='word_1_328' title='bbox 2002 2956 2203 3010; x_wconf 85' lang='lat' dir='ltr'><strong>erimus</strong></span> <span class='ocrx_word' id='word_1_329' title='bbox 2233 2954 2286 3006; x_wconf 92' lang='lat' dir='ltr'><strong>in</strong></span> 
     </span>
    </p>
   </div>
   <div class='ocr_carea' id='block_1_51' title="bbox 721 3044 2287 3124">
    <p class='ocr_par' dir='ltr' id='par_1_51' title="bbox 721 3044 2287 3124">
     <span class='ocr_line' id='line_1_51' title="bbox 721 3044 2287 3124; baseline -0.008 -16"><span class='ocrx_word' id='word_1_330' title='bbox 721 3057 830 3109; x_wconf 85' lang='lat' dir='ltr'><strong>vita</strong></span> <span class='ocrx_word' id='word_1_331' title='bbox 861 3057 1028 3124; x_wconf 83' lang='lat' dir='ltr'><strong>ipsius</strong></span> <span class='ocrx_word' id='word_1_332' title='bbox 1053 3053 1119 3106; x_wconf 65' lang='grc'><strong>⁷⁸.</strong></span> <span class='ocrx_word' id='word_1_333' title='bbox 1161 3071 1178 3103; x_wconf 74' lang='grc' dir='ltr'><strong>ι</strong></span> <span class='ocrx_word' id='word_1_334' title='bbox 1221 3051 1273 3105; x_wconf 90' lang='lat' dir='ltr'><strong>Si</strong></span> <span class='ocrx_word' id='word_1_335' title='bbox 1307 3051 1539 3104; x_wconf 89' lang='lat' dir='ltr'><strong>mundus</strong></span> <span class='ocrx_word' id='word_1_336' title='bbox 1571 3049 1727 3101; x_wconf 86' lang='lat' dir='ltr'><strong>aliter</strong></span> <span class='ocrx_word' id='word_1_337' title='bbox 1753 3063 1914 3116; x_wconf 85' lang='lat' dir='ltr'><strong>quam</strong></span> <span class='ocrx_word' id='word_1_338' title='bbox 1966 3060 2063 3114; x_wconf 83' lang='lat' dir='ltr'><strong>per.</strong></span> <span class='ocrx_word' id='word_1_339' title='bbox 2083 3044 2287 3098; x_wconf 87' lang='lat' dir='ltr'><strong>Christi</strong></span> 
     </span>
    </p>
   </div>
   <div class='ocr_carea' id='block_1_52' title="bbox 719 3134 2289 3215">
    <p class='ocr_par' dir='ltr' id='par_1_52' title="bbox 719 3134 2289 3215">
     <span class='ocr_line' id='line_1_52' title="bbox 719 3134 2289 3215; baseline -0.01 -15"><span class='ocrx_word' id='word_1_340' title='bbox 719 3147 1035 3215; x_wconf 79' lang='lat' dir='ltr'><strong>sanguinem</strong></span> <span class='ocrx_word' id='word_1_341' title='bbox 1068 3155 1122 3198; x_wconf 87' lang='lat' dir='ltr'><strong>et</strong></span> <span class='ocrx_word' id='word_1_342' title='bbox 1147 3155 1376 3196; x_wconf 89' lang='lat' dir='ltr'><strong>mortem</strong></span> <span class='ocrx_word' id='word_1_343' title='bbox 1417 3141 1594 3194; x_wconf 82' lang='lat' dir='ltr'><strong>divina</strong></span> <span class='ocrx_word' id='word_1_344' title='bbox 1646 3138 2049 3206; x_wconf 86' lang='lat' dir='ltr'><strong>dispensatione</strong></span> <span class='ocrx_word' id='word_1_345' title='bbox 2088 3134 2289 3188; x_wconf 85' lang='lat' dir='ltr'><strong>saluta-</strong></span> 
     </span>
    </p>
   </div>
   <div class='ocr_carea' id='block_1_53' title="bbox 2391 2869 3982 2944">
    <p class='ocr_par' dir='ltr' id='par_1_53' title="bbox 2391 2869 3982 2944">
     <span class='ocr_line' id='line_1_53' title="bbox 2391 2869 3982 2944; baseline -0.004 -16"><span class='ocrx_word' id='word_1_346' title='bbox 2391 2892 2567 2944; x_wconf 83' lang='grc' dir='ltr'>γημεν</span> <span class='ocrx_word' id='word_1_347' title='bbox 2611 2873 2687 2944; x_wconf 82' lang='grc' dir='ltr'>τῷ</span> <span class='ocrx_word' id='word_1_348' title='bbox 2734 2873 2854 2943; x_wconf 79' lang='grc' dir='ltr'><strong>Θεῷ</strong></span> <span class='ocrx_word' id='word_1_349' title='bbox 2894 2873 2982 2926; x_wconf 77' lang='grc' dir='ltr'>διὰ</span> <span class='ocrx_word' id='word_1_350' title='bbox 3027 2871 3123 2926; x_wconf 79' lang='grc' dir='ltr'>τοῦ</span> <span class='ocrx_word' id='word_1_351' title='bbox 3173 2871 3404 2925; x_wconf 87' lang='grc' dir='ltr'>θανάτου</span> <span class='ocrx_word' id='word_1_352' title='bbox 3455 2869 3550 2924; x_wconf 83' lang='grc' dir='ltr'>τοῦ</span> <span class='ocrx_word' id='word_1_353' title='bbox 3603 2870 3737 2924; x_wconf 80' lang='grc' dir='ltr'><strong>Υίοῦ</strong></span> <span class='ocrx_word' id='word_1_354' title='bbox 3784 2869 3982 2930; x_wconf 68' lang='grc' dir='ltr'>αὑτοῦ,</span> 
     </span>
    </p>
   </div>
   <div class='ocr_carea' id='block_1_54' title="bbox 2391 2961 3982 3035">
    <p class='ocr_par' dir='ltr' id='par_1_54' title="bbox 2391 2961 3982 3035">
     <span class='ocr_line' id='line_1_54' title="bbox 2391 2961 3982 3035; baseline -0.004 -17"><span class='ocrx_word' id='word_1_355' title='bbox 2391 2965 2570 3035; x_wconf 81' lang='grc' dir='ltr'>πολλῷ</span> <span class='ocrx_word' id='word_1_356' title='bbox 2603 2965 2801 3034; x_wconf 78' lang='grc' dir='ltr'>μᾶλλον</span> <span class='ocrx_word' id='word_1_357' title='bbox 2834 2963 3268 3033; x_wconf 73' lang='grc' dir='ltr'>καταλλαγέντες</span> <span class='ocrx_word' id='word_1_358' title='bbox 3293 2961 3652 3034; x_wconf 73' lang='grc' dir='ltr'>σωθησόμεθα</span> <span class='ocrx_word' id='word_1_359' title='bbox 3669 2963 3729 3013; x_wconf 82' lang='grc' dir='ltr'>ὲν</span> <span class='ocrx_word' id='word_1_360' title='bbox 3758 2965 3834 3032; x_wconf 76' lang='grc' dir='ltr'>τῇ</span> <span class='ocrx_word' id='word_1_361' title='bbox 3869 2962 3982 3029; x_wconf 72' lang='grc' dir='ltr'><strong>ζωῇ</strong></span> 
     </span>
    </p>
   </div>
   <div class='ocr_carea' id='block_1_55' title="bbox 2392 3050 3984 3127">
    <p class='ocr_par' dir='ltr' id='par_1_55' title="bbox 2392 3050 3984 3127">
     <span class='ocr_line' id='line_1_55' title="bbox 2392 3050 3984 3127; baseline -0.003 -18"><span class='ocrx_word' id='word_1_362' title='bbox 2392 3057 2577 3111; x_wconf 71' lang='grc' dir='ltr'>αὐτοῦ.</span> <span class='ocrx_word' id='word_1_363' title='bbox 2613 3076 2630 3109; x_wconf 72' lang='grc' dir='ltr'><strong>ι</strong></span> <span class='ocrx_word' id='word_1_364' title='bbox 2669 3055 2874 3109; x_wconf 75' lang='grc' dir='ltr'>Οὐκοῦν</span> <span class='ocrx_word' id='word_1_365' title='bbox 2903 3057 2950 3108; x_wconf 90' lang='grc' dir='ltr'>εἰ</span> <span class='ocrx_word' id='word_1_366' title='bbox 2987 3055 3060 3126; x_wconf 84' lang='grc' dir='ltr'>μὴ</span> <span class='ocrx_word' id='word_1_367' title='bbox 3089 3054 3293 3124; x_wconf 79' lang='grc' dir='ltr'>ἑτέρως</span> <span class='ocrx_word' id='word_1_368' title='bbox 3331 3050 3398 3127; x_wconf 78' lang='grc' dir='ltr'>ἦν</span> <span class='ocrx_word' id='word_1_369' title='bbox 3448 3053 3718 3118; x_wconf 75' lang='grc' dir='ltr'>σώζεσθαι</span> <span class='ocrx_word' id='word_1_370' title='bbox 3751 3055 3855 3106; x_wconf 65' lang='grc' dir='ltr'>τὸν</span> <span class='ocrx_word' id='word_1_371' title='bbox 3891 3056 3984 3104; x_wconf 76' lang='grc' dir='ltr'>κό·</span> 
     </span>
    </p>
   </div>
   <div class='ocr_carea' id='block_1_56' title="bbox 2396 3146 3984 3221">
    <p class='ocr_par' dir='ltr' id='par_1_56' title="bbox 2396 3146 3984 3221">
     <span class='ocr_line' id='line_1_56' title="bbox 2396 3146 3984 3221; baseline -0.004 -19"><span class='ocrx_word' id='word_1_372' title='bbox 2396 3167 2549 3219; x_wconf 84' lang='grc' dir='ltr'>σμον,</span> <span class='ocrx_word' id='word_1_373' title='bbox 2581 3151 2627 3202; x_wconf 83' lang='grc' dir='ltr'>εἰ</span> <span class='ocrx_word' id='word_1_374' title='bbox 2661 3149 2737 3221; x_wconf 71' lang='grc' dir='ltr'>μὴ</span> <span class='ocrx_word' id='word_1_375' title='bbox 2774 3150 2831 3200; x_wconf 76' lang='grc' dir='ltr'>ὲν</span> <span class='ocrx_word' id='word_1_376' title='bbox 2879 3149 3070 3218; x_wconf 76' lang='grc' dir='ltr'>αἵματι</span> <span class='ocrx_word' id='word_1_377' title='bbox 3104 3148 3199 3200; x_wconf 74' lang='grc' dir='ltr'><strong>καὶ</strong></span> <span class='ocrx_word' id='word_1_378' title='bbox 3227 3146 3444 3216; x_wconf 81' lang='grc' dir='ltr'>θανάτῳ</span> <span class='ocrx_word' id='word_1_379' title='bbox 3475 3147 3759 3216; x_wconf 73' lang='grc' dir='ltr'>χρησίμως</span> <span class='ocrx_word' id='word_1_380' title='bbox 3789 3161 3984 3214; x_wconf 77' lang='grc' dir='ltr'>σπαρα-</span> 
     </span>
    </p>
   </div>
   <div class='ocr_carea' id='block_1_57' title="bbox 726 3229 2286 3312">
    <p class='ocr_par' dir='ltr' id='par_1_57' title="bbox 726 3229 2286 3306">
     <span class='ocr_line' id='line_1_57' title="bbox 726 3229 2286 3306; baseline -0.01 -13"><span class='ocrx_word' id='word_1_381' title='bbox 726 3243 856 3293; x_wconf 85' lang='lat' dir='ltr'><strong>riter</strong></span> <span class='ocrx_word' id='word_1_382' title='bbox 893 3247 1196 3306; x_wconf 87' lang='lat' dir='ltr'><strong>susceptam</strong></span> <span class='ocrx_word' id='word_1_383' title='bbox 1232 3245 1452 3304; x_wconf 89' lang='lat' dir='ltr'><strong>propter</strong></span> <span class='ocrx_word' id='word_1_384' title='bbox 1489 3231 1914 3302; x_wconf 71' lang='lat' dir='ltr'><strong>praecedentium</strong></span> <span class='ocrx_word' id='word_1_385' title='bbox 1967 3229 2286 3281; x_wconf 86' lang='lat' dir='ltr'><strong>delictorum</strong></span> 
     </span>
    </p>
   </div>
   <div class='ocr_carea' id='block_1_58' title="bbox 2393 3229 3984 3312">
    <p class='ocr_par' dir='ltr' id='par_1_58' title="bbox 2393 3237 3984 3312">
     <span class='ocr_line' id='line_1_58' title="bbox 2393 3237 3984 3312; baseline -0.004 -19"><span class='ocrx_word' id='word_1_386' title='bbox 2393 3242 2687 3312; x_wconf 72' lang='grc' dir='ltr'>ληφθέντι,</span> <span class='ocrx_word' id='word_1_387' title='bbox 2735 3242 2829 3294; x_wconf 80' lang='grc' dir='ltr'>καὶ</span> <span class='ocrx_word' id='word_1_388' title='bbox 2875 3239 3273 3309; x_wconf 85' lang='grc' dir='ltr'>οἰκονομικῶς,</span> <span class='ocrx_word' id='word_1_389' title='bbox 3324 3238 3412 3291; x_wconf 84' lang='grc' dir='ltr'><strong>διά</strong></span> <span class='ocrx_word' id='word_1_390' title='bbox 3451 3238 3548 3307; x_wconf 82' lang='grc' dir='ltr'><strong>τὴν</strong></span> <span class='ocrx_word' id='word_1_391' title='bbox 3583 3238 3825 3307; x_wconf 79' lang='grc' dir='ltr'>πάρεσιν</span> <span class='ocrx_word' id='word_1_392' title='bbox 3872 3237 3984 3288; x_wconf 76' lang='grc' dir='ltr'>τῶν</span> 
     </span>
    </p>
   </div>
   <div class='ocr_carea' id='block_1_59' title="bbox 722 3319 2292 3396">
    <p class='ocr_par' dir='ltr' id='par_1_59' title="bbox 722 3319 2292 3396">
     <span class='ocr_line' id='line_1_59' title="bbox 722 3319 2292 3396; baseline -0.011 -10"><span class='ocrx_word' id='word_1_393' title='bbox 722 3332 1203 3393; x_wconf 84' lang='lat' dir='ltr'><strong>condunatiouem,</strong></span> <span class='ocrx_word' id='word_1_394' title='bbox 1258 3342 1378 3396; x_wconf 73' lang='lat' dir='ltr'><strong>qua:</strong></span> <span class='ocrx_word' id='word_1_395' title='bbox 1406 3326 1545 3379; x_wconf 87' lang='lat' dir='ltr'><strong>Deus</strong></span> <span class='ocrx_word' id='word_1_396' title='bbox 1579 3323 1923 3384; x_wconf 81' lang='lat' dir='ltr'><strong>toleraverat,</strong></span> <span class='ocrx_word' id='word_1_397' title='bbox 1960 3319 2157 3374; x_wconf 78' lang='lat' dir='ltr'><strong>salvari</strong></span> <span class='ocrx_word' id='word_1_398' title='bbox 2194 3333 2292 3369; x_wconf 82' lang='lat' dir='ltr'><strong>ue-</strong></span> 
     </span>
    </p>
   </div>
   <div class='ocr_carea' id='block_1_60' title="bbox 723 3414 2289 3493">
    <p class='ocr_par' dir='ltr' id='par_1_60' title="bbox 723 3414 2289 3493">
     <span class='ocr_line' id='line_1_60' title="bbox 723 3414 2289 3493; baseline -0.007 -18"><span class='ocrx_word' id='word_1_399' title='bbox 723 3424 928 3493; x_wconf 79' lang='lat' dir='ltr'><strong>quibat,</strong></span> <span class='ocrx_word' id='word_1_400' title='bbox 959 3439 1052 3489; x_wconf 89' lang='lat' dir='ltr'><strong>per</strong></span> <span class='ocrx_word' id='word_1_401' title='bbox 1074 3420 1350 3474; x_wconf 85' lang='lat' dir='ltr'><strong>Christum</strong></span> <span class='ocrx_word' id='word_1_402' title='bbox 1399 3427 1577 3470; x_wconf 81' lang='lat' dir='ltr'><strong>autent</strong></span> <span class='ocrx_word' id='word_1_403' title='bbox 1614 3414 1842 3467; x_wconf 82' lang='lat' dir='ltr'><strong>salutem</strong></span> <span class='ocrx_word' id='word_1_404' title='bbox 1872 3426 2060 3467; x_wconf 84' lang='lat' dir='ltr'><strong>sumth</strong></span> <span class='ocrx_word' id='word_1_405' title='bbox 2100 3425 2289 3465; x_wconf 86' lang='lat' dir='ltr'><strong>conse-</strong></span> 
     </span>
    </p>
   </div>
   <div class='ocr_carea' id='block_1_61' title="bbox 729 3503 2291 3583">
    <p class='ocr_par' dir='ltr' id='par_1_61' title="bbox 729 3503 2291 3583">
     <span class='ocr_line' id='line_1_61' title="bbox 729 3503 2291 3583; baseline -0.009 -12"><span class='ocrx_word' id='word_1_406' title='bbox 729 3519 884 3571; x_wconf 77' lang='lat' dir='ltr'><strong>cuti:</strong></span> <span class='ocrx_word' id='word_1_407' title='bbox 927 3513 1196 3583; x_wconf 76' lang='lat' dir='ltr'><strong>quomodo</strong></span> <span class='ocrx_word' id='word_1_408' title='bbox 1254 3507 1648 3564; x_wconf 80' lang='lat' dir='ltr'><strong>incarnationis</strong></span> <span class='ocrx_word' id='word_1_409' title='bbox 1709 3505 1902 3562; x_wconf 83' lang='lat' dir='ltr'><strong>modus</strong></span> <span class='ocrx_word' id='word_1_410' title='bbox 1971 3505 2062 3557; x_wconf 79' lang='lat' dir='ltr'><strong>Dei</strong></span> <span class='ocrx_word' id='word_1_411' title='bbox 2116 3503 2291 3557; x_wconf 80' lang='lat' dir='ltr'><strong>Patris</strong></span> 
     </span>
    </p>
   </div>
   <div class='ocr_carea' id='block_1_62' title="bbox 726 3590 2288 3663">
    <p class='ocr_par' dir='ltr' id='par_1_62' title="bbox 726 3590 2288 3663">
     <span class='ocr_line' id='line_1_62' title="bbox 726 3590 2288 3663; baseline -0.009 -5"><span class='ocrx_word' id='word_1_412' title='bbox 726 3607 899 3660; x_wconf 77' lang='lat' dir='ltr'><strong>Verbo</strong></span> <span class='ocrx_word' id='word_1_413' title='bbox 935 3601 1278 3657; x_wconf 80' lang='lat' dir='ltr'><strong>necessarius</strong></span> <span class='ocrx_word' id='word_1_414' title='bbox 1332 3614 1435 3652; x_wconf 90' lang='lat' dir='ltr'><strong>non</strong></span> <span class='ocrx_word' id='word_1_415' title='bbox 1492 3605 1630 3660; x_wconf 81' lang='lat' dir='ltr'><strong>erat,</strong></span> <span class='ocrx_word' id='word_1_416' title='bbox 1680 3609 1784 3663; x_wconf 87' lang='lat' dir='ltr'><strong>quo</strong></span> <span class='ocrx_word' id='word_1_417' title='bbox 1837 3594 1978 3656; x_wconf 90' lang='lat' dir='ltr'><strong>illos,</strong></span> <span class='ocrx_word' id='word_1_418' title='bbox 2034 3590 2288 3644; x_wconf 87' lang='lat' dir='ltr'><strong>nimirum</strong></span> 
     </span>
    </p>
   </div>
   <div class='ocr_carea' id='block_1_63' title="bbox 719 3682 2288 3768">
    <p class='ocr_par' dir='ltr' id='par_1_63' title="bbox 719 3682 2288 3768">
     <span class='ocr_line' id='line_1_63' title="bbox 719 3682 2288 3768; baseline -0.01 -18"><span class='ocrx_word' id='word_1_419' title='bbox 719 3699 811 3767; x_wconf 83' lang='lat' dir='ltr'><strong>qui</strong></span> <span class='ocrx_word' id='word_1_420' title='bbox 854 3697 904 3748; x_wconf 90' lang='lat' dir='ltr'><strong>in</strong></span> <span class='ocrx_word' id='word_1_421' title='bbox 944 3695 1114 3762; x_wconf 86' lang='lat' dir='ltr'><strong>ipsum</strong></span> <span class='ocrx_word' id='word_1_422' title='bbox 1146 3691 1456 3755; x_wconf 82' lang='lat' dir='ltr'><strong>crederent,</strong></span> <span class='ocrx_word' id='word_1_423' title='bbox 1496 3703 1590 3757; x_wconf 90' lang='lat' dir='ltr'><strong>per</strong></span> <span class='ocrx_word' id='word_1_424' title='bbox 1647 3685 1966 3754; x_wconf 79' lang='lat' dir='ltr'><strong>sanguinem</strong></span> <span class='ocrx_word' id='word_1_425' title='bbox 2003 3699 2160 3738; x_wconf 90' lang='lat' dir='ltr'><strong>suum</strong></span> <span class='ocrx_word' id='word_1_426' title='bbox 2197 3682 2288 3768; x_wconf 64' lang='lat' dir='ltr'><strong>ju-</strong></span> 
     </span>
    </p>
   </div>
   <div class='ocr_carea' id='block_1_64' title="bbox 720 3777 2287 3853">
    <p class='ocr_par' dir='ltr' id='par_1_64' title="bbox 720 3777 2287 3853">
     <span class='ocr_line' id='line_1_64' title="bbox 720 3777 2287 3853; baseline -0.012 -10"><span class='ocrx_word' id='word_1_427' title='bbox 720 3789 1007 3847; x_wconf 80' lang='lat' dir='ltr'><strong>stitiearet,</strong></span> <span class='ocrx_word' id='word_1_428' title='bbox 1042 3783 1152 3853; x_wconf 82' lang='lat'><strong>99</strong></span> <span class='ocrx_word' id='word_1_429' title='bbox 1177 3780 1540 3848; x_wconf 84' lang='lat' dir='ltr'><strong>Patriqueper</strong></span> <span class='ocrx_word' id='word_1_430' title='bbox 1571 3777 1815 3843; x_wconf 89' lang='lat' dir='ltr'><strong>corporis</strong></span> <span class='ocrx_word' id='word_1_431' title='bbox 1838 3777 1918 3827; x_wconf 89' lang='lat' dir='ltr'><strong>sui</strong></span> <span class='ocrx_word' id='word_1_432' title='bbox 1948 3784 2174 3826; x_wconf 90' lang='lat' dir='ltr'><strong>mortem</strong></span> <span class='ocrx_word' id='word_1_433' title='bbox 2206 3787 2287 3825; x_wconf 81' lang='lat' dir='ltr'><strong>re-</strong></span> 
     </span>
    </p>
   </div>
   <div class='ocr_carea' id='block_1_65' title="bbox 718 3863 2287 3942">
    <p class='ocr_par' dir='ltr' id='par_1_65' title="bbox 718 3863 2287 3942">
     <span class='ocr_line' id='line_1_65' title="bbox 718 3863 2287 3942; baseline -0.011 -8"><span class='ocrx_word' id='word_1_434' title='bbox 718 3877 1036 3936; x_wconf 81' lang='lat' dir='ltr'><strong>eoiieiliaret</strong></span> <span class='ocrx_word' id='word_1_435' title='bbox 1068 3915 1082 3938; x_wconf 86' lang='lat'><strong>,</strong></span> <span class='ocrx_word' id='word_1_436' title='bbox 1115 3885 1276 3942; x_wconf 85' lang='lat' dir='ltr'><strong>atque</strong></span> <span class='ocrx_word' id='word_1_437' title='bbox 1328 3872 1397 3925; x_wconf 84' lang='lat' dir='ltr'><strong>ita</strong></span> <span class='ocrx_word' id='word_1_438' title='bbox 1445 3868 1604 3923; x_wconf 87' lang='lat' dir='ltr'><strong>simul</strong></span> <span class='ocrx_word' id='word_1_439' title='bbox 1657 3881 1776 3920; x_wconf 88' lang='lat' dir='ltr'><strong>cum</strong></span> <span class='ocrx_word' id='word_1_440' title='bbox 1830 3865 1948 3934; x_wconf 89' lang='lat' dir='ltr'><strong>ipso</strong></span> <span class='ocrx_word' id='word_1_441' title='bbox 1971 3866 2136 3918; x_wconf 79' lang='lat' dir='ltr'><strong>vitam</strong></span> <span class='ocrx_word' id='word_1_442' title='bbox 2166 3863 2287 3918; x_wconf 82' lang='lat' dir='ltr'><strong>adi-</strong></span> 
     </span>
    </p>
   </div>
   <div class='ocr_carea' id='block_1_66' title="bbox 719 3967 1090 4041">
    <p class='ocr_par' dir='ltr' id='par_1_66' title="bbox 719 3967 1090 4041">
     <span class='ocr_line' id='line_1_66' title="bbox 719 3967 1090 4041; baseline -0.013 -16"><span class='ocrx_word' id='word_1_443' title='bbox 719 3967 1090 4041; x_wconf 87' lang='lat' dir='ltr'><strong>piseeremur?</strong></span> 
     </span>
    </p>
   </div>
   <div class='ocr_carea' id='block_1_67' title="bbox 794 4051 2284 4127">
    <p class='ocr_par' dir='ltr' id='par_1_67' title="bbox 794 4051 2284 4127">
     <span class='ocr_line' id='line_1_67' title="bbox 794 4051 2284 4127; baseline -0.005 -13"><span class='ocrx_word' id='word_1_444' title='bbox 794 4082 811 4114; x_wconf 75' lang='grc' dir='ltr'><strong>ι</strong></span> <span class='ocrx_word' id='word_1_445' title='bbox 857 4065 936 4116; x_wconf 83' lang='lat' dir='ltr'><strong>An</strong></span> <span class='ocrx_word' id='word_1_446' title='bbox 975 4057 1399 4127; x_wconf 77' lang='lat' dir='ltr'><strong>ignoratis,quia</strong></span> <span class='ocrx_word' id='word_1_447' title='bbox 1429 4055 1739 4125; x_wconf 84' lang='lat' dir='ltr'><strong>quicunque</strong></span> <span class='ocrx_word' id='word_1_448' title='bbox 1798 4051 2052 4121; x_wconf 81' lang='lat' dir='ltr'><strong>baptizati</strong></span> <span class='ocrx_word' id='word_1_449' title='bbox 2090 4065 2284 4106; x_wconf 83' lang='lat' dir='ltr'><strong>smnus</strong></span> 
     </span>
    </p>
   </div>
   <div class='ocr_carea' id='block_1_68' title="bbox 719 4144 2287 4216">
    <p class='ocr_par' dir='ltr' id='par_1_68' title="bbox 719 4144 2287 4216">
     <span class='ocr_line' id='line_1_68' title="bbox 719 4144 2287 4216; baseline -0.009 -5"><span class='ocrx_word' id='word_1_450' title='bbox 719 4159 770 4212; x_wconf 91' lang='lat' dir='ltr'><strong>in</strong></span> <span class='ocrx_word' id='word_1_451' title='bbox 798 4155 1017 4210; x_wconf 79' lang='lat' dir='ltr'><strong>Christo</strong></span> <span class='ocrx_word' id='word_1_452' title='bbox 1043 4152 1186 4213; x_wconf 80' lang='lat' dir='ltr'><strong>Jesu.</strong></span> <span class='ocrx_word' id='word_1_453' title='bbox 1218 4151 1269 4203; x_wconf 91' lang='lat' dir='ltr'><strong>iu</strong></span> <span class='ocrx_word' id='word_1_454' title='bbox 1300 4155 1525 4202; x_wconf 82' lang='lat' dir='ltr'><strong>mortem</strong></span> <span class='ocrx_word' id='word_1_455' title='bbox 1563 4150 1729 4216; x_wconf 81' lang='lat' dir='ltr'><strong>ipsius</strong></span> <span class='ocrx_word' id='word_1_456' title='bbox 1769 4146 2023 4214; x_wconf 87' lang='lat' dir='ltr'><strong>baptizati</strong></span> <span class='ocrx_word' id='word_1_457' title='bbox 2050 4159 2236 4198; x_wconf 89' lang='lat' dir='ltr'><strong>sumus</strong></span> <span class='ocrx_word' id='word_1_458' title='bbox 2264 4144 2287 4197; x_wconf 90' lang='lat'><strong>?</strong></span> 
     </span>
    </p>
   </div>
   <div class='ocr_carea' id='block_1_69' title="bbox 717 4237 2281 4318">
    <p class='ocr_par' dir='ltr' id='par_1_69' title="bbox 717 4237 2281 4318">
     <span class='ocr_line' id='line_1_69' title="bbox 717 4237 2281 4318; baseline -0.011 -13"><span class='ocrx_word' id='word_1_459' title='bbox 717 4248 1026 4318; x_wconf 70' lang='lat' dir='ltr'><strong>ConscPulti</strong></span> <span class='ocrx_word' id='word_1_460' title='bbox 1060 4246 1201 4299; x_wconf 86' lang='lat' dir='ltr'><strong>cnim</strong></span> <span class='ocrx_word' id='word_1_461' title='bbox 1230 4258 1413 4296; x_wconf 88' lang='lat' dir='ltr'><strong>sumus</strong></span> <span class='ocrx_word' id='word_1_462' title='bbox 1445 4257 1564 4295; x_wconf 89' lang='lat' dir='ltr'><strong>cum</strong></span> <span class='ocrx_word' id='word_1_463' title='bbox 1605 4242 1696 4292; x_wconf 90' lang='lat' dir='ltr'><strong>illo</strong></span> <span class='ocrx_word' id='word_1_464' title='bbox 1727 4254 1820 4308; x_wconf 88' lang='lat' dir='ltr'><strong>per</strong></span> <span class='ocrx_word' id='word_1_465' title='bbox 1849 4238 2179 4306; x_wconf 79' lang='lat' dir='ltr'><strong>baptismum</strong></span> <span class='ocrx_word' id='word_1_466' title='bbox 2229 4237 2281 4288; x_wconf 91' lang='lat' dir='ltr'><strong>in</strong></span> 
     </span>
    </p>
   </div>
   <div class='ocr_carea' id='block_1_70' title="bbox 725 4326 2286 4404">
    <p class='ocr_par' dir='ltr' id='par_1_70' title="bbox 725 4326 2286 4404">
     <span class='ocr_line' id='line_1_70' title="bbox 725 4326 2286 4404; baseline -0.011 -9"><span class='ocrx_word' id='word_1_467' title='bbox 725 4351 974 4403; x_wconf 88' lang='lat' dir='ltr'><strong>mortem,</strong></span> <span class='ocrx_word' id='word_1_468' title='bbox 1019 4347 1077 4390; x_wconf 89' lang='lat' dir='ltr'><strong>ut</strong></span> <span class='ocrx_word' id='word_1_469' title='bbox 1109 4335 1378 4404; x_wconf 85' lang='lat' dir='ltr'><strong>quomodo</strong></span> <span class='ocrx_word' id='word_1_470' title='bbox 1406 4329 1654 4385; x_wconf 85' lang='lat' dir='ltr'><strong>Christus</strong></span> <span class='ocrx_word' id='word_1_471' title='bbox 1687 4327 1932 4382; x_wconf 77' lang='lat' dir='ltr'><strong>surrexit</strong></span> <span class='ocrx_word' id='word_1_472' title='bbox 1967 4344 1996 4380; x_wconf 77' lang='grc' dir='ltr'><strong>ιι</strong></span> <span class='ocrx_word' id='word_1_473' title='bbox 2056 4326 2286 4380; x_wconf 88' lang='lat' dir='ltr'><strong>mortuis</strong></span> 
     </span>
    </p>
   </div>
   <div class='ocr_carea' id='block_1_71' title="bbox 719 4418 2284 4501">
    <p class='ocr_par' dir='ltr' id='par_1_71' title="bbox 719 4418 2284 4501">
     <span class='ocr_line' id='line_1_71' title="bbox 719 4418 2284 4501; baseline -0.013 -14"><span class='ocrx_word' id='word_1_474' title='bbox 719 4431 1053 4501; x_wconf 81' lang='lat' dir='ltr'><strong>pergloriam</strong></span> <span class='ocrx_word' id='word_1_475' title='bbox 1088 4427 1286 4491; x_wconf 81' lang='lat' dir='ltr'><strong>Patris,</strong></span> <span class='ocrx_word' id='word_1_476' title='bbox 1326 4426 1396 4476; x_wconf 90' lang='lat' dir='ltr'><strong>ita</strong></span> <span class='ocrx_word' id='word_1_477' title='bbox 1433 4432 1486 4476; x_wconf 91' lang='lat' dir='ltr'><strong>et</strong></span> <span class='ocrx_word' id='word_1_478' title='bbox 1541 4437 1636 4476; x_wconf 89' lang='lat' dir='ltr'><strong>nos</strong></span> <span class='ocrx_word' id='word_1_479' title='bbox 1678 4423 1727 4475; x_wconf 91' lang='lat' dir='ltr'><strong>in</strong></span> <span class='ocrx_word' id='word_1_480' title='bbox 1761 4420 2000 4474; x_wconf 75' lang='lat' dir='ltr'><strong>novitate</strong></span> <span class='ocrx_word' id='word_1_481' title='bbox 2024 4418 2146 4470; x_wconf 73' lang='lat' dir='ltr'><strong>vita:</strong></span> <span class='ocrx_word' id='word_1_482' title='bbox 2170 4432 2284 4468; x_wconf 83' lang='lat' dir='ltr'><strong>aui-</strong></span> 
     </span>
    </p>
   </div>
   <div class='ocr_carea' id='block_1_72' title="bbox 719 4506 2284 4580">
    <p class='ocr_par' dir='ltr' id='par_1_72' title="bbox 719 4506 2284 4580">
     <span class='ocr_line' id='line_1_72' title="bbox 719 4506 2284 4580; baseline -0.009 -7"><span class='ocrx_word' id='word_1_483' title='bbox 719 4520 961 4573; x_wconf 85' lang='lat' dir='ltr'><strong>bulemus</strong></span> <span class='ocrx_word' id='word_1_484' title='bbox 991 4519 1093 4570; x_wconf 72' lang='grc'><strong>⁷⁵.»</strong></span> <span class='ocrx_word' id='word_1_485' title='bbox 1135 4517 1188 4569; x_wconf 89' lang='lat' dir='ltr'><strong>Si</strong></span> <span class='ocrx_word' id='word_1_486' title='bbox 1223 4529 1315 4568; x_wconf 86' lang='lat' dir='ltr'><strong>eos</strong></span> <span class='ocrx_word' id='word_1_487' title='bbox 1350 4515 1436 4580; x_wconf 92' lang='lat' dir='ltr'><strong>qui</strong></span> <span class='ocrx_word' id='word_1_488' title='bbox 1470 4514 1519 4566; x_wconf 93' lang='lat' dir='ltr'><strong>iu</strong></span> <span class='ocrx_word' id='word_1_489' title='bbox 1565 4511 1726 4566; x_wconf 79' lang='lat' dir='ltr'><strong>terris</strong></span> <span class='ocrx_word' id='word_1_490' title='bbox 1777 4511 1999 4577; x_wconf 84' lang='lat' dir='ltr'><strong>degunt,</strong></span> <span class='ocrx_word' id='word_1_491' title='bbox 2063 4506 2284 4561; x_wconf 84' lang='lat' dir='ltr'><strong>Christo</strong></span> 
     </span>
    </p>
   </div>
   <div class='ocr_carea' id='block_1_73' title="bbox 718 4597 2272 4680">
    <p class='ocr_par' dir='ltr' id='par_1_73' title="bbox 718 4597 2272 4680">
     <span class='ocr_line' id='line_1_73' title="bbox 718 4597 2272 4680; baseline -0.011 -17"><span class='ocrx_word' id='word_1_492' title='bbox 718 4625 814 4680; x_wconf 87' lang='lat' dir='ltr'><strong>per</strong></span> <span class='ocrx_word' id='word_1_493' title='bbox 841 4608 1164 4676; x_wconf 82' lang='lat' dir='ltr'><strong>baptismum</strong></span> <span class='ocrx_word' id='word_1_494' title='bbox 1197 4605 1248 4657; x_wconf 90' lang='lat' dir='ltr'><strong>in</strong></span> <span class='ocrx_word' id='word_1_495' title='bbox 1277 4613 1504 4657; x_wconf 90' lang='lat' dir='ltr'><strong>mortem</strong></span> <span class='ocrx_word' id='word_1_496' title='bbox 1539 4602 1709 4668; x_wconf 81' lang='lat' dir='ltr'><strong>ipsius</strong></span> <span class='ocrx_word' id='word_1_497' title='bbox 1732 4597 2059 4666; x_wconf 85' lang='lat' dir='ltr'><strong>consepeliri</strong></span> <span class='ocrx_word' id='word_1_498' title='bbox 2096 4597 2272 4650; x_wconf 83' lang='lat' dir='ltr'><strong>omni-</strong></span> 
     </span>
    </p>
   </div>
   <div class='ocr_carea' id='block_1_74' title="bbox 718 4693 2281 4764">
    <p class='ocr_par' dir='ltr' id='par_1_74' title="bbox 718 4693 2281 4764">
     <span class='ocr_line' id='line_1_74' title="bbox 718 4693 2281 4764; baseline -0.006 -10"><span class='ocrx_word' id='word_1_499' title='bbox 718 4716 788 4755; x_wconf 90' lang='lat' dir='ltr'><strong>no</strong></span> <span class='ocrx_word' id='word_1_500' title='bbox 823 4713 1100 4753; x_wconf 79' lang='lat' dir='ltr'><strong>neceSsum</strong></span> <span class='ocrx_word' id='word_1_501' title='bbox 1131 4707 1248 4762; x_wconf 91' lang='lat' dir='ltr'><strong>est;</strong></span> <span class='ocrx_word' id='word_1_502' title='bbox 1287 4706 1341 4748; x_wconf 87' lang='lat' dir='ltr'><strong>ut</strong></span> <span class='ocrx_word' id='word_1_503' title='bbox 1367 4694 1823 4764; x_wconf 81' lang='lat' dir='ltr'><strong>quemadmodum</strong></span> <span class='ocrx_word' id='word_1_504' title='bbox 1886 4693 1973 4745; x_wconf 89' lang='lat' dir='ltr'><strong>ille</strong></span> <span class='ocrx_word' id='word_1_505' title='bbox 2025 4708 2088 4746; x_wconf 79' lang='lat' dir='ltr'><strong>ex</strong></span> <span class='ocrx_word' id='word_1_506' title='bbox 2136 4707 2281 4745; x_wconf 82' lang='lat' dir='ltr'><strong>mor-</strong></span> 
     </span>
    </p>
   </div>
   <div class='ocr_carea' id='block_1_75' title="bbox 719 4784 2279 4854">
    <p class='ocr_par' dir='ltr' id='par_1_75' title="bbox 719 4784 2279 4854">
     <span class='ocr_line' id='line_1_75' title="bbox 719 4784 2279 4854; baseline -0.006 -8"><span class='ocrx_word' id='word_1_507' title='bbox 719 4793 822 4847; x_wconf 90' lang='lat' dir='ltr'><strong>tuis</strong></span> <span class='ocrx_word' id='word_1_508' title='bbox 844 4790 1163 4852; x_wconf 83' lang='lat' dir='ltr'><strong>resurrexit,</strong></span> <span class='ocrx_word' id='word_1_509' title='bbox 1200 4789 1273 4840; x_wconf 83' lang='lat' dir='ltr'><strong>ita</strong></span> <span class='ocrx_word' id='word_1_510' title='bbox 1306 4800 1360 4841; x_wconf 89' lang='lat' dir='ltr'><strong>et</strong></span> <span class='ocrx_word' id='word_1_511' title='bbox 1398 4802 1492 4840; x_wconf 91' lang='lat' dir='ltr'><strong>uos</strong></span> <span class='ocrx_word' id='word_1_512' title='bbox 1513 4801 1733 4854; x_wconf 85' lang='lat' dir='ltr'><strong>quoque</strong></span> <span class='ocrx_word' id='word_1_513' title='bbox 1788 4784 1838 4837; x_wconf 91' lang='lat' dir='ltr'><strong>in</strong></span> <span class='ocrx_word' id='word_1_514' title='bbox 1889 4785 2123 4838; x_wconf 86' lang='lat' dir='ltr'><strong>novitate</strong></span> <span class='ocrx_word' id='word_1_515' title='bbox 2156 4785 2279 4837; x_wconf 65' lang='lat' dir='ltr'><strong>vitae</strong></span> 
     </span>
    </p>
   </div>
   <div class='ocr_carea' id='block_1_76' title="bbox 719 4874 2285 4946">
    <p class='ocr_par' dir='ltr' id='par_1_76' title="bbox 719 4874 2285 4946">
     <span class='ocr_line' id='line_1_76' title="bbox 719 4874 2285 4946; baseline -0.004 -11"><span class='ocrx_word' id='word_1_516' title='bbox 719 4882 1071 4942; x_wconf 74' lang='lat' dir='ltr'><strong>ambulemus,</strong></span> <span class='ocrx_word' id='word_1_517' title='bbox 1119 4888 1373 4946; x_wconf 83' lang='lat' dir='ltr'><strong>tanquam</strong></span> <span class='ocrx_word' id='word_1_518' title='bbox 1426 4875 1587 4929; x_wconf 86' lang='lat' dir='ltr'><strong>simul</strong></span> <span class='ocrx_word' id='word_1_519' title='bbox 1645 4887 1764 4926; x_wconf 84' lang='lat' dir='ltr'><strong>cum</strong></span> <span class='ocrx_word' id='word_1_520' title='bbox 1816 4888 1902 4938; x_wconf 90' lang='lat' dir='ltr'><strong>eo,</strong></span> <span class='ocrx_word' id='word_1_521' title='bbox 1963 4874 2053 4943; x_wconf 87' lang='lat' dir='ltr'><strong>qui</strong></span> <span class='ocrx_word' id='word_1_522' title='bbox 2109 4875 2285 4929; x_wconf 91' lang='lat' dir='ltr'><strong>nostri</strong></span> 
     </span>
    </p>
   </div>
   <div class='ocr_carea' id='block_1_77' title="bbox 718 4967 2286 5027">
    <p class='ocr_par' dir='ltr' id='par_1_77' title="bbox 718 4967 2286 5027">
     <span class='ocr_line' id='line_1_77' title="bbox 718 4967 2286 5027; baseline -0.003 0"><span class='ocrx_word' id='word_1_523' title='bbox 718 4987 883 5027; x_wconf 85' lang='lat' dir='ltr'><strong>causa</strong></span> <span class='ocrx_word' id='word_1_524' title='bbox 913 4981 1155 5024; x_wconf 88' lang='lat' dir='ltr'><strong>mortuus</strong></span> <span class='ocrx_word' id='word_1_525' title='bbox 1195 4977 1279 5022; x_wconf 84' lang='lat' dir='ltr'><strong>est</strong></span> <span class='ocrx_word' id='word_1_526' title='bbox 1323 4976 1377 5021; x_wconf 83' lang='lat' dir='ltr'><strong>et</strong></span> <span class='ocrx_word' id='word_1_527' title='bbox 1404 4981 1432 5020; x_wconf 86' lang='lat' dir='ltr'><strong>a</strong></span> <span class='ocrx_word' id='word_1_528' title='bbox 1466 4967 1699 5020; x_wconf 86' lang='lat' dir='ltr'><strong>mortuis</strong></span> <span class='ocrx_word' id='word_1_529' title='bbox 1755 4980 1967 5019; x_wconf 88' lang='lat' dir='ltr'><strong>rursum</strong></span> <span class='ocrx_word' id='word_1_530' title='bbox 2012 4968 2286 5022; x_wconf 84' lang='lat' dir='ltr'><strong>excitatus</strong></span> 
     </span>
    </p>
   </div>
   <div class='ocr_carea' id='block_1_78' title="bbox 717 5055 2279 5129">
    <p class='ocr_par' dir='ltr' id='par_1_78' title="bbox 717 5055 2279 5129">
     <span class='ocr_line' id='line_1_78' title="bbox 717 5055 2279 5129; baseline -0.006 -9"><span class='ocrx_word' id='word_1_531' title='bbox 717 5079 819 5129; x_wconf 87' lang='lat' dir='ltr'><strong>est,</strong></span> <span class='ocrx_word' id='word_1_532' title='bbox 851 5063 1044 5118; x_wconf 88' lang='lat' dir='ltr'><strong>mortui</strong></span> <span class='ocrx_word' id='word_1_533' title='bbox 1076 5072 1131 5116; x_wconf 90' lang='lat' dir='ltr'><strong>et</strong></span> <span class='ocrx_word' id='word_1_534' title='bbox 1161 5061 1415 5114; x_wconf 79' lang='lat' dir='ltr'><strong>excitati:</strong></span> <span class='ocrx_word' id='word_1_535' title='bbox 1451 5055 1696 5127; x_wconf 78' lang='lat' dir='ltr'><strong>proiecto</strong></span> <span class='ocrx_word' id='word_1_536' title='bbox 1738 5074 1843 5113; x_wconf 88' lang='lat' dir='ltr'><strong>non</strong></span> <span class='ocrx_word' id='word_1_537' title='bbox 1891 5059 2097 5128; x_wconf 83' lang='lat' dir='ltr'><strong>absque</strong></span> <span class='ocrx_word' id='word_1_538' title='bbox 2129 5075 2279 5113; x_wconf 75' lang='lat' dir='ltr'><strong>suur-</strong></span> 
     </span>
    </p>
   </div>
   <div class='ocr_carea' id='block_1_79' title="bbox 719 5150 2284 5222">
    <p class='ocr_par' dir='ltr' id='par_1_79' title="bbox 719 5150 2284 5222">
     <span class='ocr_line' id='line_1_79' title="bbox 719 5150 2284 5222; baseline -0.005 -12"><span class='ocrx_word' id='word_1_539' title='bbox 719 5173 804 5210; x_wconf 85' lang='lat' dir='ltr'><strong>ma</strong></span> <span class='ocrx_word' id='word_1_540' title='bbox 838 5155 1069 5209; x_wconf 76' lang='lat' dir='ltr'><strong>utilitate</strong></span> <span class='ocrx_word' id='word_1_541' title='bbox 1093 5167 1154 5207; x_wconf 84' lang='lat' dir='ltr'><strong>ac</strong></span> <span class='ocrx_word' id='word_1_542' title='bbox 1176 5151 1499 5205; x_wconf 81' lang='lat' dir='ltr'><strong>necessitate</strong></span> <span class='ocrx_word' id='word_1_543' title='bbox 1524 5151 1921 5206; x_wconf 81' lang='lat' dir='ltr'><strong>incarnationis</strong></span> <span class='ocrx_word' id='word_1_544' title='bbox 1956 5150 2284 5222; x_wconf 87' lang='lat' dir='ltr'><strong>mysterium</strong></span> 
     </span>
    </p>
   </div>
   <div class='ocr_carea' id='block_1_80' title="bbox 719 5243 2285 5318">
    <p class='ocr_par' dir='ltr' id='par_1_80' title="bbox 719 5243 2285 5318">
     <span class='ocr_line' id='line_1_80' title="bbox 719 5243 2285 5318; baseline -0.003 -18"><span class='ocrx_word' id='word_1_545' title='bbox 719 5257 984 5318; x_wconf 77' lang='lat' dir='ltr'><strong>patratum</strong></span> <span class='ocrx_word' id='word_1_546' title='bbox 1016 5255 1116 5308; x_wconf 77' lang='lat' dir='ltr'><strong>est,</strong></span> <span class='ocrx_word' id='word_1_547' title='bbox 1174 5243 1430 5310; x_wconf 78' lang='lat' dir='ltr'><strong>earnique</strong></span> <span class='ocrx_word' id='word_1_548' title='bbox 1458 5251 1511 5296; x_wconf 88' lang='lat' dir='ltr'><strong>et</strong></span> <span class='ocrx_word' id='word_1_549' title='bbox 1543 5244 1792 5313; x_wconf 79' lang='lat' dir='ltr'><strong>sanguini</strong></span> <span class='ocrx_word' id='word_1_550' title='bbox 1857 5244 2285 5298; x_wconf 85' lang='lat' dir='ltr'><strong>communicavit</strong></span> 
     </span>
    </p>
   </div>
   <div class='ocr_carea' id='block_1_81' title="bbox 716 5333 2282 5407">
    <p class='ocr_par' dir='ltr' id='par_1_81' title="bbox 716 5333 2282 5407">
     <span class='ocr_line' id='line_1_81' title="bbox 716 5333 2282 5407; baseline -0.006 -11"><span class='ocrx_word' id='word_1_551' title='bbox 716 5343 987 5407; x_wconf 79' lang='lat' dir='ltr'><strong>Verbum;</strong></span> <span class='ocrx_word' id='word_1_552' title='bbox 1021 5353 1150 5407; x_wconf 88' lang='lat' dir='ltr'><strong>quo,</strong></span> <span class='ocrx_word' id='word_1_553' title='bbox 1188 5336 1442 5390; x_wconf 86' lang='lat' dir='ltr'><strong>videlicet</strong></span> <span class='ocrx_word' id='word_1_554' title='bbox 1469 5333 1627 5389; x_wconf 90' lang='lat' dir='ltr'><strong>simul</strong></span> <span class='ocrx_word' id='word_1_555' title='bbox 1655 5351 1774 5390; x_wconf 89' lang='lat' dir='ltr'><strong>cum</strong></span> <span class='ocrx_word' id='word_1_556' title='bbox 1831 5336 1926 5390; x_wconf 89' lang='lat' dir='ltr'><strong>illo</strong></span> <span class='ocrx_word' id='word_1_557' title='bbox 1958 5336 2050 5406; x_wconf 88' lang='lat' dir='ltr'><strong>qni</strong></span> <span class='ocrx_word' id='word_1_558' title='bbox 2081 5351 2282 5392; x_wconf 85' lang='lat' dir='ltr'><strong>secun-</strong></span> 
     </span>
    </p>
   </div>
   <div class='ocr_carea' id='block_1_82' title="bbox 717 5431 2282 5495">
    <p class='ocr_par' dir='ltr' id='par_1_82' title="bbox 717 5431 2282 5495">
     <span class='ocr_line' id='line_1_82' title="bbox 717 5431 2282 5495; baseline -0.006 -6"><span class='ocrx_word' id='word_1_559' title='bbox 717 5441 838 5494; x_wconf 86' lang='lat' dir='ltr'><strong>dum</strong></span> <span class='ocrx_word' id='word_1_560' title='bbox 873 5447 1092 5488; x_wconf 88' lang='lat' dir='ltr'><strong>carnem</strong></span> <span class='ocrx_word' id='word_1_561' title='bbox 1139 5441 1380 5484; x_wconf 86' lang='lat' dir='ltr'><strong>mortuus</strong></span> <span class='ocrx_word' id='word_1_562' title='bbox 1435 5439 1489 5481; x_wconf 88' lang='lat' dir='ltr'><strong>et</strong></span> <span class='ocrx_word' id='word_1_563' title='bbox 1548 5431 1894 5484; x_wconf 85' lang='lat' dir='ltr'><strong>resuscitatus</strong></span> <span class='ocrx_word' id='word_1_564' title='bbox 1923 5439 2024 5495; x_wconf 89' lang='lat' dir='ltr'><strong>est,</strong></span> <span class='ocrx_word' id='word_1_565' title='bbox 2085 5439 2141 5485; x_wconf 89' lang='lat' dir='ltr'><strong>et</strong></span> <span class='ocrx_word' id='word_1_566' title='bbox 2187 5443 2282 5483; x_wconf 84' lang='lat' dir='ltr'><strong>nos</strong></span> 
     </span>
    </p>
   </div>
   <div class='ocr_carea' id='block_1_83' title="bbox 716 5523 1728 5591">
    <p class='ocr_par' dir='ltr' id='par_1_83' title="bbox 716 5523 1728 5591">
     <span class='ocr_line' id='line_1_83' title="bbox 716 5523 1728 5591; baseline -0.006 -13"><span class='ocrx_word' id='word_1_567' title='bbox 716 5538 928 5591; x_wconf 84' lang='lat' dir='ltr'><strong>quoque</strong></span> <span class='ocrx_word' id='word_1_568' title='bbox 955 5523 1251 5575; x_wconf 86' lang='lat' dir='ltr'><strong>moriamur</strong></span> <span class='ocrx_word' id='word_1_569' title='bbox 1277 5531 1330 5574; x_wconf 87' lang='lat' dir='ltr'><strong>et</strong></span> <span class='ocrx_word' id='word_1_570' title='bbox 1354 5536 1728 5590; x_wconf 79' lang='lat' dir='ltr'><strong>resurgamus.</strong></span> 
     </span>
    </p>
   </div>
   <div class='ocr_carea' id='block_1_84' title="bbox 791 5613 2282 5682">
    <p class='ocr_par' dir='ltr' id='par_1_84' title="bbox 791 5613 2282 5682">
     <span class='ocr_line' id='line_1_84' title="bbox 791 5613 2282 5682; baseline -0.001 -16"><span class='ocrx_word' id='word_1_571' title='bbox 791 5635 808 5666; x_wconf 74' lang='grc' dir='ltr'><strong>ι</strong></span> <span class='ocrx_word' id='word_1_572' title='bbox 850 5615 903 5668; x_wconf 87' lang='lat' dir='ltr'><strong>Si</strong></span> <span class='ocrx_word' id='word_1_573' title='bbox 933 5615 1076 5667; x_wconf 90' lang='lat' dir='ltr'><strong>enim</strong></span> <span class='ocrx_word' id='word_1_574' title='bbox 1138 5613 1482 5682; x_wconf 84' lang='lat' dir='ltr'><strong>complantati</strong></span> <span class='ocrx_word' id='word_1_575' title='bbox 1536 5613 1660 5667; x_wconf 77' lang='lat' dir='ltr'><strong>iacti</strong></span> <span class='ocrx_word' id='word_1_576' title='bbox 1722 5629 1906 5668; x_wconf 90' lang='lat' dir='ltr'><strong>sumus</strong></span> <span class='ocrx_word' id='word_1_577' title='bbox 1940 5613 2282 5667; x_wconf 90' lang='lat' dir='ltr'><strong>similitudini</strong></span> 
     </span>
    </p>
   </div>
   <div class='ocr_carea' id='block_1_85' title="bbox 718 5704 2273 5774">
    <p class='ocr_par' dir='ltr' id='par_1_85' title="bbox 718 5704 2273 5774">
     <span class='ocr_line' id='line_1_85' title="bbox 718 5704 2273 5774; baseline -0.001 -15"><span class='ocrx_word' id='word_1_578' title='bbox 718 5707 905 5760; x_wconf 89' lang='lat' dir='ltr'><strong>mortis</strong></span> <span class='ocrx_word' id='word_1_579' title='bbox 935 5706 1071 5774; x_wconf 80' lang='lat' dir='ltr'><strong>ejus,</strong></span> <span class='ocrx_word' id='word_1_580' title='bbox 1129 5707 1285 5760; x_wconf 88' lang='lat' dir='ltr'><strong>simul</strong></span> <span class='ocrx_word' id='word_1_581' title='bbox 1342 5716 1396 5758; x_wconf 85' lang='lat' dir='ltr'><strong>et</strong></span> <span class='ocrx_word' id='word_1_582' title='bbox 1449 5706 1860 5764; x_wconf 75' lang='lat' dir='ltr'><strong>resurrectiOnis</strong></span> <span class='ocrx_word' id='word_1_583' title='bbox 1914 5704 2209 5760; x_wconf 78' lang='lat' dir='ltr'><strong>erimus”.</strong></span> <span class='ocrx_word' id='word_1_584' title='bbox 2256 5726 2273 5757; x_wconf 79' lang='grc' dir='ltr'><strong>ι</strong></span> 
     </span>
    </p>
   </div>
   <div class='ocr_carea' id='block_1_86' title="bbox 813 5858 1939 5923">
    <p class='ocr_par' dir='ltr' id='par_1_86' title="bbox 813 5858 1939 5923">
     <span class='ocr_line' id='line_1_86' title="bbox 813 5858 1939 5923; baseline -0.001 -12"><span class='ocrx_word' id='word_1_585' title='bbox 813 5860 898 5911; x_wconf 76' lang='lat' dir='ltr'><strong>&quot;l</strong></span> <span class='ocrx_word' id='word_1_586' title='bbox 937 5860 1075 5914; x_wconf 79' lang='lat' dir='ltr'><strong>l’etr.</strong></span> <span class='ocrx_word' id='word_1_587' title='bbox 1110 5878 1144 5912; x_wconf 87' lang='grc' dir='ltr'>ι.</span> <span class='ocrx_word' id='word_1_588' title='bbox 1181 5859 1264 5923; x_wconf 71' lang='grc'><strong>18,</strong></span> <span class='ocrx_word' id='word_1_589' title='bbox 1305 5858 1380 5912; x_wconf 80' lang='lat' dir='ltr'><strong>l9.</strong></span> <span class='ocrx_word' id='word_1_590' title='bbox 1463 5861 1506 5888; x_wconf 72' lang='lat'><strong>7‘</strong></span> <span class='ocrx_word' id='word_1_591' title='bbox 1532 5859 1686 5914; x_wconf 75' lang='lat' dir='ltr'><strong>Rem.</strong></span> <span class='ocrx_word' id='word_1_592' title='bbox 1725 5876 1771 5920; x_wconf 89' lang='grc' dir='ltr'>ν,</span> <span class='ocrx_word' id='word_1_593' title='bbox 1804 5860 1854 5921; x_wconf 83' lang='grc'>8,</span> <span class='ocrx_word' id='word_1_594' title='bbox 1887 5860 1939 5911; x_wconf 83' lang='grc'><strong>9.</strong></span> 
     </span>
    </p>
   </div>
   <div class='ocr_carea' id='block_1_87' title="bbox 2021 5858 2347 5913">
    <p class='ocr_par' dir='ltr' id='par_1_87' title="bbox 2021 5858 2347 5913">
     <span class='ocr_line' id='line_1_87' title="bbox 2021 5858 2347 5913; baseline -0.003 -2"><span class='ocrx_word' id='word_1_595' title='bbox 2021 5859 2223 5913; x_wconf 71' lang='lat' dir='ltr'><strong>1&quot;ibid.</strong></span> <span class='ocrx_word' id='word_1_596' title='bbox 2268 5858 2347 5910; x_wconf 80' lang='grc'><strong>10.</strong></span> 
     </span>
    </p>
   </div>
   <div class='ocr_carea' id='block_1_88' title="bbox 2393 3327 3978 3402">
    <p class='ocr_par' dir='ltr' id='par_1_88' title="bbox 2393 3327 3978 3402">
     <span class='ocr_line' id='line_1_88' title="bbox 2393 3327 3978 3402; baseline -0.003 -18"><span class='ocrx_word' id='word_1_597' title='bbox 2393 3332 2803 3402; x_wconf 79' lang='grc' dir='ltr'>προγεγονότων</span> <span class='ocrx_word' id='word_1_598' title='bbox 2827 3331 3266 3402; x_wconf 82' lang='grc' dir='ltr'>ἁμαρτημάτων,</span> <span class='ocrx_word' id='word_1_599' title='bbox 3295 3332 3353 3381; x_wconf 88' lang='grc' dir='ltr'>ὲν</span> <span class='ocrx_word' id='word_1_600' title='bbox 3386 3331 3450 3399; x_wconf 79' lang='grc' dir='ltr'>τῇ</span> <span class='ocrx_word' id='word_1_601' title='bbox 3493 3331 3657 3397; x_wconf 81' lang='grc' dir='ltr'>ἀνοχῇ</span> <span class='ocrx_word' id='word_1_602' title='bbox 3684 3327 3779 3380; x_wconf 80' lang='grc' dir='ltr'><strong>τοῦ</strong></span> <span class='ocrx_word' id='word_1_603' title='bbox 3813 3328 3978 3380; x_wconf 67' lang='grc' dir='ltr'>Θεοῦ·</span> 
     </span>
    </p>
   </div>
   <div class='ocr_carea' id='block_1_89' title="bbox 2393 3419 3982 3494">
    <p class='ocr_par' dir='ltr' id='par_1_89' title="bbox 2393 3419 3982 3494">
     <span class='ocr_line' id='line_1_89' title="bbox 2393 3419 3982 3494; baseline -0.005 -17"><span class='ocrx_word' id='word_1_604' title='bbox 2393 3423 2716 3494; x_wconf 84' lang='grc' dir='ltr'>σεσώσμεοα</span> <span class='ocrx_word' id='word_1_605' title='bbox 2762 3423 2819 3477; x_wconf 83' lang='grc' dir='ltr'>δὲ</span> <span class='ocrx_word' id='word_1_606' title='bbox 2846 3423 2935 3476; x_wconf 85' lang='grc' dir='ltr'><strong>διὰ</strong></span> <span class='ocrx_word' id='word_1_607' title='bbox 2973 3420 3242 3492; x_wconf 78' lang='grc' dir='ltr'>Χριστοῦ·</span> <span class='ocrx_word' id='word_1_608' title='bbox 3277 3421 3394 3484; x_wconf 83' lang='grc' dir='ltr'><strong>πῶς</strong></span> <span class='ocrx_word' id='word_1_609' title='bbox 3435 3422 3533 3473; x_wconf 76' lang='grc' dir='ltr'><strong>οὐκ</strong></span> <span class='ocrx_word' id='word_1_610' title='bbox 3565 3421 3872 3485; x_wconf 79' lang='grc' dir='ltr'>ἀναγκαῖος</span> <span class='ocrx_word' id='word_1_611' title='bbox 3904 3419 3982 3488; x_wconf 73' lang='grc' dir='ltr'><strong>τῷ</strong></span> 
     </span>
    </p>
   </div>
   <div class='ocr_carea' id='block_1_90' title="bbox 2391 3513 3980 3584">
    <p class='ocr_par' dir='ltr' id='par_1_90' title="bbox 2391 3513 3980 3584">
     <span class='ocr_line' id='line_1_90' title="bbox 2391 3513 3980 3584; baseline -0.004 -15"><span class='ocrx_word' id='word_1_612' title='bbox 2391 3519 2456 3570; x_wconf 81' lang='grc' dir='ltr'>ἐκ</span> <span class='ocrx_word' id='word_1_613' title='bbox 2483 3515 2619 3568; x_wconf 79' lang='grc' dir='ltr'>Θεοῦ</span> <span class='ocrx_word' id='word_1_614' title='bbox 2648 3515 2806 3584; x_wconf 75' lang='grc' dir='ltr'>φύντι</span> <span class='ocrx_word' id='word_1_615' title='bbox 2852 3516 3010 3584; x_wconf 87' lang='grc' dir='ltr'>Λόγῳ</span> <span class='ocrx_word' id='word_1_616' title='bbox 3055 3517 3083 3567; x_wconf 90' lang='grc' dir='ltr'>ὁ</span> <span class='ocrx_word' id='word_1_617' title='bbox 3122 3514 3224 3582; x_wconf 79' lang='grc' dir='ltr'>τῆς</span> <span class='ocrx_word' id='word_1_618' title='bbox 3254 3514 3584 3584; x_wconf 82' lang='grc' dir='ltr'>σαρκώσεως</span> <span class='ocrx_word' id='word_1_619' title='bbox 3609 3513 3813 3582; x_wconf 79' lang='grc' dir='ltr'>τρόπος</span> <span class='ocrx_word' id='word_1_620' title='bbox 3835 3554 3853 3578; x_wconf 90' lang='grc'><strong>,</strong></span> <span class='ocrx_word' id='word_1_621' title='bbox 3893 3514 3980 3564; x_wconf 78' lang='grc' dir='ltr'><strong>ἵνα</strong></span> 
     </span>
    </p>
   </div>
   <div class='ocr_carea' id='block_1_91' title="bbox 2389 3603 3979 3679">
    <p class='ocr_par' dir='ltr' id='par_1_91' title="bbox 2389 3603 3979 3679">
     <span class='ocr_line' id='line_1_91' title="bbox 2389 3603 3979 3679; baseline -0.005 -17"><span class='ocrx_word' id='word_1_622' title='bbox 2389 3609 2655 3679; x_wconf 79' lang='grc' dir='ltr'><strong>δικαιώσῃ</strong></span> <span class='ocrx_word' id='word_1_623' title='bbox 2708 3607 2805 3678; x_wconf 83' lang='grc' dir='ltr'>μὲν</span> <span class='ocrx_word' id='word_1_624' title='bbox 2840 3610 2898 3660; x_wconf 83' lang='grc' dir='ltr'><strong>ἐν</strong></span> <span class='ocrx_word' id='word_1_625' title='bbox 2941 3606 3020 3676; x_wconf 81' lang='grc' dir='ltr'>τῷ</span> <span class='ocrx_word' id='word_1_626' title='bbox 3067 3606 3259 3675; x_wconf 80' lang='grc' dir='ltr'>αἵματι</span> <span class='ocrx_word' id='word_1_627' title='bbox 3307 3603 3472 3659; x_wconf 78' lang='grc' dir='ltr'>αὐτοῦ</span> <span class='ocrx_word' id='word_1_628' title='bbox 3513 3605 3639 3679; x_wconf 76' lang='grc' dir='ltr'>τοὺς</span> <span class='ocrx_word' id='word_1_629' title='bbox 3690 3605 3770 3667; x_wconf 82' lang='grc' dir='ltr'><strong>είς</strong></span> <span class='ocrx_word' id='word_1_630' title='bbox 3808 3606 3979 3657; x_wconf 61' lang='grc' dir='ltr'>αὐτὴν</span> 
     </span>
    </p>
   </div>
   <div class='ocr_carea' id='block_1_92' title="bbox 2392 3697 3975 3770">
    <p class='ocr_par' dir='ltr' id='par_1_92' title="bbox 2392 3697 3975 3770">
     <span class='ocr_line' id='line_1_92' title="bbox 2392 3697 3975 3770; baseline -0.002 -17"><span class='ocrx_word' id='word_1_631' title='bbox 2392 3701 2766 3765; x_wconf 76' lang='grc' dir='ltr'>πιστεύοντας,</span> <span class='ocrx_word' id='word_1_632' title='bbox 2804 3699 3118 3770; x_wconf 80' lang='grc' dir='ltr'>καταλλάξῃ</span> <span class='ocrx_word' id='word_1_633' title='bbox 3150 3699 3208 3752; x_wconf 80' lang='grc' dir='ltr'>δὲ</span> <span class='ocrx_word' id='word_1_634' title='bbox 3245 3699 3323 3769; x_wconf 82' lang='grc' dir='ltr'><strong>τῷ</strong></span> <span class='ocrx_word' id='word_1_635' title='bbox 3353 3698 3528 3767; x_wconf 77' lang='grc' dir='ltr'>Πατρὶ</span> <span class='ocrx_word' id='word_1_636' title='bbox 3551 3697 3640 3749; x_wconf 69' lang='grc' dir='ltr'><strong>διὰ</strong></span> <span class='ocrx_word' id='word_1_637' title='bbox 3673 3697 3767 3749; x_wconf 75' lang='grc' dir='ltr'>τοῦ</span> <span class='ocrx_word' id='word_1_638' title='bbox 3800 3697 3975 3750; x_wconf 76' lang='grc' dir='ltr'>θανά·</span> 
     </span>
    </p>
   </div>
   <div class='ocr_carea' id='block_1_93' title="bbox 2392 3789 3899 3863">
    <p class='ocr_par' dir='ltr' id='par_1_93' title="bbox 2392 3789 3899 3863">
     <span class='ocr_line' id='line_1_93' title="bbox 2392 3789 3899 3863; baseline -0.005 -16"><span class='ocrx_word' id='word_1_639' title='bbox 2392 3811 2482 3847; x_wconf 77' lang='grc' dir='ltr'><strong>του</strong></span> <span class='ocrx_word' id='word_1_640' title='bbox 2511 3793 2605 3846; x_wconf 72' lang='grc' dir='ltr'>τοῦ</span> <span class='ocrx_word' id='word_1_641' title='bbox 2638 3795 2766 3847; x_wconf 74' lang='grc' dir='ltr'>ἰδίου</span> <span class='ocrx_word' id='word_1_642' title='bbox 2798 3794 3068 3863; x_wconf 80' lang='grc' dir='ltr'>σώματος,</span> <span class='ocrx_word' id='word_1_643' title='bbox 3107 3793 3195 3845; x_wconf 79' lang='grc' dir='ltr'><strong>ἵνα</strong></span> <span class='ocrx_word' id='word_1_644' title='bbox 3231 3792 3326 3846; x_wconf 66' lang='grc' dir='ltr'><strong>καὶ</strong></span> <span class='ocrx_word' id='word_1_645' title='bbox 3354 3789 3678 3862; x_wconf 76' lang='grc' dir='ltr'>συζήσωμεν</span> <span class='ocrx_word' id='word_1_646' title='bbox 3707 3789 3899 3860; x_wconf 51' lang='lat' dir='ltr'><strong>auiti};</strong></span> 
     </span>
    </p>
   </div>
   <div class='ocr_carea' id='block_1_94' title="bbox 2467 4052 3969 4126">
    <p class='ocr_par' dir='ltr' id='par_1_94' title="bbox 2467 4052 3969 4126">
     <span class='ocr_line' id='line_1_94' title="bbox 2467 4052 3969 4126; baseline -0.003 -18"><span class='ocrx_word' id='word_1_647' title='bbox 2467 4076 2484 4108; x_wconf 76' lang='grc' dir='ltr'><strong>ι</strong></span> <span class='ocrx_word' id='word_1_648' title='bbox 2525 4057 2592 4109; x_wconf 86' lang='grc' dir='ltr'><em>Ἢ</em></span> <span class='ocrx_word' id='word_1_649' title='bbox 2623 4057 2890 4126; x_wconf 81' lang='grc' dir='ltr'>ἀγνοεῖτε,</span> <span class='ocrx_word' id='word_1_650' title='bbox 2922 4056 3002 4107; x_wconf 82' lang='grc' dir='ltr'><strong>ὅτι</strong></span> <span class='ocrx_word' id='word_1_651' title='bbox 3033 4055 3146 4107; x_wconf 80' lang='grc' dir='ltr'>ὅσοι</span> <span class='ocrx_word' id='word_1_652' title='bbox 3175 4052 3586 4123; x_wconf 67' lang='grc' dir='ltr'>ἐϐαπτίσθημεν</span> <span class='ocrx_word' id='word_1_653' title='bbox 3618 4055 3698 4115; x_wconf 87' lang='grc' dir='ltr'>εἰς</span> <span class='ocrx_word' id='word_1_654' title='bbox 3729 4053 3969 4123; x_wconf 67' lang='grc' dir='ltr'>Χριστὸν</span> 
     </span>
    </p>
   </div>
   <div class='ocr_carea' id='block_1_95' title="bbox 2402 4145 3972 4219">
    <p class='ocr_par' dir='ltr' id='par_1_95' title="bbox 2402 4145 3972 4219">
     <span class='ocr_line' id='line_1_95' title="bbox 2402 4145 3972 4219; baseline -0.004 -17"><span class='ocrx_word' id='word_1_655' title='bbox 2402 4150 2628 4219; x_wconf 74' lang='grc' dir='ltr'>Ἰησοῦν,</span> <span class='ocrx_word' id='word_1_656' title='bbox 2657 4150 2735 4212; x_wconf 86' lang='grc' dir='ltr'>εἰς</span> <span class='ocrx_word' id='word_1_657' title='bbox 2765 4149 2856 4201; x_wconf 83' lang='grc' dir='ltr'><strong>τὸν</strong></span> <span class='ocrx_word' id='word_1_658' title='bbox 2888 4148 3117 4201; x_wconf 64' lang='grc' dir='ltr'>Θάνατον</span> <span class='ocrx_word' id='word_1_659' title='bbox 3145 4147 3311 4200; x_wconf 76' lang='grc' dir='ltr'>αὑτοῦ</span> <span class='ocrx_word' id='word_1_660' title='bbox 3341 4145 3790 4217; x_wconf 78' lang='grc' dir='ltr'>ἐϐαπτίσθημεν;</span> <span class='ocrx_word' id='word_1_661' title='bbox 3837 4147 3972 4198; x_wconf 75' lang='grc' dir='ltr'>Συνο</span> 
     </span>
    </p>
   </div>
   <div class='ocr_carea' id='block_1_96' title="bbox 2391 4238 3971 4313">
    <p class='ocr_par' dir='ltr' id='par_1_96' title="bbox 2391 4238 3971 4313">
     <span class='ocr_line' id='line_1_96' title="bbox 2391 4238 3971 4313; baseline -0.003 -20"><span class='ocrx_word' id='word_1_662' title='bbox 2391 4243 2669 4313; x_wconf 75' lang='grc' dir='ltr'>ετάφημεν</span> <span class='ocrx_word' id='word_1_663' title='bbox 2723 4238 2816 4296; x_wconf 80' lang='grc' dir='ltr'><strong>οὖν</strong></span> <span class='ocrx_word' id='word_1_664' title='bbox 2863 4240 3012 4310; x_wconf 79' lang='grc' dir='ltr'><strong>αὑτῷ</strong></span> <span class='ocrx_word' id='word_1_665' title='bbox 3057 4241 3144 4294; x_wconf 85' lang='grc' dir='ltr'><strong>διὰ</strong></span> <span class='ocrx_word' id='word_1_666' title='bbox 3176 4240 3270 4293; x_wconf 76' lang='grc' dir='ltr'>τοῦ</span> <span class='ocrx_word' id='word_1_667' title='bbox 3325 4239 3706 4310; x_wconf 80' lang='grc' dir='ltr'>βαπτίσματος</span> <span class='ocrx_word' id='word_1_668' title='bbox 3752 4241 3832 4302; x_wconf 78' lang='grc' dir='ltr'>εἰς</span> <span class='ocrx_word' id='word_1_669' title='bbox 3879 4241 3971 4291; x_wconf 72' lang='grc' dir='ltr'><strong>τὸν</strong></span> 
     </span>
    </p>
   </div>
   <div class='ocr_carea' id='block_1_97' title="bbox 2390 4331 3970 4404">
    <p class='ocr_par' dir='ltr' id='par_1_97' title="bbox 2390 4331 3970 4404">
     <span class='ocr_line' id='line_1_97' title="bbox 2390 4331 3970 4404; baseline -0.004 -14"><span class='ocrx_word' id='word_1_670' title='bbox 2390 4335 2616 4390; x_wconf 78' lang='grc' dir='ltr'>θάνατον</span> <span class='ocrx_word' id='word_1_671' title='bbox 2638 4353 2650 4365; x_wconf 88' lang='grc'><strong>·</strong></span> <span class='ocrx_word' id='word_1_672' title='bbox 2679 4336 2787 4396; x_wconf 81' lang='grc' dir='ltr'>ἵνα,</span> <span class='ocrx_word' id='word_1_673' title='bbox 2817 4334 3006 4404; x_wconf 79' lang='grc' dir='ltr'>ὥσπερ</span> <span class='ocrx_word' id='word_1_674' title='bbox 3030 4332 3239 4403; x_wconf 69' lang='grc' dir='ltr'>ἠγέρθη</span> <span class='ocrx_word' id='word_1_675' title='bbox 3283 4332 3520 4402; x_wconf 86' lang='grc' dir='ltr'>Χριστὸς</span> <span class='ocrx_word' id='word_1_676' title='bbox 3553 4333 3618 4384; x_wconf 85' lang='grc' dir='ltr'>ὲκ</span> <span class='ocrx_word' id='word_1_677' title='bbox 3643 4332 3858 4401; x_wconf 74' lang='grc' dir='ltr'>νεκρῶν</span> <span class='ocrx_word' id='word_1_678' title='bbox 3885 4331 3970 4383; x_wconf 62' lang='lat' dir='ltr'><strong>Eii</strong></span> 
     </span>
    </p>
   </div>
   <div class='ocr_carea' id='block_1_98' title="bbox 2389 4423 3970 4497">
    <p class='ocr_par' dir='ltr' id='par_1_98' title="bbox 2389 4423 3970 4497">
     <span class='ocr_line' id='line_1_98' title="bbox 2389 4423 3970 4497; baseline -0.003 -19"><span class='ocrx_word' id='word_1_679' title='bbox 2389 4426 2485 4495; x_wconf 77' lang='grc' dir='ltr'>τῆς</span> <span class='ocrx_word' id='word_1_680' title='bbox 2530 4427 2688 4496; x_wconf 79' lang='grc' dir='ltr'>δόξης</span> <span class='ocrx_word' id='word_1_681' title='bbox 2715 4425 2807 4478; x_wconf 75' lang='grc' dir='ltr'>τοῦ</span> <span class='ocrx_word' id='word_1_682' title='bbox 2837 4427 3050 4497; x_wconf 70' lang='grc' dir='ltr'>Πατρός</span> <span class='ocrx_word' id='word_1_683' title='bbox 3069 4464 3084 4490; x_wconf 92' lang='grc'><strong>,</strong></span> <span class='ocrx_word' id='word_1_684' title='bbox 3116 4424 3257 4477; x_wconf 70' lang='grc' dir='ltr'>οὕτω</span> <span class='ocrx_word' id='word_1_685' title='bbox 3289 4424 3380 4474; x_wconf 72' lang='grc' dir='ltr'><strong>καὶ</strong></span> <span class='ocrx_word' id='word_1_686' title='bbox 3411 4424 3571 4493; x_wconf 77' lang='grc' dir='ltr'>ἡμεῖς</span> <span class='ocrx_word' id='word_1_687' title='bbox 3601 4423 3661 4474; x_wconf 82' lang='grc' dir='ltr'>ὲν</span> <span class='ocrx_word' id='word_1_688' title='bbox 3687 4424 3970 4490; x_wconf 71' lang='grc' dir='ltr'>καινότητι</span> 
     </span>
    </p>
   </div>
   <div class='ocr_carea' id='block_1_99' title="bbox 2391 4512 3969 4589">
    <p class='ocr_par' dir='ltr' id='par_1_99' title="bbox 2391 4512 3969 4589">
     <span class='ocr_line' id='line_1_99' title="bbox 2391 4512 3969 4589; baseline -0.005 -19"><span class='ocrx_word' id='word_1_689' title='bbox 2391 4517 2534 4588; x_wconf 77' lang='grc' dir='ltr'>ζωῆς</span> <span class='ocrx_word' id='word_1_690' title='bbox 2569 4519 3052 4589; x_wconf 79' lang='grc' dir='ltr'>περιπατήσωμεν.</span> <span class='ocrx_word' id='word_1_691' title='bbox 3093 4534 3112 4567; x_wconf 75' lang='grc' dir='ltr'><strong>ι</strong></span> <span class='ocrx_word' id='word_1_692' title='bbox 3152 4514 3214 4567; x_wconf 82' lang='grc' dir='ltr'><strong>Εἰ</strong></span> <span class='ocrx_word' id='word_1_693' title='bbox 3254 4513 3405 4567; x_wconf 81' lang='grc' dir='ltr'>πᾶ.σά</span> <span class='ocrx_word' id='word_1_694' title='bbox 3438 4530 3554 4576; x_wconf 80' lang='grc' dir='ltr'><strong>πως</strong></span> <span class='ocrx_word' id='word_1_695' title='bbox 3595 4512 3813 4582; x_wconf 76' lang='grc' dir='ltr'>ἀνάγκη</span> <span class='ocrx_word' id='word_1_696' title='bbox 3844 4515 3969 4573; x_wconf 50' lang='grc' dir='ltr'>τοὺς</span> 
     </span>
    </p>
   </div>
   <div class='ocr_carea' id='block_1_100' title="bbox 2394 4603 3972 4680">
    <p class='ocr_par' dir='ltr' id='par_1_100' title="bbox 2394 4603 3972 4680">
     <span class='ocr_line' id='line_1_100' title="bbox 2394 4603 3972 4680; baseline -0.006 -16"><span class='ocrx_word' id='word_1_697' title='bbox 2394 4611 2488 4664; x_wconf 75' lang='grc' dir='ltr'><strong>ἐπὶ</strong></span> <span class='ocrx_word' id='word_1_698' title='bbox 2512 4611 2607 4678; x_wconf 80' lang='grc' dir='ltr'>τῆς</span> <span class='ocrx_word' id='word_1_699' title='bbox 2631 4610 2730 4680; x_wconf 77' lang='grc' dir='ltr'>γῆς</span> <span class='ocrx_word' id='word_1_700' title='bbox 2758 4608 3157 4662; x_wconf 73' lang='grc' dir='ltr'>συνθάπτεσθαι</span> <span class='ocrx_word' id='word_1_701' title='bbox 3185 4604 3404 4676; x_wconf 79' lang='grc' dir='ltr'>Χριστῷ</span> <span class='ocrx_word' id='word_1_702' title='bbox 3425 4605 3515 4656; x_wconf 74' lang='grc' dir='ltr'>διὰ</span> <span class='ocrx_word' id='word_1_703' title='bbox 3541 4603 3638 4657; x_wconf 78' lang='grc' dir='ltr'>τοῦ</span> <span class='ocrx_word' id='word_1_704' title='bbox 3660 4604 3972 4673; x_wconf 66' lang='grc' dir='ltr'>βαπτίσμα-</span> 
     </span>
    </p>
   </div>
   <div class='ocr_carea' id='block_1_101' title="bbox 2392 4695 3968 4768">
    <p class='ocr_par' dir='ltr' id='par_1_101' title="bbox 2392 4695 3968 4768">
     <span class='ocr_line' id='line_1_101' title="bbox 2392 4695 3968 4768; baseline -0.007 -12"><span class='ocrx_word' id='word_1_705' title='bbox 2392 4720 2483 4764; x_wconf 88' lang='grc' dir='ltr'><strong>τος</strong></span> <span class='ocrx_word' id='word_1_706' title='bbox 2512 4704 2591 4765; x_wconf 85' lang='grc' dir='ltr'>εἰς</span> <span class='ocrx_word' id='word_1_707' title='bbox 2622 4703 2711 4755; x_wconf 67' lang='grc' dir='ltr'>τὸν</span> <span class='ocrx_word' id='word_1_708' title='bbox 2747 4701 2974 4754; x_wconf 75' lang='grc' dir='ltr'>θάνατον</span> <span class='ocrx_word' id='word_1_709' title='bbox 3005 4697 3191 4759; x_wconf 76' lang='grc' dir='ltr'>αὑτοῦ,</span> <span class='ocrx_word' id='word_1_710' title='bbox 3225 4697 3311 4748; x_wconf 78' lang='grc' dir='ltr'><strong>ἵνα</strong></span> <span class='ocrx_word' id='word_1_711' title='bbox 3353 4696 3545 4765; x_wconf 84' lang='grc' dir='ltr'>ὥσπερ</span> <span class='ocrx_word' id='word_1_712' title='bbox 3587 4695 3756 4768; x_wconf 77' lang='grc' dir='ltr'>αὐτὸς</span> <span class='ocrx_word' id='word_1_713' title='bbox 3785 4695 3847 4745; x_wconf 82' lang='grc' dir='ltr'>ἐκ</span> <span class='ocrx_word' id='word_1_714' title='bbox 3878 4711 3968 4745; x_wconf 74' lang='grc' dir='ltr'><strong>νε⁸</strong></span> 
     </span>
    </p>
   </div>
   <div class='ocr_carea' id='block_1_102' title="bbox 2393 4784 3974 4864">
    <p class='ocr_par' dir='ltr' id='par_1_102' title="bbox 2393 4784 3974 4864">
     <span class='ocr_line' id='line_1_102' title="bbox 2393 4784 3974 4864; baseline -0.008 -18"><span class='ocrx_word' id='word_1_715' title='bbox 2393 4793 2542 4864; x_wconf 77' lang='grc' dir='ltr'>κρῶν</span> <span class='ocrx_word' id='word_1_716' title='bbox 2571 4795 2890 4862; x_wconf 74' lang='grc' dir='ltr'>ἐγήγερται,</span> <span class='ocrx_word' id='word_1_717' title='bbox 2915 4789 3008 4842; x_wconf 76' lang='grc' dir='ltr'><strong>καὶ</strong></span> <span class='ocrx_word' id='word_1_718' title='bbox 3047 4790 3206 4858; x_wconf 70' lang='grc' dir='ltr'>ἡμεῖς</span> <span class='ocrx_word' id='word_1_719' title='bbox 3234 4789 3289 4838; x_wconf 74' lang='grc' dir='ltr'>ἐν</span> <span class='ocrx_word' id='word_1_720' title='bbox 3324 4785 3604 4855; x_wconf 81' lang='grc' dir='ltr'>καινότητι</span> <span class='ocrx_word' id='word_1_721' title='bbox 3637 4784 3785 4854; x_wconf 80' lang='grc' dir='ltr'>ζωῆς</span> <span class='ocrx_word' id='word_1_722' title='bbox 3818 4801 3974 4853; x_wconf 78' lang='grc' dir='ltr'>περ-ο</span> 
     </span>
    </p>
   </div>
   <div class='ocr_carea' id='block_1_103' title="bbox 2396 4877 3968 4957">
    <p class='ocr_par' dir='ltr' id='par_1_103' title="bbox 2396 4877 3968 4957">
     <span class='ocr_line' id='line_1_103' title="bbox 2396 4877 3968 4957; baseline -0.008 -19"><span class='ocrx_word' id='word_1_723' title='bbox 2396 4887 2757 4957; x_wconf 75' lang='grc' dir='ltr'>πατήσωμεν,</span> <span class='ocrx_word' id='word_1_724' title='bbox 2793 4883 2866 4944; x_wconf 81' lang='grc' dir='ltr'>ὡς</span> <span class='ocrx_word' id='word_1_725' title='bbox 2901 4879 3332 4951; x_wconf 84' lang='grc' dir='ltr'>συντεθαμμένοι</span> <span class='ocrx_word' id='word_1_726' title='bbox 3377 4878 3471 4931; x_wconf 74' lang='grc' dir='ltr'>καὶ</span> <span class='ocrx_word' id='word_1_727' title='bbox 3503 4877 3968 4947; x_wconf 68' lang='grc' dir='ltr'>συνεγηγερμένοι</span> 
     </span>
    </p>
   </div>
   <div class='ocr_carea' id='block_1_104' title="bbox 2393 4967 3968 5048">
    <p class='ocr_par' dir='ltr' id='par_1_104' title="bbox 2393 4967 3968 5048">
     <span class='ocr_line' id='line_1_104' title="bbox 2393 4967 3968 5048; baseline -0.007 -19"><span class='ocrx_word' id='word_1_728' title='bbox 2393 4978 2469 5048; x_wconf 83' lang='grc' dir='ltr'>τῷ</span> <span class='ocrx_word' id='word_1_729' title='bbox 2516 4978 2582 5030; x_wconf 79' lang='grc' dir='ltr'>δι’</span> <span class='ocrx_word' id='word_1_730' title='bbox 2618 4978 2762 5046; x_wconf 75' lang='grc' dir='ltr'>ἡμᾶς</span> <span class='ocrx_word' id='word_1_731' title='bbox 2789 4973 3116 5027; x_wconf 82' lang='grc' dir='ltr'>ἀποθανόντι</span> <span class='ocrx_word' id='word_1_732' title='bbox 3159 4971 3255 5024; x_wconf 72' lang='grc' dir='ltr'><strong>καὶ</strong></span> <span class='ocrx_word' id='word_1_733' title='bbox 3280 4968 3673 5039; x_wconf 77' lang='grc' dir='ltr'>ἐγηγερμένῳ·</span> <span class='ocrx_word' id='word_1_734' title='bbox 3717 4967 3968 5037; x_wconf 72' lang='grc' dir='ltr'><strong>χρειωίἐο</strong></span> 
     </span>
    </p>
   </div>
   <div class='ocr_carea' id='block_1_105' title="bbox 2401 5059 3967 5133">
    <p class='ocr_par' dir='ltr' id='par_1_105' title="bbox 2401 5059 3967 5133">
     <span class='ocr_line' id='line_1_105' title="bbox 2401 5059 3967 5133; baseline -0.008 -12"><span class='ocrx_word' id='word_1_735' title='bbox 2401 5069 2572 5121; x_wconf 86' lang='grc' dir='ltr'>στατά</span> <span class='ocrx_word' id='word_1_736' title='bbox 2598 5087 2658 5120; x_wconf 88' lang='grc' dir='ltr'><strong>τε</strong></span> <span class='ocrx_word' id='word_1_737' title='bbox 2689 5069 2782 5121; x_wconf 78' lang='grc' dir='ltr'><strong>καὶ</strong></span> <span class='ocrx_word' id='word_1_738' title='bbox 2813 5066 3125 5133; x_wconf 82' lang='grc' dir='ltr'>ἀναγκαίως</span> <span class='ocrx_word' id='word_1_739' title='bbox 3152 5063 3215 5115; x_wconf 80' lang='grc' dir='ltr'><strong>τὸ</strong></span> <span class='ocrx_word' id='word_1_740' title='bbox 3242 5063 3343 5131; x_wconf 77' lang='grc' dir='ltr'>τῆς</span> <span class='ocrx_word' id='word_1_741' title='bbox 3373 5061 3838 5129; x_wconf 79' lang='grc' dir='ltr'>ἐνανθρωπήσεως</span> <span class='ocrx_word' id='word_1_742' title='bbox 3867 5059 3967 5110; x_wconf 75' lang='grc' dir='ltr'><strong>πέ-</strong></span> 
     </span>
    </p>
   </div>
   <div class='ocr_carea' id='block_1_106' title="bbox 2400 5152 3968 5235">
    <p class='ocr_par' dir='ltr' id='par_1_106' title="bbox 2400 5152 3968 5235">
     <span class='ocr_line' id='line_1_106' title="bbox 2400 5152 3968 5235; baseline -0.011 -19"><span class='ocrx_word' id='word_1_743' title='bbox 2400 5181 2638 5235; x_wconf 86' lang='grc' dir='ltr'>πρακται</span> <span class='ocrx_word' id='word_1_744' title='bbox 2665 5162 2981 5232; x_wconf 79' lang='grc' dir='ltr'>μυστήριον,</span> <span class='ocrx_word' id='word_1_745' title='bbox 3014 5157 3216 5228; x_wconf 86' lang='grc' dir='ltr'>σαρκός</span> <span class='ocrx_word' id='word_1_746' title='bbox 3244 5172 3302 5206; x_wconf 85' lang='grc' dir='ltr'><strong>τε</strong></span> <span class='ocrx_word' id='word_1_747' title='bbox 3332 5155 3424 5206; x_wconf 68' lang='grc' dir='ltr'><strong>καὶ</strong></span> <span class='ocrx_word' id='word_1_748' title='bbox 3453 5154 3686 5222; x_wconf 76' lang='grc' dir='ltr'>αἵματος</span> <span class='ocrx_word' id='word_1_749' title='bbox 3711 5152 3968 5221; x_wconf 77' lang='grc' dir='ltr'>μετέσχεν</span> 
     </span>
    </p>
   </div>
   <div class='ocr_carea' id='block_1_107' title="bbox 2396 5241 3968 5321">
    <p class='ocr_par' dir='ltr' id='par_1_107' title="bbox 2396 5241 3968 5321">
     <span class='ocr_line' id='line_1_107' title="bbox 2396 5241 3968 5321; baseline -0.01 -14"><span class='ocrx_word' id='word_1_750' title='bbox 2396 5256 2424 5307; x_wconf 88' lang='grc' dir='ltr'><strong>ό</strong></span> <span class='ocrx_word' id='word_1_751' title='bbox 2449 5254 2639 5321; x_wconf 84' lang='grc' dir='ltr'>Λόγος·</span> <span class='ocrx_word' id='word_1_752' title='bbox 2672 5253 2759 5306; x_wconf 81' lang='grc' dir='ltr'><strong>ἵνα</strong></span> <span class='ocrx_word' id='word_1_753' title='bbox 2789 5251 2882 5305; x_wconf 74' lang='grc' dir='ltr'><strong>καὶ</strong></span> <span class='ocrx_word' id='word_1_754' title='bbox 2905 5248 3196 5302; x_wconf 85' lang='grc' dir='ltr'>ἀποθανεῖν</span> <span class='ocrx_word' id='word_1_755' title='bbox 3236 5243 3515 5313; x_wconf 78' lang='grc' dir='ltr'>λεγομένῳ</span> <span class='ocrx_word' id='word_1_756' title='bbox 3544 5242 3844 5312; x_wconf 74' lang='grc' dir='ltr'>σαρκικῶε,</span> <span class='ocrx_word' id='word_1_757' title='bbox 3870 5241 3968 5292; x_wconf 77' lang='grc' dir='ltr'>καὶ</span> 
     </span>
    </p>
   </div>
   <div class='ocr_carea' id='block_1_108' title="bbox 2388 5335 3967 5416">
    <p class='ocr_par' dir='ltr' id='par_1_108' title="bbox 2388 5335 3967 5416">
     <span class='ocr_line' id='line_1_108' title="bbox 2388 5335 3967 5416; baseline -0.012 -17"><span class='ocrx_word' id='word_1_758' title='bbox 2388 5344 2503 5416; x_wconf 8' lang='grc' dir='ltr'>’μὴν</span> <span class='ocrx_word' id='word_1_759' title='bbox 2531 5345 2624 5396; x_wconf 75' lang='grc' dir='ltr'><strong>καὶ</strong></span> <span class='ocrx_word' id='word_1_760' title='bbox 2656 5342 3036 5414; x_wconf 81' lang='grc' dir='ltr'>ὲγηγερμένῳ,</span> <span class='ocrx_word' id='word_1_761' title='bbox 3072 5336 3531 5404; x_wconf 77' lang='grc' dir='ltr'>συναποθάνωμεν</span> <span class='ocrx_word' id='word_1_762' title='bbox 3575 5335 3671 5387; x_wconf 69' lang='grc' dir='ltr'>καὶ</span> <span class='ocrx_word' id='word_1_763' title='bbox 3711 5349 3967 5401; x_wconf 68' lang='grc' dir='ltr'>συνεγερ-</span> 
     </span>
    </p>
   </div>
   <div class='ocr_carea' id='block_1_109' title="bbox 2396 5437 2598 5506">
    <p class='ocr_par' dir='ltr' id='par_1_109' title="bbox 2396 5437 2598 5506">
     <span class='ocr_line' id='line_1_109' title="bbox 2396 5437 2598 5506; baseline 0 -16"><span class='ocrx_word' id='word_1_764' title='bbox 2396 5437 2598 5506; x_wconf 74' lang='grc' dir='ltr'>Οιῖιμεν.</span> 
     </span>
    </p>
   </div>
   <div class='ocr_carea' id='block_1_110' title="bbox 2470 5598 3962 5683">
    <p class='ocr_par' dir='ltr' id='par_1_110' title="bbox 2470 5598 3962 5683">
     <span class='ocr_line' id='line_1_110' title="bbox 2470 5598 3962 5683; baseline -0.019 -9"><span class='ocrx_word' id='word_1_765' title='bbox 2470 5635 2487 5666; x_wconf 76' lang='grc' dir='ltr'>ί</span> <span class='ocrx_word' id='word_1_766' title='bbox 2524 5616 2585 5666; x_wconf 80' lang='grc' dir='ltr'><strong>Εἰ</strong></span> <span class='ocrx_word' id='word_1_767' title='bbox 2612 5613 2718 5683; x_wconf 69' lang='grc' dir='ltr'><strong>γὰρ</strong></span> <span class='ocrx_word' id='word_1_768' title='bbox 2753 5612 3025 5681; x_wconf 71' lang='grc' dir='ltr'>σύμφυτοι</span> <span class='ocrx_word' id='word_1_769' title='bbox 3071 5609 3379 5678; x_wconf 80' lang='grc' dir='ltr'>γεγόναμεν</span> <span class='ocrx_word' id='word_1_770' title='bbox 3404 5605 3484 5676; x_wconf 80' lang='grc' dir='ltr'>τῷ</span> <span class='ocrx_word' id='word_1_771' title='bbox 3527 5602 3830 5675; x_wconf 76' lang='grc' dir='ltr'>ὁμοιώματι</span> <span class='ocrx_word' id='word_1_772' title='bbox 3868 5598 3962 5650; x_wconf 55' lang='grc' dir='ltr'>τον]</span> 
     </span>
    </p>
   </div>
   <div class='ocr_carea' id='block_1_111' title="bbox 2396 5689 3958 5770">
    <p class='ocr_par' dir='ltr' id='par_1_111' title="bbox 2396 5689 3958 5770">
     <span class='ocr_line' id='line_1_111' title="bbox 2396 5689 3958 5770; baseline -0.009 -13"><span class='ocrx_word' id='word_1_773' title='bbox 2396 5705 2625 5758; x_wconf 65' lang='grc' dir='ltr'>θανάτου</span> <span class='ocrx_word' id='word_1_774' title='bbox 2650 5702 2835 5766; x_wconf 72' lang='grc' dir='ltr'>αὑτοῦ,</span> <span class='ocrx_word' id='word_1_775' title='bbox 2863 5700 2999 5755; x_wconf 74' lang='grc' dir='ltr'>ἀλλὰ</span> <span class='ocrx_word' id='word_1_776' title='bbox 3029 5701 3124 5752; x_wconf 77' lang='grc' dir='ltr'><strong>καὶ</strong></span> <span class='ocrx_word' id='word_1_777' title='bbox 3150 5699 3249 5770; x_wconf 79' lang='grc' dir='ltr'><strong>τῆς</strong></span> <span class='ocrx_word' id='word_1_778' title='bbox 3279 5697 3632 5760; x_wconf 81' lang='grc' dir='ltr'>ἀναστάσεως</span> <span class='ocrx_word' id='word_1_779' title='bbox 3654 5689 3909 5763; x_wconf 73' lang='grc' dir='ltr'>ἐσόμεθα.</span> <span class='ocrx_word' id='word_1_780' title='bbox 3941 5707 3958 5738; x_wconf 75' lang='grc' dir='ltr'><strong>ι</strong></span> 
     </span>
    </p>
   </div>
   <div class='ocr_carea' id='block_1_112' title="bbox 2429 5852 3300 5915">
    <p class='ocr_par' dir='ltr' id='par_1_112' title="bbox 2429 5852 3300 5915">
     <span class='ocr_line' id='line_1_112' title="bbox 2429 5852 3300 5915; baseline -0.002 -7"><span class='ocrx_word' id='word_1_781' title='bbox 2429 5857 2469 5886; x_wconf 81' lang='grc'><strong>’³</strong></span> <span class='ocrx_word' id='word_1_782' title='bbox 2501 5857 2652 5909; x_wconf 78' lang='lat' dir='ltr'><strong>Rom.</strong></span> <span class='ocrx_word' id='word_1_783' title='bbox 2687 5871 2759 5915; x_wconf 82' lang='grc' dir='ltr'>γι,</span> <span class='ocrx_word' id='word_1_784' title='bbox 2795 5856 2846 5915; x_wconf 77' lang='grc'>3,</span> <span class='ocrx_word' id='word_1_785' title='bbox 2879 5855 2928 5908; x_wconf 69' lang='grc' dir='ltr'>ι.</span> <span class='ocrx_word' id='word_1_786' title='bbox 3010 5855 3053 5883; x_wconf 72' lang='grc'><strong>⁷⁸³</strong></span> <span class='ocrx_word' id='word_1_787' title='bbox 3084 5852 3215 5905; x_wconf 76' lang='lat' dir='ltr'><strong>ibid.</strong></span> <span class='ocrx_word' id='word_1_788' title='bbox 3247 5853 3300 5906; x_wconf 82' lang='lat'><strong>5.</strong></span> 
     </span>
    </p>
   </div>
  </div>
