4090 6516
124 450 272 507 1293

1206 465 1293 522 DE
1331 462 1559 525 RECTA
1599 470 1753 527 FIDE
1788 474 1878 530 AD
1914 473 2232 536 REGINAS.

3220 499 3356 557 1296

121 563 289 618 κατὰ
320 566 413 621 τδν
437 566 551 622 ἴσον
576 570 655 639 τῷ
684 570 881 646 πρώτῳ
903 576 1101 648 τρόπον
1129 582 1343 653 νοήσεις
1381 586 1476 639 καὶ
1506 586 1663 640 τοῦτο

126 672 143 683 ι
198 657 417 683 ἰδ-.-ΞΣ-
457 659 561 683 --λμ
596 658 660 683 ἓ-θ
694 660 731 683 ιν
758 663 784 683 Δ
841 666 854 682 ο
892 680 902 683 -
1009 673 1023 683 ι
1060 671 1118 683 Α.
1422 676 1435 683 λ
1492 677 1515 683 μ
1541 678 1554 683 -
1613 678 1625 683 -

1795 587 1851 645 in
1882 592 2127 649 eumdem
2150 609 2368 652 sensum
2397 605 2452 654 et
2479 599 2620 657 istud
2636 617 2847 674 quoque
2869 623 3141 682 exponas:
3179 614 3356 683 «Quo-

124 672 144 706 ι
198 657 420 730 Ἐπειδὴ
457 659 564 731 γὰρ
592 658 660 713 δι’
687 660 973 737 ἀνθρώπου
1000 673 1028 724 6
1058 671 1287 738 θάνατος
1306 713 1322 739 ,
1350 676 1446 729 καὶ
1487 677 1555 729 δι’
1602 678 1694 731 ἀν-

1798 679 1943 734 niam
1971 683 2187 752 quidem
2217 702 2314 759 per
2348 684 2623 746 hominem
2653 704 2823 762 mors,
2853 701 2908 754 et
2937 679 3037 771 per
3077 679 3352 763 hominem

114 745 347 816 ορὼπου
372 749 667 815 ἀνάστασις
698 758 935 829 νεκρῶν
967 761 1158 834 ὥσπερ
1182 764 1290 835 γὰρ
1320 764 1379 819 ὲν
1400 764 1484 856 γτῷ
1522 766 1669 837 ’Δδὰι

1988 745 2005 752 _
2217 745 2234 759 ,
2550 745 2559 746 ,
2612 745 2621 746 ,
2857 745 2908 754 -.
2937 745 3024 771 τυ.
3077 745 3352 763 ...,...........

1796 774 2123 831 resurrectio
2147 787 2519 849 mortuorum;
2572 791 2627 837 et
2680 785 2821 841 sicut
2852 788 2903 843 in
2959 790 3128 849 Adam
3161 813 3355 856 omnes

113 838 328 902 πάντες
374 840 830 915 ἀποθνήσκουσιν,
895 852 1037 906 οὕτω
1084 853 1181 907 καὶ
1225 855 1284 907 ὲν
1340 855 1419 926 τῷ
1470 857 1692 930 Χριστῷ

113 929 330 993 πάντες
371 930 891 1008 ζωοποιηθήσονται.
927 963 945 995 ι
978 943 1239 1014 Δεύτερος
1271 945 1442 1016 Ἀδὰμ
1489 958 1691 1020 κεχρηό

116 1024 358 1112 μάτικεν
382 1024 412 1076 6
438 1025 667 1097 Χριστός
687 1047 699 1059 ·
726 1033 821 1086 καὶ
849 1031 1036 1106 ὥσπερ
1061 1037 1089 1089 6
1115 1036 1331 1106 πρῶτος
1345 1036 1516 1108 Ἀδὰμ
1542 1042 1689 1112 ἡμᾶς

112 1102 485 1167 κατεϐίϐασεν
512 1117 592 1180 είς
620 1118 845 1190 φθορὰν,
893 1102 1066 1185 οὕτως
1097 1124 1125 1176 6
1150 1102 1400 1196 δεύτερος
1434 1102 1688 1201 ἀνεκόμιλ

112 1211 215 1250 σεν
266 1200 347 1263 εἰς
394 1202 558 1276 ζωήν.
615 1211 725 1280 Οὐχ
773 1212 849 1275 ὠς
894 1212 1177 1283 ἄνθρωπος
1210 1215 1365 1285 ψιλὸς
1400 1200 1686 1277 ἀποθανὼν

110 1289 262 1362 ὑπὲρ
292 1294 473 1364 ἡμῶν,
506 1299 591 1353 ἴνα
624 1301 698 1371 μὴ
735 1303 833 1355 καὶ
874 1305 932 1356 ὲν
964 1304 1113 1376 αὐτῷ
1164 1308 1435 1379 μείνωμεν
1464 1316 1645 1385 νεκροί
1667 1334 1680 1346 σ

108 1378 235 1432 ἀλλ’
265 1382 341 1447 ὡς
374 1384 505 1451 Θεὸς
543 1390 600 1441 ὲν
630 1391 794 1460 σαρκὶ
836 1393 929 1445 καί
960 1395 1097 1465 αὐτῇ
1148 1378 1431 1466 πεπονθὼς
1470 1378 1681 1476 ἀνθρω-

108 1470 313 1539 πίνως,
364 1476 449 1531 ίνα
484 1478 681 1544 θεῖκῶς
720 1481 1084 1555 ἀναστήσαντι
1112 1489 1203 1543 τὸν
1245 1491 1374 1546 ἴδιον
1406 1494 1532 1549 ναὸν
1564 1514 1684 1552 συν-

104 1564 432 1636 εγερθῶμεν
462 1570 641 1639 ἡμεῖς.

539 1745 633 1799 Ἐκ
668 1747 777 1817 τῆς
804 1752 955 1821 πρὸς
975 1757 1271 1827 Γαλάτας.

1795 859 2117 931 moriuntur,
2172 865 2245 921 ita
2298 878 2353 924 et
2394 870 2448 928 in
2514 871 2732 928 Christo
2780 891 2969 936 omnes
2998 883 3357 946 viviﬁcabun-

1795 957 1881 1003 tur
1907 950 1974 1004 ⁷⁷.
2018 952 2315 1014 »ΟΙιι-ἰειιιε
2361 962 2636 1019 secundus
2682 965 2855 1021 Adam
2894 973 3197 1043 appellatus
3246 991 3354 1037 est.

1798 1036 1865 1092 Ut
1886 1046 2068 1096 autem
2120 1043 2332 1114 primus
2378 1048 2552 1106 Adam
2580 1067 2678 1109 nos
2708 1053 2904 1125 dejecit
2928 1036 3014 1117 vin
3049 1072 3357 1139 corruptio-

1792 1143 1938 1195 nem,
1974 1130 2045 1185 ita
2072 1137 2342 1192 secundus
2396 1139 2566 1196 Adam
2595 1160 2694 1203 nos
2750 1151 3003 1220 provexit
3046 1156 3109 1210 ad
3149 1130 3350 1229 viiam;

1792 1236 1895 1274 non
1921 1231 1980 1277 ut
2004 1224 2164 1280 homo
2187 1232 2492 1288 communis
2546 1238 2715 1294 nostri
2772 1256 2932 1299 causa
2970 1259 3199 1305 mortem
3226 1267 3353 1323 per-

1790 1324 1999 1379 pessus,
2024 1326 2091 1368 ne
2125 1315 2177 1369 in
2206 1316 2300 1374 illo
2329 1324 2526 1378 mortui
2566 1342 2899 1399 maneamus,
2962 1339 3054 1393 sed
3108 1351 3167 1395 ιιι
3211 1343 3352 1401 Dcus

1791 1404 2129 1464 incarnatus.
2166 1408 2273 1466 Per
2301 1427 2521 1471 carnem
2564 1434 2802 1490 namque
2833 1438 3025 1493 passus
3048 1440 3129 1486 est
3163 1441 3219 1487 ut
3254 1435 3352 1490 ho-

1790 1511 1908 1564 mo,
1943 1505 2022 1563 ut,
2054 1499 2178 1556 dum
2208 1506 2484 1575 proprium
2516 1511 2773 1580 templum
2813 1515 2992 1573 divina
3018 1521 3218 1580 virtute
3255 1541 3352 1581 ex-

1788 1588 2036 1657 suscitat,
2075 1601 2131 1648 et
2172 1608 2273 1651 nos
2318 1596 2477 1653 simul
2503 1615 2719 1673 quoque
2762 1620 2883 1662 cum
2912 1609 3006 1667 illo
3046 1617 3349 1675 exsuscite-

1788 1692 1926 1733 mur.

2197 1778 2283 1833 Ex
2307 1780 2539 1849 Epistula
2577 1789 2647 1840 ad
2699 1787 2938 1849 Galatas.

1859 1881 1878 1917 ι
1909 1864 2158 1924 Christus
2194 1886 2293 1927 nos
2318 1876 2546 1932 redemit
2579 1883 2645 1934 de
2672 1881 2960 1941 maledicto
2990 1887 3143 1959 legis,
3173 1891 3348 1950 factus

105 1917 299 1989 νόμου,
349 1924 638 1993 γενόμενος
686 1930 825 2004 ὑπὲρ
867 1935 1023 2004 ἡμῶν
1072 1917 1317 2013 κατάρα·
1368 1917 1669 2018 γέγράπται

105 2012 252 2045 υλλο
304 2014 738 2045 Ἐ’...υ.....ι-..---
770 2027 867 2045 ῌς.
912 2030 924 2045 ι
1139 2032 1151 2045 1
1372 2038 1385 2045 -
1440 2037 1450 2045 .
1498 2038 1570 2045 _-_

1919 1917 2158 1924 ,πη-η-
2194 1917 2291 1927 ..ν-
2320 1917 2546 1932 "me"...
2579 1917 2645 1934 νυ
2673 1917 2960 1941 uua-culus:
2990 1917 3143 1959 regis,
3173 1917 3347 1950 IICIUI

1783 1969 1881 2025 pro
1939 1958 2097 2015 nobis
2154 1961 2527 2034 maledicwm;
2559 1972 2683 2040 quia
2717 1974 2974 2045 scriptum
3020 1990 3103 2035 est
3138 1980 3347 2040 :Male-

104 2012 252 2083 γάρ’
304 2014 739 2093 Ἐπικατάρατος
765 2027 872 2090 πᾶς
902 2030 930 2080 6
979 2012 1324 2102 κρεμάμενος
1370 2012 1676 2103 ἐπίτξύλου·

107 2103 197 2155 ἴνα
227 2106 309 2167 είς
352 2107 419 2160 τὰ
442 2107 568 2181 ἔθνη
612 2114 644 2179 ἠ
694 2113 911 2183 εὐλογία
949 2119 1041 2171 τοῦ
1084 2122 1333 2195 Ἀδραὰμ
1362 2127 1584 2198 γένηται
1622 2131 1680 2183 ὲν

105 2194 335 2266 Χριστῷ
375 2198 570 2268 Ἰησοῦ,
605 2204 691 2257 ίνα
719 2206 818 2276 τὴν
844 2209 1178 2279 ἐπαγγελίαν
1224 2216 1318 2269 τοῦ
1366 2194 1681 2290 Πνεύματος

104 2285 367 2357 λάϐωμεν
397 2290 483 2343 διὰ
513 2293 610 2365 τῆς
657 2296 912 2363 πίστεως.
959 2319 977 2353 ι
1018 2303 1205 2375 Ἀθρει
1239 2307 1302 2379 δή
1336 2326 1425 2379 μοι
1453 2285 1680 2366 καντεῦξ

105 2377 223 2443 Θεν,
254 2379 556 2450 ὄτι-γέγονε
582 2384 660 2456 τῷ
690 2387 879 2460 κόσμῳ
915 2394 1183 2465 σωτήριος
1227 2396 1257 2449 ὁ
1292 2377 1538 2471 Χριστοῦ
1582 2402 1678 2457 Θά-

104 2483 271 2535 νατος
293 2487 307 2501 ⁶
334 2473 524 2543 γέγονε
553 2478 663 2548 γὰρ
693 2480 834 2550 ὑπὲρ
860 2483 1016 2553 ήμῶν
1040 2488 1273 2559 κατάρα,
1293 2493 1522 2564 σταυρὸν
1547 2495 1678 2548 ὑπο-

107 2559 324 2628 μείνας,
367 2562 464 2616 καλ⁵
503 2567 835 2635 κρεμασθεὶς
880 2571 975 2625 ἐπὶ
1029 2572 1208 2641 ξύλου,
1258 2578 1346 2633 ἵνα
1399 2559 1538 2653 λύσῃ
1580 2583 1676 2637 τοῦ

104 2650 315 2719 κόσμου
337 2653 437 2724 τὴν
457 2655 755 2727 ἁμαρτίαν,
793 2659 879 2714 ἵνα
912 2663 990 2727 είς
1020 2664 1089 2719 τὰ
1114 2666 1239 2739 ἔθνη
1275 2669 1307 2739 ή
1332 2650 1549 2739 εὐλογία
1580 2674 1674 2727 τοῦ

117 2739 371 2813 ’Δϐραὰμ
422 2744 646 2816 γένηται
695 2750 753 2805 ὲν
819 2751 1040 2825 Χριστῷ
1099 2756 1308 2825 Ἰησοῦο
1378 2764 1672 2827 τουτέστιν,

105 2828 192 2881 ἵνα
223 2828 490 2904 δικαιωθῇ
528 2835 596 2889 τὰ
621 2836 748 2910 ἔθνη
795 2839 882 2894 διὰ
924 2844 1180 2909 πίστεως,
1213 2848 1354 2901 κατὰ
1382 2851 1480 2921 τὴν
1506 2852 1673 2906 δοθεῖ-

104 2936 205 2972 σιν
255 2918 589 2991 ἐπαγγελίαν
630 2927 707 2999 τῷ
746 2931 1019 3003 Ἀϐραὰμ,
1066 2936 1152 2989 ἶνα
1202 2939 1298 3013 τὴν
1343 2918 1675 3010 ἐπαγγελίαν

100 3010 197 3063 τοῦ
226 3005 546 3083 Πνεύματος
574 3018 827 3090 λάϐωμεν
861 3024 949 3079 διὰ
982 3026 1080 3095 τῆς
1112 3029 1363 3096 πίστεως.
1399 3034 1527 3087 Ὅτε
1565 3036 1676 3089 τοία

100 3118 200 3153 νυν
230 3102 329 3154 καὶ
357 3104 456 3173 τὴν
486 3107 543 3158 ἐν
574 3106 721 3179 νόμῳ
746 3108 966 3164 λέλυκεν
1003 3114 1141 3185 ἀρὰν
1183 3119 1210 3170 6
1242 3119 1479 3189 Χριστοῦ
1511 3122 1675 3177 θάνα-

97 3208 210 3255 τος,
262 3194 357 3245 καὶ
404 3196 737 3269 προύξένησε
772 3205 883 3266 τοῖς
933 3203 1110 3259 ἔθνεσι
1143 3208 1240 3278 τὴν
1287 3209 1538 3279 εὐλογίαν
1574 3212 1668 3266 τοῦ

109 3284 388 3357 Ἀϐραὰμ,
426 3289 675 3344 τουτέστι
701 3293 798 3364 τὴν
829 3294 914 3348 διὰ
948 3298 1181 3362 πίστεως
1205 3300 1387 3373 χάριν,
1405 3304 1667 3376 μετόχους

91 3372 149 3425 δὲ
182 3374 332 3443 ἡμᾶς
369 3371 616 3449 ἀπέφηνε
651 3382 742 3433 καὶ
768 3382 861 3435 τοῦ
891 3385 1046 3452 ἁγίου
1078 3371 1416 3460 Πνεύματοςέ
1442 3371 1665 3447 οὐκ-’ἀν-

92 3461 321 3530 Θρώπου
346 3466 526 3518 κοινοῦ
554 3464 711 3521 νοοῖτ⁹
745 3470 811 3523 ἂν
846 3474 873 3525 6
898 3473 1127 3540 Θάνατος
1166 3478 1361 3531 αὐτοῦ·
1395 3486 1665 3552 περινοεῖν

87 3552 147 3603 δὲ
202 3558 468 3625 προσήκει
516 3558 740 3629 μᾶλλον,
784 3564 865 3618 ὅτι
916 3564 1051 3635 σὰρξ
1113 3567 1346 3639 γεγονὼς
1391 3574 1421 3626 6
1468 3573 1661 3643 Λόγος,

89 3648 261 3714 σαρκὶ
293 3648 558 3702 πέπονθεν
603 3653 741 3726 ὑπὲρ
767 3657 861 3708 τοῦ
893 3659 1120 3729 κόσμου,
1167 3662 1262 3716 καὶ
1291 3660 1513 3732 γέγονεν
1544 3667 1663 3720 ίκα-

85 3735 183 3787 νον
218 3735 279 3787 τὸ
304 3736 371 3789 αὑ
387 3737 470 3789 τοῦ
503 3740 675 3805 πάθος
703 3746 781 3806 εἰς
811 3746 909 3815 τὴν
941 3748 1035 3801 τοῦ
1066 3750 1271 3821 κόσμου
1300 3753 1585 3826 λύτρωσιν.

481 3830 582 3884 Ἐκ
621 3832 730 3900 τῆς
758 3836 908 3903 πρὸς
945 3837 1283 3909 Ἐφεσίους.

168 3935 188 3968 ι
227 3918 365 3973 Νυνὶ
393 3920 448 3974 ἃ
479 3923 537 3974 ὲν
567 3925 788 3997 Χριστῷ
828 3928 1027 3999 Ἰησοῦ,
1064 3935 1223 4004 ὑμεῖς
1250 3937 1298 3988 οἱ
1330 3938 1460 3991 ποτὲ
1508 3940 1661 4005 ὄντες

83 4012 338 4079 μακρὰν,
382 4013 678 4086 ἐγενήθητε
726 4020 893 4088 ἐγγὺς
947 4023 1005 4076 ὲν
1035 4024 1111 4093 τῷ
1156 4028 1347 4098 αἵματι
1385 4031 1479 4085 τοῦ
1528 4034 1662 4104 Χρι-

81 4096 241 4151 στοῦ.
272 4101 442 4166 Αὐτὸς
476 4104 587 4174 γάρ
620 4108 767 4162 ἐστιν
793 4112 824 4180 ή
854 4113 1042 4185 εἰρήνη
1070 4096 1247 4186 ἡμῶν,
1277 4121 1305 4172 6
1330 4122 1561 4193 ποιήσας
1580 4096 1657 4176 ’τὰ

77 4189 379 4261 ἀμφότερα
414 4194 490 4260 ἒν,
540 4198 634 4250 καὶ
666 4201 727 4253 τὸ
763 4204 1078 4276 μεσότοιχον
1124 4209 1218 4263 τοῦ
1275 4189 1529 4285 φραγμοῦ
1562 4216 1656 4269 λύ-

74 4282 209 4343 σας,
239 4281 338 4353 τὴν
368 4285 566 4357 ἔχθραν
595 4292 651 4343 ἐν
676 4295 741 4362 τῇ
772 4298 934 4365 σαρκὶ
964 4299 1149 4365 αὐτοῦ,
1170 4303 1280 4355 τῶν
1308 4281 1540 4361 ἐντολῶν
1562 4314 1654 4363 τὸν

76 4374 252 4443 νόμον
286 4377 343 4427 ὲν
372 4377 603 4448 δόγμασι
638 4390 1007 4458 καταργήσας.
1045 4410 1063 4444 ι
1102 4394 1162 4447 Et
1202 4396 1296 4449 καὶ
1338 4398 1467 4461 τοὺς
1494 4400 1654 4466 ὄντας

80 4465 309 4535 μακρὰν
334 4467 420 4521 διὰ
452 4472 512 4523 τὸ
545 4474 850 4531 πλανᾶσθαι
893 4484 1033 4535 κατὰ
1077 4485 1168 4538 τὸν
1210 4488 1433 4558 κόσμον,
1472 4492 1563 4544 καὶ
1594 4465 1653 4545 ἐν

76 4557 340 4627 ἀθεότητι
389 4560 670 4630 διατελεῖν,
723 4570 886 4637 ἐγγὺς
920 4575 1184 4645 πεποίηκε
1226 4576 1289 4629 τὸ
1318 4557 1471 4650 αἷμα
1520 4583 1655 4652 Χρι-

77 4646 237 4700 σποῦ·
272 4650 389 4713 πῶς
417 4655 516 4707 οὐκ
549 4658 820 4726 ἀναγκαία
840 4666 950 4725 τοῖς
980 4667 1069 4718 ἐπὶ
1097 4668 1196 4737 τῆς
1225 4672 1327 4739 γῆς
1353 4646 1520 4740 ἠττοῦ
1552 4646 1655 4727 h6-

74 4758 183 4807 γου
217 4741 513 4811 σάρκωσις,
554 4751 887 4819 συλλέγουσα
915 4758 981 4810 τὰ
1007 4759 1334 4833 διῃρημένα,
1363 4767 1457 4819 καὶ
1483 4784 1652 4837 προσ⁹

74 4831 365 4885 οικειοῦσα
417 4838 516 4904 μὲν
561 4841 637 4910 τῷ
675 4844 792 4914 Θεῷ
835 4849 959 4911 τοὺς
1009 4855 1247 4921 μακρὰν,
1300 4856 1555 4920 κτίζουσα
1597 4860 1653 4912 δὲ

72 4924 208 4984 τοὺς
252 4922 347 4976 δύο
387 4925 547 4991 λαοὺς
594 4933 671 4994 εἰς
718 4935 810 4988 ἕνα
860 4941 1047 4992 καινὸν
1094 4943 1379 5015 ἄνθρωπον
1424 4948 1511 5001 διὰ
1553 4954 1653 5019 τῆς

70 5013 247 5066 αὐτοῦ
298 5018 530 5087 σαρκόςς
579 5022 795 5076 Δέδοται
841 5027 950 5098 γὰρ
1006 5033 1085 5094 εἰς
1128 5013 1395 5105 λύτρωσιν
1442 5038 1551 5091 τῶν
1592 5013 1650 5093 έν

68 5107 401 5176 ἁμαρτίαις,
428 5112 520 5163 καὶ
544 5112 609 5164 δι’
640 5114 807 5187 αὐτῆς
858 5121 923 5173 τὰ
952 5123 1127 5177 πάντα
1170 5131 1546 5199 κατεκτήσατο
1574 5132 1649 5202 τῷ

68 5194 194 5265 Θεῷ
226 5196 321 5248 καὶ
353 5200 548 5271 Πατρί.
596 5204 707 5256 Καὶ
743 5209 878 5276 πρὸς
902 5211 1111 5277 τούτοις
1156 5215 1234 5267 ἔτι
1282 5220 1373 5269 καὶ
1404 5222 1432 5273 ὁ
1479 5222 1675 5275 πάλαις
1753 5234 1883 5286 stric

70 5287 424 5357 κατήργηται
468 5291 670 5361 νόμος,
718 5297 793 5360 ὡς
837 5300 975 5372 ὑπὲρ
1007 5306 1167 5359 αὐτὸν
1210 5309 1375 5377 οὐσης
1414 5314 1511 5381 τῆς
1557 5316 1642 5367 πί-

71 5395 267 5443 στεως,
300 5380 458 5450 δῆλον
485 5384 541 5437 δὲ
581 5387 661 5439 ὅτι
704 5390 802 5460 τῆς
845 5394 904 5445 ἐν
947 5397 1185 5469 Χριστῷ.

70 5471 223 5521 ἐστιν
264 5473 483 5543 ἀληθὲς,
534 5478 653 5541 πῶς
682 5482 822 5553 ὑπὲρ
850 5486 1013 5556 νόμον
1060 5492 1321 5561 ήπίστις,
1368 5498 1415 5548 εί
1457 5498 1531 5569 μὴ

72 5560 196 5629 Θεῷ
220 5567 668 5639 πεπιστεύκαμεν
690 5573 767 5643 τῷ
798 5576 1018 5649 Χριστῷ
1040 5596 1055 5646 ;

141 5826 185 5859 ⁷⁷
214 5826 256 5882 ιι
287 5828 412 5886 Cor.
454 5848 540 5900 xv,
573 5835 660 5889 2i.
741 5838 785 5870 ⁷⁸
819 5838 989 5896 Guial.
1033 5860 1115 5911 ιιι,
1150 5846 1233 5911 l3,
1276 5849 1357 5903 Η.

1783 2048 1957 2104 dictus
1992 2052 2169 2109 omnis
2214 2058 2304 2125 qui
2329 2060 2526 2126 pendet
2553 2060 2799 2134 inligno:
2833 2075 2888 2120 ut
2914 2070 2965 2123 in
2984 2072 3230 2141 gentibus
3258 2075 3347 2132 bc-

1781 2140 2016 2196 nedictio
2048 2142 2201 2199 ﬂeret
2226 2146 2459 2205 Abrahae
2490 2150 2544 2205 in
2580 2153 2799 2212 Christo
2827 2140 3003 2221 Jesu,
3036 2171 3094 2216 ut
3124 2163 3339 2233 pollici-

1781 2234 2036 2289 tationem
2088 2234 2324 2307 Spiritus
2350 2241 2681 2314 accipiamus
2714 2262 2812 2318 per
2840 2252 2997 2307 fidem
3024 2253 3094 2307 ".
3137 2275 3156 2309 ι
3210 2257 3346 2316 llinc

1778 2324 1939 2378 etiam
1975 2328 2269 2397 perspicias
2310 2331 2457 2400 licet,
2498 2336 2701 2395 Christi
2744 2351 2969 2399 mortem
3015 2350 3216 2405 mundo
3254 2367 3332 2408 sa-

1779 2411 2008 2472 lutarem
2037 2421 2331 2477 exstitisse.
2384 2422 2517 2480 Nam
2566 2430 2908 2486 maledictum
2959 2440 3130 2492 nostri
3166 2455 3334 2498 causa

1780 2507 1953 2562 factus
1985 2520 2089 2572 est.
2129 2512 2253 2567 dum
2279 2529 2499 2572 crucem
2525 2522 2805 2592 sristinuit,
2848 2526 3006 2597 ιοο
3036 2544 3242 2590 necnon
3275 2555 3343 2593 ex

1778 2599 1924 2669 ligno
1973 2606 2245 2673 pependit,
2300 2623 2426 2678 quo,
2468 2613 2664 2668 mundo
2714 2632 2741 2671 a
2797 2624 3037 2689 peccatis
3100 2632 3341 2696 expiato,

1776 2691 2011 2749 Abrahae
2042 2695 2347 2754 benedictio
2382 2702 2434 2755 in
2466 2703 2684 2761 Christo
2720 2706 2846 2765 Jesu
2882 2712 3038 2770 ﬂeret
3065 2718 3120 2772 in
3154 2691 3334 2790 genti;

1775 2780 1896 2847 bus,
1929 2784 2029 2839 hoc
2050 2797 2155 2851 est,
2179 2798 2238 2843 ut
2254 2802 2465 2861 gentes,
2493 2794 2646 2864 juxta
2676 2802 3088 2868 promissionem
3104 2780 3337 2867 Abrahre

1776 2871 1997 2938 factam,
2023 2892 2119 2945 per
2144 2878 2300 2933 iidem
2319 2883 2771 2956 justilicarentur,
2805 2909 3015 2966 nosque
3054 2914 3150 2968 per
3176 2902 3335 2959 iidem

1776 2960 2032 3031 Spiritum
2054 2968 2379 3034 promissum
2409 2975 2801 3038 obtineremus.
2830 2960 2965 3042 Cum
2984 2960 3149 3061 igitur
3172 2992 3333 3051 Chri-

1774 3052 1841 3106 sti
1873 3069 2018 3110 mors
2034 3055 2169 3127 legis
2193 3061 2629 3123 maledictionem
2658 3083 2690 3126 e
2719 3076 2898 3131 medio
2938 3052 3245 3151 sustulerit,
3281 3098 3338 3142 et

1774 3145 2021 3211 gentibus
2050 3163 2265 3204 rursum
2318 3152 2543 3211 Abrahae
2598 3159 3055 3237 benedictionem,
3095 3173 3197 3230 hoc
3231 3145 3337 3232 Vest

1696 3267 1736 3322 C
1772 3233 1998 3299 gratiam
2018 3250 2112 3329 per
2137 3236 2293 3294 [idem
2320 3246 2606 3313 pepererit,
2625 3259 2679 3303 et
2708 3254 2919 3310 tandem
2948 3233 3180 3329 Spiritus
3205 3280 3337 3321 san-

1769 3326 1839 3379 eti
1869 3327 2155 3398 participes
2178 3346 2277 3388 nos
2309 3335 2635 3404 reddiderit;
2674 3326 3265 3415 nentiqnamiexistinia
3279 3376 3335 3413 re

1768 3415 2023 3474 debemus
2089 3432 2315 3479 mortem
2376 3427 2515 3485 illius
2572 3433 2813 3504 vulgaris
2872 3439 3172 3513 cujuspiam
3230 3450 3326 3504 ho-

1768 3508 1928 3563 minis
1947 3522 2174 3567 mortem
2197 3517 2515 3574 exstitisse:
2553 3524 2685 3588 quin
2739 3526 2793 3581 id
2855 3508 3044 3600 potius
3088 3547 3331 3596 statuere

1767 3612 1867 3653 nos
1902 3598 2078 3666 decet,
2115 3617 2307 3675 nempe
2333 3605 2567 3665 Verbum
2605 3598 2947 3676 incarnaium
3005 3638 3234 3685 mortem
3272 3634 3326 3686 in

1765 3701 1926 3743 carne
1953 3705 2052 3759 pro
2080 3695 2278 3750 mundo
2304 3700 2610 3768 pertulisse,
2650 3705 2875 3777 ejusque
2924 3716 3231 3783 passionem
3260 3726 3328 3778 ad

1763 3792 1974 3835 omnem
2004 3782 2279 3840 hominum
2317 3792 2737 3863 redemptionem
2768 3782 2981 3860 abunde
3019 3820 3103 3863 sat
3133 3810 3321 3870 fuisse.

2176 3877 2258 3931 Ex
2280 3881 2517 3951 Epistola
2546 3890 2616 3941 ad
2645 3890 2914 3958 Ephesios.

1840 3980 1858 4012 ι
1899 3962 2047 4020 Nunc
2082 3977 2259 4023 autem
2293 3972 2345 4026 in
2377 3974 2590 4032 Christo
2616 3978 2766 4047 Jestt,
2801 4001 2896 4041 vos
2920 3992 3008 4058 qui
3033 3994 3324 4066 aliquando

1761 4054 1926 4108 eratis
1963 4054 2141 4127 longe,
2169 4058 2295 4116 iacti
2320 4065 2452 4120 estis
2487 4082 2653 4139 prope
2685 4074 2740 4148 in
2802 4054 3061 4147 sanguine
3094 4054 3319 4148 Christi.

1760 4142 1876 4211 ipse
1899 4148 2043 4201 enim
2069 4159 2152 4205 est
2177 4165 2281 4220 pax
2312 4166 2526 4223 nostra,
2561 4163 2651 4230 qui
2686 4145 2813 4219 iecit
2846 4142 3074 4242 utraque
3124 4194 3315 4247 unum,

1757 4437 1927 4475 cuans
1958 4423 2026 4477 ".
2059 4443 2077 4475 ι
2116 4425 2270 4491 Quod
2302 4430 2346 4483 si
2379 4447 2475 4488 eos
2502 4436 2590 4502 qui
2621 4441 2807 4507 procul
2861 4445 3109 4515 aberant,
3162 4454 3239 4527 ob}
3265 4459 3317 4510 id

1760 4511 2011 4566 nimirum
2048 4519 2190 4583 quod
2218 4534 2314 4587 per
2371 4527 2629 4580 mundum
2680 4532 2968 4591 errabundi
3004 4511 3324 4613 divagaren-

1691 4603 1731 4656 D
1765 4610 1853 4653 tur
1876 4614 2206 4675 mtatemque
2260 4610 2313 4663 in
2344 4612 2620 4683 impietate
2643 4634 2887 4692 agerent,
2923 4603 3322 4703 sanguisthri-

1760 4693 1826 4745 sti
1902 4708 2069 4761 prope
2124 4698 2379 4770 adduxit;
2435 4713 2699 4774 quomodo
2775 4714 2935 4773 Verbi
2998 4693 3320 4797 incarnatio,

1759 4798 1877 4849 quae
1911 4796 1963 4839 et
1989 4789 2229 4856 dispersa
2292 4795 2341 4868 in
2391 4813 2554 4851 unum
2611 4805 2849 4876 collegit,
2883 4821 2936 4865 et
2974 4813 3133 4885 longe
3165 4824 3323 4876 aber-

1761 4884 1945 4929 rantes
1976 4876 2084 4931 Deo
2108 4884 2501 4951 reconciliavit,
2533 4900 2585 4943 et
2618 4892 2750 4949 duos
2794 4902 3019 4969 populos
3065 4908 3119 4961 in
3153 4926 3315 4967 unum

1755 4976 1948 5015 novum
1973 4966 2244 5023 hominem
2297 4988 2392 5041 per
2419 4992 2637 5034 carnem
2676 4966 2814 5039 illius
2862 4966 3087 5063 redegit,
3123 5004 3314 5067 generi

1758 5053 1997 5109 humano
2024 5074 2127 5113 non
2165 5072 2286 5115 erat
2347 5073 2695 5126 necessaria?
2750 5077 2999 5137 Exhibita

3046 5099 3129 5142 est
3170 5095 3314 5151 enim

1758 5144 1871 5197 haec
1897 5160 2026 5200 caro
2091 5150 2140 5202 in
2169 5166 2354 5207 eorum

2402 5158 2772 5219 liberationem
2830 5171 2921 5237 qui
2949 5180 3184 5242 peccatis
3214 5189 3314 5239 ob-

1891 5236 1926 5287 ti
1994 5243 2335 5309 tenebantur,
2406 5252 2696 5323 omniaque
2752 5274 2848 5328 per
2889 5236 3055 5332 ipsam
3109 5269 3217 5328 Deo
3258 5289 3312 5331 et

1750 5324 1892 5380 Patri
1949 5329 2224 5387 lucrifacta
2275 5348 2421 5393 sunt.
2451 5341 2557 5397 Lex
2582 5324 2840 5412 pmterea
2867 5367 3039 5421 vetns,
3063 5366 3204 5427 quod
3244 5368 3309 5419 lio

1235 5404 1344 5456 Kal.
1386 5408 1433 5458 εί
1484 5409 1643 5461 τοῦτό
1749 5415 1843 5469 des
1885 5417 1937 5470 in
1981 5421 2256 5479 Chrismm
2311 5431 2478 5486 multo
2537 5404 2623 5489 ilia

2671 5441 2742 5493 sit
2788 5448 3157 5519 excellentior,
3213 5473 3309 5525 per

1568 5500 1643 5563 ὼς
1751 5506 1995 5560 eamdem
2025 5525 2239 5581 quoque
2273 5518 2470 5575 abolita
2497 5535 2599 5579 est.
2659 5530 2729 5583 At
2760 5539 3028 5602 quomodo
3065 5500 3157 5598 lex,
3182 5500 3305 5605 li'dei

1746 5594 1906 5659 cedit,
1937 5600 1980 5650 si
2016 5600 2068 5655 in
2098 5603 2367 5662 Christum
2400 5621 2654 5683 tanquam
2689 5620 2740 5674 in
2766 5639 2950 5681 verum
2994 5631 3159 5689 Deum
3198 5653 3305 5697 non

1748 5689 2049 5743 credimus?

1466 5854 1510 5885 τ’
1538 5854 1731 5925 Ισίιιίιρε.
1768 5876 1825 5926 ιι,
1866 5862 2044 5917 15-15.
