4090 6522
748 457 886 516 {995

1162 567 1243 623 Ex
1276 564 1518 636 Epistula
1549 565 1621 620 ad
1658 563 1932 620 llebrwos.

822 703 840 735 ι
879 682 1003 737 ldeo
1046 680 1356 751 ingrediens
1401 677 1662 732 mundum
1718 677 1849 731 dicit
1897 694 1911 730 :
1971 674 2219 731 llostiam
2265 684 2321 729 et

746 773 1074 829 oblationem
1130 771 1371 834 noluisti,
1428 785 1626 839 corpus
1679 778 1858 823 autem
1907 768 2103 837 optasti
2143 766 2316 823 mihi:

748 867 1186 920 holocautomata
1225 871 1281 918 et
1327 877 1425 932 pro
1463 869 1683 931 peccato
1729 874 1834 914 non
1861 859 1954 913 tibi
1980 857 2321 929 placuerunt.

748 959 900 1012 Tunc
929 957 1082 1028 101
1117 957 1228 1012 dixi
1261 975 1272 1009 :
1308 954 1449 1010 Ecce
1483 955 1684 1020 venio;
1724 954 1776 1007 in
1807 953 1991 1022 capite
2027 951 2152 1006 libri
2181 951 2320 1006 scri-

747 1060 896 1116 ptum
952 1058 1038 1104 est
1087 1051 1151 1103 dc
1204 1063 1339 1102 nte:
1397 1044 1466 1100 Ut
1526 1045 1739 1109 faciam,
1792 1043 1951 1108 Deus,
1987 1044 2321 1097 voluntatem

749 1149 896 1195 tuam
920 1142 987 1194 ⁸⁸.
1029 1159 1048 1193 ι
1084 1141 1286 1195 Christi
1322 1139 1510 1209 passio
1563 1137 1769 1192 mundo
1808 1137 2041 1192 salutem
2088 1137 2321 1205 peperit.

755 1235 947 1290 Verum
982 1250 1162 1305 operte
1194 1233 1426 1304 pretium
1479 1239 1564 1285 est
1614 1241 1944 1298 cognoscere
2007 1226 2322 1296 ecquisnam

749 1327 838 1380 ille
887 1327 962 1382 sit
1012 1323 1104 1395 qui
1134 1324 1185 1378 in
1212 1323 1470 1376 mundum
1505 1320 1833 1392 ingreditur,
1880 1319 2321 1389 quandoquidem

751 1418 925 1473 modis
975 1416 1228 1472 omnibus
1280 1415 1328 1469 is
1373 1424 1526 1468 extra
1566 1413 1826 1467 mundum
1856 1422 1998 1466 erat.
2044 1409 2326 1476 Quomodo

749 1525 901 1580 ergo,
962 1507 1057 1578 qui
1083 1517 1236 1562 extra
1294 1506 1552 1559 mundum
1608 1512 1746 1568 erat,
1809 1505 2092 1570 ingressus
2144 1500 2323 1555 estin

750 1601 966 1672 ipsum?
993 1599 1136 1655 Sane
1167 1597 1522 1666 Ultigcttiltts,
1563 1604 1756 1665 suapte
1789 1605 1983 1648 natura
2014 1595 2325 1647 universum

747 1696 1006 1748 mundum
1052 1691 1325 1745 excedens
1357 1701 1414 1745 ut
1447 1689 1608 1748 Deus.
1643 1688 1694 1741 in
1741 1687 1998 1740 nmndum
2045 1687 2323 1755 ingressus

745 1797 849 1852 cst,
883 1801 1006 1857 pars
1046 1783 1189 1838 illius
1221 1781 1417 1845 lactus,
1452 1781 1604 1835 idest
1637 1781 1817 1833 homo.
1837 1777 1910 1830 ita
1944 1777 2115 1842 enim,
2151 1776 2325 1830 sacri—

748 1881 869 1933 ticio
903 1892 1000 1948 pro
1038 1876 1195 1930 nobis
1242 1873 1423 1928 oblato
1474 1880 1772 1942 sponteque
1803 1870 2094 1938 semetipso
2115 1877 2325 1922 contra-

746 1974 880 2035 dito,
909 1969 976 2023 ab
1018 1966 1238 2022 interitu
1284 1976 1554 2018 terrarum
1590 1962 1779 2016 orbem
1813 1959 2138 2014 vindicavit.

821 2078 838 2110 ι
886 2059 1114 2126 Propter
1162 2055 1309 2125 quod
1361 2062 1416 2107 ct
1457 2051 1636 2117 Jesus,
1679 2060 1736 2103 ut
1789 2050 2161 2103 sanctilicarct
2226 2063 2323 2118 per

746 2165 902 2206 suum
942 2146 1262 2218 sanguinem
1307 2143 1606 2214 populum,
1653 2150 1808 2197 extra
1862 2150 2075 2210 portam
2127 2154 2325 2209 passus

744 2250 827 2296 est
857 2241 924 2294 ⁸¹.
957 2258 974 2290 ι
1006 2239 1122 2305 Quo
1154 2246 1336 2307 pacto,
1371 2249 1576 2303 quaeso,
1611 2232 1906 2302 promiscui
1933 2231 2167 2286 hominis
2195 2247 2322 2285 san-

745 2333 866 2402 guis
896 2340 1116 2385 sanctos
1145 2341 1243 2381 nos
1278 2323 1553 2380 etliceret‘l
1585 2327 1654 2379 At
1683 2324 1887 2379 Christi
1932 2321 2159 2392 sanguis
2193 2337 2320 2376 sau-

755 2424 1163 2481 ctilicavitnos.
1203 2419 1426 2473 Divinus
1477 2428 1562 2472 est
1615 2418 1819 2487 itaque,
1848 2431 1954 2472 non
2001 2413 2325 2485 simpliciter

746 2521 1055 2571 humanus:
1093 2513 1236 2567 Deus
1266 2512 1411 2567 enim
1449 2518 1569 2564 crat
1615 2509 1672 2563 in
1710 2523 1878 2564 carne
1902 2549 1917 2575 ,
1963 2508 2180 2578 proprio
2223 2520 2322 2560 nos

744 2609 1005 2679 sanguine
1039 2605 1360 2662 emundans.

1099 2719 1184 2772 Ea:
1214 2715 1453 2786 Epistula
1481 2717 1549 2768 ad
1571 2713 1921 2769 Timotheum.

817 2856 834 2887 ‹
871 2835 1020 2890 Unus
1048 2833 1191 2887 enim
1226 2831 1394 2897 Deus,
1420 2841 1475 2886 et
1515 2848 1654 2887 unus
1700 2828 1972 2885 mediator
2010 2828 2100 2883 Dei
2133 2837 2186 2882 et
2224 2828 2322 2883 ho-

744 2932 948 2983 minum
987 2927 1148 2980 homo
1195 2923 1446 2978 Christus
1487 2921 1682 2988 Jesus,
1738 2920 1830 2990 qui
1889 2917 2316 2988 redemptionem

743 3021 888 3076 dedit
935 3018 1175 3088 seipsum
1235 3028 1333 3083 pro
1379 3014 1634 3069 omnibus
1673 3013 1742 3066 ".
1796 3030 1814 3064 ι
1866 3010 2129 3065 Salutaris
2184 3010 2321 3068 citra

742 3111 1168 3168 controversiam
1205 3107 1408 3163 Christi
1446 3122 1592 3164 mors
1625 3107 1882 3160 universo
1915 3102 2114 3156 mundo
2147 3101 2320 3155 exsti-

745 3209 829 3263 tit.
871 3207 1127 3259 Attamen
1171 3202 1217 3257 si
1252 3199 1506 3255 Christus
1559 3198 1698 3253 Deus
1733 3211 1838 3251 non
1892 3205 1999 3258 est,
2045 3192 2316 3263 quomodo

1745 451 1804 506 S.
1846 447 2120 504 CYRILLI
2159 446 2635 506 ALEXANDRINI
2674 448 2994 506 ARCIIIEP.

3892 451 4002 506 iii-'0

2824 567 2917 621 Ἐκ
2955 566 3063 635 τῆς
3103 568 3248 638 πρὸς
3287 570 3626 641 Ἐϐραίους.

2500 701 2516 731 ι
2548 679 2638 734 Διὸ
2673 680 3054 751 εἰσερχόμενος
3085 681 3166 744 είς
3192 681 3285 734 τὸν
3313 683 3543 754 κόσμον,
3575 685 3731 752 λέγει
3816 683 4005 735 Θυτίιτ

2424 768 2517 821 καὶ⁵
2562 770 2878 841 προσφορὰν
2916 770 3016 824 οὐκ
3046 769 3338 843 ἠθέλησας,
3372 774 3537 844 σῶμα
3587 777 3645 830 δὲ
3698 779 4009 847 κατηρτίσω

2428 874 2551 930 μοι·
2586 860 3013 932 ὁλοκαυτώματα
3061 862 3156 916 καὶ
3201 864 3330 934 περὶ
3365 866 3647 938 ἁμαρτίας
3684 869 3792 921 οὐκ
3829 869 4011 939 £0117,-

2427 969 2524 1015 σας
2541 959 2589 1005 υ.
2626 952 2759 1005 Τότε
2811 949 2999 1007 εἷπον·
3048 954 3178 1008 Ἰδοὺ
3222 955 3342 1025 ἥκω
3364 973 3377 987 ο
3410 958 3470 1008 ὲν
3503 960 3761 1026 κεφαλίδι
3816 961 4011 1030 βιϐλίου

2425 1043 2736 1114 γέγραπται
2769 1046 2898 1115 περὶ
2927 1045 3062 1116 ἐμοῦ
3087 1062 3101 1076 ·
3149 1046 3256 1100 Τοῦ
3291 1048 3536 1119 ποιῆσαι,
3567 1053 3594 1104 ὁ
3636 1052 3804 1116 Θεὸς,
3835 1055 3901 1106 τὸ
3943 1055 4014 1106 0i-

2425 1136 2576 1208 λημά
2610 1154 2722 1190 σου.
2756 1156 2775 1190 ι
2812 1137 3010 1206 Γέγονε
3036 1140 3308 1211 σωτήριον
3336 1141 3413 1211 τῷ
3449 1144 3640 1212 κόσμῳ
3667 1144 3728 1196 τὸ
3757 1145 3866 1199 τοῦ
3894 1148 4014 1218 X9:-

2429 1229 2555 1284 στοῦ
2585 1229 2775 1294 πάθος.
2813 1230 2959 1302 Πλὴν
3002 1232 3301 1301 ἀναγκαῖον
3336 1234 3462 1287 ἰδεῖν
3507 1236 3591 1298 τίς
3627 1239 3658 1288 ὸ
3691 1240 3907 1300 εἰς·τὸν
3937 1242 4013 1290 χί-

2429 1340 2564 1394 σμον
2594 1322 3004 1395 είσερχόμενος·
3045 1319 3113 1396 ἦν
3157 1327 3265 1397 γάρ
3307 1327 3410 1393 ἔξω
3457 1328 3550 1380 τοῦ
3587 1329 3805 1398 κόσμου
3851 1332 4015 1398 πάντη

2428 1433 2484 1468 τε
2518 1416 2610 1468 καὶ
2637 1417 2854 1479 πάντως
2874 1431 2889 1446 ⁸
2917 1417 3038 1470 ἐπεὶ
3062 1417 3180 1481 πῶς
3207 1418 3526 1490 εἰσδέδηκεν
3557 1422 3636 1483 εἰς
3669 1421 3848 1474 αὐτὸν
3882 1422 4015 1484 ἕξων

2429 1507 2666 1577 κόσμους
2685 1507 3011 1577 Τοιγαροῦν,
3031 1509 3171 1562 κατὰ
3195 1510 3355 1580 φύσιν
3379 1512 3638 1582 ὑπάρχων
3672 1513 3828 1584 ὑπὲρ
3851 1514 4016 1566 ’πάντα

2428 1600 2517 1651 τὸν
2563 1600 2786 1669 κόσμον,
2818 1601 2894 1662 ὡς
2920 1601 3052 1664 Θεὸς
3081 1601 3413 1672 Μονογενὴς,
3446 1603 3775 1674 εἱσϐἐὸηκεν
3812 1607 3899 1667 είς
3934 1608 4014 1658 αὖε

2428 1692 2539 1753 τὸν,
2563 1691 2730 1761 μέρος
2762 1690 2927 1743 αὑτοῦ
2957 1689 3216 1759 γεγονὼς,
3236 1694 3511 1746 τουτέστιν
3531 1695 3857 1766 ἄνθρωπος·
3891 1696 4016 1749 οὕτω

2429 1800 2486 1835 τε
2532 1784 2629 1852 τὴν
2679 1782 2819 1851 ὑπὲρ
2847 1782 3006 1853 ἡμῶν
3034 1784 3412 1854 προσκομίσας
3443 1785 3656 1851 Θυσίαν,
3693 1789 3794 1841 καὶ
3830 1789 4016 1841 ἑαυτὸν

2429 1874 2669 1941 ἀναθεὶς,
2702 1875 2908 1927 σέσωκε
2938 1875 3034 1946 τὴν
3070 1875 3161 1928 ὑπ’
3191 1876 3439 1946 οὐρανόν.

2507 2072 2523 2102 ι
2552 2051 2642 2105 Διὸ
2660 2052 2751 2104 καὶ
2768 2052 2794 2102 ὁ
2811 2051 3039 2123 Ἰησοῦς,
3059 2053 3146 2107 ἵνα
3172 2053 3374 2126 ἁγιάσῃ
3393 2054 3480 2110 διὰ
3497 2054 3592 2110 τοῦ
3624 2055 3759 2110 ἰδίου
3786 2057 4016 2127 αἵματος

2426 2144 2515 2197 τὸν
2549 2144 2696 2205 λαὸν.
2731 2145 2835 2212 ἔξω
2880 2145 2980 2214 τῆς
3024 2145 3198 2214 πύλης
3241 2146 3462 2201 ἔπαθεν.
3492 2167 3510 2201 ι
3545 2142 3698 2219 Αἷμα
3723 2144 4015 2219 ἀνθρώπων

2430 2235 2608 2290 κοινοῦ
2641 2237 2763 2289 τίνα
2783 2237 2984 2307 τρόπον
3015 2238 3203 2305 ἁγίους
3225 2241 3375 2310 ἠμῖς
3398 2240 3686 2313 ἀποφήνῃ;
3722 2242 3895 2296 Ἀλλὰ
3921 2247 4014 2314 μὴν

2427 2328 2622 2399 ἡγίασε
2673 2330 2732 2383 τὸ
2784 2323 2926 2400 αἷμα
2975 2330 3235 2401 Χριστοῦ.
3273 2333 3426 2385 Θεῖον
3470 2329 3563 2387 οὖν
3597 2333 3728 2405 ἄρα,
3782 2339 3887 2389 καὶ
3930 2340 4016 2404 οὐχ

2426 2420 2617 2484 ἁπλῶς
2646 2420 2986 2492 ἀνθρώπινον
3009 2438 3021 2451 ο
3053 2422 3187 2485 Θεὸς
3216 2424 3326 2493 γὰρ
3361 2420 3431 2495 ἦν
3472 2426 3531 2478 ὲν
3573 2428 3760 2496 σαρκὶ,
3797 2429 3885 2498 τῷ
3917 2430 4016 2497 ἰδίῳ

2425 2514 2618 2584 αἵματι
2656 2515 2972 2586 καθαρίζων
2998 2519 3170 2587 ἡμᾶς.

2831 2719 2931 2772 Ἐκ
2971 2717 3081 2786 τῆς
3117 2718 3269 2788 πρὸς
3308 2721 3605 2790 Τιμόθεωο.

2501 2850 2518 2884 ι
2555 2827 2646 2895 Εἷς
2677 2833 2786 2904 γάρ
2820 2832 2972 2897 Θεὸς,
3008 2827 3091 2897 εἷς
3117 2835 3213 2888 καὶ
3248 2833 3475 2905 μεσίτης
3508 2834 3643 2890 Θεοῦ
3679 2838 3776 2891 καὶ
3805 2839 4015 2914 ἀνθρώ.

2426 2940 2543 2975 πων
2584 2923 2870 2994 ἄνθρωπος
2901 2925 3137 2996 Χριστὸς
3169 2926 3396 2996 Ἰησοῦς,
3448 2928 3478 2979 ὁ
3525 2928 3646 2993 δοὺς
3701 2931 4014 3004 ἀντίλυτρον

2427 3016 2618 3068 ἑαυτὸν
2652 3017 2791 3088 ὑπὲρ
2840 3017 3079 3071 πάντων.
3117 3036 3136 3070 ι
3188 3019 3465 3092 Σωτήριος
3507 3021 4015 3095 ὁμολογουμέναιςό

2425 3105 2519 3161 τοῦ
2571 3108 2808 3178 Χριστοῦ
2854 3108 3082 3173 Θάνατος
3113 3110 3190 3181 τῷ
3230 3112 3420 3183 κόσμῳ
3463 3114 3647 3170 παντί.
3685 3117 3839 3188 Πλὴν
3869 3122 3918 3171 εξ
3948 3121 4013 3187 μή

2428 3201 2541 3253 ἐστι
2571 3200 2726 3264 Θεὸς,
2758 3201 2876 3265 πῶς
2900 3201 2966 3255 ἂν
2995 3202 3282 3272 ἀρκέσειεν
3317 3205 3396 3269 εἰς
3425 3207 3486 3258 τὸ
3512 3208 3772 3274 γενέσθαι
3796 3212 4016 3263 πάντων

744 3301 856 3364 ipse
886 3295 1037 3350 solus
1078 3294 1173 3348 toti
1225 3293 1424 3367 mundo
1466 3288 1746 3345 liberaudo
1799 3296 1883 3340 sat
1935 3298 2056 3339 esse
2102 3283 2317 3351 potuit?

2423 3292 2743 3363 ἀντίλυτρον
2774 3293 2935 3355 αὐτός
2962 3310 3019 3345 τε
3058 3295 3152 3346 καὶ
3181 3295 3379 3365 μόνος;
3425 3298 3584 3352 Ἀ).λά
3616 3301 3826 3370 ἤρκεσε
3865 3303 4015 3370 μόνος

744 3390 813 3442 At
839 3387 964 3457 quia
999 3401 1162 3456 super
1191 3399 1380 3440 Omnes
1410 3392 1492 3437 est
1518 3422 1533 3448 ,
1584 3379 1827 3434 omnium
1882 3389 2047 3430 causa
2083 3385 2314 3428 mortem

744 3493 1056 3549 perpessus,
1088 3477 1239 3531 solus
1270 3492 1365 3546 pro
1411 3472 1668 3528 omnibus
1708 3468 2003 3524 satisfecit.
2037 3465 2178 3520 Deus
2213 3467 2318 3518 ita-

742 3587 846 3642 que
884 3580 988 3634 est,
1021 3573 1111 3640 qui
1149 3571 1364 3639 propria
1392 3565 1572 3621 carnis
1594 3574 1766 3617 morte
1803 3571 2033 3615 mortem
2063 3574 2091 3611 ιι
2122 3558 2320 3612 mundo

745 3665 1065 3736 proﬂigavit.

1223 3773 1316 3827 1-5.!
1356 3768 1822 3827 CATIIOLICIS.

1234 3886 1317 3940 Ex
1350 3886 1586 3955 Epistola
1621 3883 1785 3938 Petri.

808 4002 964 4069 Quod
1016 4002 1213 4057 Christi
1255 4017 1392 4054 mors
1426 3999 1619 4053 mundo
1648 3997 1905 4052 salutaris
1953 3995 2246 4050 exstiterit.

811 4137 830 4171 ι
876 4117 1011 4184 Quia
1048 4115 1299 4173 Christus
1322 4115 1488 4171 semel
1521 4130 1617 4184 pro
1649 4113 1892 4182 peccatis
1923 4121 2172 4166 mortuus
2205 4119 2312 4174 est,

733 4211 914 4281 justus
966 4223 1061 4277 pro
1099 4207 1338 4276 injustis,
1393 4215 1450 4261 ut
1501 4220 1600 4260 nos
1634 4202 1857 4259 oﬂ'erret
1905 4202 2039 4265 Deo,
2085 4201 2315 4255 mortili-

736 4310 891 4356 catus
930 4298 1146 4366 quidem
1188 4310 1374 4360 carne,
1415 4295 1721 4348 virilicatus
1767 4302 1947 4346 autem
1996 4290 2212 4362 spiritu.
2257 4290 2312 4344 In

737 4409 845 4463 quo
879 4401 935 4446 et
984 4391 1069 4444 his
1101 4389 1190 4460 qui
1236 4389 1292 4442 iu
1326 4403 1547 4444 carcere
1577 4397 1736 4441 erant
1787 4385 2065 4456 spiritibus
2094 4384 2315 4438 veniens

738 4481 1078 4553 praedicavit,
1116 4479 1204 4548 qui
1269 4479 1532 4534 increduli
1570 4477 1792 4531 fuerant
1839 4476 2134 4545 aliquando
2163 4474 2234 4527 ⁸³.
2277 4491 2305 4525 1

739 4575 883 4627 Multi
910 4586 975 4625 ex
999 4572 1201 4626 sanctis
1229 4571 1386 4640 102
1412 4570 1692 4640 prOphetis
1719 4567 2028 4637 interempti
2057 4576 2184 4621 sunt
2210 4582 2224 4632 ;
2257 4573 2311 4617 at

2426 3385 2564 3455 ὑπὲρ
2614 3385 2834 3438 πάντων
2865 3385 3186 3451 ἀποθανὼν,
3221 3389 3301 3442 ὅτι
3337 3390 3430 3442 καὶ
3463 3391 3604 3461 ὑπὲρ
3637 3394 3852 3458 πάντας
3881 3397 4012 3446 ἐστί.

2423 3473 2553 3536 Θεὸς
2582 3470 2674 3527 οὖν
2710 3475 2818 3545 ἄρα
2848 3476 2964 3529 ἐστὶ
2992 3475 3069 3548 τῷ
3097 3476 3308 3549 θανάτῳ
3333 3480 3431 3549 τῆς
3475 3480 3609 3545 ἰδίας
3647 3482 3859 3554 σαρκὸς
3883 3487 4014 3539 ἀτιτ-

2423 3569 2627 3637 στήσας
2659 3569 2754 3622 τοῦ
2793 3569 2998 3640 κόσμου
3028 3571 3117 3624 τὸν
3154 3570 3381 3626 θάνατον

2824 3770 2925 3823 ΕΚ
2957 3765 3102 3822 ΤΩΝ
3136 3772 3584 3826 ΚΑΘΟΑΙΚΩΝ.

2749 3880 2842 3934 Ἐκ
2883 3880 2990 3949 τῆς
3027 3881 3255 3950 Πέτρου
3291 3885 3679 3954 Ἐπιστολῆς.

2421 3978 2541 4046 Ὅτι
2576 3995 2609 4046 ό
2650 3992 2756 4047 τοῦ
2779 3993 3035 4061 Χριστοῦ
3062 3993 3318 4061 θάνατος
3347 3994 3428 4061 τῷ
3451 3997 3661 4066 κόσμῳ
3693 3999 4006 4067 σωτιξρισς.

2495 4105 2648 4158 ι”Οτι
2681 4106 2710 4158 ό
2735 4106 2966 4176 Χριστὸς
2984 4106 3131 4172 ἅπαξ
3158 4110 3288 4179 περὶ
3322 4109 3606 4182 ἁμαρτιῶν
3634 4113 3904 4172 ἀπέθανε.
3930 4117 4005 4167 δὶ-

2417 4216 2568 4262 καιος
2615 4199 2757 4271 ὑπὲρ
2800 4200 3022 4266 ἀδίκων,
3051 4201 3138 4254 ἵνα
3171 4204 3323 4273 ἡμᾶς
3367 4206 3705 4280 προσαγάγῃ
3748 4207 3829 4278 τῷ
3867 4208 4002 4279 Θεῷ,

2418 4290 2749 4354 θανατωθεὶς
2783 4291 2882 4361 μὲν
2915 4292 3098 4363 σαρκὶ,
3133 4293 3490 4365 ζωοποιηθεὶς
3513 4295 3569 4350 δὲ
3599 4299 3899 4369 πνεύματι.
3921 4303 4003 4354 Ἐν

2414 4374 2458 4448 ᾧ
2495 4381 2590 4433 καὶ
2618 4382 2730 4444 τοῖς
2758 4383 2816 4434 ὲν
2844 4381 3057 4454 φυλακῇ
3088 4381 3363 4453 πνεύμασι
3395 4385 3684 4456 πορευθεὶς
3737 4390 4002 4460 ἐκήρυξε-λ

2416 4474 2746 4546 ἀπειθήσασι
2800 4491 2952 4528 ποτε.
2987 4493 3005 4526 ι
3063 4473 3256 4528 Πολλοὶ
3308 4476 3417 4531 τῶν
3472 4479 3646 4547 ἁγίων
3701 4482 4002 4552 ἀνῄρηνται

2417 4565 2744 4637 προφητῶν*
2809 4565 2922 4619 ἀλλ’
2969 4566 3142 4631 οὐδεὶς
3206 4568 3432 4623 ἐκείνων
3496 4571 3791 4625 ἀποθανεῖν
3864 4577 4000 4643 ὑπὲρ

739 4680 897 4722 nemo
921 4664 1264 4729 illorum,'aut
1291 4671 1637 4732 peccatorum
1669 4675 1832 4714 causa
1864 4657 2182 4728 oppetiisse,
2217 4666 2310 4711 aut

2422 4656 2701 4728 ἁμαρτιῶν
2743 4658 2978 4731 εἴρηται,
3007 4657 3130 4711 οὔτε
3173 4658 3280 4731 μὴν
3325 4668 3699 4732 προσαγαγεῖν
3745 4669 3894 4737 ἡμᾶς
3927 4667 4002 4736 τῷ

737 4774 832 4812 sua
866 4771 962 4810 nos
998 4765 1172 4809 morte
1205 4753 1315 4808 Deo
1341 4753 1626 4816 obtulisse,
1659 4761 1755 4806 aut
1779 4751 2091 4820 spiritibus,
2121 4749 2212 4820 qui
2254 4749 2308 4804 in

736 4861 954 4904 carcere
988 4847 1396 4908 detinebantur,
1439 4843 1767 4914 praedicasse
1802 4843 1977 4898 dictus
2012 4848 2134 4898 est:
2172 4856 2310 4911 prae.

741 4941 879 4998 stitit
913 4938 1014 4993 hoc
1064 4947 1240 4992 autem
1292 4935 1558 4990 Christus.
1613 4934 1716 4989 Per
1759 4933 1942 5003 ipsum
1982 4931 2129 4987 enim
2168 4932 2307 4986 etin

737 5034 852 5099 ipso
913 5029 1171 5099 redempti
1239 5041 1467 5092 sumus,
1527 5025 1803 5094 ipsiusque
1857 5035 2003 5079 mors
2044 5033 2308 5078 terrarum

735 5124 852 5177 orbi
877 5122 1103 5176 salutem
1132 5120 1332 5175 attulit.
1353 5116 1582 5171 Mortem
1604 5116 1786 5185 itaque
1813 5129 1910 5183 pro
1943 5114 2097 5170 nobis
2122 5113 2309 5179 subiit,

737 5232 840 5267 uou
873 5223 931 5265 ιιι
955 5215 1114 5266 homo
1145 5211 1411 5281 quispiam
1443 5207 1616 5264 nostri
1654 5206 1873 5273 similis,
1913 5205 2008 5261 sed
2058 5214 2116 5259 ut
2163 5205 2308 5259 Deus

735 5311 785 5360 iu
829 5323 1014 5372 carne,
1039 5307 1129 5374 qui
1163 5319 1360 5374 corpus
1388 5319 1541 5359 suum
1575 5317 1672 5373 pro
1709 5299 2020 5357 mortalium
2053 5298 2301 5355 omnium

733 5403 842 5455 vita
872 5398 1088 5454 obtulit.

825 5582 871 5613 ⁸⁸
895 5578 1054 5633 Hebr.
1084 5593 1138 5641 ιι,
1173 5577 1303 5638 5-7;
1337 5574 1479 5630 Psal.
1522 5591 1707 5639 ητις,
1745 5573 1858 5628 7ου.

1937 5571 1978 5602 ⁸⁸
2014 5570 2178 5624 llebr.
2213 5585 2334 5633 xui,
2369 5569 2457 5622 te.

2413 4748 2531 4818 Θεῷ
2569 4749 2657 4802 διὰ
2711 4748 2804 4803 τοῦ
2859 4749 2988 4803 ἰδίου
3018 4749 3284 4805 Οανάτου·
3316 4751 3434 4805 ἀλλ’
3461 4754 3580 4807 οὐδὲ
3630 4758 3870 4827 ἐκήρυξέ
3917 4776 4000 4820 τις

2411 4843 2521 4903 τοῖς
2551 4841 2610 4893 ὲν
2632 4840 2846 4913 φυλακῇ
2869 4844 3163 4913 πνεύμασι.
3192 4844 3449 4916 Πὲπραχε
3476 4846 3532 4899 δὲ
3560 4847 3719 4901 τοῦτο
3743 4851 3996 4920 Χριστὶς,

2412 4935 2506 4986 καὶ
2539 4933 2604 4988 δι’
2632 4935 2797 4988 αὐτοῦ
2830 4952 2890 4988 τε
2925 4937 3017 4988 καὶ
3064 4936 3121 4988 ὲν
3167 4935 3319 5006 αὐτῷ
3361 4936 3770 5008 λελυτρώμεθα,
3803 4943 3896 4994 καὶ
3941 4945 4000 4995 τὸ

2416 5025 2577 5079 αὑτοῦ
2605 5026 2775 5090 πάθος
2801 5023 2869 5100 ἦν
2895 5029 2973 5098 τῷ
3002 5028 3192 5099 κόσμῳ
3218 5030 3505 5099 σωτήριον.
3529 5031 3790 5085 Ἀπέθανε
3823 5035 3998 5087 τοίνυν

2415 5117 2555 5189 ὑπὲρ
2593 5118 2768 5189 ἡμῶν,
2799 5119 2898 5190 οὐχ
2919 5118 2994 5182 ὡς
3020 5118 3302 5190 ἅνθρωπος
3331 5114 3410 5183 εἷς
3437 5121 3700 5190 ὑπάρχων
3728 5122 3838 5174 τῶν
3868 5124 3967 5176 καθ
3987 5125 4000 5144 ‘

2416 5211 2584 5280 ἡμᾶς,
2620 5210 2735 5264 ἀλλ’
2763 5209 2839 5272 ὡς
2884 5210 3017 5274 Θεὸς
3068 5211 3126 5263 ὲν
3162 5209 3348 5281 σαρκὶ,
3394 5211 3492 5281 τῆς
3545 5213 3807 5269 ἁπάντων
3853 5213 3996 5286 ζωῆς

2412 5301 2766 5372 ἀντάλλαγμα
2798 5301 2859 5355 τὸ
2893 5300 3022 5355 ἴδιον
3049 5301 3209 5371 σῶμα
3238 5301 3431 5365 διδούς.

2536 5568 2627 5622 ⁸Ἰ
2667 5567 2811 5623 Tim.
2851 5584 2913 5634 ll,
2955 5568 3010 5624 5.
3097 5564 3356 5622 °’lPetr.
3390 5585 3475 5635 ιιι,
3510 5568 3711 5625 18-20'

1789 5724 1960 5779 Varia:
1983 5725 2239 5780 lectiones
2266 5724 2466 5781 codicis
2497 5723 2860 5795 chnicriani.

804 5875 830 5903 ’³
860 5861 1182 5934 ὴυδοκησας.
1264 5875 1285 5901 ν
1313 5868 1342 5918 ό
1375 5866 1495 5929 ἔξω.
