4090 6540
130 451 270 506 1297

1207 467 1292 522 DE
1333 467 1556 523 RECTA
1600 468 1755 525 FIDE
1793 469 1881 523 AD
1922 469 2236 525 REGINAS.

3202 468 3339 527 {298

191 582 209 615 ι
238 565 483 639 Χριστοῦ
511 565 602 626 οῦν
636 575 895 642 παθόντος
943 579 1079 653 ὑπὲρ
1116 583 1269 653 ἡμῶν
1315 585 1496 657 σαρκί.
1529 606 1547 639 ο
1592 586 1682 650 Ὠς

1864 605 1882 639 c
1922 586 2138 641 Christo
2182 585 2344 655 igitur
2374 598 2531 653 passo
2564 585 2616 637 in
2657 596 2821 638 caruc
2844 581 2914 637 ".
2961 602 2978 635 ι
3015 582 3149 640 Cum
3188 586 3342 640 Chri-

114 655 221 725 γὰρ
255 658 593 731 ὑπάρχοντος
636 666 770 720 Θεοῦ
812 668 902 722 τοῦ
952 672 1209 741 Χριστοῦ,
1242 655 1417 743 caeco;
1449 676 1538 729 καὶ
1580 678 1680 748 ἐμ-

112 750 333 818 φρόνως
381 752 410 804 6
458 757 706 829 μαθητὴς
736 761 899 831 capaci.
944 764 1268 820 πεπονθέναι
1304 768 1465 837 φησὶν
1498 768 1680 831 αύτδν,

116 838 406 908 ὐπεξάγων
436 845 528 899 τοῦ
558 848 744 902 παθεῖν
773 851 869 922 τὴν
898 853 1204 926 ἀπόρρητον
1234 858 1411 927 φύσιν,
1445 854 1511 930 ἧς
1532 858 1685 911 ἀλλό-

113 946 264 1021 τριον
298 933 358 985 τὸ
386 936 597 991 παθεῖν.
617 941 741 1011 Ὶδίᾳ
772 942 951 997 τοίνυν
995 946 1225 1000 πέπονθε
1272 950 1454 1021 σαρκὶ,
1510 950 1686 1004 καίτοι

114 1020 207 1072 τοῦ
260 1024 461 1079 παθεῖν
507 1028 754 1100 ἀμοιρεῖν
802 1033 1106 1105 εἰθισμένος
1153 1039 1181 1091 6
1224 1039 1288 1091 ὲκ
1327 1039 1460 1094 Θεοῦ
1492 1039 1680 1109 Λόγος.

114 1110 248 1201 ἓεὸς
274 1109 368 1201 οῦν
397 1116 502 1187 ἄρα
542 1119 792 1189 Χριστὸς,
829 1124 1024 1191 θεῖκῶς
1057 1127 1155 1198 μὲν
1186 1129 1423 1201 ἀπαθὴς,
1448 1130 1685 1201 παθητὸς

113 1195 172 1249 δὲ
198 1200 342 1254 κατὰ
376 1202 472 1255 τὶκν
502 1205 698 1276 σάρκα.

116 1476 239 1533 Ὅτι
273 1483 309 1535 ὁ
342 1483 445 1538 τοῦ
470 1488 725 1555 Χριστοῦ
752 1491 1005 1563 θάνατος
1036 1497 1113 1563 τῷ
1144 1500 1345 1570 κόσμῳ
1377 1503 1684 1574 σωτήριος.

321 1599 417 1656 Ἐκ
454 1603 559 1659 τοῦ
596 1608 747 1663 κατὰ
786 1610 1062 1682 Ἰωάννην
1100 1617 1491 1687 Εὐατγελίου.

203 1706 219 1741 ¹
239 1710 428 1804 Ταῦτα
452 1716 549 1771 οὐκ
572 1718 814 1787 ἔγνωσαν
839 1723 887 1776 οἱ
915 1725 1152 1797 μαθηταὶ
1179 1728 1343 1783 αὑτοῦ
1367 1730 1427 1784 τὸ
1454 1732 1685 1804 πρῶτονο

114 1800 231 1855 ἀλλ’
262 1803 351 1893 ὅτε
405 1807 664 1881 ἐδοξάσθη
718 1815 746 1866 6
787 1814 1013 1885 Ἰησοῦς,
1044 1818 1165 1872 τότε
1211 1800 1559 1893 ἐμνήσθησαν
1608 1827 1697 1880 ὅτι

1788 688 1903 732 stus
1934 678 2002 731 sit
2039 691 2196 732 verus
2232 676 2393 737 Deus,
2444 684 2589 728 recte
2631 674 3008 744 sapienterque
3041 675 3343 744 discipulus

1788 784 1950 824 carne
1981 769 2125 822 illum
2154 782 2365 836 passum
2390 764 2639 820 aﬂirmat.
2675 764 2785 820 Hac
2818 764 2962 819 enim
3002 765 3211 819 ratione
3247 782 3345 818 na-

1790 870 1963 913 turam
1994 859 2135 915 illam
2170 859 2510 918 immensam,
2544 855 2593 909 in
2627 870 2731 925 qua
2770 854 2914 908 nulla
2951 856 3228 924 perpessio
3254 870 3344 908 ca-

1787 949 1885 1012 dit,
1916 947 1982 1001 ub
2009 947 2153 1002 omni
2198 946 2543 1016 perpessionc
2571 944 2780 999 eximit.
2835 942 2943 998 Sua
2978 945 3139 1014 igitur
3177 959 3343 999 carne

1788 1054 1979 1108 passus
2029 1048 2130 1103 est,
2165 1053 2473 1107 quanquam
2520 1036 2612 1092 Dei
2663 1034 2896 1091 Verbum
2948 1037 3243 1091 secundum
3290 1051 3346 1089 se

1789 1130 1992 1185 nullius
2052 1128 2415 1199 perpessionis
2454 1142 2621 1197 capax
2674 1136 2777 1181 est.
2830 1126 3083 1181 Christus
3126 1126 3351 1197 proinde

1791 1222 1931 1275 Deus
1985 1232 2110 1284 est,
2182 1220 2530 1288 impassihilis
2584 1219 2799 1287 quidem
2843 1217 3140 1272 secundum
3205 1216 3347 1271 divi-

1792 1327 1917 1367 nam
1952 1322 2237 1375 naturam;
2281 1310 2576 1364 secundum
2626 1310 2912 1363 humanam
2963 1319 3141 1363 autem
3176 1309 3352 1377 passi-

1791 1403 1930 1457 bilis.

2021 1514 2173 1580 Quod
2210 1513 2403 1569 Christi
2442 1529 2581 1567 mors
2611 1512 2801 1567 mundo
2844 1512 3118 1568 salutaris.

2054 1627 2135 1680 Et:
2167 1625 2451 1695 Evangelia
2484 1627 2774 1679 secundum
2805 1624 3093 1679 Joannem.

1869 1758 1897 1792 ι.
1927 1739 2052 1795 llaac
2092 1755 2195 1794 non
2230 1748 2607 1810 cognoverunt
2639 1736 2888 1806 discipuli
2924 1735 3043 1805 ejus
3076 1735 3309 1807 primum
3337 1753 3350 1789 :

1792 1833 1888 1886 sed
1929 1831 2146 1901 quando
2200 1830 2529 1901 gloriﬁcatus
2572 1839 2655 1885 est
2694 1828 2872 1894 Jesus,
2917 1837 3045 1885 tunc
3093 1828 3353 1884 recordati

114 1894 290 1993 ταῦτα
448 1899 538 1993 ἐπ’
570 1901 717 1973 αὐτῷ
761 1908 1141 1978 γεγραμμένα.
1174 1928 1192 1961 a
1224 1891 1557 1969 Καὶ-πάλιν
1592 1934 1611 1969 c
1636 1917 1695 1973 Ὀ

1800 1932 1945 1989 sunt,
1978 1922 2103 1993 quia
2133 1924 2245 1977 haec
2272 1923 2486 1979 fuerant
2511 1922 2711 1990 scripta
2744 1921 2808 1976 de
2832 1933 2897 1975 eo
2926 1918 2997 1986 ⁸⁸;
3042 1936 3061 1970 ›
3099 1928 3154 1973 et
3185 1917 3353 1973 infra:

114 1982 170 2083 δὲ
217 1985 433 2083 Ἰησοῦς
474 1992 823 2083 ἀποκρίνεται
854 1997 1035 2061 αὐτοῖς
1076 2000 1284 2069 λέγων’
1330 2004 1612 2076 Ἐλήλυθεν
1660 2010 1693 2080 ὴ

1802 2033 1819 2067 c
1853 2013 2009 2070 Jesus
2028 2024 2208 2068 autem
2239 2014 2528 2083 respondet
2553 2012 2654 2073 eis,
2682 2012 2908 2077 dicens;
2934 2008 3095 2065 Venit
3120 2011 3273 2073 hora,
3297 2016 3355 2064 ut

114 2072 255 2171 c'bpa,
294 2077 381 2171 ῖνα
412 2079 639 2154 δοξασθῇ
670 2085 699 2137 δ
723 2085 851 2150 Υίδς
877 2087 967 2140 τοῦ
1001 2072 1519 2166 ἀνθρώπουωιιμῆν,
1550 2072 1694 2171 ἀμὴν

116 2164 272 2263 λέγω
295 2169 324 2220 ὑ
332 2171 446 2263 μῖν,
478 2172 573 2226 ἐὰν
607 2175 682 2246 μὴ
706 2175 735 2228 ὁ
763 2177 961 2243 κόκκος
990 2179 1083 2233 τοῦ
1110 2182 1257 2236 σίτου
1288 2164 1469 2241 πεσὼν
1492 2188 1572 2252 είς
1590 2164 1695 2263 ⁷τήν

116 2258 219 2327 γῆν
250 2260 520 2354 (emam,
550 2265 714 2332 αὐτὸς
761 2269 920 2339 μόνος
958 2272 1274 2342 μένειο-ὲάν
1317 2277 1375 2331 δὲ
1425 2258 1693 2354 ἀποθάνγι,

117 2348 334 2442 καρπδν
364 2352 584 2408 πλείονα
614 2356 795 2428 φέρει.
830 2380 850 2413 ι
880 2362 1036 2416 Ἔστι
1080 2364 1138 2418 δὲ
1187 2366 1287 2421 οὐκ
1325 2348 1694 2442 ἀμφίλογον

116 2436 211 2532 δτι
232 2440 504 2496 σέσωσται
532 2446 641 2509 πᾶς
664 2448 692 2500 6
721 2447 940 2519 κόσμος,
969 2451 1333 2521 ἀποθανόντος
1354 2436 1494 2532 ῦπὲρ
1530 2436 1697 2517 αὑτοῦ

118 2527 212 2581 τοῦ
256 2532 625 2607 Ἐμμανουήλ.
655 2536 799 2610 Πλὴν
842 2541 1015 2596 ἐκεῖνο
1054 2543 1306 2618 λέγομενο
1337 2527 1473 2614 Πῶς*
1494 2554 1699 2609 ἀποθα-

118 2618 227 2716 νςυν
249 2621 550 2716 ἐδοξάσθτυ
605 2628 783 2684 καίτοι
817 2633 1019 2700 μᾶλλον
1050 2636 1239 2708 μῶμον
1268 2641 1552 2708 ἀσθενείας
1585 2646 1697 2716 ἔχει

117 2707 178 2763 τὸ
209 2714 405 2804 χρῆμα
428 2731 440 2746 ·
470 2717 593 2771 ὅθεν
622 2722 716 2774 καὶ
742 2724 1003 2795 αἰσχύνης
1026 2732 1430 2803 καταφρονῆσαι
1459 2707 1696 2804 λέγεται,

120 2802 371 2900 γεγονως
706 2812 866 2883 μέχρι
917 2816 1165 2875 θανάτου.
1204 2802 1343 2875 Ἀλλ⁴
1377 2825 1505 2890 ἴσως
1532 2802 1700 2900 ipsi,-

117 2892 437 2987 δεδοξασθαι
459 2896 547 2953 διὰ
568 2899 669 2970 τὴν
691 2903 985 2959 ἀνάστασιν
1013 2908 1196 2964 αὐτόν.
1214 2912 1417 2985 Ὀρθῶς
1443 2892 1698 2987 ἔχειίκαὶ

121 2983 333 3084 ἀληθὴς
364 2987 407 3084 ’ὁ
457 2987 882 3084 λόγοςξΑρὶοῦν
924 2998 1122 3053 ἀνεϐίω
1166 2983 1360 3068 θεῖκῶς
1410 2983 1627 3076 μαλλον,
1664 3013 1696 3084 ἢ

121 3074 517 3146 ἀνθρωπίνως;
552 3082 717 3151 Ἀλλ’,
744 3081 915 3155 οἶμαι,
938 3087 1327 3155 θεῖνῶς.”οταν
1357 3074 1450 3150 οῦν
1477 3100 1640 3165 αὐτὸς

122 3169 356 3264 ὲκΔΘεοῦ
382 3173 554 3243 Λόγος
578 3178 742 3246 σαρκὶ
786 3179 1009 3252 λέγηται
1060 3185 1271 3251 παθεῖν,
1309 3187 1385 3261 μὴ
1430 3193 1695 3264 αίσχυνώο

1794 2102 2121 2159 clarificetur
2147 2103 2320 2164 Filius
2348 2101 2605 2158 hominis.
2625 2103 2821 2165 Amen,
2855 2114 3011 2155 amen
3038 2100 3158 2155 dico
3184 2101 3357 2165 vobis,

1796 2194 1900 2248 nisi
1931 2208 2157 2264 granum
2192 2191 2696 2249 frumenti-cadens
2739 2192 2791 2245 in
2837 2199 3042 2245 terram
3078 2201 3354 2244 mortuum

1797 2284 1974 2349 fuerit,
2022 2286 2195 2354 ipsum
2250 2284 2421 2340 solum
2469 2291 2702 2336 manet:
2753 2282 2797 2334 si
2848 2293 3026 2335 autem
3084 2291 3352 2335 mortuum

1797 2375 1982 2437 fuerit,
2032 2374 2255 2429 multum
2302 2374 2535 2427 fructum
2595 2370 2753 2425 aﬂ'ert
2775 2368 2843 2423 “.
2886 2389 2903 2423 ι
2947 2370 3088 2426 Nulli
3140 2370 3357 2425 dubium

1795 2473 1880 2520 est
1940 2464 2256 2520 universum
2307 2463 2586 2528 mundum,
2633 2460 2983 2515 Emmanuele
3026 2470 3252 2515 mortem
3295 2459 3358 2511 il-

1798 2555 1902 2612 lius
1920 2570 2082 2612 causa
2107 2554 2431 2619 sustinente,
2448 2562 2722 2609 servatum
2745 2566 2889 2608 esse.
2914 2554 2983 2606 At
3004 2550 3126 2620 iure
3147 2551 3359 2605 interim

1798 2649 1963 2718 quaeri
2001 2654 2178 2717 potest
2224 2649 2495 2716 quomodo
2560 2643 2787 2713 gloriam
2833 2657 2930 2714 per
2964 2653 3189 2699 mortem
3228 2656 3358 2695 εοιι-Δ

1798 2750 2013 2793 secutus
2042 2737 2221 2804 fuerit,
2248 2753 2365 2793 cum
2388 2752 2451 2792 ea
2479 2752 2564 2791 res
2590 2744 2789 2806 apertae
2817 2735 3094 2804 cujusdam
3126 2732 3354 2788 inlirmi-

1800 2833 1929 2886 tatis
1968 2844 2090 2885 esse
2139 2830 2431 2884 videatur:
2476 2830 2617 2882 unde
2658 2829 2821 2883 etiam
2863 2835 3170 2896 contempta
3207 2827 3361 2897 igno-

1801 2917 1965 2971 minia
1997 2918 2041 2951 ⁸τ
2066 2917 2133 2972 ad
2160 2927 2389 2972 mortem
2419 2932 2589 2987 usque
2607 2917 2866 2972 obediens
2894 2916 3059 2972 fuisse
3083 2914 3357 2987 legitur".

1802 3008 1958 3065 Dices
1991 3010 2175 3066 forsan
2214 3010 2361 3066 illum
2395 3024 2491 3080 per
2521 3009 2973 3065 resurrectionem
3004 3008 3361 3079 gloriﬁcatuin

1800 3116 1946 3157 csse.
1980 3102 2168 3167 Recte,
2199 3102 2456 3171 inquam;
2487 3115 2611 3155 vera
2653 3099 2801 3154 enim
2826 3109 2911 3154 est
2952 3099 3065 3155 haec
3099 3097 3361 3153 doctrina.

1804 3194 1910 3248 Sed
1942 3194 2193 3248 divinane
2222 3192 2678 3258 virtutorevixit,
2723 3207 2791 3246 an
2823 3191 3089 3245 humana?
3117 3188 3366 3243 Arbitror

126 3258 269 3355 μεθα
304 3260 365 3313 τὸ
379 3264 592 3355 Απάθοςο
617 3268 777 3336 δόξαν
827 3271 939 3343 γὰρ
981 3272 1093 3345 ἔχει
1134 3276 1195 3330 τὺ
1222 3258 1393 3345 τέλος,
1421 3258 1696 3340 καὶ-τοῦτο

1807 3285 2101 3355 equidem,
2150 3285 2352 3339 divina.
2395 3284 2530 3339 Cum
2581 3284 2756 3352 ipsum
2814 3296 2943 3353 ergo
2988 3281 3081 3336 Dei
3134 3281 3363 3335 Verbum

124 3350 430 3422 θεοπρεπῆ.

162 3658 297 3713 ’θη
336 3653 425 3729 εἷς
471 3664 602 3732 Υἱὸς
638 3667 673 3719 (Ξ
712 3665 1145 3809 τοξίρῗέιέιέςκαι
1178 3676 1393 3745 Κύριος
1431 3680 1665 3751 Ἰησοῦς

517 3844 615 3897 Ἐκ
653 3846 764 3915 τῆς
802 3849 951 3917 πρὸς
986 3850 1323 3922 Ῥωμαίους.

202 3953 365 4045 c:Ap‘
399 3948 493 4007 οὖν
538 3956 702 4022 αὐτὸς
751 3961 860 4030 ἐγὼ
891 3962 969 4035 τῷ
1003 3964 1103 4035 μὲν
1149 3967 1227 4021 νοῒ
1274 3969 1507 4024 δουλεύω
1555 3973 1703 4045 νόμῳ

127 4040 289 4109 Θεοῦ,
316 4047 383 4115 τῇ
411 4044 471 4099 δὲ
504 4049 666 4118 σαρκὶ
689 4052 838 4125 νόμῳ
866 4054 1159 4127 ἁμαρτίας.
1188 4061 1355 4125 οὐδὲν
1383 4062 1491 4133 ἄρα
1533 4040 1705 4121 acacia;

130 4151 308 4205 κριμα
332 4135 446 4195 τοῖς
468 4135 525 4188 ἐν
551 4138 774 4211 Χριστῷ
806 4143 1076 4223 ἸησοῦεὈ
1100 4147 1209 4219 γὰρ
1235 4149 1396 4219 νόμος
1416 4152 1510 4205 τοῦ
1534 4156 1705 4209 Πνεύ-

133 4242 305 4294 ματος
338 4224 440 4317 ,τῆς
457 4224 623 4297 ζωῆς,
661 4232 1003 4309 ὴλευθέρωσέ
1040 4255 1106 4308 με
1138 4239 1246 4293 ἀπὸ
1277 4241 1372 4295 τοῦ
1408 4244 1572 4315 νόμου
1605 4248 1705 4317 τῆς

131 4316 408 4403 ἁμαρτίας
435 4317 529 4370 καὶ
560 4319 652 4373 τοῦ
682 4322 931 4381 θανάτου.
960 4329 1033 4381 Τὸ
1066 4330 1174 4403 γὰρ
1208 4330 1466 4387 ἀδύνατον
1499 4334 1593 4388 τοῦ
1620 4316 1706 4391 v6-

134 4426 259 4478 μου,
296 4409 354 4459 ὲν
373 4402 417 4475 ᾧ
448 4407 663 4477 ἠσθένει
694 4412 782 4467 διὰ
812 4416 911 4486 τῆς
937 4402 1153 4489 σαρκὸς,
1185 4420 1213 4471 6
1241 4419 1373 4482 Θεὸς
1400 4420 1490 4473 τὸν
1512 4423 1703 4476 ἑαυτοῦ

132 4497 261 4550 Υὶὺν
310 4495 532 4566 πέμψας
581 4499 638 4551 ὲν
685 4502 990 4575 ὁμοιώματι
1041 4508 1240 4580 σαρκὸς
1286 4510 1577 4582 ἁμαρτίας,
1612 4517 1704 4567 καὶ

1805 3389 1969 3428 carne
2009 3389 2223 3444 passum
2272 3374 2490 3435 dicitur,
2533 3373 2679 3426 nullo
2724 3373 2927 3441 pudore
2973 3369 3365 3426 sul'l'undamnr.

1802 3464 2039 3520 Gloriam
2070 3464 2233 3527 enim,
2261 3478 2491 3535 eamque
2526 3463 2635 3519 Deo
2662 3462 3253 3526 convenientissimum,
3294 3456 3368 3513 rei

1800 3556 1977 3613 exitus
2004 3557 2250 3611 sortitur.

1807 3668 1962 3739 103
1997 3667 2149 3733 Quod
2185 3684 2318 3727 unus
2373 3666 2784 3790 ιὶἶέὶςὶιιῗίιὶια
2823 3677 2873 3721 ει
2916 3666 3171 3721 Dominus
3214 3664 3369 3718 Jesns

2509 3753 2578 3790 ris
2608 3754 2687 3790 us.

2509 3753 2687 3792 rrstus.

2207 3850 2297 3903 lix.
2324 3848 2561 3919 Epistola
2598 3849 2667 3904 ad
2701 3848 2987 3905 Romanos.

1880 3984 1897 4015 ‹
1935 3962 2103 4032 igitur
2146 3978 2245 4034 ego
2286 3963 2399 4033 ipse
2449 3970 2633 4018 mente
2689 3963 2867 4018 servio
2898 3962 2999 4032 legi
3047 3960 3161 4029 Dei,
3207 3971 3375 4014 carne

1808 4062 1987 4107 autem
2029 4053 2132 4121 legi
2169 4054 2397 4121 peccati.
2448 4052 2591 4106 Nihil
2636 4067 2768 4124 ergo
2820 4067 2962 4108 nunc
3009 4048 3369 4107 damnationis

1805 4155 1887 4201 est
1934 4145 2001 4199 iis
2049 4146 2137 4214 qui
2174 4154 2300 4199 sunt
2332 4146 2383 4199 in
2408 4143 2628 4199 Christo
2664 4145 2813 4211 Jesu,
2840 4145 2929 4214 qui
2954 4158 3057 4199 non
3084 4140 3369 4199 secundum

1806 4249 2020 4290 carnem
2055 4233 2347 4288 ambulant.
2379 4233 2486 4288 Lex
2522 4234 2665 4289 enim
2698 4232 2933 4304 Spiritus
2964 4234 3085 4288 vitae
3127 4235 3178 4287 in
3210 4227 3364 4283 Chri-

1807 4332 1890 4381 sto
1919 4323 2048 4380 Jesu
2078 4325 2326 4380 liberavit
2353 4340 2437 4380 me
2460 4340 2490 4379 a
2525 4325 2640 4393 lege
2668 4325 2872 4393 peccati
2902 4334 2956 4378 et
2991 4322 3201 4379 mortis.
3236 4314 3367 4372 Nam

1806 4418 1949 4485 quod
1985 4416 2317 4485 impossibile
2342 4424 2459 4469 erat
2489 4415 2616 4483 legi,
2653 4416 2704 4467 in
2738 4429 2845 4483 quo
2878 4412 3255 4469 inlirmabatur
3279 4418 3373 4473 per

1809 4522 2052 4571 carnem,
2088 4507 2226 4562 Deus
2271 4504 2468 4559 Filium
2511 4519 2669 4559 suum
2715 4503 2938 4559 mittens
2980 4504 3034 4558 in
3071 4496 3371 4558 similitudi-

132 4589 263 4661 περὶ
292 4587 591 4681 ἀμαρτίας,
624 4592 910 4665 κατέκρινε
955 4598 1054 4670 τὴν
1099 4601 1371 4672 ἁμαρτίαν
1414 4602 1473 4655 ἐν
1522 4606 1696 4677 σαρκὶ,

1813 4614 1931 4653 nem
1962 4598 2140 4651 carnis
2177 4596 2405 4667 peccati,
2438 4604 2490 4649 et
2521 4596 2586 4650 de
2613 4605 2843 4665 peccato
2878 4594 3150 4651 damnavit
3172 4600 3365 4659 pecca-

132 4681 217 4734 ῑυα
252 4679 318 4733 τὸ
348 4678 621 4749 δικαίωμα
666 4681 760 4735 τοῦ
803 4686 966 4758 νόμου
1015 4691 1274 4765 πληρωθῇ
1305 4695 1362 4746 ἐν
1404 4695 1557 4764 ἡμῖν,
1591 4697 1703 4760 τοῖς

135 4772 209 4844 μὴ
245 4769 394 4826 κατά
427 4770 603 4842 σάρκα
632 4776 1046 4847 περιπατοῦσιν,
1078 4784 1215 4838 ἀλλά
1247 4785 1389 4840 κατὰ
1416 4785 1650 4857 πνεῦμα.
1679 4806 1696 4836 ι

132 4865 412 4935 Μάχονται
460 4862 558 4934 μὲν
595 4862 702 4935 γὰρ
742 4864 1185 4940 ὁμολογουμένως
1224 4876 1529 4948 ἀλλήλοιςή
1566 4876 1700 4947 σὰρξ

134 4956 227 5008 καὶ
250 4955 314 5009 τὸ
341 4954 577 5027 πνεῦμα,
602 4955 845 5015 τουτέστι
873 4958 933 5010 τὸ
961 4961 1212 5033 φρόνημα
1240 4966 1303 5020 τὸ
1322 4969 1584 5039 ⁴σαρκικδν
1608 4970 1702 5021 καὶ

134 5046 244 5099 τῶν
275 5046 532 5116 ἐμφύτων
562 5048 691 5119 ἡμῖν
718 5045 919 5117 ἡδονῶν
944 5047 1004 5100 τὸ
1037 5050 1260 5122 κίνημα,
1296 5058 1388 5111 καὶ
1429 5058 1527 5129 τῆς
1566 5058 1706 5111 κατά

134 5134 196 5187 τὸ
241 5134 469 5205 Πνεῦμα
512 5135 658 5207 ζωῆς
689 5138 720 5205 ἡ
747 5134 992 5204 δύναμις.
1019 5136 1139 5191 Κᾶν
1170 5142 1199 5193 6
1226 5141 1365 5207 θεῖος
1396 5146 1545 5216 ἡμᾶς
1573 5145 1709 5200 ἀπο-

136 5224 280 5297 φέρῃ
324 5224 487 5294 νόμος
519 5229 597 5291 εῖς
623 5245 685 5297 γε
710 5228 770 5281 τδ
796 5225 902 5280 δεῖν
932 5224 1146 5281 ἑλέσθαι
1190 5229 1250 5283 τὸ
1279 5234 1502 5301 ἀγαθὸν,
1532 5235 1643 5289 ἀλλ’
1671 5238 1703 5304 ἡ

134 5313 233 5383 τῆς
269 5314 472 5383 σαρκὸς
498 5316 758 5389 ἐπιθυμία
789 5316 1171 5381 καταϐιάζεται
1192 5322 1327 5391 πρὸς
1354 5327 1413 5378 τὸ
1442 5326 1699 5380 ἐναντίον.

204 5466 253 5501 ⁸³
286 5467 303 5517 l
342 5466 483 5521 Pelr.
513 5484 586 5533 tv,
620 5472 665 5526 l.
740 5474 785 5505 ⁸³
810 5472 964 5526 Joan.
999 5487 1094 5534 xu,
1126 5471 1208 5524 l6.

137 5534 245 5601 $5;
282 5550 393 5596 VIII,
431 5540 544 5591 1-6.

1289 5475 1333 5507 εδ
1360 5477 1492 5530 ihid.
1524 5480 1613 5542 at,
1646 5478 1735 5530 εδ.

1812 4700 1922 4745 tum
1956 4690 2008 4743 in
2040 4704 2229 4753 carne,
2261 4698 2316 4743 ut
2338 4686 2659 4757 justiﬁeatio
2694 4688 2827 4759 legis
2861 4687 3177 4756 impleretur
3204 4681 3255 4736 in
3286 4694 3373 4734 no-

1818 4779 1947 4845 bis,,
1976 4780 2067 4861 qui
2118 4794 2225 4833 non
2268 4780 2568 4835 secundum
2608 4795 2827 4835 carnem
2877 4776 3236 4838 ambulamus,
3279 4776 3373 4827 sed

1808 4871 2104 4930 scaundum
2141 4870 2391 4942 spiritum
2421 4871 2490 4925 ".
2524 4890 2541 4923 ι
2584 4871 2898 4938 Depugnant
2932 4879 3162 4933 namque
3186 4874 3367 4933 aperto

1810 4963 1956 5019 inter
1985 4979 2045 5020 se
2074 4975 2250 5020 marte
2272 4981 2401 5019 caro
2431 4973 2483 5017 et
2512 4962 2752 5030 spiritus,
2787 4963 2883 5010 hoc
2916 4966 2999 5011 est
3026 4971 3223 5011 sensus
3252 4972 3372 5009 car-

1809 5055 1893 5109 uis
1941 5055 2336 5124 iusitarumque
2368 5053 2521 5107 nobis
2546 5050 2919 5102 illecebrarum
2950 5054 3149 5110 motus,
3177 5054 3229 5098 et
3262 5046 3371 5111 spi-

1812 5147 1987 5201 ritalis
2021 5149 2147 5201 vitae
2189 5145 2431 5200 facultas.
2462 5141 2592 5195 Nam
2626 5138 2729 5194 ctsi
2776 5138 2953 5191 divina
3002 5138 3083 5190 lex
3137 5136 3202 5189 ad
3246 5135 3367 5187 boni

1811 5237 2155 5305 cupiditatem
2188 5250 2286 5290 nos
2314 5233 2525 5297 invitet,
2552 5234 2733 5286 carnis
2762 5242 2939 5284 tamen
2973 5228 3368 5293 concupiscen-

1812 5327 1879 5378 tia
1915 5327 1981 5379 ad
2015 5326 2347 5380 contrarium
2376 5332 2549 5391 urget.
2585 5324 2651 5375 At
2676 5324 2787 5375 hmc
2818 5322 2928 5374 rixa
2955 5334 3049 5387 per
3082 5315 3359 5369 Christum

1848 5478 1890 5507 '"
1925 5477 2086 5531 llebr.
2118 5491 2213 5537 xu,
2248 5474 2303 5532 2.
2416 5476 2460 5505 ⁸⁸
2491 5474 2714 5543 Philipp.
2747 5488 2803 5535 ιι,
2836 5470 2886 5522 8.
3010 5467 3055 5499 ⁸’
3081 5466 3232 5522 Rom.
3268 5481 3363 5527 ut.

1199 5688 1368 5745 Varia:
1396 5693 1654 5753 lectiones
1677 5696 1873 5751 codicis
1906 5696 2258 5763 Seguicriani.

217 5831 242 5862 ⁸
275 5819 594 5889 ἀμφίῦολον.
