4090 6490
739 408 878 464 1299

1690 410 1751 465 S.
1793 410 2063 466 CYRILLI
2106 412 2572 469 ALEXANDRINI
2612 411 2930 469 ARCHIEP.

3866 409 3893 462 1
3906 409 3999 461 5υῦ

737 541 877 579 nunc
903 525 1114 580 demum
1133 526 1399 597 dirempta
1419 536 1504 583 est
1532 545 1548 583 :
1580 530 2041 600 quandoquidem,
2086 531 2293 599 peccati

2418 531 2629 585 mum
2656 531 2713 585 δὲ
2741 531 2835 585 νῦν
2861 532 2918 584 ὲν
2947 528 3165 601 Χριστῷ
3205 528 3265 580 τδ
3311 525 3700 590 άντιστατοῦν,
3739 523 3851 575 καὶ
3892 522 4009 588 ἠτό-

736 619 852 688 lege
876 634 968 685 per
995 618 1142 672 illum
1174 618 1520 685 labefactata,
1548 620 1635 675 lex
1684 619 1923 691 Spiritus
1952 636 2172 690 regnum
2198 622 2297 675 oh-

740 710 892 765 tinet.
920 709 1031 777 Qua
1061 710 1205 765 istud
1227 723 1407 766 autem
1432 713 1497 766 de
1528 714 1732 769 causa?
1763 731 1781 764 ι
1810 712 1954 768 Misit
1982 715 2125 767 enim
2159 714 2300 768 Deus

736 800 929 854 Filium
983 816 1140 855 suum
1193 802 1246 856 in
1291 803 1701 859 similitudinem
1737 803 1918 858 carnis
1957 804 2193 872 peccati,
2242 812 2302 857 ut

739 902 1018 958 peccatum
1057 893 1379 948 condemnet
1423 893 1475 947 in
1511 910 1675 947 carne
1704 894 1774 948 °°.
1815 913 1832 945 ι
1868 894 1967 959 Qui
2014 909 2143 964 ergo
2187 893 2300 948 ﬁeri

740 990 921 1049 potest
987 992 1044 1035 ut
1077 981 1235 1038 Verbi
1276 985 1574 1039 incarnatio
1624 1000 1726 1039 non
1770 984 1936 1039 fuerit
1971 999 2180 1041 summe
2211 1000 2304 1038 ne-

739 1074 1023 1128 cessaria?
1067 1076 1173 1129 Per
1224 1076 1363 1130 hanc
1412 1091 1647 1145 namque
1700 1085 1982 1146 peccatum
2031 1076 2084 1130 in
2139 1088 2303 1129 carne

738 1168 900 1220 etiam
942 1177 1125 1222 nostra
1172 1168 1591 1224 condemnatum
1641 1168 1929 1234 est.,Qttod
1969 1168 2015 1223 si
2071 1166 2301 1222 Verbum

740 1274 868 1312 caro
895 1258 1095 1314 factum
1130 1275 1233 1315 non
1265 1271 1368 1324 est,
1401 1275 1491 1314 res
1518 1271 1716 1315 nostra!
1746 1260 1966 1313 omnino
2020 1268 2306 1330 prostrata:

748 1354 1209 1421 inemendatchue
1254 1362 1607 1419 manserunt;
1660 1362 1819 1423 atque
1883 1352 2015 1407 adeo
2062 1367 2155 1421 per
2187 1367 2306 1405 car-

741 1458 865 1497 nem
896 1443 995 1514 legi
1033 1445 1238 1512 peccati
1266 1445 1557 1508 servimus,
1588 1444 1732 1498 nullo
1778 1446 1830 1498 in
1861 1444 2019 1497 nobis
2046 1444 2304 1512 impetum

741 1534 886 1588 illius
978 1537 1299 1589 retundente
1375 1545 1469 1592 aut
1543 1534 1876 1590 reirenantc.
1930 1532 2304 1588 Necessarium

742 1627 968 1694 proinde
1000 1628 1275 1687 exstitisse
1293 1627 1524 1682 dicimus
1548 1627 1946 1697 hypostaticam
1980 1623 2161 1685 carnis
2185 1640 2307 1679 cum

747 1716 920 1772 Verbo
948 1719 1200 1773 unionem
1224 1734 1238 1781 ;
1282 1734 1384 1773 non
1412 1732 1762 1787 personarum
1790 1720 1930 1769 inter
1952 1730 2009 1769 se
2036 1715 2307 1784 copulam.

743 1817 836 1861 aut
880 1808 1049 1863 solam
1104 1808 1436 1863 voluntatum
1500 1807 1845 1861 concordiam
1901 1815 1953 1860 et
2007 1804 2305 1874 simplicem

742 1898 1201 1967 coniunctionem,
1233 1913 1394 1968 quam
1427 1899 1646 1968 quidam
1686 1906 1948 1953 statuunt.

819 2011 836 2042 ι
874 1990 1011 2056 Quid
1045 2005 1173 2058 ergo
1205 1990 1444 2045 dicemus
1490 1990 1557 2044 ad
1602 1990 1760 2045 haec?
1797 1987 1854 2043 Si
1893 1987 2037 2043 Deus
2077 2002 2173 2057 pro
2208 2001 2307 2041 no-

741 2082 850 2145 bis,
878 2081 1000 2150 quis
1029 2090 1221 2135 contra
1253 2081 1387 2136 nos?
1416 2079 1517 2154 Qui
1550 2080 1713 2134 etiam
1758 2078 1977 2150 proprio
2012 2076 2148 2132 Filio
2202 2092 2305 2131 non

739 2174 1002 2242 pepercit,
1049 2173 1141 2228 sed
1199 2187 1294 2242 pro
1345 2172 1500 2226 nobis
1549 2171 1798 2224 omnibus
1848 2170 2066 2225 tradidit
2115 2167 2307 2233 illum;

741 2263 1011 2327 quomodo
1069 2277 1174 2316 non
1207 2262 1370 2315 etiam
1411 2275 1534 2315 eum
1590 2260 1679 2313 illo
1715 2259 1892 2312 omnia
1943 2259 2097 2312 nobis
2143 2258 2308 2311 dona-

739 2351 817 2403 vit
853 2350 942 2403 9“l
993 2369 1012 2402 ι
1052 2348 1107 2404 Si
1157 2351 1297 2410 Deus
1354 2349 1516 2404 Pater
1563 2349 1838 2419 proprium
1888 2346 2126 2411 Filium,
2155 2344 2305 2398 illum

741 2443 916 2505 ipsum
947 2441 1202 2494 nimirum
1229 2442 1321 2510 qui
1352 2456 1419 2495 ex
1466 2440 1610 2494 illius
1637 2437 1941 2494 substantia
1990 2447 2143 2491 ortus
2183 2446 2267 2492 est
2290 2477 2306 2502 ,

745 2532 903 2603 104
946 2547 1043 2602 pro
1078 2534 1231 2585 nobis
1263 2534 1498 2598 donavit,
1568 2549 1695 2604 ergo
1744 2549 1939 2603 corpus
1979 2535 2122 2603 quod
2172 2546 2311 2585 mor-

744 2637 850 2674 tem
891 2623 1170 2687 sustinuit,
1203 2622 1477 2691 proprium
1532 2622 1673 2675 illius
1705 2634 1843 2687 erat,
1878 2624 1968 2692 qui
2008 2621 2307 2677 secundum

742 2725 957 2764 carnem
1020 2726 1211 2780 passus
1259 2721 1343 2765 est
1376 2719 1520 2780 (nam
1560 2712 1853 2765 secundum
1901 2699 2196 2765 divinitatis
2221 2725 2311 2764 na-

744 2813 917 2854 turum
950 2803 1057 2872 pati
1088 2818 1191 2856 non
1226 2803 1493 2871 poterat);
1525 2803 1596 2855 ita
1629 2803 1771 2855 enim
1796 2804 1883 2869 qui
1919 2803 2211 2856 secundum
2251 2816 2310 2856 se

742 2894 856 2960 pati
886 2896 1104 2964 nequit,
1152 2895 1547 2963 dispensatorie
1608 2903 1833 2947 mortem
1871 2905 2160 2961 perpessus
2203 2900 2307 2946 est.

744 2983 979 3038 Proinde
1020 2988 1108 3053 qui
1153 3002 1314 3039 unum
1351 2987 1403 3039 in
1438 2986 1575 3040 duos
1611 2985 1957 3055 dispertiunt,
1986 2994 2173 3052 aperte
2207 2984 2311 3037 im-

746 3075 959 3145 pietatis
984 3076 1215 3129 crimine
1261 3091 1378 3130 sese
1410 3077 1828 3145 constringunt:
1867 3074 2308 3145 quandoquidem

2402 639 2532 694 νησε
2568 624 2667 695 μὲν
2699 623 2800 693 τῆς
2830 622 3102 693 ἁμαρτίας
3130 622 3158 674 6
3180 620 3362 690 νόμος,
3396 618 3725 689 κεκράτηκε
3754 616 3823 668 δὲ
3861 617 3892 668 ό
3921 613 4010 665 τοῦ

2403 715 2741 786 Ηνεύματος.
2775 714 2875 766 Διὰ
2902 715 3061 767 ποίαν
3090 712 3300 777 αἰτίαν;
3326 732 3344 762 ι
3373 711 3650 779 Πέπομφε
3678 708 3798 777 γὰρ
3828 708 3861 758 ὁ
3884 706 4011 767 Θεκ

2402 809 2493 863 τὸν
2522 807 2717 861 ἑαυτοῦ
2744 807 2872 861 Υίὸν
2894 808 2950 860 ὲν
2982 806 3288 875 ὁμοιώματι
3324 804 3531 875 σαρκὸς
3566 802 3898 871 ἁμαρτίας,
3935 800 4014 849 ἵνα

2406 899 2706 971 κατακρίνῃ
2727 898 2825 970 τὴν
2854 898 3121 968 ἁμαρτίαν
3151 898 3207 949 ὲν
3234 898 3300 967 τῇ
3337 894 3521 965 σαρκί.
3549 913 3566 945 ι
3590 888 3758 954 Εἶτα,
3794 890 3927 951 πῶς
3958 891 4011 939 c;

2404 988 2803 1062 χρειωδεστάτη
2837 988 2955 1041 λίαν
2986 990 3018 1059 ἡ
3052 987 3144 1041 τοῦ
3175 986 3347 1056 Λόγου
3377 987 3698 1057 σάρκωσιςς
3740 982 4009 1035 Κατακέ-

2406 1100 2591 1153 κριται
2615 1081 2725 1152 γὰρ
2754 1080 2895 1134 οὕτω
2924 1082 3017 1133 καὶ
3056 1083 3113 1132 ὲν
3144 1082 3210 1151 τῇ
3244 1079 3405 1149 σαρκὶ
3447 1078 3606 1147 ἡμῶν
3637 1079 3673 1146 ἡ
3712 1073 4009 1145 ἁμαρτία.

2406 1175 2470 1229 Et
2500 1175 2556 1227 δὲ
2585 1173 2643 1226 οὗ
2682 1172 2872 1241 γέγονε
2906 1172 3040 1241 σάρξ
3072 1174 3098 1224 6
3126 1170 3316 1238 Λόγος,
3348 1168 3791 1238 άπομεμὲνηκεν
3828 1164 4017 1231 ἀδιόρο

2409 1266 2554 1319 θωτα
2580 1263 2652 1317 τὰ
2677 1262 2794 1316 καθ’
2826 1264 2991 1333 ἡμᾶς,
3023 1263 3117 1315 καὶ
3140 1260 3462 1329 δουλεύομεν
3504 1262 3570 1329 τῇ
3626 1256 3811 1325 σαρκὶ
3861 1254 4015 1321 νόμῳ

2409 1354 2720 1427 ἁμαρτίας,
2757 1353 2967 1417 οὐδενὸς
3012 1354 3069 1407 ὲν
3118 1354 3248 1423 ἡμῖν
3296 1351 3463 1420 αὐτὴν
3507 1349 4013 1418 καταργήσαντπ.

2409 1444 2618 1501 Οὐκοῦν
2649 1444 2952 1512 ἀναγκαίαν
3004 1439 3142 1495 εἷναί
3190 1460 3369 1512 φαμεν
3400 1442 3500 1512 τὴν
3529 1440 3654 1494 καθ’
3686 1440 4015 1491 ὑπόστασιν

2410 1539 2602 1591 ’ἐνωσιν
2630 1535 2724 1589 τοῦ
2751 1537 2911 1604 λόγου
2939 1535 3074 1606 πρὸς
3096 1535 3193 1605 τὴν
3223 1534 3421 1603 σάρκα.
3455 1532 3548 1585 ml.
3579 1532 3708 1602 οὐχὶ
3734 1532 3810 1600 δὴ
3839 1530 4012 1600 pr}va

2410 1624 2506 1695 τὴν
2538 1626 2596 1677 ὲν
2623 1622 2955 1693 προσώποις,
2983 1623 3074 1675 καὶ
3104 1622 3244 1675 κατὰ
3272 1621 3506 1691 θέλησιν,
3540 1621 3660 1690 ἦτοι
3688 1620 4015 1689 συνάψειεν

2414 1719 2611 1790 ἁπλῆν,
2631 1717 2775 1781 καθά
2807 1718 2937 1787 φασί
2969 1734 3131 1779 τινες.

2492 1978 2604 2031 «Τί
2651 1974 2744 2031 οὖν
2793 1977 3025 2049 ἐροῦμεν
3074 1978 3207 2049 πρὸς
3238 1976 3445 2043 ταῦτα;
3488 1977 3547 2029 Εί
3591 1976 3619 2028 6
3669 1975 3815 2037 Θεὸς
3866 1974 4012 2040 ὑπὲρ

2415 2070 2593 2141 ἡμῶν,
2630 2070 2711 2133 τίς
2770 2070 2886 2124 καθ’
2921 2070 3111 2140 mlunt;
3146 2071 3241 2133 ’ος
3288 2086 3349 2137 γε
3398 2068 3491 2122 τοῦ
3544 2067 3673 2120 ίδίου
3700 2066 3854 2119 Υίοῦ
3910 2067 4011 2117 ονζικ

2416 2161 2691 2229 ἐφείσατο,
2723 2160 2835 2213 ἀλλ’
2864 2160 3005 2231 ὑπὲρ
3028 2160 3184 2232 ἡμῶν
3214 2160 3429 2213 πάντων
3455 2158 3778 2227 παρέδωκεν
3812 2156 4011 2217 αὑτὸν,

2417 2252 2533 2314 πῶς
2560 2251 2680 2321 οὐχὶ
2711 2252 2804 2303 καὶ
2835 2251 2932 2303 σὺν
2968 2250 3115 2321 αὐτῷ
3148 2252 3214 2309 τὰ
3244 2251 3422 2305 πάντα
3450 2252 3578 2321 ἡμῖν
3614 2250 4006 2320 χαρίσεται;ἰ

2416 2344 2479 2396 Εί
2505 2343 2595 2395 τὸν
2622 2344 2752 2395 ἴδιον
2784 2344 2930 2406 Υἱὸν,
2957 2343 3114 2413 δῆλον
3142 2344 3198 2395 δὲ
3230 2344 3315 2395 ὅτι
3335 2342 3425 2394 τὸν
3452 2343 3515 2394 ὲκ
3545 2342 3642 2410 τῆς
3674 2342 3881 2403 οὐσίας
3911 2343 4009 2392 αύ-

2415 2435 2531 2500 τοῦ,
2565 2435 2795 2489 δέδωκεν
2822 2436 2960 2506 ὑπὲρ
2990 2436 3147 2505 ἡμῶν
3175 2435 3202 2485 ό
3226 2433 3356 2492 Θεὸς
3387 2434 3480 2487 καὶ
3504 2434 3721 2503 Πατήρυ
3751 2431 4011 2485 πέπονθε

2415 2530 2471 2582 δὲ
2497 2528 2637 2582 κατὰ
2666 2528 2864 2597 σάρκα,
2890 2528 2983 2579 καὶ
3018 2526 3079 2578 οὐ
3113 2525 3273 2593 φύσει
3295 2524 3571 2594 θεότητος·
3601 2524 3730 2575 ῐδιον
3782 2523 3904 2592 ἄρα
3944 2517 4011 2589 ἦν

2417 2618 2580 2674 αὑτοῦ
2602 2620 2663 2672 τὸ
2686 2617 2952 2680 πεπονθὸς
2978 2618 3155 2687 σῶμα,
3181 2617 3267 2669 ἵνα
3289 2618 3381 2669 καὶ
3406 2615 3569 2679 αὐτὸς
3588 2614 3783 2683 νοῆται
3812 2613 4011 2667 παθὼν

2415 2711 2795 2782 οἰκονομικῶς,
2822 2712 2849 2763 6
2878 2711 3071 2762 παθεῖν
3113 2710 3214 2762 οὐκ
3248 2708 3419 2773 εἰδώς.
3457 2709 3530 2762 Τὸ
3565 2707 3743 2763 τοίνυν
3787 2709 4010 2777 ἀπομε-

2422 2802 2590 2872 ρίζειν
2627 2803 2707 2865 είς
2735 2801 2828 2855 δύο
2850 2802 2940 2855 τὸν
2977 2802 3096 2866 ἕνα,
3125 2801 3416 2864 δυσσεϐὲς·
3450 2801 3551 2855 οὐκ
3596 2801 3675 2853 ἐτι
3714 2799 3837 2870 γὰρ
3877 2800 4010 2852 [διον

2419 2893 2547 2946 Υίὸν
2598 2894 2908 2965 εὑρίσκεται
2952 2895 3076 2958 δοὺς
3123 2894 3262 2962 ὑπὲρ
3309 2893 3470 2964 ὴμῶν
3516 2895 3542 2947 6
3591 2892 3807 2960 Πατὴρ,
3846 2894 4009 2956 εἴπερ

2420 2984 2565 3037 ἐστὶν
2598 2984 2882 3055 ἅνθρωπος
2908 2985 3272 3056 διῃρημένως,
3308 2986 3402 3038 καὶ
3432 2984 3549 3053 οὐχὶ
3580 2983 3643 3054 δὴ
3683 2982 3901 3053 μᾶλλον
3935 2980 4010 3041 ὡς

2420 3078 2478 3129 ἐν
2514 3077 2815 3147 προσλήψει
2847 3078 3047 3148 σαρκὸς
3075 3079 3103 3131 6
3131 3079 3196 3131 ὲκ
3232 3078 3368 3131 Θεοῦ
3408 3078 3600 3145 Λόγος.

745 3166 789 3220 si
825 3176 908 3218 est
942 3165 1100 3220 homo
1133 3180 1226 3233 per
1252 3180 1309 3219 se
1332 3176 1385 3218 ct
1420 3167 1716 3219 secundum
1749 3181 1807 3220 se
1844 3166 2080 3230 divisim,
2113 3174 2167 3220 et
2198 3182 2301 3220 non
2372 3168 2661 3237 ipsumntet
2717 3168 2811 3224 Dei
2852 3168 3086 3224 Verbum
3154 3183 3319 3226 carne
3356 3170 3623 3235 indutum,
3656 3167 3828 3222 Pater
3873 3181 4006 3236 pro-

746 3258 921 3325 prium
954 3273 1050 3327 pro
1083 3243 1236 3311 nobis
1275 3257 1466 3311 Filium
1496 3258 1707 3312 dedisse
1737 3274 1838 3312 non
1875 3258 2160 3313 invenitur.

823 3371 841 3403 ‹
882 3352 1015 3419 Quis
1043 3352 1318 3407 accusabit
1353 3352 1615 3405 adversus
1638 3352 1842 3419 electos
1874 3353 2005 3406 Dei?
2048 3353 2190 3407 Deus
2222 3355 2311 3424 qui
2346 3362 2388 3421 α

742 3448 1029 3513 justiticat,
1053 3447 1176 3515 quis
1203 3452 1284 3499 est
1328 3445 1419 3513 qui
1466 3443 1832 3499 condemnet?
1869 3445 2123 3502 Christus
2156 3446 2316 3513 Jesus

748 3537 840 3604 qui
874 3547 1115 3590 mortuus
1137 3544 1239 3600 cst,
1276 3534 1385 3589 imo
1422 3535 1513 3602 qui
1547 3543 1600 3589 et
1627 3534 1959 3601 resurrexit,
2000 3537 2091 3605 qui
2123 3546 2205 3591 est
2248 3540 2315 3593 ad

750 3632 1029 3682 dexteram
1064 3627 1178 3687 Dei,
1212 3627 1298 3693 qui
1332 3627 1496 3679 ctiam
1538 3626 1846 3695 interpellat
1876 3642 1972 3695 pro
2006 3628 2162 3684 nobis
2183 3631 2250 3681 ".
2293 3646 2312 3680 ι

754 3719 809 3772 Si
843 3719 1091 3773 Christus
1135 3733 1230 3785 per
1264 3717 1422 3771 [idem
1450 3718 1737 3787 jnslilicat,
1780 3718 1928 3772 solus
1970 3728 2147 3773 autem
2176 3720 2318 3774 Deus

748 3822 833 3865 est
872 3812 961 3880 qui
1008 3812 1234 3878 justitiu:
1281 3808 1482 3864 donum
1528 3818 1749 3878 prmstat
1801 3828 1813 3864 :
1857 3824 2199 3879 consequens
2257 3812 2316 3864 iit

747 3905 1035 3957 Christum
1065 3918 1187 3959 esse
1212 3919 1401 3958 verum
1438 3903 1627 3959 Deum.
1676 3901 1911 3957 Rursum
1946 3902 1991 3957 si
2025 3902 2091 3955 ad
2123 3904 2316 3958 dexte-

750 4011 865 4049 ram
906 3996 1079 4049 Patris
1110 3997 1281 4060 sedct,
1315 3995 1613 4062 eademque
1640 4009 1759 4047 cum
1792 3994 1883 4049 illo
1917 3993 2087 4063 gloria
2114 4005 2167 4049 et
2197 4009 2315 4047 ma-

743 4088 942 4155 jestate
969 4089 1154 4155 pollet,
1182 4097 1237 4142 et
1260 4088 1479 4157 quidem
1516 4095 1762 4141 mortuus
1795 4096 1850 4141 et
1921 4087 2314 4149 resuscitatus;

748 4194 943 4249 corpus
976 4181 1156 4249 itaque
1178 4189 1515 4250 assumptum
1550 4177 1710 4233 Verbi
1740 4180 2015 4249 proprium
2047 4188 2149 4233 est.
2182 4178 2313 4232 Nam

2497 3373 2516 3407 ι
2547 3354 2644 3417 Τίς
2678 3354 2967 3422 ἐγκαλέσει
2995 3354 3136 3409 κατὰ
3169 3354 3440 3408 ἐκλεκτῶν
3477 3352 3611 3406 Θεοῦ
3636 3369 3650 3417 ;
3679 3351 3818 3414 Θεὸς
3851 3351 3885 3403 6
3926 3351 4005 3405 δι-

2420 3446 2610 3511 καιῶν,
2635 3445 2718 3509 τίς
2743 3448 2771 3499 6
2803 3447 3177 3517 κατακρίνων;
3210 3445 3445 3518 Χριστὸς
3489 3444 3696 3515 Ἰησοῦς
3729 3444 4007 3497 6:11:09:-

2420 3540 2548 3603 νὼν,
2570 3540 2767 3609 μᾶλλον
2791 3540 2847 3593 δὲ
2874 3539 3142 3609 ἐγερθεὶς,
3171 3541 3229 3604 ὃς
3264 3540 3412 3591 ἐστιν
3441 3540 3497 3591 ἐν
3534 3537 3682 3606 δεξιᾷ
3712 3534 3810 3587 τοῦ
3836 3534 4002 3594 Θεοῦ,

2419 3631 2475 3693 ὃς
2524 3633 2616 3684 καὶ
2639 3631 2953 3701 ἐντυγχάνει
2992 3632 3133 3698 ὑπὲρ
3156 3630 3333 3701 ἡμῶν.
3368 3649 3386 3681 ι
3415 3630 3475 3681 El
3498 3629 3693 3680 δικαιοί
3718 3629 3783 3696 τῇ
3812 3626 4004 3679 πίστει

2420 3724 2675 3793 Χριστὸς,
2704 3722 2837 3786 Θεὸς
2864 3722 2919 3775 δέ
2950 3724 3096 3775 ἐστιν
3127 3722 3155 3773 ὁ
3187 3720 3411 3775 δικαιῶν
3436 3738 3450 3751 ο
3491 3720 3622 3780 Θεὸς
3651 3719 3757 3787 ἄρα
3783 3718 4003 3786 ἀληθὴς

2421 3816 2449 3866 6
2480 3814 2735 3884 Χριστός.
2760 3815 2870 3865 Καὶ
2889 3814 3048 3883 εἴπερ
3079 3813 3226 3865 ἐστὶν
3254 3812 3312 3863 ὲν
3338 3810 3488 3883 δεξιᾷ
3515 3809 3607 3863 τοῦ
3632 3808 3788 3871 Θεοῦ,
3816 3809 4004 3861 καίτοι

2422 3904 2652 3967 τεθνεὼς
2675 3906 2770 3960 καὶ
2796 3904 3185 3975 ἐγηγερμένος,
3223 3903 3561 3975 συγκάθηται
3590 3902 3646 3955 δὲ
3673 3899 3751 3972 τῷ
3781 3901 3998 3970 Πατρίο

2422 3997 2552 4049 ἴδιον
2576 3995 2683 4065 ἄρα
2715 3994 2809 4049 τοῦ
2837 3995 3012 4065 Λόγου
3050 3995 3111 4048 τὸ
3150 3995 3310 4066 σῶμά
3351 3995 3489 4047 ἐστι.
3535 3992 3860 4062 Συνεδρεύει
3892 3992 4003 4061 γάρ

2421 4086 2563 4140 οὕτω
2595 4086 2673 4156 τῷ
2706 4087 2881 4157 Πατρὶ
2918 4085 3057 4157 μετὰ
3088 4086 3189 4156 τῆς
3222 4083 3625 4155 ἀναληφθείσης
3659 4080 3890 4150 σαρκὸς,
3929 4079 4003 4141 ὡς

2422 4179 2549 4241 Υἱὸς
2576 4180 2719 4232 κατὰ
2744 4178 2926 4246 φύσιν,
2949 4178 3045 4230 καὶ
3074 4179 3122 4229 εί
3146 4177 3338 4245 γέγονε
3368 4175 3504 4245 σὰρξ
3533 4177 3562 4227 6
3588 4174 3780 4242 Λόγος.

748 4275 852 4327 etsi
884 4273 1087 4326 factum
1115 4284 1198 4327 est
1227 4288 1376 4337 caro,
1409 4273 1551 4331 haud
1580 4286 1737 4327 secus
1761 4281 1939 4327 tamen
1971 4273 2023 4325 in
2059 4283 2304 4340 suscepta
2345 4286 2507 4324 carne
2552 4286 2675 4325 cum
2736 4270 2896 4323 Patre
2922 4269 3075 4335 regni
3136 4269 3327 4324 solium
3349 4268 3577 4331 obtinet,
3612 4274 3672 4319 ut
3700 4280 3866 4319 verus
3899 4280 3995 4317 na-

753 4365 1054 4432 turalisque
1080 4363 1269 4416 Filius.

828 4476 847 4507 ι
875 4454 1016 4519 Qua:
1050 4464 1231 4506 autem
1264 4468 1330 4506 ex
1379 4453 1481 4507 ﬁde
1512 4464 1594 4507 est
1634 4453 1866 4520 iustitia,
1901 4452 1979 4506 sic
2023 4451 2191 4505 dicit:
2236 4451 2315 4504 Nc

750 4549 954 4603 dixeris
990 4546 1040 4600 in
1074 4545 1239 4600 corde
1270 4554 1398 4597 tuo:
1442 4542 1571 4607 Quis
1612 4546 1869 4597 ascendet
1901 4543 1954 4597 in
1998 4543 2233 4596 caelum?
2260 4543 2312 4597 id

2498 4453 2605 4506 «Ἥ
2643 4452 2699 4506 δὲ
2741 4453 2807 4505 ὲκ
2851 4451 3087 4513 πίστεως
3136 4446 3447 4516 δικαιοσύνη
3493 4446 3635 4500 οὕτω
3676 4446 3865 4513 λέγει’
3913 4446 4002 4515 Μὴ

2427 4544 2588 4615 είπῃς
2613 4545 2671 4597 ἐν
2704 4546 2771 4614 τῇ
2802 4542 2998 4614 καρδίᾳ
3029 4560 3121 4595 σου
3142 4558 3155 4573 ·
3193 4541 3289 4603 Τίς
3318 4532 3652 4610 ἀναῦήσεταί
3685 4541 3765 4601 εἰς
3788 4538 3885 4591 τὸν
3914 4540 4002 4592 οὐ·

752 4653 853 4705 est,
880 4641 1151 4695 Christum
1177 4638 1465 4692 deducere.
1489 4635 1595 4689 Aut
1616 4635 1735 4703 quis
1754 4633 2043 4688 descendet
2065 4632 2115 4684 in
2147 4633 2313 4701 abys-

2418 4632 2616 4702 ·ρσ.νόν;
2644 4633 2888 4685 τουτέστι
2922 4631 3152 4703 Χριστὸν
3171 4633 3525 4699 καταγαγεῖν·
3563 4630 3595 4699 ἦ
3631 4630 3728 4694 Τίς
3755 4631 4000 4699 καταόήο

752 4734 909 4786 sum?
950 4734 1051 4787 hoc
1083 4741 1188 4793 est,
1232 4728 1513 4785 Christum
1554 4741 1583 4777 a
1610 4726 1840 4779 mortuis
1884 4737 2173 4777 revocare.
2218 4722 2323 4775 Sed

753 4825 880 4891 quid
904 4823 1077 4878 dicit?
1098 4825 1272 4893 Prope
1298 4831 1383 4877 est
1405 4819 1629 4875 verbum
1656 4817 1707 4870 in
1732 4831 1827 4870 ore
1855 4824 1966 4877 tuo,
1993 4825 2047 4869 et
2079 4816 2130 4867 iu
2164 4816 2325 4868 corde

757 4926 850 4967 tuo
882 4930 894 4965 :
928 4914 1029 4967 hoc
1057 4924 1140 4967 est
1170 4914 1395 4968 verbum
1432 4910 1576 4968 lidei.
1611 4911 1755 4979 quod
1789 4906 2167 4976 praedicamus.
2188 4904 2323 4970 Quia

755 5002 803 5055 si
838 5000 1116 5054 conﬁteris
1149 5001 1201 5054 in
1223 5016 1317 5055 ore
1350 5010 1439 5055 tuo
1461 4999 1746 5053 Dominum
1776 4997 2053 5061 Jesum,ct
2086 4998 2137 5050 in
2159 4994 2325 5051 corde

756 5104 850 5146 tuo
886 5089 1183 5144 credideris
1225 5091 1365 5159 quod
1408 5091 1547 5145 Dens
1597 5091 1879 5145 suscitavit
1927 5090 2074 5143 illum
2118 5106 2145 5139 a
2187 5104 2327 5141 mor-

758 5186 886 5247 tuis,
920 5182 1103 5238 salvus
1130 5179 1261 5235 eris.
1291 5181 1462 5234 Corde
1484 5182 1624 5235 enim
1658 5183 1896 5235 creditur
1919 5184 1984 5235 ad
2012 5181 2277 5247 justitiam
2307 5197 2320 5245 ;

759 5293 856 5333 ore
891 5286 1073 5330 autem
1119 5274 1181 5327 lit
1212 5269 1480 5326 confessio
1515 5273 1581 5324 ad
1614 5273 1841 5326 salutem
1866 5274 1933 5324 '3.
1968 5292 1987 5323 ι
2029 5270 2086 5325 Si
2131 5286 2327 5325 secun-

758 5371 889 5419 dum
932 5362 1291 5433 quorumdam
1340 5360 1709 5428 opinationem
1749 5361 1998 5414 Christus
2038 5371 2121 5413 est
2162 5360 2325 5413 homo

758 5457 955 5519 deifcr,
988 5457 1101 5510 sola
1149 5468 1504 5525 personarum
1543 5451 1733 5520 copula
1766 5452 1857 5505 Dei
1900 5452 2073 5505 Verbo
2098 5453 2325 5521 conjun-

759 5560 878 5602 ειυς
910 5568 921 5600 :
957 5549 1044 5615 qui
1076 5549 1189 5601 ﬁeri
1230 5555 1432 5617 potest,
1457 5555 1515 5600 ut
1547 5544 1600 5598 in
1637 5543 1785 5595 illum
1825 5553 2075 5610 tanquam
2124 5546 2175 5597 itt
2226 5546 2324 5598 Do-

764 5639 963 5690 mimnn
1024 5639 1328 5703 credentes,
1371 5638 1611 5709 ejusdem
1654 5650 1720 5689 ex
1772 5636 2001 5688 mortuis
2076 5649 2324 5690 resurre—

836 5797 879 5823 °°
905 5794 1055 5847 l’mttt.
1081 5813 1171 5858 νιι,
1199 5797 1249 5847 Ti.
1327 5800 1364 5827 ²¹
1397 5798 1521 5849 ibid.
1563 5796 1651 5859 3i,
1685 5794 1771 5847 5‘2.
1848 5795 1890 5825 ⁹²
1920 5792 2043 5845 ἱΜίΙ-
2078 5791 2164 5853 ῧδν
2190 5790 2277 5843 δίε

2433 4739 2582 4775 σεται
2618 4724 2697 4785 είς
2725 4724 2824 4792 τὴν
2857 4723 3125 4786 άϐυσσον;
3160 4723 3406 4773 τουτέστι
3436 4722 3670 4791 Χριστὸν
3700 4723 3767 4774 ὲκ
3792 4722 4001 4791 νεκρῶν

2431 4815 2747 4881 ἀναγαγεῖν.
2767 4803 2925 4864 Ἃ).λὰ
2945 4812 2997 4863 τί
3021 4811 3198 4878 λέγει;
3247 4812 3443 4877 Ἐγγύς
3469 4828 3563 4862 σου
3587 4813 3648 4863 τὸ
3676 4813 3832 4881 ῥῆμά
3856 4814 4001 4864 ἐστιν

2433 4905 2491 4955 ὲν
2522 4904 2599 4971 τῷ
2635 4902 2861 4972 στόματί
2897 4918 2990 4955 σου
3022 4902 3119 4953 καὶ
3152 4902 3209 4953 ὲν
3238 4903 3301 4969 τῇ
3336 4900 3530 4970 καρδίᾳ
3559 4918 3651 4951 σου
3674 4918 3689 4931 ·
3734 4902 3997 4967 τουτέστι,

2432 4993 2491 5046 τὸ
2520 4993 2672 5065 ῥῆμα
2705 4995 2803 5064 τῆς
2834 4993 3090 5058 πίστεως,
3116 4992 3143 5044 ὃ
3167 4992 3667 5063 κηρύσσομεν.”οτι
3692 4991 3785 5046 ἐὰν
3812 4992 4000 5062 ὁμολο⁴

2432 5086 2605 5156 γήσῃς
2654 5087 2711 5138 ἐν
2756 5084 2835 5155 τῷ
2893 5084 3121 5155 στόματί
3167 5102 3259 5136 σου
3290 5082 3493 5152 Κύριον
3526 5083 3755 5153 Ἰησοῦν,
3787 5087 3881 5139 καὶ
3916 5106 3998 5139 πι-

2434 5177 2662 5250 στεύσῃς
2692 5178 2748 5229 ἐν
2787 5179 2857 5247 τῇ
2886 5176 3081 5247 καρδίᾳ
3110 5193 3201 5228 σου
3241 5175 3322 5226 ὅτι
3352 5176 3381 5226 6
3410 5173 3541 5238 Θεὸς
3578 5176 3741 5230 αὐτὸν
3782 5181 3998 5251 ἤγειρεν

2433 5270 2497 5320 ἐκ
2527 5266 2758 5337 νεκρῶν,
2795 5266 3017 5335 σωθήσῃ
3041 5280 3057 5295 °
3092 5262 3290 5333 καρδίᾳ
3328 5262 3438 5333 γάρ
3466 5266 3783 5320 πιστεύεται
3818 5269 3898 5330 είς
3920 5269 3995 5319 δι-

2434 5358 2746 5426 καιοσύνην,
2784 5357 3013 5426 στόματι
3059 5355 3115 5407 δὲ
3164 5355 3507 5424 ὁμολογεῖται
3537 5359 3617 5420 εἰς
3649 5358 3941 5429 σωτηρίαν.
3972 5375 3991 5407 ι

2431 5451 2493 5503 Ei
2527 5448 2666 5502 κατά
2688 5465 2751 5515 γε
2778 5448 2838 5501 τό
2867 5464 2975 5499 τισι
3000 5445 3213 5511 δοκοῦν,
3245 5446 3528 5519 ἄνθρωπος
3576 5448 3839 5517 03039690;
3861 5450 3995 5500 νοεῖ⁹

2428 5558 2518 5593 ται
2570 5540 2804 5609 Χριστός
2832 5577 2846 5601 ,
2894 5538 2989 5590 καὶ
3042 5538 3211 5609 μόνην
3261 5538 3398 5609 ἔχων
3440 5540 3538 5612 τὴν
3585 5542 3643 5592 ὲν
3689 5537 3997 5609 προσώποις

2430 5633 2622 5683 ἕνωσιν
2651 5629 2785 5699 πρὸς
2811 5630 2899 5682 τὸν
2921 5627 3056 5681 Θεοῦ
3082 5628 3271 5700 Λόγον⁶
3302 5631 3445 5697 τίνος
3476 5633 3638 5685 ἕνεκα
3662 5628 3995 5691 πιστεύοντες

2355 5790 2398 5821 ⁹³
2421 5789 2575 5842 Hom.
2614 5803 2663 5851 κ,
2695 5786 2843 5839 6-10.
