4122 6524
190 416 315 470 1501

1274 429 1357 484 DE
1400 433 1619 490 RECTA
1661 439 1812 493 FIDI".
1852 443 1940 495 AD
1982 445 2293 500 RECINAS.

3251 456 3385 510 1302

185 533 266 593 είς
301 531 463 585 αὐτὸν
500 534 575 596 ὡς
622 535 700 596 εἰς
750 535 970 606 Κύριον,
1004 542 1384 609 ὁμολογοῦντες
1433 548 1487 599 δὲ
1534 554 1624 603 καὶ
1654 553 1751 622 τὴν

1859 558 2084 611 ειίυηριη
2113 566 2423 628 protttentes
2469 565 2727 630 eiusmodi
2754 565 2855 619 iidc
2878 566 3266 632 justiﬁccmur?
3298 568 3386 620 Fi-

184 623 251 672 ἐκ
289 622 498 690 νεκρῶν
543 622 835 675 ἀνάστασιν
882 627 1065 691 αὑτοῦ,
1097 630 1448 699 δικαιούμεθα
1475 640 1540 705 τῇ
1570 639 1747 691 πίστει

185 714 252 780 τῇ
302 714 379 775 είς
425 711 617 776 αύτόν;
657 712 959 783 Πράττεται
1004 719 1060 772 δὲ
1111 722 1143 791 ή
1194 723 1374 784 πίστις
1402 724 1477 787 ὡς
1505 728 1583 789 είς
1620 729 1749 781 Θεὸν

187 803 455 872 δηλονότι.
490 804 785 871 Ἀναγκαία
848 812 1136 882 τοιγαροῦν
1197 815 1229 883 ή
1295 814 1415 867 καθ’
1453 817 1747 871 ὑπόστασιν

185 892 379 951 ’ἑνωσις
407 890 499 943 τοῦ
529 892 660 947 Θεοῦ
687 895 860 965 Λόγου
881 900 1015 971 πρὸς
1044 902 1105 954 τὸ
1126 903 1624 974 ἀνθρώπινον.”Ενα
1645 910 1751 980 γὰρ

184 983 332 1034 οὓτω
363 984 595 1053 Χριστὸν
621 986 695 1055 ὡς
728 990 930 1063 Κύριον
957 993 1095 1046 κατά
1132 994 1293 1063 φύσιν
1323 986 1749 1071 ὁμολογήσομεν,

186 1073 287 1125 καὶ
310 1075 405 1143 τῆς
425 1076 593 1133 αὐτοῦ
618 1083 819 1154 σαρκὸς
839 1084 939 1155 τὴν
963 1086 1256 1141 ἀνάστασιν
1276 1089 1749 1161 ἐπιγινώσκοντες,

186 1163 265 1227 ὡς
289 1167 367 1229 είς
394 1168 523 1224 Θεὸν
561 1173 927 1238 πιστεύοντες,
959 1174 1333 1248 δικαιούμεθα.

271 1278 288 1309 ι
317 1261 504 1327 Οὐδεὶς
548 1264 659 1335 γὰρ
704 1266 861 1336 ήμῶν
910 1268 1088 1339 ἐαυτῷ
1133 1269 1222 1342 ζῇ,
1250 1274 1344 1326 καὶ
1377 1274 1548 1339 οὐδεὶς
1576 1275 1752 1347 ἐαυτῷ

187 1349 521 1425 ἀποθνήσκει
543 1371 556 1385 ⁸
586 1357 681 1410 ἐάν
723 1375 790 1409 τεο
825 1356 916 1412 οῦν
962 1359 1166 1433 ζῶμεν,
1201 1365 1277 1435 τῷ
1310 1366 1499 1437 Κυρίῳ
1531 1365 1711 1438 ζῶμεν
1732 1384 1748 1399 ·

186 1443 289 1498 ἐάν
331 1461 391 1497 τε
446 1446 905 1519 ἀποθνήσκωμεν,
954 1451 1032 1522 τῷ
1079 1455 1268 1525 Κυρίῳ
1316 1456 1749 1529 ἀποθνήσκομεν.

202 1535 329 1590 Ἐἀν
369 1555 429 1590 τε
482 1538 686 1609 ζῶμεν,
737 1541 830 1595 ἐάν
877 1559 936 1595 τε
982 1539 1448 1617 ἀποθνήσκωμεν,
1480 1548 1573 1601 τοῦ
1618 1549 1750 1603 Θεοῦ

188 1627 357 1697 ἐσμεν
376 1643 390 1658 ·
426 1630 506 1693 είς
538 1630 695 1685 τοῦτο
722 1632 830 1706 γάρ
859 1635 1093 1707 Χριστὸς
1130 1638 1385 1691 ἀπέθανεν
1412 1641 1515 1694 καῖ
1538 1640 1749 1712 ἔζησεν,

188 1719 278 1769 ἵνα
324 1718 445 1805 xci,
461 1723 670 1797 νεκρῶν
698 1726 789 1779 καὶ
818 1726 1038 1791 ζώντων
1063 1729 1341 1805 κυριεύσῃ.
1375 1749 1392 1781 ι
1428 1732 1753 1803 Προσπεφώ-

184 1808 325 1877 νηκέ
359 1792 461 1864 ποῖ)
500 1795 700 1883 τοῒςέξ
732 1816 901 1871 ἐθνῶν
926 1820 955 1871 6
988 1792 1255 1891 μακάριος
1287 1792 1495 1885 ᾖαῦλος
1517 1840 1530 1853 ο
1571 1842 1589 1875 ι
1617 1792 1752 1878 Νὐνὶ

185 1899 249 1952 δὲ
299 1901 513 1969 γνόντες
559 1904 712 1971 Θεὸν,
750 1907 950 1978 μᾶλλον
980 1910 1035 1963 δὲ
1064 1914 1396 1979 γνωσθέντες
1443 1915 1549 1969 ὑπὸ
1591 1915 1749 1981 Θεοῦ,

188 1992 309 2055 πῶς
356 1995 711 2067 ἐπιστρέφετε
737 1999 829 2051 ἐπὶ
856 1999 923 2053 τὰ
950 2002 1153 2073 ἀσθενῆ·
1179 2003 1271 2056 καὶ
1302 2006 1490 2075 πτωχά
1514 2009 1750 2077 στοιχεῖα

186 2082 286 2135 τοῦ
334 2086 560 2157 κόσμου,
591 2082 673 2151 οἷς
717 2088 879 2143 πάλιν
915 2090 1425 2148 ἀνωθενδουλεύειν
1475 2096 1686 2165 θέλετε;
1726 2117 1744 2150 ι

186 2175 590 2248 Δελυτρώμεθα
612 2179 790 2233 τοίνυν
811 2180 899 2235 διά
918 2185 1014 2254 τῆς
1036 2184 1268 2249 πίστεως
1294 2186 1394 2256 τῆς
1421 2188 1500 2250 είς
1520 2188 1752 2259 Χριστὸν

187 2268 259 2319 ἐκ
286 2269 384 2337 τῆς
412 2268 520 2323 τῶν
543 2271 821 2341 στοιχείων
851 2273 1112 2340 δουλείας,
1132 2276 1226 2329 καὶ
1253 2277 1562 2349 ήνέχθημεν
1584 2281 1664 2345 είς
1691 2282 1753 2335 τὸ

184 2357 460 2413 δουλεύειν
489 2361 608 2431 Θεῷ
643 2362 805 2427 ζῶντι
835 2366 929 2417 καὶ
957 2366 1216 2438 ἀληθινῷ.
1248 2369 1313 2422 Ei
1347 2368 1403 2422 δὲ
1436 2371 1703 2427 ἀπέθανεν
1724 2374 1753 2426 ὁ

186 2451 444 2518 Χριστὸς,
476 2454 563 2507 ἵνα
592 2454 684 2508 καὶ
712 2456 921 2526 νεκρῶν
942 2458 1041 2511 καὶ
1078 2457 1293 2523 ζώντων
1342 2462 1624 2536 κυριεύσῃ,
1659 2465 1753 2519 καὶ

185 2542 341 2611 αὐτῷ
384 2543 565 2613 ζῶμεν
608 2546 683 2609 ὡς
713 2547 831 2617 Θεῷ
855 2548 1015 2611 ζῶντι
1055 2552 1146 2604 καὶ
1176 2552 1449 2624 ἀληθινῷ·
1490 2554 1609 2618 πῶς
1653 2557 1753 2610 οὐκ

185 2632 464 2700 ἀναγκαία
515 2635 591 2705 τῷ
636 2638 794 2709 Λόγῳ
840 2640 873 2710 ή
923 2640 1060 2713 πρὸς
1094 2642 1273 2712 σάρκα
1299 2638 1520 2713 γέγονεν
1561 2648 1752 2713 ἐνωσις

184 2720 430 2792 ἀληθήςκς
474 2723 561 2776 Ἐν
604 2726 741 2796 αὐτῇ
796 2727 905 2799 7&9
947 2729 1251 2796 ἀποθανὼν,
1294 2733 1614 2804 κεκυρίευκε
1661 2737 1752 2791 καὶ

184 2809 409 2874 (thurios
446 2814 539 2867 καὶ
575 2815 815 2887 νεκρῶν,

415 3019 516 3075 Ἕκ
551 3020 661 3092 τῆς
699 3022 850 3093 πρὸς
886 3030 1229 3096 Κῠρινοίους
1266 3032 1519 3101 πρώτης.

270 3135 524 3190 ιἘπινον
556 3137 687 3209 γὰρ,
717 3138 899 3209 φησιν,
932 3142 996 3193 ἐκ
1028 3144 1406 3214 πνευματικῆς
1433 3145 1754 3200 ἀκολουθού-

186 3244 293 3297 σης
334 3229 559 3299 πέτραςο
586 3231 619 3300 ή
656 3229 714 3282 δὲ
745 3230 922 3302 πέτρα
950 3226 1018 3301 ἦν
1040 3233 1068 3284 6
1089 3234 1339 3306 Χριστός.
1360 3254 1379 3286 ι
1407 3236 1479 3288 Τὸ
1500 3238 1755 3303 Χριστὸς

184 3320 363 3390 ὄνομα
393 3320 627 3375 τέθειται
664 3320 743 3392 τῷ
773 3322 1139 3393 Ἐμμανουήλ,
1180 3324 1269 3378 ὅτε
1304 3326 1622 3397 γεγέννηται
1667 3327 1756 3381 διὰ

185 3410 292 3477 τῆς
344 3409 504 3477 ἁγίας
536 3411 837 3484 Παρθένου.
868 3412 992 3477 Πῶς
1019 3410 1113 3468 οὖν
1152 3415 1313 3477 αὐτὸς
1356 3411 1423 3486 ἦν
1455 3418 1489 3488 ή
1519 3418 1693 3488 πέτρα
1720 3418 1754 3488 ή

189 3500 490 3564 ποτίζουσα
518 3502 609 3556 τὸν
638 3503 883 3575 Ἰσραήλ;
916 3505 1055 3559 Ἀλλ’
1081 3506 1194 3560 ἐστι
1218 3508 1396 3579 δῆλον,
1417 3509 1500 3562 ὅτι
1524 3495 1755 3579 Χριστδν

190 3590 292 3643 καὶ
318 3589 443 3644 Υίδν
466 3585 606 3645 οἶδεν
631 3592 724 3646 ενα
758 3595 817 3648 τὸ
840 3597 1079 3667 Γράμμα
1100 3599 1161 3652 τὸ
1190 3600 1351 3670 ἱερόν.
1382 3600 1621 3669 Γεγονὼς
1647 3601 1756 3673 γὰρ

187 3680 226 3734 ὁ
254 3679 426 3748 Λόγος
451 3682 604 3754 σάρξ,
634 3683 797 3737 πάλιν
824 3686 986 3749 αὐτός
1027 3689 1173 3741 ἐστιν
1213 3692 1245 3758 ή
1297 3693 1636 3761 πνευματικὴ
1657 3692 1757 3745 πέ-

188 3789 323 3843 τρα,
353 3774 453 3843 τῆς
481 3776 688 3839 οίκείας
724 3776 938 3845 φύσεως
971 3779 1032 3831 τὸ
1066 3781 1437 3851 πρεσϐύτατον
1482 3784 1581 3836 οὐκ
1626 3785 1758 3838 ἀποο

191 3863 373 3920 δαλὼν
409 3865 496 3920 διὰ
533 3865 596 3921 τὸ
638 3866 756 3922 νέον
776 3869 878 3938 τῆς
900 3871 1231 3942 οίκονομίας.

408 4138 509 4195 Ἐκ
546 4141 656 4211 τῆς
692 4144 844 4212 πρὸς
880 4149 1224 4215 Κορινθίους
1259 4150 1558 4220 δευτέρας.

288 4265 301 4273 ·
330 4249 490 4304 Ὥστε
529 4254 690 4322 ήμεῐς
728 4254 836 4308 ἀπὺ
878 4256 968 4309 τοῦ
994 4257 1089 4312 νῦν
1132 4259 1319 4314 οὐδένα
1349 4262 1569 4332 οἴδαμεν
1618 4264 1758 4319 κατά

193 4337 412 4408 σάρκα·
452 4343 501 4393 εί
546 4342 602 4395 δὲ
646 4344 739 4397 καὶ
768 4344 1085 4417 ἐγνώκαμεν
1124 4350 1262 4402 κατὰ
1292 4350 1472 4422 σάρκα
1508 4354 1756 4423 Χριστὸν,

191 4429 337 4482 ἀλλὰ
388 4431 481 4484 νῦν
522 4432 704 4486 οὐκέτι
748 4434 1105 4506 γινώσκομεν.
1138 4455 1157 4489 ι
1209 4439 1275 4492 Τί
1306 4440 1368 4511 δή
1402 4441 1509 4512 ἀρα
1538 4445 1701 4513 φησὶν
1731 4445 1761 4497 ὁ

1848 645 1945 697 des
1972 646 2111 697 enim
2141 647 2192 699 in
2227 664 2347 701 eum
2377 658 2626 716 tanquam
2656 650 2709 701 in
2740 651 2905 703 Deum
2957 650 3146 705 fertur.
3191 650 3387 705 Neces-

1850 736 2053 788 sarium
2111 746 2191 789 est
2232 754 2360 806 ergo
2405 748 2464 793 ut
2493 740 2585 794 Dei
2617 739 2848 793 Verbum
2894 742 3186 793 secundum
3225 743 3391 810 hypo-

1850 823 2021 875 stasin
2071 824 2316 879 humano:
2368 835 2571 880 natura:
2626 828 2832 880 unitum
2892 829 3258 895 proﬁteamur.
3314 828 3393 882 Ad

1852 914 1994 967 hunc
2017 913 2157 967 enim
2183 916 2396 967 modum
2436 933 2595 969 unum
2633 918 2904 971 Christum
2939 927 3190 983 tanquam
3244 927 3394 970 natu-

1854 1003 2019 1059 ralem
2048 1005 2326 1058 Dominum
2355 1007 2689 1070 conﬁtentes,
2734 1017 2788 1061 et
2832 1008 3013 1062 carnis
3046 1008 3163 1074 ejus
3216 1023 3399 1061 resur-

1854 1094 2142 1148 rectionem
2174 1103 2548 1164 agnoscentes,
2585 1110 2647 1149 ac
2678 1096 2836 1149 veluti
2869 1098 2921 1149 in
2966 1098 3130 1150 Deum
3172 1100 3398 1150 creden-

1853 1191 1953 1246 tes,
1984 1182 2382 1251 iustiticationis
2415 1183 2734 1238 beneﬁcium
2782 1185 3185 1252 consequimur.

1928 1293 1946 1327 ι
1984 1273 2151 1329 Nemo
2191 1275 2332 1329 enim
2381 1282 2622 1328 nostrum
2667 1273 2769 1327 sibi
2814 1274 2968 1335 vivit,
3012 1283 3063 1326 et
3112 1288 3268 1326 nemo
3299 1275 3398 1328 sibi

1854 1363 2127 1420 moritur:
2171 1365 2285 1420 sive
2331 1366 2473 1419 enim
2520 1365 2770 1427 vivimus,
2802 1364 2959 1432 105
3011 1364 3235 1417 Domino
3260 1366 3397 1419 vivi-

1853 1474 2010 1523 mus;
2054 1458 2168 1513 sive
2198 1456 2477 1519 morimur,
2530 1456 2759 1509 Dnmino
2796 1454 3076 1519 morimur,
3115 1456 3238 1510 Sive
3272 1474 3399 1528 ergo

1853 1549 2104 1612 vivimus,
2127 1550 2238 1601 sive
2271 1548 2548 1609 morimur,
2572 1544 2779 1601 Domini
2811 1559 3016 1598 sumus.
3047 1544 3103 1598 In
3137 1547 3237 1600 hoc
3260 1551 3398 1603 enim

1852 1638 2099 1694 Christus
2127 1646 2477 1697 mortuusest
2508 1646 2560 1690 et
2584 1636 2901 1701 resurrexit,
2951 1643 3007 1686 ut
3041 1636 3277 1691 vivorum
3326 1643 3405 1695 si-

1829 1731 2046 1783 .mul‘et
2077 1738 2407 1785 mortuorum
2445 1726 2838 1783 dominetur”.
2880 1744 2899 1778 ι
2939 1727 3081 1779 Idem
3120 1716 3403 1795 Apostolus

1853 1818 1976 1876 alibi
2010 1820 2127 1875 illos
2152 1821 2240 1889 qui
2276 1835 2340 1875 ex
2377 1820 2625 1887 gentibus
2656 1817 2901 1872 conversi
2940 1816 3173 1883 fuerant,
3211 1820 3283 1873 ita
3321 1825 3399 1876 al-

1784 1876 1823 1929 Β
1861 1911 2128 1981 loquitur:
2166 1930 2183 1962 ι
2220 1909 2372 1969 Nunc
2428 1921 2606 1965 autem
2660 1926 2782 1965 eum
2827 1909 3185 1978 cognoveritis
3219 1910 3401 1978 Deum,

1859 2000 1967 2055 imo
1995 2001 2194 2071 cogniti
2223 2001 2341 2056 sitis
2378 2016 2405 2053 a
2440 2000 2550 2055 Deo
2575 2018 2591 2067 ;
2620 2001 2886 2069 quomodo
2936 1997 3128 2051 iterum
3179 2013 3404 2054 conver-

1860 2092 2033 2146 timini
2063 2092 2129 2146 ad
2160 2092 2369 2145 inﬁrma
2398 2102 2452 2146 et
2486 2107 2653 2161 egena
2690 2091 2953 2145 elementa
2981 2087 3189 2152 mundi,
3212 2091 3403 2159 quibus

1857 2182 2033 2236 denuo
2073 2181 2279 2237 servire
2309 2181 2468 2236 vultis
2488 2180 2570 2234 "‘3
2609 2198 2627 2232 ι
2662 2178 2763 2234 Per
2798 2179 2957 2234 (idem
2988 2192 3114 2247 ergo
3164 2177 3217 2231 in
3262 2178 3409 2234 Chri-

1858 2283 1999 2329 stum
2031 2274 2096 2328 ab
2128 2273 2514 2328 elementorum
2548 2272 2807 2327 servitute
2841 2269 3074 2333 liberati,
3103 2269 3155 2323 in
3188 2268 3277 2323 Dei
3302 2271 3402 2325 vivi

1858 2375 1914 2421 et
1934 2366 2047 2419 veri
2079 2364 2361 2419 servitium
2397 2363 2641 2418 translati
2665 2378 2874 2418 sumus.
2904 2361 3057 2427 Quod
3088 2360 3132 2415 si
3161 2360 3406 2417 Christus

1860 2468 2104 2512 mortuus
2145 2466 2250 2524 est,
2298 2466 2360 2511 ut
2400 2454 2644 2511 vivorum
2687 2464 2741 2509 et
2787 2464 3119 2509 mortuorum
3148 2468 3211 2507 ex
3260 2469 3409 2523 aequo

1861 2548 2187 2613 dominetur,
2218 2547 2427 2616 ipsique
2458 2556 2715 2616 tanquam
2745 2545 2867 2600 vivo
2892 2552 2945 2599 et
2966 2557 3095 2597 vero
3124 2542 3234 2597 Deo
3270 2544 3409 2601 vivi-

1860 2637 2297 2707 mus,.quomodo
2329 2637 2691 2701 necessarium
2732 2650 2837 2691 non
2889 2641 3007 2690 erat
3069 2642 3128 2687 ut
3174 2633 3406 2690 Verbum

1857 2743 1981 2783 cum
2000 2742 2168 2808 carne
2198 2742 2326 2783 vere
2356 2727 2642 2783 uniretur?
2673 2725 2730 2781 In
2769 2728 2884 2797 ipsa
2919 2738 3153 2794 namque
3182 2735 3407 2782 mortem

1858 2832 2197 2889 perpessum,
2234 2832 2355 2882 eum
2386 2818 2438 2872 in
2470 2819 2643 2883 vivos,
2681 2826 2789 2872 tum
2836 2818 2889 2871 in
2926 2825 3167 2871 mortuos
3198 2830 3409 2887 quoque

1860 2912 2148 2982 imperium
2180 2909 2437 2965 obtinuit.

2272 3020 2363 3079 Ea:
2383 3022 2547 3091 priori
2572 3022 2641 3076 ad
2672 3020 2997 3083 Corinthios.

1935 3154 1954 3188 ‹
1985 3134 2247 3191 Bibehant
2293 3134 2437 3215 enim
2488 3136 2553 3190 de
2594 3134 2848 3204 spiritali,
2900 3142 3261 3201 consequente
3317 3146 3413 3191 eos

1858 3235 2009 3299 petra
2036 3245 2050 3281 :
2088 3235 2237 3297 petra
2265 3234 2442 3280 autem
2475 3235 2593 3279 erat
2619 3224 2871 3280 Christus
2890 3223 2959 3278 ".
2987 3242 3006 3277 ι
3029 3222 3232 3279 Nomen
3256 3223 3414 3281 Chri-

1859 3322 1926 3376 sti
1958 3330 2086 3375 tunc
2130 3319 2344 3374 demum
2393 3317 2619 3374 inditum
2670 3324 2753 3372 est
2804 3314 3160 3381 Emmanueli,
3204 3317 3417 3384 quando

1861 3426 1927 3467 ex
1965 3425 2118 3466 sacra
2175 3409 2388 3479 Virgine
2437 3409 2703 3479 originem
2748 3409 2921 3463 duxit.
2968 3406 3246 3473 Quomodo
3289 3422 3417 3476 ergo

1860 3512 2012 3572 petra
2047 3514 2167 3556 esse
2216 3508 2449 3569 poterat,
2480 3513 2598 3568 quae
2632 3498 2886 3568 populum
2930 3497 3283 3553 lsraeiiticum
3320 3501 3418 3555 de-

1861 3601 2008 3648 serto
2040 3589 2295 3661 potarat?
2329 3589 2669 3658 Scripturam
2714 3600 2925 3642 sacram
2958 3600 3122 3641 unum
3157 3584 3422 3644 duntaxat

1863 3663 2080 3748 Filium,
2104 3694 2377 3750 unumque
2427 3677 2703 3733 Christum
2731 3691 3050 3746 agnoscere,
3080 3688 3237 3732 extra
3270 3692 3420 3747 quae-

1861 3773 2089 3828 stionem
2116 3781 2216 3827 est.
2258 3770 2499 3825 Verbum
2554 3768 2754 3835 itaque,
2812 3776 3167 3838 posteaquam
3204 3782 3417 3823 carnem

1865 3863 2125 3931 suscepit,
2154 3860 2419 3931 spiritalis
2436 3860 2601 3916 etiam
2637 3868 2788 3929 petra
2819 3867 2926 3922 eSt,
2960 3865 3185 3928 propter
3204 3858 3423 3928 dispen-

1863 3953 2090 4008 sationis
2139 3952 2456 4016 novitatem,
2513 3952 2746 4021 propriae
2801 3960 3011 4005 natura:
3042 3948 3419 4017 antiquitatem

1866 4058 1970 4099 non
1998 4042 2276 4113 abjiciens.

2224 4155 2308 4210 Ea:
2346 4157 2631 4224 posteriore
2657 4156 2727 4209 ad
2756 4152 3078 4211 Corinthios.

1950 4267 2179 4334 «Itaque
2220 4282 2319 4321 nos
2368 4281 2432 4319 ex
2476 4266 2577 4320 hoc
2624 4266 2893 4320 neminem
2944 4262 3191 4317 novimus
3231 4274 3425 4316 secun~

1866 4355 1992 4409 dum
2018 4369 2233 4409 carnem
2264 4375 2277 4411 :
2311 4363 2367 4408 et
2397 4354 2441 4409 si
2479 4354 2775 4409 secundum
2816 4367 3035 4407 earuem
3076 4349 3423 4420 cognovimus

1866 4445 2166 4509 Christum,
2220 4446 2314 4500 sed
2362 4460 2503 4498 nunc
2538 4445 2650 4514 jam
2696 4459 2799 4497 non
2853 4442 3189 4497 novimus".
3229 4459 3247 4494 ι
3288 4440 3423 4506 Quid

193 4518 443 4586 Παῦλος;
473 4516 620 4593 *Αρα
652 4525 882 4592 Χριστὸν
914 4527 1151 4600 ἀρνεῖται
1198 4530 1337 4600 μετά
1378 4533 1478 4603 τὴν
1523 4534 1755 4588 ἀνάστα-

1866 4542 1971 4602 est,
2008 4534 2253 4598 obsecro,
2282 4534 2422 4603 quod
2456 4533 2653 4587 Paulus
2689 4533 2775 4587 hic
2822 4531 2943 4586 ait?
2978 4530 3226 4600 Nunquid
3268 4530 3423 4586 Chri-

197 4626 320 4671 σινς
352 4610 464 4664 Ούκ
514 4608 654 4667 οἶδεν
700 4615 860 4668 αὑτὸν
905 4618 1268 4689 ἐγηγερμένον
1330 4622 1389 4675 ἐν
1447 4625 1630 4695 σαρκὶ,
1668 4626 1755 4679 καὶ

1864 4636 2006 4680 stum
2050 4636 2171 4696 post
2214 4626 2660 4680 resurrectioaem
2714 4624 3021 4679 inﬁciatur?
3061 4622 3250 4678 Nonne
3277 4623 3422 4678 illum

192 4701 578 4772 ἀναληφθέντα
612 4706 729 4774 μετ⁹
753 4707 921 4778 αὐτῆς
960 4710 1043 4773 είς
1079 4710 1169 4764 τὸν
1210 4712 1464 4783 ούρανόνς
1495 4716 1604 4768 Καὶ
1629 4716 1711 4779 τίς
1735 4719 1763 4770 ὁ

194 4794 368 4861 φάναι
394 4796 550 4848 τοῦτο
568 4797 811 4867 τολμῶν;
838 4801 992 4854 Οὕτω
1015 4802 1121 4873 γὰρ
1142 4801 1248 4857 οἶδε
1271 4807 1363 4858 καὶ⁵
1384 4806 1763 4877 ἀναληφθέντα

195 4885 299 4938 καὶ
340 4884 537 4955 ἥξοντα
576 4889 717 4943 κατά
750 4892 991 4961 καιροὺς,
1018 4892 1075 4947 ὃν
1103 4894 1301 4965 τρόπον
1322 4896 1659 4968 ἀναϐέϐηκεν
1686 4900 1765 4962 είς

201 4976 295 5029 τὸν
322 4978 566 5048 οὐρανόν.
603 4980 727 5044 Πῶς
770 4978 865 5035 οῦν
899 4983 998 5037 οὐκ
1023 4984 1222 5042 ειδέναι
1252 4988 1386 5058 φησὶ
1417 4989 1557 5043 κατά
1586 4989 1764 5059 σάρκα

178 5068 366 5131 ηΥἰόνς
396 5069 518 5123 Ὀτι
549 5071 685 5140 μετά
712 5071 809 5143 τὴν
848 5074 921 5130 ἐκ,
948 5076 1155 5147 νεκρῶν
1197 5078 1514 5146 ἀναϐίωσιν,
1561 5081 1659 5134 οὐκ
1702 5083 1766 5135 ἐκ

199 5157 314 5211 τῶν
345 5160 444 5230 τῆς
473 5161 673 5231 σαρκὸς
695 5161 776 5215 ἔτι
800 5164 1035 5235 μέτρων,
1066 5165 1179 5219 ἀλλ’
1208 5168 1284 5231 ὡς
1311 5170 1375 5222 ἐκ
1406 5168 1555 5232 θείας
1592 5170 1763 5240 ὑπερ-

198 5250 340 5320 οχῆς
362 5252 582 5320 ἄμεινον
605 5254 765 5308 αὐτὸν
792 5254 989 5309 εἰδέναι
1012 5256 1104 5309 καὶ
1135 5256 1413 5328 ὁμολογεῖν
1434 5272 1447 5287 ⁸
1488 5257 1639 5311 οὔπω
1659 5260 1766 5328 7&9

202 5342 589 5415 πληρωθείσης
616 5345 715 5415 τῆς
741 5347 1072 5416 οἰκονομίας,
1101 5348 1426 5419 ἐκηρύττετο
1456 5350 1596 5402 κατά
1637 5348 1768 5419 σάρ-

200 5449 305 5495 κα,
326 5433 414 5487 ἴνα
445 5435 765 5506 πιστεύηται
796 5437 1036 5507 γεγονὼς
1060 5437 1340 5509 ἄνθρωπος
1364 5439 1393 5491 6
1420 5440 1730 5508 Μονογενής
1749 5456 1763 5470 ·

206 5523 334 5576 ἐπεὶ
360 5524 417 5577 δὲ
448 5526 755 5580 τετέλεσται
800 5528 861 5581 τὸ
894 5530 1209 5599 μυστήριον,
1244 5530 1335 5597 ἀφ’
1367 5524 1443 5583 ῶν
1485 5531 1601 5583 ἐστι
1634 5529 1767 5593 Θεὸς

207 5614 431 5685 ἄμεινον
480 5617 639 5671 αὐτὸν
674 5618 974 5688 ὁμολογεῖν,
1015 5618 1048 5689 ἢ
1079 5619 1184 5673 ἀπό
1211 5636 1271 5687 γε
1304 5618 1396 5673 τοῦ
1433 5619 1764 5673 κεκενῶσθαι

286 5792 326 5822 ⁸³
355 5790 642 5863 Remum,
682 5796 794 5853 7-9.
873 5797 918 5829 ⁸⁸
942 5796 1111 5852 Calai.
1146 5814 1215 5865 IV,
1253 5800 1303 5854 9.
1380 5797 1461 5852 "l
1491 5797 1616 5854 Cur.
1644 5814 1697 5864 ι,
1732 5796 1787 5853 ι.

1864 4722 2157 4773 secundum
2207 4733 2423 4773 carnem
2471 4716 2893 4781 resnscitatum,
2937 4729 3171 4784 cumque
3239 4716 3423 4770 eadem

1864 4810 1951 4863 illa
1978 4823 2143 4863 carne
2169 4809 2220 4862 in
2249 4808 2443 4863 coelum
2474 4807 2771 4876 profectum
2822 4807 3023 4861 norat?
3050 4806 3249 4877 Ecquis
3279 4808 3415 4862 istud

1865 4898 2049 4953 dicere
2103 4897 2327 4953 audeat?
2382 4896 2564 4952 Talem
2610 4913 2842 4967 namque
2910 4900 2959 4951 in
3008 4898 3204 4953 cmlum
3242 4914 3427 4953 ascen-

1870 4988 2035 5051 disse,
2069 5002 2133 5040 ac
2168 4985 2296 5039 olim
2334 4986 2455 5040 inde
2482 5002 2691 5040 rursum
2716 4996 3003 5040 venturum
3032 4985 3257 5049 sciebat,
3290 5001 3423 5056 qua-

1872 5078 1974 5131 lem
2033 5077 2277 5131 cmlestia
2313 5077 2533 5145 petiisse
2580 5077 2890 5146 neutiquam
2944 5077 3247 5148 ignorabat.
3283 5077 3427 5145 Quo-

1873 5171 2032 5223 modo
2063 5169 2225 5237 igitur
2256 5167 2447 5221 Filium
2483 5169 2776 5223 secundum
2810 5182 3028 5223 carnem
3059 5182 3118 5222 se
3146 5182 3306 5224 nosse
3334 5184 3426 5225 ne—

1872 5259 2289 5329 gat?Quoniam
2328 5258 2488 5313 simul
2517 5267 2678 5326 atque
2722 5274 2786 5313 ex
2820 5258 3048 5313 mortuis
3088 5259 3305 5327 revixit,
3336 5274 3427 5317 εο-

1873 5350 1980 5404 tius
2014 5364 2079 5405 ex
2128 5349 2305 5403 divina
2352 5349 2511 5419 106
2555 5349 2847 5404 eminentia
2881 5348 3032 5403 illum
3072 5359 3125 5406 et
3170 5363 3331 5406 nosse
3374 5362 3429 5405 et

1871 5438 2302 5509 proﬁteri,quam
2326 5453 2390 5493 ex
2417 5439 2599 5494 carnis
2627 5455 2901 5495 mensura.
2939 5439 3186 5507 Etenim,
3216 5440 3427 5509 dispen-

1872 5530 2095 5597 sationis
2146 5530 2401 5600 mysterio
2432 5531 2661 5587 necdum
2693 5531 2929 5602 expleto,
2962 5531 3259 5586 secundum
3303 5545 3429 5587 car-

1870 5635 1992 5675 nem
2036 5622 2443 5691 przedicabatur,
2485 5638 2591 5693 quo
2632 5622 2881 5679 nimirum
2930 5621 3253 5695 Unigenitus
3301 5637 3425 5681 care

1865 5796 1954 5851 ’τί
1988 5796 2111 5852 Cur.
2146 5811 2197 5863 ν,
2232 5796 2309 5851 10.
