4122 6474
706 398 836 456 1⁵503

1683 395 1738 448 S.
1781 390 2050 448 CYRILLI
2093 387 2558 446 ALEXANDRINI
2597 387 2916 443 ARCHIEP.

3818 376 3952 430 1504

702 517 877 570 factus
927 514 1260 568 crederetur.
1315 513 1382 570 At
1411 530 1557 578 vero,
1608 519 1944 567 sacramento
1998 511 2098 564 hoc
2143 510 2287 580 jam,

2393 508 2447 562 ιά
2485 509 2582 580 τὴν
2623 511 2824 582 σάρκα.
2867 502 2959 570 Εἷς
2996 499 3088 558 οὖν
3125 505 3358 575 Χριστὸς
3399 503 3492 558 και
3521 501 3651 562 Υἱὸς
3694 498 3794 551 καὶ
3838 496 3955 546 κο-

699 614 1096 670 consummato,
1131 615 1349 674 prrestat
1378 624 1441 660 cx
1471 605 1749 660 divinitate
1779 602 1928 655 illum
1961 614 2255 673 agnoscere
2367 617 2499 670 ριος.

700 686 1232 767 ειρτοηιετίιίιιιθηι
1290 712 1354 752 ex
1418 696 1599 752 carnis
1640 694 1946 748 humilitate
2012 703 2069 748 et
2110 691 2495 748 exinanitione.
2550 694 2706 751 Unus
2747 695 2929 762 itaque
2967 699 3049 744 est
3093 689 3345 744 Christus
3413 699 3470 744 et
3525 685 3698 740 Filius
3754 691 3814 734 et
3866 680 3962 732 Du-

703 803 900 842 minus.

778 900 798 933 ι
835 880 1000 936 Scitis
1032 881 1177 935 enim
1207 880 1436 950 gratiam
1463 878 1670 933 Domini
1699 879 1869 935 nostri
1893 878 2020 934 Jesu
2045 874 2268 940 Christi,

701 971 957 1039 quoniam
1001 980 1222 1042 propter
1247 987 1342 1026 vos
1376 985 1577 1038 egenus
1609 970 1789 1026 factus
1828 979 1942 1034 est,
1979 984 2098 1022 cum
2126 977 2273 1023 esset

704 1065 872 1129 dives,
904 1073 963 1118 ut
1009 1063 1153 1119 illius
1199 1062 1378 1131 inopia
1421 1077 1516 1118 vos
1559 1063 1756 1118 divites
1794 1061 1990 1116 essetis
2034 1061 2100 1115 ".
2149 1077 2168 1111 ι
2211 1058 2270 1115 Si

705 1156 956 1212 Christus
991 1168 1074 1212 est
1123 1163 1328 1209 tantum
1375 1155 1559 1220 homo,
1593 1170 1697 1208 non
1744 1155 2038 1207 secundum
2083 1167 2268 1208 veram

708 1256 889 1300 autem
915 1262 1034 1301 cum
1065 1246 1162 1300 Dei
1186 1245 1363 1300 Verbo
1389 1247 1644 1300 unionem
1669 1245 1980 1312 opulentus,
2006 1253 2064 1298 ut
2091 1245 2268 1312 Deus;

707 1335 979 1404 quomodo
1021 1335 1196 1389 factus
1246 1344 1330 1391 est
1375 1334 1623 1406 egenus?
1656 1332 1855 1400 Quales
1899 1335 2112 1389 tandem
2147 1345 2274 1390 sunt

707 1440 839 1494 opes
873 1435 1080 1480 natura:
1116 1426 1400 1480 humanae?
1441 1427 1634 1480 Annon
1694 1427 1838 1480 omni
1907 1426 2111 1480 homini
2143 1426 2278 1479 dici-

711 1528 798 1571 tur
830 1535 844 1570 :
885 1533 903 1567 ι
937 1515 1072 1582 Quid
1107 1517 1274 1571 habes
1305 1517 1447 1585 quod
1483 1530 1594 1570 non
1629 1515 1886 1582 accepisti
1907 1515 2000 1568 "1
2036 1534 2053 1567 ι
2078 1513 2275 1567 Verum

712 1605 801 1659 hic
831 1622 950 1660 cum
983 1609 1130 1660 dives
1151 1616 1313 1670 esset,
1334 1614 1516 1676 utpote
1541 1605 1701 1670 Deus,
1731 1605 1906 1662 lactus
1939 1615 2022 1661 est
2039 1619 2274 1675 egenus;

719 1700 986 1769 siquidem
1021 1700 1252 1756 Verbum
1284 1713 1595 1770 paternum,
1618 1701 1758 1768 quod
1798 1713 1926 1754 vere
1955 1699 2104 1752 dives
2135 1704 2277 1759 erat,

715 1793 964 1847 humana
1009 1803 1218 1846 natum
1256 1793 1618 1849 humilitatem
1671 1789 2066 1862 dispénsatorie
2117 1801 2274 1842 suam

715 1882 940 1948 faciens,
967 1881 1166 1937 factum
1211 1891 1296 1938 est
1342 1884 1519 1950 inops.
1558 1881 1709 1936 Unus
1741 1896 1872 1950 ergo
1900 1887 1984 1933 est
2029 1877 2280 1932 Christus

717 1983 771 2025 et
794 1970 984 2037 Filius,
1017 1973 1108 2042 qui
1149 1974 1366 2042 quidem
1412 1975 1561 2028 dives
1612 1983 1695 2026 est
1744 1982 1801 2025 ut
1854 1970 2029 2034 Deus;
2081 1982 2282 2039 pauper

718 2078 848 2118 vero
874 2073 978 2128 est,
1014 2065 1139 2134 quia
1170 2072 1227 2118 ut
1264 2080 1363 2119 nos
1396 2079 1490 2134 per
1517 2079 1578 2120 se
1613 2063 1995 2133 locupletaret,
2019 2061 2184 2116 homo
2210 2060 2282 2114 fa-

718 2167 841 2210 υιυε
867 2165 972 2211 081.

1151 2267 1235 2322 Ea:
1260 2267 1492 2337 Epistula
1521 2271 1588 2322 ad
1617 2266 1852 2322 Galatas.

793 2397 813 2432 ι
851 2380 1049 2435 Paulus
1087 2382 1385 2450 apostolus,
1417 2397 1524 2435 non
1556 2381 1624 2435 ab
1647 2380 1973 2445 hominibus,
1994 2393 2166 2448 neque
2188 2393 2286 2448 per

721 2471 1016 2538 hominem,
1035 2473 1128 2527 sed
1150 2487 1246 2543 per
1261 2471 1441 2527 Jesum
1459 2471 1824 2536 Christum,et
1854 2471 2020 2524 Deum
2070 2467 2284 2522 Patrem

723 2566 814 2633 qui
869 2565 1153 2620 suscitavit
1200 2580 1381 2620 euma
1436 2565 1731 2619 mortuis‘.
1786 2581 1804 2614 ι
1863 2563 2053 2616 Annon
2117 2561 2283 2614 Deum

719 2654 1085 2720 incarnatum,
1141 2668 1412 2723 unumque
1457 2669 1521 2708 cx
1580 2654 1825 2721 utrisque
1856 2652 2050 2706 Filium
2108 2663 2161 2704 et
2192 2650 2287 2704 Do-

723 2745 1273 2807 mintun,divinorum
1317 2745 1700 2815 mysteriorum
1745 2744 2011 2810 interpres
2045 2757 2140 2809 per
2173 2742 2287 2795 hac

723 2833 877 2889 nobis
902 2833 1176 2889 insinuat?
1199 2834 1335 2889 Dicit
1367 2833 1508 2889 enim
1530 2848 1588 2887 se
1612 2848 1716 2888 non
1752 2831 1821 2885 ah
1853 2831 2088 2896 homine,
2116 2843 2289 2898 neque

723 2938 821 2990 μοι’
844 2925 1134 2990 hominem,
1153 2927 1248 2980 sed
1271 2941 1362 2994 per
1389 2923 1568 2978 Iesum
1597 2923 1870 2977 Christum
1903 2923 2124 2975 missum
2147 2935 2286 2975 esse.

725 3015 864 3084 Quid
891 3016 1057 3083 ergo?
1091 3015 1342 3084 Nunquid
1403 3015 1573 3075 illum,
1606 3027 1764 3082 quem
1791 3011 2042 3065 universo
2068 3011 2183 3064 orhi
2211 3019 2291 3064 ta-

720 3110 828 3164 lem
878 3107 1229 3162 annuntiarat
1262 3107 1532 3161 hominem
1567 3119 1688 3160 esse
1723 3104 2043 3173 ignorabat?
2070 3102 2286 3171 Nequa-

721 3213 881 3270 quam
904 3218 917 3254 :
938 3207 1094 3253 norat
1117 3199 1302 3266 utique
1331 3199 1600 3252 hominem
1627 3211 1748 3250 esse
1770 3220 1782 3248 -.
1802 3203 1857 3246 at
1885 3208 1987 3247 non
2013 3193 2286 3246 hominem

723 3267 925 3355 solum,
956 3291 1050 3346 sed
1092 3289 1186 3345 Dei
1249 3289 1483 3343 Verbum
1544 3287 1817 3340 hominem
1854 3284 2077 3337 factum.
2105 3267 2290 3352 Neque

723 3383 897 3438 Deum
935 3395 1148 3434 rursum
1184 3379 1238 3433 in
1275 3378 1492 3433 homine
1558 3375 1983 3444 intelligendum,
2013 3372 2107 3428 sed
2143 3373 2292 3426 salva

725 3489 822 3542 per
845 3471 1027 3526 omnia
1056 3469 1258 3524 deitate
1305 3466 1579 3522 hominem
1627 3465 1807 3534 reipsa
1858 3461 2128 3516 effectum.
2157 3460 2294 3516 Cum

723 3579 859 3634 ergo
883 3578 942 3618 se
987 3577 1092 3617 non
1127 3561 1192 3616 ab
1243 3559 1482 3623 homine,
1515 3556 1611 3613 sed
1650 3571 1745 3627 per
1794 3553 1975 3609 Iesum
2019 3552 2291 3608 Christum

727 3658 951 3710 missum
981 3654 1128 3709 dicat
1163 3668 1180 3706 :
1213 3653 1334 3720 quis
1385 3650 1590 3704 dubitet
1629 3647 1760 3717 quin
1795 3647 2068 3702 Christum
2111 3644 2292 3699 Jesum

726 3761 912 3802 verum
939 3745 1102 3800 Deum
1138 3751 1420 3813 agnoscat,
1449 3739 1610 3794 etiam
1629 3739 1718 3793 ubi
1754 3737 1842 3792 ille
1865 3734 2088 3805 perinde
2109 3749 2174 3790 ac
2200 3748 2299 3789 nos

725 3840 874 3892 carni
924 3833 1477 3893 communicavit‘lAt
1522 3832 1712 3887 maluit
1738 3830 1958 3885 interim
2012 3827 2160 3882 illum
2204 3841 2299 3896 per

728 3929 964 3986 divinam
994 3925 1139 3980 illius
1172 3938 1334 3993 super
1363 3937 1554 3978 omnes
1584 3919 1980 3984 excellentiam,
2001 3931 2160 3986 quam
2203 3931 2300 3988 per

730 4017 1116 4074 cxinanitionis
1146 4031 1455 4072 mensuram
1481 4014 1806 4081 exprimere.

811 4228 832 4260 ι
863 4208 997 4263 Cum
1053 4219 1296 4261 essemus
1350 4203 1581 4272 parvuli,
1611 4182 1724 4256 sub
1768 4199 2052 4255 elementis
2112 4198 2295 4252 mundi

731 4313 950 4355 eramus
1008 4295 1325 4351 servientes.
1377 4294 1531 4363 107
1596 4293 1667 4346 At
1713 4292 1799 4343 ubi
1846 4291 1989 4344 venit
2025 4289 2300 4359 plenitudo

731 4387 1015 4458 temporis,
1048 4386 1198 4441 misit
1250 4383 1393 4439 Deus
1432 4383 1624 4437 Filium
1663 4395 1818 4435 suum
1850 4379 2049 4434 factum
2082 4394 2148 4434 ex
2180 4394 2298 4432 mu-

2455 900 2473 933 ι
2504 880 2806 934 Γινώσκετε
2832 877 2938 948 γὰρ
2963 874 3058 944 τὴν
3085 875 3241 943 χάριν
3268 869 3362 921 τοῦ
3395 869 3602 938 Κυρίου
3645 869 3817 935 ἡμων
3852 865 3961 929 Ἰη-

2382 973 2476 1028 σοῦ
2508 973 2768 1045 Χριστοῦ,
2801 973 2882 1025 ὅτι
2923 969 2992 1022 δι’
3021 967 3163 1036 ὑμᾶς
3207 960 3513 1030 ἐπτώχευσε
3548 959 3814 1020 πλούσιος
3861 955 3960 1014 ὢν,

2379 1065 2466 1118 ἵνα
2493 1065 2651 1134 ὑμεῖς
2672 1066 2738 1134 τῇ
2766 1059 2974 1115 ἐκείνου
2999 1053 3240 1126 πτωχείᾳ
3265 1050 3624 1118 πλουτήσητε.
3650 1067 3670 1100 ι
3702 1048 3766 1100 El
3799 1047 3964 1115 μόνον

2377 1155 2663 1224 ἄνθρωπος
2689 1155 2718 1206 6
2747 1151 2999 1222 Χριστὸς,
3036 1149 3129 1202 καὶ
3159 1145 3220 1200 οὐ
3249 1142 3370 1198 καθ’
3404 1141 3599 1194 ἕνωσιν
3645 1137 3833 1210 ἀληθῆ
3862 1138 3966 1207 τὴν

2378 1246 2514 1316 πρὸς
2541 1244 2633 1297 τὸν
2657 1243 2790 1296 Θεὸν
2817 1241 2987 1308 Λόγον
3016 1239 3288 1299 πλούσιος,
3323 1233 3398 1295 ὠς
3435 1229 3588 1292 Θεὸς,
3617 1228 3744 1291 πῶς
3780 1227 3966 1280 ἐπτώ-

2379 1354 2576 1410 χευσε;
2610 1337 2708 1400 Τίς
2737 1334 2845 1404 γὰρ
2877 1334 3015 1396 ὅλως
3046 1333 3075 1384 6
3103 1330 3202 1400 τῆς
3230 1321 3650 1398 ἁνθρωπότητος
3687 1318 3964 1378 πλοῦτο;;

2383 1434 2611 1502 Εἴρηται
2648 1429 2756 1499 γὰρ
2783 1425 3056 1496 ἀνθρώπῳ
3086 1422 3283 1477 παντί·
3333 1439 3352 1471 ι
3385 1417 3449 1470 Ti
3475 1413 3586 1484 γὰρ
3616 1412 3768 1481 ἔχεις
3802 1412 3832 1502 6
3867 1411 3960 1502 ei;

2383 1501 2604 1586 ἔλαϐες
2649 1539 2668 1572 ι
2707 1519 2846 1572 ’Λλλ⁹
2878 1517 3209 1587 ἐπτώχευσε,
3260 1512 3512 1572 πλούσιος
3557 1505 3633 1560 ὢν
3681 1503 3758 1566 ὡς
3791 1501 3964 1561 826;-

2383 1612 2696 1683 ὲπτὼχευσε
2729 1610 2855 1681 γὰρ,
2888 1607 2948 1661 τὸ
2979 1608 3078 1678 τῆς
3117 1601 3526 1673 ἀνθρωπότητος
3577 1590 3968 1683 μικροπρεπὲς

2383 1682 2806 1773 οἱκειῴσὰμενος
2854 1695 3292 1768 οἱκονομικῶς,ό
3339 1689 3595 1750 πλούσιος
3643 1683 3872 1754 ἀληθῶς
3907 1682 3969 1731 ἑκ

2312 1820 2354 1876 Β
2384 1796 2518 1852 Θεοῦ
2549 1795 2762 1866 [ἰατρὸς
2789 1793 2978 1860 Λόγος.
3011 1785 3105 1851 Εἷς
3140 1787 3249 1857 ἄρα
3284 1782 3514 1854 Χριστὸς
3552 1779 3648 1832 καὶ
3675 1776 3812 1838 Υἱός
3835 1793 3847 1803 ·
3876 1775 3970 1876 καὶ

2383 1884 2636 1947 πλούσιος
2670 1863 2790 1951 μὲν.
2821 1878 2896 1941 ὡς
2924 1876 3054 1938 Θιός
3075 1892 3088 1904 ·
3127 1871 3338 1942 πτωχὸς
3383 1869 3461 1930 δὲ.
3489 1869 3572 1920 ὅτι
3604 1866 3840 1932 γέγονεν
3874 1863 3968 1914 ἄν·

2382 1976 2621 2047 θρωπος,
2657 1973 2744 2027 ⁶ίνα
2774 1970 2935 2040 ἡμεῖς
2965 1963 3251 2035 γενώμεθα
3285 1958 3530 2013 πλούσιοι
3559 1956 3628 2008 δι’
3659 1953 3854 2007 αὐτόν.

2787 2254 2884 2307 Ἐκ
2918 2251 3029 2320 τῆς
3060 2249 3212 2318 πρὸς
3245 2246 3541 2313 Γαλάτας.

2463 2395 2482 2429 ι
2508 2371 2723 2436 Παῦλος
2757 2366 3053 2429 ἀπόστολος
3079 2405 3095 2430 ,
3131 2363 3230 2418 οὐκ
3250 2363 3345 2418 ἀπ’
3372 2360 3704 2433 ἀνθρώπων,
3732 2356 3860 2410 οὐδὲ
3905 2355 3969 2407 δι’

2385 2465 2700 2536 ἀνθρώπου,
2743 2458 2879 2514 ἀλλὰ
2907 2458 2997 2511 διὰ
3027 2453 3202 2525 Ἰησοῦ
3249 2452 3506 2525 Χριστοῦ,
3535 2450 3633 2504 καὶ
3666 2447 3811 2536 Θεοῦ
3860 2447 3972 2498 Πα-

2385 2532 2514 2626 τρὸς
2556 2552 2649 2606 τοῦ
2695 2549 3004 2620 έγείραντος
3047 2544 3210 2598 αὑτὸν
3267 2545 3330 2596 ὲκ
3375 2540 3606 2612 νεκρῶν.
3645 2558 3666 2590 ι
3696 2535 3830 2608 'Ap‘
3879 2532 3969 2589 οὖν

2385 2644 2506 2714 οὒχὶ
2545 2642 2679 2695 Θεὸν
2709 2635 3197 2709 ὲνηνθρωπηκότα,
3239 2633 3334 2684 καὶ
3378 2633 3476 2684 ἕνα
3519 2630 3613 2681 τὸν
3657 2628 3720 2690 ἐξ
3765 2627 3972 2694 ἀμφοιν

2387 2732 2677 2803 ἀποφαίνει
2713 2729 2802 2781 διὰ
2824 2726 3171 2794 τούτωνὴμῖν
3208 2724 3334 2775 Υἱὸν
3358 2723 3452 2774 καὶ
3482 2721 3692 2788 Κύριον
3725 2721 3753 2771 ὁ
3799 2733 3971 2787 μυστ·

2392 2827 2641 2898 αγωγὸςς
2684 2824 2828 2893 Ἔφη
2870 2822 2966 2891 μὲν
3011 2819 3120 2889 γὰρ
3184 2815 3542 2878 ἀπεστάλθαι,
3582 2813 3713 2866 οὕτε
3746 2812 3845 2864 ἀπ’
3879 2813 3971 2862 ἀνα

2391 2919 2645 2991 θρώπων.
2694 2913 2818 2968 οὕτε
2870 2912 2936 2965 δι’
2977 2909 3301 2978 ἀνθρώπουο
3353 2903 3715 2976 προστέθεικε
3756 2901 3847 2960 δὲ,
3896 2901 3972 2952 ὅτι

2399 2986 2441 3062 ι-
2460 3007 2620 3063 ’Λλλὰ
2647 3006 2736 3061 διὰ
2773 3001 2950 3074 Ἰησοῦ
2978 2997 3236 3071 Χριστοῦ.
3266 3016 3284 3048 ι
3315 2996 3504 3049 Καίτοι
3529 2991 3648 3055 πῶς
3691 2992 3797 3044 οῦκ
3835 2986 3974 3043 οἶδεν

2396 3101 2680 3173 ἄνθρωπον
2724 3097 2852 3149 ὄντα
2895 3090 3100 3161 Ἰησοῦν
3148 3087 3408 3158 Χριστὸν,
3437 3086 3466 3138 6
3510 3084 3658 3136 οῦτω
3697 3084 3818 3142 τοῖς
3874 3081 3974 3132 ἀνά

2397 3196 2574 3247 πᾶσαν
2599 3194 2697 3261 τὴν
2725 3185 3047 3255 οἰκουμένην
3065 3191 3095 3231 7
3130 3200 3198 3249 κη
3209 3197 3371 3247 ρυςας
3410 3176 3572 3231 αὐτόν
3598 3192 3612 3238 ;
3656 3174 3808 3225 Ἀλλ’
3833 3167 3975 3223 οἶδεν

2394 3283 2520 3334 ὄντα
2540 3281 2638 3334 οὐκ
2657 3260 2755 3332 ἄνθ
2765 3291 2940 3348 ρωπον
2964 3272 3168 3334 ἁπλῶς,
3192 3268 3348 3338 ένηνθ
3359 3263 3653 3338 ρωπηκότα
3680 3263 3738 3313 δὲ
3771 3260 3976 3330 μᾶλλον

2394 3372 2486 3423 τὸν
2509 3371 2574 3422 ὲκ
2615 3367 2750 3420 Θεοῦ
2795 3364 2992 3430 Λόγον·
3028 3361 3122 3413 xui.
3147 3361 3208 3413 οὐ
3245 3358 3378 3410 Θεὸν
3413 3358 3469 3408 έν
3499 3349 3781 3423 ἀνθρώπῳ
3830 3349 3979 3402 voci-

2400 3479 2578 3531 μενον,
2605 3459 2717 3512 ἀλλ’
2743 3458 2818 3521 ὡς
2845 3457 3165 3525 αὐτόχρημα
3195 3450 3483 3518 γενόμενον
3510 3444 3808 3513 ἄνθρωπον
3845 3441 3979 3512 μετὰ

2396 3551 2490 3605 τοῦ
2519 3546 2823 3604 εἷναιΘεόν.
2851 3547 3023 3600 Ὅταν
3058 3539 3152 3596 οὖν
3179 3540 3334 3609 λέγη,
3376 3535 3527 3608 παρὰ
3559 3534 3864 3604 ἀνθρώπου
3909 3531 3978 3600 μὴ

2399 3638 2754 3701 ἀπεστάλθαι,
2782 3637 2918 3691 ἀλλὰ
2945 3634 3032 3688 διὰ
3069 3630 3242 3702 Ἰησοῦ
3274 3625 3530 3700 Χριστοῦ·
3563 3625 3683 3686 πῶς
3707 3625 3810 3692 οὐχ
3846 3625 3980 3674 ἄπα·

2401 3752 2483 3788 σιν
2519 3731 2769 3804 ἐναργὲς,
2795 3730 2877 3784 ὅτι
2901 3727 2998 3780 καὶ
3026 3725 3157 3778 Θεὸν
3193 3721 3354 3777 αὑτὸν
3383 3716 3521 3772 οἶδεν
3548 3716 3812 3784 ἀληθινὸν
3847 3711 3980 3782 μετᾶ

2399 3827 2460 3880 τὸ
2491 3825 2586 3878 καὶ
2617 3801 2674 3876 έν
2710 3820 2873 3892 σαρκὶ
2909 3815 3165 3885 γενέσθαι
3207 3810 3328 3865 καθ’
3356 3810 3534 3878 qua;
3569 3804 3848 3874 Σημαῑνει
3877 3801 3981 3852 τοῖα

2400 3935 2495 3975 νυν
2535 3914 2696 3971 αὐτὸν
2723 3911 2823 3964 οὐκ
2867 3909 2974 3963 ἀπό
3014 3923 3076 3975 γε
3117 3905 3224 3956 τῶν
3268 3903 3365 3970 τῆς
3405 3895 3690 3956 κενώσεως
3742 3893 3976 3962 μέτρων,

2401 4005 2536 4067 ἀλλὰ
2568 4007 2632 4056 ὲκ
2665 4003 2762 4070 τῆς
2796 3999 2944 4060 θείας
2976 3993 3140 4048 αὑτοῦ
3192 3992 3286 4045 καὶ
3331 3987 3474 4042 κατὰ
3521 3986 3744 4038 πάντων
3799 3983 3976 4050 ὑπερ-

2399 4113 2556 4165 οχης.

2433 4116 2652 4238 χῗῗοτε
2694 4177 2834 4252 ἦμεν
2863 4179 3078 4248 νήπιοι,
3107 4174 3212 4228 ὑπὸ
3240 4172 3310 4226 τὰ
3357 4169 3594 4238 στοιχεῖα
3635 4163 3734 4218 τοῦ
3775 4164 3977 4232 κόσμου

2399 4273 2784 4344 δεδουλωμένα
2823 4266 2984 4340 ἦμεν.
3013 4269 3141 4321 Ὀτε
3183 4265 3239 4318 δὲ
3274 4259 3404 4335 ἦλθε
3451 4260 3511 4313 τὸ
3559 4258 3846 4327 πλήρωμα
3893 4252 3977 4304 τοῦ

2403 4366 2614 4436 χρόνον,
2660 4360 3036 4430 ἐξαπέστειλεν
3081 4359 3110 4409 6
3148 4356 3280 4419 Θεὸς
3308 4354 3398 4406 τὸν
3445 4351 3569 4404 Υἱὸν
3604 4349 3779 4403 αὑτοῦ
3833 4345 3980 4414 τενό-

732 4481 889 4543 liere,
915 4478 1115 4531 factum
1147 4475 1248 4530 sub
1281 4474 1418 4541 lege,
1448 4484 1506 4527 ut
1549 4487 1644 4527 eos
1687 4470 1779 4538 qui
1824 4473 1921 4525 suh
1949 4470 2063 4541 lege
2120 4480 2287 4531 erant.

2407 4473 2566 4526 μενον
2606 4459 2672 4510 ὲκ
2704 4451 2989 4520 γυναικὸς,
3023 4448 3312 4519 γενόμενον
3361 4445 3464 4498 ὑπὸ
3501 4443 3688 4513 νόμον,
3735 4441 3832 4491 ἵνα
3864 4440 3980 4496 τοὺς

731 4569 1042 4630 redimeret,
1071 4573 1131 4619 ut
1169 4563 1508 4632 adoptionem
1541 4560 1770 4614 tiliorum
1804 4538 2166 4627 reciperemus
2188 4557 2228 4608 ’.
2270 4574 2287 4606 ι

2392 4549 2498 4604 ὑπὸ
2537 4545 2700 4616 νόμον
2737 4542 3063 4614 δξαγορὰσῃ,
3098 4542 3185 4593 ἵνα
3217 4538 3316 4608 τὴν

733 4661 928 4726 Quem,
948 4671 1150 4726 quaeso,
1179 4655 1322 4709 Deus
1354 4652 1518 4708 Pater
1539 4667 1602 4708 ex
1635 4651 1858 4705 muliere
1901 4660 2080 4705 ortum
2111 4661 2162 4703 et
2198 4649 2296 4704 suh

736 4752 851 4818 lege
908 4749 1106 4802 factum
1150 4745 1330 4799 misit?
1368 4743 1561 4798 Annon
1620 4755 1855 4810 congrue
1923 4739 2298 4808 reSpondetur,

737 4837 1004 4908 digneque
1031 4833 1320 4901 cogitatur,
1349 4845 1470 4885 eum
1499 4829 1734 4891 misisse,
1759 4828 1848 4896 qui
1883 4839 2055 4894 neque
2078 4840 2143 4879 ex
2183 4841 2300 4877 mu-

737 4929 868 4981 liere
905 4933 1080 4979 ortus.
1109 4937 1207 4976 nec
1254 4920 1354 4990 legi
1387 4920 1561 4972 factus
1613 4925 1757 4971 esset
1797 4913 2206 4980 obnoxius,nisi
2251 4914 2301 4967 id

743 5035 860 5074 esse
884 5033 988 5073 non
1011 5015 1301 5073 desineret.
1327 5011 1470 5082 quod
1503 5019 1627 5064 ante
1658 5021 1875 5062 carnem
1908 5016 1962 5060 et
1981 5005 2299 5076 sanguinem

742 5118 1051 5177 susceptum
1078 5105 1230 5162 erat?
1263 5103 1370 5157 Res
1400 5104 1555 5171 plana
1585 5110 1706 5156 est:
1742 5098 1940 5154 etenim
1989 5097 2081 5151 Dei
2131 5093 2307 5148 Patris

741 5200 977 5254 Verbum
1010 5196 1302 5252 secundum
1331 5208 1546 5248 carnem
1577 5202 1758 5244 natum
1810 5197 1895 5243 est
1935 5203 1999 5241 ex
2045 5188 2303 5250 muliere;

3365 4535 3637 4589 υἱοθεσίαν
3691 4529 3978 4584 ἀπολάόω-

2398 4658 2517 4712 μιν.
2545 4657 2561 4689 ι
2609 4637 2744 4690 Τίνα
2776 4634 3066 4702 πέπομφεν
3095 4633 3123 4684 ὁ
3157 4629 3292 4692 Θεὸς
3317 4628 3412 4680 καὶ
3444 4624 3655 4693 Πατὴρ,
3681 4622 3741 4684 ὃς
3763 4621 3980 4690 γέγονεν

2398 4709 2464 4787 ἐκ
2505 4729 2794 4801 γυναικὸς,
2840 4724 3032 4794 γέγονε
3071 4723 3128 4776 δὲ
3169 4722 3263 4775 καὶ
3308 4719 3412 4772 ὑπὸ
3452 4715 3651 4785 νόμον;
3680 4709 3838 4782 ’Δρα
3872 4711 3981 4776 οὐχὶ

2402 4824 2568 4893 φάναι
2591 4819 2822 4892 πρέπει,
2870 4815 2965 4868 καὶ
3020 4813 3289 4884 περινοεῖν
3336 4808 3521 4872 ἄξιον,
3565 4805 3652 4858 ὅτι
3696 4803 3981 4872 πέπομφεν

2405 4892 2631 4974 ἐκεῖνον,
2653 4911 2710 4972 ὃς
2736 4910 2835 4960 οὐκ
2857 4905 2922 4960 ἂν
2949 4903 3174 4973 γέγονεν
3197 4903 3260 4954 ὲκ
3287 4895 3561 4966 γυναικὸς,
3586 4894 3699 4946 οὐδ’
3724 4892 3796 4945 ἂν
3825 4893 3981 4960 ἕτεραι

2407 5005 2493 5069 ξεν
2523 5002 2628 5056 ὑπὸ
2657 5001 2840 5070 νόμον,
2867 4999 2915 5051 εἰ
2957 4995 3032 5067 μὴ
3067 4991 3377 5064 μεμένηκεν
3405 4989 3538 5056 ὅπερ
3571 4981 3663 5055 ἦν,
3697 4983 3810 5048 ἔξω
3837 4982 3979 5050 δηλο-

2406 5095 2520 5147 νότι
2558 5090 2758 5164 σαρκὸς
2785 5090 2879 5142 καὶ
2908 5088 3170 5156 αἴματος;
3213 5080 3353 5134 Ἀλλ’
3374 5078 3486 5132 ἔστι
3520 5076 3699 5144 σαφὴς
3732 5075 3764 5126 6
3794 5075 3975 5138 λόγος·

2405 5189 2433 5238 ὁ
2463 5185 2568 5256 γὰρ
2603 5163 2668 5237 ὲκ
2712 5179 2848 5234 Θεοῦ
2897 5176 3110 5248 Πατρὸς
3142 5173 3313 5241 Λόγος
3344 5171 3567 5240 γέγονεν
3610 5168 3679 5220 ἐκ
3727 5163 3978 5233 γυναικὸς

741 5293 831 5347 ille
850 5305 1063 5345 rursum
1101 5288 1191 5359 qui
1220 5287 1456 5350 utDeus,
1479 5285 1612 5354 legis
1662 5292 1778 5336 erat
1817 5279 2099 5345 Dominus,
2132 5277 2287 5331 factu:

2409 5275 2548 5328 κατὰ
2580 5273 2790 5344 σάρκαο
2829 5272 2857 5324 6
2883 5268 2977 5322 τοῦ
3007 5267 3171 5338 νόμον
3209 5262 3411 5335 Κύριος
3454 5259 3530 5323 ὡς
3574 5259 3736 5322 Θεὸς,
3768 5259 3978 5326 γέγονεν

808 5449 892 5504 ’⁸1
924 5450 1048 5505 Cur.
1083 5463 1195 5512 vm,
1231 5445 1285 5499 9.
1361 5445 1406 5476 "
1437 5445 1452 5500 I
1478 5444 1602 5499 Cor.
1640 5455 1710 5510 tv,
1738 5440 1792 5494 7.

1873 5441 1885 5468 '
1915 5437 2091 5493 Galat.
2121 5452 2158 5500 ι,
2190 5437 2241 5490 l.
2319 5436 2338 5466 ’
2363 5432 2538 5489 Galat.
2571 5445 2641 5495 Iv,
2669 5429 2721 5483 5.

1797 5602 1968 5656 Varia:
1997 5597 2257 5655 lectiones
2285 5593 2487 5652 codicis
2517 5589 2874 5662 Seguieriani.

815 5760 842 5801 γ
866 5752 954 5804 ὑπ’
984 5750 1042 5803 οὐ
1052 5748 1227 5820 ρανὸν.
