4116 6486
696 426 831 487 1307

1664 419 1722 472 S.
1764 416 2039 474 CYIHLLI
2081 417 2550 474 ALEXANDRlNl
2588 419 2910 475 AliClIIEP.

3804 418 3935 471 1508

698 560 833 619 genu
863 542 1103 598 ﬂectatur
1128 535 1447 603 cmlestium,
1474 544 1531 591 et
1569 538 1931 602 terrestrium,
1960 548 2014 593 et
2068 540 2243 596 infer-

2387 539 2505 607 ίων,
2558 542 2655 594 καὶ
2700 538 2978 607 ἐπιγείων,
3031 537 3126 591 καὶ
3172 538 3584 611 καταχθονίων·
3636 535 3730 590 καὶ
3788 537 3940 589 πᾶσι

699 645 923 695 norum;
955 636 1010 682 et
1038 624 1215 680 omnis
1269 624 1446 694 lingua
1476 624 1804 680 conﬁteatur
1832 625 1958 693 quia
1997 627 2256 684 Dominus

699 725 852 778 Jesus
901 718 1150 775 Christus
1194 716 1246 771 in
1298 716 1465 786 gloria
1496 724 1579 770 est
1610 716 1703 771 Dei
1736 715 1916 772 Patris
1952 718 1995 773 '.
2029 737 2048 770 ι
2089 721 2255 778 Audis

703 819 801 868 hoc
832 810 1098 879 quomodo
1148 807 1402 873 Verbum,
1434 804 1574 876 quod
1606 806 1659 861 in
1687 806 1779 862 Dei
1824 808 1993 864 forma
2028 813 2261 867 exsiste-

701 909 808 969 bat,
835 911 890 958 et
940 900 1080 955 Deus
1114 910 1253 964 erat,
1306 899 1612 966 neutiquam
1658 899 1899 968 rapinam
1934 903 2257 959 arbitratum

699 994 841 1048 dicat
873 1006 992 1045 esse
1030 1006 1091 1044 se
1132 989 1388 1059 aaqnaiem
1451 989 1598 1043 Deo?
1624 988 1902 1058 Siquidem
1951 994 2257 1048 naturalem

699 1109 819 1147 cum
844 1091 953 1145 Deo
999 1090 1151 1143 Patre
1180 1086 1543 1155 aqualitatem
1577 1087 1849 1152 obtinens,
1876 1091 2021 1144 servi
2054 1090 2254 1153 forma,

702 1187 801 1238 hoc
827 1192 930 1244 est,
949 1180 1180 1234 hominis
1204 1188 1393 1232 natura
1418 1187 1683 1249 suscepta,
1705 1181 2051 1249 semetipsum
2073 1183 2261 1237 exina-

703 1272 852 1336 nivit,
905 1269 1191 1337 specieque
1244 1277 1429 1322 nostra
1476 1282 1542 1322 ac
1595 1265 1953 1323 similitudine
2013 1278 2256 1336 accepta,

701 1361 931 1428 scipsum
955 1358 1274 1412 humiliavit.
1306 1357 1663 1427 Posteaquam
1712 1373 1842 1414 vero
1868 1372 2081 1414 crucem
2100 1359 2264 1412 susti-

704 1451 836 1515 nuit,
868 1449 1160 1503 exaltatum
1196 1448 1345 1514 dicit,
1383 1450 1678 1517 datumque
1733 1449 1808 1504 illi
1867 1465 2060 1505 nomen
2117 1449 2261 1517 quod

702 1552 784 1598 est
815 1554 975 1609 super
1002 1553 1161 1594 omne
1189 1554 1384 1595 nomen
1411 1558 1425 1606 ;
1470 1541 1542 1595 ita
1584 1553 1643 1596 ut
1670 1557 1832 1597 omne
1861 1557 1997 1612 genu
2022 1541 2119 1610 ipsi
2148 1541 2259 1609 jam

705 1636 1034 1699 iucurvetur,
1070 1632 1351 1699 omnisque
1396 1631 1576 1700 lingua
1625 1635 1875 1688 eumdem
1922 1634 2259 1689 conﬁteatur.

705 1724 808 1779 Sed
843 1738 966 1792 qua,
999 1736 1203 1789 qureso,
1229 1722 1459 1787 ratione,
1487 1724 1655 1793 quiin
1676 1723 1847 1779 forma
1878 1736 1933 1782 et
1959 1725 2265 1795 aequalitate

2356 630 2576 700 γλῶσσα
2594 630 3073 702 ἐξομολογήσηται,
3099 631 3180 683 ὄτι
3214 630 3420 701 Κύριος
3451 628 3661 700 Ἰησοῦς
3693 627 3941 697 Χριστὸς

2357 725 2438 786 είς
2463 723 2619 789 δόξαν
2662 723 2796 778 Θεοῦ
2840 723 3072 793 Πατρός.
3098 741 3117 774 ι
3157 722 3321 786 Σύνες
3352 725 3499 787 ὅπως
3529 723 3621 779 τὸν
3643 723 3713 798 ¹ἐν
3749 722 3943 790 μορφῇ

2357 800 2451 868 τοῦ
2495 816 2630 870 Θεοῦ
2681 817 2777 871 καὶ
2808 815 3019 886 Πατρδς
3068 814 3380 885 ὑπάρχοντα
3428 817 3560 870 Θεὸν
3603 816 3810 884 Λόγον,
3843 813 3945 880 οὐχ

2358 906 2650 977 ἁρπαγμὸν
2677 905 2982 978 ἡγήσασθαί
3009 922 3140 976 φησι
3172 904 3231 958 τὸ
3262 900 3402 959 εἶναι
3432 909 3524 961 ίσα
3560 905 3698 977 Θεῷ.
3752 902 3947 972 Ἐχιιιν

2358 996 2466 1065 γὰρ
2495 996 2555 1049 τὸ
2582 994 2722 1051 εἶναι
2750 997 2890 1050 κατὰ
2922 995 3082 1065 φύσιν
3116 995 3175 1047 ὲν
3206 994 3411 1065 ίσότητι
3440 997 3531 1049 τοῦ
3578 995 3819 1067 Πατρὸς,
3850 1010 3948 1045 κε-

2360 1083 2595 1140 κένωκεν
2620 1087 2829 1152 ἑαυτὸν,
2853 1086 2948 1139 καὶ
2979 1084 3191 1156 μορφὴν
3211 1084 3400 1137 δούλου
3430 1084 3625 1151 λαϐὼν,
3650 1086 3950 1139 τουτέστιν

2360 1174 2645 1247 ἄνθρωπος
2690 1176 2950 1246 γεγονὼς,
2996 1175 3093 1229 καὶ
3120 1170 3231 1229 οἷον
3259 1175 3317 1227 ὲν
3345 1173 3475 1227 εῖδει
3518 1176 3601 1244 τῷ
3626 1176 3953 1245 καθ’·ἠμὶς

2362 1266 2625 1337 εὑρεθεὶς,
2653 1268 3047 1322 τεταπείνωκεν
3087 1264 3277 1319 ἑαυτὸν
3308 1266 3389 1329 είς
3418 1265 3668 1318 κένωσιν.
3709 1265 3951 1334 Ἐπειδὴ

2364 1358 2422 1412 δὲ
2467 1360 2561 1413 καὶ
2611 1360 2768 1415 αὐτὸν
2816 1360 3203 1430 ὑπομεμένηκε
3241 1359 3331 1413 τὸν
3379 1359 3629 1423 σταυρὸν,
3685 1359 3953 1427 ὑψῶσθαί

2364 1466 2527 1516 φησιν
2555 1452 2738 1517 αὐτὸν,
2762 1450 3003 1504 δεδόσθαι
3033 1451 3089 1504 δὲ
3120 1451 3268 1524 αὐτῷ
3296 1452 3393 1505 καὶ
3416 1452 3476 1504 τὸ
3504 1451 3672 1519 ὄνομα
3701 1450 3766 1502 τὸ
3802 1451 3955 1520 ὑπὲρ

2365 1542 2475 1592 πᾶν
2500 1540 2699 1612 ὄνομα·
2734 1542 2875 1597 ὥστε
2914 1544 3007 1599 καὶ⁵
3038 1545 3144 1597 πᾶν
3174 1544 3301 1613 γόνυ
3337 1543 3582 1613 κάμψαι,
3619 1542 3714 1594 καὶ
3750 1544 3957 1595 πᾶσαν

2365 1629 2513 1700 αὐτῷ
2537 1631 2784 1699 γλῶτταν
2811 1632 3333 1706 ἐξομολογήσασθαι.
3360 1632 3482 1697 Πῶς
3503 1627 3595 1686 οῦν
3616 1634 3644 1687 ὁ
3669 1632 3724 1685 ὲν
3756 1634 3955 1701 μορφῇ

2368 1722 2460 1776 καὶ
2494 1722 2697 1796 ἰσότητι
2718 1724 2812 1779 τοῦ
2838 1724 2973 1778 Θεοῦ
3000 1725 3211 1795 καθῆκε
3242 1725 3339 1795 μὲν
3363 1724 3553 1777 ἑαυτὸν
3574 1726 3654 1787 εἰς
3682 1724 3956 1784 κένωσιν.

706 1818 797 1872 Dei
827 1815 1143 1882 exsistebat,
1172 1816 1239 1871 ad
1292 1817 1715 1872 exinanitionem
1763 1833 1823 1875 se
1876 1818 2179 1879 demisisse,
2212 1829 2267 1874 ct

2380 1814 2619 1885 ῦψῶσθαι
2650 1816 2706 1869 δὲ
2747 1817 2885 1887 μετὰ
2929 1815 3088 1869 τοῦτο
3133 1815 3349 1884 λέγεται
3373 1832 3388 1881 ;
3415 1811 3542 1886 Ἆρ’
3567 1814 3693 1883 οὐχὶ
3730 1814 3957 1885 προδη-

710 1917 888 1977 pustea
908 1906 1173 1962 exaltatns
1198 1908 1543 1977 perhibetur!
1589 1910 1781 1964 Annon
1806 1908 2265 1966 evidentissimum

2380 1910 2591 1965 idcazov
2628 1911 2691 1963 τὸ
2737 1908 2830 1963 τοῦ
2877 1908 3115 1979 Χριστοῦ
3156 1909 3491 1979 μυστήριον;
3539 1906 3670 1969 Θεὸς
3702 1906 3826 1976 γὰρ
3878 1906 3959 1958 ὢν

708 2000 809 2053 hoc
852 1996 1053 2052 Christi
1099 2008 1495 2052 sacramentum
1520 1998 1639 2054 est?
1667 1998 1956 2054 Enimvero
2007 2014 2126 2054 cum
2182 2014 2270 2055 se-

708 2088 939 2144 cundum
990 2096 1240 2142 naturam
1275 2088 1417 2145 Deus
1466 2099 1636 2156 esset,
1668 2090 1845 2147 factus
1867 2092 2048 2159 homo,
2084 2092 2137 2148 in
2168 2094 2269 2149 bu-

708 2179 984 2234 tnilitatem
1021 2179 1489 2252 abiectionemque
1523 2183 1828 2239 descendit.
1855 2182 2054 2240 Factus
2087 2196 2269 2241 autem

709 2273 875 2326 nostri
900 2272 1117 2336 similis,
1146 2274 1306 2344 109
1326 2276 1488 2330 etiam
1522 2292 1645 2332 cum
1677 2292 1840 2333 carne
1880 2294 2032 2334 suam
2063 2282 2273 2337 obtinet

708 2361 955 2434 gloriam.
993 2361 1057 2415 Et
1104 2363 1217 2432 ipsa
1271 2364 1530 2420 exaltatio
1581 2381 1685 2421 oon
1736 2371 1992 2423 convenit
2024 2370 2077 2425 in
2109 2369 2272 2426 Verbi

713 2461 977 2519 naturam,
1010 2454 1103 2507 sed
1134 2454 1186 2507 in
1209 2456 1379 2523 ipsam
1404 2458 1583 2513 carnis
1608 2457 2093 2528 dispensationem.
2128 2462 2275 2519 Unus

708 2551 790 2600 est
824 2543 1002 2612 itaque
1031 2542 1277 2599 Christus
1299 2544 1440 2601 Deus
1471 2548 1523 2602 in
1554 2558 1746 2603 natura
1778 2551 2031 2619 lmmana,
2058 2562 2114 2607 et
2146 2568 2269 2609 cum

711 2644 898 2687 natura
959 2634 1211 2702 humana,
1257 2638 1487 2708 idipsum
1549 2640 1691 2707 quod
1736 2650 1861 2696 ante
1909 2651 2046 2709 erat,
2106 2647 2296 2713 usque

712 2739 1051 2793 permanens.

1080 2815 1165 2870 Ea:
1192 2816 1426 2886 Epistula
1456 2821 1524 2873 ad
1551 2820 1899 2877 Colossenses.

786 2925 805 2959 ι
828 2906 1039 2962 Gratias
1095 2921 1335 2978 agentes,
1375 2910 1568 2980 inquit,
1598 2911 1716 2967 Deo
1765 2911 2054 2985 Patri,qui
2090 2914 2280 2987 dignos

717 3016 814 3054 nos
856 2999 981 3052 fecit
1034 2999 1087 3053 in
1143 3010 1349 3070 partem
1405 3003 1569 3058 sortis
1611 3014 1924 3060 sanctorum
1957 3007 2009 3061 in
2038 3008 2277 3065 lumine:

716 3092 802 3160 qui
825 3091 1021 3158 eripuit
1057 3107 1153 3148 nos
1180 3095 1247 3147 de
1280 3105 1543 3163 potestate
1564 3096 2008 3163 tenebrarum,et
2041 3109 2272 3155 transtu-

718 3185 779 3237 lit
809 3184 860 3237 in
889 3198 1113 3252 regnum
1147 3184 1267 3239 Filii
1300 3185 1611 3279 dilectionis
1641 3202 1774 3253 suae,
1802 3189 1857 3244 in
1889 3204 1995 3259 quo
2021 3190 2279 3245 habemus
2308 3222 2352 3279 ο

722 3275 1163 3345 redemptionem,
1224 3276 1598 3332 remissionem
1652 3288 1997 3346 peccatorum
2033 3296 2048 3333 :
2083 3282 2175 3351 qui
2201 3291 2285 3337 est

722 3370 897 3435 imago
927 3366 1015 3421 Dei
1043 3368 1348 3431 invisibilis,
1368 3368 1757 3438 primogenitus
1776 3371 1956 3427 omnis
1996 3381 2280 3428 creatura.

718 3458 979 3524 Quoniam
1033 3458 1085 3512 in
1123 3460 1239 3528 ipso
1295 3460 1507 3514 condita
1543 3469 1668 3515 sunt
1719 3462 2070 3528 universa,in
2131 3464 2286 3520 caelis

721 3557 775 3602 et
797 3548 850 3601 in
874 3555 1038 3613 terra,
1060 3547 1291 3603 visibilia
1329 3559 1383 3605 et
1411 3550 1725 3616 invisibilia,
1748 3551 1864 3607 sive
1914 3551 2137 3616 Throni,
2174 3554 2286 3609 sive

726 3639 1149 3703 Dominationes,
1197 3640 1313 3695 sive
1368 3639 1728 3711 Principatus,
1784 3644 1899 3697 sive
1962 3643 2286 3712 l’otestates,

724 3732 899 3786 omnia
930 3748 1025 3803 per
1055 3736 1302 3803 ipsumet
1333 3736 1385 3789 in
1421 3737 1537 3804 ipso
1563 3748 1745 3793 creata
1770 3748 1899 3793 sunt
1926 3755 1941 3792 :
1972 3748 2025 3793 et
2064 3740 2178 3808 ipse
2205 3752 2290 3796 est

726 3832 848 3878 ante
869 3839 1077 3879 omnes.
1110 3834 1164 3879 et
1207 3826 1386 3879 omnia
1430 3828 1483 3881 in
1518 3829 1637 3897 ipso
1677 3838 1942 3885 constant.
1965 3830 2026 3884 Et
2056 3831 2169 3899 ipse
2206 3840 2290 3887 est

726 3924 884 3981 caput
912 3916 1149 3984 corporis
1174 3908 1448 3984 Ecclesiae,
1481 3920 1571 3988 qui
1595 3928 1678 3975 est
1716 3922 2061 3992 principium,
2090 3924 2290 3994 primo-

727 4007 938 4075 genitus
964 4022 1027 4059 ex
1066 4009 1327 4076 mortuis;
1356 4019 1414 4064 ut
1442 4012 1513 4066 sit
1546 4011 1598 4065 in
1627 4012 1877 4068 omnilms
1940 4014 2054 4085 ipse
2081 4014 2289 4083 prima-

732 4110 839 4149 tum
876 4107 1099 4163 tenens;
1132 4096 1256 4165 quia
1300 4098 1355 4151 in
1399 4099 1515 4168 ipso
1549 4101 1879 4168 complacuit
1926 4118 2142 4159 onmem
2179 4105 2290 4174 ple-

732 4188 1024 4243 nitudinem
1045 4188 1367 4254 inhabitare,
1384 4201 1437 4243 et
1459 4205 1556 4259 per
1586 4205 1709 4244 eum
1740 4193 2093 4249 reconciliare
2112 4196 2294 4251 omnia

2370 2000 2555 2070 φύσει,
2586 2001 2810 2070 γέγονεν
2837 2000 3122 2070 ἄνθρωπος
3148 2000 3207 2052 ἓν
3244 1997 3571 2053 ταπεινώσει
3586 1996 3680 2049 καὶ
3710 2013 3961 2066 σμικρο·

2372 2093 2634 2165 πρεπείᾳ.
2668 2091 2911 2160 Γεγονὼς
2942 2092 3001 2145 δὲ
3030 2091 3153 2146 καθ’
3181 2092 3357 2162 ἡμᾶς,
3388 2091 3469 2153 είς
3498 2088 3595 2160 τὴν
3632 2088 3839 2141 ἑαυτοῦ
3874 2088 3962 2141 δὸ-

2374 2183 2470 2248 ξαν
2511 2184 2776 2254 ἀναφοιτᾷ
2819 2184 2914 2237 καὶ
2948 2181 3087 2251 μετά
3122 2182 3343 2252 σαρκός.
3390 2180 3501 2235 Καὶ
3539 2178 3740 2251 πρέποι
3773 2178 3851 2231 ἂν
3899 2179 3963 2230 τὸ

2375 2274 2639 2343 ὑψοῦσθαι
2670 2276 2735 2345 τῇ
2769 2273 3072 2345 οἰκονομίᾳ,
3118 2271 3214 2326 καὶ
3259 2273 3319 2326 οὐ
3349 2272 3413 2343 δὴ
3457 2271 3658 2342 μᾶλλον
3702 2270 3857 2340 αὐτῇ
3893 2272 3965 2339 τῇ

2375 2366 2534 2437 φύσει
2562 2364 2656 2418 τοῦ
2688 2364 2872 2433 λόγου.
2904 2358 2999 2428 Εἲς
3034 2358 3126 2419 οὖν
3165 2363 3277 2435 ἄρα
3306 2364 3543 2434 Χριστὸς
3588 2362 3722 2424 Θεὸς
3760 2362 3829 2412 ὲν
3863 2362 3963 2413 ἁν-

2376 2457 2716 2528 ορωπότητι,
2760 2457 2859 2510 καὶ
2906 2455 3046 2528 μετὰ
3084 2456 3182 2526 τῆς
3225 2454 3645 2527 ἀνθρωπότητος
3688 2453 3972 2526 ὑπάρχων

2374 2548 2403 2602 δ
2434 2543 2523 2619 ἦν.

2740 2827 2837 2882 Ἐκ
2868 2827 2978 2896 τῆς
3012 2826 3164 2897 πρὸς
3198 2822 3597 2890 Κολασσαεῖς.
3711 2842 3714 2845 ν

2454 2939 2475 2975 ι
2504 2920 2991 2993 Εὖχαριστοῦντες,
3020 2919 3172 2989 φησὶ,
3205 2916 3284 2989 τῷ
3314 2916 3491 2989 Πατρ)⁵
3518 2914 3598 2987 τῷ
3627 2914 3970 2971 ἱκανώσαντι

2380 3017 2529 3087 ἡμᾶς
2572 3016 2651 3079 εἰς
2694 3013 2793 3083 τὴν
2830 3012 3023 3084 μερίδα
3052 3009 3149 3064 τοῦ
3182 3010 3386 3081 κλήρου
3428 3008 3539 3063 τῶν
3568 3008 3743 3077 ἀγίων
3786 3009 3856 3061 ὲν
3888 3009 3972 3078 τῷ

2382 3104 2556 3175 φυκί’
2593 3103 2653 3168 ὃς
2684 3101 2951 3176 ἐρρύσατο
2978 3102 3124 3172 ἡμᾶς
3152 3101 3218 3153 ὲκ
3256 3098 3357 3169 τῆς
3412 3098 3661 3163 ἐξουσίας
3695 3096 3791 3152 τοῦ
3832 3098 3971 3152 σκό-

2382 3196 2636 3261 τους,καὶ
2671 3195 3002 3266 μετέστησεν
3028 3194 3108 3257 είς
3132 3191 3233 3263 τὴν
3268 3189 3546 3261 βασιλείαν
3573 3188 3665 3241 τοῦ
3693 3187 3832 3241 Υίοῦ
3869 3188 3975 3259 τῆς

2384 3286 2609 3355 ἀγάπης
2651 3283 2844 3349 αὐτοῦ,
2881 3286 2950 3337 ἐν
2979 3274 3025 3350 ᾧ
3066 3281 3261 3351 ἔχομεν
3301 3280 3401 3351 τὴν
3430 3277 3837 3349 ἀπολύτρωσιν,
3869 3278 3975 3348 τὴν

2385 3378 2580 3447 ἄφεσιν
2617 3376 2726 3431 τῶν
2761 3374 3043 3447 ἁμαρτιῶν
3061 3390 3077 3405 ο
3106 3374 3167 3438 ὅς
3195 3374 3345 3426 ἑστιν
3378 3370 3544 3426 εἰκὼν
3570 3369 3664 3424 τοῦ
3694 3369 3838 3424 Θεοῦ
3870 3369 3974 3423 τοῦ

2385 3470 2643 3541 ἀοράτου,
2684 3467 3028 3539 πρωτότοκος
3064 3464 3245 3534 πάσης
3277 3464 3527 3528 κτίσεως.
3553 3464 3675 3517 Ὀτι
3704 3464 3761 3516 ἐν
3810 3462 3979 3531 αὑτῷ

2386 3559 2610 3630 ἐκτίσθη
2639 3558 2710 3612 τὰ
2737 3556 2915 3612 πάντα
2942 3558 3003 3611 ὲν
3026 3554 3107 3628 τῷ
3136 3554 3353 3628 οὐρανῷ
3381 3554 3477 3609 καὶ
3503 3554 3596 3609 ἐπὶ
3616 3554 3715 3625 τῆς
3738 3553 3876 3623 γῆς,
3901 3554 3979 3607 τὰ

2387 3650 2560 3723 ὀρατά
2587 3648 2683 3703 καὶ
2711 3648 2782 3701 τὰ
2807 3648 3035 3720 ἀόρατα,
3063 3648 3174 3701 είτε
3206 3646 3420 3718 Θρόνοι,
3463 3647 3572 3700 cits
3597 3645 3974 3718 κυριότητες,

2388 3742 2499 3796 εἶτε
2533 3740 2744 3811 Ἀρχαὶ,
2771 3739 2884 3793 eiu
2926 3739 3196 3806 Ἐξουσίαι
3215 3781 3231 3805 ,
3260 3737 3330 3791 τά
3363 3736 3541 3791 πάντα
3568 3736 3635 3790 δι’
3664 3735 3835 3791 αὑτοῦ
3871 3737 3979 3788 καὶ

2389 3836 2469 3896 είς
2493 3831 2656 3888 αὐτὸν
2685 3832 2969 3886 ἐκτισται·-
2989 3830 3085 3885 καὶ
3112 3830 3275 3895 αὐτός
3304 3831 3423 3883 ἔστι
3455 3829 3561 3899 πρὸ
3597 3828 3845 3886 πάντων.
3874 3825 3978 3878 καί

2390 3924 2458 3979 τὰ
2484 3924 2663 3978 πάντα
2688 3924 2746 3977 ὲν
2774 3921 2926 3992 αὐτῷ
2953 3920 3251 3989 συνέστηκι
3270 3936 3286 3952 ο
3312 3920 3408 3973 καὶ
3438 3918 3601 3981 αὐτός
3628 3919 3775 3969 ἑστιν
3806 3918 3848 3985 ἡ
3882 3932 3979 3969 κε-

2391 4014 2534 4086 φαλὴ
2570 4013 2663 4067 τοῦ
2705 4010 2956 4082 σώματος
2992 4010 3090 4080 τῆς
3122 4008 3476 4081 Ἑκκλησίας,
3511 4009 3570 4073 ὃς
3602 4009 3749 4062 ἐστιν
3780 4007 3977 4077 ἀρχὴ,

2393 4104 2732 4175 πρωτότοκος
2764 4104 2830 4155 ἐκ
2873 4100 2981 4153 τῶν
3011 4100 3220 4170 νεκρῶν
3241 4115 3257 4131 ο
3297 4100 3385 4153 ἵνα
3426 4100 3653 4169 γένηται
3692 4098 3751 4151 ἐν
3792 4100 3982 4152 πᾶσιν

2393 4194 2551 4256 αὐτὸς
2577 4190 2899 4263 πρωτεύωνο
2929 4190 3012 4243 ὅτι
3040 4188 3099 4241 ὲν
3128 4186 3277 4258 αὐτῷ
3305 4187 3577 4259 ηὐδόκησεν
3600 4188 3709 4240 πᾶν
3738 4186 3799 4239 τὸ
3830 4188 3983 4257 πλή-

734 4281 784 4332 in
815 4280 1014 4348 ipsum:
1036 4280 1328 4349 paciﬁcans
1352 4295 1448 4350 per
1477 4283 1792 4347 sanguinem
1816 4285 1996 4339 crucis
2020 4284 2159 4354 ejus,
2183 4289 2278 4342 sivt

2399 4300 2559 4354 ρωμα
2594 4280 2949 4350 κατοικῆσαυ,
2987 4279 3083 4333 καὶ
3111 4278 3178 4332 δι’
3212 4277 3378 4333 αὑτοῦ
3411 4277 3863 4352 ἀποκαταλλάξαι
3910 4281 3983 4333 τὰ

732 4384 850 4435 quae
898 4370 950 4422 in
1008 4369 1187 4433 terris,
1240 4370 1354 4425 sive
1402 4385 1522 4439 qua:
1575 4370 1628 4424 in
1691 4371 1844 4427 cmlis
1871 4382 2000 4426 sunt
2026 4374 2069 4428 ⁸.
2101 4393 2123 4425 ι
2158 4374 2278 4429 Ecct

2398 4376 2577 4428 πάντα
2604 4374 2683 4436 είς
2710 4372 2874 4426 αὐτόν
2891 4386 2907 4404 ⁸
2934 4370 3353 4442 είρηνοποιήσας
3379 4368 3468 4422 διὰ
3494 4367 3587 4422 τοῦ
3613 4368 3849 4440 αἵματος
3878 4372 3983 4423 τοῦ

736 4462 823 4515 hic
851 4461 997 4513 illum
1038 4477 1226 4515 rursus
1261 4462 1660 4530 inaspectabilis
1687 4462 1778 4517 Dei
1803 4464 2092 4534 imaginem
2113 4464 2278 4533 appel‘

2399 4463 2637 4535 σταυροῦ
2667 4463 2835 4519 αὑτοῦ
2874 4462 2983 4515 εἴτε
3010 4460 3081 4514 τὰ
3118 4461 3213 4513 ἐπὶ
3236 4460 3337 4530 τῆς
3367 4460 3490 4530 γῆς,
3522 4458 3633 4512 εἴτι
3658 4458 3728 4512 τά
3756 4460 3815 4511 ὲν
3862 4464 3983 4523 tot;

732 4542 843 4619 lat;
876 4550 1250 4621 Thronosquc,
1279 4552 1621 4621 Principatus
1647 4564 1703 4608 et
1733 4554 2135 4610 Dominationes
2164 4570 2278 4610 con.

2401 4558 2668 4627 οὐρανοῖς.
2696 4574 2715 4607 ι
2755 4555 2887 4609 Ἰδοὺ
2918 4554 2981 4625 δὴ
3010 4552 3172 4607 πάλιν
3202 4552 3385 4605 είκόνα
3432 4553 3531 4623 μὲν
3572 4550 3667 4604 τοῦ
3698 4550 3837 4603 Θεοῦ
3882 4553 3984 4604 τοῦ

738 4644 955 4704 didisse,
986 4645 1274 4713 omniaque
1310 4644 1361 4695 in
1400 4643 1519 4713 ipso
1573 4654 1622 4700 et
1679 4661 1774 4716 per
1825 4647 2002 4717 ipsum
2047 4657 2278 4701 constan

2403 4648 2632 4718 ἀοράτου
2671 4646 2837 4715 φησὶν
2876 4644 3065 4699 αὐτόν’
3112 4641 3360 4696 ἐκτίσθαι
3386 4641 3455 4695 δι’
3497 4641 3663 4695 αὐτοῦ
3700 4639 3983 4710 Θρόνους,

738 4744 920 4803 aperte
977 4732 1254 4788 aliirmat:
1304 4742 1414 4789 tum
1487 4739 1730 4809 corporis
1773 4751 1985 4806 quoque
2045 4738 2278 4794 Ecclesia

2404 4757 2496 4793 και
2530 4738 2730 4809 Ἀρχὰς
2748 4777 2763 4802 ν
2794 4738 2887 4790 καὶ
2916 4735 3255 4806 Κυριότητας
3301 4724 3704 4787 διαϐεϐαιοῦται
3738 4731 3942 4800 σαφῶς
3970 4750 3986 4763 ·

740 4835 921 4894 caput,
951 4826 1470 4895 primogenitumqu
1498 4842 1564 4880 ex
1611 4830 1837 4883 mortuis
1888 4832 2135 4885 eumdem
2168 4846 2301 4899 pra:-

741 4920 902 4972 dicat.
937 4917 1152 4986 Ecquis,
1179 4917 1394 4983 amabo,
1436 4917 1614 4987 imago
1664 4916 1783 4983 Dei,
1814 4919 2301 4989 universorumque

744 5011 991 5066 conditor
1042 5017 1146 5071 est,
1182 5010 1282 5061 nisi
1320 5009 1551 5079 ipsemet
1595 5010 1903 5079 unigenitus
1953 5010 2057 5066 Dei.
2097 5010 2304 5067 Filius?

747 5102 834 5169 qui
890 5101 1051 5154 etiam
1120 5100 1293 5154 factus
1337 5110 1421 5156 est
1477 5110 1813 5156 mortuorum
1877 5102 2300 5172 primogenitus;

748 5193 941 5260 quippe
973 5192 1063 5258 qui
1101 5192 1151 5244 in
1185 5192 1486 5259 suaipsius,
1515 5200 1570 5247 et
1602 5208 1709 5247 non
1766 5193 1821 5248 in
1867 5193 2094 5253 alterius
2125 5192 2306 5264 cujus—

751 5284 886 5347 piam
949 5296 1114 5335 carne
1169 5293 1394 5336 mortem
1450 5284 1689 5352 oppetiit.
1765 5284 1945 5351 Quare
2012 5302 2149 5342 unus
2214 5296 2299 5342 est

750 5373 992 5428 Christus
1018 5384 1067 5427 et
1099 5373 1287 5438 Filius,
1308 5375 1449 5430 Deus
1470 5378 1624 5430 simul
1656 5388 1710 5432 et
1742 5378 1919 5433 homo.

1039 5557 1194 5626 llo
1214 5555 1297 5610 Ex
1325 5557 1563 5626 Epistola
1594 5563 1662 5615 ad
1696 5560 1963 5616 Hebra'oa.

834 5663 852 5695 ι
911 5645 1249 5701 Mnltifariam
1316 5650 1604 5720 multisque
1639 5654 1810 5707 modis
1869 5653 1995 5707 olim
2045 5652 2182 5711 Deus
2229 5654 2318 5710 l0-

836 5805 1091 5879 ‘Philipp
1112 5824 1170 5875 n,
1194 5809 1343 5864 5-H.
1422 5810 1441 5840 ⁸
1464 5807 1672 5865 Coloss.
1707 5825 1803 5875 xu,
1832 5810 1943 5873 20..

2408 4831 2504 4886 καὶ
2529 4831 2606 4894 είς
2633 4830 2793 4884 αὑτὸν
2830 4829 2902 4883 τὰ
2948 4827 3125 4881 πάντα
3149 4827 3245 4879 καὶ
3272 4828 3331 4879 ὲν
3359 4824 3511 4897 αὐτῷ
3541 4824 3867 4878 συνεστάναι
3900 4824 3991 4877 λέο

2405 4942 2523 4995 γει·
2557 4923 2652 4977 καὶ
2689 4923 2852 4977 αὑτὸν
2892 4917 3033 4975 εἶναι
3070 4921 3171 4991 τὴν
3198 4920 3443 4993 κεφαλὴν
3467 4919 3563 4973 τοῦ
3595 4918 3848 4989 σώματος
3884 4920 3990 4990 τῆς

2420 5016 2765 5087 Ἐκκλησίας,
2794 5014 2890 5067 καὶ
2914 5013 3259 5083 πρωτότοκον
3285 5013 3350 5065 ὲκ
3372 5010 3481 5064 τῶν
3504 5007 3731 5079 νεκρῶν.
3760 5006 3863 5070 Τίς
3890 5006 3991 5062 οὖν

2408 5110 2523 5181 ἄρα
2546 5109 2691 5163 ἐστὶν
2716 5109 2749 5178 ἠ
2781 5106 2943 5161 εἰκὼν
2978 5106 3073 5159 τοῦ
3104 5103 3260 5167 Θεοῦ,
3289 5103 3318 5154 ὁ
3346 5103 3574 5172 κτίστης
3603 5099 3709 5154 τῶν
3738 5100 3909 5159 ὅλων,
3942 5102 3994 5152 si

2414 5201 2490 5272 μὴ
2522 5200 2588 5254 αὐ
2600 5199 2682 5263 τὸς
2706 5201 2734 5252 ὁ
2770 5199 3060 5269 μονογενὴς
3083 5196 3180 5250 τοῦ
3208 5194 3343 5248 Θεοῦ
3374 5192 3533 5256 Υίός;
3566 5191 3625 5254 ὃς
3652 5191 3748 5243 καὶ
3784 5191 3991 5259 γέγονε

2412 5289 2754 5361 πρωτότοκος
2799 5289 2864 5341 ἔκ
2892 5288 3123 5358 νεκρῶν,
3159 5285 3233 5349 ὡς
3274 5281 3560 5337 ἀποθανὼν
3596 5284 3665 5353 τῇ
3702 5282 3879 5350 σαρκὶ
3925 5285 3993 5351 τῇ

2417 5380 2543 5451 ἰδίᾳ,
2576 5380 2672 5433 καὶ
2713 5378 2835 5450 οὐχὶ
2882 5379 2946 5450 δὴ
2981 5378 3180 5449 μᾶλλον
3216 5378 3281 5446 τῇ
3324 5390 3469 5437 τινος
3508 5372 3715 5445 ἑτέρου.
3758 5366 3858 5435 Εἷς
3897 5369 3995 5427 οὖν

2413 5470 2647 5545 Χριστὸς
2675 5471 2771 5523 καὶ
2795 5470 2944 5534 Υἱὸς,
2969 5468 3101 5531 Θεός
3126 5484 3186 5520 τε
3212 5465 3347 5537 ὁμοῦ
3374 5466 3471 5522 καὶ
3496 5464 3806 5535 ἄνθρωπος.

2806 5559 2903 5612 Ἐκ
2934 5556 3045 5625 τῆς
3080 5557 3228 5623 πρὸς
3272 5552 3595 5622 Ἐϐραίους.

2496 5648 2882 5722 ιηιῘολυμερῶςι
2911 5648 3004 5703 καὶ
3052 5645 3408 5717 πολυτρόπως
3455 5642 3625 5698 πάλαι
3651 5643 3681 5695 ὁ
3710 5639 3844 5705 Θεὸς
3890 5640 3995 5696 λαε-
