4122 6508
215 430 356 491 1309

1321 435 1406 489 DE
1437 433 1661 489 RECTA
1700 435 1857 491 FIDE
1892 438 1983 493 AD
2014 439 2333 497 REGINAS.

3312 448 3449 502 1310

212 540 385 612 λήσας
412 545 524 604 τοῖς
558 544 828 614 πατράσιν
857 546 915 597 ἐν
946 548 1054 607 τοῖς
1089 546 1413 615 προφήταις,
1443 548 1529 598 ἐπ’
1558 546 1787 615 ἐσχάτου

1893 565 2060 617 quens
2094 554 2341 621 patribus
2380 552 2432 607 in
2458 553 2755 624 prophetis,
2790 554 3086 610 novissime
3115 554 3301 611 diebus
3330 557 3447 612 istis

214 634 325 687 τῶν
353 635 573 705 ἡμερῶν
611 635 816 689 τούτων
845 636 1103 706 ἐλάλησεν
1131 640 1261 706 ἡμῖν
1284 638 1341 689 ὲν
1368 638 1500 707 Υἱῷ,
1530 638 1587 691 ὃν
1620 638 1781 707 ἔθηκε

214 725 551 796 κληρονόμον
590 727 828 789 πάντων,
870 728 936 780 δι’
976 719 1037 779 οῦ
1073 729 1165 779 καὶ
1198 729 1324 791 τοὺς
1360 728 1557 791 αἰῶνας
1596 729 1781 797 ἐποίη-

216 831 333 867 σεν.
359 834 377 864 ι
425 815 586 868 Φύσει
628 815 739 868 τῶν
782 818 918 869 ὅλων
953 815 1154 886 Κύριος
1204 818 1341 887 μετὰ
1382 816 1476 870 τοῦ
1524 817 1657 871 Θεοῦ
1692 818 1784 869 καὶ

215 906 432 976 ΙΙατρὸς
458 907 486 957 ὁ
513 907 822 977 Μονογενὴς
848 906 1010 960 αὐτοῦ
1040 906 1209 974 Λόγος
1227 903 1367 960 εἶναι
1394 908 1779 961 πεπίστευται·

212 995 425 1045 τίθεται
462 994 519 1046 δὲ
562 994 926 1064 κληρονόμος,
984 997 1063 1048 ὅτι
1115 998 1305 1064 γέγονε
1355 997 1522 1067 σάρξο
1568 998 1780 1067 εἴρηται

214 1086 327 1155 γάρ
362 1087 497 1156 πρὸς
527 1087 707 1148 αὑτὸν,
736 1086 812 1147 ὡς
838 1085 957 1139 καθ’
983 1088 1128 1156 ἡμᾶς
1159 1086 1443 1158 ἄνθρωπον
1470 1088 1730 1155 γεγονότα
1752 1099 1779 1127 ι

214 1177 285 1229 δι’
315 1178 489 1246 ἡμᾶς·
530 1196 547 1229 ι
578 1179 804 1247 Λῖτησαι
839 1178 965 1246 παρ’
1013 1179 1169 1248 ἐμοῦ,
1199 1181 1294 1232 καὶ
1338 1179 1493 1231 δώσω
1526 1196 1607 1231 σοι
1654 1178 1780 1248 ἔθνη

215 1265 319 1336 τὴν
355 1266 714 1337 κληρονομίαν
749 1284 841 1319 σου
867 1306 881 1323 .
926 1269 1019 1319 καὶ
1055 1268 1153 1337 τὴν
1202 1268 1527 1338 κατάσχεσίν
1580 1285 1673 1320 σου
1718 1272 1782 1321 τά

217 1359 434 1425 ςτέρατα
478 1359 574 1426 τῆς
620 1358 740 1427 γῆς.
770 1378 788 1407 ι
846 1358 1007 1413 Ἀλλὰ
1050 1360 1116 1412 δι’
1159 1359 1322 1413 αὑτοῦ
1354 1360 1446 1411 τοῦ
1496 1359 1653 1422 Θεοῦ,
1690 1358 1780 1410 τοῦ

217 1448 556 1516 κληρονόμου
580 1447 669 1500 διὰ
697 1448 756 1500 τὸ
792 1449 1127 1519 ἀνθρώπινον
1148 1492 1163 1517 ,
1196 1451 1291 1503 καί⁵
1317 1450 1511 1513 αὐτοὺς
1556 1450 1784 1518 πεποιῆ-

218 1539 348 1592 σθαι
381 1541 505 1599 τοὺς
544 1539 743 1602 αἱῶνάς
780 1558 963 1611 φησιν,
1009 1544 1087 1605 εἰς
1124 1543 1183 1595 τὸ
1209 1542 1300 1594 τοῦ
1349 1542 1519 1609 Λόγου
1548 1542 1783 1612 πρεσϐύ-

215 1646 382 1683 τατον
408 1629 501 1681 τοῦ
533 1632 855 1699 πράγματος
878 1632 1090 1702 ἔχοντος
1116 1634 1213 1703 τὴν
1244 1633 1538 1704 ἀναφοράν.
1573 1628 1667 1695 Εἷς
1694 1629 1786 1685 οὖν

217 1720 327 1789 ἄρα
373 1720 609 1789 Χριστὸς
656 1723 750 1773 καὶ
781 1721 943 1786 Υἱὸς,
988 1725 1017 1776 ό
1054 1723 1216 1787 αὑτός
1254 1740 1310 1777 τε
1351 1723 1485 1793 ὁμοῦ
1525 1722 1655 1787 Θεὸς
1695 1725 1787 1777 καὶ

227 1809 328 1864 ᾶνο
340 1826 540 1879 ρωπος.
814 1837 816 1840 ν

296 1864 446 1963 «⁸⁸⁸ος
599 1901 940 1971 ἀπαύγασμα
986 1902 1086 1971 τῆς
1133 1902 1319 1971 δόξης,
1366 1902 1462 1955 καὶ
1504 1899 1783 1974 χαρακτὴρ
1818 1894 1862 1954 Β

222 1987 327 2058 τῆς
368 1990 717 2054 ὑποστάσεως
753 1990 940 2054 αὑτοῦ,
972 1992 1151 2062 φέρων
1180 2009 1239 2044 τε
1273 1991 1340 2044 τὰ
1374 1992 1550 2044 πάντα
1584 1990 1660 2064 τῷ
1695 1993 1786 2065 ῥή-

220 2094 354 2147 ματι
395 2080 492 2147 τῆς
527 2078 811 2148 δυνάμεως
855 2079 1044 2142 αὑτοῦ,
1099 2076 1435 2148 καθαρισμὸν
1466 2076 1572 2129 τῶν
1606 2078 1789 2145 ἁμαρ·

213 2169 346 2221 τιῶν
379 2169 770 2239 ποιησάμενος,
802 2169 1057 2223 ἐκάθισεν
1106 2172 1162 2222 ἐν
1200 2169 1348 2239 δεξιᾷ
1392 2167 1493 2236 τῆς
1538 2166 1789 2237 μεγαλω-

225 2260 398 2330 σύνης
431 2263 487 2312 ὲν
516 2260 739 2329 ὑψηλοῖς
758 2276 773 2290 ο
806 2260 1048 2329 τοσούτῳ
1082 2259 1345 2328 κρείττων
1372 2257 1656 2327 γενόμενος
1683 2255 1787 2308 τῶν

216 2351 484 2418 ἀγγέλων,
524 2352 635 2425 ὅσω
702 2350 1081 2420 διαφορότερον
1118 2350 1288 2419 ὄνομα
1320 2349 1449 2419 παρ’
1473 2347 1668 2410 αὐτοὺς
1700 2364 1786 2399 κε-

215 2441 613 2513 κληρονόμηκε.
647 2460 663 2493 ι
709 2441 780 2494 Τὸ
816 2440 1153 2510 ἀπαύγασμα
1200 2440 1301 2512 τῆς
1332 2439 1508 2508 δόξης,
1540 2439 1569 2492 ό
1613 2454 1787 2509 χαρα-

215 2533 359 2603 κτὴρ
389 2533 487 2603 τῆς
526 2532 875 2594 ὑποστάσεως
906 2532 1002 2584 τοῦ
1036 2530 1171 2584 Θεοῦ
1218 2531 1313 2585 καὶ
1345 2529 1577 2599 Πατρὸς,
1628 2546 1788 2581 τουτ-

214 2625 365 2676 έστιν
396 2626 424 2676 ὁ
454 2622 516 2686 ἐξ
558 2621 720 2675 αὑτοῦ
770 2622 908 2681 κατὰ
942 2621 1101 2690 φύσιν
1136 2620 1263 2684 Υἱὸς
1310 2619 1622 2691 μονογενὴς,
1668 2618 1791 2672 τίνα

213 2714 421 2785 τῴπον
452 2714 795 2784 καθαρισμὸν
830 2714 937 2765 τῶν
965 2712 1249 2783 ἁμαρτιῶν
1297 2712 1450 2782 ἡμῶν
1486 2711 1788 2781 ποιησάμε-

218 2822 329 2868 νος,
361 2806 517 2875 δῆλον
547 2804 601 2856 δὲ
634 2806 717 2857 ὅτι
749 2804 835 2856 διὰ
868 2803 961 2854 τοῦ
994 2804 1223 2870 αἵματος
1263 2802 1450 2865 αὑτοῦ,
1496 2801 1789 2853 κεκάθικεν

216 2900 278 2951 ἐν
319 2898 466 2969 δεξιᾷ
493 2897 587 2950 τοῦ
623 2896 857 2966 Πατρὸς,
888 2895 981 2947 καί
1017 2895 1279 2965 κρείττων
1307 2892 1551 2963 γενέσθαι
1575 2892 1790 2961 λέγεται

214 2989 328 3042 τῶν
370 2990 648 3057 ἀγγέλων,
706 2986 881 3040 καίτοι
926 2987 1065 3039 κατὰ
1106 2985 1267 3049 φύσιν
1300 2984 1392 3037 καὶ
1427 2988 1493 3055 τῇ
1539 2984 1639 3053 τῆς
1674 2984 1790 3037 θεό-

213 3098 380 3152 τητος
418 3084 658 3153 ὑπεροχῇ
686 3080 758 3138 τά,
787 3080 962 3132 πάντα
991 3076 1185 3141 νικῶν;
1216 3074 1422 3130 Οὐκοῦν
1452 3076 1544 3128 καὶ
1578 3074 1790 3145 ἄνθρω-

219 3190 323 3236 πος
348 3172 607 3241 γεγονὼς,
635 3172 1130 3241 πεπλεονέκτηκεν,
1147 3168 1220 3232 ὡς
1249 3166 1400 3230 Θεὸς,
1431 3166 1531 3235 τὴν
1562 3167 1789 3236 ἀόρατον

217 3224 437 3324 κτίσίν
519 3224 785 3322 αὑτὸςῶν
819 3224 1157 3328 ἀπαύγασμα
1202 3224 1295 3310 καὶ
1344 3224 1647 3327 γαρακτὴρ,
1696 3255 1791 3309 καὶ
1815 3224 1859 3283 C

218 3351 596 3422 ἐργασάμενος
644 3349 754 3402 τῶν
803 3351 1085 3420 ἁμαρτιῶν
1130 3347 1287 3419 ἡμῶν
1331 3348 1422 3399 τὸν
1455 3344 1795 3418 καθαρισμὸν

217 3444 415 3513 αἵματι
449 3441 525 3511 τῷ
566 3441 698 3511 ἰδίῳ.
731 3435 824 3503 Εἷς
870 3436 962 3492 οὖν
1016 3443 1123 3512 ἄρα
1159 3438 1389 3511 Χριστὸς
1414 3476 1428 3502 ,
1473 3437 1568 3490 καὶ
1636 3438 1792 3504 Υἱὸς,

221 3535 322 3587 καὶ
363 3532 586 3604 Κύριος.
1310 3566 1317 3567 ί

304 3646 323 3678 t
354 3626 422 3680 ’⁸0
449 3626 656 3699 τεογὰρ
696 3624 937 3694 ἁγιάζων
965 3624 1061 3677 καὶ
1089 3625 1138 3677 οἰ
1177 3623 1549 3694 ἁγιαζόμενοι,
1578 3620 1638 3685 ἐξ
1677 3621 1794 3684 ἐνὸς

221 3717 447 3780 πάντες.
477 3718 556 3770 Δι’
581 3719 648 3786 ῆν
674 3716 849 3769 αἰτίαν
877 3715 974 3774 οὐκ
1006 3713 1389 3785 ἐπαισχύνεται
1414 3711 1675 3779 ἀδελφοὺς
1703 3710 1795 3763 αὑ-

218 3811 351 3871 τοὺς
378 3809 577 3872 καλεῖν,
612 3806 817 3874 λέγων·
859 3804 1177 3874 Ἀπαγγελῶ
1219 3804 1280 3857 τὸ
1327 3802 1496 3872 ὄνομά
1544 3818 1637 3854 σου
1684 3804 1796 3865 τοῖς

223 3898 477 3967 ἀδελφοῖς
514 3916 637 3967 μου.
665 3918 683 3947 ι
720 3898 793 3949 Τὸ
821 3898 963 3950 κατὰ
992 3897 1153 3966 φύσιν
1179 3897 1331 3966 atth
1357 3896 1457 3966 οὑχ
1486 3894 1792 3963 ἁγιάζεται,

221 3994 308 4046 ὅτι
337 3992 408 4061 μή
438 3991 551 4042 ἐστι
580 3988 833 4061 προσδεὲς
850 3988 1151 4058 ἁγιασμοῦ·
1180 3990 1240 4041 τό
1269 4005 1333 4057 γε
1375 3990 1483 4059 μὴν
1537 3987 1612 4051 ὡς
1659 3986 1792 4057 μεθ-

218 4084 334 4149 έξει
380 4084 443 4151 τῇ
494 4080 621 4149 παρ’
665 4079 849 4149 ἑτέρου
879 4079 1099 4147 γεγονὸς
1146 4079 1297 4147 ἅγιον
1323 4118 1337 4140 ,
1382 4078 1632 4145 άγιάζειν
1675 4078 1793 4130 ὲτέ-

221 4192 355 4245 ρους
381 4174 442 4225 οὑ
473 4169 716 4223 δύναται.
746 4168 868 4232 Πῶς
901 4167 994 4222 οὑν
1020 4172 1047 4223 ό
1076 4170 1234 4232 αὑτὸς
1265 4168 1481 4237 ἁγιάζει
1515 4167 1609 4221 καὶ
1635 4168 1794 4236 ἁγιά-

216 4267 413 4329 ζεται,
452 4260 732 4332 ζητητέον.
768 4260 1009 4327 ’Λγιάζει
1047 4261 1244 4324 τοίνυν,
1289 4260 1363 4324 ὠς
1405 4259 1565 4324 Θεὸς,
1602 4259 1794 4329 ἰδίωμα

219 4355 441 4425 φύσεως
488 4354 586 4421 τῆς
638 4350 830 4403 ἑαυτοῦ
866 4352 925 4403 τὸ
977 4352 1220 4418 άγιάζειν
1268 4351 1531 4405 δύνασθαι
1574 4350 1790 4421 λαχών·

221 4448 508 4513 ἁγιάζεται
528 4445 584 4499 δὲ
612 4441 725 4514 μεθ’
750 4440 924 4510 ἡμῶν,
948 4442 1088 4493 κατὰ
1116 4443 1175 4494 τὸ
1203 4442 1561 4514 ἀνθρώπινον.
1586 4438 1677 4506 Εἷς
1701 4437 1793 4496 οὖν

1890 640 2096 696 locutus
2123 650 2206 697 est
2230 644 2399 698 nobis
2432 645 2485 698 in
2515 644 2672 710 Filio,
2696 659 2856 714 quem
2872 646 3153 701 constituit
3183 648 3447 703 heredem

1891 732 2288 796 universorum.
2314 750 2409 803 per
2430 750 2589 805 quem
2634 735 2762 791 fecit
2804 746 2857 791 et
2887 737 3083 791 saecula
3107 739 3155 791 ".
3193 757 3212 789 ι
3244 737 3448 805 Unige-

1892 823 2063 876 nitum
2103 822 2198 877 Dei
2238 819 2470 880 Verbum
2518 842 2621 880 una
2659 842 2783 881 cum
2814 827 2924 883 Deo
2978 829 3137 883 Patre
3188 830 3450 883 naturalis

1893 928 2070 968 rerum
2153 916 2393 969 omnium
2446 918 2703 971 Dominus
2730 934 2849 974 esse
2878 919 3160 973 creditur:
3196 929 3252 972 at
3317 918 3445 987 quia

1886 1023 2013 1062 caru
2081 1009 2277 1064 factum
2332 1020 2433 1071 est,
2471 1011 2699 1068 barredis
2754 1028 2968 1083 quoque
3040 1015 3451 1084 appellationem

1892 1100 2137 1153 sortitum
2172 1108 2275 1154 est.
2299 1100 2507 1154 Dictum
2538 1110 2619 1156 est
2651 1117 2879 1171 namque
2913 1106 2981 1158 ad
3016 1106 3173 1170 illud,
3200 1112 3450 1174 tanquam

1890 1190 1954 1241 ad
1980 1189 2247 1243 hominem
2281 1192 2447 1245 nostri
2492 1205 2655 1246 causa
2704 1193 2874 1247 nostri
2902 1194 3131 1250 similem
3168 1195 3449 1251 eﬁ‘ectum:

1895 1299 1913 1331 ι
1955 1280 2170 1334 Postula
2212 1296 2239 1333 a
2269 1296 2371 1345 me,
2409 1290 2464 1336 et
2493 1283 2631 1337 dabo
2684 1282 2782 1336 tibi
2846 1293 3031 1351 gentes
3078 1284 3450 1339 hrereditatem

1893 1382 2059 1435 tuam,
2107 1379 2161 1424 et
2216 1373 2613 1441 possessionem
2666 1382 2812 1425 tuam
2861 1376 3126 1428 terminos
3183 1383 3337 1427 terra:
3357 1376 3397 1427 ⁸.
3429 1394 3448 1425 ι

1890 1461 2270 1515 Verumtamen
2301 1478 2394 1530 per
2416 1464 2591 1532 ipsum
2618 1471 2871 1533 tanquam
2903 1480 2997 1533 per
3022 1465 3209 1528 Deum,
3237 1474 3456 1533 propter

1892 1553 2182 1607 humanam
2236 1562 2481 1607 naturam
2531 1554 2764 1610 haeredis
2817 1555 3078 1612 vocabulo
3108 1555 3453 1624 appellatum,

1895 1645 2003 1713 ipsa
2035 1659 2249 1713 quoque
2282 1644 2476 1699 saacula
2522 1647 2737 1701 condita
2777 1647 2973 1700 asserit
3014 1662 3028 1699 :
3067 1646 3254 1700 tribuit
3312 1646 3453 1699 enim

1896 1735 1945 1785 id
2013 1748 2237 1786 summa!
2297 1734 2459 1789 Verbi
2524 1736 2853 1804 antiquitati.
2925 1736 3077 1791 Unus
3138 1736 3321 1805 itaque
3376 1748 3458 1790 est

1896 1823 2146 1878 Christus
2202 1832 2250 1878 et
2286 1824 2472 1890 Filius,
2497 1825 2636 1879 idem
2672 1826 2809 1880 Dens
2842 1826 3002 1881 simul
3050 1835 3105 1881 et
3136 1827 3316 1881 homo.

1966 1932 1985 1967 ι
2011 1916 2107 1981 Qui
2143 1931 2263 1970 cum
2302 1916 2375 1970 sit
2403 1916 2658 1985 splendor
2684 1918 2889 1986 gloriae,
2914 1929 2967 1971 et
3008 1920 3176 1988 ﬁgura
3210 1920 3458 1973 substan-

1893 2006 1979 2059 tia:
2008 2008 2143 2075 eius,
2174 2017 2505 2075 portansque
2554 2009 2739 2062 omnia
2797 2008 2961 2062 verbo
2999 2009 3212 2063 virtutis
3244 2024 3375 2072 suae,
3406 2020 3460 2062 et

1891 2096 2263 2164 purgationem
2313 2105 2655 2164 peccatorum
2712 2096 2936 2162 faciens,
2983 2098 3134 2151 sedet
3172 2098 3236 2153 ad
3278 2099 3459 2151 dexte-

1893 2202 2005 2238 ram
2064 2186 2363 2254 majestatis
2408 2187 2461 2241 in
2510 2187 2958 2243 excelsisztanto
3008 2187 3203 2242 melior
3255 2186 3459 2256 angelis

1888 2278 2134 2340 eﬁ'ectus,
2175 2288 2375 2346 quanto
2401 2276 2736 2333 ditTerentius
2777 2292 2970 2332 nomen
3006 2292 3115 2345 prae
3147 2278 3251 2331 illis
3287 2280 3458 2332 luere-

1889 2367 2164 2421 ditavit’:
2190 2387 2208 2420 ι
2245 2369 2382 2434 Qua,
2414 2383 2617 2435 quaeso,
2660 2370 2871 2423 ratione
2910 2369 3171 2439 splendor
3200 2368 3291 2422 ille
3342 2366 3457 2435 glo-

1892 2460 1985 2516 ria:
2038 2467 2380 2525 pateramque
2414 2458 2729 2513 substantiae
2751 2459 3058 2524 character,
3086 2460 3186 2513 hoc
3218 2468 3301 2513 est
3335 2458 3455 2510 uni-

1892 2549 2101 2617 genitus
2127 2548 2214 2602 Dei
2248 2548 2435 2611 Filius,
2470 2548 2559 2617 qui
2613 2548 2931 2603 naturaliter
2955 2564 3021 2614 ex
3072 2548 3162 2601 illn
3195 2546 3457 2617 procedit,

1894 2650 2232 2707 peccatorum
2280 2639 2653 2708 purgationem
2710 2637 2917 2693 faciens
2962 2637 3220 2709 (dubium
3277 2647 3457 2691 autem

1894 2728 2094 2781 nullum
2119 2729 2373 2796 est,quin
2397 2744 2491 2797 per
2512 2728 2784 2796 proprium
2808 2728 3145 2797 sanguinem)
3181 2728 3245 2780 ad
3288 2724 3461 2779 Patris

1892 2820 2168 2872 dexteram
2222 2818 2526 2881 considere,
2568 2816 2804 2886 ipsisque
2848 2815 3051 2884 angelis
3104 2814 3457 2870 excellentior

1894 2908 2064 2961 factus
2088 2907 2441 2976 praedicatur?
2504 2909 2698 2960 Annon
2750 2906 3042 2959 secundum
3078 2914 3351 2964 naturam,
3376 2899 3460 2954 tli-

1892 2996 2236 3066 rinjtatisque
2259 2996 2630 3061 eminentiam,
2656 2996 2811 3067 longe
2828 2993 3044 3048 excellit
3070 2992 3247 3045 omnia
3266 2992 3291 3044 ἲ
3318 2990 3459 3044 Sane

1892 3087 2032 3139 idem
2061 3084 2282 3141 omnino
2314 3093 2371 3137 ut
2401 3083 2559 3141 Deus,
2581 3092 2925 3151 paternaeque
2948 3076 3262 3132 substantia:
3288 3076 3455 3145 ﬁgura

1892 3186 1945 3232 ct
1983 3175 2260 3246 splendor,
2296 3172 2705 3244 inspectabilem
2748 3171 2893 3224 illam
2943 3176 3247 3221 creaturam
3298 3165 3457 3233 longe

1895 3266 2115 3323 excellit
2143 3266 2302 3321 etiam
2334 3265 2493 3319 homo
2528 3263 2728 3325 factus,
2756 3260 3092 3328 etsangnine
3122 3273 3223 3314 suo
3240 3267 3457 3328 peccata

1896 3367 2077 3413 nostra
2098 3356 2415 3410 emnndaus.
2443 3354 2592 3410 Unus
2626 3354 2810 3422 itaque
2832 3361 2915 3407 est
2936 3349 3189 3407 Christus
3210 3359 3262 3405 et
3290 3347 3461 3405 Filius

1896 3462 1947 3507 et
1979 3449 2258 3506 Dominus.

1969 3650 1988 3683 ι
2030 3628 2130 3696 Qui
2185 3628 2510 3695 sanctiﬁcat,
2541 3638 2596 3685 et
2632 3628 2723 3699 qui
2779 3628 3208 3687 sanctiﬁcautur.
3237 3639 3301 3678 ex
3350 3636 3456 3673 uno

1893 3718 2351 3788 omnes.Proptcr
2380 3734 2541 3789 quam
2565 3734 2785 3774 causam
2815 3733 2920 3771 non
2948 3715 3297 3771 confunditur
3345 3710 3455 3763 fra-

1897 3823 2004 3867 tres
2030 3826 2123 3865 eos
2182 3802 2395 3873 vocare,
2427 3808 2648 3864 dicens:
2682 3807 3029 3864 Annttntiabo
3075 3821 3267 3859 nomen
3304 3811 3453 3856 tuum

1896 3900 2155 3955 fratribus
2219 3898 2354 3953 meis
2388 3898 2453 3951 ¹⁰.
2485 3917 2503 3949 ι
2541 3896 2691 3963 Quod
2739 3905 2929 3965 suapte
2983 3904 3176 3949 natura
3218 3898 3457 3946 sanctum

1893 3999 1998 4057 esl,
2029 3989 2080 4043 id
2112 4003 2219 4043 non
2258 3988 2663 4048 sattctiiicatur;
2695 3984 3129 4054 quandoquidem
3156 3979 3306 4049 ιιι
3332 3992 3459 4030 sau-

1893 4081 2227 4138 ctilicatinne
2280 4075 2420 4132 nulla
2472 4077 2702 4144 indiget.
2734 4074 2887 4140 Quod
2930 4084 3106 4127 autem
3166 4067 3457 4140 participa-

1897 4175 2039 4229 tione
2068 4170 2301 4241 quadam
2337 4168 2406 4223 ab
2461 4167 2568 4222 alio
2596 4166 3082 4221 sattctiticationem
3112 4165 3458 4217 consecutum

1893 4273 1996 4327 est,
2034 4264 2086 4319 id
2117 4262 2253 4317 alios
2278 4259 2622 4315 sanetiﬁcare
2662 4272 2767 4311 non
2802 4265 2993 4326 potest.
3025 4253 3294 4321 Qnrcritnr
3333 4258 3461 4314 ergo

1894 4354 2162 4423 quomodo
2183 4352 2323 4407 idem
2354 4350 2677 4411 sanctiﬁcat,
2696 4346 3038 4414 vicissimque
3065 4341 3456 4398 sanctiﬁcetnr.

1895 4446 2044 4501 Haud
2071 4442 2231 4498 dubie
2252 4440 2485 4496 Verbum
2541 4439 2904 4499 incarnatum,
2932 4445 2989 4488 ut
3022 4434 3182 4496 Deus,
3212 4424 3456 4485 sanctiﬁ-

219 4538 333 4606 ἄρα
360 4538 587 4609 Χριστὸς
615 4534 705 4589 καὶ
734 4532 859 4594 Υἱὸς
893 4532 982 4584 καὶ
1012 4532 1215 4601 Κύριος
1238 4573 1254 4597 ,
1286 4535 1526 4601 ἁγιάζων
1556 4534 1654 4604 μὲν
1684 4533 1791 4586 θεῖ-

1895 4546 2000 4599 cat,
2030 4544 2088 4587 ut
2130 4534 2271 4601 quod
2321 4525 2694 4585 sanctiﬁcandi
2753 4524 2858 4576 vim
2914 4538 3023 4576 sua:
3076 4532 3280 4574 naturae
3334 4528 3459 4581 pro-

220 4627 359 4689 κῶς,
388 4628 743 4699 ἁγιαζόμενος
783 4625 838 4677 δὲ
869 4623 985 4694 μεθ’
1012 4626 1042 4693 ἡ
1054 4624 1167 4691 μῶν
1197 4626 1569 4695 ἀνθρωπίνως.

1890 4628 2172 4698 prietatem
2233 4622 2592 4676 obtineatzat
2652 4630 2777 4668 vero
2825 4615 3118 4668 secundum
3172 4612 3457 4665 humanam

221 4727 497 4780 naturam,
540 4721 815 4775 uobiscum
868 4716 1251 4771 sanctiﬁcatnr.
1282 4716 1435 4771 Unus
1495 4718 1657 4787 igitur
1701 4731 1785 4775 cst
1825 4719 2070 4775 Christus
2110 4723 2165 4767 et
2230 4710 2487 4765 Dominus
2554 4717 2608 4763 et
2647 4706 2835 4774 Filius,
2866 4705 3214 4763 sanctiﬁcans
3245 4701 3456 4770 quidem

222 4820 285 4863 ut
313 4805 473 4869 Dt'us.
500 4809 977 4864 sanctiﬁcatiouetn
1010 4815 1195 4858 autem
1234 4808 1505 4873 accipiens
1557 4811 1791 4864 humano
1831 4822 1977 4863 more
2015 4803 2313 4858 uobiscum.

308 4919 325 4951 ι
357 4900 659 4968 Κεφάλαιον
686 4905 742 4957 δὲ
766 4904 790 4943 δ
822 4904 931 4964 τοῖς
962 4898 1270 4969 λεγομένοις
1298 4910 1344 4937 ο·
1381 4901 1633 4954 Τοιοῦτον
1677 4903 1792 4972 ἔχο-

226 5007 333 5063 μεν
361 4991 639 5060 ἀρχιερέα,
680 4993 738 5057 ὃς
778 4992 1029 5046 ἐκάθισεν
1060 4991 1119 5040 ὲν
1154 4988 1301 5058 δεξιᾷ
1332 4988 1424 5041 τοῦ
1471 4989 1657 5059 θρόνου
1692 4991 1793 5059 τῆς

227 5079 617 5157 μεεγαλωσύνης
656 5085 711 5135 ἐν
740 5088 849 5148 τοῖς
887 5084 1149 5154 οὐρανοῖς,
1194 5078 1300 5131 τῶν
1333 5079 1501 5146 ἁγίων
1546 5080 1791 5149 λειτουρ-

224 5173 345 5241 τὸς,
385 5169 477 5223 κιὶ
508 5170 604 5238 τῆς
633 5175 832 5243 σκηνῆς
863 5175 961 5245 τῆς
988 5170 1264 5244 ἀληθινῆς,
1295 5171 1361 5241 ἣν
1392 5168 1588 5237 ἔπηξεν
1618 5169 1645 5220 ὁ
1678 5169 1791 5221 Κύ-

228 5280 368 5337 ριος,
410 5261 500 5312 καλ⁸
528 5261 624 5312 οὐκ
667 5262 967 5333 ἄνθρωπος.
993 5284 1010 5316 ›
1046 5265 1107 5317 Εἰ
1138 5263 1243 5325 πᾶς
1276 5261 1471 5328 ἱερεὺς,
1508 5260 1651 5311 καθά
1687 5276 1792 5330 φη-

225 5370 321 5409 σιν
350 5354 378 5406 ό
425 5349 688 5423 μακάριος
718 5354 946 5422 Παῦλος,
974 5359 1051 5421 εἰς
1081 5355 1141 5410 τὸ
1184 5352 1511 5426 προσφέρειν
1540 5351 1690 5424 δῶρά
1732 5368 1792 5404 τε

307 5511 327 5542 ⁷
354 5508 511 5563 llcbr.
540 5523 578 5571 t,
609 5509 657 5571 t,
688 5507 742 5560 ἓ.
820 5509 842 5539 ⁸
867 5510 1005 5566 Psal.
1036 5527 1090 5577 ιι,
1123 5513 1177 5568 8.
1251 5510 1272 5543 ⁸
1294 5507 1455 5563 Hebr.
1485 5524 1524 5573 t,
1558 5508 1611 5575 3,
1644 5509 1695 5562 ι.

1775 5508 1818 5539 ¹⁰
1843 5506 2004 5561 llebr.
2032 5520 2092 5569 tt,
2123 5505 2209 5567 11,
2242 5501 2329 5555 12.

1974 4918 1992 4950 ι
2028 4894 2330 4964 Capitnlum
2367 4902 2545 4949 autem
2581 4909 2743 4964 super
2770 4908 2835 4947 ea
2871 4907 2988 4961 qum
3022 4892 3269 4944 dicuntur
3303 4904 3317 4939 :
3352 4883 3453 4936 Ta-

1898 4987 1997 5047 lem
2042 4988 2305 5041 habemus
2354 4986 2687 5055 pontiﬁcem,
2731 4985 2819 5051 qtti
2864 4981 3105 5036 consedit
3146 4980 3197 5033 in
3237 4978 3453 5031 dextera

1895 5082 2039 5136 sedis
2067 5080 2457 5149 magnitudinis
2485 5079 2538 5132 in
2570 5077 2743 5138 caelis,
2770 5081 3079 5125 sanctorum
3113 5070 3375 5129 minister,
3404 5077 3457 5121 et

1895 5169 2224 5225 tabernaculi
2247 5170 2377 5232 veri,
2399 5169 2539 5237 quod
2559 5166 2671 5217 ﬁxit
2688 5162 2962 5225 Dominus,
2981 5171 3035 5215 et
3053 5159 3327 5213 nonbomo
3343 5158 3407 5209 “.
3433 5175 3451 5205 ι

1896 5258 1953 5314 Si
1982 5259 2130 5328 juxta
2161 5259 2299 5313 beati
2359 5254 2507 5309 Pauli
2555 5253 2852 5304 doctrinam
2898 5248 3075 5301 omnis
3103 5245 3352 5300 sacerdos
3388 5244 3455 5295 ad

1894 5351 2222 5408 oﬂerenduut
2252 5352 2388 5403 dona
2438 5354 2490 5401 et
2544 5342 2810 5399 sacriﬁcia
2850 5341 3176 5404 assumitur,
3208 5352 3311 5391 non
3350 5333 3453 5389 sibi

2412 5500 2451 5532 ¹¹
2480 5497 2645 5555 llebr.
2678 5513 2795 5565 \‘llt,
2834 5496 2885 5560 1,
2913 5495 2974 5550 2.

1285 5663 1454 5717 Varia:
1480 5660 1734 5715 lectiones
1762 5657 1963 5713 codicis
2000 5651 2362 5720 Seguieriaui.

358 5799 647 5869 πεφηνότα.
724 5796 750 5836 δ
785 5796 893 5849 ἐπί·
940 5810 959 5837 ε
998 5800 1322 5869 εἰρημένοις·
