4116 6482
675 418 809 475 13η
1692 419 1751 475 S.
1792 414 2069 475 CYRILLI
2106 408 2570 472 ALEXANDRINI
2608 404 2929 463 ARCHIEP.
3808 389 3961 449 1312

674 530 831 585 litant
859 530 949 603 qui
981 530 1047 585 ad
1089 529 1381 588 sacerdotii
1426 529 1757 588 iunctionem
1806 526 2245 602 seliguntur,sed

2364 523 2438 577 ιαὶ
2484 521 2675 585 θυσίας
2724 514 3246 591 παραλαμϐάνεται,
3297 510 3398 584 οὐχ
3449 509 3667 573 ἑαυτοῖς
3712 505 3955 560 τελοῦσι

674 622 916 687 Deo,cui
956 624 1025 679 ab
1074 622 1326 678 universa
1368 634 1616 680 creatura
1659 624 1837 680 cultus
1866 622 2247 689 veneratioque

2364 615 2446 680 τὰς
2485 613 2741 686 λατρείας
2768 613 2815 666 oi
2846 607 3171 679 καλούμενοι
3199 604 3337 676 πρὸς
3368 601 3693 675 ἱερωσύνην,
3720 598 3862 669 θεῷ
3890 600 3955 653 δὲ

676 712 1007 768 debeturzat
1035 713 1126 783 qui
1180 713 1291 769 Deo
1326 714 1656 781 ministrant,
1684 730 1789 771 non
1840 714 2080 783 ejusdem
2124 725 2245 766 cum

2364 707 2567 771 ιᾶλλον,
2593 700 2637 775 ᾧ
2668 704 2727 759 τὸ
2758 702 2911 773 παρὰ
2937 701 3120 769 πάσης
3156 696 3386 761 κτίσεως
3422 693 3698 765 ὀφείλεται
3726 691 3918 753 σέϐας
3939 709 3953 721 ·

676 804 786 860 Deo
814 807 1023 861 ordinis
1062 814 1243 871 erunt,
1277 821 1450 877 neque
1495 808 1723 876 gloriam
1752 807 2156 874 eamdem,qute
2193 802 2246 857 in

2364 800 2460 855 sae
2502 798 2621 868 Θεῷ
2656 793 3007 867 λειτουργῶν,
3052 792 3156 847 οὐκ
3198 792 3257 844 ὲν
3302 790 3406 860 ῐσῳ
3451 786 3636 877 μέτρῳ
3683 784 3957 837 κείσεται

1692 419 1751 475 S.
1792 414 2069 476 CYRILLI
2106 408 2570 472 ALEXANDRINI
2608 404 2929 463 ARCHIEP.

677 897 850 965 ipsum
880 897 1050 952 solum
1066 898 1337 964 convenit,
1369 898 1704 963 sortientur;
1732 912 1903 967 ecquo
1930 911 2060 964 ergo
2089 895 2249 951 modo

676 988 942 1055 Christus,
965 999 1147 1045 noster
1161 990 1398 1060 pontifex
1421 989 1668 1053 eﬂ‘ectus,
1690 990 1741 1044 in
1764 990 1984 1044 dextera
2001 989 2093 1044 Dei
2115 988 2251 1043 assi-

679 1075 788 1140 det,
816 1078 1489 1150 thronumquemajeslatis
1518 1081 1568 1134 in
1586 1081 1741 1136 cmlis
1769 1080 2001 1146 obtinet,
2030 1088 2250 1135 sancto-

680 1181 906 1239 rumque
931 1187 994 1226 ac
1020 1172 1237 1240 superni
1258 1182 1312 1227 et
1342 1172 1457 1227 veri
1477 1171 1619 1227 illius
1636 1171 1974 1227 tabernaculi
1989 1171 2249 1227 sacerdos

678 1263 1003 1318 constitutus
1032 1275 1115 1319 est
1141 1280 1156 1329 ;
1187 1274 1240 1317 et
1275 1262 1419 1318 Patri
1447 1273 1502 1318 et
1539 1263 1730 1334 sibipsi
1759 1279 1978 1335 quoque
2008 1264 2251 1318 omnium

678 1366 870 1421 preces
897 1337 1164 1411 ollerens?
1208 1355 1359 1411 Unus
1389 1356 1553 1427 igitur
1582 1368 1664 1413 est
1697 1357 1953 1412 Christus
1980 1353 2249 1420 etFilius,

680 1446 772 1513 qui
797 1446 1011 1514 quidem
1048 1457 1106 1502 ut
1139 1449 1373 1512 Dens,in
1399 1448 1705 1504 divinitatis
1740 1462 1851 1502 sua:
1883 1448 2078 1502 throno
2123 1461 2257 1501 con-

682 1534 858 1603 sidet;
888 1546 945 1589 ut
967 1554 1098 1593 vero
1128 1540 1307 1594 divina
1342 1538 1744 1607 dispensatione
1770 1536 2020 1591 humana:
2047 1545 2257 1589 natura:

681 1627 953 1694 particeps
982 1628 1226 1694 effectus,
1252 1630 1482 1685 ministri
1523 1628 1899 1700 pontiﬁcisoue
1944 1627 2120 1684 locum
2159 1642 2258 1681 n0-

684 1733 915 1788 rnenque
939 1722 1162 1776 sortitus
1200 1732 1305 1777 est.

758 1829 779 1863 ι
809 1809 1039 1883 Ideoque
1060 1824 1115 1869 et
1146 1828 1245 1870 nos
1277 1822 1481 1868 tantam
1514 1813 1777 1869 habentes
1830 1811 2137 1881 impositam
2163 1825 2262 1864 nn-

2348 890 2507 957 Θεοῦ,
2548 890 2673 944 οὔτε
2715 889 2819 960 μὴν
2848 880 2947 957 τὴν
2975 883 3124 956 αύτῷ
3163 882 3260 938 καὶ
3291 880 3437 952 μόνῳ
3477 876 3814 946 πρέπουσαν
3848 891 3955 942 φο-

2353 982 2500 1057 ρέσει
2544 979 2722 1045 δόξαν.
2770 973 2902 1029 Εἶτα
2929 974 3048 1039 πῶς
3092 969 3385 1044 ἀρχιερεὺς
3430 966 3589 1038 ἡμῶν
3627 963 3894 1057 faro-veli;
3932 962 3962 1011 ὁ

2351 1053 2606 1145 Χριστὸς,
2637 1070 2695 1123 ὲν
2725 1067 2877 1138 δεξιᾷ
2908 1066 3146 1137 κάθηται
3172 1062 3269 1117 τοῦ
3303 1058 3460 1123 Θεοῦ,
3489 1057 3585 1110 καὶ
3615 1056 3707 1109 τὸν
3745 1053 3963 1145 θρόνρν

2353 1142 2468 1235 ἔχει
2508 1167 2610 1233 τῆς
2659 1158 3050 1233 μεγαλωσύνης
3098 1158 3156 1209 ὲν
3196 1155 3309 1217 τοῖς
3348 1150 3634 1224 οὐρανοῖς,
3679 1146 3787 1199 καὶ
3838 1142 3960 1195 τῶν

2355 1256 2523 1325 ἁγίων
2562 1252 2680 1307 ἐστὶ
2714 1249 3049 1321 λειτουργὸς,
3079 1248 3175 1301 καὶ
3206 1247 3304 1318 τῆς
3340 1243 3544 1316 σκηνῆς
3565 1240 3670 1313 τῆς
3694 1241 3826 1295 ἄνω
3858 1239 3965 1290 καὶ

2356 1346 2636 1419 ἀληθινῆς,
2664 1342 2842 1415 ἑαυτῷ
2874 1359 2934 1397 τε
2964 1342 3059 1395 καὶ
3086 1339 3163 1411 τῷ
3200 1338 3378 1409 ΙΙατρὶ
3406 1334 3803 1408 προσκομίζων
3851 1331 3961 1389 τὰς

2355 1440 2508 1511 παρὰ
2550 1439 2768 1493 πάντων
2800 1434 3092 1505 λατρείας
3135 1427 3229 1495 Εἷς
3268 1432 3375 1501 ἄρα
3403 1429 3520 1485 ἐστὶ
3566 1424 3817 1497 Χριστὸς
3861 1424 3966 1476 καὶ

2360 1532 2507 1597 Υἱὸς,
2543 1529 2854 1601 καθήμενος
2882 1526 2979 1596 μὲν
3007 1523 3205 1586 θεῖκῶς
3236 1524 3295 1575 ὲν
3327 1521 3405 1591 τῷ
3442 1521 3541 1590 τῆς
3570 1518 3704 1575 ιδίας
3746 1516 3967 1584 θεότη-

2359 1642 2451 1689 τος
2496 1623 2691 1694 θρόνῳ,
2739 1614 3163 1690 κεχρηματικὼς
3191 1614 3249 1667 δὲ
3285 1613 3461 1684 ἱερεὺς
3499 1610 3590 1664 καὶ
3620 1607 3967 1678 λειτουργὸς

2361 1713 2719 1785 οἰκονομικῶς
2742 1711 2830 1764 διὰ
2855 1712 2919 1773 τὸ
2945 1706 3309 1779 ἀνθρώπινον.

2441 1827 2460 1861 ι
2490 1804 2793 1877 Τοιγαροῦν
2827 1803 2922 1858 καὶ
2955 1803 3117 1873 ἡμεῖς
3160 1797 3415 1852 τοσοῦτον
3448 1794 3657 1864 ἔχοντες
3691 1789 3963 1860 περικεί-

685 1904 805 1957 bem
831 1882 1072 1967 testium.
1103 1907 1431 1976 deponentes
1474 1919 1636 1961 omne
1681 1904 1891 1974 pondus
1920 1913 1974 1959 et
2023 1904 2259 1959 circum-

2365 1915 2527 1972 μενον
2587 1898 2721 1968 ἡμῖν
2781 1895 2947 1965 νέφος
3017 1890 3341 1964 μαρτύρων,
3391 1887 3551 1954 ὄγκον
3610 1882 3964 1952 ἀποθέμενοι

684 2004 834 2049 stans
883 2011 980 2052 nos
1018 2007 1324 2066 peccatum,
1364 2012 1460 2067 per
1502 1996 1823 2068 patientiam
1876 2009 2161 2052 curramus
2192 1993 2261 2049 ad

683 2086 1017 2152 propositum
1040 2088 1197 2142 nobis
1225 2098 1524 2151 certamen,
1546 2086 1883 2157 aspicientes
1910 2086 1963 2141 in
1982 2094 2259 2140 auctorem

680 2170 806 2227 ﬁdei
856 2183 921 2229 vet
984 2185 1475 2231 consummatorem
1550 2175 1734 2231 .lesum
1788 2175 2115 2239 Christum,
2167 2175 2257 2243 qui

681 2264 957 2332 proposito
989 2266 1090 2318 sibi
1131 2265 1330 2335 gaudio
1363 2266 1624 2321 sustinuit
1668 2263 2262 2330 crueem,.coniusione

681 2364 1011 2424 contempta,
1041 2367 1202 2425 atque
1247 2360 1298 2411 in
1340 2360 1561 2413 dextera
1621 2358 1767 2413 sedis
1817 2356 1910 2411 Dei
1955 2358 2107 2411 sedet
2141 2356 2203 2410 “.
2237 2375 2255 2408 ι

682 2444 740 2498 Si
772 2443 1022 2502 Christus
1053 2457 1371 2502 estlantnm
1415 2450 1598 2515 homo,
1629 2458 1684 2505 et
1730 2463 1834 2503 non
1889 2448 2027 2502 Deus
2078 2456 2261 2501 nostra

682 2550 846 2590 carne
874 2552 1001 2592 vere
1032 2539 1273 2603 indutus,
1299 2540 1570 2609 quodnam
1632 2539 1885 2609 gaudium
1927 2540 2027 2608 ipsi
2063 2552 2265 2607 propo-

682 2628 844 2683 situm
874 2628 1007 2683 dicit
1030 2633 1443 2701 ;:antquomodo
1466 2630 1531 2685 ad
1563 2629 2265 2701 divinmmajestatisdexte-

682 2733 796 2774 ram
829 2722 1109 2777 consedit?
1132 2722 1293 2792 Atqui
1327 2724 1577 2794 gaudium
1603 2731 1719 2777 erat
1750 2723 1824 2777 illi
1863 2722 2199 2794 propositum
2230 2737 2247 2776 :

682 2813 944 2884 siquidem
968 2830 1224 2885 suprema
1262 2816 1335 2870 illi
1370 2826 1560 2870 natura
1626 2816 1676 2869 in
1741 2816 2019 2884 perpetuis
2054 2813 2264 2869 deliciis

686 2919 855 2977 usque
870 2915 1149 2962 versatur:
1176 2915 1227 2961 et
1259 2921 1508 2975 corpore,
1528 2908 1670 2974 quod
1702 2904 1946 2973 (δι’υοὶῆεὶ
1977 2904 2135 2973 112
2159 2918 2260 2973 po-

689 3009 849 3066 terat,
872 3012 1167 3070 assumpto.
1200 3015 1419 3056 crucem
1445 2998 1722 3065 sustinuit,
1745 2998 2032 3066 crucisque
2055 2995 2262 3065 suppli-

686 3091 826 3147 cium
862 3109 1170 3163 perpessus,
1197 3094 1304 3149 Deo
1323 3104 1375 3148 et
1405 3092 1553 3148 Patri
1604 3093 1821 3146 dextera
1860 3090 2079 3145 assedit.
2114 3088 2264 3145 Unus

684 3185 910 3260 proinde
962 3187 1224 3241 Dominus
1268 3184 1427 3240 Jesus
1474 3184 1747 3246 Christus,
1786 3181 2082 3237 crucifixus
2139 3181 2260 3251 qui-

2362 1994 2540 2049 τιάντα
2589 1991 2687 2047 καὶ
2729 1990 2826 2061 τὴν
2857 1986 3248 2058 εὐπερίστατον
3293 1977 3589 2050 ἁμαρτίαν,
3630 1976 3697 2029 δι’
3727 1977 3963 2044 ὑπομοο

2361 2084 2458 2154 γῆς
2501 2081 2788 2154 τρέχωμεν
2820 2078 2912 2131 τὸν
2945 2073 3305 2146 προκείμενον
3353 2070 3486 2139 ἡμῖν
3548 2067 3774 2135 ἀγῶνα,
3846 2069 3965 2134 ἀφ-

2361 2173 2593 2244 ορῶντες
2625 2174 2704 2235 εἰς
2737 2170 2829 2224 τὸν
2845 2170 2945 2240 τῆς
2970 2167 3209 2228 πίστεως
3243 2156 3487 2232 ἀρχηγῶν
3517 2161 3609 2213 καὶ
3648 2158 3965 2228 τελειωτὴν

2374 2265 2582 2335 Ἰησοῦν
2632 2262 2901 2335 Χριστόνδ
2941 2259 3000 2321 ὃς
3052 2257 3174 2311 ἀντὶ
3220 2254 3322 2325 τῆς
3371 2251 3737 2324 προκειμένης
3798 2251 3965 2319 αὐτῷ

2361 2360 2537 2430 χαρᾶς
2588 2358 2851 2427 ὑπέμεινε
2892 2352 3143 2425 σταυρὸν,
3181 2348 3447 2419 αἰσχύνης
3492 2347 3961 2413 καταφρονήσας,

2364 2454 2458 2507 καὶ
2497 2454 2555 2505 ὲν
2586 2449 2738 2522 δεξιᾷ
2789 2447 2883 2502 τοῦ
2920 2447 3110 2517 θρόνου
3147 2441 3247 2501 τοῦ
3293 2439 3431 2495 Θεοῦ
3476 2437 3795 2493 κεκάθικεν.
3827 2455 3848 2486 ι
3900 2437 3961 2488 Εἰ

2365 2543 2543 2605 κοινὸς
2574 2542 2858 2611 ἅνθρωπος
2884 2541 2912 2591 ὁ
2944 2535 3199 2608 Χριστὸς,
3238 2533 3331 2586 καὶ
3361 2532 3421 2583 ού
3454 2530 3585 2591 Θεὸς
3615 2526 3868 2594 ἀληθῶς.
3907 2529 3965 2578 ἑν

2366 2634 2532 2706 σαρκί
2573 2649 2634 2685 τε
2684 2629 2807 2685 καθ’
2831 2628 3014 2699 ἡμᾶς,
3051 2626 3209 2679 ποίαν
3249 2621 3397 2693 αύτῷ
3449 2616 3790 2691 προκεῖσθαί
3823 2634 3966 2687 φησι

2364 2724 2464 2796 τὴν
2506 2724 2715 2795 χαράν;
2754 2720 2788 2792 ἢ
2830 2718 2951 2783 πῶς
2992 2716 3287 2771 κεκάθικεν
3327 2715 3385 2767 ἐν
3426 2711 3575 2782 δεξιᾷ
3616 2709 3709 2763 τοῦ
3752 2708 3965 2778 θρόνου

2362 2816 2457 2871 τοῦ
2492 2817 2661 2882 Θεοῦ;
2697 2811 2861 2867 Ἀλλὰ
2895 2810 3002 2884 μὴν
3041 2807 3334 2880 προῦκειτό
3367 2823 3426 2859 τε
3457 2801 3606 2873 αὐτῷ
3633 2801 3774 2872 χαρὰ
3844 2800 3967 2869 (καὶ

2364 2911 2474 2981 γάρ
2518 2911 2665 2963 ἐστιν
2726 2906 2786 2959 ὲν
2833 2901 3235 2972 ἀκαταλήκτοις
3277 2894 3569 2969 θυμηδεαις
3606 2894 3639 2963 ή
3687 2892 3967 2944 ἀνωτάτω

2366 2999 2572 3073 φύσις),
2600 2998 2858 3070 ὑπέμεινε
2887 2996 2944 3049 δὲ
2980 2992 3233 3065 σταυρὸν,
3263 2988 3326 3043 τδ
3370 2983 3761 3073 σταυρωθῆναι
3788 2982 3963 3036 δυνά-

2369 3071 2527 3161 μενον
2564 3088 2691 3140 ἴδιον
2729 3084 3096 3156 ποιησάμενος
3142 3078 3330 3149 σῶμα·
3362 3076 3455 3130 καὶ
3484 3071 3649 3135 αὐτὸς
3679 3072 3709 3124 ὁ
3749 3072 3962 3123 ἐσταυ-

2370 3180 2615 3254 ρωμένος
2654 3176 2946 3233 κεκάθικεν
2976 3176 3035 3231 ὲν
3072 3171 3223 3242 δεξιᾷ
3246 3167 3341 3223 τοῦ
3380 3164 3516 3221 Θεοῦ
3547 3165 3642 3220 καὶ
3685 3164 3915 3235 Πατρός
3940 3206 3957 3221 ,

686 3274 808 3330 dem
877 3286 936 3331 ut
1012 3278 1194 3341 homo,
1264 3291 1384 3331 cum
1462 3273 1627 3328 Patre
1701 3288 1831 3328 vero
1898 3286 2132 3346 regnans
2206 3279 2259 3327 ul

2370 3250 2466 3337 Ὲῖς
2512 3272 2620 3341 ἄρα
2666 3270 2874 3341 Κύριος
2909 3263 3119 3337 Ἰησοῦς
3160 3260 3428 3333 Χριστὸς,
3477 3255 3819 3330 σταυρωθεὶς
3865 3257 3967 3326 μὲν

691 3364 852 3421 Deus.

1008 3481 1159 3548 Quod
1200 3498 1335 3535 unus
1380 3477 1554 3533 Filius
1592 3488 1640 3534 et
1684 3476 1958 3536 Dominus.

922 3590 1010 3649 Ea:
1048 3594 1331 3664 Evangelia
1371 3594 1658 3649 secundum
1702 3589 2036 3646 Matt/tcum.

762 3722 787 3760 ι
819 3703 1010 3765 Omnia
1043 3708 1172 3762 mihi
1205 3706 1397 3761 tradita
1432 3715 1557 3762 sunt
1584 3721 1612 3759 a
1639 3704 1803 3759 Patre
1833 3719 1953 3759 meo
1980 3722 1995 3759 :
2025 3712 2080 3759 et
2110 3717 2282 3758 nemo

693 3799 839 3851 novit
868 3778 1088 3861 Filium,
1116 3799 1217 3853 nisi
1247 3799 1405 3852 Pater
1433 3816 1448 3851 :
1480 3813 1654 3862 neque
1685 3796 1901 3851 Patrem
1931 3798 2054 3866 quis
2084 3796 2265 3857 novit,

691 3885 791 3937 nisi
819 3883 1005 3952 Filius,
1029 3895 1084 3940 et
1112 3886 1194 3941 cui
1219 3886 1449 3941 voluerit
1476 3884 1645 3939 Filius
1678 3884 1938 3939 revelare.
1969 3903 1987 3933 ι
2021 3883 2079 3939 Si
2108 3898 2270 3940 nemo

692 3973 891 4031 Filium
921 3978 1101 4046 novit,
1138 3978 1241 4033 nisi
1279 3978 1426 4033 solus
1461 3978 1662 4043 Pater;
1700 3977 1971 4047 quomodo
2008 3986 2136 4031 sunt
2175 3979 2266 4046 qui

694 4066 868 4123 Patris
898 4071 1265 4126 testimonium
1298 4070 1457 4124 veluti
1493 4069 1764 4122 infirmum
1800 4066 2127 4136 rcpndiant?
2158 4067 2265 4122 Os-

692 4161 860 4213 tendit
902 4163 947 4217 is
985 4174 1160 4216 autem
1202 4161 1398 4215 Filium
1441 4178 1597 4215 suum
1642 4162 1693 4215 in
1730 4160 1967 4215 Iordane
2005 4161 2105 4215 hac
2139 4175 2264 4214 orn-

690 4252 837 4305 tiune
875 4268 889 4306 :
935 4270 954 4303 ι
996 4254 1123 4319 llic,
1160 4255 1365 4324 inquit,
1403 4265 1487 4309 est
1524 4253 1692 4308 Filius
1727 4268 1879 4306 meus
1916 4252 2176 4316 dilectus,
2212 4253 2267 4304 in

691 4357 795 4409 quo
838 4346 969 4399 mihi
1011 4348 1148 4401 bene
1192 4346 1585 4418 complacui“.
1634 4362 1654 4397 ι
1702 4344 1863 4413 Atqui
1908 4360 2013 4397 non
2060 4345 2262 4397 nudum

696 4434 928 4489 Verbum
970 4440 1037 4490 oh
1080 4438 1273 4493 oculos
1313 4439 1467 4493 nobis
1511 4440 1722 4507 posuit,
1767 4436 1860 4490 sed
1904 4436 2263 4491 incarnatmu.

691 4525 871 4597 Neque
900 4526 1034 4580 dixit
1066 4545 1079 4581 :
1111 4526 1165 4579 ln
1200 4528 1301 4581 hoc
1331 4538 1411 4582 est
1446 4528 1613 4583 Filius
1645 4542 1804 4582 meus
1829 4527 2087 4593 dilectus;
2120 4528 2213 4580 sed
2248 4545 2260 4580 :

2371 3366 2749 3439 ἀνθρωπίνως,
2777 3359 3112 3433 συνεδρεύων
3137 3356 3195 3410 δὲ
3225 3353 3422 3416 θεῖκῶς
3449 3351 3527 3423 τῷ
3558 3350 3754 3419 Πατρί.

2748 3478 2871 3530 ’Ότι
2898 3469 2985 3538 εἷς
3022 3470 3153 3535 Υἱὸς
3184 3467 3287 3522 καὶ
3330 3468 3572 3536 Κύριος.

2760 3590 2864 3642 Ἐκ
2904 3584 3011 3639 τοῦ
3050 3581 3214 3637 κατὰ.
3235 3576 3560 3633 Ματθαῒον.

2446 3722 2465 3756 ι
2511 3703 2693 3757 Πάντα
2728 3716 2818 3770 μοι
2848 3694 3121 3768 παρεδόθη
3163 3690 3270 3745 ὑπὸ
3295 3687 3393 3743 τοῦ
3424 3686 3639 3757 Πατρός
3677 3702 3778 3756 μου
3806 3700 3825 3716 ο
3866 3687 3965 3737 καὶ

2368 3798 2542 3859 οὐδεὶς
2574 3791 2832 3864 γινώσκει
2870 3787 2961 3841 τὸν
2998 3786 3144 3851 Υῑὸν,
3180 3785 3227 3836 εἰ
3260 3782 3335 3854 μὴ
3367 3783 3395 3835 ὁ
3422 3780 3650 3864 Πατήρ·
3685 3777 3806 3831 οὐδὲ
3856 3778 3953 3828 τὸν

2371 3862 2595 3956 Πατέρα
2619 3901 2704 3948 τις
2727 3877 3010 3951 γινώσκει,
3039 3875 3089 3928 εἰ
3122 3874 3197 3947 μὴ
3228 3873 3256 3926 6
3282 3869 3431 3935 Υἱὸς,
3463 3871 3559 3925 καὶ
3582 3862 3629 3937 ᾧ
3667 3868 3733 3923 ἂν
3760 3867 3963 3939 βούλῃ.

2369 3999 2457 4033 ται
2490 3982 2518 4031 ὁ
2557 3977 2686 4039 Υἱὸς
2728 3970 3099 4041 ἀποκαλύψαι.
3141 3987 3161 4022 ι
3196 3966 3421 4030 Οὐδενὸς
3470 3962 3835 4031 γινώσκοντος
3869 3961 3961 4012 τδν

2368 4069 2518 4133 Υἱδν,
2550 4068 2595 4119 εἰ
2631 4066 2705 4137 μὴ
2748 4064 2913 4135 μόνον
2945 4059 3041 4115 τοῦ
3080 4058 3317 4129 Πατρδς,
3364 4055 3481 4118 πῶς
3512 4052 3767 4116 ἁθετοῦσίλ
3806 4070 3960 4116 τινες

2368 4162 2468 4232 τὴν
2502 4159 2596 4213 τοῦ
2625 4156 2839 4228 Πατρδς
2867 4150 3205 4225 μαρτυρίανς
3252 4145 3529 4232 ’Υπέδειεε
3556 4144 3666 4215 γὰρ
3699 4143 3790 4196 τὸν
3824 4142 3959 4196 ἴδιον

2369 4230 2499 4305 Υιὸν
2553 4250 2609 4300 ὲν
2641 4245 2719 4316 τῷ
2763 4243 3029 4314 Ἰορδάνῃ,
3058 4240 3234 4308 λέγων
3256 4254 3271 4270 ·
3305 4256 3324 4288 ι
3360 4230 3530 4297 Οὗτός
3563 4234 3711 4286 ἐστιν
3757 4234 3785 4286 ὁ
3825 4232 3957 4297 na;

2371 4359 2471 4413 μου
2505 4342 2533 4392 ὁ
2562 4335 2865 4407 ἀγαπητὸς,
2907 4334 2965 4385 ἐν
2994 4325 3040 4399 ᾧ
3086 4329 3385 4400 ηὐδόκησα.
3419 4345 3436 4377 ι
3491 4324 3633 4377 Ἀλλ’
3655 4324 3716 4377 ού
3745 4328 3956 4395 γυμνὸν

2368 4432 2504 4499 ἡμῖν
2535 4422 2825 4495 παρέδειξε
2848 4423 2939 4475 τὸν
2964 4421 3096 4477 ἴδιον
3119 4420 3311 4486 Λόγον,
3338 4416 3450 4469 ἀλλ’
3474 4414 3741 4469 ἑνωθέντα
3765 4418 3953 4488 σαρκί,

2370 4520 2481 4573 Καὶ
2530 4517 2633 4569 οὐκ
2678 4513 2921 4583 εἴρηκεν,
2951 4510 3033 4563 ὅτι
3066 4509 3155 4560 Ἐν
3192 4505 3368 4577 τούτῳ
3399 4506 3545 4559 ἐστὶν
3568 4507 3618 4572 ἷὸ
3653 4506 3781 4569 Υἱός
3809 4526 3916 4579 μου
3937 4551 3950 4571 ,

691 4614 811 4682 llic,
838 4634 993 4688 quem
1025 4633 1207 4671 coram
1236 4617 1457 4671 cernitis
1485 4619 1535 4671 in
1565 4634 1751 4687 carne,
1780 4628 1861 4673 est
1895 4618 2061 4672 Filius
2092 4633 2259 4671 meus.

2373 4609 2511 4672 ἀλλ’,
2552 4624 2570 4657 ι
2609 4600 2778 4666 Οὗτός
2814 4604 2982 4665 ἐστιν,
3020 4618 3037 4650 ι
3069 4600 3096 4653 ὁ
3127 4597 3277 4669 μετὰ
3314 4597 3541 4669 σαρκός.
3572 4592 3669 4663 Εἷς
3702 4600 3807 4669 ἄρα
3858 4603 3951 4653 καὶ

694 4704 840 4763 Unus
872 4711 1050 4781 itaque
1082 4718 1163 4765 est
1196 4707 1456 4763 Dominus
1486 4718 1539 4761 et
1569 4707 1758 4762 Filius.

950 4825 1031 4878 lia:
1069 4823 1354 4893 Evangelia
1390 4824 1679 4876 secundum
1701 4823 1985 4879 Joannem.

765 4952 784 4983 ι
823 4934 947 4989 Erat
981 4936 1070 4991 lux
1100 4950 1248 5001 vera,
1282 4949 1401 5005 qua:
1436 4930 1704 4987 illuminat
1738 4945 1951 4985 omnem
1989 4930 2260 4986 hominem

689 5025 993 5081 venientem
1042 5030 1094 5082 in
1148 5030 1293 5083 bu’nc
1341 5026 1621 5081 mundum.
1669 5021 1727 5077 In
1780 5022 1980 5077 mundo
2025 5030 2166 5088 erat,
2209 5028 2266 5073 et

692 5121 921 5172 mundus
956 5136 1049 5188 per
1082 5121 1255 5189 ipsum
1294 5120 1466 5175 factus
1497 5128 1600 5184 est,
1638 5126 1695 5173 et
1729 5114 1961 5170 mundus
1994 5127 2117 5167 eum
2156 5127 2263 5167 non

688 5212 957 5277 cognovit.
997 5211 1051 5262 In
1088 5212 1301 5279 propria
1336 5214 1500 5277 venit,
1532 5223 1586 5268 et
1623 5211 1705 5266 sui
1742 5224 1865 5265 eum
1899 5221 2004 5261 non
2041 5219 2265 5274 recepe-

692 5317 815 5357 runt
848 5306 859 5334 ¹
894 5342 908 5356 .
934 5322 953 5355 ι
986 5302 1121 5357 Ecce
1156 5314 1411 5357 accurate
1433 5307 1498 5361 de
1520 5306 1714 5361 divinis
1749 5303 2043 5364 disserens.
2079 5307 2136 5355 et
2169 5312 2264 5367 per

691 5396 856 5447 lucem
887 5407 1067 5445 veram
1097 5391 1385 5445 illuminari
1413 5408 1622 5447 omnem
1652 5394 1926 5449 hominem
1953 5390 2258 5447 venientem

690 5484 739 5535 in
767 5486 905 5537 hunc
930 5483 1182 5535 mundum
1206 5479 1503 5544 aﬂirmans,
1527 5482 1804 5551 ipsumque
1823 5498 1961 5547 esse,
1986 5496 2082 5552 per
2100 5494 2258 5549 quem

693 5576 920 5628 mundus
951 5583 1035 5625 est
1063 5573 1332 5636 conditus,
1383 5573 1525 5626 hunc
1554 5574 1797 5625 eumdem
1829 5576 1880 5625 in
1915 5572 2130 5641 propria
2163 5585 2255 5623 vc-

694 5665 835 5717 nisse
866 5666 1139 5731 praedicat.
1166 5662 1318 5717 Venit
1350 5672 1529 5718 autem
1562 5660 1877 5729 Unigenitus
1903 5663 2077 5715 laetus
2104 5662 2263 5714 homo

771 5823 811 5850 "
835 5820 997 5873 llebr.
1033 5832 1129 5883 ιιι,
1168 5820 1213 5880 l,
1244 5816 1295 5871 ‘2.
1376 5818 1417 5847 ¹³
1443 5817 1637 5870 Matth.
1673 5828 1752 5879 ιι,
1777 5804 1867 5864 ‘37.

1951 5817 1991 5842 "
2021 5813 2185 5865 Matth
2234 5812 2394 5873 3,17.

2372 4699 2576 4770 Κύριος
2608 4695 2701 4749 καὶ
2728 4693 2877 4757 Υἱός.

2584 4808 2680 4861 Ἐκ
2716 4806 2819 4861 τοῦ
2847 4804 2998 4862 κατά
3039 4804 3316 4874 Ἰωάννην
3351 4805 3745 4873 Εὑαγγελιόυ.

2447 4942 2464 4974 ι
2498 4916 2608 4974 Ἦν
2649 4919 2712 4975 τὸ
2740 4919 2855 4991 φῶς
2887 4919 2947 4973 τὸ
2991 4918 3264 4990 ἀληθινὸν,
3308 4917 3338 4970 ὃ
3366 4914 3594 4985 φωτίζει
3638 4913 3816 4966 πάντα
3858 4916 3946 4967 ἂν·

2370 5018 2586 5089 θρωπον
2623 5014 2917 5087 ἐρχόμενον
2944 5015 3023 5077 εἰς
3044 5014 3136 5066 τὸν
3159 5012 3384 5080 κόσμον.
3427 5007 3517 5059 Ἐν
3542 5004 3621 5075 τῷ
3650 5006 3841 5076 κόσμῳ
3859 5002 3943 5077 ἦν,

2370 5112 2464 5163 καὶ
2492 5111 2520 5162 ὁ
2543 5108 2744 5180 κόσμος
2766 5108 2831 5161 δι’
2861 5104 3025 5161 αὐτοῦ
3071 5103 3307 5170 ἐγένετο.
3332 5098 3426 5151 καὶ
3467 5099 3496 5151 ὁ
3542 5097 3746 5170 κόσμος
3786 5099 3945 5153 αὑτὸν

2370 5202 2468 5256 οὐκ
2497 5201 2655 5269 ἔγνω.
2682 5202 2775 5265 Εἰς
2794 5199 2862 5253 τὰ
2888 5199 2992 5250 ἴδια
3014 5191 3167 5265 ἦλθε,
3189 5191 3283 5244 καὶ
3297 5191 3345 5242 οἱ
3370 5189 3491 5243 ἴδιοι
3518 5189 3683 5244 αὑτὸν
3710 5191 3773 5245 ού
3802 5208 3942 5263 παρα

2372 5295 2579 5353 έλαῦον.
2618 5314 2636 5347 ι
2696 5291 3039 5360 Θεολογήσας
3062 5284 3398 5357 ἀρκούντως,
3423 5284 3514 5337 καὶ
3536 5283 3625 5338 διὰ
3652 5283 3746 5338 τοῦ
3774 5286 3943 5354 φωτὸς

2368 5384 2463 5438 τοῦ
2492 5384 2745 5455 ἀληθινοῦ
2769 5376 3110 5449 πεφωτῑσθαι
3139 5375 3317 5428 πάντα
3349 5373 3635 5444 ἄνθρωπον
3656 5375 3943 5446 ἐρχόμενον

2371 5479 2449 5540 εἰς
2478 5476 2569 5529 τὸν
2615 5476 2818 5544 κόσμον
2842 5469 3038 5531 εἰπὼν,
3069 5466 3164 5519 καὶ
3191 5465 3257 5517 δι’
3302 5464 3466 5518 αὑτοῦ
3506 5465 3668 5519 αὑτὸν
3716 5464 3939 5533 πεποιῆο

2372 5566 2494 5617 σθαι
2548 5564 2640 5615 τὸν
2667 5563 2892 5630 κόσμον,
2929 5560 3008 5617 εἰς
3057 5557 3125 5607 τὰ
3174 5554 3281 5606 ἵδιὰ
3318 5571 3483 5622 φησιν
3530 5554 3693 5605 αὐτὸν
3748 5551 3934 5604 ἐλθεῖν.

2372 5654 2541 5709 ⁷11).οε
2578 5654 2637 5705 δὲ
2677 5648 2912 5717 γεγονὼς
2954 5646 3237 5714 ἄνθρωπος
3280 5646 3308 5697 ὁ
3355 5644 3663 5712 Μονογενὴς
3697 5642 3773 5703 ὡς
3811 5641 3937 5710 πρ)ις

2480 5812 2519 5838 ’⁵
2544 5808 2697 5859 Juntt.
2742 5820 2776 5865 I,
2802 5806 2852 5865 9,
2894 5799 2974 5853 10.
