4116 6514
150 423 311 480 ista
1285 429 1372 485 ne
1409 427 1637 486 ιιεοίΑ
1679 428 1837 485 FIDE
1873 431 1964 487 an
2004 402 2323 490 nsc'ms.
3331 445 3470 501 15M

154 543 365 605 ἰδίους,
422 545 520 599 καὶ⁹
581 548 687 618 πρό
751 567 806 618 γε
869 549 978 602 τῶν
1035 545 1208 601 ἄλλων
1248 547 1374 610 τοὺς
1427 545 1486 614 ἐξ
1541 546 1774 617 αἵματος

1884 556 2139 620 tanquam
2171 550 2240 606 ad
2270 566 2423 620 suos,
2449 559 2504 608 et
2535 553 2806 623 praecipue
2836 554 2904 610 ad
2937 556 3217 614 lsraelitiei
3250 565 3467 632 sangui-

165 635 207 686 Ί
227 633 433 706 σραήλ.
470 637 602 690 Ὅτε
637 639 818 692 τοίνυν
843 641 1004 703 αὑτός
1031 641 1148 692 ἐστι.
1179 640 1241 692 τὸ
1265 639 1380 708 φῶς
1409 639 1472 692 τὸ
1494 638 1774 711 ἀληθινὸν,

1880 642 1965 696 nis
2005 641 2272 700 homines.
2309 643 2446 701 Cum
2491 660 2621 716 ergo
2663 646 2778 717 ipse
2816 651 2888 703 slt
2931 648 3018 704 lux
3063 651 3149 707 illa
3186 669 3336 722 vera,
3373 670 3469 724 per

153 726 188 776 ὁ
234 724 308 777 δι’
339 721 404 780 οὗ
436 727 505 782 τὰ
557 729 734 783 πάντα
776 731 894 801 (καὶ
927 730 1088 793 αὐτός
1133 731 1281 782 ἐστιν
1326 730 1356 781 ὁ
1392 728 1534 800 μετά
1574 729 1774 802 σαρκὸς

1879 747 2038 803 quem
2059 735 2240 789 omnia
2268 746 2392 792 sunt
2415 738 2668 806 condita;
2693 755 2928 811 cumque
2954 741 3044 796 ille
3068 745 3159 807 sit,
3183 748 3273 814 qui
3304 721 3472 801 carne

149 816 348 869 ἐλθὼν
389 820 470 883 εἰς
508 820 580 873 τὰ
611 819 748 873 ἵδια’
779 823 896 886 πώς
939 823 1039 876 οὐκ
1073 822 1369 889 ἀναγκαῖον
1412 818 1508 873 ἕνα
1539 819 1774 890 Χριστὸν

1879 823 2098 879 indutus
2125 826 2274 880 venit
2305 827 2357 881 in
2391 831 2607 899 propria
2640 848 2654 886 :
2685 833 2957 900 quomodo
2984 848 3324 903 consequens
3360 853 3464 891 non

153 912 266 963 καὶ
303 912 436 965 Υἱδν
467 911 754 981 ὁμολογεῖν
777 929 791 977 ;

1879 925 1990 978 cst.
2021 923 2080 970 ut
2108 932 2271 970 unum
2303 917 2577 974 Christum
2611 934 2662 978 et
2700 921 2900 977 Filium
2929 926 3328 980 contiteamur?

248 1022 268 1054 ι
326 1007 442 1059 Καὶ
484 1007 511 1058 ό
537 1005 709 1073 Λόγος
756 1003 894 1074 σὰρξ
945 1005 1187 1074 ἐγένετο,
1230 1003 1326 1056 καὶ
1371 1004 1683 1076 ἐσκήνωσεν
1718 1007 1774 1059 ἐν

1956 1025 1973 1057 ι
2013 1005 2332 1061 EtVerbum
2361 1024 2489 1064 caro
2522 1012 2722 1067 factum
2754 1023 2867 1080 est,
2900 1026 2952 1070 et
2982 1015 3252 1070 habitavit
3285 1017 3336 1070 iu
3370 1034 3472 1072 [H-

159 1099 339 1168 ἡμῖν,
388 1098 484 1151 καὶ
517 1097 864 1171 ἐθεασάμεθα
901 1099 1000 1170 τὴν
1054 1098 1212 1164 δόξαν
1265 1095 1454 1161 αὐτοῦ,
1496 1097 1654 1163 δόξαν
1690 1097 1774 1162 -ὡς

1879 1099 1985 1166 bis,
2016 1111 2068 1153 et
2095 1100 2329 1156 vidimus
2347 1103 2572 1172 gloriam
2593 1104 2732 1172 eius,
2758 1107 2984 1174 gloriam
3012 1109 3167 1178 quasi
3203 1105 3470 1178 Unigeniti

161 1189 528 1258 Μονογενοῦς
558 1190 708 1263 παρὰ
745 1190 985 1262 Πατρὸς)
1022 1191 1236 1262 πλήρης
1263 1190 1488 1262 χάριτος
1514 1190 1609 1244 καὶ
1641 1190 1774 1261 ἀλη-

1879 1209 1908 1247 a
1945 1192 2130 1259 Patre,
2178 1194 2392 1262 plenum
2421 1196 2614 1263 gratia:
2648 1206 2703 1250 et
2734 1199 2976 1253 veritatis
3003 1199 3065 1250 l'.
3091 1217 3110 1250 ι
3150 1200 3205 1252 Si
3236 1198 3471 1253 Verbum

153 1280 350 1343 Θείας.
393 1300 412 1332 ι
453 1281 515 1334 Et
547 1281 741 1351 γέγονε
771 1281 910 1354 σὰρξ
930 1283 960 1335 ό
990 1283 1183 1352 Λόγος,
1207 1283 1455 1337 τουτέστι
1477 1280 1773 1353 παραπλη-

1881 1287 2078 1340 faetum
2115 1295 2200 1341 est
2235 1301 2385 1352 caro,
2417 1289 2686 1359 carnique
2717 1302 2772 1345 et
2805 1291 3240 1366 sanguini'azque
3275 1305 3338 1346 ac
3373 1305 3474 1346 nos

155 1373 307 1435 σίως
341 1374 476 1442 ἡμῖν
520 1374 784 1445 μετέσχεν
822 1373 1057 1445 αἵματος
1085 1376 1179 1428 καὶ
1229 1375 1452 1448 σαρκὸς,
1483 1376 1576 1429 καὶ
1611 1377 1774 1448 σπέρ⁴

1879 1379 2322 1441 communicarit,
2366 1380 2524 1451 113
2567 1395 2630 1435 ac
2666 1397 2854 1436 semen
2893 1384 3126 1438 Abrahae
3167 1383 3472 1454 apprehen-

158 1482 354 1534 ματος
388 1465 637 1538 Ἀϐραὰμ
663 1465 988 1532 ἐπελάϐετο,
1013 1468 1100 1520 ἵνα
1123 1467 1266 1521 κατά
1292 1467 1474 1522 πάντα
1495 1471 1608 1531 τοῖς
1630 1467 1774 1521 ἅδε).-

1879 1470 1978 1531 dit,
2011 1485 2118 1539 quo
2156 1471 2414 1524 nimirum
2455 1489 2548 1540 per
2581 1476 2766 1530 omnia
2804 1476 3067 1531 fratribus
3105 1477 3218 1532 suis
3254 1475 3472 1532 assimi-

159 1562 297 1626 φοῖς
347 1558 586 1629 όμοιωοῇ
610 1574 622 1587 ⁸
659 1558 777 1623 πῶς
810 1558 876 1614 ἂν
923 1559 1217 1613 ἐνδοιάσειέ
1249 1577 1334 1624 τις
1381 1560 1464 1613 ὄτι
1495 1560 1774 1632 μεμένηκε

1879 1558 2190 1624 laretnr‘",
2225 1562 2347 1632 quis
2380 1553 2591 1618 dubitet
2635 1565 2764 1634 quin
2834 1565 2885 1619 id
2926 1566 3086 1635 plane
3118 1566 3478 1635 permanserit

158 1653 373 1720 Λόγος,
405 1650 500 1703 καὶ
535 1650 672 1721 σὰρξ
704 1649 979 1721 γεγονώς;
1015 1653 1321 1724 ’Λτηρεπτος
1343 1651 1512 1729 γὰρὴ
1541 1654 1635 1706 τοῦ
1669 1652 1774 1707 Λό-

1879 1654 2020 1722 quod
2052 1664 2195 1714 erat,
2231 1655 2444 1708 etiamsi
2479 1671 2606 1710 caro
2640 1657 2838 1712 factum
2873 1659 2978 1714 sit?
3009 1658 3287 1729 Siquidem
3324 1659 3468 1713 nulla

157 1762 272 1811 γου
305 1743 493 1811 φύσις.
525 1745 635 1797 Καὶ
670 1745 717 1796 εἰ
751 1743 1164 1815 κεχρημάτικεν
1197 1745 1354 1816 ἡμῶν
1383 1745 1632 1815 ἀδελφὸς,
1660 1744 1774 1809 πῶς

1881 1746 1932 1800 in
1955 1746 2114 1800 Verbi
2145 1757 2398 1801 naturam
2429 1748 2623 1802 cadere
2649 1759 2829 1818 potest
2857 1751 3112 1806 mutatio.
3135 1750 3220 1815 Et,
3245 1753 3288 1804 si
3311 1750 3478 1805 frater

158 1835 522 1903 Μονογενοῦς
552 1834 666 1906 ἕχει
703 1836 860 1902 δόξαν
875 1854 896 1902 .;
935 1837 1144 1890 Οὐκοῦν
1169 1837 1270 1890 κᾶν
1306 1838 1354 1890 εἰ
1388 1837 1580 1906 γέγονε
1617 1837 1773 1907 σὰρξ,

1883 1850 2066 1892 noster
2091 1848 2194 1903 est,
2226 1841 2500 1907 quomodo
2522 1837 2803 1911 Unigenili
2836 1842 3065 1912 gloriam
3098 1842 3300 1898 habet?
3331 1842 3478 1896 Sane

156 1928 327 1980 οὐδὲν
361 1923 526 1998 ἧττόν
560 1931 675 1982 ἐστι
711 1928 844 1992 Θεός
865 1947 878 1961 ·
910 1929 1006 1982 καὶ
1029 1929 1343 2002 Μονογενὴς
1377 1930 1475 2001 μὲν
1516 1928 1593 1994 ὡς
1622 1929 1774 1997 Θεὸς,

1885 1929 2006 1983 licet
2047 1929 2246 1983 factum
2289 1933 2361 1984 sit
2401 1946 2552 1995 caro,
2591 1930 2732 1987 Deus
2768 1942 2946 1988 tamen
2983 1950 3104 1990 esse
3145 1951 3250 1988 non
3294 1934 3473 1989 desiit.

159 2019 526 2093 πρωτότοκος
554 2020 609 2073 δὲ
640 2020 729 2075 διὰ
755 2020 844 2074 τὸν
876 2019 1221 2093 ἀνθρώπινον
1248 2022 1505 2092 σταυρόν.

1886 2020 2207 2088 Unigenitus
2239 2023 2464 2091 proinde
2497 2033 2581 2077 est
2611 2033 2669 2078 ut
2701 2023 2882 2092 Deus;
2917 2026 3311 2098 primogenitus
3344 2041 3473 2080 vero

1880 2121 2102 2182 propter
2130 2129 2347 2169 crucem
2384 2114 2703 2169 humanitus
2735 2127 3070 2185 susceptam.

1952 2204 2191 2261 Joannes
2229 2205 2598 2261 testimonium
2635 2209 2885 2277 perhibet
2919 2210 2981 2262 de
3017 2209 3161 2287 ipso,
3188 2223 3242 2268 et
3274 2215 3477 2271 clamat

1880 2297 2066 2351 dicens
2101 2314 2114 2351 :
2156 2314 2173 2348 ι
2213 2295 2310 2352 llic
2344 2307 2464 2350 erat
2497 2311 2656 2366 quem
2690 2298 2800 2353 dixi
2833 2319 2845 2354 :
2881 2299 2984 2366 Qui
3017 2311 3139 2371 post
3171 2320 3255 2360 me
3282 2315 3477 2361 ventu-

1881 2403 1976 2442 rus
2006 2396 2127 2451 est,
2160 2398 2285 2441 ante
2318 2404 2402 2442 me
2435 2387 2609 2443 factus
2640 2398 2757 2452 est,
2787 2391 2912 2460 quia
2944 2393 3093 2462 prior
3121 2409 3207 2450 me
3237 2407 3377 2452 erat.
3405 2397 3475 2451 Et

1880 2479 1947 2533 de
1966 2477 2432 2549 plenitudine-ejus
2454 2495 2550 2534 nos
2568 2495 2757 2535 onmes
2774 2483 3087 2552 accepimus
3103 2484 3170 2540 ¹⁸.
3197 2504 3216 2537 ι
3239 2486 3476 2543 Joannes

1879 2567 1946 2620 de
1972 2568 2189 2621 Christo
2215 2568 2330 2620 ait:
2358 2586 2379 2619 ι
2417 2568 2519 2634 Qui
2550 2579 2669 2638 post
2696 2585 2779 2623 me
2803 2570 2987 2634 venit,
3021 2590 3039 2624 ι
3076 2573 3180 2627 hoc
3207 2583 3321 2643 est,
3351 2584 3476 2645 post

1881 2670 1967 2711 me
1999 2655 2393 2721 inanil‘estatns,
2424 2672 2582 2725 quem
2612 2657 2823 2711 scilicet
2850 2657 2967 2728 ipse
2997 2661 3334 2730 praedicavit,
3370 2683 3389 2718 ι
3427 2665 3475 2719 is

1880 2746 2030 2814 prior
2060 2762 2144 2801 me
2175 2755 2275 2811 est,
2321 2766 2338 2798 ›
2378 2748 2477 2800 hoc
2508 2757 2613 2812 est,
2646 2747 2911 2818 dignitate
2938 2761 2988 2804 et
3021 2751 3192 2822 gloria
3224 2769 3309 2808 me
3337 2771 3474 2825 prte-

1879 2847 1986 2893 Slal
2029 2856 2041 2891 :
2087 2853 2213 2893 nam
2259 2848 2316 2893 et
2363 2839 2479 2908 ipsa
2525 2855 2741 2908 quoque
2790 2841 3089 2896 exsistendi
3137 2845 3371 2909 ratione,
3417 2856 3475 2901 ut

1879 2928 2043 2995 Dens,
2075 2933 2224 2999 prior
2247 2937 2385 2983 erat.
2416 2928 2699 2996 Quomodo
2726 2945 2854 3002 ergo
2886 2932 3027 2986 idem
3056 2930 3267 2990 Joanne
3323 2938 3474 3004 prior

1879 3032 1931 3075 et
1970 3021 2242 3090 posterior
2275 3021 2575 3074 secundum
2619 3031 2832 3089 tempus
2871 3024 3117 3078 exstitit?
3152 3023 3288 3092 Quia
3322 3025 3464 3081 Ver-

253 2196 517 2269 Ἰωάννης
547 2203 820 2271 μαρτυρεῖ
865 2201 995 2272 περὶ
1041 2201 1232 2264 αὑτοῦ,
1275 2201 1371 2254 καὶ
1417 2201 1660 2271 κέκραγε
1688 2201 1776 2254 λέο

161 2307 288 2358 γων
311 2306 325 2320 ο
369 2310 387 2342 ι
427 2286 595 2356 Οὗτος
633 2288 724 2363 ἦν,
756 2292 816 2346 ὃν
862 2288 1019 2347 εἷπον
1043 2309 1058 2326 ο
1103 2292 1160 2346 '0
1183 2293 1359 2346 ὀπίσω
1407 2310 1509 2364 μου
1549 2293 1780 2364 ἐρχόμε-

167 2399 293 2446 νος,
323 2383 641 2456 ἔμπροσθέν
675 2403 777 2456 μου
808 2385 1051 2455 γέγονεν,
1075 2387 1157 2440 ὅτι
1187 2386 1403 2456 πρῶτός
1420 2403 1534 2455 μου
1566 2379 1634 2455 ἦν
1656 2401 1667 2412 ·
1697 2386 1779 2437 ὅτι

158 2479 235 2528 ἐκ
267 2476 363 2528 τοῦ
401 2476 776 2548 πληρώματος
807 2476 973 2531 αὑτοῦ
1000 2481 1162 2549 ἡμεῖς
1195 2478 1400 2541 πάντες
1431 2477 1722 2548 ἐλάϐομεν.
1754 2499 1772 2529 δ

172 2570 440 2638 Ἰωάννης
476 2553 610 2638 ensi
644 2570 774 2641 περὶ
826 2569 920 2623 τοῦ
964 2568 1234 2640 Χριστοῦο
1275 2588 1292 2619 ι
1345 2570 1401 2621 Ὀ
1452 2569 1633 2622 ὀπίσω
1673 2587 1777 2641 μου

163 2657 477 2728 ἐρχόμενος
527 2677 545 2710 ι
587 2657 912 2727 (τουτέστιν,
954 2657 1010 2711 Ὀ
1042 2658 1163 2728 μετ’
1193 2657 1294 2727 ἐμὲ
1334 2657 1739 2728 φανερούμενος
1767 2675 1780 2688 ·

159 2748 228 2800 ὃν
248 2747 411 2810 αὐτὸς
437 2747 671 2819 ἐκήρυξε
699 2747 964 2815 δηλονότι,
984 2766 1001 2798 ι
1030 2745 1342 2818 ἔμπροσθέν
1362 2763 1465 2815 μου
1485 2746 1725 2817 γέγονε),
1753 2766 1771 2798 ι

157 2840 422 2892 τουτέστι
456 2840 755 2911 πρωτεύων
792 2839 932 2892 κατὰ
955 2839 1055 2910 τὴν
1089 2838 1278 2904 δόξανο
1315 2839 1410 2892 καὶ
1439 2838 1548 2908 γὰρ
1571 2835 1641 2911 ἦν
1685 2841 1778 2893 καὶ

158 2933 225 2984 ἐν
249 2931 484 3001 ὑπάρξει
515 2932 755 3002 πρῶτος,
784 2930 860 2995 ὼς
887 2932 1038 2993 Θεός.
1075 2932 1199 2995 ῐΙῶς
1225 2927 1319 2983 οὖν
1346 2932 1464 3001 μετ’
1511 2932 1673 2986 αὐτὸν
1705 2931 1778 3006 [ὁ]

160 3025 278 3095 πρὸ
309 3022 476 3075 αὑτοῦ
536 3026 680 3076 κατὰ
716 3024 939 3094 χρόνον;
982 3023 1104 3076 Ὅτι
1133 3022 1265 3084 Θεὸς
1297 3018 1364 3093 ἦν
1389 3025 1417 3076 ὁ
1451 3024 1651 3092 Λόγος,
1683 3026 1779 3079 καὶ

158 3113 366 3182 γέγονε
422 3112 593 3184 σάρξ·
643 3113 783 3183 ἔχων
817 3113 916 3183 μὲν
949 3113 1009 3165 τὸ
1039 3113 1365 3183 πρωτεύειν,
1419 3114 1557 3168 καθὸ
1605 3117 1774 3185 Λόγος

1880 3114 2004 3168 bum
2046 3112 2185 3167 Deus
2222 3122 2360 3176 erat,
2399 3122 2453 3167 et
2497 3111 2695 3167 factum
2737 3123 2821 3168 est
2863 3130 3011 3169 caro.
3052 3115 3211 3172 Prius
3247 3119 3473 3188 proinde

159 3205 289 3258 ἐστί
313 3221 328 3236 ο
379 3204 716 3275 δευτερεύων
754 3205 812 3258 δὲ
839 3205 982 3259 κατὰ
1031 3205 1132 3276 τὴν
1161 3205 1362 3276 σάρκα.
1399 3207 1462 3259 ΕΞ
1497 3207 1553 3260 δέ
1587 3209 1681 3262 πα)⁵
1712 3210 1774 3261 ἐκ

1879 3217 1995 3260 erat
2028 3214 2086 3258 ut
2107 3204 2366 3268 Verbum,
2398 3205 2669 3273 posterius
2697 3219 2826 3259 vero
2857 3217 2912 3258 ut
2944 3207 3126 3261 homo.
3150 3208 3236 3274 Et,
3274 3210 3315 3263 si
3345 3226 3471 3264 om-

158 3297 264 3350 τοῦ
288 3296 657 3368 πληρώματος
681 3296 846 3350 αὑτοῦ
872 3297 1074 3359 πάντες
1099 3299 1505 3368 μετεσχήκασιν
1554 3301 1602 3352 οἱ
1632 3301 1774 3367 ᾰγιοι

1881 3313 1976 3350 nes
2000 3296 2173 3350 sancti
2197 3295 2264 3350 de
2286 3295 2429 3349 illius
2455 3296 2788 3362 plenitudine
2814 3297 3144 3365 hauserunt;
3169 3300 3282 3354 sola
3308 3316 3468 3368 porro

173 3388 416 3460 (πλῆρες
439 3389 495 3441 δὲ
533 3389 694 3459 μόνον
726 3389 842 3441 ἐστὶ
888 3389 950 3441 τὸ
976 3388 1153 3454 Θεῖον,
1189 3389 1334 3442 καθά
1362 3408 1527 3460 φησιν
1554 3391 1641 3444 διὰ
1678 3391 1774 3461 τῆς

1881 3388 2166 3451 divinitas,
2197 3387 2348 3457 juxta
2383 3387 2534 3440 Isaia:
2568 3403 2754 3441 vocem
2784 3390 2854 3453 ‘9,
2887 3390 3133 3444 absolute
3163 3392 3316 3459 plena
3346 3403 3465 3456 est;

181 3483 412 3535 Ἡσαΐου
442 3481 672 3553 φωνῆς),
709 3481 913 3556 πρέποι
945 3481 1012 3536 ἂν
1038 3482 1188 3552 αὐτῷ
1209 3499 1268 3535 τε
1300 3484 1392 3536 καὶ
1422 3483 1568 3555 μόνῳ
1591 3483 1672 3548 τὸ,
1703 3484 1774 3548 ώς

1882 3479 1979 3550 ipsi
2012 3479 2108 3533 soli
2140 3480 2414 3543 convenit,
2444 3491 2500 3531 ιιι
2534 3494 2628 3531 sua
2662 3479 2830 3548 ipsius
2866 3481 3203 3549 plenitudine
3233 3484 3466 3537 aliorum

163 3574 231 3640 ἐξ
259 3574 394 3627 ἰδίου
421 3573 812 3645 πληρώματος,
838 3573 1033 3628 ἑαυτοῦ
1069 3576 1337 3647 μετόχους
1363 3576 1719 3648 ἀποπληροῦν
1746 3577 1772 3616 δ

1882 3573 2075 3642 inopia:
2108 3573 2411 3628 subveniat.
2447 3573 2703 3627 Praastitit
2738 3581 2916 3626 autem
2955 3577 3055 3628 hoc
3089 3576 3262 3642 ipsum
3299 3575 3463 3630 Chri-

168 3667 417 3737 ἐτέρους.
452 3667 714 3737 Πέπραχε
743 3667 800 3719 δὲ
825 3665 985 3720 τοῦτο
1013 3668 1274 3738 Χριστός.
1332 3664 1426 3730 Εἷς
1474 3667 1584 3738 ἄρα
1627 3669 1774 3721 ἐστὶν

1879 3674 2024 3731 slus;
2065 3666 2404 3719 incarnntmn
2447 3665 2625 3732 itaque
2666 3662 2754 3717 Dei
2791 3662 3028 3718 Verbum
3069 3681 3207 3718 unus
3241 3674 3323 3719 est
3363 3664 3471 3719 Do-

170 3759 304 3822 Υῑὸς
343 3759 438 3811 καὶ
470 3758 673 3831 Κύριος
702 3759 730 3812 ὁ
775 3761 838 3813 ἐκ
882 3758 1020 3812 Θεοῦ
1057 3761 1233 3828 Λόγος
1279 3761 1572 3832 γενόμενος
1613 3761 1771 3832 σὰρξ,

1879 3757 2056 3810 minus
2104 3766 2153 3810 et
2209 3755 2413 3820 Filius,
2463 3755 2714 3824 idemque
2769 3753 2906 3808 Deus
2955 3755 3114 3808 simul
3171 3766 3226 3809 et
3277 3758 3464 3811 homo.

1880 3846 2134 3916 Ejusdem
2183 3848 2466 3900 sententia:
2516 3856 2630 3906 est,
2681 3847 2823 3913 quod
2875 3862 2999 3899 mox
3051 3847 3403 3915 suhjnngitur
3450 3867 3462 3902 :

1885 3957 1902 3990 ι
1943 3938 2040 3992 ilic
2069 3948 2186 3999 est,
2222 3938 2393 4006 inquit
2416 3979 2429 4002 ,
2465 3939 2529 3990 tIC
2565 3952 2670 4004 quo
2704 3938 2810 3989 dixi
2847 3956 2860 3990 :
2899 3937 3025 3992 Post
3060 3953 3145 3992 me
3179 3939 3324 3993 venit
3359 3941 3462 4005 vir,

1876 4032 1967 4100 qni
1999 4039 2126 4083 ante
2159 4045 2242 4083 me
2272 4030 2450 4082 factus
2479 4039 2589 4094 est,
2628 4028 2751 4097 quia
2786 4029 2936 4098 prior
2963 4044 3047 4082 me
3077 4038 3192 4084 erat
3218 4031 3286 4086 ²⁶.
3316 4051 3334 4083 ι
3363 4031 3467 4100 En,

1880 4121 2001 4175 licet
2040 4121 2212 4172 virum
2256 4129 2444 4182 vocet,
2482 4127 2528 4171 et
2573 4128 2691 4187 post
2730 4133 2788 4172 se
2823 4118 3126 4173 venientem
3167 4120 3464 4189 praedicet,

1875 4213 2172 4267 secundum
2213 4212 2551 4264 divinitatem
2590 4221 2768 4266 tamen
2805 4225 2863 4265 se
2898 4211 3136 4280 priorem
3171 4209 3407 4266 aﬂirmat
3445 4231 3460 4268 :

1876 4322 1898 4356 c
1938 4302 1992 4357 ln
2025 4304 2295 4373 principio
2322 4302 2468 4356 enim
2503 4313 2622 4356 erat
2643 4300 2912 4367 Verbum,
2939 4313 2994 4357 et
3024 4301 3166 4358 Deus
3194 4310 3314 4358 erat
3335 4303 3470 4359 Ver-

1877 4399 2000 4452 imm
2029 4397 2095 4449 “.
2133 4413 2150 4446 ι

1953 4505 1970 4538 ι
2011 4486 2072 4540 Ει
2106 4485 2475 4540 testimonium
2505 4486 2780 4554 perhibuit
2803 4485 3048 4544 Joannes
3073 4488 3260 4544 dicens
3285 4507 3299 4543 :
3327 4488 3465 4557 Quia

169 3851 337 3914 αὐτὸς
366 3851 500 3915 Θεός
527 3868 588 3903 τε
617 3850 754 3921 ὁμοῦ
797 3851 893 3904 καὶ
937 3851 1247 3923 ἄνθρωπος.
1291 3854 1445 3922 Ἐχοι
1485 3854 1530 3906 δ’
1563 3854 1629 3906 ἂν
1679 3853 1774 3922 τὴν

169 3943 417 3996 διάνοιαν
448 3944 510 3996 τὸ
555 3942 758 4014 ἐφεξῆς
806 3943 1009 4016 ρητόνο
1071 3963 1088 3996 ι
1134 3936 1305 4007 Οὗτός
1358 3947 1492 4006 ἐστι,
1530 3943 1661 4014 περὶ
1711 3937 1773 3995 οῦ

173 4035 291 4104 ἐγὼ
326 4032 502 4088 εἴποιμ
545 4035 756 4089 Ὀπίσω
790 4053 891 4108 μου
925 4036 1144 4108 ἔρχεται
1189 4037 1348 4106 ἀνὴρ,
1382 4036 1438 4100 ὃς
1467 4034 1776 4106 ἔμπροσθέν

178 4146 283 4198 μου
314 4127 561 4197 γέγονεν,
589 4127 671 4180 ὅτι
713 4127 930 4199 πρῶτός
962 4145 1072 4198 μου
1100 4123 1188 4198 ἦν.
1224 4145 1243 4178 ι
1294 4127 1427 4180 Ἰδοὺ
1459 4127 1565 4197 γὰρ
1605 4126 1782 4193 ἄνδρα·

173 4216 353 4285 λέγων
382 4217 566 4283 αὐτὸν,
596 4217 689 4269 καὶ
710 4217 1007 4289 ἐρχόμενον
1033 4218 1232 4282 ὀπίσω,
1258 4217 1473 4289 πρῶτον
1503 4212 1641 4269 εἷναί
1672 4233 1774 4285 φη-

180 4326 266 4361 σιν
290 4307 365 4371 ὡς
400 4307 568 4361 Θεόν⁸
606 4326 628 4360 ι
674 4308 768 4363 Ἕν
797 4309 939 4381 ἀρχῇ
971 4309 1080 4380 γὰρ
1110 4305 1178 4379 ἦν
1220 4310 1248 4361 ό
1287 4308 1479 4376 Λόγος,
1513 4309 1606 4360 καὶ
1642 4307 1773 4371 Θεὸς

176 4397 248 4472 ἦν
276 4401 304 4452 ὁ
331 4400 524 4469 Λόγος.

259 4511 276 4543 ι
313 4493 423 4544 Καὶ
467 4490 851 4564 ἐμαρτύρησεν
892 4492 1148 4561 Ἰωάννης
1198 4491 1395 4560 λέγων,
1447 4491 1528 4543 ὅτι
1568 4488 1768 4542 Τεθέας

185 4603 283 4655 μαι
311 4584 370 4637 τὸ
398 4583 625 4654 Πνεῦμα
679 4583 1013 4637 καταόαῖνον
1047 4583 1182 4635 ὡσεὶ
1227 4581 1559 4652 περιστερὰν
1593 4581 1653 4646 ἐξ
1681 4583 1772 4634 ού·-

1879 4578 1982 4631 vidi
2040 4577 2302 4646 Spiritum
2352 4577 2774 4632 descendentem
2828 4579 2984 4648 quasi
3037 4578 3345 4634 columbam
3397 4582 3465 4634 de

181 4674 370 4748 ρανοῦ,
404 4677 494 4729 καὶ
537 4675 696 4746 μένον
730 4676 816 4728 ἐπ’
845 4675 1008 4728 αὐτόν
1029 4692 1043 4705 '
1077 4674 1232 4742 κάγὼ
1263 4674 1318 4726 δὲ
1359 4674 1460 4728 ούκ
1490 4673 1636 4744 ᾔδειν
1669 4674 1770 4725 αύο

179 4769 306 4822 τόνο
360 4767 474 4820 ἀλλ’
506 4769 534 4820 ὁ
563 4766 788 4836 πέμψας
847 4785 912 4836 με
955 4766 1238 4836 βαπτίζειν
1267 4767 1326 4818 ἐν
1362 4765 1538 4828 ὕδατι,
1565 4766 1772 4829 ἐκεῖνός

186 4879 274 4933 μοι
326 4855 509 4914 εἶπενο
547 4857 662 4928 Ἐφ’
689 4859 747 4912 ὃν
789 4859 855 4913 ἂν
880 4859 996 4930 ἴδῃς
1041 4858 1102 4910 τὸ
1143 4857 1370 4928 Πνεῦμα
1418 4856 1768 4918 καταϐαῖνον,

183 4955 280 5006 καὶ
312 4954 471 5022 μένον
502 4952 588 5006 ἐπ’
618 4952 800 5016 αὐτὸν,
843 4945 997 5011 οὗτός
1043 4952 1190 5004 ἐστιν
1218 4952 1246 5003 ὁ
1279 4949 1560 5021 βαπτίζων
1607 4949 1665 5000 ἐν
1693 4948 1770 5018 τῷ

186 5044 462 5114 Πνεύματι
510 5042 589 5113 τῷ
637 5042 798 5114 ἁγίῳ.
833 5042 1004 5111 Κάγὼ
1055 5041 1297 5112 ἑώρακα,
1343 5042 1439 5096 καὶ
1491 5040 1774 5112 μεμαρτύ-

189 5151 330 5207 ρηκα
361 5136 444 5188 ὃτι
471 5129 624 5196 οὗτός
647 5137 794 5188 ἐστιν
825 5136 851 5188 ό
881 5133 1008 5196 Υἱὸς
1038 5134 1132 5187 τοῦ
1159 5133 1314 5186 Θεοῦ.
1356 5151 1374 5184 ›
1413 5134 1554 5204 Ὅρα
1584 5131 1774 5201 σαφῶς

185 5247 243 5281 τε
276 5227 368 5280 καὶ
399 5228 644 5298 ἐναργῶς
673 5229 731 5280 ἐν
761 5229 972 5290 τούτοις
1001 5227 1095 5280 τὸν
1125 5226 1330 5298 Κύριον
1361 5225 1518 5296 ήμῶν
1563 5225 1772 5296 Ἰησοῦν

187 5319 276 5371 τὸν
305 5318 560 5388 Χριστὸν,
585 5317 875 5389 δεχόμενον
909 5319 1006 5388 μὲν
1049 5317 1412 5388 ἀνθρωπίνως
1454 5317 1515 5369 τὸ
1546 5316 1772 5388 Πνεῦμα

188 5411 273 5466 διὰ
300 5413 396 5482 τὴν
431 5412 568 5481 μετὰ
599 5411 801 5483 σαρκὸς
842 5411 1155 5482 οἰκονομίαν
1199 5410 1480 5481 (πλούσιος
1529 5409 1637 5481 γὰρ
1667 5408 1766 5473 ὣν,

1880 4669 2044 4734 cado,
2089 4679 2142 4723 et
2209 4669 2408 4723 nmnsit
2469 4684 2634 4738 super
2697 4684 2842 4723 eum.
2904 4669 2970 4724 Et
3016 4685 3115 4740 ego
3158 4671 3465 4725 nesciebam

1879 4780 2000 4818 eum
2033 4781 2045 4816 :
2075 4764 2168 4817 sed
2201 4761 2294 4832 qui
2329 4761 2481 4816 misit
2514 4777 2598 4816 me
2628 4762 2907 4831 baptizare
2941 4763 2990 4818 in
3019 4778 3186 4832 aqua,
3215 4763 3303 4819 ille
3334 4765 3464 4820 mihi

1879 4856 2053 4910 dixit:
2084 4854 2260 4923 Super
2285 4870 2445 4922 quem
2477 4855 2676 4908 videris
2710 4853 2976 4924 Spiritum
3007 4855 3430 4911 descendentem
3451 4901 3465 4921 ,

1880 4958 1934 5004 et
1962 4955 2266 5003 manentem
2295 4963 2460 5016 super
2483 4962 2628 5012 eum,
2656 4946 2744 5002 hic
2767 4958 2851 5001 est
2877 4948 2966 5017 qui
2998 4942 3238 5017 baptizat
3264 4948 3315 5002 in
3345 4947 3469 5016 Spi-

1881 5042 1987 5096 ritu
2028 5050 2236 5094 sancto.
2279 5039 2342 5091 Et
2381 5054 2479 5107 ego
2516 5039 2661 5101 vidi,
2699 5048 2756 5094 et
2800 5039 3174 5095 testimonium
3215 5040 3466 5109 perhibui

1880 5132 2010 5204 quia
2041 5141 2122 5185 est
2153 5129 2322 5184 Filius
2357 5130 2447 5183 Dei
2471 5131 2538 5183 “.
2576 5149 2596 5180 ι
2631 5127 2707 5182 Ειι
2742 5138 3032 5197 utrumque
3062 5128 3209 5184 clare
3238 5129 3463 5183 eviden-

1879 5234 2067 5292 terque
2097 5233 2362 5276 assertum
2395 5221 2482 5275 hic
2511 5221 2713 5287 habes;
2743 5235 2935 5290 nempe
2967 5222 3252 5275 Dominum
3275 5220 3463 5276 Jesum

1877 5316 2150 5370 Christum
2202 5322 2419 5382 propter
2464 5312 2646 5368 carnis
2691 5313 2908 5382 quidem
2959 5313 3350 5379 oeconomiam,
3403 5322 3464 5368 ut

1881 5404 2040 5478 11E.
2073 5406 2348 5461 hominem
2385 5403 2646 5472 Spiritum
2684 5413 2933 5458 sanctum
2970 5404 3248 5475 accipere,
3285 5404 3464 5474 siqui-

266 5568 482 5624 “Juan.
508 5587 519 5624 l
550 5571 630 5625 lt.
693 5571 733 5603 ¹⁷
763 5568 925 5628 Hebr.
948 5569 1117 5640 11,14.
1172 5567 1458 5636 "Joan.t,
1495 5567 1578 5631 15,
1617 5565 1702 5620 16.
1747 5567 1774 5598 ¹¹

1879 5581 1916 5620 ι.
1949 5580 2020 5632 vr,
2051 5566 2105 5620 3.
2159 5564 2204 5595 ’°
2225 5561 2380 5620 Joan.
2416 5578 2454 5630 ι,
2485 5561 2574 5618 50.
2612 5563 2654 5594 ³¹
2675 5561 2830 5620 Joan.
2861 5579 2902 5631 ι,
2933 5563 2984 5621 1.
3045 5565 3089 5596 ’³
3114 5563 3245 5621 ibid.
3274 5563 3460 5622 32-34.

1258 5725 1435 5782 Varia:-
1466 5725 1727 5782 lectiones
1756 5723 1961 5780 codicis
1997 5721 2361 5794 Seguieriani.

276 5858 305 5902 ἀ
334 5862 637 5916 ἀποτελεῖν.
