4116 6480
692 409 827 468 1315

1716 419 1776 473 S.
1816 413 2087 473 CYRILLI
2126 408 2596 468 ALEXANDRINl
2639 408 2960 466 ARClllEP.

3815 408 3957 461 1516

688 526 808 581 detn
845 540 867 577 ι
899 538 1021 580 cum
1050 524 1201 584 dives
1227 537 1392 596 esset,
1422 530 1592 587 nostri
1622 544 1783 587 causa
1816 532 1992 588 factus
2019 540 2101 587 est
2126 543 2251 601 ege-

2366 520 2665 593 ἐπτώχευσε
2699 522 2766 575 δι’
2810 524 3015 594 ἡμᾶς),
3050 524 3375 595 βαπτίζοντα
3411 522 3469 577 δὲ
3517 518 3724 582 Θεῖκῶς
3766 519 3837 571 ἐν
3881 521 3959 588 τῷ

690 631 793 670 nus
811 616 859 649 "
900 634 949 683 ι,
988 624 1104 673 ιιιω
1145 620 1396 677 eumdem
1438 636 1651 677 rursum
1696 630 1950 693 tanquam
1992 624 2157 679 Deum
2201 624 2255 678 in

689 704 898 777 Spiritu
926 719 1119 768 sancto
1146 712 1414 782 baptisma
1444 711 1715 767 conferre.
1744 713 1815 767 At
1846 715 1897 768 in
1928 731 2088 785 quem
2112 756 2128 782 ,
2157 716 2255 771 ob-

688 812 867 869 secro,
894 802 1183 858 convenire
1210 812 1390 872 queat,
1420 803 1656 872 Spiritus
1685 804 1858 859 sancti
1891 808 2121 873 gratiam
2153 808 2257 862 im-

690 893 912 962 pertiri,
955 893 1057 949 nisi
1102 894 1155 948 in
1192 907 1377 948 verum
1419 901 1473 946 et
1516 890 1815 947 naturalem
1859 886 2068 949 Deum?
2107 896 2258 953 Unus

690 1001 820 1055 ergo
845 995 927 1041 est
957 983 1227 1050 Christus,
1257 999 1394 1039 unus
1425 980 1617 1050 Filius,
1648 992 1707 1038 ut
1735 983 2071 1053 evangelista
2103 987 2253 1043 testi-

693 1075 906 1130 iicatur.

768 1185 787 1218 ι
828 1161 894 1219 Ει
925 1178 1056 1235 ego,
1093 1163 1297 1233 inquit.
1327 1164 1469 1230 vidi,
1504 1175 1559 1221 et
1597 1163 1966 1220 testimonium
2006 1164 2253 1233 perhibui

691 1256 815 1325 quia
853 1256 937 1309 hic
957 1262 1037 1309 est
1070 1253 1111 1309 F
1118 1255 1239 1309 ilius
1280 1252 1371 1312 Dei
1394 1256 1461 1309 “.
1492 1276 1511 1308 ι
1550 1255 2134 1326 Ecquisuamhicerat?
2168 1253 2259 1308 llle

692 1348 805 1415 ipse
846 1345 1050 1414 utique,
1088 1359 1248 1414 quem
1292 1347 1507 1415 quidem
1554 1356 1613 1400 ut
1657 1347 1951 1413 hominem,
1996 1345 2254 1417 Spiritum

691 1443 935 1487 sanctum
967 1433 1178 1489 viderat
1204 1437 1541 1503 suscepisse;
1575 1444 1633 1491 ut
1666 1437 1829 1491 Deum
1858 1451 2019 1501 vero,
2051 1437 2103 1491 in
2134 1436 2258 1506 δρία

693 1520 801 1575 ritu
859 1526 1047 1576 sancto
1082 1523 1359 1591 baptizare
1390 1524 1671 1579 didicerat.

770 1629 790 1662 ε
825 1609 881 1666 Si
915 1622 1128 1668 terrena
1157 1614 1264 1668 dixi
1291 1614 1465 1677 vobis,
1496 1625 1551 1669 et
1578 1630 1683 1669 non
1716 1616 1960 1683 creditis,
1987 1618 2258 1686 quomodo

690 1703 735 1757 si
764 1702 955 1758 dixero
979 1706 1132 1759 vobis
1155 1703 1421 1768 coelestia,
1447 1704 1713 1760 credetis?
1738 1703 1804 1759 Et
1834 1722 1991 1762 nemo
2017 1710 2259 1763 ascendit

692 1790 745 1845 itt
772 1793 991 1858 caelum,
1018 1794 1119 1848 nisi
1147 1795 1240 1863 qui
1272 1795 1548 1850 descendit
1571 1795 1639 1850 de
1664 1796 1803 1850 C(BIO
1830 1796 1998 1853 Filius
2025 1799 2260 1854 hominis

690 1884 783 1952 qui
824 1892 909 1939 est
953 1884 1005 1939 in
1047 1885 1271 1941 caelo“.
1317 1904 1337 1937 ι
1383 1878 1662 1952 Quomodo
1703 1888 1983 1941 descendit
2022 1890 2087 1943 de
2124 1889 2263 1946 caelo
2294 1885 2334 1939 Β

690 1974 859 2029 Filius
890 1974 1148 2042 hominis,
1177 1975 1445 2046 siquidem
1476 1988 1629 2031 sacra
1666 1975 1754 2032 illa
1785 1993 1913 2033 caro
1940 1992 2003 2034 ex
2037 1980 2264 2037 muliere

694 2076 817 2119 nata
856 2066 970 2121 est?
1004 2063 1134 2121 Erat
1173 2082 1303 2123 sane
1342 2083 1470 2124 caro
1498 2068 1660 2123 Verbi
1701 2072 1845 2138 quod
1888 2070 1955 2124 de
1994 2070 2131 2126 caelo
2169 2072 2265 2128 de-

691 2156 997 2221 scenderat,
1028 2156 1245 2225 propria
1280 2174 1295 2213 :
1329 2173 1466 2214 unus
1499 2168 1585 2214 est
1617 2159 1783 2229 igitur
1812 2160 2058 2216 Christus
2088 2172 2143 2215 et
2174 2161 2264 2217 Fio

693 2244 813 2300 lius.
837 2248 942 2312 Ita,
968 2262 1087 2317 quae
1108 2248 1271 2303 Verbi
1300 2259 1453 2314 sunt,
1478 2252 1693 2322 propria
1720 2252 1902 2307 carnis
1927 2251 2068 2307 facta
2095 2264 2221 2308 sunt
2246 2267 2262 2307 :

689 2347 813 2403 qua:
832 2351 961 2391 vero
984 2338 1167 2391 carnis
1192 2347 1338 2405 sunt,
1371 2338 1587 2408 prepria
1612 2340 1774 2396 Verbi
1803 2347 2119 2409 evaserunt,
2147 2341 2262 2397 sola

692 2427 895 2494 peccati
925 2427 1046 2483 labe
1074 2438 1319 2499 excepta.

764 2624 784 2657 ι
818 2605 883 2660 Et
909 2610 1048 2660 sicut
1074 2605 1285 2677 Iloyses
1311 2605 1573 2662 exaltavit
1600 2593 1909 2677 serpentem
1938 2606 1991 2661 iu
2022 2606 2261 2671 deserto,

692 2697 765 2752 ita
806 2696 1032 2751 exaltari
1070 2706 1284 2765 oportet
1324 2696 1521 2751 Filium
1560 2697 1827 2763 hominis;
1865 2706 1923 2751 ut
1958 2697 2135 2751 omnis
2172 2696 2264 2766 qui

690 2790 867 2842 credit
894 2788 948 2842 in
978 2789 1175 2855 ipsum,
1204 2802 1309 2842 non
1340 2798 1551 2857 pereat,
1580 2788 1671 2842 sed
1701 2788 1897 2843 habeat
1920 2788 2085 2842 vitam
2109 2796 2266 2842 mter-

692 2882 902 2935 nam".
938 2899 957 2932 ι
986 2881 1280 2951 Serpentes
1306 2880 1359 2933 ln
1390 2881 1605 2935 deserto
1631 2880 1902 2935 morsibus
1928 2879 2069 2935 ﬁlios
2094 2877 2265 2933 lsrael

693 2971 1020 3026 infestabant
1047 2990 1060 3026 :
1087 2987 1209 3026 mox
1236 2972 1613 3026 universorum
1642 2972 1903 3027 Dominus
1932 2970 2101 3039 Moysi
2131 2986 2259 3038 pne-

691 3064 821 3127 cipit
855 3072 914 3115 nt
945 3076 1150 3116 aeneum
1187 3073 1491 3132 serpentem
1527 3062 1755 3117 sublime
1788 3066 2105 3133 suspendat.
2141 3081 2160 3115 ι
2202 3063 2268 3117 Et

692 3154 818 3217 erit,
850 3153 1044 3221 inquit,
1077 3154 1123 3208 si
1160 3155 1431 3209 hominem
1462 3169 1686 3223 serpens
1716 3155 2094 3221 momorderit,
2127 3164 2181 3209 et
2213 3155 2264 3208 in

692 3220 996 3313 serpentem
1029 3248 1300 3315 respiciet,
1333 3256 1385 3301 et
1412 3220 1642 3303 vivet".
1676 3266 1695 3300 ι
1730 3247 1933 3318 Ecquid
1962 3220 2105 3304 istud
2134 3250 2264 3303 aani-
2292 3220 2334 3280 θ

693 3354 814 3407 gma
844 3339 943 3391 sibi
974 3338 1116 3391 vult?
1144 3338 1251 3391 Cur
1278 3340 1550 3391 sublatum
1583 3350 1888 3409 serpentem
1920 3340 2265 3409 conspicatus

693 3431 802 3483 \‘ita
833 3430 1097 3483 donatur?
1124 3428 1469 3494 Unigenitum
1502 3429 1595 3484 Dei
1619 3429 1871 3496 Verbum,
1901 3432 2043 3501 quod
2074 3440 2263 3500 suapte

698 3532 887 3573 natura
918 3521 1022 3575 vita
1056 3530 1171 3583 est,
1207 3520 1367 3573 homo
1400 3519 1605 3574 factum
1637 3531 1720 3575 est
1750 3522 1854 3591 (est
1887 3531 2066 3575 autem
2102 3521 2262 3575 homo

694 3627 783 3666 res
807 3612 1049 3682 quzedam
1078 3616 1235 3667 noxia
1257 3654 1270 3677 ,
1298 3615 1536 3683 serpenti
1567 3628 1669 3665 non
1701 3612 1988 3683 absimilis)
2016 3629 2029 3666 :
2056 3622 2113 3665 at
2135 3626 2261 3667 vero

697 3706 823 3759 licet
862 3714 919 3757 ut
954 3706 1116 3759 homo
1154 3706 1308 3759 nobis
1345 3706 1675 3759 assimilatus
1710 3706 1805 3769 sit,
1844 3706 1887 3760 si
1924 3704 2048 3773 quis
2084 3714 2261 3757 tamen

695 3796 750 3851 in
782 3795 930 3850 illum
962 3798 1254 3865 aspexerit,
1294 3810 1464 3851 morte
1495 3798 1740 3867 superior
1765 3795 1965 3851 evadit.
1999 3794 2105 3850 Sed
2135 3796 2263 3864 quid

696 3886 840 3941 aliud
872 3895 974 3953 est,
1004 3886 1255 3953 obsecro,
1288 3889 1339 3941 in
1380 3888 1524 3941 illum
1563 3888 1785 3951 intueri,
1816 3902 1976 3955 quam
2014 3888 2263 3941 incarna-

696 3977 858 4031 tionis
900 3978 1045 4032 illius
1091 3980 1405 4048 mysterium
1452 3988 1643 4033 exacto
1686 3988 2049 4047 accurateque
2096 3977 2260 4031 animi

692 4068 895 4135 indicio
929 4070 1262 4138 expendere?
1298 4070 1409 4124 Hac
1446 4084 1678 4137 namque
1711 4068 2176 4133 consideratione,
2211 4076 2265 4121 et

694 4160 990 4225 malorum,
1036 4160 1137 4214 hoc
1185 4170 1303 4225 est,
1350 4160 1624 4214 hominum
1674 4160 2077 4213 similitudinem
2124 4160 2265 4213 obti-

698 4264 857 4312 nere,
889 4261 947 4303 et
978 4250 1222 4304 vivilieus
1259 4267 1505 4313 rursum,
1541 4251 2083 4319 serpentinorumque
2116 4266 2262 4303 ntnr-

694 4353 853 4393 cnum
889 4348 1106 4393 curator
1136 4350 1189 4395 et
1228 4339 1544 4408 proﬂigator
1576 4355 1695 4394 esse
1730 4340 2170 4407 deprehenditur,
2207 4348 2265 4392 ut

2360 615 2499 686 ἁγίῳ
2547 611 2846 682 Πνεῦματι.
2897 613 3016 665 Τίνι
3063 616 3172 686 γὰρ
3220 618 3286 670 ἂν
3331 614 3532 685 πρέποι
3568 609 3633 661 τὸ
3686 610 3957 677 χορηγεῖν

2358 705 2618 762 δύνασθαι
2663 702 2761 775 τὴν
2809 702 2903 755 τοῦ
2949 702 3263 773 Πνεύματος
3314 707 3492 778 χάριν,
3532 701 3677 771 πλὴν
3735 700 3831 751 ὅτι
3880 698 3959 767 τῷ

2360 799 2518 870 φύσει
2565 814 2625 851 τε
2674 794 2768 849 καὶ
2795 792 3010 864 ἀληθῶς
3057 785 3173 847 ὄντι
3201 796 3353 867 Θεῷ;
3397 792 3493 860 Εἷς
3519 789 3615 849 οὖν
3668 791 3784 864 ἄρα
3826 790 3960 860 Χριο

2360 892 2483 955 στος
2510 890 2605 946 καὶ
2636 887 2794 952 Υἱός*
2844 883 2938 938 καὶ
2989 887 3324 956 μαρτυρήσει
3370 889 3542 958 λέγων
3588 886 3618 939 6
3647 881 3955 953 εὐαγγελι-

2360 984 2513 1055 στής.

2434 1179 2453 1211 ι
2492 1154 2661 1228 Κάγὼ
2725 1154 2974 1231 ἑώρακα,
3022 1156 3115 1209 καὶ
3176 1172 3603 1226 μεμαρτυρηκα,
3641 1160 3729 1212 ὅτι
3794 1142 3953 1217 οὗτός

2360 1251 2692 1316 ἐστινὸΥἱὸς
2723 1252 2814 1305 τοῦ
2846 1251 3001 1307 Θεοῦ.
3041 1270 3059 1303 ι
3094 1242 3261 1311 Οὗτος
3288 1246 3369 1309 δὲ,
3403 1246 3586 1313 ποῖος,
3624 1251 3726 1303 Ὃν
3754 1248 3955 1301 τεθέα-

2358 1359 2448 1394 ται
2480 1344 2579 1411 μὲν
2628 1344 2983 1415 ἀνθρωπίνως
3032 1343 3091 1396 τὸ
3136 1339 3359 1409 Πνεῦμα
3396 1339 3714 1409 δεχόμενον,
3753 1334 3871 1392 οἶδε
3900 1338 3953 1389 δὲ

2360 1429 2691 1501 βαπτίζοντα
2724 1435 2923 1498 θεῖκῶς
2954 1437 3011 1489 ἐν
3040 1434 3118 1505 τῷ
3148 1434 3287 1504 ἁγίῳ
3315 1432 3613 1501 Πνεύματι.

2436 1640 2454 1675 ι
2492 1620 2554 1674 Ei
2583 1620 2654 1673 τὰ
2681 1621 2899 1687 ἐπίγεια
2916 1614 3067 1674 εἶπον
3088 1622 3235 1691 ὑμῖν,
3270 1620 3364 1672 καὶ
3396 1618 3457 1671 οὐ
3487 1614 3799 1678 πιστεύετε,
3834 1617 3952 1679 πῶς

2360 1713 2455 1767 ἐὰν
2483 1702 2621 1765 εἴπω
2649 1711 2778 1779 ὑμῖν
2805 1709 2875 1762 τὰ
2903 1712 3221 1780 ἐπουράνια,
3246 1710 3598 1772 πιστεύσετες
3628 1707 3744 1759 Καὶ
3771 1705 3953 1768 οὐδεὶς

2364 1803 2705 1875 ἀναϐέϐηκεν
2734 1802 2815 1865 είς
2842 1801 2931 1854 τὸν
2959 1801 3209 1872 οὐρανὸν,
3242 1803 3289 1854 εί
3322 1802 3397 1871 μὴ
3425 1804 3454 1854 6
3482 1802 3546 1854 ἐκ
3576 1798 3674 1853 τοῦ
3711 1797 3951 1869 οὐρανοῦ

2364 1895 2607 1959 καταϐὰς
2626 1936 2639 1959 ,
2670 1896 2699 1948 6
2732 1893 2858 1955 Υἱὸς
2888 1890 2980 1945 τοῦ
3010 1890 3316 1961 ἀνθρώπου.
3357 1911 3376 1943 ι
3411 1892 3535 1955 Πῶς
3567 1890 3953 1958 καταϐέϐηκεν

2366 1990 2430 2041 ἐκ
2459 1988 2551 2040 τοῦ
2582 1985 2811 2057 οὐρανοῦ
2840 1985 2869 2037 6
2910 1983 3038 2046 Υίδς
3070 1982 3164 2035 τοῦ
3214 1978 3533 2051 ἀνθρώπου,
3598 1984 3783 2037 καίτοι
3853 1980 3955 2050 τῆς

2364 2081 2525 2149 ἁγίας
2556 2078 2761 2149 σαρκὸς
2807 2073 3163 2146 γεννηθείσης
3194 2074 3259 2124 ἐκ
3303 2072 3581 2140 γυναικός.
3616 2074 3761 2126 Ἀλλ’
3820 2074 3952 2126 [διον

2362 2165 2432 2240 ἦν
2459 2169 2521 2222 τὸ
2558 2169 2716 2239 σῶμα
2744 2168 2849 2221 τοῦ
2871 2168 2929 2234 ἐξ
2959 2164 3188 2237 οὐρανοῦ
3218 2162 3724 2232 καταφοιτήσαντος
3749 2165 3948 2232 Λόγου,

2363 2260 2422 2323 ὃς
2452 2260 2546 2313 καὶ
2572 2260 2798 2327 γέγονεν
2829 2254 2955 2323 Υίδς
2981 2257 3292 2328 ἀνθρώπου.
3326 2249 3421 2317 Εἷς
3447 2248 3542 2307 οὖν
3573 2254 3684 2324 ἄρα
3713 2255 3951 2324 Χριστὸς

2365 2351 2459 2405 καὶ
2488 2349 2635 2412 Υίὸς.
2669 2349 2857 2412 Οὕτως
2886 2350 2991 2401 ῐδια
3024 2350 3122 2419 μέν
3162 2349 3262 2419 τῆς
3305 2344 3505 2417 σαρκὸς
3530 2345 3603 2399 τὰ
3644 2343 3745 2397 τοῦ
3774 2346 3949 2413 Λόγου

2364 2440 2605 2509 γέγονεν,
2638 2440 2743 2493 ῐδια
2772 2439 2830 2492 δὲ
2857 2437 2953 2493 τοῦ
2996 2438 3171 2507 Λόγου
3199 2438 3269 2492 τὰ
3298 2438 3397 2508 τῆς
3427 2436 3653 2507 σαρκὸς,
3682 2434 3813 2506 δίχα
3858 2437 3950 2504 μό·

2366 2548 2464 2602 νης
2494 2530 2787 2601 ἁμαρτίας.
3382 2597 3385 2601 γ

2440 2636 2460 2676 ι
2497 2622 2607 2676 Καὶ
2631 2619 2811 2683 καθὼς
2840 2619 3044 2687 Μωσῆς
3074 2612 3255 2689 ῢψωσε
3274 2618 3368 2673 τὸν
3398 2612 3521 2687 ὄφιν
3549 2620 3609 2672 ἐν
3632 2620 3701 2689 τῇ
3733 2618 3944 2689 ἐρήμῳ,

2363 2713 2536 2777 οὕτως
2560 2711 2841 2782 ὑψωθῆναι
2870 2711 2952 2763 δεῖ
2976 2711 3069 2763 τὸν
3088 2710 3218 2763 Υίὸν
3247 2713 3340 2762 τοῦ
3369 2707 3659 2779 ἀνθρώπου
3687 2723 3703 2736 ⁸
3726 2708 3817 2760 ἴνα
3846 2710 3947 2770 1:5;

2364 2802 2682 2857 ὀπιπεύων
2712 2802 2798 2854 ἐπ’
2836 2800 2998 2853 αὑτὸν
3034 2800 3114 2841 ο-ῖ
3148 2798 3247 2870 ἔχῃ
3280 2799 3424 2870 ζωὴν
3449 2798 3691 2852 αἰώνιον.
3736 2815 3755 2848 ι
3791 2797 3948 2850 '36:-

2366 2910 2491 2946 κνον
2530 2893 2657 2955 τοὺς
2705 2890 2767 2955 ἐξ
2805 2886 3023 2962 Ἰσραὴλ
3062 2888 3204 2943 κατὰ
3251 2887 3349 2960 τὴν
3400 2887 3609 2959 ἔρημον
3657 2888 3711 2941 οἱ
3761 2885 3943 2956 ὄφειςο

2366 2980 2486 3038 εἶτα
2528 2983 2896 3055 προστέταχεν
2924 2984 2954 3036 6
2994 2983 3103 3036 τῶν
3130 2982 3267 3036 ὅλων
3308 2980 3440 3044 Θεὸς
3484 2980 3562 3051 τῷ
3604 2981 3782 3051 Μωσῇ
3829 2980 3945 3047 ὅφιν

2367 3074 2645 3131 ἀναθεῖναι
2674 3075 2928 3145 χαλκοῦν.
2969 3094 2989 3127 ι
3028 3076 3139 3129 Καὶ
3176 3075 3350 3137 ἔσται,
3400 3076 3583 3144 φησὶν,
3618 3075 3719 3126 ἐὰν
3756 3074 3894 3141 δάκῃ
3921 3074 3946 3123 6

2370 3166 2494 3237 ὄφις
2524 3168 2828 3239 ἄνθρωπον,
2861 3149 2957 3222 καί.
2991 3167 3238 3238 ἐμϐλέψῃ
3266 3168 3345 3229 είς
3374 3166 3465 3219 τὸν
3494 3166 3640 3234 ὅφιν,
3673 3164 3773 3216 καὶ
3801 3164 3947 3232 ζήσε·

2368 3274 2478 3311 ται.
2520 3276 2539 3308 ι
2577 3257 2641 3308 Τί
2670 3257 2847 3311 τοίνυν
2876 3257 2993 3309 ἐστὶ
3019 3257 3081 3309 τὸ
3108 3257 3367 3324 αῐνιγμα;
3401 3256 3497 3307 Διά
3516 3255 3568 3306 τί
3599 3254 3658 3306 δὲ
3687 3254 3718 3305 6
3750 3253 3943 3323 ἐνορῶν

2368 3348 2458 3401 τὸν
2477 3348 2599 3417 ὅφιν
2631 3350 2656 3388 8
2675 3347 2935 3415 σώζεταις
2963 3347 3083 3418 Ζωὴ
3110 3346 3398 3418 τοιγαροῦν
3414 3346 3555 3399 κατὰ
3576 3344 3743 3413 φύσιν
3775 3344 3943 3412 ὑπάρ-

2369 3458 2479 3511 χων
2507 3442 2536 3493 6
2563 3438 2871 3510 Μονογενὴς
2902 3436 2995 3493 τοῦ
3026 3439 3161 3492 Θεοῦ
3192 3439 3385 3506 Λόγος,
3417 3439 3643 3507 γέγονεν
3663 3440 3724 3491 ἐν
3753 3436 3943 3508 ὁμοιώ-

2371 3530 2608 3601 ματιτῷ
2638 3530 2760 3583 καθ’
2804 3528 2972 3601 ἡμᾶς,
3015 3530 3293 3583 τουτέστιν
3341 3529 3625 3600 ἄνθρωπος
3690 3528 3941 3600 (πονηρὸν

2368 3622 2423 3673 δὲ
2453 3619 2481 3673 6
2509 3620 2815 3691 ἄνθρωπος,
2847 3619 2943 3673 καὶ
2988 3616 3100 3673 οἷον
3139 3622 3168 3673 6
3196 3616 3363 3690 ϐφις)·
3390 3619 3503 3673 ἀλλ’
3544 3620 3592 3672 si
3634 3621 3731 3673 καὶ
3761 3621 3939 3687 γέγονε

2370 3710 2490 3763 καθ’
2519 3711 2687 3780 ἡμᾶς,
2727 3708 2885 3773 εἴτις
2913 3711 2994 3773 εἰς
3041 3708 3204 3763 αὑτὸν
3248 3711 3368 3774 ίδοι,
3400 3712 3526 3781 νικᾷ
3570 3710 3664 3762 τὸν
3693 3710 3937 3762 Θάνατον.

2368 3799 2433 3852 Τί
2465 3797 2521 3851 δέ
2552 3801 2666 3852 ἐστι
2696 3799 2757 3852 τὸ
2786 3801 2864 3862 είς
2895 3799 3058 3852 αὑτὸν
3092 3799 3241 3863 ίδεῖν,
3275 3799 3308 3869 ἦ
3338 3798 3420 3852 ὅτι
3452 3799 3667 3861 πάντως
3711 3799 3774 3851 τὸ
3802 3798 3938 3867 ἀκρι-

2369 3890 2479 3953 ϐῶς
2523 3890 2859 3961 κατανοῆσαι
2902 3890 2962 3943 τὸ
3005 3892 3090 3943 ἐπ’
3120 3889 3267 3959 αὐτῷ
3312 3891 3643 3959 μυστήριονς
3676 3889 3812 3942 Τότε
3842 3889 3938 3959 γάρ

2367 3978 2529 4032 αὑτὸν
2553 3978 2741 4048 ὄψεται
2768 3981 2826 4031 ἐν
2862 3977 3164 4047 ὁμοιώματι
3197 3976 3295 4046 μὲν
3316 3976 3424 4028 τῶν
3474 3976 3754 4046 πονηρῶν,
3797 3994 3936 4030 τουτ-

2365 4072 2513 4123 έστιν
2552 4069 2876 4139 ἀνθρώπων,
2924 4068 3186 4132 ζωοποιὸν
3213 4067 3269 4121 δὲ
3315 4068 3390 4131 ὡς
3423 4068 3573 4132 Θεὸν,
3608 4069 3703 4121 καὶ
3758 4070 3937 4137 ἀφανίο

2366 4163 2524 4227 ζοντα
2560 4162 2630 4216 τὰ
2649 4162 2755 4213 τῶν
2786 4160 2990 4228 νοητῶν
3019 4160 3046 4198 h
3074 4160 3249 4228 ὄφεων
3282 4160 3555 4231 δήγματα.
3591 4154 3685 4223 Εἷς
3724 4156 3816 4213 οὖν
3840 4162 3933 4229 ἄρα

2369 4250 2594 4321 Κύριος,
2624 4251 2717 4302 καὶ
2746 4249 2873 4311 Υἱὸς
2902 4249 2930 4300 6
2951 4246 3134 4311 αὐτὸς,
3161 4248 3255 4300 καὶ
3282 4247 3543 4312 ζωοποιδς
3566 4250 3643 4313 ὡς
3665 4249 3819 4314 Θεὸς,
3853 4249 3934 4300 καὶ

2366 4342 2425 4393 ἐν
2457 4342 2586 4394 εῖδει
2615 4340 2692 4410 τῷ
2723 4340 2831 4393 τῶν
2856 4340 3106 4410 πονηρῶν
3138 4338 3203 4392 δι’
3227 4341 3558 4411 οἰκονομίαν.

696 4429 857 4484 Deus.
885 4429 1034 4485 Unus
1064 4430 1241 4499 itaque
1269 4440 1351 4483 est
1381 4429 1660 4491 Dominus,
1690 4439 1743 4482 et
1777 4443 1918 4481 unus
1953 4428 2139 4489 Filius,
2169 4429 2258 4496 qui
2300 4430 2541 4501 quidem,
2584 4440 2644 4484 ut
2675 4428 2816 4485 Deus
2878 4440 2957 4484 est
2985 4470 2999 4494 ,
3031 4429 3276 4485 viviﬁcus
3303 4442 3412 4497 est;
3446 4432 3741 4487 secundum
3774 4432 3932 4489 carnis

693 4534 824 4576 vero
846 4522 1231 4583 oeconomiam,
1259 4519 1309 4572 in
1338 4518 1599 4571 malornm
1628 4519 1810 4587 specie
1836 4518 2145 4587 spectabilis
2170 4529 2271 4575 est.

774 4634 792 4665 ι
833 4615 1029 4679 l’ueri,
1070 4614 1280 4683 inquit,
1330 4613 1674 4667 Ilebra‘orntn
1722 4614 2051 4681 accipientes
2093 4630 2268 4667 ramos

2450 4632 2469 4665 ι
2502 4615 2564 4667 Oi
2605 4615 2791 4677 παῖδες
2825 4613 3037 4683 ἔχοντες
3065 4612 3133 4665 τὰ
3163 4610 3289 4681 βαΐα
3317 4612 3426 4667 τῶν
3456 4615 3713 4682 φοινίκων
3734 4656 3749 4679 ,
3787 4615 3926 4683 ἐξῆ).-

697 4707 1014 4777 palmarum,
1051 4716 1428 4774 processerunt
1465 4707 1677 4759 obviam
1716 4709 1785 4769 ei,
1820 4718 1874 4759 et
1908 4707 2213 4761 clamabant
2250 4725 2265 4763 :

698 4802 980 4861 Ilusanna,
1017 4799 1333 4853 benedictus
1369 4800 1457 4867 qui
1496 4800 1641 4852 venit
1678 4800 1729 4851 in
1768 4801 1982 4853 nomine
2021 4800 2264 4863 Domini,

696 4910 786 4947 rex
818 4889 1060 4944 Israel“.
1093 4908 1110 4939 ›
1148 4888 1304 4957 115
1333 4890 1576 4954 Qualem,
1602 4906 1803 4959 qua-so,
1833 4891 2023 4943 divina:
2052 4889 2266 4943 Litter:e

696 4987 751 5040 in
803 4983 1017 5037 nomine
1065 4982 1276 5034 Domini
1327 4992 1607 5034 venturum
1657 4982 1990 5050 prmtlixere?
2038 4982 2169 5035 Nam
2222 4981 2266 5035 si

696 5091 816 5127 cum
848 5072 936 5141 qui
966 5086 1029 5124 ex
1064 5086 1215 5125 sacra
1239 5070 1461 5140 Virgine
1491 5082 1646 5125 ortus
1677 5082 1780 5136 est,
1811 5072 2080 5125 hominem
2113 5071 2269 5123 absu-

699 5166 828 5229 lute,
871 5166 959 5219 Dei
991 5164 1164 5218 Verbo
1204 5165 1496 5217 secundum
1543 5163 1860 5232 hypnstasin
1906 5180 2009 5215 non
2056 5164 2264 5217 unitum

697 5256 931 5310 dixerint
975 5273 989 5309 :
1031 5253 1269 5323 profecto
1311 5254 1700 5307 dominationis
1744 5269 1936 5307 ttOtncn
1984 5267 2266 5305 commune

700 5348 795 5415 ipsi
838 5347 1119 5401 nobiscum
1156 5346 1289 5411 erit;
1335 5359 1505 5413 neque
1543 5343 1833 5413 quidquam
1882 5345 1981 5397 hac
2022 5344 2263 5408 ratione,

766 5506 875 5560 "Il
904 5505 1030 5561 Cor.
1069 5520 1185 5569 \‘lll,
1208 5504 1265 5569 9.
1336 5501 1554 5556 “Joan.
1587 5518 1623 5568 I,
1654 5502 1739 5555 54.

1820 5498 2036 5554 "Joan.
2066 5516 2157 5563 ιιι,
2192 5498 2396 5563 12,15.

2377 4706 2468 4757 οον
2496 4706 2575 4767 είς
2594 4704 2897 4773 ἀπάντησιν
2924 4702 3112 4765 αὑτοῦ,
3129 4704 3283 4773 φησὶ,
3308 4705 3402 4757 καὶ
3428 4704 3658 4775 ἔκραζον
3683 4707 3725 4745 i'
3763 4706 3928 4757 'va-

2378 4796 2465 4856 νὰ,
2529 4795 2891 4866 εὐλογημένος
2942 4797 2969 4848 6
3015 4795 3309 4865 ἐρχόμενος
3355 4797 3413 4848 ἐν
3463 4797 3684 4867 ὀνόματι
3717 4797 3925 4868 Κυρίου,

2373 4889 2401 4939 6
2434 4887 2684 4957 βασιλεὺς
2705 4887 2797 4939 τοῦ
2832 4886 3069 4956 Ἰσραήλ.
3101 4905 3119 4937 ι
3158 4886 3281 4951 Πῶς
3314 4884 3407 4942 οὖν
3441 4906 3605 4960 φησιν
3643 4892 3700 4943 ἐν
3726 4890 3927 4960 ὀνόματι

2371 4978 2575 5049 Κυρίου
2612 4976 3056 5049 παραγενέσθαιὶ
3097 4979 3159 5031 τὸ
3185 4980 3423 5050 Γράμμα
3452 4981 3513 5033 τὸ
3544 4981 3717 5051 ίερόνς
3755 4983 3815 5034 Εἰ
3844 4982 3928 5051 μὲν

2374 5067 2467 5123 οὖν
2490 5069 2565 5131 ὡς
2592 5069 2875 5140 ἄνθρωπον
2911 5069 3091 5132 ίδικῶς
3117 5070 3207 5122 τὸν
3232 5071 3295 5122 ἐκ
3327 5071 3425 5141 τῆς
3456 5070 3615 5139 ἁγίας
3650 5072 3925 5142 Παρθένου,

2374 5162 2448 5231 μὴ
2473 5160 2759 5223 ἐνωθέντος
2790 5160 2937 5230 αὑτῷ
2973 5161 3093 5213 καθ’
3120 5160 3415 5215 ὑπόστασιν
3442 5161 3535 5213 τοῦ
3581 5161 3716 5214 Θεοῦ
3746 5162 3923 5228 Λόγου.

2373 5251 2549 5304 κοινὸν
2581 5250 2731 5304 ἔσται
2758 5251 2819 5303 τὸ
2846 5250 2945 5321 τῆς
2968 5252 3287 5322 κυριότητος
3317 5254 3484 5322 ὄνομα
3507 5253 3657 5324 αὐτῷ
3684 5254 3822 5309 καθᾶ
3848 5255 3925 5305 καὶ

2370 5345 2520 5413 ἡμῖν,
2554 5344 2646 5395 καὶ
2679 5342 2829 5395 οὐδὲν
2862 5344 2955 5396 ἐπὶ
2993 5344 3231 5413 Χριστοῦ
3260 5343 3320 5396 τὸ
3356 5344 3527 5414 μέγα·
3560 5345 3607 5395 εί
3639 5344 3695 5397 δὲ
3729 5345 3801 5407 ὡς
3832 5347 3925 5398 ιιι).

2500 5499 2693 5553 “ibid.
2721 5498 2808 5551 14.
2901 5500 2944 5530 ’⁷
2970 5499 3127 5553 Nunt.
3164 5514 3274 5562 xxI,
3307 5501 3358 5554 8.
3477 5500 3522 5532 ³⁸
3545 5498 3703 5558 Joan.
3729 5501 3920 5572 xn,_l3.

1758 5652 1931 5706 Varia:
1966 5653 2220 5707 lectiones
2252 5652 2457 5706 codicis
2498 5651 2861 5722 Segnieriani.

772 5797 854 5837 ⁸-τ
890 5800 963 5853 εὶς
988 5795 1171 5853 αὐτόν.
1208 5794 1337 5850 [vel]
1364 5796 1419 5847 ὲν
1450 5794 1615 5847 αὑτῶ.
1696 5796 1717 5830 ε
1747 5792 1820 5861 τῷ
1850 5792 1991 5861 ὕφει.
2068 5794 2089 5830 h
2126 5792 2396 5864 πονηρῶν.

2480 5793 2492 5830 ί
2534 5791 2888 5861 ἐκραύγαζον.
2973 5791 2985 5838 i
3029 5793 3517 5862 παραγενήσεοοαι.
