4122 6542
186 469 318 525 1317

1279 461 1368 518 DE
1407 459 1633 518 RECTA
1673 456 1834 514 FIDE
1873 456 1963 511 AD
2004 455 2324 512 REGINAS.

3299 461 3438 517 1518

189 598 301 651 ριος
328 579 544 651 ἀληθῶς
595 579 746 651 ἥξειν
787 577 1290 652 προαπηγγελλετο,
1317 577 1455 648 ὅπερ
1500 573 1621 628 toti.
1672 572 1768 627 καὶ

1884 571 2016 640 ιιιοά
2043 572 2115 626 sit
2144 572 2425 638 eximium,
2453 570 2672 628 Christo
2702 571 3049 628 attribuetur.
3080 571 3137 626 Si
3165 587 3293 628 vero
3322 584 3441 628 tan-

187 669 385 738 ἀληθὲς
435 670 453 732 <
478 669 700 740 ἐλήλυθε
733 670 841 740 γάρ
873 670 934 723 οὐ
960 670 1084 740 δίχα
1115 667 1315 740 σαρκὸς
1365 667 1446 731 εἰς
1476 664 1626 718 τόνδε
1670 663 1765 717 τὸν

190 757 392 829 κόσμον
419 763 448 814 ὀ
474 760 808 830 Μονογενής)
833 778 846 792 ’
867 757 948 824 εἷς
976 761 1084 831 ἄρα
1110 760 1226 813 ἐστὶ
1253 759 1414 828 φύσει
1434 755 1766 828 καὶάληθῶς

191 853 413 922 Κῦριος,
454 851 550 904 καὶ
581 851 625 905 Χ
635 851 839 923 ριστὺς,
870 853 964 906 καὶ
992 852 1143 916 Υἱός.

269 1138 285 1168 ι
317 1117 426 1171 Καὶ
469 1116 609 1187 ὑπὲρ
643 1116 820 1170 αὐτῶν
853 1114 965 1186 ἐγὼ
1011 1115 1225 1185 ἁγιάζω
1256 1116 1512 1184 ἐμαυτὸν,
1543 1114 1632 1168 ἵνα
1666 1106 1769 1167 ὦσι

191 1210 286 1261 καὶ
313 1207 468 1261 αὐτοὶ
499 1209 822 1278 ἡγιασμένοι
864 1208 924 1259 ὲν
964 1207 1214 1278 ἀληθεία.
1248 1226 1266 1257 ι
1301 1205 1525 1259 Ἑαυτὸν
1554 1206 1770 1274 ἁγιάζει

188 1293 577 1369 Χριστός.¹Λρ⁹
605 1282 677 1360 ὡς
706 1297 990 1368 ἄνθρωπος
1011 1337 1026 1362 ,
1066 1299 1098 1369 ἢ
1131 1299 1212 1351 ὅτι
1255 1298 1455 1367 μᾶλλον
1484 1297 1619 1360 Har};
1655 1298 1772 1370 Epit

191 1388 336 1441 κατά
367 1388 550 1457 φύσιν,
588 1387 717 1456 ἴδιον
744 1386 883 1455 ἔχων
916 1387 977 1439 τὸ
1028 1386 1250 1456 Πνεῦμα
1288 1387 1349 1440 τὸ
1376 1389 1558 1455 ἆγιονς
1594 1385 1772 1456 Ὅπερ

189 1480 312 1531 ἐστὶ
345 1480 439 1531 καὶ
465 1477 681 1546 ἀληθές.
731 1477 957 1540 Οὐδενὸς
990 1478 1279 1550 τοιγαροῦν
1308 1475 1610 1548 ἀνθρώπων
1643 1477 1771 1528 εαυ-

189 1573 284 1625 τὸν
335 1571 673 1639 ἁγιάζοντος,
712 1571 903 1623 ἑαυτὸν
951 1570 1168 1638 ἁγιάζει
1213 1571 1468 1641 Χριστός.
1515 1563 1613 1632 Εἷς
1665 1570 1772 1638 ἄρα

191 1663 344 1714 ἐστὶν
367 1662 491 1724 Υἱὸς
514 1663 606 1714 καὶ
629 1661 852 1730 Κύριος,
882 1662 1239 1732 ἁγιαζόμενος
1265 1661 1362 1731 μὲν
1394 1659 1772 1731 ἀνθρωπίνως,

189 1752 436 1820 ἁγιάζων
493 1752 549 1805 δὲ
601 1750 796 1815 θεῖκὼς
849 1752 928 1822 τῷ
974 1753 1088 1824 ἰδίῳ
1138 1752 1415 1822 Πνεῦματι
1456 1753 1548 1805 τὸν
1580 1750 1774 1805 ἑαυτοῦ

192 1860 342 1893 ναον.

271 1952 288 1983 ι
325 1931 498 1984 Πολλὰ
530 1931 626 2002 μὲν
659 1926 750 1983 οὖν
787 1933 878 1984 καὶ
911 1932 1044 1986 ἄλλα
1076 1933 1277 2003 σημεῖα
1309 1930 1565 2001 ὲποὶησεν
1604 1931 1633 1982 ὁ
1669 1930 1774 2000 Ἰη-
1807 1928 1848 1980 Β

190 2023 323 2088 σοῦς
368 2025 598 2076 ἐνώπιον
643 2023 750 2079 τῶν
797 2024 1055 2094 μαθητῶν
1087 2023 1272 2086 αὑτοῦ,
1302 2023 1337 2077 ἃ
1375 2025 1475 2076 οὐκ
1516 2022 1630 2075 ἔστι
1678 2040 1773 2091 γε-

188 2116 492 2186 γραμμένα
521 2115 578 2167 ἐν
610 2113 688 2185 τῷ
720 2114 906 2185 βιϐλίῳ
931 2114 1126 2184 τούτῳ.
1151 2114 1335 2166 Ταῦτα
1363 2114 1419 2166 δε
1448 2114 1775 2184 γέγραπται,

189 2206 284 2256 ἵνα
333 2203 660 2273 πιστεύσητε
709 2203 792 2255 δτι
825 2201 1032 2272 Ἰησοῦς
1065 2205 1214 2253 ἐστιν
1260 2201 1288 2252 ὁ
1325 2199 1558 2272 Χριστὸς
1591 2200 1619 2252 ὁ
1647 2198 1774 2261 Υἱὸς

187 2296 288 2349 τοῦ
336 2295 509 2348 Θεοῦ⁹
559 2295 652 2348 καὶ
707 2295 792 2347 ἵνα
840 2293 1208 2367 πιστεύοντες,
1235 2293 1378 2362 ζωὴν
1425 2291 1582 2362 ἔχητε
1614 2292 1673 2345 ἐν
1701 2291 1778 2361 τῷ

189 2391 418 2456 ὀνόματι
445 2389 627 2441 αὐτοῦ.
659 2407 678 2439 ι
696 2388 756 2440 '0
783 2389 845 2440 ἐκ
874 2389 971 2456 τῆς
999 2385 1160 2454 ἁγίας
1192 2384 1469 2456 Παρθένου
1517 2400 1775 2454 γεγεννηο

193 2483 362 2551 μένος
404 2480 770 2551 Ἑμμανουὴλ,
807 2480 894 2533 διὰ
921 2481 1020 2549 τῆς
1048 2478 1141 2531 τοῦ
1171 2476 1498 2546 Εὑαγγελίου
1522 2476 1548 2514 ι
1596 2477 1779 2547 φωνῆς

207 2568 414 2636 Ἰησοῦς
447 2569 919 2639 ὼνόμασται.”οτε
954 2568 1134 2620 τοίνυν
1165 2567 1327 2630 αὐτός
1358 2568 1496 2630 ἐστι,
1546 2565 1640 2618 καὶ
1681 2565 1780 2636 οὐχ

190 2661 406 2728 ἕτερος,
443 2659 568 2721 Υἱὸς
614 2657 707 2712 τοῦ
754 2657 910 2722 Θεοῦ,
941 2659 1035 2710 καὶ
1080 2659 1110 2710 ό
1155 2656 1428 2709 πιστεύων
1469 2655 1584 2725 ἔχει
1635 2654 1780 2726 ζωὴν

193 2748 418 2801 αἰώνιον
459 2749 516 2800 ἐν
547 2747 626 2816 τῷ
671 2747 894 2817 ὀνόματι
930 2745 1118 2798 αὑτοῦ·
1156 2745 1270 2808 πῶς
1299 2745 1360 2797 οὐ
1393 2747 1700 2816 μεμήνασιν
1730 2745 1780 2797 οἰ

191 2839 546 2909 διορίζοντες,
573 2840 667 2891 καὶ
702 2841 1024 2907 φάσκοντες,
1057 2839 1242 2908 ἕτερον
1267 2837 1393 2889 Υἰδν
1415 2832 1557 2889 εἶναι
1585 2835 1675 2889 τὸν
1716 2836 1781 2888 ἐκ

195 2929 339 2982 θεοῦ
395 2931 586 2998 Λόγον,
615 2930 710 2982 καὶ
753 2931 940 2998 ἓτερον
982 2929 1072 2981 τὸν
1117 2931 1181 2981 ἐκ
1235 2929 1332 2997 τῆς
1373 2929 1531 2996 ἁγίας
1571 2926 1783 2998 Παρθέ-

193 3037 328 3086 νου;
360 3020 607 3075 Φαίνεται
641 3021 749 3090 γὰρ
795 3021 853 3073 ὲν
897 3020 1106 3082 τούτοις
1161 3019 1189 3070 ό
1243 3015 1632 3088 εὖαγγελιστὴς
1688 3016 1783 3069 καὶ

200 3118 351 3188 μάλα
381 3117 568 3186 σαφῶς
593 3117 689 3169 ἕνα
718 3115 813 3168 καὶ
847 3115 1005 3184 μόνον
1031 3113 1122 3165 τὸν
1154 3114 1211 3170 ὲΞ
1260 3113 1462 3181 ἀμφοῖν
1494 3108 1650 3172 εἰδὼς
1689 3109 1783 3160 καὶ

195 3208 490 3280 κηρύττων
529 3207 736 3277 Ἰησοῦν
765 3207 1022 3277 Χριστὸν,
1047 3205 1294 3258 τουτέστι
1316 3204 1410 3257 τὸν
1437 3205 1501 3256 ἐκ
1523 3202 1657 3255 Θεοῦ
1680 3201 1784 3255 Ila.-

1864 676 2026 732 quam
2055 676 2215 718 verus
2248 663 2505 718 Dominus
2528 673 2789 718 venturus
2819 664 3215 734 prmnuntiatus
3245 661 3352 731 est,
3383 676 3444 720 ut

1868 767 2053 808 revera
2091 754 2483 822 praenuntiatus
2515 763 2599 810 est
2631 755 2814 823 (venit
2846 754 2990 808 enim
3028 753 3352 824 Unigenitus
3385 757 3459 811 in.

1869 842 2011 898 hunc
2051 846 2309 897 mundum
2350 860 2454 898 non
2493 844 2694 914 absque
2733 845 2956 915 carne);
2985 860 3122 900 unus
3159 860 3286 914 ergo
3325 863 3444 900 om-

1869 932 1998 984 nino
2031 942 2224 986 natura
2258 942 2311 986 et
2345 933 2571 988 veritate
2607 934 2885 1000 Dominus,
2911 944 2962 990 et
2983 933 3325 1000 Christus,et
3359 934 3446 987 Fi-

1871 1021 1974 1076 lius
2001 1023 2126 1077 erit.

1947 1132 1966 1165 ι
2010 1113 2075 1168 Et
2116 1129 2212 1183 pro
2247 1115 2325 1169 eis
2361 1130 2460 1185 ego
2497 1117 2777 1171 sanetitico
2815 1120 3075 1188 meipsum
3100 1160 3114 1184 ,
3152 1129 3209 1173 nt
3245 1120 3354 1174 sint
3393 1128 3448 1170 et

1874 1206 1972 1275 ipsi
2005 1205 2328 1260 sanctiﬁcati
2364 1209 2413 1260 in
2448 1209 2673 1262 veritate
2695 1209 2761 1261 ³³.
2798 1229 2816 1261 ι
2855 1211 3104 1279 Seipsnm
3135 1211 3448 1265 sanctiliCat

1873 1295 2121 1350 Christus
2151 1313 2164 1348 :
2196 1298 2288 1350 sed
2324 1299 2563 1366 nunquid
2595 1309 2651 1351 ut
2683 1301 2876 1355 homo?
2905 1317 2969 1354 an
3002 1317 3130 1355 vero
3157 1312 3218 1354 ut
3247 1313 3440 1355 natura

1875 1385 2016 1441 Deus
2035 1386 2297 1457 Spiritum
2320 1401 2568 1442 sanctum
2594 1399 2847 1459 tauquam
2866 1392 3142 1459 proprium
3162 1393 3448 1447 obtinens?

1874 1477 2036 1532 Certe
2059 1489 2117 1532 ut
2141 1479 2301 1533 Deus.
2331 1479 2486 1532 Nullo
2516 1483 2695 1550 itaque
2723 1482 3032 1536 mortalium
3058 1482 3294 1550 seipsum
3324 1500 3452 1537 san-

1875 1570 2168 1635 ctilicantc,
2218 1571 2365 1624 solus
2413 1571 2661 1625 Christus
2713 1575 3064 1642 semetipsum
3125 1573 3449 1630 Sanctiﬁcat.

1877 1658 2029 1716 Unus
2055 1672 2139 1716 est
2168 1676 2295 1731 ergo
2328 1662 2586 1715 Dominus
2606 1672 2671 1716 et
2699 1661 2898 1730 Filius;
2927 1664 3300 1719 sanetiiicatus
3329 1665 3450 1734 qni-

1877 1755 1998 1806 dem
2039 1763 2098 1806 ut
2139 1753 2321 1816 homo,
2360 1768 2515 1807 sumn
2549 1769 2678 1808 vero
2721 1755 2888 1823 ipsius
2934 1757 3186 1824 templum
3232 1757 3452 1826 proprio

1879 1857 1975 1897 Suo
2004 1842 2210 1910 Spiritu
2241 1844 2590 1897 salictilicaus
2621 1856 2677 1896 ιιι
2710 1843 2869 1898 Deus.

1955 1952 1972 1984 ι
2013 1933 2180 1986 Multa
2216 1933 2431 2002 quidem
2468 1943 2523 1986 et
2558 1934 2662 1986 alia
2699 1935 2850 2003 signa
2890 1932 3015 1987 fecit
3046 1933 3200 1989 Jesns
3238 1937 3288 1988 in
3323 1950 3456 1990 con-

1878 2034 2058 2093 spectu
2096 2025 2478 2094 discipulorum
2515 2039 2765 2089 suorum,
2806 2041 2924 2094 qua:
2960 2041 3061 2080 non
3097 2037 3221 2080 sunt
3254 2028 3454 2096 scripta

1881 2117 1932 2169 in
1973 2116 2109 2170 libro
2149 2117 2270 2171 hoc.
2311 2116 2434 2170 llmc
2472 2127 2652 2171 autem
2695 2117 2896 2185 scripta
2937 2128 3092 2184 sunt,
3129 2130 3188 2171 ιιι
3224 2121 3456 2175 credatis

1879 2209 2002 2276 quia
2037 2205 2192 2262 Iesus
2224 2217 2304 2261 est
2335 2207 2586 2262 Christus
2623 2208 2792 2262 Filius
2831 2209 2955 2274 Dei;
2992 2221 3044 2263 et
3080 2219 3139 2262 ut
3170 2213 3458 2264 credentes

1881 2299 2042 2351 vitam
2085 2299 2327 2353 habeatis
2372 2298 2424 2352 in
2469 2299 2685 2352 nomine
2724 2297 2841 2365 ejus
2864 2299 2930 2351 ³ο.
2981 2319 2998 2350 ι
3046 2299 3145 2365 Qui
3191 2317 3256 2355 ex
3300 2316 3452 2356 sacra

1880 2380 2101 2457 Virgine
2149 2400 2306 2441 natus
2350 2397 2433 2441 est
2481 2386 2833 2449 Ennnanucl.
2882 2389 2927 2442 is
2970 2403 3100 2443 voce
3148 2391 3456 2460 evangelica

1881 2476 2182 2544 appellatus
2210 2485 2293 2531 est
2321 2475 2476 2530 Jesus
2502 2476 2566 2528 ³⁸.
2600 2475 2733 2529 Cum
2769 2477 2882 2542 ipse
2911 2492 3062 2545 ergo,
3097 2485 3151 2530 et
3181 2492 3286 2530 non
3321 2477 3460 2531 alius

1881 2568 2147 2639 quispiam
2180 2569 2251 2623 sit
2283 2568 2375 2622 Dei
2408 2567 2613 2632 Filius;
2644 2580 2696 2620 et
2727 2569 2816 2636 qui
2851 2567 2902 2620 in
2937 2568 3088 2621 illum
3123 2568 3330 2634 credit,
3365 2586 3460 2622 nn-

1883 2660 2027 2715 mine
2069 2658 2309 2728 ejusdem
2359 2658 2524 2711 vitam
2571 2664 2831 2710 mternam
2879 2667 3284 2726 consequatur;
3328 2672 3462 2726 quo-

1883 2751 2040 2805 tnodo
2083 2765 2187 2803 non
2235 2748 2510 2802 insaniunt
2549 2751 2664 2818 qni,
2695 2748 2958 2802 divisione
3001 2748 3250 2813 inducta,
3297 2750 3459 2802 alium

1885 2843 1973 2897 Dei
2002 2842 2176 2897 Patris
2197 2840 2452 2906 Verbum,
2479 2841 2642 2894 alium
2674 2857 2886 2894 rursum
2916 2841 3062 2895 ilium
3091 2842 3181 2911 qui
3212 2857 3277 2896 ex
3305 2846 3459 2896 sacra

1883 2931 2103 3004 Virgine
2137 2942 2315 2987 ortum
2353 2933 2532 2997 ducit,
2571 2930 2766 2986 Filium
2801 2948 2921 2987 esse
2959 2934 3250 2987 asserunt?
3285 2933 3339 2988 In
3378 2935 3463 2989 his

1883 3027 2026 3081 enim
2058 3023 2386 3094 evangelista
2420 3039 2582 3076 unum
2617 3024 2788 3077 solum
2819 3019 3001 3077 Jcsum
3035 3023 3331 3089 Christum,
3363 3023 3464 3078 hoc

1883 3125 1987 3177 est,
2013 3116 2103 3169 Dei
2137 3114 2314 3169 Patris
2331 3114 2592 3176 Verbum,
2617 3115 2798 3168 carnis
2827 3123 2880 3168 et
2909 3114 3192 3185 sanguinis
3218 3131 3370 3185 teque
3397 3131 3462 3170 ac

1887 3220 1985 3259 nos
2033 3204 2324 3258 secundum
2375 3201 2688 3273 Seripturas
2742 3204 3014 3271 particeps
3060 3203 3347 3266 eﬂectum,
3395 3218 3464 3257 ex

193 3302 333 3372 τρδς
360 3301 549 3368 Λόγον,
583 3301 813 3370 αἵματος
845 3300 939 3352 καὶ
974 3299 1174 3370 σαρκδς
1213 3297 1650 3369 κεκοινωνηκότα
1681 3314 1783 3350 πα-

1887 3308 2117 3365 utroque
2153 3295 2510 3352 constitutum
2556 3294 2897 3365 apertissime
2937 3295 3182 3365 agnoscit
3224 3303 3279 3350 et
3318 3309 3460 3364 pra-

197 3393 523 3467 ραπλησίως
550 3395 704 3463 ἡμῖν,
738 3392 880 3445 καθα
908 3392 1240 3462 γέγραπται.

435 3503 537 3559 Ἐκ
573 3504 680 3559 τοῦ
719 3505 870 3558 κατὰ
905 3502 1148 3558 Λουκᾶν
1180 3502 1571 3573 εὐαγγελίου.

284 3637 305 3672 ι
327 3619 576 3687 Ἐγένετο
605 3619 662 3672 δὲ
691 3620 748 3672 ἐν
782 3618 859 3690 τῷ
883 3615 1023 3671 εἶναι
1050 3618 1246 3680 αὐτοὺς
1272 3618 1406 3680 ἐκεῖ,
1433 3615 1786 3686 ἐπλήσθησαν

200 3710 265 3763 αἱ
293 3708 495 3780 ἡμέραι
524 3708 617 3761 τοῦ
657 3710 836 3760 τεκεῖν
866 3708 1068 3779 αὐτήν·
1110 3707 1203 3759 καὶ
1231 3706 1382 3759 ἔτεκε
1412 3706 1502 3759 τὸν
1538 3706 1665 3759 Υἰὸν
1692 3706 1788 3757 αὑ-

197 3799 306 3869 τῆς
355 3798 444 3849 τὸν
478 3796 840 3867 πρωτότοκον,
874 3796 974 3848 καὶ·
1021 3796 1445 3866 ἐσπαργάνωσεν
1478 3795 1660 3856 αὐτὸν,
1694 3795 1789 3846 καὶ

198 3889 488 3942 ἀνέκλινεν
535 3887 696 3940 αὑτὸν
743 3890 800 3938 ὲν
846 3890 911 3958 τῇ
965 3888 1160 3956 φάτνῃ,
1191 3888 1323 3939 διότι
1353 3888 1452 3939 οὐκ
1495 3882 1562 3957 ἦν
1607 3887 1788 3948 αὐτοῖς

199 3979 375 4040 τόπος
420 3980 476 4030 ὲν
527 3977 602 4048 τῷ
650 3977 1017 4047 καταλύματι.
1054 3978 1219 4030 »Ἕνα
1267 3978 1360 4029 καὶ
1399 3978 1557 4047 μόνον
1602 3977 1789 4030 ἔτεκεν

203 4069 342 4124 Υἱὸν
388 4069 478 4120 τὸν
517 4067 864 4138 Ἐμμανουὴλ
915 4069 947 4138 ἡ
1000 4067 1130 4134 ἁγία
1182 4067 1491 4137 Παρθένος·
1540 4067 1665 4131 πῶς
1699 4063 1790 4119 οὖν

204 4177 400 4230 φησι,ι
430 4160 534 4212 Τὸν
559 4159 683 4210 Υἱὸν
704 4158 871 4226 αὐτῆς
901 4158 990 4209 τὸν
1021 4157 1366 4227 πρωτότοκον
1388 4175 1402 4218 ;
1429 4176 1445 4206 ι
1480 4157 1541 4209 οὐ
1565 4158 1672 4226 γὰρ
1698 4175 1790 4224 γε-

203 4253 437 4320 γόνασιν
475 4250 652 4321 ἕτεροι
707 4251 823 4319 μετ’
853 4250 1035 4312 αὐτὸν,
1074 4250 1350 4319 μεμένηκε
1379 4248 1437 4301 δὲ
1503 4249 1790 4319 παρθένος.

220 4342 678 4412 Ἐπισημαίνεται
711 4342 890 4394 τοίνυν
920 4343 994 4404 ὡς
1033 4345 1095 4394 ὲκ
1121 4343 1219 4411 τῆς
1263 4339 1621 4393 θεοπνεύστου
1653 4342 1791 4411 Γρα-

206 4435 353 4504 ςρῆς·
387 4434 702 4502 ὠνόμασται
754 4433 862 4502 γὰρ
912 4432 1255 4504 πρωτότοκος
1291 4431 1320 4480 ὁ
1355 4431 1649 4500 μονογενὴς
1697 4430 1789 4482 τοῦ

204 4527 350 4581 Θεοῦ
380 4528 551 4594 Λόγος
573 4543 585 4554 ο
636 4525 997 4596 κεκοινώνηκε
1030 4525 1134 4593 γὰρ
1186 4523 1414 4592 αἵματος
1446 4523 1538 4573 καὶ
1569 4523 1788 4592 σαρκὸς,

1887 3388 2054 3444 dicat.

2175 3501 2258 3554 Ex
2296 3499 2581 3570 Evangelia
2617 3499 2906 3552 secundum
2947 3497 3167 3554 Lucam.

1962 3631 1985 3664 ι
2024 3611 2088 3666 Ει
2118 3611 2314 3667 factum
2343 3621 2447 3677 est,
2474 3627 2595 3666 cum
2626 3619 2810 3665 essent
2836 3609 2933 3672 ibi,
2963 3610 3165 3679 impleti
3196 3619 3322 3664 sunt
3350 3608 3466 3666 dies

1891 3712 1948 3756 ut
1980 3713 2221 3773 pareret,
2255 3711 2308 3757 et
2343 3705 2552 3772 peperit
2586 3702 2780 3756 Filium
2820 3717 2975 3755 suum
3013 3701 3466 3770 primogenitum,

1889 3805 1942 3848 et
1975 3795 2166 3863 pannis
2200 3810 2323 3849 eum
2365 3794 2619 3857 involvit,
2656 3805 2712 3847 et
2751 3794 3037 3847 reclinavit
3075 3793 3128 3846 in
3167 3795 3465 3862 praesepio,

1891 3885 2013 3954 quia
2049 3902 2152 3938 nun
2185 3895 2305 3940 erat
2334 3887 2420 3941 eis
2453 3886 2604 3940 locus
2636 3887 2689 3940 in
2723 3885 3022 3939 diversorio
3045 3885 3109 3937 ³³.
3151 3904 3169 3936 ι
3207 3883 3382 3940 Unum
3414 3896 3468 3940 et

1891 3976 2063 4030 solum
2108 3976 2301 4030 Filium
2353 3977 2562 4046 peperit
2605 3978 2765 4046 116
2806 3987 2992 4029 saneta
3029 3975 3226 4046 Virgo,
3273 3992 3466 4046 nempe

1894 4066 2296 4121 Emmanuelem
2335 4085 2350 4121 :
2387 4083 2484 4121 cur
2518 4067 2682 4134 igitur
2715 4067 2907 4120 Filium
2947 4067 3090 4121 illius
3125 4069 3466 4138 primogeni-

1895 4168 2004 4209 tum
2050 4157 2316 4225 appellat?
2361 4157 2542 4227 Neque
2584 4158 2729 4211 enim
2774 4157 2865 4212 ulli
2909 4157 2997 4210 alii
3044 4164 3166 4224 post
3211 4159 3360 4212 illum
3401 4175 3467 4215 ex

1894 4250 2006 4318 ipsa
2045 4251 2152 4302 nati
2190 4260 2317 4304 sunt
2353 4267 2367 4303 :
2406 4260 2668 4320 perpetuo
2704 4265 2936 4319 namque
2978 4249 3066 4303 illa
3103 4250 3468 4320 virginitatem

1892 4343 2256 4395 conservavit.
2303 4340 2652 4409 Significatur
2694 4355 2854 4410 ergo,
2899 4355 2927 4392 a
2978 4354 3132 4394 sacra
3185 4340 3465 4411 Scriptura

1895 4433 2222 4500 unigenitum
2255 4433 2345 4486 Dei
2372 4430 2609 4486 Verbum
2644 4431 2713 4486 ob
2745 4432 2796 4485 id
2832 4432 3254 4502 primogenitum
3288 4436 3471 4504 appel-

1896 4523 2060 4577 latum
2094 4538 2235 4586 esse,
2271 4525 2396 4592 quia
2432 4524 2580 4576 carni
2617 4531 2669 4577 et
2706 4523 2976 4591 sanguini,
3014 4524 3333 4592 creterisqne
3370 4526 3469 4579 hu-

205 4619 312 4672 καὶ
366 4616 762 4688 παραπλησίως
814 4618 944 4685 ἡμῖν
992 4616 1214 4685 μετέσχε
1251 4615 1357 4665 τῶν
1387 4613 1584 4665 αὐτῶν.
1639 4614 1783 4665 Οὗτα

1899 4615 2072 4668 manis
2099 4629 2252 4683 reque
2278 4630 2341 4669 ae
2371 4629 2468 4668 nos
2499 4615 2939 4681 communicatis,
2970 4616 3114 4669 inter
3143 4619 3334 4672 multos
3363 4619 3473 4674 fra-

199 4713 436 4780 γέγονεν
484 4713 541 4762 ἐν
594 4707 808 4769 πολλοῖς
857 4706 1106 4774 ἀδελφοῖς
1151 4706 1507 4776 πρωτότοκος.
1545 4703 1690 4773 Πλὴν
1718 4704 1792 4766 ὡς

204 4805 232 4852 (
243 4802 347 4864 tab;
372 4803 755 4873 προσκυνεῖται
785 4799 937 4867 παρά
967 4815 1022 4850 τε
1047 4798 1204 4869 ἡμῶν
1232 4797 1411 4852 αὐτῶν
1435 4796 1529 4850 καὶ
1550 4796 1656 4848 τῶν
1682 4796 1792 4850 ἅνω

205 4895 568 4963 πνευμάτων.

223 5013 226 5016 ~
293 5003 312 5035 ι
342 4985 450 5036 Καὶ
500 4980 641 5048 εἶπε,
697 4983 850 5052 φησὶ,
897 4982 1032 5053 πρὸς
1074 4980 1238 5034 αὑτὸν
1290 4983 1323 5051 ἡ
1379 4983 1560 5052 μήτηρ
1605 4981 1793 5035 αὐτοῦ’

206 5077 441 5141 Τέκνον,
471 5076 522 5128 τί
548 5077 810 5144 ἐποίησας
838 5076 972 5144 ἡμῖν
1010 5073 1214 5138 οῦτως;
1259 5071 1391 5126 Ἰδοὺ
1427 5077 1455 5127 ὁ
1487 5074 1668 5142 πατήρ
1701 5091 1792 5124 σου

209 5169 313 5222 καὶ
362 5166 473 5234 ἐγὼ
523 5164 848 5234 ὀδυνώμενοι
897 5163 1199 5234 ὲζητοῦμέν
1240 5178 1319 5215 σε.
1349 5162 1459 5216 Καὶ
1505 5158 1625 5215 εἷπε
1657 5163 1793 5233 πρὸς

205 5258 414 5320 αὐτούς
435 5275 447 5286 ·
477 5257 541 5309 Τί
579 5257 660 5309 ὅτι
690 5255 929 5324 ἐζητεῖτέ
963 5272 1027 5325 με
1051 5273 1065 5322 ;
1091 5254 1188 5306 οὐκ
1221 5255 1396 5307 οἴδατε
1416 5252 1457 5317 ι,
1486 5255 1567 5306 ὅτι
1601 5255 1656 5306 ἐν
1680 5255 1792 5316 τοῖς

201 5351 310 5409 τοῦ
345 5349 556 5418 Πατρός
589 5365 688 5418 μου
723 5348 801 5400 δεῖ
843 5342 984 5401 εἶναι
1020 5362 1121 5414 με;
1164 5363 1182 5397 ι
1206 5344 1394 5416 ’Λορει
1425 5345 1489 5416 δὴ
1525 5339 1615 5397 οῦν
1645 5345 1792 5408 ὅπως

289 5508 338 5537 ¹⁹
363 5504 516 5559 Jnan.
549 5503 776 5566 xvuJS).
890 5501 934 5533 ³⁰
960 5500 1112 5554 Joan.
1141 5515 1234 5565 xx,
1258 5498 1348 5565 50,
1379 5499 1469 5554 3|.

209 5591 344 5643 ιιιι,
380 5581 462 5631 ιυ.
541 5575 585 5606 ³⁸
613 5575 746 5630 Luc.
778 5588 839 5636 ιι,
867 5573 957 5639 ιιι,
994 5572 1082 5626 50.

1581 5499 1621 5531 ³¹
1646 5499 1780 5554 Luc.
1815 5515 1873 5564 ιι,
1901 5497 1994 5553 9.1.

1900 4717 2006 4759 tres
2026 4706 2069 4736 ³³
2093 4708 2376 4773 primatum
2403 4706 2649 4759 sortitum
2674 4716 2756 4759 est
2775 4705 2841 4759 “.
2865 4705 2997 4760 Cum
3025 4707 3122 4761 hoc
3149 4709 3265 4775 ipso
3292 4718 3469 4764 tamen

1895 4809 1952 4850 et
1991 4814 2017 4849 τι
2059 4799 2304 4866 supernis
2347 4798 2450 4851 illis
2491 4799 2794 4866 spiritibus,
2832 4809 2887 4854 et
2929 4799 3220 4868 nobisipsis
3256 4818 3472 4872 quoque

1904 4889 2179 4953 aduratur,
2212 4898 2266 4941 et
2298 4899 2355 4941 ut
2387 4887 2529 4942 Deus
2561 4890 2777 4944 colitur.

1981 4999 1999 5030 ι
2040 4978 2105 5032 Ει
2135 4979 2268 5032 dixit
2301 4990 2470 5033 mater
2495 4981 2612 5047 ejus
2642 4981 2709 5033 ad
2743 4980 2893 5035 illum
2927 5000 2940 5035 :
2971 4981 3109 5047 Fili,
3139 4982 3265 5051 quid
3298 4980 3472 5036 fecisti

1902 5071 2055 5125 nobis
2083 5070 2193 5124 sic?
2221 5071 2356 5125 Ecce
2387 5079 2539 5138 pater
2566 5078 2687 5126 tuus
2712 5082 2768 5126 et
2791 5087 2890 5142 ego
2915 5072 3162 5127 dolentes
3189 5073 3472 5142 quaereba-

1901 5177 2020 5215 mus
2058 5172 2129 5214 te.
2164 5159 2232 5213 Et
2266 5162 2340 5214 ait
2374 5161 2439 5213 ad
2476 5161 2596 5216 illos
2631 5179 2646 5217 :
2681 5162 2818 5228 Quid
2853 5174 2931 5219 est
2968 5165 3110 5231 quod
3145 5178 3230 5218 me
3264 5178 3474 5232 qumre—

1899 5253 2074 5308 batis?
2102 5251 2459 5315 Nesciebatis,
2486 5255 2611 5322 quia
2643 5254 2694 5307 in
2727 5255 2810 5309 his
2836 5270 2955 5324 qua:
2984 5252 3162 5308 Patris
3193 5255 3295 5309 mei
3324 5263 3470 5321 sunt,

1901 5354 2112 5414 Oportet
2137 5360 2222 5397 me
2257 5359 2372 5399 esse
2395 5345 2475 5397 ³⁵2
2503 5363 2520 5396 ι
2547 5346 2622 5400 En
2648 5347 2917 5416 quomodo
2939 5347 3211 5401 caelestem
3236 5345 3473 5416 Patrem,

2109 5498 2150 5530 ³¹
2190 5496 2320 5553 an.
2357 5513 2416 5564 ιι,
2445 5497 2498 5565 0,
2533 5500 2588 5556 7.
2699 5499 2743 5530 ³³
2769 5499 2931 5555 Hebr.
2960 5516 3018 5565 ιι,
3057 5500 3138 5554 14.
3243 5502 3288 5534 "
3311 5501 3472 5557 Rom.

1296 5729 1471 5786 Varia:
1507 5728 1764 5784 lectiones
1794 5725 1995 5781 codicis
2017 5727 2368 5796 Seguieriani.

299 5879 324 5916 ι
360 5875 524 5939 ἴσως,
557 5869 807 5940 ἀγγέλου.
890 5865 904 5903 ¹
942 5865 1138 5938 ᾔδειτε.
