4116 6492
742 433 880 488 1519

1731 423 1788 479 S.
1831 419 2102 479 CYRILLI
2143 416 2607 474 ALEXANDRINI
2653 413 2973 472 AliClllEP.

3863 414 3885 468 1
3896 415 3977 469 320

738 559 896 598 suttut
928 541 1095 611 ipsius
1124 540 1405 611 proprium
1435 537 1646 594 Patrem
1677 538 1936 595 nominat.
1961 537 2031 590 At
2055 534 2312 604 siquidem

2425 533 2554 587 ῐδιον
2600 533 2795 588 ἑαυτοῦ
2827 531 3045 602 Πατέρα
3075 530 3165 584 τὸν
3210 530 3269 584 ἐν
3297 532 3408 593 τοῖς
3445 529 3694 601 οὐρανοῖς
3725 528 3975 599 ὀνομάζει.

743 634 914 686 nudus
944 634 1103 687 homo
1128 640 1266 696 erat,
1298 631 1593 701 cuiusmodi
1623 645 1719 684 nos
1744 643 1950 693 smnus,
1978 637 2032 681 et
2059 625 2202 679 aliud
2232 624 2315 678 ni-

743 723 843 788 hil;
877 738 973 774 cur
1000 737 1103 775 non
1136 722 1238 774 hac
1271 721 1447 790 potius
1474 721 1725 775 oratione
1756 734 1885 772 usus
1913 727 1998 771 est
2025 735 2039 771 :
2077 736 2094 767 ι
2129 715 2316 770 Nesci-

745 815 812 866 tis
843 810 985 882 quod
1018 815 1069 865 in
1102 813 1186 866 his
1212 828 1330 881 qua:
1357 813 1657 867 communis
1685 811 1925 865 omnium
1959 807 2135 862 Patris
2166 815 2313 870 sunt,

740 912 956 972 oportet
996 918 1080 958 me
1121 903 1276 957 esse?
1319 923 1336 954 ι
1375 901 1573 958 Verum
1611 903 1760 957 illum
1800 913 1857 955 ut
1895 901 2173 969 pr0priutu
2213 897 2313 953 sibi

743 995 1006 1059 vindicat;
1038 995 1162 1062 quia
1195 994 1341 1048 solus
1369 997 1672 1049 secundum
1705 993 1940 1048 divinam
1974 1000 2222 1046 naturam
2250 1005 2316 1045 ex

745 1088 862 1152 ipso
900 1095 1058 1139 natus
1092 1095 1191 1140 est.
1227 1086 1486 1140 Eutndem
1525 1085 1881 1140 nihilominus
1916 1094 1972 1138 et
2009 1085 2172 1138 homo
2204 1082 2314 1150 jam

746 1175 917 1227 factus
948 1175 1218 1242 proprium
1252 1175 1424 1228 adhuc
1458 1175 1869 1243 naturalemque
1901 1175 2120 1228 retinet.

819 1283 838 1315 ι
877 1266 938 1318 Et
973 1264 1168 1319 factum
1201 1277 1318 1329 est,
1352 1265 1480 1318 dum
1516 1275 1659 1319 esset
1691 1265 1742 1318 itt
1777 1280 1878 1318 una
1912 1264 2194 1318 civitatum
2218 1304 2231 1325 ,
2263 1273 2318 1316 et

743 1365 867 1403 ecce
892 1352 972 1403 vir
993 1352 1181 1420 plenus
1210 1353 1356 1417 lepra
1390 1371 1402 1406 :
1430 1361 1482 1407 et
1505 1354 1693 1407 videns
1720 1353 1924 1416 Jesum,
1954 1364 2006 1406 et
2030 1353 2317 1420 procldens

744 1444 794 1494 in
820 1439 1034 1506 faciem,
1064 1442 1270 1512 rOgavit
1292 1459 1435 1510 eum,
1461 1445 1681 1500 dicens:
1705 1445 1947 1510 Domine,
1977 1445 2021 1499 si
2043 1447 2142 1510 vis,
2170 1455 2319 1513 potes

743 1548 827 1588 me
858 1533 1135 1588 mundare.
1167 1532 1232 1587 Et
1261 1539 1556 1592 extendens
1587 1552 1828 1602 manum,
1861 1536 2034 1607 tetigit
2061 1551 2208 1599 eum,
2237 1537 2319 1590 di-

740 1639 868 1676 cens
903 1640 917 1678 :
952 1621 1105 1688 Volo,
1148 1626 1409 1680 mundare
1447 1610 1512 1677 ⁸³.
1550 1645 1568 1679 ι
1592 1625 1876 1680 Miraberis
1916 1624 2003 1681 hic
2040 1625 2316 1680 Christum

739 1715 916 1769 divina
953 1716 1110 1769 simul
1144 1731 1208 1771 ac
1239 1730 1497 1786 corporea
1531 1718 1731 1772 virtute
1758 1731 2073 1786 Operantem
2107 1736 2120 1772 :
2153 1719 2318 1788 siqui-

737 1807 855 1860 dem
887 1807 1020 1861 velle
1050 1818 1168 1862 erat
1196 1810 1458 1873 divinum,
1490 1811 1603 1879 ipsa
1633 1825 1760 1864 vero
1791 1826 1982 1864 manus
2015 1813 2314 1880 protensio,

740 1902 1057 1956 humanum.
1090 1900 1240 1956 Unus
1271 1903 1454 1971 itaque
1480 1917 1548 1956 ex
1578 1913 1805 1973 utroque
1833 1902 2021 1959 Filius.
2050 1903 2180 1959 Nam
2212 1907 2313 1960 etsi
2348 1884 2390 1939 Β

743 1990 973 2045 Verbum
1003 1990 1166 2047 fuerit
1198 1994 1558 2060 incarnatum,
1584 1994 1752 2049 nihilo
1782 2004 1957 2050 tamen
1986 1999 2158 2053 secius
2188 2014 2311 2052 cum

741 2083 954 2151 propria
984 2098 1166 2149 carne,
1198 2085 1446 2138 virtutem
1477 2096 1531 2140 et
1564 2087 1673 2156 ipsa
1707 2097 1924 2158 propter
1951 2089 2077 2145 illud
2109 2092 2314 2145 haben-

741 2179 812 2235 te,
844 2182 1097 2241 tanquam
1131 2173 1270 2228 Deus
1313 2177 1661 2243 operabatur.

815 2280 833 2313 ι
867 2260 1011 2317 Dixit
1040 2274 1216 2318 autem
1243 2265 1306 2318 ad
1335 2265 1455 2321 illos
1482 2281 1496 2319 :
1522 2267 1801 2332 Quomodo
1827 2269 2012 2324 dicunt
2041 2271 2311 2325 Christum

737 2365 856 2408 esse
887 2353 1050 2406 ﬁlittut
1089 2354 1291 2408 David?
1318 2365 1372 2410 et
1402 2356 1518 2424 ipse
1547 2356 1714 2411 David
1746 2359 1878 2414 dicit
1909 2361 1960 2415 in
1995 2361 2132 2414 libro
2161 2360 2311 2415 PSal-

737 2463 944 2502 morum
983 2470 992 2502 :
1029 2449 1170 2502 Dixit
1204 2450 1462 2506 Dominus
1499 2451 1727 2506 Domino
1763 2469 1880 2507 meo
1911 2472 1922 2507 :
1959 2453 2094 2507 Sede
2125 2473 2151 2506 a
2178 2458 2311 2508 dex-

737 2537 840 2591 tris
869 2539 1022 2601 meis,
1051 2539 1222 2592 donec
1249 2556 1442 2608 ponam
1475 2541 1722 2596 inimicos
1750 2551 1871 2596 tuos
1898 2544 2188 2597 seabelhtnt
2220 2560 2313 2612 pe-

736 2630 864 2681 dum
898 2637 1134 2680 tuorum.
1168 2629 1330 2682 David
1362 2644 1490 2698 ergo
1523 2631 1806 2684 Dominum
1841 2631 1986 2684 illum
2020 2641 2176 2686 vocat
2210 2650 2223 2685 :
2258 2643 2313 2686 et

736 2717 1005 2786 quomodo
1041 2719 1182 2770 lilius
1215 2719 1332 2787 ejus
1365 2719 1544 2773 est"?
1583 2739 1601 2771 ›
1636 2721 1806 2776 Audis
1838 2737 1945 2790 quo
1981 2734 2136 2792 pacto
2173 2725 2313 2792 ipse-

739 2818 849 2861 met
885 2808 1136 2864 Christus
1175 2808 1414 2877 (tametsi
1453 2823 1516 2864 ει
1562 2811 1768 2864 semine
1809 2810 1979 2865 David
2019 2814 2310 2866 seenndum

736 2914 953 2956 carnem
982 2901 1243 2971 originem
1278 2900 1477 2971 trahat)
1509 2903 1612 2957 hoc
1643 2902 1762 2958 loco
1793 2902 1983 2966 Deum,
2009 2914 2061 2958 et
2093 2903 2307 2971 Filium,

740 2989 898 3060 117
923 3001 975 3043 et
1002 2991 1284 3044 Dominum
1310 2992 1605 3046 secundum
1634 3002 1880 3046 naturam
1907 3008 1967 3047 se
1991 3010 2111 3048 esse
2134 3004 2310 3048 osten-

736 3084 863 3134 dat?
899 3079 1036 3135 Dicit
1068 3084 1212 3135 enim
1248 3099 1261 3136 :
1304 3102 1320 3133 ι
1361 3083 1415 3136 Si
1453 3082 1672 3138 Davidis
1707 3085 1850 3139 lilius
1883 3096 1986 3147 est,
2019 3101 2115 3139 cur
2147 3086 2308 3140 David

741 3172 1019 3225 Dominum
1051 3173 1198 3225 illurn
1226 3174 1491 3242 appellat?
1522 3193 1542 3226 ι
1574 3175 1678 3228 Sed
1713 3190 1884 3246 neque
1912 3191 2089 3230 ortum
2117 3193 2308 3232 secun-

2431 623 2570 676 Ἀλλ’
2600 625 2757 695 εἴπερ
2801 620 2869 696 ἦν
2922 623 3205 694 ἄνθρωπος
3254 622 3592 693 καταμόνας,
3624 623 3722 676 καὶ
3762 622 3889 674 αὐτὸ
3927 622 3976 689 δὴ

2415 715 2574 770 τοῦτο
2620 716 2908 788 νοούμενος
2959 714 3079 769 καθ’
3109 715 3278 786 ἡμᾶς,
3317 715 3434 777 πῶς
3490 715 3591 768 οὐκ
3641 713 3754 766 ἔδει
3806 712 3976 782 μᾶλλον

2423 809 2597 860 εἰπεῖν
2622 823 2635 836 ·
2667 807 2779 860 Οὐκ
2814 807 3013 878 ᾔδειτε,
3047 807 3130 859 ὅτι
3177 808 3236 858 ὲν
3261 808 3373 869 τοῖς
3404 804 3498 858 τοῦ
3537 805 3760 857 πάντων
3792 802 3976 874 [ἰατρὸς

2417 896 2558 954 εἷναί
2601 917 2668 969 με
2693 899 2808 964 δεῖ;
2851 899 2991 952 Ἀλλ’
3023 900 3153 952 ῖδιον
3195 897 3364 951 αὐτοῦ
3395 899 3632 950 ποιεῖται
3652 911 3665 923 ”
3709 898 3867 965 μόνος
3889 893 3976 963 γὰρ

2417 992 2477 1056 ἐξ
2509 992 2673 1046 αὑτοῦ
2697 992 3019 1063 γεγέννηται
3042 991 3183 1046 κατὰ
3215 991 3378 1060 φύσιν
3409 987 3626 1051 θεῖκῶς.
3645 989 3704 1042 '0
3737 989 3796 1040 δὲ
3820 988 3976 1048 αὐτὸς,

2417 1085 2513 1137 καὶ
2546 1083 2828 1155 ἄνθρωπος
2857 1081 3117 1154 γεγονὼς,
3149 1083 3280 1137 ῐδιον
3321 1081 3432 1152 ἔχει
3464 1080 3557 1134 καὶ
3594 1079 3757 1149 φύσει
3787 1078 3980 1148 Πατέρα

2417 1175 2508 1228 τὸν
2536 1175 2671 1229 Θεόν
2683 1216 2697 1230 .

2498 1291 2516 1323 ι
2545 1271 2647 1324 Καὶ
2702 1271 2920 1338 ἐγένετο
2957 1271 3013 1323 ἐν
3066 1268 3142 1339 τῷ
3181 1264 3319 1322 εἶναι
3350 1267 3510 1321 αὑτὸν
3540 1267 3597 1319 ὲν
3629 1265 3736 1335 μιᾷ
3771 1262 3875 1315 τῶν
3903 1261 3979 1313 :6-

2416 1358 2573 1425 λεων,
2606 1358 2702 1412 καὶ
2762 1357 2870 1411 ἰδοὺ
2916 1358 3056 1430 ἀνὴρ
3107 1357 3321 1428 πλήρης
3347 1356 3551 1426 λέπρας
3572 1369 3588 1384 ο
3634 1355 3736 1407 καὶ
3767 1351 3882 1405 ἰδὼν
3906 1351 3979 1402 τοι

2430 1450 2658 1520 Ἰησοῦν,
2691 1449 2872 1522 πεσὼν
2906 1449 2998 1502 ἐπὶ
3028 1449 3339 1521 πρόσωπον,
3364 1447 3556 1518 ἐδεήθη
3582 1445 3778 1507 αὐτοῦ,
3799 1443 3976 1512 λέγων’

2418 1538 2610 1611 Κύριε,
2651 1537 2745 1592 ἐὰν
2779 1537 2958 1609 θέλῃς,
2987 1537 3210 1592 δύνασαί
3255 1554 3322 1607 με
3346 1537 3659 1606 καθαρίσαι.
3698 1533 3808 1588 Καὶ
3833 1531 3979 1584 smi-

2417 1647 2513 1694 νας
2545 1631 2642 1696 τὴν
2670 1631 2825 1700 χεῖρα
2849 1667 2864 1692 ,
2892 1629 3070 1698 ἥψατο
3101 1628 3288 1691 αὑτοῦ,
3319 1627 3516 1694 λέγων⁸
3560 1625 3734 1690 Θέλω,
3771 1622 3978 1692 καθαρί-

2421 1721 2598 1791 σθητι.
2631 1741 2648 1773 ι
2688 1720 3008 1791 Θαυμάσεις
3055 1720 3114 1772 ὲν
3160 1718 3368 1781 τούτοις
3417 1717 3615 1780 θεῖκῶς
3647 1734 3712 1769 τε
3765 1715 3875 1784 ἅμα
3903 1711 3978 1765 καὶ

2421 1812 2748 1883 σωματικῶς
2786 1804 3126 1881 ,ἐνεργοῦντα
3159 1809 3424 1879 Χριστόνο
3470 1808 3648 1861 θεῖκὸν
3688 1808 3791 1877 μὲν
3822 1801 3906 1858 οὖν
3932 1803 3979 1854 τὸ

2423 1906 2615 1970 θέλειν,
2645 1903 2983 1976 ἀνθρώπινον
3007 1904 3064 1956 δὲ
3093 1903 3152 1957 τὸ
3182 1904 3414 1956 ἐκτεῖναι
3443 1900 3541 1970 τὴν
3573 1902 3756 1970 χεῖρα.
3788 1893 3877 1961 Εἷς
3904 1890 3978 1951 οὖν

2422 1998 2481 2063 ἐξ
2515 2001 2715 2069 ἀμφοῖν
2760 1998 2903 2062 Υίός.
2933 1999 2996 2052 Ei
3035 1995 3144 2068 γὰρ
3192 1995 3288 2049 καὶ
3335 1994 3522 2063 γέγονε
3557 1991 3696 2064 σὰρξ
3743 1993 3772 2044 ὁ
3807 1990 3975 2056 Λόγος.

2420 2090 2534 2143 ἀλλ’
2562 2090 2634 2153 ῶς
2658 2090 2788 2154 Θεὸς
2814 2090 3026 2158 ἐνεργεῖ
3052 2087 3189 2158 μετὰ
3215 2089 3316 2158 τῆς
3341 2084 3475 2149 ἰδίας
3506 2083 3734 2154 σαρκὸς,
3772 2080 3977 2152 ἐχούσης

2419 2181 2587 2251 αὐτῆς
2613 2179 2678 2232 δι’
2707 2179 2868 2233 αὑτὸν
2899 2176 3149 2246 δύναμιν.

2497 2290 2514 2322 ι
2544 2267 2678 2324 Εἷπε
2710 2271 2766 2324 δὲ
2800 2269 2934 2339 πρὸς
2971 2267 3168 2330 αὐτούς
3190 2282 3202 2295 ·
3235 2264 3359 2328 Πῶς
3390 2264 3608 2331 λέγουσι
3644 2260 3744 2314 τὸν
3769 2254 3976 2329 Χριστὸν

2420 2359 2559 2416 εἶναι
2604 2362 2717 2414 υἱὸν
2747 2359 2940 2424 Δαυῖδ;
2971 2357 3131 2420 αὐτὸς
3163 2356 3270 2427 γὰρ
3297 2357 3325 2408 6
3357 2352 3521 2407 Δαυῒδ
3548 2351 3697 2418 λέγει
3733 2351 3791 2400 ὲν
3815 2345 3976 2416 βιϐλίῳ

2418 2453 2663 2522 Ψαλμῶν
2684 2470 2696 2483 ·
2730 2448 2897 2504 Εἶπεν
2923 2452 2951 2503 6
2979 2449 3182 2519 Κύριος
3212 2446 3291 2517 τῷ
3322 2444 3513 2516 Κυρίῳ
3549 2456 3681 2514 μου·
3719 2438 3894 2494 Κάθου
3926 2438 3977 2487 ἐκ

2417 2544 2608 2608 δεξιῶν
2648 2560 2769 2612 μου,
2809 2542 2913 2604 ἕως
2948 2541 3013 2593 διν
3049 2539 3125 2592 θῶ
3161 2541 3286 2600 τοὺς
3315 2535 3541 2607 ἐχθρούς
3585 2551 3680 2586 σου
3713 2529 3977 2586 ὑποπόδιον

2419 2634 2528 2686 τῶν
2560 2632 2734 2685 ποδῶν
2774 2646 2891 2682 σου.
2928 2627 3092 2680 Δαυτδ
3124 2625 3287 2680 αὐτὸν
3315 2624 3520 2695 Κύριον
3546 2622 3720 2685 καλεῖ,
3755 2621 3846 2674 καὶ
3883 2618 3978 2677 πῶς

2420 2723 2547 2786 Υἱὸς
2577 2719 2740 2776 αὑτοῦ
2771 2720 2950 2785 ὲστιν;
2986 2736 3002 2769 ι
3043 2715 3288 2778 Ἀκούεις
3313 2715 3460 2777 ὅπως
3488 2714 3546 2766 ὲν
3572 2711 3782 2773 τούτοις
3812 2709 3972 2776 πειρὶ-

2417 2834 2505 2869 ται
2538 2813 2802 2867 δεικνύειν
2837 2810 2999 2874 αὐτὸς
3024 2811 3052 2863 6
3083 2807 3335 2879 Χριστὸς,
3359 2806 3440 2860 ὅτι
3469 2805 3575 2859 κᾶν
3599 2806 3646 2857 εί
3670 2803 3891 2871 γέγονεν
3925 2800 3978 2850 ὲκ

2421 2909 2736 2977 σπέρματος
2766 2902 2928 2956 Δαυῖδ
2965 2903 2994 2954 6
3023 2900 3192 2969 Λόγος
3228 2897 3369 2952 κατὰ
3396 2896 3494 2968 τὴν
3531 2895 3730 2966 σάρκα,
3759 2890 3872 2947 ἀλλ’
3899 2883 3976 2941 οὖν

2418 3001 2535 3052 ἐστι
2567 2998 2660 3051 καὶ
2687 2994 2827 3048 οὕτω
2861 2993 3002 3048 κατᾶ
3034 2991 3195 3060 φύσιν
3219 2990 3444 3060 Κύριος,
3468 2989 3543 3051 ὡς
3569 2987 3696 3049 Υῑὸς
3717 2984 3810 3038 καὶ
3830 2982 3974 3043 Θεός;

2426 3111 2444 3144 ι
2473 3090 2538 3143 Εἰ
2576 3090 2684 3158 γὰρ
2713 3089 2798 3159 δὴ,
2833 3088 3019 3155 φησὶν.
3057 3082 3168 3146 υἱὸς
3211 3081 3305 3134 τοῦ
3354 3079 3537 3146 Δαυῖδ,
3590 3079 3708 3142 πῶς
3759 3076 3910 3130 αὑτὸν
3955 3075 3976 3125 6

2421 3182 2583 3235 Δαυῖδ
2614 3181 2816 3250 Κύριον
2844 3173 3134 3246 ὸνομὰζει;
3169 3192 3186 3224 ι
3209 3173 3348 3224 Ἀλλ’
3375 3171 3498 3223 οὔτε
3525 3171 3621 3240 τὴν
3649 3172 3716 3222 ὲκ
3749 3168 3976 3237 σπέρμα·

739 3264 863 3316 (Ιυιη
900 3279 1116 3317 carnem
1155 3265 1239 3318 hic
1273 3280 1338 3318 ex
1379 3264 1596 3319 Davidis
1631 3267 1837 3321 semine
1875 3268 2102 3335 refutat;
2140 3285 2312 3339 neque

2417 3292 2507 3337 τος
2535 3272 2698 3325 Δαυῖδ
2725 3269 2976 3338 γέννησιν
3014 3265 3152 3319 κατὰ
3189 3266 3370 3336 σάρκα
3393 3263 3452 3316 ἐν
3479 3261 3691 3323 τούτοις
3730 3261 3975 3330 ἀρνεῖται,

738 3353 974 3423 seipsum
1012 3369 1224 3407 rursum
1262 3353 1555 3406 secundum
1593 3365 1838 3409 naturam
1876 3358 2160 3412 Dominum
2196 3375 2315 3419 esse

740 3455 916 3517 negat.
938 3445 1131 3500 Verum
1161 3445 1286 3499 licet
1317 3461 1481 3498 unum
1511 3461 1576 3499 ex
1609 3454 1838 3515 utroque
1865 3459 2116 3503 constare
2149 3449 2314 3518 signi-

739 3542 953 3591 licatum
989 3538 1146 3603 velit,
1184 3548 1475 3606 utrumque
1513 3547 1690 3590 tamen
1729 3540 1915 3592 adesse
1950 3541 2308 3594 demonstrat.

740 3629 885 3686 Unus
917 3631 1093 3698 itaque
1125 3639 1207 3683 est
1237 3630 1510 3693 Christus,
1543 3637 1596 3682 et
1624 3642 1782 3682 verus
1812 3627 2000 3682 Filius.

818 3766 971 3832 Quod
1002 3767 1132 3835 ﬁdes
1168 3768 1222 3820 in
1258 3764 1523 3819 Christum
1561 3766 1629 3819 sit
1669 3776 1920 3837 tanquam
1954 3769 2006 3821 in
2043 3768 2229 3823 Deum.

1135 3879 1219 3932 Ex
1249 3877 1490 3948 Epistola
1521 3884 1590 3932 ad
1625 3878 1911 3937 Romanus.

808 4010 827 4041 ι
861 3989 961 4044 Per
984 4006 1142 4059 quem
1172 3994 1482 4060 accepimus
1513 3993 1742 4061 gratiam
1772 4003 1827 4046 et
1853 3995 2212 4062 apostolatum
2242 3997 2307 4050 ad

730 4084 1088 4136 obedicndunt
1127 4085 1245 4137 lidei
1293 4086 1341 4137 in
1389 4085 1643 4139 onmibus
1679 4086 1928 4154 gentibus
1953 4101 2060 4153 pro
2097 4088 2310 4142 nomine

732 4177 930 4243 ipsius;
963 4177 1012 4228 in
1042 4177 1235 4244 quibus
1260 4178 1391 4230 estis
1417 4188 1472 4231 et
1496 4191 1588 4231 vos
1614 4179 1790 4232 vocati
1813 4176 1941 4232 Jesu
1964 4178 2164 4233 Christi
2186 4180 2250 4234 ³⁸.
2286 4198 2304 4230 ι

731 4268 947 4322 νυςιιιιε
980 4279 1106 4322 sunt
1138 4281 1322 4336 gentes
1357 4285 1451 4335 per
1486 4269 1667 4323 ﬁdem.
1703 4270 1802 4334 Qui
1841 4280 2021 4324 autem
2059 4285 2153 4339 per
2182 4287 2309 4325 san-

730 4368 846 4417 ctos
877 4360 1146 4427 apostolus
1178 4361 1281 4412 illis
1313 4361 1756 4424 annuutiabatur,
1787 4359 2038 4414 Christus
2064 4371 2197 4414 erat.
2228 4361 2308 4413 Ab

731 4451 797 4502 iis
827 4464 951 4499 vero
978 4450 1065 4514 qui
1100 4451 1223 4500 lidei
1258 4451 1531 4518 mysteriis
1560 4450 1938 4513 initiahantur,
1971 4451 2099 4503 tides
2127 4451 2308 4518 exige-

2416 3365 2538 3418 οὔτε
2589 3363 2694 3434 μὴν
2751 3360 3069 3429 ἀποπέμπει
3117 3357 3208 3410 τοῦ
3260 3351 3400 3409 εἶναι
3429 3355 3568 3407 κατὰ
3603 3351 3766 3420 φύσιν
3795 3349 3976 3419 Κύριον

2416 3456 2603 3510 ἑαυτὸν
2621 3472 2635 3486 ο
2676 3457 2958 3524 προσεῖναι
2986 3450 3043 3504 δέ
3075 3467 3239 3520 φησιν
3269 3447 3595 3517 ἀμφότερον,
3623 3446 3669 3497 εἰ
3698 3443 3795 3497 καὶ
3815 3441 3868 3506 ἐξ
3888 3441 3976 3508 ἁμ-

2417 3549 2533 3616 φοῖν
2565 3544 2814 3616 βούλεται
2861 3543 2951 3594 τὸν
2985 3542 3080 3594 ἕνα
3109 3535 3421 3610 δηλοῦσθαι.
3453 3529 3548 3597 Εἷς
3577 3527 3669 3587 οὖν
3709 3534 3820 3603 ἄρα
3860 3530 3974 3598 Χρι-

2419 3637 2558 3700 στὸς,
2593 3637 2686 3688 καὶ
2726 3634 2853 3697 Υἱὸς
2885 3632 3123 3702 ἀληθῶς.

2540 3770 2667 3823 Ὅτι
2705 3771 2792 3834 εις
2829 3765 3087 3835 Χριστὸν
3127 3765 3163 3830 ἡ
3205 3762 3410 3826 πίστις
3447 3759 3526 3824 ὡς
3563 3759 3650 3822 εἰς
3692 3757 3860 3811 Θεόν.

2801 3882 2900 3935 Ἐκ
2939 3879 3049 3947 τῆς
3087 3878 3236 3945 πρὸς
3277 3876 3618 3944 Ῥωμαίους.

2488 4019 2504 4051 ι
2535 3997 2610 4049 Δι’
2633 3988 2693 4048 οὗ
2721 3993 2985 4064 ἐλάϐομεν
3007 3992 3165 4062 χάριν
3192 3991 3284 4044 καὶ
3313 3988 3621 4060 ἀποστολὴν
3651 3988 3731 4051 είς
3753 3982 3969 4052 ὑπακοὴν

2411 4092 2644 4152 πίστεως
2676 4089 2732 4140 ὲν
2768 4087 2901 4140 πᾶσι
2933 4087 3046 4147 τοῖς
3079 4083 3287 4136 ἔθνεσιν
3316 4082 3454 4151 ὑπὲρ
3481 4081 3574 4133 τοῦ
3602 4080 3865 4149 ὀνόματος
3886 4077 3967 4130 αὑ-

2409 4181 2502 4236 τοῦ
2524 4199 2536 4211 ·
2572 4183 2628 4233 ἐν
2658 4174 2740 4242 οἷς
2766 4179 2886 4231 ὲστε
2932 4177 3024 4229 καὶ
3056 4176 3211 4244 ὑμεῖς
3251 4173 3437 4245 κλητοὶ
3473 4171 3647 4242 Ἰησοῦ
3680 4168 3924 4242 Χριστοῦ.
3950 4186 3964 4216 ι

2410 4275 2720 4342 Κέκληνται
2755 4270 2823 4322 τὰ
2849 4269 2974 4338 ἔθνη
3009 4267 3095 4320 διὰ
3128 4266 3225 4336 τῆς
3257 4265 3510 4326 πίστεως.
3541 4263 3653 4316 Καὶ
3691 4259 3760 4334 ἦν
3792 4264 3819 4314 ὁ
3854 4260 3967 4328 Χρι-

2412 4365 2530 4427 στὸς
2555 4364 2642 4417 διὰ
2675 4364 2782 4416 τῶν
2816 4362 2984 4429 ἁγίων
3011 4359 3324 4413 ἀποστόλων
3357 4359 3385 4411 6
3418 4357 3545 4427 παρ’
3566 4357 3752 4418 αὐτοῖς
3787 4368 3964 4424 κηρυτ-

2407 4457 2661 4524 τόμενος·
2699 4454 2998 4523 ἐπράττετο
3024 4451 3079 4502 δὲ
3121 4449 3272 4519 παρὰ
3300 4448 3407 4501 τῶν
3441 4443 3966 4515 μυσταγωγουμέναν

732 4544 890 4593 batur
925 4540 976 4592 itt
1013 4539 1318 4599 Christum,
1358 4556 1460 4589 nun
1501 4551 1750 4606 tamquam
1791 4540 1841 4590 itt
1881 4539 2180 4602 hominem,
2213 4541 2304 4591 sed

2416 4548 2442 4612 ἡ
2476 4546 2655 4606 πίστις
2680 4544 2777 4610 οὐχ
2805 4543 2878 4603 ὼς
2917 4544 2994 4601 εἰς
3023 4540 3328 4609 ἄνθρωπον,
3369 4537 3482 4589 ἀλλ’
3519 4538 3592 4597 ὡς
3621 4540 3698 4598 εἰς
3730 4537 3878 4588 Θεὸν.
3904 4532 3963 4583 0'3

731 4644 982 4698 tanquam
1019 4632 1069 4684 in
1104 4630 1287 4682 Deum.
1326 4629 1506 4696 Neque
1537 4630 1680 4680 enim
1715 4630 1896 4680 dicisre
1927 4629 2006 4680 fas
2036 4636 2138 4688 est,
2173 4644 2303 4695 gen-

730 4737 807 4775 tes
841 4740 957 4790 qnze
988 4722 1144 4775 ﬁdem
1180 4722 1229 4772 itt
1261 4721 1533 4771 (Jbristmn
1565 4717 2081 4784 complectehantur,
2108 4732 2172 4770 ex
2203 4733 2307 4771 uno

729 4831 910 4870 errore
943 4815 994 4866 in
1029 4814 1254 4867 alterum
1289 4811 1569 4864 transiisse
1600 4826 1611 4862 :
1645 4825 1830 4862 verum
1863 4827 1890 4860 a
1925 4807 2043 4861 falsi
2078 4808 2311 4861 nominis

730 4910 831 4960 uiis
862 4907 1145 4968 abductas,
1178 4911 1242 4958 ad
1277 4905 1439 4959 Deum
1471 4904 1648 4957 virum
1679 4916 1971 4954 conversas
1999 4916 2138 4955 esse.
2169 4899 2300 4954 Cutu

731 5001 802 5056 illi
847 5014 975 5066 ergo
1015 5000 1079 5050 ad
1122 4999 1479 5051 obedientium
1528 4994 1648 5049 ﬁdei
1699 5009 1795 5064 pro
1837 4993 2038 5048 Christi
2086 4992 2303 5046 nomine

731 5090 1088 5155 npnstolatmn
1149 5105 1206 5142 se
1263 5091 1536 5156 accepisse
1598 5089 1971 5157 proﬁteantur,
2034 5084 2303 5154 quomodo

730 5174 978 5240 Christus
1012 5195 1114 5230 non
1145 5188 1226 5230 est
1261 5179 1427 5243 Deus,
1462 5196 1580 5232 cttnt
1615 5179 1744 5233 ﬁdes
1777 5180 2036 5234 habeatur
2068 5180 2119 5231 iu
2153 5177 2300 5230 illum

731 5286 983 5341 tauquam
1020 5271 1070 5324 in
1105 5269 1302 5322 Deum?

807 5388 824 5419 ‹
864 5364 1041 5419 Testis
1067 5372 1150 5417 est
1177 5361 1302 5414 mihi
1335 5361 1489 5422 Dens,
1525 5363 1605 5413 cui
1638 5365 1813 5415 servio
1847 5363 1897 5416 iu
1937 5364 2128 5432 spiritu
2160 5375 2300 5426 meo,

733 5459 786 5512 in
832 5454 1124 5524 Evangelia
1173 5451 1290 5504 Filii
1343 5451 1481 5520 ejus,
1536 5451 1677 5518 quod
1730 5453 1846 5505 sine
1901 5451 2303 5507 intermissione

733 5551 1045 5601 memoriam
1113 5545 1278 5598 vestri
1343 5544 1482 5595 lucio
1551 5558 1762 5610 semper
1832 5545 1881 5596 in
1962 5542 2303 5599 orationibus

737 5639 868 5691 meis
897 5639 963 5692 ⁸⁸.
1005 5657 1022 5689 ι
1060 5637 1158 5704 Qui
1198 5636 1305 5689 Deo
1345 5635 1607 5698 serviunt,
1653 5649 1756 5687 non
1798 5639 2045 5692 serviunt
2082 5636 2300 5694 Christo

803 5813 847 5843 "
878 5814 1010 5870 Luc.
1049 5830 1097 5879 v,
1133 5815 1216 5877 ~12,
1258 5814 1337 5865 l5.
1431 5812 1470 5840 ³⁷
1494 5809 1619 5862 Ι.ιι(·.
1654 5824 1741 5872 xx,
1779 5809 1969 5864 41-14.

2048 5814 2090 5843 ³⁸
2118 5813 2268 5869 Rom.
2307 5832 2340 5877 ι,
2374 5816 2426 5878 5,
2465 5815 2516 5869 (5.

2409 4635 2516 4704 γάρ
2552 4633 2652 4684 πού
2693 4648 2872 4700 φαμεν
2901 4631 2965 4681 ὲκ
2997 4628 3202 4697 πλάνης
3241 4629 3320 4690 εἰς
3351 4626 3554 4696 πλάνην
3591 4625 3881 4697 κεκλῆσθαι
3910 4623 3964 4672 τὰ

2410 4727 2557 4792 ἔθνη,
2584 4725 2682 4792 τὴν
2721 4724 2799 4784 εἰς
2837 4719 3069 4791 Χριστὸν
3109 4719 3289 4771 πίστιν
3334 4718 3788 4789 παραδεξάμεναο
3820 4731 3964 4770 κατα-

2411 4817 2692 4870 λελοιπὸτα
2735 4816 2788 4867 δὲ
2829 4813 3025 4885 μᾶλλον
3071 4813 3196 4875 τοὺς
3241 4812 3627 4882 ψευδωνύμως
3663 4811 3833 4871 θεοὺς,
3865 4808 3964 4856 ἐπὶ·

2412 4907 2638 4980 στρέψαι
2659 4894 2852 4959 ¹λοιπὸν
2887 4905 2979 4958 ἐπὶ
3007 4904 3138 4958 Θεὸν
3170 4904 3504 4969 ζῶντα.”οτε
3546 4904 3728 4955 τοίνυν
3757 4901 3963 4952 ἀποστο-

2409 5001 2505 5072 λὴν
2539 4999 2811 5069 εἰληφέναι
2851 4998 3014 5069 φασιν
3045 4998 3096 5050 οἱ
3125 4995 3476 5066 μυσταγωγοὶ
3501 4997 3581 5054 είς
3620 4991 3862 5060 ὑπακοὴν
3890 4989 3961 5039 πί-

2413 5110 2580 5155 στεως
2613 5093 2753 5163 ὑπὲρ
2781 5091 2870 5145 τοῦ
2902 5091 3159 5160 ὀνόματος
3201 5087 3296 5141 τοῦ
3343 5084 3603 5153 Χριστοῦ,
3639 5085 3756 5149 πῶς
3786 5086 3878 5137 οὐκ
3909 5081 3962 5136 ἂν

2409 5186 2492 5256 εἴη
2522 5185 2671 5248 Θεὸς,
2697 5186 2852 5253 εἴπερ
2880 5185 2960 5245 είς
2997 5183 3154 5236 αὑτὸν
3187 5183 3218 5250 η
3256 5178 3458 5240 πίστις,
3489 5177 3564 5240 ὡς
3597 5181 3676 5240 είς
3711 5179 3872 5241 Θεόν,

2487 5386 2503 5416 ι
2532 5365 2758 5436 Μάρτυς
2789 5364 2896 5434 γάρ
2933 5381 3033 5433 μου
3061 5363 3206 5415 ἐστὶν
3232 5363 3259 5413 6
3288 5360 3441 5424 Θεὸς,
3466 5353 3510 5428 ᾧ
3543 5362 3789 5434 λατρεύω
3817 5365 3870 5415 ἐν
3898 5360 3960 5427 τῷ

2415 5458 2685 5528 πνεύματί
2714 5475 2836 5526 μου,
2867 5458 2924 5507 ἐν
2959 5453 3035 5523 τῷ
3065 5453 3381 5522 Εύαγγελίῳ
3411 5452 3504 5506 τοῦ
3538 5455 3667 5510 Υίοῦ
3696 5455 3876 5518 αὐτοῦ,
3900 5456 3959 5515 ὡς

2405 5546 2760 5606 ἀδιαλείπτως
2802 5545 2988 5613 μνείαν
3022 5544 3174 5612 ὑμῶν
3201 5542 3460 5612 ποιοῦμαι
3494 5547 3724 5599 πάντοτε
3759 5546 3844 5598 ἐπὶ
3872 5544 3960 5596 τῶν

2407 5636 2726 5710 προσευχῶν
2767 5652 2889 5705 μου.
2927 5655 2942 5687 ι
2988 5637 3051 5687 υί
3079 5635 3196 5706 Θεῴ
3226 5635 3602 5706 λατρεύοντες,
3632 5638 3730 5708 οὐχ
3757 5637 3828 5700 ὡς
3861 5631 3959 5702 Θεᾷ

2598 5813 2637 5845 ³⁵
2668 5813 2817 5866 Rom.
2849 5831 2883 5881 t,
2924 5819 2973 5871 9.
