4116 6486
93 426 219 478 ιδει
1206 439 1296 494 DE
1337 436 1566 496 RECTA
1606 433 1761 490 FIDE
1798 432 1889 487 AD
1923 431 2240 488 REGINAS.
3205 440 3342 498 {3‘23

87 537 215 608 παρ’
252 534 428 592 αὐτὸν
458 540 638 614 ἑτέρῳ
670 543 991 618 λατρεύουσι
1027 550 1106 621 τῷ
1140 552 1379 624 Χριστῷ.
1409 551 1580 606 Αὑτοῦ
1620 550 1677 602 δέ

1787 556 2032 616 tanquam
2065 546 2219 600 alteri
2255 545 2383 600 Deo.
2414 545 2569 602 Unde
2595 553 2649 601 et
2677 545 2819 602 illius
2847 561 3060 618 quoque
3092 549 3340 620 Etangs.

88 645 216 696 φησι
261 631 363 682 καὶ
408 631 477 684 τὸ
513 634 866 704 Εὑαγγέλιον.
900 642 1245 712 Κηρύττεται
1273 644 1382 714 γάρ
1413 643 1572 707 αὐτὸς
1605 643 1680 705 ὼς

1787 638 1910 692 lium
1941 652 2064 694 esse
2095 638 2425 707 perhibetur.
2465 639 2830 693 Annuntiatur
2867 641 3009 694 enim
3048 642 3246 696 mundo
3284 653 3343 700 ut

86 719 212 783 Θεὸς
239 720 317 790 τῷ
353 723 581 794 κόσμῳ,
606 727 780 783 καίτοι
823 730 960 785 Θεοῦ
1008 734 1150 788 κατά
1191 735 1351 803 φύσιν
1397 735 1548 797 δντος
1583 734 1676 787 τοῦ

1787 727 1942 795 Deus,
1981 744 2100 782 cum
2127 727 2288 782 Pater
2327 728 2397 782 sit
2437 729 2575 784 Deus
2607 740 2797 785 natura
2819 771 2834 796 ,
2868 732 3342 803 principatumque

86 811 322 880 Πατρὸς,
358 815 464 867 καὶ
519 818 882 890 κατάρχοντος
922 822 1030 876 τῶν
1074 825 1229 880 ὅλων.
1263 825 1395 890 Θεὸς
1440 822 1532 880 οὖν
1571 826 1677 897 ἄρα

1787 820 1832 872 in
1871 832 2059 873 omnes
2096 819 2354 874 obtineat.
2400 819 2541 873 Deus
2579 820 2745 889 igitur
2784 831 2868 874 est
2905 821 3189 886 Christus,
3247 839 3344 892 per

85 901 342 968 Χριστὸς,
382 905 414 956 ὁ
467 905 539 959 δι’
564 903 624 966 οὗ
658 910 752 963 καὶ
799 911 858 964 ἐν
895 905 939 979 ᾧ
971 911 1063 966 καὶ
1109 914 1273 976 αὐτὸς
1315 917 1344 968 ὁ
1378 915 1566 985 Πατὴρ
1602 915 1679 978 ὡς

1787 924 1940 978 quem
1970 918 2026 964 et
2058 910 2108 963 in
2142 924 2250 980 quo
2282 910 2396 979 ipse
2431 926 2646 980 quoque
2678 911 2840 969 Pater
2867 924 2924 969 ut
2952 914 3095 969 Deus
3127 931 3341 971 annun-

83 992 212 1055 Θεὸς
245 997 720 1065 καταγγέλλεται,
756 1000 852 1054 καὶ
886 1003 953 1073 τῇ
996 1002 1145 1072 παρά
1192 1004 1409 1063 πάντων
1451 1006 1675 1075 τιμᾶται

1787 1003 1965 1067 tiatur,
2026 1001 2282 1072 cultuque
2331 1012 2388 1057 et
2437 994 2782 1061 veneratione
2825 1007 2893 1063 ab
2935 1008 3188 1065 omnibus
3225 1010 3341 1064 alii-

81 1082 173 1135 λατ
183 1100 242 1153 ρε
252 1085 330 1156 ίᾳ.

1787 1093 1939 1148 citur.

157 1193 176 1225 ι
208 1179 626 1243 Δικαιωθέντες
667 1175 758 1234 οὖν
795 1182 859 1236 ἐκ
907 1183 1165 1249 πίστεως,
1210 1188 1434 1258 εἰρήνην
1483 1187 1678 1258 ἔχομεν

1856 1201 1876 1233 ‹
1909 1182 2197 1240 Justiﬁcati
2251 1199 2380 1255 ergo
2430 1199 2498 1240 ex
2547 1187 2670 1250 ﬁde,
2721 1202 2907 1255 pacem
2966 1189 3224 1246 habemus
3274 1194 3341 1244 ad

83 1265 217 1334 πρὸς
246 1267 393 1320 Θεὸν
427 1269 520 1322 διὰ
548 1270 642 1327 τοῦ
670 1273 875 1344 Κυρίου
907 1275 1064 1345 ήμῶν
1100 1277 1275 1346 Ἰησοῦ
1305 1278 1562 1347 Χριστοῦ,
1600 1277 1679 1334 δι’

1787 1272 1946 1330 Deum
1982 1289 2077 1343 per
2112 1273 2397 1329 Dominum
2439 1285 2679 1330 nostrum
2710 1277 2889 1330 Jesum
2921 1277 3217 1340 Christum,
3251 1295 3345 1348 per

80 1349 140 1406 οὗ
179 1354 279 1406 νῦν
307 1357 415 1408 καὶ
443 1358 544 1427 τὴν
570 1363 934 1432 προσαγωγὴν
956 1364 1268 1436 ἐσχήκαμεν
1296 1370 1361 1438 τῇ
1391 1368 1573 1424 πίστει
1599 1369 1678 1430 είς

1787 1379 1937 1433 quem
1976 1372 2028 1419 et
2074 1364 2336 1420 habemus
2365 1380 2640 1420 accessum
2679 1382 2777 1437 per
2812 1367 2968 1422 ﬁdem
3010 1369 3065 1422 in
3114 1371 3342 1437 gratiam

78 1444 177 1512 τὴν
216 1445 395 1515 χάριν
429 1447 659 1518 ταύτην,
695 1450 754 1503 ἐν
851 1453 1183 1525 ἑστήκαμεν,
1211 1458 1306 1510 καὶ
1349 1458 1678 1528 καυχώμεθα

1787 1455 1967 1523 istam,
2009 1457 2062 1510 in
2098 1472 2206 1530 qua
2247 1467 2489 1523 stamus.
2521 1469 2577 1514 et
2620 1459 2915 1528 gloriamur
2959 1461 3010 1514 in
3049 1462 3211 1533 118
3251 1477 3346 1529 spe

80 1535 166 1586 ἐπ’
193 1534 383 1590 ἐλπίδι
430 1541 534 1610 τῆς
568 1539 727 1612 δόξης
773 1543 868 1600 τοῦ
917 1543 1075 1600 Θεοῦ.
1106 1564 1125 1599 ι
1167 1547 1252 1610 Ὦς
1286 1550 1366 1612 είς
1409 1548 1540 1602 Θεὸν
1586 1567 1678 1602 πι-

1787 1547 1964 1618 gloria
1992 1548 2224 1603 ﬁliorum
2259 1549 2350 1604 Dei
2374 1549 2442 1606 ⁸⁸.
2475 1568 2494 1604 ι
2527 1551 2583 1604 Si
2611 1552 2662 1604 in
2694 1548 2861 1605 Deum
2888 1555 3193 1618 credentes,
3220 1567 3347 1609 vere

81 1625 378 1691 στεύοντες
411 1629 792 1703 δικαιούμεθα.
820 1634 882 1689 Ei
913 1636 972 1690 δὲ
1011 1639 1090 1701 είς
1134 1640 1370 1715 Χριστὸν
1410 1641 1616 1712 Ἰησοῦν
1641 1643 1675 1712 ή

1787 1637 2161 1709 iustiﬁcamur,
2194 1640 2407 1710 ﬁdeque
2439 1642 2490 1696 in
2522 1643 2797 1698 Chi-istum
2826 1642 3011 1699 .lesum
3053 1644 3346 1708 tendimus,

80 1717 293 1786 πίστις,
330 1721 440 1776 καὶ
478 1723 546 1780 δι’
604 1724 768 1778 αὐτοῦ
818 1727 917 1800 τὴν
959 1732 1328 1804 προσαγωγὴν
1363 1733 1680 1804 ἐσχήκαμεν

1787 1748 1845 1790 ac
1881 1748 1975 1805 per
2006 1735 2153 1790 illum
2185 1737 2251 1790 ad
2283 1734 2499 1791 Patrem
2539 1737 2758 1792 tandem
2786 1737 3135 1806 pervenimus
3163 1737 3345 1807 (Chri—

84 1809 372 1884 (συνήφθη
383 1832 489 1885 μεν
532 1817 641 1888 γάρ
672 1817 751 1889 τῷ
777 1819 894 1890 Θεῷ
920 1822 1014 1878 καὶ
1040 1823 1233 1895 Πατρὶ,
1267 1824 1678 1897 συνεγείραντος

1787 1837 1869 1882 sto
1906 1841 2139 1895 namque
2168 1842 2266 1882 nos
2290 1827 2448 1882 simul
2470 1828 2761 1893 excitante,
2800 1827 2909 1882 Deo
2953 1837 3007 1882 et
3041 1827 3184 1883 Patri
3215 1843 3346 1882 cou-

80 1902 275 1973 ὥσπερ
309 1907 475 1976 ἡμᾶς
511 1907 605 1960 τοῦ
636 1910 920 1981 Χριστοῦ)·
955 1913 1073 1977 πῶς
1097 1915 1158 1966 οὐ
1176 1914 1307 1978 Θεὸς
1335 1917 1475 1984 ἐστι,
1504 1918 1598 1971 καὶ
1631 1919 1679 1971 εί

1787 1915 2094 1985 Iungimur),
2124 1918 2393 1984 quomodo
2435 1917 2576 1970 Deus
2615 1929 2721 1970 nou
2767 1924 2870 1982 est,
2910 1916 3071 1972 etiam
3107 1916 3152 1972 si
3192 1915 3347 1986 juxta

79 1994 318 2060 γέγονεν
370 1999 443 2050 ἐκ
491 1999 804 2073 σπέρματος
834 2003 997 2058 Δαυτδ
1041 2007 1100 2057 τὸ
1134 2006 1274 2060 κατά
1305 2009 1504 2078 σάρκα,
1538 2010 1682 2067 κατὰ

1787 2005 2089 2074 Scripturas
2119 2005 2163 2037 “
2207 2019 2271 2060 ex
2317 2005 2522 2060 semine
2562 2004 2731 2060 David
2790 2006 3083 2061 secundum
3129 2019 3345 2060 carnem

81 2086 182 2148 τὰς
219 2079 500 2158 Γραφάςξ

1787 2095 1957 2151 factus
1983 2096 2104 2151 est?

1859 2204 1876 2238 ι
1914 2186 2063 2240 Sicut
2089 2187 2349 2254 scriptum
2377 2193 2461 2241 est
2490 2201 2503 2238 :
2534 2185 2670 2240 Ecce
2690 2225 2706 2251 ,
2737 2186 2930 2256 inquit,
2965 2201 3105 2255 pouo
3133 2187 3186 2242 in
3217 2186 3346 2242 Sion

1785 2277 2011 2347 lapidem
2040 2277 2376 2341 offensionis,
2404 2288 2457 2331 et
2491 2288 2702 2346 petram
2753 2278 3032 2335 scandali:
3078 2287 3134 2333 et
3169 2280 3347 2333 omnis

1783 2368 1872 2435 qui
1903 2368 2072 2422 credit
2103 2369 2155 2422 in
2186 2382 2331 2432 eum,
2370 2383 2476 2421 non
2509 2367 2867 2423 confundetur
2887 2367 2954 2421 ”.
2991 2387 3012 2419 ι
3045 2365 3230 2422 Justus
3260 2367 3348 2422 Si-

1783 2473 1939 2513 meou
1965 2473 2084 2512 cum
2118 2458 2355 2511 divinum
2390 2457 2536 2511 illum
2568 2472 2791 2525 puerum
2819 2459 2961 2512 inter
2987 2457 3141 2512 ulnas
3169 2472 3349 2512 susce-

1785 2549 2064 2616 pisset,ita
2092 2547 2259 2603 Deum
2307 2547 2498 2602 affatus
2540 2558 2661 2603 est:
2706 2565 2726 2600 :
2772 2546 2924 2603 Nunc
2968 2549 3195 2604 dimittis
3230 2565 3348 2605 sero

1789 2654 1906 2690 vum
1947 2648 2114 2702 tuum,
2170 2639 2416 2702 Domine,
2458 2639 2753 2693 secundum
2803 2638 3025 2694 verbum
3082 2647 3233 2694 tuum
3295 2643 3348 2694 in

1785 2745 1936 2796 pare,
2007 2726 2133 2799 quia
2183 2732 2435 2784 viderunt
2485 2729 2626 2786 oculi
2687 2731 2792 2784 mei
2857 2731 3096 2786 salutare
3152 2742 3348 2787 tuum:

159 2196 177 2225 ι
211 2180 430 2245 Καθὼς
456 2182 786 2254 γέγραπται,
823 2187 1021 2258 φησιν’
1068 2189 1199 2244 Ἰδοὺ
1236 2191 1428 2263 τίθημι
1454 2195 1511 2246 ἐν
1542 2195 1682 2249 Σιὼν

82 2267 234 2323 λίθον
290 2273 756 2344 προσκόμματος,
805 2277 898 2330 καὶ
947 2277 1152 2350 πέτραν
1209 2281 1540 2336 σκανδάλουο
1589 2285 1684 2338 καὶ

86 2362 195 2423 πᾶς
250 2363 282 2415 ὁ
319 2363 603 2440 πιστεύων
647 2367 734 2418 ἐπ’
769 2367 939 2438 αὐτῷ,
974 2369 1035 2421 ού
1066 2373 1613 2444 καταισχυνθήσεται.
1655 2393 1673 2427 ι

87 2452 323 2520 Συμεὼν
374 2457 406 2510 ὁ
428 2455 656 2524 δίκαιος,
687 2457 777 2511 ὅτε
810 2459 871 2512 τὸ
902 2459 1044 2514 θεῖον
1071 2463 1150 2526 είς
1175 2462 1422 2530 ἀγκάλας
1466 2464 1684 2529 ἐδέξατο

90 2541 320 2612 βρέφος,
356 2545 464 2617 ἔφη
519 2548 657 2618 πρὸς
708 2549 801 2604 τὸν
852 2550 1022 2606 Θεόν’
1078 2571 1097 2604 ι
1125 2553 1240 2606 Νῦν
1287 2553 1543 2618 ἀπολύεις
1591 2556 1684 2610 τὸν

86 2634 279 2689 δοῦλόν
323 2655 447 2703 σου,
477 2641 744 2706 Δέσποτα,
777 2644 918 2699 κατά
948 2644 1009 2698 τὸ
1030 2645 1187 2715 ῥῆμά
1214 2663 1332 2712 σου,
1366 2648 1425 2700 ἐν
1469 2649 1681 2722 εἰρήνῃ.

93 2724 217 2776 Ὅτι
248 2723 400 2780 εἶδον
428 2731 476 2781 οἱ
502 2730 770 2801 ὀφθαλμοί
787 2750 890 2802 μου
911 2735 971 2787 τὸ
994 2737 1259 2806 σωτήριόν
1285 2754 1399 2803 σου,
1421 2738 1448 2790 ὃ
1464 2740 1685 2809 ἡτοίμα-

93 2829 190 2877 σας
245 2818 401 2871 κατά
455 2819 741 2894 πρόσωπον
791 2824 1009 2876 πάντων
1055 2823 1162 2876 τῶν
1208 2825 1373 2892 λαῶν,
1407 2845 1426 2878 ι
1483 2827 1575 2880 καὶ
1615 2829 1682 2881 τά

92 2905 244 2976 ἑξῆς.
275 2909 588 2981 Προσετίθη
618 2910 674 2964 δὲ
703 2911 915 2977 τούτοις
937 2929 951 2945 ·
1002 2933 1020 2964 ι
1044 2913 1174 2966 Ἰδοὺ
1205 2908 1360 2979 οὗτος
1387 2918 1561 2969 κεῖται
1604 2919 1684 2978 είς

95 3005 311 3060 πτῶσιν
361 3006 457 3060 καὶ
506 3008 803 3062 ἀνάστασιν
837 3007 1047 3062 πολλῶν
1086 3012 1144 3065 ἐν
1187 3011 1267 3081 τῷ
1310 3012 1543 3084 Ἰσραὴλ,
1589 3011 1681 3065 καὶ

96 3093 176 3154 είς
207 3098 443 3164 σημεῖον
469 3097 903 3169 ἀντιλεγόμενον.
928 3118 948 3152 ι
969 3099 1026 3153 Ὀ
1060 3099 1220 3163 αὐτὸς
1244 3100 1332 3170 ἀρ’
1355 3101 1503 3158 ἐστὶν
1532 3104 1560 3156 ὁ
1588 3101 1680 3156 τοῦ

97 3180 538 3258 προσκόμματος
584 3189 753 3258 λίθος,
808 3191 903 3245 καὶ
932 3193 966 3262 ἡ
1000 3192 1177 3263 πέτρα
1224 3191 1318 3245 τοῦ
1355 3193 1674 3247 σκανδάλου.

99 3272 208 3325 Καὶ
259 3278 687 3346 περιπταίοντες
745 3281 844 3349 μὲν
894 3281 1043 3350 αὐτῷ
1094 3280 1182 3334 διὰ
1230 3284 1332 3352 τῆς
1375 3282 1676 3349 ἀπειθείας,

100 3366 504 3435 συνετρίϐησάν
546 3385 693 3432 τινες
715 3386 729 3400 ·
761 3370 1018 3438 διέφυγον
1045 3372 1104 3424 δέ
1131 3372 1192 3425 τὸ
1218 3374 1683 3444 καταισχυνθῆναι

97 3453 146 3504 oi
177 3455 280 3522 τὴν
312 3456 450 3526 πρὸς
477 3457 640 3510 αὑτὸν
675 3458 858 3512 πίστιν
885 3459 1451 3536 προσηκάμενοι.*Αρ’
1481 3460 1576 3517 οὖν
1607 3467 1683 3527 ὡς

100 3543 179 3604 είς
211 3545 504 3615 ἄνθρωπον
547 3549 989 3619 πεπιστεύκαμεν
1019 3551 1052 3619 ἢ
1089 3551 1163 3613 ὡς
1189 3551 1268 3613 είς
1292 3552 1457 3613 Θεόν;
1490 3554 1579 3615 Ὠς
1603 3555 1683 3616 είς

102 3631 235 3686 Θεὸν
264 3635 535 3706 δηλονότι.
580 3636 712 3699 Θεὸς
740 3633 832 3690 οὖν
861 3638 967 3708 ἄρα
991 3639 1226 3711 Χριστός
1246 3656 1260 3669 ο
1289 3640 1376 3691 ἐπ’
1397 3640 1547 3710 αὐτῷ
1574 3641 1681 3711 γὰρ

103 3719 132 3772 ὁ
167 3720 382 3788 δίκαιος
419 3725 645 3796 Συμεὼν
682 3725 781 3790 τὰς
819 3727 1020 3800 ἀρτίως
1078 3728 1206 3800 ἡμῖν
1247 3729 1540 3801 εἰρημένας
1578 3728 1681 3801 ἔφη

105 3816 314 3881 φωνάς.

177 3991 320 4064 Περὶ
349 3993 460 4046 τῶν
496 3993 762 4047 Ἰουδαίων
797 3995 961 4066 φησίν
979 4013 993 4026 ο
1042 4014 1058 4047 ι
1084 3999 1429 4066 ’Δγνοοῦντες
1449 3997 1558 4072 γὰρ
1584 4002 1684 4072 τὴν

107 4079 203 4136 τοῦ
255 4084 395 4138 Θεοῦ
445 4084 675 4154 δύναμιν
717 4086 810 4138 καὶ
857 4086 1222 4158 δικαιοσύνην,
1261 4092 1354 4142 καὶ
1401 4091 1498 4161 τὴν
1549 4093 1685 4146 ίδίαν

108 4170 403 4244 ζητοῦντες
435 4178 651 4246 στῆσαι,
683 4179 748 4248 τῇ
785 4177 1101 4251 δικαιοσύνῃ
1144 4179 1238 4232 τοῦ
1272 4180 1409 4234 Θεοῦ
1440 4181 1539 4255 οὐχ
1578 4183 1684 4233 ὐπ-

109 4267 405 4342 ετάγησαν.
437 4269 601 4332 Τέλος
627 4268 737 4338 γάρ
766 4269 931 4338 νόμου
954 4270 1208 4341 Χριστὸς,
1232 4273 1311 4334 είς
1340 4272 1685 4344 δικαιοσύνην

109 4363 274 4415 παντὶ
307 4362 386 4434 τῷ
415 4361 746 4416 πιστεύοντι.
776 4380 794 4413 ι
830 4361 892 4414 Εί
927 4362 1080 4425 τέλος
1111 4363 1275 4432 νόμου
1311 4364 1564 4436 Χριστὸς,
1592 4365 1685 4419 καὶ

110 4455 272 4524 αὐτός
297 4461 444 4512 ἐστιν
477 4461 508 4531 ή
536 4457 872 4528 δικαιοσύνη,
898 4459 1125 4512 δικαιῶν
1166 4458 1256 4512 διά
1304 4459 1538 4522 πίστεως
1585 4460 1684 4529 τῆς

1783 2823 1924 2887 quod
1955 2821 2155 2887 parasti
2194 2829 2319 2873 ante
2369 2820 2560 2875 faciem
2597 2821 2837 2876 omnium
2871 2820 3186 2890 populorum
3213 2823 3284 2886 ”,
3326 2842 3347 2876 ι

1782 2919 1835 2962 et
1884 2924 2001 2975 qua:
2052 2919 2370 2977 sequuntur.
2421 2910 2706 2980 Subjungit
2751 2911 2986 2968 deinde:
3033 2929 3052 2963 ι
3085 2913 3228 2968 Ecce
3263 2912 3355 2970 hic

1784 3000 1991 3066 positus
2017 3009 2101 3054 est
2132 3001 2184 3054 in
2219 3002 2430 3055 ruinam
2463 3010 2519 3056 et
2566 3002 3017 3057 resurrectionem
3064 3003 3350 3058 multorum

1785 3093 1836 3155 iu
1873 3091 2060 3156 Israel,
2085 3100 2138 3146 et
2167 3093 2217 3146 in
2249 3093 2462 3164 signum
2498 3094 2584 3148 cui
2618 3095 3021 3150 contradicetur
3041 3096 3107 3149 “.
3149 3115 3168 3149 ι
3206 3097 3352 3151 idem

1787 3197 1914 3250 ergo
1941 3194 2024 3238 est
2049 3184 2186 3254 lapis
2223 3184 2559 3251 offensionis,
2593 3194 2646 3239 et
2674 3195 2821 3256 petra
2854 3186 3116 3246 scandali.
3145 3187 3209 3242 Et
3234 3191 3354 3258 qui.

1788 3279 1906 3329 dem
1942 3277 2181 3330 nonnulli
2211 3289 2431 3348 propter
2463 3279 2830 3336 infidelitatem
2869 3280 2922 3333 in
2970 3280 3142 3348 ipsum
3182 3282 3354 3350 impe-

1787 3378 1999 3436 gerunt,
2024 3377 2076 3422 et
2104 3369 2321 3421 contriti
2356 3379 2516 3432 sunt;
2557 3369 2749 3436 reliqui
2794 3384 2939 3436 vero,
2973 3371 3060 3438 qui
3097 3371 3349 3428 nimirum

1787 3459 1943 3510 fidem
1981 3458 2033 3510 in
2066 3457 2214 3512 illum
2250 3458 2514 3528 complexi
2561 3469 2705 3523 sunt,
2751 3458 3125 3514 confusionem
3162 3477 3352 3517 evase.

1786 3562 1931 3603 runt.
1960 3550 2210 3619 Nunquid
2238 3565 2368 3620 ergo
2403 3550 2454 3603 in
2502 3549 2649 3604 illum
2688 3559 2943 3620 tanquam
2985 3552 3036 3606 in
3082 3555 3350 3610 hominem

1784 3642 2077 3704 credimus,
2109 3659 2174 3695 an
2210 3658 2336 3697 vero
2364 3652 2616 3713 tauquam
2644 3642 2696 3696 in
2742 3643 2951 3698 Deum?
3000 3643 3195 3714 Utique
3235 3654 3356 3704 tau-

1784 3750 1945 3804 quam
1976 3735 2029 3789 in
2069 3735 2258 3788 Deum.
2290 3733 2434 3792 Deus
2471 3737 2652 3804 itaque
2696 3746 2777 3791 est
2817 3737 3100 3794 Christus:
3139 3744 3203 3792 de
3239 3740 3354 3809 ipso

1785 3829 1928 3882 enim
1957 3828 2134 3898 justus
2159 3827 2378 3882 Simeon
2414 3829 2675 3883 adductas
2705 3829 2864 3897 paulo
2906 3839 3032 3884 ante
3070 3844 3230 3886 voces
3259 3831 3353 3886 de-

1789 3921 2089 3990 promebat.
3217 3931 3225 3941 ‘

1862 4011 1936 4064 De
1994 4009 2192 4065 Judaeis
2237 4010 2407 4066 dicit:
2463 4029 2481 4061 ι
2543 4010 2857 4078 ignorantes
2901 4011 3045 4064 enim
3092 4012 3352 4080 justitiam

1788 4101 1907 4164 Dei,
1939 4111 1993 4154 et
2023 4115 2173 4155 suam
2205 4111 2443 4154 Statuere
2494 4111 2819 4168 qua-rentes,
2859 4101 3084 4168 justitiae
3114 4099 3207 4155 Dei
3249 4116 3355 4155 nou

1787 4202 1912 4247 sunt
1937 4191 2186 4260 subjecti.
2219 4189 2370 4244 Finis
2401 4191 2544 4244 enim
2585 4191 2715 4259 legis
2759 4191 3040 4255 Christus,
3081 4192 3146 4243 ad
3194 4190 3357 4260 justi-

1790 4285 1916 4336 tiam
1949 4282 2094 4336 omni
2123 4281 2366 4335 credenti
2393 4280 2458 4331 ".
2500 4299 2519 4332 ι
2553 4280 2606 4332 Si
2634 4279 2883 4334 Christus
2922 4280 3042 4334 ﬁnis
3085 4282 3216 4350 legis
3249 4290 3355 4345 est,

1790 4377 2038 4445 idemque
2091 4384 2176 4430 est
2216 4374 2446 4445 iustitia,
2491 4374 2582 4441 qui
2628 4371 2894 4439 justiﬁcat
2945 4387 3038 4441 per
3094 4371 3250 4427 ﬁdem
3304 4374 3357 4427 iu

1789 4469 1985 4538 ipsum,
2012 4467 2455 4536 justiﬁcandique
2479 4465 2706 4518 facultas
2733 4465 2783 4518 in
2824 4463 2997 4518 solum
3035 4462 3199 4519 Deum
3226 4478 3359 4519 con-

109 4552 185 4612 είς
216 4552 384 4605 αὐτόν
403 4568 417 4582 ⁸
458 4552 602 4623 μόνῳ
627 4551 684 4604 δὲ
717 4551 792 4614 ὡς
825 4552 953 4605 ίδιον
976 4553 1322 4606 ἀνακείσεται
1354 4551 1416 4606 τὸ
1439 4551 1682 4606 δικαιοῦν

1791 4557 1972 4612 veniat
2029 4566 2279 4624 tanquam
2335 4554 2589 4623 quiddam
2634 4553 2736 4620 ipsi
2781 4553 3072 4622 peculiare,
3121 4565 3356 4622 quonam

108 4637 367 4696 δύνασθαι
404 4644 479 4714 τῷ
517 4643 670 4713 Θεῷ·
712 4642 830 4707 πῶς
865 4645 927 4696 ού
965 4644 1097 4706 Θεὸς
1136 4646 1164 4696 ὁ
1200 4644 1468 4715 Χριστός;

186 4738 294 4790 «Ἠ
344 4737 401 4790 δὲ
446 4727 512 4788 ἐκ
559 4735 797 4798 πίστεως
841 4735 1152 4804 δικαιοσύνη
1196 4735 1339 4791 οὕτω
1381 4735 1557 4803 λέγει·
1593 4733 1685 4806 Μὴ

111 4827 270 4901 εἴπῃς
302 4830 360 4884 ἐν
386 4830 452 4899 τῇ
484 4826 682 4897 καρδίᾳ
709 4844 802 4880 σου
823 4845 836 4856 ·
874 4827 969 4889 Τίς
998 4827 1330 4897 ἀναϐήσεται
1371 4829 1450 4891 εἰς
1479 4828 1567 4881 τὸν
1597 4829 1688 4880 οὺ-

115 4924 310 4988 ρανόν;
339 4920 585 4975 τουτέστι
633 4918 869 4988 Χριστὸν
901 4922 1232 4988 καταγαγεῖν
1259 4935 1272 4950 ο
1304 4920 1360 4990 ἢ,
1395 4920 1490 4983 Τίς
1516 4936 1684 4972 κατα-

113 5011 340 5083 ϐήσεται
391 5014 470 5077 είς
519 5013 616 5084 τὴν
662 5011 898 5065 ἄϐυσσον
919 5027 935 5074 ;
973 5011 1216 5063 τουτέστι
1244 5011 1479 5082 Χριστὸν
1505 5012 1570 5064 ἐκ
1597 5027 1684 5064 νεο

112 5109 260 5174 κρῶν
316 5109 633 5174 ἀναγαγεῖν.
667 5105 829 5160 Ἀλλά
885 5105 940 5158 τί
994 5104 1173 5172 λέγεις
1231 5104 1429 5173 Ἐγγύς
1478 5123 1572 5159 σου
1623 5106 1684 5163 τὸ

116 5197 262 5267 ῥῆμά
291 5198 436 5248 ἐστιν
462 5197 521 5249 ἐν
547 5198 624 5267 τῷ
656 5197 884 5268 στόματί
914 5215 1006 5251 σου
1034 5199 1128 5250 καὶ
1152 5199 1208 5250 ἐν
1239 5199 1304 5267 τῇ
1333 5196 1530 5268 καρδίᾳ
1561 5215 1679 5252 σου.

115 5286 370 5340 Τουτέστι
399 5285 458 5337 τὸ
492 5286 642 5355 ῥῆμα
677 5288 775 5356 τῆς
812 5290 1067 5352 πίστεως,
1102 5288 1130 5342 ὃ
1171 5286 1538 5358 κηρύσσομεν.
1563 5290 1683 5344 Ὀτι

113 5379 204 5434 ἐὰν
232 5377 576 5449 ὁμολογήσῃς
606 5379 662 5428 ἐν
704 5377 781 5445 τῷ
821 5380 1053 5446 στόματί
1085 5397 1176 5434 σου
1211 5380 1416 5452 Κύριον
1454 5379 1680 5449 Ἰησοῦν,

116 5473 204 5524 καὶ
251 5466 550 5536 πιστεύσῃς
595 5467 652 5518 ἐν
679 5469 742 5535 τῇ
779 5468 974 5538 καρδίᾳ
1019 5487 1112 5520 σου
1146 5471 1227 5522 ὅτι
1279 5472 1308 5523 ὁ
1350 5470 1482 5534 Θεὸς
1524 5470 1685 5523 αὑτὸν

117 5561 333 5632 ήγειρεν
380 5560 443 5611 ἐκ
489 5558 595 5609 τῶν
630 5557 858 5624 νεκρῶν,
894 5557 1132 5628 σωθήσῃ.
1171 5560 1379 5628 Καρδίᾳ
1429 5562 1528 5629 μὲν
1575 5561 1684 5627 γὰρ

121 5651 427 5707 πιστεύεται
465 5650 542 5712 είς
581 5645 942 5717 δικαιοσύνην,
983 5649 1208 5717 στόματι
1251 5648 1307 5700 δὲ
1342 5651 1684 5718 ὁμολογεῖται

185 5828 412 5884 “Rom.
439 5841 491 5891 v,
527 5826 576 5890 i,
606 5825 658 5878 2.
737 5823 776 5853 "
804 5821 956 5874 Rom.
991 5838 1026 5883 ι,
1065 5823 1116 5875 5.

394 5919 666 5979 ΡΑτιιοι..
713 5917 824 5977 Gn.
870 5915 1121 5979 LXXVI.

1792 4649 1956 4705 modo
1991 4647 2240 4703 Christus
2265 4662 2370 4700 non
2403 4655 2488 4700 est
2521 4645 2696 4698 Deus?

1869 4759 1886 4790 ι
1923 4740 2051 4805 Quae
2096 4747 2274 4792 autem
2325 4753 2388 4791 ex
2434 4738 2535 4790 fide
2580 4744 2662 4789 est
2698 4736 2929 4804 iustitia,
2962 4737 3040 4788 sic
3071 4735 3242 4790 dicit:
3283 4736 3360 4793 Ne

1796 4835 1997 4889 dixeris
2024 4833 2072 4883 in
2103 4832 2267 4884 corde
2299 4839 2389 4883 tuo
2419 4847 2430 4883 :
2469 4828 2601 4895 Quis
2633 4829 2888 4881 ascendet
2939 4829 2988 4887 in
3032 4829 3273 4883 coelum?
3308 4831 3360 4884 id

1791 4933 1874 4980 est
1898 4923 2168 4978 Christqu
2198 4923 2463 4977 deducere
2489 4940 2502 4975 :
2531 4919 3102 4986 aut,Quisdescendet
3121 4920 3170 4972 in
3201 4923 3362 4992 abys-

1791 5014 1952 5070 sum?
1999 5015 2098 5068 hoc
2141 5023 2225 5067 est
2263 5012 2538 5066 Christum
2577 5026 2604 5062 a
2654 5009 2880 5061 mortuis
2929 5022 3205 5063 revocare.
3254 5009 3360 5066 Sed

1791 5109 1917 5179 quid
1949 5107 2079 5161 dicit
2109 5104 2427 5174 Scriptura?
2458 5102 2627 5169 Prope
2660 5106 2741 5152 est
2777 5099 2998 5153 verbum
3029 5101 3082 5154 in
3116 5117 3208 5156 ore
3245 5115 3357 5167 tuo,

1794 5211 1848 5254 et
1884 5201 1936 5253 in
1967 5200 2131 5253 corde
2165 5208 2272 5250 tuo.
2313 5193 2424 5248 Hoc
2448 5201 2534 5245 est
2562 5190 2782 5244 verbum
2822 5191 2943 5245 fidei
2980 5195 3123 5265 quod
3169 5197 3359 5265 pradi.

1793 5306 1978 5344 camus
2005 5307 2018 5344 :
2053 5287 2185 5352 Quia
2216 5287 2257 5338 si
2291 5281 2603 5336 confitearis
2629 5282 2678 5336 in
2716 5297 2813 5336 ore
2843 5291 2934 5339 tuo
2955 5282 3239 5342 Dominum
3265 5286 3357 5340 Je-

1794 5395 1934 5440 sum,
1963 5387 2018 5432 et
2049 5378 2101 5429 in
2133 5375 2293 5428 corde
2326 5381 2415 5426 tuo
2447 5372 2749 5428 credideris
2783 5378 2922 5443 quod
2953 5375 3092 5458 Deus
3128 5377 3358 5429 suscita-

1792 5471 1868 5523 vit
1907 5468 2054 5521 illum
2089 5464 2248 5534 119
2280 5479 2307 5516 a
2342 5466 2590 5530 mortuis,
2625 5467 2808 5520 salvus
2853 5467 2981 5521 eris.
3010 5465 3185 5520 Corde
3213 5467 3354 5521 enim

1791 5560 2028 5614 creditur
2067 5558 2131 5611 ad
2175 5556 2466 5626 justitiam,
2515 5575 2610 5614 ore
2643 5571 2819 5612 autem
2873 5558 2930 5611 ﬁt
2977 5555 3244 5614 confessio
3287 5562 3351 5615 ad

1792 5651 2041 5704 salutem.
2085 5648 2227 5704 Dicit
2261 5650 2406 5704 enim
2447 5652 2730 5721 Scriptura
2767 5669 2779 5703 :
2829 5648 3014 5702 Omnis
3055 5649 3144 5716 qui
3189 5650 3362 5706 credit

1193 5821 1234 5853 ⁸³
1265 5821 1414 5876 Rom.
1449 5837 1523 5877 Ix.
1552 5824 1639 5880 35.

1787 5824 1917 5880 LUC-
1954 5841 2011 5891 ΙΙ,
2041 5826 2232 5886 9-9-32.
2314 5829 2356 5860 “
2385 5829 2512 5884 ibid.
2545 5827 2632 5881 5!.
2711 5827 2752 5858 ⁵⁷
2783 5827 2938 5880 Rom.
2972 5843 3024 5888 tt,

2926 5915 2997 5977 42
