4116 6484
761 436 897 497 I325

1743 432 1801 487 S.
1835 432 2110 489 CYRILLI
2153 426 2619 485 ALLXANDRINI
2660 426 2978 481 ARlllllEP.

3891 423 4029 475 1325

760 558 812 610 in
846 554 1016 614 illum.
1048 564 1153 605 non
1192 547 1551 603 confundetur
1574 548 1639 602 ⁸⁸.
1683 568 1701 600 ι
1746 548 1804 605 Si
1841 550 2043 605 Christi
2090 564 2315 619 persona

2441 552 2499 612 :l;
2534 548 2826 618 σωτηρίαν.
2850 547 3005 615 Λέγει
3041 546 3147 617 γὰρ
3174 548 3205 616 ἡ
3237 547 3423 616 Γραφή
3446 565 3457 578 ·
3496 566 3514 598 ι
3540 548 3701 610 Πᾶςὸ
3735 548 4024 599 πιστεύω.

760 644 1024 697 universa:
1046 639 1170 693 lidei
1206 650 1399 693 nostrae
1429 640 1709 702 terminus,
1738 649 1791 693 et
1822 639 2183 694 confessionis
2213 641 2324 693 vir-

760 746 845 789 tus
874 733 1184 803 praailgitur,
1238 741 1574 799 mortemque
1611 731 1751 785 illius
1782 741 1838 786 et
1870 733 2323 787 resurrectionem

759 823 1100 884 confitentes.
1132 820 1298 875 veluti
1330 820 1383 873 in
1414 820 1579 874 Deum
1604 820 1910 885 credentes,
1931 821 2321 891 justiﬁeamur:

760 917 882 983 quis
908 915 1089 969 dicere
1124 914 1345 976 audeat,
1370 911 1543 981 ipsum
1597 912 1818 967 deitatis
1854 922 2129 968 exsortem
2166 912 2326 968 esse?

759 1007 1027 1073 siquidem
1078 1013 1164 1059 est
1213 1016 1422 1057 summa
1476 1014 1531 1059 et
1576 1016 1737 1073 caput
1789 1004 1986 1060 salutis
2043 1004 2324 1069 omnium,

758 1097 1064 1165 uStiumque
1094 1102 1149 1149 et
1191 1094 1299 1159 via.
1347 1094 1471 1150 ﬁdei
1526 1096 1581 1150 in
1631 1095 1804 1166 ipsum
1873 1095 2165 1151 confessio.
2224 1094 2327 1152 Per

761 1191 933 1254 ipsum
961 1200 1190 1257 namque
1213 1194 1268 1242 et
1298 1186 1353 1241 in
1387 1186 1499 1256 ipso
1524 1186 1637 1257 ipse
1662 1200 1877 1258 quoque
1902 1184 2067 1242 Pater
2107 1200 2138 1242 ι
2174 1186 2329 1242 nobis

758 1278 1123 1348 cognoscitur.

833 1493 854 1528 ι
892 1474 953 1531 Ei
983 1483 1162 1528 autem
1198 1472 1289 1541 qui
1321 1480 1511 1541 potens
1542 1480 1625 1525 est
1668 1471 1998 1526 confirmare
2038 1484 2136 1524 vos
2174 1468 2327 1539 juxta

763 1565 1109 1636 Evangeliutn
1139 1579 1337 1627 meum,
1360 1573 1416 1618 et
1453 1563 1889 1629 praedicationem
1936 1560 2058 1617 Jesu
2101 1559 2328 1625 Christi,

765 1657 1055 1714 secundum
1092 1654 1479 1710 revelationem
1520 1653 1764 1723 mysterii
1803 1653 2134 1721 temporibus
2169 1662 2330 1706 aeter-

761 1750 847 1805 nis
874 1749 1020 1803 taciti
1054 1746 1219 1817 (quod
1252 1759 1396 1799 nunc
1430 1743 1758 1813 patefactum
1787 1754 1869 1797 est
1898 1759 1994 1812 per
2031 1744 2331 1812 scripturas

2427 642 2507 701 είς
2545 640 2725 703 αὐτὸν,
2754 640 2815 692 οὔ
2843 638 3385 710 καταισχυνθήσεται.
3419 657 3437 689 ι
3474 639 3551 691 Ἐἰ
3600 638 3851 707 σύμπας
3897 638 4029 704 ἡμῖν

2425 730 2454 781 6
2470 729 2568 799 τῆς
2598 729 2830 792 πίστεως
2852 728 3116 799 ὄροςηκαὶ
3143 728 3243 797 τῆς
3262 728 3554 798 ὁμολογίας
3578 729 3613 797 ἠ
3639 725 3918 795 δύναμις,
3950 726 4029 785 εἰς

2429 820 2491 873 τὸ
2529 820 2623 875 τοῦ
2672 819 2909 890 Χριστοῦ
2954 821 3302 891 περιίσταται
3330 818 3642 890 πρόσωπον,
3670 816 3779 869 καὶ
3821 814 4023 885 ὁμολο-

2426 909 2649 979 γοῦντες
2672 910 2837 965 αὐτοῦ
2864 911 2955 964 τὸν
2981 911 3208 965 θάνατον
3237 908 3333 963 καὶ
3353 908 3453 980 τὴν
3480 908 3816 971 ἀνάστασιν,
3844 905 3928 967 ὡς
3953 907 4027 963 είς

2426 1002 2561 1057 Θεὸν
2604 1002 3029 1067 πεπιστευκότες
3072 1001 3450 1072 δικαιούμεθαο
3476 998 3560 1063 τίς
3597 1001 3627 1053 6
3662 998 3849 1068 φάναι
3893 995 4027 1048 Θεὸν

2426 1094 2527 1147 οὐκ
2576 1087 2715 1147 εἶναι
2755 1093 2970 1162 τολμῶν
3006 1092 3190 1158 αὑτὸν,
3231 1091 3389 1162 εῐπερ
3419 1091 3533 1143 ἐστὶ
3566 1087 3888 1158 κεφάλαιον
3926 1084 4026 1151 τῆς

2430 1186 2685 1239 ἁπάντων
2711 1185 3004 1256 σωτηρίας,
3028 1183 3166 1254 θύρα
3208 1200 3266 1236 τε
3304 1181 3398 1236 καὶ
3428 1182 3564 1246 ὁδὸς,
3590 1180 3692 1249 τῆς
3723 1178 3823 1241 είς
3859 1175 4025 1228 αὐτὸν

2428 1276 2667 1339 πίστεως
2692 1276 2724 1347 ἠ
2760 1274 3051 1347 όμολογία;
3078 1276 3156 1327 Δι’
3184 1274 3347 1328 αὐτοῦ
3377 1273 3487 1344 γὰρ
3516 1272 3608 1326 καὶ
3639 1273 3699 1325 έν
3725 1269 3905 1339 αὐτῷ
3934 1270 4023 1321 καὶ

2429 1367 2593 1431 αὐτὸς
2620 1368 2650 1421 6
2683 1366 2873 1437 Πατὴρ
2900 1364 3317 1435 ἐπιγινώσκεται
3353 1364 3491 1436 πρὸς
3516 1363 3693 1434 ἡμῶν.

2504 1498 2523 1531 ι
2553 1478 2645 1550 Τῷ
2684 1478 2742 1532 δὲ
2771 1476 3059 1549 δυναμένῳ
3088 1477 3233 1547 ὑμᾶς
3274 1476 3522 1548 στηρίξαι
3548 1473 3687 1530 κατά
3735 1473 3810 1525 τὸ
3842 1472 4021 1538 Εὐαγ-

2431 1570 2611 1640 γέλιόν
2654 1587 2755 1641 μου
2790 1571 2885 1623 καὶ
2932 1569 2990 1622 τὸ
3031 1570 3294 1640 κήρυγμα
3330 1568 3505 1639 Ἰησοῦ
3550 1564 3822 1638 Χριστοῦ,
3881 1563 4022 1615 κατὰ

2431 1662 2772 1732 ἀποκάλυψιν
2802 1660 3099 1732 μυστηρίου
3126 1660 3333 1730 χρόνοις
3359 1659 3593 1720 αἰωνίοις
3615 1655 4016 1724 σεσιγημένου.

2432 1756 2570 1807 Φανε
2580 1752 2841 1824 ρωθέντος
2861 1750 2918 1804 δὲ
2938 1750 3032 1805 νῦν
3054 1750 3143 1805 διά
3171 1767 3229 1803 τε
3250 1748 3476 1820 γραφῶν
3495 1745 3867 1819 προφητικῶν
3892 1760 3994 1797 κατ
4012 1744 4024 1761 ‘

761 1840 1169 1909 prophetarum,
1202 1836 1500 1891 secundum
1532 1843 1859 1904 praeceptum
1899 1835 2085 1887 aeterni
2110 1833 2224 1897 Dei,
2262 1832 2327 1886 ad

2441 1844 2700 1914 ἐπιταγὴν
2727 1842 2820 1895 τοῦ
2855 1842 3075 1895 αἰωνίου
3114 1840 3269 1905 Θεοῦ,
3300 1842 3380 1904 εἰς
3410 1838 3704 1907 ύπακοὴνω
3742 1836 4019 1896 πίστεως,

762 1929 1126 1985 oboditionetn
1157 1925 1326 1997 lldei),
1360 1927 1412 1980 in
1441 1926 1652 1981 cunctis
1688 1925 1941 1995 gentibus
1971 1925 2199 1994 cogniti,
2229 1922 2329 1977 soli

761 2019 989 2089 sapienti
1026 2018 1167 2085 Deo,
1212 2032 1309 2087 per
1347 2016 1539 2073 Jesum
1571 2015 1890 2081 Christum;
1939 2017 2023 2070 cui
2069 2016 2241 2069 honor
2277 2022 2333 2068 et

762 2113 933 2182 gloria
971 2112 1025 2165 in
1055 2110 1249 2165 sazcula
1281 2109 1620 2166 saeculorum.
1658 2111 1829 2164 Amen
1858 2108 1946 2166 δ”.
1978 2125 1995 2160 ι
2029 2107 2108 2162 En
2136 2107 2226 2160 hic
2254 2106 2334 2159 di-

761 2213 906 2258 serte
937 2201 1169 2257 aﬂirmat
1190 2200 1565 2270 Evangelium,
1612 2199 1959 2269 ejusdemque
1993 2197 2335 2266 praedicatio-

764 2312 885 2350 nem
912 2297 979 2349 ad
1020 2296 1191 2365 ipsum
1231 2293 1508 2349 Christum
1557 2293 1924 2362 pertinuisse:
1988 2302 2100 2345 tum
2152 2290 2338 2344 occul-

765 2396 875 2438 tum
912 2384 1039 2438 illud
1069 2388 1135 2438 de
1178 2384 1297 2453 ipso
1344 2384 1535 2438 eodem
1571 2384 1887 2452 mysterium
1931 2380 2149 2435 aeternis
2201 2388 2337 2432 tem-

763 2473 984 2541 poribus
1020 2473 1267 2533 tacitum,
1302 2486 1444 2524 nunc
1476 2471 1689 2524 demum
1720 2470 1785 2522 ad
1810 2470 1931 2522 ﬁdei
1965 2469 2334 2524 obeditionem

766 2567 817 2616 in
868 2564 1120 2617 omnibus
1161 2562 1415 2631 gentibus
1486 2560 1811 2631 patefactum
1873 2560 2151 2630 praedicat.
2202 2560 2335 2613 Nam

764 2666 950 2724 gentes
979 2653 1235 2709 falsorum
1284 2653 1507 2707 deorum
1540 2652 1690 2707 cultu
1742 2651 2001 2717 liberatae,
2045 2666 2337 2721 veramque

768 2746 878 2802 veri
929 2743 1302 2813 naturalisque
1350 2743 1441 2797 Dei
1490 2742 1739 2797 notitiam
1770 2742 2011 2811 adeptae,
2064 2743 2129 2795 ad
2177 2740 2339 2795 Chri-

763 2840 905 2891 stum
932 2845 1056 2891 sunt
1080 2849 1379 2890 conversae.
1408 2833 1560 2900 Quod
1596 2835 1641 2889 si
1692 2849 1787 2902 per
1833 2832 2015 2888 Jesum
2060 2834 2335 2888 Christum

767 2930 906 2984 Deus
944 2927 1119 2997 palam
1164 2935 1248 2981 est
1297 2927 1535 2995 agnitus,
1569 2926 1841 2995 quomodo
1886 2924 2088 2978 Christi
2140 2934 2337 2993 myste-

768 3022 905 3072 rium
942 3033 1047 3072 non
1075 3027 1159 3072 est
1189 3016 1486 3088 magnum?
1512 3015 1666 3082 Quod
1701 3017 1745 3070 si
1776 3017 1822 3069 is
1854 3016 2033 3069 animo
2062 3015 2337 3083 concipia-

765 3120 855 3162 tur
897 3120 951 3163 ιιι
990 3110 1154 3163 homo
1198 3109 1465 3177 quispiam
1502 3105 1644 3161 nulla
1675 3122 1737 3160 ex
1778 3116 1929 3174 parte
1972 3106 2139 3159 nostri
2176 3105 2338 3158 dissi-

765 3200 927 3263 milis,
966 3208 1020 3252 et
1054 3213 1158 3252 non
1194 3208 1253 3251 ut
1295 3196 1437 3249 Deus
1481 3196 1643 3249 homo
1691 3194 1907 3261 factus;
1947 3194 2090 3248 haud
2132 3209 2339 3263 magna:
2366 3220 2411 3276 ρ

768 3303 898 3343 sane
932 3287 1213 3357 sapientia:
1246 3294 1651 3339 sacramentum
1685 3283 1814 3337 illud
1843 3282 2026 3337 fuerit.

842 3418 862 3451 ε
895 3398 1024 3453 Dico
1072 3398 1215 3453 enim
1266 3396 1543 3452 Christum
1590 3394 1770 3451 Jesum
1819 3396 2124 3452 ministrum
2174 3396 2342 3453 fuisse

767 3489 1198 3545 circumcisionis
1245 3496 1466 3557 propter
1506 3487 1790 3541 veritatem
1850 3487 1966 3551 Dei,
2025 3489 2092 3541 ad
2140 3488 2342 3541 conlir-

768 3584 994 3638 mandas
1020 3582 1406 3652 promissiones
1440 3591 1654 3649 patrum
1684 3596 1697 3633 :
1735 3588 1925 3649 gentes
1968 3588 2145 3634 autem
2178 3595 2343 3648 super

772 3674 1143 3729 misericordia
1184 3673 1451 3726 honorare
1476 3671 1667 3725 Deum.
1708 3670 1979 3740 Scriptum
2024 3681 2107 3724 est
2152 3670 2340 3725 enim.

767 3767 1010 3821 Credidit
1035 3764 1305 3820 Abraham
1340 3762 1471 3828 Deo,
1504 3770 1557 3817 et
1592 3770 1897 3831 reputatum
1923 3770 2005 3815 est
2031 3761 2105 3814 illi
2153 3761 2219 3813 ad
2257 3759 2343 3828 ju-

771 3864 974 3921 8litiam
1002 3862 1069 3915 ".
1103 3880 1121 3913 ι
1152 3859 1362 3913 Dictum
1389 3868 1472 3913 est
1507 3872 1721 3910 rursum
1768 3857 1834 3908 ad
1871 3856 2058 3908 illum:
2110 3874 2127 3904 ι
2187 3853 2243 3906 In
2294 3863 2345 3907 te

775 3952 1164 4005 benedicentur
1189 3963 1377 4002 omnes
1407 3945 1578 4000 tribus
1612 3955 1768 3997 terra:
1788 3942 1833 3973 ⁸⁸
1860 3959 1874 4006 ;
1906 3961 1922 3992 ι
1958 3942 2009 3995 id
2034 3942 2173 4010 quod
2207 3942 2346 3995 Pau-

772 4048 853 4097 lus
900 4044 1001 4096 hac
1032 4042 1187 4095 nobis
1234 4040 1499 4095 sententia
1551 4037 1814 4103 exponit:
1858 4052 1875 4085 ι
1916 4033 2029 4088 Non
2075 4034 2217 4088 enim
2252 4049 2348 4102 per

771 4134 966 4202 legem,
1000 4132 1096 4193 ait,
1130 4130 1416 4199 promissio
1452 4126 1703 4187 Abrahm,
1745 4134 1803 4176 ut
1842 4123 1956 4193 ipse
2004 4122 2176 4177 haeres
2203 4132 2347 4176 esset

772 4222 978 4290 mundi,
1025 4222 1117 4274 sed
1171 4234 1267 4289 per
1312 4218 1573 4285 justitiam
1630 4216 1751 4270 ﬁdei
1775 4216 1861 4280 ";
1908 4235 1926 4268 ι
1983 4224 2036 4270 et
2088 4231 2345 4269 rursum:

778 4332 796 4364 ι
833 4312 998 4383 Igitur
1027 4312 1117 4380 qui
1159 4327 1222 4364 ex
1269 4309 1371 4362 [ide
1403 4318 1547 4372 sunt,
1593 4306 1753 4375 120
1800 4307 2187 4360 benedicentur
2226 4319 2347 4359 cum

776 4408 917 4461 tideli
946 4406 1219 4461 Abraham
1246 4405 1312 4457 '°.
1348 4422 1365 4453 ι
1412 4402 1469 4455 Si
1515 4402 1604 4454 Dei
1642 4414 1771 4469 ergo
1819 4397 2207 4467 promissiones
2255 4411 2352 4465 per

2433 1942 2513 2002 είς
2544 1938 2724 1992 πάντα
2768 1937 2836 1989 τὰ
2877 1936 3006 2008 ἔθνη
3048 1933 3459 2007 γνωρισθέντος.
3486 1934 3645 2003 Μόνῳ
3679 1930 3845 2001 σοφῷ
3879 1930 4017 1999 Θεῷ.

2432 2026 2519 2079 διὰ
2552 2025 2726 2097 Ἰησοῦ
2757 2025 3014 2095 Χριστοῦ,
3040 2017 3085 2093 ᾦ
3112 2026 3146 2096 ἠ
3176 2024 3300 2088 δόξα
3325 2023 3505 2077 καὶτὸ
3534 2023 3733 2093 κράτος
3763 2022 3859 2084 είς
3900 2020 4022 2081 τοὶς

2435 2118 2636 2181 αίῶνας
2661 2116 2771 2171 τῶν
2791 2116 3020 2171 αίὼνων.
3038 2117 3230 2187 Ἀμήν.
3262 2134 3279 2166 ι
3302 2115 3430 2169 Ἰδοὺ
3454 2114 3517 2183 δὴ
3539 2112 3722 2181 σαφῶς
3748 2112 3820 2163 τὸ
3847 2112 4023 2177 E637-

2435 2209 2613 2277 γέλιον
2651 2209 2745 2262 καὶ
2774 2208 2835 2261 τὸ
2862 2210 3125 2281 κήρυγμα
3166 2206 3340 2277 Ἰησοῦ
3367 2202 3600 2275 Χριστοῦ
3631 2219 3810 2273 φησιν
3842 2199 4017 2255 εἶναι·

2436 2301 2529 2354 καὶ
2554 2300 2861 2370 κεκρύφθαι
2891 2300 2991 2371 μὲν
3019 2300 3079 2351 τὸ
3106 2298 3191 2351 ἐπ’
3220 2296 3370 2367 αὸτῷ
3396 2296 3717 2366 μυστήριον,
3742 2294 3853 2345 καὶ
3883 2310 4021 2345 σεσε-

2436 2392 2634 2463 γῆσθαι
2667 2392 2889 2462 χρόνοις.
2917 2392 3175 2453 αἰωνίοις,
3215 2387 3666 2456 ἀποκαλυφθῆναι
3702 2385 3761 2437 δὲ
3796 2384 3905 2437 νῦν
3951 2387 4020 2445 εἰς

2438 2483 2682 2552 ὑπακοὴν
2712 2483 2947 2545 πίστεως
2974 2484 3054 2544 είς
3092 2480 3269 2533 πάντα
3312 2480 3379 2532 τά
3407 2477 3556 2547 έθνη.
3592 2474 3888 2545 Ἐστράφη
3924 2476 4021 2543 γὰρ

2438 2575 2515 2634 είς
2539 2571 2776 2643 Χριστὸν
2798 2570 2869 2623 τὰ
2892 2570 3017 2639 ἔθνη
3045 2569 3147 2639 τῆς
3169 2567 3518 2638 ψευδωνύμου
3545 2565 3808 2633 λατρείας
3826 2565 4023 2635 ἐξῃρη-

2441 2663 2600 2732 μένα,
2632 2660 2727 2713 καὶ
2759 2660 2836 2723 ὡς
2865 2658 2998 2712 Θεὸν
3025 2658 3188 2712 αὑτὸν
3216 2656 3569 2725 έπεγνωκότα
3596 2653 3687 2707 τδν
3718 2653 3897 2723 φύσει
3938 2657 4023 2707 καὶ

2437 2751 2673 2822 ἀληθῶς.
2698 2749 2809 2805 Καὶ
2853 2750 2901 2803 εί
2943 2748 3131 2817 σαφῶς
3158 2747 3245 2800 διὰ
3282 2744 3456 2817 Ἰησοῦ
3486 2745 3721 2817 Χριστοῦ
3766 2745 4023 2813 ἐγνώσθη

2437 2843 2591 2907 Θεὸς,
2637 2841 2756 2906 πῶς
2801 2842 2861 2895 οὐ
2901 2842 3046 2911 μέγα
3079 2840 3140 2893 τὺ
3176 2836 3412 2908 Χριστοῦ
3465 2837 3806 2907 μυστήριον;
3865 2837 3931 2888 El
3974 2836 4024 2887 δὲ

2439 2936 2639 2987 νοεῖται
2697 2932 2820 2986 καθ’
2860 2934 3006 3002 ἡμᾶς
3058 2930 3349 3000 ἄνθρωπος
3405 2927 3613 2990 ἁπλῶς,
3661 2925 3755 2979 καὶ
3792 2926 3927 2995 οὐχὶ
3972 2926 4022 2977 δὲ

2442 3020 2642 3091 μᾶλλον
2673 3019 2807 3083 Θεὸς
2831 3018 3291 3090 ἑνηνθρωπηκὼς,
3322 3016 3507 3069 οὐκέτι
3537 3015 3699 3085 σοφὸν
3722 3013 3782 3066 τὸ
3810 3017 4023 3085 μυστή-

2446 3128 2579 3179 ριον.

2520 3420 2539 3454 ι
2570 3402 2726 3470 Λέγω
2760 3401 2867 3473 γὰρ
2897 3402 3131 3475 Χριστὸν
3156 3402 3402 3455 διάκονον
3446 3397 3768 3471 γεγενῆσθαι
3801 3417 4025 3470 περιτο-

2446 3495 2553 3565 μῆς
2585 3496 2725 3565 ὑπὲρ
2760 3494 3014 3565 ἀληθείας
3047 3494 3204 3557 Θεοῦ,
3238 3495 3317 3556 είς
3366 3493 3428 3546 τὸ
3478 3492 3769 3562 βεϐαιῶσαι
3800 3494 3906 3555 τὰς
3938 3494 4028 3544 έπ-

2443 3588 2703 3657 αγγελίας
2757 3586 2866 3639 τῶν
2916 3587 3197 3657 πατέρων’
3251 3585 3320 3637 τὰ
3369 3584 3425 3637 δὲ
3471 3585 3599 3653 ἔθνη
3647 3584 3784 3653 ὑπὲρ
3843 3585 4025 3645 ἐλέους

2443 3680 2663 3743 δοξάσαι
2690 3678 2782 3731 τὸν
2809 3678 2962 3731 Θεόν.
3002 3677 3315 3746 Γέγραπται
3349 3677 3482 3746 γὰρ,
3511 3677 3593 3728 ὃτι
3638 3693 3654 3725 ι
3704 3675 4025 3727 Ἐπίστευσε

2444 3771 2499 3823 δὲ
2533 3768 2785 3839 Ἀϐραὰμ
2816 3768 2892 3837 τῷ
2921 3766 3063 3836 Θεῷ,
3091 3767 3185 3819 καὶ
3222 3766 3477 3837 ἐλογίσθη
3518 3766 3664 3834 αὐτῷ
3708 3767 3788 3827 είς
3814 3766 4025 3817 δικαιο-

2448 3860 2629 3931 σύνην.
2668 3879 2685 3911 ι
2724 3861 2951 3930 Εἴρηται
2996 3859 3051 3912 δὲ
3101 3859 3239 3929 πρὸς
3270 3860 3450 3923 αὑτὸν,
3480 3860 3561 3912 ὅτι
3596 3878 3613 3910 ι
3638 3857 4025 3929 Ἐνευλογηθή-

2450 3970 2627 4006 σονται
2659 3954 2716 4006 ὲν
2749 3952 2831 4005 σοὶ
2866 3953 3037 4005 πᾶσαι
3073 3953 3129 4004 αἱ
3177 3952 3342 4021 φυλαὶ
3386 3952 3485 4022 τῆς
3531 3952 3652 4022 γῆς.
3689 3972 3706 4002 ι
3736 3952 3802 4005 Ὃ
3832 3952 3897 4024 δὴ
3934 3956 4020 4006 καί

2449 4044 2616 4111 σαφὲς
2658 4044 2788 4115 ἡμῖν
2837 4043 3010 4097 ἐποίει
3060 4044 3234 4114 λέγων
3280 4046 3309 4098 6
3361 4044 3605 4106 Παῦλοςο
3639 4061 3657 4093 ι
3691 4044 3766 4096 Οὐ
3802 4045 3912 4113 γὰρ
3943 4045 4024 4097 διὰ

2448 4137 2611 4206 νόμου
2640 4137 2672 4203 ἡ
2709 4134 3012 4204 ἐπαγγελία
3052 4134 3130 4206 τῷ
3164 4136 3433 4207 Ἀϐραὰμ,
3464 4136 3543 4197 είς
3588 4134 3649 4185 τὸ
3690 4133 4025 4204 κληρονόμον

2448 4228 2610 4283 αὐτὸν
2642 4224 2781 4283 εἶναι
2818 4229 3048 4299 κόσμου,
3077 4228 3213 4283 ἀλλά
3258 4228 3347 4281 διὰ
3395 4224 3745 4296 δικαιοσύνης
3801 4227 3898 4279 καὶ
3941 4229 4023 4278 πί-

2452 4331 2640 4378 στεως.
2672 4332 2691 4367 ο
2733 4314 2841 4367 Καὶ
2895 4316 3094 4369 πάλινο
3147 4316 3340 4369 «Ὥστε
3387 4317 3433 4368 οί
3477 4316 3541 4367 ὲκ
3588 4314 3830 4378 πίστεως
3884 4316 4024 4367 εὐλο-

2450 4402 2671 4471 γοῦνται
2708 4405 2806 4458 σὺν
2833 4405 2912 4476 τῷ
2948 4405 3126 4476 πιστῷ
3162 4406 3430 4477 Ἁϐραάμ.
3462 4425 3481 4458 ι
3518 4404 3729 4459 Οὐκοῦν
3756 4407 3803 4459 εί
3849 4408 3914 4461 ὲκ
3944 4411 4023 4459 πίε

775 4500 931 4553 tldem
979 4498 1225 4567 patribus
1259 4498 1615 4553 obvenerunt,
1642 4491 1892 4545 Christus
1932 4502 2061 4542 vero
2108 4489 2339 4542 ntinislel

2456 4512 2623 4558 στεως
2670 4497 2724 4548 αί
2772 4496 3099 4564 ἐπαγγελίαι
3148 4496 3377 4551 δίδονται
3417 4500 3530 4559 τοῖς
3577 4498 3824 4567 πατράσι
3887 4502 4022 4570 παρὰ

775 4596 950 4644 luctus
982 4566 1092 4653 est,
1130 4588 1229 4641 hoc
1256 4597 1337 4640 est
1363 4585 1650 4647 mediator,
1692 4584 1756 4635 ad
1792 4580 2087 4635 firmandas
2114 4579 2339 4649 promis-

2454 4584 2611 4650 Θεοῦ,
2651 4586 2839 4654 γέγονε
2894 4587 3073 4640 τοίνυν
3114 4588 3358 4652 διάκονος
3400 4590 3429 4641 ό
3480 4566 3739 4659 Χριστὸς,
3785 4566 4024 4644 τουτέστι

775 4686 955 4738 siones
982 4679 1226 4750 patribus
1253 4694 1282 4732 a
1312 4679 1418 4732 Deo
1448 4677 1637 4740 factas,
1662 4691 1852 4744 nempe
1876 4674 2345 4743 justiﬁeationem,

775 4791 894 4843 ψιίε
920 4789 1014 4844 per
1046 4773 1204 4826 lidem
1237 4770 1511 4823 obtinetur
1544 4769 1744 4837 (factus
1780 4778 1864 4821 est
1898 4778 2074 4820 autem
2100 4765 2349 4821 Christus

778 4867 1043 4928 minister,
1074 4864 1177 4918 hoc
1209 4870 1292 4917 est
1316 4862 1604 4924 mediator,
1631 4874 1734 4912 non
1768 4868 1824 4911 ut
1851 4859 2005 4911 alteri
2040 4859 2195 4913 ﬁdem
2223 4874 2349 4911 con-

780 4958 1009 5020 ciliaret,
1048 4956 1139 5009 sed
1165 4964 1222 5007 ut
1254 4954 1355 5007 sibi
1394 4951 1493 5022 ipsi
1522 4961 1577 5005 et
1618 4950 1763 5003 Patri
1804 4964 1898 5018 per
1926 4950 2226 5018 seipsum):
2264 4950 2348 5002 cui

781 5049 999 5101 dubimn
1030 5063 1148 5101 esse
1176 5057 1370 5117 potest,
1400 5045 1529 5117 quin
1574 5058 1732 5097 verus
1778 5043 2071 5096 secundum
2104 5052 2349 5092 naturam

783 5138 925 5192 Deus
959 5140 1217 5192 exsistat?
1251 5139 1379 5191 Nam
1416 5148 1471 5192 ut
1500 5139 1687 5192 beatus
1712 5134 1982 5187 Abraham
2023 5129 2351 5200 justiﬁeatus

782 5242 869 5286 est
897 5230 949 5284 in
987 5229 1151 5282 Deum
1186 5234 1431 5297 credens,
1490 5231 1561 5285 ita
1608 5239 1795 5302 gentes
1840 5237 2055 5295 quoque
2090 5220 2353 5293 iustiﬁca-

852 5436 899 5467 “
924 5434 1081 5489 Rom.
1113 5446 1167 5495 χ,
1197 5426 1349 5481 6-ιι.

788 5506 831 5536 ³³
857 5506 1028 5559 Galat.
1062 5518 1143 5566 III,
1179 5501 1233 5553 9.

1439 5428 1503 5457 W
1531 5428 1688 5492 Rom,
1739 5443 1849 5495 xvr,
1884 5425 2075 5479 εις-97.

2189 5422 2229 5452 ’⁵⁷
2260 5422 2416 5476 Rutn.
2450 5436 2535 5485 xv,
2569 5420 2623 5486 8,
2667 5422 2734 5485 9;
2779 5436 2849 5485 ιν,
2883 5421 2936 5473 5.
3016 5421 3217 5479 M'Gen.
3266 5441 3362 5493 xu,
3408 5427 3463 5482 3.

2458 4676 2704 4745 μεσίτης,
2739 4678 2818 4741 είς
2862 4676 2923 4729 τὸ
2964 4676 3258 4747 βεϐαιῶσαι
3299 4678 3397 4743 τὰς
3423 4679 3759 4749 ἐπαγγελίας
3796 4681 3898 4746 τὰς
3930 4684 4023 4740 τοῖς

2458 4768 2699 4838 πατράσι
2724 4768 2970 4833 δοθείσας
3002 4771 3152 4839 παρά
3179 4769 3337 4835 Θεοῦ,
3368 4771 3616 4826 τουτέστι
3650 4773 3769 4844 ⁴τὴν
3807 4773 3905 4826 διὰ
3952 4773 4023 4821 πί·

2460 4877 2631 4923 στεως
2669 4860 2969 4916 δικαίωσιν.
3008 4861 3202 4931 Γέγονε
3242 4862 3421 4918 τοίνυν
3449 4862 3699 4925 διάκονος
3727 4865 3756 4915 6
3784 4863 4021 4931 Χριστὸς.

2459 4952 2706 5004 τουτέστι
2738 4952 2988 5022 μεσίτης,
3024 4952 3122 5023 οὐχ
3144 4952 3220 5016 ὡς
3247 4954 3418 5023 ἑτέρῳ
3440 4954 3541 5023 τὴν
3569 4953 3760 5005 πίστιν
3790 4968 4023 5022 πραγμα-

2460 5043 2771 5109 τευόμενος,
2799 5042 2914 5094 ἀλλ’
2942 5042 3016 5107 ὡς
3050 5041 3228 5111 ἑαυτῷ
3258 5044 3459 5112 μᾶλλον
3494 5042 3589 5095 καὶ
3636 5040 3705 5093 δι’
3738 5042 3933 5096 ἑαυτοῦ
3964 5043 4023 5111 τῷ

2462 5132 2656 5199 Πατρί.
2703 5132 2834 5195 Θεὸς
2864 5134 2972 5203 ἀρα
3004 5132 3147 5186 κατὰ
3185 5132 3345 5199 φύσιν
3367 5132 3505 5189 ὲστί.
3545 5132 3906 5189 Δεδικαίωται
3937 5137 4025 5204 γὰρ

2461 5222 2487 5271 6
2528 5223 2795 5293 μακάριος
2832 5223 3084 5293 Ἀϐραὰμ
3133 5224 3516 5289 πεπιστευκὼς
3554 5225 3635 5289 είς
3684 5226 3856 5281 Θεόν·
3907 5230 4024 5282 οῦτω

3560 5427 3606 5461 δ’
3633 5428 3793 5487 Rom.
3849 5448 3921 5497 tv,
3956 5428 4020 5481 13.

1889 5654 2058 5708 Varizc
2086 5652 2347 5707 lectiones
2370 5653 2575 5707 endit-is
2606 5650 2964 5721 Seguieriani.

871 5850 907 5871 ι
944 5842 1239 5911 ὑποταγὴν.
