4122 6562
209 502 343 557 ιὸἐῧ

1284 498 1368 551 DE
1408 499 1629 554 IiECTA
1671 498 1824 554 FIDE
1862 499 1951 555 AD
1990 498 2302 555 REGINAS.

3285 505 3305 558 1
3318 506 3420 558 526

201 612 258 665 δὲ
288 613 381 665 καὶ
423 612 488 667 τὰ
515 612 639 683 ἔθνη
678 611 1011 666 δικαιωθεῖεν
1042 611 1107 665 ἃν
1139 613 1197 665 ἐν
1227 613 1393 681 αὐτῷ,
1421 616 1532 675 τοῖς
1566 616 1762 685 ἴχνεσιν

1883 625 2065 669 runtur
2097 617 2149 670 in
2178 617 2316 686 ipso,
2347 616 2390 671 si
2421 616 2662 686 vestigiis
2696 615 2837 672 illius
2871 615 3089 683 innixae,
3125 616 3179 671 in
3214 617 3382 672 Deum

204 705 368 757 αὐτοῦ
415 705 978 772 κατακολουθήσαντα,
1013 704 1106 757 καὶ
1161 705 1217 755 ὲν
1260 702 1378 773 Θεῷ
1423 704 1761 768 πιστεύοντα,

200 796 447 851 τουτέστι
484 795 723 866 Χριστῷ.

435 907 529 958 Ἐκ
567 904 677 971 τῆς
716 905 865 973 πρὸς
903 907 1250 976 Κορινθίους
1287 904 1547 974 πρώτης.

279 1038 297 1068 ι
326 1018 434 1069 Καὶ
485 1014 657 1071 ταῦτὰ
709 1034 850 1083 τινες
898 1014 995 1089 ἦτε
1020 1036 1034 1050 '
1090 1018 1206 1073 ἀλλ’
1233 1016 1621 1081 ἀπελούσασθε,
1654 1018 1765 1070 ἀλλ’

196 1108 522 1176 ἡγιάσθητε,
552 1107 667 1161 ἀλλ’
698 1110 1053 1183 ἐδικαιώθητε
1095 1113 1152 1164 ὲν
1180 1110 1256 1181 τῷ
1284 1110 1504 1180 ὀνόματι
1537 1110 1627 1163 τοῦ
1661 1112 1767 1164 Κυ-

199 1199 319 1266 ρίου
354 1196 528 1267 Ἰησοῦ
559 1199 815 1271 Χριστοῦ,
849 1202 941 1255 καὶ
986 1202 1044 1253 δν
1072 1200 1151 1269 τῷ
1181 1196 1455 1269 Πνεύματι
1498 1200 1591 1253 τοῦ
1633 1198 1765 1253 Θεοῦ

195 1287 377 1357 ἡμῶν.
412 1307 430 1340 ι
474 1289 537 1342 Ei
562 1291 619 1343 ὲν
647 1291 725 1363 τῷ
752 1291 975 1361 ὀνόματι
1005 1289 1099 1342 τοῦ
1128 1289 1363 1358 Χριστοῦ
1390 1289 1765 1361 δικαιούμεθα,

191 1379 275 1442 ὡς
301 1378 430 1433 Θεὸν
459 1384 525 1453 τῇ
557 1383 733 1437 πίστει
766 1383 1115 1452 τιμήσαντες,
1145 1382 1238 1434 καὶ
1264 1381 1324 1433 τὸ
1355 1380 1517 1435 αὐτοῦ
1542 1381 1767 1451 Πνεῦμα

192 1471 499 1541 δεχόμενοι,
533 1474 651 1540 πῶς
680 1475 739 1527 οὐ
769 1473 902 1537 Θεὸς
928 1473 957 1526 6
984 1474 1250 1546 Χριστός;

528 1608 624 1660 Ἐκ
662 1605 772 1674 τῆς
807 1609 955 1676 πρὸς
991 1608 1335 1674 Κορινθίους
1368 1606 1449 1669 β’.

277 1758 296 1790 ι
327 1738 389 1790 Ei
416 1744 515 1806 μεν
539 1737 648 1807 γάρ
666 1740 695 1791 6
721 1740 1013 1809 ἐρχόμενος
1031 1738 1217 1807 ἕτερον
1247 1736 1452 1808 Ἰησοῦν
1481 1737 1765 1809 κηρύσσει,

190 1830 261 1881 ὃν
302 1829 401 1880 οὐκ
452 1827 829 1899 ἐκηρύξαμεν,
880 1829 912 1899 ἢ
967 1829 1183 1899 πνεῦμα
1226 1830 1412 1899 ἕτερον
1444 1828 1766 1899 λαμσάνετε,

194 1917 336 1986 παρ’
362 1916 390 1967 ὃ
424 1915 641 1970 ἐλάϐετε
666 1932 680 1947 °
716 1919 748 1989 ἢ
779 1918 1114 1987 Εὐαγγὲλιον
1142 1919 1350 1990 ἕτερον,
1380 1920 1507 1989 παρ’
1534 1919 1563 1972 ὃ
1586 1919 1768 1984 ἐδέξαο

196 2010 319 2061 σθεο
348 2008 526 2072 καλῶς
574 2010 874 2079 ἀνείχεσθε.
910 2028 928 2062 ι
980 2010 1092 2081 Πρὸ
1130 2010 1239 2063 τῶν
1277 2010 1378 2080 τῆς
1421 2010 1767 2083 ὲνανθρωπή-

199 2115 346 2160 σεως
369 2099 574 2171 καιρῶν
602 2100 776 2162 οὐδεὶς
803 2099 1075 2168 ὀνομάσας
1103 2101 1415 2173 εὑρίσκεται
1433 2101 1524 2156 τὸν
1545 2103 1609 2156 ὲκ
1631 2102 1765 2155 Θεοῦ

196 2186 398 2253 Λόγον,
416 2188 619 2258 Ἰησοῦν
639 2189 673 2259 ἢ
694 2189 925 2259 Χριστόν
949 2206 963 2221 ο
987 2192 1035 2245 εί
1055 2191 1129 2263 μὴ
1157 2192 1264 2262 ἄρα
1293 2193 1433 2246 κατὰ
1462 2193 1767 2264 πρόγνωσιν

194 2278 705 2350 ὀνομασθησόμενον
732 2279 890 2334 τοῦτο
920 2282 1061 2336 κατὰ
1086 2287 1327 2353 καιροὺς,
1354 2284 1441 2337 ὅτε
1463 2285 1558 2339 καὶ
1575 2286 1766 2353 γέγονε

201 2363 580 2435 σάρξ.⁹ονομα
614 2367 791 2422 τοίνυν
828 2370 1011 2422 καινὸν
1044 2370 1191 2439 αὐτῷ
1220 2372 1297 2430 τὸ.
1316 2372 1541 2442 Ἰησοῦς,
1562 2373 1651 2427 ὅτε
1680 2374 1771 2441 γέ-

198 2472 365 2521 γονεν
414 2458 716 2527 ἄνθρωπος.
736 2460 873 2513 Ἀλλ’
906 2464 954 2515 εί
1004 2460 1104 2531 μὲν
1133 2462 1208 2526 ὡς
1246 2463 1377 2528 Θεὸς
1414 2464 1767 2535 κηρύσσεται,

201 2546 305 2598 καὶ
331 2541 411 2609 εἷς
438 2547 511 2600 ὢν
542 2548 623 2619 (οὐ
659 2549 765 2620 γὰρ
796 2550 981 2621 ἕτερός
1008 2570 1091 2617 τις
1117 2555 1246 2625 παρ’
1276 2555 1458 2629 αὐτὸν,
1489 2556 1547 2609 δν
1578 2556 1770 2611 δύναν-

200 2655 300 2690 ται
330 2640 563 2708 κηρῦξαι
601 2642 786 2710 τινὲς).
810 2638 869 2696 εὖ
894 2644 960 2697 ἂν
992 2644 1125 2714 ἔχοι,
1152 2647 1246 2699 καὶ
1274 2646 1393 2717 Θεῷ
1418 2647 1767 2719 λατρεύομεν.

207 2729 276 2779 Ei
312 2728 369 2779 δὲ
400 2730 598 2799 μέτρον
625 2731 771 2800 αὐτῷ
795 2733 855 2785 τὸ
877 2735 974 2803 τῆς
1001 2735 1419 2807 ἀνθρωπότητός
1442 2737 1557 2790 ἐστι
1590 2738 1770 2807 μόνον,

204 2817 309 2869 καὶ
352 2817 481 2888 ψιλῇ
527 2820 831 2887 προσώπων
876 2823 1067 2877 ἑνώσει
1118 2826 1436 2897 τετίμηται·
1479 2828 1775 2882 κεκένωται

202 2906 312 2972 τῆς
340 2907 569 2972 πίστεως
590 2910 745 2979 ἡμῶν
769 2914 795 2965 6
822 2911 1270 2984 λόγος,ἀνθρώπῳ
1294 2916 1581 2987 προσάγων
1603 2917 1772 2986 ἡμᾶς,

207 2993 308 3045 καὶ
333 2994 392 3047 οὐ
421 2995 558 3066 Θεῳ.
577 2998 735 3053 Ἀλλὰ
756 3000 911 3054 τοῦτο
941 3003 1215 3068 δυσσεϐὲς.
1243 3004 1373 3069 Θεὸς
1394 3006 1502 3075 ἄρα
1522 3004 1777 3075 Χριστὸς,

210 3084 313 3136 καὶ
342 3085 489 3150 Υἱὸς,
521 3090 598 3154 ὡς
624 3091 718 3145 τοῦ
744 3091 879 3147 Θεοῦ
915 3095 1089 3164 Λόγου
1124 3097 1325 3168 σαρκὸς
1354 3096 1659 3166 γεγονότος.

1869 706 1969 761 hoc
2001 716 2084 760 est
2116 708 2166 762 in
2196 708 2472 763 Christum
2495 706 2843 762 crediderim.

2275 902 2357 956 Ex
2388 907 2553 973 priori
2591 904 2659 959 ad
2694 904 3016 959 Corinthios.

1942 1024 1960 1056 ι
1991 1003 2055 1058 Ει
2106 1004 2220 1061 haec
2264 1008 2477 1075 quidam
2536 1010 2757 1066 fuistis:
2790 1011 2883 1066 sed
2930 1010 3097 1065 abluti
3143 1013 3297 1079 estis,
3331 1018 3422 1071 sed

1865 1096 2187 1151 sanctiﬁcati
2208 1098 2741 1165 estis,sedjustiiicati
2758 1104 2891 1157 estis
2908 1104 2959 1157 in
2982 1102 3198 1158 nomine
3218 1106 3424 1161 Domini

1868 1187 2035 1242 nostri
2063 1185 2187 1243 Jesu
2216 1187 2439 1256 Christi,
2474 1198 2528 1244 et
2553 1190 2603 1244 in
2622 1190 2821 1261 Spiritu
2847 1193 2939 1247 Dei
2967 1198 3131 1249 nostri
3162 1194 3262 1248 ιι.»
3291 1195 3424 1249 Cum

1869 1277 1921 1331 in
1947 1278 2161 1333 nomine
2181 1278 2383 1335 Christi
2404 1280 2777 1348 justiﬁeemur,
2800 1296 3028 1351 eumque
3054 1282 3157 1337 iide
3179 1294 3237 1337 ut
3260 1283 3423 1338 Deum

1868 1383 2207 1437 veneremur,
2237 1372 2586 1440 ejusdemque
2621 1371 2823 1441 Spiritu
2858 1373 3268 1443 locupletemur,
3300 1390 3427 1445 quo-

1870 1460 2025 1516 modo
2060 1476 2162 1517 non
2195 1462 2299 1517 erit
2336 1460 2478 1517 Deus
2500 1462 2793 1519 Christus?

2226 1594 2308 1648 Ea:
2335 1597 2612 1660 posteriori
2640 1599 2707 1650 ad
2748 1596 3068 1655 Corinthios.

1945 1743 1962 1774 ι
2003 1723 2134 1779 Nam
2164 1724 2207 1779 si
2239 1724 2284 1779 is
2336 1724 2428 1795 qui
2475 1725 2641 1791 venit,
2691 1727 2855 1782 alium
2910 1729 3095 1785 Jesum
3146 1734 3422 1802 praedicat,

1868 1830 2024 1884 quem
2051 1831 2154 1871 non
2186 1816 2630 1886 praedicavimus,
2663 1827 2755 1873 aut
2778 1819 2962 1876 alium
2995 1822 3238 1890 spiritum
3278 1828 3423 1881 acci—

1869 1906 2014 1974 pitis,
2049 1920 2207 1976 quem
2241 1922 2344 1961 non
2375 1909 2699 1978 accepistis:
2734 1919 2828 1964 aut
2869 1910 3011 1965 aliud
3056 1912 3422 1986 Evangelium.

1870 1999 2009 2067 quod
2061 2014 2165 2053 non
2217 1998 2497 2069 recepistis
2529 2017 2544 2054 :
2574 2010 2717 2055 recte
2769 2004 3172 2071 pateremini".
3221 2026 3239 2059 ι
3288 2010 3429 2064 Ante

1875 2088 1963 2143 Dei
1997 2086 2229 2145 Verbum
2262 2090 2597 2147 incarnatum
2629 2092 2805 2147 nullus
2846 2106 3152 2163 compertus
3182 2109 3295 2161 est,
3336 2102 3428 2169 qui

1872 2190 1965 2234 aut
2018 2180 2221 2243 Jesum,
2272 2191 2365 2237 aut
2416 2181 2695 2237 Christum
2747 2182 2875 2237 illud
2932 2187 3272 2255 nominaret;
3325 2190 3428 2243 nisi

1873 2270 2139 2340 quispiam
2180 2271 2356 2327 forsan
2392 2273 2689 2327 futurorum
2714 2275 2966 2341 praescius
3007 2277 3155 2341 olim,
3184 2292 3306 2333 cum
3347 2282 3399 2334 ni

1878 2362 2070 2416 mirum
2100 2376 2228 2424 caro
2258 2364 2456 2417 factum
2493 2372 2655 2428 esset,
2697 2365 2798 2419 hoc
2845 2366 3059 2421 nomine
3106 2369 3424 2437 appellatum

1877 2452 1942 2507 iri
1978 2456 2301 2521 praedixerit.
2332 2453 2536 2511 Nomen
2582 2456 2683 2511 hoc
2721 2455 2905 2524 itaque
2932 2454 3125 2519 Jesus.
3155 2459 3315 2512 simul
3346 2467 3429 2516 at-

1877 2559 1981 2611 que
2008 2545 2201 2599 factum
2231 2554 2312 2600 est
2338 2546 2520 2611 homo,
2546 2560 2739 2601 novum
2771 2547 3078 2617 impositum
3107 2558 3190 2603 est
3223 2549 3317 2603 illi.
3364 2552 3434 2604 At

1881 2650 2006 2690 vero
2043 2637 2087 2691 si
2116 2645 2175 2690 ut
2205 2635 2344 2692 Deus
2374 2637 2489 2691 orbi
2514 2638 2876 2702 annuntiatur,
2907 2648 2962 2694 et
2991 2654 3129 2694 unus
3160 2640 3432 2695 nihilomi-

1880 2741 1980 2780 nus
2004 2736 2089 2780 est
2119 2727 2316 2796 (neque
2345 2727 2486 2781 enim
2521 2738 2605 2782 est
2626 2727 2761 2782 alius
2792 2737 2981 2797 praeter
3005 2729 3175 2795 illum,
3214 2732 3303 2801 qui
3339 2748 3435 2785 an-

1879 2817 2111 2870 nuntiari
2150 2817 2361 2886 possit),
2396 2818 2531 2872 bene
2554 2832 2642 2873 res
2679 2818 2857 2873 habet.
2909 2820 3018 2875 Deo
3043 2823 3184 2876 enim
3228 2825 3433 2879 servire

1879 2908 2200 2963 invenimur.
2226 2908 2377 2974 Quod
2414 2908 2458 2961 si
2488 2922 2615 2963 vero
2641 2908 2767 2963 solae
2794 2909 3043 2966 humanm
3072 2923 3279 2968 naturae
3307 2928 3439 2970 con-

1880 3001 2110 3055 ditiones
2149 3002 2200 3054 in
2230 3000 2377 3055 illum
2401 3000 2748 3065 conveniunt,
2781 3015 2877 3055 nec
2905 3001 3063 3057 aliam
3092 3003 3161 3057 ob
3191 3017 3435 3070 causam,

1880 3107 2040 3160 quam
2077 3100 2296 3161 propter
2333 3092 2528 3146 nudam
2554 3090 2699 3147 illam
2744 3091 3147 3163 simplicemque
3183 3108 3439 3164 persona-

214 3191 339 3229 rum
379 3182 687 3239 societatem
733 3187 926 3242 colitur
964 3203 979 3240 :
1027 3189 1201 3246 inanis
1243 3192 1483 3260 proiecto
1519 3200 1603 3247 est
1656 3190 1776 3246 ildei
1819 3201 2017 3244 nostra:
2059 3187 2219 3252 ratio,
2285 3195 2340 3240 ut
2384 3201 2503 3256 quae
2540 3200 2643 3240 non
2676 3186 2785 3242 Deo
2819 3201 2916 3242 nos
2988 3186 3309 3258 coniungat,
3345 3192 3437 3245 sed

217 3273 446 3330 homini.
484 3278 642 3348 Atqui
682 3280 794 3336 haec
819 3282 1056 3338 doctrina
1097 3297 1180 3339 est
1244 3284 1401 3354 plane
1448 3284 1629 3355 impia.
1672 3284 1813 3340 Deus
1886 3284 2067 3352 itaque
2106 3279 2374 3337 Christus.
2415 3289 2469 3335 et
2512 3279 2712 3345 Filius;
2756 3296 2875 3336 cum
2919 3279 3154 3337 Verbum
3197 3283 3268 3338 sit
3314 3300 3441 3339 caro

216 3369 445 3423 tactum.

624 3482 725 3537 Ἐκ
762 3483 868 3552 τῆς
906 3487 1054 3554 πρὸς
1089 3489 1385 3554 Γαλάτας.

302 3614 321 3648 ι
352 3594 646 3665 Θαυμάζω,
693 3596 775 3650 ὅτι
821 3597 963 3652 οὕτω
1009 3600 1217 3669 ταχέως
1276 3600 1629 3671 μετατίθεσθε
1678 3600 1785 3654 ἀπὸ

224 3684 319 3739 τοῦ
359 3686 684 3749 καλέσαντος
712 3689 854 3759 ὑμᾶς
894 3692 951 3743 ὲν
993 3692 1172 3761 χάριτι
1205 3692 1461 3763 Χριστοῦ,
1492 3694 1572 3753 είς
1601 3694 1784 3764 ἕτερον

218 3777 587 3845 Εὐαγγέλιον”
630 3780 660 3831 ὃ
688 3780 787 3832 οὐκ
819 3779 962 3834 ἔστιν
1002 3783 1129 3837 ἄλλο
1152 3800 1166 3815 ’
1197 3786 1246 3837 εἰ
1292 3786 1366 3855 μή
1397 3785 1541 3849 τινές
1569 3786 1705 3838 εἰσιν
1736 3788 1783 3837 οἱ

215 3866 587 3936 ταράσσοντες
637 3868 820 3937 ὑμᾶς,
864 3872 958 3924 καὶ
1007 3872 1250 3936 θέλοντες
1307 3876 1674 3944 μεταστρέψαι
1725 3878 1785 3927 τὸ

220 3956 559 4026 Εὐαγγέλιον
587 3958 681 4011 τοῦ
707 3960 964 4031 Χριστοῦ.
992 3960 1151 4015 Ἀλλά
1175 3963 1269 4015 καὶ
1298 3962 1393 4015 ἐὰν
1419 3964 1599 4033 ἡμεῖς,
1625 3965 1658 4035 ἢ
1685 3965 1785 4032 ἄγα

217 4046 384 4113 γελος
409 4047 469 4111 ἐξ
498 4046 726 4116 οὐρανοῦ
753 4049 1173 4121 εὐαγγελίσηται
1202 4052 1330 4121 ὑμῖν
1358 4056 1482 4123 παρ’
1505 4053 1533 4105 ὃ
1560 4054 1787 4121 εὐηγγε-

219 4138 496 4207 λισάμεθα
537 4141 683 4209 ὑμῖν,
716 4141 960 4211 ἀνάθεμα
991 4142 1150 4197 ἔστωι
1182 4163 1200 4195 ι
1242 4146 1303 4197 El
1332 4145 1390 4197 ἓν
1415 4146 1562 4198 ἐστιν
1608 4146 1785 4213 Εὐαγ-

217 4228 407 4295 γὲλιον
448 4231 508 4282 τὸ
548 4229 772 4300 λαληθὲν
817 4233 1001 4306 ἁπάσῃ
1042 4237 1107 4305 τῇ
1151 4235 1242 4287 ὐπ’
1280 4236 1506 4305 οὐρανὸν
1546 4235 1633 4289 διὰ
1680 4237 1787 4290 τῶν

221 4318 401 4385 ἁγίων
447 4321 841 4389 μυσταγωγῶν,
872 4323 1030 4377 τοῦτο
1080 4324 1136 4377 δέ
1182 4326 1328 4379 ἐστιν
1356 4328 1389 4396 η
1425 4327 1607 4390 πίστις
1640 4328 1671 4397 ἡ
1708 4329 1787 4389 είς

220 4408 482 4479 Χριστόνο
514 4411 628 4474 πῶς
670 4414 731 4465 οὐ
778 4413 907 4477 Θεὸς
950 4416 1032 4485 εῑη
1082 4415 1149 4469 ἂν
1180 4416 1403 4489 ἀληθὴς,
1434 4418 1592 4489 εἴπερ
1639 4419 1786 4471 ἐστὶν

218 4498 520 4563 ἀναγκαῖον
546 4500 843 4569 ὁμολογεῖν,
873 4502 947 4567 ὡς
968 4505 1031 4557 ὲκ
1061 4504 1163 4572 τῆς
1190 4506 1422 4577 ἀρχαίας
1454 4507 1662 4579 πλάνης
1697 4526 1786 4563 κε-

220 4585 477 4656 κλήμεθα
508 4591 641 4659 πρὸς
669 4592 959 4660 ἐπίγνωσιν
985 4593 1079 4646 τοῦ
1107 4598 1246 4649 κατά
1269 4596 1429 4666 φύσιν
1450 4599 1600 4662 ὄντος
1619 4600 1783 4664 Θεοῦ;

215 4677 431 4747 Θαρσεῖ
457 4679 512 4731 δὲ
540 4680 791 4734 τοσοῦτον
822 4684 850 4734 6
886 4684 1151 4755 μακάριος
1184 4686 1415 4752 Παῦλος,
1449 4688 1524 4753 ὡς
1551 4691 1645 4743 καὶ
1688 4692 1789 4759 ἀγ-

217 4768 418 4836 γέλους
447 4769 880 4842 ἀναθεματίζειν,
906 4776 954 4827 εί
983 4774 1047 4844 δὴ
1079 4778 1507 4849 μεταστρέψειαν
1530 4781 1591 4834 τὸ
1610 4782 1786 4850 Εὐαγ-

219 4860 407 4927 γέλιον
442 4861 534 4913 τοῦ
570 4863 825 4932 Χριστοῦ.

306 4948 463 5000 «Ὅτε
499 4949 555 5000 δὲ
590 4950 886 5022 ηὐδόκησεν
914 4955 941 5006 6
973 4954 1102 5018 Θεὸς
1136 4957 1164 5008 6
1197 4958 1462 5029 ἀφορίσας
1493 4977 1559 5030 με
1587 4961 1649 5014 ἐκ
1681 4979 1786 5015 κοι-

217 5040 351 5100 λίας
382 5040 585 5109 μητρός
606 5059 728 5110 μου,
752 5044 1097 5115 ἀποκαλύψαι
1117 5048 1206 5101 τὸν
1230 5050 1355 5104 Υίὸν
1378 5052 1542 5106 αὐτοῦ
1567 5056 1624 5106 ὲν
1645 5054 1787 5125 ἐμοὶ,

220 5129 319 5182 ἵνα
359 5130 791 5201 εὐαγγελίζωμαι
821 5136 980 5189 αὐτὸν
1009 5139 1066 5190 ἐν
1095 5141 1208 5202 τοῖς
1245 5140 1471 5206 ἔθνεσιν,
1497 5144 1698 5209 εὐθέως
1730 5145 1790 5198 οὐ

226 5220 650 5291 προσανεθέμην
686 5225 847 5293 σαρκὶ
893 5226 985 5278 καὶ
1020 5228 1229 5297 αἵματι,
1262 5231 1382 5284 οὐδὲ
1434 5234 1663 5303 ἀνῆλθον
1711 5236 1790 5299 είς

239 5311 590 5380 Ἰεροσόλυμα
618 5315 751 5383 πρὸς
781 5314 905 5377 τοὺς
954 5317 1058 5387 πρὸ
1104 5319 1236 5389 ἐμοῦ
1268 5323 1614 5388 ἀποστόλους.
1652 5344 1670 5377 ι
1702 5326 1792 5396 Τῷ

231 5405 350 5470 γὰρ
397 5401 543 5466 ἆπαξ
589 5403 685 5472 τὴν
735 5406 799 5455 ὲκ
851 5406 985 5459 Θεοῦ
1034 5410 1243 5479 λαχόντι
1276 5415 1663 5483 μυσταγωγίαν
1698 5418 1792 5470 καὶ

221 5490 594 5558 ἀποκάλυψιν,
615 5492 712 5543 οὐκ
735 5492 844 5545 ἔδει
868 5495 966 5564 τῆς
984 5496 1040 5559 ἐξ
1065 5498 1365 5568 ἀνθρώπων
1394 5503 1787 5573 παιδαγωγίας.

224 5580 380 5648 Πλὴν
425 5580 599 5632 ἐκεῖνό
640 5598 838 5650 φαμεν·
868 5584 1003 5639 Τίνα
1032 5587 1377 5657 ἀπεκάλυψεν
1423 5593 1451 5643 6
1482 5592 1671 5665 Πατὴρ
1713 5594 1792 5665 τῷ

230 5670 490 5741 μακαρίῳ
521 5670 736 5741 Παύλῳ,
760 5672 793 5743 ἢ
824 5674 947 5728 τίνα
969 5678 1333 5747 προστέταχεν
1366 5682 1422 5733 ὲν
1442 5687 1552 5746 τοῖς
1581 5684 1790 5738 ἔθνεσιν

2214 3483 2364 3551 121
2404 3480 2486 3535 Ex
2522 3481 2758 3550 Epistota
2789 3485 2858 3539 ad
2891 3482 3125 3541 Galatas.

1962 3615 1979 3647 ι
2013 3594 2194 3660 Miror,
2235 3597 2374 3663 quod
2405 3595 2481 3649 sic
2518 3606 2625 3649 tam
2677 3597 2783 3651 cito
2836 3598 3218 3653 transferimini
3275 3601 3342 3655 ab
3378 3616 3444 3657 eo

1885 3689 1973 3757 qui
2001 3703 2095 3741 vos
2124 3688 2329 3742 vocavit
2379 3686 2429 3741 in
2468 3688 2693 3755 gratiam
2731 3688 2953 3752 Christi,
2993 3688 3044 3743 in
3089 3689 3230 3743 aliud
3268 3689 3444 3746 Evan-

1887 3778 2121 3847 gelium:
2163 3778 2300 3845 quod
2349 3792 2452 3831 non
2499 3787 2581 3832 est
2629 3776 2795 3844 aliud,
2824 3778 2925 3833 nisi
2976 3788 3103 3834 sunt
3132 3780 3322 3851 aliqui,
3351 3785 3441 3852 qui

1888 3882 1980 3921 vos
2024 3867 2371 3934 perturbant,
2421 3877 2474 3922 et
2511 3878 2829 3923 convertere
2874 3869 3059 3923 volunt
3098 3869 3442 3940 Evangelium

1886 3956 2107 4009 Christi.
2136 3954 2239 4010 Sed
2270 3956 2397 4010 licet
2433 3970 2551 4019 nos,
2588 3966 2681 4011 aut
2713 3959 2939 4028 angelus
2963 3959 3030 4013 de
3052 3960 3189 4015 coelo
3216 3976 3446 4031 evange—

1888 4045 2012 4101 lizet
2035 4047 2185 4100 vobis
2213 4056 2565 4116 praeterquam
2593 4051 2735 4117 quod
2763 4050 3245 4119 evangelizavimus
3272 4056 3443 4118 vobis,

1888 4137 2170 4189 anathema
2202 4136 2271 4191 sit
2290 4137 2356 4191 ⁸³.
2397 4156 2414 4188 ι
2458 4136 2705 4193 ὃίιυιιιιιιι
2729 4148 2933 4194 tantum
2966 4152 3047 4196 εει
3079 4141 3445 4210 Evangeliutn,

1891 4228 1941 4281 in
1976 4227 2227 4282 universo
2261 4238 2522 4283 terrarum
2558 4230 2687 4285 orbe
2713 4246 2808 4300 per
2851 4246 3035 4287 sacros
3072 4235 3445 4302 mysteriorum

1890 4319 2134 4375 doctores
2180 4321 2593 4390 deprazdicatum
2623 4362 2639 4387 ,
2690 4325 2790 4378 hoc
2836 4334 3013 4378 autem
3068 4336 3147 4378 est
3209 4326 3337 4379 tides
3398 4328 3447 4380 iu

1888 4407 2183 4477 Christum,
2230 4414 2498 4481 quomodo
2540 4414 2639 4468 hoc
2671 4430 2775 4468 non
2809 4425 2891 4469 est
2925 4429 3083 4468 verus
3131 4414 3315 4470 Deus?
3345 4416 3449 4470 Ne-

1888 4502 2000 4569 gari
2032 4502 2174 4556 enim
2202 4503 2351 4558 nullo
2384 4506 2539 4559 modo
2580 4515 2771 4573 potest,
2811 4507 2878 4559 ab
2915 4506 3134 4573 antiquo
3173 4523 3357 4561 errore
3386 4512 3450 4559 ad

1890 4592 2003 4644 veri
2053 4594 2423 4663 naturalisque
2478 4597 2569 4650 Dei
2622 4598 2948 4664 agnitionem
3002 4598 3292 4651 translatos
3356 4613 3452 4650 nos

1889 4696 2029 4737 esse.
2076 4682 2246 4738 Tanta
2283 4694 2461 4739 autem
2494 4696 2577 4740 est
2612 4686 2751 4741 beati
2781 4686 2926 4740 l'auli
2959 4686 3147 4743 ﬁducia
3169 4726 3183 4751 ,
3223 4698 3278 4741 ut
3308 4688 3453 4755 ipsos

1890 4775 2052 4829 etiam
2080 4777 2299 4846 angelos
2329 4778 2657 4832 anathemati
2686 4778 2951 4847 subjicere
3000 4794 3099 4832 non
3142 4780 3367 4844 dubitet,
3406 4783 3451 4834 si

1818 4846 1862 4901 Ῐ)
1891 4863 2029 4918 forte
2058 4864 2255 4922 Christi
2292 4867 2631 4935 Evangelium
2659 4846 2965 4935 pervertere
3001 4870 3344 4923 tentaveriut.

1971 4974 1990 5007 ι
2028 4957 2162 5011 Cum
2197 4968 2374 5014 autem
2409 4961 2607 5029 placuit
2640 4960 2736 5022 illi,
2780 4960 2870 5029 qui
2916 4974 2999 5014 me
3041 4962 3338 5029 segregavit
3384 4980 3449 5015 ex

1894 5057 2047 5102 utero
2076 5051 2264 5105 matris
2288 5066 2440 5116 meae,
2474 5062 2526 5105 ut
2568 5052 2831 5106 revelaret
2854 5049 3045 5105 Filium
3070 5069 3221 5104 suum
3258 5053 3308 5105 in
3344 5071 3449 5115 me,

1894 5146 1952 5191 ut
1982 5140 2405 5209 evangelizarem
2456 5141 2603 5194 illum
2649 5142 2699 5194 in
2742 5142 3006 5209 gentibus,
3040 5145 3294 5197 continuo
3348 5160 3449 5197 non

1894 5232 2136 5300 acquievi
2172 5234 2319 5286 carni
2352 5243 2404 5287 et
2446 5233 2689 5301 sanguini
2719 5251 2731 5286 :
2782 5249 2951 5303 neque
2991 5236 3108 5287 veni
3145 5232 3448 5304 Hierosoly-

1896 5338 2036 5376 mam
2086 5324 2152 5375 ad
2204 5334 2571 5378 antecessores
2612 5340 2757 5378 meos
2798 5325 3073 5391 aposwlos
3109 5326 3173 5378 “.
3233 5346 3249 5376 ι
3310 5325 3448 5380 Sane

1893 5413 1983 5480 qui
2024 5426 2054 5464 a
2110 5412 2217 5467 Deo
2269 5414 2565 5468 divinorum
2628 5416 3004 5484 mysteriorum
3054 5416 3348 5470 doctrinam
3397 5428 3451 5471 et

1900 5502 2275 5557 revelationetn
2303 5506 2574 5567 hauserat,
2608 5504 2653 5559 is
2690 5506 2922 5559 humana
2964 5507 3297 5560 institutione
3325 5523 3452 5560 netu

1898 5601 2097 5667 liquam
2137 5602 2425 5671 indigebat.
2465 5600 2660 5657 Verum
2693 5606 2832 5656 istud
2866 5604 3073 5656 interim
3111 5606 3451 5658 adversarios

1897 5691 2373 5760 interrogaverim,
2423 5694 2759 5761 qualemnam
2800 5694 3032 5747 ccelcstis
3084 5694 3240 5746 Pater
3299 5695 3454 5747 beato

307 5845 395 5899 "l
424 5845 547 5900 Cor.
583 5862 656 5913 vr,
694 5848 778 5904 Η.
852 5852 895 5882 ⁵³
921 5850 958 5904 li
983 5850 1109 5906 Cor.
1142 5870 1215 5917 χι,
1251 5858 1299 5909 ι.
1377 5858 1420 5888 ⁸³
1444 5859 1615 5914 Galat.
1651 5876 1689 5924 ιν,
1727 5861 1778 5913 6-

1919 5864 1959 5894 ³⁵
1990 5864 2116 5915 ibid.
2152 5866 2333 5918 15-17.
