4116 6526
737 471 763 525 1
777 469 879 526 327

1712 469 1771 525 S.
1806 467 2078 526 CYRILLI
2117 467 2576 525 ALEXANDRINI
2615 471 2929 528 ARCHIEP.

3840 469 3962 521 £338

741 588 909 642 Paulo
921 583 1252 655 patefecerit,
1269 585 1606 656 quamlemve
1622 585 1864 650 gentibus
1877 585 2296 639 annuntiandnm

2404 589 2856 658 εὐαγγελίσασθαι
2875 607 2890 655 ;
2912 583 3020 658 ἄρα
3045 586 3176 640 Θεὸν
3197 585 3391 654 Λόγον,
3433 583 3530 638 καὶ
3553 581 3688 636 Υίὸν
3713 585 3961 652 μονογενῆ

741 674 1121 732 mandaverit?
1147 673 1396 745 Nunquid
1432 675 1523 730 Dei
1565 671 1796 727 Verbum
1847 673 1994 727 carni
2041 688 2147 728 non
2183 673 2299 726 uni-

743 778 854 822 tum
881 809 895 832 ,
922 775 1016 821 aut
1044 766 1399 837 unigenitum,
1433 764 1698 821 hominem
1731 764 2027 816 secundum
2061 764 2298 816 divinam

740 857 1195 926 dispensationem
1241 868 1345 912 non
1392 851 1635 907 factum?
1669 851 1825 906 Absit
1852 861 1912 910 ut
1956 851 2071 906 haec
2123 851 2195 904 ita
2243 864 2301 902 se

741 948 994 1003 habeant.
1041 943 1392 1002 Annuntiavit
1444 941 1586 994 enim
1636 942 1880 996 eumdem
1932 940 2098 997 Deum
2142 937 2299 994 simul

739 1047 797 1094 et
835 1038 1138 1103 hominem,
1191 1047 1387 1090 vocans
1433 1031 1626 1090 Filium
1674 1042 1728 1086 et
1776 1031 2056 1090 Dominum
2115 1029 2298 1089 Jesum

736 1127 1040 1185 Christum.

814 1234 836 1268 ι
876 1214 1123 1273 Scientes
1155 1221 1333 1270 autent
1371 1213 1510 1282 quod
1544 1227 1652 1270 non
1687 1212 2016 1282 iustiﬁcati"
2042 1211 2200 1266 homo
2230 1222 2296 1265 ex

738 1307 990 1378 operibus
1018 1305 1172 1375 legis,
1204 1304 1308 1359 nisi
1340 1318 1436 1374 per
1482 1304 1636 1357 iidem
1672 1302 1800 1359 Jesu
1832 1301 2028 1359 Christi
2061 1318 2074 1353 :
2116 1306 2170 1353 et
2199 1313 2300 1356 nos

740 1399 794 1452 in
824 1396 1040 1452 Christo
1087 1396 1212 1451 Jesu
1258 1396 1550 1459 credimus,
1605 1404 1660 1447 ut
1707 1391 2062 1461 justiticetnur
2093 1403 2158 1444 ex
2195 1390 2299 1445 ﬁde

737 1486 965 1552 Christi,
997 1495 1184 1541 etnon
1225 1499 1287 1538 ex
1332 1483 1585 1552 Operibus
1625 1481 1758 1548 legis
1783 1481 1850 1535 ".
1887 1497 1906 1531 ι
1940 1480 1993 1534 Si
2035 1481 2086 1532 in
2131 1478 2298 1533 Deum

739 1579 982 1642 credere,
999 1575 1402 1643 iuetincationis
1435 1574 1680 1627 mercede
1713 1581 1967 1642 pensatur
1995 1572 2123 1639 (hac
2152 1571 2298 1623 enim

743 1666 826 1722 via
875 1666 1110 1738 majores
1153 1664 1322 1718 nostri
1361 1662 1644 1733 justilicati
1693 1671 1861 1717 sunt:
1902 1661 2163 1727 scriptum
2215 1671 2299 1716 est

742 1770 1013 1825 namque:
1050 1755 1318 1812 «Credidit
1340 1752 1612 1806 Abraham
1639 1749 1768 1815 Deo,
1787 1763 1841 1808 et
1867 1758 2110 1819 reputate
2140 1759 2223 1806 est
2247 1751 2299 1806 ei

742 1848 872 1902 ﬁdes
893 1847 956 1919 ad
970 1846 1234 1916 justitiam
1252 1844 1343 1914 ⁸⁸),
1357 1863 1375 1896 ι
1405 1844 1559 1916 122
1575 1845 1842 1915 quomodo
1863 1839 2176 1901 Emmanuel
2190 1856 2295 1898 non

2401 678 2498 747 οὐχ
2533 679 2799 733 ἑνωθέντα
2831 677 3014 747 σαρκὶ,
3047 675 3140 726 καὶ
3177 675 3467 744 γενόμενον
3508 671 3808 742 ἄνθρωπον
3841 672 3967 723 ultro-

2401 767 2675 834 νομικῶς;
2705 765 2834 821 Εἶτα
2861 765 2977 829 πῶς
3015 764 3172 817 τοῦτό
3201 765 3350 818 ἐστιν
3386 763 3626 835 ἀληθέςς
3679 761 3965 830 Διεκήρυξε

2401 857 2511 927 γὰρ
2543 858 2827 931 ἄνθρωπόν
2859 874 2916 910 τε
2945 855 3078 926 ὁμοῦ
3111 855 3205 909 καὶ
3232 855 3364 908 Θεὸν
3399 856 3494 909 τὸν
3535 852 3706 908 αὐτὸν
3737 850 3834 905 καὶ
3862 852 3963 915 ἕνα,

2401 945 2574 1009 λέγων
2609 949 2732 1006 Υίὸν
2764 949 2856 1005 καὶ
2883 945 3089 1018 Κύριον
3123 944 3330 1016 Ἰησοῦν
3358 947 3616 1017 Χριστόν.

2476 1232 2496 1266 ι
2534 1214 2750 1278 Είδότες
2775 1213 2830 1268 δὲ
2854 1213 2935 1267 ὅτι
2958 1211 3019 1264 ού
3049 1207 3350 1265 δικαιοῦται
3389 1205 3683 1278 ἄνθρωπος
3709 1208 3771 1274 ἐξ
3807 1208 3970 1277 ἔργων

2406 1305 2592 1376 νόμου,
2613 1306 2706 1359 ἐὰν
2732 1305 2807 1375 μὴ
2831 1303 2920 1358 διὰ
2943 1303 3175 1364 πίστεως
3202 1298 3378 1372 Ἰησοῦ
3400 1297 3640 1369 Χριστοῦ
3661 1315 3674 1327 ·
3699 1301 3799 1351 καὶ
3822 1301 3968 1364 ἡμεῖς

2401 1397 2481 1459 είς
2509 1394 2741 1466 Χριστὸν
2776 1392 2979 1462 Ἰησοῦν
3009 1390 3430 1460 ἐπιστεύσαμεν,
3463 1390 3552 1442 ινα
3589 1388 3970 1456 δικαιωθῶμεν

2401 1489 2464 1539 ὲκ
2493 1485 2724 1547 πίστεως
2750 1482 3008 1554 Χριστοῦ,
3042 1482 3137 1536 καὶ
3165 1482 3264 1535 οὐκ
3307 1481 3366 1546 ἐξ
3408 1482 3587 1553 ἔργων
3630 1480 3831 1547 νόμου.
3868 1498 3884 1528 ι
3916 1479 3970 1530 Ei

2399 1577 2460 1629 τὸ
2489 1575 2776 1629 πιστεῦσαι
2820 1573 2939 1644 Θεῷ
2991 1574 3180 1643 μισθὸν
3207 1572 3319 1642 ἔχει
3353 1573 3450 1643 τὴν
3485 1571 3781 1626 δικαίωσιν
3823 1570 3968 1636 (δεδι-

2401 1669 2657 1724 καίωνται
2680 1666 2787 1738 γὰρ
2813 1667 2955 1720 οὕτω
2973 1668 3064 1721 καὶ
3086 1668 3134 1720 οἱ
3165 1667 3270 1736 πρὸ
3292 1667 3446 1736 ἡμῶν
3466 1683 3478 1696 °
3505 1665 3830 1734 γέγραπται
3853 1663 3968 1730 γὰρ,

2399 1760 2479 1819 ὃτι
2523 1777 2540 1810 ι
2592 1758 2938 1812 Ἐπίστευσεν
2979 1756 3228 1828 Ἀϐραὰμ
3277 1757 3352 1825 τῷ
3386 1757 3524 1826 Θεῷ,
3567 1757 3665 1809 καὶ
3728 1753 3969 1822 ἐλογίσθη

2401 1847 2547 1916 αὐτῷ
2579 1848 2657 1910 είς
2681 1847 3023 1917 δικαιοσύνην
3053 1849 3080 1918 ἡ
3112 1846 3291 1910 πίστις
3320 1848 3387 1916 ›)’
3421 1848 3538 1910 πῶς
3565 1849 3626 1900 οὐ
3657 1847 3794 1908 Θεὸς
3815 1845 3969 1911 ὸἘμ-

738 1948 820 1994 est
843 1914 1005 2002 Deus,
1038 1939 1082 1992 si
1106 1937 1320 2006 quidem
1361 1914 1548 1991 verum
1573 1914 1677 2001 est,
1710 1936 1852 2005 quod
1892 1936 1945 1991 in
1978 1935 2150 2004 ipsum
2182 1948 2296 1989 cre-

2407 1914 2666 2010 μανουὴλ,
2700 1940 2857 2009 εἴπερ
2889 1914 3034 1998 ἐστὶν
3064 1914 3280 2008 ἀληθὲς,
3310 1914 3386 2000 ὥς
3411 1940 3490 1999 εἰς
3509 1939 3678 1990 αὑτὸν
3700 1935 3970 1990 πιστεύον·

739 2032 925 2086 dentes
949 2029 1309 2103 iustiﬁcamur
1331 2029 1355 2082 i

1122 2117 1206 2178 Ea:
1238 2117 1478 2187 Epistola
1515 2119 1582 2174 ad
1620 2115 1894 2184 Ephesius.

815 2254 834 2288 ι
867 2235 923 2289 ιιι
953 2247 1058 2302 quo
1083 2242 1136 2288 et
1163 2247 1278 2296 vos,
1317 2246 1438 2285 cum
1471 2231 1758 2285 audissetis
1797 2233 2015 2284 verbum
2060 2231 2302 2288 veritatis

740 2325 1094 2397 (evangelium
1124 2323 1313 2378 salutis
1347 2324 1573 2391 vestrm)
1603 2323 1652 2374 in
1691 2337 1796 2388 quo
1825 2333 1878 2374 et
1909 2323 2194 2378 credentes
2226 2325 2301 2378 si-

739 2418 885 2486 gnati
935 2417 1064 2470 estis
1097 2413 1299 2482 Spiritu
1361 2414 1736 2480 promissionis
1800 2423 2019 2475 sancto,
2071 2416 2160 2482 qui
2221 2425 2303 2469 est

741 2513 933 2578 pignus
964 2505 1289 2560 haereditatis
1331 2513 1547 2568 nostrae,
1585 2505 1635 2558 in
1669 2505 2086 2574 redemptionem
2119 2509 2302 2575 ncqui-

741 2599 971 2663 sitionis,
1000 2597 1052 2650 in
1082 2595 1295 2651 laudem
1342 2595 1526 2664 gloriae
1566 2595 1735 2662 ipsius
1761 2597 1828 2648 ⁸⁷.
1871 2617 1888 2648 ι
1939 2596 2094 2650 Plura
2142 2600 2300 2653 simul

737 2689 817 2769 sic
842 2694 1225 2758 proponuntur,
1257 2700 1321 2740 ex
1349 2684 1546 2755 quibus
1584 2686 1835 2755 colligere
1875 2688 1997 2742 licet
2026 2686 2298 2742 Christum

739 2797 926 2838 verum
972 2794 1092 2835 esse
1134 2780 1343 2846 Deum;
1397 2787 1556 2848 atque
1593 2783 1728 2835 adeo
1770 2785 2009 2834 Omnium
2057 2781 2211 2836 fidem
2244 2782 2298 2835 in

738 2875 912 2940 ipsum
944 2885 1050 2925 non
1080 2869 1209 2925 ferri
1245 2879 1499 2939 tanquam
1535 2871 1586 2922 in
1617 2871 1888 2925 hominem
1940 2873 2104 2926 nostri
2148 2871 2298 2925 simi-

738 2964 866 3024 lem,
896 2958 991 3015 sed
1032 2968 1283 3027 tanquam
1317 2957 1368 3011 in
1416 2973 1584 3012 unum
1622 2958 1947 3022 Dominum,
1984 2968 2037 3012 ct
2081 2959 2298 3026 Filium,

735 3061 789 3103 et
820 3047 1006 3105 Deum.
1042 3047 1220 3100 Primo
1250 3061 1480 3115 namque
1516 3048 1627 3115 ipse
1657 3048 1847 3101 salutis
1891 3059 2088 3103 nostras
2137 3062 2298 3102 evan-

736 3140 931 3209 gelium
952 3139 1187 3201 exsistit,
1221 3139 1272 3192 in
1317 3153 1479 3205 quem
1509 3139 1737 3207 proinde
1778 3139 1909 3193 ﬁdes
1956 3149 2136 3193 nostra
2187 3151 2301 3195 ten-

2402 2047 2491 2094 τες
2528 2029 2906 2100 δικαιούμεθα;

2787 2121 2881 2174 Ἐκ
2921 2119 3028 2188 τῆς
3067 2120 3214 2187 πρὸς
3253 2118 3584 2188 Ἐφεσίους.

2478 2259 2494 2290 ι
2518 2239 2606 2292 Ἐν
2629 2230 2674 2305 ᾧ
2700 2237 3029 2300 ἀκούσαντες
3071 2235 3165 2289 καὶ
3212 2236 3369 2304 ὑμεῖς
3393 2237 3483 2288 τὸν
3507 2233 3670 2301 λόγον
3701 2236 3802 2304 τῆς
3846 2236 3968 2302 ἁλη-

2403 2328 2570 2391 θείας,
2602 2326 2662 2380 τὸ
2694 2327 3008 2395 εὐαγγέλιον
3039 2328 3137 2395 τῆς
3168 2325 3438 2396 σωτηρίας
3471 2323 3649 2394 ὑμῶν,
3698 2324 3759 2376 ὲν
3801 2319 3845 2390 ᾧ
3883 2326 3970 2377 καὶ

2402 2417 2786 2479 πιστεύσαντες
2816 2416 3219 2486 ἐσφραγίσθητε
3249 2415 3327 2483 τῷ
3357 2415 3637 2485 Πνεύματι
3671 2414 3774 2483 τῆς
3813 2416 3970 2480 ὲπαγ-

2401 2508 2601 2575 γελίας,
2636 2507 2663 2559 ὸ
2693 2507 2800 2560 τῶν
2822 2506 2994 2573 ἁγίων
3017 2504 3164 2556 ἐστὶν
3189 2502 3448 2574 ἀρραϐὼν
3479 2507 3579 2574 τῆς
3605 2503 3968 2574 κληρονομίας

2402 2599 2668 2670 ὴμῶνβις
2691 2595 3066 2663 ἀπολύτρωσιν
3087 2594 3186 2663 τῆς
3209 2595 3734 2662 περιποιήσεως,είς
3758 2593 3968 2646 ἔπαινον

2401 2690 2560 2758 δόξης
2592 2687 2778 2742 αὑτοῦ.
2813 2707 2831 2737 ›
2871 2685 3047 2739 Πολλὰ
3093 2683 3232 2737 κατὰ
3274 2684 3438 2736 ταύτὸ
3470 2685 3528 2735 ὲν
3556 2686 3680 2746 ταῖς
3705 2685 3816 2736 τῶν
3843 2700 3968 2752 προ-

2401 2779 2669 2846 κειμένων
2695 2777 2925 2838 εννοίαις
2946 2774 3152 2846 κατίδοι
3173 2790 3257 2836 τις
3282 2774 3368 2837 ἂν,
3395 2773 3462 2825 δι’
3481 2767 3554 2827 ὧν
3580 2774 3762 2826 ἔνεστι
3792 2775 3969 2843 μαθεῖν

2398 2869 2479 2920 ὅτι
2500 2867 2633 2930 Θεὸς
2662 2865 2867 2936 ἀληθὴς
2890 2868 2918 2918 ό
2935 2864 3185 2935 Χριστὸς,
3209 2863 3303 2916 καὶ
3325 2862 3521 2934 ήπαρὰ
3551 2863 3776 2916 πάντων
3801 2864 3967 2922 πίστις

2401 2960 2479 3021 εἰς
2508 2959 2669 3011 αὐτὸν
2699 2957 2798 3025 οὐχ
2819 2957 2894 3020 ὡς
2919 2957 2997 3019 είς
3025 2955 3121 3007 ἕνα
3155 2954 3264 3008 τῶν
3290 2954 3412 3008 καθ’
3437 2954 3587 3027 ἡμᾶς
3611 2953 3828 3018 ἁπλῶς,
3853 2952 3970 3007 ἀλλ’

2401 3052 2476 3112 ὡς
2510 3051 2589 3112 είς
2621 3049 2717 3102 ἕνα
2748 3047 2972 3118 Κύριον,
3004 3047 3097 3100 καὶ
3132 3046 3280 3110 Υῑὸν,
3309 3045 3403 3099 καὶ
3434 3045 3586 3099 Θεόν.
3616 3046 3846 3126 Ιξρῶτον
3881 3047 3969 3115 μὲν

2403 3140 2510 3210 γὰρ
2526 3141 2688 3202 αύτός
2703 3141 2816 3192 ἐστι
2843 3138 2905 3191 τὸ
2935 3136 3255 3205 εὐαγγέλιον
3277 3139 3375 3203 τῆς
3403 3134 3710 3206 σωτηρίας,
3732 3136 3792 3186 ἐν
3822 3128 3864 3201 ᾧ
3885 3137 3969 3186 καί

735 3235 826 3286 dat
859 3239 1108 3298 tanquam
1139 3229 1190 3283 in
1227 3229 1392 3283 Deum
1428 3246 1440 3282 :
1481 3228 1820 3298 subiungitur
1855 3245 1976 3283 mox
2014 3230 2134 3283 ﬁdei
2167 3247 2296 3300 quu-

2404 3233 2437 3300 ἡ
2466 3232 2668 3294 πίστις,
2701 3230 2776 3293 ὡς
2808 3232 2888 3293 εις
2919 3229 3048 3282 Θεὸν
3075 3226 3337 3296 δηλονότι.
3357 3225 3670 3281 Ἀκολουθεῖ
3709 3225 3767 3278 δὲ
3795 3224 3857 3278 τὸ
3881 3226 3971 3292 τῆς

737 3335 840 3387 que
866 3323 1165 3390 praemium,
1200 3331 1325 3390 puta
1371 3322 1744 3390 promissionis
1781 3320 2033 3386 Spiritus,
2074 3323 2162 3389 qui
2204 3339 2298 3376 no-

737 3426 862 3465 Strz:
898 3411 1222 3466 haereditatis
1269 3410 1503 3468 arrhabo
1549 3421 1662 3468 est:
1711 3411 1941 3479 denique
1981 3414 2046 3464 ad
2085 3412 2296 3466 laudum

736 3502 918 3570 gloria:
949 3499 1147 3554 Christi
1195 3499 1452 3568 redempti
1504 3499 1868 3568 perhibentur.
1911 3500 2158 3557 Redemit
2203 3519 2300 3555 au-

737 3603 844 3644 tem
881 3605 977 3646 nos
1007 3605 1111 3645 non
1141 3600 1198 3644 ut
1231 3591 1465 3660 vulgaris
1487 3591 1669 3655 homo,
1699 3592 1791 3645 sed
1840 3603 1897 3644 ut
1947 3593 2084 3646 Deus
2129 3594 2297 3647 nostri

735 3697 898 3737 causa
931 3685 1264 3736 incarnatus.
1301 3682 1380 3734 Ad
1417 3683 1559 3737 hunc
1586 3682 1727 3735 enim
1759 3682 1972 3735 modum
2006 3683 2057 3736 in
2088 3682 2295 3744 laudem

736 3774 916 3839 gloria:
949 3772 1092 3828 illius
1119 3773 1380 3829 cedimus.

811 3883 830 3915 ι
868 3861 1036 3930 Hnjns
1086 3861 1161 3916 rei
1216 3863 1389 3932 gratia
1442 3875 1540 3930 ego
1587 3861 1783 3916 Paulus
1832 3863 2045 3918 vincws
2097 3863 2296 3919 Christi

733 3953 858 4009 .lesu
892 3968 987 4021 pro
1013 3953 1165 4006 vobis
1191 3951 1462 4020 gentibus,
1498 3951 1541 4006 si
1595 3962 1770 4005 tamen
1814 3952 2040 4005 audistis
2078 3952 2296 4020 dispen-

735 4047 997 4099 sationem
1029 4041 1211 4110 gratiaa
1257 4039 1371 4106 Dei,
1401 4056 1519 4110 quae
1565 4041 1687 4094 data
1723 4050 1805 4095 cst
1839 4040 1968 4096 mihi
2019 4042 2070 4094 in
2106 4042 2295 4096 vobis:

733 4133 985 4202 quoniam
1028 4131 1322 4186 secundum
1361 4132 1742 4186 revelationem
1799 4141 1982 4185 notum
2039 4132 2167 4186 mihi
2214 4133 2294 4185 fa-

734 4236 879 4279 ctum
901 4233 983 4279 est
1005 4233 1429 4286 sacramentum,
1452 4224 1594 4277 sicut
1621 4237 1782 4292 supra
1804 4220 1996 4290 scripsi
2029 4221 2081 4276 in
2109 4225 2255 4277 brevi
2278 4266 2291 4287 ,

735 4323 893 4380 prout
916 4314 1140 4383 potestis
1165 4312 1406 4382 legentes
1427 4312 1724 4382 intelligere
1751 4313 2089 4382 prudentiam
2119 4330 2293 4369 meam

733 4409 782 4456 in
818 4404 1074 4474 mysterio
1113 4401 1311 4457 Christi
1331 4402 1397 4456 ⁵⁸.
1428 4422 1446 4454 ι
1484 4404 1597 4470 Qua
1640 4404 1921 4472 prudentia
1945 4445 1959 4469 ,
1995 4419 2169 4474 quave
2219 4406 2298 4458 di-

734 4497 856 4549 vina
886 4509 1019 4564 opus
1049 4504 1165 4550 erat
1185 4494 1544 4563 patelactione
1571 4496 1634 4548 ad
1659 4496 1972 4565 mysterium
2005 4497 2107 4551 hoc
2135 4496 2295 4552 Citri-

2401 3322 2636 3383 πίστεως
2664 3322 2854 3392 γέρας⁹
2886 3319 3129 3374 τουτέστι
3159 3317 3219 3369 τὸ
3245 3316 3465 3385 Πνεῦμα
3491 3316 3591 3382 τῆς
3621 3315 3966 3384 ἐπαγγελίας,

2399 3412 2427 3461 ὸ
2456 3412 2551 3480 τῆς
2593 3411 2957 3481 κληρονομίας
2989 3409 3144 3483 ἡμῶν
3187 3406 3474 3479 ἀρῤαδών·
3520 3405 3968 3476 ἑκλελυτρὼμεθα

2399 3502 2508 3571 γὰρ
2538 3503 2616 3565 είς
2647 3503 2867 3556 ἔπαινον
2912 3501 3070 3572 δόξης
3111 3497 3367 3570 Χριστοῦ.
3403 3498 3620 3553 Σέσωκε
3672 3498 3785 3568 γὰρ
3836 3499 3968 3567 ἡμᾶς

2399 3594 2495 3663 οὺχ
2524 3594 2600 3656 ὼς
2637 3594 2918 3664 ἄνθρωπος
2966 3592 3164 3656 κοινὸς,
3190 3591 3304 3645 ἀλλ’
3333 3590 3408 3653 ὡς
3439 3590 3573 3653 Θεὸς
3604 3593 3664 3642 ὲν
3698 3591 3862 3660 σαρκὶ
3895 3607 3969 3656 γε·

2398 3683 2570 3750 γονὼς
2602 3683 2667 3736 δι’
2694 3687 2858 3755 ἡμᾶς.
2885 3684 3040 3738 Οῦτω
3071 3682 3181 3754 γὰρ
3226 3684 3306 3747 είς
3342 3680 3562 3735 ἔπαινον
3597 3679 3843 3749 ἐσόμεθα
3880 3681 3967 3747 τῆς

2399 3775 2558 3845 δόξης
2584 3776 2772 3830 αὐτοῦ.

2477 3885 2495 3916 ι
2525 3865 2728 3919 Τούτου
2764 3866 2923 3937 χάριν
2954 3863 3064 3933 ἐγὼ
3086 3863 3299 3926 Παῦλος
3321 3864 3347 3917 ό
3374 3862 3592 3934 δέσμιος
3619 3861 3715 3915 τοῦ
3742 3859 3965 3932 Χριστοῦ

2412 3954 2585 4027 Ἰησοῦ
2619 3956 2757 4023 ὑπὲρ
2791 3955 2942 4026 ὑμῶν
2976 3954 3084 4011 τῶν
3123 3953 3314 4017 ὲθνῶν,
3363 3952 3416 4005 ei
3461 3969 3524 4019 γε
3564 3953 3842 4020 ἠκούσατε
3879 3951 3966 4019 τὴν

2397 4048 2709 4118 οἰκονομίαν
2743 4049 2844 4116 τῆς
2876 4047 3093 4117 χάριτος
3124 4045 3220 4099 τοῦ
3261 4044 3395 4098 Θεοῦ
3440 4044 3540 4117 τῆς
3584 4043 3840 4112 δοθείσης
3885 4061 3963 4111 μοι

2399 4138 2477 4199 είς
2527 4138 2691 4207 ὑμᾶς,
2726 4138 2803 4190 ὅτι
2853 4137 2994 4191 κατὰ
3037 4133 3379 4203 ἀποκάλυψιν
3425 4133 3734 4204 ἐγνωρίσθη
3793 4151 3880 4203 μοι
3914 4133 3965 4183 τὸ

2403 4229 2720 4298 μυστήριον,
2750 4227 2930 4290 καθὼς
2963 4226 3286 4298 προέγραψα.
3313 4228 3369 4278 ἐν
3395 4225 3559 4293 ὀλίγῳ
3579 4240 3592 4253 ·
3626 4225 3767 4294 πρὸς
3815 4226 3842 4276 ὃ
3885 4223 3963 4276 δύο

2399 4319 2560 4373 νασθε
2586 4321 3051 4387 ὰναγινωσκοντες
3082 4314 3270 4388 νόῆσαι
3302 4318 3400 4388 τὴν
3433 4316 3648 4370 σύνεσίν
3681 4332 3786 4387 μου
3818 4316 3873 4366 ἐν
3899 4313 3963 4381 τῷ

2404 4413 2682 4482 μυστηρίῳ
2722 4410 2814 4464 τοῦ
2855 4407 3116 4478 Χριστοῦ.
3148 4428 3165 4460 ι
3203 4410 3338 4462 ΙΙοία
3371 4409 3635 4470 συνέσεως
3673 4408 3856 4477 χρεία,
3883 4406 3962 4457 καὶ

2400 4502 2789 4572 ἀποκαλύψεως
2811 4503 2908 4571 τῆς
2933 4501 3081 4572 παρὰ
3107 4500 3242 4554 Θεοῦ
3275 4501 3410 4570 πρὸς
3435 4501 3495 4552 τὸ
3524 4499 3894 4569 γνωρισθῆναι
3914 4497 3962 4546 τὸ

731 4590 798 4641 sti
829 4587 1288 4657 perspiciendum,
1321 4587 1610 4655 siquidem
1652 4600 1748 4655 per
1791 4602 1851 4641 se
1891 4588 2050 4643 homo
2091 4597 2292 4642 tantum

2403 4595 2698 4664 μυστήριον
2731 4591 2824 4645 τοῦ
2865 4590 3123 4662 Χριστοῦ,
3165 4592 3322 4663 εἴπερ
3365 4591 3513 4642 ἐστὶν
3559 4589 3850 4659 ἄνθρωπος
3880 4589 3961 4641 ιδι-

730 4687 832 4742 cst,
862 4693 892 4732 a
923 4678 1016 4732 Dei
1056 4677 1228 4732 Verbo
1257 4679 1473 4731 omnino
1514 4675 1787 4743 seiunctus
1809 4716 1824 4741 ,
1859 4677 1999 4731 nuda
2041 4691 2296 4744 persona-

2398 4685 2528 4745 κῶς,
2570 4683 2664 4740 καὶ⁷
2693 4683 3001 4754 ὁλοτρόπως
3030 4683 3434 4752 κεχωρισμένος
3473 4679 3565 4733 τοῦ
3598 4679 3737 4732 Θεοῦ
3779 4681 3960 4746 Λόγου,

734 4785 850 4823 rum
903 4769 1101 4822 unione
1145 4769 1569 4823 cohonestatus?
1616 4768 1753 4833 Quid
1807 4769 1947 4823 enim
1989 4769 2292 4824 abstrusum

2401 4774 2520 4843 ψιλῇ
2554 4773 2858 4845 προσώπων
2886 4771 3076 4824 ἐνώσει
3106 4772 3468 4841 τετιμημένος
3491 4763 3506 4833 ξ
3532 4769 3598 4822 Τί
3628 4771 3742 4840 γὰρ
3775 4771 3885 4839 ἔχει
3913 4768 3962 4821 τὸ

737 4860 916 4924 habet,
949 4866 1040 4913 aut
1074 4873 1192 4927 quae
1220 4858 1500 4913 dilﬁcultas
1537 4871 1618 4913 est
1656 4861 1721 4912 de
1761 4860 1966 4928 vulgari
2008 4861 2292 4928 quopiam,

735 4951 1011 5020 nostrique
1042 4950 1202 5004 simili
1237 4951 1454 5004 homine
1486 4950 1781 5020 intelligere
1814 4953 1952 5019 quod
1990 4953 2057 5004 sit
2096 4951 2291 5004 homo?

733 5049 801 5096 At
824 5056 949 5097 vere
981 5040 1324 5111 profundum,
1356 5043 1622 5110 planeque
1671 5057 1917 5111 magnum
1966 5051 2045 5097 est
2082 5043 2183 5096 hoc
2210 5058 2288 5097 sa-

734 5142 1091 5196 cramentmn,
1130 5134 1174 5186 si
1211 5131 1348 5186 Deus
1388 5131 1620 5186 Verbum
1669 5133 1825 5188 nobis
1873 5133 2048 5188 simile
2097 5133 2291 5186 factum

733 5233 979 5292 ponatur.
1036 5222 1168 5276 Cum
1221 5223 1383 5291 igitur
1437 5223 1635 5275 eximia
1695 5224 1891 5276 mentis
1945 5222 2294 5290 intelligentia

733 5316 928 5380 ornati,
963 5314 1248 5380 divinaque
1299 5312 1623 5365 revelatione
1661 5311 1910 5365 illustrati
1936 5349 1950 5375 ,
1983 5314 2293 5382 mysterium

731 5405 927 5458 Christi
996 5404 1157 5458 veluti
1208 5403 1445 5456 divinum
1500 5402 1765 5470 quoddam
1833 5411 2094 5455 secretum
2146 5403 2297 5455 nobis

735 5497 1076 5557 tradiderint,
1137 5495 1372 5561 ﬁdesque
1433 5495 1482 5545 in
1534 5491 1679 5543 illum
1719 5501 1972 5557 tauquam
2024 5492 2074 5544 in
2129 5492 2293 5545 Deum

734 5589 933 5650 tendat,
970 5588 1236 5657 quomodo
1263 5586 1505 5639 Christus
1534 5600 1634 5636 non
1662 5595 1742 5637 est
1769 5583 1938 5638 Deus?

806 5681 1126 5749 123Alind
1161 5679 1282 5730 huic
1301 5677 1494 5740 simile,
1515 5677 1821 5730 etcatndem
1848 5679 2050 5729 habens
2078 5687 2292 5731 senten-

803 5829 847 5859 ⁵⁵
873 5831 1043 5884 Galat.
1076 5847 1131 5892 ιι,
1162 5828 1243 5881 lii.
1322 5829 1367 5858 “
1393 5829 1547 5880 llom.
1585 5844 1656 5891 tv,
1682 5831 1732 5881 ὖ.

1808 5829 2068 5896 “Ephes.
2109 5846 2142 5890 ι,
2182 5831 2263 5894 15,
2305 5829 2382 5882 Η.

2402 4864 2804 4933 κεκρυμμένον.
2837 4863 2869 4932 ἢ
2905 4866 3057 4917 ποῖον
3081 4862 3218 4924 ὅλως
3243 4863 3302 4914 τὸ
3349 4860 3632 4930 δυσχερὲς,
3669 4861 3736 4914 τὸ
3786 4864 3960 4930 νοῆσαι

2400 4954 2559 5023 τυχὸν
2593 4955 2721 5024 περὶ
2752 4953 2870 5016 ἑνὸς
2915 4953 3008 5010 τοῦ
3058 4951 3181 5008 καθ’
3214 4952 3360 5023 ἡμᾶς
3406 4949 3723 5023 ἀνθρώπου,
3757 4953 3838 5005 ὅτι
3887 4952 3961 5004 ἄν·

2402 5044 2614 5117 θρωπός
2639 5047 2788 5111 seu;
2815 5043 2957 5097 Βαθῦ
2983 5043 3038 5097 δὲ
3060 5045 3155 5098 καὶ
3182 5044 3324 5112 μέγα
3343 5043 3402 5094 τὸ
3431 5043 3759 5112 μυστήριον,
3785 5044 3831 5094 εί
3853 5039 3958 5093 καθ’

2401 5137 2543 5205 ἡμᾶς
2574 5135 2822 5202 γενέσθαι
2866 5135 3078 5202 λέγοιτο
3118 5134 3250 5197 Θεὸς
3293 5134 3553 5204 ὑπάρχων
3583 5135 3612 5186 ὁ
3641 5134 3958 5201 Λόγος.”οτε

2402 5229 2577 5280 τοίνυν
2612 5229 2659 5279 oi
2692 5227 2872 5294 βαθεῖς
2898 5229 2976 5290 εἰς
3006 5228 3243 5290 σύνεσιν,
3272 5226 3363 5278 καὶ
3399 5225 3495 5294 τὴν
3517 5223 3666 5276 θείαν
3695 5222 3956 5276 ἀποκάλυ-

2399 5319 2487 5388 ψιν
2525 5320 2835 5388 ἐσχηκότες,
2871 5319 2944 5380 ὡς
2977 5317 3118 5370 θεῖον
3147 5320 3277 5386 ἡμῖν
3312 5317 3610 5385 μυστήριον
3655 5311 3956 5384 παραδεδώ-

2402 5427 2526 5461 κασι
2559 5411 2618 5460 τὸ
2651 5409 2886 5478 Χριστοῦ
2917 5411 3234 5479 μυστήριον,
3277 5407 3370 5460 καὶ⁸
3403 5409 3481 5469 είς
3516 5406 3676 5460 αὑτὸν
3706 5409 3740 5475 ὴ
3769 5407 3952 5463 πίστις,

2400 5503 2471 5564 ὡς
2503 5503 2578 5563 εἰς
2607 5500 2736 5554 Θεὸν
2756 5501 3016 5570 δηλονότι·
3050 5502 3163 5563 πῶς
3193 5502 3290 5551 οὑκ
3326 5501 3390 5552 ἂν
3415 5503 3499 5567 εἴη
3525 5499 3653 5559 Θεὸς
3677 5517 3689 5561 ;

2462 5679 2630 5730 ,Ἄλλο
2662 5677 2830 5746 τούτῳ
2864 5677 3195 5747 προσεοικὸς,
3232 5677 3325 5729 καὶ
3364 5675 3462 5746 τὴν
3509 5677 3678 5743 αὐτὴν
3704 5675 3822 5745 ἕχον
3849 5674 3947 5726 διὰ-

2469 5833 2512 5859 ⁵“⁴
2535 5831 2728 5896 liphes.
2767 5845 2846 5894 ιιι,
2879 5831 2991 5884 i4.
