4122 6514
206 415 232 467 1
243 413 348 466 3‘29

1293 415 1380 469 DE
1423 411 1642 471 llECTA
1687 410 1837 468 FIDE
1876 414 1965 468 AD
2006 415 2322 472 REGINAS.

3303 419 3442 476 1350

205 549 377 586 νοιανο
421 551 438 584 ι
465 533 618 603 Ἐμοὶ
649 533 726 603 τῷ
769 534 1164 604 ἐλαχιστοτέρῳ
1213 534 1429 588 πάντων
1468 537 1576 588 τῶν
1605 534 1774 602 ἁγίων

1881 535 2025 590 tiam:
2039 555 2057 588 ι
2069 536 2193 590 hiihi
2211 535 2450 590 omnium
2467 543 2773 589 sanctorum
2794 535 3016 591 minimo
3031 537 3155 591 data
3169 546 3252 595 est
3267 541 3438 610 gratia

203 624 364 695 ἐδόθη
396 628 427 693 ἠ
455 627 615 695 χάρις
643 624 802 695 αὕτη,
839 626 896 677 ὲν
933 627 1045 687 τοῖς
1087 624 1294 677 ἔθνεσιν
1321 623 1775 694 εὐαγγελίσασθαι

202 716 300 767 τὸν
327 715 728 785 ἀνεξιχνίαστον
759 715 989 770 πλοῦτον
1010 713 1104 767 τοῦ
1128 715 1385 784 Χριστοῦ,
1413 715 1506 770 καὶ
1541 714 1772 784 φωτίσαι

207 806 444 868 πάντας,
470 807 553 869 τίς
583 808 616 877 ἡ
648 807 929 876 οἰκονομία
972 805 1267 875 μυστηρίου
1299 805 1394 858 τοῦ
1425 807 1778 876 ἁτιεοκειιρυμὼ

211 893 376 962 μένου
402 894 509 947 ἀπὸ
536 894 644 949 τῶν
665 894 876 949 αἰώνων
905 895 962 946 ιν
985 893 1062 964 τῷ
1093 893 1231 963 Θεῷ,
1261 893 1339 965 τῷ
1364 894 1433 948 τὰ
1459 895 1636 948 πάντα
1661 895 1780 948 κτί-

210 999 390 1036 σαντι.
416 1000 437 1033 1

293 1093 312 1124 ι
342 1076 405 1126 Οί
428 1073 639 1142 ἄνδρες,
669 1070 853 1144 φησὶν,
876 1074 1127 1141 ἀγαπᾶτε
1155 1073 1256 1136 τὰς
1292 1078 1572 1142 γυναῖκας,
1597 1073 1778 1138 καθὼς

211 1163 309 1215 καὶ
333 1164 360 1216 6
393 1162 624 1232 Χριστὸς
653 1163 905 1232 ἠγάπησε
937 1162 1034 1232 τὴν
1074 1162 1421 1233 Ἐκκλησίαν,
1456 1165 1549 1217 καὶ
1589 1164 1780 1218 ἑαυτὸν

209 1252 531 1322 παρέδωκεν
577 1251 716 1322 ὑπὲρ
748 1251 944 1320 αὐτῆς,
977 1252 1064 1305 ἵνα
1100 1252 1268 1321 αὐτὴν
1299 1253 1524 1324 ἁγιάσῃ,
1553 1254 1779 1324 καθαρί-

212 1357 317 1403 σας
358 1339 440 1409 τῷ
482 1339 692 1410 λουτρῷ
729 1340 824 1393 τοῦ
863 1339 1052 1403 ὓδατος
1077 1343 1133 1393 ὲν
1166 1343 1389 1411 ῥήματι,
1422 1363 1440 1393 ι
1477 1345 1636 1397 Ποῖον
1673 1345 1780 1414 ἄρα

211 1431 334 1483 ἐστὶ
373 1430 434 1483 τὸ
471 1431 622 1501 ῥῆμα
651 1433 710 1482 ὲν
740 1424 783 1498 ᾧ
813 1431 1220 1502 κεκαθάρμεθα,
1257 1432 1686 1503 ἀπολουσάμενοι
1720 1435 1782 1487 τὸ

216 1520 378 1590 σῶμα
401 1519 552 1572 ὕδατι
581 1520 828 1590 καθαρῷ,
862 1522 894 1590 ἢ
917 1522 1134 1585 πάντως
1163 1523 1354 1587 ἐκεῖνο,
1379 1525 1505 1593 περὶ
1529 1519 1590 1578 οὗ
1618 1542 1780 1596 φησιν

210 1614 244 1664 6
274 1612 559 1675 θεσπέσιος
592 1611 826 1677 Παῦλος,
858 1613 939 1665 ὅτι
973 1631 992 1664 ι
1022 1613 1192 1666 Τοῦτό
1233 1614 1350 1667 ἔστι
1394 1614 1455 1667 τὸ
1501 1617 1651 1686 ῥῆμα
1681 1618 1781 1688 τῆς

215 1699 453 1766 πίστεως
494 1697 523 1754 6
565 1702 938 1772 κηρύσσομεν,
976 1704 1057 1756 ὅτι
1104 1703 1198 1757 ἐὰν
1243 1703 1584 1778 ὁμολογήσῃς
1618 1708 1675 1759 ὲν
1702 1706 1782 1778 τῷ

216 1790 448 1860 στόματί
480 1809 571 1844 σου
598 1793 799 1862 Κύριον
833 1793 1036 1863 Ίησοῦν
1072 1795 1325 1866 Χριστὸν,
1353 1796 1447 1850 καὶ
1484 1797 1782 1870 πιστεύσῃς

1877 627 2010 688 hac,
2041 627 2092 680 in
2117 626 2366 696 gentibus
2390 626 2766 696 evangelizare
2793 627 3192 698 iuvestigabiles
3223 629 3440 688 divitias

1875 717 2098 781 Christi,
2144 727 2196 771 et
2240 717 2546 773 illuminare
2591 732 2780 774 omnes
2817 733 2940 788 quat
2990 721 3066 773 sit
3109 719 3447 790 dispensatio-

1876 807 2203 862 sacramenti
2235 806 2536 863 absconditi
2563 821 2594 862 a
2628 807 2840 865 saculis
2868 809 2921 865 in
2954 808 3094 876 Deo,
3125 809 3220 881 qui
3257 812 3440 868 omnia

1877 899 2080 953 creavit
2101 899 2169 952 ³⁸.
2209 916 2229 950 ι

1953 1094 1972 1127 ι
2012 1074 2148 1140 Viri,
2191 1074 2400 1143 inquit,
2440 1072 2643 1142 diligite
2691 1086 2886 1128 uxores
2933 1081 3163 1141 vestras,
3206 1075 3348 1132 sicut
3385 1085 3443 1132 et

1877 1164 2129 1220 Christus
2153 1164 2342 1219 dilexit
2373 1162 2694 1228 Ecclesiam,
2728 1172 2787 1218 et
2833 1164 3182 1233 semetipsum
3223 1165 3444 1221 tradidit

1879 1274 1976 1328 pro
2001 1273 2091 1323 ea,
2122 1267 2184 1312 ut
2211 1257 2357 1310 illam
2399 1255 2765 1310 sanetillcaret
2788 1295 2804 1320 ,
2839 1256 3104 1310 mundatis
3133 1267 3254 1310 eam
3293 1251 3444 1309 lava-

1878 1363 1972 1402 cro
2013 1361 2166 1417 aqua:
2203 1347 2256 1400 in
2300 1345 2461 1399 verbo
2506 1347 2626 1400 vitae
2655 1345 2724 1397 ‘°.
2769 1364 2788 1396 ι
2829 1345 3032 1415 Ecquid
3072 1344 3251 1411 aliud,
3284 1346 3443 1401 obse-

1879 1454 1995 1502 cro,
2045 1437 2266 1492 verbum
2311 1445 2433 1500 est,
2471 1451 2566 1504 per
2609 1437 2754 1504 quod
2798 1450 3024 1504 corpore
3073 1451 3211 1505 aqua
3244 1437 3442 1492 munda

1880 1530 2059 1582 abluto
2093 1541 2408 1596 purgamur,
2441 1540 2601 1595 quam
2634 1527 2760 1580 illud
2796 1527 2990 1594 ipsum,
3022 1526 3090 1580 de
3121 1541 3231 1596 quo
3254 1529 3443 1583 beatus

1880 1616 2077 1670 Paulus
2096 1615 2202 1670 alio
2235 1615 2356 1670 loco
2383 1616 2455 1670 ita
2486 1614 2710 1670 scribit:
2742 1635 2760 1668 ι
2795 1615 2906 1671 Hoc
2937 1626 3020 1672 est
3053 1619 3274 1673 verbum
3317 1618 3439 1673 ﬁdei

1881 1707 2018 1776 quod
2059 1707 2455 1776 praedicamus:
2485 1707 2628 1774 -quia
2670 1707 2714 1761 si
2764 1707 3072 1763 confitearis
3113 1708 3167 1761 in
3207 1720 3304 1762 ore
3351 1715 3441 1760 tuo

1886 1798 2167 1853 Dominum
2189 1795 2397 1860 Jesum,
2427 1806 2481 1849 et
2514 1797 2566 1850 in
2619 1798 2780 1852 corde
2825 1805 2918 1851 tuo
2957 1796 3252 1853 credideris
3297 1797 3440 1865 quod

214 1885 275 1934 ὲν
296 1885 360 1953 τῇ
384 1885 577 1955 καρδίᾳ
601 1902 714 1948 σου,
744 1887 822 1938 ὃτι
845 1886 872 1938 6
889 1886 1019 1949 Θεὸς
1043 1864 1203 1940 αὑτὸν
1229 1886 1446 1958 ἧγειρεν
1463 1889 1526 1940 ὲκ
1549 1864 1779 1959 νεκρῶν,

1888 1892 2026 1946 Deus
2057 1890 2204 1945 illum
2230 1889 2510 1944 suscitavit
2541 1903 2570 1942 a
2600 1889 2860 1952 mortuis,
2897 1887 3077 1944 salvus
3103 1890 3232 1945 eris.
3267 1864 3444 1944 corde

216 1972 460 2044 σωθήσῃ.
509 1975 722 2044 Καρδίᾳ
772 1975 879 2045 γὰρ
929 1977 1242 2031 πιστεύεται
1291 1980 1369 2042 είς
1412 1978 1779 2050 δικαιοσύνην,

217 2065 447 2134 στόματι
478 2065 534 2117 δὲ
577 2066 913 2135 ὁμολογεῖται
962 2070 1042 2132 εἰς
1090 2069 1402 2140 σωτηρίανς
1436 2089 1453 2122 ι
1489 2071 1695 2124 Οὐκοῦν
1733 2074 1780 2124 εί

216 2155 450 2224 Χριστὸν
493 2156 875 2225 ὁμολογοῦντες
923 2161 980 2212 ὲν
1029 2165 1208 2214 πίστει
1240 2161 1541 2232 σωζόμεθα,
1573 2162 1691 2225 πῶς
1718 2163 1778 2215 ού

212 2244 350 2307 Θεὸς
379 2243 583 2314 ἀληθής
613 2247 777 2310 ἐστιν,
813 2248 891 2310 είς
923 2247 982 2300 ὃν
1016 2250 1076 2302 τὸ
1104 2251 1202 2321 τῆς
1236 2251 1465 2316 πίστεως
1501 2255 1548 2305 εί
1575 2253 1782 2321 γένοιτο

217 2335 391 2405 βῆμα»
426 2335 814 2408 κεκπθάρμεθά
845 2353 904 2390 τε
940 2340 1034 2392 καὶ
1067 2342 1409 2411 ὴγιάσμεθας

546 2450 646 2504 Ἕκ
679 2446 786 2517 τῆς
817 2448 968 2517 πρὸς
998 2453 1466 2519 Φιλιππησίους.

295 2580 315 2613 ι
360 2563 424 2614 Τί
471 2563 621 2633 γάρ;.
677 2563 830 2634 φησί.
881 2563 1026 2631 Πλὴν
1067 2565 1151 2617 ὅτι
1212 2569 1378 2619 παντὶ
1427 2568 1629 2638 τρόπῳ,
1675 2570 1784 2621 εἴτε

209 2652 507 2722 προφάσει,
528 2656 638 2707 εἴτε
655 2654 1148 2726 ἀληθείᾳνΧριστὸς
1167 2658 1610 2725 καταγγέλλεται.
1627 2678 1644 2710 ι
1659 2655 1783 2728 'Ap'

211 2739 310 2796 οὖν
328 2741 402 2806 ὡς
422 2743 707 2814 ἄνθρωπος
737 2746 1100 2815 τετιμημένος
1131 2747 1337 2816 χάριτι,
1365 2748 1445 2816 τῷ
1469 2751 1658 2818 κόσμῳ
1688 2767 1784 2819 κη-

218 2833 517 2902 ρύσσεται;
547 2834 739 2888 Καίτοι
789 2834 920 2888 Θεὸν
964 2835 993 2887 6
1026 2835 1228 2905 κόσμος
1261 2837 1475 2905 ἐπέγνω
1523 2838 1779 2908 Χριστὸν,

210 2926 284 2994 τῇ
329 2925 510 2977 πίστει
539 2924 868 2995 τετιμηκώς.
927 2925 1051 2988 Πῶς
1105 2921 1198 2980 οὖν
1236 2927 1297 2979 οὐ
1327 2927 1478 2993 Θεὸς,
1522 2929 1551 2981 ὁ
1577 2930 1633 2982 ὲν
1657 2927 1783 3001 δόξῃ

213 3017 470 3087 θεότητος
482 3016 556 3088 τῷ
585 3018 773 3088 κόσμῳ
793 3016 1322 3090 καταγγάλόμενοκ

1883 1986 2025 2038 enim
2065 1982 2303 2037 creditur
2328 1980 2395 2034 ad
2418 1979 2705 2049 justitiam.
2733 1994 2826 2034 ore
2851 1988 3035 2034 autem
3079 1978 3138 2032 lit
3177 1977 3441 2034 couicssio

1881 2075 1948 2128 ad
1982 2073 2209 2128 salutem
2247 2072 2311 2125 “.
2349 2090 2367 2122 ι
2401 2070 2455 2125 Si
2488 2071 2668 2140 itaque
2692 2070 2966 2124 Christum
2999 2069 3315 2138 proﬁtentes
3345 2083 3442 2137 per

1883 2165 2038 2217 ﬁdem
2067 2164 2359 2228 saivamur,
2383 2163 2715 2232 verbumque
2743 2159 2864 2216 ﬁdei
2889 2161 2954 2216 de
2978 2159 3066 2215 illo
3096 2159 3438 2229 praedicatum

1881 2252 2144 2322 complexi
2180 2265 2471 2322 purgamur
2508 2262 2563 2306 et
2603 2250 3038 2316 sanctiﬁcamur,
3092 2248 3360 2318 quomodo
3397 2250 3442 2304 is

1880 2357 2039 2400 verus
2066 2342 2204 2398 Deus
2231 2358 2335 2396 non
2369 2343 2490 2396 est?

2238 2453 2318 2510 Es
2346 2456 2579 2525 Epistola
2610 2457 2677 2508 ad
2710 2454 3092 2524 Philippenses.

1959 2586 1977 2620 ι
2013 2563 2152 2634 Quid
2183 2566 2364 2620 enim?
2397 2565 2611 2635 (inquit)
2645 2564 2777 2617 Dum
2809 2564 2956 2616 omni
2997 2559 3174 2626 modo,
3208 2560 3320 2614 sive
3349 2573 3442 2626 per

1883 2660 2242 2722 occasionem,
2271 2658 2383 2710 sive
2417 2671 2510 2724 per
2546 2654 2822 2708 veritatem
2869 2653 3117 2708 Christus
3161 2650 3442 2704 annuntle-

1886 2747 2064 2800 tur“.
2107 2765 2126 2797 ι
2186 2745 2433 2814 Nunquid
2477 2754 2534 2798 ut
2569 2745 2727 2799 homo
2776 2745 2953 2800 divina
3003 2743 3174 2810 gratia
3223 2749 3444 2794 ornatus

1884 2836 2084 2888 mundo
2113 2835 2504 2889 annuntietur?
2551 2835 2709 2903 Atqui
2759 2835 2988 2886 mundus
3033 2831 3305 2887 Christum
3349 2844 3445 2899 per

1884 2927 2042 2979 iidem
2073 2924 2274 2990 colens,
2299 2925 2364 2976 ad
2396 2924 2487 2978 Dei
2521 2925 2844 2994 agnitionem
2873 2923 3134 2978 adductus
3156 2931 3256 2977 est.
3295 2921 3442 2988 Quo-

1886 3017 2042 3070 modo
2070 3016 2115 3069 is
2146 3029 2275 3083 ergo
2309 3013 2451 3069 Deus
2483 3031 2584 3068 non
2612 3025 2715 3081 est,
2737 3016 2824 3082 qui
2875 3015 2926 3068 in
2971 3014 3164 3070 divinae
3195 3013 3443 3082 majesta-

1888 3107 1957 3160 tis
1988 3105 2160 3174 gloria
2188 3106 2385 3160 mundo
2410 3106 2726 3175 praedicatus
2754 3107 2879 3161 est?

293 3214 315 3248 ι
342 3196 770 3260 οΣυναθλοῦντες,
806 3197 962 3268 φησὶ,
997 3200 1062 3269 τῇ
1091 3198 1270 3253 πίστει
1325 3201 1416 3255 τοῦ
1445 3200 1778 3270 Εὐαγγελίου

1958 3215 1976 3249 ι
2010 3196 2410 3252 Collaborantes
2457 3196 2575 3251 fidei
2612 3195 2882 3266 Evangelii
2930 3196 3028 3268 (et
3073 3197 3126 3253 in
3159 3197 3306 3252 nullo
3336 3206 3445 3253 ter-

218 3287 338 3356 (καὶ
359 3286 433 3357 μὴ
457 3287 782 3356 πτυρόμενοι
799 3289 854 3339 ὲν
877 3289 1185 3356 pn6ev16n6
1209 3291 1315 3343 τῶν
1337 3293 1774 3362 ἀντικειμένων),

211 3379 339 3447 ἣτις
384 3377 568 3439 αὐτοῖς
624 3376 721 3445 μέν
772 3379 918 3428 ἐστιν
973 3376 1191 3441 ἔνδειξις
1221 3381 1519 3444 ἀπωλείας,
1568 3385 1694 3452 ύμῖν
1726 3385 1782 3438 δὲ

220 3467 514 3538 σωτηρίας,
553 3466 649 3518 καὶ
679 3465 834 3518 τοῦτο
880 3467 988 3519 ἀπὸ
1017 3467 1150 3520 Θεοῦ
1177 3486 1189 3499 ο
1225 3470 1304 3522 ὅτι
1344 3473 1470 3539 ὑμῖν
1520 3474 1782 3543 ἐχαρίσθη

213 3575 278 3610 το
311 3559 449 3628 ὑπὲρ
482 3553 739 3628 Χριστοῦ,
776 3557 834 3608 οὐ
874 3557 1030 3626 μόνον
1057 3557 1122 3610 τὸ
1166 3561 1244 3622 είς
1296 3561 1456 3613 αὑτὸν
1486 3564 1778 3627 πιστεύειν,

215 3649 353 3701 ἀλλὰ
381 3649 566 3702 καὶτὸ
601 3647 740 3719 ὑπὲρ
783 3646 947 3700 αὑτοῦ
993 3649 1240 3719 πάσχειν.
1281 3670 1298 3700 ι
1355 3651 1416 3703 Ei
1458 3654 1520 3704 ὲν
1564 3655 1783 3722 χάριτος

220 3740 378 3810 μέρει
402 3739 668 3810 δεχόμεθα
710 3739 858 3808 παρὰ
891 3737 1025 3791 Θεοῦ
1060 3740 1120 3793 τὸ
1151 3741 1426 3793 πιστεύειν
1453 3745 1509 3796 ὲν
1539 3743 1778 3814 Χριστῷ,

215 3832 279 3883 οὐ
311 3830 702 3904 πεπλανήμεθα
731 3830 788 3882 δὲ
817 3829 905 3882 διὰ
938 3830 1097 3883 τοῦτο
1141 3831 1362 3900 μᾶλλον,
1392 3833 1507 3886 ἀλλ’
1537 3833 1781 3901 ἐγνώκα-

219 3936 322 3988 μεν
348 3921 438 3974 τὸν
467 3923 624 3988 φύσει
651 3939 712 3974 τε
739 3920 832 3973 καὶ
863 3919 1077 3990 ἀληθῶς
1108 3922 1241 3977 ὄντα
1270 3924 1427 3977 Θεόν·
1461 3926 1577 3989 πῶς
1603 3924 1668 3979 ἂν
1700 3927 1783 3979 ὲν-

214 4009 446 4062 δοιάσειέ
473 4029 576 4076 τις,
611 4014 692 4065 ὅτι
721 4010 851 4073 Θεὸς
882 4011 910 4062 6
937 4011 1204 4080 Χριστό;;

579 4146 680 4199 Ἐκ
707 4140 815 4210 τῆς
849 4141 998 4209 πρὸς
1036 4143 1311 4210 Τιμόθεον
1356 4149 1426 4197 α’.

292 4274 312 4305 ι
358 4255 552 4318 Πιστὸς
580 4259 609 4309 6
651 4255 827 4326 λὸγος,
859 4253 951 4307 καὶ
980 4253 1158 4324 πάσης
1191 4255 1457 4325 αποδοχῆς
1495 4255 1663 4320 ἄξιος,
1698 4257 1779 4310 ὅτι

214 4346 448 4417 Χριστὸς
488 4347 694 4418 Ἰησοῦς
733 4343 894 4416 ἦλθεν
938 4347 1016 4409 είς
1062 4346 1152 4398 τὸν
1183 4347 1383 4415 κόσμον
1428 4346 1780 4415 ἁμαρτωλοὺς

215 4435 410 4497 σῶσαι,
445 4427 520 4488 ὧν
565 4435 782 4507 πρῶτός
823 4436 936 4504 εἰμι
967 4435 1076 4502 ἐγώ
1097 4451 1108 4461 ο
1153 4433 1288 4488 ἀλλὰ
1318 4433 1407 4487 διὰ
1438 4433 1594 4486 τοῦτο
1620 4435 1779 4504 ἠλεή-

1886 3289 2107 3344 rcamini
2136 3288 2202 3341 ab
2227 3288 2594 3356 adversariis),
2630 3302 2749 3357 quae
2780 3287 2885 3342 illis
2920 3302 3077 3343 causa
3127 3289 3444 3357 perditionis

1882 3386 1988 3440 est,
2019 3377 2171 3430 vobis
2204 3385 2380 3428 autem
2412 3375 2599 3430 salutis
2624 3418 2638 3441 ,
2680 3387 2733 3429 et
2765 3378 2864 3431 hoc
2891 3391 2919 3428 a
2955 3377 3064 3432 Deo
3092 3395 3106 3432 :
3136 3381 3257 3446 quia
3293 3378 3443 3432 vobis

1883 3468 2138 3521 donatum
2167 3475 2248 3520 est
2278 3479 2376 3534 pro
2399 3465 2641 3532 Christo,
2674 3480 2778 3520 non
2803 3467 2974 3521 solum
3006 3476 3060 3520 ut
3089 3468 3138 3519 in
3167 3482 3289 3521 eum
3323 3484 3444 3522 cre-

1883 3557 2043 3621 datis,
2075 3557 2168 3611 sed
2201 3564 2257 3609 ut
2290 3555 2451 3609 etiam
2492 3569 2589 3625 pro
2632 3556 2720 3611 illo
2770 3557 3046 3626 patiamini
3081 3559 3144 3612 ⁸³.
3187 3578 3205 3611 ι
3251 3558 3308 3613 Si
3345 3561 3445 3614 hoc

1883 3660 1912 3697 a
1953 3646 2060 3700 Deo
2092 3645 2144 3698 in
2170 3645 2358 3714 gratiae
2406 3645 2526 3700 loco
2558 3646 2852 3714 accipimus
2873 3687 2887 3711 ,
2923 3647 3062 3714 quod
3093 3649 3142 3701 in
3172 3648 3440 3702 Christum

1881 3732 2174 3794 credimus,
2228 3747 2400 3799 neque
2444 3749 2539 3801 per
2591 3733 2689 3786 hoc
2733 3735 2782 3786 in
2821 3741 3060 3790 errorem
3107 3736 3441 3800 abducimur,

1881 3823 1976 3876 sed
2001 3822 2054 3876 in
2079 3822 2194 3891 ejus
2213 3823 2391 3891 potius
2412 3824 2771 3894 cognitionem
2808 3825 3143 3892 adducimur,
3169 3825 3258 3896 qui
3285 3840 3445 3881 verus

1880 3914 2173 3967 secundum
2208 3924 2455 3967 naturam
2501 3915 2639 3969 Deus
2683 3924 2804 3969 est:
2856 3921 3123 3984 quomodo
3169 3918 3441 3972 Christum

1883 4004 2048 4060 Deum
2082 4019 2220 4070 esse,
2259 4007 2528 4076 ambigere
2551 4007 2678 4075 quis
2705 4008 2902 4076 queat?

2198 4136 2356 4209 124
2384 4136 2467 4192 Ea:
2495 4141 2658 4207 priori
2689 4141 2758 4193 ad
2792 4143 3130 4196 Timotheum.

1959 4271 1977 4303 ι
2016 4248 2211 4306 Fidelis
2235 4266 2434 4317 sermo,
2457 4261 2510 4305 et
2534 4251 2680 4306 omni
2716 4254 3028 4322 acceptione
3057 4255 3271 4322 dignus,
3301 4258 3440 4323 quod

1880 4342 2130 4397 Christus
2161 4340 2323 4398 Jesus
2367 4343 2511 4396 venit
2545 4342 2597 4395 in
2653 4342 2796 4398 hunc
2837 4345 3090 4397 mundum
3135 4355 3443 4413 peccatores

1883 4434 2062 4486 salvos
2090 4431 2267 4486 facere
2292 4448 2307 4497 ;
2337 4447 2563 4500 quorum
2593 4435 2797 4500 primus
2836 4448 2934 4502 ego
2969 4450 3085 4486 sum
3118 4451 3131 4487 :
3187 4434 3279 4488 sed
3327 4435 3443 4488 ideo

213 4526 338 4596 θην,
371 4525 459 4577 ἴνα
484 4527 540 4578 ὲν
570 4527 694 4595 ἐμοὶ
725 4523 923 4595 πρώτῳ
946 4522 1154 4595 ἐνδείξῃ
1179 4523 1407 4592 Χριστὸς
1450 4521 1653 4591 Ἰησοῦς
1683 4523 1779 4593 τὴν

1884 4525 2308 4579 misericordiam
2350 4533 2672 4580 consecutus
2734 4541 2878 4590 sum,
2937 4535 2994 4578 ut
3046 4525 3098 4578 in
3149 4541 3232 4578 me
3271 4526 3445 4593 primo

213 4617 434 4669 ἃπασαν
480 4613 879 4684 μακροθυμίαν,
931 4612 1065 4682 πρὸς
1118 4611 1463 4665 ὑποτύπωσιν
1498 4610 1603 4662 τῶν
1651 4612 1777 4680 μελ-

211 4707 413 4759 λόντων
444 4703 716 4756 πιστεύειν
757 4705 842 4757 ἐπ’
871 4703 1020 4772 αὑτῷ
1067 4705 1146 4766 είς
1194 4703 1338 4772 ζωὴν
1378 4704 1612 4755 αἰώνιον.
1661 4721 1678 4752 ι
1717 4703 1777 4754 Ei

213 4790 570 4866 ἁμαρτωλοὺς
617 4791 777 4855 σώζει
821 4792 1074 4863 Χριστὸς,
1126 4795 1220 4844 καὶ
1276 4791 1619 4862 μακροθυμεῖ
1667 4793 1778 4854 τοῖς

213 4882 668 4956 πλημμελήμασι,
716 4879 1000 4949 δεχόμενος
1044 4879 1223 4933 αὐτῶν
1258 4881 1355 4950 τὴν
1403 4882 1774 4951 μετάγνωσινο

210 4978 312 5029 καὶ
341 4977 489 5030 πᾶσα
517 4971 671 5044 ἡμῶν
699 4973 736 5041 ἡ
762 4971 940 5030 πίστις
983 4971 1066 5021 ἐπ’
1107 4970 1276 5038 αὐτῷ,
1321 4973 1414 5024 καὶ
1458 4971 1542 5024 διὰ
1571 4972 1670 5040 τῆς
1701 4974 1778 5033 είς

211 5071 378 5122 αὑτὸν
409 5070 640 5131 πίστεως
666 5065 763 5137 τὴν
793 5063 936 5131 ζωὴν
964 5063 1061 5132 τὴν
1091 5062 1304 5116 αἰώνιον
1336 5067 1773 5136 κεκερδήκαμεν·

213 5157 331 5218 πῶς
364 5159 426 5211 ού
455 5160 584 5222 Θεὸς
633 5159 717 5228 εἴη
764 5156 867 5220 av;
899 5154 978 5207 ὅτι
1027 5152 1122 5205 καὶ
1169 5152 1314 5220 μόνῳ
1345 5153 1462 5222 Θεῷ
1494 5156 1690 5225 πρέποι
1715 5154 1779 5206 ἂν

209 5246 438 5307 εἰκότως
485 5249 544 5299 τὸ
595 5249 686 5300 καὶ
735 5245 926 5310 σώζειν
977 5242 1233 5297 δύνασθαι
1273 5240 1363 5293 τὸν
1397 5245 1622 5313 κόσμον,
1660 5246 1779 5316 ἦτοι

207 5336 339 5396 τοὺς
381 5337 437 5386 ὲν
480 5338 554 5405 τῷ
589 5339 800 5408 κόσμῳ,
833 5339 924 5392 καὶ
976 5334 1342 5406 μακροθυμεῖν
1378 5337 1489 5396 τοῖς
1531 5338 1779 5407 ἁμαρτά.

210 5441 398 5488 νουσι,
466 5427 560 5476 καὶ
623 5426 902 5488 ζωοποιεῖν
966 5426 1052 5479 διὰ
1116 5427 1211 5494 τῆς
1261 5421 1494 5485 πίστεως
1547 5425 1648 5493 τῆς
1701 5426 1780 5488 είς

211 5515 422 5569 ἑαυτόν.

211 5789 258 5819 ⁸⁹
288 5785 484 5856 Epiros.
513 5799 591 5846 ιιι,
630 5780 680 5848 8,
709 5784 761 5837 9.
812 5785 854 5813 “°
882 5783 1072 5853 Epltcs.
1113 5799 1159 5847 v,
1188 5780 1276 5843 '23,
1309 5777 1396 5832 ‘20.
1435 5777 1477 5808 “
1509 5777 1661 5830 Rulli.
1701 5792 1753 5838 at,

1888 5775 1938 5828 0.
1985 5777 2026 5807 ⁶³
2063 5777 2288 5848 Philipp.
2319 5797 2356 5845 ι,
2408 5783 2483 5833 Ιὸ.

1881 4616 2190 4670 ostenderet
2240 4614 2484 4668 Christus
2527 4614 2680 4669 Jesus
2728 4630 2941 4668 omnem
2985 4616 3329 4684 patientiam,
3377 4617 3445 4670 ad

1882 4704 2314 4758 informationem
2347 4719 2532 4756 eorum
2577 4704 2664 4770 qui
2709 4705 2962 4758 credituri
3013 4713 3140 4759 sunt
3173 4705 3247 4758 illi
3289 4705 3340 4758 in
3373 4705 3448 4757 vi-

1883 4805 1990 4847 tam
2019 4803 2274 4847 αξιοι-ηοω
2307 4792 2371 4845 ⁸⁸.
2407 4811 2424 4844 ›
2459 4791 2515 4847 Si
2547 4791 2794 4847 Christus
2817 4789 2972 4846 Jesus
2999 4802 3310 4860 peccatores
3338 4792 3446 4846 salo

1881 4897 1988 4952 vat,
2025 4885 2396 4955 patienterque
2424 4885 2614 4939 delicta
2663 4884 2875 4947 tolerat,
2925 4883 3136 4936 illorum
3179 4881 3448 4949 pmniten.

1883 4979 2009 5031 tiam
2041 4989 2398 5044 exspectans;
2439 4977 2482 5030 si
2514 4987 2625 5054 tota
2662 4976 2792 5030 ﬁdes
2830 4981 3013 5028 nostra
3055 4975 3108 5026 in
3138 4974 3310 5040 ipsum
3337 4974 3446 5026 fer-

1883 5080 1988 5133 tur,
2020 5078 2072 5122 et
2100 5083 2192 5136 per
2220 5068 2376 5120 fidem
2404 5067 2656 5134 denique,
2687 5079 2804 5131 quat
2833 5072 2915 5116 est
2947 5064 2998 5115 in
3043 5062 3215 5129 ipsum
3237 5103 3250 5124 ,
3279 5063 3442 5116 vitam

1880 5168 2135 5210 aeternam
2195 5155 2587 5224 adipiscimur:
2638 5152 2906 5220 quomodo
2969 5167 3074 5205 non
3134 5162 3217 5206 est
3264 5149 3441 5205 Deus?

1882 5245 2312 5314 qundoquidem
2340 5242 2615 5304 mundum,
2647 5242 2746 5295 hoc
2773 5252 2874 5306 est,
2906 5257 3000 5298 eos
3033 5245 3122 5313 qui
3161 5245 3212 5297 in
3246 5243 3440 5296 mundo

1883 5336 1984 5388 hoc
2033 5335 2272 5400 degunt,
2324 5343 2482 5396 posse
2530 5331 2778 5399 salvare,
2823 5333 3198 5402 longanimiter
3258 5331 3442 5384 adliteo

1883 5433 2190 5493 peccatores
2227 5423 2385 5486 ferre,
2437 5422 2601 5476 vitam
2636 5435 2907 5494 postremo
2950 5438 3045 5492 per
3081 5420 3237 5476 fidem
3284 5421 3335 5473 in
3380 5421 3444 5474 il-

1883 5519 1991 5566 lum
2033 5512 2328 5580 impertiri;
2359 5513 2410 5567 id
2443 5516 2635 5572 merito
2667 5516 2718 5569 in
2753 5519 2922 5570 solum
2957 5512 3119 5566 Deum
3153 5513 3444 5566 convenire

1880 5613 2083 5672 oportel
2096 5645 2107 5657 .

2566 5783 2607 5810 ⁸³
2639 5782 2765 5832 ibid.
2804 5781 2893 5833 23.
2974 5780 3015 5809 ⁶’⁶
3049 5778 3066 5832 l
3103 5777 3243 5831 Tim.
3281 5790 3317 5840 l,
3358 5777 3444 5830 l5.
