4116 6474
721 398 840 457 1551

1701 386 1757 439 S.
1801 379 2075 438 CYRiLLl
2115 375 2579 432 ALEXANDltINI
2618 372 2932 429 AllClllEP.

3827 354 3848 406 1
3859 353 3946 405 33‘:

788 529 808 563 ι
850 511 914 564 Et
958 507 1240 562 manifeste
1282 519 1530 575 magnum
1570 513 1651 556 est
1696 503 1911 570 pietatis
1970 510 2275 554 sacramen-

2459 514 2475 543 ι
2523 495 2632 548 Καὶ
2663 488 3103 564 ὁμολογουμένως
3143 487 3284 556 μέγα
3310 481 3427 536 ἐστὶ
3454 477 3514 530 τὸ
3540 475 3638 575 της
3673 468 3949 575 suffiit;

715 617 852 665 tum,
885 597 1027 668 quod
1062 595 1462 651 manifestatum
1488 602 1571 648 est
1603 592 1653 644 in
1694 603 1893 652 carne,
1921 588 2272 656 justiﬁcatum

714 698 797 741 cst
837 689 888 741 in
934 685 1162 756 Spiritu,
1211 685 1459 754 apparuit
1505 680 1737 748 angelis,
1790 679 2135 748 prmdicatum
2194 682 2278 729 est

716 779 985 847 gentibus,
1033 777 1294 832 creditum
1327 785 1410 830 est
1457 775 1507 828 in
1561 771 1791 836 mundo,
1828 779 2159 838 assumptum
2197 774 2281 820 est

722 869 772 921 in
813 867 983 938 gloria
1017 867 1083 919 ⁸⁸.
1121 885 1140 916 ι
1171 865 1302 932 Quis
1333 867 1398 929 is,
1427 876 1631 932 qumso,
1654 871 1758 923 est,
1789 862 1878 930 qui
1905 862 1957 915 in
1986 873 2148 915 carne
2172 871 2279 911 ma-

724 958 1006 1012 nifestatus
1033 956 1154 1011 est?
1192 957 1377 1009 Annon
1428 953 1599 1007 modis
1641 952 1892 1007 omnibus
1941 949 2277 1018 perspicuum

722 1058 824 1109 est,
861 1062 968 1102 non
1017 1047 1180 1101 alium
1217 1060 1371 1108 esse,
1421 1059 1579 1114 quam
1636 1031 1922 1113 ipsummet
1967 1040 2058 1095 Dei
2109 1037 2282 1093 Patris

727 1131 994 1188 Verbum?
1026 1131 1159 1187 Hinc
1190 1146 1419 1200 namque
1458 1146 1706 1202 magnum
1750 1129 1874 1183 illud
1921 1127 2136 1197 pietatis
2166 1139 2282 1193 my-

726 1224 949 1278 sterium
1007 1222 1351 1291 perspicitur.
1399 1220 1497 1276 Hic
1541 1231 1716 1274 autem
1771 1218 1838 1271 ab
1888 1218 2093 1287 angelis
2137 1215 2281 1269 visus

725 1325 828 1378 cst,
863 1327 980 1366 cum
1013 1313 1067 1367 in
1101 1312 1295 1367 caelum
1327 1319 1609 1377 susceptus
1634 1317 1748 1372 est;
1778 1308 2094 1376 praedicatus
2125 1315 2283 1373 porro

726 1404 973 1473 gentibus
1005 1413 1087 1459 est
1111 1418 1205 1473 per
1235 1412 1453 1458 sanctos
1486 1400 1754 1469 apostolos
1788 1420 1799 1455 :
1841 1400 2077 1454 creditus
2104 1405 2280 1450 autem

726 1502 808 1546 est.
835 1494 886 1547 in
915 1494 1133 1548 mundo.
1172 1492 1277 1549 Sed
1319 1492 1557 1560 nunquid
1593 1490 1734 1544 istud
1765 1489 1910 1544 velut
1937 1490 2095 1543 homo
2125 1486 2282 1540 abso-

729 1586 835 1638 lute
869 1593 926 1637 ut
954 1585 1088 1638 nos?
1112 1583 1478 1652 Nequaquam,
1509 1595 1694 1636 verum
1725 1591 1783 1635 ut
1823 1579 1966 1634 Deus
2011 1580 2062 1632 in
2101 1590 2282 1641 carne,

729 1673 990 1742 nobisque
1016 1673 1207 1728 similis
1233 1672 1479 1727 eﬁ'ectus.
1509 1671 1832 1740 Assumptus
1866 1669 2076 1723 tandem
2119 1676 2198 1721 est
2232 1666 2284 1718 in

729 1764 937 1832 gloria,
986 1780 1091 1835 quo
1139 1765 1306 1821 Deum
1352 1773 1406 1820 et
1462 1764 1677 1820 Patrem
1731 1765 1995 1819 dicentem
2054 1761 2282 1815 audiat:

736 1875 754 1906 ι
788 1855 925 1911 Sede
953 1872 984 1910 a
1013 1857 1218 1912 dextris
1256 1857 1412 1921 meis,
1442 1858 1612 1911 donec
1651 1870 1845 1925 ponam
1895 1852 2139 1908 inimicos
2170 1862 2287 1906 tuos

729 1945 1019 2002 scabellum
1044 1947 1242 2016 pedum
1277 1957 1489 2003 tuorum
1514 1949 1578 2001 ⁸⁸.
1617 1965 1635 1998 ›

1173 2081 1259 2137 Ea:
1295 2081 1535 2151 Epistula
1564 2083 1633 2136 ad
1663 2081 1856 2136 Titum.

805 2212 822 2242 ι
857 2191 1060 2247 Fidelis
1081 2205 1259 2246 sermo
1280 2201 1365 2246 est
1387 2205 1403 2245 :
1431 2198 1483 2245 et
1509 2191 1576 2245 de
1602 2190 1684 2244 his
1706 2188 1826 2243 volo
1853 2199 1902 2241 te
1924 2187 2246 2241 conﬁrmare
2269 2205 2283 2252 ;

731 2291 786 2336 ιιι
845 2291 1036 2338 curent
1088 2282 1243 2336 bonis
1307 2281 1560 2350 operibus
1624 2294 1856 2348 praeesse
1919 2280 2009 2346 qui
2065 2279 2292 2332 credunt

734 2373 839 2427 Deo
865 2373 929 2426 ⁸⁷.
965 2390 983 2424 ι
1017 2370 1266 2441 Nunquid
1307 2372 1396 2440 qui
1445 2371 1497 2425 in
1545 2368 1710 2425 Deum
1743 2369 1992 2432 credunt,
2029 2369 2080 2422 in
2134 2368 2290 2422 Chri-

731 2467 868 2520 stum
914 2479 1018 2518 non
1069 2464 1334 2518 credunt?
1372 2461 1531 2530 Atqui
1561 2461 1750 2516 beatus
1793 2460 2024 2516 Joannes
2069 2462 2181 2515 haec
2227 2461 2294 2515 de

733 2556 821 2607 illo
872 2555 1071 2609 diserte
1113 2555 1371 2622 exponit:
1405 2573 1424 2606 ι
1484 2553 1787 2622 Quotquot,
1829 2554 2033 2620 inquit,
2073 2567 2294 2621 recepe-

733 2655 850 2702 runt
883 2661 1027 2712 eum,
1059 2645 1207 2699 dedit
1235 2646 1314 2698 eis
1357 2654 1679 2714 potestatem
1733 2644 1874 2698 ﬁlios
1904 2644 1996 2697 Dei
2037 2643 2174 2706 ﬁeri,
2209 2643 2292 2696 his

731 2737 819 2803 qui
857 2735 1013 2806 125
1059 2738 1283 2791 credunt
1331 2736 1382 2790 in
1423 2736 1638 2790 nomine
1679 2734 1795 2804 ejus
1820 2734 1885 2789 ⁸⁸.
1926 2754 1944 2787 ι
1993 2732 2295 2791 Subscribit

736 2830 818 2879 his
845 2842 894 2881 et
923 2829 1035 2896 ipse
1057 2829 1246 2882 beatus
1264 2826 1462 2880 Paulus
1481 2841 1693 2896 quoque
1716 2843 1730 2880 ε
1754 2826 1831 2878 ait
1855 2825 1996 2878 enim
2022 2840 2038 2876 :
2068 2842 2085 2874 ι
2108 2821 2294 2878 Scien-

736 2917 816 2974 tes
849 2917 990 2985 quod
1022 2931 1128 2969 non
1155 2914 1487 2984 jnstiﬁcatur
1522 2915 1680 2967 homo
1728 2928 1793 2966 ex
1834 2911 2085 2978 oneribus
2122 2910 2254 2978 legis
2277 2949 2294 2975 ,

737 3006 836 3058 nisi
864 3020 960 3073 per
987 3005 1141 3058 ﬁdem
1174 3002 1298 3057 Jcsu
1327 3003 1564 3066 Christi;
1601 3010 1652 3055 et
1692 3015 1787 3054 nos
1831 2999 1884 3052 in
1919 2997 2134 3052 Christo
2169 2995 2295 3051 Jesu

737 3095 1086 3159 credidimus,
1117 3103 1173 3148 ut
1195 3094 1552 3164 justiﬁcemur
1584 3092 1636 3147 in
1668 3093 1783 3161 ipso
1811 3091 1875 3142 “.
1927 3109 1947 3141 ›
1977 3090 2109 3144 Cum
2138 3087 2299 3158 igitur

735 3187 826 3253 qui
865 3186 1080 3241 Christo
1107 3186 1262 3240 ﬁdem
1296 3185 1548 3248 oﬁ‘erunt,
1589 3185 1641 3237 in
1675 3185 1840 3238 Deum
1869 3181 2109 3246 credant,
2156 3194 2293 3250 quo-

740 3281 895 3334 modo
924 3279 1169 3335 Christus
1195 3295 1299 3333 non
1334 3287 1413 3332 cst
1445 3291 1604 3332 verus
1637 3274 1816 3330 Deus?

1111 3476 1262 3542 Quod
1298 3476 1426 3543 ﬁdes
1451 3475 1518 3529 sit
1553 3473 1606 3527 in
1637 3473 1926 3529 Christum.

1007 3588 1089 3641 Ex
1125 3587 1408 3656 Evangelia
1438 3588 1720 3641 secundum
1751 3583 2031 3639 Joannem.

818 3719 837 3752 ι
874 3699 1146 3768 Quotquot
1174 3708 1352 3753 autem
1383 3705 1702 3766 receperunt
1731 3709 1874 3758 eum,
1909 3691 2054 3746 dedit
2098 3691 2176 3746 eis
2205 3703 2304 3759 po-

742 3801 991 3846 teStatem
1026 3788 1164 3842 ﬁlios
1197 3786 1290 3842 Dei
1330 3787 1469 3851 ﬁeri,
1506 3787 1591 3842 his
1627 3786 1717 3855 qui
1748 3782 1978 3840 credunt
2008 3782 2058 3835 in
2092 3782 2308 3837 nomine

743 3882 877 3950 ejus.
917 3898 936 3931 ι
977 3879 1091 3933 Duo
1114 3895 1232 3949 quae
1263 3879 1315 3932 in
1351 3877 1518 3932 Deum
1551 3877 1838 3947 quadrant,
1866 3873 2194 3942 coniunctim
2222 3872 2310 3926 hic

744 3971 892 4039 ponit
922 3986 936 4023 :
973 3985 1076 4024 non
1108 3971 1250 4026 enim
1289 3969 1390 4023 alia
1433 3969 1646 4023 ratione
1693 3967 1964 4022 Christum
1999 3963 2310 4032 complecti-

748 4079 886 4127 mur,
913 4077 1074 4127 quam
1104 4063 1243 4131 quod
1272 4061 1374 4116 ﬁde
1421 4061 1474 4115 in
1509 4060 1660 4114 illum
1694 4060 1984 4120 tendimus,
2036 4057 2137 4109 hoc
2181 4068 2310 4108 vero

746 4156 1014 4220 declarat,
1051 4154 1175 4207 dum
1213 4153 1334 4207 ait:
1392 4170 1411 4202 ι
1451 4150 1547 4205 His
1591 4150 1680 4219 qui
1729 4149 1953 4203 credunt
1998 4148 2048 4198 in
2093 4143 2310 4212 nomine

747 4246 859 4312 ejus
888 4262 900 4296 :
937 4265 954 4296 ι
998 4245 1268 4299 credimus
1292 4251 1469 4295 autem
1501 4240 1552 4294 in
1581 4239 1796 4293 nomine
1819 4238 1955 4306 ejus,
1990 4250 2094 4289 non
2122 4233 2308 4302 vulga-

745 4352 880 4399 rem,
929 4335 1204 4400 nostrique
1245 4332 1475 4389 similem
1527 4330 1796 4385 hominem
1843 4329 1968 4390 rati,
2011 4327 2103 4381 sed
2141 4325 2308 4380 Deum

746 4430 1108 4480 incarnatum.
1137 4423 1369 4478 Rursum
1402 4423 1543 4491 quod
1568 4429 1886 4491 potestatem
1922 4421 2015 4472 dat
2051 4418 2187 4473 ﬁlios
2212 4416 2307 4470 Dei

2380 556 2710 654 pucrﬁptov:
2751 556 2880 641 Θεὸς
2910 556 3222 645 ἐφανερώθη
3257 573 3316 623 ὲν
3348 565 3532 639 σαρκὶ,
3562 556 3874 654 ἐδικαιώθη
3905 559 3951 605 ἐν

2378 650 2673 742 Πνεύματι,
2692 670 2844 739 ὤφθη
2875 665 3143 732 ἀγγέλοις,
3173 660 3452 731 ἐκηρύχθη
3478 659 3535 710 ἐν
3565 653 3816 742 ἔθνεσιν,
3850 650 3953 742 ἐπεῖ

2380 737 2574 832 στεύθη
2601 764 2658 813 ὲν
2684 737 2889 825 κόσμῳ,
2918 751 3191 821 ἀνελήφθη
3219 752 3274 801 ὲν
3297 749 3446 818 δόξῃ.
3480 765 3498 796 ι
3525 741 3684 832 Τίςὸ
3716 738 3776 788 ὲν
3800 737 3952 832 σαρκὶ

2380 824 2747 921 φανερωθείς;
2839 842 2996 913 δῆλον
3025 841 3105 893 ὅτι
3141 838 3318 904 πάντη
3350 853 3410 887 τε
3444 835 3536 886 καὶ
3572 831 3810 921 πάντως
3837 824 3866 874 ὁ
3899 825 3951 921 εκ

2379 913 2757 1009 Θεοῦ-[ἰατρὸς
2789 913 2990 1001 Ᾰόγοςς
3022 929 3175 984 Οὕτω
3222 925 3329 994 γὰρ
3372 924 3520 975 ἔσται
3573 919 3728 990 μέγα
3761 914 3823 966 τὸ

2380 1005 2678 1095 ειῖισεϐείτμς⁷
2709 1024 3023 1098 μυστήριον.
3073 1019 3206 1082 Θεὸς
3265 1011 3588 1083 ἐφανερώθη
3645 1011 3713 1062 ὲν
3775 1005 3947 1098 σαρκί,

2381 1121 2538 1192 ὤφθη
2566 1122 2624 1174 δὲ
2645 1094 2907 1188 νάἧγέλοις
2937 1110 3242 1165 ἀναϐαίνων
3271 1106 3350 1168 είς
3391 1100 3696 1192 οὐρανούς·
3761 1094 3948 1192 ἐκηρζῷ

2381 1183 2487 1283 χθή
2526 1183 2589 1264 εν
2617 1183 2791 1263 ἔθνεσι
2820 1203 2910 1258 διὰ
2942 1200 3049 1255 τῶν
3082 1198 3250 1268 ἁγίων
3277 1191 3615 1248 ἀποστόλων.
3657 1183 3950 1248 ἐπιστεύθη

2379 1276 2436 1358 δὲ
2475 1276 2540 1358 εν
2575 1303 2794 1370 κόσμῳο
2846 1295 2941 1347 καὶ
2973 1291 3088 1345 οὔτι
3139 1289 3240 1342 πού
3285 1300 3486 1357 φαμεν,
3536 1277 3796 1370 ὅτικαθῖ
3820 1276 3951 1370 ἧμας

2383 1366 2919 1465 ἄνθρωπος-ἅπλῶς,
2952 1382 3064 1437 ἀλλ’
3094 1380 3168 1444 ὡς
3211 1379 3343 1442 Θεὸς
3380 1376 3439 1428 ὲν
3484 1369 3657 1441 σαρκὶ
3707 1366 3810 1465 καὶ

2383 1456 2531 1555 ἡμές
2561 1479 2818 1552 γεγονώς.
2859 1473 3157 1543 Ἀνελήφθη
3206 1470 3263 1524 δὲ
3307 1468 3401 1522 καὶ
3451 1465 3510 1555 εν
3542 1462 3706 1555 δόξηὶ
3737 1458 3843 1555 ,ἶνα
3873 1456 3950 1555 λε-

2385 1546 2585 1642 έὸντὸξ
2615 1546 2819 1638 ὀικούσῃ
2850 1563 2942 1619 τοῦ
2986 1561 3121 1616 Θεοῦ
3168 1560 3262 1615 καὶ
3298 1554 3541 1627 Πατρός·
3589 1571 3609 1603 ‹
3666 1547 3880 1642 Κάθου-
3900 1546 3951 1594 ἐκ

2385 1635 2574 1730 δεξιῶν
2621 1679 2743 1734 μου,
2899 1655 2970 1710 ἂν
3008 1652 3086 1706 θῶ
3114 1653 3239 1715 τοὺς
3279 1645 3507 1719 ἐχθρούς
3544 1660 3640 1696 σου
3673 1635 3952 1693 ὑποπόδιον

2387 1757 2494 1810 τῶν
2524 1753 2697 1808 ποδῶν
2728 1766 2840 1804 σου.
2890 1765 2908 1798 ι

2841 2049 2942 2102 Ἐκ
2989 2045 3099 2114 τῆς
3132 2044 3282 2114 πρὸς
3319 2042 3506 2099 Τίτον.

2467 2191 2485 2222 ι
2531 2165 2726 2228 Πιστὸς
2768 2163 2796 2215 ὁ
2841 2159 3030 2227 λόγος’
3061 2157 3157 2210 καὶ
3184 2154 3311 2224 περὶ
3356 2150 3561 2206 τούτων
3594 2143 3862 2216 βούλομαί
3906 2160 3956 2194 σε

2390 2254 2850 2316 διαϐεϐαιοῦσθαι,
2897 2251 2986 2304 ἵνα
3014 2247 3341 2319 φροντίζωσι
3385 2239 3570 2296 καλῶν
3611 2238 3798 2308 ἔργων
3835 2251 3957 2301 προ⁹

2396 2350 2638 2406 ίστασθαι
2667 2347 2716 2399 oi.
2737 2339 3160 2402 πεπιστευκότες
3181 2336 3259 2407 τῷ
3287 2333 3424 2405 Θεῷ.
3456 2351 3474 2383 ι
3500 2327 3631 2398 'Ap‘
3655 2324 3752 2381 οὖν
3777 2327 3825 2378 οί
3852 2324 3960 2392 Θεῴ

2393 2441 2758 2500 πιστεύοντες,
2781 2435 2881 2487 οὐκ
2906 2433 2986 2495 είς
3019 2429 3252 2501 Χριστὸν
3284 2421 3723 2483 πεπιστεύκασι;
3779 2415 3962 2469 Καίτοι

2392 2539 2564 2605 λέγων
2589 2534 2782 2604 ὁρᾶται
2818 2527 3051 2599 σαφῶςὸ
3087 2523 3354 2596 μακάριος
3395 2519 3658 2584 Ἰωάννης
3701 2509 3963 2605 «epidau-

2391 2600 2519 2681 τοῦ·
2557 2645 2575 2677 ι
2613 2600 2765 2679 λΟσοι
2802 2623 2861 2676 δὲ
2905 2618 3097 2674 ἔλαϐον
3134 2613 3318 2677 αὑτὸν,
3364 2611 3566 2664 ἔδωκεν
3593 2605 3784 2664 αὐτοῖς
3827 2600 3966 2665 ἐξου-

2395 2717 2515 2770 σίαν
2559 2714 2724 2768 τέκνα
2767 2711 2902 2765 Θεοῦ
2953 2705 3226 2776 γενέσθαι,
3260 2702 3374 2765 τοῖς
3413 2697 3772 2752 πιστεύουσιν
3809 2691 3887 2750 είς
3913 2688 3967 2738 τὸ

2394 2811 2564 2878 ὄνομα
2592 2803 2779 2859 αὑτοῦ.
2818 2821 2837 2853 ι
2876 2800 2988 2855 Καὶ
3011 2799 3118 2868 μὴν
3143 2795 3237 2849 καὶ
3270 2791 3430 2853 αὐτὸς
3461 2789 3489 2839 ὁ
3521 2784 3800 2878 μῆκᾴριος
3829 2779 3968 2878 Bai}:

2395 2869 2518 2962 λος·
2567 2915 2586 2950 ι
2623 2895 2835 2956 Είδότες
2879 2891 2937 2944 δὲ
2983 2889 3067 2942 ὃτι
3115 2886 3175 2940 οὐ
3225 2878 3531 2937 δικαιοῦται
3578 2873 3868 2943 ἄνθρωπος
3914 2869 3971 2962 εξ

2398 2992 2574 3065 ἔργων
2603 2989 2791 3058 νόμου,
2829 2983 2924 3036 ἐὰν
2965 2978 3042 3051 μὴ
3083 2976 3172 3031 διὰ
3207 2973 3442 3034 πίστεως
3483 2965 3661 3038 Ἰησοῦ
3697 2961 3967 3065 Χριστοῦ·

2400 3055 2494 3138 καί
2542 3055 2702 3153 ἡμεῖς
2751 3078 2830 3141 είς
2885 3071 3120 3145 Χριστὸν
3162 3065 3367 3140 Ἰησοῦν
3413 3058 3845 3153 ἐπιστεύσαμεν,
3888 3055 3969 3109 ἴνα

2401 3171 2779 3242 δικαιωθῶμεν
2805 3170 2863 3221 ὲν
2884 3164 3050 3234 αὐτῷ.
3075 3182 3094 3214 ι
3121 3161 3249 3215 Ὅτε
3276 3157 3453 3212 τοίνυν
3475 3151 3594 3220 Θεῷ
3622 3147 3971 3202 πιστεύουσιν

2399 3266 2450 3319 οί
2478 3238 2696 3334 Χριστῷ
2725 3259 2822 3329 τὴν
2852 3256 3032 3309 πίστιν
3076 3250 3463 3323 προσάγοντες,
3499 3241 3619 3304 πῶς
3645 3242 3752 3293 οὐκ
3797 3239 3865 3292 ἃν
3891 3238 3973 3307 εἴη

2400 3353 2531 3415 Θεὸς
2559 3349 2762 3419 ἀληθής
2782 3365 2796 3412 ;

2753 3463 2880 3513 Ὅτι
2910 3461 2996 3523 είς
3023 3453 3281 3524 Χριστὸν
3317 3451 3357 3519 ἡ
3393 3451 3620 3516 πίστις.

2607 3574 2702 3625 Ἐκ
2741 3570 2846 3624 τοῦ
2881 3567 3031 3623 κατὰ
3079 3565 3355 3632 Ἰωάννην
3384 3559 3784 3632 Εὑαγγελίου.

2483 3706 2500 3738 ι
2534 3687 2688 3740 Ὅσοι
2739 3683 2795 3737 δὲ
2822 3680 3013 3735 ἔλαϐον
3041 3677 3225 3743 αὑτὸν,
3259 3676 3458 3730 ἔδωκεν
3503 3675 3689 3736 αὐτοῖς
3733 3671 3975 3737 ἐξουσίαν

2407 3779 2573 3832 τέκνα
2598 3775 2731 3829 Θεοῦ
2762 3772 3034 3842 γενέσθαι,
3065 3771 3178 3833 τοῖς
3223 3768 3566 3822 πιστεύουσιν
3609 3766 3690 3828 εἰς
3723 3763 3786 3816 τὸ
3814 3765 3977 3831 ὄνομα

2408 3869 2592 3923 αὑτοῦ.
2635 3887 2653 3919 ι
2684 3866 2788 3920 Δύο
2818 3862 2961 3918 κατὰ
3005 3861 3201 3914 ταυτὸν
3229 3858 3408 3925 τίθησι
3451 3853 3771 3921 θεοπρεπῆο
3814 3868 3976 3918 παρα-

2410 3958 2741 4026 λαμϐάνεται
2790 3955 2896 4024 γὰρ
2927 3953 3024 4020 οὐχ
3066 3949 3270 4019 ἑτέρως
3313 3947 3443 4016 παρ’
3478 3942 3638 4012 ἡμῶν
3666 3944 3696 3996 ὁ
3727 3939 3970 4010 Χριστός·

2411 4050 2550 4119 πλὴν
2574 4049 2656 4101 ὅτι
2680 4047 2737 4099 δὲ
2765 4047 2844 4107 είς
2873 4042 3034 4096 αὑτὸν
3063 4039 3263 4102 πίστις,
3312 4035 3563 4105 σαφηνιεῖ
3591 4032 3652 4085 τὸ
3681 4031 3976 4102 προκείμε-

2409 4156 2530 4194 νον’
2580 4158 2598 4190 ι
2650 4139 2773 4200 Τοῖς
2810 4135 2918 4204 γὰρ
2962 4131 3296 4194 πιστεύουσι,
3345 4126 3528 4197 φησιν,
3578 4126 3659 4188 είς
3711 4124 3776 4176 τὸ
3817 4123 3974 4190 ὄνομα

2410 4229 2598 4286 αὐτοῦ.
2636 4248 2654 4280 ι
2692 4225 3032 4296 Πιστεύομεν
3060 4224 3116 4277 δὲ
3147 4223 3225 4286 είς
3249 4221 3310 4274 τὸ
3354 4220 3523 4288 ὄνομα
3551 4215 3744 4279 αὐτοῦ,
3773 4215 3873 4268 οὐκ
3895 4215 3975 4267 ἂν·

2413 4324 2630 4391 θρωπον
2658 4313 2797 4371 εἶναι
2817 4315 2999 4371 κοινὸν·
3018 4313 3114 4367 καὶ
3135 4314 3231 4366 ἕνα
3252 4311 3359 4364 τῶν
3383 4308 3504 4362 καθ’
3529 4308 3678 4377 ἡμᾶς
3706 4303 3973 4358 πιστεύον-

2413 4428 2522 4474 τες,
2548 4408 2684 4462 ἀλλὰ
2724 4407 2857 4461 Θεὸν
2883 4402 3360 4477 ὲνηνθρωπηκότα.
3392 4400 3508 4453 Οὐκ
3540 4395 3882 4466 ἀνθρώπινον
3924 4392 3974 4445 δὲ

747 4515 887 4576 ﬁeri,
920 4529 1026 4567 non
1061 4514 1423 4567 humanarum
1456 4511 1649 4564 virium
1678 4519 1779 4573 est,
1810 4511 1901 4564 sed
1932 4509 2124 4563 divinae
2155 4516 2295 4561 natu-

2414 4504 2474 4556 τὸ
2505 4501 2752 4566 ἐξουσίαν
2794 4499 2992 4552 διδόναι
3024 4495 3188 4550 τέκνα
3217 4493 3351 4547 Θεοῦ
3379 4489 3653 4560 γενέσθαι,
3686 4484 3974 4576 θεοπρεπὲς

745 4617 819 4655 ne
849 4616 1010 4668 opus,
1045 4599 1410 4668 quiddamque
1433 4599 1685 4651 universa
1715 4607 1962 4651 creatura
1999 4595 2305 4650 sublimius.

745 4684 878 4740 Cum
913 4686 1046 4739 ﬁdes
1066 4699 1194 4751 ergo
1231 4685 1283 4737 in
1310 4685 1485 4752 ipsum
1521 4684 1796 4739 Christum
1834 4685 2034 4747 tendat,
2066 4684 2311 4751 idemque

2408 4594 2463 4646 δὲ
2501 4592 2699 4663 μᾶλλον
2729 4590 2825 4644 καὶ
2852 4587 3116 4658 ὑπὲρ-τὴν
3143 4585 3340 4638 κτίσιν.
3365 4581 3493 4636 Ὅτε
3519 4579 3703 4633 τοίνυν
3722 4579 3804 4640 εἰς
3825 4573 3972 4630 αὑτὸν

2412 4687 2445 4755 ἡ
2476 4685 2677 4746 πίστις,
2713 4682 2806 4735 καὶ
2839 4679 2999 4743 αὐτὸς
3028 4677 3210 4731 δίδωσι
3237 4675 3335 4746 τῆς
3369 4671 3640 4735 υἱοθεσίας
3668 4670 3772 4740 τὴν
3802 4669 3967 4739 χάριν·

746 4779 837 4832 det
866 4776 1096 4844 gratiam
1129 4782 1188 4828 ut
1219 4774 1310 4827 lilii
1339 4774 1432 4829 Dei
1465 4773 1782 4838 efﬁciamur,
1815 4775 2081 4843 quomodo
2104 4789 2287 4828 nones

2412 4777 2527 4838 πῶς
2555 4776 2615 4828 οὐ
2645 4775 2776 4836 Θεὸς
2809 4775 2836 4826 ὁ
2863 4769 3129 4842 Χριστός;

746 4869 924 4923 Deus?

823 4978 841 5009 ι
876 4957 987 5012 Hoc
1016 4956 1141 5011 fecit
1167 4955 1374 5009 initium
1399 4954 1672 5023 signorum
1701 4955 1857 5010 Jcsus
1898 4957 1950 5009 in
1986 4957 2130 5010 Cana
2167 4956 2311 5012 Gali-

747 5051 879 5112 la‘ae,
911 5057 963 5102 et
994 5044 1360 5100 manifestavit
1390 5044 1614 5113 gloriam
1652 5061 1802 5099 suam
1830 5061 1844 5097 :
1880 5056 1932 5098 et
1964 5047 2312 5100 crediderunt

747 5144 798 5194 in
822 5154 944 5194 eum
973 5137 1220 5206 discipuli
1249 5137 1365 5207 ejus
1390 5137 1458 5189 ’°.
1492 5156 1510 5188 ›
1543 5135 1709 5206 Signo
1735 5149 1974 5206 peracto,
2003 5138 2313 5206 Christique

745 5229 911 5300 gloria
954 5226 1325 5292 manifestata,
1358 5226 1411 5279 in
1445 5240 1623 5291 quem,
1653 5239 1855 5291 quaeso,
1887 5224 2024 5278 beati
2056 5224 2130 5277 illi
2161 5225 2313 5276 disci-

747 5322 854 5386 puli
883 5319 1277 5374 crediderunt?
1307 5317 1548 5385 nunquid
1581 5317 1631 5369 itt
1679 5316 1950 5369 hominem
1995 5314 2312 5384 simpliciter

746 5411 1037 5465 sanctum?
1075 5411 1236 5478 Atqui
1266 5419 1390 5463 ante
1428 5411 1635 5478 signum
1678 5408 1876 5461 editum
1933 5406 2080 5468 illum
2119 5421 2310 5474 seque-

746 5507 940 5558 buntur
975 5513 1230 5571 tanquam
1266 5502 1441 5556 virum
1472 5509 1715 5555 sanctum
1751 5499 2018 5552 admirati.
2055 5499 2129 5553 Ex
2163 5499 2314 5566 signo

749 5594 927 5662 itaque
986 5604 1304 5663 potestatem
1367 5593 1600 5647 humana
1661 5589 1914 5659 majorem
1982 5591 2056 5644 illi
2128 5591 2313 5644 adesse

785 5752 828 5784 ⁶⁶
859 5751 885 5804 1
921 5750 1058 5805 Tim.
1105 5765 1184 5816 ιιι,
1225 5749 1308 5804 16.
1401 5750 1441 5779 ⁸⁸
1473 5748 1592 5805 Psal
1654 5763 1763 5814 uix,
1807 5748 1851 5799 l.

1933 5749 1970 5777 ⁶⁷
2004 5747 2082 5799 Tit
2143 5760 2220 5810 ιιι,
2255 5746 2304 5798 8.
2388 5743 2604 5799 "Joatt.
2645 5757 2681 5808 I,
2729 5741 2787 5796 I2

2495 4975 2510 5004 ι
2559 4951 2773 5020 Ταύτην
2810 4949 3063 5016 ἐποίησεν
3092 4945 3267 5018 ἀρχὴν
3291 4943 3397 4997 τῶν
3423 4939 3666 5012 σημείων
3708 4940 3739 4991 ὁ
3783 4936 3970 5009 ’ῐησσῐς

2419 5049 2476 5099 ὲν
2508 5044 2659 5115 Κανᾷ
2697 5043 2793 5110 τῆς
2839 5037 3149 5101 Γαλιλαίας,
3200 5037 3295 5089 καὶ
3335 5032 3646 5103 ἑφανέρωσε
3684 5031 3787 5100 τὴν
3833 5029 3973 5092 δόξαν

2419 5135 2582 5189 αὐτοῦ
2601 5153 2614 5167 ·
2647 5135 2736 5187 καὶ
2758 5131 3083 5184 ἐπίστευσαν
3103 5130 3184 5190 εἰς
3214 5127 3375 5180 αὐτὸν
3394 5125 3443 5178 οἱ
3475 5123 3716 5195 μαθηταὶ
3741 5122 3921 5174 αὐτοῦ.
3955 5138 3969 5169 ι

2419 5226 2706 5294 Γεγονὸτος
2754 5222 2861 5294 ἄρα
2891 5221 2983 5274 τοῦ
3016 5219 3266 5290 σημείου,
3313 5216 3409 5271 καὶ
3448 5214 3865 5284 φανερώσαντος
3897 5210 3973 5263 τοῦ

2419 5315 2651 5386 Χριστοῦ
2676 5316 2772 5384 τὴν
2798 5313 2954 5376 δόξαν
2988 5310 3175 5373 αὑτοῦ,
3200 5308 3275 5370 ὡς
3308 5310 3386 5370 είς
3413 5307 3532 5359 τίνα
3561 5303 3972 5356 πεπιστεύκασιν

2418 5412 2465 5461 οἱ
2522 5407 2778 5477 μακάριοι
2837 5403 3109 5474 μαθηταί;
3171 5397 3281 5471 ἆρα
3337 5401 3416 5461 είς
3481 5395 3766 5463 ἄνθρωπον
3838 5394 3971 5461 ἅγιον

2421 5498 2636 5562 ἁπλῶς
2661 5497 2848 5548 Καίτοι
2883 5495 2986 5564 πρὸ
3010 5491 3102 5544 τοῦ
3134 5490 3364 5559 σημείου
3395 5486 3786 5558 ,ἠκολούθησαν
3817 5481 3968 5547 αὐτῷ,

2419 5588 2815 5658 τεθαυμακότες
2841 5586 2915 5649 ὡς
2969 5587 3143 5652 ἅγιον·
3171 5580 3308 5635 ἀλλὰ
3339 5580 3621 5633 τεθέανται
3651 5577 3739 5630 διὰ
3764 5576 3856 5628 τοῦ
3891 5591 3970 5641 ση-

2911 5741 2953 5773 "
2986 5738 3159 5794 Galal.
3194 5756 3250 5804 ιι,
3299 5737 3380 5793 ιθ.
3461 5735 3504 5765 ⁷ο
3536 5732 3694 5789 Joan.
3732 5749 3790 5798 ιι,
3832 5731 3908 5784 ll.
