4116 6466
75 367 105 419 1
125 365 278 420 333

1250 381 1337 434 DE
1377 382 1600 439 RECTA
1643 385 1797 443 FIDE
1833 391 1925 443 AD
1964 391 2279 449 REGINAS.

3265 396 3285 447 1
3298 396 3401 450 554

80 484 295 580 μείου
340 487 617 580 «suam
647 490 934 563 ἄνθρωπον
979 497 1205 569 δύναμίν
1241 519 1299 553 τε
1350 505 1442 556 καὶ
1484 505 1722 571 ἐξουσίαι

1835 511 2329 566 animadverterunt
2357 529 2370 564 :
2400 525 2564 580 quare
2589 510 2643 564 in
2676 508 2821 565 illum
2858 518 3108 579 tanquam
3149 510 3198 564 in
3229 510 3396 565 Deum

78 575 364 644 ἔχοντα.
405 579 617 634 Οὐκοῦν
643 585 1071 642 πεπιστεύκασιν
1113 590 1188 654 ὡς
1227 593 1307 655 είς
1347 593 1498 650 Θεόν.
1538 596 1730 649 ’ἰστέον

78 664 189 726 δὲ,
227 666 338 718 ὅτι
373 668 565 723 πολλοὶ
584 672 696 726 τῶν
724 675 897 742 ἁγίων
937 679 1107 733 πολλὰ
1146 685 1476 753 πεποιήκασι
1508 687 1600 738 καὶ
1627 703 1730 739 πα-

86 754 387 821 ράδοξαο
442 760 538 813 καὶ
582 762 1002 836 ἐθαυμάσθησαν
1052 771 1170 840 μὲν,
1218 772 1506 827 ἐπίστευσε
1551 776 1606 830 δὲ
1650 779 1727 841 είς

86 848 352 913 αὐτοὺς
382 851 582 917 οὐδείς.
621 857 773 926 Ἐχοι
799 858 844 912 δ’
886 860 952 913 ἂν
978 860 1074 930 τὴν
1115 864 1235 932 ἴσην
1273 863 1540 921 διάνοιαν·
1577 885 1594 918 ι
1643 869 1728 930 Ὠς

85 937 160 992 δὲ
202 936 290 1009 ἦν
322 943 389 996 ἐν
409 947 524 1009 τοῖς
557 947 947 1020 Ἰεροσολύμοις
977 953 1035 1005 ὲν
1060 953 1136 1024 τῷ
1167 955 1356 1025 Πάσχα
1377 958 1435 1009 ὲν
1459 960 1522 1026 τῇ
1545 959 1726 1028 ἑορτῇ,

89 1028 336 1082 πολλοὶ
386 1033 716 1089 ἐπίστευσαν
745 1040 824 1101 είς
868 1039 930 1091 τὸ
966 1041 1134 1112 ὄνομα
1185 1044 1368 1108 αὑτοῦ,
1403 1046 1728 1117 Θεωροῦντες

91 1116 308 1171 αὐτοῦ
349 1121 422 1174 τὰ
452 1126 674 1194 σημεῖα,
703 1124 739 1179 ἃ
777 1128 970 1183 ἐποίει.
1019 1148 1039 1182 ι

202 1248 226 1280 ‹
263 1231 351 1284 Οὐ
386 1233 496 1303 γὰρ
521 1235 838 1292 ἀπέστειλεν
860 1241 889 1293 6
913 1240 1043 1305 Θεὸς
1067 1244 1158 1297 τὸν
1185 1246 1313 1302 Υίὸν
1341 1250 1505 1303 αὑτοῦ
1535 1253 1615 1315 είς
1638 1250 1729 1305 τὸν

101 1319 403 1412 κύαμον,
437 1323 524 1376 ῐνα
576 1325 736 1398 κρίνῃ
790 1328 881 1383 τὸν
928 1331 1164 1403 κόσμον,
1215 1337 1454 1393 ἀλλ’ἵνα
1506 1341 1648 1412 σωθῇ
1700 1343 1728 1394 6

103 1409 355 1502 κόσμος
387 1411 457 1464 δι’
475 1415 662 1473 αὐτοῦ.
682 1418 737 1471 '0
766 1420 1037 1476 πιστεύων
1060 1425 1140 1488 είς
1165 1427 1347 1494 αὑτὸν,
1374 1430 1435 1482 οῦ
1463 1409 1723 1502 κρίνεταιο

105 1500 140 1548 6
174 1498 245 1552 δὲ
290 1502 374 1571 μὴ
407 1504 701 1573 πιστεύων,
734 1509 831 1582 ἤδη
865 1512 1134 1584 κέκριται’
1165 1516 1246 1570 ὅτι
1269 1519 1342 1590 μὴ
1371 1521 1728 1574 πεπίστευκεν

110 1591 213 1652 εἰς
266 1590 338 1643 τὸ
392 1592 566 1663 ὄνομα
605 1597 699 1651 τοῦ
753 1605 1068 1671 μονογενοῦς
1115 1607 1244 1661 Υίοῦ
1276 1609 1370 1664 τοῦ
1420 1613 1574 1667 Θεοῦ.
1614 1633 1630 1665 ι
1667 1613 1727 1664 Εί

115 1681 436 1750 σωτηρίας
463 1683 581 1749 ὁδός
603 1688 800 1760 ἐστινὴ
828 1691 1008 1756 πίστις
1033 1696 1066 1765 ἡ
1090 1697 1170 1760 είς
1197 1698 1287 1752 τὸν
1312 1699 1459 1766 Υίὸν,
1490 1702 1605 1766 πῶς
1622 1704 1728 1774 ἄρα

117 1775 485 1846 πιστεύομεν
519 1781 598 1843 είς
640 1782 828 1847 αὖτόν;
872 1785 904 1854 ἢ
950 1786 1064 1851 πῶς
1103 1789 1201 1860 τὴν
1232 1792 1295 1844 ὲκ
1330 1793 1421 1847 τοῦ
1449 1796 1725 1865 κρίνεσθαι

115 1867 554 1939 διαφευξόμεθα
585 1873 772 1942 δίκην;
810 1871 918 1950 ἆρα
943 1879 1051 1950 γὰρ
1075 1881 1150 1945 ὡς
1189 1883 1473 1954 ἄνθρωπον
1500 1889 1724 1941 καταδε-

122 1956 400 2026 ξάμενοι,
426 1963 519 2014 καὶ
547 1963 732 2034 ἕτερον
764 1969 912 2038 παρὰ
939 1969 1095 2024 τοῦτο
1111 1972 1295 2040 οῦδέν;
1325 1972 1456 2028 Εἶτα
1481 1977 1596 2040 πῶς
1625 1980 1723 2031 οὑκ

120 2049 428 2122 ἀνθρώπῳ
454 2053 836 2128 λατρεύσομεν.
876 2061 1013 2114 Ἀλλ’
1033 2062 1108 2127 ὠς
1133 2066 1210 2129 είς
1235 2064 1386 2120 Θεὸν·
1421 2069 1578 2121 τοῦτο
1618 2071 1724 2139 γὰρ

122 2143 370 2213 ἀληθές.
403 2147 497 2210 Τίς
529 2146 621 2233 οῦν
654 2152 682 2204 6
705 2151 869 2220 φάναι
893 2140 1104 2226 τολμῶν
1129 2159 1230 2211 οὐκ
1255 2155 1391 2214 εἶναι
1423 2163 1563 2215 κατὰ
1595 2164 1726 2233 ἁλή-

124 2233 296 2286 θειαν
325 2234 481 2302 Θεὸν,
508 2231 568 2291 οὗ
595 2238 941 2295 δεδικαίωκεν
967 2245 1000 2313 ἠ
1027 2244 1206 2309 πίστις
1231 2247 1329 2316 τὴν
1346 2247 1437 2301 ὑπ’
1457 2231 1722 2320 οὐρανόνξ

1834 601 2198 654 crediderunt.
2236 601 2458 657 Constat
2490 618 2584 671 per
2617 600 2812 655 multos
2847 609 3063 655 sanctos
3092 602 3257 654 multa
3287 611 3397 656 stu-

1833 690 2001 757 penda
2031 691 2286 757 edidisse,
2315 701 2532 760 propter
2560 706 2680 761 qua:
2709 692 2870 746 etiam
2905 693 2956 746 in
2987 707 3178 762 magna
3218 693 3392 746 admi-

1832 780 2039 835 ratione
2067 791 2265 836 erant:
2295 791 2352 836 at
2399 781 2574 836 nullus
2623 783 2835 837 interim
2887 793 3132 850 repertus
3165 793 3250 837 est
3302 784 3392 852 qui

1832 870 1886 924 in
1922 871 2041 926 illos
2066 872 2332 927 crederet.
2358 873 2609 942 Ejusdem
2651 889 2788 943 pene
2826 877 3104 928 sententiae
3134 883 3217 929 est
3244 886 3298 928 et
3329 875 3394 927 il-

1831 961 1920 1015 lud
1949 976 2203 1031 quoque:
2241 981 2259 1015 ι
2299 962 2434 1018 Cum
2485 973 2664 1019 autem
2713 974 2858 1020 esset
2903 963 3289 1035 Hierosolymis
3339 965 3391 1019 in

1829 1051 2036 1107 Pascha
2068 1053 2122 1107 in
2161 1053 2248 1108 die
2291 1053 2452 1120 festo,
2485 1055 2637 1109 multi
2681 1055 3026 1110 crediderunt
3076 1056 3128 1110 in
3181 1056 3397 1110 nomine

1829 1141 1970 1212 ejus,
2008 1143 2251 1200 videntes
2279 1145 2576 1216 signa-ejus
2599 1164 2720 1218 quae
2741 1149 2970 1205 faciebat
3000 1149 3067 1204 “.
3110 1167 3128 1202 ι

1904 1274 1925 1307 ι
1959 1255 2076 1311 Non
2126 1257 2269 1312 enim
2317 1258 2465 1313 misit
2506 1259 2646 1316 Dens
2692 1260 2886 1315 Filium
2927 1275 3080 1316 suum
3135 1260 3293 1331 126
3344 1260 3395 1314 in

1831 1349 2089 1403 mundum
2120 1357 2179 1403 ut
2201 1348 2405 1419 judicet
2438 1352 2695 1405 mundum
2716 1392 2731 1416 ,
2762 1355 2854 1407 sed
2885 1361 2942 1406 ut
2971 1353 3207 1407 salvetur
3235 1367 3396 1404 inun-

1829 1442 1928 1495 dns
1954 1454 2050 1509 per
2071 1440 2264 1511 ipsum.
2293 1440 2394 1508 Qui
2435 1443 2608 1497 credit
2653 1445 2706 1497 in
2746 1458 2891 1508 eum,
2937 1457 3042 1496 non
3080 1442 3394 1510 judicalur:

1829 1531 1917 1599 qui
1951 1541 2130 1586 autem
2162 1547 2267 1586 non
2297 1533 2488 1599 credit,
2516 1533 2624 1604 jam
2659 1534 2930 1604 judicatus
2974 1543 3086 1597 est;
3124 1533 3248 1602 quia
3291 1548 3393 1585 non

1830 1618 2058 1673 credidit
2108 1619 2158 1673 in
2195 1619 2412 1675 nomine
2446 1622 2708 1690 unigeniti
2757 1621 2878 1676 Filii
2919 1619 3012 1677 Dei
3045 1623 3112 1676 τ’.
3157 1640 3176 1672 ι
3216 1620 3271 1676 Si
3311 1622 3394 1673 via

1830 1708 1896 1762 ad
1927 1707 2158 1764 salutem
2185 1718 2268 1764 est
2299 1709 2434 1764 ﬁdes
2470 1711 2522 1764 in
2570 1710 2788 1774 Filium,
2832 1713 3102 1782 quomodo
3134 1711 3186 1765 in
3218 1713 3394 1778 ipsum

1764 1839 1805 1892 Β
1831 1800 2134 1856 credimus?
2174 1810 2269 1856 aut
2310 1805 2580 1872 quomodo
2627 1807 2680 1858 in
2722 1805 2894 1874 ipsum
2945 1805 3224 1859 credentes
3262 1818 3396 1856 con-

1831 1891 2193 1947 demnationis
2214 1891 2539 1952 sententiam
2587 1893 2914 1950 evademus?
2958 1893 3206 1963 Nnnqui'd
3247 1892 3393 1946 illum

1832 1979 1934 2033 ﬁde
1969 1988 2028 2033 ut
2066 1979 2335 2036 hominem
2366 1983 2773 2052 complectimur
2793 2027 2808 2050 ,
2841 1998 2939 2039 nec
2970 1985 3258 2052 quidquam
3282 1998 3397 2035 om-

1830 2071 1956 2124 nino
1988 2071 2088 2126 nisi
2142 2073 2433 2127 humanutn
2484 2075 2550 2130 de
2598 2075 2687 2130 illo
2743 2077 3116 2146 concipimus?
3172 2079 3242 2130 At
3289 2092 3395 2144 quo

1831 2171 1985 2229 pacto
2009 2162 2052 2216 si
2089 2162 2189 2218 hoc
2225 2163 2532 2231 fecerimus,
2559 2167 2796 2221 divinum
2829 2167 3031 2222 cultum
3065 2167 3264 2220 homini
3295 2167 3394 2218 im-

1830 2253 2084 2322 pendisse
2113 2270 2217 2308 non
2252 2258 2576 2325 argnemur?
2609 2258 2809 2313 Fidene
2841 2274 2970 2326 ergo
3000 2259 3052 2313 in
3084 2259 3230 2310 illum
3262 2256 3392 2311 ferai-

126 2343 266 2382 mur
303 2337 560 2400 tanquam
599 2334 649 2388 in
679 2335 1063 2392 Deum?Sane.
1106 2340 1236 2406 Quis
1309 2342 1456 2396 illum
1517 2359 1665 2412 ergo,
1695 2346 1846 2414 cujus
1882 2346 2015 2404 ﬁdes
2066 2358 2334 2406 terrarum
2383 2354 2570 2408 orbem
2648 2353 2939 2422 justiﬁcat,
2993 2366 3177 2406 verum
3227 2350 3394 2404 Deum

127 2435 266 2476 esse
297 2423 532 2479 inficiari
558 2430 790 2484 audeat?

217 2533 238 2568 ι
293 2514 480 2584 Ἔγνω
511 2513 604 2571 οῦν
646 2522 674 2574 6
703 2520 884 2592 πατὴρ
910 2522 991 2577 ὅτι
1019 2524 1078 2576 ὲν
1120 2525 1301 2596 ἐκείνῃ
1332 2527 1396 2597 τῇ
1429 2527 1567 2598 ὥρᾳ,
1600 2529 1658 2581 ἐν

128 2601 299 2658 εἴπεν
345 2607 532 2678 αὐτῷ·
577 2608 636 2662 '0
681 2611 795 2674 υίός
849 2629 940 2665 σου
990 2612 1093 2683 ζῇ·
1139 2615 1235 2668 καὶ
1278 2616 1597 2670 ἐπίστευσεν
1645 2620 1724 2681 εἰς

132 2696 312 2749 αὑτὸν
343 2696 526 2761 αὐτὸς,
570 2699 665 2753 καὶ
707 2702 740 2769 η
788 2702 932 2754 οἰκία
966 2703 1132 2756 αὑτοῦ
1166 2704 1282 2774 ὅλη.
1326 2724 1346 2756 ι
1395 2706 1719 2775 Ἀνέστησεν

134 2790 208 2838 ἐκ
234 2787 453 2857 νεκρῶν
483 2788 576 2840 τοῦ
601 2789 878 2860 βασιλικοῦ
905 2793 995 2845 τὸν
1015 2793 1126 2846 υἱὸν
1151 2796 1178 2847 6
1205 2797 1458 2864 Χριστὸς,
1484 2797 1722 2868 εἰρηκὼς

135 2875 330 2945 αὐτῷ’
370 2895 388 2928 ι
423 2877 682 2948 Πορεύου,
713 2881 742 2931 6
769 2880 882 2944 υίός
909 2898 1002 2934 σου
1041 2881 1130 2952 ζῇ.
1170 2901 1188 2934 ι
1228 2881 1361 2937 Εἶτα
1391 2886 1720 2939 πεπίστευκε

136 2965 388 3020 πανοικί.
424 2963 551 3037 'Ap‘
583 2963 676 3022 οὖν
722 2970 810 3024 διὰ
855 2971 954 3040 τῆς
995 2971 1136 3024 οὕτω
1181 2974 1421 3044 μεγάλης
1456 2975 1547 3028 καὶ
1601 2977 1718 3029 θεοε-

1901 2551 1919 2584 ‹
1956 2532 2220 2602 Cognovit
2247 2549 2377 2605 ergo
2406 2547 2558 2607 pater
2580 2537 2703 2606 quia
2735 2536 2822 2590 illa
2855 2535 2987 2592 hora
3023 2543 3177 2598 erat,
3211 2535 3263 2590 in
3291 2551 3392 2604 qua

1826 2625 1960 2680 dixit
1992 2628 2065 2682 illi
2094 2628 2250 2685 Jesus
2277 2648 2290 2684 :
2322 2631 2491 2685 Filius
2530 2642 2652 2687 tuus
2684 2633 2812 2687 vivit
2842 2651 2854 2687 :
2889 2642 2941 2687 et
2983 2632 3208 2688 credidit
3258 2633 3389 2702 ipse.

1824 2726 1879 2770 et
1919 2718 2109 2772 domus
2154 2718 2269 2786 ejus
2319 2729 2430 2775 tota
2458 2721 2524 2774 ⁷³.
2559 2741 2578 2774 ι
2639 2723 2879 2776 Revocat
2927 2722 3096 2793 reguli
3145 2721 3309 2775 ﬁlium
3365 2737 3391 2773 a

1825 2808 2013 2863 mortis
2039 2811 2301 2866 vestibulo
2317 2812 2583 2878 ChriStus,
2603 2811 2902 2881 affatusque
2931 2822 3136 2882 patrem
3159 2832 3170 2867 :
3190 2812 3390 2872 «Vade,

1829 2901 2025 2970 inquit,
2063 2903 2203 2959 ﬁlius
2232 2915 2352 2958 tuus
2387 2906 2536 2959 vivit.
2571 2923 2589 2956 ι
2624 2906 2863 2960 Credidit
2903 2920 3027 2960 mox
3060 2906 3167 2972 ille,
3200 2914 3253 2960 et
3283 2916 3393 2961 tota

1831 2994 2029 3048 familia
2061 3009 2185 3048 CUIII
2233 2995 2343 3049 illo.
2386 2997 2490 3050 Sed
2531 2997 2767 3066 nunquid
2807 2999 2876 3053 ob
2922 2999 3184 3069 insignem
3230 2999 3391 3059 hanc,

140 3059 396 3127 πρεποῦς
445 3061 688 3126 ἐξουσίας
718 3063 794 3126 ὠς
825 3065 904 3126 είς
950 3063 1235 3135 ἄνθρωπον
1285 3066 1649 3121 πεπίστευκεν
1693 3070 1722 3121 ὁ

1826 3085 2066 3154 adeoque
2098 3086 2332 3140 divinam
2365 3089 2656 3156 potentiam
2693 3090 2907 3156 regulus
2939 3091 2989 3143 in
3026 3091 3174 3143 illum
3211 3090 3388 3144 credi-

145 3147 459 3214 βασιλικός;
495 3151 528 3219 ἢ
561 3151 693 3204 Θεὸν
722 3153 861 3221 ἔγνω
895 3155 1037 3209 κατὰ
1066 3155 1228 3224 φύσιν
1261 3155 1386 3210 ὄντα
1421 3158 1600 3220 αὑτὸν,
1630 3161 1723 3213 καὶ

144 3237 518 3299 ζωοποιοῦντα
555 3243 673 3310 μετ’
705 3244 948 3308 ἐξουσίας
986 3246 1079 3310 οὓς
1113 3247 1180 3300 ἂν
1214 3248 1385 3300 ἕλοιτο
1434 3250 1525 3301 καὶ
1579 3251 1724 3319 μόνῳ

151 3331 397 3401 ρήματι;
444 3330 581 3384 Ἀλλ’
616 3331 731 3385 ἔστι
767 3334 924 3405 δῆλον
951 3337 1033 3390 ὅτι
1079 3338 1441 3392 πεπίστευκεν
1476 3339 1550 3404 ὡς
1581 3341 1721 3411 Θεῷ,

235 3652 256 3687 ι
309 3634 500 3705 Ἀμὴν,
552 3634 699 3707 ἀμὴν
734 3636 877 3706 λέγω
929 3638 1077 3708 ὑμῖν,
1109 3639 1191 3692 ὅτι
1237 3641 1265 3692 6
1302 3643 1393 3695 τὸν
1434 3645 1589 3712 λόγον
1621 3665 1721 3715 μου

155 3724 384 3790 ἀκούων,
426 3727 516 3780 καὶ
547 3728 819 3781 πιστεύων
864 3729 943 3800 τῷ
975 3731 1251 3801 πέμψαντί
1287 3750 1375 3803 με,
1421 3736 1533 3804 ἔχει
1577 3737 1723 3808 ζωὴν

156 3817 386 3868 αἰώνιον.
426 3839 440 3865 ι
492 3820 786 3891 Πέπομςρεν
836 3824 968 3892 ἡμῖν
999 3824 1059 3888 ἐξ
1096 3827 1339 3896 οὐρανῶν
1387 3827 1415 3878 6
1466 3828 1598 3892 Θεὸς
1629 3832 1722 3883 καὶ

159 3909 344 3978 Πατὴρ
369 3909 456 3960 τὸν
488 3911 618 3964 ἴδιον
653 3914 830 3974 Υἱὸν,‹
860 3917 945 3968 ἵνα
976 3919 1085 3980 πᾶς
1113 3921 1141 3971 6
1170 3920 1439 3972 πιστεύων
1457 3921 1535 3983 είς
1562 3922 1722 3975 αὑτὸν

164 4001 236 4069 μὴ
268 3999 544 4068 ἀπόληται,
591 4001 705 4052 ἀλλ’
732 4001 827 4072 ἔχῃ
853 4003 998 4075 ζωὴν
1027 4005 1267 4061 αἰώνιον.
1324 4028 1340 4057 ι
1377 4008 1498 4069 Πῶς
1531 4005 1624 4062 οῦν
1665 4011 1723 4061 ἐν

160 4092 358 4152 τούτοις
389 4093 539 4160 φησὶ,
571 4091 714 4162 ζωὴν
743 4094 960 4148 αἰώνιον
993 4097 1137 4166 ἔχειν
1167 4099 1259 4151 τὸν
1291 4100 1611 4151 πιστεύοντα
1644 4101 1721 4170 τῷ

163 4180 424 4250 πέμψαντι
455 4179 648 4246 αὑτόνς
684 4183 776 4241 Εἰς
807 4183 926 4236 τίνα
961 4186 1142 4240 λοιπὸν
1170 4189 1202 4257 ἠ
1233 4188 1447 4253 πίστις;
1478 4184 1588 4259 ἆρα
1645 4190 1721 4252 ὡς

164 4273 239 4333 εἷς
267 4268 351 4322 δύο
373 4269 547 4334 θεοὺς,
577 4271 668 4324 τὸν
697 4273 914 4343 Πατέρα
959 4277 1162 4329 καὶτὸν
1187 4276 1343 4342 Υίόν;
1369 4278 1460 4347 Μὴ
1487 4279 1714 4346 γένοιτο’

170 4361 371 4421 ἀλλ’ὡς
419 4363 497 4422 είς
551 4361 646 4415 ἕνα
671 4363 804 4416 Θεὸν
854 4368 944 4417 καὶ
979 4364 1248 4437 ἀληθινόν.
1300 4368 1508 4420 Οὐκοῦν
1542 4372 1594 4422 εἴ
1635 4389 1716 4433 τις

1828 3178 1906 3230 dit
1928 3186 2181 3247 tanquam
2230 3179 2281 3232 in
2331 3178 2635 3234 hominem?
2669 3195 2736 3233 an
2778 3195 2909 3235 vero
2950 3197 3134 3236 verum
3171 3189 3390 3235 natura-

1825 3268 2034 3338 lemque
2059 3271 2223 3323 Deum
2253 3285 2375 3325 esse
2425 3272 2659 3340 agnovit,
2685 3273 2775 3341 qui
2809 3273 2882 3326 uti
2934 3273 3188 3327 Dominus
3232 3288 3391 3341 quos-

1823 3371 2034 3425 cunque
2075 3357 2176 3412 sibi
2219 3359 2389 3411 visum
2414 3368 2575 3423 esset,
2601 3360 2679 3413 vel
2709 3361 2824 3413 solo
2855 3362 3020 3415 verbo
3072 3361 3194 3414 vitae
3238 3359 3392 3413 resti-

1826 3459 1976 3503 tuere
2007 3450 2230 3518 posset?
2260 3448 2363 3503 Sed
2394 3449 2681 3503 obscurum
2721 3467 2828 3505 non
2857 3461 2937 3505 est
2974 3453 3111 3506 haud
3144 3451 3303 3504 aliter
3337 3451 3386 3502 in

1823 3557 1944 3594 eum
1971 3541 2287 3604 credidisse,
2320 3556 2481 3608 quam
2517 3541 2567 3593 in
2596 3556 2782 3596 verum
2823 3543 3010 3597 Deum.

1901 3671 1917 3700 ι
1959 3653 2148 3715 Amen,
2177 3668 2330 3706 amen
2360 3654 2478 3707 dico
2512 3655 2681 3719 vobis,
2701 3656 2826 3724 quia
2847 3656 2937 3722 qui
2963 3657 3180 3709 verbum
3210 3671 3386 3709 meum

1823 3745 1992 3805 audit,
2027 3755 2078 3798 et
2107 3745 2281 3798 credit
2315 3745 2362 3798 ei
2389 3745 2477 3812 qui
2515 3745 2660 3798 misit
2688 3761 2791 3809 me,
2820 3747 2980 3800 habet
3020 3747 3182 3800 vitam
3225 3758 3380 3801 aeter-

1823 3850 1943 3888 nam
1972 3835 2116 3888 7U“.
2155 3853 2171 3885 ι
2204 3833 2343 3888 Deus
2365 3835 2521 3888 Pater
2557 3835 2746 3888 Filium
2783 3851 2938 3890 suum
2969 3839 3112 3890 misit
3141 3839 3295 3892 nobis
3323 3839 3387 3891 de

1821 3927 1993 3991 cadis,
2033 3944 2051 3976 ι
2093 3937 2150 3979 ut
2179 3927 2353 3979 omnis
2383 3925 2472 3992 qni
2500 3927 2670 3978 credit
2707 3928 2757 3977 in
2807 3927 2977 3987 illiilli,
3030 3943 3132 3980 non
3181 3942 3384 3993 pereat,

1822 4018 1915 4071 sed
1944 4018 2137 4070 habeat
2167 4017 2329 4069 vitam
2359 4026 2614 4070 aeternam
2641 4017 2707 4070 ⁵⁵.
2745 4037 2762 4067 ι
2794 4017 2900 4072 Cur
2924 4019 3010 4072 hic
3039 4034 3166 4084 ergo
3187 4029 3385 4073 aeterna

1820 4111 1927 4163 vita
1959 4110 2024 4162 iis
2060 4109 2409 4176 promittitur,
2437 4108 2526 4176 qui
2562 4110 2786 4162 credunt
2825 4110 2871 4162 ei
2918 4110 3008 4177 qui
3055 4110 3278 4164 miserat
3321 4112 3384 4166 il-

1821 4199 1975 4252 lum?
2020 4198 2074 4252 In
2111 4212 2268 4267 quem
2311 4199 2524 4250 tandem
2575 4197 2746 4251 fertur
2797 4199 2966 4252 ﬁdes?
3019 4198 3269 4268 Nunquid
3330 4203 3382 4253 in

1818 4289 2032 4342 Patrem
2064 4299 2117 4341 et
2147 4287 2419 4341 Christum
2455 4296 2709 4355 tanquam
2746 4287 2795 4339 in
2828 4287 2960 4340 duos
3005 4291 3176 4343 deos?
3207 4290 3380 4344 Absit.

1819 4380 2101 4434 Credimus
2136 4379 2279 4431 enim
2322 4388 2571 4446 tanquam
2631 4378 2681 4430 in
2731 4393 2893 4430 unum
2952 4394 3136 4431 verum
3191 4378 3380 4434 Deum.

162 4451 485 4506 πιστεύσειεν
513 4453 591 4514 εἰς
621 4454 874 4524 Χριστὸν,
908 4457 1271 4508 πεπίστευκεν
1304 4458 1382 4518 εἰς
1411 4458 1544 4509 Θεόν
1565 4474 1576 4486 ·
1612 4460 1715 4511 κᾶν

1822 4467 2177 4534 Quamobrem
2212 4468 2256 4520 si
2288 4467 2406 4535 quis
2438 4466 2609 4520 credit
2638 4467 2688 4518 in
2720 4465 3014 4528 Christum,
3050 4470 3220 4520 credit
3245 4469 3380 4520 idem

164 4547 209 4598 εί
242 4540 564 4594 πιστεύσειεν
590 4544 667 4604 εἰς
708 4543 839 4595 Θεὸν
870 4544 1110 4614 Πατέρα,
1163 4547 1536 4609 πεπιστευκὼς
1563 4548 1712 4602 ἔσται

166 4637 253 4691 καὶ
281 4636 352 4696 είς
383 4633 469 4685 τὸν
502 4636 596 4688 ἕνα
631 4636 833 4706 Κύριον
878 4637 1084 4706 Ἰησοῦν
1115 4638 1204 4689 τὸν
1237 4639 1490 4706 Χριστόν.

237 4861 255 4894 ι
305 4838 589 4909 Ἀπεκρίθη
635 4840 664 4892 ὀ
705 4840 930 4909 Ἰησοῦς,
974 4841 1069 4894 καὶ
1107 4837 1260 4894 εἶπεν
1297 4843 1500 4905 αὐτοῖς·
1538 4844 1709 4896 Τοῦτό

166 4934 273 4986 ἐστι
301 4931 353 4985 τὸ
387 4929 544 5000 ἔργον
577 4926 670 4981 τοῦ
700 4927 857 4992 Θεοῦ,
885 4930 972 4980 ἵνα
1031 4932 1356 5001 πιστεύσητε
1394 4935 1472 4996 εἰς
1505 4933 1562 4984 ὃν
1607 4936 1709 4987 ὰπ-

170 5023 382 5080 ἐστειλεν
407 5023 635 5084 ἐκεῖνος.
670 5039 687 5071 ι
717 5019 779 5074 Ei
807 5019 867 5072 τὸ
894 5019 970 5088 τῷ
995 5019 1114 5088 Θεῷ
1136 5023 1327 5074 δοκοῦν
1355 5025 1706 5094 ἐπιτελοῦμεν

171 5115 486 5177 πιστεύοντες
529 5114 608 5176 είς
659 5112 892 5184 Χριστὸν
941 5111 1125 5180 (αὐτὸν
1183 5115 1290 5181 γὰρ
1348 5115 1561 5185 ἀληθῶς
1605 5120 1706 5169 ἁπ-

171 5205 420 5257 ἐπειλενὸ
443 5207 631 5277 Πατὴρ
662 5207 740 5270 είς
763 5207 852 5260 τὸν
882 5207 1103 5275 κόσμον,
1131 5207 1217 5256 ὅτε
1247 5207 1466 5273 γέγονεν
1500 5210 1705 5278 ἄνθρω-

177 5311 260 5354 πος
287 5294 392 5345 καθ’
421 5298 613 5363 ἡμᾶς),
647 5298 762 5359 πῶς
796 5300 894 5350 οῦκ
941 5298 1005 5350 ἂν
1039 5297 1122 5365 εἴη
1160 5296 1291 5357 Θεὸς
1316 5298 1593 5364 ἀληθινός;
1630 5300 1700 5350 Οὐ

177 5387 271 5455 γὰρ
301 5386 356 5437 ἂν
389 5382 456 5456 ἦν
499 5389 655 5456 ἔργον
681 5391 815 5443 Θεοῦ
846 5391 905 5443 τὸ
941 5388 1213 5442 πιστεύειν
1255 5389 1332 5449 είς
1362 5388 1542 5441 αὐτόν.

246 5519 260 5548 ι
310 5498 502 5568 Ἰησοῦς
531 5502 584 5550 δὲ
619 5500 836 5570 Ξκραξε,
877 5503 969 5556 καὶ
998 5501 1180 5554 εἶπεν
1227 5501 1284 5551 τυ
1317 5499 1582 5553 πιστεύων
1623 5503 1702 5562 είς

181 5591 282 5659 ne,
305 5590 355 5642 οὐ
379 5588 616 5639 πιστεύει
645 5592 721 5652 εἰς
749 5593 869 5661 ἐμὲ,
906 5593 1039 5646 ἀλλὰ
1070 5594 1147 5655 είς
1174 5591 1261 5644 τὸν
1297 5591 1583 5665 πέμψαντὰ
1611 5612 1695 5663 με.

243 5770 277 5800 ’⁸
307 5768 443 5825 Jaun.
475 5785 530 5832 ll,
556 5767 643 5821 25.
689 5768 903 5824 ⁷⁹.Ιυ.ιιι.
935 5787 1017 5835 Ill,
1062 5771 1139 5839 l7,
1181 5772 1260 5826 l8.
1305 5772 1346 5801 ⁷³
1377 5769 1528 5824 Jonn.
1559 5785 1631 5835 tv,
1664 5770 1753 5826 55.

1820 4562 1872 4615 in
1907 4560 2072 4614 Deum
2097 4560 2307 4613 Patrem
2342 4574 2552 4627 quoth
2588 4576 2599 4611 :
2631 4567 2683 4610 et
2713 4569 2919 4623 contra,
2945 4560 2985 4611 si
3020 4559 3108 4626 qui
3140 4559 3190 4612 in
3217 4559 3379 4611 Deum

1817 4649 2027 4704 Patrem
2067 4651 2325 4712 credunt,
2368 4649 2526 4703 iidem
2567 4659 2619 4701 et
2671 4649 2719 4700 in
2764 4664 2925 4701 unum
2968 4647 3250 4702 Dominum
3286 4664 3381 4702 no-

1819 4755 1986 4795 strum
2019 4742 2196 4796 Jesuni
2229 4741 2496 4794 Christum
2527 4754 2742 4808 quoque
2774 4740 3026 4794 credunt.

1891 4873 1909 4905 ι
1951 4853 2247 4921 Respondit
2283 4851 2460 4917 Jesus,
2509 4865 2561 4907 et
2595 4854 2727 4907 dixit
2773 4854 2922 4907 illis:
2970 4853 3081 4907 Hoc
3127 4864 3209 4909 est
3244 4871 3378 4922 opus

1815 4947 1932 5005 Dei,
1971 4957 2027 4997 nt
2054 4943 2287 4998 credatis
2323 4944 2375 4996 in
2401 4959 2520 4996 cum
2549 4958 2705 5011 quem
2736 4944 2880 4996 misit
2929 4943 3013 4996 ille
3041 4943 3107 4998 ".
3149 4963 3165 4993 ι
3200 4945 3255 4996 Si
3286 4945 3375 4997 Dei

1812 5037 2142 5090 voluntatem
2169 5034 2476 5102 perﬁcimus
2521 5049 2640 5086 cum
2698 5033 2748 5084 in
2793 5032 3066 5085 Christum
3103 5035 3376 5087 credimus

1812 5128 1974 5196 (lmnc
2011 5125 2152 5177 enim
2194 5124 2350 5178 Pater
2392 5137 2516 5175 vere
2567 5123 2711 5174 misit
2751 5121 2802 5173 in
2847 5123 3125 5190 mundum,
3163 5127 3375 5192 quando

1812 5215 1976 5269 nostri
1997 5214 2187 5266 similis
2211 5214 2381 5267 factus
2399 5223 2479 5266 est
2506 5213 2707 5280 homo),
2730 5213 2998 5280 quomodo
3023 5231 3126 5267 non
3149 5224 3228 5269 est
3249 5229 3374 5267 vere

1813 5304 1998 5358 Deus?
2031 5304 2210 5372 Neque
2241 5305 2380 5356 cnim
2413 5319 2545 5371 opus
2578 5303 2669 5358 Dei
2707 5315 2851 5361 esset
2880 5306 3098 5361 credere
3140 5307 3192 5359 in
3227 5321 3368 5360 cum.

1881 5503 2037 5572 127
2072 5521 2088 5552 ι
2111 5500 2266 5556 Jesus
2285 5513 2459 5556 autem
2489 5503 2759 5569 clamavit,
2793 5516 2844 5559 et
2871 5506 3006 5559 dixit
3035 5505 3168 5568 ξριιὶ
3198 5507 3370 5557 credit

1807 5592 1858 5648 in
1887 5610 1991 5659 me,
2022 5611 2127 5648 non
2159 5595 2330 5648 credit
2359 5596 2411 5649 in
2449 5613 2550 5660 me,
2584 5598 2673 5652 sed
2708 5601 2758 5650 in
2797 5612 2915 5650 eum
2964 5599 3052 5662 qui
3087 5596 3228 5648 misit
3265 5612 3362 5649 me.

1810 5770 1934 5811 "-“
1965 5772 2116 5826 Joan.
2145 5774 2304 5832 v.‘2i.
2371 5772 2409 5797 ’³
2441 5771 2587 5823 Juan.
2631 5787 2706 5832 tu,
2749 5772 2823 5824 16.
2887 5773 2929 5800 ⁸⁸
2959 5772 3112 5825 Joan.
3161 5787 3230 5834 γι,
3272 5769 3360 5824 29.
