4122 6490
211 407 346 462 1557

999 409 1088 463 AD
1125 408 1421 464 REGINAS
1461 410 1547 463 DE
1590 410 1811 465 RECTA
1855 409 2009 466 FIDE
2049 410 2304 466 ORATIO
2343 412 2641 467 ALTERA.

3299 412 3437 466 i358

177 500 230 579 ⁸ιίρ
267 524 750 592 εὐαγγελιζόμενος
795 525 1179 596 Ἰερουσαλήμ·
1223 526 1498 594 ὐψὼσατε,
1546 528 1618 596 μὴ
1668 545 1757 594 φοι

1863 527 2201 597 evangelizas
2227 527 2354 582 Sion
2384 548 2397 593 ;
2433 529 2606 582 exalta
2636 528 2686 580 in
2719 528 3035 582 fortitudine
3066 543 3248 582 vocem
3284 540 3431 582 tuam

201 617 405 670 ϐεῖσθε.
453 634 472 667 ι
506 617 718 686 Χρῆναι
745 616 853 688 γὰρ
877 616 1050 684 ἔγωγέ
1083 634 1225 687 φημι
1252 618 1376 680 τοὺς
1405 619 1769 686 τεταγμένους

201 708 283 770 είς
337 706 669 776 ἱερουργίαν,
701 707 793 758 καὶ
834 706 894 758 τὸ
941 706 1032 758 τοῦ
1067 707 1280 760 πάντων
1328 707 1485 776 ἡμῶν
1519 707 1766 776 Σωτῆρος

199 796 440 864 Χριστοῦ
506 795 798 859 λαλοῦντας
845 796 1174 865 μυστήριον,
1217 798 1280 850 οὐ
1335 798 1766 869 κατερριμμένον

198 890 345 958 ἒχειν
379 890 472 942 καὶ
503 888 869 960 χαμαιρῤιφὲς
901 887 962 939 τὸ
994 888 1267 958 φρόνημα,
1300 889 1395 940 καὶ
1431 888 1573 959 ὄκνῳ
1602 887 1765 942 νικώ-

202 997 385 1048 μενον,
434 983 527 1033 καὶ¹
576 979 800 1041 δειλίαις
852 979 1314 1048 συνεσταλμένονο
1345 980 1458 1033 ἀλλ’
1483 978 1617 1048 ὐψοῦ
1668 981 1766 1048 μὲν

197 1071 389 1140 ὥσπερ
415 1066 473 1122 εὖ
504 1069 766 1139 βεϐηκότα
795 1068 886 1120 τὸν
927 1067 1071 1132 νοῦν,
1107 1069 1200 1121 καὶ
1220 1069 1380 1121 οἱονεί
1420 1086 1538 1131 πως
1560 1070 1617 1121 ὲν
1649 1069 1765 1137 ὄρει

199 1162 471 1232 κείμενον,
514 1159 655 1213 οὕτω
690 1177 750 1212 τε
800 1159 907 1214 τῶν
955 1162 1051 1230 τῆς
1095 1159 1353 1230 ἀληθείας
1393 1162 1678 1231 δογμάτων
1706 1160 1765 1213 τὸ

197 1254 472 1324 ἐξαίρετον
506 1252 696 1314 κάλλος
732 1251 1046 1321 περιαθρεῖν
1081 1251 1470 1314 σπουδάζοντα·
1495 1251 1763 1306 ποιεῖσθαι

195 1343 255 1396 δὲ
297 1345 391 1397 καὶ
417 1343 540 1405 τοὺς
582 1342 773 1410 λόγους
820 1345 876 1394 ὲν
904 1342 1202 1414 παρρησίᾳ.
1234 1342 1337 1395 κᾶν
1384 1342 1437 1394 ετ
1479 1359 1622 1404 τινες
1657 1336 1765 1394 εἷεν

195 1437 246 1485 οἱ
300 1435 814 1504 μυπαγωγούμενοι
865 1434 1090 1504 σκληροὶ
1134 1435 1227 1487 καὶ
1276 1434 1618 1502 δυσάγωγοι,
1668 1436 1765 1486 καὶ

192 1517 306 1575 οἷον
341 1522 494 1574 ἵπποι
520 1522 666 1585 τινες
696 1522 967 1592 ἀγέρωχοι
1012 1523 1106 1575 καὶ
1135 1521 1355 1590 ὲξήνιοι,
1394 1523 1522 1593 περ).
1547 1517 1621 1575 ὧν
1659 1541 1761 1577 που

194 1612 292 1665 καὶ
338 1613 495 1674 αὐτός
530 1629 694 1682 φησιν
741 1614 770 1664 ὁ
818 1612 1087 1683 μακάριος
1138 1612 1300 1665 Δαυῖδ
1348 1615 1483 1684 πρὸς
1529 1615 1620 1667 τὸν
1654 1616 1762 1668 τῶν

191 1702 330 1754 ὅλων
361 1701 492 1754 Θεόν
512 1718 526 1731 ·
566 1722 584 1753 ι
637 1703 724 1755 Ἐν
754 1702 953 1773 χαλινῷ
983 1703 1076 1756 καὶ
1101 1704 1157 1756 ἐν
1188 1704 1350 1773 κημῷ
1383 1705 1481 1768 τὰς
1507 1707 1762 1773 σιαγόνας

189 1793 373 1846 αὐτῶν
398 1792 612 1861 ἀγξαις,
647 1792 754 1846 τῶν
796 1795 868 1864 μὴ
907 1794 1231 1862 ἐγγιζόντων
1272 1793 1408 1864 πρὸς
1437 1795 1515 1846 σέ.
1559 1814 1577 1846 ι
1613 1796 1676 1848 Εἰ
1702 1795 1759 1848 δὲ

1869 618 1961 686 qui
2016 618 2353 687 evangelizas
2403 618 2747 672 Jerusalem:
2807 619 3081 683 exaltate,
3143 619 3305 673 nolite
3364 621 3434 672 ti-

1869 723 2014 763 mere
2055 708 2123 762 “.
2181 727 2201 760 ι
2257 709 2468 762 Etenim
2528 710 2620 778 qui
2677 710 2726 762 in
2793 711 3132 763 sacerdotum
3188 710 3432 763 ordinem

1867 800 2046 864 asciti,
2069 815 2187 855 eam
2221 801 2396 857 sortiti
2431 810 2556 855 sunt
2603 802 2954 871 provinciam,
2985 811 3040 854 ut
3082 801 3278 855 Christi
3313 817 3433 856 om-

1866 892 2015 946 nium
2046 901 2289 947 nostrum
2323 892 2619 946 Salvatoris
2679 893 2932 963 mysteria
2986 892 3286 946 edisserant
3335 908 3431 960 po-

1863 983 2096 1052 puloque
2139 993 2462 1052 proponant,
2501 983 2574 1036 illi
2625 998 2841 1037 sensum
2901 999 3237 1051 nequaquam
3283 973 3430 1050 abje-

1865 1080 2031 1136 ctum,
2069 1073 2286 1126 humive
2325 1081 2627 1141 repentem,
2674 1080 2768 1124 aut
2815 1073 3025 1140 ignavia
3059 1074 3289 1136 victum,
3341 1081 3433 1123 aut

1863 1170 2006 1226 metu
2043 1162 2272 1216 fractum
2308 1161 2553 1216 obtinere
2583 1162 2776 1216 debent
2811 1180 2824 1214 :
2873 1163 2964 1215 sed
3015 1161 3247 1216 sublime
3291 1161 3434 1212 velut

1865 1254 2222 1317 incedentem,
2253 1262 2309 1308 et
2335 1253 2488 1322 quasi
2520 1254 2572 1307 in
2605 1262 2787 1306 monte
2815 1253 3134 1306 collocatum
3162 1269 3176 1316 ;
3221 1267 3326 1319 quo
3357 1253 3434 1305 ni-

1862 1345 2056 1397 mirum
2084 1345 2150 1397 ad
2200 1359 2322 1398 eum
2362 1345 2576 1399 modum
2621 1345 2946 1412 comparati,
2990 1344 3240 1398 eximiam
3287 1346 3429 1396 illam

1861 1449 2110 1488 verorum
2144 1435 2451 1504 dogmatum
2484 1442 2825 1488 venustatem
2863 1435 3048 1488 rimari
3086 1449 3148 1488 ac
3177 1433 3433 1501 introspi-

1861 1541 2008 1591 cere,
2038 1527 2312 1595 verbaque
2346 1527 2610 1595 intrepide
2641 1526 2820 1582 facere
2859 1526 3105 1591 valeant;
3140 1536 3431 1594 quantum-

1861 1619 1942 1673 vis
1969 1618 2132 1673 exiis
2175 1618 2263 1686 qui
2311 1619 2482 1673 sacris
2525 1618 2917 1682 informantur,
2970 1617 3211 1670 nonnulli
3260 1617 3434 1669 instar

1860 1723 2121 1777 equorum
2158 1708 2537 1772 insolentium,
2584 1707 2674 1770 qui
2712 1707 2972 1761 infrenari
3017 1720 3121 1759 non
3171 1712 3428 1771 possunt,

1862 1801 2024 1854 duros
2051 1809 2106 1854 et
2137 1799 2499 1854 intractabilcs
2530 1812 2588 1853 se
2623 1799 2934 1868 prmheant:
2970 1797 3034 1850 de
3066 1796 3260 1864 quibus
3303 1794 3431 1846 bea-

192 1886 290 1938 xal.
350 1889 460 1947 τοῖς
512 1884 684 1948 οὕτως
736 1885 921 1956 έχουσι
973 1886 1168 1958 φρενὸς
1223 1887 1579 1956 προσϐάλλειν
1628 1889 1757 1941 ἀνα-

1865 1901 1946 1945 tus
1971 1891 2133 1945 David
2165 1905 2429 1945 summum
2469 1889 2615 1942 illum
2661 1903 2835 1942 rerum
2883 1889 3123 1942 omnium
3169 1886 3426 1954 Opiﬁcem

190 1978 405 2042 7x1iov,
436 1975 552 2036 πῶς
573 1975 672 2029 οὐκ
703 1976 1000 2044 ἂνῖγένοιτο
1020 1977 1128 2030 τῶν
1156 1977 1295 2046 ἄγαν
1327 1978 1755 2049 σφαλερωτάτων

186 2069 251 2119 τὸ
280 2066 492 2120 ἑλέσθαι
518 2066 694 2136 σιγὴν,
723 2049 817 2120 καὶ
847 2069 921 2138 μὴ
943 2072 1064 2133 ταῖς
1091 2069 1371 2123 εὐσεϐέσιν
1392 2070 1544 2139 ὑμῶν
1566 2072 1756 2134 ἀκοαῖς

188 2158 390 2210 ἐνιέναι
420 2157 760 2221 πλειστάκις,
791 2160 1042 2231 καθάπερ
1065 2179 1114 2214 τι
1138 2164 1287 2231 νᾶμα
1310 2162 1479 2230 γλυκύ
1501 2163 1594 2215 καὶ
1623 2163 1757 2228 ζωο-

192 2247 365 2310 ποιδν,
389 2246 495 2299 τῶν
521 2247 679 2316 ίερῶν
709 2248 1055 2317 Γραμμάτων
1081 2250 1178 2320 τὴν
1211 2251 1432 2317 γνῶσιν.
1462 2253 1597 2324 ὅπερ
1623 2255 1756 2323 ἡμῖν

185 2340 282 2392 καί
352 2339 516 2392 πάλαι
587 2339 719 2404 Θεὸς
792 2341 1133 2408 ὑπισχνεῖτο,
1189 2341 1360 2407 λέγων
1421 2342 1507 2394 διὰ
1577 2343 1756 2412 φωνῆς

201 2433 418 2486 Ἡσαΐου
443 2449 456 2462 ο
495 2450 512 2482 ι
551 2433 659 2485 Καὶ
682 2431 978 2504 ἀντλήσαεε
1013 2431 1154 2501 ὕδωρ
1184 2431 1300 2502 μετ’
1328 2433 1663 2504 εὐφροσύνης
1691 2437 1755 2488 ἐκ

183 2523 296 2576 τῶν
347 2523 536 2594 πηγῶν
564 2523 658 2577 τοῦ
722 2524 1022 2593 Σωτηρίου.
1064 2542 1081 2573 ι
1138 2524 1436 2591 Σωτηρίου
1471 2525 1526 2575 δὲ
1558 2526 1754 2592 πηγὰς

184 2610 328 2670 εἷναί
359 2634 536 2684 φαμεν
566 2617 690 2678 τοὺς
722 2616 910 2684 ἁγίους
953 2617 1256 2685 προφήτας,
1285 2616 1671 2683 εὐαγγελιστάς
1695 2633 1753 2668 τε

185 2709 281 2760 καὶ
322 2708 668 2771 ἀποστόλους,
704 2707 752 2758 οἳ
781 2707 868 2758 τὸν
899 2706 1108 2759 ἄνωθεν
1140 2708 1231 2758 καὶ
1281 2707 1337 2771 ἐξ
1380 2705 1609 2775 οὐρανοῦ
1660 2705 1754 2758 καὶ

184 2800 454 2869 σωτήριον
485 2799 562 2867 τῷ
597 2795 784 2866 κόσμῳ
813 2797 1037 2866 βρύουσι
1068 2797 1243 2865 λόγον,
1277 2797 1636 2867 χορηγοῦντος
1656 2797 1751 2848 αὐ-

179 2891 297 2951 τοῖς
329 2889 421 2940 τοῦ
466 2889 622 2956 ἁγίου
671 2887 1004 2956 Πνεύματος,
1043 2887 1258 2941 ἅπασάν
1291 2904 1349 2940 τε
1378 2887 1518 2939 οὕτω
1552 2903 1750 2940 κατευο

182 2980 467 3048 φραίνουσι
498 2979 599 3049 τὴν
620 2977 709 3030 ὐπ’
738 2977 984 3046 οὐρανόν.
1020 2978 1154 3048 Φέρε
1189 2979 1388 3043 τοίνυν,
1421 2981 1500 3041 είς
1523 2978 1589 3031 τά
1612 2979 1749 3048 βάθη

180 3070 292 3122 τῶν
342 3073 471 3143 παρ’
509 3068 675 3123 αὐτοῦ
724 3067 943 3121 ἐννοιῶν
994 3069 1272 3131 καθιέντες
1318 3069 1409 3122 τὸν
1459 3068 1603 3131 νοῦν,
1651 3071 1749 3139 τῆς

1861 1981 2228 2050 interpellans,
2260 1982 2334 2034 ita
2365 1981 2554 2034 scribit
2584 1996 2598 2032 :
2636 1997 2654 2030 ι
2691 1980 2746 2033 In
2779 1994 2933 2034 camo
2960 1987 3013 2031 et
3048 1977 3200 2032 l’reno
3235 1977 3426 2030 maxil-

1857 2071 1936 2125 las
1989 2087 2174 2127 eorum
2228 2069 2570 2138 constringe,
2617 2070 2708 2138 qui
2767 2084 2872 2122 non
2929 2069 3307 2137 approximant
3363 2069 3426 2120 ad

1857 2170 1910 2214 te
1938 2160 2002 2215 ⁸⁸.
2040 2180 2058 2211 ι
2095 2160 2247 2225 Quod
2279 2161 2323 2214 si
2353 2159 2440 2213 tali
2465 2159 2644 2213 animo
2675 2159 2911 2226 praeditis
2940 2158 3288 2212 nihilominus
3320 2157 3424 2208 vim

1857 2251 2060 2306 inferre
2114 2260 2365 2319 oportet,
2425 2251 2693 2319 quomodo
2746 2249 3039 2304 absurdum
3101 2264 3204 2301 non
3265 2245 3426 2299 fuerit

1857 2344 1995 2413 apud
2030 2358 2124 2398 vos
2157 2343 2350 2406 silere,
2398 2344 2610 2412 piisque
2649 2343 2846 2396 vestris
2889 2341 3112 2394 auribus
3147 2355 3424 2394 sacrarum

1858 2434 2186 2490 Litterarum
2220 2434 2486 2496 notitiam,
2522 2433 2687 2487 veluti
2721 2432 2931 2487 dulcem
2969 2432 3252 2501 quemdam
3293 2431 3426 2483 viri-

1857 2528 2126 2594 licumqne
2167 2525 2402 2588 laticem,
2435 2524 2574 2577 nolle
2628 2524 2862 2577 subinde
2919 2522 3222 2576 instillare?
3271 2521 3424 2585 Quod

1855 2617 2069 2683 quidem
2104 2616 2243 2669 Deus
2270 2630 2365 2681 per
2407 2613 2560 2667 Isaia:
2603 2614 2878 2683 propheta:
2917 2627 3100 2664 vocem
3153 2609 3423 2678 quondam

1856 2708 2085 2768 locutus,
2120 2706 2378 2773 ejusmodi
2409 2705 2586 2758 verbis
2618 2704 2774 2757 nobis
2805 2703 3070 2771 promittit
3100 2719 3112 2753 :
3151 2721 3167 2751 ι
3208 2699 3425 2754 llaurie-

1855 2798 1944 2860 tis,
1981 2798 2176 2863 inquit,
2215 2813 2335 2850 cum
2381 2796 2580 2866 gaudio
2625 2809 2793 2864 aquas
2836 2794 2901 2847 de
2952 2793 3187 2844 fontibus
3221 2790 3426 2843 Saluta-

1855 2889 1928 2941 ris
1960 2889 2024 2938 ⁸⁸.
2062 2907 2079 2938 ι
2109 2885 2373 2940 Saluturis
2406 2897 2583 2940 autem
2620 2884 2790 2950 fontes
2834 2883 3164 2952 appellamus
3209 2893 3424 2934 sanctos

1851 2981 2163 3050 prophetas,
2214 2979 2575 3046 evangelislas
2610 2987 2663 3030 et
2694 2975 2966 3044 apostolos
3000 2993 3011 3028 :
3056 2976 3109 3027 hi
3151 2976 3292 3027 enim
3334 2987 3425 3026 sa-

1853 3073 2011 3126 lutari
2057 3071 2377 3137 cmlitnsque
2430 3071 2622 3122 hausta
2684 3067 2927 3121 doctrina
2974 3066 3229 3119 mundum
3282 3065 3423 3117 ltum:

178 3159 436 3230 ἀληθείας
468 3161 565 3229 τὴν
600 3157 815 3229 εὕρεσιν
858 3158 1064 3211 ἐκεῖθεν
1098 3159 1470 3229 ἀντλήσωμεν.
1519 3159 1747 3229 Γηπόνοι

1855 3165 2104 3235 irrigant,
2161 3163 2366 3231 Spiritu
2423 3173 2610 3217 sancto
2665 3160 2880 3224 imbuti,
2942 3169 3222 3227 totumque
3281 3158 3422 3209 |l||ll:'

179 3249 282 3318 μὲν
311 3246 404 3302 οὖν
442 3249 502 3313 ἐξ
531 3246 715 3318 ἀγρῶν
756 3245 824 3299 τὰ
858 3248 1195 3316 εὐοσμότατα
1230 3249 1336 3301 τῶν
1368 3249 1573 3303 ἀνθέων
1607 3250 1748 3302 κατά

178 3342 403 3410 καιροὺς
433 3339 844 3408 άποκείραντες,
879 3332 998 3390 εἶτα
1020 3337 1194 3392 ταῦτα
1215 3340 1472 3410 ταλάροις
1505 3341 1746 3404 ἐνθέντες

174 3431 511 3501 ἀποφέρουσι
538 3432 647 3492 τοῖς
687 3428 971 3491 δεσπόταις
995 3447 1007 3459 ο
1037 3431 1085 3482 οί
1124 3431 1179 3484 δὲ
1213 3434 1306 3485 καὶ
1337 3433 1454 3485 λίαν
1497 3434 1747 3504 ἀσμένως

176 3521 487 3592 προσίενταί
515 3537 595 3583 τε,
621 3518 712 3571 καὶ
733 3520 842 3582 τοῖς
867 3519 926 3585 ἐξ
948 3519 1106 3588 ὠρῶν
1131 3521 1534 3589 ἐπιγάννυνται.
1553 3525 1741 3593 Ἡμεῖς

172 3613 252 3676 δὲ,
277 3615 387 3666 ὅσοι
409 3613 468 3666 τὸ
495 3611 865 3665 διδασκαλικὸν
886 3612 1078 3681 ἔχομεν
1104 3613 1356 3683 ἐπιτήδευ
1366 3632 1462 3683 μα,
1487 3616 1740 3688 καθάπερ

172 3705 236 3769 ἐξ
266 3703 434 3776 ἀγροῦ
462 3704 559 3773 τῆς
603 3703 960 3756 θεοπνεύστου
991 3703 1231 3774 Γραφῆς,
1275 3706 1374 3757 οὐκ
1405 3707 1741 3775 εὐμάραντον

175 3800 302 3853 θέαν
330 3796 772 3870 προσκομίζομεν
804 3797 1029 3860 ἀνθέων,
1079 3797 1271 3864 λόγους
1320 3797 1376 3850 δὲ
1425 3799 1625 3867 μᾶλλον
1651 3800 1743 3852 καὶ

178 3889 569 3960 μυσταγωγίαν
613 3891 710 3959 τὴν
761 3889 849 3941 διὰ
896 3889 990 3941 τοῦ
1043 3889 1374 3960 Πνεῦματος,
1435 3891 1743 3960 ἀμάραντον

175 3983 404 4054 ἔχουσαν
435 3983 531 4052 τῆς
569 3983 646 4044 είς
689 3980 923 4052 Χριστὸν
982 3982 1263 4046 εὐσεϐείας
1296 3984 1356 4036 τὸ
1402 3983 1616 4045 κάλλος,
1649 3985 1738 4036 εὐ-

171 4076 506 4144 ωδιάζουσάν
537 4091 597 4127 τε
634 4074 726 4128 καὶ
756 4072 901 4142 μάλα
929 4074 1194 4136 πλουσίως
1238 4074 1297 4126 τὸ
1325 4072 1488 4125 αὐτοῦ
1533 4074 1740 4141 μυστή-

175 4187 312 4237 ριον.
343 4171 654 4236 Γέγραπται
702 4164 830 4233 γὰρ,
852 4166 931 4217 ὅτι
954 4183 972 4216 ι
994 4164 1228 4236 Χριστοῦ
1255 4163 1449 4216 εὐωδία
1476 4163 1640 4232 ἐσμὲν
1663 4161 1740 4231 τῷ

169 4260 315 4330 θεῷ.
341 4280 358 4311 ι

1855 3257 2038 3307 orbem
2070 3253 2361 3306 Izetilicant.
2412 3252 2469 3305 In
2519 3253 2633 3316 ejus
2679 3251 2903 3320 proinde
2952 3250 3212 3319 profunda
3264 3261 3419 3301 sensa

1859 3347 2052 3399 mentis
2092 3344 2276 3399 oculos
2327 3344 2715 3412 conjicientes,
2772 3345 3014 3395 veritatis
3059 3341 3420 3394 inventionem

1855 3438 1977 3491 inde
2011 3437 2343 3491 hauriatnns.
2377 3435 2836 3501 Quemadmodum
2871 3448 2999 3501 et'go
3032 3432 3282 3499 agricola:
3315 3431 3421 3485 l'ra-

1851 3527 2224 3596 grantissimos
2257 3540 2502 3594 quosque
2532 3524 2690 3578 ﬂores
2724 3535 3024 3592 opportuno
3069 3534 3309 3590 tempore
3355 3537 3417 3571 ex

1851 3621 1994 3687 agris
2039 3618 2370 3685 decerpunt,
2424 3617 2584 3686 129
2635 3618 3024 3685 decerptoSquc
3080 3628 3144 3667 ac
3190 3612 3323 3667 scite
3369 3613 3419 3664 in

1850 3711 2076 3763 calathis
2104 3711 2431 3777 compositos
2459 3709 2690 3762 dominis
2723 3709 2833 3761 suis
2874 3707 3138 3769 offerunt;
3173 3720 3306 3772 quos
3347 3704 3419 3756 illi

1853 3815 1975 3853 mox
2051 3798 2309 3853 benevole
2383 3807 2644 3869 gratoque
2717 3797 2899 3850 animo
2955 3795 3418 3865 complectuntur,

1851 3893 2272 3959 corumdcmque
2301 3891 2497 3944 decore
2531 3905 2592 3944 ac
2625 3899 2902 3943 venustate
2928 3889 3150 3942 miriﬁce
3173 3888 3420 3941 alliciun-

1854 3995 1938 4035 tur
1971 3997 1985 4042 ;
2023 3982 2092 4033 ita
2127 3997 2244 4042 nos,
2300 3982 2387 4048 qui
2435 3980 2660 4034 docendi
2708 3995 2904 4033 munus
2949 3980 3317 4048 suscepimus,
3354 3993 3418 4030 ex

1851 4073 2024 4127 divina
2061 4073 2335 4140 Scriptura
2379 4072 2540 4126 veluti
2592 4088 2657 4126 ex
2708 4087 2836 4141 agro
2877 4071 3130 4141 quopiam
3177 4084 3281 4122 non
3327 4068 3422 4121 llo-

1849 4179 1969 4217 rum
2025 4164 2132 4216 cito
2178 4164 2628 4216 marcescentium
2681 4163 2928 4216 decorem
2981 4161 3279 4224 olfcrimus,
3326 4159 3419 4211 sed

1848 4266 2152 4307 sermonum
2186 4251 2570 4318 doctrinaeque,
2606 4266 2724 4318 qua:
2755 4266 2849 4319 per
2884 4250 3139 4315 Spiritum
3173 4259 3418 4302 sanctum

170 4353 390 4422 pietatis
435 4350 487 4404 in
537 4349 812 4404 Christum
863 4347 1364 4402 immarcescibilem
1428 4355 1762 4406 venustatem
1830 4345 2096 4407 continet,
2161 4359 2459 4413 magnaque
2527 4344 2793 4396 suavitate
2857 4353 2910 4396 et
2969 4343 3212 4396 ubertate
3279 4342 3418 4396 illius

169 4444 488 4513 mysterium
522 4439 726 4496 redolet
757 4437 1135 4506 lragrantiam.
1162 4436 1434 4505 Scriptum
1467 4444 1545 4488 est
1577 4435 1720 4489 enim
1753 4435 1894 4502 quod
1926 4453 1944 4484 ι
1981 4432 2183 4487 Christi
2217 4437 2389 4486 bonus
2421 4433 2553 4486 odor
2584 4446 2770 4485 sumus
2800 4431 2906 4483 Deo
2931 4432 2995 4484 ⁸⁷.
3025 4450 3041 4480 ι

240 4537 317 4591 B'.
356 4537 623 4606 Πρόσειμι
654 4536 718 4607 δὴ
748 4528 838 4587 οῦν
865 4533 1135 4596 ἀνατιθεὶς
1163 4534 1252 4586 τὸν
1282 4531 1436 4598 λόγον
1471 4530 1598 4599 ὑμῖν
1625 4533 1742 4593 ταῖς
1776 4533 1816 4587 D

168 4625 585 4685 εὐσεϐεστάταις
620 4624 990 4692 βασιλίσσαιςο
1025 4623 1318 4692 πεποίηται
1371 4620 1427 4672 δέ
1478 4637 1565 4688 μοι
1609 4622 1736 4690 περὶ

165 4715 266 4784 τῆς
301 4714 465 4783 ὀρθῆς
503 4714 598 4766 καὶ
627 4714 930 4784 ἀμωμήτου
959 4714 1214 4776 πίστεως,
1248 4714 1388 4782 ἥπερ
1417 4711 1482 4764 ἂν
1527 4710 1734 4776 γένοιτο

166 4808 300 4876 παρ’
345 4805 500 4875 ὐμῶν
539 4806 616 4866 εἰς
644 4805 733 4857 τὸν
778 4807 979 4874 Κύριον
1030 4805 1185 4874 ἡμῶν
1228 4802 1433 4873 Ἰησοῦν
1476 4802 1729 4870 Χριστόν.

168 4899 376 4970 Πρέπει
409 4897 517 4968 γὰρ
558 4897 683 4966 ὑμῖν
729 4894 792 4964 δὴ
823 4895 1056 4964 μάλιστα
1085 4896 1204 4955 ταῖς
1233 4894 1405 4955 οὕτως
1445 4893 1617 4954 ὁσίαις
1643 4893 1733 4943 καὶ

165 4987 629 5052 θεοφιλεστάταις,
665 4981 798 5053 ὁμοῦ
833 4985 944 5044 τοῖς
969 4981 1066 5050 τῆς
1101 4979 1377 5047 βασιλείας
1409 4982 1734 5051 ὐπερτάτοις

162 5075 465 5143 αὐχήμασι,
499 5075 592 5129 καὶ
620 5075 718 5144 τῆς
746 5072 826 5136 είς
851 5069 1082 5144 Χριστὸν
1111 5069 1330 5137 ἀγάπης
1353 5071 1444 5121 τὸν
1471 5071 1733 5137 στέφανον

159 5164 517 5232 ἀναδήσαθαι.
545 5167 682 5235 Ἤδη
714 5165 811 5236 μὲν
839 5160 931 5236 οὖν
952 5164 1071 5226 ταῖς
1101 5160 1362 5229 ἀοιδίμοις
1386 5161 1537 5230 ὑμῶν
1562 5162 1730 5227 ἐφήρ-

160 5268 362 5324 μοσται
391 5257 674 5322 κορυφαῖς,
705 5255 800 5307 καὶ
829 5253 1203 5324 ἀτελευτήτοις
1237 5251 1378 5318 ὑμᾶς
1406 5249 1672 5310 εὐκλείαις
1702 5249 1730 5300 ὁ

154 5342 272 5397 τῶν
302 5343 439 5396 ὅλων
471 5345 894 5414 καταφαιδρύνει
925 5346 1075 5408 Θεός.
1134 5341 1304 5412 ’Υπὲρ
1335 5339 1464 5407 γοῦν
1497 5339 1589 5392 τοῦ
1635 5339 1730 5392 καὶ

157 5437 242 5488 ἔτι
273 5433 533 5502 μειζόνως
579 5434 1156 5506 καταλαμπρὺνεσθαι,
1195 5433 1286 5487 τοῦ
1329 5430 1469 5485 κατὰ
1497 5432 1729 5500 Χριστὸν

160 5521 465 5595 μυστηρίου
496 5525 592 5594 τὴν
631 5525 835 5595 ἀκριϐῆ
880 5542 937 5578 τε
984 5528 1076 5579 καὶ
1103 5525 1479 5593 ἁκιϐδήλευτον
1529 5523 1727 5590 γνῶσιν

157 5613 393 5686 ἐχούσας
422 5615 501 5677 είς
540 5613 681 5678 νοῦν,
714 5600 1030 5668 συντέθεικα
1057 5618 1115 5668 τὸ
1147 5616 1392 5684 λογίδιον,
1423 5614 1508 5666 δια
1548 5613 1726 5685 πάσης

696 5792 739 5822 ⁶²⁵
770 5788 906 5844 Psal.
943 5804 1085 5853 tum,
1121 5791 1171 5843 9.

235 5791 279 5821 ⁸³
309 5789 411 5846 Isa.
449 5806 531 5855 at,
564 5791 612 5845 9.
696 5792 739 5822 ⁶²¹
770 5789 906 5844 Psal.
943 5804 1085 5853 inst,
1121 5791 1171 5843 9.
1251 5792 1294 5822 “
1328 5791 1421 5846 lsa.
1458 5805 1548 5856 xu,
1582 5790 1633 5843 33.

1938 4527 1999 4581 ll.
2081 4528 2156 4582 En
2201 4543 2366 4596 ergo,
2421 4527 2617 4594 regium
2701 4526 2917 4590 pietatis
2997 4527 3415 4590 amantissiune,

1845 4621 2043 4674 librum
2077 4637 2233 4688 quem
2277 4622 2342 4673 de
2375 4629 2517 4672 recta
2568 4630 2621 4672 et
2671 4618 2976 4686 itlt‘ttlpzlltili
3026 4620 3075 4670 in
3133 4619 3416 4670 Dominum

1844 4723 2084 4766 nostrum
2129 4710 2309 4763 Jesum
2354 4709 2630 4760 Christum
2681 4707 2809 4766 lide,
2856 4707 3029 4773 qualis
3074 4719 3248 4759 vestra
3294 4722 3417 4760 esse

1840 4807 2017 4866 debet,
2050 4800 2367 4866 conscripsi,
2398 4799 2547 4851 vobis
2577 4798 2763 4851 oll'ero.
2799 4799 2958 4851 Decet
2993 4799 3134 4849 enim
3159 4814 3261 4849 ~vos
3296 4813 3418 4851 san.

1841 4893 2109 4949 ctimouia:
2167 4899 2219 4943 et
2276 4891 2459 4957 pietati
2520 4891 2763 4958 apprime
2821 4890 3081 4948 addictus,
3129 4902 3229 4937 nua
3290 4904 3410 4941 cum

1841 4999 2052 5038 summo
2085 4982 2228 5050 regni
2267 4983 2502 5052 fastigio,
2536 4981 2814 5035 charitatis
2843 4994 3055 5046 quoque
3087 4995 3206 5046 qua:
3235 4990 3320 5032 est
3357 4982 3409 5034 in

1839 5077 2133 5137 Christum,
2187 5090 2385 5129 corona
2427 5074 2682 5128 redimiri.
2730 5070 2852 5124 llam
2895 5070 3039 5124 enim
3087 5073 3412 5126 venerandis

1839 5167 2033 5222 vestris
2074 5169 2367 5222 verticibus
2393 5167 2500 5233 jam
2551 5171 2728 5230 aptata
2783 5171 2886 5227 est,
2934 5171 2988 5216 et
3033 5164 3410 5216 universorum

1836 5257 2095 5314 Dominus
2124 5259 2290 5329 gloria
2324 5269 2598 5322 nunquam
2635 5254 2874 5322 peritura
2928 5270 3022 5309 vos
3055 5257 3405 5309 condecorat.

1831 5348 2083 5404 Altamen
2116 5365 2221 5418 quo
2262 5349 2432 5416 magis
2473 5347 2636 5400 etiam
2686 5347 3121 5401 condecoremini
3151 5386 3163 5406 ,
3206 5345 3406 5397 Christi

1835 5441 2148 5510 mysterium
2179 5448 2366 5491 exacta
2399 5446 2453 5490 et
2486 5452 2822 5506 nequaquam
2866 5437 3165 5489 adulti-rata
3213 5435 3404 5488 notitia

1832 5529 2207 5597 percipicntes,
2239 5528 2634 5581 oratiunculam
2683 5525 2996 5592 composui,
3036 5524 3084 5575 in
3129 5541 3232 5591 qua
3279 5524 3404 5578 illud

1835 5633 2219 5690 usquequaque
2254 5619 2471 5687 planum
2521 5620 2686 5696 facio,
2725 5619 2864 5688 quod
2905 5616 3045 5671 sicut
3098 5634 3115 5667 ι
3157 5633 3290 5670 unus
3322 5621 3408 5672 Cat

1718 5792 1756 5821 “
1795 5791 1809 5845 Ι
1849 5793 1973 5848 Cor.
2016 5809 2073 5858 ll,
2113 5794 2195 5848 15.
