4122 6496
734 398 749 451 l
760 396 861 452 559

1706 397 1761 453 S.
1806 397 2077 453 CYliILLl
2120 397 2582 452 ALEXANDRINI
2621 395 2942 455 ARCIIIEP.

3831 402 3959 455 1540

730 517 904 582 Pater,
939 534 1012 569 ex.
1036 533 1139 585 quo
1167 517 1343 569 omnia
1378 518 1494 575 ;.ita
1528 533 1690 570 mnnn
1722 534 1933 587 quoque
1963 535 2081 573 esse
2113 521 2287 573 Domi-

2393 519 2602 582 ἐννοίας
2650 518 3022 581 καταδεικνὺς,
3056 517 3158 581 ὅτι,
3200 534 3218 567 ι
3252 517 3439 589 ὥσπερ
3465 517 3613 571 ἐστὶν
3635 510 3717 581 εἷς
3759 519 3892 582 Θεὸς
3934 524 3960 572 ό

730 626 855 661 ιιιιιιι
890 620 1128 662 nostrum
1159 609 1339 664 Jesum
1386 607 1691 672 Christum,
1736 625 1829 678 per
1872 625 2028 677 quem
2067 611 2288 664 omnia:

730 716 865 753 unus
922 701 1140 753 omnino
1190 708 1273 754 est
1324 699 1557 768 Spiritus
1611 709 1848 763 sanctus,
1904 702 1954 753 in
2018 717 2123 767 quo
2174 717 2288 755 om-

729 792 812 842 nia
839 791 902 843 ".
946 810 963 841 ι
999 790 1098 855 Qui
1131 800 1310 843 autem
1344 805 1505 843 unum
1536 789 1809 843 Christum
1842 799 1893 844 et
1927 792 2208 844 Dominum
2239 803 2293 845 et

731 880 918 932 Filium
966 881 1017 931 in
1069 882 1202 933 duos
1253 879 1392 934 ﬁlios
1432 878 1720 943 divellunt,
1767 896 1863 934 nos
1909 886 2053 935 recte
2104 896 2292 951 sapere

726 970 925 1034 t‘dOCli,
982 970 1099 1023 illos
1154 971 1460 1039 neutiquam
1517 971 1920 1024 sustinebimus.
1980 970 2093 1025 Non
2149 972 2287 1025 enim

728 1064 890 1115 alium
917 1078 1037 1116 esse
1067 1061 1301 1115 dicimus
1330 1061 1525 1115 Filium
1560 1076 1684 1115 eum
1716 1062 1805 1129 qui
1840 1074 1962 1115 ante
1990 1065 2167 1116 onmia
2200 1079 2292 1116 sa:-

728 1154 848 1206 cula
879 1170 943 1206 ex
982 1152 1069 1207 Dei
1098 1152 1271 1207 Patris
1302 1152 1607 1207 substantia
1650 1154 1861 1222 genitus
1890 1163 1993 1216 est,
2033 1166 2088 1208 et
2126 1156 2288 1208 alium

732 1260 966 1307 rursum,
998 1244 1087 1312 qui
1120 1244 1429 1298 novissimis
1480 1244 1809 1312 temporibus
1838 1259 1901 1297 ex
1942 1246 2164 1300 muliere
2198 1263 2292 1299 na-

730 1343 837 1396 tus,
866 1344 918 1388 ct
968 1333 1066 1401 legi
1111 1334 1378 1388 obnoxius
1419 1333 1590 1387 factus
1630 1342 1751 1397 est;
1798 1334 1890 1388 sed
1940 1351 2100 1387 unum
2140 1350 2291 1387 eum-

729 1425 955 1490 demque
989 1435 1093 1476 tam
1126 1433 1252 1477 autc
1284 1438 1466 1477 veram
1516 1422 1655 1476 illam
1689 1421 1847 1477 Verbi
1894 1438 2013 1478 cum
2058 1426 2291 1478 humana

729 1532 890 1569 carne
934 1515 1387 1583 conjunctionem,
1435 1529 1595 1583 quam
1638 1524 1755 1581 post
1794 1518 2038 1569 eamdem
2074 1533 2087 1568 :
2121 1531 2294 1585 quan-

729 1607 1012 1675 doquidem
1049 1606 1233 1670 Filius,
1266 1607 1359 1674 qui
1397 1607 1715 1662 naturaliter
1741 1622 1806 1662 ex
1841 1608 1948 1661 Deo
1980 1606 2137 1660 l‘atre
2164 1622 2291 1677 pro—

730 1698 891 1759 cedit,
924 1712 1152 1765 corpore
1183 1697 1438 1762 animato,
1471 1706 1525 1752 et
1554 1708 1735 1753 mente
1766 1699 2040 1767 perfecto,
2072 1712 2137 1752 ex
2171 1697 2293 1751 Dei-

729 1804 855 1855 para
891 1787 1105 1858 Virgine
1135 1787 1299 1841 Maria
1330 1798 1629 1858 assumpto,
1662 1799 1819 1843 natus
1866 1798 1949 1843 est
1996 1790 2288 1844 secundum

2395 610 2604 679 Πατὴρ,
2635 610 2693 675 ἐξ
2719 604 2780 662 οῦ
2812 610 2880 661 τὰ
2926 609 3101 662 πάντα
3122 623 3137 640 ’
3189 607 3331 662 οὕτω
3376 610 3469 662 καὶ
3502 607 3585 673 εἷς
3622 609 3831 681 Κύριος
3871 612 3959 681 Ἰη-

2394 700 2520 765 σοῦς
2554 701 2807 771 Χριστὸς,
2832 700 2900 753 δι’
2929 694 2989 755 οὗ
3018 702 3086 753 τὰ
3116 699 3323 755 πάντα·
3358 701 3417 754 ἒν
3443 701 3499 753 δὲ
3541 702 3716 772 δήπου
3747 702 3959 765 πάντως

2393 789 2565 842 καὶτὸ
2592 789 2815 857 Πνεῦμα
2837 789 2897 841 τὸ
2922 790 3095 857 ἅγιον.
3112 791 3248 843 »Καὶ
3270 790 3377 843 τῶν
3403 792 3482 854 είς
3508 790 3603 844 δύο
3627 791 3959 862 μεριζόντων

2393 880 2541 942 υίοὺς
2574 878 2665 932 τὸν
2713 880 2807 931 ἕνα
2856 879 3086 950 Χριστὸν
3135 880 3228 932 καὶ
3260 879 3384 934 Υίδν
3428 880 3524 933 καὶ
3562 880 3795 949 Κύριον,
3832 882 3961 951 ὀρθά

2392 970 2606 1039 φρονεῖν
2638 969 2932 1035 ἐγνωκότες
2970 970 3069 1022 οὐκ
3119 969 3437 1040 ἀνεξόμεθα.
3496 969 3571 1022 Οὐ
3620 970 3732 1041 γὰρ
3777 972 3961 1044 ἕτερον

2392 1056 2530 1112 εἶναί
2565 1075 2743 1128 φαμεν
2778 1060 2904 1111 Υίὸν
2936 1060 3028 1112 τὸν
3077 1060 3183 1130 πρὸ
3215 1060 3415 1123 παντὸς
3463 1061 3658 1123 αἰῶνος
3707 1079 3963 1131 γεγεννη-

2396 1151 2554 1219 μένον
2581 1150 2653 1223 ἐξ
2670 1150 2767 1217 τῆς
2795 1151 2979 1214 οὐσίας
3015 1151 3108 1203 τοῦ
3136 1151 3268 1204 Θεοῦ
3300 1154 3393 1205 καὶ
3425 1142 3662 1223 Πατρδς,
3694 1153 3888 1223 ἕτερον
3912 1154 3961 1205 δε

2391 1238 2483 1291 τὸν
2511 1239 2571 1291 ἑν
2598 1238 2843 1307 ἐσχάτοις
2876 1243 3086 1310 καιροῖς
3129 1242 3419 1310 γενόμενον
3450 1244 3513 1295 ὲκ
3545 1243 3833 1311 γυναικὸς,
3876 1260 3959 1309 γει

2392 1328 2616 1397 νόμενον
2659 1329 2763 1382 ὑπὸ
2793 1330 2956 1399 νόμον
2975 1349 2988 1363 ·
3016 1332 3131 1385 ἀλλ’
3156 1332 3249 1386 ἕνα
3282 1334 3377 1386 καὶ
3414 1333 3505 1385 τὸν
3544 1332 3711 1387 αὑτὸν
3738 1334 3841 1387 καὶ
3866 1335 3965 1404 πρὸ

2392 1419 2493 1486 τῆς
2538 1418 2671 1489 πρὸς
2710 1420 2888 1491 σάρκα
2918 1422 3133 1476 συνόδου
3165 1423 3258 1476 καὶ
3296 1422 3540 1487 ὲνὼσεως
3578 1424 3845 1493 ἀληθοῦς,
3878 1426 3964 1477 καὶ

2397 1508 2534 1579 μετὰ
2564 1510 2719 1563 τοῦτο
2743 1510 2845 1564 ἔτι.
2884 1510 2943 1564 Ὀ
2972 1511 3083 1583 γὰρ
3115 1514 3180 1566 ὲκ
3204 1512 3339 1566 Θεοῦ
3386 1513 3598 1584 [ἰατρὸς
3628 1513 3778 1568 κατὰ
3810 1514 3963 1582 φύσιν

2396 1597 2539 1663 Υἱὸς,
2569 1598 2813 1669 ἔμψυχόν
2838 1616 2897 1652 τε
2928 1586 3021 1653 καὶ
3046 1601 3230 1655 ἔννουν
3256 1602 3431 1672 ἑαυτῷ
3458 1602 3615 1671 σῶμα
3645 1600 3859 1668 λαὸὼν,
3880 1620 3964 1670 γε·

2392 1689 2644 1761 γέννηται
2706 1692 2983 1762 σαρκικῶς
3035 1693 3125 1746 διὰ
3178 1692 3278 1763 τῆς
3331 1694 3493 1762 ἁγίας
3548 1694 3839 1763 Παρθένου
3881 1695 3965 1745 καὶ

2391 1782 2653 1835 Θεοτόκου
2693 1784 2930 1855 Μαρίας,
2968 1785 3062 1839 καὶ
3090 1786 3192 1838 οὐκ
3233 1788 3315 1849 είς
3358 1787 3537 1856 σάρκα
3584 1786 3829 1857 τραπεὶς
3873 1784 3963 1853 (μὴ

727 1894 968 1943 carnem,
1003 1880 1145 1932 nullo
1176 1891 1353 1933 autem
1397 1882 1555 1935 modo
1596 1894 1784 1934 versus
1826 1889 1907 1934 est
1942 1880 1992 1933 in
2025 1894 2240 1935 carnem
2272 1898 2287 1935 :

2391 1866 2596 1936 γένοιτο
2620 1872 2681 1937 l),
2721 1870 3042 1940 προσλαϐὼν
3077 1872 3133 1926 δὲ
3172 1874 3370 1944 μᾶλλον
3417 1875 3610 1944 αὐτὴν,
3643 1874 3741 1927 καὶ
3778 1874 3876 1926 τοῦ
3896 1870 3962 1926 εἶ-

729 1970 887 2024 absit.
922 1971 1197 2038 Siquidem
1232 1970 1371 2023 illam
1405 1971 1477 2023 ita
1509 1971 1835 2039 assumpsit,
1870 1981 1926 2025 ut
1956 1972 2286 2027 divinitatem

726 2078 878 2117 suam
911 2063 1051 2116 nulla
1082 2078 1145 2118 ex
1182 2072 1333 2131 parte
1364 2062 1600 2127 lit-serit;
1635 2064 1835 2118 mansit
1857 2079 2087 2137 namque
2115 2069 2290 2126 ethoc

724 2168 941 2221 quoque
974 2154 1134 2206 modo
1167 2153 1544 2206 universorum
1580 2155 1853 2211 Dominus.

800 2242 1064 2312 130m.
1107 2244 1172 2298 Et
1206 2245 1317 2299 hzec
1359 2245 1573 2312 quidem
1619 2247 1819 2303 sentire
1862 2249 2035 2305 edocti
2074 2267 2286 2307 smnus.

724 2338 988 2401 Quoniam
1024 2347 1333 2392 sanctorum
1360 2335 1579 2391 Patrum
1613 2352 1911 2404 sermones,
1944 2345 2286 2397 earumdem-

723 2444 827 2496 que
858 2431 1166 2486 sanctiones
1193 2430 1466 2500 sapienter
1489 2431 1797 2497 admonent,
1817 2444 1871 2486 ut
1898 2450 2091 2503 magno
2114 2436 2290 2489 studio

724 2522 1117 2589 diligenterque
1151 2522 1525 2585 observemus,
1576 2523 1704 2592 quid
1757 2524 1954 2579 divina:
1998 2524 2290 2593 Scriptura:

723 2628 885 2679 quam
933 2612 1165 2665 maxime
1198 2622 1620 2667 consentaneum
1656 2615 1746 2679 sit,
1790 2615 2081 2682 subtilique
2122 2631 2286 2670 sensu

726 2704 790 2754 ad
823 2716 885 2755 ea
916 2716 1040 2769 qua:
1071 2701 1137 2755 de
1167 2701 1385 2754 Christo
1419 2703 1662 2771 exposita
1690 2713 1813 2756 sunt
1843 2704 2106 2769 adhibito,
2144 2707 2287 2760 veri-

727 2805 889 2847 tatem
919 2793 1221 2846 divinorum
1254 2792 1563 2862 dogmatnm
1603 2794 2027 2863 contemplemur
2056 2813 2069 2848 :
2151 2798 2286 2851 Con-

724 2887 841 2937 silia
871 2893 1198 2945 everteotes,
1234 2892 1288 2937 et
1319 2898 1535 2938 onmem
1568 2886 1906 2942 altitudinem
1941 2889 2286 2945 extollentem

724 2994 783 3034 se
815 2979 1076 3031 adversus
1128 2976 1488 3046 cognitionem
1525 2978 1652 3045 Dei;
1702 2989 1755 3033 et
1804 2981 2136 3049 eaptivautes
2172 2998 2289 3036 om-

725 3086 844 3123 nem
872 3068 1199 3123 intellectum
1226 3068 1276 3122 in
1302 3066 1665 3124 obedientiam
1694 3070 1812 3140 ejus
1836 3070 1901 3125 ⁸³.
1933 3090 1952 3124 ›
1980 3072 2115 3127 Cum
2143 3075 2286 3128 enim

726 3170 1093 3229 congruenter
1124 3175 1231 3215 uno
1268 3176 1533 3217 consensu
1571 3163 1844 3218 fateantur
1885 3180 2094 3229 omnes,
2129 3179 2287 3220 natu-

724 3252 838 3306 rale
868 3252 960 3305 Dei
991 3251 1169 3305 Patris
1196 3250 1454 3315 Verbum,
1483 3254 1625 3321 quod
1657 3256 1708 3307 in
1734 3254 1971 3323 ejusdem
2001 3256 2091 3309 Dei
2115 3257 2285 3311 forma

722 3355 771 3395 et
790 3342 1097 3411 aequalitate
1119 3343 1513 3410 cxsistit,¢non
1546 3346 1788 3412 rapinam
1818 3347 2142 3400 arbitratum
2170 3361 2289 3401 esse

723 3450 779 3487 se
819 3432 1075 3501 a'qualem
1112 3432 1257 3498 Deo;
1294 3434 1388 3489 sed
1416 3434 1585 3488 forma
1624 3436 1763 3489 servi
1813 3448 2030 3505 accepta
2080 3448 2289 3491 semet-

724 3526 900 3593 ipsum
932 3524 1320 3589 cxinaoivisse,
1354 3539 1417 3577 ar.
1455 3525 1508 3579 in
1550 3524 1960 3579 similitudinem
2010 3527 2287 3581 hominum

726 3616 951 3679 factum,
980 3615 1033 3669 in
1086 3616 1431 3683 humanoque
1477 3617 1661 3671 habitu
1710 3616 1986 3672 inventum
2022 3634 2079 3673 se
2110 3620 2287 3674 humi-

724 3707 903 3770 liasse,
948 3719 1013 3759 ac
1050 3706 1115 3759 ad
1155 3716 1386 3762 mortem
1432 3707 1647 3761 tandem
1694 3724 1863 3777 usque
1906 3712 2164 3766 obedieus
2208 3712 2287 3765 fa-

727 3811 872 3852 etum
894 3798 1075 3853 crucis
1097 3809 1322 3853 mortem
1345 3799 1578 3854 subiisse
1603 3800 1648 3831 ⁷ο
1680 3805 2103 3864 ;inccessarium
2134 3803 2288 3872 plane

719 3902 803 3945 est
850 3906 973 3945 eum
1007 3891 1096 3960 qui
1144 3906 1330 3946 eorum
1375 3892 1505 3957 vim,
1545 3907 1663 3960 qua:
1709 3894 1774 3947 de
1823 3892 2041 3947 Christo
2088 3897 2285 3961 scripta

719 3992 953 4046 exstant,
998 3992 1143 4036 recte
1176 3982 1474 4050 diiudicare
1506 3984 1640 4048 vult,
1678 3995 1866 4054 pectus
1899 3986 2119 4055 optimis
2161 4004 2287 4042 sen-

723 4074 908 4128 tentiis
967 4074 1295 4127 instructum
1352 4074 1589 4139 habere;
1644 4087 1701 4129 ut
1754 4078 2031 4147 percipere
2086 4080 2286 4143 valeat,

720 4164 991 4232 quomodo
1030 4164 1169 4218 Deus
1204 4164 1362 4219 simul
1408 4175 1463 4219 et
1508 4165 1669 4220 homo
1714 4168 1852 4220 idem
1887 4169 2001 4237 ipse
2042 4169 2288 4223 Christus

718 4257 965 4317 exsistat,
1004 4263 1059 4309 et
1084 4255 1224 4309 Deus
1252 4269 1372 4308 esse
1407 4254 1524 4309 sine
1558 4255 1664 4307 ulla
1696 4257 2012 4313 ultt‘rttlioue
2042 4271 2135 4312 aut
2167 4275 2287 4312 nm-

721 4347 920 4398 tatione
977 4354 1287 4415 perseveret
1346 4346 1725 4415 (immutabilis
1792 4348 1933 4401 enim
1988 4359 2073 4404 est
2126 4350 2285 4405 Verbi

722 4437 955 4503 natura),
988 4446 1041 4489 et
1087 4436 1478 4491 exiuanitiunis
1510 4437 1864 4491 humilitatem
1890 4454 1991 4491 non
2028 4452 2285 4508 respuat:

2390 1971 2476 2006 ναι
2500 1954 2631 2018 Θεὸς
2664 1956 2763 2008 οὐκ
2791 1957 3104 2027 ὴμεληκώςο
3136 1961 3414 2031 μεμένηκε
3443 1962 3550 2034 γὰρ
3579 1963 3676 2016 καὶ
3690 1961 3844 2017 οὕτω
3863 1963 3964 2017 τῶν

2388 2042 2525 2096 ὅλων
2550 2045 2846 2115 Δεσπότης.

2462 2245 2534 2301 Γ’.
2578 2247 2761 2301 Ταῦτα
2787 2252 3001 2321 φρονεῖν
3031 2253 3409 2324 δεδιδάγμεθα.
3454 2255 3648 2325 Σοφοῖς
3681 2256 3795 2328 γὰρ
3823 2260 3959 2328 ἡμᾶς

2393 2337 2845 2409 παραγγέλμασιν
2895 2346 2943 2397 οἱ
2997 2344 3107 2419 τῷν
3160 2346 3334 2413 ἁγίων
3370 2346 3775 2416 ἁποκομίζουσι
3825 2348 3962 2416 λόγοι

2392 2427 2524 2495 πρός
2553 2445 2615 2497 γε
2644 2430 2704 2484 τὸ
2736 2432 2933 2503 χρῆναι
2967 2436 3277 2506 φιλοτηρεῖν
3305 2438 3366 2489 τὸ
3411 2440 3520 2502 τοῖς
3554 2439 3722 2507 ἱεροῖς
3786 2439 3961 2509 Γραμ-

2393 2533 2555 2585 μασιν
2590 2519 2665 2573 ὅτι
2720 2523 2955 2589 μάλιστα
3004 2525 3214 2591 δοκοῦν,
3252 2528 3348 2581 καὶ
3393 2527 3489 2598 τὴν
3540 2529 3599 2580 ὲν
3637 2530 3754 2591 τοῖς
3807 2528 3960 2589 θείοις

2388 2607 2651 2678 δόγμασιν
2679 2612 2941 2683 ἀλήθειαν
2974 2617 3466 2683 κατασκέπτεσθαι,
3496 2619 3695 2674 λεπτὸν
3726 2622 3960 2682 ινιέντσς

2388 2699 2499 2760 τοῖς
2552 2700 2679 2769 περὶ
2720 2700 2956 2769 Χριστοῦ
3013 2703 3361 2776 λαλουμένοις
3401 2706 3491 2759 τὸν
3543 2707 3706 2761 νοῦν
3752 2728 3774 2759 ι
3823 2710 3961 2763 Καθ-

2388 2789 2669 2860 αιροῦντες
2704 2792 2803 2861 μὲν
2826 2792 3139 2864 λογισμοὺς,
3179 2798 3272 2851 καὶ
3298 2799 3407 2851 πᾶν
3442 2797 3641 2867 ὕψωμα
3666 2800 3961 2871 ἐπαιρόμει

2388 2896 2478 2931 νον
2509 2881 2651 2933 κατὰ
2674 2882 2771 2950 τῆς
2804 2891 3057 2949 γνώσεως
3086 2885 3179 2939 τοῦ
3206 2886 3363 2951 Θεοῦ,
3396 2878 3489 2941 καὶ
3527 2889 3959 2957 αἰχμαλωτίζονο

2388 2988 2479 3034 τες
2514 2974 2621 3024 πᾶν
2652 2973 2827 3042 νόημα
2875 2976 2955 3037 είς
2990 2975 3090 3046 τὴν
3124 2978 3371 3049 ὑπακοὴν
3418 2978 3604 3032 αὐτοῦ.
3651 2998 3670 3031 ι
3710 2979 3962 3050 Ἐχοντος

2390 3062 2498 3132 γὰρ
2527 3064 2831 3134 ἀραρότως,
2872 3066 2967 3120 καὶ
3009 3068 3445 3139 ὁμολογουμένου
3486 3071 3638 3141 παρὰ
3672 3074 3868 3136 πᾶσιν,
3891 3074 3963 3127 δτι

2393 3158 2486 3208 καὶ
2533 3158 2589 3208 ὲν
2644 3162 2825 3228 μορφῇ
2881 3161 2976 3213 καὶ
3018 3162 3223 3232 ἰσότητι
3271 3163 3365 3217 τοῦ
3418 3164 3554 3218 Θεοῦ
3610 3165 3711 3218 καὶ
3760 3142 3964 3236 ila-:96;

2391 3248 2651 3317 ὑπάρχων
2682 3250 2711 3301 ὁ
2741 3249 2800 3313 ἐξ
2827 3249 2990 3303 αὐτοῦ
3024 3252 3165 3306 κατὰ
3187 3254 3350 3323 φύσιν
3385 3256 3575 3323 Λόγος,
3615 3275 3634 3307 ι
3666 3256 3772 3325 οὐχ
3794 3258 3963 3330 ἀρπιι⁸

2388 3338 2529 3405 γμὸν
2599 3339 2846 3407 ἡγήσατο
2894 3341 2955 3394 τὸ
3009 3340 3148 3398 εἶναι
3217 3347 3308 3400 ἶσα
3382 3347 3501 3418 Θεῷ
3538 3364 3553 3380 ’
3604 3348 3723 3403 ἀλλ’
3783 3350 3964 3402 ἑαυτὸν

2388 3428 2642 3491 ὲκένωσε,
2667 3430 2881 3502 μορφὴν
2900 3432 3086 3487 δούλου
3107 3436 3308 3489 λαϐὼν·
3334 3440 3392 3492 ὲν
3414 3441 3725 3511 ὁμοιώματι
3758 3442 3963 3513 ἀνθρώ-

2389 3536 2507 3572 πων
2534 3520 2843 3591 γενόμενος,
2873 3526 2965 3577 καὶ
3003 3527 3243 3597 σχήματι
3276 3529 3517 3599 εὑρεθεὶς
3544 3532 3622 3594 ὡς
3659 3533 3960 3603 ἄνθρωπος.

2389 3614 2751 3667 ἐταπείνωσεν
2784 3616 2993 3681 ἑαυτὸν,
3031 3619 3321 3689 γενόμενος
3371 3623 3613 3691 ὑπήκοος
3659 3624 3828 3695 μέχρι
3874 3626 3962 3678 Θα-

2388 3704 2571 3768 νάτου,
2603 3704 2830 3760 Θανάτου
2859 3708 2917 3759 δὲ
2950 3710 3241 3779 σταυροῦῚ
3280 3712 3432 3765 πᾶσά
3456 3730 3571 3775 πως
3606 3714 3829 3784 ἀνάγκη
3860 3715 3966 3767 θεολ

2390 3794 2576 3861 φιλοῦς
2626 3797 2870 3861 ἐπινοίας
2925 3806 2950 3833 ο
3000 3800 3294 3870 ἐπίμεστον
3350 3804 3493 3872 ἔχειν
3540 3804 3635 3854 τὸν
3687 3805 3841 3869 νοῦν,
3883 3806 3964 3856 eis.

2387 3880 2541 3957 ᾧπερ
2583 3887 2648 3939 ἂν
2699 3889 2908 3955 γίνοιτο
2958 3892 3157 3955 σκοπὸς
3198 3893 3499 3965 διακρίνειν
3554 3889 3615 3947 εὖ
3670 3896 3820 3963 μάλα
3864 3898 3964 3948 τῶν

2389 3980 2517 4049 περὶ
2542 3979 2709 4031 αὑτοῦ
2758 3982 3159 4051 γεγραμμένων
3182 3986 3279 4055 τὴν
3306 3984 3555 4055 δύναμιν·
3590 3986 3681 4038 ἵνα
3708 3989 3770 4039 ὲν
3792 3990 3964 4057 ταυτῷ

2388 4070 2519 4133 Θεός
2548 4085 2607 4122 τε
2631 4070 2770 4141 όμοῦ
2806 4072 2896 4123 καὶ
2927 4072 3209 4144 ἄνθρωπος
3249 4076 3278 4128 ὁ
3301 4076 3464 4138 αὐτὸς
3499 4075 3767 4148 ὑπάρχων
3796 4082 3965 4148 ἐπιγι-

2387 4160 2686 4231 νώσκηται,
2745 4161 2840 4214 καὶ
2882 4162 2943 4215 τὸ
2982 4159 3119 4217 εἶναι
3164 4165 3297 4229 Θεὸς
3352 4164 3793 4237 ἀπαραποιήτως
3839 4171 3965 4240 ἔχων

2391 4254 2687 4322 (ἄτρεπτος
2715 4254 2823 4324 γὰρ
2850 4256 2880 4320 ἡ
2907 4253 3001 4305 τοῦ
3034 4256 3207 4322 Λόγου
3237 4256 3442 4326 φύσις),
3463 4257 3557 4309 καὶ
3585 4258 3649 4311 τὸ
3674 4260 3783 4329 τῆς
3810 4262 3965 4315 κενώ-

2390 4360 2528 4407 σεως
2583 4346 2780 4415 μέτρον
2826 4345 2885 4398 οὐ
2939 4348 3389 4419 παραιτούμενος.
3461 4346 3805 4423 Ἐπερυθριᾷ
3867 4354 3964 4419 γὰρ

2388 4436 2639 4505 οὐδαμῶς
2689 4441 2802 4500 τοῖς
2854 4438 3003 4501 ἰδίοις
3039 4439 3377 4510 σκέμμασιν,
3401 4442 3429 4493 ὁ
3462 4439 3695 4493 κένωσιν
3726 4444 3833 4512 τὴν
3861 4445 3963 4497 ἐθεο

720 4542 893 4595 neque
926 4526 1069 4579 enim
1108 4528 1198 4597 qui
1233 4528 1629 4597 dispensatoria
1678 4530 1886 4583 ratione
1931 4532 2285 4585 voluntariam

2392 4528 2603 4580 λοῦσιον
2635 4530 2991 4596 οἰκονομικῶς
3027 4530 3094 4583 δι’
3123 4533 3269 4601 ἡμᾶς
3301 4531 3619 4602 ὑπομείνας.
3669 4535 3769 4585 Δεῖ
3797 4537 3962 4588 τοίνυν

721 4618 888 4669 tmstri
922 4632 1085 4670 causa
1135 4618 1566 4673 humiliationem
1599 4612 1876 4682 sustinuit,
1906 4620 1969 4674 de
2014 4621 2125 4675 suis
2155 4637 2287 4673 ροη-

720 4708 854 4761 siliis
883 4707 1173 4763 erubescit.
1221 4709 1447 4778 Oportet
1491 4711 1671 4779 itaque
1712 4712 1859 4763 illum
1899 4721 1952 4766 et
1987 4713 2286 4767 divinitatis

721 4799 999 4864 majestate
1040 4799 1391 4868 conspicuum
1421 4799 1614 4863 videri,
1659 4809 1714 4853 et
1760 4815 1787 4852 a
1837 4810 2037 4854 nostra:
2069 4817 2283 4854 rursum

722 4889 1039 4942 humilitatis
1074 4890 1409 4951 conditiOne,
1453 4900 1674 4956 propter
1720 4901 2052 4957 assumptam
2092 4892 2282 4944 Imma-

722 4980 967 5041 nitatem,
1008 4995 1111 5033 non
1156 4995 1379 5049 prorsus
1408 4980 1644 5033 alienum
1680 4994 1799 5032 esse
1858 4981 2110 5034 arbitrari
2140 5001 2151 5033 :
2181 4983 2281 5034 hoc

719 5070 863 5123 enim
906 5070 1319 5135 dispensationis
1370 5074 1507 5127 ratio
1552 5071 1803 5142 postulat.
1843 5072 1900 5125 Si
1951 5076 2094 5125 cnim
2144 5074 2283 5126 Deus

723 5160 953 5213 Verbum
1012 5159 1210 5213 factum
1260 5174 1343 5217 cst
1384 5180 1544 5228 caro,
1601 5166 1704 5219 hoc
1760 5173 1843 5218 est
1889 5164 2081 5224 homo,
2131 5163 2284 5228 juxta

721 5253 886 5306 illud:
921 5270 937 5301 ι
972 5249 1249 5303 Effundam
1270 5254 1336 5306 de
1367 5255 1570 5324 Spiritu
1608 5271 1726 5311 meo
1744 5270 1905 5324 super
1926 5270 2140 5310 onmem
2163 5269 2285 5308 car-

718 5359 840 5399 nem
864 5343 941 5407 ”;
973 5360 991 5393 ι
1027 5339 1298 5393 neminem
1320 5342 1438 5408 jure
1471 5348 1689 5402 turbare
1712 5349 1889 5411 debet,
1924 5348 1967 5403 si
1996 5362 2101 5416 qua
2145 5361 2281 5398 non-

789 5502 831 5529 τ’
867 5500 878 5551 l
912 5502 1036 5554 (lor.
1068 5516 1142 5563 vt,
1180 5498 1232 5553 8.
1311 5499 1355 5530 ⁶⁹
1392 5497 1431 5552 ΙΙ
1459 5500 1581 5554 (ἴοι.
1613 5518 1665 5568 x,
1702 5505 1753 5557 5.

1834 5507 1877 5536 ⁷⁸
1912 5506 2143 5572 Philipp.
2188 5520 2248 5566 It,
2285 5504 2403 5558 (3-8.

2394 4620 2557 4672 αὐτὸν
2605 4622 2697 4673 καὶ
2756 4624 2866 4684 τοῖς
2916 4622 3013 4690 τῆς
3067 4620 3319 4692 θεότητος
3376 4622 3682 4692 ἀξιώμασιν
3742 4627 3963 4696 ὁρᾶσθαι

2393 4714 2688 4783 διαπρεπῆ,
2741 4716 2832 4766 καὶ
2861 4716 2960 4783 τῆς
3000 4714 3122 4767 καθ’
3172 4718 3323 4785 ἡμᾶς
3364 4720 3851 4787 σμικροπρεπείσς
3876 4718 3963 4769 οὐκ

2393 4806 2471 4867 εἰς
2520 4805 2667 4857 ἆπαν
2715 4805 3135 4874 ἀπηλλαγμένον
3180 4805 3269 4859 διὰ
3306 4806 3366 4860 τὸ
3404 4806 3778 4876 ἀνθρώπινον,
3814 4812 3965 4861 ἀπαι-

2392 4896 2589 4964 τούσης
2638 4896 2795 4947 τοῦτο
2839 4897 2934 4964 τῆς
2976 4897 3307 4967 οἰκονομίας.
3358 4900 3419 4951 Εἰ
3478 4901 3589 4967 γὰρ
3634 4899 3777 4963 Θεὸς
3834 4901 3906 4950 ὢν
3942 4901 3966 4949 ὁ

2390 4986 2559 5048 Λόγος
2591 4985 2776 5049 γέγονε
2807 4986 2962 5055 σὰρξ,
2990 4988 3267 5039 τουτέστιν
3289 4988 3589 5055 ἄνθρωπος.
3615 4990 3768 5040 κατὰ
3794 5008 3852 5055 γε
3878 4990 3957 5049 τὸ,

2397 5092 2416 5124 ι
2455 5076 2663 5141 Ἐκχεῶ
2684 5076 2790 5126 ἀπὸ
2814 5077 2907 5127 τοῦ
2935 5077 3246 5145 Πνεῦματὸς
3270 5094 3371 5143 μου
3394 5077 3486 5127 ἐπὶ
3516 5079 3697 5129 πᾶσαν
3731 5082 3960 5149 σάρκαἹ

2392 5163 2691 5234 οορυὸείτω
2742 5166 2963 5234 μηδένα,
3015 5168 3120 5219 κᾶν
3169 5167 3218 5218 εί
3267 5166 3479 5233 λέγοιτὸ
3521 5184 3576 5219 τι
3628 5173 3766 5239 περὶ
3813 5169 3964 5223 αὐτοῦ

2391 5256 2541 5328 παρὰ
2573 5256 2674 5325 τῆς
2724 5255 3076 5308 θεοπνεύστου
3116 5256 3356 5326 Γραφῆς,
3388 5256 3495 5311 τῶν
3541 5261 3643 5313 ὅσα
3692 5265 3851 5317 ἐστὶν
3884 5264 3967 5315 dv-

2390 5346 2784 5419 θρωποπρεπῆ.
2809 5345 3175 5418 Περιαθρεετω
3194 5347 3248 5401 δὲ
3274 5348 3473 5419 μᾶλλον
3494 5351 3661 5406 αὑτοῦ
3684 5356 3796 5427 τὴν
3819 5358 3967 5423 ὑπερο

2481 5507 2524 5535 ⁷¹
2561 5503 2675 5558 Juel
2715 5521 2773 5567 ιι,
2806 5504 2897 5559 28.

1843 5659 2011 5713 VatiJ:
2048 5661 2301 5715 lectiones
2328 5660 2530 5716 ("diris
2564 5659 2918 5728 St‘gtucrialti.

800 5797 820 5818 '
856 5792 1147 5858 ςυῑιχνῐας.
