4116 6480
120 374 267 427 ιδιι

111 584 388 651 πρεποῦς
436 603 493 638 τε
529 589 620 640 καὶ
659 589 938 644 ἀνωτάτω,

194 886 274 933 Δ’.
293 885 364 934 ’Ἀ
379 883 435 935 δὲ
455 877 523 951 ἦν
547 883 776 951 μάλιστα
792 885 1088 955 παραλύειν
1120 886 1259 949 είκὸς
1277 888 1367 939 τὸν
1388 886 1494 940 τῶν
1517 889 1713 942 ἁπλου-

106 973 347 1042 στέρων
380 973 634 1027 δύνασθαι
661 976 806 1040 νοῦν,
841 973 1012 1026 ταῦτα
1052 974 1135 1045 δὴ,
1164 979 1306 1030 κατά
1335 995 1399 1045 γε
1451 978 1512 1030 τὸ
1543 981 1713 1050 ἐγχω-

105 1063 282 1132 ροῦν,
336 1065 430 1114 κει.)⁵
481 1063 555 1129 ὡς
608 1066 688 1118 ἔνι
742 1065 941 1128 καλῶς,
993 1065 1308 1136 διατρανοῦν
1357 1071 1709 1142 πειράσομαι,

104 1153 457 1222 παρατιθεὶς
503 1157 718 1225 ἑκάστῳ
765 1156 914 1226 ρητῷ
943 1157 1042 1228 τὴν
1073 1160 1399 1230 ἀποχρῶσαν
1445 1161 1597 1216 λύσιν
1631 1165 1710 1229 είς

102 1245 479 1314 διασάφησιν,
509 1245 643 1298 Θεοῦ
684 1246 844 1299 πάλιν
887 1247 1018 1316 ἡμῖν
1047 1249 1464 1315 κατευθύνοντος
1493 1253 1586 1305 καὶ
1614 1253 1710 1325 τὴν

102 1335 203 1395 εἰς
239 1333 406 1388 τοῦτο
445 1335 648 1406 τρίϐον.
687 1353 706 1385 t
741 1335 935 1390 Δίδωσι
963 1337 1072 1408 γὰρ
1106 1340 1259 1410 ῥῆμα
1290 1343 1400 1406 τοῖς
1430 1343 1711 1412 εὐαγγελι-

103 1424 383 1493 ζομένοις
414 1426 638 1496 δυνάμει
676 1427 865 1498 πολλῇ,
902 1446 920 1478 ι
955 1429 1098 1482 καθά
1134 1448 1300 1502 φησιν
1350 1434 1379 1486 ό
1423 1433 1709 1499 θεσπέσιος

104 1516 409 1586 Μελῳδός.
457 1517 544 1569 Ἐν
572 1518 670 1588 μὲν
708 1514 800 1572 οὖν
834 1518 912 1589 τῷ
956 1519 1102 1590 λόγῳ
1132 1522 1211 1592 τῷ
1253 1523 1389 1595 πρὸς
1432 1525 1588 1595 ἡμῶν
1617 1544 1709 1594 γε-

103 1609 314 1673 γονότι
345 1609 479 1678 πρὸς
508 1608 606 1672 τὰς
635 1610 796 1678 ἁγίας
831 1610 1158 1681 παρθένους,
1188 1613 1296 1666 τῶν
1349 1617 1709 1687 ἑτοιμοτέρων

105 1699 337 1768 ρητῶν,
362 1699 457 1752 καὶ
482 1701 633 1754 οὐδὲν
656 1701 890 1772 ἐχόντων
909 1704 971 1755 τὸ
990 1703 1248 1777 δυσχερὲς
1275 1705 1354 1769 είς
1379 1707 1704 1776 κατάληψιν,

105 1791 394 1863 πλείστην
435 1793 568 1864 ὅσην
602 1795 948 1866 πεποιήμεθα
977 1797 1074 1867 τὴν
1107 1797 1440 1867 παράθεσιν·
1474 1799 1531 1851 έν
1559 1799 1616 1852 δέ
1641 1817 1704 1868 γε

954 383 1044 436 AD
1083 383 1376 440 REGINAS
1417 389 1501 442 οισι
1545 392 1763 447 llEC'I'A
1810 395 1962 452 FIDE
2003 399 2264 456 ORATIO
2306 403 2603 460 ALTERA.

107 495 367 564 κόσμιον
414 495 569 562 δόξαν
600 499 663 550 ἐκ
696 499 974 567 δυνάμεως
1023 508 1112 557 καὶ
1145 508 1415 578 ὑπεροχῆς
1457 511 1554 580 τῆς
1601 513 1715 566 θεο-

1824 537 2095 588 nunquam
2149 523 2392 584 humilia,
2436 526 2611 591 qualia
2649 527 2894 586 homines
2935 536 3148 602 decent,

3251 431 3384 486 1342

3192 545 3384 602 divini!)

1820 605 2035 662 Litterae
2059 610 2124 662 de
2161 610 2251 663 illo
2276 613 2525 678 prodant.
2555 613 2770 681 Spectet
2803 630 2978 672 autem
3011 628 3185 687 potius
3214 634 3376 686 cwle-

1819 708 1952 751 stem
1991 700 2131 753 illius
2161 700 2382 767 gloriam
2411 710 2463 754 ct
2504 703 2839 770 maiestatem
2880 724 2944 762 ex
2976 712 3152 768 divina
3183 735 3369 789 supra-

1818 804 2012 854 tuaque
2037 791 2271 856 ejusdem
2305 794 2502 846 virtute
2535 805 2589 848 et
2617 796 2954 852 excellentia.

1889 879 1976 933 IV.
2018 881 2182 950 lgitur
2214 898 2333 952 quae
2369 883 2764 951 simpliciorum
2799 888 3006 945 animos
3036 908 3144 962 pra:
3170 905 3378 958 emeris

1818 971 2035 1025 turbare
2078 987 2234 1040 posse
2276 974 2549 1040 videntur,
2595 978 2977 1044 perspicuitate
3022 999 3218 1052 quanta
3269 992 3378 1046 tieri

1816 1063 2012 1131 poterit
2039 1064 2270 1118 maxima
2304 1081 2453 1132 usus,
2486 1081 2550 1120 ea
2581 1082 2679 1134 pro
2710 1069 2911 1124 viribus
2951 1075 3244 1141 explanare
3289 1102 3375 1137 cu-

1816 1153 2008 1216 nabor,
2041 1152 2263 1221 majoris
2288 1153 2421 1208 lucis
2459 1170 2620 1209 causa
2652 1157 2841 1211 idonea
2869 1160 3136 1219 solutione
3173 1172 3370 1225 unicui-

1813 1257 1917 1309 que
1961 1244 2241 1299 sententiae
2269 1246 2544 1315 apposita;
2582 1247 2689 1301 Deo
2739 1264 2924 1304 rursus
2955 1252 3088 1305 viam
3119 1272 3379 1316 .nOStrutn

1816 1336 1868 1388 in
1901 1337 2002 1390 hoc
2034 1336 2196 1390 etiam
2228 1338 2504 1392 curriculo
2546 1339 2881 1394 moderante.
2925 1359 2943 1392 t
2976 1343 3073 1398 Dat
3111 1349 3251 1402 enim
3297 1353 3381 1407 ille

1813 1429 2031 1480 verbum
2083 1427 2580 1498 evangelizantibus
2639 1429 2791 1499 131
2852 1432 3048 1488 virtute
3097 1439 3299 1504 multa,
3355 1463 3372 1494 ι

1811 1518 2263 1587 quemadmodum
2311 1517 2532 1574 divinus
2563 1518 2773 1575 Psaltes
2820 1525 2966 1576 canit
2992 1525 3056 1577 ⁷³.
3092 1525 3258 1583 Porro
3288 1548 3380 1585 au-

1814 1618 1919 1664 tem
1961 1608 2016 1663 in
2057 1623 2123 1663 eo
2151 1611 2562 1677 commentario,
2603 1626 2761 1682 quem
2809 1614 2874 1667 ad
2921 1629 3106 1672 sacras
3146 1621 3379 1692 virgines

1813 1698 2179 1764 exaravimus,
2223 1700 2311 1756 illa
2351 1701 2566 1758 abunde
2593 1703 3009 1771 edisseruimus,
3053 1724 3173 1777 qua:
3209 1718 3379 1783 magis

1807 1789 1984 1855 obvia,
2037 1789 2421 1861 intellectuque
2465 1791 2715 1848 faciliora
2765 1796 3130 1852 videbantur:
3167 1800 3217 1854 in
3273 1804 3372 1859 hoc

102 1884 201 1952 τῷ
232 1885 607 1956 προκειμένῳ,
634 1885 743 1938 τῶν
774 1887 1162 1958 ἀσαφεστέρων
1199 1889 1544 1960 πεποιήμεθα
1572 1893 1706 1962 μνή-

1808 1881 2060 1949 praesenti
2091 1894 2220 1937 vero
2254 1881 2308 1937 in
2349 1881 2724 1939 obseuriorum
2749 1885 3106 1955 explicatione
3135 1896 3376 1947 versabi-

108 1990 277 2044 μην·
322 1975 426 2029 ἔδει
456 1977 584 2048 γὰρ,
639 1978 746 2032 ἔδει
790 1978 850 2032 τὸ
898 1980 1141 2050 θεοφιλὲς
1188 1983 1341 2053 ὑμῶν
1379 1983 1578 2054 κράτος
1612 1987 1706 2039 καὶ

102 2065 304 2119 ταῦτα
333 2068 549 2134 εἰδέναι,
583 2070 813 2125 κάκεῖνα
842 2072 917 2144 μὴ
946 2072 1183 2142 ἀγνοεῖν,
1213 2073 1288 2137 ὡς
1317 2074 1382 2128 ἂν
1408 2074 1476 2127 δι’
1501 2075 1704 2146 ἀμφοῖν

102 2157 177 2207 τὸ
209 2158 420 2227 ἀρτίως
463 2159 586 2230 ἔχον
634 2161 717 2224 είς
762 2162 984 2231 γνῶσιν,
1038 2164 1288 2236 καθάπερ
1321 2182 1373 2218 τι
1403 2167 1537 2235 φῶς,
1584 2169 1704 2230 ταῖς

102 2249 522 2318 εῦαγεστάταις
551 2254 707 2324 ὑμῶν
741 2255 1082 2320 είσοικίζοιτο
1109 2258 1387 2322 διανοίαις.
1415 2261 1621 2324 Σκοπὸς
1645 2261 1701 2314 δέ

110 2358 215 2408 μοι
267 2340 338 2394 τὰ
389 2341 474 2409 ἐφ’
507 2343 722 2414 ἑκάστῳ
764 2344 1171 2417 διερμηνεύοντι
1225 2348 1579 2419 βραχυλογεῖν
1626 2349 1700 2412 ὡς

104 2427 233 2483 οἶόν
284 2450 378 2485 τε·
422 2435 806 2503 πρπετάξεται
857 2436 914 2490 δὲ
961 2437 1069 2490 τῶν
1121 2437 1295 2491 ἀλλων
1343 2439 1371 2490 6
1421 2442 1548 2506 περὶ
1602 2440 1700 2509 τῆς

109 2523 411 2587 κενώσεως
438 2525 628 2592 Λόγος.
670 2527 868 2579 Ὶστέον
911 2527 954 2579 δ’
993 2525 1084 2581 οῦν
1130 2529 1278 2598 ὅμως
1320 2532 1496 2582 ἐκεῖνο
1521 2548 1534 2562 ·
1571 2531 1700 2583 ὅταν

104 2619 227 2682 γὰρ
260 2617 392 2685 ἡμῖν
424 2616 757 2687 ὀνομάζηται
790 2617 1025 2688 Χριστὸς
1071 2619 1296 2690 Ἰησοῦς,
1347 2620 1698 2690 ὲνανθρωπή·

107 2723 295 2758 σαντα
335 2706 427 2759 καὶ
454 2707 867 2779 σεσαρκωμένον
899 2711 1165 2780 προσήκει
1192 2712 1331 2764 νοεῖν
1355 2711 1444 2764 τὸν
1474 2713 1538 2764 ὲκ
1563 2710 1697 2764 Θεοῦ

106 2798 126 2848 Ι
138 2796 337 2864 ἰατρὸς
364 2798 554 2866 Λόγον.

189 3001 269 3054 E'.
315 3017 336 3052 ι
375 3000 523 3054 Θέλω
551 3000 659 3071 γὰρ
697 3003 840 3073 ὑμᾶς
884 3003 1105 3064 εἰδέναι,
1137 3004 1219 3056 ὅτι
1267 3001 1467 3066 παντὸς
1505 3001 1696 3073 ἀνδρὸς

110 3090 329 3162 κεφαλή
359 3093 387 3144 6
411 3092 643 3162 Χριστός
668 3093 812 3146 ἐστι’
844 3093 1053 3162 κεφαλὴ
1071 3093 1128 3146 δὲ
1157 3091 1435 3161 γυναικὸς,
1471 3093 1498 3144 6
1523 3092 1692 3162 ἀνὴρ·

109 3183 332 3254 κεφαλὴ
362 3181 419 3235 δὲ
460 3181 553 3236 τοῦ
589 3180 848 3254 Χριστοῦ,
883 3184 911 3236 6
943 3181 1095 3245 Θεός.
1127 3182 1186 3234 '0
1227 3181 1440 3249 πρῶτος
1481 3181 1694 3252 ἀνθρω-

109 3290 218 3334 πος
253 3273 318 3325 ὲκ
344 3272 445 3341 γῆς
495 3270 676 3341 χοῖκὸς
701 3271 997 3341 (τουτέστιν
1041 3267 1231 3340 Ἀδάμ)
1254 3285 1268 3297 ·
1299 3271 1328 3322 6
1360 3268 1608 3341 δεύτερος
1633 3269 1693 3335 ἐξ

106 3365 348 3432 οὐρανοῦ
379 3364 556 3434 (δῆλον
587 3364 643 3418 δὲ
687 3364 769 3416 ὃτι
797 3363 826 3416 6
857 3360 1116 3434 Χριστός)
1142 3376 1156 3393 ⁸
1205 3360 1320 3415 ἀλλ’
1349 3359 1537 3429 ὥσπερ
1567 3362 1686 3429 έφο-

113 3457 358 3528 ρέσαμεν
389 3456 487 3526 τὴν
525 3453 709 3508 εἰκόνα
746 3452 841 3508 τοῦ
873 3453 1081 3525 χοϊκοῦ,
1113 3451 1435 3523 φορέσωμεν
1467 3450 1562 3505 καὶ
1592 3450 1691 3522 τὴν

110 3546 305 3598 εἰκόνα
325 3545 417 3598 τοῦ
447 3547 792 3617 ἐπουρανίου,
814 3544 954 3599 κατά
977 3545 1038 3598 τὸ
1067 3543 1471 3615 γεγραμμένον.
1505 3561 1522 3596 ι
1549 3543 1690 3597 Οὐκ-

109 3633 211 3683 οὖν
251 3629 440 3702 πρώτη
489 3633 709 3700 γέγονεν
738 3634 870 3702 ἡμῖν
901 3632 1110 3703 κεφαλὴ
1138 3632 1230 3685 τοῦ
1277 3635 1486 3701 γένους,
1535 3649 1688 3686 τουτ-

110 3725 266 3775 έστιν
303 3722 466 3793 ἀρχὴ,
492 3723 521 3774 6
554 3723 618 3774 ὲκ
644 3723 748 3791 γῆς
778 3740 839 3775 τε
868 3723 962 3777 καῖ¹
993 3723 1192 3791 χοϊκός.
1244 3724 1458 3794 Ἐπειδὴ
1485 3724 1540 3777 δὲ
1568 3725 1688 3777 δεῦ-

107 3832 274 3886 τερος
314 3813 483 3884 Ἀδὰμ
522 3797 938 3884 κατωνόμασται
969 3813 1224 3883 Χριστὸς,
1272 3815 1480 3886 κεφαλὴ
1515 3815 1688 3869 τέθει-

109 3928 237 3974 ται,
293 3908 567 3963 τουτέστιν
625 3907 769 3978 ἀρχὲι
827 3907 936 3961 τῶν
992 3907 1061 3960 δι’
1116 3907 1277 3961 αὐτοῦ
1333 3908 1467 3980 πρὸς
1526 3908 1686 3962 αὑτὸν

108 3997 614 4070 ἁναμορφουμένων
677 4000 758 4062 είς
807 3997 1119 4070 ἀφθαρσίαν
1180 3999 1249 4051 δι’
1311 3996 1579 4068 ἀγιασμοῦ
1630 4000 1688 4051 ὲν

113 4089 416 4159 Ιινεύματι·
458 4089 653 4143 οὐκοῦν
700 4088 861 4152 αὐτὸς
910 4090 1008 4160 μὲν
1039 4089 1198 4161 ήμῶν
1227 4089 1390 4160 ἀρχὴ,
1442 4091 1688 4154 τουτέρτι

111 4180 342 4251 κεφαλὴ,
375 4180 510 4234 καθὸ
545 4180 786 4251 πέφηνεν
823 4179 1126 4251 ἄνθρωπος.
1162 4182 1314 4250 Ἔχει
1364 4197 1427 4247 γε
1460 4181 1577 4249 μὴν,
1596 4195 1686 4231 xz-

112 4269 287 4340 φαλὴν
311 4269 493 4334 αὐτὸς,
539 4269 613 4333 ὡς
647 4270 805 4338 φύσει
852 4269 1003 4334 Θεὸς,
1049 4271 1140 4323 τὸν
1189 4271 1249 4321 ὲν
1288 4273 1402 4331 τοῖς
1439 4269 1687 4338 οὐρανοῖς

115 4362 331 4432 Πατέρα
359 4376 371 4389 ·
405 4361 725 4432 γεγέννηται
762 4359 870 4430 γὰρ
900 4359 959 4423 ἐξ
991 4358 1154 4412 αὑτοῦ
1194 4357 1333 4410 κατά
1361 4357 1520 4426 φύσιν
1556 4358 1685 4421 Θεὸς

112 4449 188 4499 ὢν
219 4449 247 4500 6
275 4446 466 4515 Λόγος.
491 4447 613 4500 ’Ότι
642 4447 700 4499 δὲ
731 4447 764 4515 ἡ
799 4445 1010 4514 κεφαλὴ
1042 4446 1294 4516 σημαίνει
1358 4445 1453 4516 τὴν
1484 4447 1681 4517 ἀρχὴν,

1808 1988 1947 2025 mur.
1975 1971 2082 2026 Par
2110 1981 2192 2028 est
2222 1974 2389 2040 enim,
2429 1984 2488 2029 ut
2517 1974 2770 2045 religiosa
2819 1988 2994 2033 vestra
3027 1979 3278 2046 maiestas
3325 1994 3377 2038 et

1805 2061 1920 2117 haec
1964 2063 2122 2130 sciat,
2168 2073 2223 2118 et
2275 2063 2364 2120 illa
2405 2079 2628 2134 quoque
2665 2081 2771 2120 non
2831 2065 3072 2136 ignoret;
3130 2084 3234 2136 quo
3285 2087 3376 2140 per

1805 2163 2034 2222 utraque
2080 2153 2324 2224 perfecta
2381 2156 2618 2227 cognitio
2664 2157 2827 2211 veluti
2884 2157 3059 2213 lumen
3109 2161 3373 2227 quoddam

1803 2248 2164 2302 sanctissimis
2210 2247 2413 2303 vestris
2469 2247 2741 2304 mentibus
2787 2248 3072 2303 inhabitet.
3123 2249 3374 2320 Proposi-

1805 2349 1915 2394 tum
1943 2350 2026 2394 est
2054 2348 2231 2396 autem
2269 2341 2339 2394 ita
2373 2339 2586 2412 singula
2611 2341 2980 2410 interpretari,
3011 2351 3069 2395 ut
3109 2358 3372 2400 summam

1804 2429 2001 2498 ubique
2036 2428 2354 2485 brevitatem
2393 2437 2791 2486 consectemur.
2826 2429 3092 2486 Ceterum
3132 2433 3370 2503 disputa-

1805 2521 1966 2575 tionis
2014 2520 2172 2590 hujus
2221 2520 2502 2575 exordium
2554 2523 2624 2574 ab
2669 2521 2736 2575 iis
2777 2523 3084 2590 praecipue,
3137 2539 3256 2592 qua:
3305 2528 3370 2579 ad

1802 2610 1965 2665 Verbi
2011 2609 2439 2664 exinanitionem
2485 2609 2779 2677 pertinent,
2828 2608 3006 2664 facere
3053 2610 3214 2677 libet;
3268 2630 3374 2667 uno

1801 2702 1905 2755 hoc
1949 2700 2162 2753 interim
2198 2699 2498 2765 prtemisso.
2551 2714 2673 2753 cum
2717 2699 2873 2756 Jesus
2919 2702 3166 2756 Christus
3201 2707 3372 2757 uomi-

1799 2803 1980 2854 natur,
2017 2807 2121 2846 non
2163 2792 2328 2844 alium
2372 2804 2532 2859 quam
2569 2789 2661 2845 Dei
2710 2790 2892 2847 Patris
2925 2791 3159 2847 Verbum
3194 2794 3368 2849 incar-

1799 2894 2006 2950 natum,
2056 2884 2398 2939 hominemve
2434 2883 2657 2950 factum,
2708 2897 2772 2938 eo
2815 2886 3032 2939 nomine
3073 2885 3366 2954 designari.

1869 2997 1934 3054 V.
1983 3017 2001 3051 t
2035 2997 2170 3054 Volo
2218 3009 2396 3054 autem
2456 3013 2553 3053 vos
2612 2997 2787 3063 scire,
2848 2997 2992 3067 quod
3045 2999 3221 3053 omnis
3269 3000 3368 3054 viri

1795 3099 1980 3158 caput,
2029 3089 2278 3145 Christus
2329 3097 2447 3156 est;
2499 3099 2660 3157 caput
2707 3100 2886 3142 autem
2939 3087 3204 3152 mulieris,
3248 3091 3367 3157 vir;

1797 3192 1958 3249 caput
2001 3195 2130 3236 vero
2167 3179 2390 3246 Christi,
2433 3179 2575 3235 Deus
2599 3179 2668 3232 ⁷³.
2696 3178 3003 3233 —-Primus
3043 3182 3204 3234 homo
3245 3183 3366 3250 (huc

1795 3282 1880 3327 est
1911 3271 2128 3343 Adam),
2175 3272 2242 3327 de
2287 3281 2433 3327 terra
2481 3281 2727 3326 terrenus
2760 3288 2775 3326 :
2804 3271 3076 3326 secundus
3115 3272 3242 3342 (hoc
3283 3285 3366 3328 est

1793 3363 2087 3434 Christus),
2117 3363 2183 3419 de
2199 3363 2347 3420 caelo
2374 3364 2634 3420 cuzlestis.
2670 3363 2838 3433 Igitur
2861 3363 3002 3418 sicut
3028 3365 3366 3432 portavimus

1793 3455 2082 3526 imaginem
2114 3455 2339 3522 terreni,
2371 3464 2652 3524 portemus
2689 3463 2744 3509 et
2786 3454 3074 3525 imaginem
3105 3456 3362 3520 emlcstis,

1789 3544 1934 3600 sicut
1976 3543 2236 3614 scriptum
2275 3544 2449 3599 est".
2481 3562 2499 3595 ι
2528 3543 2768 3597 Primum
2805 3542 2970 3611 igitur
3013 3543 3228 3612 generis
3280 3561 3366 3598 no-

1789 3635 1889 3690 stri
1932 3645 2114 3705 caput,
2154 3636 2260 3690 hoc
2309 3645 2395 3689 est
2439 3633 2816 3704 primordium,
2867 3633 3061 3702 Adam,
3103 3635 3169 3690 de
3222 3646 3362 3689 terra

1791 3736 2040 3781 terrenus
2093 3735 2216 3781 erat
2265 3739 2281 3779 :
2327 3725 2582 3793 quoniam
2629 3739 2760 3780 vero
2823 3726 3074 3781 Christus
3139 3727 3360 3780 secundi

1787 3815 1980 3870 Adami
2008 3825 2426 3884 cognomentum
2447 3815 2674 3870 sortitus
2697 3827 2800 3878 est,
2832 3831 3022 3869 eorum
3054 3826 3236 3882 caput,
3263 3816 3363 3869 hoc

1787 3915 1871 3960 cst
1898 3905 2244 3975 principium,
2289 3907 2379 3975 qui
2407 3905 2863 3962 sanctiﬁcationis
2909 3906 3114 3974 Spiritu
3168 3907 3232 3958 ad
3281 3907 3362 3958 in-

1787 3995 2190 4064 corruptionem
2229 3998 2524 4052 secuudum
2568 3997 2712 4051 illius
2735 3997 3024 4066 imaginem
3061 4012 3155 4063 per
3185 3997 3359 4064 ipsum

1791 4086 2176 4152 reformantur,
2219 4089 2547 4144 constitutus
2599 4097 2703 4142 est.
2748 4087 2841 4140 Est
2883 4089 3065 4154 itaque
3115 4097 3358 4142 nostrum

1788 4178 1876 4234 ille
1914 4179 2261 4249 principium,
2309 4181 2410 4233 hoc
2441 4189 2523 4234 est
2555 4188 2738 4248 caput,
2783 4187 3053 4246 quatenus
3089 4179 3247 4230 homo
3276 4193 3361 4245 ap-

1789 4271 1966 4339 paruit
1999 4287 2012 4323 :
2047 4271 2213 4324 habet
2241 4269 2591 4323 nihilominus
2619 4278 2672 4322 et
2696 4268 2810 4337 ipse
2833 4281 3046 4334 quoque
3075 4277 3260 4335 caput,
3304 4277 3360 4319 ut

1789 4370 1984 4416 natura
2021 4360 2161 4414 Deus
2206 4369 2311 4421 est,
2358 4374 2553 4428 nempe
2588 4359 2860 4413 cmlestem
2893 4356 3108 4412 Patrem
3146 4374 3159 4410 :
3189 4373 3252 4410 ex
3293 4373 3359 4410 eo

1787 4466 2024 4519 namque
2063 4451 2301 4506 Verbum
2341 4451 2478 4506 Deus
2503 4453 2797 4516 exsistens,
2847 4450 3171 4505 naturaliter
3215 4451 3358 4519 geni-

113 4538 336 4606 ἐμπεδοῖ
369 4537 468 4608 τὴν
508 4537 765 4607 ἀλήθειαν
801 4536 910 4588 τῶν
937 4536 1313 4600 ἐνδοιαζόντων
1335 4537 1424 4589 τὸν
1451 4537 1576 4590 νοῦν
1600 4539 1680 4598 τὸ,

1797 4555 1900 4596 tum
1926 4553 2029 4598 est.
2063 4543 2214 4609 Quod
2253 4553 2430 4596 autem
2463 4544 2600 4597 idem
2631 4544 2700 4600 sit
2733 4552 2916 4612 caput,
2945 4543 3085 4610 quod
3123 4543 3354 4604 initium,

116 4626 352 4695 κεφαλὴν
385 4626 638 4694 λέγεσθαι
666 4625 758 4677 τὸν
793 4625 960 4694 ἄνδρα
1006 4625 1102 4694 τῆς
1147 4627 1430 4694 γυναικὸς⁹
1474 4627 1682 4698 ἐλήφθη

116 4721 222 4786 γὰρ
249 4717 306 4780 ἐξ
327 4716 511 4771 αὑτοῦ.
540 4712 635 4779 Εἷς
663 4717 772 4785 ἄρα
803 4716 1036 4786 Χριστὸς
1070 4718 1161 4769 καὶ
1183 4717 1307 4780 Υἱὸς
1335 4719 1428 4769 καὶ
1457 4719 1681 4787 Κύριος,

115 4813 142 4860 ὁ
176 4807 411 4876 κεφαλὴν
451 4807 728 4877 ἓχων,ώς,
757 4807 888 4870 Θεὸς
935 4807 1074 4860 κατὰ
1119 4807 1298 4875 φύσιν,
1342 4807 1434 4860 τὸν
1471 4809 1529 4859 ἐν
1572 4811 1683 4870 τοῖς

115 4900 358 4967 οὐρανοῖς
390 4896 629 4967 Πατέρα,
657 4895 894 4964 γεγονὼς
924 4897 981 4949 δὲ
1012 4898 1142 4966 ἡμῖν
1172 4897 1375 4968 κεφαλὴ
1405 4897 1490 4951 διὰ
1515 4915 1593 4950 τοι
1623 4896 1683 4948 τὸ

118 4988 253 5041 κατὰ
281 4989 457 5058 σάρκα
488 4986 766 5055 συγγενές.

192 5284 213 5322 t
254 5271 341 5336 ς’.
383 5269 684 5321 Γινώσκετε
715 5269 821 5337 γὰρ
852 5269 945 5338 τὴν
979 5271 1134 5338 χάριν
1163 5269 1254 5321 τοῦ
1287 5271 1489 5340 Κυρίου
1520 5272 1674 5341 ἡμῶν

135 5359 294 5428 ἰῃσοῦ
349 5358 603 5427 Χριστοῦ,
637 5359 718 5411 ὅτι
759 5358 825 5410 δι’
856 5359 996 5429 ὑμᾶς
1038 5361 1371 5430 ἐπτώχευσε,
1420 5360 1672 5425 πλούσιος

123 5451 208 5509 ων,
258 5451 342 5501 ἵνα
391 5450 548 5517 ὑμεῖς
593 5451 658 5518 τῇ
704 5449 909 5500 ἐκείνου
962 5450 1200 5520 πτωχείᾳ
1245 5451 1598 5521 πλουτήσητε.
1648 5471 1666 5504 ι

129 5540 301 5610 ”Λθρει
323 5539 384 5608 δή
413 5556 503 5608 μοι
532 5537 626 5591 καὶ
658 5539 800 5607 μάλα
836 5540 1018 5607 σαφῶς
1040 5541 1095 5594 ἕν
1117 5559 1177 5605 γε
1202 5542 1434 5594 τουτοισὶ
1467 5543 1672 5612 καὶτῆς

125 5632 257 5695 θείας
282 5649 340 5684 τε
370 5631 461 5684 καὶ
479 5629 755 5702 ἀκηράτου
779 5631 988 5700 φύσεως
1011 5633 1108 5705 τὴν
1129 5633 1419 5704 ὑπεροχὴν,
1453 5635 1542 5686 καὶ
1568 5627 1671 5688 τῶν

187 5810 226 5840 τ’
252 5808 391 5865 l‘sal.
429 5825 595 5875 vau.
637 5809 720 5867 l2.
793 5811 837 5842 ”
870 5810 887 5864 l
915 5811 1019 5867 Cor
1079 5812 1232 5878 x1,3.

1785 4632 1868 4688 vel
1894 4650 2056 4686 uutnu
2089 4635 2188 4688 hoc
2212 4632 2588 4686 ﬂuctuantium
2619 4635 2830 4686 animus
2855 4634 2941 4686 hic
2963 4633 3152 4687 sedare
3174 4645 3352 4701 queat,

1783 4726 1925 4793 quod
1959 4726 2040 4777 vir
2089 4725 2333 4778 mulieris
2381 4735 2543 4793 caput
2577 4739 2696 4778 esse
2749 4723 3100 4793 perhibeatur
3132 4743 3145 4778 :
3181 4741 3246 4778 ex
3289 4739 3355 4778 co

1779 4817 1923 4871 enim
1967 4828 2178 4884 sumpta
2215 4825 2299 4869 t-st
2337 4815 2448 4868 illa.
2490 4815 2643 4871 Unus
2690 4817 2870 4885 itaque
2907 4827 2992 4869 est
3022 4815 3270 4869 Christus
3301 4825 3354 4869 et

1779 4908 1949 4963 Filius
1995 4919 2049 4962 et
2095 4907 2398 4962 Dominus:
2428 4907 2517 4976 qui
2561 4907 2780 4976 quidem
2834 4917 2889 4961 ut
2938 4918 3130 4960 natura
3189 4908 3348 4969 Deus,

1785 5009 1946 5067 caput
1989 5000 2151 5053 habet
2195 4998 2409 5053 Patrem
2456 4999 2550 5069 qui
2599 5010 2683 5054 est
2733 5000 2784 5053 in
2833 4999 2987 5054 ccelis
3016 5016 3030 5053 :
3059 4999 3232 5052 factus
3271 5010 3351 5053 est

1785 5099 1965 5144 autem
2000 5091 2156 5143 nobis
2185 5099 2344 5159 caput
2380 5101 2598 5160 propter
2628 5100 2917 5160 assumpta:
2943 5091 3124 5145 carnis
3151 5105 3350 5158 cogna-

1784 5182 2004 5234 tionem.

1855 5269 1945 5324 Vl.
1993 5289 2010 5322 t
2043 5270 2206 5325 Scitis
2254 5273 2396 5326 enim
2453 5273 2682 5342 gratiam
2743 5275 2949 5329 Domini
3008 5275 3174 5329 nostri
3221 5273 3346 5327 Jesu

1782 5361 2018 5428 Christi;
2070 5363 2326 5430 quoniam
2377 5375 2596 5432 propter
2640 5380 2735 5418 vos
2780 5379 2980 5434 egenus
3023 5365 3194 5419 factus
3241 5377 3344 5428 est,

1780 5468 1900 5506 cum
1947 5463 2090 5507 esset
2137 5454 2309 5517 dives,
2349 5464 2406 5506 ut
2441 5454 2582 5507 illius
2622 5455 2795 5522 iimpia
2843 5472 2934 5508 vos
2967 5456 3159 5508 divites
3202 5471 3342 5509 esse-

1782 5545 1930 5598 tis".
1965 5564 1982 5596 ι
2019 5545 2252 5600 Observa
2287 5549 2372 5601 hic
2405 5547 2549 5601 clare
2577 5548 2730 5618 132
2759 5560 2811 5602 ct
2843 5550 3036 5603 tlivinze
3068 5551 3342 5601 immorta-

1781 5639 1953 5707 liSque
1983 5650 2184 5693 naturae
2220 5641 2584 5706 eminentiam,
2617 5653 2667 5696 et
2695 5643 2946 5695 humilem
2994 5658 3204 5697 rursum
3241 5644 3341 5696 liu-

1311 5813 1348 5842 ⁷³
1380 5811 1544 5868 ΙΕυῐ.
1583 5815 1772 5882 x\',£7.
1853 5817 1894 5848 ⁷⁸
1933 5815 1975 5868 ll
2007 5818 2129 5873 Cor.
2161 5835 2249 5871 vut
2301 5817 2352 5870 9.
