4116 6472
748 386 770 439 1
783 387 885 440 ’5.ίό

1717 382 1774 438 S.
1814 383 2081 440 CYRILLI
2118 383 2580 441 ALEXANDRINI
2617 385 2933 440 ARCHIEP.

3865 383 3982 438 13“

751 511 922 548 manu:
958 503 1164 549 naturae
1199 495 1586 560 conditionem,
1628 511 1693 551 ac
1724 509 1982 567 praeterea
2019 499 2301 568 utriusque

2416 499 2500 569 τῆς
2531 498 2944 568 ἁνθρωπότητος
2978 498 3186 567 μέτρων
3203 496 3264 549 τὸ
3291 494 3611 564 ὑφειμένον,
3643 493 3740 545 καὶ
3776 496 3986 562 προσέτι

747 588 1066 647 uuitionem,
1101 602 1167 642 eo
1202 587 1343 655 quod
1386 585 1708 655 Unigenitus
1738 587 1879 641 ultro
1912 591 1977 640 ad
2018 593 2154 642 hanc
2186 601 2305 642 sese

746 679 982 732 demisit.
1025 679 1286 744 Quoniam
1332 687 1391 732 ut
1422 677 1722 732 divinitatis
1767 694 1896 748 opes
1937 693 2151 733 omnem
2183 693 2305 732 ora-

748 770 908 824 tionis
950 769 1058 822 vim
1097 781 1151 823 et
1190 769 1398 838 copiam
1436 767 1590 838 longe
1634 779 1913 837 superant,
1960 770 2032 822 ita
2077 768 2305 822 humana

749 867 934 909 natura
978 858 1266 910 admodum
1315 857 1468 925 inops
1517 865 1572 910 et
1616 871 1785 925 egena
1839 866 1955 920 est;
1989 857 2184 926 quippe
2220 855 2308 909 cui

746 945 949 1009 onmia,
978 943 1239 1015 quidquid
1279 947 1494 1000 laudent
1539 947 1590 1000 in
1627 948 1787 1001 bonis
1821 947 2006 1009 habet,
2039 947 2252 1000 cmlitus
2277 961 2304 998 a

744 1035 857 1088 Deo
891 1035 1131 1104 impensa
1163 1036 1271 1089 sint
1303 1047 1393 1092 :et
1422 1047 1546 1092 ante
1575 1038 1757 1092 omnia
1793 1037 1930 1092 illud
1963 1052 2083 1092 esse
2109 1037 2304 1107 ipsum,

745 1139 851 1189 quo
892 1127 1138 1186 exsistit;
1195 1141 1318 1179 nam
1364 1142 1486 1181 cum
1535 1127 1827 1196 aliquando
1873 1143 1977 1183 non
2021 1138 2185 1193 esset,
2241 1130 2306 1182 ad

746 1214 1118 1269 exsistemiarn
1159 1231 1188 1267 a
1242 1214 1351 1268 Deo
1400 1227 1621 1271 evocata
1679 1226 1782 1273 est.
1836 1218 1937 1285 Qui
1985 1232 2116 1287 ergo
2162 1217 2310 1272 dives

746 1316 866 1358 erat
902 1315 956 1359 ut
1006 1305 1165 1372 Deus,
1206 1308 1254 1362 is
1289 1315 1480 1377 sponte
1523 1321 1749 1378 egenus,
1792 1311 2074 1379 nostrique
2119 1309 2309 1365 similis

749 1393 922 1448 factus
950 1405 1053 1460 est,
1086 1412 1193 1467 quo
1230 1398 1465 1452 humana
1495 1408 1684 1452 natura
1719 1400 1771 1452 in
1804 1399 1915 1463 illo,
1946 1401 2013 1455 ad
2043 1400 2310 1455 excellen-

748 1485 834 1538 tia:
877 1486 1070 1542 divinae
1112 1485 1388 1558 fastigium
1421 1499 1631 1552 evecta,
1664 1491 1994 1559 paupertatis
2031 1491 2302 1546 confusio-

749 1590 868 1629 nem
899 1585 1143 1633 exueret.
1174 1595 1194 1630 ι
1224 1577 1695 1634 Conresuscitavit
1720 1581 1889 1645 enim,
1926 1591 1982 1634 et
2013 1581 2311 1636 consedere

745 1680 845 1720 nos
872 1665 998 1720 fecit
1025 1665 1166 1725 Deus
1185 1665 1345 1724 Pater
1366 1670 1420 1723 in
1453 1669 1768 1726 cmlestibus
1789 1670 1840 1724 in
1863 1671 2079 1727 Christo
2102 1671 2252 1735 Jesu,
2287 1693 2304 1724 ι

748 1765 806 1810 ut
832 1758 1091 1828 scriptum
1114 1768 1196 1814 est
1218 1760 1287 1812 ".
1327 1759 1489 1830 Atqui
1517 1776 1854 1829 nequaquam
1882 1762 1988 1817 huc
2019 1764 2191 1818 evecti
2219 1779 2306 1818 es-

2410 590 2580 659 τούτῳ
2601 588 2696 657 τὴν
2726 589 2925 656 ἀμφοῖν
2953 578 3030 650 είς
3051 589 3275 658 ἑνότητα
3303 587 3602 656 σύμϐασιν,
3635 584 3843 636 ἑαυτὸν
3873 585 3984 634 x19-

2411 679 2560 740 ἐντος
2597 681 2678 740 εἰς
2715 677 2875 731 τοῦτο
2935 677 3028 730 τοῦ
3065 675 3422 744 Μονογενοῦς.
3459 671 3654 740 Οὐδεὶς
3687 673 3803 742 γάρ
3849 672 3985 737 λόγος

2409 767 2846 839 διερμηνεύσειεν
2874 767 2939 820 ἂν
2969 767 3057 820 τὸν
3085 769 3184 837 τῇς
3213 766 3467 835 θεότητος
3500 764 3740 816 πλοῦτον
3759 778 3776 794 ο
3815 766 3985 831 πτωχὴ

2411 861 2467 913 δὲ
2518 861 2639 913 λίαν
2680 862 2714 930 ή
2757 859 3126 930 ἀνθρωπότης,
3254 857 3432 909 πάντα
3463 855 3584 907 ἐστὶ
3629 853 3903 906 θεόσδοτα
3940 870 3984 902 τι

2413 951 2507 1003 καὶ
2531 949 2756 1013 ἀνωθεν,
2804 950 2895 1001 καὶ
2933 947 3064 1001 αὐτὸ
3093 946 3150 1000 δὲ
3194 944 3300 1016 πρὸ
3339 944 3560 999 πάντων
3589 943 3656 995 τὺ
3703 939 3854 994 εἶναι
3875 959 3887 973 ·
3915 945 3984 993 zi-

2413 1042 2606 1111 κληται
2636 1041 2742 1110 γάρ
2773 1039 2921 1110 παρὰ
2953 1037 3049 1093 τοῦ
3088 1038 3223 1092 Θεοῦ
3249 1038 3386 1108 πρὸς
3416 1036 3676 1106 ὕπαρξιν,
3718 1037 3825 1088 σύκ
3871 1031 3984 1088 οὖσά

2415 1147 2564 1186 ποτε.
2620 1131 2756 1184 Ἀλλ’
2785 1133 2814 1184 6
2864 1129 3112 1194 πλούσιος
3156 1128 3232 1193 ὡς
3271 1128 3422 1192 Θεὸς,
3478 1127 3777 1196 ἐθελοντὴς
3825 1126 3981 1178 ἐπτώ-

2413 1237 2595 1291 χευσε,
2627 1221 2721 1275 καὶ
2746 1221 2935 1290 γέγονε
2969 1221 3090 1274 καθ’
3114 1219 3280 1290 ἡμᾶς’
3313 1219 3400 1273 ῐνα
3421 1217 3610 1272 λοιπὸν
3636 1219 3674 1287 ἡ
3709 1215 3979 1287 ἀνθρώπω

2416 1309 2595 1377 φύσις,
2629 1312 2686 1363 tv
2711 1312 2824 1372 τοϊς
2846 1309 2944 1378 τῆς
2968 1307 3117 1372 θείας
3154 1307 3426 1380 ὑπεροχῆς
3447 1307 3751 1377 ύψώμασιν
3783 1306 3845 1358 tv
3871 1306 3980 1374 Χρε-

2415 1400 2525 1472 στῷ
2566 1403 2850 1473 γενομένη,
2900 1401 2962 1455 τὸ
3001 1399 3101 1470 τῆς
3148 1399 3420 1470 πτωχείας
3449 1394 3638 1468 αῖσχος
3686 1397 3982 1451 ἀποσκευέὶ⁸

2352 1497 2358 1503 ’
2413 1489 2578 1554 ζοιτο.
2619 1508 2638 1540 ι
2675 1490 2966 1561 Συνήγειρε
3001 1489 3111 1560 γάρ
3157 1489 3303 1558 ἡμᾶς
3346 1489 3376 1540 6
3420 1486 3552 1550 Θεὸς
3584 1488 3680 1541 καὶ
3718 1487 3908 1558 Πατὴρ
3937 1491 3980 1540 ἐν

2415 1578 2654 1650 Χριστῷ,
2685 1579 2780 1632 καὶ
2810 1578 3162 1632 συνεκάθισεν
3185 1578 3246 1630 tv
3270 1579 3382 1640 τοῖς
3408 1577 3786 1647 ἐπουρανίοις,
3803 1596 3822 1625 ι
3857 1578 3978 1629 καθὰ

2413 1672 2740 1742 γέγραπται.
2801 1669 2939 1722 Ἀλλ’
2968 1668 3068 1722 ούκ
3111 1668 3179 1723 ἀν
3226 1668 3527 1737 γεγόναμεν
3576 1669 3637 1719 tv
3682 1667 3914 1730 τούτοις,
3943 1671 3979 1718 εἰ

2420 1761 2493 1832 μὴ
2525 1760 2623 1830 τὴν
2654 1759 3036 1830 πτωχεύουσαν
3064 1759 3377 1830 ἠμπέσχετο
3396 1757 3560 1826 φύσιν
3581 1757 3612 1808 6
3632 1757 3890 1819 πλούσιος
3920 1759 3978 1818 ὡς

747 1862 947 1913 seruus,
982 1848 1086 1902 nisi
1113 1849 1267 1904 dives
1301 1861 1360 1904 ut
1389 1850 1552 1914 Deus,
1587 1866 1876 1920 pauperem
1909 1861 2070 1922 atque
2098 1854 2309 1922 inopem

2416 1851 2566 1914 Θεός.
2597 1849 2670 1902 Ού
2694 1850 2802 1920 γάρ
2821 1866 2924 1902 που
2946 1851 3312 1920 πτωχεύσειεν
3339 1847 3406 1902 ἂν
3435 1851 3464 1901 6
3489 1848 3635 1900 κατὰ
3665 1847 3836 1916 φύσιν
3864 1848 3978 1899 ἰδίαν

746 1947 986 1992 nostram
1017 1947 1263 1993 naturam
1296 1940 1580 1996 induisset.
1619 1939 1804 2009 Neque
1829 1942 1974 1996 enim
2011 1944 2310 1999 ltomocum

747 2039 938 2099 suapte
970 2040 1162 2084 natura
1195 2046 1396 2101 pauper
1425 2034 1518 2099 sit,
1565 2034 1723 2105 inops
1754 2035 1867 2090 fieri
1906 2044 2052 2090 recte
2076 2037 2310 2092 dicitur:

747 2120 849 2173 hoc
878 2131 1059 2175 autem
1111 2123 1186 2176 illi
1219 2126 1608 2181 convenienter
1660 2141 1757 2181 usu
1787 2128 2002 2181 venisse
2033 2130 2311 2193 asseritur,

745 2210 836 2278 qui
867 2210 1001 2265 citra
1041 2227 1258 2269 omnem
1297 2219 1728 2272 controversiam
1771 2219 1919 2273 dives
1950 2228 2054 2281 est.
2091 2220 2191 2274 hoc
2231 2231 2312 2274 est

746 2298 835 2352 Dei
872 2297 1044 2355 Patris
1081 2300 1337 2367 Verbum,
1375 2313 1726 2375 posteaquam
1765 2307 1923 2360 homo
1966 2308 2133 2362 nostri
2165 2309 2314 2362 simi-

742 2389 810 2444 lis
840 2391 1040 2444 factum
1075 2404 1176 2447 est.
1211 2393 1361 2450 Unus
1407 2395 1589 2465 itaque
1633 2407 1716 2451 est
1743 2397 1992 2452 Christus
2029 2407 2081 2451 et
2119 2395 2308 2453 Filius.

808 2478 915 2536 Vll.
964 2499 982 2532 ι
1014 2481 1264 2538 Christus
1307 2500 1404 2540 nos
1454 2488 1684 2541 redemit
1725 2492 1789 2542 de
1825 2489 2111 2542 maledicto
2152 2488 2310 2558 legis.

743 2573 920 2625 factus
963 2587 1060 2640 pro
1103 2575 1257 2629 nobis
1305 2576 1650 2631 maledictum
1681 2596 1694 2630 :
1722 2579 1844 2644 quia
1884 2580 2142 2646 scriptum
2177 2589 2263 2632 est
2294 2596 2307 2632 :

745 2660 1056 2716 Maledictus
1089 2665 1266 2719 omnis
1296 2665 1386 2735 qui
1418 2668 1617 2734 pendet
1650 2668 1702 2720 in
1735 2668 1878 2737 ligno
1901 2668 1970 2720 ⁷⁷.
2009 2686 2026 2720 ι
2068 2667 2178 2722 Lex
2219 2682 2312 2724 eos

741 2750 1106 2808 tualedictioui
1147 2754 1412 2810 obnoxios
1443 2757 1786 2823 decernebat,
1815 2759 1905 2827 qui
1949 2759 1999 2811 in
2029 2769 2308 2827 peccatum

741 2852 834 2897 aut
876 2845 1376 2912 praevaricationem
1418 2846 1798 2901 incurrissent.
1835 2847 1906 2898 At
1947 2862 2076 2900 vero
2106 2847 2309 2913 peccati

742 2932 980 2997 nescius,
1029 2933 1133 2987 hoc
1172 2943 1255 2988 est
1298 2934 1566 2999 Christus,
1612 2936 1796 3003 iniqua
1847 2935 2110 2988 sententia
2155 2935 2206 2986 iu
2255 2949 2313 2988 se

741 3031 988 3089 excepta,
1038 3022 1219 3076 crucis
1264 3024 1586 3092 supplicium
1642 3023 1827 3086 subiit,
1869 3037 2043 3090 eaque
2073 3021 2310 3091 pertulit,

2414 1941 2708 2010 πτωχεύων
2727 1941 3033 2013 ἄνθρωπος.
3063 1940 3234 1994 Πάθοι
3261 1941 3306 1994 δ’
3329 1941 3396 1994 ἀν
3424 1938 3582 1992 τοῦτο
3612 1940 3974 2009 πρεπωδέστε-

2419 2050 2509 2102 ρον
2539 2034 2567 2084 6
2594 2031 2845 2094 πλούσιος
2875 2031 3111 2101 ἀληθῶς,
3138 2031 3415 2086 τουτέστιν
3443 2032 3472 2082 6
3496 2030 3561 2082 ὲκ
3599 2028 3744 2082 Θεοῦ
3786 2030 3979 2098 Πατρὶς

2415 2123 2604 2191 Λόγος,
2634 2125 2722 2176 ὅτε
2751 2122 2940 2191 γέγονε
2974 2122 3095 2177 καθ’
3125 2125 3296 2194 ἡμᾶς.
3324 2119 3421 2187 Εἷς
3460 2114 3556 2175 οὖν
3584 2120 3697 2192 ἄρα
3744 2123 3866 2175 ἐστὶ
3901 2124 3979 2174 καὶ

2415 2213 2648 2287 Χριστὸς
2676 2217 2770 2268 καὶ
2793 2212 2940 2278 Υἱός.

2488 2504 2505 2535 ι
2551 2483 2622 2536 Ζ’.
2664 2483 2896 2554 Χριστὸς
2926 2484 3077 2552 ἡμᾶς
3121 2480 3456 2552 ἐξηγόρασεν
3497 2480 3564 2534 ἐκ
3613 2483 3716 2550 τῆς
3754 2482 3979 2549 κατάρας

2411 2575 2504 2628 τοῦ
2550 2576 2735 2643 νόμου,
2773 2573 3061 2640 γενόμενος
3113 2572 3256 2641 ὑπὲρ
3308 2571 3464 2641 ἡμῶν
3499 2575 3744 2643 κατάρα.
3792 2575 3980 2644 Γέγρα-

2415 2682 2543 2718 πται
2577 2664 2703 2732 γάρ⁹
2753 2661 3176 2731 Ἐπικατάρατος
3208 2664 3316 2725 πᾶς
3343 2663 3371 2715 6
3400 2662 3754 2733 κρεμάμενος
3786 2664 3980 2729 {1:15;}-

2411 2756 2526 2808 λου.
2563 2772 2582 2805 ι
2615 2750 2719 2804 Τοῦ
2749 2750 2972 2820 νομικοῦ
3001 2752 3329 2824 γράμματος
3360 2753 3636 2824 ιπάρατον
3666 2756 3981 2824 ἀποφαίνω·

2411 2862 2502 2907 τος
2554 2844 2645 2896 τὸν
2695 2843 2751 2894 tv
2793 2841 3100 2910 παραϐάσει
3167 2845 3259 2895 καὶ
3309 2843 3574 2912 ἁμαρτία,
3623 2844 3654 2894 6
3712 2843 3795 2913 μὴ
3845 2843 3982 2904 εἰδὼς

2414 2933 2706 3004 ἁμαρτίαν,
2757 2933 3005 2984 τουτέστι
3054 2932 3306 3002 Χριστὸς,
3345 2934 3709 3002 ὑπενήνεκται
3740 2937 3812 3001 τῇ
3852 2935 3982 3001 δίκῃ,

2412 3023 2594 3093 ψῆφον
2636 3021 2819 3076 ἄδικον
2857 3020 3175 3089 ὑπομείνας.
3221 3021 3416 3073 καὶτὰ
3466 3021 3580 3082 τοῖς
3611 3021 3671 3071 tv
3705 3021 3822 3091 ἀρᾷ
3867 3023 3985 3091 πρέ-

740 3124 864 3176 ηοω
919 3111 1207 3166 maledicto
1248 3112 1525 3167 obstrictis
1560 3113 1684 3183 jure
1726 3115 2094 3179 debebantur;
2132 3122 2190 3166 ut
2221 3113 2311 3180 qui

2417 3131 2584 3167 ποντα
2616 3110 2820 3166 παθών·
2851 3110 3106 3165 ἴναὸτῶν
3133 3111 3270 3165 ὅλων
3293 3110 3569 3175 ἀντάξιος,
3604 3111 3751 3180 ὑπὲρ
3785 3113 3987 3165 πάντων

744 3203 1122 3256 universorum
1141 3204 1375 3277 pretium
1394 3205 1735 3273 exmquabat,
1751 3205 2124 3260 universorum
2149 3219 2311 3259 causa

2419 3203 2725 3270 ἀποθανὼν,
2772 3207 2869 3275 τῆς
2901 3203 3160 3258 ἁπάντων
3197 3202 3480 3265 ἀπειθείας
3526 3202 3669 3275 λύσῃ
3703 3178 3775 3255 τὰ
3810 3203 3989 3270 ἐγκλή-

744 3302 972 3344 ntortem
1011 3309 1319 3363 perpessus,
1363 3296 1645 3350 universos
1690 3294 1762 3349 ab
1794 3296 2169 3351 iuobedientia:
2215 3297 2315 3352 cri-

743 3382 1239 3449 mineexsolveret,
1275 3394 1328 3440 et
1358 3386 1541 3440 orbem
1568 3386 1880 3442 universum
1919 3403 2018 3443 suo
2050 3389 2314 3459 sanguine

746 3474 1058 3530 redimeret.
1088 3475 1360 3535 Caeterum
1392 3480 1621 3550 pretium
1657 3495 1754 3548 pro
1785 3481 2159 3536 universorum
2188 3498 2312 3552 pec-

742 3568 883 3621 catis
909 3584 1052 3623 unus
1073 3556 1427 3641 nequaquam
1465 3572 1836 3640 persolvisset,
1880 3573 1925 3628 si
1961 3589 2125 3644 purus
2153 3574 2314 3630 homo

744 3666 953 3712 tantum
1008 3662 1329 3716 exstitisset.
1383 3662 1537 3728 Quod
1587 3663 1632 3717 si
1686 3672 1744 3715 ιιι
1784 3661 1925 3719 Deus
1976 3667 2310 3732 incarnatus,

747 3751 1072 3820 propriaque
1108 3753 1159 3806 in
1193 3767 1366 3807 carne
1385 3765 1613 3811 mortem
1647 3771 1941 3826 perpessus
1972 3767 2151 3810 mente
2177 3771 2312 3811 con-

745 3839 1000 3910 cipiatur,
1033 3843 1284 3899 universa
1316 3855 1561 3900 creatura
1609 3846 1880 3900 modicum
1909 3849 2034 3916 quid
2072 3849 2175 3901 erit
2212 3849 2310 3917 ipsi

2421 3315 2593 3370 ματα,
2619 3297 2711 3351 καὶ
2738 3297 2987 3369 ἀγοράσῃ,
3020 3296 3120 3366 τὴν
3150 3295 3242 3348 ὑπ’
3270 3294 3498 3365 οὐρανὸν
3527 3295 3724 3364 αἵματι
3757 3294 3839 3363 τῷ
3867 3293 3985 3360 ίδίῳ.

2417 3391 2531 3446 Οὐκ
2555 3389 2620 3443 ἂν
2645 3383 2738 3442 οὖν
2776 3387 2996 3454 γέγονεν
3025 3380 3105 3448 εἷς
3135 3386 3389 3438 ἁπάντων
3434 3384 3707 3448 ἀντάξιος,
3745 3385 3904 3450 εἴπερ
3931 3377 3990 3448 ἦν

2416 3481 2698 3553 ἄνθρωπος
2727 3478 2932 3540 ἁπλῶς.
2973 3479 3036 3530 Ei
3063 3478 3119 3530 δὲ
3164 3477 3228 3546 δὴ
3265 3480 3435 3530 νοοῖτο
3478 3477 3608 3539 Θεὸς
3642 3474 3989 3544 ὲνηνθρωπηο

2417 3573 2547 3636 κὼς,
2577 3571 2669 3625 καὶ
2701 3570 2865 3640 σαρκὶ
2889 3571 2955 3638 τῇ
2991 3568 3098 3640 ἰδίᾳ
3141 3567 3350 3634 παθὼν,
3391 3568 3546 3635 ὀλίγη
3587 3567 3729 3635 πρὸς
3764 3565 3921 3616 αὑτὸν
3959 3565 3988 3629 ἡ

2420 3667 2680 3736 σύμπασα
2717 3663 2914 3725 κτίσις,
2951 3663 3042 3715 καὶ
3076 3663 3291 3731 ἀπόχρη
3328 3661 3462 3728 πρὸς
3514 3659 3717 3726 λύτρον
3759 3657 3861 3724 τῆς
3908 3657 3990 3708 ὑπ’

2417 3755 2643 3827 οὐρανὸν
2671 3755 2699 3806 6
2746 3753 2875 3821 μιᾶς
2906 3752 3108 3822 σαρκὸς
3134 3751 3392 3812 θάνατος·
3437 3749 3542 3801 ἰδία
3573 3748 3684 3818 γάρ
3713 3744 3784 3817 ἦν
3813 3747 3907 3800 τοῦ
3937 3749 3990 3798 ὲκ

2418 3845 2553 3900 Θεοῦ
2583 3845 2795 3915 [ἰατρὸς
2825 3843 3020 3910 φύντος
3051 3843 3247 3910 Λόγου.

744 3940 1088 3998 comparata;
1121 3941 1284 4001 atque
1332 3935 1466 3989 adeo
1503 3936 1571 3989 ad
1614 3935 1835 3989 humani
1909 3936 2125 4005 generis
2189 3937 2566 3993 liberationem
2608 3935 2767 3989 unius
2795 3931 2978 3986 carnis
3007 3946 3155 3986 mors
3223 3929 3436 3986 abunde
3482 3939 3567 3983 sat
3596 3929 3763 3984 fuerit
3797 3948 3811 3982 :
3877 3943 3986 3996 pro-

746 4024 860 4090 pria
897 4025 1041 4078 enim
1069 4036 1188 4081 erat
1217 4026 1406 4092 Verbi,
1435 4031 1579 4097 quod
1614 4045 1681 4085 ex
1713 4031 1821 4085 Deo
1846 4040 2033 4084 natum
2066 4039 2171 4086 est.

817 4112 952 4170 Vill.
999 4135 1019 4168 ι
1050 4116 1185 4170 Eum
1217 4129 1396 4173 autern
1439 4121 1529 4190 qui
1559 4122 1769 4176 modico
1794 4138 1958 4190 quam
1993 4122 2168 4192 angeli
2212 4122 2314 4176 mi-

2500 4140 2519 4172 ι
2564 4122 2645 4174 H’.
2668 4120 2775 4172 Τὸν
2802 4117 2858 4170 δὲ
2893 4116 3064 4188 βραχύ
3089 4134 3139 4170 τι
3165 4115 3295 4186 παρ’
3323 4114 3588 4182 ἀγγέλους
3615 4112 3987 4181 ἠλαττωμένον

747 4212 971 4261 noratus
1027 4216 1146 4273 est,
1201 4210 1448 4264 videmus
1495 4209 1677 4266 Iesum
1733 4224 1953 4282 propter
2009 4214 2312 4282 passionem

2424 4214 2692 4284 βλέπομεν
2735 4209 2964 4280 Ἰησοῦν,
2996 4208 3085 4262 διὰ
3113 4208 3175 4260 τὺ
3215 4206 3451 4275 πάθημα
3468 4205 3562 4258 τοῦ
3591 4205 3854 4263 θανάτου.
3878 4201 3986 4269 δόξῃ

750 4298 961 4365 mortis,
993 4299 1161 4369 gloria
1207 4311 1260 4354 et
1290 4301 1498 4357 honore
1532 4314 1886 4363 coronatum:
1932 4316 1989 4360 ut
2018 4305 2192 4375 gratia
2226 4305 2312 4359 Dei

2423 4305 2515 4358 καὶ
2559 4306 2693 4374 τιμῇ
2744 4299 3209 4370 ἐστεφανωμένον,
3251 4298 3398 4360 ὅπως
3445 4298 3630 4367 χάριτι
3683 4294 3823 4348 Θεοῦ
3867 4293 3985 4362 ὑπὲρ

743 4401 845 4460 pro
896 4392 1148 4445 omnibus
1196 4401 1440 4462 gustaret
1469 4393 1624 4464 133
1665 4405 1892 4450 mortem
1918 4396 1986 4449 ⁷⁸.
2022 4415 2042 4449 ι
2097 4395 2312 4451 Divinns

2424 4395 2622 4456 παντὸς
2651 4393 2915 4462 γεύσηται
2943 4389 3196 4445 θανάτου.
3239 4406 3260 4441 ι
3302 4388 3359 4440 '0
3387 4386 3443 4440 6t
3473 4387 3764 4450 θεσπέσιος
3798 4385 3988 4444 Παῦλος

748 4477 943 4532 Paulus
992 4481 1104 4534 hmc
1152 4497 1368 4536 rursum
1419 4483 1487 4538 de
1529 4484 1747 4538 Christo
1788 4486 2029 4540 omnium
2074 4497 2312 4541 nostrum

2421 4493 2544 4550 τοὺς
2574 4483 2811 4556 περὶτοῦ
2843 4482 3061 4535 πάντων
3087 4481 3244 4552 ἡμῶν
3275 4479 3524 4550 Σωτῆρος
3553 4476 3796 4550 Χριστοῦ
3830 4475 3988 4529 ποιού-

746 4569 1030 4623 Salvatore
1066 4584 1458 4626 commemorat
1487 4593 1499 4627 :
1533 4593 1552 4626 ι
1582 4574 1715 4630 Cum
1745 4577 2186 4646 primogenitum,
2220 4580 2312 4642 ait,

2426 4595 2580 4647 μενος
2610 4577 2828 4644 λόγους,
2871 4593 2891 4625 ι
2924 4572 3093 4626 Ὅταν
3121 4572 3178 4626 δι
3211 4569 3500 4640 εἰσαγάγῃ,
3529 4570 3684 4637 φησὶ,
3717 4567 3811 4619 τὸν
3856 4582 3985 4635 πρωο

747 4661 1042 4716 introducit
1076 4662 1127 4714 in
1174 4663 1363 4716 orbem
1395 4673 1571 4729 terrae,
1613 4666 1785 4720 dicit:
1827 4666 1894 4720 Et
1925 4668 2153 4721 adorent
2195 4683 2312 4722 eum

2420 4668 2639 4720 τότοκον
2673 4667 2752 4728 εἰς
2793 4664 2891 4734 τὴν
2922 4663 3275 4733 οἰκουμένην,
3317 4659 3498 4726 λέγει·
3547 4661 3657 4711 Καὶ
3695 4672 3988 4728 προσκυνη-

746 4767 935 4808 omnes
984 4754 1160 4823 angeli
1210 4754 1302 4808 Dei
1323 4755 1393 4809 ".
1426 4773 1444 4806 ι
1495 4756 1562 4811 Et
1594 4758 1832 4813 iterum:
1868 4777 1888 4810 ι
1920 4759 2020 4826 Qui
2075 4775 2198 4814 cum
2247 4762 2321 4814 sit

749 4842 1003 4910 splendor
1033 4845 1237 4914 glorias.
1273 4855 1325 4900 et
1356 4845 1523 4914 figura
1552 4847 1869 4904 substantiae
1897 4851 2037 4920 ejus,
2068 4860 2322 4920 portans-

750 4949 856 5003 qne
900 4939 1078 4990 omnia
1127 4939 1293 4993 verbo
1338 4939 1558 4993 virtutis
1599 4955 1730 5004 suae,
1781 4944 2155 5012 purgationem
2196 4957 2322 5011 pec-

751 5034 994 5079 catorum
1049 5039 1360 5084 nostrorum
1414 5031 1656 5097 faciensl,
1711 5033 1864 5088 sedet
1914 5036 1981 5090 ad
2038 5035 2319 5089 dexteram

757 5115 937 5168 throni
984 5116 1281 5182 maiestatis
1329 5121 1380 5174 in
1425 5123 1690 5188 excelsis;
1741 5133 1887 5178 tanto
1925 5124 2116 5178 melior
2161 5139 2319 5194 angc-

758 5205 823 5258 iis
869 5201 1114 5266 eﬂ‘ectus,
1161 5218 1361 5272 quanto
1415 5210 1753 5267 differentias
1802 5228 1910 5282 prae
1969 5212 2073 5267 illis
2125 5225 2320 5266 nomen

760 5295 1121 5351 hazreditavit.
1152 5294 1247 5349 Cui
1279 5302 1419 5352 enim
1465 5303 1602 5358 dixit
1635 5305 1924 5373 aliquando
1963 5303 2275 5375 angelorum
2307 5320 2321 5356 :

757 5388 928 5442 Filius
995 5400 1148 5442 meus
1215 5401 1277 5441 es
1335 5397 1431 5450 tu.
1495 5400 1594 5460 ego
1649 5396 1808 5450 hodie
1864 5396 2021 5466 genui
2084 5407 2132 5447 te
2166 5392 2260 5445 ὀἳ
2303 5411 2320 5444 ι

762 5479 989 5542 Quando
1049 5493 1179 5546 ergo
1238 5475 1558 5546 Unigeuittts
1617 5482 1788 5539 factus
1844 5494 1929 5540 cst
1997 5481 2327 5554 primogeni-

765 5579 871 5631 tus,
921 5581 968 5624 et
1020 5587 1157 5625 unus
1201 5585 1232 5625 e
1283 5568 1464 5624 multis
1510 5570 1788 5635 fratribus,
1827 5583 1959 5630 tunc
2016 5589 2067 5629 ct
2113 5576 2164 5629 in
2221 5585 2326 5628 ter-

846 5748 887 5774 “
923 5748 1112 5813 liphos.
1150 5765 1206 5814 tt,
1231 5751 1285 5805 6.
1361 5749 1406 5781 ⁷⁷
1437 5747 1611 5803 Calui.
1649 5763 1728 5812 ιιι,
1769 5747 1849 5800 15.
1926 5750 1970 5780 ⁷³
2003 5750 2164 5805 llehr.
2202 5768 2261 5815 ll,
2289 5750 2340 5803 9.

2426 4760 2674 4812 σάτωσαν
2712 4755 2857 4824 αύτῷ
2909 4754 3107 4818 πάντες
3149 4751 3370 4822 ἄγγελοι
3411 4749 3567 4803 Θεοῦ.
3607 4769 3625 4799 ι
3671 4751 3784 4804 Καὶ
3821 4748 3983 4802 πάλιν·

2433 4871 2452 4904 ι
2498 4853 2594 4914 ’ος
2624 4847 2699 4902 ὢν
2729 4846 3067 4916 ἀπαύγασμα
3108 4845 3206 4916 τῆς
3235 4841 3412 4909 δόξης,
3444 4842 3534 4891 καὶ
3574 4840 3863 4908 χαρακτὴρ
3912 4838 3988 4903 τῆς

2428 4943 2776 5003 ὑποστάσεως
2808 4938 2994 5002 αὑτοῦ,
3038 4937 3219 5008 φέρων
3268 4950 3329 4986 τε
3359 4929 3429 4983 τὰ
3458 4931 3635 4982 πάντα
3675 4929 3756 4997 τῷ
3807 4932 3987 4998 ῥήματι

2428 5035 2526 5105 τῆς
2541 5033 2822 5100 δυνάμεως
2846 5028 3031 5092 αὑτοῦ,
3049 5022 3389 5095 καθαρισμὸν
3408 5019 3517 5071 τῶν
3539 5019 3829 5087 ἁμαρτιῶν
3854 5018 3987 5089 ἡμῶν

2429 5124 2814 5193 ποιησάμενος,
2855 5120 3107 5172 ἐκάθισεν
3153 5118 3210 5169 tv
3239 5113 3388 5182 δεξιᾷ
3415 5109 3506 5162 τοῦ
3540 5108 3738 5178 θρόνου
3781 5109 3883 5180 τῆς
3912 5126 3986 5178 μευ

2427 5211 2743 5281 γαλωσύνης
2790 5213 2845 5263 ὲν
2877 5207 3120 5278 ὑψηλοῖς,
3153 5203 3393 5271 τοσούτῳ
3422 5199 3681 5268 κρείττων
3713 5201 3985 5268 γενόμενος

2428 5303 2535 5354 τῶν
2565 5301 2838 5368 ἀγγέλων,
2885 5301 2994 5368 ὅσῳ
3036 5293 3432 5365 διαφορώτερον
3484 5288 3614 5357 παρ’
3671 5291 3867 5352 αὐτοὺς

2431 5391 2835 5461 κληρονόμηκεν
2862 5389 3052 5458 ὄνομα.
3083 5387 3199 5438 Τίνι
3232 5383 3340 5453 γάρ
3369 5376 3487 5433 εἷπέ
3521 5398 3650 5442 ποτε
3692 5382 3802 5434 τῶν
3844 5378 3982 5446 ἀγγέ-

2432 5481 2567 5533 λων·
2607 5479 2731 5540 Υίός
2762 5494 2861 5537 μου
2890 5471 2940 5528 εἴ
2978 5476 3063 5540 σὺ,
3097 5473 3208 5542 ἐγὼ
3242 5473 3482 5540 σήμερον
3507 5470 3812 5542 γεγέννηκά
3853 5487 3937 5530 σε;
3965 5481 3977 5512 ι

2435 5570 2640 5626 Οὐκοῦν
2669 5570 2757 5622 ὅτε
2785 5569 2972 5638 γέγονε
3014 5564 3354 5624 ποωτότοκος
3387 5560 3415 5612 6
3448 5561 3780 5633 Μονογενὴς,
3811 5561 3897 5616 καὶ
3939 5559 3982 5608 ἐν

2421 5751 2464 5780 ⁷³
2501 5745 2660 5800 Hebr.
2698 5760 2735 5811 I,
2774 5745 2826 5798 6.
2905 5744 2949 5774 "
2982 5742 3108 5797 ibid.
3145 5738 3265 5794 5-5.
