4122 6518
176 460 316 514 1545

986 460 1076 514 AD
1117 461 1414 518 REGINAS
1457 463 1540 517 DE
1581 459 1807 518 RECTA
1845 458 2000 516 FIDE
2035 456 2296 518 ORATIO
2333 454 2632 514 ALTERA.

3277 456 3412 510 1516

174 579 391 642 πολλοῖς
417 577 685 650 ἀδελφοῖς,
713 579 830 631 τότε
859 579 950 631 καὶ
971 581 1378 653 είσκεκομίσθαι
1401 583 1564 652 φησὶν
1585 582 1748 636 αὑτὸν

1855 594 2033 636 rarum
2081 592 2296 651 quoque
2349 578 2537 634 orbem
2604 573 2944 630 introductus
3009 572 3208 631 dicitur
3262 575 3413 642 (nam

172 671 257 732 εἰς
289 669 386 741 τὴν
411 671 737 741 οἰκουμένην
759 686 771 698 ·
819 669 924 733 ἔξω
953 670 1060 743 γὰρ
1089 667 1177 743 ἦν,
1211 672 1354 726 κατὰ
1393 672 1549 740 φύσιν
1585 673 1743 737 ίδίαν,

171 758 276 824 τῆς
310 759 556 821 κτίσεως,
606 756 683 819 ὼς
728 754 890 818 Θεός·
924 761 1044 811 τότε
1090 760 1182 813 καὶ
1211 758 1550 828 ἡλαττῶσθαί
1584 777 1744 831 φησιν

172 849 339 902 αὑτὸν
385 847 539 918 παρά
584 848 712 910 τοὺς
759 848 1040 916 ἀγγέλους,
1086 851 1180 904 καί
1219 867 1300 904 τοι
1349 848 1745 922 διαφορώτερον

172 940 308 1008 παρ’
342 938 540 998 αὐτοὺς
583 936 812 1006 λαχόντα
846 938 906 992 τὸ
945 940 1134 1009 δνομα.
1182 938 1256 992 Τδ
1320 937 1420 1008 μὲν
1465 939 1596 1011 γάρ,
1641 940 1743 1010 ἀγ-

175 1031 354 1097 γελος,
403 1028 740 1098 λειτουργίας
785 1031 901 1083 ἐστὶ
951 1028 1300 1098 σημαντικὸν,
1341 1030 1435 1083 κα)⁸
1483 1033 1747 1087 οίκετικὺν

173 1123 309 1190 ἡμῖν
339 1120 668 1190 ὑπεμφαίνει
704 1122 936 1192 μέτρον·
976 1139 996 1172 ι
1046 1120 1488 1176 Ἀποστέλλονται
1518 1126 1626 1193 γὰρ
1669 1127 1748 1188 είς

173 1209 451 1263 διακονίαν
498 1210 584 1266 διά
640 1214 767 1275 τοὺς
819 1211 1110 1282 μέλλοντας
1158 1211 1514 1286 κληρονομεῖν
1573 1231 1748 1286 aterq-

175 1298 324 1370 ρίαν.
365 1318 384 1350 ι
429 1299 487 1356 '0
513 1302 569 1356 δέ
619 1319 683 1371 γε
721 1302 848 1364 Υιδς
892 1301 991 1370 τὴν
1035 1303 1100 1354 ἐκ
1141 1301 1355 1374 Πατρδς
1396 1303 1629 1377 ὕπαρξιν
1659 1306 1749 1358 οὐ·

175 1387 345 1459 σιώδη
393 1407 452 1444 τε
491 1393 584 1447 καὶ
631 1392 862 1462 φυσικὴν
905 1393 1339 1464 κατασημήνειεν
1383 1394 1472 1460 ἀν,
1523 1395 1606 1449 ὃτι
1654 1395 1749 1448 καὶ¹

173 1479 395 1551 ἀληθῶς
439 1485 538 1553 τὴν
581 1483 834 1552 γέννησιν
868 1483 1181 1554 πεπρᾶχθαι
1229 1486 1576 1557 πιστεύομεν.
1625 1486 1749 1550 Πῶς

173 1571 486 1638 ἠλάττωται
517 1572 666 1643 παρά
693 1573 818 1637 τοὺς
846 1573 1110 1642 ἀγγέλους
1139 1578 1169 1628 ό
1209 1578 1343 1646 παρ’
1374 1578 1551 1632 αὐτῶν
1582 1595 1749 1649 προσ·-

175 1659 527 1729 κυνούμενος,
556 1662 584 1712 ὁ
610 1660 863 1732 σύνεδρος
894 1661 972 1732 τῷ
1006 1663 1181 1734 Πατρί
1198 1680 1212 1728 ;
1254 1664 1393 1718 Ἀλλ’
1419 1667 1533 1720 ἔστι
1574 1667 1750 1738 σαφής

174 1749 214 1816 ἡ
246 1742 536 1817 πρόφασις.
571 1749 847 1804 Καθίκετο
883 1750 992 1821 γάρ
1033 1753 1091 1804 ἑν
1123 1755 1236 1817 τοῖς
1265 1754 1364 1824 τῆς
1406 1754 1751 1826 ἀνθρωπότη-

173 1854 269 1900 τος
303 1839 542 1909 μέτροις,
580 1841 670 1895 καὶ
699 1841 760 1894 τὸ
788 1841 1154 1914 ἀποθνήσκειν
1198 1844 1439 1912 πεφυκὸς
1469 1845 1626 1915 σῶμα
1654 1846 1748 1905 λαο

1846 670 2143 728 secundum
2175 669 2448 739 propriam
2481 675 2729 721 naturam
2757 675 2909 719 extra
2935 679 3150 720 omnem
3190 672 3413 720 creatu-

1848 775 1963 815 ram
1999 759 2233 828 degebat
2281 768 2342 813 ut
2375 757 2538 827 Deus)
2569 775 2580 810 :
2619 765 2746 811 tunc
2785 765 2842 810 et
2874 755 3080 825 angelis
3127 755 3304 809 minor
3336 753 3416 807 l’a-

1847 861 1966 906 ctus
2017 849 2303 911 asseritur,
2360 845 2524 903 etiam
2576 847 2620 903 si
2679 844 3050 916 praestantius,
3106 859 3264 914 quam
3315 842 3413 910 illi,

1847 953 2046 996 nomen
2105 938 2179 994 sit
2231 937 2454 992 sortitus
2493 955 2506 991 :
2539 936 2807 1007 siquidem
2861 948 2963 988 vox
3018 934 3154 997 haec,
3211 933 3413 1001 angeli,

1849 1031 2125 1087 notionem
2162 1027 2448 1082 ministerii
2482 1042 2591 1095 pra
2625 1043 2684 1082 se
2739 1025 2843 1082 fert
2887 1024 3249 1095 servilemque
3283 1039 3417 1078 con-

1849 1122 2111 1178 ditionem
2159 1120 2444 1176 insinuat:
2482 1135 2502 1170 ι
2536 1117 2824 1172 Mittuntur
2862 1123 3096 1186 namque
3153 1116 3206 1171 in
3255 1113 3417 1170 mini-

1850 1213 2076 1268 sterium
2109 1221 2328 1283 pr0pter
2350 1225 2444 1266 eos
2469 1209 2559 1280 qui
2596 1208 2786 1264 salutis
2821 1209 3192 1265 haereditatem
3224 1218 3417 1259 conse-

1850 1305 2027 1362 cuturi
2072 1312 2200 1360 sunt
2219 1303 2284 1357 “.
2321 1320 2340 1357 ι
2373 1302 2444 1357 At
2475 1315 2607 1356 vero
2645 1300 2787 1355 ﬁlius
2857 1314 2978 1354 eum
3029 1299 3272 1363 denotat,
3322 1296 3416 1366 qui

1852 1398 2225 1453 exsistentiam
2257 1393 2664 1449 substantialem
2693 1391 3106 1458 naturalemque
3150 1404 3215 1442 ex
3244 1385 3418 1440 fratre

1852 1487 2014 1542 habet
2039 1503 2054 1553 ;
2083 1484 2356 1540 credimus
2381 1494 2614 1552 namque
2644 1480 2792 1534 illum
2833 1493 2959 1533 vere
2990 1492 3053 1532 ac
3099 1475 3419 1564 naturaliter

1850 1594 1924 1633 ex~
1969 1576 2130 1631 Patre
2181 1574 2419 1643 genitum
2467 1586 2611 1626 esse.
2656 1569 2726 1623 At
2769 1568 3040 1639 quomodo
3094 1566 3142 1621 is
3193 1565 3419 1638 (inquis)

1852 1668 2057 1736 angelis
2091 1667 2268 1720 minor
2288 1665 2483 1727 evasit,
2516 1663 2610 1732 qui
2643 1662 2712 1716 ab
2748 1651 2853 1715 illis
2893 1661 3170 1724 adoratur,
3203 1673 3418 1727 unaque

1851 1771 1976 1810 cum
2027 1754 2190 1810 Patre
2234 1752 2388 1822 regni
2431 1751 2625 1808 solium
2679 1748 2924 1805 obtinet?
2950 1748 3006 1802 in
3049 1758 3296 1818 promptu
3334 1758 3420 1804 est

1856 1845 2139 1913 responsio
2172 1861 2188 1901 :
2217 1859 2341 1898 nam
2370 1857 2595 1912 corpore
2628 1844 2771 1911 quod
2806 1842 2942 1898 mori
2975 1849 3178 1912 posset,
3206 1855 3420 1894 assum-

176 1927 313 1994 6tbv,
350 1930 479 1986 ἴδιόν
510 1948 567 1984 τε
595 1931 728 1987 αὐτὸ
772 1933 1156 2004 ποιησάμενος,
1191 1937 1251 1989 ὲν
1300 1934 1448 2006 αὑτῷ
1485 1935 1750 1991 πέπονθεν

1855 1946 1966 2008 pto,
2004 1936 2067 1990 ad
2099 1935 2349 1990 humana:
2379 1945 2585 1987 naturae
2615 1931 2951 1987 infirmitates
2986 1931 3223 2001 seipsum
3251 1930 3421 1984 demi-

175 2020 342 2082 ὲκὼν.
375 2024 469 2081 καὶ
508 2027 628 2087 ταῖς
675 2024 936 2079 ἀνωτάτω
968 2026 1145 2091 δόξαις
1176 2027 1533 2096 στεφανοῦται
1562 2027 1648 2083 διά
1689 2030 1750 2082 τὸ

177 2115 372 2182 πάθος,
401 2116 478 2180 ὡς
521 2115 587 2170 δι’
616 2116 781 2172 αὑτοῦ
828 2120 1182 2188 καταργήσας
1231 2119 1322 2172 τδν
1361 2120 1607 2187 θάνατον,
1657 2121 1752 2174 καὶ

175 2205 462 2276 ἄπρακτον
487 2208 771 2278 ἀποφήνας
799 2209 898 2280 τὴν
933 2209 1159 2281 φθοράν,
1207 2209 1304 2264 ἅτε
1342 2211 1406 2282 δὴ
1447 2211 1541 2265 καλ⁵
1587 2211 1753 2282 ὑπάρο

177 2314 290 2365 χων
318 2298 597 2367 ἀφθαρσία
637 2304 732 2352 καὶ
760 2299 894 2371 ζωή.
928 2301 1091 2354 Ὅταν
1117 2299 1209 2355 οὖν
1247 2301 1452 2372 Ἰησοῦν
1474 2302 1748 2373 ὀνομάζει,

177 2386 278 2438 καὶ
321 2387 660 2456 ὴλαττῶσθαι
708 2389 856 2456 λέγει
901 2390 1048 2460 παρὰ
1100 2392 1226 2454 τοὺς
1262 2390 1526 2459 ἀγγέλους
1570 2393 1749 2458 αὑτὸν,

175 2477 282 2528 οὐκ
304 2477 588 2549 ἄνθρωπον
614 2479 717 2535 ἀνά
745 2479 810 2548 μέ
821 2495 909 2550 ρος
937 2481 1030 2532 καὶ
1061 2479 1262 2544 ίδικῶς,
1292 2479 1405 2532 ἀλλ’
1427 2481 1588 2533 αὑτὸν
1611 2480 1753 2534 νοοῦ-

181 2585 301 2639 μεῖν’
325 2570 414 2622 τὸν
462 2571 740 2640 Μονογενῆ
793 2571 1222 2644 παραχωροῦντα
1254 2571 1349 2624 τοῦ
1384 2571 1642 2642 προῦχειν
1683 2574 1752 2624 ol-

177 2658 488 2727 κονομικῶς
515 2662 627 2722 τοῖς
656 2661 834 2728 ἁγίοις
875 2663 1126 2730 ἀγγέλοις
1151 2678 1164 2692 ο
1214 2663 1294 2715 ὅτι
1340 2663 1567 2734 ἀληθείᾳ
1604 2663 1755 2731 γέγο-

175 2763 270 2799 νεν
295 2747 578 2818 ἀνθρωπος
600 2749 627 2802 ό
650 2750 746 2820 τῆς
776 2752 996 2806 ἐκείνων
1020 2753 1292 2823 ὑπεροχῆς
1318 2754 1644 2823 ἡττώμενος.
1673 2754 1754 2807 Τά

175 2832 236 2885 δὲ
271 2834 370 2903 τῆς
400 2836 674 2905 ὑπεροχῆς
713 2840 823 2900 τοῖς
867 2839 1041 2906 ἀγίοις
1075 2841 1345 2908 ἀγγέλοις,
1391 2843 1473 2894 ὅτι
1517 2844 1609 2895 καὶ
1649 2843 1752 2907 ἔξω

179 2924 409 2993 σαρκὸς;
450 2927 542 2979 καὶ
586 2926 672 2979 τοῦ
719 2927 967 2983 τεθνάναι
995 2933 1274 3001 κρείττους
1307 2934 1435 2985 εἰσίο
1469 2934 1752 3001 γεγονότος

177 3014 238 3064 ἐν
261 3013 468 3078 τούτοις
495 3015 588 3068 τοῦ
620 3016 748 3068 Υίοῦ
777 3019 866 3070 διά
899 3020 996 3087 τὴν
1028 3020 1275 3075 ἑκούσιον
1307 3022 1556 3075 κένωσιν.
1613 3021 1750 3074 Ἀλλ’

177 3104 207 3153 ὁ
248 3101 420 3173 βραχὺ
454 3108 584 3175 παρ’
629 3107 894 3174 ἀγγέλους
933 3109 1314 3180 ήλαττωμένος
1341 3113 1430 3166 διά
1476 3130 1536 3179 γε
1565 3113 1623 3166 τὸ
1654 3113 1751 3182 τῆς

177 3193 597 3266 ἁνθρωπότητος
652 3197 883 3268 μέτρον,
936 3201 993 3252 ὲν
1042 3201 1280 3273 ὑπεροχῇ
1339 3203 1588 3274 θεότητος
1633 3205 1750 3268 ὢν,

179 3292 566 3354 προσκυνεῖται
596 3290 723 3359 παρ’
751 3291 950 3354 αὐτῶν,
984 3292 1075 3345 καὶ
1113 3293 1380 3364 ἐνίδρυται
1419 3294 1634 3359 θώκοις,
1662 3295 1755 3360 οὓς

179 3384 526 3448 περιιστᾶσιν
577 3381 772 3434 ἐκεῖνοι
802 3381 1204 3449 δοξολογοῦντες
1232 3385 1338 3449 ἀεὶ,
1368 3386 1463 3441 καὶ
1481 3386 1588 3440 τῶν
1605 3386 1759 3441 δυνάεν

182 3487 332 3541 μεων
367 3471 529 3523 αὐτὸν
557 3472 910 3541 ὀνομάζοντες
947 3474 1170 3543 Κύριον.

1853 2029 1944 2091 sit,
1998 2027 2052 2080 in
2100 2039 2274 2094 eoque
2315 2024 2480 2079 veluti
2535 2024 2756 2094 proprio
2798 2032 3150 2091 spontaneam
3189 2031 3416 2077 mortem

1854 2115 2132 2172 sustinuit.
2182 2114 2263 2168 0b
2311 2129 2432 2168 eam
2473 2127 2638 2182 porro
2690 2121 2920 2168 mortem
2969 2121 3024 2168 et
3074 2115 3416 2180 passionem,

1853 2223 2079 2264 summa:
2139 2206 2323 2276 gloriae
2371 2219 2624 2258 coronam
2686 2205 3021 2274 promeruit;
3083 2205 3282 2274 quippe
3327 2204 3419 2271 qui

1855 2302 1987 2370 ipse,
2028 2309 2212 2369 utpote
2241 2297 2346 2350 vita
2393 2305 2448 2349 et
2498 2297 2830 2366 incorruptio
2861 2297 3152 2362 cxsistens,
3183 2306 3238 2352 et
3273 2310 3421 2349 mor-

1856 2401 2079 2460 temper
2110 2391 2253 2445 illam
2285 2386 2605 2452 aboleverit,
2641 2395 2696 2440 et
2726 2387 3126 2458 corruptionem
3153 2385 3418 2440 nullarum

1854 2485 2050 2538 virium
2103 2495 2226 2536 esse
2268 2479 2649 2535 declaraverit.
2686 2477 2821 2532 Cum
2852 2476 3032 2532 Jesum
3081 2491 3209 2548 ergo
3247 2478 3423 2531 nomi-

1855 2586 1966 2642 nat,
2002 2582 2058 2630 et
2093 2573 2298 2642 angelis
2340 2572 2602 2626 minorem
2642 2571 2921 2639 praedicat,
2957 2585 3061 2624 non
3093 2571 3293 2624 nudum
3326 2585 3422 2624 nos

1855 2667 2152 2729 hominem,
2195 2676 2551 2731 seorsumque
2601 2677 2667 2716 ac
2707 2677 2802 2730 per
2855 2676 2914 2718 se
2952 2662 3190 2731 positum
3243 2675 3424 2716 mente

1857 2756 2226 2825 concipimus;
2257 2754 2350 2808 sed
2384 2753 2678 2821 ipsummet
2717 2752 3058 2821 Unigenitum
3087 2760 3307 2822 propter
3340 2752 3422 2805 in-

1857 2846 2194 2901 carnationis
2238 2843 2483 2898 ordinem
2526 2845 2764 2912 potiores
2809 2852 2994 2912 partes
3032 2843 3238 2916 angelis
3272 2843 3422 2898 dele-

1857 2946 2082 2990 rentem.
2119 2933 2249 2987 Nam
2289 2933 2380 3002 qui
2423 2932 2755 2987 excellentiae
2801 2932 3012 2986 illorum
3054 2933 3245 2986 cedere
3287 2948 3422 3001 pra:-

1856 3025 2095 3090 dicatur,
2125 3027 2172 3079 is
2200 3039 2324 3079 vere
2349 3024 2508 3077 homo
2537 3022 2708 3077 lactus
2736 3023 3089 3092 dignoscitur.
3116 3022 3206 3076 illa
3238 3031 3417 3078 autem

1857 3120 2168 3168 sanctorum
2211 3112 2522 3180 angelorum
2557 3113 2844 3166 eminentia
2888 3113 2940 3165 in
2982 3112 3083 3167 hoc
3115 3111 3284 3183 posita
3316 3128 3421 3177 εει,

1857 3215 1912 3260 et
1939 3206 2083 3275 quod
2112 3219 2140 3257 a
2174 3218 2338 3258 carne
2365 3213 2490 3258 sunt
2515 3204 2804 3266 immunes,
2828 3202 3046 3272 etquod
3079 3215 3251 3258 morte
3278 3207 3424 3258 exsi-

1859 3305 2009 3350 stunt
2041 3295 2352 3364 superiores
2383 3315 2394 3350 :
2427 3295 2669 3362 utrisque
2701 3303 2880 3348 autem
2923 3303 3145 3364 propter
3176 3296 3424 3350 volunta.

1860 3388 1995 3440 riam
2047 3387 2469 3441 exiuanitionem
2529 3385 2804 3451 subjectus
2853 3384 2951 3440 l‘uit
2992 3385 3179 3442 Filius.
3226 3386 3425 3443 Verum

1858 3475 2136 3530 enimvero
2171 3476 2259 3543 qui
2292 3485 2510 3543 propter
2537 3475 2785 3528 humanae
2821 3483 3029 3530 natura:
3058 3477 3424 3536 conditionem

178 3560 457 3629 paululum
492 3563 558 3616 ab
591 3563 748 3633 13a.
775 3564 982 3634 angelis
1015 3565 1316 3622 miuoratus
1359 3566 1579 3633 dicitur,
1612 3567 1656 3622 is
1697 3566 1749 3620 in
1790 3565 2008 3620 deitatis
2072 3564 2394 3620 excellentia
2461 3565 2728 3619 exsistens
2758 3566 2824 3618 ah
2855 3565 2958 3617 illis
2987 3567 3260 3631 adoratur,
3288 3582 3429 3621 con-

179 3653 430 3722 sidetqne
474 3655 525 3707 in
565 3656 630 3709 iis
676 3657 974 3725 majestalis

177 3745 523 3806 extollentes.
579 3761 643 3800 ac
688 3749 947 3803 virtutum
993 3749 1280 3805 Dominum
1324 3747 1730 3819 appellantes"

253 3835 332 3891 Θ.
378 3854 394 3886 ι
429 3837 604 3894 ,Ἐπεὶ
637 3833 730 3891 οὖν
764 3838 833 3892 τά
877 3841 1062 3895 παιδία
1089 3839 1486 3910 κεκοινώνηκεν
1525 3841 1754 3910 αἵματος

179 3931 277 3986 καὶ
326 3932 555 4002 σαρκὸς,
602 3933 696 3985 καὶ
736 3933 899 3997 αὐτὸς
933 3933 1327 4004 παραπλησίως
1376 3934 1601 4002 μετέσχε
1645 3933 1753 3984 τῶν

177 4022 384 4088 αὑτῶν,
421 4023 505 4076 ῐνα
529 4023 619 4076 διά
645 4023 739 4077 τοῦ
789 4024 1019 4078 θανάτου
1047 4027 1370 4096 καταργήσῃ
1399 4025 1488 4077 τὸν
1521 4024 1582 4077 τὸ
1624 4025 1753 4095 κρά·

176 4131 274 4177 τος
311 4114 499 4184 έχοντα
530 4115 622 4167 τοῦ
665 4115 920 4179 θανάτου,
953 4119 1197 4171 τουτέστι
1227 4117 1318 4171 τὸν
1353 4117 1628 4172 διάϐολον·
1659 4118 1754 4172 καὶ

177 4204 470 4277 ἀπαλλάξῃ
492 4204 735 4268 τούτους,
755 4207 870 4260 ὅσοι
894 4207 1042 4278 φόϐῳ
1062 4208 1293 4264 θανάτου
1320 4208 1418 4278 μὲν
1443 4209 1643 4273 παντὸς
1660 4208 1752 4262 τοῦ

179 4295 286 4365 ζῇν
302 4295 472 4364 ἔνοχοι
493 4291 632 4366 ἦσαν
648 4296 910 4360 δουλείας.
925 4317 943 4348 ο
963 4299 1041 4351 Τὰ
1064 4299 1251 4351 παιδία
1268 4300 1432 4367 φησὶν
1454 4300 1511 4351 ἐν
1523 4298 1750 4360 τούτοις,

177 4385 330 4454 ἡμᾶς
360 4384 601 4454 δηλονότι
648 4386 774 4448 τοὺς
803 4385 960 4449 ὄντας
990 4388 1082 4441 ἐπὶ
1122 4389 1218 4458 τῆς
1250 4388 1369 4456 γῆς,
1417 4388 1559 4442 κατά
1589 4404 1651 4455 γε
1693 4387 1753 4439 τὸ

1048 3659 1279 3722 tbronis,
1349 3672 1485 3726 quos
1536 3657 1609 3712 illi
1683 3658 2038 3726 undequaque
2073 3657 2316 3725 cingunt,
2362 3655 2633 3710 indefesso
2672 3655 2888 3711 laudum
2961 3657 3232 3724 praeconio
3277 3657 3425 3714 illum

1939 3839 2027 3894 IX.
2077 3859 2096 3891 ι
2129 3838 2262 3905 Quia
2309 3853 2439 3908 ergo
2490 3840 2640 3908 pueri
2694 3841 3229 3896 communicaverunt
3274 3845 3423 3898 carni

1860 3939 1915 3985 et
1957 3931 2224 3999 sanguini,
2263 3939 2317 3985 et
2361 3931 2476 3999 ipse
2503 3931 2755 3984 similiter
2794 3931 3138 4001 participavit
3188 3932 3374 3988 iisdem
3406 3954 3420 3995 :

1861 4033 1918 4076 ut
1948 4037 2044 4091 per
2078 4033 2308 4076 mortem
2340 4025 2644 4076 destrueret
2666 4038 2812 4087 eum,
2844 4025 2933 4092 qui
2969 4025 3193 4080 habebat
3235 4028 3424 4080 mortis

1861 4114 2165 4184 imperium,
2209 4115 2309 4167 hoc
2339 4123 2422 4168 est
2466 4113 2776 4179 diabolum;
2807 4125 2860 4168 et
2893 4115 3144 4170 liberaret
3182 4132 3295 4183 eos,
3334 4119 3427 4186 qui

1861 4205 2054 4257 timore
2092 4208 2278 4257 mortis
2312 4217 2410 4275 per
2440 4213 2607 4256 totam
2638 4204 2802 4257 vitam
2825 4206 3043 4260 obnoxii
3075 4218 3227 4260 erant
3257 4210 3426 4262 servi-

1865 4293 1982 4345 tuti.
2006 4292 2050 4322 ⁸³
2086 4311 2103 4342 ι
2145 4290 2348 4345 Pueros
2377 4292 2478 4346 hoc
2506 4292 2623 4346 loco
2647 4308 2746 4346 nos
2777 4295 3029 4362 appellat,
3062 4298 3150 4365 qui
3184 4297 3236 4350 in
3269 4299 3431 4352 terris

1863 4386 2026 4437 vitam
2069 4383 2335 4453 degimus,
2364 4381 2520 4449 juxta
2565 4385 2692 4438 illud
2744 4385 3046 4441 Psalmistaa
3093 4391 3144 4440 in
3195 4403 3431 4456 persona

177 4474 240 4526 ἂν
292 4473 539 4543 Ψαλμοῖς
599 4473 934 4543 ὑμνούμενον
989 4475 1064 4538 ὡς
1108 4477 1172 4528 ὲκ
1235 4475 1527 4545 προσώπου
1581 4476 1754 4529 Θεοῦο

1865 4473 1953 4526 Dei
1983 4467 2325 4530 decantatum
2363 4491 2376 4524 :
2414 4490 2433 4523 ι
2464 4475 2594 4542 Ego,
2644 4475 2836 4544 inquit,
2879 4475 2988 4529 dixi
3019 4493 3032 4529 :
3073 4476 3154 4530 Dii
3183 4479 3341 4544 estis,
3374 4490 3432 4537 et

184 4583 204 4616 ι
255 4564 397 4632 Ἐγὼ
428 4559 590 4623 εἷίτα⁸
645 4563 769 4618 Θεοί
825 4566 986 4624 ὲστε.
1041 4566 1134 4618 καὶ
1177 4567 1282 4618 υἱοὶ
1318 4566 1572 4634 Ὑψίστου
1619 4567 1752 4620 πάνς

174 4673 290 4718 τες.
331 4675 349 4708 ι
389 4657 554 4711 Ὅσον
584 4655 691 4726 γὰρ
747 4651 881 4728 ἧκεν
911 4658 991 4720 εἰς
1037 4657 1098 4709 τὸ
1125 4654 1202 4726 τῷ
1255 4657 1373 4727 Θεῷ
1402 4642 1612 4723 δοκοῦν,
1656 4659 1751 4711 καὶ

175 4751 258 4811 εἰς
289 4748 384 4818 τὴν
414 4747 637 4800 ὲνοῦσαν
657 4749 972 4818 ἡμερότητα
1002 4749 1142 4801 κατά
1171 4749 1330 4816 φύσιν
1362 4749 1528 4818 αὑτῷ,
1550 4750 1749 4811 πάντες

175 4840 244 4894 ἂν
278 4835 420 4909 ἦμεν
449 4840 632 4903 τέκνα,
666 4841 760 4894 καὶ⁷
809 4840 1116 4893 ἀπὼλισθεν
1173 4841 1238 4892 ἂν
1269 4841 1441 4902 οὐδεὶς
1469 4841 1566 4910 τῆς
1591 4845 1594 4849 ⁷
1616 4841 1747 4910 πρὸς

177 4930 343 4982 αὑτὸν
372 4931 719 4999 οίκειότητος.
753 4930 892 4982 Ἀλλ’
988 4948 1150 5001 φησιν
1179 4933 1206 4984 ὁ
1235 4931 1416 4993 Δαυῒδ,
1445 4931 1520 4994 ὼς
1549 4931 1752 5002 ἀνθρωο

178 5038 272 5074 ποι
302 5019 738 5088 ἀποθνήσκομεν,
772 5022 862 5072 καὶ
890 5021 963 5083 ὡς
994 5015 1074 5084 εἷς
1118 5020 1225 5073 τῶν
1254 5021 1529 5090 ἀρχόντων
1558 5021 1752 5073 πίπτο-

180 5131 304 5184 μεν,
326 5115 437 5175 τοῖς
466 5112 562 5181 τῆς
589 5110 787 5180 σαρκὸς
818 5111 1014 5164 πάθεσι
1043 5112 1135 5164 τὸν
1164 5115 1361 5164 οίκεῖον
1392 5111 1755 5180 ὑποφέροντες

173 5208 323 5262 νοῦν.
375 5206 508 5269 Πῶς
562 5201 656 5259 οὖν
705 5205 812 5275 ἀρα
855 5205 1331 5274 κεκοινωνήκαμεν
1375 5204 1606 5272 αἵματος
1661 5203 1754 5257 καὶ

181 5302 411 5373 σαρκός;
432 5301 590 5370 Ψυχὴ
621 5299 729 5368 γὰρ
760 5300 792 5368 ή
820 5298 1133 5368 ἀνθρωπίνη
1158 5298 1314 5366 φύσιν
1335 5296 1526 5366 ἑτέραν
1558 5297 1752 5365 ἔχουσα

171 5391 330 5461 παρά
369 5390 466 5459 τὴν
512 5389 709 5458 σάρκα,
741 5391 805 5457 τῇ
839 5389 971 5458 πρὸς
1007 5386 1173 5455 αὐτὴν
1204 5387 1351 5438 θέσει
1383 5385 1502 5437 καθ’
1535 5386 1745 5448 ἕνωσιν,

172 5485 236 5536 τὸ
284 5483 340 5534 έν
379 5498 435 5534 τε
489 5484 581 5533 καὶ
623 5481 836 5548 λογικὸν
873 5480 1161 5533 ἀπετέλεσε
1204 5476 1358 5540 ζῶον,
1389 5480 1630 5530 τουτέστι
1659 5477 1749 5529 τὸν

171 5575 482 5641 ἄνθρωπον.
524 5571 680 5626 Οῦτω
709 5571 996 5640 τοιγαροῦν
1037 5573 1128 5622 καὶ
1184 5573 1210 5621 ό
1239 5568 1331 5620 τοῦ
1375 5569 1513 5621 Θεοῦ
1555 5570 1743 5635 Λόγος,

172 5665 544 5733 ὲμῷυχωμένη
578 5664 758 5732 σαρκὶ,
792 5664 882 5713 καὶ
913 5662 1012 5713 οὐκ
1042 5659 1232 5728 ἀψύχῳ
1264 5657 1403 5711 κατά
1432 5675 1600 5722 τινας,
1631 5660 1746 5710 ἐαυ-

247 5819 292 5851 ⁸⁸
330 5821 481 5871 Η.-Ιιι·.
523 5835 559 5874 ι.
584 5818 670 5870 9.2.
750 5822 792 5848 “
825 5819 922 5872 lsa.
960 5834 1029 5876 ιι,
1064 5817 1116 5870 '5.
1194 5813 1238 5844 ⁸³
1271 5812 1432 5867 llcbr.
1465 5829 1522 5880 tt,
1552 5813 1635 5879 i-l,
1669 5813 1752 5879 15,

1829 5813 1872 5843 ⁸³
1905 5813 2047 5868 Psal.
2082 5831 2266 5878 tum,
2309 5818 2358 5868 6.

1859 4566 1951 4618 lilii
1987 4565 2194 4618 Excelsi
2227 4579 2416 4618 omnes
2436 4564 2504 4618 “.
2537 4583 2556 4615 ι
2610 4564 2743 4619 Nam
2785 4568 2926 4635 quod
2980 4567 3174 4622 attinet
3220 4570 3286 4624 ad
3333 4570 3424 4624 Dei

1857 4660 2228 4719 voluntatem,
2299 4661 2878 4726 mansuetudinemque
2943 4661 3263 4717 naturaliter
3323 4664 3426 4731 ipsi

1855 4750 2096 4812 insitam,
2131 4749 2197 4802 ad
2223 4765 2384 4802 unum
2422 4764 2612 4804 omnes
2648 4765 2894 4806 essemus
2923 4751 3039 4815 lilii,
3082 4768 3256 4824 neque
3278 4758 3428 4823 quis-

1859 4856 2017 4908 quam
2066 4841 2304 4893 omnium
2349 4841 2416 4894 ab
2471 4841 2616 4896 illius
2673 4841 3040 4899 familiaritate
3085 4856 3141 4899 et
3186 4847 3427 4901 amicitia

1859 4932 2066 4985 alienus
2103 4931 2239 4986 foret
2275 4949 2288 4985 :
2328 4948 2516 4987 verum
2559 4935 2702 5002 quod
2759 4946 2992 4990 mentem
3037 4937 3425 5006 cupiditatibus

1859 5033 1912 5076 et
1941 5023 2182 5091 corporis
2208 5024 2708 5090 perturbationibus
2739 5026 2881 5080 ultro
2907 5026 3309 5094 submittamus,
3341 5030 3417 5089 lit.

1858 5123 2148 5168 attestante
2186 5114 2405 5176 Dnvide,
2447 5124 2503 5166 ut
2537 5113 2700 5167 veluti
2744 5114 2988 5168 homines
3021 5117 3339 5184 moriamur,
3371 5129 3425 5172 et

1856 5205 1996 5258 sicut
2049 5221 2187 5259 unus
2239 5209 2304 5260 de
2349 5204 2686 5274 principibus
2730 5207 2986 5262 cadaruus
3011 5208 3078 5262 ".
3133 5209 3237 5263 Sed
3289 5224 3422 5277 quo-

1858 5294 2015 5347 modo
2048 5294 2197 5347 carni
2246 5306 2299 5347 et
2342 5293 2586 5362 sanguini
2622 5293 3182 5348 communicavimus?
3226 5295 3425 5347 Anium

1858 5387 2086 5438 humana
2136 5387 2399 5438 diversam
2450 5404 2474 5436 a
2523 5401 2684 5439 carne
2727 5388 2915 5440 sortita
2965 5399 3231 5452 naturam,
3269 5390 3420 5441 carui

1858 5478 2032 5533 unita.
2065 5493 2250 5540 unum,
2293 5487 2346 5530 et
2386 5478 2510 5537 illud
2542 5477 2759 5544 quidem
2794 5495 2887 5549 per
2908 5481 2985 5533 sui
3021 5479 3422 5549 adjunt-tionetu

1858 5569 2063 5621 ratione
2113 5571 2392 5636 praeditum
2448 5572 2647 5623 animal
2695 5572 2935 5625 absolvit.
2993 5573 3090 5625 huc
3136 5583 3217 5626 est
3257 5573 3422 5626 homi-

1855 5675 1997 5713 ttcm.
2046 5661 2124 5713 Ad
2169 5676 2290 5713 eum
2329 5663 2508 5729 itaque
2548 5665 2759 5716 tnodum
2818 5676 2866 5717 ct
2901 5665 2988 5717 Dei
3026 5664 3250 5719 Verbum
3286 5679 3420 5733 quo-

2438 5819 2481 5846 ³⁵
2510 5817 2638 5871 ibid.
2680 5819 2726 5868 7.
