4122 6482
701 433 834 486 1547

1675 430 1731 484 S.
1773 427 2045 484 CYRlLU
2086 425 2551 482 ALEXANDRINI
2593 426 2904 483 ARCHIEP.

3787 434 3933 486 1348

696 565 801 617 que
857 562 962 602 non
1007 545 1274 612 inanimo,
1326 554 1385 600 ut
1437 546 1649 615 quidam
1696 546 1898 612 opinati
1950 558 2110 608 sunt,
2157 545 2250 600 sed

2381 545 2446 597 λὸν
2476 547 2799 617 ἀπορρήτως
2837 545 3058 608 ἑνώσας,
3095 546 3353 616 μετέσχεν
3390 546 3618 616 αἵματος
3664 547 3760 600 καὶ
3791 564 3931 616 sap-

697 640 944 693 animata:
975 637 1149 699 carni,
1182 637 1341 692 modo
1375 652 1532 705 quem
1574 637 1804 689 lunnaua
1836 651 1988 690 meus
2029 653 2132 690 non
2165 652 2251 690 ca-

698 730 795 796 pit,
821 727 1060 794 seipsum
1094 727 1306 790 uniens,
1351 738 1639 792 ortumque
1665 739 1730 778 ex
1767 724 1992 779 muliere
2027 726 2248 788 ducens,

694 817 841 871 carui
883 826 938 871 et
978 817 1224 888 sanguini
1257 819 1474 888 perinde
1523 830 1585 868 ac
1620 831 1760 869 unus
1808 831 1873 870 ex
1917 817 2069 871 nobis
2106 832 2251 870 com-

696 908 1010 963 municavit.
1050 911 1224 978 Atque
1270 908 1342 960 ita
1395 920 1534 959 unus
1575 907 1838 960 duntaxat
1883 918 1967 961 est
1998 907 2252 960 Dominus

692 996 850 1053 Jesus
899 999 1166 1054 Christus.
1218 997 1349 1050 Nam
1399 997 1501 1050 etsi
1549 996 1642 1050 Dei
1689 995 1922 1052 Verbum
1966 999 2250 1052 humanam

695 1097 941 1142 naturam
969 1088 1068 1142 sibi
1100 1086 1376 1149 asciverit,
1413 1088 1582 1141 nihilo
1617 1097 1796 1143 tamen
1834 1091 2011 1144 secius
2041 1089 2092 1142 id
2113 1088 2253 1157 quod

695 1189 815 1234 erat
841 1177 1161 1247 permansit.
1191 1177 1342 1243 Quod
1366 1177 1413 1231 si
1446 1178 1636 1234 mortis
1668 1180 1951 1247 imperium
1978 1190 2035 1232 ut
2070 1179 2174 1231 vita
2203 1188 2257 1232 et

698 1269 837 1324 Deus
868 1269 1124 1332 abolevit,
1161 1267 1527 1322 necessarium
1556 1278 1660 1334 est,
1693 1278 1751 1323 ut
1783 1269 1835 1324 id
1855 1268 1994 1336 quod
2030 1277 2255 1320 mortem

697 1361 936 1432 pertulit,
980 1360 1150 1430 ipsius
1177 1361 1456 1430 proprium
1513 1361 1784 1414 exstiterit
1813 1377 1827 1413 :
1859 1373 1966 1428 quo
2003 1358 2254 1411 nimirum

699 1450 837 1504 idem
866 1451 980 1519 ipse
1008 1467 1074 1504 ex
1104 1453 1338 1504 mortuis
1375 1452 1444 1504 ad
1489 1451 1655 1504 vitam
1687 1450 1922 1512 rediens,
1954 1448 2258 1516 corruptio-

698 1554 818 1594 nem
860 1554 889 1593 e
919 1540 1098 1594 medio
1145 1540 1452 1601 sustulisse,
1501 1538 2021 1608 incorruptionisque
2061 1537 2262 1592 beneﬂ—

2354 638 2448 701 κὸς
2495 640 2886 710 παραπλησίως
2923 641 3075 708 ἡμῖν,
3115 639 3202 692 διὰ
3242 643 3542 709 γεννήσεως
3578 639 3635 692 δὲ
3683 639 3933 707 δηλονότι

2354 726 2451 793 τῆς
2483 729 2546 780 ὲκ
2594 729 2870 797 γυναικός.
2916 723 3010 790 Εἷς
3038 724 3132 780 οὖν
3160 728 3268 798 ἄρα
3298 730 3500 802 Κύριος
3539 727 3748 797 Ἰησοῦς
3788 729 3933 799 Χρι-

2356 812 2500 874 στὸς,
2531 814 2607 878 ὡς
2652 813 2949 876 ἑνώσαντος
2980 815 3076 882 μὲν
3105 814 3283 884 ἐαυτῷ
3335 816 3432 870 τοῦ
3477 815 3614 871 Θεοῦ
3661 815 3840 883 Λόγου
3873 818 3936 867 τὸ

2354 901 2710 972 ἀνθρώπινον.
2762 902 3126 974 μεμενηκότος
3153 902 3210 956 δὲ
3239 905 3333 956 καὶ
3375 907 3546 970 οὕτως
3573 908 3715 976 ὅπερ
3743 902 3833 974 ἦν.
3873 906 3936 958 Εἰ

2354 989 2408 1042 δὲ
2436 992 2599 1056 αὐτὸς
2627 995 2940 1064 κατήργηκε
2967 991 3062 1045 τοῦ
3093 993 3325 1046 θανάτου
3354 996 3416 1047 τὸ
3454 998 3676 1067 κράτος,
3709 998 3786 1061 ὡς
3817 996 3937 1065 ζωὴ

2358 1080 2452 1131 καὶ
2489 1079 2643 1146 Θεὸς,
2676 1083 2806 1136 [διον
2845 1079 3008 1135 αὐτοῦ
3051 1081 3288 1133 νοεῖσθαι
3317 1082 3515 1151 πρέπει
3557 1085 3620 1136 τὸ
3663 1082 3941 1144 πεπονθὸς

2356 1170 2446 1222 τὸν
2491 1170 2738 1226 θάνατον’
2769 1173 2856 1225 ῖνα
2895 1171 2970 1235 ὼς
3007 1169 3170 1234 αὐτὸς
3211 1170 3447 1234 ἀναστάς
3476 1175 3821 1244 καταργῆσαι
3853 1173 3942 1223 λὲο

2355 1276 2505 1328 γοιτο
2541 1263 2640 1334 τὴν
2681 1264 2907 1336 φθοράν,
2937 1262 3034 1317 καὶ
3070 1261 3151 1325 είς
3189 1262 3334 1314 ἀπαν
3373 1261 3531 1332 ἡμῶν
3569 1266 3943 1333 παραπέμψαι

2357 1351 2420 1404 τὸ
2437 1351 2595 1419 γένος
2614 1354 2712 1424 τῆς
2732 1353 3039 1424 ἀφθαρσίας
3066 1351 3164 1423 τὴν
3191 1352 3621 1425 χάριν.ι⁶Ὠσπερ
3644 1354 3756 1424 γὰρ
3785 1357 3843 1406 ὲν
3867 1353 3946 1421 τῷ

2371 1438 2544 1510 ’Δδὰμ
2566 1441 2764 1506 πάντες
2792 1440 3228 1510 ἀποθνήσκομεν,
3247 1440 3391 1494 οὕτω
3416 1440 3509 1494 καὶ
3530 1442 3589 1494 ὲν
3615 1441 3696 1511 τῷ
3715 1443 3947 1512 Χριστῷ

2362 1534 2563 1597 πάντες
2593 1533 3188 1608 ζωοποιη[Θη]σόμεθα.
3240 1535 3389 1590 »Καὶ
3429 1535 3625 1590 πάλινο
3662 1555 3682 1588 ι
3730 1537 3946 1605 Ὠσπερ

695 1630 836 1684 cium
897 1631 950 1684 in
1007 1641 1175 1686 totum
1224 1647 1393 1700 genus
1449 1640 1694 1686 nostrum
1737 1628 2102 1684 transmisisse
2157 1629 2260 1683 dici

2381 1621 2470 1694 {dp
2508 1623 2577 1677 δι’
2615 1626 2901 1698 ἀνθρώπου
2942 1626 3189 1691 θάνατος,
3227 1627 3369 1682 οὕτω
3412 1629 3505 1682 καὶ
3545 1629 3613 1682 δι’
3650 1629 3946 1700 ἀνθρώπου

697 1731 884 1789 queat.
924 1745 940 1773 ι
977 1721 1147 1775 Sicuti
1189 1723 1332 1776 enim
1373 1721 1426 1774 in
1457 1720 1626 1774 Adam
1655 1733 1844 1774 omnes
1880 1719 2160 1786 morimur,
2189 1722 2261 1774 ita

2381 1714 2663 1781 ἱνάστασις
2714 1717 2942 1789 νεκρῶν.
2983 1734 3000 1767 ι
3047 1717 3265 1786 Ἐπειδὴ
3292 1717 3349 1769 δέ
3379 1717 3493 1769 ἐστι
3523 1718 3632 1771 τῶν
3672 1719 3778 1789 τῆς
3816 1719 3947 1772 καθ’

695 1823 885 1864 omnes
936 1809 990 1862 in
1038 1809 1256 1864 Christo
1305 1807 1700 1863 viviﬁcahimur
1720 1807 1788 1862 “.
1821 1826 1841 1861 ι
1903 1807 1969 1862 Et
2018 1811 2260 1864 iterum:

2381 1806 2512 1877 ἡμᾶς
2538 1808 2833 1878 νοουμένης
2861 1806 3279 1877 ἀνθρωπότητος
3318 1806 3576 1861 ἐπέκεινα
3618 1809 3837 1879 μέτρων
3888 1810 3948 1862 τὸ

704 1916 722 1950 ι
752 1897 887 1952 Nam
940 1906 1000 1953 ut
1051 1913 1149 1969 per
1199 1899 1474 1953 hominem
1522 1913 1692 1963 mors,
1734 1898 1806 1952 ita
1856 1912 1952 1966 per
1995 1898 2263 1952 hominem

2381 1897 2613 1966 πατῆσαι
2646 1897 2893 1964 θάνατον,
2919 1897 3106 1951 ἐνώσει
3137 1897 3338 1968 φαμὲν,
3374 1899 3539 1969 ἢγουν
3567 1903 3847 1971 κοινωνία,
3881 1904 3946 1971 τῇ

701 2005 913 2044 rursum
968 2000 1052 2045 est
1115 1991 1438 2045 resurrectio
1503 1998 1838 2045 mortuorum
1876 1989 1945 2043 ".
1991 2007 2011 2042 ι
2072 1989 2266 2044 Verum

2381 1985 2513 2059 πρὸς
2553 1989 2734 2058 σάρκα
2759 2007 2820 2042 τε
2860 1989 2952 2042 καὶ
2990 1983 3130 2059 αἷμα
3159 1988 3251 2042 τὸν
3291 1989 3387 2043 τοῦ
3425 1988 3557 2043 Θεοῦ
3588 1991 3765 2059 Λόγον
3792 1993 3948 2060 γενέ-

697 2078 840 2146 quod
892 2089 1119 2134 mortem
1167 2088 1463 2148 proterere,
1508 2093 1596 2133 res
1644 2088 1728 2131 est
1766 2079 2018 2132 humanae
2063 2085 2268 2132 natura:

2381 2078 2496 2132 σθαι
2539 2078 2660 2133 καθ’
2699 2082 2848 2150 ἡμᾶς
2875 2079 3192 2150 ἀνθρωπον’
3239 2080 3724 2151 ἀπομεμενηκέναι
3762 2082 3822 2135 δὲ
3853 2085 3953 2135 καὶ

703 2169 1008 2223 facultatem
1053 2168 1346 2234 excedens,
1380 2167 1536 2240 135
1562 2176 1848 2238 propterea
1892 2167 1984 2221 Dei
2031 2165 2264 2223 Verbum

2371 2170 2514 2224 οὕτω
2541 2169 2774 2225 θανάτου
2803 2173 3106 2244 κρείττονα·
3141 2171 3272 2235 Θεὸς
3300 2173 3407 2245 γάρ
3433 2169 3500 2244 ἦν
3529 2175 3588 2225 ἐν
3617 2174 3804 2242 σαρκί.

701 2263 918 2328 unione,
957 2262 1059 2320 hoc
1087 2274 1193 2326 est,
1259 2278 1381 2318 cum
1448 2278 1613 2318 carne
1649 2271 1704 2318 et
1770 2262 2038 2332 sanguine
2100 2265 2611 2330 communicatione,
2663 2267 2824 2322 homo
2879 2267 3033 2322 nobis
3074 2265 3268 2321 similis
3313 2250 3562 2322 effectum
3611 2276 3736 2320 est:
3768 2265 3846 2320 ita
3899 2267 3951 2319 id

702 2371 904 2423 tamen,
949 2367 1010 2411 ut
1061 2369 1235 2413 morte
1278 2359 1525 2428 superior
1563 2358 1921 2423 remanserit;
1965 2367 2084 2412 erat
2114 2360 2259 2414 enim
2295 2362 2431 2415 Deus
2468 2359 2521 2414 in
2558 2373 2742 2414 carne.

779 2448 847 2503 Χ.
899 2442 1238 2519 (Nusquam
1287 2449 1430 2503 enim
1469 2449 1689 2519 angelos
1737 2447 2113 2518 apprehendit,
2173 2451 2268 2505 sed

702 2545 884 2594 semen
915 2539 1147 2593 Abraha
1174 2537 1547 2607 apprehendit.
1623 2535 1775 2591 Unde
1801 2537 1988 2592 debuit
2019 2552 2116 2607 per
2145 2552 2268 2592 om-

705 2632 792 2692 nia
820 2629 1050 2684 fatribus
1079 2628 1369 2683 assimilari
1394 2645 1409 2693 ;
1439 2638 1498 2682 ut
1523 2627 1836 2683 misericors
1867 2628 2020 2684 fleret
2053 2640 2107 2683 et
2133 2629 2268 2684 tide-

706 2723 771 2776 lis
801 2719 1039 2789 pontifex
1075 2719 1144 2774 ad
1171 2721 1362 2784 Deum,
1413 2729 1474 2774 ut
1505 2719 1884 2789 repropitiaret
1930 2719 2124 2775 delicta
2173 2735 2269 2788 po—

707 2812 838 2880 puli.
857 2809 915 2865 l-n
942 2825 1050 2880 quo
1071 2811 1216 2866 enim
1245 2824 1439 2879 passus
1461 2817 1546 2864 est
1570 2809 1685 2879 ipse
1707 2820 1760 2864 et
1784 2817 2041 2868 tentatus.
2079 2820 2272 2877 potens

704 2909 788 2954 est
816 2909 868 2954 et
894 2899 974 2954 eis
1008 2899 1098 2967 qui
1124 2907 1424 2964 tentantur,
1457 2898 1708 2952 auxiliari
1728 2897 1796 2951 ⁸⁸.
1840 2917 1859 2950 ι
1899 2898 1993 2953 Dei
2037 2897 2270 2952 Verbum

709 2992 939 3045 Abrahae
967 3003 1151 3046 εεωεο
1180 2989 1605 3059 apprchendisse
1654 2990 1971 3045 asserimus.
2035 2989 2166 3044 Nam
2189 3005 2275 3045 se-

716 3081 949 3137 cundum
977 3095 1194 3136 carnem
1228 3094 1295 3135 ex
1319 3078 1521 3134 Judaeis
1553 3088 1729 3134 ortum
1772 3089 1874 3143 est,
1914 3090 1969 3136 et
2019 3079 2276 3135 fratribus

2445 2451 2500 2503 Ρ.
2542 2469 2560 2502 ι
2587 2450 2662 2503 Οὐ
2692 2450 2801 2520 γάρ
2831 2450 3003 2520 δήπου
3031 2449 3278 2518 ἀγγέλων
3322 2449 3778 2520 ὲπιλαμδάνεται,
3807 2447 3949 2501 ἀλλᾶ

2379 2541 2692 2612 σπέρματος
2747 2541 3000 2612 Ἀϐραὰμ
3045 2541 3497 2612 ἐπιλαμϐάνεται.
3528 2542 3692 2596 Ὅθεν
3744 2540 3946 2607 ὤφειλε

2376 2633 2516 2686 κατά
2561 2635 2738 2688 πάντα
2764 2636 2876 2697 τοῖς
2910 2633 3154 2702 ἀδελφοῖς
3181 2634 3531 2704 ὁμοιωθῆναι·
3572 2636 3660 2687 ῖνα
3697 2634 3950 2704 ἱλεήμων

2375 2722 2598 2793 γένηται
2625 2726 2717 2776 καὶ
2750 2725 2938 2787 πιστὸς
2965 2725 3253 2796 ἀρχιερεὺς
3287 2725 3356 2776 τά
3394 2725 3530 2794 πρὸς
3561 2725 3652 2777 τὸν
3683 2725 3842 2787 Θεὸν,
3873 2726 3950 2786 εἱς

2372 2809 2433 2862 τὸ
2462 2809 2776 2864 ἱλάσκεσθαι
2818 2814 2938 2875 ταῖς
2968 2812 3262 2882 ἁμαρτίαις
3302 2811 3480 2882 ἡμῶν.
3517 2812 3606 2865 Ἐν
3631 2806 3675 2880 ᾧ
3705 2815 3817 2883 γάρ
3854 2814 3950 2866 πέ-

2375 2900 2572 2955 πονθεν
2606 2899 2768 2964 αὐτὸς
2807 2901 3154 2972 πειρασθεὶς,
3204 2901 3426 2955 δύναται
3461 2902 3574 2965 τοῖς
3616 2903 3952 2973 πειραζομέ-

2377 3007 2487 3053 νοις
2534 2989 2816 3062 βοηθῆσαι.
2843 3009 2864 3044 ι
2914 2991 3233 3061 Σπέρματος
3281 2991 3532 3063 Ἀϐραὰμ
3579 2993 3950 3062 ἐπιλαμϐάνε-

2378 3079 2502 3133 σθαί
2532 3098 2708 3151 φαμεν
2734 3080 2825 3134 τὸν
2851 3080 2946 3134 τοῦ
2986 3081 3118 3133 Θεοῦ
3151 3081 3352 3149 Λόγον·
3382 3083 3550 3151 ἀνέφυ
3582 3084 3692 3154 γὰρ
3717 3082 3777 3147 ἑξ
3821 3085 3952 3136 ’1ου-

713 3188 808 3241 per
861 3172 1042 3228 omnia
1095 3171 1484 3233 assimilatum;
1536 3171 1638 3225 hoc
1683 3181 1802 3237 est,
1848 3170 2027 3225 servili
2073 3171 2276 3234 forma,

2381 3171 2545 3225 δαίων
2569 3173 2630 3225 τὸ
2655 3172 2792 3225 κατά
2821 3172 3018 3243 σάρκα,
3045 3173 3141 3225 καὶ
3165 3172 3422 3242 ὡμοιώθη
3453 3174 3594 3228 κατά
3627 3176 3806 3229 πάντα
3839 3177 3952 3236 τοῖς

707 3268 857 3335 juxta
888 3263 1127 3334 Apostoli
1157 3261 1458 3320 doctrinam
1482 3261 1550 3328 “,
1576 3271 1815 3333 sumpta,
1840 3261 2064 3317 aliorum
2097 3263 2275 3318 homi-

721 3372 847 3410 num
890 3370 1042 3411 more
1070 3355 1223 3411 nasci
1255 3355 1599 3422 dedignatum
1631 3369 1736 3409 non
1769 3362 1872 3408 est.
1916 3353 2028 3407 Hac
2047 3355 2191 3407 enim
2215 3351 2280 3407 de

720 3462 884 3504 causa
912 3453 967 3502 et
994 3446 1164 3502 Filius
1212 3445 1450 3500 hominis
1489 3445 1723 3509 exstitit,
1755 3453 1812 3498 et
1853 3458 2039 3499 eorum
2069 3444 2160 3514 qui
2210 3458 2275 3498 ex

711 3541 922 3595 semine
971 3537 1204 3595 Abraha
1250 3536 1588 3608 prodierant,
1619 3540 1722 3593 hoc
1771 3543 1875 3600 est,
1934 3550 2000 3590 ex
2031 3551 2197 3590 carne
2225 3543 2278 3590 et

713 3631 978 3701 sanguine
1000 3630 1445 3692 constitutorum,
1470 3628 1638 3683 frater
1654 3627 1903 3684 effectum
1935 3635 2039 3681 est.
2061 3625 2282 3694 Ecqua:-

717 3739 840 3779 nam
874 3725 1069 3778 horum
1116 3737 1281 3777 causa
1307 3721 1552 3776 exstitit?
1599 3720 1716 3776 Non
1750 3719 1853 3773 alia
1887 3717 2150 3788 profecto,
2185 3716 2282 3783 ait,

715 3829 877 3883 quam
922 3824 1012 3868 «ut
1049 3814 1361 3868 misericors
1400 3812 1681 3882 lldelisque
1703 3811 1945 3882 pontifex
1985 3811 2039 3864 in
2066 3810 2132 3863 iis
2160 3821 2284 3876 qua:

715 3913 842 3960 sunt
867 3903 934 3958 ad
954 3903 1138 3970 Deum,
1173 3903 1375 3958 fieret.»
1415 3901 1665 3958 Christus
1699 3914 1931 3969 namque
1960 3898 2272 3968 pontificem

718 4009 878 4064 supra
913 3997 1126 4047 modum
1163 3993 1453 4060 benignum
1495 4002 1552 4048 et
1586 3992 1997 4047 misericordem
2040 4003 2100 4044 se
2125 3987 2286 4043 nobis

717 4088 983 4143 exhibuit.
1019 4087 1230 4143 Etenim
1284 4101 1408 4142 cum
1447 4085 1582 4156 legis
1617 4085 1794 4139 littera
1821 4083 2058 4152 peccatis
2078 4081 2284 4138 obstri-

719 4187 833 4230 ctos
868 4175 1214 4240 condemnet,
1239 4175 1678 4245 gravisslmaque
1715 4186 1872 4241 pinna
1917 4173 2039 4226 illos
2065 4171 2155 4240 qui
2193 4170 2285 4224 Dei

724 4266 1040 4320 mandatum
1069 4265 1386 4331 violassent,
1413 4265 1726 4335 plectendos
1757 4263 2016 4317 decernat
2047 4279 2060 4313 :
2101 4279 2118 4311 ι
2162 4261 2290 4314 Irri-

727 4373 834 4411 tam
865 4359 1009 4412 enim
1037 4358 1160 4427 quis
1185 4357 1390 4412 faciens
1423 4357 1596 4427 legem
1629 4355 1857 4426 Moysis,
1888 4355 2007 4408 sine
2055 4352 2158 4406 ulla
2187 4351 2286 4405 mis

2382 3262 2649 3331 ἀδελφοῖς,
2677 3265 2818 3318 κατά
2843 3281 2905 3332 γε
2932 3265 2992 3316 τὸ
3017 3264 3348 3333 ἀνασχέσθαι
3370 3264 3555 3316 λαϐεῖν
3577 3265 3678 3334 τὴν
3709 3266 3804 3316 τοῦ
3837 3265 3955 3317 δού-

2381 3353 2475 3406 λου
2511 3355 2742 3425 μορφὴν,
2775 3357 2868 3408 καὶ
2906 3356 2961 3407 ἐν
2987 3353 3291 3425 ὁμοιώματι
3329 3353 3630 3423 ἀνθρώπων
3664 3355 3949 3422 γενέσθαι,

2384 3445 2528 3500 καθά
2565 3463 2731 3516 φησιν
2758 3447 2788 3500 ό
2829 3447 3097 3518 μακάριος
3136 3445 3361 3507 Παῦλος.
3408 3445 3797 3515 Κεχρημάτικε
3847 3447 3954 3516 γὰρ

2383 3537 2526 3591 οὔτω
2572 3538 2702 3602 Υἱὸς
2750 3517 3185 3609 ἀνθρώπου,’καὶ
3216 3537 3438 3604 γέγονεν
3463 3536 3689 3603 ἀδελφὸς
3737 3539 3850 3598 τοῖς
3893 3539 3955 3589 ιχ

2385 3629 2696 3699 σπέρματος
2729 3627 2997 3697 Ἀϐραὰμ,
3025 3627 3189 3696 ἧγουν
3212 3629 3324 3688 τοῖς
3348 3626 3403 3677 ὲν
3427 3625 3620 3696 αἵματι
3646 3626 3739 3679 καὶ
3767 3625 3952 3695 σαρκί.

2385 3720 2482 3783 Τίς
2509 3717 2603 3774 οὖν
2633 3719 2742 3791 ἀρα
2762 3719 2908 3772 ἐστὶν
2930 3719 2963 3788 ὴ
2988 3717 3139 3771 τοῦδε
3172 3718 3477 3789 πρόφασιςς
3506 3718 3652 3770 ι”ινα
3684 3718 3955 3786 ἐλεήμων,

2387 3811 2541 3882 φησὶ,
2590 3812 2835 3882 γένηται,
2880 3811 2975 3864 καὶ
3022 3809 3211 3873 πιστὸς
3254 3810 3545 3881 ἀρχιερεὺς
3582 3809 3650 3862 τά
3693 3810 3832 3879 πρὸς
3866 3811 3955 3862 τὸν

2388 3902 2540 3956 Θεόν.
2573 3921 2592 3956 ι
2615 3902 2892 3973 Ἐλεήμων
2922 3900 3022 3972 μὲν
3053 3900 3162 3970 γὰρ
3197 3900 3488 3970 ἀρχιερεὺς
3519 3901 3597 3960 εἰς
3630 3901 3780 3968 ἡμᾶς
3802 3900 3958 3964 γέγο-

2389 4010 2478 4046 νεν
2502 3993 2530 4045 ό
2557 3993 2812 4064 Χριστὸς,
2841 3994 2918 4056 ὠς
2951 3990 3046 4045 τοῦ
3076 3991 3302 4061 νομικοῦ
3332 3989 3658 4060 γράμματος
3690 3991 3955 4060 κατακρί-

2390 4101 2570 4146 νοντος
2585 4085 2710 4147 τοὺς
2730 4082 3134 4154 ἡμαρτηκότας,
3153 4082 3248 4134 καὶ
3262 4081 3362 4152 τὴν
3379 4079 3475 4132 τοῦ
3511 4079 3838 4144 κολάζεσθαι
3854 4081 3959 4134 δεῖν

2390 4175 2741 4246 ἐπιφέροντος
2778 4175 2960 4245 ψῆφον
2996 4177 3110 4236 τοῖς
3147 4172 3246 4243 τὴν
3284 4173 3432 4225 θείαν
3471 4173 3834 4242 ἀτιμάζουσιν
3876 4174 3957 4224 ὲν-

2391 4267 2574 4339 τολήν.
2621 4285 2639 4318 ι
2681 4266 2976 4336 Ἀθετήσας
3015 4265 3122 4335 γάρ
3155 4281 3239 4327 τις
3282 4264 3445 4333 νόμον
3488 4263 3763 4328 Μωσέως,
3797 4269 3960 4334 χωρὶς

2394 4357 2695 4431 οἱκτιρμῶν
2721 4359 2814 4412 ἐπὶ
2840 4356 2990 4411 δυσὶν
3019 4357 3054 4426 ἢ
3085 4355 3232 4426 τρισὶ
3260 4356 3527 4426 μάρτυσιν
3549 4355 3884 4424 ἀποθνήσκει
3902 4373 3916 4384 ’
3938 4375 3956 4406 ι

724 4452 1021 4514 seratione,
1053 4449 1266 4502 duobus
1296 4447 1379 4501 vel
1420 4445 1598 4500 tribus
1628 4445 1856 4499 testibus
1885 4443 2115 4497 moritur
2141 4443 2189 4472 ’°
2215 4459 2230 4496 :
2268 4459 2276 4492 ι

2395 4450 2596 4504 δικαιοῖ
2631 4466 2695 4516 γε
2741 4449 2848 4520 μὴν
2876 4449 2934 4501 ὲν
2963 4447 3145 4500 πίστει
3170 4446 3425 4518 Χριστὸς,
3455 4447 3548 4499 καὶ
3577 4445 3688 4498 τῶν
3721 4446 3961 4514 ἀρχαίων

723 4540 972 4594 Christus
1037 4553 1132 4607 per
1197 4538 1357 4592 fidem
1415 4536 1692 4605 iustificat,
1753 4548 1952 4603 eosque
2009 4535 2098 4602 qui
2156 4532 2276 4602 laps‘

2400 4519 2749 4612 αἱτιαμάτων
2773 4541 2955 4610 ἀνίησι
2985 4539 3112 4602 τοὺς
3143 4537 3532 4608 ἠσθενηκότας.
3559 4537 3761 4604 Γέγονε
3791 4539 3963 4589 τοίνυν

724 4640 869 4697 sunt,
898 4645 927 4682 a
963 4629 1238 4684 veteribus
1268 4629 1443 4698 culpis
1471 4627 1726 4682 absolvit.
1761 4625 1960 4680 Factus
1985 4632 2068 4678 est
2113 4624 2297 4691 itaque

731 4721 1042 4775 misericors
1067 4719 1334 4790 pontifex,
1363 4728 1549 4786 utpote
1585 4716 1811 4785 legalem
1844 4716 1990 4771 illam
2021 4715 2293 4770 severita-

728 4824 831 4865 tem
855 4812 1057 4866 diutius
1075 4811 1256 4866 valere
1277 4827 1384 4866 non
1410 4810 1614 4864 sinens.

797 4903 887 4957 XI.
932 4902 1132 4956 Fidelis
1182 4915 1314 4956 vero
1364 4899 1640 4970 pontifex;
1698 4897 1952 4967 quoniam
2009 4906 2300 4966 perpetuus

729 5011 790 5050 ac
825 5001 1103 5054 constans,
1140 4989 1602 5058 dignissimusque
1658 4987 1815 5057 cujus
1859 4988 2142 5057 promissis
2173 4986 2302 5039 fides

733 5085 1012 5138 habeatur.
1077 5081 1152 5134 De
1182 5078 1447 5148 legalibus
1499 5089 1680 5131 autem
1724 5077 2096 5132 sacerdotibus
2147 5077 2305 5142 longe

733 5175 913 5238 aliter,
937 5171 1196 5240 Apostolo
1251 5181 1414 5234 teste,
1474 5176 1560 5223 rcs
1594 5170 1780 5224 habet.
1823 5189 1840 5220 ι
1886 5169 1954 5222 Ει
1981 5169 2070 5222 alii
2105 5168 2302 5238 (inquit

735 5267 799 5334 is)
833 5265 1021 5334 plures
1062 5263 1186 5317 facti
1222 5271 1347 5316 sunt
1375 5261 1710 5326 sacerdotes,
1743 5262 1944 5315 idcirco
1982 5262 2123 5329 quod
2160 5275 2303 5313 mor-

735 5367 784 5411 te
823 5354 1242 5428 prohiberentur
1303 5367 1658 5422 permanere:
1713 5353 1798 5406 hic
1847 5363 2023 5406 autem
2065 5366 2130 5406 eo
2161 5353 2302 5420 quod

737 5453 951 5498 maneat
992 5444 1042 5498 in
1063 5453 1347 5506 aeternum,
1383 5443 1769 5511 sempiternum
1829 5442 1989 5495 habet
2043 5444 2300 5496 sacerdo-

735 5537 894 5591 tium.
919 5533 1073 5589 Unde
1099 5534 1311 5588 salvare
1335 5535 1387 5588 in
1415 5545 1726 5604 perpetuum
1759 5544 1934 5602 potest
1983 5533 2305 5587 accedentes

739 5640 834 5695 per
863 5627 1035 5695 ipsum
1062 5627 1126 5678 ad
1155 5625 1364 5688 Deum;
1423 5640 1639 5694 semper
1692 5627 1877 5679 vivens
1932 5627 1998 5680 ad
2045 5627 2305 5696 interpel-

809 5803 856 5834 ⁸⁸
882 5801 902 5857 Ι
927 5802 1054 5858 Cor.
1083 5817 1170 5866 xv,
1193 5800 1283 5854 εξ.
1363 5802 1406 5832 ⁸⁷
1444 5801 1573 5854 ibid.
1600 5802 1683 5854 “2|.

1769 5802 1810 5831 ⁸⁸
1849 5801 2010 5857 Hebr.
2044 5817 2104 5866 ιι,
2142 5801 2324 5856 lii—18.

2401 4633 2648 4703 ἐλεήμων
2686 4632 3002 4702 ἀρχιερεὺς,
3030 4628 3213 4683 οὐκέτι
3257 4628 3354 4691 τάς
3399 4627 3629 4698 νομικὰς
3661 4628 3964 4698 ἀποτομίας

2403 4727 2626 4797 κρατεῖν
2655 4723 2983 4793 ἐπιτρέπων.

2467 4904 2570 4956 1Δ’.
2609 4901 2806 4965 Πιστὸς
2846 4902 2936 4965 δὲ,
2983 4902 3067 4955 ὃτι
3108 4902 3352 4974 μόνιμος,
3414 4904 3509 4956 καὶ
3552 4902 3843 4972 διηνεκὴς,
3881 4908 3967 4956 καὶ

2401 4993 2694 5064 ἀξιόχρεως
2721 4993 2800 5055 εἱς
2828 4993 3011 5046 πίστιν
3035 4993 3143 5045 τῶν
3170 4991 3611 5064 ἐπηγγελμένων.
3629 4993 3720 5055 Ὠς
3747 4995 3855 5062 γάρ
3881 4995 3968 5046 αὺ-

2401 5085 2492 5148 τός
2526 5102 2630 5137 που
2667 5084 2830 5137 πάλιν
2865 5083 3030 5153 φησὶν
3069 5085 3098 5137 ὁ
3127 5083 3412 5147 θεσπέσιος
3452 5082 3663 5146 Παῦλος
3697 5085 3829 5153 περὶ
3862 5085 3965 5136 τῶν

2409 5175 2551 5229 κατά
2594 5176 2792 5246 νόμους
2838 5175 3064 5244 ἱερέων,
3115 5192 3133 5225 ι
3166 5174 3276 5228 Καὶ
3307 5175 3357 5226 οἱ
3396 5173 3494 5244 μὲν
3541 5172 3786 5235 πλείονες
3837 5175 3969 5225 εἰσὶν

2413 5267 2576 5336 ἱερεῖς
2613 5266 2912 5334 γεγονότες,
2948 5265 3037 5319 διὰ
3065 5266 3127 5320 τδ
3157 5265 3235 5336 τῷ
3277 5265 3493 5335 θανάτῳ
3525 5263 3834 5316 κωλύεσθαι
3869 5281 3970 5316 παι

2416 5357 2701 5429 ραμὲνειν·
2731 5359 2760 5410 ό
2789 5358 2845 5411 δὲ
2878 5357 2965 5410 διὰ
3010 5357 3071 5410 τὸ
3101 5358 3282 5426 μένειν
3309 5357 3471 5411 αὑτὸν
3512 5357 3589 5421 είς
3637 5356 3729 5408 τὸν
3773 5359 3970 5416 αἰῶνα,

2413 5449 2765 5520 ἀπαράϐατον
2803 5450 2915 5518 ἔχει
2964 5450 3066 5520 τὴν
3107 5449 3436 5520 ἱερωσύνην·
3483 5450 3605 5503 ὅθεν
3641 5451 3736 5502 καὶ
3786 5450 3973 5513 σώζειν

2415 5541 2494 5602 εἰς
2518 5539 2578 5591 τὸ
2607 5538 2863 5601 παντελὲς
2894 5538 3113 5591 δύναται
3140 5539 3264 5602 τοὺς
3293 5538 3762 5610 προσερχομένους
3791 5538 3862 5592 δι’
3890 5540 3972 5591 αἰ-

2414 5630 2507 5682 τοῦ
2551 5629 2629 5700 τῷ
2657 5629 2796 5698 Θεῷ,
2831 5629 3058 5683 πάντοτε
3098 5627 3207 5691 ζῶν
3234 5631 3315 5691 εἱς
3356 5630 3419 5682 τὸ
3458 5629 3804 5699 ἐντυγχάνειν
3845 5631 3973 5698 ὑπὲρ

2403 5803 2448 5834 θ’
2479 5801 2708 5873 Philipp.
2746 5821 2805 5866 ll,
2843 5807 2891 5858 7.
2971 5805 3016 5836 "
3052 5805 3213 5859 Hebr.
3248 5805 3412 5868 x,‘28.
