4116 6476
185 425 348 481 1549

1017 426 1106 479 AD
1147 423 1443 480 IiEGiNAS
1483 424 1570 478 DE
1608 422 1835 478 REC'I'A
1873 420 2028 477 FIDE
2065 419 2320 476 ORATIO
2360 419 2652 476 ALTERA.

3309 422 3446 478 1550

187 545 410 597 αὐτῶν.
439 565 457 595 ι
497 546 683 615 Ἀθρει
724 546 807 610 δὲ,
840 546 985 609 ὅπως
1037 547 1134 599 οὑκ
1171 549 1251 608 εἰς
1300 546 1621 616 κατάκρισιν
1671 545 1780 598 τῶν

1884 545 2102 599 landum
2141 561 2238 615 pro
2266 545 2344 598 eis
2377 545 2442 598 ⁹¹.
2475 561 2494 595 ι
2541 541 2781 597 Observa
2811 543 2920 606 hic,
2945 543 3217 611 quomodo
3242 560 3347 600 non
3368 545 3435 598 ad

187 635 608 704 ἡμαρτηκότων
654 636 874 704 γέγονεν
921 638 1227 707 ἀρχιερεὺς,
1257 640 1335 701 είς
1363 638 1424 692 τὸ
1465 637 1777 690 ἱλάσκεσθαι

183 724 254 776 δὲ
286 724 496 793 μᾶλλον
531 729 648 790 ταῖς
690 728 986 798 ἁμαρτίαις
1016 725 1213 782 αὐτῶν.
1253 729 1311 782 '0
1343 729 1397 782 δέ
1435 747 1500 797 γε
1531 728 1623 782 τοῦ
1655 746 1775 782 πει-

190 815 427 883 ρασμοῦ
457 816 550 868 καὶ
581 817 682 886 τῆς
711 817 904 882 θυσίας
939 819 1120 881 ὁποῖος
1157 818 1223 872 ἂν
1252 819 1339 888 εἴη
1368 819 1594 890 τρόπος;
1632 837 1652 872 ι
1693 820 1778 872 Ἐν

187 899 268 970 ᾧ,
321 906 487 974 φησὶ,
533 907 798 961 πέπονθεν
831 907 991 970 αὑτὸς
1035 909 1376 978 πειρασθεὶς,
1410 909 1628 964 δύναται
1667 910 1780 972 τοῖς

193 987 630 1066 πειραζομένοις
696 998 790 1050 καὶ
836 997 1165 1069 βοηθῆσαι.»
1215 1001 1615 1072 Διεκαρτέρησε
1671 1000 1778 1071 γὰρ

189 1085 628 1157 πειραζόμενος,
659 1089 754 1141 καὶ
787 1089 1044 1158 ὑπέμεινε
1075 1091 1326 1162 σταυρόν.
1359 1091 1505 1161 Πλὴν
1534 1089 1726 1145 ἑαυτὸν
1751 1091 1780 1143 ό

192 1175 341 1239 Υἱὸς
381 1176 454 1242 ὡς
485 1178 714 1248 ἄμωμον
748 1180 942 1247 ἱερεῖον
970 1180 1377 1252 προσκεκόμικε
1413 1181 1492 1251 τῷ
1524 1180 1642 1252 Θεῷ
1686 1181 1780 1235 καὶ

193 1268 410 1338 Πατρὶ,
456 1268 538 1321 ἵνα
563 1267 651 1321 διὰ
684 1267 784 1338 τῆς
813 1269 1009 1325 ἑαυτοῦ
1041 1272 1243 1343 σαρκὸς
1273 1273 1514 1345 βοηθήσῃ
1543 1275 1656 1337 τοῖς
1681 1272 1780 1326 κά-

195 1374 407 1426 μνουσι
444 1358 537 1410 καὶ
571 1359 1008 1431 πειραζομένοις.
1044 1382 1064 1416 ι
1092 1366 1209 1436 Μιᾷ
1237 1365 1345 1436 γὰρ
1371 1365 1653 1435 προσφορᾷ
1694 1380 1781 1416 τε-

189 1448 494 1503 τελείωκεν
536 1449 616 1512 είς
655 1451 714 1503 τὸ
746 1452 991 1524 διηνεκὲς
1018 1457 1145 1520 τοὺς
1177 1457 1594 1528 ἁγιαζομένους.
1619 1474 1637 1506 ι
1670 1457 1780 1508 Δύο

188 1538 295 1598 τὸς
326 1533 419 1592 οῦν
441 1540 550 1610 ἄρα
577 1540 796 1608 γέγονεν
822 1545 1111 1617 ἀρχιερεὺς
1139 1548 1277 1601 κατὰ
1306 1548 1367 1600 τὸ
1418 1547 1777 1618 ἀνθρώπινον,

191 1629 384 1682 καίτοι
424 1631 575 1702 παρὰ
635 1633 853 1687 πάντων
890 1635 991 1700 τὰς
1024 1636 1216 1702 θυσίας
1249 1638 1533 1709 δεχόμενος
1559 1637 1774 1700 θεῖκῶς·

186 1721 380 1784 Αὐτὸς
407 1721 466 1774 τὸ
502 1722 647 1792 θῦμα
674 1724 818 1776 κατὰ
840 1725 940 1796 τὴν
971 1727 1168 1800 σάρκα.
1196 1729 1366 1792 Αὐτὸς
1395 1730 1424 1782 ὁ
1458 1730 1574 1791 ταῖς
1601 1728 1781 1798 ἀμαρ-

189 1813 350 1875 τίαις
387 1813 546 1883 ἡμῶν
591 1813 941 1884 ἱλασκόμενος
972 1818 1114 1872 κατά
1142 1836 1206 1888 γε
1239 1821 1340 1891 τὴν
1395 1819 1647 1890 θεότητος
1683 1817 1777 1872 δύ-

191 1920 372 1973 ναμιν
398 1914 444 1956 P.
477 1899 571 1967 Εἷς
601 1899 694 1957 οὖν
733 1904 841 1974 ἄρα
875 1906 1080 1978 Κύριος
1117 1909 1322 1979 Ἰησοῦς
1347 1910 1601 1982 Χριστός.

1881 651 2065 692 eorum
2096 637 2184 705 qui
2211 636 2444 705 peccatis
2474 649 2533 689 se
2590 634 2994 689 obstrinxeraut
3046 635 3445 689 condemnatio-

1882 741 2004 781 nem
2032 727 2271 796 pontifex
2316 725 2490 780 factus
2521 726 2614 791 sit,
2646 728 2740 782 sed
2802 725 2980 795 potius
3016 726 3081 780 ad
3124 726 3441 780 delictorum

1881 819 2192 872 eormndem
2245 818 2616 886 purgationem
2670 832 2734 872 ac
2779 817 3230 887 propitiationem.
3286 815 3445 886 136

1882 908 1991 963 Sed
2024 907 2226 978 qualis,
2253 922 2462 976 quaeso,
2512 921 2632 962 cum
2665 909 3001 971 tentationis,
3039 915 3151 961 tum
3182 908 3440 963 sacrificii

1877 1013 2094 1068 quoque
2130 999 2273 1054 illius
2316 1001 2504 1055 modus
2555 1000 2811 1054 exstitit?
2867 1000 2958 1052 Ait
2993 1015 3259 1068 namque:
3312 1019 3332 1053 ι
3385 998 3442 1052 Id

1879 1104 1987 1159 quo
2010 1105 2202 1158 passus
2218 1101 2297 1144 est
2319 1092 2430 1159 ipse
2454 1102 2504 1144 et
2537 1101 2794 1154 tentatus,
2829 1100 3018 1160 potens
3041 1100 3126 1147 est
3155 1102 3210 1148 et
3227 1093 3310 1148 eis
3347 1093 3442 1162 qui

1881 1192 2177 1244 tentantur,
2204 1181 2464 1234 ~auxi|iari
2496 1182 2564 1234 θ’.
2607 1200 2626 1233 ι
2682 1182 2827 1237 Sane
2884 1191 3123 1238 tentatus
3173 1181 3434 1252 perstitit,

1879 1278 1935 1325 et
1965 1270 2144 1326 crucis
2177 1270 2499 1339 supplicium
2546 1271 2816 1339 patienter
2859 1271 3138 1326 sustinuit.
3173 1271 3442 1328 (laterum

1880 1358 2049 1414 Filius
2082 1359 2190 1413 Deo
2221 1369 2277 1413 et
2310 1359 2455 1414 Patri
2499 1360 2833 1430 impollutum
2882 1361 3212 1416 sacrificium
3247 1370 3445 1419 semet-

1880 1449 2056 1518 ipsum
2108 1451 2338 1516 obtulit;
2387 1465 2576 1520 nempe
2621 1465 2729 1520 quo
2777 1467 2875 1522 per
2904 1453 3174 1522 propriam
3223 1467 3444 1510 carnem

1880 1555 2036 1609 opem
2075 1541 2181 1596 illis
2214 1541 2357 1594 ferre
2387 1550 2592 1608 posset,
2622 1543 2712 1611 qui
2743 1557 2864 1597 cum
2895 1541 3155 1598 molestiis
3181 1554 3234 1598 et
3263 1551 3442 1600 tenta-

1882 1630 2120 1686 tionibus
2144 1631 2542 1687 conﬂictantur.
2582 1649 2601 1682 ι
2654 1631 2772 1687 Una
2815 1633 2956 1687 enim
2994 1633 3265 1691 oblatione
3309 1650 3444 1691 con-

1881 1723 2173 1777 summavit
2224 1723 2277 1776 in
2310 1722 2699 1790 sempiternum
2743 1723 3112 1781 sanctiﬁcatos
3129 1727 3195 1780 ”.
3236 1745 3256 1780 ι
3319 1726 3440 1798 Ipse

1880 1813 2107 1883 proinde
2157 1814 2454 1868 secundum
2521 1813 2813 1868 humanam
2864 1826 3108 1871 naturam
3162 1817 3334 1873 factus
3361 1827 3448 1875 est

1881 1905 2141 1977 pontifex,
2177 1920 2509 1975 quanquam,
2565 1917 2623 1963 ut
2665 1910 2804 1964 Deus
2835 1919 2945 1972 est,
2976 1910 3041 1963 ab
3077 1909 3328 1966 omnibus
3367 1911 3446 1966 illi

193 1998 707 2067 saerilicetur.‘lpse
771 2010 874 2067 est,
927 2004 1017 2071 qui
1077 2007 1373 2060 secundum
1405 2021 1624 2061 carnem
1677 2004 1852 2060 factus
1887 2011 1972 2057 est
1999 1992 2241 2057 victima.
2275 2001 2392 2072 Ipse
2434 2003 2572 2058 idem
2625 2018 2841 2058 rursum
2865 2013 2973 2070 est,
3000 2005 3092 2074 qui
3151 2007 3446 2061 secundum

191 2092 505 2146 divinitatis
536 2091 946 2160 auctoritatem,
977 2100 1219 2166 peccatis
1252 2101 1452 2154 nostris
1494 2100 1758 2170 propitius
1795 2114 1856 2155 ac
1881 2098 2121 2154 clemens
2149 2106 2253 2153 est.
2284 2097 2434 2153 Unus
2466 2108 2550 2152 est
2606 2112 2734 2168 ergo
2794 2097 3054 2169 Dominus
3109 2098 3265 2155 Iesus
3287 2101 3450 2156 Chri-

193 2196 344 2238 stus.

275 2277 378 2333 IB'.
428 2297 447 2332 ι
489 2280 680 2352 Ὑμεῖς
736 2285 1093 2354 προσκυνεῖτε
1141 2283 1200 2336 ὃν
1229 2283 1329 2336 οὑκ
1371 2283 1585 2336 οῖδα-ιε’
1614 2284 1778 2353 ἡμεῖς

195 2370 620 2442 προσκυνοῦμεν
661 2373 722 2428 ὅν
759 2375 1024 2446 οῐδαμενο
1076 2375 1158 2427 ὃτι
1206 2375 1240 2443 ἡ
1280 2374 1523 2444 σωτηρία
1570 2375 1634 2427 ὲκ
1671 2374 1777 2426 τῶν

213 2461 489 2516 Ἰουδαίων
518 2464 689 2518 ἐστι.»
719 2465 858 2536 Φαίη
882 2482 966 2528 τις
993 2464 1059 2518 ἂν
1089 2465 1241 2529 ἴσως,
1268 2464 1610 2535 ἀνάρμοστον
1638 2458 1779 2517 εἶναι

196 2554 271 2622 τῇ
309 2551 428 2631 θεία
458 2555 551 2608 καὶ
581 2555 844 2609 ἀνωτάτω
869 2555 964 2608 τοῦ
1004 2555 1180 2623 Λόγου
1225 2554 1385 2624 φύσει
1426 2554 1487 2607 τὸ
1531 2571 1776 2628 προσκυο

198 2645 339 2696 νεῖν.
367 2639 501 2698 Είτα
541 2645 679 2709 πῶς,
709 2647 868 2716 εῑπερ
893 2647 1012 2699 ἐστὶ
1039 2646 1170 2709 Θεὸς
1211 2645 1426 2717 άληθῶς
1461 2647 1491 2698 ὁ
1522 2645 1779 2715 Χριστὸς,

197 2733 399 2789 ιαυτὸν
426 2737 538 2797 τοῖς
587 2735 865 2804 ὀφείλουσι
911 2740 1240 2806 προσκυνεῖν
1278 2738 1472 2807 ὁρᾶται
1520 2754 1778 2789 συντετα-

198 2821 355 2892 χὼς;
391 2822 456 2875 Τί
503 2821 596 2877 οὖν
628 2824 736 2894 ἄρα
765 2825 901 2896 πρὸς
931 2825 1089 2877 τοῦτό
1115 2843 1294 2893 φαμεν
1319 2844 1334 2890 ;
1364 2827 1427 2878 EI
1468 2826 1567 2894 μὲν
1596 2828 1776 2896 γυμνῇ

198 2917 273 2984 τῇ
315 2914 529 2983 θεότητι
580 2915 673 2967 τὸν
719 2916 784 2967 ὲκ
838 2913 973 2967 Θεοῦ
1023 2914 1236 2985 Πατρὺς
1284 2915 1562 2984 πεφηνότα
1606 2915 1777 2981 Λόγον

199 3003 435 3074 ἀφῖχθαι
468 3004 796 3075 πιστεύομεν
843 3005 923 3067 είς
967 3004 1118 3056 τόνδε
1145 3003 1237 3056 τὸν
1275 3004 1499 3074 κόσμον,
1529 3005 1777 3076 ἀνάρμοο

203 3112 332 3147 στον
368 3095 560 3166 κομιδῇ
585 3095 660 3148 ’τὸ
690 3095 876 3166 χρῆμα
913 3093 1088 3164 αὐτῷ’
1119 3097 1503 3166 προσκυνεῖται
1539 3095 1596 3147 δὲ
1638 3094 1776 3166 μᾶλ-

1957 2282 2053 2337 ΧΙΙ
2086 2301 2104 2335 ι
2147 2284 2254 2339 Vos
2289 2283 2528 2338 adoratis
2554 2297 2712 2353 quem
2749 2283 3004 2353 nescitis;
3029 2301 3130 2340 nos
3159 2287 3448 2343 adoramus

1882 2389 2042 2445 quem
2075 2377 2304 2440 scimus;
2339 2377 2463 2443 quia
2505 2376 2654 2430 salus
2683 2391 2748 2429 ex
2775 2375 2973 2431 Iudaeis
2999 2389 3081 2432 est
3109 2379 3177 2432 “.
3210 2398 3229 2431 ι
3281 2380 3444 2450 Obje-

1883 2465 2019 2519 cerit
2056 2465 2303 2519 fortassis
2352 2466 2440 2519 hic
2494 2465 2782 2534 quispiam,
2833 2466 3060 2521 alterum
3102 2470 3328 2525 adorare
3389 2473 3444 2526 in

1881 2571 2185 2624 supremam
2245 2557 2389 2610 illam
2418 2555 2763 2624 divinumque
2815 2557 2973 2611 Verbi
3007 2567 3251 2613 naturam
3282 2563 3445 2618 mini-

1883 2660 1970 2700 nie
2020 2648 2330 2701 convenire.
2365 2647 2422 2700 Si
2473 2661 2602 2714 ergo
2656 2646 2907 2704 Christus
2948 2664 3109 2705 verus
3154 2649 3294 2706 Deus
3341 2664 3445 2719 est,

1881 2737 2152 2808 quomodo
2200 2740 2340 2792 inter
2384 2753 2477 2792 eos
2524 2753 2643 2792 sese
2672 2749 3050 2804 connumerat,
3088 2741 3179 2809 qui
3216 2745 3445 2799 adorare

1883 2829 2112 2883 debent?
2142 2829 2307 2894 Quid,
2328 2844 2530 2897 quaeso,
2564 2831 2630 2882 ad
2663 2830 2804 2883 istud
2838 2832 3318 2898 respondebimus?
3382 2833 3443 2892 Si

1879 2918 2024 2971 enim
2063 2919 2155 2971 Dei
2179 2918 2356 2972 Patris
2387 2917 2623 2971 Verlnnn
2647 2934 2768 2972 cum
2805 2920 2944 2972 nuda
2986 2921 3208 2990 solaque
3239 2923 3438 2978 divini-

1877 3015 1991 3061 tate
2023 3007 2075 3060 in
2111 3007 2368 3061 mundum
2411 3007 2734 3076 apparuisse
2763 3007 3058 3074 credimus,
3105 3011 3252 3064 nullo
3282 3015 3442 3068 modo

1881 3100 2108 3156 alterum
2142 3099 2370 3154 adorare
2416 3099 2490 3153 illi
2533 3100 2843 3154 conveniet.
2877 3099 3058 3170 Ipsum
3090 3117 3320 3171 namque
3346 3108 3443 3158 ad-

201 3185 320 3247 λον,
347 3185 490 3255 ἥπερ
516 3186 675 3249 αὑτὸς
704 3187 874 3258 ἑτέρῳ
916 3189 1222 3258 προσκυνεῖ.
1251 3187 1313 3240 El
1336 3187 1393 3240 δὲ
1423 3187 1636 3258 μορφὴν
1659 3186 1780 3240 δού-

1881 3197 2069 3240 oratur
2119 3186 2322 3251 verius,
2389 3200 2550 3256 quam
2588 3187 2751 3241 alium
2809 3202 3183 3259 quemcunque
3232 3193 3442 3249 adorat.

202 3276 303 3327 λου
335 3275 534 3340 λαϐὼν,
568 3278 660 3330 καὶ
703 3276 805 3344 τῆς
832 3278 1243 3348 προσκυνούσης
1276 3277 1690 3348 ἀνθρωπότητος
1715 3278 1777 3332 τὸ

207 3369 410 3439 μέτρον
441 3369 539 3420 οὑκ
574 3368 868 3437 ἀτιμάσας,
897 3369 1299 3439 κεχρημάτικεν
1329 3371 1441 3432 υίὸς
1466 3369 1773 3439 ἀνθρώπου·

204 3461 241 3528 ἡ
277 3457 646 3528 προσκύνησις
683 3457 833 3510 ἔσται
865 3457 965 3527 τῆς
996 3459 1335 3529 οἰκονομίας,
1367 3461 1457 3512 καὶ
1495 3460 1780 3528 πρέπουσα

208 3550 413 3619 μᾶλλον
451 3551 564 3611 τοῖς
595 3550 694 3618 τῆς
731 3547 1013 3610 κενώσεως
1058 3548 1297 3620 μέτροις,
1323 3551 1421 3602 οὑκ
1458 3550 1592 3620 αύτῇ
1639 3550 1779 3603 κατὰ

207 3643 382 3712 μόνας
416 3643 484 3711 τῇ
526 3639 686 3708 φύσει
714 3639 806 3692 τοῦ
836 3640 1030 3708 Λόγου.
1074 3640 1224 3692 Ἐπεὶ
1261 3640 1379 3704 πῶς
1413 3642 1476 3693 ὲκ
1502 3637 1610 3692 τῶν
1643 3642 1776 3693 Ἰου-

201 3733 372 3786 δαίων
413 3732 563 3786 ἐστὶν
607 3733 644 3803 ἠ
678 3732 947 3803 σωτηρία;
978 3731 1051 3785 Οὑ
1096 3731 1205 3802 γάρ
1247 3748 1349 3784 που
1383 3731 1515 3801 φαίη
1554 3747 1637 3793 τις
1684 3728 1775 3792 ἂν,

207 3821 347 3876 καθό
376 3823 576 3876 νοεῖται
615 3823 709 3875 καὶ
752 3821 866 3874 ἐστι
895 3821 1085 3889 Λόγος,
1121 3820 1182 3884 ἐξ
1213 3818 1480 3872 Ἰουδαίων
1515 3819 1777 3889 ὑπάρχειν

206 3914 372 3968 αὐτόν
392 3931 406 3943 ·
442 3913 579 3967 ἀλλὰ
618 3913 859 3984 καθάπερ
890 3913 1006 3966 ἐστὶ
1040 3915 1149 3976 τοῖς
1181 3913 1239 3968 ὲν
1272 3912 1437 3982 σαρκὶ
1465 3912 1558 3965 καῖ⁹
1586 3911 1779 3981 αἵματι

205 4004 447 4072 γεγονὼς
486 4002 730 4070 ἀδελφὸς,
757 4001 846 4053 διά
880 4019 962 4053 τοι
993 4001 1052 4054 τὸ
1081 3999 1431 4054 ἐπιλαϐέσθαι
1472 3999 1778 4070 σπέρματος

221 4094 496 4164 Ἀδραάμ.
524 4088 619 4157 Εἷς
648 4090 745 4150 οὖν
773 4093 882 4163 ἄρα
913 4092 1167 4161 Χριστὸς,
1201 4091 1307 4144 κᾶν
1342 4093 1664 4161 προσκυνεῖν
1691 4089 1777 4142 Λέο

207 4203 372 4256 γηται
397 4186 485 4240 διά
515 4196 543 4236 ιι
572 4185 632 4240 τὸ
656 4182 1017 4254 ἀνθρώπινον,
1058 4181 1238 4234 καίτοι
1268 4182 1419 4252 παρὰ
1457 4180 1638 4250 πάσης
1678 4179 1779 4250 τῆς

207 4279 438 4341 κτίσεως
475 4275 944 4348 προσκυνούμενος
968 4272 1043 4336 ὡς
1068 4271 1218 4335 Θεός.

284 4458 380 4511 ll".
404 4476 423 4518 ι
447 4456 567 4509 Ἔτι
582 4455 775 4526 μικρὸν
792 4451 979 4525 χρόνον
999 4451 1117 4521 μεθ’
1139 4449 1289 4520 ὑμῶν
1308 4450 1442 4518 είμι,
1466 4447 1560 4501 καὶ
1581 4446 1776 4516 ὑπάγω

1879 3276 2029 3343 Quod
2097 3277 2140 3331 si
2211 3277 2398 3332 formae
2435 3292 2595 3347 quam
2652 3287 2988 3349 susceperat,
3051 3281 3437 3351 humilitatem,

1879 3369 2259 3434 adorantisque
2289 3378 2493 3421 natura:
2548 3368 2884 3423 conditiones
2940 3384 3046 3424 non
3095 3383 3428 3438 aversatum,

1880 3456 2114 3511 hominis
2136 3455 2275 3510 filius
2302 3455 2549 3510 ell'ectum
2599 3466 2702 3522 est,
2735 3456 2844 3526 jam
2871 3474 3002 3512 sane
3047 3461 3290 3515 adoratio
3337 3465 3445 3517 dis-

1878 3548 2211 3618 pensationis
2239 3548 2437 3613 ordini,
2470 3548 2960 3616 exinanitionisque
2986 3549 3284 3604 conditioni
3306 3566 3440 3606 cen-

1877 3651 2068 3710 gruet;
2109 3640 2262 3693 Verbi
2291 3651 2470 3694 autem
2501 3649 2706 3694 natura:
2728 3653 2972 3694 seorsum
3017 3656 3114 3709 per
3152 3655 3212 3696 se
3258 3644 3440 3697 consi-

1878 3730 2100 3795 deratze,
2143 3745 2504 3798 nequaquam.
2540 3730 2670 3784 Nam
2704 3733 2807 3786 nisi
2836 3733 2937 3786 hoc
2985 3741 3276 3794 statuatur,
3304 3748 3442 3802 quo-

1878 3821 2038 3872 modo
2064 3819 2209 3873 salus
2235 3834 2301 3873 ex
2331 3818 2529 3875 Iudaeis
2569 3835 2691 3875 esse
2721 3821 2941 3888 intelligi
2999 3823 3211 3889 potest?
3241 3820 3428 3892 Neque

1877 3909 2018 3961 enim
2046 3909 2225 3962 dicere
2245 3909 2327 3963 fas
2358 3920 2460 3972 est,
2493 3910 2726 3964 Verbum
2759 3912 3056 3965 secundum
3084 3911 3224 3978 quod
3253 3928 3348 3980 per
3372 3928 3438 3968 se

1878 3992 2274 4057 consideratur,
2295 4009 2358 4048 ex
2388 3992 2586 4049 Judazis
2629 4008 2750 4049 esse
2780 4011 2798 4048 :
2853 4003 2938 4047 est
2988 4006 3167 4049 autem
3207 4011 3273 4050 ex
3310 3996 3438 4062 illis,

1878 4095 2144 4154 quatenus
2178 4100 2364 4140 eorum
2420 4086 2511 4155 qui
2547 4100 2711 4140 carne
2760 4094 2812 4140 et
2853 4086 3116 4156 sanguine
3161 4096 3434 4154 constant,

1881 4178 2051 4231 frater
2073 4176 2322 4231 cﬂ‘ectum
2351 4185 2454 4238 est,
2481 4176 2819 4246 Abrahmque
2852 4177 3043 4231 semini
3070 4179 3439 4248 coniunctum.

1879 4267 2032 4322 linus
2067 4267 2247 4336 itaque
2270 4277 2350 4321 est
2378 4266 2647 4330 Christus,
2678 4267 2768 4334 qui
2797 4267 3011 4335 quidem
3043 4276 3100 4320 ut
3148 4269 3306 4322 homo
3347 4270 3442 4322 ad-

1878 4367 2030 4421 orat;
2058 4367 2117 4410 ut
2135 4365 2312 4410 autem
2335 4356 2494 4420 Deus,
2520 4355 2588 4410 ah
2610 4354 2856 4409 universa
2882 4365 3130 4409 creatura
3161 4358 3437 4410 adorator.

1947 4445 2083 4500 Xlll.
2131 4464 2149 4497 ι
2189 4446 2381 4500 Adhuc
2402 4446 2672 4500 modicum
2715 4457 2924 4513 tempus
2965 4447 3244 4500 vobiscum
3297 4464 3438 4513 smn,

207 4549 346 4620 πρὸς
381 4549 472 4600 τὸν
502 4546 792 4617 πέμψαντά
837 4562 926 4615 με.
953 4563 971 4594 ι
1010 4542 1119 4596 Ποῦ
1150 4542 1258 4611 γὰρ
1286 4541 1386 4593 οὑκ
1433 4539 1582 4591 ἔστιν
1624 4538 1652 4590 ὁ
1682 4537 1774 4590 τοῦ

1879 4549 1933 4594 ει
1969 4539 2102 4592 vado
2130 4539 2194 4593 ad
2226 4552 2346 4592 cum
2381 4539 2471 4607 qui
2500 4537 2645 4592 misit
2675 4552 2760 4592 me
2781 4537 2848 4591 ".
2883 4557 2900 4588 ι
2933 4537 2989 4591 Si
3023 4538 3322 4592 divinitatis
3346 4554 3442 4591 na-

207 4637 346 4692 Θεοῦ
376 4637 579 4704 Λόγος,
624 4637 672 4688 εἰ
720 4635 920 4704 πληροῖ
963 4634 1030 4686 τὰ
1071 4633 1249 4686 πάντα
1287 4632 1352 4701 τῇ
1386 4629 1485 4698 τῆς
1527 4627 1777 4695 θεότητος

209 4729 404 4800 cpiast;
437 4727 556 4788 Πῶς
602 4725 695 4779 οῦν
738 4727 1015 4795 πέμπεται
1058 4724 1212 4794 παρά
1240 4721 1334 4776 τοῦ
1376 4720 1622 4791 Πατρός;
1659 4718 1777 4780 πῶς

208 4824 268 4876 δὲ
313 4821 406 4875 καλ⁵
454 4818 651 4886 ὑπάγει
702 4817 838 4887 πρὸς
871 4816 1066 4881 αὑτόν;
1106 4815 1314 4868 Οὐκοῦν
1350 4814 1626 4882 πέμπεται
1676 4810 1775 4879 μὲν

210 4912 566 4986 ἀνθρωπίνως
592 4908 734 4962 κατά
762 4923 825 4975 γε
853 4907 943 4960 τὸν
972 4907 1073 4974 τῆς
1095 4905 1397 4974 ἀποστολῆς
1434 4904 1632 4975 τρόπον
1681 4902 1775 4955 καὶ

209 5011 386 5076 λόγον,
419 5008 503 5060 ἶνα
538 5001 748 5074 κηρύξῃ
794 4997 891 5069 μὲν
925 4995 1286 5065 αἰχμαλώτοις
1317 4995 1528 5064 ἄφεσιν.
1557 4993 1774 5063 τυφλοῖς

210 5103 267 5156 δὲ
291 5099 600 5169 ἁνάὸλεψιν.
626 5095 855 5161 Ὑπάγει
881 5107 943 5159 γε
973 5089 1077 5159 μὴν
1103 5088 1238 5157 πρὸς
1262 5087 1353 5139 τὸν
1377 5087 1596 5156 Πατέρα
1619 5085 1771 5147 Θεὸν,

212 5193 311 5244 οὑκ
338 5192 417 5243 ἔτι
452 5189 594 5243 κατὰ
618 5187 706 5240 τὸν
734 5186 846 5237 ίσον
875 5181 1094 5253 τρόπον,
1131 5177 1244 5231 ὀιλλ⁹
1277 5171 1386 5229 οἷον
1414 5180 1470 5229 ὲν
1511 5176 1719 5245 σώματι
1747 5186 1767 5213 ι’

215 5285 574 5354 ἁναφοιτὴσας
608 5283 687 5345 είς
713 5277 960 5352 οὐρανὸν,
990 5274 1078 5328 ἵνα
1107 5269 1246 5339 ὑπὲρ
1274 5269 1428 5338 ἡμῶν
1455 5267 1646 5320 ἑαυτὸν
1674 5268 1771 5335 sp.

285 5437 326 5466 ιη
361 5432 522 5488 llebr.
566 5449 637 5497 Vl,
666 5432 860 5488 23-25.
938 5431 981 5461 "
1013 5429 1175 5482 Ilehr.
1215 5439 1271 5489 tt,
1307 5420 1393 5474 I8.
1470 5417 1515 5450 ”
1547 5416 1709 5471 Ilebr.
1740 5433 1793 5482 χ,

1879 5432 1909 5470 ι.
2002 5421 2046 5450 θ’
2071 5416 2226 5470 Joan.
2265 5429 2339 5479 tv,
2369 5414 2459 5470 22.
2534 5416 2579 5447 ’⁵
2612 5414 2768 5473 Joan.
2801 5431 2896 5481 VII,
2921 5416 3008 5470 53.

217 5503 434 5569 i;Luc.
480 5518 553 5568 tv,
591 5504 676 5557 l9.

1881 4640 1996 4687 tura
2030 4629 2211 4684 omnia
2245 4628 2453 4698 implet,
2493 4628 2606 4694 ubi,
2655 4643 2863 4698 quazso,
2901 4628 2992 4682 Dei
3049 4626 3283 4682 Verbum
3335 4643 3439 4682 neu

1879 4720 2138 4776 exsistit?
2165 4719 2280 4787 Qua
2332 4719 2494 4790 igitur
2546 4720 2755 4774 ratione
2783 4719 3020 4773 mittitur
3043 4735 3070 4771 a
3109 4719 3308 4773 Patre?
3332 4720 3442 4773 Aut

1878 4826 1984 4880 quo
2010 4826 2220 4865 rursum
2255 4811 2417 4864 modo
2440 4810 2506 4863 ad
2530 4823 2650 4863 eum
2672 4810 3002 4864 revertitur?
3047 4810 3278 4864 Mittitur
3329 4811 3435 4864 ita-

1880 4916 1984 4970 que
2014 4900 2307 4954 secundum
2337 4898 2628 4954 humanam
2655 4909 2926 4962 naturam,
2958 4900 3251 4967 prmdicare
3270 4900 3439 4967 capti-

1883 4993 1961 5046 vis
1990 4991 2385 5056 remissionem,
2413 4990 2568 5060 137
2601 4999 2656 5044 et
2700 4990 2859 5043 caecis
2910 4988 3302 5044 restitutionem
3354 4990 3438 5044 vi-

1880 5096 1972 5138 sus
2001 5083 2048 5114 “
2079 5101 2093 5136 :
2125 5082 2225 5136 hoc
2247 5082 2392 5135 enim
2449 5080 2725 5134 missionis
2783 5077 2926 5131 IIIIlIS
2989 5077 3124 5131 ratio
3151 5089 3205 5131 et
3250 5081 3440 5135 modus

1879 5173 2148 5244 exigebat.
2183 5170 2288 5226 Sed
2320 5181 2374 5224 et
2405 5171 2544 5225 idem
2584 5181 2797 5236 quoque
2827 5167 2974 5220 vadit
3028 5166 3093 5220 ad
3140 5169 3304 5223 Deum
3334 5170 3434 5223 Pa-

1881 5277 2051 5320 trem:
2084 5278 2270 5318 verum
2303 5275 2410 5316 non
2432 5259 2544 5330 pari
2574 5257 2795 5312 omnino
2841 5259 3019 5313 modo.
3074 5258 3236 5315 Vadit
3291 5262 3435 5315 cnim

3118 5415 3162 5447 "
3189 5414 3291 5470 lsa.
3325 5430 3436 5482 un,

1302 5641 1469 5696 Varia:
1502 5640 1756 5695 lectiones
1782 5639 1986 5694 codicis
2014 5637 2371 5707 Seguicriaui.

287 5804 312 5843 ν
342 5791 606 5856 ἐξουσίαν.
683 5800 708 5838 ιι
741 5789 899 5840 κατὰ.
983 5797 1003 5823 τ
1035 5788 1096 5838 ἐκ
1125 5783 1392 5854 σώματος.
