  <div class='ocr_page' id='page_1' title='image "/cluster/home/n/w/nwhite01/storage/ocr_20150623/76/uva.x030486937/685.png"; bbox 0 0 4116 6474; ppageno 0'>
   <div class='ocr_carea' id='block_1_1' title="bbox 675 433 808 490">
    <p class='ocr_par' dir='ltr' id='par_1_1' title="bbox 675 433 808 490">
     <span class='ocr_line' id='line_1_1' title="bbox 675 433 808 490; baseline -0.023 0"><span class='ocrx_word' id='word_1_1' title='bbox 675 436 698 490; x_wconf 70' lang='grc'>1</span> <span class='ocrx_word' id='word_1_2' title='bbox 712 433 808 489; x_wconf 74' lang='grc'><strong>551</strong></span> 
     </span>
    </p>
   </div>
   <div class='ocr_carea' id='block_1_2' title="bbox 1646 410 3962 480">
    <p class='ocr_par' dir='ltr' id='par_1_2' title="bbox 1646 410 3962 480">
     <span class='ocr_line' id='line_1_2' title="bbox 1646 410 3962 480; baseline -0.011 -7"><span class='ocrx_word' id='word_1_3' title='bbox 1646 419 1704 474; x_wconf 91' lang='lat' dir='ltr'><strong>s.</strong></span> <span class='ocrx_word' id='word_1_4' title='bbox 1743 415 2016 475; x_wconf 77' lang='lat' dir='ltr'><strong>CYRILLI</strong></span> <span class='ocrx_word' id='word_1_5' title='bbox 2057 410 2530 469; x_wconf 72' lang='lat' dir='ltr'><strong>ALEXANDRINI</strong></span> <span class='ocrx_word' id='word_1_6' title='bbox 2570 410 2890 467; x_wconf 76' lang='lat' dir='ltr'><strong>ARCHIEP.</strong></span> <span class='ocrx_word' id='word_1_7' title='bbox 3563 461 3584 480; x_wconf 38' lang='grc' dir='ltr'><em>κ</em></span> <span class='ocrx_word' id='word_1_8' title='bbox 3814 410 3962 463; x_wconf 66' lang='grc' dir='ltr'>,εεε</span> 
     </span>
    </p>
   </div>
   <div class='ocr_carea' id='block_1_3' title="bbox 676 529 2273 622">
    <p class='ocr_par' dir='ltr' id='par_1_3' title="bbox 676 537 2249 620">
     <span class='ocr_line' id='line_1_3' title="bbox 676 537 2249 620; baseline -0.011 -15"><span class='ocrx_word' id='word_1_9' title='bbox 676 559 862 620; x_wconf 82' lang='lat' dir='ltr'><strong>utpote</strong></span> <span class='ocrx_word' id='word_1_10' title='bbox 891 549 942 603; x_wconf 90' lang='lat' dir='ltr'><strong>in</strong></span> <span class='ocrx_word' id='word_1_11' title='bbox 973 559 1203 617; x_wconf 92' lang='lat' dir='ltr'><strong>corpore</strong></span> <span class='ocrx_word' id='word_1_12' title='bbox 1229 543 1296 599; x_wconf 90' lang='lat' dir='ltr'><strong>ad</strong></span> <span class='ocrx_word' id='word_1_13' title='bbox 1357 541 1556 598; x_wconf 75' lang='lat' dir='ltr'><strong>ctelum</strong></span> <span class='ocrx_word' id='word_1_14' title='bbox 1611 541 1850 603; x_wconf 88' lang='lat' dir='ltr'><strong>rediens,</strong></span> <span class='ocrx_word' id='word_1_15' title='bbox 1883 547 1942 591; x_wconf 91' lang='lat' dir='ltr'><strong>ut</strong></span> <span class='ocrx_word' id='word_1_16' title='bbox 1993 537 2249 591; x_wconf 82' lang='lat' dir='ltr'><strong>nimirum</strong></span> 
     </span>
    </p>
   </div>
   <div class='ocr_carea' id='block_1_4' title="bbox 2374 529 3963 622">
    <p class='ocr_par' dir='ltr' id='par_1_4' title="bbox 2374 529 3963 603">
     <span class='ocr_line' id='line_1_4' title="bbox 2374 529 3963 603; baseline -0.003 -19"><span class='ocrx_word' id='word_1_17' title='bbox 2374 533 2555 602; x_wconf 70' lang='grc' dir='ltr'>ρανίσῃ</span> <span class='ocrx_word' id='word_1_18' title='bbox 2596 531 2676 603; x_wconf 83' lang='grc' dir='ltr'>τῷ</span> <span class='ocrx_word' id='word_1_19' title='bbox 2712 532 2987 603; x_wconf 76' lang='grc' dir='ltr'>προσώπῳ</span> <span class='ocrx_word' id='word_1_20' title='bbox 3023 530 3118 585; x_wconf 80' lang='grc' dir='ltr'><strong>τοῦ</strong></span> <span class='ocrx_word' id='word_1_21' title='bbox 3148 531 3381 603; x_wconf 79' lang='grc' dir='ltr'>Πατρὺς,</span> <span class='ocrx_word' id='word_1_22' title='bbox 3414 529 3561 584; x_wconf 86' lang='grc' dir='ltr'>καθά</span> <span class='ocrx_word' id='word_1_23' title='bbox 3600 529 3963 597; x_wconf 77' lang='grc' dir='ltr'>γέγραπται.</span> 
     </span>
    </p>
   </div>
   <div class='ocr_carea' id='block_1_5' title="bbox 677 630 2252 712">
    <p class='ocr_par' dir='ltr' id='par_1_5' title="bbox 677 630 2252 712">
     <span class='ocr_line' id='line_1_5' title="bbox 677 630 2252 712; baseline -0.011 -15"><span class='ocrx_word' id='word_1_24' title='bbox 677 653 905 712; x_wconf 86' lang='lat' dir='ltr'><strong>paterno</strong></span> <span class='ocrx_word' id='word_1_25' title='bbox 925 639 1093 694; x_wconf 84' lang='lat' dir='ltr'><strong>vultui</strong></span> <span class='ocrx_word' id='word_1_26' title='bbox 1123 653 1221 708; x_wconf 87' lang='lat' dir='ltr'><strong>pro</strong></span> <span class='ocrx_word' id='word_1_27' title='bbox 1245 636 1421 698; x_wconf 85' lang='lat' dir='ltr'><strong>nobis.</strong></span> <span class='ocrx_word' id='word_1_28' title='bbox 1467 635 1609 690; x_wconf 88' lang='lat' dir='ltr'><strong>sicut</strong></span> <span class='ocrx_word' id='word_1_29' title='bbox 1658 633 1922 700; x_wconf 90' lang='lat' dir='ltr'><strong>scriptum</strong></span> <span class='ocrx_word' id='word_1_30' title='bbox 1951 640 2036 684; x_wconf 84' lang='lat' dir='ltr'><strong>est</strong></span> <span class='ocrx_word' id='word_1_31' title='bbox 2054 630 2122 693; x_wconf 76' lang='grc'><strong>’⁷,</strong></span> <span class='ocrx_word' id='word_1_32' title='bbox 2155 643 2252 694; x_wconf 86' lang='lat' dir='ltr'><strong>ap-</strong></span> 
     </span>
    </p>
   </div>
   <div class='ocr_carea' id='block_1_6' title="bbox 689 720 2251 802">
    <p class='ocr_par' dir='ltr' id='par_1_6' title="bbox 689 720 2251 802">
     <span class='ocr_line' id='line_1_6' title="bbox 689 720 2251 802; baseline -0.008 -14"><span class='ocrx_word' id='word_1_33' title='bbox 689 740 897 802; x_wconf 84' lang='lat' dir='ltr'><strong>pareat.</strong></span> <span class='ocrx_word' id='word_1_34' title='bbox 934 731 1087 798; x_wconf 84' lang='lat' dir='ltr'><strong>Quod</strong></span> <span class='ocrx_word' id='word_1_35' title='bbox 1109 729 1308 800; x_wconf 82' lang='lat' dir='ltr'><strong>siquis</strong></span> <span class='ocrx_word' id='word_1_36' title='bbox 1343 726 1610 781; x_wconf 70' lang='lat' dir='ltr'><strong>missionis</strong></span> <span class='ocrx_word' id='word_1_37' title='bbox 1642 722 1965 778; x_wconf 81' lang='lat' dir='ltr'><strong>vocabulum</strong></span> <span class='ocrx_word' id='word_1_38' title='bbox 2028 721 2092 774; x_wconf 92' lang='lat' dir='ltr'><strong>de</strong></span> <span class='ocrx_word' id='word_1_39' title='bbox 2135 720 2251 786; x_wconf 89' lang='lat' dir='ltr'><strong>ipso</strong></span> 
     </span>
    </p>
   </div>
   <div class='ocr_carea' id='block_1_7' title="bbox 679 811 2246 898">
    <p class='ocr_par' dir='ltr' id='par_1_7' title="bbox 679 811 2246 898">
     <span class='ocr_line' id='line_1_7' title="bbox 679 811 2246 898; baseline -0.01 -17"><span class='ocrx_word' id='word_1_40' title='bbox 679 840 894 898; x_wconf 82' lang='lat' dir='ltr'><strong>quoque</strong></span> <span class='ocrx_word' id='word_1_41' title='bbox 927 822 1099 878; x_wconf 87' lang='lat' dir='ltr'><strong>Verbo</strong></span> <span class='ocrx_word' id='word_1_42' title='bbox 1132 824 1336 878; x_wconf 87' lang='lat' dir='ltr'><strong>dictum</strong></span> <span class='ocrx_word' id='word_1_43' title='bbox 1365 820 1615 888; x_wconf 88' lang='lat' dir='ltr'><strong>accipiat,</strong></span> <span class='ocrx_word' id='word_1_44' title='bbox 1651 817 1925 871; x_wconf 90' lang='lat' dir='ltr'><strong>neminem</strong></span> <span class='ocrx_word' id='word_1_45' title='bbox 1963 812 2016 867; x_wconf 92' lang='lat' dir='ltr'><strong>id</strong></span> <span class='ocrx_word' id='word_1_46' title='bbox 2048 811 2246 867; x_wconf 86' lang='lat' dir='ltr'><strong>turbet:</strong></span> 
     </span>
    </p>
   </div>
   <div class='ocr_carea' id='block_1_8' title="bbox 681 907 2253 986">
    <p class='ocr_par' dir='ltr' id='par_1_8' title="bbox 681 907 2253 986">
     <span class='ocr_line' id='line_1_8' title="bbox 681 907 2253 986; baseline -0.01 -14"><span class='ocrx_word' id='word_1_47' title='bbox 681 918 948 986; x_wconf 88' lang='lat' dir='ltr'><strong>siquidem</strong></span> <span class='ocrx_word' id='word_1_48' title='bbox 1004 913 1298 981; x_wconf 52' lang='lat' dir='ltr'><strong>Scriptura“:</strong></span> <span class='ocrx_word' id='word_1_49' title='bbox 1344 911 1600 965; x_wconf 89' lang='lat' dir='ltr'><strong>divinitus</strong></span> <span class='ocrx_word' id='word_1_50' title='bbox 1666 907 1943 977; x_wconf 70' lang='lat' dir='ltr'><strong>inspirata:</strong></span> <span class='ocrx_word' id='word_1_51' title='bbox 2001 918 2116 958; x_wconf 90' lang='lat' dir='ltr'><strong>mos</strong></span> <span class='ocrx_word' id='word_1_52' title='bbox 2171 914 2253 958; x_wconf 88' lang='lat' dir='ltr'><strong>est</strong></span> 
     </span>
    </p>
   </div>
   <div class='ocr_carea' id='block_1_9' title="bbox 685 997 2252 1068">
    <p class='ocr_par' dir='ltr' id='par_1_9' title="bbox 685 997 2252 1068">
     <span class='ocr_line' id='line_1_9' title="bbox 685 997 2252 1068; baseline -0.006 -6"><span class='ocrx_word' id='word_1_53' title='bbox 685 1005 994 1063; x_wconf 79' lang='lat' dir='ltr'><strong>istiusmodi</strong></span> <span class='ocrx_word' id='word_1_54' title='bbox 1031 1003 1393 1058; x_wconf 84' lang='lat' dir='ltr'><strong>locutionibus</strong></span> <span class='ocrx_word' id='word_1_55' title='bbox 1425 1011 1811 1068; x_wconf 87' lang='lat' dir='ltr'><strong>nonnunquam</strong></span> <span class='ocrx_word' id='word_1_56' title='bbox 1846 998 2082 1062; x_wconf 86' lang='lat' dir='ltr'><strong>uti;non</strong></span> <span class='ocrx_word' id='word_1_57' title='bbox 2109 997 2252 1066; x_wconf 88' lang='lat' dir='ltr'><strong>quod</strong></span> 
     </span>
    </p>
   </div>
   <div class='ocr_carea' id='block_1_10' title="bbox 683 1086 2254 1160">
    <p class='ocr_par' dir='ltr' id='par_1_10' title="bbox 683 1086 2254 1160">
     <span class='ocr_line' id='line_1_10' title="bbox 683 1086 2254 1160; baseline -0.007 -9"><span class='ocrx_word' id='word_1_58' title='bbox 683 1098 920 1152; x_wconf 87' lang='lat' dir='ltr'><strong>divinam</strong></span> <span class='ocrx_word' id='word_1_59' title='bbox 957 1093 1105 1149; x_wconf 87' lang='lat' dir='ltr'><strong>illam</strong></span> <span class='ocrx_word' id='word_1_60' title='bbox 1153 1090 1540 1160; x_wconf 79' lang='lat' dir='ltr'><strong>ccelestemque</strong></span> <span class='ocrx_word' id='word_1_61' title='bbox 1592 1099 1843 1144; x_wconf 87' lang='lat' dir='ltr'><strong>naturam</strong></span> <span class='ocrx_word' id='word_1_62' title='bbox 1871 1088 1990 1142; x_wconf 90' lang='lat' dir='ltr'><strong>loco</strong></span> <span class='ocrx_word' id='word_1_63' title='bbox 2020 1086 2254 1142; x_wconf 84' lang='lat' dir='ltr'><strong>circum-</strong></span> 
     </span>
    </p>
   </div>
   <div class='ocr_carea' id='block_1_11' title="bbox 682 1178 2247 1252">
    <p class='ocr_par' dir='ltr' id='par_1_11' title="bbox 682 1178 2247 1252">
     <span class='ocr_line' id='line_1_11' title="bbox 682 1178 2247 1252; baseline -0.006 -11"><span class='ocrx_word' id='word_1_64' title='bbox 682 1187 930 1245; x_wconf 80' lang='lat' dir='ltr'><strong>scribere</strong></span> <span class='ocrx_word' id='word_1_65' title='bbox 959 1195 1054 1246; x_wconf 87' lang='lat' dir='ltr'><strong>aut</strong></span> <span class='ocrx_word' id='word_1_66' title='bbox 1084 1183 1316 1241; x_wconf 85' lang='lat' dir='ltr'><strong>delinire</strong></span> <span class='ocrx_word' id='word_1_67' title='bbox 1337 1182 1467 1239; x_wconf 81' lang='lat' dir='ltr'><strong>velit</strong></span> <span class='ocrx_word' id='word_1_68' title='bbox 1499 1181 1672 1252; x_wconf 86' lang='lat' dir='ltr'><strong>(novit</strong></span> <span class='ocrx_word' id='word_1_69' title='bbox 1702 1181 1846 1235; x_wconf 91' lang='lat' dir='ltr'><strong>enim</strong></span> <span class='ocrx_word' id='word_1_70' title='bbox 1879 1178 2022 1233; x_wconf 84' lang='lat' dir='ltr'><strong>illam</strong></span> <span class='ocrx_word' id='word_1_71' title='bbox 2055 1193 2247 1246; x_wconf 88' lang='lat' dir='ltr'><strong>corpo-</strong></span> 
     </span>
    </p>
   </div>
   <div class='ocr_carea' id='block_1_12' title="bbox 687 1270 2248 1343">
    <p class='ocr_par' dir='ltr' id='par_1_12' title="bbox 687 1270 2248 1343">
     <span class='ocr_line' id='line_1_12' title="bbox 687 1270 2248 1343; baseline -0.006 -10"><span class='ocrx_word' id='word_1_72' title='bbox 687 1279 763 1333; x_wconf 92' lang='lat' dir='ltr'><strong>ris</strong></span> <span class='ocrx_word' id='word_1_73' title='bbox 786 1286 1084 1343; x_wconf 78' lang='lat' dir='ltr'><strong>expertem,</strong></span> <span class='ocrx_word' id='word_1_74' title='bbox 1121 1274 1377 1343; x_wconf 86' lang='lat' dir='ltr'><strong>omnique</strong></span> <span class='ocrx_word' id='word_1_75' title='bbox 1415 1273 1647 1330; x_wconf 77' lang='lat' dir='ltr'><strong>termino</strong></span> <span class='ocrx_word' id='word_1_76' title='bbox 1678 1280 1732 1326; x_wconf 90' lang='lat' dir='ltr'><strong>et</strong></span> <span class='ocrx_word' id='word_1_77' title='bbox 1765 1270 1885 1325; x_wconf 91' lang='lat' dir='ltr'><strong>loco</strong></span> <span class='ocrx_word' id='word_1_78' title='bbox 1913 1270 2248 1340; x_wconf 85' lang='lat' dir='ltr'><strong>superiorem</strong></span> 
     </span>
    </p>
   </div>
   <div class='ocr_carea' id='block_1_13' title="bbox 687 1361 2257 1436">
    <p class='ocr_par' dir='ltr' id='par_1_13' title="bbox 687 1361 2257 1436">
     <span class='ocr_line' id='line_1_13' title="bbox 687 1361 2257 1436; baseline -0.005 -14"><span class='ocrx_word' id='word_1_79' title='bbox 687 1367 854 1436; x_wconf 83' lang='lat' dir='ltr'><strong>esse).</strong></span> <span class='ocrx_word' id='word_1_80' title='bbox 883 1366 976 1422; x_wconf 84' lang='lat' dir='ltr'><strong>sed</strong></span> <span class='ocrx_word' id='word_1_81' title='bbox 1011 1365 1155 1434; x_wconf 91' lang='lat' dir='ltr'><strong>quod</strong></span> <span class='ocrx_word' id='word_1_82' title='bbox 1183 1363 1449 1432; x_wconf 85' lang='lat' dir='ltr'><strong>ejusmodi</strong></span> <span class='ocrx_word' id='word_1_83' title='bbox 1492 1361 1746 1417; x_wconf 84' lang='lat' dir='ltr'><strong>humanis</strong></span> <span class='ocrx_word' id='word_1_84' title='bbox 1788 1361 2014 1415; x_wconf 87' lang='lat' dir='ltr'><strong>vocibus</strong></span> <span class='ocrx_word' id='word_1_85' title='bbox 2068 1376 2130 1416; x_wconf 87' lang='lat' dir='ltr'><strong>ea</strong></span> <span class='ocrx_word' id='word_1_86' title='bbox 2160 1375 2257 1414; x_wconf 88' lang='lat' dir='ltr'><strong>no-</strong></span> 
     </span>
    </p>
   </div>
   <div class='ocr_carea' id='block_1_14' title="bbox 687 1452 2256 1522">
    <p class='ocr_par' dir='ltr' id='par_1_14' title="bbox 687 1452 2256 1522">
     <span class='ocr_line' id='line_1_14' title="bbox 687 1452 2256 1522; baseline -0.003 -9"><span class='ocrx_word' id='word_1_87' title='bbox 687 1460 772 1513; x_wconf 89' lang='lat' dir='ltr'><strong>bis</strong></span> <span class='ocrx_word' id='word_1_88' title='bbox 803 1457 1154 1516; x_wconf 77' lang='lat' dir='ltr'><strong>manifestare</strong></span> <span class='ocrx_word' id='word_1_89' title='bbox 1174 1456 1490 1520; x_wconf 86' lang='lat' dir='ltr'><strong>contendat,</strong></span> <span class='ocrx_word' id='word_1_90' title='bbox 1518 1467 1639 1522; x_wconf 85' lang='lat' dir='ltr'><strong>quae</strong></span> <span class='ocrx_word' id='word_1_91' title='bbox 1684 1452 1881 1508; x_wconf 90' lang='lat' dir='ltr'><strong>mentis</strong></span> <span class='ocrx_word' id='word_1_92' title='bbox 1924 1452 2122 1521; x_wconf 88' lang='lat' dir='ltr'><strong>alioqui</strong></span> <span class='ocrx_word' id='word_1_93' title='bbox 2160 1467 2256 1508; x_wconf 85' lang='lat' dir='ltr'><strong>no-</strong></span> 
     </span>
    </p>
   </div>
   <div class='ocr_carea' id='block_1_15' title="bbox 687 1544 2259 1617">
    <p class='ocr_par' dir='ltr' id='par_1_15' title="bbox 687 1544 2259 1617">
     <span class='ocr_line' id='line_1_15' title="bbox 687 1544 2259 1617; baseline -0.005 -13"><span class='ocrx_word' id='word_1_94' title='bbox 687 1561 815 1608; x_wconf 77' lang='lat' dir='ltr'><strong>strae</strong></span> <span class='ocrx_word' id='word_1_95' title='bbox 845 1556 1058 1617; x_wconf 87' lang='lat' dir='ltr'><strong>captmu</strong></span> <span class='ocrx_word' id='word_1_96' title='bbox 1092 1549 1380 1604; x_wconf 79' lang='lat' dir='ltr'><strong>excedunt.</strong></span> <span class='ocrx_word' id='word_1_97' title='bbox 1425 1544 1559 1598; x_wconf 87' lang='lat' dir='ltr'><strong>Nam</strong></span> <span class='ocrx_word' id='word_1_98' title='bbox 1595 1553 1648 1598; x_wconf 89' lang='lat' dir='ltr'><strong>et</strong></span> <span class='ocrx_word' id='word_1_99' title='bbox 1673 1544 1788 1612; x_wconf 86' lang='lat' dir='ltr'><strong>ipse</strong></span> <span class='ocrx_word' id='word_1_100' title='bbox 1823 1557 2036 1612; x_wconf 89' lang='lat' dir='ltr'><strong>quoque</strong></span> <span class='ocrx_word' id='word_1_101' title='bbox 2070 1544 2259 1597; x_wconf 83' lang='lat' dir='ltr'><strong>Salva-</strong></span> 
     </span>
    </p>
   </div>
   <div class='ocr_carea' id='block_1_16' title="bbox 691 1634 2256 1702">
    <p class='ocr_par' dir='ltr' id='par_1_16' title="bbox 691 1634 2256 1702">
     <span class='ocr_line' id='line_1_16' title="bbox 691 1634 2256 1702; baseline -0.005 -8"><span class='ocrx_word' id='word_1_102' title='bbox 691 1652 778 1697; x_wconf 88' lang='lat' dir='ltr'><strong>tor</strong></span> <span class='ocrx_word' id='word_1_103' title='bbox 810 1638 1154 1697; x_wconf 83' lang='lat' dir='ltr'><strong>Paracletum</strong></span> <span class='ocrx_word' id='word_1_104' title='bbox 1195 1651 1318 1691; x_wconf 86' lang='lat' dir='ltr'><strong>sese</strong></span> <span class='ocrx_word' id='word_1_105' title='bbox 1341 1639 1407 1692; x_wconf 84' lang='lat' dir='ltr'><strong>ad</strong></span> <span class='ocrx_word' id='word_1_106' title='bbox 1442 1650 1540 1692; x_wconf 84' lang='lat' dir='ltr'><strong>nos</strong></span> <span class='ocrx_word' id='word_1_107' title='bbox 1573 1635 1864 1688; x_wconf 89' lang='lat' dir='ltr'><strong>missurum</strong></span> <span class='ocrx_word' id='word_1_108' title='bbox 1908 1634 2256 1702; x_wconf 77' lang='lat' dir='ltr'><strong>promittit&quot;,</strong></span> 
     </span>
    </p>
   </div>
   <div class='ocr_carea' id='block_1_17' title="bbox 2357 619 3966 696">
    <p class='ocr_par' dir='ltr' id='par_1_17' title="bbox 2357 619 3966 696">
     <span class='ocr_line' id='line_1_17' title="bbox 2357 619 3966 696; baseline -0.006 -17"><span class='ocrx_word' id='word_1_109' title='bbox 2357 627 2420 678; x_wconf 83' lang='lat' dir='ltr'><strong>Ei</strong></span> <span class='ocrx_word' id='word_1_110' title='bbox 2457 626 2514 679; x_wconf 82' lang='grc' dir='ltr'><strong>δὲ</strong></span> <span class='ocrx_word' id='word_1_111' title='bbox 2555 626 2619 696; x_wconf 81' lang='grc' dir='ltr'><strong>δὴ</strong></span> <span class='ocrx_word' id='word_1_112' title='bbox 2660 627 2755 679; x_wconf 77' lang='grc' dir='ltr'>καὶ</span> <span class='ocrx_word' id='word_1_113' title='bbox 2794 627 2880 679; x_wconf 71' lang='grc' dir='ltr'>ἐπ’</span> <span class='ocrx_word' id='word_1_114' title='bbox 2910 625 3074 678; x_wconf 78' lang='grc' dir='ltr'>αὑτοῦ</span> <span class='ocrx_word' id='word_1_115' title='bbox 3102 625 3196 691; x_wconf 75' lang='grc' dir='ltr'>τοῦ</span> <span class='ocrx_word' id='word_1_116' title='bbox 3237 624 3411 692; x_wconf 85' lang='grc' dir='ltr'>Λόγου</span> <span class='ocrx_word' id='word_1_117' title='bbox 3451 622 3513 675; x_wconf 75' lang='grc' dir='ltr'>τὸ</span> <span class='ocrx_word' id='word_1_118' title='bbox 3558 619 3966 675; x_wconf 68' lang='grc' dir='ltr'><strong>ἀπεστάλθαι</strong></span> 
     </span>
    </p>
   </div>
   <div class='ocr_carea' id='block_1_18' title="bbox 2357 709 3969 788">
    <p class='ocr_par' dir='ltr' id='par_1_18' title="bbox 2357 709 3969 788">
     <span class='ocr_line' id='line_1_18' title="bbox 2357 709 3969 788; baseline -0.006 -18"><span class='ocrx_word' id='word_1_119' title='bbox 2357 718 2705 788; x_wconf 80' lang='grc' dir='ltr'><strong>λαμϐάνοιτο,</strong></span> <span class='ocrx_word' id='word_1_120' title='bbox 2729 717 3101 788; x_wconf 84' lang='grc' dir='ltr'>χαλεπαινέτω</span> <span class='ocrx_word' id='word_1_121' title='bbox 3133 717 3350 788; x_wconf 86' lang='grc' dir='ltr'>μηδείς·</span> <span class='ocrx_word' id='word_1_122' title='bbox 3385 713 3506 777; x_wconf 77' lang='grc' dir='ltr'>ἔθος</span> <span class='ocrx_word' id='word_1_123' title='bbox 3553 713 3672 783; x_wconf 88' lang='grc' dir='ltr'><strong>γάρ</strong></span> <span class='ocrx_word' id='word_1_124' title='bbox 3714 714 3789 784; x_wconf 74' lang='grc' dir='ltr'>τῇ</span> <span class='ocrx_word' id='word_1_125' title='bbox 3843 709 3969 762; x_wconf 76' lang='grc' dir='ltr'>θεο-</span> 
     </span>
    </p>
   </div>
   <div class='ocr_carea' id='block_1_19' title="bbox 2360 801 3972 879">
    <p class='ocr_par' dir='ltr' id='par_1_19' title="bbox 2360 801 3972 879">
     <span class='ocr_line' id='line_1_19' title="bbox 2360 801 3972 879; baseline -0.004 -19"><span class='ocrx_word' id='word_1_126' title='bbox 2360 807 2607 876; x_wconf 81' lang='grc' dir='ltr'>πνεύστῳ</span> <span class='ocrx_word' id='word_1_127' title='bbox 2630 808 2818 879; x_wconf 80' lang='grc' dir='ltr'><strong>Γραφῇ</strong></span> <span class='ocrx_word' id='word_1_128' title='bbox 2845 810 2940 862; x_wconf 74' lang='grc' dir='ltr'>καὶ</span> <span class='ocrx_word' id='word_1_129' title='bbox 2963 810 3081 870; x_wconf 82' lang='grc' dir='ltr'>ταῖς</span> <span class='ocrx_word' id='word_1_130' title='bbox 3097 807 3374 870; x_wconf 82' lang='grc' dir='ltr'><strong>τοιαύταις</strong></span> <span class='ocrx_word' id='word_1_131' title='bbox 3389 805 3500 860; x_wconf 77' lang='grc' dir='ltr'>ἐσθ’</span> <span class='ocrx_word' id='word_1_132' title='bbox 3517 805 3610 857; x_wconf 86' lang='grc' dir='ltr'>ὅτε</span> <span class='ocrx_word' id='word_1_133' title='bbox 3639 801 3972 873; x_wconf 73' lang='grc' dir='ltr'>κεχρῆσθαι</span> 
     </span>
    </p>
   </div>
   <div class='ocr_carea' id='block_1_20' title="bbox 2361 893 3972 970">
    <p class='ocr_par' dir='ltr' id='par_1_20' title="bbox 2361 893 3972 970">
     <span class='ocr_line' id='line_1_20' title="bbox 2361 893 3972 970; baseline -0.008 -15"><span class='ocrx_word' id='word_1_134' title='bbox 2361 904 2593 970; x_wconf 85' lang='grc' dir='ltr'><strong>φωναῖς,</strong></span> <span class='ocrx_word' id='word_1_135' title='bbox 2631 901 2725 954; x_wconf 75' lang='grc' dir='ltr'>καὶ</span> <span class='ocrx_word' id='word_1_136' title='bbox 2763 902 2823 954; x_wconf 81' lang='grc' dir='ltr'><strong>οὐ</strong></span> <span class='ocrx_word' id='word_1_137' title='bbox 2868 901 3054 963; x_wconf 81' lang='grc' dir='ltr'><strong>τόποις</strong></span> <span class='ocrx_word' id='word_1_138' title='bbox 3093 900 3188 953; x_wconf 76' lang='grc' dir='ltr'><strong>καὶ</strong></span> <span class='ocrx_word' id='word_1_139' title='bbox 3229 899 3605 969; x_wconf 82' lang='grc' dir='ltr'><strong>περιγραφαῖς</strong></span> <span class='ocrx_word' id='word_1_140' title='bbox 3645 896 3759 964; x_wconf 79' lang='grc' dir='ltr'><strong>τὴν</strong></span> <span class='ocrx_word' id='word_1_141' title='bbox 3812 893 3972 945; x_wconf 65' lang='grc' dir='ltr'>θείαν</span> 
     </span>
    </p>
   </div>
   <div class='ocr_carea' id='block_1_21' title="bbox 2359 982 3972 1065">
    <p class='ocr_par' dir='ltr' id='par_1_21' title="bbox 2359 982 3972 1065">
     <span class='ocr_line' id='line_1_21' title="bbox 2359 982 3972 1065; baseline -0.006 -19"><span class='ocrx_word' id='word_1_142' title='bbox 2359 1011 2418 1047; x_wconf 84' lang='grc' dir='ltr'>τε</span> <span class='ocrx_word' id='word_1_143' title='bbox 2447 994 2539 1046; x_wconf 75' lang='grc' dir='ltr'>καὶ</span> <span class='ocrx_word' id='word_1_144' title='bbox 2571 995 2935 1065; x_wconf 84' lang='grc' dir='ltr'>ὁπερκόσμιον</span> <span class='ocrx_word' id='word_1_145' title='bbox 2960 995 3252 1064; x_wconf 78' lang='grc' dir='ltr'><strong>ὑποφέρειν</strong></span> <span class='ocrx_word' id='word_1_146' title='bbox 3274 991 3436 1060; x_wconf 78' lang='grc' dir='ltr'>φύσιν</span> <span class='ocrx_word' id='word_1_147' title='bbox 3477 984 3615 1059; x_wconf 76' lang='grc' dir='ltr'><strong>(οἶδε</strong></span> <span class='ocrx_word' id='word_1_148' title='bbox 3640 987 3767 1056; x_wconf 79' lang='grc' dir='ltr'>γὰρ</span> <span class='ocrx_word' id='word_1_149' title='bbox 3795 982 3972 1038; x_wconf 74' lang='grc' dir='ltr'>οὖσαν</span> 
     </span>
    </p>
   </div>
   <div class='ocr_carea' id='block_1_22' title="bbox 2359 1075 3970 1155">
    <p class='ocr_par' dir='ltr' id='par_1_22' title="bbox 2359 1075 3970 1155">
     <span class='ocr_line' id='line_1_22' title="bbox 2359 1075 3970 1155; baseline -0.009 -17"><span class='ocrx_word' id='word_1_150' title='bbox 2359 1085 2672 1154; x_wconf 85' lang='grc' dir='ltr'>ἀσώματον,</span> <span class='ocrx_word' id='word_1_151' title='bbox 2705 1086 2797 1140; x_wconf 79' lang='grc' dir='ltr'>καὶ</span> <span class='ocrx_word' id='word_1_152' title='bbox 2844 1083 3220 1155; x_wconf 79' lang='grc' dir='ltr'>περιορισμῶν</span> <span class='ocrx_word' id='word_1_153' title='bbox 3273 1082 3531 1134; x_wconf 78' lang='grc' dir='ltr'><strong>ἐπέκεινα</strong></span> <span class='ocrx_word' id='word_1_154' title='bbox 3551 1108 3596 1142; x_wconf 66' lang='grc' dir='ltr'><strong>,ρ</strong></span> <span class='ocrx_word' id='word_1_155' title='bbox 3621 1079 3731 1134; x_wconf 73' lang='grc' dir='ltr'>καὶ</span> <span class='ocrx_word' id='word_1_156' title='bbox 3775 1075 3886 1128; x_wconf 75' lang='grc' dir='ltr'>τοῦ</span> <span class='ocrx_word' id='word_1_157' title='bbox 3917 1077 3970 1126; x_wconf 69' lang='grc' dir='ltr'>ἑν</span> 
     </span>
    </p>
   </div>
   <div class='ocr_carea' id='block_1_23' title="bbox 2357 1168 3970 1248">
    <p class='ocr_par' dir='ltr' id='par_1_23' title="bbox 2357 1168 3970 1248">
     <span class='ocr_line' id='line_1_23' title="bbox 2357 1168 3970 1248; baseline -0.008 -20"><span class='ocrx_word' id='word_1_158' title='bbox 2357 1175 2507 1245; x_wconf 80' lang='grc' dir='ltr'>τόπῳ</span> <span class='ocrx_word' id='word_1_159' title='bbox 2539 1176 2772 1232; x_wconf 79' lang='grc' dir='ltr'><strong>νοεῖσθαι</strong></span> <span class='ocrx_word' id='word_1_160' title='bbox 2806 1178 3075 1248; x_wconf 83' lang='grc' dir='ltr'>μακράν)·</span> <span class='ocrx_word' id='word_1_161' title='bbox 3111 1175 3314 1243; x_wconf 79' lang='grc' dir='ltr'>φωναῖς</span> <span class='ocrx_word' id='word_1_162' title='bbox 3337 1173 3394 1225; x_wconf 81' lang='grc' dir='ltr'><strong>δὲ</strong></span> <span class='ocrx_word' id='word_1_163' title='bbox 3444 1170 3652 1241; x_wconf 79' lang='grc' dir='ltr'>μᾶλλον</span> <span class='ocrx_word' id='word_1_164' title='bbox 3697 1169 3830 1229; x_wconf 77' lang='grc' dir='ltr'>ταῖς</span> <span class='ocrx_word' id='word_1_165' title='bbox 3879 1168 3970 1217; x_wconf 70' lang='grc' dir='ltr'><strong>ἀνο</strong></span> 
     </span>
    </p>
   </div>
   <div class='ocr_carea' id='block_1_24' title="bbox 2359 1259 3969 1340">
    <p class='ocr_par' dir='ltr' id='par_1_24' title="bbox 2359 1259 3969 1340">
     <span class='ocr_line' id='line_1_24' title="bbox 2359 1259 3969 1340; baseline -0.006 -22"><span class='ocrx_word' id='word_1_166' title='bbox 2359 1266 2658 1337; x_wconf 85' lang='grc' dir='ltr'>θρωπίναις</span> <span class='ocrx_word' id='word_1_167' title='bbox 2700 1268 2769 1322; x_wconf 89' lang='grc' dir='ltr'><strong>τά</strong></span> <span class='ocrx_word' id='word_1_168' title='bbox 2795 1269 2936 1340; x_wconf 70' lang='grc' dir='ltr'>ὑπὲρ</span> <span class='ocrx_word' id='word_1_169' title='bbox 2964 1267 3088 1322; x_wconf 84' lang='grc' dir='ltr'>νοῦν</span> <span class='ocrx_word' id='word_1_170' title='bbox 3129 1266 3258 1319; x_wconf 75' lang='grc' dir='ltr'>ὄντα</span> <span class='ocrx_word' id='word_1_171' title='bbox 3297 1265 3389 1317; x_wconf 85' lang='grc' dir='ltr'><strong>τὸν</strong></span> <span class='ocrx_word' id='word_1_172' title='bbox 3417 1264 3476 1315; x_wconf 82' lang='grc' dir='ltr'>ὲν</span> <span class='ocrx_word' id='word_1_173' title='bbox 3519 1263 3660 1332; x_wconf 76' lang='grc' dir='ltr'>ἡμῖν</span> <span class='ocrx_word' id='word_1_174' title='bbox 3691 1259 3969 1330; x_wconf 70' lang='grc' dir='ltr'>πειρᾶται</span> 
     </span>
    </p>
   </div>
   <div class='ocr_carea' id='block_1_25' title="bbox 2354 1350 3967 1429">
    <p class='ocr_par' dir='ltr' id='par_1_25' title="bbox 2354 1350 3967 1429">
     <span class='ocr_line' id='line_1_25' title="bbox 2354 1350 3967 1429; baseline -0.007 -19"><span class='ocrx_word' id='word_1_175' title='bbox 2354 1358 2710 1429; x_wconf 59' lang='grc' dir='ltr'>καταδηλοῶ.</span> <span class='ocrx_word' id='word_1_176' title='bbox 2728 1361 2879 1414; x_wconf 81' lang='grc' dir='ltr'>Ἐπεὶ</span> <span class='ocrx_word' id='word_1_177' title='bbox 2905 1359 3178 1422; x_wconf 71' lang='grc' dir='ltr'>καὶάὑτὸς</span> <span class='ocrx_word' id='word_1_178' title='bbox 3201 1377 3228 1411; x_wconf 93' lang='grc' dir='ltr'>ο</span> <span class='ocrx_word' id='word_1_179' title='bbox 3252 1356 3442 1426; x_wconf 80' lang='grc' dir='ltr'>Σωτὴρ</span> <span class='ocrx_word' id='word_1_180' title='bbox 3466 1353 3658 1424; x_wconf 77' lang='grc' dir='ltr'>πέμπε</span> <span class='ocrx_word' id='word_1_181' title='bbox 3669 1369 3725 1403; x_wconf 90' lang='grc' dir='ltr'><strong>ιν</strong></span> <span class='ocrx_word' id='word_1_182' title='bbox 3752 1350 3967 1418; x_wconf 69' lang='grc' dir='ltr'>ἔφασκε</span> 
     </span>
    </p>
   </div>
   <div class='ocr_carea' id='block_1_26' title="bbox 2355 1440 3966 1522">
    <p class='ocr_par' dir='ltr' id='par_1_26' title="bbox 2355 1440 3966 1522">
     <span class='ocr_line' id='line_1_26' title="bbox 2355 1440 3966 1522; baseline -0.014 -8"><span class='ocrx_word' id='word_1_183' title='bbox 2355 1449 2492 1520; x_wconf 81' lang='grc' dir='ltr'>πρὸς</span> <span class='ocrx_word' id='word_1_184' title='bbox 2522 1452 2671 1521; x_wconf 73' lang='grc' dir='ltr'>ἡμᾶς</span> <span class='ocrx_word' id='word_1_185' title='bbox 2717 1453 2809 1506; x_wconf 87' lang='grc' dir='ltr'>τδν</span> <span class='ocrx_word' id='word_1_186' title='bbox 2843 1451 3222 1522; x_wconf 83' lang='grc' dir='ltr'>Παράκλητον,</span> <span class='ocrx_word' id='word_1_187' title='bbox 3272 1449 3450 1502; x_wconf 84' lang='grc' dir='ltr'>καίτοι</span> <span class='ocrx_word' id='word_1_188' title='bbox 3487 1440 3852 1516; x_wconf 78' lang='grc' dir='ltr'>πληροῦντος</span> <span class='ocrx_word' id='word_1_189' title='bbox 3899 1443 3966 1492; x_wconf 75' lang='grc' dir='ltr'><strong>τα</strong></span> 
     </span>
    </p>
   </div>
   <div class='ocr_carea' id='block_1_27' title="bbox 2357 1535 3963 1614">
    <p class='ocr_par' dir='ltr' id='par_1_27' title="bbox 2357 1535 3963 1614">
     <span class='ocr_line' id='line_1_27' title="bbox 2357 1535 3963 1614; baseline 0 -20"><span class='ocrx_word' id='word_1_190' title='bbox 2357 1542 2535 1595; x_wconf 84' lang='grc' dir='ltr'>πάντα</span> <span class='ocrx_word' id='word_1_191' title='bbox 2578 1543 2673 1597; x_wconf 80' lang='grc' dir='ltr'><strong>τοῦ</strong></span> <span class='ocrx_word' id='word_1_192' title='bbox 2702 1544 2857 1612; x_wconf 81' lang='grc' dir='ltr'>ἁγίου</span> <span class='ocrx_word' id='word_1_193' title='bbox 2885 1544 3202 1614; x_wconf 82' lang='grc' dir='ltr'>Πνεύματος</span> <span class='ocrx_word' id='word_1_194' title='bbox 3221 1559 3234 1574; x_wconf 88' lang='grc'><strong>·</strong></span> <span class='ocrx_word' id='word_1_195' title='bbox 3267 1561 3284 1592; x_wconf 84' lang='grc' dir='ltr'><strong>ι</strong></span> <span class='ocrx_word' id='word_1_196' title='bbox 3314 1539 3541 1609; x_wconf 80' lang='grc' dir='ltr'><strong>Πνεῦμα</strong></span> <span class='ocrx_word' id='word_1_197' title='bbox 3573 1538 3694 1606; x_wconf 84' lang='grc' dir='ltr'>γὰρ</span> <span class='ocrx_word' id='word_1_198' title='bbox 3725 1535 3963 1607; x_wconf 71' lang='grc' dir='ltr'><strong>Κυρίου.</strong></span> 
     </span>
    </p>
   </div>
   <div class='ocr_carea' id='block_1_28' title="bbox 2357 1633 3424 1708">
    <p class='ocr_par' dir='ltr' id='par_1_28' title="bbox 2357 1633 3424 1708">
     <span class='ocr_line' id='line_1_28' title="bbox 2357 1633 3424 1708; baseline -0.006 -19"><span class='ocrx_word' id='word_1_199' title='bbox 2357 1638 2518 1708; x_wconf 80' lang='grc' dir='ltr'>φησὶ,</span> <span class='ocrx_word' id='word_1_200' title='bbox 2552 1636 2881 1708; x_wconf 80' lang='grc' dir='ltr'><strong>πεπλήρωκε</strong></span> <span class='ocrx_word' id='word_1_201' title='bbox 2913 1637 3010 1704; x_wconf 79' lang='grc' dir='ltr'>τὴν</span> <span class='ocrx_word' id='word_1_202' title='bbox 3039 1633 3384 1704; x_wconf 78' lang='grc' dir='ltr'>οἰκουμένην.</span> <span class='ocrx_word' id='word_1_203' title='bbox 3405 1650 3424 1683; x_wconf 78' lang='grc' dir='ltr'>ι</span> 
     </span>
    </p>
   </div>
   <div class='ocr_carea' id='block_1_29' title="bbox 691 1720 3966 1798">
    <p class='ocr_par' dir='ltr' id='par_1_29' title="bbox 691 1720 3966 1798">
     <span class='ocr_line' id='line_1_29' title="bbox 691 1720 3966 1798; baseline -0.004 -15"><span class='ocrx_word' id='word_1_204' title='bbox 691 1745 810 1788; x_wconf 90' lang='lat' dir='ltr'><strong>cum</strong></span> <span class='ocrx_word' id='word_1_205' title='bbox 868 1740 1044 1784; x_wconf 89' lang='lat' dir='ltr'><strong>tamen</strong></span> <span class='ocrx_word' id='word_1_206' title='bbox 1098 1728 1336 1796; x_wconf 76' lang='lat' dir='ltr'><strong>Spiritus</strong></span> <span class='ocrx_word' id='word_1_207' title='bbox 1372 1737 1595 1784; x_wconf 87' lang='lat' dir='ltr'><strong>sanctus</strong></span> <span class='ocrx_word' id='word_1_208' title='bbox 1641 1727 1823 1780; x_wconf 87' lang='lat' dir='ltr'><strong>omnia</strong></span> <span class='ocrx_word' id='word_1_209' title='bbox 1879 1725 2117 1791; x_wconf 76' lang='lat' dir='ltr'><strong>impleat,</strong></span> <span class='ocrx_word' id='word_1_210' title='bbox 2174 1726 2330 1794; x_wconf 80' lang='lat' dir='ltr'><strong>juxta</strong></span> <span class='ocrx_word' id='word_1_211' title='bbox 2405 1730 2580 1784; x_wconf 90' lang='lat' dir='ltr'><strong>illud:</strong></span> <span class='ocrx_word' id='word_1_212' title='bbox 2649 1748 2667 1781; x_wconf 87' lang='grc' dir='ltr'>ι</span> <span class='ocrx_word' id='word_1_213' title='bbox 2705 1729 2941 1798; x_wconf 87' lang='lat' dir='ltr'><strong>Spiritus</strong></span> <span class='ocrx_word' id='word_1_214' title='bbox 3004 1728 3217 1781; x_wconf 86' lang='lat' dir='ltr'><strong>Domini</strong></span> <span class='ocrx_word' id='word_1_215' title='bbox 3279 1724 3508 1795; x_wconf 81' lang='lat' dir='ltr'><strong>replevit</strong></span> <span class='ocrx_word' id='word_1_216' title='bbox 3549 1720 3756 1777; x_wconf 86' lang='lat' dir='ltr'><strong>orbem</strong></span> <span class='ocrx_word' id='word_1_217' title='bbox 3790 1729 3966 1772; x_wconf 81' lang='lat' dir='ltr'><strong>terra-</strong></span> 
     </span>
    </p>
   </div>
   <div class='ocr_carea' id='block_1_30' title="bbox 692 1823 971 1878">
    <p class='ocr_par' dir='ltr' id='par_1_30' title="bbox 692 1823 971 1878">
     <span class='ocr_line' id='line_1_30' title="bbox 692 1823 971 1878; baseline -0.011 -1"><span class='ocrx_word' id='word_1_218' title='bbox 692 1839 811 1877; x_wconf 87' lang='lat' dir='ltr'><strong>rum</strong></span> <span class='ocrx_word' id='word_1_219' title='bbox 829 1823 920 1878; x_wconf 82' lang='grc'><strong>⁹¹¹’.</strong></span> <span class='ocrx_word' id='word_1_220' title='bbox 954 1842 971 1874; x_wconf 76' lang='grc' dir='ltr'><strong>ι</strong></span> 
     </span>
    </p>
   </div>
   <div class='ocr_carea' id='block_1_31' title="bbox 764 1902 2273 1984">
    <p class='ocr_par' dir='ltr' id='par_1_31' title="bbox 764 1910 2260 1976">
     <span class='ocr_line' id='line_1_31' title="bbox 764 1910 2260 1976; baseline -0.001 -6"><span class='ocrx_word' id='word_1_221' title='bbox 764 1914 903 1970; x_wconf 79' lang='lat' dir='ltr'><strong>XIV.</strong></span> <span class='ocrx_word' id='word_1_222' title='bbox 953 1934 970 1966; x_wconf 83' lang='grc' dir='ltr'>ι</span> <span class='ocrx_word' id='word_1_223' title='bbox 1005 1914 1137 1968; x_wconf 90' lang='lat' dir='ltr'><strong>Cum</strong></span> <span class='ocrx_word' id='word_1_224' title='bbox 1196 1911 1565 1965; x_wconf 81' lang='lat' dir='ltr'><strong>exaltaveritis</strong></span> <span class='ocrx_word' id='word_1_225' title='bbox 1597 1910 1790 1964; x_wconf 84' lang='lat' dir='ltr'><strong>Filium</strong></span> <span class='ocrx_word' id='word_1_226' title='bbox 1841 1911 2096 1976; x_wconf 84' lang='lat' dir='ltr'><strong>hominis,</strong></span> <span class='ocrx_word' id='word_1_227' title='bbox 2132 1923 2260 1969; x_wconf 87' lang='lat' dir='ltr'><strong>tunc</strong></span> 
     </span>
    </p>
   </div>
   <div class='ocr_carea' id='block_1_32' title="bbox 2374 1902 3958 1984">
    <p class='ocr_par' dir='ltr' id='par_1_32' title="bbox 2437 1902 3958 1984">
     <span class='ocr_line' id='line_1_32' title="bbox 2437 1902 3958 1984; baseline -0.011 -18"><span class='ocrx_word' id='word_1_228' title='bbox 2437 1914 2533 1967; x_wconf 78' lang='lat' dir='ltr'><strong>IA&#39;.</strong></span> <span class='ocrx_word' id='word_1_229' title='bbox 2576 1932 2593 1963; x_wconf 83' lang='grc' dir='ltr'>ι</span> <span class='ocrx_word' id='word_1_230' title='bbox 2623 1915 2791 1968; x_wconf 84' lang='grc' dir='ltr'>Ὅταν</span> <span class='ocrx_word' id='word_1_231' title='bbox 2823 1912 3072 1984; x_wconf 74' lang='grc' dir='ltr'>ὑψώσητε</span> <span class='ocrx_word' id='word_1_232' title='bbox 3098 1911 3189 1964; x_wconf 79' lang='grc' dir='ltr'><strong>τὸν</strong></span> <span class='ocrx_word' id='word_1_233' title='bbox 3216 1910 3342 1962; x_wconf 80' lang='grc' dir='ltr'>Υίὸν</span> <span class='ocrx_word' id='word_1_234' title='bbox 3364 1905 3457 1960; x_wconf 78' lang='grc' dir='ltr'>τοῦ</span> <span class='ocrx_word' id='word_1_235' title='bbox 3483 1903 3816 1976; x_wconf 79' lang='grc' dir='ltr'>ἀνθρώπου,</span> <span class='ocrx_word' id='word_1_236' title='bbox 3845 1902 3958 1956; x_wconf 76' lang='grc' dir='ltr'>τότε</span> 
     </span>
    </p>
   </div>
   <div class='ocr_carea' id='block_1_33' title="bbox 694 2000 2262 2073">
    <p class='ocr_par' dir='ltr' id='par_1_33' title="bbox 694 2000 2262 2073">
     <span class='ocr_line' id='line_1_33' title="bbox 694 2000 2262 2073; baseline 0.001 -16"><span class='ocrx_word' id='word_1_237' title='bbox 694 2004 1032 2073; x_wconf 75' lang='lat' dir='ltr'><strong>cognoscetis</strong></span> <span class='ocrx_word' id='word_1_238' title='bbox 1064 2003 1192 2072; x_wconf 88' lang='lat' dir='ltr'><strong>quia</strong></span> <span class='ocrx_word' id='word_1_239' title='bbox 1252 2016 1351 2070; x_wconf 84' lang='lat' dir='ltr'><strong>ego</strong></span> <span class='ocrx_word' id='word_1_240' title='bbox 1386 2001 1601 2056; x_wconf 78' lang='lat' dir='ltr'><strong>sunt”.</strong></span> <span class='ocrx_word' id='word_1_241' title='bbox 1651 2019 1670 2052; x_wconf 76' lang='grc' dir='ltr'><strong>ι</strong></span> <span class='ocrx_word' id='word_1_242' title='bbox 1726 2000 1962 2058; x_wconf 75' lang='lat' dir='ltr'><strong>Judaicze</strong></span> <span class='ocrx_word' id='word_1_243' title='bbox 2014 2005 2262 2067; x_wconf 80' lang='lat' dir='ltr'><strong>insaniae,</strong></span> 
     </span>
    </p>
   </div>
   <div class='ocr_carea' id='block_1_34' title="bbox 695 2093 2265 2166">
    <p class='ocr_par' dir='ltr' id='par_1_34' title="bbox 695 2093 2265 2166">
     <span class='ocr_line' id='line_1_34' title="bbox 695 2093 2265 2166; baseline -0.002 -16"><span class='ocrx_word' id='word_1_244' title='bbox 695 2115 801 2166; x_wconf 88' lang='lat' dir='ltr'><strong>qua</strong></span> <span class='ocrx_word' id='word_1_245' title='bbox 835 2097 887 2150; x_wconf 93' lang='lat' dir='ltr'><strong>in</strong></span> <span class='ocrx_word' id='word_1_246' title='bbox 918 2095 1194 2150; x_wconf 82' lang='lat' dir='ltr'><strong>Christum</strong></span> <span class='ocrx_word' id='word_1_247' title='bbox 1231 2093 1619 2158; x_wconf 72' lang='lat' dir='ltr'><strong>eil‘erebantur,</strong></span> <span class='ocrx_word' id='word_1_248' title='bbox 1657 2109 1853 2149; x_wconf 88' lang='lat' dir='ltr'><strong>causas</strong></span> <span class='ocrx_word' id='word_1_249' title='bbox 1881 2095 2072 2150; x_wconf 90' lang='lat' dir='ltr'><strong>beatus</strong></span> <span class='ocrx_word' id='word_1_250' title='bbox 2098 2094 2265 2150; x_wconf 68' lang='lat' dir='ltr'><strong>Joano</strong></span> 
     </span>
    </p>
   </div>
   <div class='ocr_carea' id='block_1_35' title="bbox 697 2183 2268 2255">
    <p class='ocr_par' dir='ltr' id='par_1_35' title="bbox 697 2183 2268 2255">
     <span class='ocr_line' id='line_1_35' title="bbox 697 2183 2268 2255; baseline -0.002 -15"><span class='ocrx_word' id='word_1_251' title='bbox 697 2203 793 2242; x_wconf 88' lang='lat' dir='ltr'><strong>nes</strong></span> <span class='ocrx_word' id='word_1_252' title='bbox 813 2201 1112 2255; x_wconf 77' lang='lat' dir='ltr'><strong>exponens,</strong></span> <span class='ocrx_word' id='word_1_253' title='bbox 1150 2188 1222 2237; x_wconf 89' lang='lat' dir='ltr'><strong>ita</strong></span> <span class='ocrx_word' id='word_1_254' title='bbox 1258 2184 1446 2242; x_wconf 87' lang='lat' dir='ltr'><strong>scribit</strong></span> <span class='ocrx_word' id='word_1_255' title='bbox 1479 2199 1494 2237; x_wconf 91' lang='lat'><strong>:</strong></span> <span class='ocrx_word' id='word_1_256' title='bbox 1527 2203 1545 2235; x_wconf 89' lang='grc'><em>‹</em></span> <span class='ocrx_word' id='word_1_257' title='bbox 1584 2183 1881 2253; x_wconf 87' lang='lat' dir='ltr'><strong>Propterea</strong></span> <span class='ocrx_word' id='word_1_258' title='bbox 1935 2186 2102 2237; x_wconf 79' lang='lat' dir='ltr'><strong>Judaei</strong></span> <span class='ocrx_word' id='word_1_259' title='bbox 2144 2201 2268 2252; x_wconf 86' lang='lat' dir='ltr'><strong>per-</strong></span> 
     </span>
    </p>
   </div>
   <div class='ocr_carea' id='block_1_36' title="bbox 694 2272 2269 2347">
    <p class='ocr_par' dir='ltr' id='par_1_36' title="bbox 694 2272 2269 2347">
     <span class='ocr_line' id='line_1_36' title="bbox 694 2272 2269 2347; baseline -0.002 -17"><span class='ocrx_word' id='word_1_260' title='bbox 694 2279 1062 2347; x_wconf 84' lang='lat' dir='ltr'><strong>sequebantur</strong></span> <span class='ocrx_word' id='word_1_261' title='bbox 1100 2274 1306 2340; x_wconf 81' lang='lat' dir='ltr'><strong>Jesum,</strong></span> <span class='ocrx_word' id='word_1_262' title='bbox 1342 2275 1467 2344; x_wconf 85' lang='lat' dir='ltr'><strong>quia</strong></span> <span class='ocrx_word' id='word_1_263' title='bbox 1502 2289 1608 2328; x_wconf 90' lang='lat' dir='ltr'><strong>non</strong></span> <span class='ocrx_word' id='word_1_264' title='bbox 1641 2274 1812 2328; x_wconf 90' lang='lat' dir='ltr'><strong>solum</strong></span> <span class='ocrx_word' id='word_1_265' title='bbox 1852 2273 2099 2328; x_wconf 86' lang='lat' dir='ltr'><strong>solvebat</strong></span> <span class='ocrx_word' id='word_1_266' title='bbox 2130 2272 2269 2327; x_wconf 84' lang='lat' dir='ltr'><strong>Sab-</strong></span> 
     </span>
    </p>
   </div>
   <div class='ocr_carea' id='block_1_37' title="bbox 698 2365 2270 2435">
    <p class='ocr_par' dir='ltr' id='par_1_37' title="bbox 698 2365 2270 2435">
     <span class='ocr_line' id='line_1_37' title="bbox 698 2365 2270 2435; baseline -0.003 -12"><span class='ocrx_word' id='word_1_267' title='bbox 698 2377 902 2432; x_wconf 82' lang='lat' dir='ltr'><strong>batum,</strong></span> <span class='ocrx_word' id='word_1_268' title='bbox 934 2373 1027 2424; x_wconf 90' lang='lat' dir='ltr'><strong>sed</strong></span> <span class='ocrx_word' id='word_1_269' title='bbox 1090 2378 1144 2423; x_wconf 92' lang='lat' dir='ltr'><strong>et</strong></span> <span class='ocrx_word' id='word_1_270' title='bbox 1173 2368 1391 2422; x_wconf 78' lang='lat' dir='ltr'><strong>Patrem</strong></span> <span class='ocrx_word' id='word_1_271' title='bbox 1419 2383 1580 2422; x_wconf 81' lang='lat' dir='ltr'><strong>suum</strong></span> <span class='ocrx_word' id='word_1_272' title='bbox 1614 2366 1828 2420; x_wconf 89' lang='lat' dir='ltr'><strong>dicebat</strong></span> <span class='ocrx_word' id='word_1_273' title='bbox 1865 2365 2058 2430; x_wconf 88' lang='lat' dir='ltr'><strong>Deum,</strong></span> <span class='ocrx_word' id='word_1_274' title='bbox 2088 2381 2270 2435; x_wconf 71' lang='lat' dir='ltr'><strong>aequa-</strong></span> 
     </span>
    </p>
   </div>
   <div class='ocr_carea' id='block_1_38' title="bbox 700 2457 2272 2524">
    <p class='ocr_par' dir='ltr' id='par_1_38' title="bbox 700 2457 2272 2524">
     <span class='ocr_line' id='line_1_38' title="bbox 700 2457 2272 2524; baseline -0.001 -12"><span class='ocrx_word' id='word_1_275' title='bbox 700 2463 800 2515; x_wconf 86' lang='lat' dir='ltr'><strong>lem</strong></span> <span class='ocrx_word' id='word_1_276' title='bbox 833 2460 1036 2514; x_wconf 83' lang='lat' dir='ltr'><strong>faciens</strong></span> <span class='ocrx_word' id='word_1_277' title='bbox 1067 2475 1126 2514; x_wconf 89' lang='lat' dir='ltr'><strong>se</strong></span> <span class='ocrx_word' id='word_1_278' title='bbox 1159 2460 1269 2513; x_wconf 90' lang='lat' dir='ltr'><strong>Deo</strong></span> <span class='ocrx_word' id='word_1_279' title='bbox 1305 2460 1344 2511; x_wconf 82' lang='grc'><strong>¹.</strong></span> <span class='ocrx_word' id='word_1_280' title='bbox 1380 2478 1398 2510; x_wconf 74' lang='grc' dir='ltr'>ι</span> <span class='ocrx_word' id='word_1_281' title='bbox 1442 2457 1580 2511; x_wconf 79' lang='lat' dir='ltr'><strong>Alibi</strong></span> <span class='ocrx_word' id='word_1_282' title='bbox 1611 2458 1831 2511; x_wconf 87' lang='lat' dir='ltr'><strong>eosdem</strong></span> <span class='ocrx_word' id='word_1_283' title='bbox 1881 2457 2070 2510; x_wconf 78' lang='lat' dir='ltr'><strong>istltzcc</strong></span> <span class='ocrx_word' id='word_1_284' title='bbox 2109 2457 2272 2524; x_wconf 82' lang='lat' dir='ltr'><strong>impie</strong></span> 
     </span>
    </p>
   </div>
   <div class='ocr_carea' id='block_1_39' title="bbox 698 2545 2274 2615">
    <p class='ocr_par' dir='ltr' id='par_1_39' title="bbox 698 2545 2274 2615">
     <span class='ocr_line' id='line_1_39' title="bbox 698 2545 2274 2615; baseline -0.003 -12"><span class='ocrx_word' id='word_1_285' title='bbox 698 2560 1007 2605; x_wconf 81' lang='lat' dir='ltr'><strong>evomentes</strong></span> <span class='ocrx_word' id='word_1_286' title='bbox 1030 2550 1233 2602; x_wconf 88' lang='lat' dir='ltr'><strong>inducit</strong></span> <span class='ocrx_word' id='word_1_287' title='bbox 1264 2567 1277 2601; x_wconf 87' lang='lat'><strong>:</strong></span> <span class='ocrx_word' id='word_1_288' title='bbox 1317 2567 1335 2598; x_wconf 77' lang='grc' dir='ltr'>ι</span> <span class='ocrx_word' id='word_1_289' title='bbox 1371 2549 1443 2601; x_wconf 90' lang='lat' dir='ltr'><strong>De</strong></span> <span class='ocrx_word' id='word_1_290' title='bbox 1469 2548 1611 2601; x_wconf 91' lang='lat' dir='ltr'><strong>bono</strong></span> <span class='ocrx_word' id='word_1_291' title='bbox 1631 2561 1796 2615; x_wconf 90' lang='lat' dir='ltr'><strong>opere</strong></span> <span class='ocrx_word' id='word_1_292' title='bbox 1828 2562 1932 2599; x_wconf 91' lang='lat' dir='ltr'><strong>non</strong></span> <span class='ocrx_word' id='word_1_293' title='bbox 1969 2545 2274 2613; x_wconf 87' lang='lat' dir='ltr'><strong>lapidamus</strong></span> 
     </span>
    </p>
   </div>
   <div class='ocr_carea' id='block_1_40' title="bbox 703 2637 2274 2706">
    <p class='ocr_par' dir='ltr' id='par_1_40' title="bbox 703 2637 2274 2706">
     <span class='ocr_line' id='line_1_40' title="bbox 703 2637 2274 2706; baseline -0.003 -14"><span class='ocrx_word' id='word_1_294' title='bbox 703 2651 774 2704; x_wconf 89' lang='lat' dir='ltr'><strong>te,</strong></span> <span class='ocrx_word' id='word_1_295' title='bbox 800 2642 892 2695; x_wconf 91' lang='lat' dir='ltr'><strong>sed</strong></span> <span class='ocrx_word' id='word_1_296' title='bbox 921 2641 986 2692; x_wconf 85' lang='lat' dir='ltr'><strong>de</strong></span> <span class='ocrx_word' id='word_1_297' title='bbox 1015 2639 1344 2706; x_wconf 79' lang='lat' dir='ltr'><strong>blasphemia</strong></span> <span class='ocrx_word' id='word_1_298' title='bbox 1369 2654 1382 2694; x_wconf 86' lang='lat'>:</span> <span class='ocrx_word' id='word_1_299' title='bbox 1419 2637 1545 2705; x_wconf 90' lang='lat' dir='ltr'><strong>quia</strong></span> <span class='ocrx_word' id='word_1_300' title='bbox 1576 2647 1627 2690; x_wconf 89' lang='lat' dir='ltr'><strong>tu</strong></span> <span class='ocrx_word' id='word_1_301' title='bbox 1671 2638 1834 2690; x_wconf 87' lang='lat' dir='ltr'><strong>homo</strong></span> <span class='ocrx_word' id='word_1_302' title='bbox 1863 2652 1984 2689; x_wconf 82' lang='lat' dir='ltr'><strong>eum</strong></span> <span class='ocrx_word' id='word_1_303' title='bbox 2009 2638 2102 2700; x_wconf 85' lang='lat' dir='ltr'><strong>sis,</strong></span> <span class='ocrx_word' id='word_1_304' title='bbox 2141 2637 2274 2688; x_wconf 80' lang='lat' dir='ltr'><strong>facis</strong></span> 
     </span>
    </p>
   </div>
   <div class='ocr_carea' id='block_1_41' title="bbox 703 2724 2272 2799">
    <p class='ocr_par' dir='ltr' id='par_1_41' title="bbox 703 2724 2272 2799">
     <span class='ocr_line' id='line_1_41' title="bbox 703 2724 2272 2799; baseline -0.001 -17"><span class='ocrx_word' id='word_1_305' title='bbox 703 2731 930 2799; x_wconf 81' lang='lat' dir='ltr'><strong>teipsum</strong></span> <span class='ocrx_word' id='word_1_306' title='bbox 987 2728 1150 2781; x_wconf 89' lang='lat' dir='ltr'><strong>Deum</strong></span> <span class='ocrx_word' id='word_1_307' title='bbox 1186 2729 1227 2781; x_wconf 79' lang='lat'><strong>’.</strong></span> <span class='ocrx_word' id='word_1_308' title='bbox 1261 2747 1279 2779; x_wconf 77' lang='grc' dir='ltr'>ι</span> <span class='ocrx_word' id='word_1_309' title='bbox 1326 2727 1495 2797; x_wconf 82' lang='lat' dir='ltr'><strong>Igitur</strong></span> <span class='ocrx_word' id='word_1_310' title='bbox 1546 2728 1598 2780; x_wconf 89' lang='lat' dir='ltr'><strong>itt</strong></span> <span class='ocrx_word' id='word_1_311' title='bbox 1653 2725 1800 2780; x_wconf 91' lang='lat' dir='ltr'><strong>illum</strong></span> <span class='ocrx_word' id='word_1_312' title='bbox 1851 2727 2075 2782; x_wconf 87' lang='lat' dir='ltr'><strong>credere</strong></span> <span class='ocrx_word' id='word_1_313' title='bbox 2131 2724 2272 2781; x_wconf 80' lang='lat' dir='ltr'><strong>nulla</strong></span> 
     </span>
    </p>
   </div>
   <div class='ocr_carea' id='block_1_42' title="bbox 699 2818 2269 2888">
    <p class='ocr_par' dir='ltr' id='par_1_42' title="bbox 699 2818 2269 2888">
     <span class='ocr_line' id='line_1_42' title="bbox 699 2818 2269 2888; baseline -0.003 -13"><span class='ocrx_word' id='word_1_314' title='bbox 699 2822 912 2876; x_wconf 89' lang='lat' dir='ltr'><strong>ratione</strong></span> <span class='ocrx_word' id='word_1_315' title='bbox 961 2819 1230 2883; x_wconf 86' lang='lat' dir='ltr'><strong>volebant,</strong></span> <span class='ocrx_word' id='word_1_316' title='bbox 1294 2818 1732 2888; x_wconf 86' lang='lat' dir='ltr'><strong>quandoquidem</strong></span> <span class='ocrx_word' id='word_1_317' title='bbox 1809 2833 2003 2888; x_wconf 87' lang='lat' dir='ltr'><strong>purum</strong></span> <span class='ocrx_word' id='word_1_318' title='bbox 2060 2827 2269 2871; x_wconf 86' lang='lat' dir='ltr'><strong>tantum</strong></span> 
     </span>
    </p>
   </div>
   <div class='ocr_carea' id='block_1_43' title="bbox 703 2909 2274 2981">
    <p class='ocr_par' dir='ltr' id='par_1_43' title="bbox 703 2909 2274 2981">
     <span class='ocr_line' id='line_1_43' title="bbox 703 2909 2274 2981; baseline 0.003 -19"><span class='ocrx_word' id='word_1_319' title='bbox 703 2912 1086 2981; x_wconf 79' lang='lat' dir='ltr'><strong>vnlgaremque</strong></span> <span class='ocrx_word' id='word_1_320' title='bbox 1113 2909 1388 2965; x_wconf 88' lang='lat' dir='ltr'><strong>hominem</strong></span> <span class='ocrx_word' id='word_1_321' title='bbox 1415 2924 1538 2964; x_wconf 87' lang='lat' dir='ltr'><strong>esse</strong></span> <span class='ocrx_word' id='word_1_322' title='bbox 1574 2911 1875 2980; x_wconf 84' lang='lat' dir='ltr'><strong>putabant;</strong></span> <span class='ocrx_word' id='word_1_323' title='bbox 1912 2913 2078 2981; x_wconf 89' lang='lat' dir='ltr'><strong>ignari</strong></span> <span class='ocrx_word' id='word_1_324' title='bbox 2109 2912 2274 2966; x_wconf 89' lang='lat' dir='ltr'><strong>Deum</strong></span> 
     </span>
    </p>
   </div>
   <div class='ocr_carea' id='block_1_44' title="bbox 706 2994 2276 3065">
    <p class='ocr_par' dir='ltr' id='par_1_44' title="bbox 706 2994 2276 3065">
     <span class='ocr_line' id='line_1_44' title="bbox 706 2994 2276 3065; baseline 0 -16"><span class='ocrx_word' id='word_1_325' title='bbox 706 2997 936 3051; x_wconf 67' lang='lat' dir='ltr'><strong>Verbum</strong></span> <span class='ocrx_word' id='word_1_326' title='bbox 963 3009 1148 3049; x_wconf 88' lang='lat' dir='ltr'><strong>semen</strong></span> <span class='ocrx_word' id='word_1_327' title='bbox 1191 2994 1426 3050; x_wconf 81' lang='lat' dir='ltr'><strong>Abrahae</strong></span> <span class='ocrx_word' id='word_1_328' title='bbox 1459 2997 1905 3063; x_wconf 85' lang='lat' dir='ltr'><strong>apprcltcndisse,</strong></span> <span class='ocrx_word' id='word_1_329' title='bbox 1934 2998 2195 3065; x_wconf 87' lang='lat' dir='ltr'><strong>caruiqne</strong></span> <span class='ocrx_word' id='word_1_330' title='bbox 2223 3005 2276 3050; x_wconf 87' lang='lat' dir='ltr'><strong>et</strong></span> 
     </span>
    </p>
   </div>
   <div class='ocr_carea' id='block_1_45' title="bbox 701 3086 2276 3158">
    <p class='ocr_par' dir='ltr' id='par_1_45' title="bbox 701 3086 2276 3158">
     <span class='ocr_line' id='line_1_45' title="bbox 701 3086 2276 3158; baseline -0.001 -17"><span class='ocrx_word' id='word_1_331' title='bbox 701 3086 953 3158; x_wconf 86' lang='lat' dir='ltr'><strong>sanguini</strong></span> <span class='ocrx_word' id='word_1_332' title='bbox 998 3087 1223 3156; x_wconf 85' lang='lat' dir='ltr'><strong>perinde</strong></span> <span class='ocrx_word' id='word_1_333' title='bbox 1252 3100 1315 3138; x_wconf 87' lang='lat' dir='ltr'><strong>ac</strong></span> <span class='ocrx_word' id='word_1_334' title='bbox 1339 3100 1437 3140; x_wconf 86' lang='lat' dir='ltr'><strong>nos</strong></span> <span class='ocrx_word' id='word_1_335' title='bbox 1475 3087 1909 3141; x_wconf 86' lang='lat' dir='ltr'><strong>communicasse</strong></span> <span class='ocrx_word' id='word_1_336' title='bbox 1939 3087 1980 3151; x_wconf 84' lang='grc'><strong>³,</strong></span> <span class='ocrx_word' id='word_1_337' title='bbox 2027 3087 2276 3154; x_wconf 84' lang='lat' dir='ltr'><strong>quamvis</strong></span> 
     </span>
    </p>
   </div>
   <div class='ocr_carea' id='block_1_46' title="bbox 700 3173 2275 3241">
    <p class='ocr_par' dir='ltr' id='par_1_46' title="bbox 700 3173 2275 3241">
     <span class='ocr_line' id='line_1_46' title="bbox 700 3173 2275 3241; baseline -0.004 -10"><span class='ocrx_word' id='word_1_338' title='bbox 700 3179 773 3231; x_wconf 89' lang='lat' dir='ltr'><strong>ob</strong></span> <span class='ocrx_word' id='word_1_339' title='bbox 801 3178 852 3230; x_wconf 91' lang='lat' dir='ltr'><strong>id</strong></span> <span class='ocrx_word' id='word_1_340' title='bbox 883 3176 1024 3229; x_wconf 84' lang='lat' dir='ltr'><strong>Dens</strong></span> <span class='ocrx_word' id='word_1_341' title='bbox 1045 3189 1167 3229; x_wconf 89' lang='lat' dir='ltr'><strong>esse</strong></span> <span class='ocrx_word' id='word_1_342' title='bbox 1197 3191 1303 3227; x_wconf 90' lang='lat' dir='ltr'><strong>non</strong></span> <span class='ocrx_word' id='word_1_343' title='bbox 1340 3173 1624 3227; x_wconf 89' lang='lat' dir='ltr'><strong>desiisset:</strong></span> <span class='ocrx_word' id='word_1_344' title='bbox 1677 3175 1944 3241; x_wconf 86' lang='lat' dir='ltr'><strong>siquidem</strong></span> <span class='ocrx_word' id='word_1_345' title='bbox 1979 3175 2275 3227; x_wconf 87' lang='lat' dir='ltr'><strong>secundmu</strong></span> 
     </span>
    </p>
   </div>
   <div class='ocr_carea' id='block_1_47' title="bbox 2366 1995 3956 2073">
    <p class='ocr_par' dir='ltr' id='par_1_47' title="bbox 2366 1995 3956 2073">
     <span class='ocr_line' id='line_1_47' title="bbox 2366 1995 3956 2073; baseline -0.008 -17"><span class='ocrx_word' id='word_1_346' title='bbox 2366 2003 2640 2073; x_wconf 78' lang='grc' dir='ltr'>γνώσεσθε</span> <span class='ocrx_word' id='word_1_347' title='bbox 2679 2007 2768 2057; x_wconf 65' lang='grc' dir='ltr'><strong>ὅτε</strong></span> <span class='ocrx_word' id='word_1_348' title='bbox 2796 2003 2906 2072; x_wconf 72' lang='grc' dir='ltr'>ἐγώ</span> <span class='ocrx_word' id='word_1_349' title='bbox 2939 2005 3071 2072; x_wconf 78' lang='grc' dir='ltr'>εἰμι.</span> <span class='ocrx_word' id='word_1_350' title='bbox 3105 2022 3122 2053; x_wconf 77' lang='grc' dir='ltr'>ι</span> <span class='ocrx_word' id='word_1_351' title='bbox 3171 2002 3281 2070; x_wconf 86' lang='grc' dir='ltr'><strong>Τῆς</strong></span> <span class='ocrx_word' id='word_1_352' title='bbox 3320 1997 3625 2064; x_wconf 80' lang='grc' dir='ltr'>Ἰουδαϊκῆς</span> <span class='ocrx_word' id='word_1_353' title='bbox 3658 1995 3956 2053; x_wconf 80' lang='grc' dir='ltr'>ἀπονοίας.</span> 
     </span>
    </p>
   </div>
   <div class='ocr_carea' id='block_1_48' title="bbox 2367 2084 3959 2168">
    <p class='ocr_par' dir='ltr' id='par_1_48' title="bbox 2367 2084 3959 2168">
     <span class='ocr_line' id='line_1_48' title="bbox 2367 2084 3959 2168; baseline -0.011 -18"><span class='ocrx_word' id='word_1_354' title='bbox 2367 2100 2433 2168; x_wconf 78' lang='grc' dir='ltr'>ἢν</span> <span class='ocrx_word' id='word_1_355' title='bbox 2458 2099 2548 2150; x_wconf 70' lang='grc' dir='ltr'><strong>ἐπὶ</strong></span> <span class='ocrx_word' id='word_1_356' title='bbox 2582 2095 2809 2167; x_wconf 81' lang='grc' dir='ltr'>Χριστῷ</span> <span class='ocrx_word' id='word_1_357' title='bbox 2833 2095 3177 2164; x_wconf 77' lang='grc' dir='ltr'><strong>πεποίηνται,</strong></span> <span class='ocrx_word' id='word_1_358' title='bbox 3206 2091 3304 2153; x_wconf 89' lang='grc' dir='ltr'><strong>τάς</strong></span> <span class='ocrx_word' id='word_1_359' title='bbox 3330 2090 3508 2150; x_wconf 68' lang='grc' dir='ltr'>αἰτίας</span> <span class='ocrx_word' id='word_1_360' title='bbox 3537 2084 3915 2155; x_wconf 74' lang='grc' dir='ltr'><strong>ἐξηγούμενος</strong></span> <span class='ocrx_word' id='word_1_361' title='bbox 3935 2086 3959 2133; x_wconf 70' lang='grc' dir='ltr'>ὁ</span> 
     </span>
    </p>
   </div>
   <div class='ocr_carea' id='block_1_49' title="bbox 2372 2176 3957 2260">
    <p class='ocr_par' dir='ltr' id='par_1_49' title="bbox 2372 2176 3957 2260">
     <span class='ocr_line' id='line_1_49' title="bbox 2372 2176 3957 2260; baseline -0.013 -17"><span class='ocrx_word' id='word_1_362' title='bbox 2372 2191 2637 2260; x_wconf 81' lang='grc' dir='ltr'>μακάριος</span> <span class='ocrx_word' id='word_1_363' title='bbox 2661 2200 2682 2226; x_wconf 76' lang='grc'><strong>³</strong></span> <span class='ocrx_word' id='word_1_364' title='bbox 2722 2187 2976 2255; x_wconf 83' lang='grc' dir='ltr'><strong>Ἰωάννης</strong></span> <span class='ocrx_word' id='word_1_365' title='bbox 2998 2226 3012 2249; x_wconf 88' lang='grc'><em>,</em></span> <span class='ocrx_word' id='word_1_366' title='bbox 3045 2203 3062 2234; x_wconf 83' lang='grc' dir='ltr'><strong>ι</strong></span> <span class='ocrx_word' id='word_1_367' title='bbox 3096 2184 3194 2236; x_wconf 77' lang='grc' dir='ltr'><strong>Διὰ</strong></span> <span class='ocrx_word' id='word_1_368' title='bbox 3221 2181 3396 2244; x_wconf 77' lang='grc' dir='ltr'>τοῦτο,</span> <span class='ocrx_word' id='word_1_369' title='bbox 3427 2180 3615 2248; x_wconf 72' lang='grc' dir='ltr'>φησὶν,</span> <span class='ocrx_word' id='word_1_370' title='bbox 3652 2177 3888 2229; x_wconf 78' lang='grc' dir='ltr'><strong>ἐδίωκον</strong></span> <span class='ocrx_word' id='word_1_371' title='bbox 3916 2176 3957 2224; x_wconf 71' lang='grc' dir='ltr'><strong>οἱ</strong></span> 
     </span>
    </p>
   </div>
   <div class='ocr_carea' id='block_1_50' title="bbox 2382 2266 3957 2351">
    <p class='ocr_par' dir='ltr' id='par_1_50' title="bbox 2382 2266 3957 2351">
     <span class='ocr_line' id='line_1_50' title="bbox 2382 2266 3957 2351; baseline -0.013 -13"><span class='ocrx_word' id='word_1_372' title='bbox 2382 2284 2622 2338; x_wconf 83' lang='grc' dir='ltr'><strong>Ἰουδαῖοι</strong></span> <span class='ocrx_word' id='word_1_373' title='bbox 2653 2282 2744 2335; x_wconf 77' lang='grc' dir='ltr'><strong>τὸν</strong></span> <span class='ocrx_word' id='word_1_374' title='bbox 2779 2281 3034 2351; x_wconf 86' lang='grc' dir='ltr'>Χριστὸν,</span> <span class='ocrx_word' id='word_1_375' title='bbox 3080 2279 3162 2331; x_wconf 85' lang='grc' dir='ltr'><strong>ὅτι</strong></span> <span class='ocrx_word' id='word_1_376' title='bbox 3190 2277 3252 2328; x_wconf 81' lang='grc' dir='ltr'><strong>οὐ</strong></span> <span class='ocrx_word' id='word_1_377' title='bbox 3285 2275 3441 2342; x_wconf 89' lang='grc' dir='ltr'>μόνον</span> <span class='ocrx_word' id='word_1_378' title='bbox 3473 2272 3598 2324; x_wconf 72' lang='grc' dir='ltr'>ἔλυε</span> <span class='ocrx_word' id='word_1_379' title='bbox 3633 2270 3696 2322; x_wconf 78' lang='grc' dir='ltr'>τὸ</span> <span class='ocrx_word' id='word_1_380' title='bbox 3745 2266 3957 2321; x_wconf 65' lang='lat' dir='ltr'><strong>25:66a-</strong></span> 
     </span>
    </p>
   </div>
   <div class='ocr_carea' id='block_1_51' title="bbox 2367 2361 3959 2439">
    <p class='ocr_par' dir='ltr' id='par_1_51' title="bbox 2367 2361 3959 2439">
     <span class='ocr_line' id='line_1_51' title="bbox 2367 2361 3959 2439; baseline -0.012 -12"><span class='ocrx_word' id='word_1_381' title='bbox 2367 2392 2479 2438; x_wconf 83' lang='grc' dir='ltr'><strong>τον,</strong></span> <span class='ocrx_word' id='word_1_382' title='bbox 2511 2373 2645 2426; x_wconf 82' lang='grc' dir='ltr'>ἀλλὰ</span> <span class='ocrx_word' id='word_1_383' title='bbox 2674 2371 2766 2425; x_wconf 71' lang='grc' dir='ltr'>καὶ</span> <span class='ocrx_word' id='word_1_384' title='bbox 2797 2371 3014 2439; x_wconf 73' lang='grc' dir='ltr'><strong>Πατέρςί⁴</strong></span> <span class='ocrx_word' id='word_1_385' title='bbox 3039 2369 3170 2425; x_wconf 73' lang='grc' dir='ltr'><strong>ἴδιον</strong></span> <span class='ocrx_word' id='word_1_386' title='bbox 3199 2366 3353 2430; x_wconf 76' lang='grc' dir='ltr'>ἔλεγε</span> <span class='ocrx_word' id='word_1_387' title='bbox 3381 2363 3470 2416; x_wconf 84' lang='grc' dir='ltr'><strong>τὸν</strong></span> <span class='ocrx_word' id='word_1_388' title='bbox 3499 2361 3658 2423; x_wconf 78' lang='grc' dir='ltr'>Θεὸν,</span> <span class='ocrx_word' id='word_1_389' title='bbox 3691 2361 3814 2413; x_wconf 76' lang='grc' dir='ltr'>ἴσον</span> <span class='ocrx_word' id='word_1_390' title='bbox 3844 2361 3959 2410; x_wconf 66' lang='lat' dir='ltr'><strong>sau-</strong></span> 
     </span>
    </p>
   </div>
   <div class='ocr_carea' id='block_1_52' title="bbox 2368 2453 3959 2532">
    <p class='ocr_par' dir='ltr' id='par_1_52' title="bbox 2368 2453 3959 2532">
     <span class='ocr_line' id='line_1_52' title="bbox 2368 2453 3959 2532; baseline -0.011 -14"><span class='ocrx_word' id='word_1_391' title='bbox 2368 2465 2458 2519; x_wconf 79' lang='grc' dir='ltr'><strong>τὸν</strong></span> <span class='ocrx_word' id='word_1_392' title='bbox 2488 2464 2656 2518; x_wconf 80' lang='grc' dir='ltr'>ποιῶν</span> <span class='ocrx_word' id='word_1_393' title='bbox 2690 2463 2768 2531; x_wconf 83' lang='grc' dir='ltr'>τῷ</span> <span class='ocrx_word' id='word_1_394' title='bbox 2800 2461 2936 2532; x_wconf 83' lang='grc' dir='ltr'><strong>Θεῷ.</strong></span> <span class='ocrx_word' id='word_1_395' title='bbox 2975 2481 2991 2510; x_wconf 84' lang='grc'><strong>›</strong></span> <span class='ocrx_word' id='word_1_396' title='bbox 3016 2459 3375 2526; x_wconf 82' lang='grc' dir='ltr'>Εξσκεκόμικε</span> <span class='ocrx_word' id='word_1_397' title='bbox 3408 2455 3465 2508; x_wconf 78' lang='grc' dir='ltr'>δέ</span> <span class='ocrx_word' id='word_1_398' title='bbox 3492 2471 3595 2506; x_wconf 81' lang='grc' dir='ltr'>που</span> <span class='ocrx_word' id='word_1_399' title='bbox 3630 2453 3728 2505; x_wconf 72' lang='grc' dir='ltr'><strong>καὶ</strong></span> <span class='ocrx_word' id='word_1_400' title='bbox 3766 2453 3959 2511; x_wconf 53' lang='grc' dir='ltr'>αὐτοὺς</span> 
     </span>
    </p>
   </div>
   <div class='ocr_carea' id='block_1_53' title="bbox 2371 2542 3959 2621">
    <p class='ocr_par' dir='ltr' id='par_1_53' title="bbox 2371 2542 3959 2621">
     <span class='ocr_line' id='line_1_53' title="bbox 2371 2542 3959 2621; baseline -0.009 -15"><span class='ocrx_word' id='word_1_401' title='bbox 2371 2555 2624 2621; x_wconf 81' lang='grc' dir='ltr'>λέγοντας</span> <span class='ocrx_word' id='word_1_402' title='bbox 2650 2553 2908 2614; x_wconf 75' lang='grc' dir='ltr'>ἀνοσίωςο</span> <span class='ocrx_word' id='word_1_403' title='bbox 2947 2572 2963 2602; x_wconf 78' lang='grc' dir='ltr'><strong>ι</strong></span> <span class='ocrx_word' id='word_1_404' title='bbox 3001 2551 3137 2620; x_wconf 68' lang='grc' dir='ltr'>Περὶ</span> <span class='ocrx_word' id='word_1_405' title='bbox 3166 2547 3332 2602; x_wconf 84' lang='grc' dir='ltr'>καλοῦ</span> <span class='ocrx_word' id='word_1_406' title='bbox 3361 2546 3521 2616; x_wconf 76' lang='grc' dir='ltr'>ἔργου</span> <span class='ocrx_word' id='word_1_407' title='bbox 3557 2544 3620 2596; x_wconf 82' lang='grc' dir='ltr'><strong>οὐ</strong></span> <span class='ocrx_word' id='word_1_408' title='bbox 3664 2542 3959 2608; x_wconf 72' lang='grc' dir='ltr'><strong>λιθάζομέν</strong></span> 
     </span>
    </p>
   </div>
   <div class='ocr_carea' id='block_1_54' title="bbox 2376 2634 3957 2712">
    <p class='ocr_par' dir='ltr' id='par_1_54' title="bbox 2376 2634 3957 2712">
     <span class='ocr_line' id='line_1_54' title="bbox 2376 2634 3957 2712; baseline -0.012 -12"><span class='ocrx_word' id='word_1_409' title='bbox 2376 2663 2465 2711; x_wconf 87' lang='grc' dir='ltr'>σε,</span> <span class='ocrx_word' id='word_1_410' title='bbox 2510 2645 2648 2700; x_wconf 85' lang='grc' dir='ltr'>ἀλλὰ</span> <span class='ocrx_word' id='word_1_411' title='bbox 2701 2644 2830 2712; x_wconf 76' lang='grc' dir='ltr'>περὶ</span> <span class='ocrx_word' id='word_1_412' title='bbox 2878 2642 3258 2712; x_wconf 74' lang='grc' dir='ltr'>βλασφημίας’</span> <span class='ocrx_word' id='word_1_413' title='bbox 3290 2639 3372 2690; x_wconf 83' lang='grc' dir='ltr'>ὅτι</span> <span class='ocrx_word' id='word_1_414' title='bbox 3412 2639 3474 2690; x_wconf 75' lang='grc' dir='ltr'>σὺ</span> <span class='ocrx_word' id='word_1_415' title='bbox 3527 2636 3831 2705; x_wconf 81' lang='grc' dir='ltr'>ἄνθρωπος</span> <span class='ocrx_word' id='word_1_416' title='bbox 3870 2634 3957 2694; x_wconf 76' lang='grc' dir='ltr'><strong>ὢν,</strong></span> 
     </span>
    </p>
   </div>
   <div class='ocr_carea' id='block_1_55' title="bbox 2375 2724 3959 2808">
    <p class='ocr_par' dir='ltr' id='par_1_55' title="bbox 2375 2724 3959 2808">
     <span class='ocr_line' id='line_1_55' title="bbox 2375 2724 3959 2808; baseline -0.011 -17"><span class='ocrx_word' id='word_1_417' title='bbox 2375 2741 2548 2799; x_wconf 83' lang='grc' dir='ltr'>ποιεῖς</span> <span class='ocrx_word' id='word_1_418' title='bbox 2579 2737 2802 2790; x_wconf 85' lang='grc' dir='ltr'>σεαυτὸν</span> <span class='ocrx_word' id='word_1_419' title='bbox 2831 2736 2982 2788; x_wconf 85' lang='grc' dir='ltr'>Θεόν.</span> <span class='ocrx_word' id='word_1_420' title='bbox 3013 2753 3030 2784; x_wconf 75' lang='grc' dir='ltr'>ι</span> <span class='ocrx_word' id='word_1_421' title='bbox 3079 2729 3287 2785; x_wconf 83' lang='grc' dir='ltr'>Οὐκοῦν</span> <span class='ocrx_word' id='word_1_422' title='bbox 3328 2728 3729 2808; x_wconf 48' lang='grc' dir='ltr'>ἀπαράδεκτον.</span> <span class='ocrx_word' id='word_1_423' title='bbox 3745 2725 3849 2795; x_wconf 83' lang='grc' dir='ltr'>τὴν</span> <span class='ocrx_word' id='word_1_424' title='bbox 3881 2724 3959 2777; x_wconf 68' lang='grc' dir='ltr'>ἐπ’</span> 
     </span>
    </p>
   </div>
   <div class='ocr_carea' id='block_1_56' title="bbox 2375 2811 3960 2901">
    <p class='ocr_par' dir='ltr' id='par_1_56' title="bbox 2375 2811 3960 2901">
     <span class='ocr_line' id='line_1_56' title="bbox 2375 2811 3960 2901; baseline -0.012 -16"><span class='ocrx_word' id='word_1_425' title='bbox 2375 2829 2524 2901; x_wconf 78' lang='grc' dir='ltr'>αὐτῷ</span> <span class='ocrx_word' id='word_1_426' title='bbox 2553 2829 2880 2897; x_wconf 85' lang='grc' dir='ltr'><strong>πεποίηνται</strong></span> <span class='ocrx_word' id='word_1_427' title='bbox 2918 2827 3122 2888; x_wconf 82' lang='grc' dir='ltr'>πίστιν,</span> <span class='ocrx_word' id='word_1_428' title='bbox 3151 2822 3437 2894; x_wconf 80' lang='grc' dir='ltr'>ἄνθρωπον</span> <span class='ocrx_word' id='word_1_429' title='bbox 3475 2821 3574 2890; x_wconf 82' lang='grc' dir='ltr'><strong>μὲν</strong></span> <span class='ocrx_word' id='word_1_430' title='bbox 3609 2811 3756 2871; x_wconf 66' lang='grc' dir='ltr'>εἶναι</span> <span class='ocrx_word' id='word_1_431' title='bbox 3812 2817 3960 2885; x_wconf 72' lang='grc' dir='ltr'>νομί-</span> 
     </span>
    </p>
   </div>
   <div class='ocr_carea' id='block_1_57' title="bbox 2375 2910 3963 2991">
    <p class='ocr_par' dir='ltr' id='par_1_57' title="bbox 2375 2910 3963 2991">
     <span class='ocr_line' id='line_1_57' title="bbox 2375 2910 3963 2991; baseline -0.011 -14"><span class='ocrx_word' id='word_1_432' title='bbox 2375 2925 2560 2988; x_wconf 82' lang='grc' dir='ltr'>ζοντες</span> <span class='ocrx_word' id='word_1_433' title='bbox 2596 2923 2729 2976; x_wconf 83' lang='grc' dir='ltr'>αὐτὸ</span> <span class='ocrx_word' id='word_1_434' title='bbox 2757 2922 2820 2991; x_wconf 76' lang='grc' dir='ltr'><strong>δὴ</strong></span> <span class='ocrx_word' id='word_1_435' title='bbox 2861 2919 3019 2973; x_wconf 83' lang='grc' dir='ltr'>τοῦτο</span> <span class='ocrx_word' id='word_1_436' title='bbox 3047 2919 3222 2990; x_wconf 78' lang='grc' dir='ltr'><strong>ψιλὸν,</strong></span> <span class='ocrx_word' id='word_1_437' title='bbox 3263 2914 3593 2984; x_wconf 76' lang='grc' dir='ltr'><strong>ἠγνοηκότες</strong></span> <span class='ocrx_word' id='word_1_438' title='bbox 3617 2911 3680 2978; x_wconf 74' lang='grc' dir='ltr'>δὲ</span> <span class='ocrx_word' id='word_1_439' title='bbox 3719 2912 3807 2962; x_wconf 79' lang='grc' dir='ltr'><strong>ὅτι</strong></span> <span class='ocrx_word' id='word_1_440' title='bbox 3838 2910 3963 2969; x_wconf 65' lang='grc' dir='ltr'>Θεὸς</span> 
     </span>
    </p>
   </div>
   <div class='ocr_carea' id='block_1_58' title="bbox 2377 3000 3962 3081">
    <p class='ocr_par' dir='ltr' id='par_1_58' title="bbox 2377 3000 3962 3081">
     <span class='ocr_line' id='line_1_58' title="bbox 2377 3000 3962 3081; baseline -0.012 -13"><span class='ocrx_word' id='word_1_441' title='bbox 2377 3015 2452 3070; x_wconf 83' lang='grc' dir='ltr'><strong>ὣν</strong></span> <span class='ocrx_word' id='word_1_442' title='bbox 2492 3017 2520 3069; x_wconf 85' lang='grc' dir='ltr'>ὁ</span> <span class='ocrx_word' id='word_1_443' title='bbox 2553 3014 2723 3081; x_wconf 85' lang='grc' dir='ltr'>Λόγος</span> <span class='ocrx_word' id='word_1_444' title='bbox 2754 3012 3049 3066; x_wconf 74' lang='grc' dir='ltr'>ἐπελάϐετο</span> <span class='ocrx_word' id='word_1_445' title='bbox 3079 3009 3390 3079; x_wconf 82' lang='grc' dir='ltr'>σπέρματος</span> <span class='ocrx_word' id='word_1_446' title='bbox 3428 3002 3709 3073; x_wconf 48' lang='grc' dir='ltr'>’Δὸραάρα</span> <span class='ocrx_word' id='word_1_447' title='bbox 3748 3000 3848 3053; x_wconf 74' lang='grc' dir='ltr'><strong>καὶ</strong></span> <span class='ocrx_word' id='word_1_448' title='bbox 3877 3016 3962 3049; x_wconf 69' lang='grc' dir='ltr'><strong>κεν</strong></span> 
     </span>
    </p>
   </div>
   <div class='ocr_carea' id='block_1_59' title="bbox 2379 3092 3958 3175">
    <p class='ocr_par' dir='ltr' id='par_1_59' title="bbox 2379 3092 3958 3175">
     <span class='ocr_line' id='line_1_59' title="bbox 2379 3092 3958 3175; baseline -0.013 -15"><span class='ocrx_word' id='word_1_449' title='bbox 2379 3107 2707 3175; x_wconf 86' lang='grc' dir='ltr'>κοινώνηκεν</span> <span class='ocrx_word' id='word_1_450' title='bbox 2736 3105 2965 3174; x_wconf 80' lang='grc' dir='ltr'>αἵματος</span> <span class='ocrx_word' id='word_1_451' title='bbox 2997 3100 3090 3153; x_wconf 79' lang='grc' dir='ltr'><strong>καὶ</strong></span> <span class='ocrx_word' id='word_1_452' title='bbox 3121 3099 3324 3169; x_wconf 86' lang='grc' dir='ltr'>σαρκὸς</span> <span class='ocrx_word' id='word_1_453' title='bbox 3357 3092 3766 3165; x_wconf 78' lang='grc' dir='ltr'>παραπλησίως</span> <span class='ocrx_word' id='word_1_454' title='bbox 3800 3093 3958 3161; x_wconf 71' lang='grc' dir='ltr'>ἡμῖν’</span> 
     </span>
    </p>
   </div>
   <div class='ocr_carea' id='block_1_60' title="bbox 2381 3181 3962 3265">
    <p class='ocr_par' dir='ltr' id='par_1_60' title="bbox 2381 3181 3962 3265">
     <span class='ocr_line' id='line_1_60' title="bbox 2381 3181 3962 3265; baseline -0.011 -16"><span class='ocrx_word' id='word_1_455' title='bbox 2381 3197 2519 3265; x_wconf 82' lang='grc' dir='ltr'>πλὴν</span> <span class='ocrx_word' id='word_1_456' title='bbox 2546 3196 2645 3248; x_wconf 82' lang='grc' dir='ltr'><strong>οὐκ</strong></span> <span class='ocrx_word' id='word_1_457' title='bbox 2671 3195 2882 3262; x_wconf 81' lang='grc' dir='ltr'>ἀπέστη</span> <span class='ocrx_word' id='word_1_458' title='bbox 2909 3193 3002 3245; x_wconf 80' lang='grc' dir='ltr'><strong>τοῦ</strong></span> <span class='ocrx_word' id='word_1_459' title='bbox 3035 3187 3172 3244; x_wconf 73' lang='grc' dir='ltr'>εἶναι</span> <span class='ocrx_word' id='word_1_460' title='bbox 3193 3189 3353 3252; x_wconf 76' lang='grc' dir='ltr'>Θεόςο</span> <span class='ocrx_word' id='word_1_461' title='bbox 3391 3189 3664 3257; x_wconf 81' lang='grc' dir='ltr'>ἄτρεπτος</span> <span class='ocrx_word' id='word_1_462' title='bbox 3689 3184 3802 3254; x_wconf 74' lang='grc' dir='ltr'>γὰρ</span> <span class='ocrx_word' id='word_1_463' title='bbox 3830 3181 3962 3233; x_wconf 70' lang='grc' dir='ltr'>κατὰ</span> 
     </span>
    </p>
   </div>
   <div class='ocr_carea' id='block_1_61' title="bbox 706 3263 2273 3356">
    <p class='ocr_par' dir='ltr' id='par_1_61' title="bbox 706 3263 2273 3331">
     <span class='ocr_line' id='line_1_61' title="bbox 706 3263 2273 3331; baseline -0.004 -9"><span class='ocrx_word' id='word_1_464' title='bbox 706 3263 1356 3328; x_wconf 88' lang='lat' dir='ltr'><strong>naturamimmutabilis,</strong></span> <span class='ocrx_word' id='word_1_465' title='bbox 1411 3272 1780 3331; x_wconf 88' lang='lat' dir='ltr'><strong>perpetuoque</strong></span> <span class='ocrx_word' id='word_1_466' title='bbox 1831 3265 1946 3330; x_wconf 84' lang='lat' dir='ltr'><strong>ipse</strong></span> <span class='ocrx_word' id='word_1_467' title='bbox 2001 3263 2140 3316; x_wconf 89' lang='lat' dir='ltr'><strong>idem</strong></span> <span class='ocrx_word' id='word_1_468' title='bbox 2172 3271 2273 3316; x_wconf 81' lang='lat' dir='ltr'><strong>est.</strong></span> 
     </span>
    </p>
   </div>
   <div class='ocr_carea' id='block_1_62' title="bbox 2374 3263 3958 3356">
    <p class='ocr_par' dir='ltr' id='par_1_62' title="bbox 2382 3263 3958 3356">
     <span class='ocr_line' id='line_1_62' title="bbox 2382 3263 3958 3356; baseline -0.01 -17"><span class='ocrx_word' id='word_1_469' title='bbox 2382 3263 2542 3356; x_wconf 83' lang='grc' dir='ltr'>φύσιν</span> <span class='ocrx_word' id='word_1_470' title='bbox 2561 3286 2697 3348; x_wconf 76' lang='grc' dir='ltr'>ἐστὶ,</span> <span class='ocrx_word' id='word_1_471' title='bbox 2719 3285 2813 3340; x_wconf 74' lang='grc' dir='ltr'><strong>καὶ</strong></span> <span class='ocrx_word' id='word_1_472' title='bbox 2834 3283 3093 3354; x_wconf 81' lang='grc' dir='ltr'><strong>διηνεκῶς</strong></span> <span class='ocrx_word' id='word_1_473' title='bbox 3117 3283 3145 3334; x_wconf 84' lang='grc' dir='ltr'><strong>ὁ</strong></span> <span class='ocrx_word' id='word_1_474' title='bbox 3174 3282 3357 3344; x_wconf 79' lang='grc' dir='ltr'>αὐτός.</span> <span class='ocrx_word' id='word_1_475' title='bbox 3393 3271 3748 3346; x_wconf 70' lang='grc' dir='ltr'><strong>(Ὅτανρῦν,</strong></span> <span class='ocrx_word' id='word_1_476' title='bbox 3780 3275 3958 3344; x_wconf 76' lang='grc' dir='ltr'>φησὶν,</span> 
     </span>
    </p>
   </div>
   <div class='ocr_carea' id='block_1_63' title="bbox 705 3352 2280 3426">
    <p class='ocr_par' dir='ltr' id='par_1_63' title="bbox 705 3352 2280 3426">
     <span class='ocr_line' id='line_1_63' title="bbox 705 3352 2280 3426; baseline -0.003 -15"><span class='ocrx_word' id='word_1_477' title='bbox 705 3358 798 3411; x_wconf 86' lang='lat' dir='ltr'><strong>Ait</strong></span> <span class='ocrx_word' id='word_1_478' title='bbox 857 3370 1020 3426; x_wconf 88' lang='lat' dir='ltr'><strong>ergo:</strong></span> <span class='ocrx_word' id='word_1_479' title='bbox 1069 3372 1087 3405; x_wconf 79' lang='grc' dir='ltr'>ι</span> <span class='ocrx_word' id='word_1_480' title='bbox 1139 3353 1272 3409; x_wconf 89' lang='lat' dir='ltr'><strong>Cum</strong></span> <span class='ocrx_word' id='word_1_481' title='bbox 1328 3355 1701 3409; x_wconf 77' lang='lat' dir='ltr'><strong>exaltareritis</strong></span> <span class='ocrx_word' id='word_1_482' title='bbox 1777 3352 1971 3407; x_wconf 87' lang='lat' dir='ltr'><strong>Filium</strong></span> <span class='ocrx_word' id='word_1_483' title='bbox 2025 3353 2280 3418; x_wconf 88' lang='lat' dir='ltr'><strong>hominis,</strong></span> 
     </span>
    </p>
   </div>
   <div class='ocr_carea' id='block_1_64' title="bbox 709 3446 2280 3518">
    <p class='ocr_par' dir='ltr' id='par_1_64' title="bbox 709 3446 2280 3518">
     <span class='ocr_line' id='line_1_64' title="bbox 709 3446 2280 3518; baseline -0.002 -14"><span class='ocrx_word' id='word_1_484' title='bbox 709 3464 838 3504; x_wconf 86' lang='lat' dir='ltr'><strong>tunc</strong></span> <span class='ocrx_word' id='word_1_485' title='bbox 888 3448 1226 3518; x_wconf 77' lang='lat' dir='ltr'><strong>cognoscetis</strong></span> <span class='ocrx_word' id='word_1_486' title='bbox 1250 3448 1375 3518; x_wconf 88' lang='lat' dir='ltr'><strong>quia</strong></span> <span class='ocrx_word' id='word_1_487' title='bbox 1406 3462 1508 3517; x_wconf 80' lang='lat' dir='ltr'><strong>ego</strong></span> <span class='ocrx_word' id='word_1_488' title='bbox 1533 3463 1650 3502; x_wconf 90' lang='lat' dir='ltr'><strong>sum</strong></span> <span class='ocrx_word' id='word_1_489' title='bbox 1680 3447 1724 3503; x_wconf 73' lang='grc'><strong>⁸.</strong></span> <span class='ocrx_word' id='word_1_490' title='bbox 1759 3467 1779 3500; x_wconf 75' lang='grc' dir='ltr'>ι</span> <span class='ocrx_word' id='word_1_491' title='bbox 1816 3446 2073 3514; x_wconf 79' lang='lat' dir='ltr'><strong>Quamvis</strong></span> <span class='ocrx_word' id='word_1_492' title='bbox 2133 3446 2280 3501; x_wconf 89' lang='lat' dir='ltr'><strong>enim</strong></span> 
     </span>
    </p>
   </div>
   <div class='ocr_carea' id='block_1_65' title="bbox 708 3539 2280 3610">
    <p class='ocr_par' dir='ltr' id='par_1_65' title="bbox 708 3539 2280 3610">
     <span class='ocr_line' id='line_1_65' title="bbox 708 3539 2280 3610; baseline -0.001 -14"><span class='ocrx_word' id='word_1_493' title='bbox 708 3541 1003 3596; x_wconf 86' lang='lat' dir='ltr'><strong>secundum</strong></span> <span class='ocrx_word' id='word_1_494' title='bbox 1071 3541 1360 3596; x_wconf 88' lang='lat' dir='ltr'><strong>humanam</strong></span> <span class='ocrx_word' id='word_1_495' title='bbox 1429 3551 1676 3594; x_wconf 80' lang='lat' dir='ltr'><strong>naturam</strong></span> <span class='ocrx_word' id='word_1_496' title='bbox 1726 3540 1906 3594; x_wconf 88' lang='lat' dir='ltr'><strong>crucis</strong></span> <span class='ocrx_word' id='word_1_497' title='bbox 1954 3539 2280 3610; x_wconf 77' lang='lat' dir='ltr'><strong>Supplicium</strong></span> 
     </span>
    </p>
   </div>
   <div class='ocr_carea' id='block_1_66' title="bbox 712 3635 2282 3708">
    <p class='ocr_par' dir='ltr' id='par_1_66' title="bbox 712 3635 2282 3708">
     <span class='ocr_line' id='line_1_66' title="bbox 712 3635 2282 3708; baseline -0.001 -18"><span class='ocrx_word' id='word_1_498' title='bbox 712 3635 954 3708; x_wconf 88' lang='lat' dir='ltr'><strong>pertulit,</strong></span> <span class='ocrx_word' id='word_1_499' title='bbox 982 3635 1161 3689; x_wconf 88' lang='lat' dir='ltr'><strong>divina</strong></span> <span class='ocrx_word' id='word_1_500' title='bbox 1200 3644 1377 3689; x_wconf 87' lang='lat' dir='ltr'><strong>tamen</strong></span> <span class='ocrx_word' id='word_1_501' title='bbox 1431 3635 1630 3688; x_wconf 88' lang='lat' dir='ltr'><strong>virtute</strong></span> <span class='ocrx_word' id='word_1_502' title='bbox 1675 3636 1992 3690; x_wconf 82' lang='lat' dir='ltr'><strong>resurrexit.</strong></span> <span class='ocrx_word' id='word_1_503' title='bbox 2051 3635 2282 3704; x_wconf 80' lang='lat' dir='ltr'><strong>Propter</strong></span> 
     </span>
    </p>
   </div>
   <div class='ocr_carea' id='block_1_67' title="bbox 714 3726 2284 3788">
    <p class='ocr_par' dir='ltr' id='par_1_67' title="bbox 714 3726 2284 3788">
     <span class='ocr_line' id='line_1_67' title="bbox 714 3726 2284 3788; baseline 0.001 -8"><span class='ocrx_word' id='word_1_504' title='bbox 714 3726 1168 3781; x_wconf 82' lang='lat' dir='ltr'><strong>resurrectionem</strong></span> <span class='ocrx_word' id='word_1_505' title='bbox 1195 3738 1371 3779; x_wconf 88' lang='lat' dir='ltr'><strong>autem</strong></span> <span class='ocrx_word' id='word_1_506' title='bbox 1404 3734 1459 3779; x_wconf 88' lang='lat' dir='ltr'><strong>et</strong></span> <span class='ocrx_word' id='word_1_507' title='bbox 1488 3741 1645 3779; x_wconf 74' lang='lat' dir='ltr'><strong>verus</strong></span> <span class='ocrx_word' id='word_1_508' title='bbox 1681 3726 1839 3788; x_wconf 85' lang='lat' dir='ltr'><strong>Deus.</strong></span> <span class='ocrx_word' id='word_1_509' title='bbox 1876 3736 1931 3780; x_wconf 91' lang='lat' dir='ltr'><strong>et</strong></span> <span class='ocrx_word' id='word_1_510' title='bbox 1955 3743 2115 3781; x_wconf 81' lang='lat' dir='ltr'><strong>verus</strong></span> <span class='ocrx_word' id='word_1_511' title='bbox 2161 3742 2284 3781; x_wconf 89' lang='lat' dir='ltr'><strong>rur-</strong></span> 
     </span>
    </p>
   </div>
   <div class='ocr_carea' id='block_1_68' title="bbox 713 3817 2284 3884">
    <p class='ocr_par' dir='ltr' id='par_1_68' title="bbox 713 3817 2284 3884">
     <span class='ocr_line' id='line_1_68' title="bbox 713 3817 2284 3884; baseline -0.001 -9"><span class='ocrx_word' id='word_1_512' title='bbox 713 3834 831 3875; x_wconf 88' lang='lat' dir='ltr'><strong>sum</strong></span> <span class='ocrx_word' id='word_1_513' title='bbox 865 3818 957 3875; x_wconf 91' lang='lat' dir='ltr'><strong>Dei</strong></span> <span class='ocrx_word' id='word_1_514' title='bbox 985 3817 1155 3874; x_wconf 86' lang='lat' dir='ltr'><strong>Filius</strong></span> <span class='ocrx_word' id='word_1_515' title='bbox 1181 3821 1421 3872; x_wconf 89' lang='lat' dir='ltr'><strong>creditus</strong></span> <span class='ocrx_word' id='word_1_516' title='bbox 1445 3826 1550 3872; x_wconf 87' lang='lat' dir='ltr'><strong>est.</strong></span> <span class='ocrx_word' id='word_1_517' title='bbox 1586 3819 1740 3884; x_wconf 86' lang='lat' dir='ltr'><strong>Quod</strong></span> <span class='ocrx_word' id='word_1_518' title='bbox 1775 3819 1819 3872; x_wconf 90' lang='lat' dir='ltr'><strong>si</strong></span> <span class='ocrx_word' id='word_1_519' title='bbox 1843 3834 1965 3872; x_wconf 90' lang='lat' dir='ltr'><strong>eum</strong></span> <span class='ocrx_word' id='word_1_520' title='bbox 2012 3835 2115 3873; x_wconf 90' lang='lat' dir='ltr'><strong>non</strong></span> <span class='ocrx_word' id='word_1_521' title='bbox 2147 3820 2284 3874; x_wconf 88' lang='lat' dir='ltr'><strong>alte-</strong></span> 
     </span>
    </p>
   </div>
   <div class='ocr_carea' id='block_1_69' title="bbox 715 3911 2282 3979">
    <p class='ocr_par' dir='ltr' id='par_1_69' title="bbox 715 3911 2282 3979">
     <span class='ocr_line' id='line_1_69' title="bbox 715 3911 2282 3979; baseline 0.001 -13"><span class='ocrx_word' id='word_1_522' title='bbox 715 3926 832 3966; x_wconf 89' lang='lat' dir='ltr'><strong>rum</strong></span> <span class='ocrx_word' id='word_1_523' title='bbox 855 3911 1244 3976; x_wconf 84' lang='lat' dir='ltr'><strong>exsuscitasse,</strong></span> <span class='ocrx_word' id='word_1_524' title='bbox 1276 3912 1368 3964; x_wconf 87' lang='lat' dir='ltr'><strong>sed</strong></span> <span class='ocrx_word' id='word_1_525' title='bbox 1394 3912 1567 3978; x_wconf 86' lang='lat' dir='ltr'><strong>ipsum</strong></span> <span class='ocrx_word' id='word_1_526' title='bbox 1595 3913 1960 3966; x_wconf 81' lang='lat' dir='ltr'><strong>resurrexissc</strong></span> <span class='ocrx_word' id='word_1_527' title='bbox 1988 3914 2282 3979; x_wconf 88' lang='lat' dir='ltr'><strong>credimus,</strong></span> 
     </span>
    </p>
   </div>
   <div class='ocr_carea' id='block_1_70' title="bbox 714 4004 2275 4076">
    <p class='ocr_par' dir='ltr' id='par_1_70' title="bbox 714 4004 2275 4076">
     <span class='ocr_line' id='line_1_70' title="bbox 714 4004 2275 4076; baseline 0.001 -18"><span class='ocrx_word' id='word_1_528' title='bbox 714 4018 912 4072; x_wconf 78' lang='lat' dir='ltr'><strong>corpus</strong></span> <span class='ocrx_word' id='word_1_529' title='bbox 938 4004 1143 4071; x_wconf 88' lang='lat' dir='ltr'><strong>utique,</strong></span> <span class='ocrx_word' id='word_1_530' title='bbox 1173 4008 1316 4071; x_wconf 87' lang='lat' dir='ltr'><strong>quod</strong></span> <span class='ocrx_word' id='word_1_531' title='bbox 1345 4015 1573 4058; x_wconf 88' lang='lat' dir='ltr'><strong>mortem</strong></span> <span class='ocrx_word' id='word_1_532' title='bbox 1627 4019 1942 4075; x_wconf 82' lang='lat' dir='ltr'><strong>perpessum</strong></span> <span class='ocrx_word' id='word_1_533' title='bbox 1985 4017 2092 4072; x_wconf 87' lang='lat' dir='ltr'><strong>est,</strong></span> <span class='ocrx_word' id='word_1_534' title='bbox 2149 4022 2275 4076; x_wconf 87' lang='lat' dir='ltr'><strong>pro-</strong></span> 
     </span>
    </p>
   </div>
   <div class='ocr_carea' id='block_1_71' title="bbox 713 4095 2277 4162">
    <p class='ocr_par' dir='ltr' id='par_1_71' title="bbox 713 4095 2277 4162">
     <span class='ocr_line' id='line_1_71' title="bbox 713 4095 2277 4162; baseline 0.003 -15"><span class='ocrx_word' id='word_1_535' title='bbox 713 4095 889 4162; x_wconf 88' lang='lat' dir='ltr'><strong>prium</strong></span> <span class='ocrx_word' id='word_1_536' title='bbox 922 4095 1080 4148; x_wconf 53' lang='lat' dir='ltr'><strong>illius&#39;</strong></span> <span class='ocrx_word' id='word_1_537' title='bbox 1107 4096 1506 4162; x_wconf 77' lang='lat' dir='ltr'><strong>dispensatoris</strong></span> <span class='ocrx_word' id='word_1_538' title='bbox 1547 4097 1824 4150; x_wconf 79' lang='lat' dir='ltr'><strong>exstitisse</strong></span> <span class='ocrx_word' id='word_1_539' title='bbox 1872 4106 2177 4152; x_wconf 87' lang='lat' dir='ltr'><strong>statuamus</strong></span> <span class='ocrx_word' id='word_1_540' title='bbox 2215 4113 2277 4152; x_wconf 83' lang='lat'><strong>0-</strong></span> 
     </span>
    </p>
   </div>
   <div class='ocr_carea' id='block_1_72' title="bbox 717 4184 2287 4260">
    <p class='ocr_par' dir='ltr' id='par_1_72' title="bbox 717 4184 2287 4260">
     <span class='ocr_line' id='line_1_72' title="bbox 717 4184 2287 4260; baseline 0.003 -21"><span class='ocrx_word' id='word_1_541' title='bbox 717 4184 1134 4259; x_wconf 76' lang='lat' dir='ltr'><strong>portel:138</strong></span> <span class='ocrx_word' id='word_1_542' title='bbox 1163 4200 1268 4253; x_wconf 91' lang='lat' dir='ltr'><strong>quo</strong></span> <span class='ocrx_word' id='word_1_543' title='bbox 1329 4187 1430 4239; x_wconf 89' lang='lat' dir='ltr'><strong>hac</strong></span> <span class='ocrx_word' id='word_1_544' title='bbox 1481 4187 1734 4241; x_wconf 88' lang='lat' dir='ltr'><strong>nimirum</strong></span> <span class='ocrx_word' id='word_1_545' title='bbox 1792 4189 2004 4241; x_wconf 91' lang='lat' dir='ltr'><strong>ratione</strong></span> <span class='ocrx_word' id='word_1_546' title='bbox 2061 4200 2115 4243; x_wconf 93' lang='lat' dir='ltr'><strong>et</strong></span> <span class='ocrx_word' id='word_1_547' title='bbox 2169 4189 2287 4260; x_wconf 86' lang='lat' dir='ltr'><strong>ipse</strong></span> 
     </span>
    </p>
   </div>
   <div class='ocr_carea' id='block_1_73' title="bbox 716 4279 2285 4347">
    <p class='ocr_par' dir='ltr' id='par_1_73' title="bbox 716 4279 2285 4347">
     <span class='ocr_line' id='line_1_73' title="bbox 716 4279 2285 4347; baseline -0.001 -13"><span class='ocrx_word' id='word_1_548' title='bbox 716 4292 952 4347; x_wconf 79' lang='lat' dir='ltr'><strong>quoque,</strong></span> <span class='ocrx_word' id='word_1_549' title='bbox 988 4279 1114 4332; x_wconf 90' lang='lat' dir='ltr'><strong>licet</strong></span> <span class='ocrx_word' id='word_1_550' title='bbox 1135 4290 1326 4347; x_wconf 88' lang='lat' dir='ltr'><strong>suapte</strong></span> <span class='ocrx_word' id='word_1_551' title='bbox 1357 4293 1545 4331; x_wconf 85' lang='lat' dir='ltr'><strong>natura</strong></span> <span class='ocrx_word' id='word_1_552' title='bbox 1575 4281 1894 4334; x_wconf 80' lang='lat' dir='ltr'><strong>immortalis</strong></span> <span class='ocrx_word' id='word_1_553' title='bbox 1940 4281 2010 4334; x_wconf 90' lang='lat' dir='ltr'><strong>sit</strong></span> <span class='ocrx_word' id='word_1_554' title='bbox 2035 4291 2092 4334; x_wconf 95' lang='lat' dir='ltr'><strong>ut</strong></span> <span class='ocrx_word' id='word_1_555' title='bbox 2119 4281 2285 4345; x_wconf 84' lang='lat' dir='ltr'><strong>Deus,</strong></span> 
     </span>
    </p>
   </div>
   <div class='ocr_carea' id='block_1_74' title="bbox 718 4370 2288 4444">
    <p class='ocr_par' dir='ltr' id='par_1_74' title="bbox 718 4370 2288 4444">
     <span class='ocr_line' id='line_1_74' title="bbox 718 4370 2288 4444; baseline 0.001 -18"><span class='ocrx_word' id='word_1_556' title='bbox 718 4370 1084 4427; x_wconf 80' lang='lat' dir='ltr'><strong>resurrexisse</strong></span> <span class='ocrx_word' id='word_1_557' title='bbox 1125 4371 1253 4425; x_wconf 90' lang='lat' dir='ltr'><strong>dicit</strong></span> <span class='ocrx_word' id='word_1_558' title='bbox 1285 4381 1469 4440; x_wconf 87' lang='lat' dir='ltr'><strong>queat.</strong></span> <span class='ocrx_word' id='word_1_559' title='bbox 1521 4370 1692 4426; x_wconf 87' lang='lat' dir='ltr'><strong>Unius</strong></span> <span class='ocrx_word' id='word_1_560' title='bbox 1747 4373 1891 4426; x_wconf 88' lang='lat' dir='ltr'><strong>enim</strong></span> <span class='ocrx_word' id='word_1_561' title='bbox 1937 4374 2288 4444; x_wconf 67' lang='lat' dir='ltr'><strong>ejusdemque</strong></span> 
     </span>
    </p>
   </div>
   <div class='ocr_carea' id='block_1_75' title="bbox 713 4463 2287 4530">
    <p class='ocr_par' dir='ltr' id='par_1_75' title="bbox 713 4463 2287 4530">
     <span class='ocr_line' id='line_1_75' title="bbox 713 4463 2287 4530; baseline 0.003 -13"><span class='ocrx_word' id='word_1_562' title='bbox 713 4463 920 4517; x_wconf 75' lang='lat' dir='ltr'><strong>Christi</strong></span> <span class='ocrx_word' id='word_1_563' title='bbox 957 4473 1005 4514; x_wconf 91' lang='lat' dir='ltr'><strong>et</strong></span> <span class='ocrx_word' id='word_1_564' title='bbox 1039 4463 1160 4515; x_wconf 81' lang='lat' dir='ltr'><strong>Filii</strong></span> <span class='ocrx_word' id='word_1_565' title='bbox 1205 4473 1433 4517; x_wconf 87' lang='lat' dir='ltr'><strong>mortem</strong></span> <span class='ocrx_word' id='word_1_566' title='bbox 1463 4466 1868 4530; x_wconf 88' lang='lat' dir='ltr'><strong>annuntiantes,</strong></span> <span class='ocrx_word' id='word_1_567' title='bbox 1919 4477 1970 4520; x_wconf 90' lang='lat' dir='ltr'><strong>et</strong></span> <span class='ocrx_word' id='word_1_568' title='bbox 2040 4482 2287 4521; x_wconf 86' lang='lat' dir='ltr'><strong>resurre-</strong></span> 
     </span>
    </p>
   </div>
   <div class='ocr_carea' id='block_1_76' title="bbox 713 4553 2287 4626">
    <p class='ocr_par' dir='ltr' id='par_1_76' title="bbox 713 4553 2287 4626">
     <span class='ocr_line' id='line_1_76' title="bbox 713 4553 2287 4626; baseline 0.003 -18"><span class='ocrx_word' id='word_1_569' title='bbox 713 4554 950 4609; x_wconf 88' lang='lat' dir='ltr'><strong>ctionem</strong></span> <span class='ocrx_word' id='word_1_570' title='bbox 987 4553 1333 4618; x_wconf 78' lang='lat' dir='ltr'><strong>conﬁtentes,</strong></span> <span class='ocrx_word' id='word_1_571' title='bbox 1362 4555 1726 4623; x_wconf 80' lang='lat' dir='ltr'><strong>justilicamur</strong></span> <span class='ocrx_word' id='word_1_572' title='bbox 1773 4573 1867 4626; x_wconf 87' lang='lat' dir='ltr'><strong>per</strong></span> <span class='ocrx_word' id='word_1_573' title='bbox 1903 4558 2082 4612; x_wconf 83' lang='lat' dir='ltr'><strong>ﬁdem.</strong></span> <span class='ocrx_word' id='word_1_574' title='bbox 2139 4558 2287 4613; x_wconf 87' lang='lat' dir='ltr'><strong>Unus</strong></span> 
     </span>
    </p>
   </div>
   <div class='ocr_carea' id='block_1_77' title="bbox 716 4627 2363 4714">
    <p class='ocr_par' dir='ltr' id='par_1_77' title="bbox 716 4627 2363 4714">
     <span class='ocr_line' id='line_1_77' title="bbox 716 4627 2363 4714; baseline 0.006 -17"><span class='ocrx_word' id='word_1_575' title='bbox 716 4645 880 4714; x_wconf 87' lang='lat' dir='ltr'><strong>igitur</strong></span> <span class='ocrx_word' id='word_1_576' title='bbox 911 4646 1159 4713; x_wconf 81' lang='lat' dir='ltr'><strong>idemque</strong></span> <span class='ocrx_word' id='word_1_577' title='bbox 1187 4655 1239 4699; x_wconf 91' lang='lat' dir='ltr'><strong>et</strong></span> <span class='ocrx_word' id='word_1_578' title='bbox 1259 4647 1406 4700; x_wconf 92' lang='lat' dir='ltr'><strong>solus</strong></span> <span class='ocrx_word' id='word_1_579' title='bbox 1437 4646 1884 4714; x_wconf 83' lang='lat' dir='ltr'><strong>ChristnsJesus,</strong></span> <span class='ocrx_word' id='word_1_580' title='bbox 1929 4660 1985 4704; x_wconf 89' lang='lat' dir='ltr'><strong>ut</strong></span> <span class='ocrx_word' id='word_1_581' title='bbox 2010 4651 2170 4704; x_wconf 88' lang='lat' dir='ltr'><strong>homo</strong></span> <span class='ocrx_word' id='word_1_582' title='bbox 2197 4667 2284 4706; x_wconf 89' lang='lat' dir='ltr'><strong>se-</strong></span> <span class='ocrx_word' id='word_1_583' title='bbox 2319 4627 2363 4680; x_wconf 73' lang='grc' dir='ltr'>υ</span> 
     </span>
    </p>
   </div>
   <div class='ocr_carea' id='block_1_78' title="bbox 715 4737 2281 4806">
    <p class='ocr_par' dir='ltr' id='par_1_78' title="bbox 715 4737 2281 4806">
     <span class='ocr_line' id='line_1_78' title="bbox 715 4737 2281 4806; baseline 0.004 -17"><span class='ocrx_word' id='word_1_584' title='bbox 715 4737 952 4790; x_wconf 88' lang='lat' dir='ltr'><strong>cundum</strong></span> <span class='ocrx_word' id='word_1_585' title='bbox 980 4751 1196 4790; x_wconf 84' lang='lat' dir='ltr'><strong>carnem</strong></span> <span class='ocrx_word' id='word_1_586' title='bbox 1229 4746 1505 4804; x_wconf 83' lang='lat' dir='ltr'><strong>mortuus;</strong></span> <span class='ocrx_word' id='word_1_587' title='bbox 1569 4747 1623 4792; x_wconf 93' lang='lat' dir='ltr'><strong>ut</strong></span> <span class='ocrx_word' id='word_1_588' title='bbox 1655 4741 1797 4794; x_wconf 89' lang='lat' dir='ltr'><strong>Deus</strong></span> <span class='ocrx_word' id='word_1_589' title='bbox 1842 4750 2022 4798; x_wconf 88' lang='lat' dir='ltr'><strong>autem</strong></span> <span class='ocrx_word' id='word_1_590' title='bbox 2051 4749 2104 4796; x_wconf 83' lang='lat' dir='ltr'><strong>et</strong></span> <span class='ocrx_word' id='word_1_591' title='bbox 2151 4743 2281 4806; x_wconf 84' lang='lat' dir='ltr'><strong>vita,</strong></span> 
     </span>
    </p>
   </div>
   <div class='ocr_carea' id='block_1_79' title="bbox 715 4828 1334 4883">
    <p class='ocr_par' dir='ltr' id='par_1_79' title="bbox 715 4828 1334 4883">
     <span class='ocr_line' id='line_1_79' title="bbox 715 4828 1334 4883; baseline -0.002 0"><span class='ocrx_word' id='word_1_592' title='bbox 715 4828 1081 4883; x_wconf 77' lang='lat' dir='ltr'><strong>resurrexisse</strong></span> <span class='ocrx_word' id='word_1_593' title='bbox 1117 4828 1334 4882; x_wconf 89' lang='lat' dir='ltr'><strong>dicitur.</strong></span> 
     </span>
    </p>
   </div>
   <div class='ocr_carea' id='block_1_80' title="bbox 791 4914 2290 4987">
    <p class='ocr_par' dir='ltr' id='par_1_80' title="bbox 791 4914 2290 4987">
     <span class='ocr_line' id='line_1_80' title="bbox 791 4914 2290 4987; baseline 0.005 -18"><span class='ocrx_word' id='word_1_594' title='bbox 791 4914 909 4969; x_wconf 83' lang='lat' dir='ltr'><strong>XV.</strong></span> <span class='ocrx_word' id='word_1_595' title='bbox 973 4936 991 4969; x_wconf 83' lang='grc' dir='ltr'>ι</span> <span class='ocrx_word' id='word_1_596' title='bbox 1020 4917 1512 4972; x_wconf 88' lang='lat' dir='ltr'><strong>Circuntdederunt</strong></span> <span class='ocrx_word' id='word_1_597' title='bbox 1546 4933 1675 4987; x_wconf 83' lang='lat' dir='ltr'><strong>ergo</strong></span> <span class='ocrx_word' id='word_1_598' title='bbox 1703 4935 1824 4973; x_wconf 90' lang='lat' dir='ltr'><strong>eum</strong></span> <span class='ocrx_word' id='word_1_599' title='bbox 1861 4920 2050 4985; x_wconf 68' lang='lat' dir='ltr'><strong>Judaei,</strong></span> <span class='ocrx_word' id='word_1_600' title='bbox 2071 4931 2124 4974; x_wconf 93' lang='lat' dir='ltr'><strong>ct</strong></span> <span class='ocrx_word' id='word_1_601' title='bbox 2147 4923 2290 4975; x_wconf 80' lang='lat' dir='ltr'><strong>dicc-</strong></span> 
     </span>
    </p>
   </div>
   <div class='ocr_carea' id='block_1_81' title="bbox 718 5010 2290 5079">
    <p class='ocr_par' dir='ltr' id='par_1_81' title="bbox 718 5010 2290 5079">
     <span class='ocr_line' id='line_1_81' title="bbox 718 5010 2290 5079; baseline 0.003 -19"><span class='ocrx_word' id='word_1_602' title='bbox 718 5010 848 5061; x_wconf 89' lang='lat' dir='ltr'><strong>bant</strong></span> <span class='ocrx_word' id='word_1_603' title='bbox 869 5010 948 5061; x_wconf 89' lang='lat' dir='ltr'><strong>ei:</strong></span> <span class='ocrx_word' id='word_1_604' title='bbox 977 5010 1269 5079; x_wconf 87' lang='lat' dir='ltr'><strong>Quousque</strong></span> <span class='ocrx_word' id='word_1_605' title='bbox 1302 5011 1540 5063; x_wconf 90' lang='lat' dir='ltr'><strong>animam</strong></span> <span class='ocrx_word' id='word_1_606' title='bbox 1577 5019 1816 5065; x_wconf 87' lang='lat' dir='ltr'><strong>nostram</strong></span> <span class='ocrx_word' id='word_1_607' title='bbox 1845 5013 2024 5066; x_wconf 84' lang='lat' dir='ltr'><strong>tollis?</strong></span> <span class='ocrx_word' id='word_1_608' title='bbox 2061 5014 2116 5065; x_wconf 84' lang='lat' dir='ltr'><strong>Si</strong></span> <span class='ocrx_word' id='word_1_609' title='bbox 2153 5023 2206 5064; x_wconf 87' lang='lat' dir='ltr'><strong>tu</strong></span> <span class='ocrx_word' id='word_1_610' title='bbox 2231 5027 2290 5065; x_wconf 83' lang='lat' dir='ltr'><strong>es</strong></span> 
     </span>
    </p>
   </div>
   <div class='ocr_carea' id='block_1_82' title="bbox 715 5097 2287 5172">
    <p class='ocr_par' dir='ltr' id='par_1_82' title="bbox 715 5097 2287 5172">
     <span class='ocr_line' id='line_1_82' title="bbox 715 5097 2287 5172; baseline 0.001 -20"><span class='ocrx_word' id='word_1_611' title='bbox 715 5097 988 5166; x_wconf 84' lang='lat' dir='ltr'><strong>Christus,</strong></span> <span class='ocrx_word' id='word_1_612' title='bbox 1020 5102 1105 5156; x_wconf 91' lang='lat' dir='ltr'><strong>dic</strong></span> <span class='ocrx_word' id='word_1_613' title='bbox 1153 5104 1309 5157; x_wconf 90' lang='lat' dir='ltr'><strong>nobis</strong></span> <span class='ocrx_word' id='word_1_614' title='bbox 1333 5102 1530 5172; x_wconf 89' lang='lat' dir='ltr'><strong>palam.</strong></span> <span class='ocrx_word' id='word_1_615' title='bbox 1600 5101 1899 5169; x_wconf 75' lang='lat' dir='ltr'><strong>Respondit</strong></span> <span class='ocrx_word' id='word_1_616' title='bbox 1949 5103 2056 5158; x_wconf 82' lang='lat' dir='ltr'><strong>illis</strong></span> <span class='ocrx_word' id='word_1_617' title='bbox 2085 5102 2240 5157; x_wconf 82' lang='lat' dir='ltr'><strong>Jesus</strong></span> <span class='ocrx_word' id='word_1_618' title='bbox 2271 5116 2287 5154; x_wconf 89' lang='lat'><strong>:</strong></span> 
     </span>
    </p>
   </div>
   <div class='ocr_carea' id='block_1_83' title="bbox 716 5189 2293 5263">
    <p class='ocr_par' dir='ltr' id='par_1_83' title="bbox 716 5189 2293 5263">
     <span class='ocr_line' id='line_1_83' title="bbox 716 5189 2293 5263; baseline 0.001 -18"><span class='ocrx_word' id='word_1_619' title='bbox 716 5189 959 5245; x_wconf 87' lang='lat' dir='ltr'><strong>Locutus</strong></span> <span class='ocrx_word' id='word_1_620' title='bbox 1000 5205 1116 5244; x_wconf 89' lang='lat' dir='ltr'><strong>sum</strong></span> <span class='ocrx_word' id='word_1_621' title='bbox 1144 5195 1321 5260; x_wconf 88' lang='lat' dir='ltr'><strong>vobis,</strong></span> <span class='ocrx_word' id='word_1_622' title='bbox 1375 5206 1430 5249; x_wconf 92' lang='lat' dir='ltr'><strong>et</strong></span> <span class='ocrx_word' id='word_1_623' title='bbox 1486 5211 1590 5248; x_wconf 87' lang='lat' dir='ltr'><strong>non</strong></span> <span class='ocrx_word' id='word_1_624' title='bbox 1637 5195 1898 5249; x_wconf 88' lang='lat' dir='ltr'><strong>creditis:</strong></span> <span class='ocrx_word' id='word_1_625' title='bbox 1960 5211 2122 5263; x_wconf 86' lang='lat' dir='ltr'><strong>opera</strong></span> <span class='ocrx_word' id='word_1_626' title='bbox 2173 5208 2293 5260; x_wconf 65' lang='lat' dir='ltr'><strong>quae</strong></span> 
     </span>
    </p>
   </div>
   <div class='ocr_carea' id='block_1_84' title="bbox 717 5280 2291 5352">
    <p class='ocr_par' dir='ltr' id='par_1_84' title="bbox 717 5280 2291 5352">
     <span class='ocr_line' id='line_1_84' title="bbox 717 5280 2291 5352; baseline 0.001 -16"><span class='ocrx_word' id='word_1_627' title='bbox 717 5297 815 5352; x_wconf 80' lang='lat' dir='ltr'><strong>ego</strong></span> <span class='ocrx_word' id='word_1_628' title='bbox 847 5280 986 5334; x_wconf 77' lang='lat' dir='ltr'><strong>facio</strong></span> <span class='ocrx_word' id='word_1_629' title='bbox 1018 5282 1070 5333; x_wconf 89' lang='lat' dir='ltr'><strong>itt</strong></span> <span class='ocrx_word' id='word_1_630' title='bbox 1106 5285 1320 5338; x_wconf 89' lang='lat' dir='ltr'><strong>nomine</strong></span> <span class='ocrx_word' id='word_1_631' title='bbox 1355 5286 1531 5342; x_wconf 84' lang='lat' dir='ltr'><strong>Patris</strong></span> <span class='ocrx_word' id='word_1_632' title='bbox 1566 5287 1695 5352; x_wconf 91' lang='lat' dir='ltr'><strong>mei,</strong></span> <span class='ocrx_word' id='word_1_633' title='bbox 1744 5287 1858 5342; x_wconf 54' lang='lat' dir='ltr'><strong>huic</strong></span> <span class='ocrx_word' id='word_1_634' title='bbox 1924 5286 2291 5340; x_wconf 85' lang='lat' dir='ltr'><strong>testimonium</strong></span> 
     </span>
    </p>
   </div>
   <div class='ocr_carea' id='block_1_85' title="bbox 784 5465 1012 5518">
    <p class='ocr_par' dir='ltr' id='par_1_85' title="bbox 784 5465 1012 5518">
     <span class='ocr_line' id='line_1_85' title="bbox 784 5465 1012 5518; baseline -0.026 0"><span class='ocrx_word' id='word_1_635' title='bbox 784 5466 830 5498; x_wconf 81' lang='lat'><strong>&quot;</strong></span> <span class='ocrx_word' id='word_1_636' title='bbox 870 5465 1012 5518; x_wconf 75' lang='lat' dir='ltr'><strong>llelir</strong></span> 
     </span>
    </p>
   </div>
   <div class='ocr_carea' id='block_1_86' title="bbox 717 5532 1760 5598">
    <p class='ocr_par' dir='ltr' id='par_1_86' title="bbox 717 5532 1760 5598">
     <span class='ocr_line' id='line_1_86' title="bbox 717 5532 1760 5598; baseline 0.002 -9"><span class='ocrx_word' id='word_1_637' title='bbox 717 5535 737 5565; x_wconf 77' lang='grc'>⁸</span> <span class='ocrx_word' id='word_1_638' title='bbox 770 5537 931 5589; x_wconf 87' lang='lat' dir='ltr'><strong>llebr.</strong></span> <span class='ocrx_word' id='word_1_639' title='bbox 970 5552 1028 5596; x_wconf 88' lang='lat' dir='ltr'><strong>ll,</strong></span> <span class='ocrx_word' id='word_1_640' title='bbox 1072 5535 1158 5587; x_wconf 74' lang='grc'><strong>14.</strong></span> <span class='ocrx_word' id='word_1_641' title='bbox 1236 5537 1256 5564; x_wconf 69' lang='grc'><strong><em>⁵</em></strong></span> <span class='ocrx_word' id='word_1_642' title='bbox 1295 5532 1449 5586; x_wconf 81' lang='lat' dir='ltr'><strong>Joatt.</strong></span> <span class='ocrx_word' id='word_1_643' title='bbox 1494 5552 1585 5588; x_wconf 85' lang='lat' dir='ltr'><strong>\‘lll</strong></span> <span class='ocrx_word' id='word_1_644' title='bbox 1612 5577 1625 5598; x_wconf 90' lang='lat'><strong>,</strong></span> <span class='ocrx_word' id='word_1_645' title='bbox 1669 5540 1760 5596; x_wconf 80' lang='lat'><strong>‘28.</strong></span> 
     </span>
    </p>
   </div>
   <div class='ocr_carea' id='block_1_87' title="bbox 2385 3368 3959 3445">
    <p class='ocr_par' dir='ltr' id='par_1_87' title="bbox 2385 3368 3959 3445">
     <span class='ocr_line' id='line_1_87' title="bbox 2385 3368 3959 3445; baseline -0.004 -16"><span class='ocrx_word' id='word_1_646' title='bbox 2385 3375 2636 3445; x_wconf 76' lang='grc' dir='ltr'>ὑψώσητε</span> <span class='ocrx_word' id='word_1_647' title='bbox 2672 3378 2764 3430; x_wconf 83' lang='grc' dir='ltr'><strong>τὸν</strong></span> <span class='ocrx_word' id='word_1_648' title='bbox 2790 3375 2916 3428; x_wconf 81' lang='grc' dir='ltr'><strong>Υἱὸν</strong></span> <span class='ocrx_word' id='word_1_649' title='bbox 2946 3374 3046 3427; x_wconf 80' lang='grc' dir='ltr'><strong>τοῦ</strong></span> <span class='ocrx_word' id='word_1_650' title='bbox 3079 3372 3399 3445; x_wconf 64' lang='grc' dir='ltr'><strong>ἀνθρώπουἰ</strong></span> <span class='ocrx_word' id='word_1_651' title='bbox 3421 3371 3540 3424; x_wconf 90' lang='grc' dir='ltr'>τότε</span> <span class='ocrx_word' id='word_1_652' title='bbox 3573 3368 3855 3438; x_wconf 81' lang='grc' dir='ltr'>γνώσεσθε</span> <span class='ocrx_word' id='word_1_653' title='bbox 3885 3368 3959 3422; x_wconf 74' lang='grc' dir='ltr'>ὅτι</span> 
     </span>
    </p>
   </div>
   <div class='ocr_carea' id='block_1_88' title="bbox 2384 3461 3958 3538">
    <p class='ocr_par' dir='ltr' id='par_1_88' title="bbox 2384 3461 3958 3538">
     <span class='ocr_line' id='line_1_88' title="bbox 2384 3461 3958 3538; baseline -0.007 -17"><span class='ocrx_word' id='word_1_654' title='bbox 2384 3469 2492 3537; x_wconf 74' lang='grc' dir='ltr'><strong>ἐγώ</strong></span> <span class='ocrx_word' id='word_1_655' title='bbox 2532 3472 2666 3538; x_wconf 83' lang='grc' dir='ltr'>είμι.</span> <span class='ocrx_word' id='word_1_656' title='bbox 2705 3487 2723 3519; x_wconf 79' lang='grc' dir='ltr'><strong>ι</strong></span> <span class='ocrx_word' id='word_1_657' title='bbox 2759 3465 3108 3538; x_wconf 85' lang='grc' dir='ltr'>Ἐσταυρώοη</span> <span class='ocrx_word' id='word_1_658' title='bbox 3152 3465 3249 3535; x_wconf 86' lang='grc' dir='ltr'><strong>μὲν</strong></span> <span class='ocrx_word' id='word_1_659' title='bbox 3285 3465 3390 3532; x_wconf 89' lang='grc' dir='ltr'><strong>γάρ</strong></span> <span class='ocrx_word' id='word_1_660' title='bbox 3429 3461 3825 3531; x_wconf 79' lang='grc' dir='ltr'><strong>ἀνθρωπίνως,</strong></span> <span class='ocrx_word' id='word_1_661' title='bbox 3873 3462 3958 3511; x_wconf 63' lang='grc' dir='ltr'>ἀνι</span> 
     </span>
    </p>
   </div>
   <div class='ocr_carea' id='block_1_89' title="bbox 2385 3553 3960 3623">
    <p class='ocr_par' dir='ltr' id='par_1_89' title="bbox 2385 3553 3960 3623">
     <span class='ocr_line' id='line_1_89' title="bbox 2385 3553 3960 3623; baseline -0.006 -9"><span class='ocrx_word' id='word_1_662' title='bbox 2385 3560 2516 3614; x_wconf 79' lang='grc' dir='ltr'>εσίω</span> <span class='ocrx_word' id='word_1_663' title='bbox 2543 3561 2599 3620; x_wconf 84' lang='grc' dir='ltr'><strong>δὲ</strong></span> <span class='ocrx_word' id='word_1_664' title='bbox 2628 3560 2841 3623; x_wconf 78' lang='grc' dir='ltr'>θεῖκῶς’</span> <span class='ocrx_word' id='word_1_665' title='bbox 2862 3561 2954 3612; x_wconf 77' lang='grc' dir='ltr'>καὶ</span> <span class='ocrx_word' id='word_1_666' title='bbox 2987 3559 3342 3612; x_wconf 79' lang='grc' dir='ltr'>πεπίστευται</span> <span class='ocrx_word' id='word_1_667' title='bbox 3369 3554 3455 3607; x_wconf 82' lang='grc' dir='ltr'><strong>διὰ</strong></span> <span class='ocrx_word' id='word_1_668' title='bbox 3482 3553 3582 3622; x_wconf 82' lang='grc' dir='ltr'><strong>τῆς</strong></span> <span class='ocrx_word' id='word_1_669' title='bbox 3613 3553 3960 3612; x_wconf 80' lang='grc' dir='ltr'>ἀναστάσεως</span> 
     </span>
    </p>
   </div>
   <div class='ocr_carea' id='block_1_90' title="bbox 2384 3641 3956 3713">
    <p class='ocr_par' dir='ltr' id='par_1_90' title="bbox 2384 3641 3956 3713">
     <span class='ocr_line' id='line_1_90' title="bbox 2384 3641 3956 3713; baseline -0.008 -8"><span class='ocrx_word' id='word_1_670' title='bbox 2384 3652 2465 3705; x_wconf 79' lang='grc' dir='ltr'><strong>ὅτι</strong></span> <span class='ocrx_word' id='word_1_671' title='bbox 2498 3653 2593 3703; x_wconf 77' lang='grc' dir='ltr'><strong>καὶ</strong></span> <span class='ocrx_word' id='word_1_672' title='bbox 2623 3650 2754 3712; x_wconf 82' lang='grc' dir='ltr'>Θεός</span> <span class='ocrx_word' id='word_1_673' title='bbox 2797 3653 2934 3713; x_wconf 75' lang='grc' dir='ltr'>ἐστι,</span> <span class='ocrx_word' id='word_1_674' title='bbox 2981 3648 3073 3702; x_wconf 77' lang='grc' dir='ltr'>καὶ</span> <span class='ocrx_word' id='word_1_675' title='bbox 3105 3645 3240 3700; x_wconf 80' lang='grc' dir='ltr'>Θεοῦ</span> <span class='ocrx_word' id='word_1_676' title='bbox 3284 3645 3403 3698; x_wconf 84' lang='grc' dir='ltr'>κατ’</span> <span class='ocrx_word' id='word_1_677' title='bbox 3428 3642 3692 3710; x_wconf 82' lang='grc' dir='ltr'>ἀλήθειαν</span> <span class='ocrx_word' id='word_1_678' title='bbox 3724 3641 3868 3703; x_wconf 77' lang='grc' dir='ltr'>Υἱός.</span> <span class='ocrx_word' id='word_1_679' title='bbox 3903 3642 3956 3692; x_wconf 82' lang='lat' dir='ltr'><strong>El</strong></span> 
     </span>
    </p>
   </div>
   <div class='ocr_carea' id='block_1_91' title="bbox 2383 3733 3956 3811">
    <p class='ocr_par' dir='ltr' id='par_1_91' title="bbox 2383 3733 3956 3811">
     <span class='ocr_line' id='line_1_91' title="bbox 2383 3733 3956 3811; baseline -0.01 -15"><span class='ocrx_word' id='word_1_680' title='bbox 2383 3743 2438 3797; x_wconf 83' lang='grc' dir='ltr'><strong>δὲ</strong></span> <span class='ocrx_word' id='word_1_681' title='bbox 2472 3741 2828 3796; x_wconf 83' lang='grc' dir='ltr'>πεπίστευται</span> <span class='ocrx_word' id='word_1_682' title='bbox 2864 3740 3000 3811; x_wconf 80' lang='grc' dir='ltr'>πρὸς</span> <span class='ocrx_word' id='word_1_683' title='bbox 3047 3738 3202 3808; x_wconf 81' lang='grc' dir='ltr'>ἡμῶν</span> <span class='ocrx_word' id='word_1_684' title='bbox 3245 3737 3342 3806; x_wconf 74' lang='grc' dir='ltr'><strong>οὐχ</strong></span> <span class='ocrx_word' id='word_1_685' title='bbox 3383 3735 3457 3798; x_wconf 83' lang='grc' dir='ltr'>ὡς</span> <span class='ocrx_word' id='word_1_686' title='bbox 3498 3733 3687 3802; x_wconf 75' lang='grc' dir='ltr'>ἕτερον</span> <span class='ocrx_word' id='word_1_687' title='bbox 3727 3733 3956 3798; x_wconf 79' lang='grc' dir='ltr'>ἀναστή-</span> 
     </span>
    </p>
   </div>
   <div class='ocr_carea' id='block_1_92' title="bbox 2387 3823 3952 3902">
    <p class='ocr_par' dir='ltr' id='par_1_92' title="bbox 2387 3823 3952 3902">
     <span class='ocr_line' id='line_1_92' title="bbox 2387 3823 3952 3902; baseline -0.01 -15"><span class='ocrx_word' id='word_1_688' title='bbox 2387 3849 2503 3896; x_wconf 82' lang='grc' dir='ltr'>σας,</span> <span class='ocrx_word' id='word_1_689' title='bbox 2526 3833 2895 3902; x_wconf 72' lang='grc' dir='ltr'><strong>ἐγηγερμένος</strong></span> <span class='ocrx_word' id='word_1_690' title='bbox 2915 3830 2969 3881; x_wconf 77' lang='grc' dir='ltr'><strong>δὲ</strong></span> <span class='ocrx_word' id='word_1_691' title='bbox 2999 3828 3192 3897; x_wconf 81' lang='grc' dir='ltr'>μᾶλλον</span> <span class='ocrx_word' id='word_1_692' title='bbox 3218 3828 3378 3890; x_wconf 81' lang='grc' dir='ltr'>αὑτός</span> <span class='ocrx_word' id='word_1_693' title='bbox 3395 3843 3407 3854; x_wconf 89' lang='grc'><strong>·</strong></span> <span class='ocrx_word' id='word_1_694' title='bbox 3437 3823 3588 3877; x_wconf 74' lang='grc' dir='ltr'>πᾶσά</span> <span class='ocrx_word' id='word_1_695' title='bbox 3613 3825 3734 3885; x_wconf 84' lang='grc' dir='ltr'><strong>πως</strong></span> <span class='ocrx_word' id='word_1_696' title='bbox 3755 3823 3952 3892; x_wconf 75' lang='grc' dir='ltr'>ἀνάγκη</span> 
     </span>
    </p>
   </div>
   <div class='ocr_carea' id='block_1_93' title="bbox 2386 3913 3954 3994">
    <p class='ocr_par' dir='ltr' id='par_1_93' title="bbox 2386 3913 3954 3994">
     <span class='ocr_line' id='line_1_93' title="bbox 2386 3913 3954 3994; baseline -0.007 -18"><span class='ocrx_word' id='word_1_697' title='bbox 2386 3923 2473 3976; x_wconf 80' lang='grc' dir='ltr'><strong>διὰ</strong></span> <span class='ocrx_word' id='word_1_698' title='bbox 2497 3923 2596 3994; x_wconf 85' lang='grc' dir='ltr'>τὴν</span> <span class='ocrx_word' id='word_1_699' title='bbox 2626 3920 2938 3991; x_wconf 78' lang='grc' dir='ltr'>οἰκονομίαν</span> <span class='ocrx_word' id='word_1_700' title='bbox 2966 3920 3096 3974; x_wconf 85' lang='grc' dir='ltr'>ίδιον</span> <span class='ocrx_word' id='word_1_701' title='bbox 3126 3917 3287 3971; x_wconf 81' lang='grc' dir='ltr'>αὑτοῦ</span> <span class='ocrx_word' id='word_1_702' title='bbox 3317 3917 3478 3987; x_wconf 83' lang='grc' dir='ltr'>σῶμα</span> <span class='ocrx_word' id='word_1_703' title='bbox 3503 3913 3747 3994; x_wconf 72' lang='grc' dir='ltr'>νοεῖσθαι</span> <span class='ocrx_word' id='word_1_704' title='bbox 3773 3914 3834 3967; x_wconf 84' lang='grc' dir='ltr'><strong>τὸ</strong></span> <span class='ocrx_word' id='word_1_705' title='bbox 3867 3931 3954 3966; x_wconf 77' lang='grc' dir='ltr'>πε-</span> 
     </span>
    </p>
   </div>
   <div class='ocr_carea' id='block_1_94' title="bbox 2387 3989 3951 4076">
    <p class='ocr_par' dir='ltr' id='par_1_94' title="bbox 2387 3989 3951 4076">
     <span class='ocr_line' id='line_1_94' title="bbox 2387 3989 3951 4076; baseline -0.006 -8"><span class='ocrx_word' id='word_1_706' title='bbox 2387 4015 2579 4076; x_wconf 84' lang='grc' dir='ltr'>πονθὸς</span> <span class='ocrx_word' id='word_1_707' title='bbox 2624 4016 2716 4066; x_wconf 82' lang='grc' dir='ltr'><strong>τὸν</strong></span> <span class='ocrx_word' id='word_1_708' title='bbox 2767 4014 3014 4066; x_wconf 84' lang='grc' dir='ltr'>θάνατον·</span> <span class='ocrx_word' id='word_1_709' title='bbox 3061 4011 3148 4064; x_wconf 82' lang='grc' dir='ltr'><strong>ἵνα</strong></span> <span class='ocrx_word' id='word_1_710' title='bbox 3182 4010 3274 4063; x_wconf 77' lang='grc' dir='ltr'>καὶ</span> <span class='ocrx_word' id='word_1_711' title='bbox 3317 4009 3478 4070; x_wconf 77' lang='grc' dir='ltr'>αὑτδς</span> <span class='ocrx_word' id='word_1_712' title='bbox 3525 3989 3828 4074; x_wconf 63' lang='grc' dir='ltr'>ἀναστῆναι</span> <span class='ocrx_word' id='word_1_713' title='bbox 3870 4007 3951 4059; x_wconf 84' lang='grc' dir='ltr'><strong>λέ-</strong></span> 
     </span>
    </p>
   </div>
   <div class='ocr_carea' id='block_1_95' title="bbox 2385 4097 3952 4176">
    <p class='ocr_par' dir='ltr' id='par_1_95' title="bbox 2385 4097 3952 4176">
     <span class='ocr_line' id='line_1_95' title="bbox 2385 4097 3952 4176; baseline -0.004 -16"><span class='ocrx_word' id='word_1_714' title='bbox 2385 4124 2554 4176; x_wconf 78' lang='grc' dir='ltr'>γοιτο,</span> <span class='ocrx_word' id='word_1_715' title='bbox 2596 4106 2773 4163; x_wconf 84' lang='grc' dir='ltr'>καίτοι</span> <span class='ocrx_word' id='word_1_716' title='bbox 2798 4105 2896 4175; x_wconf 81' lang='grc' dir='ltr'>τὴν</span> <span class='ocrx_word' id='word_1_717' title='bbox 2925 4103 3083 4173; x_wconf 75' lang='grc' dir='ltr'>φύσιν</span> <span class='ocrx_word' id='word_1_718' title='bbox 3115 4101 3379 4163; x_wconf 83' lang='grc' dir='ltr'>ἀθάνατος</span> <span class='ocrx_word' id='word_1_719' title='bbox 3404 4097 3482 4153; x_wconf 85' lang='grc' dir='ltr'>ὦν</span> <span class='ocrx_word' id='word_1_720' title='bbox 3518 4099 3594 4162; x_wconf 83' lang='grc' dir='ltr'>ὡς</span> <span class='ocrx_word' id='word_1_721' title='bbox 3623 4099 3779 4162; x_wconf 86' lang='grc' dir='ltr'>Θεός.</span> <span class='ocrx_word' id='word_1_722' title='bbox 3818 4100 3952 4162; x_wconf 60' lang='grc' dir='ltr'>Ἐνὸς</span> 
     </span>
    </p>
   </div>
   <div class='ocr_carea' id='block_1_96' title="bbox 2385 4193 3949 4272">
    <p class='ocr_par' dir='ltr' id='par_1_96' title="bbox 2385 4193 3949 4272">
     <span class='ocr_line' id='line_1_96' title="bbox 2385 4193 3949 4272; baseline -0.003 -20"><span class='ocrx_word' id='word_1_723' title='bbox 2385 4202 2494 4272; x_wconf 81' lang='grc' dir='ltr'><strong>γὰρ</strong></span> <span class='ocrx_word' id='word_1_724' title='bbox 2527 4198 2762 4271; x_wconf 81' lang='grc' dir='ltr'>Χριστοῦ</span> <span class='ocrx_word' id='word_1_725' title='bbox 2792 4199 2886 4253; x_wconf 73' lang='grc' dir='ltr'><strong>καὶ</strong></span> <span class='ocrx_word' id='word_1_726' title='bbox 2912 4195 3043 4250; x_wconf 86' lang='grc' dir='ltr'>Υίοῦ</span> <span class='ocrx_word' id='word_1_727' title='bbox 3076 4196 3167 4250; x_wconf 75' lang='grc' dir='ltr'><strong>τὸν</strong></span> <span class='ocrx_word' id='word_1_728' title='bbox 3200 4194 3429 4249; x_wconf 87' lang='grc' dir='ltr'>θάνατον</span> <span class='ocrx_word' id='word_1_729' title='bbox 3477 4193 3949 4259; x_wconf 80' lang='grc' dir='ltr'>καταγγέλλοντες,</span> 
     </span>
    </p>
   </div>
   <div class='ocr_carea' id='block_1_97' title="bbox 2389 4279 3948 4368">
    <p class='ocr_par' dir='ltr' id='par_1_97' title="bbox 2389 4279 3948 4368">
     <span class='ocr_line' id='line_1_97' title="bbox 2389 4279 3948 4368; baseline -0.006 -22"><span class='ocrx_word' id='word_1_730' title='bbox 2389 4296 2484 4346; x_wconf 71' lang='grc' dir='ltr'>καὶ</span> <span class='ocrx_word' id='word_1_731' title='bbox 2544 4291 2935 4368; x_wconf 76' lang='grc' dir='ltr'>ὁμολογοῦντες</span> <span class='ocrx_word' id='word_1_732' title='bbox 3009 4287 3107 4357; x_wconf 79' lang='grc' dir='ltr'><strong>τὴν</strong></span> <span class='ocrx_word' id='word_1_733' title='bbox 3197 4287 3535 4349; x_wconf 78' lang='grc' dir='ltr'>ἀνάστασιν,</span> <span class='ocrx_word' id='word_1_734' title='bbox 3592 4279 3948 4364; x_wconf 50' lang='grc' dir='ltr'>ᾖικαιούμεθα</span> 
     </span>
    </p>
   </div>
   <div class='ocr_carea' id='block_1_98' title="bbox 2387 4374 3947 4446">
    <p class='ocr_par' dir='ltr' id='par_1_98' title="bbox 2387 4374 3947 4446">
     <span class='ocr_line' id='line_1_98' title="bbox 2387 4374 3947 4446; baseline -0.006 -8"><span class='ocrx_word' id='word_1_735' title='bbox 2387 4384 2473 4438; x_wconf 87' lang='grc' dir='ltr'><strong>διὰ</strong></span> <span class='ocrx_word' id='word_1_736' title='bbox 2509 4384 2764 4444; x_wconf 83' lang='grc' dir='ltr'>πίστεως.</span> <span class='ocrx_word' id='word_1_737' title='bbox 2806 4374 3014 4435; x_wconf 78' lang='grc' dir='ltr'>Οὐκοῦν</span> <span class='ocrx_word' id='word_1_738' title='bbox 3051 4380 3079 4432; x_wconf 86' lang='grc' dir='ltr'><strong>ό</strong></span> <span class='ocrx_word' id='word_1_739' title='bbox 3113 4379 3271 4442; x_wconf 78' lang='grc' dir='ltr'>αὐτὸς</span> <span class='ocrx_word' id='word_1_740' title='bbox 3315 4380 3390 4442; x_wconf 82' lang='grc' dir='ltr'>ὡς</span> <span class='ocrx_word' id='word_1_741' title='bbox 3428 4374 3508 4441; x_wconf 75' lang='grc' dir='ltr'>εἷς</span> <span class='ocrx_word' id='word_1_742' title='bbox 3553 4393 3617 4429; x_wconf 76' lang='grc' dir='ltr'><strong>τε</strong></span> <span class='ocrx_word' id='word_1_743' title='bbox 3662 4377 3758 4430; x_wconf 75' lang='grc' dir='ltr'><strong>καὶ</strong></span> <span class='ocrx_word' id='word_1_744' title='bbox 3805 4380 3947 4446; x_wconf 71' lang='grc' dir='ltr'>μόνος</span> 
     </span>
    </p>
   </div>
   <div class='ocr_carea' id='block_1_99' title="bbox 2391 4453 3946 4547">
    <p class='ocr_par' dir='ltr' id='par_1_99' title="bbox 2391 4453 3946 4547">
     <span class='ocr_line' id='line_1_99' title="bbox 2391 4453 3946 4547; baseline -0.006 -17"><span class='ocrx_word' id='word_1_745' title='bbox 2391 4453 2671 4547; x_wconf 45' lang='grc' dir='ltr'>ὑπάρχων.</span> <span class='ocrx_word' id='word_1_746' title='bbox 2698 4475 2931 4546; x_wconf 84' lang='grc' dir='ltr'>Χριστὸς</span> <span class='ocrx_word' id='word_1_747' title='bbox 2967 4471 3202 4543; x_wconf 78' lang='grc' dir='ltr'>Ἰησοῦς,</span> <span class='ocrx_word' id='word_1_748' title='bbox 3231 4471 3519 4525; x_wconf 80' lang='grc' dir='ltr'>ἀποθανεῖν</span> <span class='ocrx_word' id='word_1_749' title='bbox 3550 4469 3654 4537; x_wconf 86' lang='grc' dir='ltr'>μὲν</span> <span class='ocrx_word' id='word_1_750' title='bbox 3683 4468 3946 4538; x_wconf 79' lang='grc' dir='ltr'>ἀνθρωπί-</span> 
     </span>
    </p>
   </div>
   <div class='ocr_carea' id='block_1_100' title="bbox 2391 4552 3940 4638">
    <p class='ocr_par' dir='ltr' id='par_1_100' title="bbox 2391 4552 3940 4638">
     <span class='ocr_line' id='line_1_100' title="bbox 2391 4552 3940 4638; baseline -0.005 -17"><span class='ocrx_word' id='word_1_751' title='bbox 2391 4587 2496 4631; x_wconf 85' lang='grc' dir='ltr'><strong>νως</strong></span> <span class='ocrx_word' id='word_1_752' title='bbox 2536 4566 2677 4620; x_wconf 75' lang='grc' dir='ltr'>κατὰ</span> <span class='ocrx_word' id='word_1_753' title='bbox 2712 4567 2810 4638; x_wconf 81' lang='grc' dir='ltr'>τὴν</span> <span class='ocrx_word' id='word_1_754' title='bbox 2861 4567 3038 4637; x_wconf 83' lang='grc' dir='ltr'>σάρκα</span> <span class='ocrx_word' id='word_1_755' title='bbox 3068 4565 3313 4634; x_wconf 81' lang='grc' dir='ltr'>λέγεται,</span> <span class='ocrx_word' id='word_1_756' title='bbox 3355 4552 3649 4634; x_wconf 66' lang='grc' dir='ltr'>ἐγηγέρθαι</span> <span class='ocrx_word' id='word_1_757' title='bbox 3677 4562 3734 4615; x_wconf 79' lang='grc' dir='ltr'><strong>δὲ</strong></span> <span class='ocrx_word' id='word_1_758' title='bbox 3771 4562 3940 4623; x_wconf 74' lang='grc' dir='ltr'>είκὺςί</span> 
     </span>
    </p>
   </div>
   <div class='ocr_carea' id='block_1_101' title="bbox 2393 4653 2630 4731">
    <p class='ocr_par' dir='ltr' id='par_1_101' title="bbox 2393 4653 2630 4731">
     <span class='ocr_line' id='line_1_101' title="bbox 2393 4653 2630 4731; baseline 0.038 -9"><span class='ocrx_word' id='word_1_759' title='bbox 2393 4661 2467 4724; x_wconf 84' lang='grc' dir='ltr'><strong>ὡς</strong></span> <span class='ocrx_word' id='word_1_760' title='bbox 2496 4653 2630 4731; x_wconf 76' lang='grc' dir='ltr'><strong>ξωήο</strong></span> 
     </span>
    </p>
   </div>
   <div class='ocr_carea' id='block_1_102' title="bbox 2469 4913 3943 4985">
    <p class='ocr_par' dir='ltr' id='par_1_102' title="bbox 2469 4913 3943 4985">
     <span class='ocr_line' id='line_1_102' title="bbox 2469 4913 3943 4985; baseline -0.004 -16"><span class='ocrx_word' id='word_1_761' title='bbox 2469 4917 2568 4969; x_wconf 87' lang='grc' dir='ltr'><strong>ΙΕ’.</strong></span> <span class='ocrx_word' id='word_1_762' title='bbox 2618 4935 2632 4964; x_wconf 77' lang='grc' dir='ltr'><strong>ι</strong></span> <span class='ocrx_word' id='word_1_763' title='bbox 2673 4915 2988 4984; x_wconf 76' lang='grc' dir='ltr'>Προσῄεσὰν</span> <span class='ocrx_word' id='word_1_764' title='bbox 3021 4929 3153 4968; x_wconf 81' lang='grc' dir='ltr'>ποτε</span> <span class='ocrx_word' id='word_1_765' title='bbox 3181 4913 3258 4984; x_wconf 83' lang='grc' dir='ltr'><strong>τῷ</strong></span> <span class='ocrx_word' id='word_1_766' title='bbox 3294 4914 3513 4985; x_wconf 79' lang='grc' dir='ltr'>Χριστῷ</span> <span class='ocrx_word' id='word_1_767' title='bbox 3559 4914 3807 4980; x_wconf 79' lang='grc' dir='ltr'>λέγοντες</span> <span class='ocrx_word' id='word_1_768' title='bbox 3839 4913 3943 4965; x_wconf 73' lang='grc' dir='ltr'><strong>Ἰου-</strong></span> 
     </span>
    </p>
   </div>
   <div class='ocr_carea' id='block_1_103' title="bbox 2395 5001 3941 5076">
    <p class='ocr_par' dir='ltr' id='par_1_103' title="bbox 2395 5001 3941 5076">
     <span class='ocr_line' id='line_1_103' title="bbox 2395 5001 3941 5076; baseline -0.004 -15"><span class='ocrx_word' id='word_1_769' title='bbox 2395 5008 2552 5061; x_wconf 82' lang='grc' dir='ltr'><strong>δαῖοι⁹</strong></span> <span class='ocrx_word' id='word_1_770' title='bbox 2579 5008 2725 5069; x_wconf 85' lang='grc' dir='ltr'><strong>Ἕως</strong></span> <span class='ocrx_word' id='word_1_771' title='bbox 2755 5005 2886 5057; x_wconf 86' lang='grc' dir='ltr'>πότε</span> <span class='ocrx_word' id='word_1_772' title='bbox 2911 5003 3008 5075; x_wconf 82' lang='grc' dir='ltr'>τὴν</span> <span class='ocrx_word' id='word_1_773' title='bbox 3042 5003 3220 5075; x_wconf 75' lang='grc' dir='ltr'>ψυχὴν</span> <span class='ocrx_word' id='word_1_774' title='bbox 3246 5005 3402 5076; x_wconf 72' lang='grc' dir='ltr'>ἡμῶν</span> <span class='ocrx_word' id='word_1_775' title='bbox 3429 5007 3641 5074; x_wconf 85' lang='grc' dir='ltr'>αῐρεις;</span> <span class='ocrx_word' id='word_1_776' title='bbox 3670 5004 3732 5055; x_wconf 75' lang='lat' dir='ltr'><strong>El</strong></span> <span class='ocrx_word' id='word_1_777' title='bbox 3764 5005 3822 5056; x_wconf 80' lang='grc' dir='ltr'>σὺ</span> <span class='ocrx_word' id='word_1_778' title='bbox 3857 5001 3896 5056; x_wconf 79' lang='grc' dir='ltr'>εἶ</span> <span class='ocrx_word' id='word_1_779' title='bbox 3921 5008 3941 5054; x_wconf 78' lang='grc' dir='ltr'>ὁ</span> 
     </span>
    </p>
   </div>
   <div class='ocr_carea' id='block_1_104' title="bbox 2394 5095 3939 5170">
    <p class='ocr_par' dir='ltr' id='par_1_104' title="bbox 2394 5095 3939 5170">
     <span class='ocr_line' id='line_1_104' title="bbox 2394 5095 3939 5170; baseline -0.004 -17"><span class='ocrx_word' id='word_1_780' title='bbox 2394 5098 2657 5170; x_wconf 75' lang='grc' dir='ltr'>Χριστὸς,</span> <span class='ocrx_word' id='word_1_781' title='bbox 2709 5098 2832 5150; x_wconf 74' lang='grc' dir='ltr'>εἰπὲ</span> <span class='ocrx_word' id='word_1_782' title='bbox 2880 5096 3012 5166; x_wconf 76' lang='grc' dir='ltr'>ἡμῖν</span> <span class='ocrx_word' id='word_1_783' title='bbox 3044 5097 3342 5168; x_wconf 72' lang='grc' dir='ltr'>παρρησίᾳ.</span> <span class='ocrx_word' id='word_1_784' title='bbox 3382 5095 3683 5166; x_wconf 83' lang='grc' dir='ltr'>Ἀπεκρίθη</span> <span class='ocrx_word' id='word_1_785' title='bbox 3718 5098 3884 5158; x_wconf 76' lang='grc' dir='ltr'>αὐτοῖς</span> <span class='ocrx_word' id='word_1_786' title='bbox 3918 5098 3939 5148; x_wconf 83' lang='grc' dir='ltr'>ὁ</span> 
     </span>
    </p>
   </div>
   <div class='ocr_carea' id='block_1_105' title="bbox 2407 5185 3935 5260">
    <p class='ocr_par' dir='ltr' id='par_1_105' title="bbox 2407 5185 3935 5260">
     <span class='ocr_line' id='line_1_105' title="bbox 2407 5185 3935 5260; baseline -0.003 -17"><span class='ocrx_word' id='word_1_787' title='bbox 2407 5191 2646 5260; x_wconf 77' lang='grc' dir='ltr'><strong>Ἰησοῦς⁹</strong></span> <span class='ocrx_word' id='word_1_788' title='bbox 2686 5185 2849 5244; x_wconf 74' lang='grc' dir='ltr'>Εἶπον</span> <span class='ocrx_word' id='word_1_789' title='bbox 2885 5191 3032 5260; x_wconf 82' lang='grc' dir='ltr'>ὑμῖν,</span> <span class='ocrx_word' id='word_1_790' title='bbox 3077 5191 3172 5243; x_wconf 61' lang='grc' dir='ltr'><strong>καὶ⁹</strong></span> <span class='ocrx_word' id='word_1_791' title='bbox 3209 5191 3271 5242; x_wconf 78' lang='grc' dir='ltr'><strong>οὐ</strong></span> <span class='ocrx_word' id='word_1_792' title='bbox 3318 5187 3625 5242; x_wconf 83' lang='grc' dir='ltr'>πιστεύετε.</span> <span class='ocrx_word' id='word_1_793' title='bbox 3675 5188 3756 5242; x_wconf 78' lang='grc' dir='ltr'><strong>Τὰ</strong></span> <span class='ocrx_word' id='word_1_794' title='bbox 3800 5189 3935 5258; x_wconf 73' lang='grc' dir='ltr'>ἔργα,</span> 
     </span>
    </p>
   </div>
   <div class='ocr_carea' id='block_1_106' title="bbox 2395 5279 3937 5354">
    <p class='ocr_par' dir='ltr' id='par_1_106' title="bbox 2395 5279 3937 5354">
     <span class='ocr_line' id='line_1_106' title="bbox 2395 5279 3937 5354; baseline -0.005 -16"><span class='ocrx_word' id='word_1_795' title='bbox 2395 5286 2430 5338; x_wconf 82' lang='grc' dir='ltr'><strong>ἂ.</strong></span> <span class='ocrx_word' id='word_1_796' title='bbox 2458 5283 2568 5351; x_wconf 80' lang='grc' dir='ltr'><strong>ἐγὼ</strong></span> <span class='ocrx_word' id='word_1_797' title='bbox 2600 5282 2737 5336; x_wconf 80' lang='grc' dir='ltr'><strong>ποιῶ</strong></span> <span class='ocrx_word' id='word_1_798' title='bbox 2771 5283 2828 5336; x_wconf 80' lang='grc' dir='ltr'><strong>ἐν</strong></span> <span class='ocrx_word' id='word_1_799' title='bbox 2863 5284 2942 5354; x_wconf 83' lang='grc' dir='ltr'>τῷ</span> <span class='ocrx_word' id='word_1_800' title='bbox 2978 5283 3200 5352; x_wconf 85' lang='grc' dir='ltr'>ὀνόματι</span> <span class='ocrx_word' id='word_1_801' title='bbox 3231 5280 3325 5346; x_wconf 75' lang='grc' dir='ltr'>τοῦ</span> <span class='ocrx_word' id='word_1_802' title='bbox 3371 5282 3586 5353; x_wconf 86' lang='grc' dir='ltr'>Πατρός</span> <span class='ocrx_word' id='word_1_803' title='bbox 3633 5298 3757 5353; x_wconf 83' lang='grc' dir='ltr'>μου,</span> <span class='ocrx_word' id='word_1_804' title='bbox 3797 5279 3937 5332; x_wconf 75' lang='grc' dir='ltr'>ταῦτα</span> 
     </span>
    </p>
   </div>
   <div class='ocr_carea' id='block_1_107' title="bbox 1071 5460 2273 5536">
    <p class='ocr_par' dir='ltr' id='par_1_107' title="bbox 1071 5461 2259 5536">
     <span class='ocr_line' id='line_1_107' title="bbox 1071 5461 2259 5536; baseline 0.01 -22"><span class='ocrx_word' id='word_1_805' title='bbox 1071 5477 1142 5536; x_wconf 59' lang='grc' dir='ltr'><strong>ἐς,</strong></span> <span class='ocrx_word' id='word_1_806' title='bbox 1173 5461 1264 5517; x_wconf 69' lang='grc'><strong>24.</strong></span> <span class='ocrx_word' id='word_1_807' title='bbox 1305 5464 1379 5536; x_wconf 38' lang='grc'><strong>,⁸⁸</strong></span> <span class='ocrx_word' id='word_1_808' title='bbox 1413 5463 1563 5519; x_wconf 82' lang='lat' dir='ltr'><strong>Joan.</strong></span> <span class='ocrx_word' id='word_1_809' title='bbox 1597 5485 1742 5529; x_wconf 77' lang='lat' dir='ltr'><strong>xxvr,</strong></span> <span class='ocrx_word' id='word_1_810' title='bbox 1777 5469 1866 5524; x_wconf 66' lang='lat'><strong>26.</strong></span> <span class='ocrx_word' id='word_1_811' title='bbox 1941 5466 2009 5501; x_wconf 80' lang='lat'><strong>&quot;&#39;</strong></span> <span class='ocrx_word' id='word_1_812' title='bbox 2053 5466 2176 5536; x_wconf 77' lang='lat' dir='ltr'><strong>Sap.</strong></span> <span class='ocrx_word' id='word_1_813' title='bbox 2220 5481 2259 5526; x_wconf 79' lang='grc'><strong>1.</strong></span> 
     </span>
    </p>
   </div>
   <div class='ocr_carea' id='block_1_108' title="bbox 2374 5460 3934 5536">
    <p class='ocr_par' dir='ltr' id='par_1_108' title="bbox 2436 5460 3934 5528">
     <span class='ocr_line' id='line_1_108' title="bbox 2436 5460 3934 5528; baseline 0 -12"><span class='ocrx_word' id='word_1_814' title='bbox 2436 5464 2482 5495; x_wconf 70' lang='grc' dir='ltr'><strong>θ’</strong></span> <span class='ocrx_word' id='word_1_815' title='bbox 2523 5462 2679 5518; x_wconf 81' lang='lat' dir='ltr'><strong>Joan.</strong></span> <span class='ocrx_word' id='word_1_816' title='bbox 2712 5480 2828 5527; x_wconf 84' lang='lat' dir='ltr'><strong>\‘lll,</strong></span> <span class='ocrx_word' id='word_1_817' title='bbox 2860 5463 2948 5518; x_wconf 72' lang='lat'><strong>‘28.</strong></span> <span class='ocrx_word' id='word_1_818' title='bbox 3024 5464 3038 5494; x_wconf 87' lang='grc'>¹</span> <span class='ocrx_word' id='word_1_819' title='bbox 3074 5461 3228 5518; x_wconf 82' lang='lat' dir='ltr'><strong>Joan.</strong></span> <span class='ocrx_word' id='word_1_820' title='bbox 3272 5478 3324 5528; x_wconf 87' lang='lat' dir='ltr'><strong>v,</strong></span> <span class='ocrx_word' id='word_1_821' title='bbox 3384 5463 3469 5518; x_wconf 75' lang='grc'><strong>18.</strong></span> <span class='ocrx_word' id='word_1_822' title='bbox 3547 5465 3567 5494; x_wconf 82' lang='grc'>⁸</span> <span class='ocrx_word' id='word_1_823' title='bbox 3597 5460 3756 5515; x_wconf 78' lang='lat' dir='ltr'><strong>Joan.</strong></span> <span class='ocrx_word' id='word_1_824' title='bbox 3789 5476 3837 5526; x_wconf 73' lang='grc' dir='ltr'><strong>ι,</strong></span> <span class='ocrx_word' id='word_1_825' title='bbox 3867 5461 3934 5520; x_wconf 73' lang='grc'><strong>55.</strong></span> 
     </span>
    </p>
   </div>
   <div class='ocr_carea' id='block_1_109' title="bbox 1827 5693 2906 5765">
    <p class='ocr_par' dir='ltr' id='par_1_109' title="bbox 1827 5693 2906 5765">
     <span class='ocr_line' id='line_1_109' title="bbox 1827 5693 2906 5765; baseline 0.002 -17"><span class='ocrx_word' id='word_1_826' title='bbox 1827 5695 1995 5749; x_wconf 78' lang='lat' dir='ltr'><strong>Varia:</strong></span> <span class='ocrx_word' id='word_1_827' title='bbox 2023 5696 2280 5750; x_wconf 85' lang='lat' dir='ltr'><strong>lectiones</strong></span> <span class='ocrx_word' id='word_1_828' title='bbox 2309 5694 2509 5750; x_wconf 86' lang='lat' dir='ltr'><strong>codicis</strong></span> <span class='ocrx_word' id='word_1_829' title='bbox 2551 5693 2906 5765; x_wconf 82' lang='lat' dir='ltr'><strong>Seguieriani.</strong></span> 
     </span>
    </p>
   </div>
   <div class='ocr_carea' id='block_1_110' title="bbox 786 5826 1498 5891">
    <p class='ocr_par' dir='ltr' id='par_1_110' title="bbox 786 5826 1498 5891">
     <span class='ocr_line' id='line_1_110' title="bbox 786 5826 1498 5891; baseline -0.007 -10"><span class='ocrx_word' id='word_1_830' title='bbox 786 5837 809 5868; x_wconf 73' lang='grc' dir='ltr'><strong><em>ο</em></strong></span> <span class='ocrx_word' id='word_1_831' title='bbox 841 5827 1142 5888; x_wconf 78' lang='grc' dir='ltr'>Θεσπέσιος.</span> <span class='ocrx_word' id='word_1_832' title='bbox 1229 5831 1245 5863; x_wconf 75' lang='grc' dir='ltr'><strong>ί</strong></span> <span class='ocrx_word' id='word_1_833' title='bbox 1281 5826 1498 5891; x_wconf 79' lang='grc' dir='ltr'>θεῐκὼς.</span> 
     </span>
    </p>
   </div>
  </div>
