4116 6474
89 426 273 486 I355
981 436 1073 490 AD
1110 435 1412 493 REGINAS
1453 438 1536 493 DE
1577 438 1802 495 RECTA
1842 441 1996 498 FIDE
2035 443 2294 502 ORATIO
2333 449 2630 504 ALTERA.
3273 455 3411 511 1554

96 542 446 613 μαρτυρεῖ,
481 543 613 613 περὶ
645 526 801 614 ἐμοῦ.
829 562 847 596 ι
881 546 945 598 Τί
985 548 1047 617 δὴ
1077 549 1183 620 ἄρα
1230 551 1336 604 κάν
1365 549 1539 622 τούτῳ
1570 552 1703 621 φασὶ

1840 555 2130 621 perhibent
2157 557 2340 614 deme
2369 559 2414 614 '.
2457 579 2474 611 ι
2510 560 2714 627 Ecquid
2769 560 2877 623 hic,
2912 576 3130 629 qumso,
3200 565 3405 633 dicunt,

91 637 163 689 οἱ
211 634 572 707 διορίζοντες
613 637 841 706 ἀμαθῶς
875 640 954 702 εἰς
994 640 1126 694 υίῶν
1164 642 1356 704 δυάδα,
1389 645 1484 697 καὶ
1525 647 1606 706 είς
1641 643 1708 697 δύη

1838 646 1930 713 qui
1982 662 2148 700 unum
2185 648 2471 704 Dominum
2525 664 2766 704 nostrum
2810 649 2992 705 Jesnm
3046 653 3320 709 Christum
3355 659 3406 710 iu

93 729 461 797 Χριστοὺς,
507 729 598 782 τὸν
646 731 744 784 ἕνα
784 731 986 804 Κύριον
1025 733 1230 804 Ἰησοῦν
1276 737 1549 807 Χριστόν;
1600 739 1708 808 Περ

1836 737 1968 791 duos
2001 739 2162 804 lilios,
2193 740 2524 810 totidemque
2582 740 2831 796 Cltristos
2888 744 3048 797 stulte
3113 745 3410 800 divelluut?

96 821 283 882 τίνος
319 818 566 888 ἔφασκον
587 822 636 874 οἱ
670 822 942 878 Ἰουδαῖοι·
976 845 994 876 ‹
1019 827 1080 879 Et
1111 829 1173 881 σὺ
1203 822 1255 880 εἴ
1279 832 1306 883 6
1331 832 1583 901 Χριστὸς,
1611 835 1708 885 είπ

1835 826 1911 880 De
1938 829 2248 884 utroJudaei
2293 832 2540 885 aiebant:
2603 852 2620 882 ι
2658 831 2713 886 Si
2775 841 2826 884 tu
2879 848 2938 887 es
2985 832 3254 899 Christus,
3315 839 3406 893 die

97 911 273 979 ἡμῖν
312 913 640 984 παρῤησίᾳ;
674 932 692 964 ι
724 915 820 977 Τίς
844 915 900 968 δὲ
924 918 951 969 6
977 916 1182 984 λέγων’
1215 939 1233 971 ι
1263 921 1344 973 Τὰ
1380 921 1535 990 ἔργα,
1565 921 1599 975 ἃ
1626 921 1708 988 ὲγί

1837 919 1990 973 nobis
2026 921 2234 988 palam?
2259 941 2278 974 ι
2349 922 2479 977 liter
2515 938 2727 975 rursum
2794 923 3006 977 illorum
3038 927 3402 992 praedicabat:

101 1001 284 1053 ποιῶ
325 1002 388 1053 ὲν
421 1002 500 1071 τῷ
541 1003 762 1073 ὀνόματι
795 1004 886 1058 τοῦ
943 1008 1152 1078 Πατρός
1202 1028 1327 1079 μου,
1372 1012 1542 1066 ταῦτα
1591 1030 1708 1083 μαρη

1839 1027 1858 1061 ι
1894 1009 2070 1080 Opera
2100 1029 2221 1082 qua:
2258 1029 2357 1083 ego
2391 1012 2530 1068 facio
2586 1014 2638 1067 in
2671 1015 2893 1069 nomine
2920 1015 3097 1071 Patris
3132 1020 3255 1084 mei,
3314 1020 3401 1073 illa

101 1093 304 1161 τυρεϊ
343 1095 478 1164 περὶ
518 1094 686 1164 ὲμοῦ;
719 1114 737 1146 ι
773 1097 933 1161 Τίνος
964 1095 1102 1153 εἷναί
1141 1119 1324 1173 φαμεν
1356 1103 1486 1157 ῑδιον
1514 1105 1708 1176 Πατέρα

1835 1101 2205 1157 testimonium
2236 1104 2521 1172 perhibent
2549 1104 2611 1158 de
2648 1104 2768 1158 me?
2793 1123 2810 1155 ι
2850 1102 3035 1159 Utrius
3062 1108 3274 1162 tandem
3308 1109 3407 1162 Pa-

102 1182 226 1235 τὸν
269 1183 451 1251 Θεόν;
499 1181 608 1254 ἆρα
658 1187 750 1240 τοῦ
787 1190 848 1241 ἐκ
883 1192 1141 1257 γυναικὸς
1189 1194 1294 1248 ἀνὰ
1346 1196 1512 1268 μέρος
1544 1216 1602 1252 τε
1642 1217 1708 1252 κα

1833 1197 1968 1243 trem
1995 1190 2158 1245 Deum
2189 1208 2311 1250 esse
2358 1193 2695 1249 statuemus?
2725 1193 2912 1263 ejusne
2949 1197 3038 1266 qui
3073 1212 3137 1252 ex
3180 1198 3405 1252 muliere

107 1276 336 1339 ίδικῶς
377 1279 704 1347 νοουμένου,
734 1281 765 1351 ἢ
800 1282 892 1334 τοῦ
931 1285 1303 1353 Μονογενοῦς;
1337 1290 1529 1344 Καίτοι
1561 1292 1621 1345 τὸ
1650 1293 1734 1345 δύ·
1831 1292 2008 1336 onum
2042 1284 2209 1347 ἀυείῑν
2266 1296 2324 1339 υῑ
2359 1301 2602 1342 seorsum
2639 1301 2734 1354 Per
2763 1303 2821 1343 se
2855 1289 3036 1343 ³¹¹Ῐ¹¹¹⁰
3062 1290 3401 1359 condiam",

102 1367 342 1420 νασΘαι
380 1370 680 1439 κατορθοῦν
716 1373 786 1425 τὰ
817 1373 916 1442 τῆς
950 1375 1204 1447 θεότητος
1237 1379 1395 1450 ἔργα,
1438 1383 1636 1452 πρέποι
1663 1383 1708 1437 ἂι

1832 1389 1902 1429 an
1956 1391 2086 1429 vero
2139 1377 2310 1446 ipsius
2339 1378 2655 1449 Unigeniti?
2701 1383 2861 1451 Atqui
2904 1383 3082 1436 divina
3130 1398 3292 1452 opera
3349 1386 3399 1438 vi

104 1458 230 1510 οὐκ
261 1458 591 1532 ἀνθρωπεία
615 1462 773 1528 φύσει
807 1466 1000 1520 ποθέν
1029 1471 1224 1524 πολλοῦ
1252 1490 1315 1540 γε
1354 1474 1483 1530 δεῖν.
1513 1476 1708 1530 Ἐπειδὶ

1832 1467 2045 1535 propria
2081 1476 2317 1537 patrare,
2348 1485 2434 1526 res
2460 1481 2541 1526 est
2561 1487 2679 1540 qua:
2702 1473 2950 1527 humanae
2986 1485 3194 1528 natura:
3233 1475 3398 1542 vires,

103 1550 179 1601 δὲ
217 1549 475 1622 ἐπλήρου
518 1554 752 1622 Χριστὸς
781 1557 851 1610 τὰ
880 1557 1017 1629 ἔργα
1057 1560 1154 1614 τοῦ
1206 1565 1451 1636 Πατρὸς,
1496 1571 1596 1621 οὐκ
1635 1570 1698 1624 ἄν

1831 1557 2180 1628 ejusdemque
2228 1561 2542 1617 facultatem
2608 1563 2764 1632 longe
2816 1565 3149 1634 multumque
3211 1566 3399 1620 vincit.

107 1637 366 1707 Θρωπος
404 1639 469 1692 ἂν
503 1645 675 1695 νοοῖτο
717 1644 901 1713 ψιλὸς,
941 1648 1072 1712 Θεὸς
1105 1649 1160 1702 δὲ
1200 1653 1402 1720 μᾶλλον
1443 1657 1500 1708 ὲν
1533 1657 1702 1726 αἵματ

1833 1649 1966 1714 Quia
1987 1665 2114 1720 ergo
2139 1650 2384 1708 Christus
2413 1655 2598 1710 eadem
2626 1671 2746 1725 quae
2769 1655 2933 1711 Pater
2962 1672 3123 1726 Opera
3155 1657 3404 1726 perﬁcie-

109 1729 226 1782 καὶ
261 1730 455 1800 σαρκὶ,
493 1733 821 1804 μεμενηκὼς
850 1733 988 1810 ὅπερ
1013 1736 1100 1810 ἦν.
1137 1743 1474 1814 Ἰσουργήσει
1504 1749 1612 1818 γὰρ
1639 1751 1708 1802 οὖς

1833 1744 1957 1808 bat,
1995 1746 2179 1814 utique
2211 1761 2316 1801 non
2340 1756 2642 1817 eratpurus
2691 1749 2876 1815 homo,
2933 1751 3025 1804 sed
3058 1751 3198 1805 Deus
3244 1767 3406 1807 carne

108 1838 240 1884 τως
294 1821 438 1888 ἔχων
466 1822 545 1891 τῷ
596 1825 711 1896 ἰδίῳ
746 1829 1034 1902 Γεννήτορι
1059 1847 1074 1864 ⁸
1116 1834 1330 1888 καὶτὸν
1371 1836 1464 1890 τοῦ
1517 1857 1708 1910 μυστη-

1833 1836 2165 1905 etsanguine
2192 1837 2441 1905 vestitus,
2470 1848 2530 1892 ut
2560 1839 2804 1909 profecto
2832 1851 3074 1894 maneret
3095 1842 3236 1908 quod
3260 1853 3404 1896 erat.

116 1912 256 1983 ρίου
310 1910 472 1980 λόγον
512 1922 981 1992 καταμωμήσαιτο
1028 1921 1095 1977 ἂν
1123 1926 1298 1991 οὐδεὶς
1340 1929 1447 1981 τῶν
1488 1908 1548 1983 εὖ
1597 1908 1708 2001 φρὸ.

1832 1925 1912 1980 Ad
1947 1930 2090 1981 hunc
2113 1942 2242 1996 ergo
2269 1929 2483 1984 modum
2534 1908 2786 1995 allectus,
2836 1932 2985 2000 paria
3015 1948 3137 1986 eum
3171 1948 3268 1987 suo
3299 1933 3406 1988 Geo

113 2005 404 2066 νούντων.
1834 2018 2005 2070 nitore
2033 2019 2306 2084 praestabit
2338 2037 2352 2073 :
2396 2022 2746 2092 mysteriique
2769 2022 2929 2091 hujus
2953 2023 3091 2077 ratio
3129 2025 3197 2077 ita
3228 2028 3404 2095 expli-

1831 2116 1972 2172 cata,
2011 2111 2439 2178 reprehensione
2499 2113 2642 2183 apud
2703 2129 2851 2169 sanae
2911 2115 3107 2170 mentis
3156 2117 3405 2173 homines

199 2269 330 2336 ις’.
357 2287 376 2320 ς
398 2269 472 2322 Τὸ
493 2269 550 2323 δὲ
578 2272 790 2327 παιδίον
817 2273 1039 2346 ηὔξανε,
1067 2277 1163 2330 καὶ
1191 2277 1547 2348 ἐκραταιοῦτο
1562 2280 1726 2332 πνεύ-
1829 2210 2003 2344 vagiit;

121 2376 270 2429 ματι
293 2400 308 2423 ,
362 2360 736 2432 πληρούμενον
772 2366 962 2435 σοφίας
986 2384 1001 2400 ο
1035 2369 1129 2422 καὶ
1165 2369 1324 2440 χάρις
1366 2369 1497 2422 Θεοῦ
1529 2366 1596 2440 ἦν
1638 2373 1725 2425 ἐπ’

116 2451 303 2522 αὐτῷ.
324 2471 344 2505 ›
380 2455 489 2507 Καὶ
518 2456 711 2510 πάλιν·
745 2475 764 2508 ‹
795 2458 1000 2528 Ἰησοῦς
1039 2461 1374 2532 προέκοπτεν
1409 2462 1598 2535 ἡλικία
1633 2465 1727 2517 καὶ

120 2545 303 2616 σοφίᾳ
325 2545 424 2600 καὶ
446 2547 628 2617 χάριτι
654 2550 807 2621 παρὰ
829 2550 948 2621 Θεῷ
975 2553 1069 2605 καὶ
1094 2553 1415 2623 ἀνθρώποις.
1431 2575 1449 2607 ι
1481 2556 1616 2609 Ἕνα
1640 2557 1724 2610 λέυ

118 2654 324 2704 γοντες
354 2638 446 2691 τὸν
477 2640 678 2710 Κύριον
706 2642 864 2711 ήμῶν
899 2644 1102 2713 Ἰησοῦν
1138 2647 1392 2717 Χριστὸν,
1438 2649 1530 2701 καὶ
1582 2651 1727 2720 αὑτῷ

121 2728 537 2796 προσνέμοντες
577 2731 647 2782 τά
683 2748 741 2782 τε
782 2732 1098 2801 ἀνθρώπινα
1128 2739 1221 2789 καὶ
1272 2737 1582 2806 θεοπρεπῆ,
1613 2743 1725 2803 τοῖς

128 2816 238 2886 μὲν
285 2819 386 2888 τῆς
442 2809 723 2884 κενώσεως
772 2824 991 2894 μέτροις
1019 2825 1250 2895 πρέπειν
1298 2829 1511 2898 ἀληθῶς
1541 2832 1722 2884 διαϐε-

127 2906 442 2976 6αιούμεθα
469 2907 528 2961 τό
550 2926 610 2962 τε
632 2909 730 2982 τὴν
760 2915 1077 2984 σωματικὴν
1097 2915 1323 2986 αὔξησιν
1353 2920 1720 2989 ἐπιδέχεσθαι,

127 2997 231 3050 καὶ
279 2997 386 3068 μὴν
441 2999 534 3052 καὶ
577 3000 638 3052 τὸ
687 3002 1111 3071 κραταιοῦσθαι,
1164 3008 1273 3060 τῶν
1326 3010 1420 3062 τοῦ
1472 3012 1722 3080 σώματος

129 3091 517 3162 ἀδρυνομένων
558 3095 764 3166 μορίων
803 3096 949 3151 κατὰ
1008 3098 1181 3170 βραχύ
1208 3115 1221 3129 ·
1262 3104 1356 3155 καὶ⁸
1390 3104 1522 3157 αὐτὸ
1560 3106 1616 3159 δὲ
1661 3108 1721 3161 τὸ

1898 2290 2038 2344 XVI.
2087 2312 2106 2344 ι
2152 2292 2293 2347 Puer
2315 2304 2496 2349 autem
2528 2297 2830 2361 crescebat,
2887 2307 2938 2351 et
2987 2301 3404 2356 contortabatur

1827 2383 2051 2448 spiritu,
2109 2385 2298 2451 plenus
2351 2387 2656 2454 sapientia;
2705 2397 2760 2442 et
2807 2391 2980 2457 gratia
3014 2388 3119 2444 Dei
3175 2400 3294 2446 erat
3346 2393 3398 2446 in

1832 2473 1993 2542 illo“;
2031 2492 2049 2527 ι
2085 2486 2142 2530 et
2179 2475 2318 2530 infra
2353 2494 2365 2530 :
2406 2494 2424 2528 ι
2461 2475 2618 2532 Jesus
2672 2478 2986 2548 proficiebat
3029 2483 3292 2548 sapientia
3341 2495 3397 2537 et

1829 2576 1988 2623 aetate
2017 2569 2260 2636 etgratia
2294 2570 2434 2638 apud
2468 2571 2634 2624 Deum
2663 2581 2718 2625 et
2749 2573 3085 2627 homines'a
3115 2577 3399 2629 Dominum

1827 2669 2070 2713 nostrum
2096 2660 2278 2716 Jesum
2310 2662 2587 2716 Christum
2634 2679 2800 2717 unum
2852 2666 3075 2720 omnino
3107 2681 3226 2720 esse
3257 2666 3400 2721 allir-

1826 2760 2056 2811 mantes,
2091 2753 2436 2822 humanaque
2461 2767 2524 2806 ac
2557 2754 2734 2808 divina
2768 2771 2834 2810 ex
2890 2771 3045 2825 aequo
3096 2759 3272 2811 eidem
3301 2759 3397 2812 tri-

1825 2836 2072 2904 buentes,
2103 2841 2461 2896 exinanitioni
2497 2843 2714 2912 quidem
2769 2861 2896 2901 vere
2924 2851 3215 2902 convenire
3247 2864 3396 2904 assec

1824 2929 1993 2984 rimus
2017 2947 2137 2986 eum
2167 2935 2409 3002 corporei
2447 2935 2766 2992 incrementi
2821 2942 3242 3008 susceptionem,
3278 2953 3390 2996 tum

1823 3024 2263 3091 corpulentarum
2287 3041 2501 3096 quoque
2531 3029 2763 3095 partium
2807 3033 3172 3085 successivam
3205 3049 3396 3088 conso-

1823 3115 2134 3171 lidationem
2160 3127 2214 3172 et
2249 3118 2750 3183 conﬁrmationem;
2796 3130 2906 3174 tum
2941 3123 3040 3178 hoc
3091 3123 3262 3191 ipsum
3303 3125 3393 3180 dc-

128 3182 310 3235 δοκεῖν
359 3184 700 3255 πληροῦσθαι
751 3189 977 3259 σοφίας,
1034 3192 1123 3246 διά
1165 3210 1229 3262 γε
1262 3194 1324 3247 τὸ
1367 3196 1530 3250 οἱονεὶ
1581 3199 1708 3270 πρὸς

1825 3207 2005 3276 nique,
2040 3208 2182 3277 quod
2218 3210 2482 3278 sapientia
2531 3209 2738 3278 impleri
2795 3182 3393 3283 videretursquando-

129 3278 374 3332 ἐπίδοσιν
407 3284 472 3350 τῇ
502 3282 594 3334 τοῦ
626 3282 874 3353 σώματος
906 3286 1095 3358 ἡλικίᾳ
1130 3291 1588 3362 πρεπωδεστάτην
1618 3296 1714 3364 τῆς

131 3371 365 3442 ἐνούσης
433 3374 582 3442 αὐτῷ
643 3376 832 3443 σοφίας
903 3379 1201 3452 ἀναφοιτᾷν
1255 3382 1352 3453 τὴν
1412 3384 1711 3453 ἕκφανσιν·

133 3466 232 3516 καὶ
262 3465 416 3546 ταυτὶ
453 3465 570 3535 μὲν,
602 3465 675 3528 ὡς
716 3467 871 3538 ἔφην,
902 3473 967 3540 τῇ
1022 3472 1159 3541 μετὰ
1194 3476 1393 3544 σαρκὸς
1433 3478 1714 3549 οἰκονομίᾳ

135 3554 337 3624 πρέποι
373 3539 458 3620 διν,
491 3557 585 3608 καὶ
624 3559 736 3620 τοῖς
779 3560 877 3628 τῆς
908 3539 1156 3629 ὑφέσεως
1185 3539 1424 3634 μέτροις.
1454 3568 1532 3638 Τῇ
1563 3539 1626 3620 δέ.
1649 3539 1713 3635 γε

135 3646 294 3716 φύσει
315 3647 404 3701 τοῦ
422 3648 593 3717 Λόγου
619 3651 817 3722 πρέποι
842 3652 906 3704 ἂν
931 3654 1092 3706 πάλιν
1113 3656 1172 3708 τὸ
1195 3656 1281 3709 ἀεὶ
1302 3657 1521 3721 τελείως
1543 3660 1708 3731 ἔχειν,

135 3741 232 3793 καὶ
269 3740 404 3795 εἶναι
455 3734 664 3812 σοφίαν.
694 3744 867 3797 Αὑτοῦ
915 3745 1202 3817 τοιγαροῦν
1252 3748 1607 3819 ἀνθρωπίνως
1651 3753 1711 3805 τὸ

136 3831 211 3895 ὡς
246 3833 300 3884 ἐν
327 3832 549 3886 κενώσει
577 3835 736 3904 τυχὸν
770 3836 1088 3906 ὑφειμένονο
1121 3837 1285 3891 αὐτοῦ
1319 3840 1374 3893 δὲ
1408 3842 1609 3910 ὁμοίως
1643 3843 1711 3896 τὰ

139 3922 433 3993 θεοπρεπῆ,
463 3925 675 3989 θεῖκῶς.
721 3930 761 3980 Ο
791 3928 898 3998 γάρ
928 3947 989 3982 το
1039 3931 1132 4000 τῆς,
1173 3931 1307 4000 μετὰ
1331 3933 1533 4002 σαρκὸς
1565 3937 1708 3987 οἰκο·

137 4011 326 4082 τομίας
357 4015 555 4086 τρόπος
588 4033 647 4066 τε
694 4017 786 4069 καὶ
832 4017 986 4084 λόγος
1035 4017 1173 4072 οἶδεν
1207 4022 1335 4074 ὄντα
1383 4024 1543 4075 αὑτὸν
1587 4026 1706 4077 καθ’

135 4107 300 4175 ἡμᾶς,
330 4108 421 4160 καὶ
450 4107 587 4178 ὑπὲρ
621 4110 786 4177 ἡμᾶς.
806 4108 1169 4180 ’Υπερέχοντα
1203 4113 1301 4180 μὲν
1329 4115 1436 4165 τῶν
1466 4116 1561 4183 τῆς
1597 4118 1708 4168 κτί-

141 4212 273 4260 σεως
301 4198 509 4270 μέτρων
541 4199 615 4262 ὡς
643 4200 801 4252 Θεόν·
831 4201 1025 4253 ἑαυτοῦ
1057 4202 1114 4254 δέ
1146 4221 1259 4266 πως
1295 4208 1578 4276 μονονουχὶ
1613 4210 1705 4260 καὶ

138 4288 460 4358 ἡττώμενον,
491 4291 626 4344 καθὸ
661 4293 901 4364 πέφηνεν
930 4293 1235 4366 ἄνθρωπος.
1265 4299 1373 4350 Ποῦ
1404 4301 1510 4370 γὰρ
1541 4303 1570 4369 ἡ
1607 4319 1701 4354 ταο

139 4379 402 4444 πείνωσις,
447 4384 514 4452 ἣν
560 4383 847 4453 ὑπέμεινεν
880 4387 1038 4452 ἑκὼν,
1070 4389 1119 4440 εί
1150 4394 1465 4460 παραιτοῖτο
1498 4393 1565 4445 τὰ
1605 4395 1701 4446 ἀν-

139 4470 410 4542 θρώπινα;
456 4476 602 4545 Πλὴν
642 4477 742 4530 οὐκ
781 4480 837 4529 ἐν
875 4480 1057 4543 αὐτοῖς
1093 4481 1124 4550 ἡ
1177 4482 1269 4534 τοῦ
1305 4482 1464 4550 λόγου
1501 4488 1700 4539 νοεῖται

140 4562 318 4628 φύσις,
358 4566 651 4618 οἰκειοῦται
690 4569 746 4620 δὲ
799 4569 1000 4636 μᾶλλον
1051 4574 1190 4626 αὐτὰ
1243 4577 1377 4642 μετὰ

141 4651 354 4720 σαρκός
383 4653 632 4723 καθάπερ
679 4658 869 4719 ἀμέλει
904 4661 996 4710 καὶ
1039 4664 1098 4713 τὸ
1143 4669 1333 4732 πεινῇν
1383 4670 1476 4718 καὶ
1511 4668 1688 4736 διψῇν,

140 4740 306 4794 και-τὸ
333 4741 577 4808 λέγεσθαι
605 4749 800 4813 καμεῖν
832 4749 894 4799 ὲκ
923 4749 1023 4815 τῆς
1047 4752 1370 4822 ὁδοιπορίας.
1402 4757 1570 4807 Ὅταν
1601 4756 1694 4810 οὖν

144 4835 367 4907 ἀκούῃς·
405 4854 422 4886 ι
453 4836 526 4888 Τὸ
563 4837 618 4889 δὲ
669 4838 877 4890 παιδίον
924 4839 1157 4908 ηύξανε,
1203 4845 1293 4895 καὶ
1337 4847 1694 4913 ἐκραταιοῦτο

143 4927 408 4998 πνεύματι,
442 4927 814 4999 πληρούμενον
844 4927 1061 4997 σοφίας⁸
1099 4950 1115 4978 ι
1148 4932 1300 5001 δέχου
1333 4938 1463 5005 πρὸς
1499 4939 1688 4993 ἀπολοο

142 5020 256 5088 γίαν
283 5023 370 5092 τῆς
402 5022 539 5091 μετὰ
569 5020 765 5092 σαρκὸς
791 5022 1100 5090 οἰκονομίας
1128 5026 1190 5076 τὸ
1219 5029 1535 5098 μυστήριον.
1565 5030 1688 5084 ’Ότι

143 5112 244 5180 γὰρ
269 5109 328 5182 ἦν
365 5113 496 5176 Θεὸς
534 5115 590 5166 ὲν
627 5116 824 5186 σαρκὶ,
860 5114 1189 5169 πιστώσεται
1238 5119 1408 5188 λέγων
1467 5126 1626 5189 αὐτὸς
1666 5129 1693 5179 6

149 5204 386 5273 μακάριος
430 5208 819 5276 εὐαγγελιστής
847 5227 859 5241 ·
905 5229 922 5259 ι
956 5210 1072 5261 Ὅτι
1125 5211 1279 5280 χάρις
1318 5214 1452 5269 Θεοῦ
1489 5214 1554 5288 ἦν
1600 5221 1691 5274 ἐπ’

1819 3301 2034 3368 quidem
2062 3316 2168 3354 una
2189 3316 2309 3355 cum
2337 3302 2670 3356 incremento
2698 3304 2943 3372 corporis
2966 3319 3062 3374 per
3085 3321 3392 3376 congruen-

1818 3399 1898 3444 tes
1922 3392 2085 3445 veluti
2130 3407 2468 3461 progressus,
2515 3395 2779 3462 sapientia
2827 3397 2970 3450 illius
3009 3399 3249 3466 quotidie
3279 3416 3392 3453 ma.

1816 3483 1898 3552 gis
1945 3487 2223 3553 magisque
2255 3485 2385 3538 foris
2422 3499 2541 3539 sese
2563 3487 2847 3553 prodebat.
2883 3488 2946 3540 Et
2980 3490 3092 3544 haec
3141 3491 3390 3558 quidem,

1815 3585 1874 3627 ut
1908 3575 2038 3637 dixi,
2066 3577 2246 3630 carnis
2275 3578 2689 3647 dispensationi,
2734 3582 2892 3653 139
2952 3593 3005 3637 et
3064 3586 3390 3641 humiliatio-

1818 3667 1902 3721 nis
1954 3668 2249 3722 conditioni
2305 3673 2700 3740 competebant.
2750 3677 2817 3728 At
2889 3691 3016 3729 vero
3071 3689 3384 3743 perpetuam

1811 3769 2265 3831 Constantemque
2297 3764 2684 3831 perfectionem
2725 3767 2993 3831 obtinere,
3035 3786 3244 3825 neeuon
3296 3789 3386 3826 sa-o

1812 3854 2066 3922 pientiam
2130 3870 2272 3920 esse,
2304 3858 2353 3910 id
2411 3859 2461 3910 in
2499 3859 2668 3927 ipsius
2720 3858 2882 3914 Verbi
2937 3875 3186 3918 naturam
3251 3881 3380 3934 qua.

1812 3948 1950 4002 drat.
1987 3946 2117 4000 Tam
2151 3965 2211 4003 ea
2251 3950 2414 4019 igitur
2448 3951 2589 4005 illius
2622 3962 2745 4006 sunt
2780 3969 2898 4023 quae
2953 3958 3017 4009 ad
3052 3959 3382 4011 exinanitio-

1811 4054 1931 4091 nem
1968 4041 2256 4106 pertinent,
2284 4057 2444 4110 quam
2503 4059 2568 4096 ea
2633 4059 2875 4109 rursum,
2924 4061 3042 4114 qua:
3081 4049 3144 4101 ad
3186 4050 3384 4106 divinae

1810 4142 2014 4186 natura:
2043 4135 2414 4188 excellentiam
2444 4145 2710 4205 spectant.
2747 4139 2956 4192 Etenim
2990 4143 3123 4196 ratio
3155 4147 3380 4199 modus-

1809 4239 1912 4293 que
1977 4226 2392 4294 dispensationis
2449 4243 2570 4280 cum
2620 4245 2783 4285 carne
2819 4237 3067 4291 eumdem
3123 4245 3174 4291 et
3224 4239 3379 4292 nobis

1806 4320 2059 4384 similem,
2117 4331 2171 4376 el
2225 4325 2378 4378 nobis
2438 4341 2652 4380 rursum
2719 4327 3051 4394 superiorem
3109 4335 3374 4396 agnoscit.

1805 4410 2263 4477 Quemadmodqu
2287 4417 2433 4468 enim
2466 4420 2638 4471 omnis
2679 4430 2942 4474 creaturae
3008 4423 3373 4479 conditionem

1806 4503 1988 4556 multis
2030 4505 2275 4570 partibus
2320 4506 2533 4560 excellit
2568 4517 2626 4561 ut
2663 4508 2834 4572 Deus;
2877 4511 2946 4562 ita
2979 4521 3036 4564 ut
3088 4514 3245 4565 homo
3283 4531 3373 4568 se.

1411 4576 1509 4643 τῆς
1563 4579 1697 4640 ῐδῖας
1733 4588 1772 4639 D
1805 4596 2028 4661 metipso
2060 4597 2455 4661 quodammodo
2480 4598 2655 4650 minor
2672 4601 2908 4654 exsistit.
2930 4599 3198 4665 Quorsum
3225 4607 3368 4658 enim

1801 4685 2122 4747 bumiliatio,
2157 4687 2207 4738 in
2246 4703 2404 4755 quam
2436 4690 2573 4743 ultro
2599 4706 2658 4744 se
2685 4693 2921 4759 demisit,
2958 4695 3000 4749 si
3036 4711 3154 4761 qua:
3184 4698 3373 4748 Imma-

1798 4790 1879 4828 ure
1907 4785 2110 4830 naturze
2140 4787 2265 4830 sunt
2302 4782 2515 4846 propria
2545 4799 2648 4836 non
2694 4789 2975 4853 agnoscit?
3037 4787 3146 4840 Non
3191 4799 3370 4843 tamen

1797 4863 1849 4916 in
1883 4865 2340 4935 ipsisagnoseitur
2373 4869 2530 4927 Verbi
2584 4884 2813 4940 natura;
2882 4879 2973 4930 sed
3031 4879 3209 4943 potius
3263 4897 3365 4934 una

1796 4971 1917 5010 eum
1947 4961 2158 5029 pr0pria
2181 4978 2343 5016 carne
2379 4980 2438 5017 ea
2463 4968 2640 5019 omnia
2672 4969 2771 5019 sibi
2815 4970 3028 5029 ascivit,
3059 4970 3364 5038 eujusmodi

1801 5061 1947 5113 sunt,
1973 5054 2198 5115 esurire,
2235 5055 2406 5120 sitire,
2431 5067 2482 5110 et
2520 5058 2729 5110 itineris
2763 5058 2945 5112 labore
2981 5060 3181 5133 frangi.
3225 5066 3359 5120 Cum

1803 5145 1962 5212 igitur
1996 5145 2150 5196 audis
2185 5166 2194 5198 :
2237 5164 2253 5194 ι
2290 5146 2426 5200 Puer
2458 5157 2633 5202 autem
2668 5155 2970 5219 crescebat,
3002 5166 3051 5209 et
3083 5160 3361 5214 conforta-

1799 5233 1952 5285 batur
2008 5233 2217 5297 spiritu.
2287 5235 2471 5300 plenus
2519 5240 2818 5306 sapientia;
2875 5263 2891 5293 ι
2952 5247 3367 5316 dispensationis

1798 5337 1918 5375 cum
1967 5336 2130 5372 carne
2157 5327 2470 5390 mysterium
2500 5327 2549 5378 in
2583 5344 2757 5383 rausre
2807 5337 3168 5398 patrocinium
3206 5356 3362 5393 assu-

1800 5427 1899 5464 me.
1927 5409 2074 5476 Quod
2105 5424 2282 5465 autem
2315 5416 2451 5468 Deus
2482 5430 2592 5471 erat
2624 5420 2674 5472 in
2704 5438 2886 5487 carne,
2948 5427 2994 5476 id
3028 5431 3364 5497 evangelista

1796 5502 1892 5552 hac
1925 5502 2131 5553 ratione
2166 5504 2450 5559 confirmat
2482 5526 2494 5561 :
2543 5528 2560 5560 ι
2598 5511 2882 5576 Quoniam,
2946 5516 3144 5581 inquit,
3176 5526 3352 5586 gratia

1795 5591 1885 5643 Dei
1919 5602 2032 5644 erat
2066 5594 2114 5644 in
2145 5594 2252 5650 illo.
2284 5615 2300 5646 ι
2342 5598 2450 5652 Nec
2477 5603 2617 5654 enim
2641 5606 2730 5657 Dei
2768 5608 2992 5670 gratiam
3051 5609 3253 5668 habere
3276 5615 3358 5666 di-

1793 5683 1932 5734 citur
1960 5723 1974 5747 ,
2005 5687 2156 5752 quasi
2187 5689 2251 5742 ab
2273 5692 2376 5743 alio
2410 5693 2514 5746 Deo
2548 5695 2689 5747 illam
2727 5707 3000 5754 mutuatus
3055 5699 3235 5768 fuerit,
3264 5706 3359 5761 sed

147 5293 295 5360 αὐτῷ.
319 5314 334 5344 t
360 5298 432 5348 Ού
462 5299 570 5369 γὰρ
598 5301 669 5363 ὼς
701 5303 858 5370 χάριν
887 5303 1006 5373 ἕχον
1035 5303 1160 5374 παρ’
1185 5304 1372 5374 ἑτέρου
1401 5309 1556 5372 Θεοῦ,
1593 5314 1691 5380 χά-

151 5402 224 5450 ριν
256 5385 384 5454 ἔχειν
412 5389 626 5457 λέγεται
661 5394 817 5456 Θεοῦ,
849 5396 960 5447 ἀλλ’
989 5398 1068 5449 ὅτι
1110 5398 1267 5466 χάριν
1313 5394 1423 5468 εἶχε
1466 5403 1524 5453 τὸ
1558 5422 1686 5456 παι-

149 5473 262 5536 δίον,
289 5475 420 5543 ῆπερ
449 5476 514 5526 ἂν
547 5480 730 5551 πρέπῃ
770 5482 907 5553 Θεῷ.
946 5487 1053 5537 Καὶ
1083 5488 1191 5554 γὰρ
1235 5482 1301 5556 ἦν
1335 5505 1390 5539 τε
1429 5494 1520 5544 καὶ
1570 5493 1682 5546 ἔστι

150 5563 306 5625 Θεὸςὸ
330 5565 513 5630 Λόγος,
549 5570 642 5620 καὶ
673 5573 728 5622 ἐν
769 5577 932 5643 σαρκὶ
970 5576 1247 5645 πεφηνὼς,
1285 5583 1564 5636 τουτέστιν
1594 5587 1684 5638 ἆν-

152 5654 332 5728 θρωπος
363 5657 479 5708 καθ’
511 5659 674 5727 ἡμᾶς.
728 5664 785 5714 El
835 5666 888 5716 δὲ
939 5668 1001 5738 δὴ
1050 5669 1257 5735 λέγοιτο
1309 5673 1468 5742 χάριν
1514 5678 1678 5746 ἔχειν,

213 5829 396 5887 'Joan.
448 5845 499 5893 κ,
552 5830 641 5894 9.4,
689 5830 781 5885 25.
859 5837 878 5866 ⁸
913 5839 1040 5894 Luc.
1074 5860 1132 5906 tt,
1174 5845 1262 5903 40.
1341 5850 1359 5880 ⁷
1395 5851 1523 5906 ibid.
1580 5856 1667 5910 52.

425 5923 693 5989 PA'tnon.
742 5930 852 5990 Gn.
902 5933 1152 5994 LXXVI.
2891 5967 2961 6027 43
