4116 6492
735 440 871 495 1555
1540 449 1544 454 ’
1718 440 1775 490 S.
1823 431 2096 490 CYRILLI
2134 431 2360 489 ALEXA

2382 430 2599 486 suntm
2639 429 2954 485 ARCIIIEP.
3878 432 4007 487 .35.;

729 560 895 627 quod,
932 572 1050 611 cum
1083 571 1213 627 puer
1237 565 1397 622 esset,
1423 555 1686 625 ejusmodi
1709 555 1880 625 gratia
1903 562 2127 608 ornatus
2157 563 2293 615 erat,
2331 571 2354 624 Α

2398 553 2564 622 ἧγουν
2611 550 2942 618 προκόπτειν
2987 551 3042 603 έν
3078 552 3256 623 χάριτι
3292 553 3449 622 παρά
3495 571 3554 604 τε
3592 552 3716 621 Θεῷ
3770 553 3875 603 καὶ
3908 553 4006 602 ﬁs-

728 666 831 719 qua
886 649 1047 703 Deum
1103 648 1367 702 decebat:
1411 646 1842 714 quandoquidem
1884 646 2026 698 Deus
2067 643 2299 697 Verbum

2408 641 2677 712 θρώποις,
2726 642 2786 694 τὸ
2832 643 3054 704 ἀπεικὸς
3085 643 3235 695 οὐδέν
3261 661 3274 675 ·
3308 645 3356 695 εἰ
3409 643 3508 696 καὶ
3552 643 3721 704 αὐτὸς
3752 643 3785 692 ὁ
3826 642 4007 708 Πατὴρ

728 750 866 802 erat,
896 751 948 793 et
983 750 1086 803 est,
1125 741 1338 794 etiamsi
1375 739 1425 790 in
1455 753 1618 792 carne
1649 737 1980 803 apparuerit,
2035 735 2302 802 nobisque

2403 731 2698 801 ἀπεδέχετο
2725 731 2824 800 τὴν
2856 731 3188 800 οἰκονομίαν,
3223 734 3319 786 καὶ
3349 734 3520 786 αὐτὸν
3545 734 3601 785 δὲ
3641 733 3735 784 τὴν
3775 731 3914 783 Tib»
3940 736 4006 781 ei-

728 830 924 883 similis
950 831 1172 883 cﬂ'ecttts
1229 829 1319 881 sit.
1348 827 1489 880 Nihil
1524 827 1746 894 proinde
1773 827 2011 890 absurdi,
2045 833 2182 876 anta
2221 838 2306 874 ra-

2399 821 2720 889 Scsmtipevov
2749 820 2815 872 τὰ
2847 822 3105 891 σαρκικὰ,
3132 823 3224 876 διὰ
3251 823 3316 876 τὸ
3340 823 3419 892 τῷ
3453 823 3751 893 μυστηρίῳ
3797 823 4008 891 πρέπον

727 920 871 975 tione
901 921 1134 973 alienum
1163 919 1446 982 asseritur,
1495 919 1540 972 si
1585 919 1750 971 etiam
1803 917 2035 986 gratiam
2082 915 2309 977 habere,

1538 965 1540 970 ,
1585 919 1750 971 etiam
1803 917 2035 986 gratiam
2082 915 2309 977 habere,
2403 929 2463 964 τε
2493 912 2628 981 ὁμοῦ
2661 912 2845 964 καὶτὸ
2878 915 3163 983 χρήσιμον.

726 1015 824 1066 hoc
856 1024 938 1068 est
973 1014 1147 1082 gratia
1175 1016 1310 1082 apud
1335 1014 1498 1066 Deum
1533 1023 1585 1066 et
1615 1014 1859 1066 homines
1920 1011 2180 1080 proiicere
2227 1008 2471 1062 dicatur:
2525 1022 2646 1062 nam
2689 1009 2802 1075 ipse
2841 1008 2999 1061 Pater
3066 1018 3174 1061 tam
3225 1008 3398 1077 ipsam
3457 1011 3647 1064 carnis
3709 1011 4010 1078 dispensa-

728 1108 946 1170 tionem,
973 1122 1130 1175 quam
1163 1105 1336 1175 ipsum
1365 1106 1526 1158 etiam
1559 1105 1754 1158 Filium
1795 1119 1916 1172 qua:
1967 1102 2148 1156 carnis
2215 1110 2339 1154 sunt
2376 1102 2616 1169 propria,
2651 1108 2868 1170 propter
2932 1101 3216 1155 utilitatem
3260 1102 3619 1171 niysteriiqne
3676 1104 4010 1155 convenien-

727 1202 854 1252 tiam
888 1201 987 1252 silii
1022 1200 1394 1263 asciscentem,
1423 1209 1641 1267 accepta
1667 1199 1914 1252 habebat.

797 1289 953 1342 XVII.
983 1309 1000 1340 ι
1029 1291 1102 1344 De
1121 1294 1204 1345 die
1226 1302 1403 1344 autem
1430 1293 1516 1345 illa
1540 1302 1593 1346 et
1625 1293 1755 1346 hora
1790 1307 1946 1345 nemo
1972 1293 2096 1357 scit,
2116 1305 2291 1359 neque

2474 1291 2570 1344 lZ'.
2614 1308 2633 1340 ι
2663 1289 2798 1358 Περὶ⁴
2827 1288 2884 1340 δὲ
2910 1287 3009 1357 τῆς
3038 1286 3256 1356 ἡμέρας
3296 1286 3515 1356 ἐκείνης
3565 1285 3665 1338 καὶ
3712 1285 3825 1355 τῆς
3863 1285 4005 1354 ὧρας

725 1382 898 1448 angeli
936 1382 1218 1445 malorum,
1248 1397 1424 1450 neque
1449 1382 1636 1448 Filius,
1669 1383 1770 1437 nisi
1808 1383 1956 1438 solus
1985 1382 2146 1435 Pater
2184 1383 2224 1434 ⁸.
2267 1401 2286 1433 ι

2401 1381 2574 1443 οὐδεὶς
2621 1376 2780 1443 οἶδεν,
2823 1378 2946 1432 οὔτε
2991 1382 3040 1432 oi
3079 1380 3301 1447 ἄγγελοι
3341 1378 3452 1431 τῶν
3479 1379 3761 1451 οὐρανῶν,
3804 1378 3936 1431 οὔτε
3983 1382 4005 1428 ἑ.

726 1475 781 1527 Si
815 1473 1092 1528 Christum
1129 1490 1292 1528 unum
1328 1476 1618 1545 (objiciunt
1650 1476 1768 1545 illi),
1794 1478 1893 1530 hoc
1928 1487 2009 1530 est
2041 1476 2132 1529 Dei
2160 1475 2294 1529 Ver-

2402 1473 2552 1536 Υίδς,
2586 1472 2634 1522 εί
2668 1472 2740 1540 μὴ
2771 1473 2798 1524 ὁ
2833 1472 3038 1541 Πατήρ.
3067 1489 3086 1521 ι
3121 1472 3182 1524 EI
3223 1471 3458 1540 Χριστὸν
3485 1471 3605 1534 ἕνα,
3642 1471 3852 1537 φασιν,
3878 1475 4002 1539 ἐμοι

725 1568 850 1619 hum
912 1565 1279 1627 iucarnatnm,
1333 1568 1384 1619 id
1443 1578 1526 1621 est
1593 1568 1865 1621 hominem
1917 1567 2122 1621 factum
2173 1579 2295 1622 esse

2400 1565 2581 1632 λογεῖν
2639 1561 2918 1630 ἐγνώκατε
2971 1563 3062 1614 τὸν
3113 1562 3250 1616 Θεοῦ
3301 1563 3472 1630 Λόγον
3537 1564 4003 1632 σεσαρκωμένεον,

725 1666 880 1709 certo
920 1658 1183 1724 statuitis,
1235 1658 1510 1725 quomodo
1547 1658 1590 1711 is
1623 1658 2119 1712 consummationis
2148 1659 2290 1712 diem

2400 1657 2567 1726 ἤγουν
2615 1653 3102 1725 ὲνηνθρωπηκὸτα,
3135 1655 3252 1716 πῶς
3303 1653 3539 1721 ἠγνόησε
3572 1653 3674 1723 τὴν
3727 1659 3836 1721 τῆς
3885 1671 4003 1704 σπιν-

725 1747 1046 1817 iguoravit?
1101 1748 1512 1817 Respondemus
1581 1750 1888 1806 divinorum
1957 1760 2291 1805 secretorum

2399 1745 2612 1807 τελείας
2641 1744 2889 1814 ὴμέραν;
2922 1743 3104 1813 Φαμὲν
3133 1739 3246 1807 οὖν,
3291 1732 3372 1796 ὅτι
3403 1743 3462 1795 τὸ
3507 1745 3788 1812 ἀγνοῆσαι
3841 1745 4000 1812 me.

726 1841 1116 1908 ignorationem
1188 1855 1360 1909 neque
1420 1843 1738 1909 probrosam
1804 1856 1924 1896 esse
1987 1825 2351 1906 creaturae,F

2365 1857 2367 1868 ’
2395 1837 2463 1888 τὰ
2492 1839 2549 1888 ὲν
2575 1836 2696 1904 Θεῷ
2740 1837 3034 1907 μυστήρια,
3070 1833 3193 1887 οὔτε
3228 1834 3495 1905 ἀσύνηθες
3520 1874 3536 1896 ,
3565 1833 3697 1886 οὕτε
3732 1839 3849 1904 μὴν
3883 1839 3990 1886 ἐτέ-

724 1945 897 1999 neqnc
951 1931 1127 1984 eidem
1177 1944 1395 1999 quoque
1454 1931 1791 1984 inusitatam.
1865 1931 2139 1999 Scriptum
2211 1939 2296 1984 est

2401 1944 2507 1995 ρως
2535 1926 2785 1997 ἀπρεπὲς
2813 1927 2878 1978 ἂν
2913 1926 2999 1995 εἴη
3031 1927 3098 1995 τῇ
3125 1925 3320 1977 κτίσει.
3352 1943 3370 1975 ι
3407 1925 3503 1988 Τίς
3527 1925 3640 1996 γὰρ
3677 1926 3830 1992 ἔγνω
3869 1925 3991 1975 γοῦν

733 2019 914 2071 enim:
958 2037 976 2070 ι
1014 2016 1146 2085 Quis
1187 2019 1334 2071 novit
1381 2028 1613 2072 mentem
1657 2019 1958 2074 Domini”?
1995 2037 2014 2070 ι
2054 2019 2108 2073 Si
2167 2033 2295 2087 ergo

2398 2022 2639 2092 κυρίους
2687 2040 2703 2072 ι
2758 2020 2900 2075 κατὰ
2938 2020 2996 2072 τὸ
3047 2019 3450 2089 γεγραμμένον.
3505 2021 3615 2072 Καὶ
3664 2022 3718 2071 εἰ
3775 2019 4011 2084 λέγεται·

724 2109 916 2171 Filius,
953 2117 1224 2178 quatenus
1272 2109 1432 2163 homo
1463 2107 1639 2163 factus
1693 2120 1798 2177 est,
1849 2129 1868 2159 ι
1923 2110 2196 2179 paululum
2227 2109 2298 2161 ab

2400 2111 2573 2182 βραχὺ
2605 2112 2733 2182 παρ’
2765 2111 3031 2178 ἀγγέλους
3060 2111 3409 2179 ὴλαττῶσθαι
3444 2114 3473 2164 ὁ
3509 2111 3672 2175 Υἱὸς,
3725 2112 3870 2163 καθὸ

725 2202 928 2270 angelis
963 2201 1264 2254 minoratus
1308 2218 1326 2250 ι
1365 2199 1565 2254 dicitur
1593 2201 1634 2232 ¹⁰
1675 2201 1820 2272 (nam
1854 2213 1912 2256 ut
1951 2203 2128 2268 Deus,
2175 2202 2298 2255 uni-

2397 2221 2554 2271 γονεν
2602 2203 2889 2273 ἄνθρωπος
2937 2202 3202 2272 δηλονότι,
3253 2204 3430 2255 καίτοι
3476 2205 3711 2266 κτίσεως
3767 2204 3987 2272 ἁπάσης

725 2308 895 2347 versa:
923 2304 1186 2346 creaturre
1227 2293 1495 2360 pnestat),
1538 2293 1664 2362 quid
1705 2295 1897 2347 mirum
1935 2305 2035 2357 est,
2067 2296 2107 2347 si
2144 2309 2296 2364 atque

2398 2292 2474 2345 ὣν
2505 2294 2766 2346 ἐπέκεινα
2801 2292 3027 2355 θεῖκῶς’
3080 2293 3133 2343 τί
3182 2292 3242 2344 τὸ
3289 2292 3496 2360 θαῦμα,
3542 2293 3646 2345 κᾶν
3699 2294 3849 2360 ὁμοῦ
3882 2297 3987 2345 τοῖς

726 2395 890 2451 atque
943 2385 1141 2454 angeli,
1197 2383 1288 2439 Dei
1365 2396 1574 2440 secreta
1633 2386 1885 2456 ignorare
1934 2387 2291 2455 perhibetur;

2398 2389 2652 2457 ἀγγέλοις
2675 2388 2888 2455 ἀγνοεῖν
2919 2387 3144 2457 λέγηται
3170 2385 3231 2437 τὸ
3261 2388 3317 2438 ὲν
3350 2384 3466 2454 Θεῷ
3499 2387 3681 2454 μυστή
3694 2402 3837 2454 ριον,
3862 2386 3988 2436 καί·

725 2477 851 2529 Iicet
899 2477 943 2531 is
994 2477 1084 2530 Dei
1140 2476 1316 2530 Patris
1365 2478 1628 2547 sapientia
1666 2489 1718 2531 et
1739 2480 1911 2532 virtus
1957 2480 2029 2534 sit
2069 2481 2107 2510 “
2141 2480 2162 2532 ?
2201 2479 2294 2533 Dei

2400 2497 2483 2532 τοι
2519 2480 2680 2547 σοφία
2712 2479 2805 2531 καὶ
2826 2477 3054 2547 δύναμις
3083 2477 3342 2546 ὑπάρχων
3374 2477 3578 2539 αὐτοῦς
3612 2473 3756 2530 Εἶτα
3787 2477 3907 2537 πῶς
3933 2476 4015 2527 ἄν’

723 2577 849 2616 vero
877 2563 1055 2618 Patris
1078 2566 1343 2633 sapientia
1378 2583 1480 2620 uou
1522 2576 1699 2636 potest
1731 2582 1793 2621 ea
1831 2571 2066 2632 nescire,
2095 2586 2213 2639 qua:
2237 2571 2289 2623 in

2397 2572 2672 2641 ἠγνόησεν
2713 2572 2746 2640 ἡ
2797 2569 2955 2636 σοφία
2984 2568 3080 2620 τοῦ
3128 2568 3337 2636 Πατρὸς
3366 2569 3440 2619 τὰ
3467 2570 3524 2619 ὲν
3555 2569 3712 2636 αὺτῷ
3749 2585 3986 2636 κεκρυμ-

725 2659 840 2723 ipso
888 2656 1069 2710 abdita
1114 2655 1299 2710 latent.
1341 2649 1502 2726 15.0
1527 2656 1580 2709 Si
1617 2658 1760 2710 enim
1805 2657 2040 2726 Spiritus
2085 2661 2291 2723 omnia,

2405 2665 2576 2733 μένας
2616 2663 2725 2715 Καὶ
2757 2662 2804 2712 εί
2844 2661 2905 2712 τὸ
2963 2658 3185 2728 Πνεῦμα
3233 2659 3456 2724 λέγεται
3507 2659 3692 2710 πάντα
3735 2660 3982 2727 ἐρευνᾷν.

725 2748 890 2800 etiam
945 2745 1205 2816 profunda
1257 2746 1352 2801 Dei
1407 2757 1683 2801 scrutatur
1725 2748 1802 2812 “,
1850 2759 1905 2802 et
1949 2749 2036 2802 ille
2091 2749 2292 2804 Christi

2399 2755 2493 2806 ml.
2516 2755 2583 2807 τὰ
2608 2752 2746 2821 βάθη
2770 2750 2863 2804 τοῦ
2895 2751 3050 2814 Θεοῦ,
3073 2749 3298 2818 Πνεῦμα
3322 2747 3378 2800 δέ
3405 2749 3522 2800 ἐστι
3553 2748 3650 2802 τοῦ
3681 2750 3927 2820 Χριστοῦ
3943 2763 3984 2806 υ.

727 2837 961 2906 Spiritus
1011 2848 1119 2901 est,
1167 2840 1440 2908 quomodo
1497 2840 1549 2892 id
1619 2840 1892 2907 nesciret,
1955 2843 2094 2908 quod
2151 2842 2296 2895 illius

2400 2845 2517 2907 πῶς
2565 2844 2629 2896 ἂν
2678 2842 2839 2904 αὐτὸς
2893 2842 3183 2910 ἠγνόησεν,
3231 2840 3374 2910 ἅπερ
3429 2836 3570 2892 οἶδεν
3632 2841 3888 2910 ἀκριϐῶς
3932 2843 3983 2891 τὸ

728 2931 963 2999 Spiritus
1023 2939 1213 2983 exacte
1262 2931 1461 2984 callet?
1495 2930 1675 2995 Quare
1732 2930 1860 2984 licet
1913 2942 1972 2984 ut
2006 2935 2165 2986 homo
2195 2933 2296 2986 ali-

2400 2934 2627 3001 Πνεῦμα
2657 2932 2854 2995 αὐτοῦς
2884 2930 3092 2984 Οὐκοῦν
3125 2932 3225 2984 κᾶν
3255 2932 3468 2998 ἀγνοεῖν
3505 2930 3870 2998 ἀνθρωπίνως
3902 2931 3983 2982 λέ-

727 3022 854 3090 quid
889 3018 1185 3074 ncscivisse
1209 3022 1441 3082 dicatur,
1485 3033 1541 3071 ut
1582 3022 1720 3073 Deus
1755 3029 1931 3072 tamen
1971 3021 2153 3073 omnia
2197 3035 2296 3074 no-

2401 3039 2585 3090 γηται,
2632 3021 2745 3072 ἀλλ’
2779 3017 2889 3072 οἶδε
2927 3019 3140 3082 θεῖκῶς.
3175 3019 3287 3071 Καὶ
3328 3017 3480 3084 γοῦν,
3542 3036 3559 3068 ι
3604 3019 3716 3072 Ποῦ
3754 3021 3981 3072 τέθειται

735 3123 841 3166 rat.
875 3112 987 3166 Etsi
1019 3127 1148 3181 ergo
1177 3120 1235 3164 ut
1263 3111 1423 3165 homo
1449 3112 1838 3179 ignoratiOuem
1872 3127 1979 3179 prae
2007 3125 2065 3165 se
2110 3111 2295 3175 ferret,
2335 3166 2360 3181 ρ

2357 3167 2367 3180 ,
2404 3112 2686 3178 Λάζαροςς
2717 3129 2734 3160 ι
2758 3109 2995 3181 ἐρωτῶν,
3018 3109 3092 3172 ὡς
3119 3108 3236 3172 ἐξὸν
3267 3108 3414 3178 αὑτῷ
3436 3109 3510 3180 μὴ
3537 3110 3738 3163 εἰδέναι
3767 3115 3906 3164 κατζι
3929 3113 3982 3163 τὸ

726 3205 853 3258 dum
897 3204 963 3258 de
1006 3202 1238 3266 Lazaro,
1289 3221 1307 3254 ι
1334 3203 1436 3258 Ubi
1479 3204 1730 3270 posuistis
1756 3218 1876 3255 eum
1907 3203 1988 3254 u‘?
2017 3221 2034 3253 ι
2074 3217 2300 3271 percon-
2331 3201 2351 3218 ‘

2358 3202 2368 3216 '
2405 3201 2765 3272 ἀνθρώπινον,
2814 3203 3088 3272 ὲνήργηκε
3135 3201 3350 3264 θεῖκῶς,
3380 3201 3694 3272 ἀναστήσας
3729 3204 3896 3255 αὑτὸν
3926 3206 3983 3254 ἐκ

729 3306 957 3358 taretur,
1009 3311 1132 3350 mox
1167 3308 1366 3359 tamen,
1401 3296 1522 3349 dum
1563 3295 1765 3364 potenti
1815 3296 2014 3348 virtute
2043 3310 2110 3348 ex
2149 3312 2295 3350 mor-

2408 3292 2639 3364 νεκρῶν.
2681 3292 3072 3355 Ἀπονέμοντες
3100 3291 3275 3344 τοίνυν
3309 3295 3374 3362 τῇ
3423 3293 3561 3362 μετὰ
3598 3296 3808 3363 σαρκὸς
3848 3297 3984 3347 οἰκο-

731 3389 838 3441 tuis
893 3388 1039 3441 illum
1083 3388 1413 3450 exsuscitat,
1458 3388 1622 3440 Deum
1652 3402 1710 3440 se
1741 3401 1860 3441 esse
1899 3397 2084 3455 aperte
2115 3387 2294 3440 decla-

2404 3385 2567 3454 νομίξι
2599 3383 2667 3436 τὰ
2698 3383 3050 3455 ἀνθρώπινα,
3079 3386 3410 3454 τηρήσωμεν
3439 3385 3684 3447 εὐσεϐῶς
3717 3391 3814 3438 καὶ
3866 3387 3985 3439 καθ’

729 3488 836 3530 rat.
887 3476 1206 3531 Tribuenles
1248 3477 1410 3545 igitur
1455 3476 1851 3528 incarnationis
1899 3475 2290 3544 dispensationi

2402 3477 2548 3544 ἡμᾶς
2580 3475 2823 3542 γεγονότι
2853 3474 2930 3543 τῷ
2959 3478 3024 3527 ὲκ
3049 3474 3185 3527 Θεοῦ
3225 3474 3384 3540 φύντι
3407 3475 3566 3544 Λόγῳ
3589 3477 3657 3528 τὰ
3685 3475 3978 3547 θεοπρεπῆ.

728 3588 789 3624 ea
821 3586 940 3639 qum
973 3569 1204 3624 heminis
1255 3577 1409 3631 sunt,
1460 3581 1739 3621 servemus
1803 3567 1991 3632 etiam,
2041 3583 2145 3635 qua
2184 3569 2338 3623 decet
2377 3569 2602 3638 pietate,
2653 3568 2727 3622 illi
2771 3568 2865 3637 qui
2925 3569 3098 3622 instar
3146 3570 3315 3621 nostri
3383 3565 3562 3621 factus
3589 3580 3676 3621 est
3710 3571 3893 3633 homo,
3921 3585 3980 3623 ex

733 3661 842 3715 Deo
864 3660 1044 3727 genito
1074 3656 1273 3719 Verbo,
1307 3672 1425 3724 qua:
1452 3657 1550 3723 ipsi
1587 3667 1644 3709 ut
1672 3656 1781 3711 Deo
1813 3659 2158 3712 conveniunt.

803 3750 987 3806 XVIII.
1033 3768 1049 3800 ι
1102 3749 1364 3804 Clamavit
1414 3747 1573 3802 Jesus
1620 3764 1752 3802 voce
1796 3766 2018 3819 magna,
2050 3751 2242 3805 dicens
2281 3768 2295 3805 :

2475 3753 2584 3805 IH'.
2628 3771 2645 3802 ι
2694 3751 2918 3821 Ἐϐόησε
2952 3751 3010 3804 δὲ
3054 3754 3203 3821 φωνῇ
3253 3750 3468 3820 μεγάλῃ
3513 3752 3542 3802 ὁ
3602 3750 3847 3818 Ἰησοῦς·
3888 3751 3977 3801 Θεέ

735 3841 878 3896 Deus
929 3856 1117 3903 meus,
1170 3839 1309 3894 Deus
1368 3855 1554 3903 meus,
1625 3840 1815 3907 utquid
1860 3857 1945 3894 me
1999 3842 2292 3911 dereliqui-

2410 3862 2534 3914 μου,
2567 3843 2667 3895 Θεέ
2703 3860 2827 3912 μου,
2863 3843 2952 3895 ἵνα
2999 3842 3052 3894 τί
3099 3859 3168 3912 με
3221 3843 3610 3910 ὲγκατέλιπες;
3647 3861 3667 3892 ι
3703 3838 3850 3911 τΑρα
3896 3837 3977 3893 οὖν

732 3936 797 3987 sti
834 3932 914 3985 ἐἳ
947 3951 964 3983 ι
995 3931 1243 3999 Nunquid
1287 3932 1458 3998 ipsum
1497 3945 1712 4000 quoque
1751 3930 2006 3995 Verbum,
2053 3934 2195 4000 quod
2231 3949 2300 3988 ex

2406 3938 2499 3987 καὶ
2544 3935 2704 3988 αὑτὸν
2745 3933 3066 4004 ἐπικουρίας
3092 3933 3190 4002 τῆς
3221 3934 3427 3986 ἄνωθέν
3473 3950 3656 4003 φαμεν
3707 3933 3975 4003 δεδεῆσθαι

731 4026 842 4078 Deo
869 4023 1027 4076 Patre
1053 4032 1233 4075 natum
1274 4031 1376 4084 est,
1429 4022 1612 4076 divino
1646 4022 1848 4075 auxilio
1888 4022 2189 4090 indiguisse
2222 4025 2302 4078 tli-

2405 4026 2496 4078 τὸν
2530 4028 2591 4078 ὲκ
2626 4023 2760 4078 Θεοῦ
2809 4020 3020 4095 Πάτρὸς
3051 4024 3256 4091 Λόγον;
3286 4024 3478 4078 Καίτοι
3514 4026 3627 4086 πῶς
3654 4024 3817 4078 τοῦτό
3843 4029 3974 4078 ἐστιν

731 4115 958 4172 centus?
993 4115 1061 4167 At
1090 4114 1214 4181 quid
1238 4128 1301 4167 eo
1329 4113 1432 4166 dici
1462 4122 1638 4182 potest
1669 4114 1922 4167 stultius?
1961 4115 2156 4168 Annon
2192 4131 2296 4169 una

2407 4118 2506 4170 οὐκ
2554 4115 2748 4188 εὔηθες
2795 4116 3022 4187 κομιδῇ;
3055 4116 3432 4186 Συγκατάρχει
3464 4117 3571 4187 γὰρ
3599 4115 3714 4167 τῶν
3743 4116 3880 4168 ὅλων
3910 4116 3973 4184 τῷ

731 4226 851 4264 cum
889 4209 996 4262 Deo
1042 4207 1200 4260 Patre
1238 4207 1610 4259 universorum
1651 4205 1910 4260 Dominus
1942 4218 2055 4269 est,
2091 4222 2300 4277 suoque

2408 4209 2527 4278 Θεῴ
2561 4209 2652 4260 καὶ
2684 4210 2862 4277 Πατρὶ
2886 4247 2901 4272 ,
2937 4209 3030 4260 καὶ
3079 4211 3288 4278 στερεοί
3323 4209 3420 4279 μὲν
3449 4208 3716 4278 οὐρανοὺς
3749 4208 3828 4276 τῷ
3877 4209 3973 4275 ἰδίῳ

732 4301 935 4371 Spiritu
968 4302 1161 4355 caelum
1199 4300 1399 4360 lirmat,
1435 4313 1497 4352 ac
1527 4300 1790 4352 virtutum
1828 4299 2083 4353 Dominus
2118 4301 2300 4369 appel-

2410 4298 2714 4367 Πνεύματι,
2742 4299 2946 4368 Κύριος
2977 4298 3033 4351 δὲ
3061 4300 3170 4352 τῶν
3196 4300 3478 4368 δυνάμεων
3528 4298 3861 4368 ὀνομάζεται
3897 4301 3973 4351 καὶ

732 4393 895 4459 Iatur,
929 4401 983 4445 et
1009 4401 1091 4444 est
1120 4391 1221 4445 hoc
1256 4390 1434 4459 ipsum
1472 4403 1594 4443 vere
1624 4389 1710 4441 ’⁵2
1745 4388 1998 4458 Nunquid
2033 4405 2162 4460 ergo
2209 4393 2300 4444 ad-
2337 4375 2357 4432 Ῐ

2348 4375 2382 4432 D
2411 4388 2524 4441 ἔστι
2565 4389 2708 4441 κατὰ
2753 4389 3031 4460 ἀλήθειαν.
3079 4391 3219 4443 Ἀλλ’
3262 4392 3522 4463 ὴτόνησεν
3568 4393 3677 4462 ἄρα
3725 4394 3863 4462 πρὸς
3893 4395 3973 4454 τὰς

730 4498 925 4538 versus
957 4481 1268 4535 ludas-orum
1296 4482 1520 4536 insidias
1541 4481 1811 4552 elanguit?
1838 4480 2095 4550 Nunquid
2124 4483 2299 4536 cruci-

2407 4477 2516 4529 τῶν
2555 4477 2826 4531 Ἰουδαίων
2877 4480 3190 4547 ἐπιϐουλὰς,
3224 4481 3317 4534 καὶ
3349 4482 3560 4552 ἄμαχος
3588 4478 3656 4551 ἦν
3689 4483 3844 4553 αὺτῷ
3881 4483 3971 4535 τῶν

735 4574 1014 4642 ligentium
1048 4586 1238 4625 manus
1261 4571 1532 4626 debellare
1561 4587 1665 4626 non
1699 4574 1870 4640 potuit
1892 4573 1915 4624 ?
1937 4575 2097 4640 Atqui
2126 4573 2291 4626 Isaias

2410 4567 2790 4636 σταυροῦντων
2841 4572 2874 4640 ή
2927 4571 3070 4642 χείρ.
3141 4571 3334 4624 Καίτοι
3394 4574 3559 4642 φησιν
3619 4573 3647 4624 ὁ
3706 4579 3971 4643 προφήτης

731 4664 997 4734 propheta
1029 4659 1106 4714 sic
1140 4661 1246 4714 ait:
1291 4678 1309 4710 ι
1349 4660 1404 4712 Si
1429 4676 1617 4714 omnes
1645 4673 1833 4730 gentes
1872 4665 2024 4732 quasi
2049 4665 2190 4716 stilla
2233 4665 2299 4718 de

2419 4658 2646 4722 Ἡσαΐας
2670 4675 2682 4689 ·
2721 4680 2738 4711 ι
2777 4662 2838 4714 Ei
2884 4663 3059 4716 πάντα
3098 4662 3166 4716 τὰ
3194 4663 3320 4736 ἔθνη
3351 4663 3426 4727 ὡς
3461 4662 3678 4730 σταγὼν
3725 4665 3835 4718 ἀπὸ
3861 4666 3969 4718 καδ-

732 4753 916 4816 situla,
961 4759 1016 4805 et
1055 4749 1208 4818 quasi
1240 4758 1571 4803 momentum
1603 4761 1821 4804 staterze
1849 4763 2111 4820 reputatae
2150 4764 2296 4818 sunt,

2407 4750 2497 4803 ὅου
2519 4793 2532 4816 ,
2563 4754 2655 4805 καὶ
2681 4753 2754 4816 ὡς
2785 4753 2926 4823 ῥοπὴ
2961 4753 3126 4821 ζυγοῦ
3161 4754 3539 4824 ἐλογίσθησαν,
3583 4757 3675 4808 καὶ
3710 4756 3786 4818 ὡς
3818 4757 3969 4815 σίελος

733 4843 961 4914 etquasi
1013 4842 1176 4897 saliva
1236 4839 1685 4910 reputabuntur:
1747 4843 1832 4895 cui
1883 4858 2011 4913 ergo
2067 4845 2298 4898 similem

2416 4841 2859 4910 λογισθήσονται·
2893 4845 2999 4896 τίνι
3019 4845 3339 4914 ὡμοιώσατε
3364 4848 3454 4898 τὸν
3485 4847 3692 4914 Κύριον
3718 4865 3734 4910 ;
3774 4849 3865 4898 καὶ
3883 4847 3966 4897 τίνι

734 4929 941 4984 fecistis
968 4926 1175 4983 Deum?
1203 4935 1296 4979 aut
1324 4925 1410 4978 cui
1439 4923 1660 4992 imagini
1679 4927 2034 4991 comparastis
2053 4943 2173 4980 eum
2194 4929 2300 4980 “‘3:

2418 4927 2727 4997 ὁμοιώματι
2739 4930 3058 4998 ὡμοιώσατε
3077 4933 3239 4985 αὐτόν
3255 4951 3270 4997 ;
3286 4952 3302 4984 ι
3324 4935 3521 4988 ’ἰστέον
3541 4934 3618 4995 δὲ,
3634 4936 3718 4986 ὅτι
3735 4935 3966 5004 παρῆσαν

736 5018 1048 5072 Meminisse
1107 5019 1208 5073 hoc
1260 5018 1380 5072 loco
1444 5024 1661 5084 oportet
1718 5011 1954 5068 Judaicze
2017 5015 2311 5085 Synagogaa

2413 5017 2510 5084 μὲν
2541 5017 2590 5067 οἱ
2619 5017 2716 5085 τῆς
2760 5018 3030 5071 Ἰουδαίων
3064 5020 3386 5088 συναγωγῆς
3416 5022 3712 5092 ὑπηρέται,
3750 5026 3847 5093 τὴν
3879 5024 3965 5076 τῶν

737 5107 1087 5163 administros
1127 5122 1246 5160 cum
1295 5107 1527 5160 militum
1560 5105 1818 5167 cohorte,
1855 5103 1987 5156 duce
2014 5105 2306 5171 proditore,

2413 5107 2765 5176 στρατιωτῶν
2790 5107 3004 5180 ἔχοντες
3039 5112 3291 5180 σπεῖραν,
3326 5112 3628 5181 ἡγούμενον
3655 5114 3713 5166 δὲ
3742 5114 3832 5167 τὸν
3857 5132 3964 5187 προ-

736 5201 965 5257 irruisse
991 5195 1246 5253 inlesum
1281 5219 1293 5254 :
1331 5201 1528 5268 quibus
1547 5207 1743 5253 uteutn
1786 5195 2313 5262 comprehenderent

2411 5196 2588 5268 δότην.
2633 5198 2850 5271 Ἐπειδὴ
2884 5200 2940 5254 δὲ
2972 5199 3198 5271 ἐζήτουν
3243 5202 3406 5255 αὑτὸν
3452 5204 3842 5268 συλλαϐέσθαι,
3876 5210 3961 5260 ὰπ-

737 5290 1129 5362 ιιιιωτεηιὶιιιιε,
1174 5291 1411 5342 occurrit
1451 5290 1562 5355 ille,
1619 5289 1846 5344 dicens:
1887 5303 1906 5338 ι
1945 5284 2112 5351 Quem
2167 5302 2311 5354 qua:-

2416 5292 2546 5360 ήντα
2584 5291 2784 5359 λέγων·
2822 5314 2838 5345 ι
2871 5294 3003 5346 Τίνα
3039 5292 3286 5362 (quite;
3319 5295 3379 5348 Οἱ
3407 5296 3463 5349 δὲ
3499 5299 3635 5368 πρὸς
3666 5299 3822 5351 τοῦτο
3851 5301 3958 5365 ἔφα-

809 5453 830 5484 3
872 5448 1057 5502 Matth.
1091 5439 1337 5520 χκινηξθ
1401 5441 1612 5520 u'nlsa.
1655 5460 1740 5507 XL,
1785 5443 1880 5520 13.
1944 5441 1998 5520 ff
2039 5441 2200 5520 Heln}
2253 5457 2309 5510 ll,
2349 5443 2397 5497 7.

2349 5443 2397 5497 7.
2439 5445 2741 5520 _““_lCor.
2785 5448 2934 5515 524.
3013 5449 3055 5479 ¹²
3084 5447 3248 5506 lCor.
3279 5451 3453 5520 tt,'_IO.
3533 5454 3574 5484 ¹³
3601 5451 3755 5508 ἆυειιι.
3800 5472 3854 5518 ιι,
3889 5456 3953 5508 τι.

741 5522 782 5551 ’⁵
814 5520 999 5581 Matth.
1033 5531 1199 5580 xxvn,
1231 5512 1319 5568 46.
1401 5511 1443 5542 ¹⁸
1473 5510 1612 5565 Psal.
1652 5529 1816 5578 χχχιι,
1850 5511 1902 5576 6,
1939 5512 2024 5566 10.
2103 5512 2145 5543 ¹⁶
2171 5510 2271 5566 lsa.
2311 5531 2366 5568 ιιι

1733 5529 1816 5578 ιιι,
1850 5511 1902 5576 6,
1939 5512 2024 5566 10.
2103 5512 2145 5543 ¹⁶
2171 5510 2271 5566 lsa.
2311 5531 2397 5580 ιιι,
2431 5517 2515 5581 15,
2548 5517 2630 5571 I8.
2811 5510 2819 5515 ⁷
3323 5510 3358 5524 ’”

1831 5667 2001 5724 Vari-.e
2040 5669 2297 5724 lectiones
2327 5671 2529 5724 codicis
2561 5671 2915 5740 Segnieriani.
