4116 6534
82 487 114 540 1
126 488 246 544 357

927 491 1016 545 AD
1057 485 1356 543 DEGINAS
1393 486 1478 542 DE
1516 486 1745 543 RECTA
1788 488 1944 543 FIDE
1983 485 2238 544 ORATIO
2277 486 2574 541 ALTERA.

3203 493 3340 549 1558

79 616 244 655 σαν·
295 601 508 673 Ἰησοῦν
547 601 636 654 τὸν
682 603 1018 675 Ναζωραῖον.
1069 601 1201 656 Εἶτα
1245 603 1378 675 πρὸς
1421 605 1616 668 αὐτοὺς
1656 609 1683 659 6

1802 607 1945 659 ritis?
1994 604 2071 659 llli
2122 615 2300 659 autem
2369 605 2674 658 dixerunt:
2739 605 2921 661 Jesum
2980 606 3337 664 Nazarenam.

83 692 342 764 Σωτήρ*
381 692 522 760 Ἐγώ
553 694 687 762 εἰμι.
732 696 840 748 Καὶ
887 695 1126 765 ἀπῆλθον
1156 697 1232 755 εἰς
1269 695 1336 746 τὰ
1365 695 1555 760 ὀπίσω,
1589 698 1682 750 καὶ

85 783 312 836 ἔπεσον
355 782 551 853 χαμαί.
585 802 603 834 ι
639 780 769 837 Εἶτα
809 787 925 848 πῶς
960 787 1026 839 ἂν
1069 785 1331 852 ὴτόνησεν
1364 789 1391 838 6
1424 790 1516 840 καὶ
1548 788 1682 857 μόνῃ

86 876 170 943 ’τῇ
193 876 357 942 φωνῇ
378 871 475 941 τὴν
503 872 608 924 τῶν
636 876 1093 929 ἐπιϐουλευόντων
1122 873 1346 941 ἐλέγξας
1371 877 1681 939 ἀσθένειαν;

89 963 172 1014 Τί
219 958 322 1014 οὖν
360 961 470 1032 ἄρα.
513 962 758 1031 βούλεται
797 966 1003 1032 λέγων·
1051 984 1067 1015 ι
1105 965 1203 1017 Θεέ
1246 984 1368 1036 μου,
1412 968 1511 1020 Θεέ
1559 982 1682 1036 μου,

93 1050 201 1101 ἵνα.
229 1049 288 1100 τί
320 1067 390 1119 με
418 1051 806 1118 ἐγκατέλιπες;
837 1074 854 1104 ι
887 1054 1069 1123 Φαμὲν
1096 1055 1295 1118 τοίνυν,
1328 1057 1409 1110 ὅτι
1434 1056 1527 1108 τοῦ
1557 1073 1688 1124 προ-

95 1139 364 1210 πάτορος
403 1142 570 1212 Ἀδὰμ
604 1145 702 1212 τὴν
750 1144 998 1196 δοθεῖσαν
1029 1146 1176 1216 αὑτῷ
1221 1149 1562 1218 πατήσαντος
1601 1147 1688 1198 ἐν-

95 1230 304 1300 τολὴν,
347 1234 440 1286 καὶ
470 1234 562 1286 τοῦ
595 1234 739 1286 θείου
767 1233 1132 1305 άλογήσαντος
1179 1238 1366 1306 νόμον,
1397 1236 1690 1304 ἐγκαταλέ-

97 1317 343 1373 λειπταί
394 1339 507 1384 πως
550 1325 581 1392 ἠ
630 1322 915 1393 ἀνθρώπου
967 1325 1127 1394 φύσις
1180 1327 1332 1397 παρὰ
1375 1325 1468 1378 τοῦ
1518 1325 1685 1378 Θεοῦ·

99 1409 319 1476 γέγονε
345 1411 401 1463 δὲ
438 1413 708 1480 ἐπάρατος
732 1411 820 1464 διὰ
860 1415 1035 1480 τοῦτο,
1068 1417 1162 1470 καὶ
1191 1416 1407 1486 θανάτῳ
1439 1416 1688 1486 κάτοχος.

116 1501 361 1572 Ἐπειδὴ
383 1503 438 1554 δέ
465 1502 524 1554 τὸ
558 1504 817 1568 πεπονθὸς
834 1515 860 1543 ν
893 1507 1354 1577 άναστοιχειώσων
1377 1511 1454 1573 είς
1481 1511 1691 1579 ἀφθαρ-

105 1594 246 1645 σίαν
272 1594 616 1662 ἐπεδήμησεν
646 1595 673 1644 6
706 1597 995 1668 μονογενὴς
1022 1598 1112 1651 τοῦ
1140 1598 1274 1651 Θεοῦ
1293 1600 1481 1668 Λόγος,
1500 1601 1692 1654 ἐπελά-

149 1683 248 1734 ετὸ
307 1698 367 1733 τε
430 1683 741 1752 σπέρματος
803 1687 1073 1758 Ἀϐραὰμ,
1128 1689 1222 1741 καὶ
1275 1688 1530 1759 ὡμοιώθη
1584 1693 1693 1752 τοῖς

111 1770 382 1836 ἀδελφοῖς
405 1808 418 1832 ,
457 1768 564 1821 ἔδει
599 1772 734 1839 μετὰ
769 1774 865 1843 τῆς
910 1776 1142 1844 ἀρχαίας
1183 1776 1395 1846 ἐκείνης
1425 1779 1562 1847 ἀρᾶς
1602 1777 1694 1831 καὶ

103 1862 218 1929 τῆς
252 1860 580 1913 ἐπεισάκτου
607 1862 809 1933 φθορᾶς
838 1865 1134 1933 καταλῆξαι
1168 1865 1264 1934 τὴν
1289 1867 1690 1936 ἐγκατάλειψιν,

1786 697 1922 751 Dicit
1955 697 2033 750 eis
2066 695 2257 751 Jesus:
2295 697 2406 766 Ego
2439 709 2581 750 sum.
2618 695 2684 748 Et
2730 696 2978 752 abierunt
3022 710 3340 764 retrorsum,

1784 797 1838 840 et
1866 786 2172 839 ceciderunt
2195 788 2245 840 in
2272 797 2465 843 terram
2499 786 2635 840 ¹⁷·¹⁸.
2677 804 2694 838 ι
2728 785 2841 840 Jam
2875 791 3143 855 quomodo
3182 792 3337 843 intir-

1787 892 1904 930 mus
1929 877 2032 931 dici
2065 886 2258 945 potest,
2289 879 2376 945 qui
2412 879 2492 932 vel
2531 877 2642 932 sola
2678 893 2805 931 voce
2843 877 3218 932 insultantium
3261 880 3342 932 in-

1789 967 2095 1021 firmitatem
2131 969 2414 1022 ostendit?
2453 970 2652 1039 Ecquid
2697 982 2828 1036 ergo
2867 969 2968 1022 sibi
3022 970 3132 1022 vult
3205 971 3344 1032 quod

1788 1059 1883 1122 ait,
1917 1077 1935 1110 ι
1983 1058 2126 1113 Deus
2186 1074 2355 1122 meus,
2399 1061 2536 1114 Dens
2580 1075 2754 1122 meus,
2791 1060 2976 1127 utquid
3009 1061 3343 1130 dereliquisti

1788 1150 1918 1203 me?
1952 1169 1970 1202 ι
2007 1149 2244 1205 Dicimus
2300 1149 2481 1218 igitur,
2513 1165 2631 1200 cum
2682 1148 2885 1216 primus
2943 1162 3136 1215 parens
3167 1158 3348 1202 noster

1789 1239 1956 1294 Adam
1982 1240 2289 1293 mandatum
2331 1238 2470 1306 quod
2518 1249 2794 1307 acceperat
2842 1239 3219 1302 proculcasset,
3271 1238 3349 1291 di-

1791 1331 2078 1397 vinamque
2123 1330 2290 1398 legem
2337 1329 2596 1396 neglectni
2639 1329 2917 1381 habuisset
2946 1328 3009 1389 ",
3055 1329 3345 1381 humanam

1792 1428 2038 1473 naturam
2074 1418 2241 1472 fuisse
2305 1419 2695 1484 quodammodo
2729 1417 3059 1481 derelictam,
3108 1433 3352 1471 exsecra-

1794 1509 2061 1576 bilemqne
2099 1517 2154 1560 et
2191 1508 2346 1560 morti
2404 1506 2687 1560 obnoxiam
2744 1506 2985 1561 eﬂ'ectam
3023 1525 3034 1560 :
3078 1514 3130 1558 at
3192 1506 3350 1560 simul

1795 1611 1955 1668 atque
2017 1599 2334 1667 Unigenitus
2368 1598 2482 1662 Dei,
2526 1598 2576 1651 id
2609 1599 2749 1666 quod
2779 1599 3089 1666 prolapsum
3126 1609 3264 1662 erat,
3295 1599 3347 1651 in

1796 1691 2252 1758 incorruptionem
2291 1688 2694 1743 instauraturus
2732 1690 2988 1752 advenit,
3037 1689 3353 1757 semineqne

1793 1783 2024 1836 Abrahae
2079 1781 2444 1848 apprehenso,
2523 1779 2788 1833 fratribus
2844 1779 2956 1832 suis
3018 1778 3353 1833 assitnilatns

1797 1870 1896 1924 fuit
1927 1870 2011 1935 '°;
2045 1878 2171 1922 tunc
2217 1882 2321 1920 una
2371 1881 2490 1920 cum
2532 1865 2758 1934 antiquo
2792 1865 2883 1917 illo
2924 1863 3078 1934 141
3124 1863 3342 1917 maledi-

105 1952 184 2022 ῆν
222 1952 518 2020 ὑπέμεινεν
547 1954 606 2005 ἐν
632 1954 828 2025 ἀρχαῖς
868 1957 901 2024 ἡ
932 1954 1026 2006 τοῦ
1056 1955 1344 2024 ἀνθρώπου
1391 1957 1571 2026 φύσις.
1601 1959 1691 2020 Ὠς

1802 1969 1913 2023 cto,
1967 1958 2292 2025 inductaque
2338 1955 2726 2024 corruptione,
2776 1954 3139 2007 desertionem
3191 1968 3351 2020 quam

108 2038 214 2094 οὖν
249 2035 331 2104 εἷς
362 2043 615 2113 ὑπάρχων
663 2045 773 2096 τῶν
806 2044 1398 2115 ἐγκαταλελειμμένων,
1435 2047 1569 2100 καθὸ
1599 2049 1692 2100 καὶ

110 2132 288 2194 αὑτὸς
350 2134 744 2204 παραπλησίως
814 2135 945 2203 ἡμῖν
999 2136 1258 2205 μετέσχεν
1317 2137 1544 2208 αἵματος
1601 2139 1693 2191 καὶ

114 2225 367 2295 σαρκὸς,
411 2225 500 2289 τὸ,
552 2243 570 2276 ι
612 2225 729 2278 Ἵνα
772 2226 824 2278 τί
876 2243 942 2297 με
983 2227 1370 2294 ἐγκατέλιπες;
1413 2247 1431 2278 ι
1482 2229 1644 2298 φησίν
1677 2245 1689 2259 ο

110 2318 264 2385 ὅπερ
292 2311 360 2385 ἦν
387 2315 600 2377 λύοντος
625 2316 873 2387 ἐναργῶς
901 2317 999 2388 τὴν
1035 2318 1322 2388 συμϐᾶσαν
1365 2320 1496 2388 ἡμῖν
1527 2321 1694 2387 ἐγκα-

113 2405 395 2475 τάλειψιν,
465 2406 558 2458 καὶ
604 2404 712 2458 οἷον
761 2408 1201 2470 ἐκδυσωποῦντος
1245 2409 1331 2476 ἐφ’
1384 2407 1560 2476 ἐαυτῷ
1608 2406 1696 2458 τὸν

116 2496 383 2565 Πατέρα,
417 2498 509 2547 καὶ
536 2495 826 2558 καλοῦντος
866 2497 946 2559 εἰς
994 2497 1280 2565 εὐμένειαν
1310 2496 1410 2566 τὴν
1449 2496 1533 2562 ἐφ’
1567 2496 1697 2564 ἡμῖν

116 2586 201 2647 ὠς
234 2588 321 2653 ἐφ’
350 2586 526 2655 ἐαυτῷ
553 2587 647 2638 καὶ
676 2585 875 2657 πρώτῳ
893 2603 906 2616 ·
939 2587 1137 2650 παντὸς
1180 2587 1289 2657 γὰρ
1323 2588 1452 2656 ἡμῖν
1478 2586 1698 2653 γέγονεν

115 2679 148 2728 6
182 2678 416 2747 Χριστὸς
446 2678 649 2745 ἀγαθοῦ
681 2679 775 2732 καὶ
804 2678 946 2750 ἁρχὴ
983 2680 1074 2732 καὶ
1104 2679 1380 2749 πρόξενος.
1405 2678 1566 2729 Ὥστε
1598 2677 1698 2729 κᾶν

120 2769 258 2820 εἴτι
287 2769 499 2836 λέγοιτο
531 2768 712 2822 λαϐεῖν
739 2769 1092 2838 ἀνθρωπίνως
1134 2770 1285 2840 παρὰ
1327 2769 1418 2821 τοῦ
1464 2770 1696 2839 Πατρδς,

118 2859 292 2910 τοῦτο
335 2862 399 2927 τῇ
445 2859 689 2929 ἡμετέρᾳ
722 2861 1056 2930 προὺξένησε
1098 2861 1284 2928 φύσει,
1335 2861 1548 2931 πλήρης
1599 2861 1701 2913 ὑπ-

123 2951 316 3020 άρχων
348 2952 374 3002 6
397 2950 580 3014 αὑτὸς,
624 2951 718 3004 καὶ
749 2952 960 3014 οὐδενὸς
1000 2952 1325 3022 τοπαράπαν
1390 2953 1594 3022 ἐνδεὴς,
1625 2953 1700 3015 ὡς

124 3041 288 3104 Θεός.

206 3303 307 3357 ΙΘ¹.
347 3321 364 3352 ι
403 3301 571 3355 Τοῦτο
604 3303 868 3372 φρονείτω
913 3302 1142 3365 ἕκαστος
1188 3304 1245 3354 ἐν
1279 3302 1407 3371 ὑμῖν
1437 3302 1639 3364 αὑτοῖς,
1673 3300 1701 3352 ὃ
1730 3272 1771 3328 C

130 3395 232 3446 καὶ
262 3396 319 3446 ἐν
356 3394 574 3464 Χριστῷ
610 3393 814 3464 Ἰησοῦ’
846 3393 904 3457 ὃς
933 3395 990 3446 ἐν
1024 3397 1204 3464 μορφῇ
1237 3393 1370 3446 Θεοῦ
1422 3393 1700 3463 ὑπάρχων,

132 3487 235 3554 οὑχ
269 3487 554 3556 ἁρπαγμὸν
586 3487 826 3556 ἡγήσατο
875 3485 936 3537 τὸ
965 3482 1104 3538 εἶναι
1139 3487 1226 3538 ἴσα
1257 3485 1402 3554 Θεῷ·
1433 3484 1545 3537 ἀλλ’
1578 3486 1705 3535 ἐαυ-

132 3576 228 3628 τὸν
269 3576 523 3640 ἐκένωσε,
579 3579 790 3647 μορφὴν
828 3577 1014 3629 δούλου
1060 3576 1269 3640 λαὸὼν,
1306 3578 1361 3628 ἐν
1399 3575 1704 3645 ὁμοιώματι

135 3666 441 3735 ἀνθρώπων
472 3670 782 3737 γενόμενος,
827 3669 918 3720 καὶ
950 3671 1188 3739 σχήματι
1236 3668 1479 3738 εὑρεθεὶς
1509 3669 1582 3731 ώς
1612 3669 1704 3721 ἄν-

138 3757 392 3826 Θρωπος·
440 3758 800 3809 ἐταπείνωσεν
854 3759 1075 3823 ἑαυτὸν,
1124 3759 1412 3828 γενόμενος
1469 3759 1703 3823 ὑπήκοος

143 3849 308 3917 μέχρι
347 3847 594 3910 θανάτου,
634 3848 862 3899 θανάτου
898 3848 953 3899 δέ
993 3848 1248 3918 σταυροῦ.
1282 3849 1370 3900 Διὸ
1397 3849 1488 3900 καὶ
1524 3851 1550 3900 6
1575 3848 1706 3910 Θεὸς

139 3939 303 3992 αὑτὸν
358 3939 704 4008 ὑπερύψωσε,
761 3941 854 3991 καὶ
897 3939 1188 4010 ἐχαρίσατο
1233 3940 1382 4008 αὑτῷ
1429 3940 1600 4003 ὄνομα
1644 3940 1705 3992 τὸ

143 4029 287 4098 ὑπὲρ
333 4032 438 4084 πᾶν
488 4031 692 4100 ἔνθυμον
751 4031 835 4082 ἵνα
884 4032 938 4082 ἐν
982 4029 1059 4101 τῷ
1110 4030 1332 4101 ὀνόματι
1390 4030 1558 4100 Ἰησοῦ
1602 4030 1706 4083 πᾶν

140 4120 270 4187 γόνυ
322 4119 514 4190 κάμψῃ
561 4122 913 4191 ἐπουρανίων,
956 4124 1048 4174 καὶ
1096 4123 1372 4190 ἐπιγείων,
1417 4123 1508 4173 καὶ
1538 4138 1702 4172 κατα·

142 4211 401 4281 χθονίων·
454 4212 550 4263 καὶ
605 4214 753 4263 πᾶσα
813 4213 1031 4279 γλῶσσα
1089 4213 1580 4282 ἐξομολογήσηται,
1623 4214 1704 4264 ὅτι

144 4303 346 4372 Κύριος
388 4302 592 4372 Ἰησοῦς
634 4302 863 4371 Χριστὸς
911 4306 988 4363 εἰς
1022 4303 1177 4366 δόξαν
1221 4303 1355 4355 Θεοῦ
1404 4304 1634 4372 Πατρός.
1680 4322 1697 4353 ι

157 4393 289 4445 Ἰδοὺ
333 4393 394 4462 δὴ
441 4393 627 4461 σαφῶς
658 4394 746 4446 τὸν
775 4397 831 4446 ἐν
861 4397 1037 4464 μορφῇ
1071 4395 1160 4446 καὶ
1200 4395 1402 4463 ἰσότητι
1443 4395 1535 4445 τοῦ
1569 4393 1703 4446 Θεοῦ

145 4485 241 4538 καὶ
289 4483 497 4554 Πατρδς
539 4483 668 4535 Θεὸν
714 4485 887 4551 Λόγον
929 4487 1024 4554 οὑχ
1081 4487 1368 4553 ἁρπαγμὸν
1405 4485 1706 4554 ἡγήσασθαί

1796 2049 2030 2102 humana
2079 2054 2272 2099 natura
2314 2045 2366 2097 in
2401 2060 2499 2098 suo
2539 2044 2803 2112 principio
2853 2057 3105 2112 perpessa
3140 2041 3353 2106 luerat,

1795 2139 2175 2209 conquiescere
2220 2136 2476 2205 oportuit.
2526 2135 2713 2201 Itaque
2763 2135 2915 2202 quasi
2969 2132 3350 2187 derelictorutn

1797 2245 1936 2283 unus
1956 2227 2247 2292 exsislens,
2277 2235 2542 2296 quatenus
2564 2233 2616 2278 et
2650 2226 2764 2294 ipse
2792 2223 3044 2277 similiter
3067 2223 3349 2278 nobiseum

1797 2321 2066 2390 particeps
2103 2318 2409 2372 fuitcarnis
2457 2325 2511 2370 et
2552 2315 2828 2386 sanguinis
2879 2315 2946 2378 “,
2983 2315 3160 2368 dixit:
3199 2333 3217 2365 ι
3260 2313 3356 2368 Ut-

1798 2411 1925 2477 quid
1968 2409 2302 2477 dereliquisti
2354 2408 2490 2461 me?
2521 2426 2539 2458 ι
2593 2405 2722 2471 Quae
2751 2420 2882 2460 sane
2919 2421 3018 2459 vox
3054 2413 3172 2459 erat
3203 2420 3358 2476 ever-

1801 2501 1964 2555 tentis
2013 2500 2180 2565 illam,
2217 2514 2338 2568 qua:
2387 2498 2540 2551 nobis
2591 2497 2881 2560 acciderat,
2925 2497 3354 2558 derelictionem,

1801 2590 2121 2660 Patremque
2145 2593 2214 2644 ob
2239 2589 2510 2658 loquentis
2544 2588 2859 2657 dignitatem
2899 2587 2949 2641 in
2982 2603 3040 2642 se
3071 2587 3358 2650 ﬂectentis,

1801 2698 2009 2737 necnon
2044 2683 2107 2734 ad
2139 2679 2570 2734 benevolentiam
2615 2693 2742 2747 erga
2786 2693 2881 2731 nos
2920 2687 3175 2746 tanquam
3228 2693 3360 2746 erga

1803 2775 2036 2840 seipsum
2087 2780 2141 2826 et
2185 2771 2414 2838 primum
2481 2769 2870 2837 provocantis:
2924 2769 3357 2837 quandoquidem

1803 2862 2055 2916 Christus
2084 2862 2327 2915 omnium
2365 2862 2627 2915 bonorum
2658 2859 2879 2926 largitor
2909 2868 2962 2912 et
2991 2869 3178 2913 auctor
3208 2858 3362 2912 nobis

1803 2955 2030 3008 exstitit.
2070 2952 2218 3006 Unde
2259 2952 2421 3006 etiam
2459 2953 2501 3005 si
2548 2951 2821 3019 quidpiam
2859 2958 2918 3002 ut
2951 2949 3110 3003 homo
3140 2964 3168 3000 a
3206 2948 3364 3002 Patre

1804 3045 2080 3112 accepisse
2115 3044 2332 3106 dicitur,
2378 3045 2478 3097 hoc
2509 3041 2681 3110 ipsum
2715 3049 2880 3094 totum
2919 3042 2970 3093 in
3002 3053 3238 3094 nostram
3274 3058 3365 3094 na-

1806 3143 1979 3187 turam
2011 3134 2288 3200 erogavit;
2335 3147 2456 3185 eum
2491 3132 2606 3200 ipse
2641 3140 2697 3184 nt
2731 3130 2873 3184 Deus
2909 3131 3121 3200 plenus,
3162 3131 3362 3184 nullius

1805 3225 2025 3279 omnino
2058 3223 2181 3277 boni
2213 3224 2466 3292 indigeat.

1878 3314 2020 3368 XIX.
2059 3333 2076 3366 ι
2124 3313 2236 3369 Hoc
2262 3314 2408 3369 enim
2471 3314 2667 3368 sentite
2709 3312 2762 3366 in
2810 3313 2984 3378 vobis,
3027 3313 3168 3382 quod
3218 3323 3270 3366 et
3313 3314 3364 3366 in

1807 3407 2030 3463 Christo
2081 3406 2245 3461 Jesu:
2298 3407 2538 3474 quicum
2589 3405 2642 3459 in
2690 3404 2867 3459 forma
2915 3404 3009 3458 Dei
3056 3413 3222 3467 esset,
3259 3420 3366 3459 non

1809 3500 2053 3569 rapinam
2088 3499 2386 3553 arbitratus
2413 3505 2497 3550 est
2543 3510 2666 3551 esse
2708 3511 2766 3550 se
2809 3496 3068 3564 aequalem
3099 3496 3229 3558 Deo,
3273 3495 3366 3548 sed

1806 3591 2158 3658 semetipsum
2201 3587 2523 3652 exinanivit,
2580 3586 2809 3641 formam
2859 3586 3003 3640 servi
3065 3586 3361 3655 accipiens,

1808 3681 1859 3734 in
1890 3678 2302 3734 similitudinem
2343 3677 2623 3732 hominum
2657 3675 2852 3738 factus,
2884 3683 2939 3729 et
2961 3674 3145 3728 habitu
3181 3676 3368 3727 inven-

1805 3779 1892 3822 tus
1934 3778 1992 3820 ιιι
2025 3769 2204 3821 homo.
2263 3764 2582 3818 llumiliavit
2634 3761 3007 3830 semetipsum,
3039 3760 3214 3814 factus
3240 3761 3368 3813 obe-

1807 3859 1960 3913 diens
2002 3872 2171 3926 usque
2224 3857 2288 3910 ad
2339 3863 2590 3917 mortem,
2650 3862 2877 3908 mortem
2929 3860 3104 3906 autem
3165 3851 3364 3905 crucis.

1807 3950 2032 4018 Propter
2082 3949 2221 4016 quod
2264 3954 2318 4000 et
2367 3945 2507 3998 Deus
2543 3943 2800 3996 exaltavit
2845 3942 3021 4006 illum,
3068 3951 3122 3995 et
3149 3941 3369 3995 donavit

1808 4041 1883 4095 illi
1915 4054 2108 4095 nomen
2136 4038 2278 4107 quod
2311 4046 2394 4091 est
2427 4050 2602 4104 super
2630 4048 2791 4089 omne
2820 4048 3052 4086 nomen:
3095 4042 3151 4085 ut
3183 4034 3234 4085 in
3275 4046 3370 4085 no-

1809 4137 1951 4189 mine
1987 4134 2112 4189 Jesu
2147 4148 2308 4186 omne
2338 4146 2477 4201 genu
2507 4128 2778 4192 ﬂectatur,
2832 4126 3153 4188 caelestium,
3198 4136 3368 4179 terre-

1808 4227 2022 4284 strium.
2064 4234 2117 4278 et
2161 4222 2537 4284 infernorum;
2586 4228 2640 4273 et
2678 4217 2855 4272 omnis
2906 4217 3083 4285 lingua
3114 4214 3369 4269 conﬁtea-

1810 4327 1919 4379 tur,
1983 4316 2108 4384 quia
2153 4313 2412 4368 Dominus
2461 4310 2616 4364 Jesus
2665 4308 2915 4363 Christus
2968 4307 3020 4360 in
3083 4306 3247 4375 gloria
3289 4318 3372 4359 est

1809 4408 1901 4461 Dei
1946 4406 2120 4459 Patris
2157 4407 2225 4455 ".
2281 4422 2298 4452 ›
2351 4402 2427 4454 En
2478 4400 2712 4454 dilucide
2768 4401 2866 4452 hoc
2915 4397 3032 4451 loco
3079 4396 3372 4463 exponitur

1810 4498 1976 4551 Deum
2029 4496 2287 4555 Verbum,
2345 4491 2488 4560 quod
2537 4491 2588 4544 in
2645 4491 2814 4545 forma
2843 4499 2891 4542 et
2933 4487 3237 4556 aequalitate
3275 4487 3368 4540 Dei

148 4590 282 4645 φησι
309 4575 367 4626 τὸ
402 4570 540 4627 εἶναι
587 4575 675 4627 ἴσα
702 4576 848 4645 Θεῷ·
880 4577 1216 4628 κεκενῶσθαι
1246 4577 1300 4628 δέ
1344 4577 1541 4645 μᾶλλον
1594 4577 1704 4629 s03-

1808 4587 1988 4641 Patris
2019 4595 2156 4650 erat,
2215 4601 2318 4638 non
2372 4584 2615 4652 rapinam
2665 4583 2987 4636 arbitratum
3034 4581 3370 4649 aequiparare

145 4666 330 4736 λοντὴν
382 4665 591 4737 μορφὴν
626 4666 811 4719 δούλου
867 4667 1117 4728 λαϐόντα,
1173 4669 1267 4719 καὶ
1308 4670 1363 4719 ἐν
1397 4668 1698 4738 ὁμοιώματι

147 4757 442 4829 ἀνθρώπων
487 4761 792 4829 γενόμενον.
827 4760 1166 4828 ΙῙροσεπάγει
1201 4759 1276 4817 δὲ,
1316 4761 1394 4811 ὅτι
1448 4759 1700 4812 τεταπεί-

148 4837 315 4902 νωκεν
366 4851 572 4914 ἑαυτὸν,
614 4851 902 4918 γενόμενος
952 4851 1186 4919 ὑπήκοος
1229 4852 1389 4921 μέχρι
1444 4852 1696 4915 θανάτου,

150 4941 374 4993 θανάτου
407 4939 462 4992 δὲ
498 4941 751 5011 σταυροῦ.
792 4942 959 5011 Εἴπερ
1008 4937 1099 4993 οὖν
1153 4940 1447 5011 διαιρετέον
1495 4944 1573 5004 είς
1611 4942 1702 4994 δύο

149 5033 408 5101 Χριστοὺς
435 5035 526 5084 καί
565 5034 731 5097 υἱοὺς,
774 5034 864 5084 τὸν
891 5034 983 5084 ἕνα
1012 5034 1104 5085 καὶ
1137 5034 1295 5102 μόνον
1339 5034 1572 5102 Χριστὸν
1611 5033 1705 5085 καὶ

152 5125 367 5193 Κύριον,
396 5124 490 5176 καὶ
514 5124 654 5175 κατά
675 5141 737 5191 γε
765 5124 825 5175 τό
857 5142 961 5176 τισι
991 5125 1200 5188 δοκοῦν,
1232 5124 1321 5177 τὸν
1349 5127 1412 5176 ἐκ
1445 5125 1701 5191 γυναικὸς

152 5216 427 5285 ἄνθρωπον
456 5215 714 5284 τετίμηκε
755 5217 853 5284 μέν
891 5217 1095 5284 ἰσότητι
1128 5216 1236 5268 τῶν
1283 5216 1428 5268 ἰδίων
1463 5215 1702 5286 ἀξιωμά-

153 5323 256 5360 των
281 5308 308 5359 6
335 5305 428 5358 τοῦ
457 5305 588 5359 Θεοῦ
619 5305 808 5372 Λόγος,
838 5308 931 5358 καὶ
962 5306 1193 5374 συνῆψεν
1227 5307 1403 5376 ἐαυτῷ
1439 5308 1576 5359 κατὰ
1615 5306 1706 5357 τὸν

226 5479 510 5534 "'“Joan.
563 5493 718 5543 xvut,
774 5479 824 5533 5.
904 5478 1109 5534 “Gen.
1141 5494 1221 5546 ιιι,
1266 5479 1290 5532 1
1343 5493 1494 5548 seqq.

1584 5477 1817 5532 "Hebr.
1867 5494 1923 5545 ιι,
1967 5479 2052 5543 lli,
2093 5481 2176 5535 17.
2279 5483 2319 5514 ¹¹

1810 4692 1866 4730 se
1894 4677 2000 4730 Deo
2027 4694 2038 4737 ;
2068 4673 2184 4738 sed,
2220 4672 2397 4727 servili
2429 4671 2598 4727 forma
2632 4680 2901 4738 suscepta,
2929 4670 3066 4723 ultro
3097 4684 3154 4722 se
3183 4670 3371 4722 exina-

1813 4768 2014 4821 nivisse
2082 4765 2467 4831 hominumque
2529 4762 2933 4814 similitudinem
2981 4761 3228 4817 subiisse.
3263 4760 3371 4812 Ad-

1811 4859 1887 4911 dit
1926 4865 2186 4924 praeterea
2232 4854 2467 4921 seipsum
2519 4852 2848 4914 bnmiliasse,
2895 4849 3369 4917 obedientiamqne

1818 4948 1881 4999 ad
1910 4954 2129 4998 mortem
2168 4958 2338 5011 usque
2379 4944 2718 5011 praestitisse,
2766 4949 2989 4995 mortem
3023 4949 3199 4992 autem
3243 4953 3368 4991 crn-

1815 5037 1914 5091 cis.
1949 5035 2004 5088 Si
2041 5050 2202 5086 unum
2249 5048 2377 5103 ergo
2408 5042 2461 5086 et
2490 5031 2665 5086 solum
2695 5031 2968 5085 Christum
2997 5039 3050 5082 et
3083 5029 3368 5082 Dominum

1821 5126 1872 5178 in
1925 5125 2060 5180 duos
2094 5124 2338 5179 Christos
2388 5132 2441 5178 et
2486 5124 2640 5187 lilios,
2697 5132 2752 5175 ut
2804 5120 3120 5190 quibusdam
3176 5121 3371 5188 placet,

1815 5215 1989 5268 divelli
2025 5223 2273 5283 oportet;
2321 5227 2480 5284 atque
2540 5215 2628 5267 Dei
2689 5211 2922 5266 Verbum
2979 5211 3250 5264 hominem
3296 5223 3364 5262 ex

1817 5307 2038 5361 muliere
2083 5318 2259 5361 ortum
2296 5310 2528 5377 propriae
2579 5305 2873 5374 maiestatis
2925 5304 3232 5374 aequalitate
3278 5304 3371 5355 de-

2380 5481 2508 5535 ibitl.
2577 5481 2660 5536 ιι.
2769 5482 2812 5512 ¹¹
2851 5479 3074 5549 Philipp.
3112 5496 3169 5542 tt,
3212 5477 3368 5532 5-H.

1232 5653 1404 5710 Varia:
1443 5655 1696 5712 lectiones
1717 5655 1917 5710 codicis
1945 5656 2294 5725 Seguieriani.

229 5849 250 5877 ν
278 5835 579 5897 πεπτωκός.
