4122 6472
757 467 892 525 1359

1742 459 1797 510 S.
1839 453 2112 509 CYIllLIJ
2155 447 2614 505 ALEXANDRlNl
2653 445 2970 502 ARClllEP.

3861 445 3886 497 1
3897 443 3996 498 56"

756 589 983 653 curavit,
1005 596 1058 638 et
1087 586 1241 652 juxta
1287 582 1626 638 auctoritatis
1664 579 1926 633 rationem
1949 613 1967 640 ,
2007 575 2316 628 liliationis-

2432 572 2519 640 τῆς
2564 566 2849 631 αὑθεντίας
2895 566 3115 639 τρόπον,
3155 565 3251 618 καὶ
3295 564 3438 617 κατά
3473 564 3574 635 τὴν
3610 564 3709 633 τῆς
3743 562 3995 631 υίότητος

756 692 863 745 que
923 669 1377 733 communionem,
1428 670 1530 723 sibi
1581 666 1734 736 quasi
1783 664 2035 725 alterum,
2099 663 2201 716 hoc
2235 671 2318 714 est

755 781 784 819 a
819 780 878 818 sc
918 763 1215 823 diversum,
1243 757 1410 812 Filius
1469 755 1714 825 adjumit
1744 771 1756 806 :
1804 753 1926 821 quis
1952 753 2042 806 ille
2074 766 2203 820 ergo
2238 758 2322 804 est

759 857 848 927 qui
884 852 1238 921 semetipsum
1266 849 1594 913 cxittnnit'it;
1628 853 1720 899 aut
1742 860 1846 912 qua
1877 846 2090 899 tandem
2112 844 2320 898 ratione

757 944 1181 1009 ex':_ttaniti0tt0ttt
1206 941 1412 995 subiit?
1433 939 1560 992 Nam
1587 939 1658 1000 si,
1692 947 1748 991 ut
1771 937 1846 990 illi
1871 946 2139 1000 statuunt,
2161 937 2320 989 homo

759 1016 925 1106 purus
967 1034 1060 1103 qui
1113 1048 1175 1084 ex
1215 1029 1437 1082 muliere
1483 1028 1749 1094 prodiisse
1795 1025 2141 1094 intelligitur,
2176 1019 2318 1075 istud

758 1140 1050 1198 perpessus
1069 1133 1177 1185 est,
1239 1119 1396 1192 142
1430 1117 1723 1186 quomodo,
1759 1125 1853 1169 aut
1889 1130 1990 1183 qua
2021 1113 2226 1167 ratione
2265 1109 2318 1161 in

759 1197 1184 1272 exinanitionem
1234 1210 1474 1276 deiectus
1529 1205 1651 1260 est?
1711 1204 1844 1259 Nam
1888 1201 2158 1273 quomodo
2191 1199 2236 1253 is
2267 1197 2319 1250 in

758 1304 1115 1361 humilitatem
1153 1297 1454 1360 descendit,
1507 1297 1598 1364 qui
1646 1305 1791 1347 tanta
1833 1309 1953 1346 cum
1999 1289 2092 1344 Dei
2145 1286 2324 1340 Verbo

760 1397 1020 1452 societate
1045 1403 1098 1446 et
1132 1391 1395 1445 aliinitate
1431 1387 1750 1454 coniunctus
1784 1395 1900 1446 est,
1929 1391 1988 1435 ut
2020 1380 2165 1449 paris
2199 1393 2322 1431 cum

762 1490 854 1544 illo
885 1484 1172 1555 dignitatis
1198 1492 1252 1535 ct
1283 1480 1627 1534 auctoritatis
1656 1493 1776 1532 esse
1809 1471 2144 1530 censeatur?
2171 1469 2324 1536 Quod

760 1583 803 1636 si
835 1577 1131 1635 exinanitio
1181 1575 1269 1627 illa
1305 1573 1372 1627 de
1406 1572 1494 1625 Dei
1545 1570 1722 1625 Verbo
1768 1578 1826 1621 ut
1857 1580 2100 1620 seorsum
2144 1572 2198 1617 et
2233 1577 2327 1629 per

759 1685 817 1726 se
849 1669 1120 1724 intellecto
1171 1664 1310 1719 Filio
1352 1662 1698 1732 praedicetur,
1749 1660 2021 1727 quomodo
2062 1657 2108 1710 is
2141 1654 2328 1708 exina-

761 1763 905 1816 nitus
949 1768 1054 1823 est,
1101 1757 1188 1826 qui
1242 1755 1496 1816 alterum,
1533 1751 1699 1807 utilli
1729 1751 1903 1814 aiunt,
1956 1749 2160 1803 honore
2193 1744 2323 1799 atie-

758 1852 853 1915 cit,
886 1848 1230 1919 propriisque
1272 1843 1445 1898 titulis
1498 1852 1554 1896 et
1598 1842 1952 1912 dignitatibus
2002 1833 2327 1892 exornavit?

757 1905 1038 2008 Quomodo
1069 1905 1158 1990 ille
1193 1933 1505 1988 humiliatus
1554 1905 1682 1985 dictv
1699 1941 1900 2000 potest,
1957 1929 2046 1997 qui
2093 1925 2324 1996 propriae
2358 1905 2400 1960 Β

759 2045 868 2087 sua:
899 2029 1086 2097 gloria:
1127 2025 1402 2094 fastigium
1452 2022 1610 2076 alteri
1668 2021 1769 2076 sibi
1828 2018 2100 2073 associato
2131 2017 2328 2085 imper-

761 2125 890 2177 titus
917 2120 1042 2176 est?
1068 2117 1200 2172 Nam
1247 2117 1292 2170 si
1339 2130 1464 2169 eum
1505 2111 1778 2168 humiliari
1809 2112 1895 2167 vel
1929 2109 2196 2164 cxinauiri
2225 2119 2330 2162 sta-

759 2221 937 2275 tuant,
972 2211 1114 2279 quod
1161 2208 1388 2261 alterum
1436 2205 1604 2274 gloria
1654 2201 1840 2268 allicit,
1877 2201 2116 2272 profecto
2140 2201 2329 2254 absur-

757 2305 884 2359 dum
917 2317 1023 2357 non
1043 2299 1151 2355 erit
1174 2298 1336 2353 etiam
1368 2293 1673 2363 intelligere
1716 2293 1968 2362 injuriam
2003 2291 2325 2345 inferentem

757 2391 1005 2448 exaltari.
1038 2389 1401 2455 Quamobrem
1433 2398 1564 2438 vera
1593 2395 1647 2437 et
1683 2383 1994 2437 necessaria
2031 2379 2169 2435 ratio
2195 2395 2326 2434 sna-

755 2486 866 2547 det,
907 2489 963 2535 et
1003 2487 1209 2534 tantum
1255 2491 1360 2531 non
1409 2475 1711 2542 compellit,
1751 2475 1996 2541 utipsam
2035 2471 2328 2542 plenitudi-

757 2588 878 2628 nem
902 2569 1328 2624 exinanitionem
1361 2580 1606 2634 passam,
1644 2563 1773 2618 illud
1805 2579 2017 2617 rursum
2061 2577 2164 2614 non
2184 2561 2329 2629 quod

757 2672 948 2733 suapte
981 2669 1173 2714 natura
1204 2671 1419 2711 servum
1451 2665 1553 2720 est,
1590 2657 1698 2709 imo
1721 2669 1849 2709 vero
1877 2653 2024 2707 omni
2053 2652 2330 2706 servitutis

757 2755 1068 2811 conditione
1110 2750 1378 2820 superius.
1430 2747 1616 2802 servili
1645 2746 1818 2799 forma
1851 2760 1911 2802 se
1945 2746 2232 2808 restiisse;
2274 2753 2331 2796 et

758 2847 811 2900 in
834 2840 1242 2898 similitudinem
1269 2837 1545 2892 hominum
1572 2835 1720 2890 illum
1761 2833 1986 2900 factum,
2017 2835 2108 2904 qui
2135 2846 2326 2888 natura

755 2935 882 2990 talis
936 2947 1044 2986 non
1104 2938 1258 2994 erat,
1307 2926 1621 2998 priusquam
1667 2926 1830 2980 homo
1895 2925 2049 2979 ﬁeret
2083 2965 2098 2989 ,
2153 2927 2326 2993 ipsam

759 3026 990 3094 denique
1027 3019 1369 3076 altitudinem
1420 3032 1478 3070 se
1511 3015 1830 3071 humiliasse
1859 3015 2234 3070 existimemus
2275 3025 2330 3069 et

759 3115 1135 3186 pnedicemus.
1173 3112 1355 3178 Ipsum
1404 3108 1589 3177 itaque
1621 3106 1714 3162 Dei
1749 3104 1984 3160 Verbum
2031 3107 2326 3161 secundum

761 3216 1009 3261 naturam
1044 3204 1339 3256 humanam
1389 3210 1580 3268 sponte
1630 3199 1696 3252 ad
1755 3198 1940 3252 istinec
1975 3208 2200 3268 propter
2226 3213 2329 3252 nos

763 3312 883 3354 sese
908 3295 1212 3359 demisisse,
1244 3303 1295 3346 et
1327 3293 1380 3346 in
1412 3291 1644 3360 proprize
1678 3289 2034 3345 nihilominus
2058 3291 2322 3346 excellen-

765 3392 851 3443 tize
899 3386 1133 3442 culmine
1173 3387 1470 3439 secundum
1513 3383 1751 3434 divinam
1805 3390 2054 3435 naturam
2088 3397 2333 3452 perman-

763 3482 902 3535 sisse
938 3477 1228 3531 credimus.
1266 3473 1379 3528 llac
1430 3473 1637 3526 ratione
1671 3481 1725 3526 et
1755 3473 2186 3542 superexaltatus
2217 3489 2336 3530 esse

764 3569 984 3632 dicitur,
1013 3576 1066 3621 et
1093 3567 1369 3636 accepisse
1419 3580 1615 3618 nomen
1660 3565 1804 3634 quod
1850 3575 1934 3619 est
1965 3582 2130 3635 super
2173 3582 2335 3622 onme

765 3676 982 3724 nomen,
1019 3668 1071 3714 et
1095 3659 1162 3712 ab
1191 3659 1449 3711 ontuibus
1483 3657 1721 3718 adorari,
1751 3665 1914 3726 atque
1947 3660 1998 3712 in
2031 3658 2121 3713 Dei
2155 3657 2334 3714 Patris

766 3751 991 3822 gloriam
1050 3747 1306 3803 Dominus
1359 3745 1649 3801 nominari.
1687 3744 1821 3800 Nam
1881 3749 1983 3802 etsi
2047 3749 2099 3802 itt
2156 3747 2333 3804 Patris

763 3842 1054 3898 eminentia
1108 3849 1164 3894 et
1222 3838 1586 3907 inexplicabili
1649 3837 1932 3905 majestate
1995 3842 2332 3898 constitutus

761 3941 928 3998 esset,
957 3931 1044 3985 ubi
1075 3939 1254 3985 tamen
1287 3929 1353 3982 ad
1386 3927 1809 3983 exinanitionetn
1853 3943 1912 3983 se
1937 3929 2174 3995 demisit,
2212 3947 2333 3986 sero

759 4025 963 4094 vilique
1007 4022 1177 4076 forma
1226 4035 1287 4075 se
1337 4019 1650 4074 humiliatus
1706 4021 1902 4084 induit,
1941 4030 1995 4076 et
2031 4038 2218 4078 rursus
2245 4039 2337 4077 na.

763 4129 898 4173 tune
961 4113 1062 4170 sibi
1127 4113 1309 4175 nnitze,
1357 4112 1458 4166 hoc
1509 4123 1592 4164 est
1649 4113 1923 4176 humanae,
1964 4125 2334 4184 paupertatem

763 4207 1174 4269 transcenderis,
1201 4205 1265 4257 ad
1302 4203 1546 4274 proprias
1568 4204 1785 4258 divitias
1810 4208 2084 4262 ascendit:
2117 4208 2219 4264 hac
2251 4224 2338 4263 ra-

764 4302 910 4354 tione
950 4297 1248 4353 sccundmn
1298 4304 1550 4348 naturam
1612 4295 1906 4350 htnnanam
1956 4297 2010 4352 id
2055 4301 2340 4370 accepisse

764 4393 981 4453 dicitur,
1047 4388 1192 4456 quod
1264 4395 1522 4455 perpetuo
1567 4395 1992 4457 constanterque
2058 4391 2110 4444 in
2161 4393 2340 4460 seipso

767 4482 1027 4548 possidet,
1067 4492 1265 4546 nempe
1325 4477 1490 4530 Deum
1527 4489 1580 4530 et
1627 4478 2005 4533 universorum
2047 4482 2338 4539 Dominum

2421 661 2760 730 ὁμωνυμίαν,
2789 660 2862 722 ὡς
2887 658 3075 730 ἕτερος
3122 653 3198 707 ὢν
3248 654 3432 719 ίδικῶς
3476 658 3607 727 παρ’
3633 654 3800 708 αὑτὸν
3833 653 3960 712 Υἱός
3980 669 3992 680 ·

2418 751 2500 813 τίς
2527 751 2635 816 ἄρα
2664 753 2691 802 6
2715 749 2956 811 κενώσας
2982 745 3170 801 ἑαυτόν
3191 745 3257 814 ςῆ
3288 745 3410 798 τίνα
3441 750 3742 800 κεκένωται
3765 744 3994 813 τρόπον;

2421 841 2483 893 El
2519 840 2618 909 μὲν
2643 841 2772 910 γάρ,
2808 841 2884 904 ὡς
2918 838 3070 893 αὑτοί
3099 853 3282 907 φασιν,
3327 838 3357 889 ὁ
3394 836 3458 888 ὲκ
3504 837 3766 904 γυναικὸς
3813 832 3998 894 ίδικῶς

2420 929 2708 997 νοούμενος
2751 930 3035 1002 ἄνθρωπος
3067 928 3223 982 τοῦτο
3269 927 3487 994 λέγεται
3533 927 3752 993 παθεῖν,
3799 926 3924 985 πῶς
3968 925 3998 992 ἦ

2419 1021 2540 1073 τίνα
2580 1021 2875 1074 κεκένωται
2905 1024 3137 1093 τρόπονς
3171 1018 3374 1088 κατέϐη
3405 1018 3459 1070 δὲ
3491 1019 3642 1081 ὅπως
3679 1021 3764 1082 είς
3808 1018 4001 1070 ταπεί-

2421 1129 2584 1163 νωσιν
2625 1114 2652 1164 ὁ
2702 1111 2761 1162 tv
2814 1113 3020 1181 ίσότητι
3072 1109 3313 1180 γεγονὼς
3358 1111 3426 1179 τῇ
3473 1109 3608 1180 πρὸς
3651 1110 3792 1161 Θεὸν
3832 1110 4002 1175 Λόγον

2421 1204 2566 1256 κατά
2615 1219 2677 1271 γε
2723 1201 2816 1253 τὸν
2853 1201 2955 1270 τῆς
2991 1203 3171 1268 ἀξίας,
3220 1203 3388 1274 ἡγουν
3411 1201 3719 1264 αὑθεντίας,
3775 1202 4001 1270 τρόπον,

2423 1303 2519 1356 καὶ
2560 1301 2762 1372 ταύτην
2799 1300 2937 1370 ἔχων
2971 1302 3110 1370 πρὸς
3143 1301 3306 1355 αὑτὸν
3336 1301 3436 1369 τὴν
3468 1296 3810 1361 συνάφειανς
3856 1293 3922 1344 Εἰ
3950 1294 4004 1344 δὲ

2424 1395 2510 1446 ἐπ’
2544 1393 2705 1446 αὑτοῦ
2737 1391 2830 1444 τοῦ
2867 1390 3001 1444 Θεοῦ
3043 1393 3246 1459 Λόγου,
3272 1389 3561 1461 νοουμένου
3605 1387 3772 1441 πάλιν
3817 1385 4002 1446 ἰδικῶς

2425 1489 2521 1542 καὶ
2572 1489 2674 1541 ἀνὰ
2723 1485 2890 1556 μέρος
2931 1483 3086 1549 Υιοῦ,
3120 1485 3182 1536 τὸ
3220 1483 3556 1537 κεκενῶσθαι
3600 1479 3849 1546 λέγοιτο,
3893 1475 4007 1535 πῶς

2427 1579 2726 1633 κεκένωται
2750 1576 2993 1645 τιμήσας
3020 1575 3227 1644 ἕτερον,
3260 1574 3405 1627 καθά
3435 1591 3594 1642 φασιν
3642 1572 3874 1628 ἐκεῖνοι,
3916 1569 4006 1619 καὶ

2425 1671 2538 1724 τοῖς
2571 1669 2719 1730 ίδίοις
2758 1664 2920 1720 αὑτὸν
2970 1663 3244 1735 ἀξιώμασι
3279 1663 3621 1733 περιϐαλών;
3654 1660 4006 1739 Τεταπεὶνω-

2426 1777 2516 1814 ται
2561 1760 2616 1813 δὲ
2637 1759 2758 1812 τίνα
2799 1757 2998 1828 τρόπον
3026 1759 3055 1811 ὁ
3095 1756 3195 1825 τῆς
3237 1755 3402 1809 αὑτοῦ
3439 1755 3596 1824 δόξης
3620 1753 3682 1805 τὸ
3739 1753 3880 1821 ὕψος
3934 1750 4008 1819 τῷ

2430 1851 2756 1920 συναφθέντι
2807 1848 3017 1914 διδούς;
3070 1849 3133 1901 El
3162 1846 3272 1917 γὰρ
3307 1845 3374 1916 δὴ
3423 1849 3598 1915 φαῖεν,
3634 1846 3717 1897 ὅτι
3768 1845 4008 1908 δοξάζων

2428 1943 2616 2014 ἓτερον
2671 1939 2831 2001 αὑτὸς
2860 1939 3126 2005 ὑπομένει
3170 1938 3269 2008 τὴν
3299 1936 3648 2000 ταπείνωσιν,
3697 1937 3876 2005 ἧγουν
3915 1937 4008 2003 τὴν

2427 2037 2676 2096 κένωσιν,
2724 2031 2894 2092 οὐδὲν.
2943 2031 3019 2094 ὡς
3052 2030 3217 2096 ἔοικε,
3255 2030 3364 2083 τῶν
3411 2029 3631 2083 ἀτόπων
3669 2029 3879 2079 ἐννοεῖν
3921 2028 3996 2078 ὅτι

2427 2127 2522 2180 καὶ
2552 2124 2789 2194 ὑϐρίζων
2830 2121 3080 2192 ὑψοῦται.
3132 2122 3460 2191 Ἀναγκαίου
3504 2117 3805 2189 τοιγαροῦν
3838 2118 4004 2186 ἡμᾶς.

2428 2217 2522 2271 καὶ
2550 2216 2735 2287 μέντοι
2765 2214 2860 2267 καὶ
2881 2211 3115 2287 ἀληθοὺς
3135 2213 3419 2283 μονονουχὶ
3454 2211 3695 2266 συνωθοῦ
3705 2228 3833 2274 ντος
3851 2209 4005 2278 λόγου

2427 2282 2566 2380 πρός
2591 2326 2654 2377 γε
2681 2309 2740 2361 τὸ
2772 2305 2979 2360 οἴεσθαι
3005 2282 3118 2358 δεῖν
3139 2282 3225 2357 ὅτι
3267 2304 3518 2358 κενοῦται
3547 2303 3610 2358 τὸ
3649 2305 3890 2375 πλῆρες,
3919 2303 4005 2354 καὶ

2427 2400 2485 2452 tv
2513 2397 2698 2451 δούλου
2745 2397 2922 2466 μορφῇ
2957 2394 3152 2462 γένοιτ’
3183 2392 3270 2454 ἂν,
3313 2392 3374 2444 οὑ
3401 2392 3464 2444 τὸ
3491 2394 3557 2462 τῇ
3586 2391 3750 2460 φύσει
3802 2393 4002 2452 δοῦλον,

2429 2488 2567 2542 ἀλλά
2594 2487 2655 2539 τὸ
2681 2486 2791 2538 τῶν
2823 2488 2922 2555 τῆς
2955 2482 3201 2545 δουλείας
3229 2483 3486 2535 ἰπέκεινα
3522 2481 3763 2553 μέτρων.
3797 2483 4004 2536 Γίνεται

2426 2579 2484 2631 δὲ
2527 2579 2622 2632 καὶ⁵
2651 2580 2708 2629 tv
2739 2575 3044 2646 ὁμοιώματι
3091 2573 3413 2645 ἀνθρώπων,
3450 2574 3514 2627 τὸ
3542 2574 3618 2643 μὴ
3652 2573 3839 2638 οὑτως
3889 2576 4000 2644 ἔχον

2426 2667 2568 2719 κατά
2613 2666 2774 2734 φύσιν
2821 2667 2950 2737 πρὶν
3000 2665 3250 2736 γένηται.
3297 2665 3406 2718 Καὶ
3436 2663 3519 2716 ὅτι
3554 2665 3916 2718 ταπεινοῦται
3949 2667 4004 2718 τὸ

2428 2758 2652 2828 ὑψηλὸν,
2683 2757 2846 2810 αὑτὸν
2889 2757 3219 2827 πιστεύομεν
3263 2755 3357 2809 τὸν
3401 2755 3496 2808 τοῦ
3532 2755 3668 2809 Θεοῦ
3709 2758 3892 2826 Λόγον
3922 2760 4005 2812 5w-

2429 2848 2716 2920 θρωπίνως
2747 2851 2804 2902 tv
2837 2846 3049 2910 τούτοις
3095 2846 3350 2915 γενέσθαι
3373 2884 3390 2911 ,
3427 2848 3551 2898 κατ’
3598 2847 3739 2900 ἰδίαν
3791 2849 4003 2919 θέλησιν

2429 2939 2571 3011 ὑπὲρ
2620 2938 2811 3010 ἡμῶν·
2851 2937 3218 3008 μεμενηκέναι
3267 2937 3323 2990 δὲ
3378 2936 3576 3000 θεῖκῶς
3621 2939 3680 2990 tv
3735 2942 3854 3002 τοῖς
3911 2941 4004 3008 τῆς

2433 3030 2570 3094 ίδίας
2595 3028 2872 3100 ὑπεροχῆς
2900 3026 3178 3098 ὑψώμασι.
3193 3028 3378 3099 Ταύτῃ
3393 3045 3474 3081 τοι
3497 3029 3590 3080 καὶ
3613 3027 4006 3099 ὑπερυψῶσθαι

2429 3121 2674 3190 λέγεται,
2711 3121 2805 3174 καὶ
2843 3121 3030 3175 λαϐεῖν
3069 3121 3130 3174 τὸ
3173 3121 3343 3191 ὄνομα
3373 3121 3434 3174 τὺ
3475 3121 3616 3191 ὑπὲρ
3658 3125 3773 3174 πᾶν
3820 3124 4005 3191 ὄνομα.

2437 3213 2860 3286 προσκυνεῖσθαι
2887 3231 2947 3266 τε
2986 3213 3138 3284 παρὰ
3165 3214 3405 3275 πάντων,
3444 3211 3538 3264 καὶ
3573 3214 3653 3274 είς
3687 3212 3855 3276 δόξαν
3882 3212 4007 3266 Θεοῦ

2437 3304 2648 3374 ῐίατρδς
2680 3302 3040 3375 ὀνομάζεσθαι
3061 3317 3087 3344 ι
3119 3287 3346 3374 Κύριοςί
3377 3303 3566 3357 Καίτοι
3601 3305 3712 3373 γὰρ
3754 3304 4010 3374 ὑπάρχων

2435 3398 2495 3449 tv
2520 3400 2586 3468 τῇ
2614 3395 2709 3450 τοῦ
2746 3395 2962 3465 [ἰατρὸς
2993 3397 3259 3466 ὑπεροχῇ,
3284 3397 3377 3448 καὶ
3407 3396 3464 3447 tv
3491 3396 3758 3466 ἀρρήτοις
3790 3396 4009 3464 ὑψώμα-

2438 3505 2554 3541 σιν·
2599 3487 2786 3556 ἐπειδὴ
2828 3486 3070 3557 καθῆκεν
3108 3486 3300 3540 ἑαυτὸν
3334 3488 3413 3548 είς
3443 3487 3694 3549 κένωσιν,
3733 3490 3832 3539 καὶ
3865 3505 4009 3542 τετα-

2437 3576 2734 3630 πεινῶσθαι
2761 3576 2999 3644 λέγεται,
3039 3575 3254 3647 μορφὴν
3290 3576 3478 3630 δούλου
3510 3576 3690 3630 λαϐών
3711 3593 3725 3607 ο
3756 3579 3926 3648 ἀνέεη
3959 3579 4008 3632 δὲ

2440 3669 2602 3722 πάλιν
2648 3670 2728 3732 είς
2776 3669 2867 3722 τὸν
2904 3668 3036 3722 ἴδιον
3092 3667 3340 3732 πλοῦτον,
3377 3669 3476 3738 τῆς
3525 3668 3826 3739 ἑνωθείσης
3872 3671 4009 3737 αὐτῷ

2441 3760 2680 3828 φύσεως,
2702 3759 2862 3829 δῆλον
2893 3759 2949 3812 δὲ
2979 3761 3061 3813 δτι
3093 3761 3191 3830 τῆς
3221 3759 3708 3830 ἀνθρωπίνης,τὴν
3743 3761 4010 3830 πτωχείαν

2441 3851 2828 3924 ὑπερδραμὼν,
2861 3851 3032 3924 ταύτῃ
3075 3869 3158 3905 τοι
3193 3850 3376 3904 λαόεῖν
3410 3850 3770 3919 ἀνθρωπίνως
3805 3843 4010 3920 λέγεται

2439 3943 2501 3997 τὸ
2525 3943 2611 3996 ἀεί
2638 3961 2698 3996 τε
2727 3944 2824 3997 καὶ
2854 3942 3245 4012 ἀναποσλήτως
3293 3941 3596 4013 ἐνυπάρχον
3640 3943 3818 4013 αὑτῷ,
3865 3960 4009 3996 τουτο

2443 4037 2560 4089 ἐστι
2590 4035 2652 4088 τὸ
2683 4031 2820 4088 εἶναι
2849 4034 2981 4098 Θεὸς
3009 4035 3104 4088 καὶ
3137 4035 3247 4087 τῶν
3286 4034 3424 4088 ὅλων
3455 4036 3677 4106 Κύριος.
3708 4037 3827 4090 Καὶ
3865 4039 4008 4106 sis-£9

2441 4127 2589 4181 ἐστὶν
2621 4125 2840 4189 εὑκλεὲς
2867 4124 2946 4196 τῷ
2993 4125 3167 4197 Πατρὶ
3204 4124 3266 4178 τδ
3310 4126 3513 4197 Κύριον
3559 4126 3703 4196 ἔχειν
3744 4127 3858 4182 τῶν
3886 4129 4007 4181 ὅλων

2441 4219 2535 4272 τὸν
2570 4217 2701 4271 ίδιον
2723 4217 2871 4282 Υίδν,
2900 4217 3018 4280 πῶς
3037 4217 3137 4270 οὑκ
3166 4216 3364 4286 ἀληθὲς
3393 4219 3685 4284 omnem
3717 4221 4005 4289 τετήρηται

2443 4311 2606 4366 πάλιν
2639 4311 2812 4382 αὑτῷ,
2850 4312 2944 4364 καὶ
2971 4310 3069 4381 τὴν
3099 4310 3194 4364 τοῦ
3219 4311 3409 4364 δούλου
3442 4311 3661 4365 λαϐόντι
3695 4314 3936 4383 μορφὴν,
3957 4312 4006 4363 τὸ

2443 4402 2726 4472 ἐλεύθερον
2774 4402 2868 4454 καὶ
2901 4401 2999 4472 τῆς
3038 4402 3180 4455 κατὰ
3213 4402 3430 4456 πάντων
3477 4403 3807 4474 κυριότητός
3842 4421 3899 4457 τε
3928 4407 4005 4455 καὶ

2445 4490 2691 4557 ἔξουσίας
2713 4493 2774 4546 τὸ
2795 4493 3104 4563 ὑπερφερὲς
3138 4491 3388 4562 ἀξίωμας

769 4590 907 4628 esse.
951 4573 1192 4640 Denique
1231 4571 1273 4624 si
1322 4569 1464 4623 Patri
1499 4571 1850 4625 honoriﬁcum
1886 4582 1969 4626 est
2035 4574 2229 4632 Filium
2296 4577 2500 4639 habere
2563 4585 2654 4653 qui
2704 4585 2754 4638 in
2801 4599 2990 4638 omnes
3036 4595 3092 4638 et
3131 4585 3312 4638 omnia
3382 4587 3678 4641 dominium
3743 4593 4005 4654 obtineat;

769 4666 852 4719 ούί
881 4665 1099 4718 duum“
1132 4677 1252 4716 esse
1285 4671 1482 4732 Ροιεδῑν
1535 4663 1665 4730 qni"
1728 4663 1803 4715 illi
1851 4663 2015 4718 etiam
2061 4678 2182 4735 post
2225 4671 2366 4725 servi
2410 4672 2637 4730 formam
2719 4685 2995 4744 acceptam
3047 4675 3294 4744 libertas,
3342 4681 3885 4753 supernaturalisque
3929 4699 4002 4753 po-

772 4758 983 4815 testatis
1012 4766 1066 4810 et
1103 4754 1490 4808 dominationis
1534 4755 1585 4808 in
1622 4770 1810 4810 omnes
1849 4758 2084 4828 dignitas
2126 4761 2338 4835 integra
2381 4767 2451 4821 sit
2477 4767 2799 4824 asservata?

839 4868 960 4924 XX.
991 4887 1008 4921 ι
1043 4866 1260 4920 Gratias
1287 4877 1508 4936 agentes
1538 4865 1708 4930 Patri,
1746 4870 1836 4936 qui
1871 4871 2060 4942 dignos
2087 4892 2185 4932 nos
2214 4877 2332 4935 fecit

2515 4881 2600 4937 κ’.
2653 4901 2670 4934 ι
2710 4880 3170 4952 Εὑχαριστοῦντες
3218 4881 3299 4953 τῷ
3344 4885 3518 4957 Πατρὶ
3557 4888 3636 4958 τῷ
3694 4892 4005 4947 ἱκανώσαντι

771 4964 824 5016 in
854 4971 1063 5031 partem
1112 4958 1273 5014 sortis
1323 4968 1632 5011 sanctorum
1665 4959 1823 5031 143
1875 4963 1924 5015 in
1965 4965 2209 5022 lumine:
2252 4972 2343 5040 qui

771 5051 972 5122 eripuit
1001 5063 1101 5103 nos
1135 5050 1199 5102 de
1235 5056 1501 5116 potestate
1530 5049 1901 5116 tenebrarum,
1962 5065 2015 5109 et
2071 5061 2349 5115 transtuli;

2453 4974 2598 5043 ἡμᾶς
2623 4975 2703 5037 εἰς
2731 4972 2830 5044 τὴν
2876 4973 3067 5044 μερίδα
3103 4973 3198 5027 τοῦ
3252 4975 3453 5047 κλήρου
3495 4979 3603 5033 τῶν
3636 4982 3813 5049 ἁγίων
3861 4989 3914 5038 ἐν
3944 4988 4004 5054 τῷ

2454 5064 2625 5134 φωτί·
2658 5064 2716 5128 ὃς
2755 5064 3023 5134 ἐρρύσατο
3048 5066 3195 5136 ημᾶς
3246 5066 3313 5120 ἐκ
3339 5069 3438 5138 τῆς
3479 5071 3725 5136 ἐξουσίας
3773 5075 3869 5128 τοῦ
3905 5079 4006 5128 exs-

773 5143 828 5197 in
852 5157 1073 5212 regumn
1127 5141 1248 5195 Filii
1304 5141 1610 5197 dilectionis
1645 5159 1790 5212 suae;
1833 5147 1882 5200 in
1935 5165 2044 5218 quo
2087 5153 2332 5208 habemu:

2451 5173 2595 5219 τους,
2628 5156 2722 5208 καὶ
2752 5156 3079 5228 μετέστησεν
3111 5160 3190 5223 είς
3212 5159 3312 5231 τὴν
3341 5160 3620 5230 βασιλείαν
3647 5165 3748 5218 τοῦ
3783 5167 3907 5220 Υίοὺ
3926 5173 4006 5234 τῆς

775 5235 1241 5303 redemptionem,
1291 5243 1345 5287 et
1398 5235 1771 5291 remissionem
1809 5248 2205 5306 peccatorum:
2258 5245 2349 5313 qui

775 5333 858 5378 est
914 5323 1088 5394 imago
1152 5323 1247 5379 Dei
1320 5324 1650 5390 invisibilis,
1713 5327 2104 5395 primogenitus
2175 5335 2350 5388 omnis

777 5426 1038 5470 creatura:
1073 5433 1084 5469 :
1124 5415 1377 5485 quoniam
1420 5417 1472 5470 in
1498 5416 1614 5486 ipso
1666 5418 1878 5472 condita
1930 5433 2055 5474 sunt
2098 5423 2350 5479 universa

779 5507 833 5562 in
881 5507 1033 5563 cmlis
1079 5517 1132 5562 et
1189 5507 1241 5562 in
1295 5516 1464 5573 terra,
1499 5509 1731 5563 visibilia
1785 5521 1838 5565 ct
1887 5513 2199 5580 invisibilia,
2236 5518 2351 5574 sive

2451 5246 2671 5317 ἀγάπης
2703 5246 2890 5311 αὑτοῦ,
2936 5249 2994 5300 tv
3039 5240 3084 5317 ᾧ
3115 5248 3313 5322 ἔχομεν
3351 5253 3452 5322 τὴν
3489 5255 3894 5327 ἀπολύτρωσιν,
3928 5263 4004 5327 τὴν

2456 5338 2652 5406 ἄφεσιν
2707 5337 2815 5391 τῶν
2852 5339 3169 5413 ἀμαρτιώνο
3194 5343 3252 5406 ὅς
3283 5345 3433 5397 ἐστιν
3461 5343 3623 5398 εἰκὼν
3649 5347 3746 5400 τοῦ
3777 5347 3906 5401 Θεοῦ
3932 5348 4003 5401 :25

2454 5431 2709 5500 ἀοράτου,
2751 5430 3096 5503 πρωτότοκος
3144 5434 3324 5504 πάσης
3367 5435 3595 5500 κτίσεως
3620 5455 3632 5468 ο
3661 5439 3748 5491 ὅτι
3789 5442 3848 5494 ὲν
3885 5439 4004 5504 αἱ.τῷ

2457 5521 2679 5591 ἐκτίσθη
2707 5521 2773 5576 τὰ
2805 5522 2980 5576 πάντα
3021 5524 3077 5579 tv
3111 5528 3222 5590 τοῖς
3257 5515 3503 5599 οὑρανοίς
3537 5530 3630 5582 καὶ
3657 5531 3753 5584 ἐπὶ
3780 5533 3874 5603 τῆς
3903 5533 4001 5602 τῆς.

1871 5692 2041 5748 νπὶω
2068 5693 2323 5753 lectiones
2355 5697 2554 5755 codicis
2589 5698 2947 5771 chuieriani.

849 5856 881 5889 ι
913 5847 1243 5919 ὠνομάσθαι.
