4116 6480
61 444 231 499 1361

936 447 1027 503 ΑΙ)
1067 448 1363 505 llEGlNAS
1402 449 1489 507 DE
1529 450 1754 507 RECTA
1794 448 1952 506 FIDE
1989 450 2250 507 ORATIO
2287 450 2586 506 ALTERA.

3224 448 3368 504 1362

52 562 145 615 τὰ
180 561 391 631 ὁρατὰ
432 562 527 616 καὶ
558 562 625 617 τὰ
667 562 896 635 ἀόρατα,
927 563 1038 617 εἴτε
1068 566 1257 636 Θρόνοι
1278 608 1293 631 ,
1342 568 1451 621 εἴτε
1483 568 1686 638 Κυριό-

1792 566 1996 621 Throui
2020 607 2035 627 ,
2087 567 2203 622 sive
2235 565 2661 632 Dominationes,
2701 566 2817 621 sive
2849 565 3213 634 Principatus,
3244 564 3361 618 sive

52 667 288 721 τητες,
346 653 463 706 εῖτε
514 654 725 725 ’Λρχαλη
774 654 881 707 εῐτε
922 642 1225 719 ’ἐξουσίαν
1279 658 1348 712 τά
1396 659 1574 713 πάντα
1621 660 1688 712 δι’

54 743 271 796 αὐτοῦ
325 744 428 799 καὶ
477 744 558 808 είς
589 744 751 799 αὐτίον
784 744 1055 800 ἔκτισταιο
1086 749 1182 802 καὶ
1229 748 1392 813 αὑτός
1431 750 1548 803 ἐστι
1585 750 1692 820 πρὸ

57 835 362 899 πάντων,
411 835 508 889 κἀὶ
549 835 619 889 τά
674 834 851 890 πάντα
900 837 959 890 ὲν
1004 837 1154 909 αὐτῷ
1207 840 1526 909 συνέστηκε.
1580 841 1693 895 Καὶ

58 925 267 987 αὐτός
309 926 465 979 ἐστιν
492 927 526 995 ἡ
558 925 770 996 κεφαλὴ
798 926 892 979 τοῦ
921 926 1173 998 σώματος
1205 930 1301 999 τῆς
1340 929 1689 1001 Ἐκκλησίας,

60 1016 141 1078 ὃς
179 1016 360 1069 ἐστιν
392 1016 556 1086 ἀρχὴ,
593 1016 939 1087 πρωτότοκος
982 1017 1048 1071 ὲκ
1075 1018 1187 1073 τῶν
1207 1017 1437 1089 νεκρῶν,
1471 1019 1557 1072 ῖνα
1599 1019 1694 1087 γέ-

63 1122 266 1176 νηται
302 1108 369 1161 ὲν
398 1109 563 1161 πᾶσιν
595 1106 760 1170 αὐτὸς
792 1108 1122 1179 πρωτεύωνο
1164 1111 1247 1165 ὅτι
1276 1112 1334 1164 ἑν
1364 1110 1511 1181 αὐτῷ
1542 1110 1691 1163 εὐδόο

64 1210 240 1264 κησε
303 1197 419 1249 πᾶν
451 1196 514 1249 τὸ
562 1195 838 1267 πλήρωμα
880 1198 1226 1268 κατοικῆσαι,
1276 1200 1372 1252 καὶ
1410 1198 1483 1251 δι’
1527 1198 1690 1253 αὐτοῦ

67 1286 566 1352 ἀποκαταλλάξαι
606 1288 675 1340 τά
720 1289 901 1343 πάντα
931 1288 1012 1353 είς
1040 1288 1232 1343 αὐτόν·
1278 1290 1693 1362 εἰρηνοποιήσας

67 1375 179 1428 διὰ
210 1376 318 1429 τοῦ
341 1377 573 1447 αἵματος
602 1376 697 1431 τοῦ
730 1376 968 1447 σταυροῦ
996 1378 1186 1443 αὐτοῦ,
1227 1380 1334 1432 εῖτε
1366 1379 1437 1432 τὰ
1474 1380 1567 1433 ἐπὶ
1592 1380 1692 1450 τῆς

67 1467 222 1533 γῆς,
275 1468 395 1520 εῖτε
439 1468 509 1522 τὰ
543 1470 603 1521 ὲν
646 1471 760 1532 τοῖς
800 1469 1070 1540 οὐρανοῖς.
1120 1488 1140 1523 ι
1182 1470 1379 1525 Είκόνα
1417 1472 1552 1543 φησὶ
1596 1472 1691 1526 τοῦ

69 1555 355 1627 ἀοράτου
387 1557 525 1612 Θεοῦ
558 1559 648 1613 τὸν
691 1558 751 1624 ὲξ
791 1557 957 1613 αὑτοῦ
990 1560 1317 1632 γεννηθέντα
1349 1561 1489 1617 κατὰ
1533 1562 1692 1631 φύσιν

70 1649 256 1717 Υνίδν,
289 1652 544 1707 τουτέστι
574 1652 669 1706 τὸν
706 1652 839 1706 Θεὸν
866 1653 1042 1722 Λόγον
1061 1665 1076 1681 ·
1112 1653 1209 1707 καὶ
1256 1653 1363 1724 μὴν
1386 1654 1469 1707 ὅτι
1498 1653 1564 1707 δι’
1593 1655 1692 1709 αὺ-

70 1742 188 1795 τοῦ
229 1743 307 1797 τά
338 1744 521 1799 πάντα
552 1744 807 1815 παρήχθη
836 1743 972 1815 πρὸς
995 1743 1234 1812 γένεσιν,
1265 1744 1377 1798 εἴτε
1404 1744 1474 1799 τὰ
1499 1746 1691 1818 ὁρατά,

73 1833 211 1887 εἴτε
256 1834 331 1887 τὰ
360 1834 590 1906 ἀόρατα,
627 1835 685 1888 ἐν
716 1852 777 1889 τε
805 1835 1022 1907 οὐρανῷ
1052 1838 1149 1890 καὶ
1172 1837 1265 1896 ἐπὶ
1299 1838 1403 1909 τῆς
1429 1837 1534 1908 γῆς
1555 1854 1569 1868 ’
1596 1841 1692 1893 καὶ

72 1925 178 1978 ὅτι
203 1926 322 1996 πρὸ
346 1928 565 1982 πάντων
594 1931 741 1983 ἐστὶν
762 1929 924 1991 αὐτὸς
942 1931 989 1997 (ι
1010 1928 1099 1982 Ἐν
1121 1929 1260 2001 ἀρχῇ
1294 1930 1403 2001 γὰρ
1427 1925 1495 2000 ἦν
1522 1930 1551 1982 ό
1588 1931 1681 1983 Λό-

74 2020 283 2085 γοςι),
303 2018 401 2072 καὶ
426 2020 587 2083 αὑτός
612 2022 761 2074 ἐστιν
787 2020 817 2073 ό
841 2018 954 2073 τῶν
985 2019 1197 2074 αἰώνων
1224 2021 1571 2092 δημιουργὸς,
1595 2023 1689 2077 καὶ

83 2108 311 2175 χρόνου
381 2109 584 2173 παντὸς
632 2109 1012 2182 πρεσϐυτέραν
1067 2110 1206 2180 ἔχων
1271 2112 1371 2182 τὴν
1432 2112 1684 2185 ὕπαρξιν.

98 2197 282 2252 Ἀλλὰ
312 2199 407 2252 τὸν
434 2199 607 2264 οὕτως
632 2201 827 2273 ἔχοντα
870 2199 1012 2255 κατὰ
1060 2202 1222 2270 φύσιν
1268 2203 1405 2257 ἰδίαν
1442 2203 1687 2258 δεδόσθαι

85 2288 243 2356 φησι
287 2290 445 2359 παρὰ
485 2291 581 2345 τοῦ
626 2292 841 2362 Πατρδς
876 2291 1120 2362 κεφαλὴν
1162 2290 1258 2345 τοῦ
1298 2292 1551 2364 σώματος
1588 2293 1688 2363 τῆς

101 2378 476 2450 Ἐκκλησίας,
520 2383 683 2437 αὐτόν
714 2401 775 2437 τε
819 2378 958 2437 εἶναι
987 2382 1078 2436 τὸν
1106 2374 1449 2455 πρωτότοκον
1478 2386 1543 2438 ἑκ
1578 2385 1688 2440 τῶν

90 2468 346 2539 νεκρῶν.
372 2466 509 2526 Εἶτα
531 2472 651 2538 πῶς
683 2473 944 2544 ὑπάρχων
972 2474 1060 2528 ἀεὶ
1085 2474 1219 2538 Θεδς
1244 2475 1438 2545 Λόγος,
1471 2478 1529 2529 ἑν
1553 2469 1598 2545 ᾧ
1618 2476 1687 2531 τὰ

92 2564 289 2618 πάντα
323 2566 645 2638 συνέστηκε,
674 2570 1015 2641 πρωτότοκος
1043 2570 1153 2624 τῶν
1195 2570 1405 2643 νεκρῶν
1432 2572 1686 2640 γενέσθαι

90 2650 357 2720 λέγεται,
387 2655 484 2711 καὶ
513 2659 737 2730 ἀπαρχὴ
767 2658 876 2712 τῶν
910 2659 1347 2731 κεκοιμημένων,
1366 2663 1414 2715 εί
1441 2663 1515 2733 μή
1537 2664 1685 2716 ἐστιν

91 2743 277 2797 αὑτοῦ
305 2745 448 2799 κατὰ
473 2748 733 2813 ἀλήθειαν
769 2748 898 2802 ῐδιον
933 2749 1093 2819 σῶμα
1124 2750 1184 2803 τὸ
1210 2752 1339 2821 παρ’
1382 2752 1548 2804 αὑτοῦ
1590 2753 1687 2819 λη-

109 2832 276 2899 φθὲν,
310 2829 370 2888 οῦ
398 2836 723 2900 πεπονθότος
757 2839 848 2890 τὸν
890 2838 1141 2903 θάνατον,
1189 2841 1352 2904 αὐτὸς
1399 2842 1468 2895 ἂν
1515 2844 1685 2895 νοοῖτο

97 2925 340 2989 παθεῖν;
373 2925 473 2978 οὐκ
515 2926 776 2981 ἀπίθανον
801 2928 1015 2997 ἔχοντος
1053 2928 1211 2997 λόγον
1259 2932 1319 2983 ὲν
1373 2930 1553 3003 ἑαυτῷ
1587 2931 1682 2986 τοῦ

100 3012 559 3085 συμϐεϐηκότοςο
592 3015 829 3069 πέπονθε
882 3018 991 3089 γάρ
1033 3017 1094 3071 τὸ
1140 3019 1271 3074 ἴδιον
1296 3019 1497 3074 αὐτοῦ·
1538 3022 1685 3077 οὕτω

98 3104 315 3156 νοεῖται
340 3103 688 3175 πρωτότοκος
724 3108 790 3160 ὲκ
825 3106 936 3160 τῶν
965 3108 1197 3180 νεκρῶν,
1227 3110 1405 3164 καίτοι
1436 3111 1537 3183 τὴν
1575 3112 1679 3182 φύ-

102 3208 200 3247 σιν
224 3192 494 3260 ἀθάνατος
529 3196 629 3263 ὢν,
669 3199 762 3252 καὶ
789 3199 952 3264 αὐτὸς
985 3201 1338 3272 χρηματίξων
1380 3201 1516 3275 ζωή.
1552 3204 1681 3259 ὀτε
1711 3229 1758 3292 c

99 3285 291 3337 τοίνυν
318 3286 528 3342 δέδοται
560 3290 768 3360 κεφαλὴ
796 3289 890 3345 τοῦ
918 3291 1169 3362 σώματος
1192 3294 1292 3365 τῆς
1331 3294 1679 3368 Ἐκκλησίας,

102 3372 301 3435 καθεὶς
346 3374 536 3429 ἑαυτὸν
566 3378 647 3439 είς
674 3378 925 3444 κένωσιν,
959 3381 1079 3433 τότε
1107 3382 1322 3450 λέγεται
1352 3385 1448 3437 καὶ
1476 3386 1684 3438 ἀποθα-

106 3466 227 3516 νεῖν
257 3463 613 3537 ἀνθρωπίνως
639 3468 778 3540 ὑπὲρ
809 3471 987 3541 ἡμῶν,
1008 3472 1037 3525 ὁ
1059 3474 1253 3529 παθεῖν
1281 3476 1381 3529 οὐκ
1410 3476 1566 3540 εἰδὼς
1591 3478 1683 3530 τὸν

106 3552 347 3611 θάνατον’
374 3555 449 3622 ὡς
476 3557 629 3624 Θεός.

184 3738 319 3796 KA'.
355 3739 614 3812 Λέγοντος
658 3741 717 3796 δὲ
766 3743 861 3797 τοῦ
914 3746 1181 3815 μακαρίου
1222 3746 1457 3811 Παύλου,
1503 3750 1585 3803 ὅτι
1622 3751 1681 3804 ὲν

110 3829 264 3902 αὐτῷ
288 3832 573 3905 κατῴκησε
598 3837 706 3889 πᾶν
724 3837 785 3890 τὸ
813 3835 1105 3909 πλήρωμα,
1140 3841 1299 3907 φαῖεν
1330 3838 1397 3892 ἂν
1430 3840 1561 3906 ῖσως
1597 3859 1677 3895 τι·

110 3923 234 3985 νές·
272 3922 399 3977 ’1δοῦ
428 3925 663 3997 Χριστὸν
693 3926 777 3980 ἓτε
788 3945 879 3998 ρον
907 3924 1047 3982 οἶδεν
1076 3930 1258 3993 ίδικῶς
1282 3929 1373 3985 τὸν
1399 3935 1463 3985 ἐκ
1489 3948 1679 4000 γυναι-

114 4012 213 4072 κὸς
239 4010 537 4080 ἄνθρωπον,
579 4016 637 4067 ὲν
661 4010 705 4083 ᾧ
739 4017 1061 4089 κατῴκησεν
1089 4019 1164 4087 ὡς
1195 4020 1383 4092 ἕτερος
1426 4026 1556 4093 παρ’
1583 4025 1679 4077 αῦ-

114 4100 209 4153 τὸν
247 4100 495 4171 Χριστὸς,
546 4106 640 4156 καὶ
690 4106 873 4170 ίδικῶς
909 4109 938 4160 ό
975 4109 1164 4176 Λόγος,
1199 4112 1319 4181 ἦτοι
1363 4114 1583 4182 Πνεῦμα
1620 4115 1682 4168 τὸ

117 4192 388 4263 πλήρωμα
429 4195 529 4263 τῆς
578 4194 831 4267 θεότητος
888 4200 1231 4269 σωματικῶς.
1290 4204 1437 4274 Πρὸς
1493 4206 1557 4275 δὴ
1610 4207 1681 4260 τά

115 4286 291 4340 τοιάδε
336 4288 533 4358 φαμὲν,
580 4288 661 4342 ὅτι
712 4288 805 4342 δύο
852 4290 1119 4360 Χριστοὺς
1166 4294 1195 4345 ό
1236 4296 1680 4367 πνευματοφόρος

121 4378 220 4431 οὐκ
250 4373 401 4440 οἶδεν,
434 4377 551 4432 ἀλλ’
602 4379 700 4433 ἕνα
727 4378 1006 4450 κηρύττει,
1058 4381 1311 4452 καθάπερ
1355 4384 1545 4455 ἀμέλει
1586 4388 1679 4441 καὶ

120 4468 220 4525 ’ἕνα
242 4468 477 4541 Πατέρα.
513 4489 532 4523 ι
572 4471 735 4541 ’Πμῖν
764 4472 891 4543 γὰρ,
923 4474 1106 4543 φησὶν,
1136 4468 1215 4537 εἷς
1242 4475 1375 4540 Θεὸς
1402 4476 1431 4528 ό
1465 4479 1675 4549 Πατὴρ,

1792 656 2113 720 Potestates,
2142 655 2320 710 omnia
2346 671 2441 724 per
2466 656 2640 723 ipsum
2661 665 2714 710 et
2747 657 2801 709 in
2842 654 2960 725 ipso
2990 662 3174 708 creata
3192 663 3353 707 sunt:

1792 755 1845 801 et
1877 747 1991 814 ipse
2019 753 2103 800 est
2132 755 2257 801 ante
2281 760 2502 810 omnes,
2532 754 2589 800 et
2625 744 2804 802 omnia
2838 744 2891 798 in
2929 744 3046 812 ipso
3074 751 3352 797 constant.

1791 836 1859 893 Et
1892 838 2005 907 ipse
2032 845 2119 894 est
2142 844 2305 908 caput
2340 837 2584 905 corporis
2615 836 2895 902 Ecclesiae,
2948 836 3042 904 qui
3085 844 3170 889 est
3206 834 3356 902 prin-

1791 929 2016 997 cipium,
2052 927 2448 999 printogenitus
2491 942 2559 982 ex
2604 928 2862 993 mortuis,
2922 937 2981 981 ut
3030 927 3102 981 sit
3151 926 3264 995 ipse
3306 926 3358 978 iu

1791 1020 2040 1075 omnibus
2068 1020 2359 1089 primatum
2413 1026 2602 1073 tenens
2640 1036 2655 1072 :
2690 1018 2818 1086 quia
2870 1016 2925 1071 in
2966 1018 3084 1086 ipso
3118 1013 3359 1084 compla-

1791 1110 2147 1165 cuitomnem
2202 1108 2590 1178 plenitudinem
2634 1108 2967 1173 inhabitare,
3015 1116 3069 1161 et
3115 1121 3209 1175 per
3234 1118 3357 1159 eum

1791 1201 1973 1258 omnia
2005 1202 2360 1258 reconciliare
2414 1203 2467 1257 in
2510 1202 2685 1271 ipsum
2714 1215 2732 1254 :
2768 1200 3064 1268 paciﬁcans
3099 1212 3194 1267 per
3229 1210 3359 1250 san-

1793 1293 2009 1363 guinem
2052 1294 2233 1349 crucis
2267 1293 2385 1363 ejus
2421 1293 2537 1349 sive
2566 1306 2684 1360 quae
2714 1292 2767 1346 in
2802 1292 2984 1355 terris,
3012 1293 3128 1344 sive
3154 1304 3272 1357 qua:
3303 1288 3361 1375 in_

1793 1384 1944 1439 cmlis
1980 1392 2105 1439 sunt
2130 1384 2197 1439 ".
2234 1403 2254 1438 ι
2287 1384 2517 1439 Docetur
2547 1382 2660 1446 hic,
2700 1383 2791 1437 Dei
2838 1382 3091 1444 Verbum,
3147 1381 3248 1435 hoc
3280 1387 3361 1434 est

1792 1472 1988 1527 Filium
2039 1474 2359 1528 naturaliter
2408 1488 2474 1527 ex
2525 1473 2618 1527 illo
2660 1481 2871 1534 natum,
2933 1471 3217 1526 invisibilis
3264 1468 3357 1523 Dei

1795 1562 2083 1633 imaginem
2109 1578 2272 1618 esse:
2314 1564 2497 1618 adhazc
2536 1563 2714 1617 omnia
2753 1561 2986 1617 visibilia
3018 1572 3073 1616 et
3110 1560 3357 1615 invisibi-

1794 1652 1888 1716 lia,
1919 1653 2033 1708 sive
2068 1654 2119 1709 in
2154 1655 2328 1717 caelis,
2360 1655 2473 1708 sive
2506 1653 2559 1707 in
2587 1653 2772 1717 terris,
2806 1666 2902 1721 per
2929 1653 3104 1720 ipsum
3136 1650 3355 1706 condita

1793 1758 1953 1799 esse:
1984 1745 2153 1813 ipsum
2188 1756 2448 1815 praeterea
2476 1746 2657 1800 omnia
2693 1744 3013 1799 antecedere
3043 1745 3090 1813 (ι
3121 1742 3178 1796 In
3206 1744 3357 1812 prin-

1794 1836 1935 1906 cipio
1958 1837 2102 1892 enim
2126 1850 2245 1892 erat
2266 1836 2499 1892 Verbum
2517 1837 2644 1905 ³⁸)),
2662 1835 3091 1904 εωειιΙοῐυιηαυε
3116 1836 3359 1890 condito-

1796 1942 1908 1983 rem
1956 1942 2119 1984 esse:
2158 1928 2533 1985 exsistentiam
2591 1938 2863 1997 postremo
2915 1928 3063 1982 omni
3120 1935 3364 1996 tempore

1790 2020 2153 2089 antiquiorem
2203 2020 2420 2075 habere.
2483 2019 2759 2087 Ejusmodi
2822 2026 3003 2072 autem
3062 2018 3223 2072 bonis
3274 2032 3359 2072 se-

1789 2113 2026 2165 cundum
2080 2111 2356 2180 propriam
2407 2120 2656 2165 naturam
2703 2110 3058 2170 cumulatum.
3091 2109 3361 2179 primoge-

1789 2201 1959 2256 nitum
1998 2216 2063 2256 ex
2104 2203 2359 2265 mortuis,
2399 2210 2449 2256 et
2501 2210 2665 2271 caput
2716 2202 2962 2270 corporis
3013 2200 3272 2255 Ecclesia:
3326 2219 3355 2253 a

1788 2293 1898 2349 Deo
1920 2291 2082 2347 Patre
2110 2293 2293 2347 datum
2338 2306 2459 2347 esse
2502 2291 2755 2346 atiirmat.
2802 2290 2919 2346 Jam
2956 2294 3223 2360 quomodo
3266 2294 3366 2360 qui

1789 2382 1881 2438 Dei
1913 2383 2090 2438 Patris
2132 2381 2367 2437 Verbum
2411 2393 2519 2446 est,
2556 2398 2875 2453 semperque
2908 2384 3041 2448 fuit,
3072 2399 3168 2453 per
3196 2400 3355 2453 quem

1786 2473 1968 2527 omnia
2015 2480 2285 2537 constant,
2339 2472 2736 2540 primogenitus
2784 2488 2853 2526 ex
2909 2474 3160 2541 mortuis,
3228 2476 3357 2529 dor.

1788 2562 2177 2632 mientiumque
2225 2562 2479 2632 primitim
2521 2563 2842 2632 appellatur,
2893 2564 2935 2619 si
2974 2580 3172 2634 corpus
3216 2571 3358 2633 quod

1788 2652 2085 2720 assumpsit
2110 2666 2236 2705 vere
2270 2652 2411 2704 illius
2444 2652 2719 2721 proprium
2756 2668 2859 2707 non
2883 2662 3023 2717 erat,
3056 2670 3163 2722 quo
3195 2656 3353 2707 nimi-

1788 2759 1904 2797 rum
1953 2743 2043 2796 illo
2100 2752 2327 2797 mortem
2378 2742 2644 2797 subeunte
2688 2746 2803 2812 ipse
2855 2751 3083 2799 mortem
3118 2747 3354 2799 subiisse

1787 2832 2159 2901 intelligatur?
2206 2831 2394 2901 Neque
2454 2833 2599 2888 enim
2650 2834 2784 2887 citra
2817 2835 3019 2903 justam
3049 2852 3268 2891 causam
3304 2837 3355 2889 id

1784 2921 1863 2976 illi
1897 2921 2162 2977 accidisse
2201 2923 2425 2988 dicitur,
2474 2926 2615 2991 quod
2660 2928 2896 2993 corpori,
2942 2929 3087 2998 quod
3137 2944 3353 2997 passum

1783 3023 1886 3077 eat,
1912 3022 1967 3067 et
1989 3013 2133 3068 illius
2166 3015 2439 3083 proprium
2473 3025 2612 3081 erat,
2655 3019 2925 3074 accidisse
2958 3021 3227 3074 novimus.
3266 3022 3344 3073 Ad

1783 3103 1927 3157 hunc
1979 3103 2160 3171 itaque
2216 3106 2430 3158 modum
2489 3108 2703 3161 etiamsi
2754 3111 3048 3164 secundum
3104 3119 3355 3166 naturam

1789 3194 2136 3261 immortalis,
2170 3204 2226 3249 et
2250 3197 2357 3249 vita
2410 3212 2508 3265 per
2563 3200 2855 3253 essentiam
2904 3203 3156 3265 exsistat,
3206 3219 3353 3256 mor-

1789 3295 2002 3340 tuorum
2065 3287 2451 3356 primogenitus
2504 3302 2626 3343 esse
2684 3292 3058 3359 cognoscitur.
3125 3292 3354 3359 Quando

1786 3377 1953 3447 igitur
1980 3377 2137 3432 datus
2164 3388 2251 3431 est
2288 3388 2448 3447 caput
2480 3382 2725 3450 corporis
2758 3381 3021 3439 Ecclesiae
3052 3387 3352 3454 semetipso

1784 3468 1848 3520 ad
1902 3466 2325 3521 exinanitionem
2383 3470 2637 3534 demisso,
2691 3472 2860 3526 nostri
2913 3489 3072 3527 causa
3121 3487 3355 3529 mortem

1782 3556 2075 3611 secundum
2130 3566 2378 3611 naturam
2435 3560 2723 3614 humanam
2778 3565 3074 3632 oppetiisse
3125 3565 3345 3631 dicitur,

1782 3646 1871 3714 qui
1894 3653 1951 3697 ut
1984 3646 2128 3699 Deus
2159 3647 2347 3700 mortis
2378 3648 2603 3702 omnino
2634 3651 2856 3717 ignarus
2889 3659 3026 3705 erat.

1872 3735 2012 3791 XXI.
2061 3737 2328 3793 Caeterum
2387 3741 2529 3809 quod
2600 3742 2790 3797 beatus
2866 3743 3064 3799 Paulus
3135 3760 3350 3799 omnem

1782 3829 2173 3898 plenitudinem
2207 3831 2258 3883 in
2284 3832 2398 3899 ipso
2432 3831 2767 3888 inhabitasse
2799 3844 3031 3900 asserat,
3061 3836 3220 3908 1“
3244 3854 3350 3892 non

1781 3922 2010 3976 deerunt
2042 3922 2297 3979 fortassis
2345 3925 2434 3993 qui
2463 3925 2549 3978 hic
2598 3924 2671 3979 ita
2723 3926 2983 3995 objiciunt
3015 3947 3029 3984 :
3056 3929 3133 3983 En
3173 3933 3348 3986 homi-

1781 4026 1903 4067 nem
1955 4028 2021 4067 cx
2067 4014 2292 4068 muliere
2340 4025 2544 4079 ortum,
2596 4018 2868 4072 Christum
2897 4018 3127 4073 alterum
3164 4036 3260 4088 per
3291 4038 3352 4077 se

1781 4114 1836 4157 et
1876 4104 2172 4158 secundum
2198 4118 2258 4158 se
2282 4106 2579 4171 exstitisse,
2612 4108 2832 4173 indicat,
2867 4109 2921 4163 in
2950 4124 3057 4179 quo
3092 4111 3351 4178 Verbum,

1785 4192 1885 4245 hoc
1909 4200 1995 4245 est
2038 4191 2295 4259 Spiritus,
2325 4194 2737 4265 divinitatisque
2770 4198 3067 4267 plenitudo,
3092 4210 3347 4272 tanquam

1782 4283 1918 4336 alter
1948 4284 2165 4352 quidam
2197 4284 2444 4339 Christus
2476 4302 2720 4343 seorsum
2759 4293 2827 4346 ab
2868 4294 3040 4349 altero
3066 4295 3156 4349 illo
3181 4335 3195 4358 ,
3225 4311 3353 4349 cor-

1780 4371 2042 4440 poraliter
2091 4371 2424 4425 inhabitarit.
2483 4375 2563 4429 Ad
2613 4378 2727 4432 haec
2778 4395 2910 4436 sane
2961 4385 3350 4451 respondemus

1782 4464 2003 4520 Paulum
2036 4467 2125 4521 Dei
2161 4468 2365 4544 Spiritu
2393 4472 2627 4525 amatum
2660 4487 3000 4541 nequaquam
3029 4475 3163 4530 duos
3191 4491 3355 4545 agno-

126 4555 183 4623 ἒξ
213 4556 270 4614 οὗ
294 4562 359 4615 τά
383 4562 576 4626 πάντα,
590 4564 683 4616 καὶ
712 4564 873 4633 ἡμεῖς
906 4566 984 4630 εἰς
1017 4564 1203 4621 αὐτόν.
1225 4567 1335 4621 Καὶ
1362 4563 1447 4631 εἷς
1474 4569 1675 4640 Κύριος

1786 4555 1926 4609 visse
1969 4554 2237 4623 Christus,
2302 4560 2394 4613 sed
2452 4576 2614 4614 unum
2672 4563 3064 4629 annuntiasse;
3118 4566 3257 4619 sicut
3300 4577 3354 4620 et

138 4649 332 4721 Ἰησοῦς
360 4654 613 4723 Χριστὸς,
643 4654 710 4707 δι’
741 4648 802 4708 οὗ
836 4656 905 4709 τὰ
927 4656 1126 4720 πάντα,
1165 4660 1260 4712 καὶ
1286 4660 1453 4729 ἡμεῖς
1476 4660 1543 4713 δι’
1577 4661 1675 4713 αὐ-

126 4739 237 4793 τοῦ.
269 4758 285 4791 ι
333 4741 483 4794 Ἐπεὶ
516 4743 671 4812 φέρε,
718 4744 1138 4815 διασκεψώμεθα
1168 4749 1565 4816 παρατιθέντες
1594 4753 1675 4813 είς

128 4831 342 4900 βάσανον
367 4824 473 4884 τῶν
498 4834 803 4903 εἰρημένων
826 4836 925 4906 τὴν
952 4836 1198 4908 δύναμιν·
1228 4841 1339 4909 Τὴν
1368 4842 1552 4893 είκόνα
1580 4841 1673 4893 τοῦ

122 4921 252 4977 Θεοῦ
272 4922 357 4977 τοῦ
389 4924 642 4993 ἀοράτου,
672 4923 762 4977 τὸν
802 4925 869 4978 δι’
895 4921 955 4980 οὗ
986 4929 1080 4981 καὶ
1109 4930 1167 4981 ὲν
1198 4923 1242 4996 ᾧ
1264 4931 1331 4983 τὰ
1358 4931 1555 4991 πάντα.
1582 4932 1673 4983 τὸν

132 5014 429 5086 προαιώνιον
460 5014 608 5079 Υίδν,
652 5016 752 5086 τὴν
782 5017 891 5069 τῶν
924 5017 1058 5070 ὅλων
1092 5018 1374 5083 σύστασιν,
1426 5020 1672 5074 δεδόσθαι

125 5106 254 5176 φησὶ
293 5107 351 5176 τῇ
402 5104 698 5178 Ἐκκλησία
733 5105 1005 5176 κεφαλὴν,
1046 5106 1139 5159 καὶ⁵
1186 5108 1291 5180 μὴν
1334 5108 1413 5161 ὅτι
1462 5111 1676 5179 γένοιτο

137 5198 449 5267 πρωτότοκος
490 5200 555 5252 ἐκ
598 5197 819 5269 νεκρῶν.
866 5197 1082 5271 Ἐπειδὴ
1110 5197 1166 5250 δέ
1213 5200 1328 5251 ἐστι
1370 5199 1468 5274 τὴν
1507 5203 1674 5272 φύσιν

133 5288 389 5352 αθάνατος,
426 5290 575 5343 πᾶσά
610 5308 726 5353 πως
750 5288 962 5357 ἀνάγκη
990 5288 1126 5359 πρὸς
1160 5288 1353 5343 ἕνωσιν
1384 5292 1665 5366 οἰκονομι-

135 5376 229 5445 κήν
254 5394 303 5430 τε
330 5380 419 5431 καὶ
449 5379 622 5451 άληθῆ
667 5383 734 5451 τῇ
780 5380 902 5433 καθ’
942 5381 1089 5452 ἡμᾶς
1120 5380 1499 5454 άνθρωπότητι
1539 5402 1670 5437 συν-

138 5466 386 5535 ενεχθῆναι
416 5469 594 5537 λέγειν
623 5470 712 5523 τὸν
746 5471 811 5523 ἐκ
843 5470 977 5525 Θεοῦ
1012 5472 1221 5542 Πατρὸς
1257 5472 1446 5540 Λόγον,
1476 5474 1571 5527 ἕνα
1608 5491 1671 5531 τε

138 5554 288 5620 οὕτως
314 5562 436 5627 ἡμῖν
466 5562 845 5633 ἀναδειχθῆναι
894 5564 1147 5634 Χριστὸν,
1202 5565 1294 5617 τὸν
1325 5566 1487 5619 αὑτὸν
1535 5568 1671 5636 όμοῦ

140 5645 254 5700 Θεὸν
287 5650 401 5703 ὄντα
430 5656 521 5706 καὶ
552 5655 855 5726 ἄνθρωπον.
899 5658 986 5708 Ἐν
1014 5656 1118 5707 τίνι
1166 5656 1231 5726 δὴ
1258 5654 1349 5710 οὖν
1380 5657 1669 5727 κατῴκησε

204 5803 446 5863 "Coloss.
496 5827 533 5876 ι,
585 5810 772 5866 Ιὲ-ὲυ.
849 5813 893 5844 ³⁸
933 5812 1085 5868 Joan.
1134 5827 1168 5878 ι,
1218 5811 1295 5865 Η.

1785 4663 1951 4700 unum
1996 4663 2210 4718 quoque
2258 4650 2516 4705 Patrem:
2563 4668 2581 4702 ι
2631 4650 2796 4706 Nobis
2839 4652 3036 4723 (inquit
3078 4653 3352 4724 ille)unus

1782 4747 1868 4793 est
1904 4740 2048 4794 Deus
2094 4740 2274 4805 Pater,
2320 4757 2386 4795 ex
2429 4757 2534 4810 quo
2569 4744 2775 4808 omnia,
2820 4753 2873 4799 et
2921 4761 3016 4800 nos
3047 4746 3098 4800 iu
3129 4747 3348 4816 ipsum:

1782 4837 1837 4879 et
1875 4843 2012 4881 unus
2042 4827 2298 4883 Dominus
2327 4828 2484 4886 Jesus
2512 4830 2791 4897 Christus,
2825 4849 2920 4903 per
2949 4850 3112 4904 quem
3143 4843 3350 4907 omnia,

1784 4927 1837 4972 et
1868 4934 1964 4972 nos
2004 4934 2099 4987 per
2130 4920 2303 4989 ipsum
2338 4922 2407 4977 ".
2448 4942 2467 4976 ι
2504 4923 2610 4980 Sed
2661 4926 2884 4993 agedum
2927 4928 3216 4983 verborum
3264 4933 3351 4987 hic

1783 5013 2179 5081 propositorum
2213 5016 2315 5067 vim
2346 5016 2410 5069 ad
2431 5030 2636 5083 mquam
2663 5018 2916 5068 trutinam
2944 5024 3347 5089 expendamus.

1782 5103 1976 5157 Filium
2004 5117 2284 5171 mternum,
2318 5106 2368 5158 in
2396 5121 2499 5172 quo
2517 5106 2720 5167 omnia,
2750 5116 2804 5159 et
2831 5123 2927 5174 per
2956 5127 3115 5179 quem
3141 5117 3343 5181 utituia,

1782 5196 2068 5251 invisibilis
2097 5197 2185 5248 Dei
2223 5195 2531 5260 imaginem,
2567 5196 3061 5270 universorumque
3101 5207 3349 5271 condito-

1784 5304 1895 5343 rem
1928 5302 1990 5340 ac
2019 5286 2435 5356 primogenitum
2481 5286 2623 5341 inter
2673 5302 2934 5354 mortuos.
2971 5293 3229 5351 Ecclesia?
3260 5314 3351 5352 ca-

1784 5390 1875 5447 put
1906 5380 2088 5431 datum
2117 5376 2391 5445 prazdicat.
2416 5380 2550 5445 Quia
2592 5396 2720 5452 ergo
2752 5384 2840 5438 Dei
2891 5383 3123 5440 Verbum
3161 5400 3349 5456 suapte

1784 5479 1972 5532 natura
2000 5470 2189 5524 mortis
2219 5485 2410 5541 expers
2439 5482 2542 5535 est,
2580 5488 2684 5528 non
2735 5490 3017 5541 possumus
3058 5478 3186 5532 illud
3224 5496 3347 5533 vera

1782 5559 2130 5630 perfectaque
2172 5564 2370 5620 unione
2408 5581 2528 5619 cum
2584 5569 2814 5620 humana
2867 5578 3057 5623 natura
3112 5572 3346 5642 conjun-

1784 5665 1929 5711 ctum
1957 5656 2129 5713 fuisse
2153 5674 2257 5714 non
2286 5674 2561 5726 asserere;
2591 5661 2829 5729 adeoque
2856 5676 3020 5717 unum
3048 5665 3343 5731 Christum.

1374 5811 1420 5842 "
1450 5809 1490 5863 ll
1533 5812 1655 5869 Cor.
1698 5828 1819 5877 °\'l|l,
1872 5814 1925 5871 6.
