4122 6476
771 445 913 501 1365

1685 444 1744 502 S.
1775 443 2052 500 CYRILIJ
2090 441 2557 498 ALEXANDRINI
2596 441 2920 500 ARCIIIEP.

3866 445 3998 498 ιεοι

770 557 861 624 qui
895 557 1036 612 idem
1069 555 1211 612 Deus
1259 557 1418 612 simul
1459 559 1533 614 sit
1560 567 1616 614 et
1659 559 1843 626 homo,
1883 562 2038 618 nobis
2065 575 2168 613 non
2198 574 2315 628 pro-

2432 562 2538 613 πᾶν
2562 559 2621 613 τὺ
2649 561 2922 630 πλήρωμα
2950 560 3048 629 τῆς
3089 560 3342 630 θεότητος
3387 561 3751 631 σωματικῶς;
3797 561 3998 622 Ίδικῶς

768 661 992 712 ponere.
1018 645 1088 700 At
1116 647 1167 701 in
1199 661 1308 717 quo
1347 647 1510 718 igitur
1530 649 1708 705 omnis
1728 651 2026 706 divinitatis
2048 650 2324 719 plenitudo

768 737 1095 793 inhabitavit
1125 740 1479 809 corporaliter
1514 739 1603 794 “2
1631 741 1771 797 Sane
1794 741 2045 796 arbitrari
2069 743 2124 797 in
2157 740 2322 797 Verbi

767 841 1010 883 seorsum
1038 844 1136 898 per
1159 845 1216 884 se
1261 830 1586 886 considerati
1631 841 1878 887 naturam
1910 834 2010 887 hoc
2037 833 2321 895 accidisse,

765 916 985 970 omnino
1017 918 1404 986 perabsurdum
1446 918 1638 974 fuerit:
1679 920 1900 989 perinde
1930 935 2159 989 namque
2184 919 2326 974 istud

772 1016 916 1062 esset
970 1023 1032 1063 ac
1093 1009 1136 1062 si
1185 1009 1528 1078 Unigenitum
1588 1010 1642 1065 in
1709 1012 1998 1081 semetipso
2051 1011 2326 1065 habitasse

765 1098 1086 1152 diceremus.
1125 1099 1418 1154 Credentes
1467 1102 1647 1170 itaque
1689 1102 1922 1156 Verbum
1957 1116 2175 1155 carnem
2220 1115 2324 1155 non

763 1199 862 1254 per
892 1186 1126 1255 aliquam
1181 1189 1260 1242 sui
1309 1191 1806 1244 transmutationem
1856 1200 1948 1243 aut
2003 1191 2323 1254 versionem,

763 1276 856 1328 sed
929 1292 1027 1344 per
1079 1294 1258 1333 veram
1308 1281 1488 1350 templi
1545 1283 1770 1352 proprii,
1824 1282 1925 1336 hoc
1967 1292 2052 1336 est
2089 1281 2327 1350 corporis

764 1366 945 1419 anima
998 1368 1231 1422 humana
1286 1370 1532 1439 perfecti,
1588 1373 1841 1427 unionem
1900 1372 1954 1424 in
1993 1371 2146 1425 nobis
2176 1372 2328 1426 habi-

767 1465 928 1522 tasse,
969 1459 1055 1526 pie
1096 1470 1347 1530 recteque
1393 1476 1789 1528 asseveramus,
1831 1463 1957 1516 dum
1991 1477 2212 1529 magnus
2237 1461 2324 1515 ille

765 1544 962 1600 Paulus
1003 1563 1216 1601 omnem
1275 1549 1578 1604 divinitatis
1654 1550 2045 1618 plenitudinem
2102 1550 2155 1602 in
2211 1550 2326 1618 ipso

765 1635 1097 1690 inhabitasse
1145 1639 1358 1703 scribit,
1414 1654 1519 1693 non
1566 1639 1779 1708 quidem
1837 1654 1930 1708 per
1957 1638 2326 1708 participatio-

765 1743 910 1790 nem,
954 1739 1045 1780 aut
1076 1727 1466 1792 habitudinem,
1521 1739 1612 1782 aut
1663 1729 1848 1797 gratiae
1887 1729 2330 1784 communicatio-

767 1834 911 1882 nem,
953 1819 1048 1872 sed
1097 1818 1470 1885 corporaliter,
1521 1820 1624 1873 hoc
1679 1827 1763 1873 est
1809 1820 2187 1882 essentialiter,
2238 1835 2331 1888 per

2431 651 2529 720 μὲν
2560 646 2654 704 οὖν
2681 652 2775 703 καὶ
2806 651 2945 703 κατὰ
2977 650 3142 720 μόνας
3171 653 3227 702 ὲν
3246 653 3313 722 τῇ
3338 654 3432 707 τοῦ⁹
3457 653 3632 718 Λόγου
3655 652 3822 719 φύσει
3845 652 4001 704 τοὶτο

2427 740 2738 810 πεπράχθαι
2759 741 3020 810 νομίζειν,
3051 739 3243 809 εὕηθες
3268 740 3460 811 κομιδῇ
3483 755 3496 769 ο
3525 740 3638 792 ἴσον
3664 741 3778 810 γὰρ
3802 743 3998 802 εἰπεῖν,

2426 829 2502 892 ὡς
2552 829 2713 892 αὐτὸς
2755 829 2814 882 ὲν
2856 828 3034 900 ἑαυτῷ
3081 829 3397 899 κατῴκησεν
3441 831 3470 883 6
3514 831 3859 900 Μονογενής.
3908 831 4003 882 Πι-

2431 919 2714 982 στεύοντας
2753 919 2808 971 δὲ
2859 920 2940 972 ὅτι
2991 920 3180 988 γέγονε
3234 919 3370 988 σὰρξ
3413 919 3442 970 6
3495 921 3691 988 Λόγος,
3743 921 3806 972 οὺ
3863 923 4002 972 κατὰ

2430 1010 2763 1079 μετάστασιν
2809 1009 2842 1079 ἢ
2885 1010 3094 1080 τροπὴν
3118 1051 3132 1074 ,
3186 1009 3303 1063 ἀλλ’
3333 1011 3414 1062 ὅτι
3451 1009 3649 1079 μᾶλλον
3687 998 4001 1078 ἐσκήνωσεν

2425 1100 2483 1151 ιν
2516 1101 2665 1168 ἡμῖν,
2711 1101 2804 1151 καὶ
2836 1099 2960 1152 ναὸν
3004 1097 3134 1152 ῐδιον
3173 1099 3465 1168 ἐποιήσατο
3504 1099 3564 1149 τὸ
3607 1098 3814 1149 ἑνωθὲν
3856 1097 4001 1164 αὑτῴ

2426 1191 2565 1242 κατὰ
2587 1189 2842 1260 ἀλήθειαν
2868 1189 3045 1259 σῶμα,
3079 1190 3254 1261 ψυχὴν
3283 1191 3406 1260 ἔχον
3430 1191 3525 1258 τὴν
3554 1190 3810 1258 λογικὴν,
3845 1191 4002 1240 εὐσε-

2426 1277 2517 1332 es:
2542 1282 2732 1332 εἰπεῖν’
2763 1281 2844 1333 ὅτι
2869 1280 2965 1349 τὴν
2993 1282 3051 1333 ὲν
3080 1283 3146 1350 τῇ
3170 1281 3303 1350 ἁγία
3332 1282 3496 1349 σαρκὶ
3524 1279 3618 1332 τοῦ
3649 1281 3833 1345 Λόγου
3861 1295 3998 1331 κατ-

2426 1368 2660 1437 οίκησιν,
2696 1367 2861 1437 ῆγουν
2892 1367 3090 1420 ἕνωσιν
3127 1367 3302 1437 ἀληθῆ
3334 1368 3762 1436 κατασημαίνων
3803 1369 3938 1435 ἡμῖν
3973 1367 4000 1418 6

2429 1457 2719 1520 Θεσπέσιος
2749 1458 2979 1521 Παῦλος,
3014 1459 3071 1509 ὲν
3099 1457 3250 1526 αὑτῴ
3279 1474 3412 1526 φησι
3443 1457 3764 1526 κατοικῆσαι
3803 1458 3912 1509 πᾶν
3943 1457 4002 1507 τι

2430 1549 2702 1618 πλήρωμα
2733 1549 2833 1618 τῆς
2859 1548 3131 1618 θεότητος,
3162 1549 3223 1601 οὐ
3254 1547 3528 1618 μεθεκτῶς
3553 1547 3776 1617 μᾶλλον,
3805 1548 3838 1614 ἦ
3878 1563 4000 1614 σχε-

2434 1636 2622 1703 τικῶς,
2653 1639 2819 1708 ῆγουν
2852 1638 2925 1700 ώς
2956 1639 3012 1689 ὲν
3033 1637 3174 1690 δόσει
3210 1638 3450 1706 χάριτος,
3475 1637 3608 1690 ἀλλὰ
3640 1637 3998 1706 σωματικῶς,

2430 1730 2458 1782 ὃ
2493 1731 2641 1782 ὲστιν
2669 1729 2941 1791 οὑσιωδῶς
2960 1745 2972 1757 ο
2997 1729 3074 1791 th;
3111 1729 3175 1781 ἂν
3198 1730 3245 1780 εί
3275 1727 3368 1779 καὶ
3399 1729 3455 1778 ὲν
3477 1727 3748 1796 ἀνθρώπῳ
3783 1726 4000 1792 λέγοιτο

2437 1819 2710 1871 κατοικεῖν
2753 1817 2814 1869 τὸ
2854 1815 3068 1886 πνεῦμα
3100 1815 3284 1880 αὑτοῦ,
3311 1815 3408 1883 οὑχ
3442 1813 3710 1882 ἒτερονδν
3746 1813 3881 1881 παρ’
3911 1813 4003 1862 αὑ-

763 1909 1210 1964 inhahitatiouem
1254 1910 1399 1962 illam
1435 1909 1581 1962 aliud
1615 1909 1747 1963 nihil
1779 1910 2052 1964 insinuare
2073 1910 2326 1971 voluisse,

2432 1907 2540 1960 τόν.
2584 1905 2699 1974 Ἐφ’
2731 1906 2848 1968 ἑνὸς
2895 1906 2950 1958 δὲ
2998 1905 3288 1975 προσώπου
3341 1904 3594 1964 πολλάκις
3645 1902 4000 1970 διπρόσωπον

762 2012 925 2065 quam
958 2011 1135 2049 veram
1178 1994 1587 2064 naturalemque
1619 1995 1777 2050 Verbi
1821 2011 1941 2050 cum
1972 2010 2128 2050 sacra
2166 2011 2328 2050 carne

764 2085 1044 2138 unionem.
1075 2084 1546 2150 Quemadmodum
1599 2085 1722 2139 licet
1760 2085 1993 2140 hominis
2021 2085 2243 2153 spiritus
2275 2085 2327 2136 in

765 2178 882 2246 ipso
914 2177 1162 2231 habitare
1192 2176 1427 2240 dicatur,
1459 2191 1565 2230 non
1604 2176 1742 2231 alius
1767 2186 1942 2232 tamen
1966 2186 2057 2230 aut
2079 2177 2326 2230 diversus

766 2268 832 2319 ab
867 2267 953 2319 illo
988 2267 1283 2335 judicatur.
1317 2265 1404 2320 Fit
1452 2267 1618 2330 enim,
1666 2278 1724 2319 ut
1755 2267 2017 2321 orationis
2045 2266 2325 2320 schemate

764 2355 833 2406 de
861 2368 965 2406 una
1001 2368 1227 2421 persona
1278 2354 1509 2423 duplicis
1558 2355 1879 2424 quandoque
1913 2370 2157 2425 persona:
2192 2356 2329 2410 ratio

767 2442 922 2496 nobis
955 2441 1235 2508 offeratur,
1273 2459 1448 2513 neque
1476 2445 1546 2499 ob
1591 2445 1642 2498 id
1674 2455 1852 2498 tamen
1890 2445 2092 2500 veritas
2132 2445 2240 2498 ulla
2263 2459 2328 2499 ex

767 2544 918 2601 parte
965 2535 1219 2588 laeditur:
1282 2545 1339 2588 ut
1393 2551 1550 2598 cum,
1603 2537 1832 2604 exempli
1877 2552 2076 2600 causa,
2140 2537 2321 2589 divina

769 2623 1047 2692 Scriptura
1081 2624 1148 2678 de
1191 2625 1298 2678 Deo
1332 2625 1628 2692 pra’dicat:
1675 2643 1694 2676 ι
1731 2625 1834 2689 Qui
1887 2625 2038 2692 lingit
2079 2625 2327 2692 spiritum

769 2712 1008 2766 hominis
1058 2713 1112 2766 in
1165 2713 1283 2782 ipso
1315 2713 1400 2776 ";
1439 2730 1458 2762 ι
1507 2712 1657 2777 atqui
1712 2712 1957 2779 spiritum
2009 2713 2242 2765 hominis
2277 2711 2329 2763 in

767 2805 888 2870 ipso
943 2803 1230 2854 formatum
1286 2805 1352 2855 ab
1398 2801 1516 2871 ipso
1566 2798 1723 2871 155
1768 2800 1986 2854 homine
2033 2800 2180 2853 aliud
2225 2815 2331 2854 non

766 2905 916 2956 esse,
948 2893 1198 2946 omnibus
1227 2894 1568 2962 perspicuum
1602 2903 1702 2946 est.
1737 2889 1854 2946 Huc
1883 2902 1936 2946 et
1963 2891 2093 2945 illud
2122 2906 2334 2960 quoque

767 2983 912 3037 beati
954 2982 1128 3038 David
1165 2984 1336 3038 tendit
1374 3001 1388 3038 :
1431 3001 1450 3035 ι
1482 2981 1653 3038 Nocte
1687 2999 1808 3038 cum
1839 2983 2001 3038 corde
2032 2997 2151 3037 meo
2177 2998 2332 3036 exer-

768 3074 994 3137 citabar,
1038 3086 1092 3128 et
1148 3075 1412 3128 maerebat
1460 3075 1692 3142 spiritus
1741 3090 1895 3130 meus
1941 3074 2006 3128 “.
2050 3093 2069 3126 ι
2114 3074 2331 3143 Ecquis,

771 3176 977 3231 quaeso,
1006 3175 1146 3231 erat,
1185 3166 1274 3233 qui
1306 3179 1429 3219 cum
1458 3178 1561 3219 suo
1586 3164 1748 3219 corde
1781 3165 2162 3229 exercebatur,
2204 3181 2331 3232 pro-

2428 1999 2561 2067 ῆμῖν
2601 1997 2904 2067 εἰσφέρεται
2943 1996 3100 2063 λόγου
3131 1996 3334 2065 σχῆμα,
3364 1994 3459 2046 καὶ
3507 1994 3627 2045 κατ’
3658 1991 3854 2043 οὐδένα
3877 1989 4002 2058 τρὸ-

2430 2105 2532 2140 πον
2559 2087 2731 2140 ἀδικεῖ
2762 2087 2858 2156 τὴν
2885 2085 3160 2156 ἀλήθειαν.
3198 2081 3321 2139 Οἷον
3347 2085 3477 2155 φέρε
3505 2086 3697 2145 εἰπεῖν,
3733 2081 3812 2142 ὡς
3839 2083 3888 2132 εί
3921 2079 4001 2130 λέ-

2429 2195 2578 2248 γοιτο
2625 2179 2753 2247 περὶ
2799 2176 2932 2230 Θεοῦ
2986 2178 3138 2247 παρὰ
3181 2177 3282 2245 τῆς
3331 2175 3687 2228 θεοπνεύστου
3737 2171 4000 2240 Γραφῆς³

2440 2289 2459 2322 ι
2508 2271 2566 2324 '0
2605 2270 2858 2322 πλάσσων
2891 2268 3106 2337 πνεῦμα
3132 2267 3418 2336 ἀνθρώπου
3443 2267 3500 2320 ὲν
3535 2265 3704 2334 αὐτῷ.
3742 2282 3761 2315 ι
3805 2262 4000 2314 Καίτοι

2431 2361 2547 2422 πῶς
2571 2362 2669 2430 οὐχ
2700 2361 2903 2414 ἅπασιν
2929 2360 3178 2430 ἐναργὲς,
3196 2359 3271 2420 ώς
3300 2359 3399 2410 οὐκ
3424 2357 3491 2410 ἂν
3509 2357 3678 2409 νοοῖτο
3709 2371 3777 2406 πε
3787 2353 3845 2424 pi.
3863 2362 3891 2401 1
3912 2351 4003 2402 τὸν

2429 2451 2714 2521 ἄνθρωπον
2772 2451 2958 2521 ἕτερον
3031 2453 3122 2503 ὲν·
3158 2448 3333 2517 ἑαυτῷ
3399 2447 3767 2516 πλαττόμενον
3838 2439 4002 2495 αὐτοῦ

2433 2537 2676 2607 πνεῦμας
2701 2539 2839 2607 Φησὶ
2880 2538 2935 2590 δέ
2968 2554 3070 2589 που
3103 2539 3196 2589 καὶ
3228 2540 3255 2590 6
3283 2536 3550 2606 μακάριος
3577 2532 3742 2586 Δαυῖδ
3763 2550 3776 2561 ·
3832 2550 3849 2582 ι
3890 2531 4002 2582 Nu-

2431 2630 2557 2691 κτὸς
2586 2629 2722 2698 μετὰ
2762 2628 2861 2694 τῆς
2891 2628 3117 2697 καρδίας
3149 2626 3491 2696 ὴδολέσχουν,
3544 2623 3637 2677 καὶ
3669 2621 3907 2691 ῆοχαλλε
3945 2621 4004 2670 τὸ

2434 2718 2648 2788 πνεῦμά
2679 2734 2802 2787 μου.
2842 2735 2861 2769 ι
2893 2714 3025 2769 Εῐτα
3060 2717 3141 2779 τίς
3175 2713 3267 2769 οὖν
3297 2718 3324 2768 6
3357 2715 3492 2784 μετὰ
3523 2714 3619 2782 τῆς
3644 2711 3880 2782 καρδίας
3907 2710 4002 2761 αὖ·

2431 2809 2524 2862 τοῦ
2556 2807 2876 2878 ἀδολεσχῶν,
2912 2808 3006 2860 καὶ
3034 2807 3094 2860 τὸ
3127 2806 3256 2858 ῐδιον
3282 2803 3500 2873 πνεῦμα
3530 2801 3800 2870 ἁσχάλλον
3829 2800 3999 2868 ἔχωνς

2430 2899 2551 2971 Χρὴ
2582 2901 2761 2953 τοίνυν
2803 2899 2873 2953 τὰ
2913 2901 3010 2968 μὲν
3045 2898 3154 2950 τῶν
3199 2897 3371 2965 λόγων
3403 2897 3655 2965 σχήματα
3687 2893 3763 2962 μὴ
3797 2891 4003 2959 σφόδρα

2433 2990 2782 3060 φιλοκρινεῖν,
2806 2990 3016 3060 ἁφορᾷν
3059 2989 3117 3041 δὲ
3155 2989 3354 3059 μᾶλλον
3386 2990 3464 3050 είς
3495 2987 3663 3047 αὑτὰς
3709 2984 3823 3035 τῶν
3865 2999 4004 3049 πρα-

2435 3081 2659 3150 γμάτων
2690 3080 2788 3142 τὰς
2829 3078 3016 3147 φύσεις
3039 3119 3054 3142 ,
3084 3080 3177 3132 καὶ
3215 3078 3274 3143 ἐξ
3315 3078 3491 3130 αὐτῶν
3528 3076 3591 3143 δὴ
3623 3074 3828 3143 μᾶλλον
3875 3069 4002 3122 m6-

2437 3167 2772 3240 ηγουμένους
2799 3167 2884 3220 ἐπ’
2911 3169 3078 3239 αὐτὴν
3111 3170 3245 3223 ἰέναι
3271 3167 3366 3238 τὴν
3395 3165 3677 3236 ἀλήθειαν.

769 3254 1055 3325 priumque
1095 3255 1343 3324 spiritum
1389 3264 1714 3310 maerentem
1760 3257 2041 3312 habebat?
2111 3257 2331 3328 Oportet
2377 3261 2559 3332 itaque
2619 3261 2950 3315 locutionum
3019 3245 3276 3314 formulas
3319 3277 3422 3314 non
3466 3273 3636 3325 usque
3669 3254 3808 3310 adeo
3840 3256 4001 3307 anxie

768 3358 1045 3413 excutere,
1088 3349 1182 3403 sed
1219 3348 1366 3416 ipsas
1407 3365 1588 3405 rerum
1617 3362 1844 3405 naturas
1883 3351 2062 3421 potius
2119 3354 2491 3424 contemplari,
2552 3369 2846 3424 earumque
2899 3355 3058 3408 ductu
3095 3355 3162 3408 ad
3213 3356 3382 3424 ipsam
3433 3353 3716 3406 veritatem
3765 3357 4000 3404 conten-

769 3439 920 3495 dere.

1243 3577 1321 3631 De
1347 3577 1544 3631 Christi
1573 3580 1882 3633 obedientia.

846 3723 868 3760 ι
899 3709 1066 3778 Igitur
1106 3709 1246 3762 sicut
1299 3723 1397 3776 per
1443 3708 1612 3763 unius
1654 3709 1906 3763 delictum
1935 3711 1984 3763 in
2014 3726 2199 3766 omnes
2242 3712 2336 3767 ho-

780 3800 958 3854 mines
1005 3799 1056 3852 in
1098 3799 1614 3852 condemnationem
1646 3816 1658 3852 :
1701 3800 1776 3853 sic
1797 3811 1847 3855 et
1874 3815 1966 3868 per
1995 3803 2150 3855 unius
2173 3800 2335 3870 justi-

769 3891 899 3945 tiam
951 3891 1003 3944 in
1057 3905 1250 3944 omnes
1293 3891 1540 3944 homines
1604 3891 1658 3945 in
1713 3891 2149 3960 justiticationem
2193 3893 2331 3947 vitaz.

771 3983 1086 4038 Sicutenim
1135 3999 1230 4054 per
1269 3983 1698 4037 inobedientiam
1754 3984 1912 4038 unius
1951 3984 2183 4038 hominis
2214 4000 2334 4054 pec-

769 4085 986 4128 catorcs
1018 4075 1299 4128 constituti
1335 4085 1462 4128 sunt
1498 4075 1686 4138 multi;
1719 4075 1788 4127 ita
1816 4085 1868 4128 et
1899 4089 1994 4142 per
2019 4075 2177 4127 unius
2207 4076 2330 4128 ohev

767 4163 1048 4226 ditionem,
1073 4163 1202 4232 justi
1252 4164 1658 4217 constituentur
1702 4164 1852 4216 tnulti
1891 4166 1957 4217 ".
1995 4181 2014 4214 ι
2053 4163 2184 4216 Cum
2237 4165 2334 4216 hu-

772 4270 929 4309 mana
959 4265 1149 4309 natura
1190 4255 1260 4309 ob
1299 4253 1621 4323 protoplasti
1676 4255 2098 4308 inobedientiam
2164 4255 2332 4310 male-

767 4349 1254 4414 clicto~mortisque
1287 4347 1571 4401 sententia:
1595 4347 1856 4401 obstricta
1883 4347 2136 4412 haereret,
2173 4361 2332 4413 opor-

767 4437 871 4490 tuit
899 4441 968 4490 ad
997 4437 1276 4504 antiquum
1329 4446 1529 4489 statum
1593 4435 1737 4488 illam
1786 4435 1962 4490 denuo
2008 4436 2193 4490 reduci
2238 4451 2333 4504 per

770 4526 1097 4594 inculpatam
1169 4527 1486 4578 obedientia'
1560 4526 2104 4580 demonstrationem.
2166 4527 2330 4594 Atqui

769 4617 916 4671 istud
955 4619 1207 4672 humanae
1255 4628 1461 4670 natura:
1521 4617 1811 4672 facultates
1873 4617 2054 4672 multis
2091 4619 2333 4687 partibus

768 4709 1064 4762 excedebat
1101 4721 1116 4760 :
1168 4721 1341 4775 neque
1379 4707 1522 4760 enim
1573 4706 1710 4759 ullus
1758 4723 1786 4759 a
1824 4718 2044 4774 peccato
2081 4709 2333 4763 immunis

773 4807 912 4851 erat.
949 4797 1082 4852 Nam
1123 4815 1242 4852 cum
1275 4814 1336 4851 ea
1370 4796 1535 4851 semel
1570 4797 1619 4849 in
1653 4813 1847 4851 noxam
1874 4814 2226 4867 erroremque
2255 4805 2332 4853 in-

2706 3581 2846 3651 Περὶ
2876 3579 2981 3650 τῆς
3006 3581 3280 3648 ὑπακοῆς
3306 3579 3410 3634 τοῦ
3435 3575 3711 3648 Χριστοῦ.

2513 3736 2529 3767 ι
2570 3717 2688 3786 Ἀρ⁹
2718 3710 2810 3768 οὖν
2833 3713 2909 3774 ώς
2953 3712 3020 3766 δι’
3067 3711 3184 3775 ἑνὸς
3225 3709 3619 3780 ἁμαρτήματος
3665 3707 3742 3767 είς
3792 3705 4001 3765 πάντας

2435 3805 2776 3876 ἀνθρώπους,
2830 3805 2910 3866 εις
2948 3803 3297 3871 κατάκριμαο
3339 3799 3481 3850 οὕτω
3510 3796 3604 3848 καὶ⁵
3633 3793 3700 3846 δι’
3749 3794 3876 3856 eve;
3926 3793 4000 3844 δι⁸

2438 3897 2758 3968 καιώματος
2791 3897 2871 3958 είς
2893 3905 2898 3910 ’
2920 3894 3126 3955 πάντας
3179 3888 3517 3960 ἀνθρώπους,
3553 3887 3630 3949 είς
3665 3883 3943 3953 δικαίωμα
3979 3893 3995 3943 _'

2435 3989 2599 4056 ζωῆς.
2647 3989 2856 4056 Ὠσπερ
2891 3986 2998 4052 γὰρ
3029 3983 3117 4035 διὰ
3146 3981 3242 4050 τῆς
3290 3978 3570 4050 παρακοῆς
3609 3974 3702 4028 τοῦ
3741 3975 3868 4037 ἑνὸς
3908 3975 3998 4026 ἀνθ

2435 4081 2652 4150 θρώπου
2687 4075 3000 4146 ἁμαρτωλοὶ
3037 4073 3447 4142 κατεστάθημεν
3493 4072 3542 4123 οἱ
3593 4067 3807 4129 πολλοὶ,
3859 4063 3996 4118 οὕτω

2435 4171 2527 4222 καὶ
2557 4167 2645 4220 διὰ
2675 4166 2774 4234 τῆς
2800 4164 3044 4233 ὑπακοῆς
3073 4163 3166 4215 τοῦ
3208 4163 3322 4223 ἑνὸς
3350 4159 3634 4229 ανθρώπου
3673 4157 3877 4208 δίκαιοι
3898 4173 3994 4206 κα-

2431 4259 2792 4328 ταστήσονται
2839 4266 2866 4295 ι
2899 4255 2948 4306 oi
2991 4252 3193 4306 πολλοί.
3229 4271 3247 4303 ι
3283 4250 3393 4319 Τῆς
3440 4248 3723 4318 ἀνθρώπου
3783 4249 3995 4313 φύσεως

2433 4351 2542 4420 ἀρᾷ
2573 4349 2665 4401 καὶ
2699 4348 2824 4419 δίκῃ
2843 4347 3073 4400 θανάτου
3105 4341 3633 4410 καταδεδικασμένης
3662 4340 3746 4392 διὰ
3783 4341 3884 4408 τὴν
3905 4338 3991 4389 τοῦ

2439 4438 2865 4509 πρωτοπλάστου
2891 4435 3197 4505 παρακοὴν,
3220 4434 3326 4486 ἔδει
3351 4432 3511 4486 πάλιν
3534 4429 3844 4497 ανασφῆλαι
3866 4430 3994 4497 πρὶς

2433 4531 2494 4582 τὸ
2526 4532 2584 4582 ὲν
2631 4530 2825 4599 ἀρχαῖς
2869 4525 3037 4596 αὐτὴν
3082 4525 3481 4596 ἀνεπίπληκτον
3511 4521 3702 4591 κομιδῇ
3750 4521 3859 4587 τῆς
3903 4521 3993 4571 ὺπ-

2434 4618 2602 4688 ακοῆς
2633 4616 2963 4686 ποιουμένην
2993 4615 3089 4686 τὴν
3114 4615 3358 4680 ἔνδειξιν.
3391 4611 3642 4682 ’ΔλλῚξδη
3665 4608 3830 4661 τοῦτο
3869 4610 3991 4661 πολὺ

2436 4712 2530 4764 καὶ
2563 4709 2683 4762 λίαν
2731 4708 2990 4761 ἐπέκεινα
3018 4705 3128 4758 τῶν
3155 4706 3255 4775 τῆς
3290 4703 3705 4773 ἀνθρωπότητος
3736 4700 3955 4768 μέτρων
3979 4715 3990 4725 ·

2441 4800 2677 4870 καθαρὸς
2695 4799 2802 4868 γὰρ
2827 4797 3002 4860 οὐδεὶς
3025 4798 3131 4850 ἀπὸ
3155 4796 3460 4866 ἁμαρτιῶν.
3487 4792 3735 4847 Παθοῦσα
3770 4792 3831 4844 δὲ
3860 4790 3992 4854 ἅπαξ

766 4890 1010 4952 cidisset,
1054 4890 1428 4958 intestinisque
1458 4890 1862 4942 inﬁrmitatibus
1905 4891 2042 4942 victa
2085 4899 2328 4958 prostra-

2435 4891 2496 4944 τὸ
2540 4887 2881 4958 πλημμελὲς,
2913 4887 3006 4938 καὶ
3051 4888 3170 4948 ταῖς
3204 4886 3413 4938 οἴκοθεν
3462 4883 3766 4941 ἀσθενείαις
3802 4898 3992 4949 κεκραο

769 4991 931 5047 taque
960 4979 1188 5046 jaceret,
1243 4988 1296 5034 et
1336 4981 1476 5034 intra
1523 4980 1796 5048 propriam
1832 4993 2048 5032 carnem
2082 4980 2330 5045 nequitiae

768 5071 1009 5127 radicem
1057 5071 1299 5136 haberet,
1343 5088 1404 5126 ac
1442 5071 1706 5127 infrenem
1744 5070 1952 5139 peccati
1985 5069 2154 5136 legem
2191 5069 2330 5120 intra

769 5178 864 5216 sua
899 5163 1104 5214 viscera
1152 5172 1409 5228 perpetuo
1461 5174 1721 5232 gestaret,
1782 5161 2052 5230 quomodo
2115 5173 2329 5212 omnem

769 5253 991 5307 omnino
1033 5251 1236 5320 lapsum
1267 5251 1553 5305 evaderet?
1585 5273 1606 5307 ι
1653 5253 1784 5307 Nam
1817 5252 2090 5322 sapientia
2124 5250 2325 5311 carnis,

774 5343 976 5412 inquit,
1003 5345 1226 5397 omnino
1250 5339 1531 5394 inimicitia
1566 5353 1648 5395 est
1686 5344 1735 5396 in
1770 5343 1936 5397 Deum
1976 5360 1990 5395 :
2037 5341 2138 5410 legi
2181 5341 2324 5394 enim

2438 4981 2667 5047 τημένη,
2704 4979 2797 5029 καὶ
2847 4980 2904 5029 ὲν
2950 4976 3056 5046 ίδίᾳ
3091 4977 3256 5048 σαρκὶ
3293 4976 3390 5047 τὴν
3422 4976 3520 5043 τῆς
3550 4975 3888 5043 φαυλότητος
3915 4983 3993 5021 νου

2442 5069 2609 5118 σοῦσα
2642 5068 2856 5134 γένεσιν
2898 5067 2945 5130 δ,
2980 5068 3329 5138 ἀγριαίνοντά
3373 5083 3432 5118 τε
3467 5066 3559 5118 τὸν
3598 5065 3693 5131 τῆς
3726 5062 3990 5130 ἁμαρτίας

2439 5153 2702 5208 ὠδίνουσα
2728 5154 2912 5225 νόμον,
2937 5155 3051 5220 πῶς
3082 5157 3147 5210 ἂν
3173 5155 3358 5224 διέδρα
3384 5150 3660 5212 παντελῶς
3682 5165 3697 5212 ἶ
3732 5167 3750 5198 ι
3797 5149 3872 5200 Τδ
3895 5148 3990 5216 γάρ

2437 5247 2692 5316 φρόνημα
2731 5248 2831 5318 τῆς
2863 5247 3062 5318 σαρκὸς
3113 5245 3392 5308 παντελῶς
3443 5241 3643 5314 ἔχθρα.
3681 5242 3873 5311 φησὶν,
3921 5242 3988 5301 εἰς

2435 5337 2568 5390 Θεόν
2593 5355 2604 5368 ·
2641 5339 2717 5410 τῷ
2745 5340 2854 5412 γὰρ
2877 5340 3026 5410 νόμῳ
3046 5339 3141 5392 τοῦ
3168 5339 3301 5393 Θεοῦ
3326 5336 3424 5410 οὐχ
3455 5333 3825 5390 ὑποτάσσεται
3842 5352 3856 5365 ·
3885 5333 3989 5389 οὐδὲ

841 5495 884 5526 ’⁸
915 5493 1122 5550 Coloss.
1167 5507 1227 5554 tt,
1259 5491 1312 5546 9.
1390 5488 1432 5518 "
1466 5487 1630 5542 Zach.
1666 5505 1758 5556 xit,
1801 5491 1848 5544 l.
1924 5492 1969 5521 "'
2012 5491 2148 5548 l‘sal.
2183 5489 2437 5555 uxrt,7.
2515 5490 2558 5519 ”
2603 5487 2757 5540 Ruin.
2806 5504 2859 5552 ν,
2903 5487 2988 5554 l8,
3041 5488 3126 5544 l9.

1860 5643 2028 5696 Varia:
2059 5645 2313 5698 lectiones
2342 5643 2541 5701 codicis
2565 5643 2922 5716 Seguieriani.

837 5817 865 5860 γ
900 5807 1064 5878 παρὰ.
1147 5814 1164 5839 ι
1193 5804 1491 5859 δικαίωσιν.
1571 5812 1591 5838 ο
1623 5796 2137 5865 κατασταθήσονται.

2217 5798 2243 5835 '0
2274 5797 2498 5853 σύνεσιν.
