4122 6492
190 458 333 516 I365

1003 460 1094 516 AD
1133 460 1436 518 REGINAS
1475 460 1562 517 DE
1601 455 1828 515 RECTA
1868 454 2025 513 FIDE
2062 455 2319 513 ORATIO
2358 454 2652 511 ALTERA.

3290 448 3425 505 I366

189 578 303 648 γὰρ
348 577 589 633 δύναται.
643 599 660 629 ι
706 579 1043 650 Εὑμηχάνως
1107 580 1397 651 τοιγαροῦν
1427 583 1455 635 6
1496 581 1626 645 Θεὸς
1666 578 1761 634 καὶ

1868 577 1959 633 Del
1983 592 2091 633 non
2121 587 2206 634 est
2240 577 2521 647 subjecta;
2557 589 2655 629 nec
2685 573 2828 629 enim
2870 573 3049 644 potest
3079 571 3147 625 ³⁸.
3185 588 3203 621 ι
3240 570 3426 639 Itaque

192 669 390 740 Πατὴρ
418 669 990 739 ἀνακεφαλαιούμενος
1017 671 1086 726 τὰ
1116 673 1294 727 πάντα
1322 674 1379 724 ἐν
1408 672 1485 741 τῷ
1510 670 1753 743 Χριστῷ,

191 762 287 813 καὶ
359 764 421 815 ἐκ
482 762 678 830 πολλῆς
739 759 878 829 ἄγαν
935 763 1269 834 ἡμερότητος
1329 765 1394 832 τῇ
1471 760 1756 834 ἅνθρώπου

190 852 718 921 πραγματευόμενος
755 850 914 919 φύσει
942 853 1042 922 τὴν
1087 854 1167 917 είς
1196 855 1334 924 ὅπερ
1368 848 1435 922 ἦν
1476 852 1754 917 ἐπάνοδον,

187 942 358 1010 ἧγουν
405 939 758 1012 ἀνακομιδὴν,
819 961 839 993 ι
877 942 1223 1007 ἐξαπέστειλε
1266 944 1358 996 τὸν
1397 941 1524 994 Υίὸν
1557 940 1752 1005 αὑτοῦ,

186 1031 480 1097 γενόμενον
512 1029 573 1080 ὲκ
612 1032 891 1097 γυναικὸς,
933 1050 951 1082 ι
985 1031 1073 1084 ἴνα
1106 1031 1167 1083 τὸ
1211 1033 1395 1100 ὅμοιον
1423 1031 1554 1100 ἡμῖν
1598 1030 1756 1101 σῶμα

184 1116 390 1181 λαϐὼν,
440 1116 534 1170 καὶ
566 1119 698 1173 ῐδιον
732 1120 900 1173 αὑτοῦ
945 1122 1334 1191 ποιησάμενος,
1365 1119 1442 1184 ὡς
1474 1120 1756 1192 ἄνθρωπος

189 1207 289 1258 ἐπὶ
325 1207 424 1276 γῆς
455 1209 651 1281 εὑρεθῇ
682 1212 712 1262 6
767 1210 841 1280 μὴ
874 1208 1027 1273 εἰδὼς
1077 1210 1371 1282 ἁμαρτίαν,
1414 1210 1555 1264 οὕτω
1584 1228 1643 1264 τε
1678 1211 1756 1274 είς

184 1297 339 1348 ἅπαν
366 1298 633 1368 κατήκοος
661 1298 902 1366 γεγονὼς
921 1298 997 1369 τῷ
1013 1299 1133 1370 Θεῷ
1154 1299 1246 1352 καὶ
1269 1299 1463 1370 Πατρὶ,
1488 1301 1752 1371 δικαιώσῃ

180 1382 287 1453 τὴν
321 1385 606 1456 ἀνθρώπου
650 1385 812 1454 φύσιν
865 1388 933 1447 ἐν,
957 1388 1155 1459 ἐαυτῷ,
1191 1389 1419 1444 καὶτῶν
1450 1390 1543 1444 τοῦ
1589 1390 1753 1445 θανά-

180 1490 282 1526 του
310 1476 529 1546 δεσμῶν
567 1476 840 1544 ἐξέληται,
873 1478 1092 1546 φύλλοις
1124 1492 1147 1520 ο
1174 1482 1595 1551 ἀναμαρτησίας
1634 1499 1754 1535 στεο

184 1567 526 1635 φανούμενος
558 1567 582 1605 ἀ
620 1567 771 1637 παρὰ
811 1569 905 1622 τοῦ
939 1571 1075 1624 Θεοῦ
1108 1574 1204 1627 καὶ
1245 1573 1476 1643 Πατρός.
1510 1573 1619 1627 Καὶ
1646 1573 1753 1643 γάρ

182 1658 305 1709 ἐστι
336 1657 443 1709 τῶν
492 1657 709 1710 ἀτόπων
732 1696 747 1721 ,
798 1658 1165 1731 κληρονόμους
1219 1661 1318 1732 μὲν
1352 1662 1497 1731 ἡμᾶς
1528 1662 1627 1730 τῆς
1661 1661 1751 1715 τοῦ

178 1749 400 1818 πρώτου
439 1748 691 1815 γενέσθαι
739 1751 916 1822 δίκης,
969 1753 1200 1816 ἐνιέντος
1228 1754 1295 1824 τῇ
1330 1752 1508 1825 φθορᾷ
1537 1753 1627 1808 διὰ
1653 1754 1752 1824 τῆς

183 1838 470 1908 παρακοῆς
491 1841 615 1909 ’τῆς
637 1841 695 1894 δὲ
724 1841 814 1894 τοῦ
842 1842 1093 1915 δευτέρου
1117 1844 1461 1914 δικαιοσύνης
1486 1844 1561 1915 μὴ
1584 1863 1750 1915 μετα·

1864 668 2008 724 Deus
2060 667 2219 725 Pater
2270 670 2404 723 mira
2449 667 2680 736 quadam
2730 665 3049 720 dexteritate
3091 663 3272 720 omnia
3328 676 3425 731 per

1859 757 2136 813 Christqu
2183 757 2612 818 instauraturus,
2667 755 3020 822 humanaeque
3070 763 3274 807 natura:
3336 765 3425 805 re-

1860 862 2140 919 gressum,
2197 848 2300 905 hoc
2350 857 2433 902 est
2479 845 2993 915 redintegrationem
3044 845 3111 898 ad
3170 845 3222 898 id
3278 844 3420 912 quod

1859 937 2152 1008 aliquando
2195 938 2405 1003 fuerat,
2458 936 2697 991 maxima
2730 933 3059 1003 benignitate
3092 933 3419 987 conciliatu-

1859 1044 1975 1094 rus,
2010 1045 2029 1079 ι
2067 1027 2215 1082 misit
2246 1028 2437 1082 Filium
2470 1042 2624 1082 suum
2668 1026 2867 1079 factum
2906 1038 2971 1077 ex
3006 1023 3227 1077 muliere
3261 1022 3299 1052 "
3329 1040 3341 1085 ;
3396 1040 3415 1072 ο

1857 1133 1965 1187 quo
2010 1117 2267 1171 nimirum
2324 1133 2519 1187 corpus
2567 1126 2752 1170 nostro
2805 1115 3002 1179 simile,
3048 1114 3260 1181 sibique
3300 1127 3423 1180 pro-

1857 1210 2033 1279 prium
2067 1207 2266 1262 factum
2314 1224 2619 1271 assumens,
2673 1218 2925 1275 tanquam
2978 1208 3139 1261 homo
3171 1208 3223 1260 in
3264 1206 3424 1259 terris

1858 1309 2142 1369 appareret
2189 1300 2281 1369 qui
2333 1309 2418 1355 est
2463 1302 2639 1355 omnis
2698 1300 2903 1369 peccati
2961 1300 3220 1370 ignarus;
3261 1310 3423 1367 atque

1859 1391 1928 1444 ita
1968 1393 2073 1446 Deo
2102 1390 2247 1445 Patri
2294 1406 2389 1461 per
2428 1393 2607 1445 omnia
2652 1392 2959 1453 obsecutus,
2997 1391 3289 1444 humanam
3321 1405 3421 1441 na-

1859 1491 2032 1535 turam
2059 1483 2109 1535 in
2151 1483 2441 1549 semetipso
2477 1482 2823 1550 justiﬁearet,
2862 1482 3161 1550 mortisque
3193 1479 3421 1534 vinculis

1856 1573 2140 1636 eximeret,
2172 1572 2335 1643 146
2365 1572 2684 1627 innocentizn
2715 1573 2849 1626 stola
2874 1588 2901 1625 a
2940 1572 3046 1627 Deo
3080 1571 3239 1625 Patre
3272 1586 3424 1626 coro—

1858 1664 2111 1717 nantlam.
2164 1664 2376 1718 Etenim
2414 1664 2804 1733 perabsurdum
2847 1664 3028 1729 fuerit,
3088 1678 3183 1731 per
3237 1663 3424 1717 inobe—

1856 1754 2114 1808 dientiam
2165 1757 2366 1825 prioris
2408 1756 2538 1810 Adae
2571 1756 2638 1810 ad
2671 1766 2899 1811 mortem
2926 1766 2979 1811 et
3012 1755 3419 1825 corruptionem

1856 1843 2262 1912 precipitantis,
2300 1844 2667 1899 damnationis
2698 1846 2940 1900 baeredes
2969 1844 3294 1901 constitutos
3320 1858 3420 1899 nos

179 1932 390 1999 λαχεῖν,
436 1932 858 2001 ἀνακομίζοντος
908 1935 989 1998 είς
1024 1935 1168 2006 ζωὴν
1210 1935 1299 1990 διὰ
1342 1938 1440 2007 τῆς
1488 1914 1751 1999 είςᾶπαν

1853 1949 2014 1999 esse;
2060 1932 2283 2000 iustitiae
2317 1948 2448 1989 vero
2488 1935 2804 2004 posterioris
2851 1948 2946 2005 per
2985 1943 3418 1990 consummatam

179 2021 451 2089 ὑπακοῆς.
505 2024 673 2076 Ὅταν
700 2020 796 2078 οὖν
834 2024 966 2095 λέγῃ
1004 2026 1066 2078 τὸ
1108 2027 1146 2077 Γ
1152 2028 1346 2097 ράμμα
1386 2026 1446 2079 τὸ
1470 2027 1640 2097 ἱερὸν,
1684 2027 1750 2079 δι’

182 2112 435 2181 ὑπακοῆς
462 2114 584 2177 ἐνὸς
622 2116 1003 2169 δεδικαιῶσθαι
1045 2117 1294 2182 πολλοὺς,
1338 2118 1438 2171 οὑκ
1466 2118 1751 2189 ἄνθρωπον

174 2200 367 2267 ἁπλῶς
411 2205 507 2257 Eva
540 2205 651 2258 τῶν
688 2206 809 2259 καθ’
854 2209 1003 2278 ἡμᾶς
1037 2210 1116 2271 είς
1142 2209 1300 2262 τοῦτο
1332 2208 1750 2279 παραληφθῆναι

176 2310 385 2363 φαμεν,
428 2297 893 2371 ἐνηνθρωπηκότα
941 2299 998 2352 δέ
1050 2299 1251 2369 μᾶλλον
1294 2301 1386 2354 τὸν
1441 2300 1745 2370 Μονογενῆ,

174 2386 278 2437 καὶ
327 2387 566 2456 ὑπήκοον
600 2388 739 2459 ὑπὲρ
773 2389 933 2459 ἡμῶν
977 2390 1239 2458 γεγονότα
1277 2389 1355 2461 τῷ
1383 2390 1575 2461 Πατρί.
1614 2408 1633 2441 ‹
1670 2390 1744 2441 Ού

173 2476 291 2546 γὰρ
324 2478 584 2548 ἐποίησεν
623 2480 921 2550 ἁμαρτίαν,
964 2483 1087 2535 οὐδὲ
1134 2481 1329 2554 εὑρέθη
1378 2482 1529 2546 δόλος
1581 2484 1639 2536 ἐν
1668 2481 1746 2551 τῷ

172 2566 405 2639 στόματι
440 2568 625 2637 αὐτοῦ,
671 2588 690 2624 ι
731 2570 876 2626 καθὰ
906 2571 1237 2644 γέγραπται.

245 2843 376 2898 Kl".
416 2862 435 2894 ι
490 2842 652 2911 Λέγω
699 2843 806 2915 γὰρ
842 2843 1078 2914 Χριστὸν
1123 2844 1370 2898 διάκονον
1415 2846 1743 2917 γεγενῆσθαι

164 2936 477 3004 περιτομῆς
505 2933 647 3000 ὑπὲρ
673 2935 931 3004 ἀληθείας
948 2934 1105 2998 Θεοῦ,
1139 2936 1218 2998 είς
1244 2936 1305 2987 τὸ
1336 2936 1628 3005 βεϐαιῶσαι
1647 2938 1745 3003 τὰς

164 3026 511 3093 ἐπαγγελίας
540 3025 647 3078 τῶν
689 3028 973 3099 πατέρων
1020 3029 1085 3082 τὰ
1130 3028 1188 3082 δὲ
1216 3029 1342 3099 ἔθνη
1397 3031 1535 3102 ὑπὲρ
1562 3031 1745 3093 ἐλέους

160 3115 396 3179 δοξάσαι
422 3113 515 3167 τὸν
545 3116 695 3168 Θεόν.
739 3135 756 3166 ι
801 3116 1065 3172 Ἰουδαίων
1112 3116 1249 3172 εἶναι
1276 3120 1375 3182 τὰς
1413 3121 1743 3188 ἐπαγγελίας

160 3206 273 3305 τὰς
304 3210 415 3269 τοῖς
439 3207 678 3277 πατράσι
702 3208 904 3279 δεδωρη
916 3209 1079 3277 μένας
1100 3213 1129 3263 6
1162 3211 1444 3277 θεσπέσιος
1472 3213 1574 3282 ἔφη
1595 3213 1736 3266 nas.
1766 3248 1809 3305 Ο

161 3294 289 3357 λος.
328 3296 908 3367 Προανεκεκράγεισαν
945 3299 1002 3352 δὲ
1034 3300 1126 3353 καὶ
1158 3303 1205 3353 oi
1234 3303 1488 3371 μακάριοι
1527 3302 1739 3373 προφῆ-

161 3402 266 3439 ται
291 3386 418 3456 περὶ
448 3386 709 3457 Χριστοῦ,
740 3388 821 3440 ὅτι
845 3388 1004 3450 αὐτὸς
1038 3388 1189 3442 ἔσται
1218 3391 1513 3460 προσδοκία
1548 3392 1734 3445 ἐθνῶν.

164 3474 385 3529 Οὐκοῦν
436 3478 464 3529 6
518 3478 723 3547 Κύριος
773 3478 930 3549 ἡμῶν
982 3480 1189 3550 Ἰησοῦς
1234 3482 1465 3551 Χριστὸς
1500 3485 1607 3545 τοῖς
1644 3482 1738 3534 τοῦ

165 3566 390 3638 Πατρὸς
421 3567 652 3637 νεύμασι
687 3570 969 3635 συναινῶν,
995 3570 1185 3639 γέγονε
1218 3572 1316 3642 μὲν
1340 3574 1405 3641 τῇ
1447 3574 1738 3643 περιτομῇ,

162 3658 419 3711 τουτέστι
445 3663 556 3722 τοῖς
582 3661 875 3727 Ἰουδαίοις,
908 3662 1174 3727 διάκονος,
1208 3664 1287 3726 εἰς
1320 3663 1609 3733 βεϐαίωσιν
1632 3664 1739 3717 τῶν

162 3748 234 3800 ἐν
263 3749 375 3810 τοῖς
416 3749 691 3819 Πατράσιν
731 3753 1187 3821 ἐπηγγελμένων⁸
1242 3754 1427 3824 εἴρητο
1469 3755 1607 3826 γὰρ,
1658 3755 1737 3809 ὅτι

168 3857 195 3890 ε
253 3838 308 3891 Ὀ
339 3838 547 3901 δίκαιος
583 3842 647 3892 ἐκ
680 3840 915 3904 πίστεως
952 3844 1204 3913 ζήσεταιο
1256 3864 1274 3895 ι
1319 3848 1431 3907 τοῖς
1455 3862 1516 3912 γε
1545 3846 1652 3915 μὴν
1680 3846 1739 3908 ἐξ

162 3928 345 3982 ἐθνῶν
376 3930 599 3998 εὐλογία
647 3936 991 4003 πνευματικὴ
1024 3936 1118 3987 καὶ
1150 3935 1428 3999 ζωοποιὸς,
1462 3936 1600 3989 ῶστε
1643 3936 1739 3989 καὶ

165 4019 375 4083 αὐτοὺς
429 4022 763 4093 ἠλεημένους
807 4025 896 4079 διὰ
941 4026 1040 4095 τῆς
1094 4026 1347 4090 πίστεως,
1392 4026 1739 4096 δοξολογῆσσιι

161 4110 329 4165 Θεόν.
391 4113 525 4167 Ἀλλ’
580 4117 629 4168 εί
690 4118 785 4170 καὶ
831 4117 1022 4186 γέγονε
1061 4117 1305 4181 διάκονος
1359 4119 1734 4189 ἀνθρωπίνως,

163 4201 286 4255 ἀλλ’
310 4198 406 4256 οῦν
438 4203 515 4267 ὼς
548 4205 682 4268 Θεὸς
714 4206 1043 4277 κηρύττεται
1079 4210 1195 4271 τοῖς
1227 4226 1285 4262 τε
1324 4210 1388 4261 ἐκ
1416 4209 1734 4278 περιτομῆς,

164 4292 269 4345 καὶ
300 4292 482 4360 μέντοι
511 4296 622 4355 τοῖς
655 4294 715 4358 ἐξ
751 4295 951 4348 ἐθνῶνε
996 4296 1289 4368 κέκληνται
1318 4297 1426 4367 γὰρ
1456 4302 1535 4359 εἰς
1564 4297 1732 4366 ζωὴν,

163 4382 271 4451 οὐχ
296 4382 371 4444 ὡς
396 4384 475 4445 εἰς
495 4383 592 4436 ἐνα
620 4383 728 4436 τῶν
752 4385 876 4438 καθ’
904 4388 1048 4455 ἡμᾶς
1072 4387 1357 4457 ἄνθρωπον
1390 4386 1594 4448 ἁπλῶς.
1620 4386 1734 4439 ἀλλ’

161 4471 247 4534 ὡς
276 4472 354 4534 είς
383 4472 514 4525 Θεὸν
549 4474 941 4538 πιστεύσαντες
968 4477 1049 4539 είς
1084 4478 1315 4547 Χριστόν
1337 4494 1350 4507 ’
1385 4478 1479 4529 καὶ
1507 4477 1605 4528 οὑκ
1632 4475 1735 4541 ἔξω

1854 2026 1996 2079 illam
2050 2026 2413 2080 obedientiam
2465 2026 2519 2081 in
2568 2027 2734 2081 vitam
2792 2027 3120 2092 reducentis,
3173 2034 3419 2080 exsortes

1851 2131 1951 2171 nos
1982 2132 2221 2171 manere.
2279 2117 2414 2172 Cum
2464 2118 2646 2188 itaque
2688 2118 2871 2172 divina
2905 2118 3185 2187 Scriptura
3219 2116 3418 2171 multos

1848 2221 1945 2275 per
1996 2208 2155 2261 unius
2214 2209 2576 2264 obeditionetu
2637 2210 2963 2276 justillcatos
3027 2209 3244 2270 asserit,
3308 2222 3414 2260 non

1848 2298 2146 2366 simplicem
2176 2297 2430 2367 aliquem,
2453 2310 2759 2368 nostraeque
2784 2298 3110 2353 conditionis
3143 2296 3413 2350 hominem

1849 2389 1915 2442 ad
1945 2390 2046 2443 hoc
2073 2398 2407 2458 assumptum
2454 2390 2695 2460 cogitare
2739 2390 2997 2445 debemus
3027 2405 3040 2454 ;
3073 2388 3164 2441 sed
3203 2388 3411 2456 ipsum-

1848 2488 1958 2534 met
1992 2480 2336 2550 Uuigenitum
2368 2481 2640 2535 hominem
2673 2480 2897 2542 factum,
2930 2481 3017 2547 qui
3053 2478 3411 2533 obedientiam

1846 2572 1990 2627 Patri
2040 2588 2137 2642 pro
2182 2571 2434 2626 omnibus
2476 2572 2747 2641 praestitit.
2785 2571 2831 2626 Is
2860 2572 3002 2625 enim
3026 2579 3133 2633 est,
3173 2569 3289 2639 qui,
3332 2579 3415 2622 at-

1847 2673 2080 2719 testante
2130 2662 2432 2733 Scriptura,
2502 2680 2519 2713 ι
2569 2672 2849 2729 peccatum
2902 2677 3007 2714 non
3055 2660 3205 2723 fecit,
3240 2672 3413 2727 neque

1842 2756 1999 2810 dolus
2024 2756 2273 2809 inventus
2300 2764 2383 2809 est
2412 2755 2463 2807 in
2494 2768 2588 2807 ore
2617 2754 2734 2821 ejus
2758 2754 2823 2806 ³³.
2855 2772 2874 2805 ι

1916 2844 2102 2899 XXIII.
2142 2863 2160 2896 ι
2204 2844 2332 2898 Dico
2362 2844 2503 2897 enim
2538 2844 2817 2898 Christum
2867 2843 3051 2898 Jesum
3102 2845 3422 2902 ministrum.

1843 2935 2012 2990 fuisse
2066 2935 2495 2989 circumcisionis
2546 2945 2765 3004 propter
2818 2936 3099 2991 veritatem
3159 2938 3269 3001 Dei,
3332 2941 3399 2993 ad

1843 3025 2243 3081 conlirmandas
2295 3026 2682 3093 promissiones
2714 3038 2925 3095 patrum
2970 3045 2983 3081 :
3016 3038 3204 3097 gentes
3229 3037 3407 3083 autem

1842 3130 2002 3183 Super
2025 3115 2395 3168 misericordia
2432 3115 2699 3168 hunorare
2728 3115 2891 3169 Deum
2931 3117 2993 3171 ⁸³.
3038 3134 3055 3167 ι
3086 3117 3408 3172 Promissio-

1844 3220 1936 3257 nes
1974 3204 2217 3273 patribus
2268 3204 2434 3258 factas
2481 3206 2549 3257 ad
2597 3204 2809 3260 Judaeos
2851 3206 3123 3275 pertinere
3155 3210 3410 3277 praedicat

1848 3294 2063 3347 divinus
2117 3293 2332 3348 Paulus.
2380 3295 2448 3347 At
2498 3296 2771 3364 prophetae
2827 3296 3100 3351 Christum
3165 3300 3405 3366 gentium

1844 3385 2301 3451 exspectationem
2330 3384 2465 3451 fore,
2495 3385 2605 3454 jam
2634 3385 2834 3439 dudum
2866 3396 2991 3441 ante
3012 3388 3397 3454 praedixerant.

1843 3476 2028 3544 Itaque
2058 3477 2314 3531 Dominus
2345 3486 2530 3530 noster
2562 3475 2723 3531 .lesus
2748 3476 2998 3533 Christus
3027 3478 3208 3533 Patris
3252 3480 3404 3533 nutui

1841 3582 1960 3622 sese
1983 3566 2347 3632 conlormans,
2373 3566 2824 3633 circumcisionis,
2844 3568 2945 3623 hoc
2972 3577 3073 3634 est,
3101 3567 3404 3622 Iudaeorum

1841 3654 2087 3710 minister
2120 3654 2293 3708 factus
2323 3664 2425 3717 est,
2458 3655 2523 3708 ad
2551 3656 2964 3723 promissionum
2999 3671 3117 3725 quae
3165 3658 3409 3725 patribus

1839 3746 1994 3801 facta:
2030 3746 2246 3801 fuerant
2277 3746 2801 3802 curroborationem.
2840 3747 3057 3803 Dictum
3114 3750 3257 3802 enim
3292 3748 3405 3801 l'ue-

1842 3848 1963 3892 rat:
2010 3856 2028 3889 ι
2066 3837 2255 3893 Justus
2304 3853 2371 3892 ex
2413 3838 2517 3893 (ide
2552 3840 2697 3893 vivet
2722 3839 2767 3873 ³⁸
2801 3856 2814 3891 :
2852 3858 2871 3891 ι
2921 3841 3173 3910 gentibus
3224 3852 3402 3895 autem

1841 3929 2052 3981 vivifica
2099 3938 2151 3983 et
2182 3928 2444 3997 spiritalis
2476 3930 2803 3996 benedictio,
2834 3940 2894 3985 ut
2921 3943 2975 3986 et
3014 3931 3144 4001 ipsa:
3191 3948 3406 4003 quoque

1839 4035 1936 4089 per
1993 4020 2149 4074 [idem
2200 4030 2430 4083 vocataz,
2486 4037 2550 4075 ac
2599 4022 3029 4077 misericordiam
3079 4036 3405 4088 consecutze,

1841 4110 2006 4163 Deum
2043 4108 2365 4177 gloriﬁcent.
2407 4108 2891 4166 Verumenimvero
2934 4113 3062 4166 licet
3106 4116 3405 4167 secundum

1840 4199 2129 4253 humanam
2181 4210 2431 4254 naturam
2484 4200 2659 4254 Iactus
2717 4202 2788 4255 sit
2844 4203 3111 4267 minister,
3168 4214 3403 4257 attamen

1842 4300 1948 4343 tam
1990 4291 2054 4344 iis
2086 4291 2175 4360 qui
2211 4306 2277 4345 ex
2327 4291 2749 4347 circumcisione
2792 4302 2935 4359 sunt,
2989 4308 3149 4362 quam
3196 4297 3408 4348 caneris

1838 4397 2049 4450 quoque
2110 4382 2200 4449 qui
2278 4397 2344 4435 ex
2399 4384 2666 4449 gentibus,
2713 4384 3082 4437 annuntiatur
3128 4394 3185 4439 ut
3242 4386 3404 4441 Deus.

1843 4471 2063 4541 Utrique
2092 4473 2233 4525 enim
2269 4474 2320 4525 in
2370 4472 2643 4527 Christum
2678 4489 2784 4528 non
2815 4484 3066 4544 tanquam
3093 4477 3149 4529 in
3185 4492 3405 4544 purum.

164 4559 394 4627 σαρκὸς,
414 4560 579 4629 ἤγουν
606 4560 1041 4633 ἁνθρωπότητος,
1057 4564 1147 4615 τὸν
1167 4565 1231 4616 ἐκ
1254 4564 1388 4617 Θεοῦ
1414 4564 1581 4632 Λόγον
1603 4566 1733 4633 ὁμο⁸

1847 4572 2145 4630 ηοειιωψιο
2179 4564 2342 4615 sortis
2372 4565 2666 4629 hominem,
2702 4566 2795 4619 sed
2830 4575 3082 4635 tanquam
3135 4567 3187 4619 in
3237 4568 3405 4621 Deunt

163 4649 450 4717 λογοῦντες
486 4650 771 4722 ὑπάρχειν,
807 4656 1225 4725 σεσαρκωμένον
1246 4654 1302 4707 δὲ
1335 4654 1427 4708 καὶ
1463 4654 1733 4725 ἑνανθρω-

160 4740 416 4813 πήσαντα
442 4744 869 4812 προσκυνοῦντες
893 4745 1074 4801 αὐτόν.

242 5006 369 5062 KA'.
410 5027 427 5060 ι
464 5008 537 5061 Τὸ
564 5010 675 5080 γάρ
705 5026 787 5063 τοι
815 5009 965 5081 ῥῆμα
987 5008 1086 5079 τῆς
1112 5009 1367 5074 πίστεως,
1393 5008 1421 5060 ὃ
1462 5008 1731 5079 κηρύσσο-

169 5118 295 5172 μεν,
338 5100 611 5171 διατρανοῖ
641 5102 811 5168 λέγων
850 5104 876 5153 ό
908 5101 1172 5170 μακάριος
1213 5100 1444 5165 Παῦλος,
1477 5101 1600 5155 Ὀτι
1636 5102 1731 5154 ἐὰν

171 5195 335 5265 εῐπῃς
372 5196 430 5246 ἐν
460 5193 539 5263 τῷ
572 5194 799 5265 στόματί
846 5212 960 5258 σου,
994 5193 1195 5263 Κύριος
1246 5192 1473 5262 Ἰησοῦς,
1518 5194 1611 5246 καὶ
1640 5211 1730 5245 πι-

174 5286 405 5356 στεύσῃς
444 5287 501 5338 ἐν
531 5288 596 5355 τῇ
638 5285 833 5357 καρδία
857 5296 973 5350 σου,
1003 5286 1083 5337 ὅτι
1105 5288 1131 5337 ό
1160 5284 1289 5346 Θεὸς
1317 5284 1479 5337 αὑτὸν
1511 5286 1731 5355 ἡγειρεν

169 5380 237 5429 ἐκ
266 5378 493 5446 νεκρῶν,
519 5377 759 5449 σωθήσῃ.
795 5396 814 5428 ι
848 5374 979 5430 Εἶτα
1002 5376 1119 5439 πῶς
1146 5377 1210 5429 ἂν
1236 5378 1299 5429 ἐκ
1327 5376 1538 5447 νεκρῶν
1570 5379 1729 5444 ἐγερ-

241 5514 288 5544 ³θ
328 5512 483 5568 Boni.
519 5529 639 5579 vm,
665 5514 717 5568 7.
827 5515 866 5545 "
900 5512 1072 5570 Galat.
1103 5527 1177 5578 tv,
1216 5513 1271 5569 4.

169 5601 226 5651 κ,
256 5583 312 5648 7,
355 5584 406 5637 8.

1380 5511 1466 5567 ³⁸1
1498 5511 1645 5567 Petr.
1672 5525 1733 5575 ll,
1761 5509 1850 5564 ἐξ.
1928 5508 1975 5541 ³³
2003 5508 2159 5565 Rom.
2201 5526 2291 5576 xv,
2347 5513 2398 5578 8,
2434 5515 2485 5569 9.

1839 4656 2159 4718 credentes;
2210 4667 2380 4722 neque
2427 4654 2520 4707 Dei
2562 4654 2794 4710 Verbum
2829 4667 2982 4710 extra
3007 4672 3248 4721 carnem,
3302 4661 3405 4713 hoc

1838 4752 1921 4798 est
1978 4744 2271 4797 humanam
2320 4752 2591 4810 naturam,
2640 4746 2875 4813 positum
2930 4749 3278 4816 proﬁtentes,
3310 4754 3403 4803 sed

1842 4833 2197 4896 incarnatum,
2257 4849 2491 4903 vereque
2546 4836 2815 4891 hominem
2860 4836 3061 4892 factum
3090 4842 3399 4903 adorantes,

1838 4924 2013 4977 vocati
2053 4932 2178 4979 sunt
2206 4926 2272 4979 ad
2297 4927 2482 4980 vitam.

1907 5013 2095 5068 XXIV.
2136 5032 2153 5065 ι
2194 5013 2422 5069 Verbum
2458 5027 2633 5071 autem
2686 5017 2807 5073 ﬁdei
2859 5021 2999 5089 quod
3044 5022 3415 5089 praedicamus.

1838 5104 2137 5172 (inquiebat
2164 5105 2493 5176 Apostolus),
2533 5110 2631 5161 hoc
2669 5118 2749 5163 est
2781 5127 2793 5162 :
2838 5109 2972 5176 Quia
3008 5113 3050 5164 si
3092 5114 3405 5169 conﬁtearis

1837 5194 1888 5248 in
1906 5208 1999 5249 ore
2021 5204 2110 5247 tuo
2133 5196 2413 5249 Dominum
2431 5199 2637 5262 Iesum,
2661 5199 2784 5253 etin
2810 5202 2970 5253 corde
2989 5211 3081 5255 tuo
3105 5204 3402 5257 credideris

1834 5286 1973 5351 quod
1994 5284 2132 5339 Deus
2160 5285 2302 5337 illum
2334 5288 2920 5355 suscitavitamortuis,
2945 5292 3123 5346 salvus
3152 5293 3259 5347 etis
3280 5294 3344 5347 ".
3373 5315 3394 5346 ι

1829 5372 1946 5429 Jatn
1986 5389 2108 5429 cum
2150 5373 2288 5430 Deus
2324 5388 2507 5446 suapte
2536 5390 2723 5432 natura
2749 5380 2818 5433 sit
2855 5381 3191 5446 immortalis,
3251 5384 3397 5437 siin-

2601 5515 2646 5546 "
2677 5515 2837 5572 Hebr.
2885 5534 2936 5581 χ,
2992 5520 3079 5575 58.
3160 5521 3203 5554 ⁸⁸
3236 5521 3393 5585 Rom.

1259 5697 1431 5753 Varia:
1458 5695 1714 5753 lectiones
1738 5693 1941 5752 codicis
1967 5695 2319 5767 Seguicriani.

174 5837 196 5865 ε
230 5821 433 5890 ἄθλοις,
458 5826 494 5895 ἣ
527 5825 755 5892 στολαῖς.
831 5826 855 5868 ἀ
886 5828 1319 5903 στεφανουμένην
