  <div class='ocr_page' id='page_1' title='image "/cluster/home/n/w/nwhite01/storage/ocr_20150623/76/uva.x030486937/693.png"; bbox 0 0 4116 6478; ppageno 0'>
   <div class='ocr_carea' id='block_1_1' title="bbox 730 420 871 478">
    <p class='ocr_par' dir='ltr' id='par_1_1' title="bbox 730 420 871 478">
     <span class='ocr_line' id='line_1_1' title="bbox 730 420 871 478; baseline 0 0"><span class='ocrx_word' id='word_1_1' title='bbox 730 420 871 478; x_wconf 74' lang='grc'><strong>1567</strong></span> 
     </span>
    </p>
   </div>
   <div class='ocr_carea' id='block_1_2' title="bbox 1745 418 2961 482">
    <p class='ocr_par' dir='ltr' id='par_1_2' title="bbox 1745 418 2961 482">
     <span class='ocr_line' id='line_1_2' title="bbox 1745 418 2961 482; baseline 0.002 -3"><span class='ocrx_word' id='word_1_2' title='bbox 1745 424 1800 479; x_wconf 82' lang='grc'><strong>8.</strong></span> <span class='ocrx_word' id='word_1_3' title='bbox 1826 423 2099 479; x_wconf 81' lang='lat' dir='ltr'><strong>CYRlLLl</strong></span> <span class='ocrx_word' id='word_1_4' title='bbox 2136 418 2599 477; x_wconf 77' lang='lat' dir='ltr'><strong>ALEXANDRINI</strong></span> <span class='ocrx_word' id='word_1_5' title='bbox 2640 424 2961 482; x_wconf 66' lang='lat' dir='ltr'><strong>AliClllEP.</strong></span> 
     </span>
    </p>
   </div>
   <div class='ocr_carea' id='block_1_3' title="bbox 3878 425 4007 482">
    <p class='ocr_par' dir='ltr' id='par_1_3' title="bbox 3878 425 4007 482">
     <span class='ocr_line' id='line_1_3' title="bbox 3878 425 4007 482; baseline 0.023 -3"><span class='ocrx_word' id='word_1_6' title='bbox 3878 425 4007 482; x_wconf 70' lang='lat'><strong>{358</strong></span> 
     </span>
    </p>
   </div>
   <div class='ocr_carea' id='block_1_4' title="bbox 727 537 2295 612">
    <p class='ocr_par' dir='ltr' id='par_1_4' title="bbox 727 538 2295 612">
     <span class='ocr_line' id='line_1_4' title="bbox 727 538 2295 612; baseline 0.001 -17"><span class='ocrx_word' id='word_1_7' title='bbox 727 540 1061 596; x_wconf 79' lang='lat' dir='ltr'><strong>carnationls</strong></span> <span class='ocrx_word' id='word_1_8' title='bbox 1080 538 1383 594; x_wconf 75' lang='lat' dir='ltr'><strong>doctrinam</strong></span> <span class='ocrx_word' id='word_1_9' title='bbox 1408 556 1512 596; x_wconf 92' lang='lat' dir='ltr'><strong>non</strong></span> <span class='ocrx_word' id='word_1_10' title='bbox 1529 542 1881 606; x_wconf 89' lang='lat' dir='ltr'><strong>admittimus,</strong></span> <span class='ocrx_word' id='word_1_11' title='bbox 1914 540 2069 612; x_wconf 66' lang='grc'><strong>147</strong></span> <span class='ocrx_word' id='word_1_12' title='bbox 2085 555 2295 608; x_wconf 86' lang='lat' dir='ltr'><strong>corpus-</strong></span> 
     </span>
    </p>
   </div>
   <div class='ocr_carea' id='block_1_5' title="bbox 2398 537 4007 612">
    <p class='ocr_par' dir='ltr' id='par_1_5' title="bbox 2409 537 4007 609">
     <span class='ocr_line' id='line_1_5' title="bbox 2409 537 4007 609; baseline 0.002 -19"><span class='ocrx_word' id='word_1_13' title='bbox 2409 537 2566 607; x_wconf 83' lang='grc' dir='ltr'>θῆναι</span> <span class='ocrx_word' id='word_1_14' title='bbox 2619 538 2851 609; x_wconf 75' lang='grc' dir='ltr'>λέγοιτο,</span> <span class='ocrx_word' id='word_1_15' title='bbox 2900 540 3077 594; x_wconf 89' lang='grc' dir='ltr'>καίτοι</span> <span class='ocrx_word' id='word_1_16' title='bbox 3123 539 3221 609; x_wconf 78' lang='grc' dir='ltr'>τὴν</span> <span class='ocrx_word' id='word_1_17' title='bbox 3269 540 3437 609; x_wconf 78' lang='grc' dir='ltr'>φύσιν</span> <span class='ocrx_word' id='word_1_18' title='bbox 3482 539 3772 602; x_wconf 77' lang='grc' dir='ltr'>ἀθάνατος</span> <span class='ocrx_word' id='word_1_19' title='bbox 3822 538 3899 593; x_wconf 78' lang='grc' dir='ltr'>ὧν</span> <span class='ocrx_word' id='word_1_20' title='bbox 3944 543 4007 603; x_wconf 71' lang='grc' dir='ltr'><strong>ὡς</strong></span> 
     </span>
    </p>
   </div>
   <div class='ocr_carea' id='block_1_6' title="bbox 728 628 2300 701">
    <p class='ocr_par' dir='ltr' id='par_1_6' title="bbox 728 628 2300 701">
     <span class='ocr_line' id='line_1_6' title="bbox 728 628 2300 701; baseline 0 -17"><span class='ocrx_word' id='word_1_21' title='bbox 728 644 833 699; x_wconf 84' lang='lat' dir='ltr'><strong>que</strong></span> <span class='ocrx_word' id='word_1_22' title='bbox 850 631 989 699; x_wconf 86' lang='lat' dir='ltr'><strong>quod</strong></span> <span class='ocrx_word' id='word_1_23' title='bbox 1020 628 1153 684; x_wconf 89' lang='lat' dir='ltr'><strong>mori</strong></span> <span class='ocrx_word' id='word_1_24' title='bbox 1192 639 1394 698; x_wconf 86' lang='lat' dir='ltr'><strong>posset,</strong></span> <span class='ocrx_word' id='word_1_25' title='bbox 1420 632 1520 686; x_wconf 84' lang='lat' dir='ltr'><strong>sibi</strong></span> <span class='ocrx_word' id='word_1_26' title='bbox 1549 630 1823 701; x_wconf 86' lang='lat' dir='ltr'><strong>proprium</strong></span> <span class='ocrx_word' id='word_1_27' title='bbox 1860 630 2054 686; x_wconf 76' lang='lat' dir='ltr'><strong>iecisse</strong></span> <span class='ocrx_word' id='word_1_28' title='bbox 2092 630 2300 685; x_wconf 83' lang='lat' dir='ltr'><strong>inlicia-</strong></span> 
     </span>
    </p>
   </div>
   <div class='ocr_carea' id='block_1_7' title="bbox 728 720 2300 790">
    <p class='ocr_par' dir='ltr' id='par_1_7' title="bbox 728 720 2300 790">
     <span class='ocr_line' id='line_1_7' title="bbox 728 720 2300 790; baseline 0.001 -14"><span class='ocrx_word' id='word_1_29' title='bbox 728 737 869 787; x_wconf 89' lang='lat' dir='ltr'><strong>mur,</strong></span> <span class='ocrx_word' id='word_1_30' title='bbox 895 720 1165 790; x_wconf 90' lang='lat' dir='ltr'><strong>quomodo</strong></span> <span class='ocrx_word' id='word_1_31' title='bbox 1196 736 1261 775; x_wconf 77' lang='lat' dir='ltr'><strong>ex</strong></span> <span class='ocrx_word' id='word_1_32' title='bbox 1296 722 1523 777; x_wconf 76' lang='lat' dir='ltr'><strong>mortuis</strong></span> <span class='ocrx_word' id='word_1_33' title='bbox 1562 720 1922 776; x_wconf 83' lang='lat' dir='ltr'><strong>resurrexisse</strong></span> <span class='ocrx_word' id='word_1_34' title='bbox 1948 731 2095 779; x_wconf 90' lang='lat' dir='ltr'><strong>recte</strong></span> <span class='ocrx_word' id='word_1_35' title='bbox 2118 723 2300 778; x_wconf 81' lang='lat' dir='ltr'><strong>dicere</strong></span> 
     </span>
    </p>
   </div>
   <div class='ocr_carea' id='block_1_8' title="bbox 728 814 2302 887">
    <p class='ocr_par' dir='ltr' id='par_1_8' title="bbox 728 814 2302 887">
     <span class='ocr_line' id='line_1_8' title="bbox 728 814 2302 887; baseline -0.001 -15"><span class='ocrx_word' id='word_1_36' title='bbox 728 816 1051 886; x_wconf 73' lang='lat' dir='ltr'><strong>poterimus?</strong></span> <span class='ocrx_word' id='word_1_37' title='bbox 1069 814 1124 868; x_wconf 93' lang='lat' dir='ltr'><strong>In</strong></span> <span class='ocrx_word' id='word_1_38' title='bbox 1147 819 1383 873; x_wconf 81' lang='lat' dir='ltr'><strong>humano</strong></span> <span class='ocrx_word' id='word_1_39' title='bbox 1403 820 1583 886; x_wconf 89' lang='lat' dir='ltr'><strong>itaque</strong></span> <span class='ocrx_word' id='word_1_40' title='bbox 1600 831 1830 885; x_wconf 90' lang='lat' dir='ltr'><strong>corpore</strong></span> <span class='ocrx_word' id='word_1_41' title='bbox 1843 818 1983 887; x_wconf 89' lang='lat' dir='ltr'><strong>quod</strong></span> <span class='ocrx_word' id='word_1_42' title='bbox 2000 831 2302 886; x_wconf 84' lang='lat' dir='ltr'><strong>assumpse-</strong></span> 
     </span>
    </p>
   </div>
   <div class='ocr_carea' id='block_1_9' title="bbox 730 909 2296 979">
    <p class='ocr_par' dir='ltr' id='par_1_9' title="bbox 730 909 2296 979">
     <span class='ocr_line' id='line_1_9' title="bbox 730 909 2296 979; baseline 0.001 -18"><span class='ocrx_word' id='word_1_43' title='bbox 730 916 1073 974; x_wconf 84' lang='lat' dir='ltr'><strong>rat,mortem</strong></span> <span class='ocrx_word' id='word_1_44' title='bbox 1098 912 1377 965; x_wconf 76' lang='lat' dir='ltr'><strong>sustinuit:</strong></span> <span class='ocrx_word' id='word_1_45' title='bbox 1397 909 1574 963; x_wconf 87' lang='lat' dir='ltr'><strong>divina</strong></span> <span class='ocrx_word' id='word_1_46' title='bbox 1597 917 1777 964; x_wconf 89' lang='lat' dir='ltr'><strong>autem</strong></span> <span class='ocrx_word' id='word_1_47' title='bbox 1799 912 2021 977; x_wconf 91' lang='lat' dir='ltr'><strong>virtute,</strong></span> <span class='ocrx_word' id='word_1_48' title='bbox 2044 920 2296 979; x_wconf 83' lang='lat' dir='ltr'><strong>tanquam</strong></span> 
     </span>
    </p>
   </div>
   <div class='ocr_carea' id='block_1_10' title="bbox 726 1001 2294 1071">
    <p class='ocr_par' dir='ltr' id='par_1_10' title="bbox 726 1001 2294 1071">
     <span class='ocr_line' id='line_1_10' title="bbox 726 1001 2294 1071; baseline 0.002 -18"><span class='ocrx_word' id='word_1_49' title='bbox 726 1002 839 1054; x_wconf 86' lang='lat' dir='ltr'><strong>vita</strong></span> <span class='ocrx_word' id='word_1_50' title='bbox 868 1010 921 1053; x_wconf 92' lang='lat' dir='ltr'><strong>et</strong></span> <span class='ocrx_word' id='word_1_51' title='bbox 953 1001 1287 1071; x_wconf 90' lang='lat' dir='ltr'><strong>incorruptio</strong></span> <span class='ocrx_word' id='word_1_52' title='bbox 1305 1001 1594 1066; x_wconf 86' lang='lat' dir='ltr'><strong>exsistens,</strong></span> <span class='ocrx_word' id='word_1_53' title='bbox 1626 1016 1690 1057; x_wconf 77' lang='lat' dir='ltr'><strong>ex</strong></span> <span class='ocrx_word' id='word_1_54' title='bbox 1716 1004 1946 1059; x_wconf 87' lang='lat' dir='ltr'><strong>mortuis</strong></span> <span class='ocrx_word' id='word_1_55' title='bbox 1978 1005 2294 1057; x_wconf 80' lang='lat' dir='ltr'><strong>resurrexit.</strong></span> 
     </span>
    </p>
   </div>
   <div class='ocr_carea' id='block_1_11' title="bbox 800 1090 2297 1151">
    <p class='ocr_par' dir='ltr' id='par_1_11' title="bbox 800 1090 2297 1151">
     <span class='ocr_line' id='line_1_11' title="bbox 800 1090 2297 1151; baseline 0.003 -6"><span class='ocrx_word' id='word_1_56' title='bbox 800 1090 963 1148; x_wconf 79' lang='lat' dir='ltr'><strong>XXV.</strong></span> <span class='ocrx_word' id='word_1_57' title='bbox 1008 1112 1026 1147; x_wconf 82' lang='grc' dir='ltr'><strong>ι</strong></span> <span class='ocrx_word' id='word_1_58' title='bbox 1065 1093 1196 1148; x_wconf 86' lang='lat' dir='ltr'><strong>Nam</strong></span> <span class='ocrx_word' id='word_1_59' title='bbox 1228 1108 1377 1146; x_wconf 88' lang='lat' dir='ltr'><strong>arma</strong></span> <span class='ocrx_word' id='word_1_60' title='bbox 1414 1092 1620 1149; x_wconf 71' lang='lat' dir='ltr'><strong>militia:</strong></span> <span class='ocrx_word' id='word_1_61' title='bbox 1660 1104 1858 1150; x_wconf 76' lang='lat' dir='ltr'><strong>nostra:</strong></span> <span class='ocrx_word' id='word_1_62' title='bbox 1900 1111 2005 1151; x_wconf 92' lang='lat' dir='ltr'><strong>non</strong></span> <span class='ocrx_word' id='word_1_63' title='bbox 2054 1094 2297 1149; x_wconf 85' lang='lat' dir='ltr'><strong>carnalia</strong></span> 
     </span>
    </p>
   </div>
   <div class='ocr_carea' id='block_1_12' title="bbox 725 1184 2299 1253">
    <p class='ocr_par' dir='ltr' id='par_1_12' title="bbox 725 1184 2299 1253">
     <span class='ocr_line' id='line_1_12' title="bbox 725 1184 2299 1253; baseline 0.001 -13"><span class='ocrx_word' id='word_1_64' title='bbox 725 1193 874 1249; x_wconf 79' lang='lat' dir='ltr'><strong>sunt,</strong></span> <span class='ocrx_word' id='word_1_65' title='bbox 900 1186 992 1240; x_wconf 86' lang='lat' dir='ltr'><strong>sed</strong></span> <span class='ocrx_word' id='word_1_66' title='bbox 1024 1184 1260 1253; x_wconf 87' lang='lat' dir='ltr'><strong>potentia</strong></span> <span class='ocrx_word' id='word_1_67' title='bbox 1314 1184 1449 1248; x_wconf 89' lang='lat' dir='ltr'><strong>Deo,</strong></span> <span class='ocrx_word' id='word_1_68' title='bbox 1480 1186 1547 1239; x_wconf 88' lang='lat' dir='ltr'><strong>ad</strong></span> <span class='ocrx_word' id='word_1_69' title='bbox 1589 1187 2014 1242; x_wconf 86' lang='lat' dir='ltr'><strong>destructionem</strong></span> <span class='ocrx_word' id='word_1_70' title='bbox 2039 1187 2299 1242; x_wconf 86' lang='lat' dir='ltr'><strong>munitio-</strong></span> 
     </span>
    </p>
   </div>
   <div class='ocr_carea' id='block_1_13' title="bbox 726 1273 2296 1341">
    <p class='ocr_par' dir='ltr' id='par_1_13' title="bbox 726 1273 2296 1341">
     <span class='ocr_line' id='line_1_13' title="bbox 726 1273 2296 1341; baseline 0.003 -13"><span class='ocrx_word' id='word_1_71' title='bbox 726 1289 876 1337; x_wconf 90' lang='lat' dir='ltr'><strong>num,</strong></span> <span class='ocrx_word' id='word_1_72' title='bbox 922 1273 1148 1328; x_wconf 88' lang='lat' dir='ltr'><strong>consilia</strong></span> <span class='ocrx_word' id='word_1_73' title='bbox 1196 1284 1530 1341; x_wconf 88' lang='lat' dir='ltr'><strong>evertentes,</strong></span> <span class='ocrx_word' id='word_1_74' title='bbox 1582 1287 1635 1331; x_wconf 90' lang='lat' dir='ltr'><strong>et</strong></span> <span class='ocrx_word' id='word_1_75' title='bbox 1687 1293 1902 1332; x_wconf 89' lang='lat' dir='ltr'><strong>omnem</strong></span> <span class='ocrx_word' id='word_1_76' title='bbox 1952 1276 2296 1332; x_wconf 89' lang='lat' dir='ltr'><strong>altitudinem</strong></span> 
     </span>
    </p>
   </div>
   <div class='ocr_carea' id='block_1_14' title="bbox 724 1364 2297 1438">
    <p class='ocr_par' dir='ltr' id='par_1_14' title="bbox 724 1364 2297 1438">
     <span class='ocr_line' id='line_1_14' title="bbox 724 1364 2297 1438; baseline 0.006 -23"><span class='ocrx_word' id='word_1_77' title='bbox 724 1364 1071 1420; x_wconf 78' lang='lat' dir='ltr'><strong>extollentem</strong></span> <span class='ocrx_word' id='word_1_78' title='bbox 1113 1380 1173 1420; x_wconf 90' lang='lat' dir='ltr'><strong>se</strong></span> <span class='ocrx_word' id='word_1_79' title='bbox 1204 1369 1470 1423; x_wconf 86' lang='lat' dir='ltr'><strong>adversus</strong></span> <span class='ocrx_word' id='word_1_80' title='bbox 1492 1369 1854 1437; x_wconf 84' lang='lat' dir='ltr'><strong>cognitionem</strong></span> <span class='ocrx_word' id='word_1_81' title='bbox 1888 1368 2012 1433; x_wconf 85' lang='lat' dir='ltr'><strong>Dei;</strong></span> <span class='ocrx_word' id='word_1_82' title='bbox 2038 1378 2093 1424; x_wconf 91' lang='lat' dir='ltr'><strong>et</strong></span> <span class='ocrx_word' id='word_1_83' title='bbox 2124 1371 2297 1438; x_wconf 88' lang='lat' dir='ltr'><strong>capti-</strong></span> 
     </span>
    </p>
   </div>
   <div class='ocr_carea' id='block_1_15' title="bbox 721 1458 2298 1518">
    <p class='ocr_par' dir='ltr' id='par_1_15' title="bbox 721 1458 2298 1518">
     <span class='ocr_line' id='line_1_15' title="bbox 721 1458 2298 1518; baseline 0.006 -10"><span class='ocrx_word' id='word_1_84' title='bbox 721 1464 914 1510; x_wconf 80' lang='lat' dir='ltr'><strong>vantes</strong></span> <span class='ocrx_word' id='word_1_85' title='bbox 961 1471 1177 1511; x_wconf 88' lang='lat' dir='ltr'><strong>omnem</strong></span> <span class='ocrx_word' id='word_1_86' title='bbox 1232 1458 1565 1514; x_wconf 89' lang='lat' dir='ltr'><strong>intellectum</strong></span> <span class='ocrx_word' id='word_1_87' title='bbox 1611 1460 1665 1513; x_wconf 92' lang='lat' dir='ltr'><strong>in</strong></span> <span class='ocrx_word' id='word_1_88' title='bbox 1718 1460 2082 1516; x_wconf 81' lang='lat' dir='ltr'><strong>obedientiam</strong></span> <span class='ocrx_word' id='word_1_89' title='bbox 2133 1461 2298 1518; x_wconf 87' lang='lat' dir='ltr'><strong>Chri-</strong></span> 
     </span>
    </p>
   </div>
   <div class='ocr_carea' id='block_1_16' title="bbox 724 1544 2298 1619">
    <p class='ocr_par' dir='ltr' id='par_1_16' title="bbox 724 1544 2298 1619">
     <span class='ocr_line' id='line_1_16' title="bbox 724 1544 2298 1619; baseline 0.006 -20"><span class='ocrx_word' id='word_1_90' title='bbox 724 1545 794 1599; x_wconf 70' lang='lat' dir='ltr'><strong>Sti</strong></span> <span class='ocrx_word' id='word_1_91' title='bbox 822 1544 887 1599; x_wconf 84' lang='grc'><strong>⁸⁸.</strong></span> <span class='ocrx_word' id='word_1_92' title='bbox 931 1563 950 1598; x_wconf 77' lang='grc' dir='ltr'><strong>ι</strong></span> <span class='ocrx_word' id='word_1_93' title='bbox 987 1544 1192 1601; x_wconf 88' lang='lat' dir='ltr'><strong>Bellum</strong></span> <span class='ocrx_word' id='word_1_94' title='bbox 1221 1550 1363 1617; x_wconf 88' lang='lat' dir='ltr'><strong>quod</strong></span> <span class='ocrx_word' id='word_1_95' title='bbox 1408 1550 1582 1602; x_wconf 84' lang='lat' dir='ltr'><strong>sancti</strong></span> <span class='ocrx_word' id='word_1_96' title='bbox 1632 1560 1848 1619; x_wconf 90' lang='lat' dir='ltr'><strong>gerunt,</strong></span> <span class='ocrx_word' id='word_1_97' title='bbox 1896 1565 2005 1605; x_wconf 87' lang='lat' dir='ltr'><strong>non</strong></span> <span class='ocrx_word' id='word_1_98' title='bbox 2034 1562 2117 1608; x_wconf 89' lang='lat' dir='ltr'><strong>est</strong></span> <span class='ocrx_word' id='word_1_99' title='bbox 2147 1568 2298 1608; x_wconf 80' lang='lat' dir='ltr'><strong>cras-</strong></span> 
     </span>
    </p>
   </div>
   <div class='ocr_carea' id='block_1_17' title="bbox 723 1641 2295 1715">
    <p class='ocr_par' dir='ltr' id='par_1_17' title="bbox 723 1641 2295 1715">
     <span class='ocr_line' id='line_1_17' title="bbox 723 1641 2295 1715; baseline 0.005 -22"><span class='ocrx_word' id='word_1_100' title='bbox 723 1653 843 1693; x_wconf 89' lang='lat' dir='ltr'><strong>sum</strong></span> <span class='ocrx_word' id='word_1_101' title='bbox 889 1649 983 1694; x_wconf 83' lang='lat' dir='ltr'><strong>aut</strong></span> <span class='ocrx_word' id='word_1_102' title='bbox 1036 1641 1321 1708; x_wconf 88' lang='lat' dir='ltr'><strong>corporale</strong></span> <span class='ocrx_word' id='word_1_103' title='bbox 1350 1681 1366 1707; x_wconf 93' lang='lat'><strong>,</strong></span> <span class='ocrx_word' id='word_1_104' title='bbox 1413 1643 1506 1696; x_wconf 89' lang='lat' dir='ltr'><strong>sed</strong></span> <span class='ocrx_word' id='word_1_105' title='bbox 1551 1642 1750 1697; x_wconf 83' lang='lat' dir='ltr'><strong>subtile</strong></span> <span class='ocrx_word' id='word_1_106' title='bbox 1803 1652 1857 1699; x_wconf 91' lang='lat' dir='ltr'><strong>et</strong></span> <span class='ocrx_word' id='word_1_107' title='bbox 1912 1645 2175 1715; x_wconf 87' lang='lat' dir='ltr'><strong>spiritale.</strong></span> <span class='ocrx_word' id='word_1_108' title='bbox 2218 1646 2295 1701; x_wconf 91' lang='lat' dir='ltr'><strong>llli</strong></span> 
     </span>
    </p>
   </div>
   <div class='ocr_carea' id='block_1_18' title="bbox 722 1731 2296 1810">
    <p class='ocr_par' dir='ltr' id='par_1_18' title="bbox 722 1731 2296 1810">
     <span class='ocr_line' id='line_1_18' title="bbox 722 1731 2296 1810; baseline 0.007 -25"><span class='ocrx_word' id='word_1_109' title='bbox 722 1731 867 1785; x_wconf 77' lang='lat' dir='ltr'><strong>enim</strong></span> <span class='ocrx_word' id='word_1_110' title='bbox 914 1734 1283 1787; x_wconf 77' lang='lat' dir='ltr'><strong>commendari</strong></span> <span class='ocrx_word' id='word_1_111' title='bbox 1346 1734 1521 1788; x_wconf 85' lang='lat' dir='ltr'><strong>solent</strong></span> <span class='ocrx_word' id='word_1_112' title='bbox 1572 1750 1636 1790; x_wconf 89' lang='lat' dir='ltr'><strong>ac</strong></span> <span class='ocrx_word' id='word_1_113' title='bbox 1690 1736 1976 1806; x_wconf 87' lang='lat' dir='ltr'><strong>celebrari,</strong></span> <span class='ocrx_word' id='word_1_114' title='bbox 2013 1756 2118 1795; x_wconf 89' lang='lat' dir='ltr'><strong>non</strong></span> <span class='ocrx_word' id='word_1_115' title='bbox 2170 1742 2296 1810; x_wconf 86' lang='lat' dir='ltr'><strong>quia</strong></span> 
     </span>
    </p>
   </div>
   <div class='ocr_carea' id='block_1_19' title="bbox 721 1822 2294 1901">
    <p class='ocr_par' dir='ltr' id='par_1_19' title="bbox 721 1822 2294 1901">
     <span class='ocr_line' id='line_1_19' title="bbox 721 1822 2294 1901; baseline 0.006 -24"><span class='ocrx_word' id='word_1_116' title='bbox 721 1822 1020 1890; x_wconf 77' lang='lat' dir='ltr'><strong>Corporalia</strong></span> <span class='ocrx_word' id='word_1_117' title='bbox 1048 1823 1264 1879; x_wconf 84' lang='lat' dir='ltr'><strong>vibrent</strong></span> <span class='ocrx_word' id='word_1_118' title='bbox 1294 1839 1466 1887; x_wconf 84' lang='lat' dir='ltr'><strong>arma,</strong></span> <span class='ocrx_word' id='word_1_119' title='bbox 1499 1836 1592 1881; x_wconf 90' lang='lat' dir='ltr'><strong>aut</strong></span> <span class='ocrx_word' id='word_1_120' title='bbox 1623 1826 1935 1883; x_wconf 87' lang='lat' dir='ltr'><strong>lancearum</strong></span> <span class='ocrx_word' id='word_1_121' title='bbox 1958 1833 2294 1901; x_wconf 82' lang='lat' dir='ltr'><strong>cuspidibus,</strong></span> 
     </span>
    </p>
   </div>
   <div class='ocr_carea' id='block_1_20' title="bbox 2400 626 4009 704">
    <p class='ocr_par' dir='ltr' id='par_1_20' title="bbox 2400 626 4009 704">
     <span class='ocr_line' id='line_1_20' title="bbox 2400 626 4009 704; baseline 0.002 -24"><span class='ocrx_word' id='word_1_122' title='bbox 2400 626 2552 695; x_wconf 79' lang='grc' dir='ltr'>Θεὸς,</span> <span class='ocrx_word' id='word_1_123' title='bbox 2590 630 2639 683; x_wconf 78' lang='grc' dir='ltr'><strong>εί</strong></span> <span class='ocrx_word' id='word_1_124' title='bbox 2669 630 2746 703; x_wconf 82' lang='grc' dir='ltr'>μὴ</span> <span class='ocrx_word' id='word_1_125' title='bbox 2780 630 3188 703; x_wconf 79' lang='grc' dir='ltr'>προεισδέξαιτό</span> <span class='ocrx_word' id='word_1_126' title='bbox 3206 648 3291 694; x_wconf 90' lang='grc' dir='ltr'><strong>τις</strong></span> <span class='ocrx_word' id='word_1_127' title='bbox 3320 634 3451 698; x_wconf 82' lang='grc' dir='ltr'>τοὺς</span> <span class='ocrx_word' id='word_1_128' title='bbox 3483 633 3624 704; x_wconf 60' lang='grc' dir='ltr'>περὶ</span> <span class='ocrx_word' id='word_1_129' title='bbox 3644 630 4009 701; x_wconf 63' lang='grc' dir='ltr'>ἐνανθρωπήρ</span> 
     </span>
    </p>
   </div>
   <div class='ocr_carea' id='block_1_21' title="bbox 2402 721 4002 795">
    <p class='ocr_par' dir='ltr' id='par_1_21' title="bbox 2402 721 4002 795">
     <span class='ocr_line' id='line_1_21' title="bbox 2402 721 4002 795; baseline 0.003 -22"><span class='ocrx_word' id='word_1_130' title='bbox 2402 736 2539 784; x_wconf 88' lang='grc' dir='ltr'>σεως</span> <span class='ocrx_word' id='word_1_131' title='bbox 2578 721 2801 791; x_wconf 86' lang='grc' dir='ltr'>λόγους,</span> <span class='ocrx_word' id='word_1_132' title='bbox 2832 721 3107 793; x_wconf 77' lang='grc' dir='ltr'><strong>διατεθείη</strong></span> <span class='ocrx_word' id='word_1_133' title='bbox 3132 739 3215 789; x_wconf 82' lang='grc' dir='ltr'><strong>τε,</strong></span> <span class='ocrx_word' id='word_1_134' title='bbox 3249 723 3331 777; x_wconf 82' lang='grc' dir='ltr'>ὅτι</span> <span class='ocrx_word' id='word_1_135' title='bbox 3359 724 3425 778; x_wconf 80' lang='grc' dir='ltr'>τὸ</span> <span class='ocrx_word' id='word_1_136' title='bbox 3457 723 3722 795; x_wconf 81' lang='grc' dir='ltr'>πεφυκὸς</span> <span class='ocrx_word' id='word_1_137' title='bbox 3750 721 4002 792; x_wconf 58' lang='grc' dir='ltr'>ἀποθνή-</span> 
     </span>
    </p>
   </div>
   <div class='ocr_carea' id='block_1_22' title="bbox 2401 815 4005 888">
    <p class='ocr_par' dir='ltr' id='par_1_22' title="bbox 2401 815 4005 888">
     <span class='ocr_line' id='line_1_22' title="bbox 2401 815 4005 888; baseline 0.002 -23"><span class='ocrx_word' id='word_1_138' title='bbox 2401 830 2550 867; x_wconf 81' lang='grc' dir='ltr'>σκειν</span> <span class='ocrx_word' id='word_1_139' title='bbox 2599 815 2730 869; x_wconf 84' lang='grc' dir='ltr'>ίδιον</span> <span class='ocrx_word' id='word_1_140' title='bbox 2773 817 3071 886; x_wconf 70' lang='grc' dir='ltr'>ἐποιήσατο</span> <span class='ocrx_word' id='word_1_141' title='bbox 3103 815 3299 885; x_wconf 84' lang='grc' dir='ltr'>σῶμα;</span> <span class='ocrx_word' id='word_1_142' title='bbox 3347 818 3460 871; x_wconf 75' lang='grc' dir='ltr'><strong>Καὶ</strong></span> <span class='ocrx_word' id='word_1_143' title='bbox 3499 818 3783 888; x_wconf 74' lang='grc' dir='ltr'>ὑπέμεινε</span> <span class='ocrx_word' id='word_1_144' title='bbox 3829 816 4005 883; x_wconf 66' lang='grc' dir='ltr'>μὲνέν</span> 
     </span>
    </p>
   </div>
   <div class='ocr_carea' id='block_1_23' title="bbox 2398 902 4003 977">
    <p class='ocr_par' dir='ltr' id='par_1_23' title="bbox 2398 902 4003 977">
     <span class='ocr_line' id='line_1_23' title="bbox 2398 902 4003 977; baseline 0.003 -21"><span class='ocrx_word' id='word_1_145' title='bbox 2398 902 2545 974; x_wconf 85' lang='grc' dir='ltr'><strong>αὐτῷ</strong></span> <span class='ocrx_word' id='word_1_146' title='bbox 2566 906 2659 959; x_wconf 72' lang='grc' dir='ltr'><strong>τὸν</strong></span> <span class='ocrx_word' id='word_1_147' title='bbox 2685 906 2912 962; x_wconf 85' lang='grc' dir='ltr'>θάνατον</span> <span class='ocrx_word' id='word_1_148' title='bbox 2931 905 3305 977; x_wconf 89' lang='grc' dir='ltr'>ἀνθρωπίνως,</span> <span class='ocrx_word' id='word_1_149' title='bbox 3336 908 3541 963; x_wconf 76' lang='grc' dir='ltr'>ἀνεόίω</span> <span class='ocrx_word' id='word_1_150' title='bbox 3569 909 3633 963; x_wconf 72' lang='grc' dir='ltr'>δὲ</span> <span class='ocrx_word' id='word_1_151' title='bbox 3666 907 3908 971; x_wconf 76' lang='grc' dir='ltr'>θεῖκῶς,</span> <span class='ocrx_word' id='word_1_152' title='bbox 3937 908 4003 971; x_wconf 66' lang='grc' dir='ltr'>ὡς</span> 
     </span>
    </p>
   </div>
   <div class='ocr_carea' id='block_1_24' title="bbox 2398 996 2961 1070">
    <p class='ocr_par' dir='ltr' id='par_1_24' title="bbox 2398 996 2961 1070">
     <span class='ocr_line' id='line_1_24' title="bbox 2398 996 2961 1070; baseline 0.011 -21"><span class='ocrx_word' id='word_1_153' title='bbox 2398 996 2677 1067; x_wconf 83' lang='grc' dir='ltr'>ἀφθαρσία</span> <span class='ocrx_word' id='word_1_154' title='bbox 2705 1003 2800 1055; x_wconf 76' lang='grc' dir='ltr'>καὶ</span> <span class='ocrx_word' id='word_1_155' title='bbox 2828 1001 2961 1070; x_wconf 76' lang='grc' dir='ltr'>ζωή.</span> 
     </span>
    </p>
   </div>
   <div class='ocr_carea' id='block_1_25' title="bbox 2471 1088 4002 1164">
    <p class='ocr_par' dir='ltr' id='par_1_25' title="bbox 2471 1088 4002 1164">
     <span class='ocr_line' id='line_1_25' title="bbox 2471 1088 4002 1164; baseline 0.004 -23"><span class='ocrx_word' id='word_1_156' title='bbox 2471 1088 2602 1143; x_wconf 70' lang='grc' dir='ltr'>κε’.</span> <span class='ocrx_word' id='word_1_157' title='bbox 2644 1110 2662 1142; x_wconf 84' lang='grc' dir='ltr'><strong>ι</strong></span> <span class='ocrx_word' id='word_1_158' title='bbox 2693 1093 2773 1145; x_wconf 83' lang='grc' dir='ltr'><strong>Τὰ</strong></span> <span class='ocrx_word' id='word_1_159' title='bbox 2816 1094 2925 1163; x_wconf 82' lang='grc' dir='ltr'>γὰρ</span> <span class='ocrx_word' id='word_1_160' title='bbox 2952 1089 3093 1145; x_wconf 85' lang='grc' dir='ltr'>ὅπλα</span> <span class='ocrx_word' id='word_1_161' title='bbox 3119 1092 3218 1161; x_wconf 83' lang='grc' dir='ltr'><strong>τῆς</strong></span> <span class='ocrx_word' id='word_1_162' title='bbox 3249 1090 3541 1162; x_wconf 71' lang='grc' dir='ltr'><strong>στρατείας</strong></span> <span class='ocrx_word' id='word_1_163' title='bbox 3568 1092 3740 1162; x_wconf 79' lang='grc' dir='ltr'>ἡμῶν</span> <span class='ocrx_word' id='word_1_164' title='bbox 3774 1095 3843 1147; x_wconf 76' lang='grc' dir='ltr'><strong>οὐ</strong></span> <span class='ocrx_word' id='word_1_165' title='bbox 3877 1110 4002 1164; x_wconf 79' lang='grc' dir='ltr'>σαρ-</span> 
     </span>
    </p>
   </div>
   <div class='ocr_carea' id='block_1_26' title="bbox 2398 1178 4001 1255">
    <p class='ocr_par' dir='ltr' id='par_1_26' title="bbox 2398 1178 4001 1255">
     <span class='ocr_line' id='line_1_26' title="bbox 2398 1178 4001 1255; baseline 0.004 -24"><span class='ocrx_word' id='word_1_166' title='bbox 2398 1178 2551 1241; x_wconf 85' lang='grc' dir='ltr'>κικὰ,</span> <span class='ocrx_word' id='word_1_167' title='bbox 2581 1180 2719 1235; x_wconf 84' lang='grc' dir='ltr'><strong>ἀλλά</strong></span> <span class='ocrx_word' id='word_1_168' title='bbox 2757 1183 2958 1237; x_wconf 88' lang='grc' dir='ltr'>δυνατά</span> <span class='ocrx_word' id='word_1_169' title='bbox 2998 1180 3076 1252; x_wconf 83' lang='grc' dir='ltr'><strong>τῷ</strong></span> <span class='ocrx_word' id='word_1_170' title='bbox 3101 1181 3220 1252; x_wconf 85' lang='grc' dir='ltr'>Θεῷ</span> <span class='ocrx_word' id='word_1_171' title='bbox 3253 1182 3391 1253; x_wconf 72' lang='grc' dir='ltr'>πρὸς</span> <span class='ocrx_word' id='word_1_172' title='bbox 3419 1181 3757 1252; x_wconf 77' lang='grc' dir='ltr'><strong>καθαίρεσιν</strong></span> <span class='ocrx_word' id='word_1_173' title='bbox 3793 1185 4001 1255; x_wconf 72' lang='grc' dir='ltr'>ὀχυρω-</span> 
     </span>
    </p>
   </div>
   <div class='ocr_carea' id='block_1_27' title="bbox 2401 1270 4001 1346">
    <p class='ocr_par' dir='ltr' id='par_1_27' title="bbox 2401 1270 4001 1346">
     <span class='ocr_line' id='line_1_27' title="bbox 2401 1270 4001 1346; baseline 0.004 -24"><span class='ocrx_word' id='word_1_174' title='bbox 2401 1270 2611 1341; x_wconf 82' lang='grc' dir='ltr'><strong>μάτων,</strong></span> <span class='ocrx_word' id='word_1_175' title='bbox 2660 1272 2959 1346; x_wconf 82' lang='grc' dir='ltr'>λογισμοὺς</span> <span class='ocrx_word' id='word_1_176' title='bbox 3023 1272 3415 1344; x_wconf 79' lang='grc' dir='ltr'><strong>καθαιροῦντα,</strong></span> <span class='ocrx_word' id='word_1_177' title='bbox 3467 1274 3564 1327; x_wconf 72' lang='grc' dir='ltr'>καὶ</span> <span class='ocrx_word' id='word_1_178' title='bbox 3616 1276 3736 1327; x_wconf 79' lang='grc' dir='ltr'><strong>πᾶν</strong></span> <span class='ocrx_word' id='word_1_179' title='bbox 3800 1275 4001 1345; x_wconf 48' lang='lat' dir='ltr'><strong>Manta:</strong></span> 
     </span>
    </p>
   </div>
   <div class='ocr_carea' id='block_1_28' title="bbox 2397 1363 3999 1436">
    <p class='ocr_par' dir='ltr' id='par_1_28' title="bbox 2397 1363 3999 1436">
     <span class='ocr_line' id='line_1_28' title="bbox 2397 1363 3999 1436; baseline 0.001 -20"><span class='ocrx_word' id='word_1_180' title='bbox 2397 1364 2760 1435; x_wconf 70' lang='grc' dir='ltr'><strong>ἐπαιρόμενον</strong></span> <span class='ocrx_word' id='word_1_181' title='bbox 2791 1366 2933 1421; x_wconf 88' lang='grc' dir='ltr'><strong>κατά</strong></span> <span class='ocrx_word' id='word_1_182' title='bbox 2969 1366 3067 1436; x_wconf 88' lang='grc' dir='ltr'><strong>τῆς</strong></span> <span class='ocrx_word' id='word_1_183' title='bbox 3090 1364 3346 1432; x_wconf 84' lang='grc' dir='ltr'>γνώσεως</span> <span class='ocrx_word' id='word_1_184' title='bbox 3373 1364 3469 1419; x_wconf 73' lang='grc' dir='ltr'><strong>τοῦ</strong></span> <span class='ocrx_word' id='word_1_185' title='bbox 3492 1363 3634 1417; x_wconf 76' lang='grc' dir='ltr'>Θεοῦ</span> <span class='ocrx_word' id='word_1_186' title='bbox 3656 1405 3673 1430; x_wconf 90' lang='grc'><strong>,</strong></span> <span class='ocrx_word' id='word_1_187' title='bbox 3696 1365 3807 1417; x_wconf 70' lang='grc' dir='ltr'>καὶ</span> <span class='ocrx_word' id='word_1_188' title='bbox 3834 1369 3999 1435; x_wconf 76' lang='grc' dir='ltr'>αἰχμ-</span> 
     </span>
    </p>
   </div>
   <div class='ocr_carea' id='block_1_29' title="bbox 2395 1455 3993 1529">
    <p class='ocr_par' dir='ltr' id='par_1_29' title="bbox 2395 1455 3993 1529">
     <span class='ocr_line' id='line_1_29' title="bbox 2395 1455 3993 1529; baseline 0.001 -21"><span class='ocrx_word' id='word_1_189' title='bbox 2395 1455 2731 1520; x_wconf 76' lang='grc' dir='ltr'>αλωτίζοντα</span> <span class='ocrx_word' id='word_1_190' title='bbox 2752 1463 2859 1513; x_wconf 81' lang='grc' dir='ltr'>πᾶν</span> <span class='ocrx_word' id='word_1_191' title='bbox 2875 1459 3052 1529; x_wconf 85' lang='grc' dir='ltr'>νόημα</span> <span class='ocrx_word' id='word_1_192' title='bbox 3086 1458 3167 1520; x_wconf 91' lang='grc' dir='ltr'><strong>είς</strong></span> <span class='ocrx_word' id='word_1_193' title='bbox 3182 1455 3281 1529; x_wconf 81' lang='grc' dir='ltr'>τὴν</span> <span class='ocrx_word' id='word_1_194' title='bbox 3298 1458 3544 1529; x_wconf 82' lang='grc' dir='ltr'>ὑπακοὴν</span> <span class='ocrx_word' id='word_1_195' title='bbox 3560 1456 3659 1511; x_wconf 82' lang='grc' dir='ltr'>τοῦ</span> <span class='ocrx_word' id='word_1_196' title='bbox 3680 1458 3962 1527; x_wconf 68' lang='grc' dir='ltr'>Χριστοῦ.</span> <span class='ocrx_word' id='word_1_197' title='bbox 3977 1480 3993 1509; x_wconf 81' lang='grc' dir='ltr'><strong>ι</strong></span> 
     </span>
    </p>
   </div>
   <div class='ocr_carea' id='block_1_30' title="bbox 2397 1544 3998 1620">
    <p class='ocr_par' dir='ltr' id='par_1_30' title="bbox 2397 1544 3998 1620">
     <span class='ocr_line' id='line_1_30' title="bbox 2397 1544 3998 1620; baseline -0.001 -22"><span class='ocrx_word' id='word_1_198' title='bbox 2397 1544 2471 1598; x_wconf 80' lang='grc' dir='ltr'><strong>Οὐ</strong></span> <span class='ocrx_word' id='word_1_199' title='bbox 2499 1546 2677 1615; x_wconf 80' lang='grc' dir='ltr'>παχὺς</span> <span class='ocrx_word' id='word_1_200' title='bbox 2706 1550 2802 1601; x_wconf 79' lang='grc' dir='ltr'>καὶ</span> <span class='ocrx_word' id='word_1_201' title='bbox 2834 1549 3168 1620; x_wconf 85' lang='grc' dir='ltr'>σωματικδς,</span> <span class='ocrx_word' id='word_1_202' title='bbox 3209 1548 3387 1618; x_wconf 82' lang='grc' dir='ltr'>ίσχνὸς</span> <span class='ocrx_word' id='word_1_203' title='bbox 3411 1550 3467 1603; x_wconf 84' lang='grc' dir='ltr'>δὲ</span> <span class='ocrx_word' id='word_1_204' title='bbox 3501 1548 3711 1619; x_wconf 75' lang='grc' dir='ltr'>μᾶλλον</span> <span class='ocrx_word' id='word_1_205' title='bbox 3752 1548 3862 1599; x_wconf 69' lang='grc' dir='ltr'>καὶ</span> <span class='ocrx_word' id='word_1_206' title='bbox 3881 1565 3998 1617; x_wconf 68' lang='grc' dir='ltr'>νοη-</span> 
     </span>
    </p>
   </div>
   <div class='ocr_carea' id='block_1_31' title="bbox 2395 1634 3993 1711">
    <p class='ocr_par' dir='ltr' id='par_1_31' title="bbox 2395 1634 3993 1711">
     <span class='ocr_line' id='line_1_31' title="bbox 2395 1634 3993 1711; baseline 0.001 -23"><span class='ocrx_word' id='word_1_207' title='bbox 2395 1636 2486 1699; x_wconf 82' lang='grc' dir='ltr'>τὸς</span> <span class='ocrx_word' id='word_1_208' title='bbox 2516 1634 2623 1690; x_wconf 82' lang='grc' dir='ltr'>τῶν</span> <span class='ocrx_word' id='word_1_209' title='bbox 2664 1638 2834 1708; x_wconf 85' lang='grc' dir='ltr'>ἁγίων</span> <span class='ocrx_word' id='word_1_210' title='bbox 2858 1644 2887 1694; x_wconf 85' lang='grc' dir='ltr'><strong>ό</strong></span> <span class='ocrx_word' id='word_1_211' title='bbox 2932 1640 3190 1711; x_wconf 81' lang='grc' dir='ltr'>πόλεμος.</span> <span class='ocrx_word' id='word_1_212' title='bbox 3228 1638 3467 1692; x_wconf 80' lang='grc' dir='ltr'>Είώθασι</span> <span class='ocrx_word' id='word_1_213' title='bbox 3500 1640 3610 1711; x_wconf 81' lang='grc' dir='ltr'><strong>γὰρ</strong></span> <span class='ocrx_word' id='word_1_214' title='bbox 3648 1639 3993 1706; x_wconf 71' lang='grc' dir='ltr'>εὐδοκιμεῖν,</span> 
     </span>
    </p>
   </div>
   <div class='ocr_carea' id='block_1_32' title="bbox 2396 1727 3993 1801">
    <p class='ocr_par' dir='ltr' id='par_1_32' title="bbox 2396 1727 3993 1801">
     <span class='ocr_line' id='line_1_32' title="bbox 2396 1727 3993 1801; baseline -0.001 -21"><span class='ocrx_word' id='word_1_215' title='bbox 2396 1727 2494 1797; x_wconf 83' lang='grc' dir='ltr'><strong>οὐχ</strong></span> <span class='ocrx_word' id='word_1_216' title='bbox 2522 1728 2663 1781; x_wconf 81' lang='grc' dir='ltr'>ὅπλα</span> <span class='ocrx_word' id='word_1_217' title='bbox 2698 1732 2976 1796; x_wconf 82' lang='grc' dir='ltr'><strong>κινοῦντες</strong></span> <span class='ocrx_word' id='word_1_218' title='bbox 3021 1730 3284 1801; x_wconf 70' lang='grc' dir='ltr'>σαρκικὰ,</span> <span class='ocrx_word' id='word_1_219' title='bbox 3318 1733 3411 1784; x_wconf 75' lang='grc' dir='ltr'>καὶ</span> <span class='ocrx_word' id='word_1_220' title='bbox 3441 1736 3563 1795; x_wconf 86' lang='grc' dir='ltr'>ταῖς</span> <span class='ocrx_word' id='word_1_221' title='bbox 3595 1731 3716 1785; x_wconf 85' lang='grc' dir='ltr'>τῶν</span> <span class='ocrx_word' id='word_1_222' title='bbox 3741 1730 3993 1800; x_wconf 62' lang='grc' dir='ltr'>δοράτων</span> 
     </span>
    </p>
   </div>
   <div class='ocr_carea' id='block_1_33' title="bbox 2397 1819 3991 1894">
    <p class='ocr_par' dir='ltr' id='par_1_33' title="bbox 2397 1819 3991 1894">
     <span class='ocr_line' id='line_1_33' title="bbox 2397 1819 3991 1894; baseline 0.001 -23"><span class='ocrx_word' id='word_1_223' title='bbox 2397 1819 2623 1887; x_wconf 79' lang='grc' dir='ltr'>ἀκμαῖς,</span> <span class='ocrx_word' id='word_1_224' title='bbox 2656 1822 2824 1892; x_wconf 77' lang='grc' dir='ltr'>ῆγουν</span> <span class='ocrx_word' id='word_1_225' title='bbox 2847 1827 2966 1887; x_wconf 85' lang='grc' dir='ltr'>ταῖς</span> <span class='ocrx_word' id='word_1_226' title='bbox 2984 1822 3092 1877; x_wconf 84' lang='grc' dir='ltr'><strong>τῶν</strong></span> <span class='ocrx_word' id='word_1_227' title='bbox 3122 1821 3290 1893; x_wconf 84' lang='grc' dir='ltr'>βελῶν</span> <span class='ocrx_word' id='word_1_228' title='bbox 3313 1823 3644 1894; x_wconf 77' lang='grc' dir='ltr'>εὐστοχίαις,</span> <span class='ocrx_word' id='word_1_229' title='bbox 3681 1821 3991 1894; x_wconf 76' lang='grc' dir='ltr'>χρώμενοι,</span> 
     </span>
    </p>
   </div>
   <div class='ocr_carea' id='block_1_34' title="bbox 724 1886 2295 1991">
    <p class='ocr_par' dir='ltr' id='par_1_34' title="bbox 724 1886 2295 1991">
     <span class='ocr_line' id='line_1_34' title="bbox 724 1886 2295 1991; baseline 0.009 -26"><span class='ocrx_word' id='word_1_230' title='bbox 724 1911 806 1967; x_wconf 87' lang='lat' dir='ltr'><strong>vel</strong></span> <span class='ocrx_word' id='word_1_231' title='bbox 866 1913 1095 1968; x_wconf 89' lang='lat' dir='ltr'><strong>telorum</strong></span> <span class='ocrx_word' id='word_1_232' title='bbox 1150 1914 1390 1984; x_wconf 79' lang='lat' dir='ltr'><strong>jactibus</strong></span> <span class='ocrx_word' id='word_1_233' title='bbox 1446 1927 1573 1985; x_wconf 87' lang='lat' dir='ltr'><strong>apte</strong></span> <span class='ocrx_word' id='word_1_234' title='bbox 1639 1927 1911 1974; x_wconf 87' lang='lat' dir='ltr'><strong>utantur:</strong></span> <span class='ocrx_word' id='word_1_235' title='bbox 1966 1886 2077 1977; x_wconf 32' lang='lat' dir='ltr'><strong>sed“</strong></span> <span class='ocrx_word' id='word_1_236' title='bbox 2118 1886 2295 1991; x_wconf 75' lang='lat' dir='ltr'><strong>potius</strong></span> 
     </span>
    </p>
   </div>
   <div class='ocr_carea' id='block_1_35' title="bbox 2398 1886 3991 1991">
    <p class='ocr_par' dir='ltr' id='par_1_35' title="bbox 2399 1886 3991 1985">
     <span class='ocr_line' id='line_1_35' title="bbox 2399 1886 3991 1985; baseline 0.003 -24"><span class='ocrx_word' id='word_1_237' title='bbox 2399 1886 2535 1962; x_wconf 80' lang='grc' dir='ltr'><strong>ἀλλά</strong></span> <span class='ocrx_word' id='word_1_238' title='bbox 2561 1886 2807 1983; x_wconf 32' lang='grc' dir='ltr'>τοῖςντῆς</span> <span class='ocrx_word' id='word_1_239' title='bbox 2835 1912 3094 1985; x_wconf 81' lang='grc' dir='ltr'><strong>ἀληθείας</strong></span> <span class='ocrx_word' id='word_1_240' title='bbox 3122 1886 3309 1978; x_wconf 67' lang='grc' dir='ltr'>δπλοις</span> <span class='ocrx_word' id='word_1_241' title='bbox 3351 1886 3785 1985; x_wconf 59' lang='grc' dir='ltr'>ἐνηρμοσμένοι,</span> <span class='ocrx_word' id='word_1_242' title='bbox 3819 1886 3991 1965; x_wconf 26' lang='grc' dir='ltr'>ῦπνεν-</span> 
     </span>
    </p>
   </div>
   <div class='ocr_carea' id='block_1_36' title="bbox 722 2003 2296 2083">
    <p class='ocr_par' dir='ltr' id='par_1_36' title="bbox 722 2003 2296 2083">
     <span class='ocr_line' id='line_1_36' title="bbox 722 2003 2296 2083; baseline 0.009 -28"><span class='ocrx_word' id='word_1_243' title='bbox 722 2003 847 2073; x_wconf 81' lang='lat' dir='ltr'><strong>quia</strong></span> <span class='ocrx_word' id='word_1_244' title='bbox 880 2005 1125 2060; x_wconf 79' lang='lat' dir='ltr'><strong>veritatis</strong></span> <span class='ocrx_word' id='word_1_245' title='bbox 1186 2005 1352 2060; x_wconf 87' lang='lat' dir='ltr'><strong>armis</strong></span> <span class='ocrx_word' id='word_1_246' title='bbox 1404 2007 1675 2076; x_wconf 86' lang='lat' dir='ltr'><strong>instructi,</strong></span> <span class='ocrx_word' id='word_1_247' title='bbox 1711 2010 2032 2078; x_wconf 87' lang='lat' dir='ltr'><strong>spiritaliter</strong></span> <span class='ocrx_word' id='word_1_248' title='bbox 2063 2012 2296 2083; x_wconf 87' lang='lat' dir='ltr'><strong>intrepi-</strong></span> 
     </span>
    </p>
   </div>
   <div class='ocr_carea' id='block_1_37' title="bbox 724 2094 2293 2173">
    <p class='ocr_par' dir='ltr' id='par_1_37' title="bbox 724 2094 2293 2173">
     <span class='ocr_line' id='line_1_37' title="bbox 724 2094 2293 2173; baseline 0.008 -25"><span class='ocrx_word' id='word_1_249' title='bbox 724 2095 897 2163; x_wconf 89' lang='lat' dir='ltr'><strong>deque</strong></span> <span class='ocrx_word' id='word_1_250' title='bbox 927 2094 992 2149; x_wconf 89' lang='lat' dir='ltr'><strong>iis</strong></span> <span class='ocrx_word' id='word_1_251' title='bbox 1026 2110 1145 2151; x_wconf 79' lang='lat' dir='ltr'><strong>sese</strong></span> <span class='ocrx_word' id='word_1_252' title='bbox 1174 2098 1455 2167; x_wconf 88' lang='lat' dir='ltr'><strong>objiciant,</strong></span> <span class='ocrx_word' id='word_1_253' title='bbox 1498 2101 1589 2169; x_wconf 89' lang='lat' dir='ltr'><strong>qui</strong></span> <span class='ocrx_word' id='word_1_254' title='bbox 1640 2101 1946 2155; x_wconf 91' lang='lat' dir='ltr'><strong>divinorum</strong></span> <span class='ocrx_word' id='word_1_255' title='bbox 1983 2103 2293 2173; x_wconf 90' lang='lat' dir='ltr'><strong>dogmatum</strong></span> 
     </span>
    </p>
   </div>
   <div class='ocr_carea' id='block_1_38' title="bbox 726 2186 2293 2255">
    <p class='ocr_par' dir='ltr' id='par_1_38' title="bbox 726 2186 2293 2255">
     <span class='ocr_line' id='line_1_38' title="bbox 726 2186 2293 2255; baseline 0.01 -18"><span class='ocrx_word' id='word_1_256' title='bbox 726 2186 1108 2242; x_wconf 89' lang='lat' dir='ltr'><strong>rectitudinem</strong></span> <span class='ocrx_word' id='word_1_257' title='bbox 1137 2189 1469 2255; x_wconf 77' lang='lat' dir='ltr'><strong>adulterare,</strong></span> <span class='ocrx_word' id='word_1_258' title='bbox 1511 2208 1573 2248; x_wconf 92' lang='lat' dir='ltr'><strong>ac</strong></span> <span class='ocrx_word' id='word_1_259' title='bbox 1603 2194 1895 2248; x_wconf 88' lang='lat' dir='ltr'><strong>temerario</strong></span> <span class='ocrx_word' id='word_1_260' title='bbox 1930 2209 2063 2249; x_wconf 90' lang='lat' dir='ltr'><strong>ausu</strong></span> <span class='ocrx_word' id='word_1_261' title='bbox 2100 2198 2165 2251; x_wconf 91' lang='lat' dir='ltr'><strong>ad</strong></span> <span class='ocrx_word' id='word_1_262' title='bbox 2198 2213 2293 2252; x_wconf 89' lang='lat' dir='ltr'><strong>sua</strong></span> 
     </span>
    </p>
   </div>
   <div class='ocr_carea' id='block_1_39' title="bbox 721 2277 2296 2355">
    <p class='ocr_par' dir='ltr' id='par_1_39' title="bbox 721 2277 2296 2355">
     <span class='ocr_line' id='line_1_39' title="bbox 721 2277 2296 2355; baseline 0.009 -25"><span class='ocrx_word' id='word_1_263' title='bbox 721 2277 924 2345; x_wconf 71' lang='lat' dir='ltr'><strong>placita</strong></span> <span class='ocrx_word' id='word_1_264' title='bbox 949 2289 1263 2348; x_wconf 83' lang='lat' dir='ltr'><strong>pervertere</strong></span> <span class='ocrx_word' id='word_1_265' title='bbox 1296 2283 1538 2339; x_wconf 86' lang='lat' dir='ltr'><strong>student.</strong></span> <span class='ocrx_word' id='word_1_266' title='bbox 1569 2283 1685 2338; x_wconf 91' lang='lat' dir='ltr'><strong>Non</strong></span> <span class='ocrx_word' id='word_1_267' title='bbox 1707 2284 1872 2355; x_wconf 79' lang='lat' dir='ltr'><strong>igitur</strong></span> <span class='ocrx_word' id='word_1_268' title='bbox 1897 2287 2137 2341; x_wconf 86' lang='lat' dir='ltr'><strong>carnalia</strong></span> <span class='ocrx_word' id='word_1_269' title='bbox 2170 2299 2296 2344; x_wconf 90' lang='lat' dir='ltr'><strong>sunt</strong></span> 
     </span>
    </p>
   </div>
   <div class='ocr_carea' id='block_1_40' title="bbox 722 2372 2293 2446">
    <p class='ocr_par' dir='ltr' id='par_1_40' title="bbox 722 2372 2293 2446">
     <span class='ocr_line' id='line_1_40' title="bbox 722 2372 2293 2446; baseline 0.008 -24"><span class='ocrx_word' id='word_1_270' title='bbox 722 2378 1034 2424; x_wconf 90' lang='lat' dir='ltr'><strong>sanctorum</strong></span> <span class='ocrx_word' id='word_1_271' title='bbox 1083 2386 1269 2439; x_wconf 87' lang='lat' dir='ltr'><strong>arma,</strong></span> <span class='ocrx_word' id='word_1_272' title='bbox 1321 2374 1414 2428; x_wconf 88' lang='lat' dir='ltr'><strong>sed</strong></span> <span class='ocrx_word' id='word_1_273' title='bbox 1458 2372 1511 2428; x_wconf 93' lang='lat' dir='ltr'><strong>in</strong></span> <span class='ocrx_word' id='word_1_274' title='bbox 1562 2375 1670 2431; x_wconf 88' lang='lat' dir='ltr'><strong>Deo</strong></span> <span class='ocrx_word' id='word_1_275' title='bbox 1723 2384 1777 2431; x_wconf 89' lang='lat' dir='ltr'><strong>et</strong></span> <span class='ocrx_word' id='word_1_276' title='bbox 1821 2391 1917 2446; x_wconf 92' lang='lat' dir='ltr'><strong>pro</strong></span> <span class='ocrx_word' id='word_1_277' title='bbox 1949 2377 2060 2432; x_wconf 89' lang='lat' dir='ltr'><strong>Deo</strong></span> <span class='ocrx_word' id='word_1_278' title='bbox 2094 2380 2293 2435; x_wconf 89' lang='lat' dir='ltr'><strong>valida.</strong></span> 
     </span>
    </p>
   </div>
   <div class='ocr_carea' id='block_1_41' title="bbox 724 2460 2295 2540">
    <p class='ocr_par' dir='ltr' id='par_1_41' title="bbox 724 2460 2295 2540">
     <span class='ocr_line' id='line_1_41' title="bbox 724 2460 2295 2540; baseline 0.009 -27"><span class='ocrx_word' id='word_1_279' title='bbox 724 2460 1100 2516; x_wconf 89' lang='lat' dir='ltr'><strong>Demoliuntur</strong></span> <span class='ocrx_word' id='word_1_280' title='bbox 1146 2464 1288 2517; x_wconf 91' lang='lat' dir='ltr'><strong>enim</strong></span> <span class='ocrx_word' id='word_1_281' title='bbox 1346 2465 1623 2520; x_wconf 87' lang='lat' dir='ltr'><strong>hominum</strong></span> <span class='ocrx_word' id='word_1_282' title='bbox 1674 2478 2002 2533; x_wconf 90' lang='lat' dir='ltr'><strong>commenta,</strong></span> <span class='ocrx_word' id='word_1_283' title='bbox 2059 2486 2180 2540; x_wconf 69' lang='lat' dir='ltr'><strong>quae</strong></span> <span class='ocrx_word' id='word_1_284' title='bbox 2237 2473 2295 2527; x_wconf 91' lang='lat' dir='ltr'><strong>in</strong></span> 
     </span>
    </p>
   </div>
   <div class='ocr_carea' id='block_1_42' title="bbox 724 2552 2296 2631">
    <p class='ocr_par' dir='ltr' id='par_1_42' title="bbox 724 2552 2296 2631">
     <span class='ocr_line' id='line_1_42' title="bbox 724 2552 2296 2631; baseline 0.008 -25"><span class='ocrx_word' id='word_1_285' title='bbox 724 2552 1015 2607; x_wconf 84' lang='lat' dir='ltr'><strong>absurdum</strong></span> <span class='ocrx_word' id='word_1_286' title='bbox 1041 2554 1276 2623; x_wconf 86' lang='lat' dir='ltr'><strong>aliquem</strong></span> <span class='ocrx_word' id='word_1_287' title='bbox 1306 2570 1525 2610; x_wconf 83' lang='lat' dir='ltr'><strong>sensum</strong></span> <span class='ocrx_word' id='word_1_288' title='bbox 1560 2559 1923 2625; x_wconf 87' lang='lat' dir='ltr'><strong>abstrahunt;</strong></span> <span class='ocrx_word' id='word_1_289' title='bbox 1972 2576 2146 2631; x_wconf 88' lang='lat' dir='ltr'><strong>neque</strong></span> <span class='ocrx_word' id='word_1_290' title='bbox 2190 2564 2296 2617; x_wconf 89' lang='lat' dir='ltr'><strong>mi-</strong></span> 
     </span>
    </p>
   </div>
   <div class='ocr_carea' id='block_1_43' title="bbox 722 2645 2294 2719">
    <p class='ocr_par' dir='ltr' id='par_1_43' title="bbox 722 2645 2294 2719">
     <span class='ocr_line' id='line_1_43' title="bbox 722 2645 2294 2719; baseline 0.005 -20"><span class='ocrx_word' id='word_1_291' title='bbox 722 2646 841 2699; x_wconf 91' lang='lat' dir='ltr'><strong>nori</strong></span> <span class='ocrx_word' id='word_1_292' title='bbox 874 2645 1053 2700; x_wconf 86' lang='lat' dir='ltr'><strong>stmlio</strong></span> <span class='ocrx_word' id='word_1_293' title='bbox 1090 2662 1152 2700; x_wconf 91' lang='lat' dir='ltr'><strong>ea</strong></span> <span class='ocrx_word' id='word_1_294' title='bbox 1188 2661 1219 2701; x_wconf 87' lang='lat' dir='ltr'><strong>e</strong></span> <span class='ocrx_word' id='word_1_295' title='bbox 1247 2647 1425 2701; x_wconf 88' lang='lat' dir='ltr'><strong>medio</strong></span> <span class='ocrx_word' id='word_1_296' title='bbox 1457 2648 1648 2702; x_wconf 89' lang='lat' dir='ltr'><strong>tollere</strong></span> <span class='ocrx_word' id='word_1_297' title='bbox 1687 2650 1953 2713; x_wconf 90' lang='lat' dir='ltr'><strong>nituntur,</strong></span> <span class='ocrx_word' id='word_1_298' title='bbox 1984 2666 2145 2719; x_wconf 88' lang='lat' dir='ltr'><strong>quam</strong></span> <span class='ocrx_word' id='word_1_299' title='bbox 2175 2654 2294 2706; x_wconf 82' lang='lat' dir='ltr'><strong>exi-</strong></span> 
     </span>
    </p>
   </div>
   <div class='ocr_carea' id='block_1_44' title="bbox 724 2736 2287 2811">
    <p class='ocr_par' dir='ltr' id='par_1_44' title="bbox 724 2736 2287 2811">
     <span class='ocr_line' id='line_1_44' title="bbox 724 2736 2287 2811; baseline 0.004 -22"><span class='ocrx_word' id='word_1_300' title='bbox 724 2736 881 2791; x_wconf 84' lang='lat' dir='ltr'><strong>tiales</strong></span> <span class='ocrx_word' id='word_1_301' title='bbox 917 2737 1175 2805; x_wconf 86' lang='lat' dir='ltr'><strong>quosdam</strong></span> <span class='ocrx_word' id='word_1_302' title='bbox 1207 2737 1492 2799; x_wconf 88' lang='lat' dir='ltr'><strong>barbaros,</strong></span> <span class='ocrx_word' id='word_1_303' title='bbox 1519 2740 1610 2807; x_wconf 89' lang='lat' dir='ltr'><strong>qui</strong></span> <span class='ocrx_word' id='word_1_304' title='bbox 1641 2742 1802 2809; x_wconf 71' lang='lat' dir='ltr'><strong>regiae</strong></span> <span class='ocrx_word' id='word_1_305' title='bbox 1835 2742 2107 2811; x_wconf 89' lang='lat' dir='ltr'><strong>majestati</strong></span> <span class='ocrx_word' id='word_1_306' title='bbox 2133 2758 2287 2811; x_wconf 89' lang='lat' dir='ltr'><strong>aper-</strong></span> 
     </span>
    </p>
   </div>
   <div class='ocr_carea' id='block_1_45' title="bbox 723 2828 2293 2902">
    <p class='ocr_par' dir='ltr' id='par_1_45' title="bbox 723 2828 2293 2902">
     <span class='ocr_line' id='line_1_45' title="bbox 723 2828 2293 2902; baseline 0.003 -19"><span class='ocrx_word' id='word_1_307' title='bbox 723 2838 837 2883; x_wconf 91' lang='lat' dir='ltr'><strong>tum</strong></span> <span class='ocrx_word' id='word_1_308' title='bbox 867 2828 1064 2884; x_wconf 90' lang='lat' dir='ltr'><strong>bellum</strong></span> <span class='ocrx_word' id='word_1_309' title='bbox 1099 2829 1364 2884; x_wconf 89' lang='lat' dir='ltr'><strong>indicunt.</strong></span> <span class='ocrx_word' id='word_1_310' title='bbox 1407 2830 1560 2896; x_wconf 87' lang='lat' dir='ltr'><strong>Quod</strong></span> <span class='ocrx_word' id='word_1_311' title='bbox 1590 2832 1635 2884; x_wconf 89' lang='lat' dir='ltr'><strong>si</strong></span> <span class='ocrx_word' id='word_1_312' title='bbox 1674 2834 1944 2902; x_wconf 87' lang='lat' dir='ltr'><strong>quispiam</strong></span> <span class='ocrx_word' id='word_1_313' title='bbox 1977 2848 2043 2888; x_wconf 83' lang='lat' dir='ltr'><strong>ex</strong></span> <span class='ocrx_word' id='word_1_314' title='bbox 2079 2833 2293 2888; x_wconf 86' lang='lat' dir='ltr'><strong>illorum</strong></span> 
     </span>
    </p>
   </div>
   <div class='ocr_carea' id='block_1_46' title="bbox 722 2923 2290 2995">
    <p class='ocr_par' dir='ltr' id='par_1_46' title="bbox 722 2923 2290 2995">
     <span class='ocr_line' id='line_1_46' title="bbox 722 2923 2290 2995; baseline 0.003 -20"><span class='ocrx_word' id='word_1_315' title='bbox 722 2937 907 2992; x_wconf 69' lang='lat' dir='ltr'><strong>grege,</strong></span> <span class='ocrx_word' id='word_1_316' title='bbox 957 2923 1050 2991; x_wconf 88' lang='lat' dir='ltr'><strong>qui</strong></span> <span class='ocrx_word' id='word_1_317' title='bbox 1088 2924 1428 2992; x_wconf 87' lang='lat' dir='ltr'><strong>iniquitatem</strong></span> <span class='ocrx_word' id='word_1_318' title='bbox 1470 2935 1660 2979; x_wconf 84' lang='lat' dir='ltr'><strong>eontra</strong></span> <span class='ocrx_word' id='word_1_319' title='bbox 1711 2927 1876 2981; x_wconf 89' lang='lat' dir='ltr'><strong>Deum</strong></span> <span class='ocrx_word' id='word_1_320' title='bbox 1914 2926 2055 2995; x_wconf 92' lang='lat' dir='ltr'><strong>loqui</strong></span> <span class='ocrx_word' id='word_1_321' title='bbox 2090 2928 2290 2992; x_wconf 83' lang='lat' dir='ltr'><strong>solent,</strong></span> 
     </span>
    </p>
   </div>
   <div class='ocr_carea' id='block_1_47' title="bbox 722 3014 2294 3082">
    <p class='ocr_par' dir='ltr' id='par_1_47' title="bbox 722 3014 2294 3082">
     <span class='ocr_line' id='line_1_47' title="bbox 722 3014 2294 3082; baseline 0.003 -13"><span class='ocrx_word' id='word_1_322' title='bbox 722 3029 926 3071; x_wconf 85' lang='lat' dir='ltr'><strong>cornua</strong></span> <span class='ocrx_word' id='word_1_323' title='bbox 971 3015 1021 3068; x_wconf 88' lang='lat' dir='ltr'><strong>in</strong></span> <span class='ocrx_word' id='word_1_324' title='bbox 1073 3014 1240 3072; x_wconf 86' lang='lat' dir='ltr'><strong>altum</strong></span> <span class='ocrx_word' id='word_1_325' title='bbox 1294 3017 1575 3071; x_wconf 87' lang='lat' dir='ltr'><strong>sustulerit</strong></span> <span class='ocrx_word' id='word_1_326' title='bbox 1603 3017 1669 3082; x_wconf 86' lang='grc'><strong>³⁷,</strong></span> <span class='ocrx_word' id='word_1_327' title='bbox 1710 3033 1834 3072; x_wconf 89' lang='lat' dir='ltr'><strong>eum</strong></span> <span class='ocrx_word' id='word_1_328' title='bbox 1869 3019 1957 3074; x_wconf 90' lang='lat' dir='ltr'><strong>ille</strong></span> <span class='ocrx_word' id='word_1_329' title='bbox 1984 3019 2150 3073; x_wconf 88' lang='lat' dir='ltr'><strong>veluti</strong></span> <span class='ocrx_word' id='word_1_330' title='bbox 2187 3035 2294 3073; x_wconf 72' lang='lat' dir='ltr'><strong>ca:-</strong></span> 
     </span>
    </p>
   </div>
   <div class='ocr_carea' id='block_1_48' title="bbox 721 3108 2296 3174">
    <p class='ocr_par' dir='ltr' id='par_1_48' title="bbox 721 3108 2296 3174">
     <span class='ocr_line' id='line_1_48' title="bbox 721 3108 2296 3174; baseline 0 -11"><span class='ocrx_word' id='word_1_331' title='bbox 721 3109 914 3163; x_wconf 89' lang='lat' dir='ltr'><strong>dentes</strong></span> <span class='ocrx_word' id='word_1_332' title='bbox 938 3117 1097 3161; x_wconf 65' lang='lat' dir='ltr'><strong>rectae</strong></span> <span class='ocrx_word' id='word_1_333' title='bbox 1124 3108 1248 3161; x_wconf 90' lang='lat' dir='ltr'><strong>iidei</strong></span> <span class='ocrx_word' id='word_1_334' title='bbox 1277 3110 1582 3174; x_wconf 88' lang='lat' dir='ltr'><strong>sententiis,</strong></span> <span class='ocrx_word' id='word_1_335' title='bbox 1625 3117 1889 3164; x_wconf 89' lang='lat' dir='ltr'><strong>retortum</strong></span> <span class='ocrx_word' id='word_1_336' title='bbox 1937 3112 2003 3165; x_wconf 91' lang='lat' dir='ltr'><strong>ad</strong></span> <span class='ocrx_word' id='word_1_337' title='bbox 2046 3110 2296 3164; x_wconf 72' lang='lat' dir='ltr'><strong>veritatis</strong></span> 
     </span>
    </p>
   </div>
   <div class='ocr_carea' id='block_1_49' title="bbox 722 3199 2365 3283">
    <p class='ocr_par' dir='ltr' id='par_1_49' title="bbox 722 3199 2365 3283">
     <span class='ocr_line' id='line_1_49' title="bbox 722 3199 2365 3283; baseline -0.001 -28"><span class='ocrx_word' id='word_1_338' title='bbox 722 3200 1022 3255; x_wconf 89' lang='lat' dir='ltr'><strong>doctrinam</strong></span> <span class='ocrx_word' id='word_1_339' title='bbox 1057 3214 1181 3255; x_wconf 83' lang='lat' dir='ltr'><strong>mox</strong></span> <span class='ocrx_word' id='word_1_340' title='bbox 1220 3199 1527 3253; x_wconf 86' lang='lat' dir='ltr'><strong>traducunt.</strong></span> <span class='ocrx_word' id='word_1_341' title='bbox 1572 3199 1720 3269; x_wconf 89' lang='lat' dir='ltr'><strong>Opus</strong></span> <span class='ocrx_word' id='word_1_342' title='bbox 1750 3202 1934 3271; x_wconf 89' lang='lat' dir='ltr'><strong>itaque</strong></span> <span class='ocrx_word' id='word_1_343' title='bbox 1977 3212 2292 3256; x_wconf 90' lang='lat' dir='ltr'><strong>sanctorum</strong></span> <span class='ocrx_word' id='word_1_344' title='bbox 2324 3226 2365 3283; x_wconf 72' lang='grc' dir='ltr'>ο</span> 
     </span>
    </p>
   </div>
   <div class='ocr_carea' id='block_1_50' title="bbox 722 3290 2293 3359">
    <p class='ocr_par' dir='ltr' id='par_1_50' title="bbox 722 3290 2293 3359">
     <span class='ocr_line' id='line_1_50' title="bbox 722 3290 2293 3359; baseline -0.001 -16"><span class='ocrx_word' id='word_1_345' title='bbox 722 3290 991 3345; x_wconf 89' lang='lat' dir='ltr'><strong>industria</strong></span> <span class='ocrx_word' id='word_1_346' title='bbox 1026 3304 1152 3343; x_wconf 86' lang='lat' dir='ltr'><strong>vere</strong></span> <span class='ocrx_word' id='word_1_347' title='bbox 1184 3290 1427 3358; x_wconf 75' lang='lat' dir='ltr'><strong>dignum,</strong></span> <span class='ocrx_word' id='word_1_348' title='bbox 1461 3290 1678 3359; x_wconf 86' lang='lat' dir='ltr'><strong>Deoque</strong></span> <span class='ocrx_word' id='word_1_349' title='bbox 1708 3304 1830 3342; x_wconf 92' lang='lat' dir='ltr'><strong>cum</strong></span> <span class='ocrx_word' id='word_1_350' title='bbox 1863 3290 2053 3358; x_wconf 83' lang='lat' dir='ltr'><strong>primis</strong></span> <span class='ocrx_word' id='word_1_351' title='bbox 2083 3298 2293 3358; x_wconf 88' lang='lat' dir='ltr'><strong>gratum</strong></span> 
     </span>
    </p>
   </div>
   <div class='ocr_carea' id='block_1_51' title="bbox 721 3379 2282 3448">
    <p class='ocr_par' dir='ltr' id='par_1_51' title="bbox 721 3379 2282 3448">
     <span class='ocr_line' id='line_1_51' title="bbox 721 3379 2282 3448; baseline -0.001 -14"><span class='ocrx_word' id='word_1_352' title='bbox 721 3379 907 3440; x_wconf 78' lang='lat' dir='ltr'><strong>fuerit,</strong></span> <span class='ocrx_word' id='word_1_353' title='bbox 950 3395 1013 3433; x_wconf 88' lang='lat' dir='ltr'><strong>ea</strong></span> <span class='ocrx_word' id='word_1_354' title='bbox 1059 3379 1125 3433; x_wconf 84' lang='lat' dir='ltr'><strong>ad</strong></span> <span class='ocrx_word' id='word_1_355' title='bbox 1163 3379 1584 3448; x_wconf 88' lang='lat' dir='ltr'><strong>dispensationis</strong></span> <span class='ocrx_word' id='word_1_356' title='bbox 1629 3394 1750 3432; x_wconf 87' lang='lat' dir='ltr'><strong>cum</strong></span> <span class='ocrx_word' id='word_1_357' title='bbox 1803 3394 1968 3432; x_wconf 89' lang='lat' dir='ltr'><strong>carne</strong></span> <span class='ocrx_word' id='word_1_358' title='bbox 2015 3380 2282 3434; x_wconf 88' lang='lat' dir='ltr'><strong>rationem</strong></span> 
     </span>
    </p>
   </div>
   <div class='ocr_carea' id='block_1_52' title="bbox 724 3468 2297 3538">
    <p class='ocr_par' dir='ltr' id='par_1_52' title="bbox 724 3468 2297 3538">
     <span class='ocr_line' id='line_1_52' title="bbox 724 3468 2297 3538; baseline -0.001 -13"><span class='ocrx_word' id='word_1_359' title='bbox 724 3472 1045 3534; x_wconf 75' lang='lat' dir='ltr'><strong>transferre,</strong></span> <span class='ocrx_word' id='word_1_360' title='bbox 1094 3484 1213 3538; x_wconf 70' lang='lat' dir='ltr'><strong>qua:</strong></span> <span class='ocrx_word' id='word_1_361' title='bbox 1253 3484 1374 3522; x_wconf 80' lang='lat' dir='ltr'><strong>cum</strong></span> <span class='ocrx_word' id='word_1_362' title='bbox 1420 3468 1620 3523; x_wconf 83' lang='lat' dir='ltr'><strong>Christi</strong></span> <span class='ocrx_word' id='word_1_363' title='bbox 1658 3469 1825 3536; x_wconf 80' lang='lat' dir='ltr'><strong>gloria</strong></span> <span class='ocrx_word' id='word_1_364' title='bbox 1857 3485 1961 3523; x_wconf 92' lang='lat' dir='ltr'><strong>non</strong></span> <span class='ocrx_word' id='word_1_365' title='bbox 2000 3472 2132 3525; x_wconf 90' lang='lat' dir='ltr'><strong>satis</strong></span> <span class='ocrx_word' id='word_1_366' title='bbox 2166 3486 2297 3524; x_wconf 90' lang='lat' dir='ltr'><strong>cou—</strong></span> 
     </span>
    </p>
   </div>
   <div class='ocr_carea' id='block_1_53' title="bbox 721 3555 2293 3625">
    <p class='ocr_par' dir='ltr' id='par_1_53' title="bbox 721 3555 2293 3625">
     <span class='ocr_line' id='line_1_53' title="bbox 721 3555 2293 3625; baseline 0.001 -12"><span class='ocrx_word' id='word_1_367' title='bbox 721 3558 908 3613; x_wconf 82' lang='lat' dir='ltr'><strong>venire</strong></span> <span class='ocrx_word' id='word_1_368' title='bbox 947 3558 1219 3612; x_wconf 90' lang='lat' dir='ltr'><strong>videntur.</strong></span> <span class='ocrx_word' id='word_1_369' title='bbox 1265 3555 1403 3611; x_wconf 83' lang='lat' dir='ltr'><strong>Nam</strong></span> <span class='ocrx_word' id='word_1_370' title='bbox 1447 3572 1568 3611; x_wconf 91' lang='lat' dir='ltr'><strong>cum</strong></span> <span class='ocrx_word' id='word_1_371' title='bbox 1601 3556 1839 3613; x_wconf 85' lang='lat' dir='ltr'><strong>Verbum</strong></span> <span class='ocrx_word' id='word_1_372' title='bbox 1875 3560 2014 3614; x_wconf 90' lang='lat' dir='ltr'><strong>Deus</strong></span> <span class='ocrx_word' id='word_1_373' title='bbox 2047 3570 2212 3625; x_wconf 78' lang='lat' dir='ltr'><strong>esset,</strong></span> <span class='ocrx_word' id='word_1_374' title='bbox 2241 3570 2293 3616; x_wconf 89' lang='lat' dir='ltr'><strong>et</strong></span> 
     </span>
    </p>
   </div>
   <div class='ocr_carea' id='block_1_54' title="bbox 721 3647 2291 3721">
    <p class='ocr_par' dir='ltr' id='par_1_54' title="bbox 721 3647 2291 3721">
     <span class='ocr_line' id='line_1_54' title="bbox 721 3647 2291 3721; baseline 0.001 -18"><span class='ocrx_word' id='word_1_375' title='bbox 721 3650 775 3703; x_wconf 87' lang='lat' dir='ltr'><strong>in</strong></span> <span class='ocrx_word' id='word_1_376' title='bbox 798 3659 1023 3717; x_wconf 83' lang='lat' dir='ltr'><strong>paterna</strong></span> <span class='ocrx_word' id='word_1_377' title='bbox 1052 3648 1222 3702; x_wconf 87' lang='lat' dir='ltr'><strong>l&#39;orma</strong></span> <span class='ocrx_word' id='word_1_378' title='bbox 1276 3657 1331 3701; x_wconf 90' lang='lat' dir='ltr'><strong>et</strong></span> <span class='ocrx_word' id='word_1_379' title='bbox 1367 3647 1679 3715; x_wconf 66' lang='lat' dir='ltr'><strong>aequalitate</strong></span> <span class='ocrx_word' id='word_1_380' title='bbox 1729 3649 2036 3714; x_wconf 68' lang='lat' dir='ltr'><strong>exsisteret,</strong></span> <span class='ocrx_word' id='word_1_381' title='bbox 2057 3651 2291 3721; x_wconf 90' lang='lat' dir='ltr'><strong>seipsum</strong></span> 
     </span>
    </p>
   </div>
   <div class='ocr_carea' id='block_1_55' title="bbox 721 3738 2295 3809">
    <p class='ocr_par' dir='ltr' id='par_1_55' title="bbox 721 3738 2295 3809">
     <span class='ocr_line' id='line_1_55' title="bbox 721 3738 2295 3809; baseline 0.004 -18"><span class='ocrx_word' id='word_1_382' title='bbox 721 3739 788 3792; x_wconf 87' lang='lat' dir='ltr'><strong>ad</strong></span> <span class='ocrx_word' id='word_1_383' title='bbox 818 3738 1243 3793; x_wconf 77' lang='lat' dir='ltr'><strong>exinanitioneni</strong></span> <span class='ocrx_word' id='word_1_384' title='bbox 1274 3739 1507 3804; x_wconf 84' lang='lat' dir='ltr'><strong>demisit,</strong></span> <span class='ocrx_word' id='word_1_385' title='bbox 1530 3748 1581 3792; x_wconf 92' lang='lat' dir='ltr'><strong>et</strong></span> <span class='ocrx_word' id='word_1_386' title='bbox 1611 3740 1676 3791; x_wconf 79' lang='lat' dir='ltr'><strong>ad</strong></span> <span class='ocrx_word' id='word_1_387' title='bbox 1709 3748 1934 3792; x_wconf 88' lang='lat' dir='ltr'><strong>mortem</strong></span> <span class='ocrx_word' id='word_1_388' title='bbox 1966 3754 2138 3809; x_wconf 87' lang='lat' dir='ltr'><strong>usque</strong></span> <span class='ocrx_word' id='word_1_389' title='bbox 2158 3741 2295 3797; x_wconf 87' lang='lat' dir='ltr'><strong>obe-</strong></span> 
     </span>
    </p>
   </div>
   <div class='ocr_carea' id='block_1_56' title="bbox 720 3829 2292 3899">
    <p class='ocr_par' dir='ltr' id='par_1_56' title="bbox 720 3829 2292 3899">
     <span class='ocr_line' id='line_1_56' title="bbox 720 3829 2292 3899; baseline -0.001 -13"><span class='ocrx_word' id='word_1_390' title='bbox 720 3831 978 3886; x_wconf 83' lang='lat' dir='ltr'><strong>dientiam</strong></span> <span class='ocrx_word' id='word_1_391' title='bbox 1033 3829 1375 3899; x_wconf 64' lang='lat' dir='ltr'><strong>prmstitit”.</strong></span> <span class='ocrx_word' id='word_1_392' title='bbox 1403 3829 1629 3883; x_wconf 86' lang='lat' dir='ltr'><strong>Omnem</strong></span> <span class='ocrx_word' id='word_1_393' title='bbox 1679 3831 1907 3898; x_wconf 88' lang='lat' dir='ltr'><strong>proinde</strong></span> <span class='ocrx_word' id='word_1_394' title='bbox 1965 3832 2292 3885; x_wconf 83' lang='lat' dir='ltr'><strong>contrarium</strong></span> 
     </span>
    </p>
   </div>
   <div class='ocr_carea' id='block_1_57' title="bbox 722 3922 2292 3992">
    <p class='ocr_par' dir='ltr' id='par_1_57' title="bbox 722 3922 2292 3992">
     <span class='ocr_line' id='line_1_57' title="bbox 722 3922 2292 3992; baseline -0.001 -15"><span class='ocrx_word' id='word_1_395' title='bbox 722 3922 1053 3977; x_wconf 89' lang='lat' dir='ltr'><strong>intellectum</strong></span> <span class='ocrx_word' id='word_1_396' title='bbox 1106 3924 1388 3975; x_wconf 85' lang='lat' dir='ltr'><strong>commode</strong></span> <span class='ocrx_word' id='word_1_397' title='bbox 1431 3930 1695 3985; x_wconf 81' lang='lat' dir='ltr'><strong>evertere,</strong></span> <span class='ocrx_word' id='word_1_398' title='bbox 1735 3932 1790 3976; x_wconf 88' lang='lat' dir='ltr'><strong>et</strong></span> <span class='ocrx_word' id='word_1_399' title='bbox 1825 3923 1976 3992; x_wconf 86' lang='lat' dir='ltr'><strong>quasi</strong></span> <span class='ocrx_word' id='word_1_400' title='bbox 2025 3924 2292 3991; x_wconf 85' lang='lat' dir='ltr'><strong>captivum</strong></span> 
     </span>
    </p>
   </div>
   <div class='ocr_carea' id='block_1_58' title="bbox 722 4013 2294 4083">
    <p class='ocr_par' dir='ltr' id='par_1_58' title="bbox 722 4013 2294 4083">
     <span class='ocr_line' id='line_1_58' title="bbox 722 4013 2294 4083; baseline 0.001 -14"><span class='ocrx_word' id='word_1_401' title='bbox 722 4017 774 4069; x_wconf 90' lang='lat' dir='ltr'><strong>in</strong></span> <span class='ocrx_word' id='word_1_402' title='bbox 829 4013 1028 4069; x_wconf 86' lang='lat' dir='ltr'><strong>Christi</strong></span> <span class='ocrx_word' id='word_1_403' title='bbox 1089 4014 1452 4069; x_wconf 82' lang='lat' dir='ltr'><strong>obedientiam</strong></span> <span class='ocrx_word' id='word_1_404' title='bbox 1507 4014 1721 4069; x_wconf 83' lang='lat' dir='ltr'><strong>trahere</strong></span> <span class='ocrx_word' id='word_1_405' title='bbox 1763 4025 1993 4083; x_wconf 86' lang='lat' dir='ltr'><strong>oportet.</strong></span> <span class='ocrx_word' id='word_1_406' title='bbox 2044 4014 2194 4081; x_wconf 86' lang='lat' dir='ltr'><strong>Quod</strong></span> <span class='ocrx_word' id='word_1_407' title='bbox 2250 4016 2294 4072; x_wconf 90' lang='lat' dir='ltr'><strong>si</strong></span> 
     </span>
    </p>
   </div>
   <div class='ocr_carea' id='block_1_59' title="bbox 718 4104 2297 4176">
    <p class='ocr_par' dir='ltr' id='par_1_59' title="bbox 718 4104 2297 4176">
     <span class='ocr_line' id='line_1_59' title="bbox 718 4104 2297 4176; baseline 0.001 -15"><span class='ocrx_word' id='word_1_408' title='bbox 718 4105 924 4176; x_wconf 89' lang='lat' dir='ltr'><strong>aliquid</strong></span> <span class='ocrx_word' id='word_1_409' title='bbox 979 4106 1267 4162; x_wconf 86' lang='lat' dir='ltr'><strong>humanam</strong></span> <span class='ocrx_word' id='word_1_410' title='bbox 1308 4104 1674 4159; x_wconf 74' lang='lat' dir='ltr'><strong>infirmitatem</strong></span> <span class='ocrx_word' id='word_1_411' title='bbox 1704 4108 1923 4176; x_wconf 91' lang='lat' dir='ltr'><strong>sapiens</strong></span> <span class='ocrx_word' id='word_1_412' title='bbox 1954 4108 2017 4160; x_wconf 91' lang='lat' dir='ltr'><strong>de</strong></span> <span class='ocrx_word' id='word_1_413' title='bbox 2050 4123 2114 4163; x_wconf 89' lang='lat' dir='ltr'><strong>eo</strong></span> <span class='ocrx_word' id='word_1_414' title='bbox 2150 4111 2297 4163; x_wconf 85' lang='lat' dir='ltr'><strong>dica-</strong></span> 
     </span>
    </p>
   </div>
   <div class='ocr_carea' id='block_1_60' title="bbox 722 4196 2293 4262">
    <p class='ocr_par' dir='ltr' id='par_1_60' title="bbox 722 4196 2293 4262">
     <span class='ocr_line' id='line_1_60' title="bbox 722 4196 2293 4262; baseline 0.004 -13"><span class='ocrx_word' id='word_1_415' title='bbox 722 4210 842 4262; x_wconf 84' lang='lat' dir='ltr'><strong>tur,</strong></span> <span class='ocrx_word' id='word_1_416' title='bbox 892 4197 944 4251; x_wconf 88' lang='lat' dir='ltr'><strong>id</strong></span> <span class='ocrx_word' id='word_1_417' title='bbox 983 4196 1141 4250; x_wconf 79' lang='lat' dir='ltr'><strong>Verbi</strong></span> <span class='ocrx_word' id='word_1_418' title='bbox 1192 4208 1419 4260; x_wconf 80' lang='lat' dir='ltr'><strong>naturae,</strong></span> <span class='ocrx_word' id='word_1_419' title='bbox 1468 4198 1510 4250; x_wconf 87' lang='lat' dir='ltr'><strong>si</strong></span> <span class='ocrx_word' id='word_1_420' title='bbox 1538 4198 1809 4252; x_wconf 88' lang='lat' dir='ltr'><strong>hominem</strong></span> <span class='ocrx_word' id='word_1_421' title='bbox 1862 4200 2029 4252; x_wconf 87' lang='lat' dir='ltr'><strong>nostri</strong></span> <span class='ocrx_word' id='word_1_422' title='bbox 2065 4203 2293 4257; x_wconf 85' lang='lat' dir='ltr'><strong>similem</strong></span> 
     </span>
    </p>
   </div>
   <div class='ocr_carea' id='block_1_61' title="bbox 719 4286 2293 4359">
    <p class='ocr_par' dir='ltr' id='par_1_61' title="bbox 719 4286 2293 4359">
     <span class='ocr_line' id='line_1_61' title="bbox 719 4286 2293 4359; baseline 0.003 -20"><span class='ocrx_word' id='word_1_423' title='bbox 719 4288 923 4340; x_wconf 82' lang='lat' dir='ltr'><strong>factum</strong></span> <span class='ocrx_word' id='word_1_424' title='bbox 958 4286 1265 4347; x_wconf 78' lang='lat' dir='ltr'><strong>credamus,</strong></span> <span class='ocrx_word' id='word_1_425' title='bbox 1310 4286 1508 4338; x_wconf 87' lang='lat' dir='ltr'><strong>nullam</strong></span> <span class='ocrx_word' id='word_1_426' title='bbox 1548 4287 1771 4341; x_wconf 90' lang='lat' dir='ltr'><strong>omnino</strong></span> <span class='ocrx_word' id='word_1_427' title='bbox 1812 4297 1995 4342; x_wconf 90' lang='lat' dir='ltr'><strong>notam</strong></span> <span class='ocrx_word' id='word_1_428' title='bbox 2023 4301 2293 4359; x_wconf 83' lang='lat' dir='ltr'><strong>asperget.</strong></span> 
     </span>
    </p>
   </div>
   <div class='ocr_carea' id='block_1_62' title="bbox 720 4376 2297 4447">
    <p class='ocr_par' dir='ltr' id='par_1_62' title="bbox 720 4376 2297 4447">
     <span class='ocr_line' id='line_1_62' title="bbox 720 4376 2297 4447; baseline 0.003 -15"><span class='ocrx_word' id='word_1_429' title='bbox 720 4377 932 4432; x_wconf 87' lang='lat' dir='ltr'><strong>Etenim</strong></span> <span class='ocrx_word' id='word_1_430' title='bbox 970 4376 1093 4433; x_wconf 87' lang='lat' dir='ltr'><strong>licet</strong></span> <span class='ocrx_word' id='word_1_431' title='bbox 1130 4376 1418 4430; x_wconf 80' lang='lat' dir='ltr'><strong>humanam</strong></span> <span class='ocrx_word' id='word_1_432' title='bbox 1467 4386 1716 4430; x_wconf 86' lang='lat' dir='ltr'><strong>naturam</strong></span> <span class='ocrx_word' id='word_1_433' title='bbox 1745 4381 2121 4447; x_wconf 86' lang='lat' dir='ltr'><strong>assumpserit,</strong></span> <span class='ocrx_word' id='word_1_434' title='bbox 2148 4391 2201 4435; x_wconf 91' lang='lat' dir='ltr'><strong>et</strong></span> <span class='ocrx_word' id='word_1_435' title='bbox 2232 4384 2297 4437; x_wconf 90' lang='lat' dir='ltr'><strong>ad</strong></span> 
     </span>
    </p>
   </div>
   <div class='ocr_carea' id='block_1_63' title="bbox 2398 2000 3991 2077">
    <p class='ocr_par' dir='ltr' id='par_1_63' title="bbox 2398 2000 3991 2077">
     <span class='ocr_line' id='line_1_63' title="bbox 2398 2000 3991 2077; baseline 0.003 -25"><span class='ocrx_word' id='word_1_436' title='bbox 2398 2000 2643 2071; x_wconf 82' lang='grc' dir='ltr'>ματικῶς</span> <span class='ocrx_word' id='word_1_437' title='bbox 2673 2003 3133 2076; x_wconf 85' lang='grc' dir='ltr'>ἀντανιστάμενοί</span> <span class='ocrx_word' id='word_1_438' title='bbox 3167 2020 3227 2057; x_wconf 85' lang='grc' dir='ltr'><strong>τε</strong></span> <span class='ocrx_word' id='word_1_439' title='bbox 3265 2007 3360 2058; x_wconf 69' lang='grc' dir='ltr'>καὶ</span> <span class='ocrx_word' id='word_1_440' title='bbox 3394 2007 3541 2077; x_wconf 72' lang='grc' dir='ltr'>μάλα</span> <span class='ocrx_word' id='word_1_441' title='bbox 3570 2004 3859 2066; x_wconf 78' lang='grc' dir='ltr'>νεανικῶς</span> <span class='ocrx_word' id='word_1_442' title='bbox 3884 2006 3991 2064; x_wconf 72' lang='grc' dir='ltr'>τοῖς</span> 
     </span>
    </p>
   </div>
   <div class='ocr_carea' id='block_1_64' title="bbox 2395 2093 3989 2169">
    <p class='ocr_par' dir='ltr' id='par_1_64' title="bbox 2395 2093 3989 2169">
     <span class='ocr_line' id='line_1_64' title="bbox 2395 2093 3989 2169; baseline 0.002 -23"><span class='ocrx_word' id='word_1_443' title='bbox 2395 2093 2638 2148; x_wconf 66' lang='grc' dir='ltr'>ἐθέλουσι</span> <span class='ocrx_word' id='word_1_444' title='bbox 2666 2098 3110 2169; x_wconf 86' lang='grc' dir='ltr'>παρασημαίνειν</span> <span class='ocrx_word' id='word_1_445' title='bbox 3130 2097 3323 2167; x_wconf 78' lang='grc' dir='ltr'>αὐτὴν,</span> <span class='ocrx_word' id='word_1_446' title='bbox 3349 2100 3442 2153; x_wconf 70' lang='grc' dir='ltr'>καὶ</span> <span class='ocrx_word' id='word_1_447' title='bbox 3460 2099 3568 2151; x_wconf 82' lang='grc' dir='ltr'>τῶν</span> <span class='ocrx_word' id='word_1_448' title='bbox 3598 2098 3767 2151; x_wconf 87' lang='grc' dir='ltr'>θείων</span> <span class='ocrx_word' id='word_1_449' title='bbox 3786 2094 3989 2163; x_wconf 65' lang='grc' dir='ltr'>δογμάν</span> 
     </span>
    </p>
   </div>
   <div class='ocr_carea' id='block_1_65' title="bbox 2393 2186 3988 2261">
    <p class='ocr_par' dir='ltr' id='par_1_65' title="bbox 2393 2186 3988 2261">
     <span class='ocr_line' id='line_1_65' title="bbox 2393 2186 3988 2261; baseline -0.001 -21"><span class='ocrx_word' id='word_1_450' title='bbox 2393 2203 2500 2240; x_wconf 87' lang='grc' dir='ltr'><strong>των</strong></span> <span class='ocrx_word' id='word_1_451' title='bbox 2534 2186 2631 2257; x_wconf 83' lang='grc' dir='ltr'>τὴν</span> <span class='ocrx_word' id='word_1_452' title='bbox 2666 2187 2934 2260; x_wconf 78' lang='grc' dir='ltr'>ὀρθότητα</span> <span class='ocrx_word' id='word_1_453' title='bbox 2973 2188 3416 2261; x_wconf 78' lang='grc' dir='ltr'>παρατρέπουσιν</span> <span class='ocrx_word' id='word_1_454' title='bbox 3453 2189 3546 2242; x_wconf 79' lang='grc' dir='ltr'>ὲπί</span> <span class='ocrx_word' id='word_1_455' title='bbox 3599 2205 3667 2257; x_wconf 90' lang='grc' dir='ltr'><strong>γε</strong></span> <span class='ocrx_word' id='word_1_456' title='bbox 3711 2187 3774 2240; x_wconf 80' lang='grc' dir='ltr'>τὸ</span> <span class='ocrx_word' id='word_1_457' title='bbox 3806 2186 3988 2247; x_wconf 73' lang='grc' dir='ltr'>αὐτοῖς</span> 
     </span>
    </p>
   </div>
   <div class='ocr_carea' id='block_1_66' title="bbox 2394 2276 3985 2352">
    <p class='ocr_par' dir='ltr' id='par_1_66' title="bbox 2394 2276 3985 2352">
     <span class='ocr_line' id='line_1_66' title="bbox 2394 2276 3985 2352; baseline -0.004 -18"><span class='ocrx_word' id='word_1_458' title='bbox 2394 2279 2816 2350; x_wconf 80' lang='grc' dir='ltr'>ἀπερισκέπτως</span> <span class='ocrx_word' id='word_1_459' title='bbox 2864 2280 3072 2338; x_wconf 85' lang='grc' dir='ltr'>δοκοῦν.</span> <span class='ocrx_word' id='word_1_460' title='bbox 3127 2280 3199 2333; x_wconf 80' lang='grc' dir='ltr'><strong>Οὐ</strong></span> <span class='ocrx_word' id='word_1_461' title='bbox 3239 2279 3348 2351; x_wconf 79' lang='grc' dir='ltr'><strong>γὰρ</strong></span> <span class='ocrx_word' id='word_1_462' title='bbox 3392 2279 3637 2352; x_wconf 84' lang='grc' dir='ltr'>σαρκικὰ</span> <span class='ocrx_word' id='word_1_463' title='bbox 3691 2276 3985 2348; x_wconf 69' lang='grc' dir='ltr'>τοιγαροῦν</span> 
     </span>
    </p>
   </div>
   <div class='ocr_carea' id='block_1_67' title="bbox 2394 2367 3985 2442">
    <p class='ocr_par' dir='ltr' id='par_1_67' title="bbox 2394 2367 3985 2442">
     <span class='ocr_line' id='line_1_67' title="bbox 2394 2367 3985 2442; baseline -0.003 -17"><span class='ocrx_word' id='word_1_464' title='bbox 2394 2370 2502 2425; x_wconf 84' lang='grc' dir='ltr'>τῶν</span> <span class='ocrx_word' id='word_1_465' title='bbox 2532 2370 2703 2438; x_wconf 83' lang='grc' dir='ltr'>ἁγίων</span> <span class='ocrx_word' id='word_1_466' title='bbox 2725 2372 2797 2426; x_wconf 87' lang='grc' dir='ltr'>τὰ</span> <span class='ocrx_word' id='word_1_467' title='bbox 2827 2372 2987 2438; x_wconf 82' lang='grc' dir='ltr'>ὅπλα,</span> <span class='ocrx_word' id='word_1_468' title='bbox 3013 2372 3214 2425; x_wconf 84' lang='grc' dir='ltr'>δυνατὰ</span> <span class='ocrx_word' id='word_1_469' title='bbox 3238 2370 3296 2423; x_wconf 73' lang='grc' dir='ltr'><strong>δδ</strong></span> <span class='ocrx_word' id='word_1_470' title='bbox 3328 2370 3529 2441; x_wconf 79' lang='grc' dir='ltr'>μᾶλλον</span> <span class='ocrx_word' id='word_1_471' title='bbox 3554 2372 3635 2442; x_wconf 81' lang='grc' dir='ltr'><strong>τῷ</strong></span> <span class='ocrx_word' id='word_1_472' title='bbox 3656 2372 3807 2441; x_wconf 81' lang='grc' dir='ltr'>Θεῷ.</span> <span class='ocrx_word' id='word_1_473' title='bbox 3840 2367 3985 2422; x_wconf 61' lang='lat' dir='ltr'><strong>K18-</strong></span> 
     </span>
    </p>
   </div>
   <div class='ocr_carea' id='block_1_68' title="bbox 2396 2462 3985 2535">
    <p class='ocr_par' dir='ltr' id='par_1_68' title="bbox 2396 2462 3985 2535">
     <span class='ocr_line' id='line_1_68' title="bbox 2396 2462 3985 2535; baseline 0.001 -18"><span class='ocrx_word' id='word_1_474' title='bbox 2396 2462 2611 2535; x_wconf 81' lang='grc' dir='ltr'>αιροῦσι</span> <span class='ocrx_word' id='word_1_475' title='bbox 2660 2462 2769 2535; x_wconf 82' lang='grc' dir='ltr'><strong>γὰρ</strong></span> <span class='ocrx_word' id='word_1_476' title='bbox 2824 2465 3122 2535; x_wconf 83' lang='grc' dir='ltr'>λογισμοὺς</span> <span class='ocrx_word' id='word_1_477' title='bbox 3184 2464 3313 2527; x_wconf 81' lang='grc' dir='ltr'>τοὺς</span> <span class='ocrx_word' id='word_1_478' title='bbox 3357 2464 3437 2526; x_wconf 90' lang='grc' dir='ltr'><strong>είς</strong></span> <span class='ocrx_word' id='word_1_479' title='bbox 3502 2464 3781 2526; x_wconf 71' lang='grc' dir='ltr'>ἐκτύπους</span> <span class='ocrx_word' id='word_1_480' title='bbox 3842 2463 3985 2532; x_wconf 73' lang='grc' dir='ltr'>ἡμᾶς</span> 
     </span>
    </p>
   </div>
   <div class='ocr_carea' id='block_1_69' title="bbox 2397 2549 3984 2627">
    <p class='ocr_par' dir='ltr' id='par_1_69' title="bbox 2397 2549 3984 2627">
     <span class='ocr_line' id='line_1_69' title="bbox 2397 2549 3984 2627; baseline -0.003 -17"><span class='ocrx_word' id='word_1_481' title='bbox 2397 2558 2603 2619; x_wconf 79' lang='grc' dir='ltr'>ἑννοίας</span> <span class='ocrx_word' id='word_1_482' title='bbox 2632 2556 3091 2627; x_wconf 76' lang='grc' dir='ltr'>ἀποκομίζοντας.</span> <span class='ocrx_word' id='word_1_483' title='bbox 3127 2555 3239 2609; x_wconf 75' lang='grc' dir='ltr'><strong>Καὶ</strong></span> <span class='ocrx_word' id='word_1_484' title='bbox 3259 2549 3348 2609; x_wconf 74' lang='grc' dir='ltr'><strong>οἷά</strong></span> <span class='ocrx_word' id='word_1_485' title='bbox 3366 2571 3523 2619; x_wconf 81' lang='grc' dir='ltr'>τινας</span> <span class='ocrx_word' id='word_1_486' title='bbox 3549 2554 3661 2609; x_wconf 82' lang='grc' dir='ltr'><strong>τῶν</strong></span> <span class='ocrx_word' id='word_1_487' title='bbox 3684 2553 3984 2624; x_wconf 72' lang='grc' dir='ltr'>ἀλιτηρίων</span> 
     </span>
    </p>
   </div>
   <div class='ocr_carea' id='block_1_70' title="bbox 2400 2646 3981 2720">
    <p class='ocr_par' dir='ltr' id='par_1_70' title="bbox 2400 2646 3981 2720">
     <span class='ocr_line' id='line_1_70' title="bbox 2400 2646 3981 2720; baseline -0.003 -18"><span class='ocrx_word' id='word_1_488' title='bbox 2400 2648 2713 2720; x_wconf 75' lang='grc' dir='ltr'>βαρϐάρων,</span> <span class='ocrx_word' id='word_1_489' title='bbox 2744 2652 2811 2719; x_wconf 79' lang='grc' dir='ltr'>τῇ</span> <span class='ocrx_word' id='word_1_490' title='bbox 2842 2648 3105 2718; x_wconf 84' lang='grc' dir='ltr'>βασιλέως</span> <span class='ocrx_word' id='word_1_491' title='bbox 3136 2646 3264 2720; x_wconf 77' lang='grc' dir='ltr'>δόξῃ</span> <span class='ocrx_word' id='word_1_492' title='bbox 3286 2648 3613 2717; x_wconf 83' lang='grc' dir='ltr'>φιλονεικεῖν</span> <span class='ocrx_word' id='word_1_493' title='bbox 3646 2647 3981 2714; x_wconf 74' lang='grc' dir='ltr'>ἐγνωκότας,</span> 
     </span>
    </p>
   </div>
   <div class='ocr_carea' id='block_1_71' title="bbox 2398 2736 3984 2810">
    <p class='ocr_par' dir='ltr' id='par_1_71' title="bbox 2398 2736 3984 2810">
     <span class='ocr_line' id='line_1_71' title="bbox 2398 2736 3984 2810; baseline -0.005 -17"><span class='ocrx_word' id='word_1_494' title='bbox 2398 2744 2461 2793; x_wconf 82' lang='grc' dir='ltr'>ἐκ</span> <span class='ocrx_word' id='word_1_495' title='bbox 2491 2739 2655 2808; x_wconf 82' lang='grc' dir='ltr'>μέσου</span> <span class='ocrx_word' id='word_1_496' title='bbox 2705 2742 2931 2810; x_wconf 81' lang='grc' dir='ltr'>ποιῆσαι</span> <span class='ocrx_word' id='word_1_497' title='bbox 2968 2738 3357 2802; x_wconf 78' lang='grc' dir='ltr'>σπουδάζουσι’</span> <span class='ocrx_word' id='word_1_498' title='bbox 3390 2739 3493 2793; x_wconf 75' lang='grc' dir='ltr'><strong>κᾶν</strong></span> <span class='ocrx_word' id='word_1_499' title='bbox 3536 2741 3589 2793; x_wconf 82' lang='grc' dir='ltr'><strong>εί</strong></span> <span class='ocrx_word' id='word_1_500' title='bbox 3614 2756 3703 2802; x_wconf 86' lang='grc' dir='ltr'><strong>τις</strong></span> <span class='ocrx_word' id='word_1_501' title='bbox 3734 2740 3821 2799; x_wconf 85' lang='grc' dir='ltr'><strong>είς</strong></span> <span class='ocrx_word' id='word_1_502' title='bbox 3856 2736 3984 2807; x_wconf 64' lang='grc' dir='ltr'>ὕψος</span> 
     </span>
    </p>
   </div>
   <div class='ocr_carea' id='block_1_72' title="bbox 2398 2828 3981 2902">
    <p class='ocr_par' dir='ltr' id='par_1_72' title="bbox 2398 2828 3981 2902">
     <span class='ocr_line' id='line_1_72' title="bbox 2398 2828 3981 2902; baseline -0.003 -18"><span class='ocrx_word' id='word_1_503' title='bbox 2398 2830 2616 2902; x_wconf 78' lang='grc' dir='ltr'>ἐπαίροι</span> <span class='ocrx_word' id='word_1_504' title='bbox 2642 2830 2704 2883; x_wconf 81' lang='grc' dir='ltr'>τὸ</span> <span class='ocrx_word' id='word_1_505' title='bbox 2745 2830 2915 2901; x_wconf 85' lang='grc' dir='ltr'>κέρας</span> <span class='ocrx_word' id='word_1_506' title='bbox 2940 2829 3051 2884; x_wconf 85' lang='grc' dir='ltr'><strong>τῶν</strong></span> <span class='ocrx_word' id='word_1_507' title='bbox 3081 2828 3353 2883; x_wconf 78' lang='grc' dir='ltr'>εἰωθότων</span> <span class='ocrx_word' id='word_1_508' title='bbox 3380 2831 3560 2883; x_wconf 85' lang='grc' dir='ltr'>λαλεῖν</span> <span class='ocrx_word' id='word_1_509' title='bbox 3599 2829 3822 2882; x_wconf 83' lang='grc' dir='ltr'>ἀδικίαν</span> <span class='ocrx_word' id='word_1_510' title='bbox 3847 2828 3981 2880; x_wconf 77' lang='grc' dir='ltr'><strong>κατά</strong></span> 
     </span>
    </p>
   </div>
   <div class='ocr_carea' id='block_1_73' title="bbox 2397 2917 3981 2991">
    <p class='ocr_par' dir='ltr' id='par_1_73' title="bbox 2397 2917 3981 2991">
     <span class='ocr_line' id='line_1_73' title="bbox 2397 2917 3981 2991; baseline -0.005 -14"><span class='ocrx_word' id='word_1_511' title='bbox 2397 2924 2553 2988; x_wconf 80' lang='grc' dir='ltr'>Θεοῦ,</span> <span class='ocrx_word' id='word_1_512' title='bbox 2593 2922 2782 2975; x_wconf 80' lang='grc' dir='ltr'>τοῦτον</span> <span class='ocrx_word' id='word_1_513' title='bbox 2819 2920 3052 2984; x_wconf 71' lang='grc' dir='ltr'>ἐννοίαις</span> <span class='ocrx_word' id='word_1_514' title='bbox 3094 2921 3216 2982; x_wconf 87' lang='grc' dir='ltr'>ταῖς</span> <span class='ocrx_word' id='word_1_515' title='bbox 3263 2921 3344 2982; x_wconf 89' lang='grc' dir='ltr'><strong>είς</strong></span> <span class='ocrx_word' id='word_1_516' title='bbox 3380 2920 3654 2991; x_wconf 81' lang='grc' dir='ltr'>ὀρθότητα</span> <span class='ocrx_word' id='word_1_517' title='bbox 3694 2917 3981 2990; x_wconf 73' lang='grc' dir='ltr'>μονονουχὶ</span> 
     </span>
    </p>
   </div>
   <div class='ocr_carea' id='block_1_74' title="bbox 2397 3008 3981 3082">
    <p class='ocr_par' dir='ltr' id='par_1_74' title="bbox 2397 3008 3981 3082">
     <span class='ocr_line' id='line_1_74' title="bbox 2397 3008 3981 3082; baseline -0.004 -13"><span class='ocrx_word' id='word_1_518' title='bbox 2397 3015 2783 3076; x_wconf 85' lang='grc' dir='ltr'>καταπαίουσι,</span> <span class='ocrx_word' id='word_1_519' title='bbox 2817 3010 3195 3082; x_wconf 80' lang='grc' dir='ltr'>μετατιθέντες</span> <span class='ocrx_word' id='word_1_520' title='bbox 3224 3010 3306 3073; x_wconf 81' lang='grc' dir='ltr'><strong>είς</strong></span> <span class='ocrx_word' id='word_1_521' title='bbox 3330 3008 3392 3062; x_wconf 78' lang='grc' dir='ltr'>τὸ</span> <span class='ocrx_word' id='word_1_522' title='bbox 3422 3011 3575 3075; x_wconf 76' lang='grc' dir='ltr'>εὐθὺ,</span> <span class='ocrx_word' id='word_1_523' title='bbox 3612 3014 3712 3063; x_wconf 70' lang='grc' dir='ltr'>καὶ</span> <span class='ocrx_word' id='word_1_524' title='bbox 3743 3012 3860 3069; x_wconf 80' lang='grc' dir='ltr'>τοῖς</span> <span class='ocrx_word' id='word_1_525' title='bbox 3886 3008 3981 3078; x_wconf 75' lang='grc' dir='ltr'><strong>τῆς</strong></span> 
     </span>
    </p>
   </div>
   <div class='ocr_carea' id='block_1_75' title="bbox 2398 3098 3981 3175">
    <p class='ocr_par' dir='ltr' id='par_1_75' title="bbox 2398 3098 3981 3175">
     <span class='ocr_line' id='line_1_75' title="bbox 2398 3098 3981 3175; baseline -0.003 -14"><span class='ocrx_word' id='word_1_526' title='bbox 2398 3107 2654 3174; x_wconf 82' lang='grc' dir='ltr'>ἀληθείας</span> <span class='ocrx_word' id='word_1_527' title='bbox 2700 3102 3089 3175; x_wconf 77' lang='grc' dir='ltr'>ὲμδιόἁζοντες</span> <span class='ocrx_word' id='word_1_528' title='bbox 3141 3101 3339 3169; x_wconf 87' lang='grc' dir='ltr'>λόγοις.</span> <span class='ocrx_word' id='word_1_529' title='bbox 3387 3100 3688 3171; x_wconf 80' lang='grc' dir='ltr'>Εὑτεχνίας</span> <span class='ocrx_word' id='word_1_530' title='bbox 3735 3098 3831 3154; x_wconf 73' lang='grc' dir='ltr'><strong>οὖν</strong></span> <span class='ocrx_word' id='word_1_531' title='bbox 3876 3101 3981 3171; x_wconf 75' lang='grc' dir='ltr'>ἄρα</span> 
     </span>
    </p>
   </div>
   <div class='ocr_carea' id='block_1_76' title="bbox 2398 3189 3980 3266">
    <p class='ocr_par' dir='ltr' id='par_1_76' title="bbox 2398 3189 3980 3266">
     <span class='ocr_line' id='line_1_76' title="bbox 2398 3189 3980 3266; baseline -0.005 -16"><span class='ocrx_word' id='word_1_532' title='bbox 2398 3200 2496 3266; x_wconf 88' lang='grc' dir='ltr'><strong>τῆς</strong></span> <span class='ocrx_word' id='word_1_533' title='bbox 2541 3196 2760 3266; x_wconf 84' lang='grc' dir='ltr'>ἀληθῶς</span> <span class='ocrx_word' id='word_1_534' title='bbox 2828 3189 3199 3263; x_wconf 84' lang='grc' dir='ltr'>ἀγιοπρεποῦς</span> <span class='ocrx_word' id='word_1_535' title='bbox 3252 3190 3414 3261; x_wconf 75' lang='grc' dir='ltr'>ἔργον</span> <span class='ocrx_word' id='word_1_536' title='bbox 3470 3189 3538 3243; x_wconf 81' lang='grc' dir='ltr'><strong>ἀν</strong></span> <span class='ocrx_word' id='word_1_537' title='bbox 3588 3193 3827 3258; x_wconf 86' lang='grc' dir='ltr'>γένοιτο,</span> <span class='ocrx_word' id='word_1_538' title='bbox 3891 3192 3980 3244; x_wconf 75' lang='grc' dir='ltr'>καὶ</span> 
     </span>
    </p>
   </div>
   <div class='ocr_carea' id='block_1_77' title="bbox 2399 3281 3967 3360">
    <p class='ocr_par' dir='ltr' id='par_1_77' title="bbox 2399 3281 3967 3360">
     <span class='ocr_line' id='line_1_77' title="bbox 2399 3281 3967 3360; baseline -0.005 -18"><span class='ocrx_word' id='word_1_539' title='bbox 2399 3289 2633 3360; x_wconf 84' lang='grc' dir='ltr'>ἀρέσκον</span> <span class='ocrx_word' id='word_1_540' title='bbox 2656 3286 2797 3357; x_wconf 83' lang='grc' dir='ltr'>Θεῷ,</span> <span class='ocrx_word' id='word_1_541' title='bbox 2828 3286 2901 3345; x_wconf 73' lang='grc' dir='ltr'><strong>τὸ.</strong></span> <span class='ocrx_word' id='word_1_542' title='bbox 2917 3288 3034 3348; x_wconf 82' lang='grc' dir='ltr'>τοῖς</span> <span class='ocrx_word' id='word_1_543' title='bbox 3072 3284 3174 3353; x_wconf 85' lang='grc' dir='ltr'><strong>τῆς</strong></span> <span class='ocrx_word' id='word_1_544' title='bbox 3208 3281 3526 3352; x_wconf 87' lang='grc' dir='ltr'>οίκονομίας</span> <span class='ocrx_word' id='word_1_545' title='bbox 3557 3282 3742 3349; x_wconf 88' lang='grc' dir='ltr'>λόγοις</span> <span class='ocrx_word' id='word_1_546' title='bbox 3782 3281 3967 3349; x_wconf 75' lang='grc' dir='ltr'>ὑποφέ-</span> 
     </span>
    </p>
   </div>
   <div class='ocr_carea' id='block_1_78' title="bbox 2402 3370 3973 3452">
    <p class='ocr_par' dir='ltr' id='par_1_78' title="bbox 2402 3370 3973 3452">
     <span class='ocr_line' id='line_1_78' title="bbox 2402 3370 3973 3452; baseline -0.004 -20"><span class='ocrx_word' id='word_1_547' title='bbox 2402 3397 2516 3452; x_wconf 86' lang='grc' dir='ltr'>ρειν</span> <span class='ocrx_word' id='word_1_548' title='bbox 2555 3380 2641 3431; x_wconf 71' lang='grc' dir='ltr'><strong>ἀεὶ</strong></span> <span class='ocrx_word' id='word_1_549' title='bbox 2668 3379 2730 3431; x_wconf 79' lang='grc' dir='ltr'>τὸ</span> <span class='ocrx_word' id='word_1_550' title='bbox 2765 3373 3147 3445; x_wconf 83' lang='grc' dir='ltr'>ἀντιτετάχθαι</span> <span class='ocrx_word' id='word_1_551' title='bbox 3193 3372 3387 3427; x_wconf 81' lang='grc' dir='ltr'>δοκοῦν</span> <span class='ocrx_word' id='word_1_552' title='bbox 3424 3375 3494 3443; x_wconf 77' lang='grc' dir='ltr'>τῇ</span> <span class='ocrx_word' id='word_1_553' title='bbox 3536 3370 3665 3443; x_wconf 78' lang='grc' dir='ltr'>δόξῃ</span> <span class='ocrx_word' id='word_1_554' title='bbox 3718 3371 3973 3445; x_wconf 74' lang='grc' dir='ltr'>Χριστοῦ.</span> 
     </span>
    </p>
   </div>
   <div class='ocr_carea' id='block_1_79' title="bbox 2399 3462 3973 3542">
    <p class='ocr_par' dir='ltr' id='par_1_79' title="bbox 2399 3462 3973 3542">
     <span class='ocr_line' id='line_1_79' title="bbox 2399 3462 3973 3542; baseline -0.006 -17"><span class='ocrx_word' id='word_1_555' title='bbox 2399 3472 2531 3534; x_wconf 81' lang='grc' dir='ltr'>Θεὸς</span> <span class='ocrx_word' id='word_1_556' title='bbox 2564 3471 2673 3542; x_wconf 84' lang='grc' dir='ltr'><strong>γάρ</strong></span> <span class='ocrx_word' id='word_1_557' title='bbox 2704 3471 2779 3523; x_wconf 81' lang='grc' dir='ltr'>ὢν</span> <span class='ocrx_word' id='word_1_558' title='bbox 2810 3472 2838 3523; x_wconf 88' lang='grc' dir='ltr'><strong>ό</strong></span> <span class='ocrx_word' id='word_1_559' title='bbox 2859 3469 3053 3535; x_wconf 82' lang='grc' dir='ltr'>Λόγος,</span> <span class='ocrx_word' id='word_1_560' title='bbox 3084 3465 3177 3519; x_wconf 69' lang='grc' dir='ltr'>καὶ</span> <span class='ocrx_word' id='word_1_561' title='bbox 3210 3466 3268 3517; x_wconf 76' lang='grc' dir='ltr'>ὲν</span> <span class='ocrx_word' id='word_1_562' title='bbox 3302 3466 3486 3535; x_wconf 76' lang='grc' dir='ltr'>μορφῇ</span> <span class='ocrx_word' id='word_1_563' title='bbox 3520 3463 3613 3516; x_wconf 74' lang='grc' dir='ltr'>καὶ</span> <span class='ocrx_word' id='word_1_564' title='bbox 3641 3463 3851 3534; x_wconf 84' lang='grc' dir='ltr'>ἰσότητι</span> <span class='ocrx_word' id='word_1_565' title='bbox 3884 3462 3973 3516; x_wconf 79' lang='grc' dir='ltr'><strong>τοῦ</strong></span> 
     </span>
    </p>
   </div>
   <div class='ocr_carea' id='block_1_80' title="bbox 2400 3552 3974 3633">
    <p class='ocr_par' dir='ltr' id='par_1_80' title="bbox 2400 3552 3974 3633">
     <span class='ocr_line' id='line_1_80' title="bbox 2400 3552 3974 3633; baseline -0.008 -17"><span class='ocrx_word' id='word_1_566' title='bbox 2400 3562 2635 3633; x_wconf 67' lang='grc' dir='ltr'>Πατρός,</span> <span class='ocrx_word' id='word_1_567' title='bbox 2674 3562 2867 3615; x_wconf 79' lang='grc' dir='ltr'>ἑαυτὸν</span> <span class='ocrx_word' id='word_1_568' title='bbox 2913 3558 3155 3627; x_wconf 84' lang='grc' dir='ltr'>καθῆκεν</span> <span class='ocrx_word' id='word_1_569' title='bbox 3207 3557 3287 3618; x_wconf 88' lang='grc' dir='ltr'><strong>είς</strong></span> <span class='ocrx_word' id='word_1_570' title='bbox 3325 3555 3575 3615; x_wconf 83' lang='grc' dir='ltr'>κένωσιν,</span> <span class='ocrx_word' id='word_1_571' title='bbox 3618 3554 3716 3607; x_wconf 71' lang='grc' dir='ltr'>καὶ</span> <span class='ocrx_word' id='word_1_572' title='bbox 3760 3552 3974 3621; x_wconf 77' lang='grc' dir='ltr'>γέγονεν</span> 
     </span>
    </p>
   </div>
   <div class='ocr_carea' id='block_1_81' title="bbox 2401 3647 3974 3727">
    <p class='ocr_par' dir='ltr' id='par_1_81' title="bbox 2401 3647 3974 3727">
     <span class='ocr_line' id='line_1_81' title="bbox 2401 3647 3974 3727; baseline -0.008 -17"><span class='ocrx_word' id='word_1_573' title='bbox 2401 3658 2641 3725; x_wconf 80' lang='grc' dir='ltr'>ὑπήκοος</span> <span class='ocrx_word' id='word_1_574' title='bbox 2671 3656 2833 3727; x_wconf 84' lang='grc' dir='ltr'>μέχρι</span> <span class='ocrx_word' id='word_1_575' title='bbox 2877 3653 3128 3707; x_wconf 80' lang='grc' dir='ltr'>θανάτου.</span> <span class='ocrx_word' id='word_1_576' title='bbox 3152 3652 3243 3702; x_wconf 80' lang='grc' dir='ltr'>Δεῖ</span> <span class='ocrx_word' id='word_1_577' title='bbox 3271 3648 3452 3703; x_wconf 87' lang='grc' dir='ltr'>τοίνυν</span> <span class='ocrx_word' id='word_1_578' title='bbox 3480 3649 3589 3703; x_wconf 75' lang='grc' dir='ltr'>πᾶν</span> <span class='ocrx_word' id='word_1_579' title='bbox 3620 3647 3800 3716; x_wconf 74' lang='grc' dir='ltr'>νόημα</span> <span class='ocrx_word' id='word_1_580' title='bbox 3827 3662 3974 3715; x_wconf 85' lang='grc' dir='ltr'>περι-</span> 
     </span>
    </p>
   </div>
   <div class='ocr_carea' id='block_1_82' title="bbox 2400 3736 3974 3821">
    <p class='ocr_par' dir='ltr' id='par_1_82' title="bbox 2400 3736 3974 3821">
     <span class='ocr_line' id='line_1_82' title="bbox 2400 3736 3974 3821; baseline -0.007 -20"><span class='ocrx_word' id='word_1_581' title='bbox 2400 3750 2622 3821; x_wconf 86' lang='grc' dir='ltr'>τρέπειν</span> <span class='ocrx_word' id='word_1_582' title='bbox 2666 3747 2919 3809; x_wconf 88' lang='grc' dir='ltr'>ἀστείως,</span> <span class='ocrx_word' id='word_1_583' title='bbox 2986 3744 3081 3797; x_wconf 69' lang='grc' dir='ltr'>καὶ</span> <span class='ocrx_word' id='word_1_584' title='bbox 3118 3736 3228 3795; x_wconf 79' lang='grc' dir='ltr'>οἷον</span> <span class='ocrx_word' id='word_1_585' title='bbox 3280 3740 3707 3811; x_wconf 77' lang='grc' dir='ltr'>αίχμαλωτίζειν</span> <span class='ocrx_word' id='word_1_586' title='bbox 3753 3740 3832 3802; x_wconf 78' lang='grc' dir='ltr'>εις</span> <span class='ocrx_word' id='word_1_587' title='bbox 3881 3736 3974 3809; x_wconf 65' lang='grc' dir='ltr'><strong>τὴν</strong></span> 
     </span>
    </p>
   </div>
   <div class='ocr_carea' id='block_1_83' title="bbox 2403 3830 3972 3906">
    <p class='ocr_par' dir='ltr' id='par_1_83' title="bbox 2403 3830 3972 3906">
     <span class='ocr_line' id='line_1_83' title="bbox 2403 3830 3972 3906; baseline -0.006 -16"><span class='ocrx_word' id='word_1_588' title='bbox 2403 3832 2647 3906; x_wconf 80' lang='grc' dir='ltr'>ὑπακοὴν</span> <span class='ocrx_word' id='word_1_589' title='bbox 2670 3836 2857 3890; x_wconf 78' lang='grc' dir='ltr'>αὑτοῦ.</span> <span class='ocrx_word' id='word_1_590' title='bbox 2890 3832 3076 3902; x_wconf 87' lang='grc' dir='ltr'>Είγάρ</span> <span class='ocrx_word' id='word_1_591' title='bbox 3106 3832 3169 3903; x_wconf 89' lang='grc' dir='ltr'>δή</span> <span class='ocrx_word' id='word_1_592' title='bbox 3196 3848 3250 3884; x_wconf 90' lang='grc' dir='ltr'><strong>τι</strong></span> <span class='ocrx_word' id='word_1_593' title='bbox 3281 3830 3494 3899; x_wconf 85' lang='grc' dir='ltr'>λέγοιτο</span> <span class='ocrx_word' id='word_1_594' title='bbox 3519 3832 3614 3883; x_wconf 75' lang='grc' dir='ltr'>καὶ</span> <span class='ocrx_word' id='word_1_595' title='bbox 3639 3831 3748 3883; x_wconf 84' lang='grc' dir='ltr'><strong>τῶν</strong></span> <span class='ocrx_word' id='word_1_596' title='bbox 3773 3830 3972 3898; x_wconf 81' lang='grc' dir='ltr'>ἀνθρω-</span> 
     </span>
    </p>
   </div>
   <div class='ocr_carea' id='block_1_84' title="bbox 2402 3916 3967 3993">
    <p class='ocr_par' dir='ltr' id='par_1_84' title="bbox 2402 3916 3967 3993">
     <span class='ocr_line' id='line_1_84' title="bbox 2402 3916 3967 3993; baseline -0.007 -13"><span class='ocrx_word' id='word_1_597' title='bbox 2402 3928 2593 3993; x_wconf 85' lang='grc' dir='ltr'>πίνων,</span> <span class='ocrx_word' id='word_1_598' title='bbox 2635 3928 2755 3979; x_wconf 70' lang='grc' dir='ltr'>κατ*</span> <span class='ocrx_word' id='word_1_599' title='bbox 2809 3925 3002 3979; x_wconf 80' lang='grc' dir='ltr'>οὐδένα</span> <span class='ocrx_word' id='word_1_600' title='bbox 3042 3923 3243 3990; x_wconf 85' lang='grc' dir='ltr'>τρόπον</span> <span class='ocrx_word' id='word_1_601' title='bbox 3277 3920 3584 3989; x_wconf 81' lang='grc' dir='ltr'>ἀδικήσειεν</span> <span class='ocrx_word' id='word_1_602' title='bbox 3634 3920 3701 3972; x_wconf 83' lang='grc' dir='ltr'>ἂν</span> <span class='ocrx_word' id='word_1_603' title='bbox 3747 3920 3846 3989; x_wconf 82' lang='grc' dir='ltr'>τὴν</span> <span class='ocrx_word' id='word_1_604' title='bbox 3882 3916 3967 3970; x_wconf 77' lang='grc' dir='ltr'>τοῦ</span> 
     </span>
    </p>
   </div>
   <div class='ocr_carea' id='block_1_85' title="bbox 2405 4008 3969 4087">
    <p class='ocr_par' dir='ltr' id='par_1_85' title="bbox 2405 4008 3969 4087">
     <span class='ocr_line' id='line_1_85' title="bbox 2405 4008 3969 4087; baseline -0.007 -15"><span class='ocrx_word' id='word_1_605' title='bbox 2405 4019 2578 4086; x_wconf 87' lang='grc' dir='ltr'>Λόγου</span> <span class='ocrx_word' id='word_1_606' title='bbox 2631 4017 2793 4087; x_wconf 77' lang='grc' dir='ltr'>φύσιν</span> <span class='ocrx_word' id='word_1_607' title='bbox 2822 4017 2883 4069; x_wconf 78' lang='grc' dir='ltr'>τὸ</span> <span class='ocrx_word' id='word_1_608' title='bbox 2920 4018 2979 4068; x_wconf 81' lang='grc' dir='ltr'>ὲν</span> <span class='ocrx_word' id='word_1_609' title='bbox 3012 4011 3396 4083; x_wconf 86' lang='grc' dir='ltr'>ἀνθρωπότητι</span> <span class='ocrx_word' id='word_1_610' title='bbox 3446 4011 3881 4081; x_wconf 81' lang='grc' dir='ltr'>σμικροπρεπὲς,</span> <span class='ocrx_word' id='word_1_611' title='bbox 3926 4008 3969 4061; x_wconf 82' lang='grc' dir='ltr'><strong>εί</strong></span> 
     </span>
    </p>
   </div>
   <div class='ocr_carea' id='block_1_86' title="bbox 2399 4100 3967 4176">
    <p class='ocr_par' dir='ltr' id='par_1_86' title="bbox 2399 4100 3967 4176">
     <span class='ocr_line' id='line_1_86' title="bbox 2399 4100 3967 4176; baseline -0.006 -14"><span class='ocrx_word' id='word_1_612' title='bbox 2399 4109 2706 4163; x_wconf 80' lang='grc' dir='ltr'>πιστεύοιτο</span> <span class='ocrx_word' id='word_1_613' title='bbox 2727 4107 2852 4160; x_wconf 72' lang='grc' dir='ltr'>καθ’</span> <span class='ocrx_word' id='word_1_614' title='bbox 2885 4108 3033 4176; x_wconf 80' lang='grc' dir='ltr'>ἡμᾶς</span> <span class='ocrx_word' id='word_1_615' title='bbox 3056 4103 3344 4175; x_wconf 78' lang='grc' dir='ltr'>ἄνθρωπος</span> <span class='ocrx_word' id='word_1_616' title='bbox 3366 4118 3637 4170; x_wconf 84' lang='grc' dir='ltr'>γεγονως’</span> <span class='ocrx_word' id='word_1_617' title='bbox 3674 4101 3770 4154; x_wconf 73' lang='grc' dir='ltr'>καὶ</span> <span class='ocrx_word' id='word_1_618' title='bbox 3800 4100 3858 4153; x_wconf 68' lang='grc' dir='ltr'><strong>οὔ</strong></span> <span class='ocrx_word' id='word_1_619' title='bbox 3896 4100 3967 4154; x_wconf 87' lang='grc' dir='ltr'><strong>τοί</strong></span> 
     </span>
    </p>
   </div>
   <div class='ocr_carea' id='block_1_87' title="bbox 2400 4193 3967 4267">
    <p class='ocr_par' dir='ltr' id='par_1_87' title="bbox 2400 4193 3967 4267">
     <span class='ocr_line' id='line_1_87' title="bbox 2400 4193 3967 4267; baseline -0.008 -11"><span class='ocrx_word' id='word_1_620' title='bbox 2400 4220 2503 4256; x_wconf 91' lang='grc' dir='ltr'><strong>που</strong></span> <span class='ocrx_word' id='word_1_621' title='bbox 2534 4202 2595 4255; x_wconf 77' lang='grc' dir='ltr'>τὸ</span> <span class='ocrx_word' id='word_1_622' title='bbox 2628 4196 2767 4253; x_wconf 86' lang='grc' dir='ltr'>εἶναι</span> <span class='ocrx_word' id='word_1_623' title='bbox 2803 4198 2936 4261; x_wconf 79' lang='grc' dir='ltr'>Θεὸς</span> <span class='ocrx_word' id='word_1_624' title='bbox 2976 4195 3392 4267; x_wconf 77' lang='grc' dir='ltr'>αποσεὸληκὼς,</span> <span class='ocrx_word' id='word_1_625' title='bbox 3420 4194 3556 4247; x_wconf 87' lang='grc' dir='ltr'>ἀ).λά</span> <span class='ocrx_word' id='word_1_626' title='bbox 3585 4193 3725 4265; x_wconf 85' lang='grc' dir='ltr'><strong>μετά</strong></span> <span class='ocrx_word' id='word_1_627' title='bbox 3751 4195 3846 4247; x_wconf 81' lang='grc' dir='ltr'><strong>τοῦ</strong></span> <span class='ocrx_word' id='word_1_628' title='bbox 3873 4195 3967 4264; x_wconf 76' lang='grc' dir='ltr'>μιτ-</span> 
     </span>
    </p>
   </div>
   <div class='ocr_carea' id='block_1_88' title="bbox 2400 4284 3965 4361">
    <p class='ocr_par' dir='ltr' id='par_1_88' title="bbox 2400 4284 3965 4361">
     <span class='ocr_line' id='line_1_88' title="bbox 2400 4284 3965 4361; baseline -0.006 -15"><span class='ocrx_word' id='word_1_629' title='bbox 2400 4312 2487 4348; x_wconf 87' lang='grc' dir='ltr'><strong>ναι</strong></span> <span class='ocrx_word' id='word_1_630' title='bbox 2518 4292 2672 4357; x_wconf 83' lang='grc' dir='ltr'>Θεὸς,</span> <span class='ocrx_word' id='word_1_631' title='bbox 2708 4287 3031 4361; x_wconf 73' lang='grc' dir='ltr'>προσλαϐὼν</span> <span class='ocrx_word' id='word_1_632' title='bbox 3069 4288 3131 4340; x_wconf 87' lang='grc' dir='ltr'>τὸ</span> <span class='ocrx_word' id='word_1_633' title='bbox 3174 4284 3545 4357; x_wconf 86' lang='grc' dir='ltr'>ἀνθρώπινον,</span> <span class='ocrx_word' id='word_1_634' title='bbox 3598 4288 3697 4338; x_wconf 74' lang='grc' dir='ltr'>καὶ</span> <span class='ocrx_word' id='word_1_635' title='bbox 3740 4286 3965 4357; x_wconf 76' lang='grc' dir='ltr'>ὑπήκοος</span> 
     </span>
    </p>
   </div>
   <div class='ocr_carea' id='block_1_89' title="bbox 2402 4376 3696 4455">
    <p class='ocr_par' dir='ltr' id='par_1_89' title="bbox 2402 4376 3696 4455">
     <span class='ocr_line' id='line_1_89' title="bbox 2402 4376 3696 4455; baseline -0.006 -17"><span class='ocrx_word' id='word_1_636' title='bbox 2402 4385 2689 4455; x_wconf 81' lang='grc' dir='ltr'>γενόμενος</span> <span class='ocrx_word' id='word_1_637' title='bbox 2725 4381 2883 4453; x_wconf 84' lang='grc' dir='ltr'>μέχρι</span> <span class='ocrx_word' id='word_1_638' title='bbox 2916 4379 3146 4433; x_wconf 81' lang='grc' dir='ltr'>θανάτου</span> <span class='ocrx_word' id='word_1_639' title='bbox 3179 4377 3323 4431; x_wconf 85' lang='grc' dir='ltr'><strong>κατά</strong></span> <span class='ocrx_word' id='word_1_640' title='bbox 3359 4378 3457 4447; x_wconf 80' lang='grc' dir='ltr'>τὴν</span> <span class='ocrx_word' id='word_1_641' title='bbox 3494 4376 3696 4446; x_wconf 80' lang='grc' dir='ltr'>σάρκα.</span> 
     </span>
    </p>
   </div>
   <div class='ocr_carea' id='block_1_90' title="bbox 722 4469 3959 4548">
    <p class='ocr_par' dir='ltr' id='par_1_90' title="bbox 722 4469 3959 4548">
     <span class='ocr_line' id='line_1_90' title="bbox 722 4469 3959 4548; baseline -0.002 -24"><span class='ocrx_word' id='word_1_642' title='bbox 722 4478 952 4524; x_wconf 86' lang='lat' dir='ltr'><strong>mortem</strong></span> <span class='ocrx_word' id='word_1_643' title='bbox 1010 4482 1180 4537; x_wconf 88' lang='lat' dir='ltr'><strong>usque</strong></span> <span class='ocrx_word' id='word_1_644' title='bbox 1216 4471 1782 4523; x_wconf 84' lang='lat' dir='ltr'><strong>secundum-carnem</strong></span> <span class='ocrx_word' id='word_1_645' title='bbox 1837 4471 1908 4525; x_wconf 91' lang='lat' dir='ltr'><strong>sit</strong></span> <span class='ocrx_word' id='word_1_646' title='bbox 1956 4471 2129 4529; x_wconf 83' lang='lat' dir='ltr'><strong>factus</strong></span> <span class='ocrx_word' id='word_1_647' title='bbox 2159 4477 2439 4536; x_wconf 88' lang='lat' dir='ltr'><strong>obediens,</strong></span> <span class='ocrx_word' id='word_1_648' title='bbox 2478 4475 2639 4548; x_wconf 66' lang='grc'><strong>148</strong></span> <span class='ocrx_word' id='word_1_649' title='bbox 2677 4474 2875 4529; x_wconf 88' lang='lat' dir='ltr'><strong>nullam</strong></span> <span class='ocrx_word' id='word_1_650' title='bbox 2933 4482 3112 4527; x_wconf 83' lang='lat' dir='ltr'><strong>tamen</strong></span> <span class='ocrx_word' id='word_1_651' title='bbox 3182 4470 3478 4526; x_wconf 88' lang='lat' dir='ltr'><strong>divinitatis</strong></span> <span class='ocrx_word' id='word_1_652' title='bbox 3538 4484 3649 4523; x_wconf 79' lang='lat' dir='ltr'><strong>sua:</strong></span> <span class='ocrx_word' id='word_1_653' title='bbox 3707 4469 3959 4539; x_wconf 83' lang='lat' dir='ltr'><strong>jacturam</strong></span> 
     </span>
    </p>
   </div>
   <div class='ocr_carea' id='block_1_91' title="bbox 720 4561 1725 4619">
    <p class='ocr_par' dir='ltr' id='par_1_91' title="bbox 720 4561 1725 4619">
     <span class='ocr_line' id='line_1_91' title="bbox 720 4561 1725 4619; baseline -0.002 0"><span class='ocrx_word' id='word_1_654' title='bbox 720 4564 888 4619; x_wconf 73' lang='lat' dir='ltr'><strong>fecit:</strong></span> <span class='ocrx_word' id='word_1_655' title='bbox 929 4561 1127 4616; x_wconf 89' lang='lat' dir='ltr'><strong>mansit</strong></span> <span class='ocrx_word' id='word_1_656' title='bbox 1158 4563 1299 4617; x_wconf 89' lang='lat' dir='ltr'><strong>enim</strong></span> <span class='ocrx_word' id='word_1_657' title='bbox 1339 4563 1477 4617; x_wconf 88' lang='lat' dir='ltr'><strong>Deus</strong></span> <span class='ocrx_word' id='word_1_658' title='bbox 1509 4570 1565 4615; x_wconf 91' lang='lat' dir='ltr'><strong>ut</strong></span> <span class='ocrx_word' id='word_1_659' title='bbox 1589 4572 1725 4617; x_wconf 88' lang='lat' dir='ltr'><strong>erat.</strong></span> 
     </span>
    </p>
   </div>
   <div class='ocr_carea' id='block_1_92' title="bbox 788 4651 2295 4730">
    <p class='ocr_par' dir='ltr' id='par_1_92' title="bbox 788 4651 2295 4730">
     <span class='ocr_line' id='line_1_92' title="bbox 788 4651 2295 4730; baseline 0 -17"><span class='ocrx_word' id='word_1_660' title='bbox 788 4655 983 4713; x_wconf 75' lang='lat' dir='ltr'><strong>XXVI.</strong></span> <span class='ocrx_word' id='word_1_661' title='bbox 1024 4673 1043 4707; x_wconf 79' lang='grc' dir='ltr'><strong>ι</strong></span> <span class='ocrx_word' id='word_1_662' title='bbox 1088 4653 1259 4721; x_wconf 88' lang='lat' dir='ltr'><strong>Unde,</strong></span> <span class='ocrx_word' id='word_1_663' title='bbox 1290 4651 1481 4707; x_wconf 87' lang='lat' dir='ltr'><strong>lratres</strong></span> <span class='ocrx_word' id='word_1_664' title='bbox 1525 4655 1720 4718; x_wconf 86' lang='lat' dir='ltr'><strong>saneti,</strong></span> <span class='ocrx_word' id='word_1_665' title='bbox 1779 4658 2078 4713; x_wconf 77' lang='lat' dir='ltr'><strong>vocationis</strong></span> <span class='ocrx_word' id='word_1_666' title='bbox 2108 4676 2295 4730; x_wconf 86' lang='lat' dir='ltr'><strong>super-</strong></span> 
     </span>
    </p>
   </div>
   <div class='ocr_carea' id='block_1_93' title="bbox 2398 4651 3957 4730">
    <p class='ocr_par' dir='ltr' id='par_1_93' title="bbox 2469 4652 3957 4727">
     <span class='ocr_line' id='line_1_93' title="bbox 2469 4652 3957 4727; baseline -0.007 -13"><span class='ocrx_word' id='word_1_667' title='bbox 2469 4662 2579 4727; x_wconf 75' lang='lat' dir='ltr'><strong>KC.‘</strong></span> <span class='ocrx_word' id='word_1_668' title='bbox 2600 4700 2612 4713; x_wconf 92' lang='lat'><strong>.</strong></span> <span class='ocrx_word' id='word_1_669' title='bbox 2653 4680 2673 4711; x_wconf 86' lang='grc'><em>‹</em></span> <span class='ocrx_word' id='word_1_670' title='bbox 2714 4658 2899 4721; x_wconf 79' lang='grc' dir='ltr'>Ὅθεν,</span> <span class='ocrx_word' id='word_1_671' title='bbox 2932 4655 3153 4725; x_wconf 76' lang='grc' dir='ltr'>ἀδελφοὶ</span> <span class='ocrx_word' id='word_1_672' title='bbox 3176 4656 3343 4724; x_wconf 82' lang='grc' dir='ltr'>ἆγιοι,</span> <span class='ocrx_word' id='word_1_673' title='bbox 3372 4654 3617 4725; x_wconf 80' lang='grc' dir='ltr'>κλήσεως</span> <span class='ocrx_word' id='word_1_674' title='bbox 3649 4652 3957 4724; x_wconf 63' lang='grc' dir='ltr'>ἐπουρανίου</span> 
     </span>
    </p>
   </div>
   <div class='ocr_carea' id='block_1_94' title="bbox 718 4746 2290 4821">
    <p class='ocr_par' dir='ltr' id='par_1_94' title="bbox 718 4746 2290 4821">
     <span class='ocr_line' id='line_1_94' title="bbox 718 4746 2290 4821; baseline -0.001 -14"><span class='ocrx_word' id='word_1_675' title='bbox 718 4748 957 4807; x_wconf 73' lang='grc' dir='ltr'>οωιοειίε</span> <span class='ocrx_word' id='word_1_676' title='bbox 996 4746 1308 4817; x_wconf 86' lang='lat' dir='ltr'><strong>participes,</strong></span> <span class='ocrx_word' id='word_1_677' title='bbox 1341 4746 1679 4800; x_wconf 89' lang='lat' dir='ltr'><strong>considerate</strong></span> <span class='ocrx_word' id='word_1_678' title='bbox 1711 4749 2010 4815; x_wconf 87' lang='lat' dir='ltr'><strong>apostolum</strong></span> <span class='ocrx_word' id='word_1_679' title='bbox 2056 4760 2115 4806; x_wconf 87' lang='lat' dir='ltr'><strong>et</strong></span> <span class='ocrx_word' id='word_1_680' title='bbox 2155 4768 2290 4821; x_wconf 91' lang='lat' dir='ltr'><strong>pon-</strong></span> 
     </span>
    </p>
   </div>
   <div class='ocr_carea' id='block_1_95' title="bbox 722 4834 2293 4907">
    <p class='ocr_par' dir='ltr' id='par_1_95' title="bbox 722 4834 2293 4907">
     <span class='ocr_line' id='line_1_95' title="bbox 722 4834 2293 4907; baseline -0.001 -11"><span class='ocrx_word' id='word_1_681' title='bbox 722 4840 920 4897; x_wconf 87' lang='lat' dir='ltr'><strong>tillcem</strong></span> <span class='ocrx_word' id='word_1_682' title='bbox 965 4834 1327 4891; x_wconf 79' lang='lat' dir='ltr'><strong>confessionis</strong></span> <span class='ocrx_word' id='word_1_683' title='bbox 1370 4844 1567 4889; x_wconf 74' lang='lat' dir='ltr'><strong>nostrae</strong></span> <span class='ocrx_word' id='word_1_684' title='bbox 1613 4834 1817 4901; x_wconf 84' lang='lat' dir='ltr'><strong>Jesum,</strong></span> <span class='ocrx_word' id='word_1_685' title='bbox 1866 4839 1957 4907; x_wconf 89' lang='lat' dir='ltr'><strong>qui</strong></span> <span class='ocrx_word' id='word_1_686' title='bbox 2003 4838 2172 4894; x_wconf 85' lang='lat' dir='ltr'><strong>lideiis</strong></span> <span class='ocrx_word' id='word_1_687' title='bbox 2211 4852 2293 4896; x_wconf 83' lang='lat' dir='ltr'><strong>est</strong></span> 
     </span>
    </p>
   </div>
   <div class='ocr_carea' id='block_1_96' title="bbox 719 4925 2294 4999">
    <p class='ocr_par' dir='ltr' id='par_1_96' title="bbox 719 4925 2294 4999">
     <span class='ocr_line' id='line_1_96' title="bbox 719 4925 2294 4999; baseline 0.003 -17"><span class='ocrx_word' id='word_1_688' title='bbox 719 4932 793 4996; x_wconf 83' lang='lat' dir='ltr'><strong>ei,</strong></span> <span class='ocrx_word' id='word_1_689' title='bbox 831 4928 922 4999; x_wconf 85' lang='lat' dir='ltr'><strong>qui</strong></span> <span class='ocrx_word' id='word_1_690' title='bbox 973 4927 1101 4982; x_wconf 77' lang='lat' dir='ltr'><strong>fecit</strong></span> <span class='ocrx_word' id='word_1_691' title='bbox 1146 4926 1316 4991; x_wconf 88' lang='lat' dir='ltr'><strong>illum,</strong></span> <span class='ocrx_word' id='word_1_692' title='bbox 1350 4925 1493 4979; x_wconf 87' lang='lat' dir='ltr'><strong>sicut</strong></span> <span class='ocrx_word' id='word_1_693' title='bbox 1525 4935 1581 4981; x_wconf 90' lang='lat' dir='ltr'><strong>et</strong></span> <span class='ocrx_word' id='word_1_694' title='bbox 1612 4926 1821 4997; x_wconf 83' lang='lat' dir='ltr'><strong>Moyses</strong></span> <span class='ocrx_word' id='word_1_695' title='bbox 1856 4930 1908 4983; x_wconf 92' lang='lat' dir='ltr'><strong>in</strong></span> <span class='ocrx_word' id='word_1_696' title='bbox 1936 4932 2078 4985; x_wconf 91' lang='lat' dir='ltr'><strong>omni</strong></span> <span class='ocrx_word' id='word_1_697' title='bbox 2133 4932 2294 4987; x_wconf 88' lang='lat' dir='ltr'><strong>domo</strong></span> 
     </span>
    </p>
   </div>
   <div class='ocr_carea' id='block_1_97' title="bbox 720 5017 2293 5092">
    <p class='ocr_par' dir='ltr' id='par_1_97' title="bbox 720 5017 2293 5092">
     <span class='ocr_line' id='line_1_97' title="bbox 720 5017 2293 5092; baseline 0 -15"><span class='ocrx_word' id='word_1_698' title='bbox 720 5023 859 5091; x_wconf 80' lang='lat' dir='ltr'><strong>ejus.</strong></span> <span class='ocrx_word' id='word_1_699' title='bbox 893 5018 1185 5089; x_wconf 86' lang='lat' dir='ltr'><strong>Amplioris</strong></span> <span class='ocrx_word' id='word_1_700' title='bbox 1217 5018 1359 5070; x_wconf 88' lang='lat' dir='ltr'><strong>enim</strong></span> <span class='ocrx_word' id='word_1_701' title='bbox 1391 5017 1575 5086; x_wconf 70' lang='lat' dir='ltr'><strong>gloria:</strong></span> <span class='ocrx_word' id='word_1_702' title='bbox 1602 5020 1704 5073; x_wconf 90' lang='lat' dir='ltr'><strong>iste</strong></span> <span class='ocrx_word' id='word_1_703' title='bbox 1746 5036 1853 5089; x_wconf 73' lang='lat' dir='ltr'><strong>prre</strong></span> <span class='ocrx_word' id='word_1_704' title='bbox 1888 5020 2069 5091; x_wconf 81' lang='lat' dir='ltr'><strong>Moyse</strong></span> <span class='ocrx_word' id='word_1_705' title='bbox 2104 5025 2293 5092; x_wconf 81' lang='lat' dir='ltr'><strong>dignus</strong></span> 
     </span>
    </p>
   </div>
   <div class='ocr_carea' id='block_1_98' title="bbox 720 5109 2297 5180">
    <p class='ocr_par' dir='ltr' id='par_1_98' title="bbox 720 5109 2297 5180">
     <span class='ocr_line' id='line_1_98' title="bbox 720 5109 2297 5180; baseline -0.003 -9"><span class='ocrx_word' id='word_1_706' title='bbox 720 5124 806 5171; x_wconf 86' lang='lat' dir='ltr'><strong>est</strong></span> <span class='ocrx_word' id='word_1_707' title='bbox 851 5113 1111 5177; x_wconf 87' lang='lat' dir='ltr'><strong>habitus,</strong></span> <span class='ocrx_word' id='word_1_708' title='bbox 1169 5120 1370 5180; x_wconf 89' lang='lat' dir='ltr'><strong>quanto</strong></span> <span class='ocrx_word' id='word_1_709' title='bbox 1434 5109 1753 5179; x_wconf 87' lang='lat' dir='ltr'><strong>ampliorem</strong></span> <span class='ocrx_word' id='word_1_710' title='bbox 1817 5112 2073 5165; x_wconf 89' lang='lat' dir='ltr'><strong>honorem</strong></span> <span class='ocrx_word' id='word_1_711' title='bbox 2137 5115 2297 5167; x_wconf 79' lang='lat' dir='ltr'><strong>habet</strong></span> 
     </span>
    </p>
   </div>
   <div class='ocr_carea' id='block_1_99' title="bbox 720 5200 2295 5273">
    <p class='ocr_par' dir='ltr' id='par_1_99' title="bbox 720 5200 2295 5273">
     <span class='ocr_line' id='line_1_99' title="bbox 720 5200 2295 5273; baseline 0.001 -14"><span class='ocrx_word' id='word_1_712' title='bbox 720 5209 907 5268; x_wconf 83' lang='lat' dir='ltr'><strong>domo,</strong></span> <span class='ocrx_word' id='word_1_713' title='bbox 956 5204 1047 5273; x_wconf 88' lang='lat' dir='ltr'><strong>qui</strong></span> <span class='ocrx_word' id='word_1_714' title='bbox 1083 5202 1368 5257; x_wconf 82' lang='lat' dir='ltr'><strong>fabricavit</strong></span> <span class='ocrx_word' id='word_1_715' title='bbox 1400 5200 1567 5257; x_wconf 81' lang='lat' dir='ltr'><strong>illaut.</strong></span> <span class='ocrx_word' id='word_1_716' title='bbox 1602 5200 1790 5258; x_wconf 84' lang='lat' dir='ltr'><strong>Omnis</strong></span> <span class='ocrx_word' id='word_1_717' title='bbox 1837 5220 2069 5273; x_wconf 89' lang='lat' dir='ltr'><strong>namque</strong></span> <span class='ocrx_word' id='word_1_718' title='bbox 2105 5208 2295 5260; x_wconf 88' lang='lat' dir='ltr'><strong>domus</strong></span> 
     </span>
    </p>
   </div>
   <div class='ocr_carea' id='block_1_100' title="bbox 722 5292 2292 5363">
    <p class='ocr_par' dir='ltr' id='par_1_100' title="bbox 722 5292 2292 5363">
     <span class='ocr_line' id='line_1_100' title="bbox 722 5292 2292 5363; baseline -0.001 -12"><span class='ocrx_word' id='word_1_719' title='bbox 722 5296 1019 5351; x_wconf 75' lang='lat' dir='ltr'><strong>fabricatur</strong></span> <span class='ocrx_word' id='word_1_720' title='bbox 1076 5296 1143 5348; x_wconf 84' lang='lat' dir='ltr'><strong>ab</strong></span> <span class='ocrx_word' id='word_1_721' title='bbox 1191 5294 1416 5361; x_wconf 90' lang='lat' dir='ltr'><strong>aliquo:</strong></span> <span class='ocrx_word' id='word_1_722' title='bbox 1477 5292 1568 5363; x_wconf 87' lang='lat' dir='ltr'><strong>qui</strong></span> <span class='ocrx_word' id='word_1_723' title='bbox 1626 5304 1804 5349; x_wconf 89' lang='lat' dir='ltr'><strong>autem</strong></span> <span class='ocrx_word' id='word_1_724' title='bbox 1854 5296 2032 5349; x_wconf 87' lang='lat' dir='ltr'><strong>omnia</strong></span> <span class='ocrx_word' id='word_1_725' title='bbox 2066 5298 2292 5362; x_wconf 87' lang='lat' dir='ltr'><strong>creavit,</strong></span> 
     </span>
    </p>
   </div>
   <div class='ocr_carea' id='block_1_101' title="bbox 719 5385 2293 5457">
    <p class='ocr_par' dir='ltr' id='par_1_101' title="bbox 719 5385 2293 5457">
     <span class='ocr_line' id='line_1_101' title="bbox 719 5385 2293 5457; baseline -0.003 -11"><span class='ocrx_word' id='word_1_726' title='bbox 719 5391 863 5446; x_wconf 87' lang='lat' dir='ltr'><strong>Deus</strong></span> <span class='ocrx_word' id='word_1_727' title='bbox 916 5397 1016 5443; x_wconf 87' lang='lat' dir='ltr'><strong>est.</strong></span> <span class='ocrx_word' id='word_1_728' title='bbox 1065 5388 1129 5441; x_wconf 80' lang='lat' dir='ltr'><strong>Et</strong></span> <span class='ocrx_word' id='word_1_729' title='bbox 1185 5385 1399 5457; x_wconf 84' lang='lat' dir='ltr'><strong>Moyses</strong></span> <span class='ocrx_word' id='word_1_730' title='bbox 1450 5388 1663 5456; x_wconf 88' lang='lat' dir='ltr'><strong>quidem</strong></span> <span class='ocrx_word' id='word_1_731' title='bbox 1716 5386 1888 5441; x_wconf 84' lang='lat' dir='ltr'><strong>ﬁdelis</strong></span> <span class='ocrx_word' id='word_1_732' title='bbox 1936 5397 2054 5443; x_wconf 88' lang='lat' dir='ltr'><strong>erat</strong></span> <span class='ocrx_word' id='word_1_733' title='bbox 2092 5388 2145 5442; x_wconf 91' lang='lat' dir='ltr'><strong>in</strong></span> <span class='ocrx_word' id='word_1_734' title='bbox 2183 5398 2293 5443; x_wconf 91' lang='lat' dir='ltr'><strong>tota</strong></span> 
     </span>
    </p>
   </div>
   <div class='ocr_carea' id='block_1_102' title="bbox 720 5478 2293 5548">
    <p class='ocr_par' dir='ltr' id='par_1_102' title="bbox 720 5478 2293 5548">
     <span class='ocr_line' id='line_1_102' title="bbox 720 5478 2293 5548; baseline -0.001 -11"><span class='ocrx_word' id='word_1_735' title='bbox 720 5486 880 5538; x_wconf 85' lang='lat' dir='ltr'><strong>domo</strong></span> <span class='ocrx_word' id='word_1_736' title='bbox 911 5480 1049 5548; x_wconf 82' lang='lat' dir='ltr'><strong>ejus,</strong></span> <span class='ocrx_word' id='word_1_737' title='bbox 1094 5487 1347 5547; x_wconf 84' lang='lat' dir='ltr'><strong>tanquam</strong></span> <span class='ocrx_word' id='word_1_738' title='bbox 1399 5478 1653 5545; x_wconf 81' lang='lat' dir='ltr'><strong>l&#39;anmlus,</strong></span> <span class='ocrx_word' id='word_1_739' title='bbox 1711 5478 1762 5532; x_wconf 90' lang='lat' dir='ltr'><strong>in</strong></span> <span class='ocrx_word' id='word_1_740' title='bbox 1794 5479 2158 5535; x_wconf 84' lang='lat' dir='ltr'><strong>testimonium</strong></span> <span class='ocrx_word' id='word_1_741' title='bbox 2195 5495 2293 5535; x_wconf 87' lang='lat' dir='ltr'><strong>eo-</strong></span> 
     </span>
    </p>
   </div>
   <div class='ocr_carea' id='block_1_103' title="bbox 724 5571 2293 5644">
    <p class='ocr_par' dir='ltr' id='par_1_103' title="bbox 724 5571 2293 5644">
     <span class='ocr_line' id='line_1_103' title="bbox 724 5571 2293 5644; baseline -0.002 -16"><span class='ocrx_word' id='word_1_742' title='bbox 724 5592 841 5628; x_wconf 87' lang='lat' dir='ltr'><strong>rum</strong></span> <span class='ocrx_word' id='word_1_743' title='bbox 876 5590 996 5644; x_wconf 86' lang='lat' dir='ltr'><strong>quae</strong></span> <span class='ocrx_word' id='word_1_744' title='bbox 1046 5575 1269 5628; x_wconf 84' lang='lat' dir='ltr'><strong>dicenda</strong></span> <span class='ocrx_word' id='word_1_745' title='bbox 1322 5580 1521 5628; x_wconf 83' lang='lat' dir='ltr'><strong>erant:</strong></span> <span class='ocrx_word' id='word_1_746' title='bbox 1564 5571 1811 5627; x_wconf 80' lang='lat' dir='ltr'><strong>Christus</strong></span> <span class='ocrx_word' id='word_1_747' title='bbox 1854 5586 1983 5627; x_wconf 90' lang='lat' dir='ltr'><strong>vero</strong></span> <span class='ocrx_word' id='word_1_748' title='bbox 2040 5581 2293 5639; x_wconf 83' lang='lat' dir='ltr'><strong>tanquam</strong></span> 
     </span>
    </p>
   </div>
   <div class='ocr_carea' id='block_1_104' title="bbox 720 5661 2287 5732">
    <p class='ocr_par' dir='ltr' id='par_1_104' title="bbox 720 5661 2287 5732">
     <span class='ocr_line' id='line_1_104' title="bbox 720 5661 2287 5732; baseline -0.003 -14"><span class='ocrx_word' id='word_1_749' title='bbox 720 5665 895 5725; x_wconf 75' lang='lat' dir='ltr'><strong>Filius</strong></span> <span class='ocrx_word' id='word_1_750' title='bbox 917 5665 973 5719; x_wconf 88' lang='lat' dir='ltr'><strong>in</strong></span> <span class='ocrx_word' id='word_1_751' title='bbox 1003 5664 1166 5718; x_wconf 90' lang='lat' dir='ltr'><strong>domo</strong></span> <span class='ocrx_word' id='word_1_752' title='bbox 1213 5678 1330 5729; x_wconf 81' lang='lat' dir='ltr'><strong>sua,</strong></span> <span class='ocrx_word' id='word_1_753' title='bbox 1376 5676 1495 5732; x_wconf 71' lang='grc' dir='ltr'>(ιιιιιι</span> <span class='ocrx_word' id='word_1_754' title='bbox 1546 5661 1737 5716; x_wconf 84' lang='lat' dir='ltr'><strong>domus</strong></span> <span class='ocrx_word' id='word_1_755' title='bbox 1776 5676 1959 5716; x_wconf 88' lang='lat' dir='ltr'><strong>sumus</strong></span> <span class='ocrx_word' id='word_1_756' title='bbox 2021 5678 2117 5717; x_wconf 86' lang='lat' dir='ltr'><strong>nos</strong></span> <span class='ocrx_word' id='word_1_757' title='bbox 2156 5663 2224 5717; x_wconf 77' lang='lat'><strong>”.</strong></span> <span class='ocrx_word' id='word_1_758' title='bbox 2269 5681 2287 5714; x_wconf 78' lang='grc' dir='ltr'><strong>ι</strong></span> 
     </span>
    </p>
   </div>
   <div class='ocr_carea' id='block_1_105' title="bbox 796 5819 1463 5887">
    <p class='ocr_par' dir='ltr' id='par_1_105' title="bbox 796 5819 1463 5887">
     <span class='ocr_line' id='line_1_105' title="bbox 796 5819 1463 5887; baseline -0.003 -11"><span class='ocrx_word' id='word_1_759' title='bbox 796 5823 839 5855; x_wconf 74' lang='grc'><strong>³⁸</strong></span> <span class='ocrx_word' id='word_1_760' title='bbox 872 5821 1059 5878; x_wconf 88' lang='lat' dir='ltr'><strong>ilCor.</strong></span> <span class='ocrx_word' id='word_1_761' title='bbox 1098 5835 1260 5887; x_wconf 76' lang='lat' dir='ltr'><strong>Lux,</strong></span> <span class='ocrx_word' id='word_1_762' title='bbox 1304 5820 1356 5887; x_wconf 79' lang='grc'>4,</span> <span class='ocrx_word' id='word_1_763' title='bbox 1412 5819 1463 5874; x_wconf 83' lang='grc'>5.</span> 
     </span>
    </p>
   </div>
   <div class='ocr_carea' id='block_1_106' title="bbox 2405 4744 3956 4820">
    <p class='ocr_par' dir='ltr' id='par_1_106' title="bbox 2405 4744 3956 4820">
     <span class='ocr_line' id='line_1_106' title="bbox 2405 4744 3956 4820; baseline -0.003 -18"><span class='ocrx_word' id='word_1_764' title='bbox 2405 4751 2645 4820; x_wconf 77' lang='grc' dir='ltr'>μέτοχοι,</span> <span class='ocrx_word' id='word_1_765' title='bbox 2681 4751 3053 4819; x_wconf 83' lang='grc' dir='ltr'>κατανοήσατε</span> <span class='ocrx_word' id='word_1_766' title='bbox 3095 4746 3186 4798; x_wconf 80' lang='grc' dir='ltr'>τὸν</span> <span class='ocrx_word' id='word_1_767' title='bbox 3233 4745 3531 4798; x_wconf 74' lang='grc' dir='ltr'>ἀπόστολον</span> <span class='ocrx_word' id='word_1_768' title='bbox 3575 4744 3670 4798; x_wconf 72' lang='grc' dir='ltr'>καὶ</span> <span class='ocrx_word' id='word_1_769' title='bbox 3717 4744 3956 4815; x_wconf 74' lang='grc' dir='ltr'>ἀρχιερέα</span> 
     </span>
    </p>
   </div>
   <div class='ocr_carea' id='block_1_107' title="bbox 2400 4834 3955 4910">
    <p class='ocr_par' dir='ltr' id='par_1_107' title="bbox 2400 4834 3955 4910">
     <span class='ocr_line' id='line_1_107' title="bbox 2400 4834 3955 4910; baseline -0.005 -15"><span class='ocrx_word' id='word_1_770' title='bbox 2400 4842 2497 4909; x_wconf 85' lang='grc' dir='ltr'><strong>τῆς</strong></span> <span class='ocrx_word' id='word_1_771' title='bbox 2536 4834 2829 4909; x_wconf 77' lang='grc' dir='ltr'>ὁμολογίας</span> <span class='ocrx_word' id='word_1_772' title='bbox 2872 4837 3028 4910; x_wconf 82' lang='grc' dir='ltr'>ἡμῶν</span> <span class='ocrx_word' id='word_1_773' title='bbox 3068 4836 3296 4907; x_wconf 76' lang='grc' dir='ltr'>Ἰησοῦν,</span> <span class='ocrx_word' id='word_1_774' title='bbox 3335 4835 3526 4889; x_wconf 80' lang='grc' dir='ltr'>πιστὸν</span> <span class='ocrx_word' id='word_1_775' title='bbox 3555 4835 3684 4887; x_wconf 77' lang='grc' dir='ltr'>ὄντα</span> <span class='ocrx_word' id='word_1_776' title='bbox 3709 4836 3788 4905; x_wconf 78' lang='grc' dir='ltr'><strong>τῷ</strong></span> <span class='ocrx_word' id='word_1_777' title='bbox 3819 4836 3955 4904; x_wconf 76' lang='grc' dir='ltr'>ποιή-</span> 
     </span>
    </p>
   </div>
   <div class='ocr_carea' id='block_1_108' title="bbox 2403 4926 3951 4999">
    <p class='ocr_par' dir='ltr' id='par_1_108' title="bbox 2403 4926 3951 4999">
     <span class='ocr_line' id='line_1_108' title="bbox 2403 4926 3951 4999; baseline -0.003 -16"><span class='ocrx_word' id='word_1_778' title='bbox 2403 4949 2552 4984; x_wconf 88' lang='grc' dir='ltr'>σαντι</span> <span class='ocrx_word' id='word_1_779' title='bbox 2587 4930 2768 4991; x_wconf 80' lang='grc' dir='ltr'>αὑτὸν,</span> <span class='ocrx_word' id='word_1_780' title='bbox 2801 4930 2877 4992; x_wconf 86' lang='grc' dir='ltr'>ὼς</span> <span class='ocrx_word' id='word_1_781' title='bbox 2922 4931 3016 4983; x_wconf 73' lang='grc' dir='ltr'>καὶ</span> <span class='ocrx_word' id='word_1_782' title='bbox 3050 4930 3255 4999; x_wconf 83' lang='grc' dir='ltr'>Μωσῆς</span> <span class='ocrx_word' id='word_1_783' title='bbox 3299 4929 3358 4979; x_wconf 86' lang='grc' dir='ltr'><strong>ὲν</strong></span> <span class='ocrx_word' id='word_1_784' title='bbox 3387 4926 3495 4995; x_wconf 85' lang='grc' dir='ltr'><strong>ὅλῳ</strong></span> <span class='ocrx_word' id='word_1_785' title='bbox 3520 4926 3599 4996; x_wconf 80' lang='grc' dir='ltr'>τῷ</span> <span class='ocrx_word' id='word_1_786' title='bbox 3620 4928 3755 4996; x_wconf 76' lang='grc' dir='ltr'>οίκῳ</span> <span class='ocrx_word' id='word_1_787' title='bbox 3789 4926 3951 4980; x_wconf 79' lang='grc' dir='ltr'>αὐτοῦ.</span> 
     </span>
    </p>
   </div>
   <div class='ocr_carea' id='block_1_109' title="bbox 2394 5015 3949 5092">
    <p class='ocr_par' dir='ltr' id='par_1_109' title="bbox 2394 5015 3949 5092">
     <span class='ocr_line' id='line_1_109' title="bbox 2394 5015 3949 5092; baseline -0.006 -16"><span class='ocrx_word' id='word_1_788' title='bbox 2394 5023 2644 5084; x_wconf 77' lang='grc' dir='ltr'>Πλείονος</span> <span class='ocrx_word' id='word_1_789' title='bbox 2688 5022 2796 5092; x_wconf 78' lang='grc' dir='ltr'><strong>γὰρ</strong></span> <span class='ocrx_word' id='word_1_790' title='bbox 2838 5015 2990 5084; x_wconf 72' lang='grc' dir='ltr'>οὗτος</span> <span class='ocrx_word' id='word_1_791' title='bbox 3036 5020 3195 5090; x_wconf 81' lang='grc' dir='ltr'>δόξης</span> <span class='ocrx_word' id='word_1_792' title='bbox 3241 5017 3392 5089; x_wconf 88' lang='grc' dir='ltr'><strong>παρά</strong></span> <span class='ocrx_word' id='word_1_793' title='bbox 3438 5017 3681 5086; x_wconf 80' lang='grc' dir='ltr'>Μωῦσῆν</span> <span class='ocrx_word' id='word_1_794' title='bbox 3724 5015 3949 5085; x_wconf 71' lang='grc' dir='ltr'>ἠξίωται,</span> 
     </span>
    </p>
   </div>
   <div class='ocr_carea' id='block_1_110' title="bbox 2394 5109 3951 5182">
    <p class='ocr_par' dir='ltr' id='par_1_110' title="bbox 2394 5109 3951 5182">
     <span class='ocr_line' id='line_1_110' title="bbox 2394 5109 3951 5182; baseline -0.002 -17"><span class='ocrx_word' id='word_1_795' title='bbox 2394 5112 2625 5167; x_wconf 79' lang='grc' dir='ltr'>καθόσον</span> <span class='ocrx_word' id='word_1_796' title='bbox 2649 5112 2868 5167; x_wconf 81' lang='grc' dir='ltr'>πλείονα</span> <span class='ocrx_word' id='word_1_797' title='bbox 2884 5112 2976 5165; x_wconf 80' lang='grc' dir='ltr'>τοῦ</span> <span class='ocrx_word' id='word_1_798' title='bbox 3005 5111 3156 5164; x_wconf 78' lang='grc' dir='ltr'>οἴκου</span> <span class='ocrx_word' id='word_1_799' title='bbox 3180 5111 3346 5182; x_wconf 85' lang='grc' dir='ltr'>τιμὴν</span> <span class='ocrx_word' id='word_1_800' title='bbox 3371 5109 3483 5179; x_wconf 74' lang='grc' dir='ltr'>ἔχει</span> <span class='ocrx_word' id='word_1_801' title='bbox 3502 5111 3530 5161; x_wconf 89' lang='grc' dir='ltr'><strong>ό</strong></span> <span class='ocrx_word' id='word_1_802' title='bbox 3554 5109 3951 5170; x_wconf 72' lang='grc' dir='ltr'>κατασκευάσας</span> 
     </span>
    </p>
   </div>
   <div class='ocr_carea' id='block_1_111' title="bbox 2395 5199 3949 5276">
    <p class='ocr_par' dir='ltr' id='par_1_111' title="bbox 2395 5199 3949 5276">
     <span class='ocr_line' id='line_1_111' title="bbox 2395 5199 3949 5276; baseline -0.004 -19"><span class='ocrx_word' id='word_1_803' title='bbox 2395 5204 2574 5257; x_wconf 78' lang='grc' dir='ltr'>αὐτόν.</span> <span class='ocrx_word' id='word_1_804' title='bbox 2606 5205 2724 5267; x_wconf 74' lang='grc' dir='ltr'><strong>Πᾶς</strong></span> <span class='ocrx_word' id='word_1_805' title='bbox 2769 5205 2876 5276; x_wconf 84' lang='grc' dir='ltr'>γὰρ</span> <span class='ocrx_word' id='word_1_806' title='bbox 2909 5199 3059 5266; x_wconf 86' lang='grc' dir='ltr'>οἶκος</span> <span class='ocrx_word' id='word_1_807' title='bbox 3089 5202 3561 5266; x_wconf 77' lang='grc' dir='ltr'>κατασκευάζεται</span> <span class='ocrx_word' id='word_1_808' title='bbox 3596 5202 3704 5253; x_wconf 76' lang='grc' dir='ltr'>ὑπό</span> <span class='ocrx_word' id='word_1_809' title='bbox 3745 5202 3949 5265; x_wconf 85' lang='grc' dir='ltr'>τινος·ὀ</span> 
     </span>
    </p>
   </div>
   <div class='ocr_carea' id='block_1_112' title="bbox 2401 5292 3947 5362">
    <p class='ocr_par' dir='ltr' id='par_1_112' title="bbox 2401 5292 3947 5362">
     <span class='ocr_line' id='line_1_112' title="bbox 2401 5292 3947 5362; baseline -0.004 -11"><span class='ocrx_word' id='word_1_810' title='bbox 2401 5296 2456 5351; x_wconf 86' lang='grc' dir='ltr'>δὲ</span> <span class='ocrx_word' id='word_1_811' title='bbox 2500 5298 2567 5350; x_wconf 81' lang='grc' dir='ltr'>τὰ</span> <span class='ocrx_word' id='word_1_812' title='bbox 2598 5296 2777 5351; x_wconf 79' lang='grc' dir='ltr'>πάντα</span> <span class='ocrx_word' id='word_1_813' title='bbox 2816 5296 3255 5358; x_wconf 81' lang='grc' dir='ltr'>κατασκευάσας,</span> <span class='ocrx_word' id='word_1_814' title='bbox 3301 5294 3453 5355; x_wconf 89' lang='grc' dir='ltr'>Θεός.</span> <span class='ocrx_word' id='word_1_815' title='bbox 3489 5292 3599 5346; x_wconf 69' lang='grc' dir='ltr'>Καὶ</span> <span class='ocrx_word' id='word_1_816' title='bbox 3632 5293 3839 5361; x_wconf 80' lang='grc' dir='ltr'>Μωσῆς</span> <span class='ocrx_word' id='word_1_817' title='bbox 3871 5293 3947 5362; x_wconf 70' lang='grc' dir='ltr'>μὲν</span> 
     </span>
    </p>
   </div>
   <div class='ocr_carea' id='block_1_113' title="bbox 2402 5384 3946 5458">
    <p class='ocr_par' dir='ltr' id='par_1_113' title="bbox 2402 5384 3946 5458">
     <span class='ocr_line' id='line_1_113' title="bbox 2402 5384 3946 5458; baseline -0.003 -18"><span class='ocrx_word' id='word_1_818' title='bbox 2402 5389 2593 5452; x_wconf 81' lang='grc' dir='ltr'>πιστὸς</span> <span class='ocrx_word' id='word_1_819' title='bbox 2623 5388 2697 5442; x_wconf 84' lang='grc' dir='ltr'>ὢν</span> <span class='ocrx_word' id='word_1_820' title='bbox 2729 5388 2803 5451; x_wconf 82' lang='grc' dir='ltr'>ὡς</span> <span class='ocrx_word' id='word_1_821' title='bbox 2838 5387 3114 5458; x_wconf 86' lang='grc' dir='ltr'>θεράπων,</span> <span class='ocrx_word' id='word_1_822' title='bbox 3155 5388 3211 5439; x_wconf 82' lang='grc' dir='ltr'><strong>ὲν</strong></span> <span class='ocrx_word' id='word_1_823' title='bbox 3252 5385 3359 5455; x_wconf 85' lang='grc' dir='ltr'><strong>ὅλῳ</strong></span> <span class='ocrx_word' id='word_1_824' title='bbox 3389 5384 3471 5453; x_wconf 83' lang='grc' dir='ltr'>τῷ</span> <span class='ocrx_word' id='word_1_825' title='bbox 3499 5384 3633 5453; x_wconf 82' lang='grc' dir='ltr'>οίκῳ</span> <span class='ocrx_word' id='word_1_826' title='bbox 3664 5384 3848 5449; x_wconf 79' lang='grc' dir='ltr'>αὐτοῦ,</span> <span class='ocrx_word' id='word_1_827' title='bbox 3885 5385 3946 5445; x_wconf 84' lang='grc' dir='ltr'><strong>είς</strong></span> 
     </span>
    </p>
   </div>
   <div class='ocr_carea' id='block_1_114' title="bbox 2404 5475 3943 5552">
    <p class='ocr_par' dir='ltr' id='par_1_114' title="bbox 2404 5475 3943 5552">
     <span class='ocr_line' id='line_1_114' title="bbox 2404 5475 3943 5552; baseline -0.005 -18"><span class='ocrx_word' id='word_1_828' title='bbox 2404 5480 2702 5552; x_wconf 85' lang='grc' dir='ltr'>μαρτύριον</span> <span class='ocrx_word' id='word_1_829' title='bbox 2728 5481 2836 5534; x_wconf 73' lang='grc' dir='ltr'>τῶν</span> <span class='ocrx_word' id='word_1_830' title='bbox 2861 5477 3340 5551; x_wconf 83' lang='grc' dir='ltr'>λαληθησομένων·</span> <span class='ocrx_word' id='word_1_831' title='bbox 3389 5475 3625 5547; x_wconf 81' lang='grc' dir='ltr'>Χριστὸς</span> <span class='ocrx_word' id='word_1_832' title='bbox 3656 5476 3715 5528; x_wconf 74' lang='grc' dir='ltr'>δὲ</span> <span class='ocrx_word' id='word_1_833' title='bbox 3746 5477 3818 5539; x_wconf 84' lang='grc' dir='ltr'><strong>ὡς</strong></span> <span class='ocrx_word' id='word_1_834' title='bbox 3841 5476 3943 5535; x_wconf 74' lang='grc' dir='ltr'><strong>Υἱὸς</strong></span> 
     </span>
    </p>
   </div>
   <div class='ocr_carea' id='block_1_115' title="bbox 2400 5565 3939 5638">
    <p class='ocr_par' dir='ltr' id='par_1_115' title="bbox 2400 5565 3939 5638">
     <span class='ocr_line' id='line_1_115' title="bbox 2400 5565 3939 5638; baseline -0.005 -13"><span class='ocrx_word' id='word_1_835' title='bbox 2400 5574 2493 5625; x_wconf 68' lang='grc' dir='ltr'>ἐπὶ</span> <span class='ocrx_word' id='word_1_836' title='bbox 2520 5575 2608 5626; x_wconf 78' lang='grc' dir='ltr'>τὸν</span> <span class='ocrx_word' id='word_1_837' title='bbox 2652 5568 2798 5626; x_wconf 77' lang='grc' dir='ltr'>οἷκον</span> <span class='ocrx_word' id='word_1_838' title='bbox 2832 5570 3019 5636; x_wconf 81' lang='grc' dir='ltr'>αὐτοῦ,</span> <span class='ocrx_word' id='word_1_839' title='bbox 3049 5565 3111 5625; x_wconf 77' lang='grc' dir='ltr'><strong>οὗ</strong></span> <span class='ocrx_word' id='word_1_840' title='bbox 3155 5565 3303 5631; x_wconf 76' lang='grc' dir='ltr'>οἶκός</span> <span class='ocrx_word' id='word_1_841' title='bbox 3326 5569 3493 5638; x_wconf 83' lang='grc' dir='ltr'>ὲσμεν</span> <span class='ocrx_word' id='word_1_842' title='bbox 3522 5567 3704 5637; x_wconf 80' lang='grc' dir='ltr'>ἡμεῖς.</span> <span class='ocrx_word' id='word_1_843' title='bbox 3742 5588 3759 5618; x_wconf 77' lang='grc' dir='ltr'><strong>ι</strong></span> <span class='ocrx_word' id='word_1_844' title='bbox 3805 5566 3939 5621; x_wconf 78' lang='grc' dir='ltr'>’Δπόο</span> 
     </span>
    </p>
   </div>
   <div class='ocr_carea' id='block_1_116' title="bbox 2403 5650 3935 5733">
    <p class='ocr_par' dir='ltr' id='par_1_116' title="bbox 2403 5650 3935 5733">
     <span class='ocr_line' id='line_1_116' title="bbox 2403 5650 3935 5733; baseline -0.008 -17"><span class='ocrx_word' id='word_1_845' title='bbox 2403 5663 2587 5727; x_wconf 82' lang='grc' dir='ltr'>στολος</span> <span class='ocrx_word' id='word_1_846' title='bbox 2617 5662 2710 5717; x_wconf 73' lang='grc' dir='ltr'>καὶ</span> <span class='ocrx_word' id='word_1_847' title='bbox 2737 5661 3026 5733; x_wconf 80' lang='grc' dir='ltr'>ἀρχιερεὺς</span> <span class='ocrx_word' id='word_1_848' title='bbox 3064 5660 3162 5730; x_wconf 89' lang='grc' dir='ltr'><strong>τῆς</strong></span> <span class='ocrx_word' id='word_1_849' title='bbox 3187 5656 3480 5729; x_wconf 84' lang='grc' dir='ltr'>ὁμολογίας</span> <span class='ocrx_word' id='word_1_850' title='bbox 3510 5654 3668 5730; x_wconf 74' lang='grc' dir='ltr'>ἡμῶν</span> <span class='ocrx_word' id='word_1_851' title='bbox 3698 5654 3841 5727; x_wconf 81' lang='grc' dir='ltr'><strong>παρά</strong></span> <span class='ocrx_word' id='word_1_852' title='bbox 3862 5650 3935 5705; x_wconf 75' lang='grc' dir='ltr'><strong>τοῦ</strong></span> 
     </span>
    </p>
   </div>
   <div class='ocr_carea' id='block_1_117' title="bbox 1541 5814 3281 5890">
    <p class='ocr_par' dir='ltr' id='par_1_117' title="bbox 1541 5814 3281 5890">
     <span class='ocr_line' id='line_1_117' title="bbox 1541 5814 3281 5890; baseline -0.003 -18"><span class='ocrx_word' id='word_1_853' title='bbox 1541 5818 1583 5851; x_wconf 80' lang='grc'><strong>⁸⁷</strong></span> <span class='ocrx_word' id='word_1_854' title='bbox 1623 5817 1761 5872; x_wconf 76' lang='lat' dir='ltr'><strong>Psal.</strong></span> <span class='ocrx_word' id='word_1_855' title='bbox 1810 5833 1920 5884; x_wconf 78' lang='lat' dir='ltr'><strong>xiv,</strong></span> <span class='ocrx_word' id='word_1_856' title='bbox 1962 5815 2014 5871; x_wconf 82' lang='lat'><strong>6.</strong></span> <span class='ocrx_word' id='word_1_857' title='bbox 2091 5819 2134 5850; x_wconf 77' lang='grc'><strong>³³</strong></span> <span class='ocrx_word' id='word_1_858' title='bbox 2169 5818 2395 5890; x_wconf 84' lang='lat' dir='ltr'><strong>Philipp.</strong></span> <span class='ocrx_word' id='word_1_859' title='bbox 2443 5836 2501 5883; x_wconf 90' lang='grc' dir='ltr'><strong>ιι,</strong></span> <span class='ocrx_word' id='word_1_860' title='bbox 2544 5818 2660 5874; x_wconf 87' lang='grc'><strong>6-8.</strong></span> <span class='ocrx_word' id='word_1_861' title='bbox 2738 5818 2780 5850; x_wconf 75' lang='grc'><strong>³³</strong></span> <span class='ocrx_word' id='word_1_862' title='bbox 2823 5814 2983 5874; x_wconf 77' lang='lat' dir='ltr'><strong>Hebr.</strong></span> <span class='ocrx_word' id='word_1_863' title='bbox 3038 5831 3118 5882; x_wconf 86' lang='grc' dir='ltr'>ιιι,</span> <span class='ocrx_word' id='word_1_864' title='bbox 3166 5814 3281 5868; x_wconf 82' lang='grc'><strong>1-6.</strong></span> 
     </span>
    </p>
   </div>
  </div>
