4116 6492
65 441 107 495 1
118 442 264 499 369

960 448 1050 502 AD
1091 444 1388 502 llEGlNAS
1428 444 1515 500 DE
1554 444 1780 501 RECTA
1816 447 1971 504 FIDE
2010 452 2270 510 ORATIO
2310 451 2611 510 ALTERA.

3256 454 3399 515 131)

70 556 261 613 Θεοῦ
312 560 422 613 καλ⁵
456 560 669 631 [ἰατρὸς
698 560 922 628 γέγονεν
957 561 1189 633 Ἰησοῦς,
1215 560 1492 618 τουτέστιν
1513 561 1725 633 ἀνθρω-

1826 566 2195 624 Confessionis
2247 579 2446 625 nostra:
2504 566 2780 637 apostolus
2828 574 2885 622 et
2939 563 3181 635 pontifex
3220 580 3252 621 a
3285 564 3398 624 Deo

73 668 220 715 ττος
258 650 545 724 πεφηνὼς
573 653 602 704 6
634 652 699 704 ὲκ
724 650 860 705 Θεοῦ
893 654 1069 723 Λόγος
1091 671 1104 684 ο
1130 653 1252 708 τότε
1280 652 1389 723 γὰρ
1414 651 1728 722 ὠνόμασται

80 744 216 797 καὶ
262 743 493 815 Ἰησοῦς
517 742 605 796 διὰ
631 745 731 813 τῆς
760 743 855 797 τοῦ
895 746 1129 815 ἀγγέλου
1166 747 1369 815 φωνῆς.
1394 746 1505 798 Καὶ
1533 746 1730 817 μικρὸν

89 836 227 905 μὲν
262 835 477 905 κομιδῇ
495 836 562 904 τῇ
592 832 685 886 τοῦ
713 836 887 904 Λόγου
912 838 1071 907 φύσει
1098 837 1159 891 τό
1189 852 1250 888 τε
1278 836 1377 906 τῆς
1403 837 1725 909 ἱερωσύνης,

87 925 217 977 καὶ
255 923 329 975 τὺ
370 921 472 991 τῆς
502 922 804 995 ἀποστολῆς
832 926 1004 997 ὄνομά
1029 944 1088 980 τε
1116 926 1211 981 καὶ
1240 925 1433 997 χρῆμα
1453 942 1467 956 ο
1507 930 1616 991 τοῖς
1661 943 1727 996 γε

96 1014 241 1083 μὴν
280 1011 394 1081 τῆς
420 1012 844 1086 ἀνθρωπότητος
887 1018 1109 1087 μέτροις
1138 1017 1225 1086 εἴη
1256 1017 1321 1069 ἂν
1346 1017 1447 1071 οὐκ
1490 1019 1730 1089 ἀνάρμο-

96 1120 285 1157 στον.
350 1104 441 1167 Ὠς
465 1104 574 1178 γὰρ
605 1108 768 1170 αὐτός
798 1107 902 1160 πού
944 1126 1129 1178 φησιν,
1161 1127 1179 1160 ι
1229 1108 1287 1161 '0
1314 1106 1443 1171 Υἱὸς
1474 1108 1574 1162 οὐκ
1597 1104 1728 1180 ἦλθε

93 1193 559 1266 διακονηθῆναι,
580 1197 716 1250 ἀλλὰ
741 1198 1081 1268 διακονῆσαι,
1104 1200 1198 1254 καὶ
1218 1198 1400 1253 δοῦναι
1429 1199 1527 1271 τὴν
1552 1200 1729 1271 ψυχὴν

97 1283 305 1337 αὑτοῦ
344 1286 663 1357 ἀντίλυτρον
687 1289 826 1357 ὑπὲρ
853 1289 1081 1345 πολλῶν.
1127 1310 1145 1343 ι
1176 1290 1249 1343 Τδ
1282 1290 1379 1361 μὲν
1406 1290 1515 1362 γὰρ
1541 1290 1729 1346 διακο-

96 1378 357 1432 νεῖσθαι
387 1380 541 1452 παρά
562 1381 665 1451 τῆς
695 1379 947 1448 κτίσεως,
971 1383 1173 1453 πρέποι
1198 1380 1264 1435 ἂν
1294 1382 1441 1453 αὑτῷ
1459 1383 1553 1438 καὶ
1584 1384 1730 1455 μάλα

101 1469 397 1533 εἰκότως,
433 1470 623 1540 ὥσπερ
673 1469 792 1539 Θεῷ
838 1472 933 1524 καὶ
962 1473 1227 1543 Δεσπότῃ.
1266 1473 1358 1526 καὶ
1405 1473 1510 1527 ὑπὸ
1562 1473 1729 1537 πόδας

104 1558 321 1629 ἔχοντι
365 1562 476 1615 πᾶν
526 1562 664 1632 ὅπερ
701 1562 817 1615 ἐστὶ
850 1565 1099 1634 γενητόν.
1139 1564 1213 1617 Τὸ
1250 1563 1308 1618 δέ
1339 1580 1402 1633 γε
1440 1565 1725 1629 διακονεῖν,

103 1649 486 1720 ἀνθρώπινον
523 1651 623 1721 μέν
644 1665 657 1681 °
688 1652 836 1723 ’πλὴν
868 1654 993 1706 ὅσον
1026 1649 1162 1725 ἧκεν
1193 1655 1274 1719 είς
1294 1656 1419 1719 τοὺς
1448 1659 1549 1727 τῆς
1590 1656 1728 1727 μετά

113 1743 356 1812 σαρκὸς
380 1743 695 1813 οἰκονομίας
726 1743 942 1813 λόγους,
981 1747 1082 1801 οὐκ
1111 1746 1373 1810 ἀπεοικὸς
1401 1746 1477 1817 τῷ
1500 1765 1563 1816 γε
1592 1748 1728 1811 ὅλως

112 1830 343 1886 ἑαυτὸν
368 1831 590 1887 καθέντι
619 1834 757 1905 πρὸς
794 1833 867 1888 τὰ
892 1835 1233 1906 ἀνθρώπινα.
1269 1836 1460 1909 Ἀθρει
1481 1838 1537 1892 δὲ
1579 1840 1726 1903 ὅπως

115 1920 418 1992 ίερατεύει
452 1922 553 1992 μὲν
579 1923 957 1995 ἀνθρωπίνως,
979 1928 1073 1981 καὶ
1092 1926 1320 1999 μεσίτης
1340 1928 1571 1984 τέθειται
1586 1930 1722 1985 Θεοῦ

115 2012 230 2064 καὶ
267 2010 607 2080 ἀνθρώπων
649 2015 930 2085 μεσιτεύει
979 2016 1089 2087 γὰρ
1135 2018 1243 2081 πᾶς
1296 2016 1505 2088 ἱερεύς*
1540 2018 1632 2073 τὸν
1667 2018 1723 2073 δὲ

116 2101 239 2170 τῆς
292 2100 490 2166 θυσίας
518 2104 718 2175 τρόπον
749 2107 850 2159 οὐκ
889 2106 971 2160 ἔτι
997 2106 1121 2161 καθ’
1152 2107 1252 2164 ενα.
1287 2108 1399 2163 τῶν
1426 2109 1551 2164 καθ’
1574 2112 1723 2181 ἡμᾶς

122 2192 341 2263 ἱερέων
375 2196 738 2266 προσκομίζει
779 2196 1184 2269 δουλοπρεπῶς,
1218 2200 1369 2254 οὐδὲν
1405 2200 1567 2265 αὐτὸς
1600 2203 1723 2255 ὲπι-

122 2284 425 2339 κοινωνῶν
455 2288 536 2350 εἰς
557 2287 620 2340 τὸ
658 2287 848 2341 λαϐεῖν
870 2289 1041 2361 αὐτήν
1060 2307 1073 2319 ο
1102 2290 1217 2344 ἀλλ’
1257 2292 1433 2363 ἑαυτῷ
1459 2310 1721 2363 πραγμα-

122 2374 385 2440 τεύεται,
420 2378 516 2430 καὶ⁵
547 2377 615 2431 δι’
661 2379 830 2433 αὐτοῦ
872 2398 931 2435 τε
968 2382 1063 2435 καὶ
1111 2383 1169 2435 έν
1218 2383 1369 2453 αύτῷ
1399 2383 1478 2455 τῷ
1522 2386 1719 2456 Πατρί.

138 2466 453 2539 Ὶερουργεῖ
496 2470 606 2541 γάρ
644 2471 806 2541 ἡμῶν
854 2471 954 2543 τὴν
981 2473 1293 2544 ὁμολογίαν,
1338 2477 1588 2530 τουτέστι
1622 2476 1722 2548 τὴν

130 2558 352 2624 πίστιν,
402 2558 470 2629 ἢν
517 2560 613 2613 καὶ
660 2561 837 2633 ὀρθῶς
868 2564 1257 2635 κατειθίσμεθα
1302 2566 1591 2631 ποιεῖσθαι,
1631 2567 1720 2621 λέ·

132 2662 373 2717 γοντες²
415 2667 434 2700 ι
466 2648 804 2719 Πιστεύομεν
840 2653 921 2719 είς
961 2651 1056 2705 ἕνα
1086 2652 1218 2706 Θεὸν
1257 2655 1479 2725 Πατέρα
1515 2673 1719 2709 παντο-

136 2739 398 2809 κράτορα
425 2755 441 2771 ο
476 2740 571 2793 καὶ
600 2743 682 2804 εἰς
715 2740 813 2793 ἕνα
852 2740 1058 2813 Κύριον
1100 2744 1306 2813 Ἰησοῦν
1343 2745 1576 2816 Χριστὸν
1628 2747 1721 2800 τὸν

132 2829 274 2881 Υίον
307 2829 504 2883 αὐτοῦ’
535 2830 629 2884 ιια)⁸
659 2831 741 2895 είς
769 2831 831 2884 τὸ
863 2828 1089 2903 Πνεῦμα
1126 2832 1189 2886 τὸ
1222 2834 1399 2902 ἆγιον.
1436 2853 1455 2886 ι
1488 2836 1717 2902 Οὐκοῦν,

133 2920 249 2975 κᾶν
298 2920 601 2991 ἱερατεύειν
635 2922 992 2992 ἀνθρωπίνως
1035 2923 1284 2994 λέγηται,
1330 2925 1466 2979 ἀλλά
1504 2926 1719 2997 δέχεται

133 3013 242 3081 τὴν
280 3011 469 3066 θυσίαν
498 3011 663 3076 αὐτὸς
699 3012 916 3077 θεῖκῶς,
938 3015 966 3067 6
995 3013 1157 3077 αὐτὸς
1189 3013 1264 3067 ὣν
1291 3016 1427 3086 ὁμοῦ
1460 3016 1591 3081 Θεὸς
1625 3018 1719 3072 καὶ

134 3102 451 3172 ἄνθρωπος.
478 3103 709 3173 Είρηται
739 3102 796 3155 δὲ
825 3103 1035 3167 πιστὸς,
1071 3103 1158 3157 διὰ
1190 3104 1251 3157 τὸ
1283 3105 1370 3159 ἀεὶ
1416 3104 1607 3171 σώζειν
1630 3107 1720 3161 δύ-

139 3193 342 3247 νασθαι
365 3193 490 3256 τοὺς
509 3192 982 3264 προσερχομένους
999 3194 1065 3247 δι’
1083 3194 1342 3266 αὐτοῦκτῷ
1358 3196 1495 3267 Θεῷ.
1522 3180 1719 3262 Πιστὸς

139 3283 201 3337 δὲ
234 3284 549 3355 ὠνόμασται
586 3284 681 3338 καὶ
706 3285 869 3347 αὐτὸς
893 3285 923 3337 6
955 3286 1167 3355 Πατήρ.
1202 3287 1634 3359 Συγκρινόμενος
1660 3289 1717 3343 δέ

142 3390 267 3439 πως
294 3379 358 3447 τῇ
394 3378 640 3439 Μωσέως
663 3374 910 3447 διακονίᾳ
939 3375 1083 3429 κατὰ
1104 3376 1164 3430 τὸ
1190 3377 1550 3449 ἀνθρώπινον,
1584 3381 1717 3450 ὅσην

145 3466 262 3536 ἔχει
287 3467 382 3539 τὴν
415 3467 688 3542 ὑπεροχὴν
720 3469 865 3521 κατά
889 3484 950 3535 γε
982 3467 1043 3520 τὸ
1076 3464 1216 3521 εἶναι
1252 3468 1405 3532 Θεὸς,
1445 3471 1718 3543 ἀναμάθοι

144 3574 233 3622 τις
268 3560 353 3623 ἂν,
391 3562 485 3615 καὶ
516 3562 575 3615 οὐ
604 3562 701 3615 σὺν
730 3559 914 3629 ίδρῶτι
943 3558 1161 3630 μακρῷ,
1196 3558 1413 3628 ἐννοῶν,
1440 3562 1522 3615 ὅτι
1553 3564 1581 3616 6
1619 3562 1720 3634 μὲν

147 3650 225 3713 ὡς
246 3651 457 3721 οἰκέτης
486 3652 546 3705 ὲν
576 3652 654 3723 τῷ
682 3654 816 3724 οῐκῳ
847 3653 1056 3715 πιστὸς,
1079 3653 1107 3704 6
1140 3651 1197 3704 δὲ
1226 3650 1301 3715 ὡς
1317 3652 1596 3724 Δεσπότης
1625 3654 1719 3707 tut

150 3742 247 3795 τὸν
281 3741 428 3797 οἷκον
472 3743 660 3801 αὐτοῦ.
692 3746 804 3799 Καὶ
828 3747 911 3798 ὅτι
936 3743 1032 3797 τοῦ
1074 3741 1225 3796 οῐκου
1270 3746 1721 3815 κατασκευαστὴς

153 3837 251 3888 rat
267 3835 590 3905 δημιουργὸς
609 3840 638 3890 6
669 3836 1025 3907 Ἐμμανουήλ
1043 3851 1055 3863 ·
1083 3827 1144 3887 οὗ
1171 3830 1318 3898 οἶκός
1344 3837 1510 3905 ἐσμεν
1535 3838 1715 3906 ἡμεῖς.

168 3926 517 3998 Ἀσύγκριτος
537 3926 594 3979 δὲ
622 3926 853 3997 Ποιητοῦ
884 3926 1022 3997 πρὸς
1049 3930 1110 3980 τὸ
1141 3926 1364 3996 ποιηθὲν
1398 3928 1432 3997 ἡ
1461 3912 1716 3996 διαφορὰ,

156 4018 251 4073 καὶ
283 4017 374 4071 τοῦ
404 4018 545 4072 κατά
574 4018 736 4086 φύσιν
762 4019 1033 4073 Δεσπότου
1063 4018 1202 4091 πρὸς
1228 4016 1291 4070 τὸ
1318 4015 1505 4070 δοῦλον
1528 4027 1552 4055 ο
1586 4016 1720 4088 ἀλη-

158 4109 264 4173 θῶς
290 4110 375 4164 καὶ
408 4111 465 4163 ἐν
501 4111 685 4179 ὑφέσει
717 4110 1027 4181 νοούμενον.

160 4202 330 4255 domui
376 4210 630 4270 tanquam
680 4203 962 4258 Dominum
1012 4202 1328 4273 praefuisse,
1385 4200 1496 4255 imo
1540 4201 1708 4269 ipsius

1829 656 1989 714 Patre
2036 660 2311 717 institutus
2356 671 2442 716 est
2496 657 2672 725 Iesus,
2724 658 2824 713 hoc
2881 667 2966 713 est
3024 656 3119 715 Dei
3159 654 3399 714 Verbum

1830 749 2190 806 incarnatnm.
2244 752 2396 807 Tunc
2438 752 2581 806 enim
2612 748 2739 805 Jesu
2778 751 2995 804 nomine
3020 764 3118 820 per
3144 748 3397 821 angelum

1829 839 2150 908 appellatum
2180 853 2284 897 est.
2341 842 2407 895 Et
2454 840 2672 909 quidem
2722 839 3013 902 sacerdotii
3039 847 3095 894 et
3128 836 3401 907 apostola-

1832 940 1916 985 tus
1964 946 2155 987 nomen
2185 942 2237 988 et
2274 947 2385 998 res,
2422 932 2712 1002 perexigua
2744 937 2893 994 sunt,
2922 928 2967 985 si
3000 927 3165 983 Verbi
3193 936 3402 982 natura

1829 1022 2214 1088 attribuantur,
2243 1032 2615 1077 verumtamen
2652 1022 2905 1077 humana:
2945 1027 3151 1074 natura:
3181 1016 3401 1073 modulo

1829 1128 1936 1167 non
1963 1112 2256 1185 incongrue
2282 1115 2659 1181 adaptantum
2690 1110 2823 1166 Nam
2854 1108 3024 1166 Filius
3046 1111 3132 1180 (ut
3165 1109 3279 1178 ipse
3296 1107 3401 1164 ali-

1829 1205 1950 1261 cubi
1976 1207 2223 1277 testatur)
2249 1220 2353 1261 non
2370 1214 2591 1260 venerat
2610 1203 2931 1267 ministrari,
2951 1202 3044 1257 sed
3068 1200 3401 1267 ministrare,

1828 1309 1883 1355 et
1903 1299 2034 1354 dare
2055 1300 2291 1353 animam
2315 1312 2467 1353 suam
2500 1294 2919 1364 redemptionem
2963 1308 3063 1363 pro
3089 1290 3271 1346 multis
3292 1288 3394 1346 ⁸⁸.»

1830 1389 1983 1457 Quod
2025 1388 2185 1459 igitur
2216 1398 2587 1444 creaturarum
2619 1384 2862 1440 omnium
2927 1383 3228 1439 ministerio
3277 1380 3402 1451 iure

1828 1481 2024 1537 merito
2054 1482 2313 1550 potiatur,
2334 1482 2437 1535 hoc
2472 1478 2595 1536 inde
2626 1478 2811 1545 habet,
2838 1478 2967 1547 quia
2990 1476 3132 1531 Deus
3157 1484 3262 1541 est,
3290 1474 3401 1530 Do-

1829 1574 2007 1629 minus
2044 1580 2132 1629 est
2160 1582 2436 1642 totumque
2469 1570 2612 1639 quod
2661 1578 2839 1626 ortum
2874 1568 3063 1639 quovis
3091 1567 3249 1623 modo
3279 1581 3401 1623 sor-

1829 1664 1983 1719 titum
2020 1672 2124 1726 est,
2167 1663 2393 1731 pedibus
2424 1662 2567 1717 illius
2599 1660 2933 1715 substratum
2963 1668 3050 1714 est
3081 1676 3096 1713 :
3127 1658 3271 1727 quod
3303 1671 3402 1712 au-

1831 1762 1937 1808 tem
1972 1754 2266 1817 ministrat,
2292 1753 2393 1807 hoc
2417 1761 2624 1808 natura:
2648 1750 2897 1805 humanm
2921 1756 3026 1803 est.
3051 1745 3239 1817 Neque
3269 1746 3397 1811 hoc,

1829 1844 1874 1899 si
1909 1843 2323 1913 dispensationis
2363 1857 2484 1897 cum
2537 1854 2703 1896 carne
2756 1838 3022 1895 rationem
3072 1844 3308 1907 spectes,
3334 1834 3401 1890 il-

1756 1904 1800 1963 Β
1828 1935 1939 1989 lum
1991 1904 2240 2001 dedecet,
2289 1935 2380 2004 qui
2428 1948 2488 1988 se
2536 1932 2706 1987 semel
2764 1933 2830 1985 ad
2888 1904 3121 1984 humana
3156 1926 3396 1983 demisit.

1830 2024 1965 2081 Vide
1986 2026 2120 2094 jam,
2152 2025 2424 2095 quomodo
2454 2024 2753 2079 secundum
2812 2023 3102 2076 humanam
3145 2028 3400 2073 naturam

1827 2119 2113 2175 sacerdotii
2170 2133 2367 2172 munus
2421 2115 2601 2181 obeat,
2655 2114 3023 2183 mediatorque
3052 2111 3195 2167 inter
3222 2109 3394 2165 Deum

1824 2219 1882 2264 et
1910 2209 2158 2264 homines
2204 2208 2437 2262 exsistat
2463 2224 2478 2261 :
2512 2206 2693 2262 omnis
2722 2205 2868 2260 enim
2898 2203 3158 2260 sacerdos
3186 2201 3398 2257 media-

1831 2301 1962 2357 toris
1996 2300 2170 2357 oﬁicio
2202 2299 2444 2370 fungitur
2474 2317 2490 2366 ;
2525 2309 2895 2355 verumtamen
2934 2294 3190 2351 sacriﬁcii
3231 2292 3397 2347 ritum

1828 2408 1936 2449 non
1965 2393 2081 2449 obit
2107 2391 2375 2447 serviliter
2398 2390 2740 2446 sacerdotum
2773 2388 2942 2444 nostri
2974 2386 3186 2442 ordinis
3216 2397 3395 2450 more,

1826 2483 1979 2553 quasi
2014 2484 2129 2550 ipse
2163 2499 2267 2537 non
2302 2484 2376 2537 sit
2409 2484 2495 2537 cui
2525 2482 2689 2537 etiam
2743 2480 3076 2535 sacriﬁcium
3127 2474 3396 2531 offertur:

1827 2574 1922 2628 sed
1974 2573 2161 2643 sibipsi
2206 2584 2423 2642 quoque
2471 2570 2781 2637 sacriﬁcat,
2826 2579 2881 2626 et
2908 2584 3006 2640 per
3041 2568 3304 2639 seipsum,
3342 2571 3402 2619 et

1826 2661 1880 2716 in
1921 2661 2098 2727 seipso
2138 2660 2245 2715 Deo
2285 2661 2455 2715 Patri.
2515 2659 2685 2715 Oﬁ‘ert
2743 2670 2924 2714 autem
2976 2667 3218 2713 nostram
3266 2668 3401 2709 con-

1827 2753 2144 2817 fessionem,
2188 2752 2293 2806 hoc
2340 2762 2425 2806 est
2467 2750 2671 2815 ﬁdem;
2702 2765 2864 2820 quam
2905 2748 3008 2804 rite
3054 2746 3237 2801 facere
3262 2760 3398 2800 con-

1826 2843 2121 2910 suevimus,
2177 2843 2420 2917 dicentes
2454 2860 2470 2898 :
2500 2860 2518 2893 ι
2554 2842 2840 2897 Credimus
2884 2842 2938 2894 in
2966 2838 3134 2894 Deum
3178 2830 3397 2892 Patrem

1825 2936 2248 3005 omnipotentem
2276 2950 2291 2998 ;
2322 2943 2376 2987 et
2405 2934 2457 2987 in
2492 2949 2659 2987 unum
2708 2933 2996 2987 Dominum
3022 2928 3206 2985 Jesum
3235 2928 3397 2984 Chri-

1827 3034 1971 3081 stum
1999 3025 2191 3080 Filium
2225 3024 2362 3094 ejus,
2393 3034 2441 3079 et
2475 3026 2526 3078 in
2560 3024 2819 3096 Spiritum
2856 3030 3127 3077 sanctum.
3165 3038 3185 3071 ι
3212 3019 3399 3089 Itaque

1825 3119 1926 3174 etsi
1952 3118 2255 3172 sacerdotio
2316 3116 2464 3185 fungi
2530 3115 2730 3170 dicitur
2786 3113 3079 3169 secundum
3147 3119 3395 3164 naturam

1829 3210 2142 3270 humanam,
2179 3207 2505 3261 sacriﬁcium
2540 3216 2718 3261 tamen
2745 3204 2986 3260 oblatum
3022 3201 3274 3272 suscipit,
3303 3214 3395 3257 se-

1824 3303 2058 3354 cundum
2109 3298 2387 3353 divinam:
2434 3306 2523 3352 est
2571 3296 2714 3350 enim
2766 3295 2908 3351 idem
2953 3294 3094 3348 Deus
3138 3290 3302 3347 simul
3339 3298 3399 3345 et

1825 3393 2007 3448 homo.
2046 3390 2361 3460 Appellatus
2389 3398 2472 3444 est
2496 3397 2678 3442 autem
2712 3386 2905 3450 ﬁdelis,
2944 3394 3227 3454 propterea
3253 3382 3397 3451 quod

1825 3499 2038 3554 semper
2067 3484 2279 3538 salvare
2308 3490 2469 3550 queat
2503 3494 2619 3544 eos,
2672 3477 2763 3549 qui
2796 3491 2890 3547 per
2922 3475 3096 3545 ipsum
3123 3474 3190 3528 ad
3219 3471 3393 3527 Deum

1827 3574 2112 3630 accedunt.
2168 3570 2328 3642 ιω
2371 3569 2512 3636 Quin
2556 3578 2613 3625 et
2651 3568 2765 3638 ipse
2787 3582 3004 3637 quoque
3028 3564 3192 3620 Pater
3217 3561 3393 3617 ﬁdelis

1818 3663 2089 3718 interdum
2144 3674 2390 3720 vocatur.
2452 3660 2665 3726 Quanto
2692 3668 2875 3713 autem
2906 3654 3198 3710 intervallo
3228 3650 3391 3706 mitti-

1820 3753 2046 3807 stcrium
2099 3751 2242 3807 illius
2288 3760 2348 3806 ut
2402 3748 2640 3805 hominis
2685 3763 2808 3804 cum
2868 3744 3106 3801 διοωίεο
3138 3743 3392 3798 collatum

1819 3846 2065 3908 excedat,
2092 3856 2362 3912 quatenus
2397 3842 2486 3897 hic
2518 3842 2565 3896 si
2606 3838 2983 3896 consideretur
3009 3847 3069 3891 ut
3100 3835 3242 3890 Deus
3270 3848 3396 3905 per-

1824 3933 1964 3988 facili
1996 3934 2210 4002 negotio
2252 3934 2303 3985 id
2344 3932 2521 3999 quivis
2551 3929 2833 3998 intelliget,
2866 3929 2911 3983 si
2952 3942 3135 3983 secum
3182 3928 3392 3996 reputet

1824 4021 1970 4075 illum
2000 4021 2217 4087 quidem
2248 4018 2409 4073 veluti
2444 4016 2651 4072 ﬁdelem
2688 4015 2949 4070 famulum
2991 4016 3043 4069 in
3071 4014 3231 4068 domo
3266 4021 3391 4065 ver-

1824 4120 1999 4163 satum
2031 4124 2186 4170 esse;
2224 4109 2368 4162 hunc
2395 4121 2546 4170 vero,
2580 4107 2680 4162 hoc
2704 4116 2788 4161 est
2818 4105 3248 4167 Emmanuclem,
3290 4100 3391 4156 toti

1757 4202 1949 4257 domus
2009 4202 2362 4255 architectum
2413 4199 2862 4268 conditoremque
2933 4192 3247 4261 exstitisse;
3292 4211 3391 4250 cu—

156 4291 240 4359 jus
268 4291 476 4360 quidem
525 4294 716 4348 domus
752 4309 853 4347 nos
890 4309 1102 4348 sumus.
1152 4292 1309 4349 Nulla
1377 4309 1505 4348 vero
1538 4295 1872 4360 comparatio
1941 4295 2238 4347 intercedet
2305 4293 2446 4346 inter
2489 4306 2577 4346 res
2617 4292 2861 4346 conditas
2903 4300 2959 4345 et
2998 4288 3389 4347 Conditorem:

163 4382 298 4437 inter
319 4398 436 4437 eum
470 4399 709 4447 rursum,
744 4385 834 4452 qui
865 4396 1054 4455 suapte
1093 4397 1283 4439 natura
1311 4388 1568 4441 Dominus
1592 4397 1699 4447 est.
1742 4396 1797 4441 et
1825 4402 1945 4441 eum
1982 4386 2072 4455 qui
2109 4401 2236 4442 vere
2268 4399 2459 4439 servus
2518 4394 2574 4438 et
2598 4385 2869 4440 subditus.
3394 4446 3399 4453 δ

231 4476 346 4532 KZ'.
391 4495 409 4528 ι
451 4478 574 4531 Ὅτι
606 4478 961 4548 atat-0.66611ch
998 4481 1061 4532 ὲκ
1092 4476 1189 4531 τοῦ
1232 4477 1462 4549 ούρανοῦ
1505 4478 1605 4549 οὐχ
1636 4478 1719 4531 ἵνα

1896 4477 2104 4533 XXVII.
2148 4497 2167 4529 ι
2198 4479 2333 4544 Quia
2364 4475 2620 4533 descendi
2670 4475 2736 4529 de
2781 4477 2953 4537 caelo,
2975 4490 3080 4527 non
3114 4483 3172 4526 ut
3198 4474 3393 4530 faciam

167 4568 300 4621 ποιῶ
325 4566 383 4621 τὸ
412 4567 622 4639 θέλημα
649 4568 711 4622 τὸ
742 4569 895 4639 ἐμὸν,
932 4567 1070 4622 ἀλλά
1108 4569 1170 4622 τδ
1215 4567 1423 4638 θέλημα
1450 4569 1543 4622 τοῦ
1578 4570 1718 4640 πέμ-

166 4658 352 4728 ψαντός
375 4676 463 4727 με.
493 4658 661 4713 Τοῦτο
705 4660 750 4713 δ’
788 4660 907 4713 ἐστὶ
946 4660 1007 4713 τὸ
1036 4659 1248 4729 θέλημα
1273 4659 1368 4713 τοῦ
1404 4661 1715 4731 πέμψαντός

171 4764 257 4819 με,
290 4747 371 4801 ινα
402 4750 510 4803 πᾶν
547 4748 577 4801 ὃ
622 4748 821 4803 δέδωκέ
861 4766 973 4819 μοι,
1018 4749 1094 4819 μὴ
1134 4749 1384 4803 ἀπολέσω
1425 4750 1484 4816 ἐξ
1529 4749 1713 4815 αὑτοῦ,

170 4840 297 4896 ἀλλὰ
323 4841 610 4910 ἀναστήσω
647 4840 779 4894 αὐτὸ
804 4842 863 4893 ὲν
890 4843 955 4911 τῇ
985 4839 1186 4911 ἐσχάτῃ
1222 4839 1423 4911 ἡμέρᾳ.
1467 4859 1488 4893 ι
1533 4841 1718 4894 Κατα-

173 4930 320 5001 δῆναί
352 4947 514 5001 φησιν
538 4931 729 4985 ἑαυτὸν
762 4932 822 4996 ἐξ
843 4930 1094 5003 ούρανοῦ,
1122 4931 1459 4985 ἀπεστάλθαι
1479 4947 1538 4983 τε
1569 4930 1719 5002 παρά

173 5020 260 5075 τοῦ
298 5020 427 5074 Θεοῦ
473 5022 569 5075 καὶ
606 5022 838 5093 Πατρὸς,
892 5024 1068 5076 καίτοι
1113 5024 1182 5075 τά
1229 5024 1406 5077 πάντα
1460 5022 1717 5091 πληρῶν·

177 5112 353 5176 έκεῖνο,
388 5104 579 5179 οἶμαι,
637 5111 1024 5176 καταδεικνὺς,
1071 5112 1165 5165 καὶ
1205 5111 1466 5173 καθιστὰς
1520 5112 1725 5165 ἅπασιν

178 5202 399 5272 ἐναργὲς,
437 5203 519 5254 ὅτι
557 5200 691 5264 Θεὸς
725 5200 801 5255 ῶν
836 5206 862 5254 6
891 5203 1083 5269 Λόγος,
1123 5202 1597 5269 καταπεφοίτηκεν
1641 5203 1721 5255 oi-

181 5291 465 5362 κονομικῶς
502 5294 581 5356 είς
607 5293 1004 5361 ἀνθρωπάτητα
1024 5293 1091 5345 δι’
1116 5295 1279 5363 ἡμᾶς.
1312 5293 1422 5346 Καὶ
1449 5290 1510 5344 οὗ
1538 5290 1590 5343 τί
1618 5308 1719 5343 που

184 5384 349 5448 μεθεὶς
390 5383 458 5436 τὺ
490 5378 630 5437 εἶναι
665 5383 823 5453 φύσει
857 5383 1007 5450 Θεὸς,
1058 5381 1381 5455 προσλαϐὼν
1414 5382 1470 5435 δὲ
1524 5380 1723 5451 μᾶλλον

242 5537 283 5571 ⁸³
310 5536 487 5591 Matth.
520 5554 610 5603 xx,
637 5536 727 5591 9.8.
805 5536 843 5569 δ’
887 5534 1041 5591 Joan.
1090 5552 1162 5601 vt,
1201 5536 1292 5598 58,
1335 5534 1423 5589 59.

1823 4570 2152 4623 voluntatem
2195 4584 2393 4628 meam,
2440 4570 2533 4620 sed
2589 4566 2922 4619 voluntatem
2965 4564 3083 4633 ejus
3123 4566 3214 4635 qui
3247 4566 3396 4621 misit

1824 4675 1930 4713 me.
1963 4658 2086 4713 [huc
2115 4668 2199 4713 est
2227 4668 2408 4712 autem
2452 4656 2703 4711 voluntas
2731 4655 2849 4724 ejus
2878 4655 2968 4725 qui
3000 4658 3154 4709 misit
3182 4670 3269 4711 me
3290 4656 3395 4711 Pa-

1826 4752 1942 4813 tris,
1984 4760 2045 4803 ιιι
2078 4765 2239 4805 untne
2276 4749 2420 4819 quod
2452 4748 2597 4803 dedit
2627 4747 2782 4811 mihi,
2814 4762 2918 4801 non
2955 4748 3178 4814 perdam
3209 4763 3275 4802 ex
3304 4763 3393 4815 eo,

1823 4843 1914 4896 sed
1940 4843 2254 4897 resuscitem
2298 4843 2425 4896 illud
2468 4841 2521 4894 in
2564 4836 2858 4894 novissimo
2891 4838 2979 4893 die
3001 4838 3071 4895 ⁸⁸.
3104 4858 3124 4893 ι
3164 4840 3396 4897 ϐωιίιιιε

1823 4947 1882 4987 se
1907 4935 2273 4999 descendisse,
2311 4942 2473 5002 atque
2513 4948 2542 4985 a
2581 4932 2687 4987 Deo
2726 4931 2888 4985 Patre
2912 4946 2970 4985 se
2995 4931 3217 4985 missum
3243 4946 3396 4987 asse-

1825 5025 1918 5087 rit,
1962 5024 2126 5078 etiant
2171 5024 2218 5077 si
2272 5023 2496 5092 impleat
2535 5021 2715 5075 omnia
2760 5038 2772 5073 :
2835 5021 2968 5076 illud
3012 5016 3309 5085 omnibus,
3337 5033 3396 5076 ut

1826 5122 1979 5185 puto,
2021 5115 2419 5176 demonstrare,
2458 5112 2786 5182 planumque
2817 5111 2997 5167 facere
3021 5110 3226 5175 volens,
3252 5115 3393 5181 quod

1825 5221 1947 5259 cum
1984 5202 2211 5258 Verbum
2269 5214 2416 5258 esset
2464 5205 2626 5270 Deus,
2670 5203 3066 5270 dispensatoria
3100 5203 3391 5259 rationein

1831 5295 2120 5348 humanam
2178 5302 2422 5345 naturain
2479 5304 2699 5361 propter
2753 5307 2850 5345 nos
2885 5306 2943 5346 se
2985 5292 3222 5347 demisit.
3270 5290 3392 5348 Non

1826 5380 1967 5449 quod
2000 5395 2093 5451 per
2116 5378 2217 5432 hoc
2247 5378 2387 5434 Deus
2420 5388 2609 5435 natura
2642 5394 2762 5435 esse
2791 5381 3097 5449 desisteret,
3125 5381 3219 5437 sed
3246 5382 3393 5452 quod

1240 5686 1413 5744 Varia
1439 5688 1693 5744 lectiones
1718 5686 1919 5745 codicis
1949 5686 2304 5760 Seguieriani.

233 5837 256 5875 ε
280 5828 357 5886 τὸν
380 5828 583 5884 δοῦλον.
