4116 6484
761 425 894 483 137i

760 542 816 600 id
864 538 1237 610 assumpserit,
1282 534 1425 605 qudd
1468 551 1572 590 non
1600 545 1716 589 erat
1767 553 1779 588 ε

758 642 1148 703 assumpserat,
1195 629 1577 698 propriumque
1630 626 1732 680 sibi
1776 624 1996 689 fecerat,
2043 624 2205 678 morti
2261 624 2323 677 ad

759 734 971 793 tempus
1003 720 1305 777 contradito
1327 761 1342 785 ,
1378 721 1582 775 nullum
1612 732 1678 772 ex
1714 716 1817 770 illis
1846 732 1982 785 quos
2014 728 2320 786 acceperat,

761 813 1097 883 deperderet,
1144 813 1239 868 sed
1292 820 1556 874 servaret,
1605 824 1669 864 ac
1721 808 1774 862 in
1822 810 2120 864 novissimo
2166 809 2252 863 die
2295 825 2323 862 a

758 903 989 958 mortuis
1031 904 1401 958 resnscitaret.
1443 901 1577 957 Cum
1628 909 1806 954 autem
1849 917 1954 956 non
1997 915 2175 963 suam,
2233 901 2323 954 sed

759 993 841 1048 sui
868 991 1048 1048 Patris
1069 994 1399 1047 voluntatem
1440 1007 1497 1046 se
1526 991 1784 1060 perlicere
1812 992 1983 1056 addit,
2019 991 2324 1047 Iudaeorum

758 1081 1035 1135 vesaniam
1062 1096 1125 1135 ex
1153 1081 1371 1148 obliquo
1402 1080 1757 1151 perstringit;
1788 1090 1845 1134 ut
1875 1083 1965 1149 qui
1998 1095 2147 1134 suam
2183 1094 2327 1133 sem-

757 1183 856 1237 per
891 1170 1219 1225 voluntatem
1273 1171 1607 1223 constituere
1647 1180 1975 1239 satagentes,
2005 1170 2325 1235 divinasque

759 1258 904 1328 leges
958 1256 1394 1326 parvifacientes,
1434 1257 1500 1311 de
1540 1258 1746 1312 Domini
1792 1260 1873 1313 sui
1918 1257 2128 1327 placitis
2161 1260 2323 1325 perti-

757 1349 964 1404 ciendis
1001 1348 1133 1403 nihil
1166 1350 1457 1419 quidquam
1494 1351 1645 1416 pensi
1682 1350 1984 1404 haberent:
2024 1349 2149 1401 dum
2178 1348 2323 1401 enim

756 1451 911 1491 suum
940 1437 1041 1492 hoc
1091 1437 1206 1493 loco
1256 1449 1558 1509 promptum
1594 1439 1921 1508 obsequendi
1966 1440 2199 1492 studium
2233 1455 2325 1507 pa-

757 1526 863 1581 lam
906 1531 1268 1596 commendat,
1324 1530 1537 1585 illorum
1603 1530 1947 1585 rebellionem
2012 1530 2324 1598 neutiquam

756 1619 985 1675 obscure
1032 1620 1260 1676 incusat.
1314 1621 1452 1689 Quin
1508 1632 1562 1677 et
1614 1623 1739 1676 alibi
1773 1638 1987 1691 quoque
2021 1622 2328 1678 eonomine

759 1709 877 1761 illos
910 1712 1206 1777 insimulat,
1249 1715 1393 1782 quod
1428 1714 1573 1775 odio,
1618 1713 1999 1781 insectatione,
2034 1716 2327 1783 iniquoque

756 1799 959 1867 judicio
1007 1817 1072 1856 ex
1116 1804 1363 1861 instituto
1406 1812 1599 1859 contra
1630 1819 1688 1859 se
1734 1806 2098 1861 desaevirent:
2142 1825 2160 1857 ι
2197 1805 2324 1871 Vos,

760 1891 956 1959 inquit,
976 1895 1268 1949 secundum
1296 1895 1819 1964 carnemjudicatis;
1871 1912 1969 1968 ego
2010 1913 2112 1951 non
2140 1897 2325 1966 judico

758 1996 1082 2050 quemquam
1113 2000 1128 2050 ;
1164 1994 1219 2039 et
1242 1986 1299 2040 'si
1325 1985 1509 2053 judico
1542 2002 1673 2058 ego,
1704 1987 1966 2056 judicium
2020 2004 2196 2042 meum
2235 2003 2327 2043 ve-

759 2085 875 2123 rum
905 2082 989 2127 est
1022 2092 1033 2125 :
1069 2075 1191 2143 quia
1248 2090 1352 2130 non
1404 2093 1587 2147 quwro
1626 2079 1955 2133 voluntatem
1999 2092 2195 2143 meam,
2233 2080 2326 2134 sed

757 2161 1083 2219 voluntatem
1116 2167 1231 2237 ejus
1260 2170 1351 2238 qui
1383 2171 1527 2224 misit
1546 2186 1629 2225 me
1646 2172 1711 2225 “.
1739 2189 1756 2221 ι
1776 2170 2033 2239 Loquitur
2061 2186 2187 2240 ergo
2210 2172 2327 2227 haec

755 2256 1053 2310 secundum
1090 2260 1272 2315 carnis
1302 2261 1785 2331 dispensationem.

826 2343 1057 2400 XXVIII.
1121 2348 1224 2404 Sed
1273 2366 1389 2419 age,
1446 2367 1589 2407 nunc
1638 2353 1866 2408 alterum
1922 2354 2052 2409 illud
2110 2369 2326 2425 quoque

753 2436 1143 2501 expendamus.
1198 2436 1329 2492 Cum
1388 2454 1419 2493 e
1471 2440 1610 2494 coelo
1651 2439 2017 2494 descendisset
2057 2448 2116 2493 ut
2161 2439 2321 2506 Deus,

753 2522 873 2578 illos
910 2540 939 2578 a
974 2525 1129 2581 Patre
1177 2528 1277 2582 sibi
1318 2529 1473 2583 datos
1510 2529 1762 2594 aﬂirmat,
1793 2531 1884 2601 qui
1928 2532 1979 2585 in
2019 2532 2165 2585 illum
2202 2548 2320 2587 cre-

752 2616 985 2681 derent;
1022 2633 1125 2671 non
1159 2619 1319 2690 150
1346 2630 1405 2674 ut
1436 2621 1556 2676 illos
1585 2623 1796 2689 perdat,
1837 2622 1930 2676 sed
1966 2632 2023 2676 ut
2051 2623 2103 2676 in
2136 2624 2322 2678 novis-

753 2707 896 2761 simo
951 2707 1041 2763 die
1087 2711 1152 2763 ad
1214 2712 1379 2764 vitam
1414 2712 1799 2766 exsuscitet“.
1861 2712 1967 2767 Sed
2024 2728 2131 2781 quo
2165 2714 2323 2767 modo

751 2800 1089 2853 exsuscitat?
1118 2816 1221 2855 non
1252 2801 1357 2855 alio
1385 2817 1537 2865 sane,
1570 2818 1732 2871 quam
1768 2818 1865 2872 per
1892 2819 2045 2857 suam
2080 2817 2147 2857 ex
2180 2818 2325 2857 mor-

754 2890 863 2945 tuis
918 2892 1403 2951 resurrectionem.
1456 2894 1685 2962 Proprio
1739 2910 1973 2964 namque
2022 2895 2220 2964 templo
2268 2896 2323 2950 in

752 2982 914 3035 vitam
973 2985 1259 3049 restituto,
1327 2987 1624 3055 mortisque
1681 2988 1907 3057 imperio
1955 3005 2050 3058 per
2095 2991 2325 3059 propriae

752 3075 935 3129 carnis
967 3086 1195 3132 mortem
1221 3079 1499 3143 demolito,
1531 3080 1779 3133 humanae
1801 3090 2007 3135 natura:
2039 3081 2104 3135 ad
2143 3097 2325 3137 resur-

1716 415 1774 470 8.
1802 413 2077 470 CYRILLI
2114 410 2585 467 ALEXANDRINI
2625 412 2944 470 ARCHIEP.

1835 542 1891 585 ut
1930 546 2155 597 corpore
2185 530 2325 599 quod

2431 530 2567 599 ὅπερ
2601 530 2701 583 οὐκ
2722 525 2811 599 ἦν,
2842 531 2929 584 ἵνα
2963 529 3056 582 καὶ
3076 527 3198 588 δοὺς
3225 525 3302 595 τῷ
3339 523 3567 593 Θανάτῳ
3594 519 3737 590 πρὸς
3771 518 3953 588 βριχῦ
3978 522 4024 567 τὲ

3888 403 4017 458 Ιὸῗξ

2427 622 2625 675 ἑνωθὲν
2652 623 2801 693 αὐτῷ
2824 622 2982 692 σῶμα
3004 620 3097 673 καὶ
3116 618 3246 670 ἴδιον
3268 614 3461 681 αὑτοῦ,
3490 613 3707 686 μηδένα
3738 609 3985 675 ἀπολέσῃ
4011 610 4022 643 τ

2424 713 2533 765 τῶν
2568 713 2829 767 δοθέντων
2870 712 3039 781 αύτῷ,
3079 707 3321 779 διασώσῃ
3362 707 3421 760 δὲ
3470 706 3708 777 μᾶλλον,
3743 700 3853 753 καὶ
3908 703 4024 752 ἀνα-

2428 806 2601 877 στήσῃ
2632 808 2830 869 αὐτοὺς
2864 809 2889 846 ⁸
2923 806 2980 857 ἓν
3013 804 3079 872 τῇ
3106 798 3310 869 ἐσχάτῃ
3334 799 3543 869 ἡμέρᾳ.
3587 796 3784 851 Ποιεῖν
3821 792 3925 861 μὲν
3946 785 4023 843 εὖτ

2424 896 2601 963 λέγων
2634 898 2694 950 τὸ
2734 897 2946 966 θέλημα
2975 892 3069 946 τοῦ
3120 889 3353 961 Πατρδς,
3391 891 3486 942 καὶ
3529 890 3658 959 οὐχὶ
3696 887 3764 954 δὴ
3808 884 4024 937 πάντως

2423 989 2485 1041 τὸ
2510 988 2727 1053 ἑαυτοῦ,
2756 988 2856 1051 τὰς
2896 986 3003 1039 τῶν
3041 983 3312 1038 Ἰουδαίων
3349 980 3612 1041 ἀπονοίας
3649 978 3904 1045 ἐλέγχει,
3945 976 4027 1026 καὶ

2426 1078 2759 1149 ύποπλήττει
2795 1077 3057 1141 πλαγίως,
3104 1075 3179 1137 ὡς
3222 1071 3399 1127 ἀεὶτὸ
3440 1070 3572 1123 ῐδιον
3619 1070 3911 1129 ίστῶντας
3944 1066 4023 1117 θέο

2427 1169 2597 1240 λημα,
2640 1173 2734 1225 καὶ
2771 1171 2880 1223 τῶν
2913 1168 3071 1221 θείων
3103 1165 3492 1236 ὑπερορῶντας
3521 1162 3739 1230 νόμων,
3771 1163 3877 1213 καὶ
3904 1162 4023 1225 ποτ’

2427 1261 2578 1315 οὐδὲν
2622 1260 2891 1315 ποιεῖσθαι
2920 1255 3300 1328 μεμεληκότας
3323 1253 3383 1306 τδ
3407 1252 3484 1321 τῷ
3505 1251 3768 1319 Δεσπότῃ
3793 1250 3991 1303 δοκοῦν
4008 1266 4023 1279 ο

2430 1354 2608 1424 ἑαυτῷ
2630 1354 2738 1423 γὰρ
2765 1355 2822 1406 ὲν
2850 1350 3061 1413 τούτοις
3082 1345 3522 1418 προσμαρτυρῶν
3556 1342 3619 1393 τὸ
3649 1341 3910 1409 εὐήνιον,
3935 1344 4022 1403 τῆς

2428 1446 2650 1499 ἐκείνων
2672 1440 2955 1503 ἀπειθείας
2985 1441 3301 1510 κατηγορεῖ.
3331 1436 3476 1505 Ἔφη
3505 1434 3617 1505 γάρ
3639 1449 3753 1485 που
3781 1432 3890 1484 καὶ
3919 1434 4022 1483 ἑτέ·

2431 1535 2563 1606 ρωθι
2599 1535 2735 1600 πρὸς
2765 1532 2984 1595 αὐτοὺς,
3026 1531 3103 1594 ὡς
3130 1530 3347 1583 διώκειν
3371 1526 3679 1588 ἐθέλοντας,
3718 1522 3823 1575 καὶ
3850 1525 4020 1590 μισεῖ-ι

2428 1625 2757 1697 ᾑρημένους,
2810 1622 2902 1674 καὶ
2931 1622 3116 1675 ἄδικον
3154 1621 3241 1673 ἐπ’
3282 1617 3430 1689 αύτῷ
3458 1618 3555 1687 τὴν
3586 1617 3685 1670 ἐπὶ
3712 1615 3903 1683 τούτῳ
3925 1615 4020 1681 de"-

2430 1734 2532 1784 φον
2562 1714 2931 1783 ὲκφέρονταςυ
2964 1732 2982 1764 ι
3033 1713 3222 1782 Ὑμεῖς
3254 1710 3393 1764 κατὰ
3430 1710 3526 1779 τὴν
3549 1710 3741 1779 σάρκα
3779 1709 4015 1777 κρίνετε,

2431 1806 2540 1873 ἐγὼ
2571 1807 2631 1858 ού
2655 1805 2822 1874 κρίνω
2841 1805 3061 1859 ούδένα’
3094 1804 3185 1856 καὶ
3210 1800 3305 1854 ἐὰν
3325 1800 3567 1871 κρίνωδὲ
3596 1799 3739 1865 ἐγὼ,
3774 1802 3807 1868 ἡ
3842 1799 4013 1866 κρίσις

2362 1870 2404 1925 Β
2431 1870 2599 1967 ή-ὲμὴ
2622 1870 2805 1948 δικαία
2839 1895 3013 1948 ἐστίν’
3046 1896 3127 1948 ὅτι
3158 1894 3217 1945 ού
3247 1870 3395 1961 ζητῶ
3426 1891 3486 1943 τδ
3516 1889 3742 1957 θέλημα
3775 1890 3841 1941 cs
3868 1892 4013 1955 ιμδηε,

2428 1989 2562 2042 ἀλλὰ
2590 1989 2649 2040 τὸ
2675 1987 2886 2057 θέλημα
2927 1985 3020 2039 τοῦ
3054 1984 3371 2054 πέμψαντός
3414 1999 3502 2053 με.
3540 1999 3558 2032 ι
3609 1978 3833 2033 Οὐκοῦν
3874 1982 4012 2031 οἰκοο

2429 2076 2667 2149 νομικῶς
2695 2076 2763 2129 τὰ
2788 2077 2965 2131 τοιάδε
2999 2074 3153 2145 φησί.

2496 2361 2632 2415 KH’.
2673 2359 2821 2428 Πλὴν
2861 2360 3039 2411 ἐκεῖνο
3068 2358 3197 2427 φέρε
3228 2356 3316 2425 δὴ,
3350 2355 3485 2425 φέρε
3524 2352 4003 2423 καταθρήσωμεν·

2440 2452 2528 2517 Ἐξ
2548 2450 2780 2523 ούρανοῦ
2804 2448 3043 2511 καταϐὰς
3068 2448 3144 2511 ὡς
3166 2445 3321 2511 Θεὸς,
3347 2447 3593 2501 δεδόσθαι
3628 2447 3803 2515 φησιν
3834 2442 4003 2508 ἑαυτῷ

2427 2542 2579 2614 παρά
2609 2540 2704 2595 τοῦ
2742 2541 2955 2612 Πατρδς
2988 2542 3113 2602 τοὺς
3149 2540 3228 2601 είς
3259 2539 3423 2591 αὑτὸν
3462 2536 3895 2598 πιστεύσαντας,
3926 2536 4005 2585 ἵνα

2430 2634 2504 2702 μὴ
2536 2632 2800 2702 ἀπολέσῃ,
2838 2630 2988 2701 σώσῃ
3021 2629 3076 2681 δὲ
3111 2628 3308 2697 μᾶλλον
3338 2628 3557 2690 αὐτοὺς,
3590 2627 3689 2678 καὶ
3726 2626 4002 2693 ἀναστήσῃ

2424 2725 2490 2791 τῇ
2532 2723 2737 2792 ἐσχάτῃ
2764 2722 2971 2793 ἡμέρᾳ.
3029 2719 3151 2781 ιιῶς
3179 2713 3272 2769 οὖν
3302 2718 3603 2785 ἀνέστησεν
3624 2756 3641 2778 ,
3696 2717 3730 2784 ἦ
3765 2716 4003 2781 δηλονότι

2424 2810 2511 2863 διά
2534 2811 2635 2880 τῆς
2667 2811 2799 2874 ιδίας
2829 2810 3178 2869 ἀναστάσεως
3203 2806 3304 2874 τῆς
3335 2807 3400 2857 ὲκ
3435 2805 3647 2872 νεκρῶν
3674 2823 3687 2869 ;
3728 2806 4003 2871 Ζωοποιή-

2428 2920 2527 2965 σας
2558 2904 2666 2971 γὰρ
2724 2902 2818 2954 καὶ
2869 2900 2975 2970 πρό
3010 2916 3072 2966 γε
3120 2896 3228 2949 τῶν
3277 2896 3454 2949 ἄλλων
3488 2895 3582 2947 τδν
3616 2895 3825 2947 ἑαυτοῦ
3862 2897 4000 2953 ναὸν,

2425 2994 2519 3047 καὶ
2557 2993 2617 3045 τὸ
2654 2990 2750 3045 τοῦ
2790 2992 3019 3045 θανάτου
3057 2987 3389 3049 κατασείσας
3423 2986 3626 3057 κράτος
3659 2984 3753 3036 διὰ
3782 2984 3880 3037 τοῦ
3914 2986 4002 3038 θα-

2426 3087 2585 3139 νάτου
2612 3070 2713 3153 τῆς
2746 3084 2880 3144 ἰδίας
2916 3081 3142 3151 σαρκὸς,
3175 3080 3294 3142 ὁδὸς
3339 3080 3529 3146 γέγονε
3572 3080 3637 3146 τῇ
3689 3077 4001 3146 ἀνθρωπεία

755 3166 1072 3232 rectionem,
1102 3184 1308 3225 necnon
1334 3172 1403 3225 ad
1435 3171 1785 3226 obtinendam
1813 3182 2000 3227 contra
2025 3175 2325 3241 corruptio-

2428 3178 2588 3249 φύσει
2613 3176 2749 3245 πρὸς
2788 3174 3105 3233 ἀνάστασιν,
3140 3171 3233 3223 καὶ
3266 3170 3401 3239 πρός
3431 3187 3495 3237 γε
3519 3169 3581 3221 τὸ
3606 3166 3871 3220 δύνασθαι
3904 3168 4001 3218 λοι-

752 3270 873 3311 nem
921 3260 1223 3325 victoriam,
1273 3264 1415 3317 viam
1465 3264 1715 3318 munivit.
1762 3264 1921 3320 Verbi
1972 3265 2157 3336 itaque
2206 3267 2319 3330 Dei,

751 3350 894 3417 quod
930 3366 960 3405 e
993 3354 1132 3408 cmlo
1163 3355 1463 3419 descendit,
1502 3357 1554 3409 id
1592 3358 1869 3424 proprium
1909 3368 2011 3420 est,
2047 3372 2144 3425 per
2177 3360 2319 3426 quod

752 3438 1141 3509 primogenitns
1180 3458 1246 3497 ex
1299 3444 1593 3499 mortuis“
1641 3446 1839 3500 factum
1889 3448 2012 3501 est?
2040 3462 2145 3517 quo
2191 3448 2320 3503 illud

753 3530 1031 3598 nimirum,
1079 3536 1222 3603 quod
1276 3535 1375 3604 ipsi
1424 3539 1681 3590 donatum
1739 3546 1841 3598 est,
1901 3552 2007 3592 una
2052 3554 2173 3593 cum
2229 3540 2321 3594 illo

750 3624 1184 3692 essuscitatum,
1239 3635 1459 3695 propter
1519 3628 1837 3696 protoplasti
1900 3629 2317 3684 inobedientiam

752 3728 858 3767 non
906 3715 1137 3784 amplius
1177 3728 1383 3787 pereat,
1424 3720 1517 3774 sed
1566 3729 1787 3789 propter
1815 3721 2013 3777 Christi
2065 3722 2322 3778 obedien-

753 3804 906 3868 tiam,
937 3805 1162 3862 salutem
1188 3818 1242 3863 et
1270 3810 1433 3864 vitam
1462 3819 1719 3866 aeternam
1757 3813 2016 3869 obtineat.
2051 3812 2318 3869 Caeterum

752 3906 811 3948 ut
842 3897 1000 3951 homo
1034 3896 1234 3953 factum
1270 3909 1373 3965 est,
1409 3915 1502 3955 eos
1536 3903 1637 3956 sibi
1674 3903 1831 3957 datos
1858 3904 2010 3968 dicit,
2040 3904 2129 3973 qui
2159 3904 2317 3959 Iidem

750 3985 805 4039 in
842 3986 1015 4056 ipsum
1062 3990 1350 4059 recipiunt.
1396 3991 1530 4045 Nam
1580 3996 1761 4048 omnia
1787 4010 1905 4064 quae
1940 3995 2115 4050 Patris
2170 4005 2315 4062 sunt,

751 4077 1237 4151 haereditariojure
1288 4085 1543 4152 possidet.
1578 4084 1874 4155 Postquam
1920 4102 2050 4141 vero
2077 4087 2317 4157 (utdixi)

749 4171 902 4224 carni
932 4180 985 4226 et
1026 4177 1274 4243 sanguini
1306 4178 1729 4230 communicavit
1754 4179 1820 4243 ",
1848 4189 1903 4232 et
1932 4192 2029 4232 nos
2066 4179 2117 4232 in
2146 4179 2316 4246 ipsum

751 4270 813 4313 ut
841 4261 894 4313 in
924 4262 1090 4316 Deum
1120 4266 1468 4329 credidimus,
1511 4268 1580 4321 ob
1609 4268 1664 4322 id
1700 4267 1902 4321 factum
1932 4278 2033 4333 est,
2069 4279 2121 4323 ut
2154 4270 2321 4323 dona-

754 4350 915 4405 tionis
950 4369 1143 4408 nomen
1173 4356 1221 4409 ei
1256 4356 1539 4412 tribuatur.
1572 4358 1705 4412 Nam
1740 4360 1829 4427 qui
1856 4369 1979 4414 ante
2014 4369 2319 4427 susceptam

750 4459 972 4499 carnem
1005 4448 1325 4514 imperabat,
1368 4448 1412 4503 is
1445 4449 1611 4503 etiam
1643 4466 1808 4503 carne
1849 4451 2071 4503 indutus
2096 4466 2318 4518 regnum

2430 3270 2530 3323 πὺν
2560 3266 3030 3335 κατευμεγεθῆσαι
3064 3263 3453 3333 φθορᾶς.Ἷδιον
3469 3257 3536 3332 ἦν
3572 3262 3681 3331 ἄρα
3713 3260 3811 3312 τοῦ
3843 3276 3999 3313 κατα-

2430 3362 2784 3430 φοιτήσαντος
2839 3356 2897 3421 ἐξ
2962 3350 3191 3423 ούρανοῦ
3248 3350 3384 3404 Θεοῦ
3463 3352 3637 3419 Λόγου
3712 3350 3773 3403 τὸ
3836 3349 3902 3402 δι’
3946 3340 3997 3399 οἷο

2426 3450 2615 3519 γέγονε
2651 3446 2997 3518 πρωτότοκος
3025 3446 3088 3497 ἐκ
3116 3442 3347 3511 νεκρῶν·
3393 3442 3483 3495 ἵνα
3519 3444 3614 3495 καὶ
3650 3441 3998 3510 ὲγηγερμὲνῳ

2428 3538 2802 3608 κατακολουθῇ
2848 3537 2987 3608 πρὸς
3018 3535 3161 3607 ζωὴν
3213 3534 3274 3586 τὸ
3302 3533 3454 3586 δοθὲν
3491 3533 3666 3602 αὐτῷ,
3702 3533 3890 3587 οὐκέτι
3921 3532 3997 3584 διὰ

2427 3633 2527 3703 τὴν
2549 3630 2641 3683 τοῦ
2671 3626 3099 3700 πρωτοπλάστου
3128 3625 3444 3695 παράϐασιν
3477 3625 3879 3695 ἀπολλύμενον,
3906 3642 3996 3677 cur

2428 3727 2655 3796 ζόμενον
2692 3725 2749 3778 δὲ
2799 3722 2999 3794 μᾶλλον
3036 3721 3126 3774 διὰ
3176 3720 3277 3791 τὴν
3324 3720 3573 3790 ὑπακοὴν
3613 3720 3712 3772 τοῦ
3746 3720 3991 3787 Χριστοῦ.

2427 3816 2684 3870 Δεδόσθαι
2717 3814 2773 3867 δέ
2806 3828 2970 3883 φησιν
3003 3809 3179 3880 ἑαυτῷ
3212 3812 3337 3872 τοὺς
3380 3809 3480 3880 τὴν
3516 3811 3597 3872 είς
3628 3810 3795 3862 αὑτὸν
3828 3810 3995 3861 πίστιν

2426 3906 2817 3978 προσιεμένους
2851 3903 3037 3967 πάλιν,
3067 3900 3142 3964 ὡς
3176 3901 3463 3970 ἄνθρωπος
3490 3900 3758 3968 γεγονώς.
3793 3901 3993 3968 κλῆρος

2429 3999 2529 4067 μὲν
2556 3997 2665 4067 γὰρ
2702 3995 2831 4059 ῐδιος
2864 3993 3015 4063 αὐτῷ
3061 3993 3241 4046 πάντα
3274 3991 3343 4043 τά
3372 3990 3471 4043 τοῦ
3503 3990 3738 4059 Πατρός.
3788 3989 3989 4057 Ἐπειδὴ

2426 4085 2502 4149 δὲ,
2532 4086 2608 4146 ὼς
2636 4083 2794 4151 ἔφην,
2826 4082 3094 4152 μετέσχεν
3122 4081 3353 4150 αἵματος
3379 4080 3475 4134 καὶ
3510 4079 3737 4149 σαρκὸς,
3768 4076 3887 4133 εἶτα
3910 4097 3991 4131 πε-

2427 4173 2803 4244 πιστεύκαμεν
2832 4173 2907 4236 ὡς
2929 4172 3069 4241 Θεῷ,
3099 4172 3272 4243 ταύτῃ
3294 4188 3374 4224 τοι
3392 4171 3454 4225 τὸ
3484 4171 3583 4239 τῆς
3607 4172 3812 4234 δόσεως
3835 4172 3988 4240 ὄνομα

2428 4263 2909 4337 παρεισκρίνεται·
2945 4261 3300 4331 βεσασίλευκε
3350 4262 3459 4331 γὰρ
3517 4262 3675 4331 ἡμῶν
3725 4264 3820 4314 καὶ
3869 4265 3986 4332 μετὰ

2430 4357 2653 4427 σαρκὸς,
2691 4358 2719 4409 ὁ
2748 4356 2843 4409 καὶ
2876 4357 2983 4425 πρὸ
3015 4356 3187 4425 αὐτῆς
3216 4354 3487 4425 βασιλεύς.
3514 4356 3625 4408 Καὶ
3655 4354 3789 4421 γοῦν
3821 4356 3892 4417 ὡς
3923 4357 3986 4413 εἰς

2426 4449 2523 4519 τὴν
2556 4448 2647 4500 τοῦ
2679 4448 2876 4517 χρῆναι
2908 4446 3215 4517 βασιλεύειν
3265 4447 3441 4517 ἀρχὴν
3474 4448 3979 4516 είσκεκομισμένος,

750 4538 803 4589 in
837 4552 934 4592 nos
962 4540 1214 4592 obtinuit.
1242 4540 1315 4593 Ita
1360 4541 1447 4594 ubi
1491 4541 1720 4608 primqu
1750 4538 1984 4593 Verbum
2023 4540 2185 4593 homo
2223 4554 2319 4592 ιιοο

2430 4540 2516 4591 ὅτε
2543 4539 2735 4605 γέγονε
2767 4537 2887 4590 καθ’
2922 4538 3090 4607 ἡμᾶς,
3140 4555 3158 4588 ι
3196 4536 3401 4607 Κύριος
3427 4578 3440 4601 ,
3480 4537 3670 4607 φησὶν,
3708 4533 3832 4589 εἷπε
3870 4537 3982 4606 πρὸς

750 4623 849 4676 stri
878 4624 1070 4679 similis
1094 4626 1292 4680 factum
1320 4638 1422 4690 est,
1454 4641 1511 4680 ut
1541 4628 1901 4697 principatum
1938 4627 1991 4681 in
2038 4643 2135 4681 nos
2160 4642 2313 4696 gere-

752 4726 850 4779 ret,
888 4715 1263 4786 inauguratum
1304 4729 1384 4773 est
1418 4738 1431 4773 :
1471 4739 1488 4771 ι
1522 4720 1779 4773 Dominus
1814 4720 2029 4789 (inquit)
2074 4718 2210 4773 dixit
2249 4718 2315 4770 ad

751 4823 834 4860 tne
868 4826 880 4860 :
915 4808 1078 4863 Filius
1122 4820 1273 4866 meus
1320 4826 1378 4867 es
1432 4822 1514 4877 tu;
1553 4828 1653 4881 ego
1694 4814 1852 4867 hodie
1908 4812 2070 4883 genui
2119 4822 2171 4866 te
2193 4811 2259 4866 “.
2292 4828 2310 4861 ι

2428 4645 2515 4696 με·
2551 4627 2678 4691 Υἱός
2714 4644 2815 4697 μου
2851 4624 2903 4679 εί
2936 4629 3023 4692 σὺ,
3059 4625 3172 4694 ἑγὼ
3206 4626 3449 4698 σήμερον
3491 4627 3805 4695 γεγέννηκά
3854 4643 3926 4678 σε.
3961 4643 3975 4673 ι

2422 4720 2643 4789 Δέχεται
2690 4718 2869 4771 τοίνυν
2901 4718 3255 4789 ἀνθρωπίνως
3285 4719 3356 4771 τὰ
3402 4717 3617 4787 ἑαυτοῦ,
3648 4719 3828 4771 καίτοι
3870 4735 3974 4770 κατ·

2422 4810 2751 4874 εξουσιάξων
2777 4810 2891 4863 τῶν
2920 4810 3058 4863 ὅλων
3088 4810 3162 4873 ὡς
3191 4809 3347 4872 Θεός.

750 4900 1005 4965 Quamvis
1047 4916 1175 4969 ergo
1213 4912 1269 4955 ut
1307 4904 1445 4957 Deus
1479 4905 1730 4959 omnibus
1797 4906 2138 4969 dominetur;
2206 4912 2381 4957 tamen
2423 4901 2720 4957 secundum
2773 4901 3065 4954 humanam
3116 4909 3389 4963 naturam,
3442 4916 3562 4970 qua:
3605 4916 3706 4957 sua
3760 4903 3972 4973 alioquin

750 5004 926 5060 erant,
960 4996 1235 5063 accepisse
1265 4997 1430 5050 dicitu
1442 5013 1483 5051 r.

927 5106 1003 5160 De
1051 5106 1246 5159 Christi
1288 5108 1740 5175 sanctiﬁcatione,
1799 5111 2137 5180 ejusdemaue

1368 5180 1683 5234 sacerdotio.

824 5288 1015 5343 XXIX.
1065 5307 1083 5340 ι
1121 5289 1353 5344 Decebat
1386 5290 1526 5344 enim
1573 5306 1716 5357 eum,
1746 5302 1967 5360 propter
1997 5306 2152 5360 quem
2200 5305 2316 5343 om-

824 5468 867 5500 “
909 5467 1062 5525 Joan.
1103 5484 1225 5531 vnn,
1258 5468 1343 5532 15,
1370 5466 1456 5523 I6.
1530 5467 1825 5535 “Joanm,
1862 5468 1950 5523 39.
2026 5468 2071 5499 “
2110 5467 2314 5521 Coloss.
2347 5468 2381 5531 i,
2429 5466 2511 5520 I8.

2424 5106 2562 5175 Περὶ
2603 5106 2705 5160 τοῦ
2746 5104 3024 5173 ἡγιάσθαι
3082 5104 3189 5175 τὼ⁴
3230 5104 3511 5170 Χριστὸν,
3563 5121 3661 5157 και
3710 5107 3821 5172 τῆς
3863 5104 3967 5158 κατ’

2738 5176 2924 5229 αὐτὸν
2946 5173 3284 5242 νοουμένης
3322 5176 3673 5242 ἱερωσύνης.

2495 5286 2620 5343 KG’.
2665 5306 2684 5340 ι
2722 5288 2970 5357 Ἐπρεπε
3017 5286 3125 5356 γὰρ
3155 5284 3315 5338 αὐτὸν
3346 5286 3399 5349 ιι,
3452 5284 3520 5337 δι’
3569 5285 3628 5338 δν
3667 5284 3735 5337 τὰ
3773 5286 3961 5344 πάντα,

2612 5466 2657 5499 ³⁵
2687 5466 2846 5521 IIebr.
2875 5482 2932 5533 ιι,
2962 5465 3045 5520 14.
3120 5464 3167 5497 ⁸⁸
3198 5463 3337 5519 Psal.
3372 5479 3433 5530 ιι,
3482 5462 3549 5529 7;
3598 5462 3758 5521 Ilebr.
3785 5478 3823 5527 ι,
3858 5460 3902 5515 5.

1841 5650 2007 5703 Vat-im
2036 5650 2288 5705 lectiones
2310 5648 2511 5704 codicis
2542 5646 2897 5715 chnieriani.

833 5809 850 5850 ί
893 5810 1055 5879 μηόὲν
1090 5809 1438 5881 ἀπολέσηται.
1517 5818 1542 5859 l
1573 5810 1720 5864 αὐτὸ.
1798 5812 1823 5850 h
1857 5809 2012 5882 αύτῴ
