4116 6510
208 469 357 525 1575

1018 466 1109 522 AD
1148 464 1445 521 REGINAS
1484 465 1569 520 DE
1608 464 1837 520 RECTA
1880 466 2033 521 FIDE
2072 465 2333 523 ORATIO
2370 466 2670 523 ALTERA.

3323 467 3469 528 1574

202 579 310 633 καὶ
354 580 420 634 δι’
453 575 512 636 οὗ
543 582 611 635 τά
642 583 816 637 πάντα
838 622 853 647 ,
886 582 1113 645 πολλοὺς
1144 582 1294 645 υἱοὺς
1338 582 1419 644 είς
1461 580 1619 645 δόξαν
1652 583 1786 649 ἀγα-

1897 581 2000 646 nia,
2044 590 2095 637 et
2131 598 2227 651 per
2254 598 2413 651 quem
2461 582 2664 646 omnia,
2715 580 2804 649 qui
2838 579 3038 636 multos
3085 578 3225 636 ﬁlios
3253 580 3305 635 in
3351 582 3465 652 glo-

202 671 380 736 γόντα
406 673 451 735 ί,
477 672 568 725 τὸν
602 672 843 743 ἀρχηγὸν
876 672 977 742 τῆς
1008 672 1282 741 σωτηρίας
1326 671 1507 725 αὐτῶν
1554 672 1642 725 διὰ
1680 690 1784 725 πα-

205 760 476 831 θημάτων
503 762 807 816 τελειῶσαι.
839 764 906 816 ’⁷0
926 780 984 815 τε
1015 764 1121 835 γάρ
1152 763 1393 830 ἁγιάζων
1424 765 1519 817 καὶ
1549 764 1598 817 οἱ
1627 764 1783 831 ἁγια-

201 851 451 921 ζόμενοι,
483 852 543 916 ἐξ
570 853 687 917 ἑνὸς
717 853 916 917 πάντες
937 870 949 882 ·
984 854 1050 906 δι’
1085 854 1150 924 ἢν
1180 853 1358 907 αἰτίαν
1387 856 1487 908 οὐκ
1521 853 1784 923 ἐπαισχύ-

202 959 361 996 νεται
404 944 665 1013 ἀδελφοὺς
713 945 907 1008 αὐτοὺς
952 945 1165 1007 καλεῖν,
1216 945 1410 1013 λέγων·
1463 944 1784 1013 Ἀπαγγελῶ

201 1034 268 1087 τὸ
302 1035 471 1105 ὄνομά
502 1053 596 1089 σου
626 1040 737 1100 τοῖς
765 1036 1013 1104 ἀδελφοῖς
1043 1054 1141 1106 μου
1176 1077 1190 1099 ,
1223 1039 1279 1089 ὲν
1307 1038 1457 1107 μέσῳ
1488 1038 1784 1108 ἐκκλησίας

203 1124 441 1193 ὑμνήσω
488 1142 567 1179 σε.
609 1144 627 1178 ι
675 1127 889 1180 Οῖονται
935 1128 1077 1195 τάχα
1107 1143 1207 1179 που
1252 1127 1360 1180 τῶν
1397 1127 1783 1198 ἀμαθεστέρων

200 1213 389 1276 τινὲς,
430 1216 525 1268 καὶ
564 1214 791 1284 διαιρεῖν
823 1213 1091 1266 εἰωθότων
1135 1215 1214 1277 είς
1252 1213 1345 1267 δύο
1384 1215 1656 1284 Χριστοὺς
1689 1214 1783 1265 καὶ

204 1304 294 1363 εἰς
315 1301 405 1354 δύο
436 1304 587 1376 υίοὺς
620 1303 711 1355 τὸν
743 1303 840 1356 ’ἐνα
875 1302 1075 1373 Κύριον
1137 1301 1345 1371 Ἰησοῦν
1390 1300 1625 1372 Χριστὸν
1650 1340 1664 1363 ,
1694 1317 1785 1351 τε-

203 1392 498 1463 λειωθῆναι
530 1393 782 1461 λέγεσθαι
814 1393 901 1446 διὰ
931 1393 1270 1463 παθημάτων
1303 1392 1395 1445 τὸν
1442 1394 1505 1445 ὲκ
1530 1391 1786 1460 γυναικὸς

202 1483 495 1553 ἄνθρωπον
525 1483 629 1553 ἰδίᾳ
652 1483 960 1553 νοούμενον,
998 1488 1089 1536 καὶ
1116 1484 1237 1553 δίχα
1270 1482 1364 1535 τοῦ
1395 1485 1459 1536 ὲκ
1488 1482 1623 1535 Θεοῦ
1668 1483 1783 1535 Πα-

202 1573 338 1641 τρὸς
366 1572 519 1634 ὄντος
551 1573 726 1640 Λόγου
753 1615 768 1639 ,
791 1574 886 1626 καὶ
914 1572 1075 1626 αὑτὸν
1102 1572 1357 1641 λέγεσθαι
1388 1573 1485 1643 τῆς
1513 1572 1785 1643 σωτηρίας

202 1663 369 1732 ἡμῶν
392 1662 480 1714 τὸν
511 1663 772 1733 ἀρχηγόν.
814 1664 1204 1718 Τετελειῶσθαι
1239 1664 1295 1717 δὲ
1322 1667 1451 1734 παρ’
1498 1664 1661 1717 αὐτοῦ
1691 1664 1784 1717 τοῦ

203 1752 346 1804 Θεοῦ
374 1753 549 1820 Λόγου
582 1754 804 1808 δοθέντα
837 1756 971 1827 πρὸς
1009 1756 1070 1809 τὸ
1096 1755 1264 1817 πάθος
1298 1754 1311 1805 l
1368 1755 1443 1817 ὡς
1478 1754 1659 1826 ἕτερον
1693 1754 1787 1807 ίδι-

204 1844 343 1906 κῶς.
386 1847 622 1915 Πρέπειν
659 1846 769 1919 γὰρ
808 1848 956 1918 αὑτῴ
982 1849 1045 1920 δὴ
1078 1847 1314 1918 μάλιστά
1358 1864 1489 1917 φασι
1526 1848 1603 1916 τῷ
1636 1848 1702 1901 δι’
1729 1847 1788 1899 ὃν

1889 673 2025 727 riam
2070 673 2392 740 adduxerat,
2433 684 2707 729 auctorem
2747 672 2941 728 salutis
2976 686 3162 727 eorum
3208 687 3306 743 per
3331 687 3463 741 pas-

1887 764 2068 818 siones
2105 779 2506 819 consummare.
2554 764 2655 830 Qui
2706 765 2850 819 enim
2897 763 3223 831 sanctiﬁcat,
3275 772 3331 819 et
3369 762 3461 833 qui

1886 854 2318 922 sanctiﬁcantur,
2363 869 2429 908 ex
2466 870 2575 909 uno
2618 869 2827 909 omnes.
2859 853 3087 922 Propter
3124 870 3285 924 quam
3327 870 3458 909 cau-

1885 958 2001 998 sam
2056 960 2163 998 non
2216 944 2560 999 confunditur
2596 945 2791 998 fratres
2839 958 2933 998 eos
2980 960 3196 1010 vocare,
3227 945 3458 1000 dicens:

1886 1036 2238 1090 Annuntiabo
2270 1051 2465 1090 nomen
2512 1045 2659 1089 tuum
2701 1035 2957 1089 fratribus
2998 1036 3152 1101 meis,
3198 1036 3250 1089 in
3281 1036 3460 1089 medio

1885 1121 2128 1177 ecclesiae
2156 1122 2383 1176 laudabo
2399 1131 2451 1176 te
2474 1122 2540 1175 ".
2574 1141 2592 1173 ι
2629 1122 2916 1186 Rudiores,
2946 1124 3037 1192 qui
3057 1122 3339 1177 Dominum
3364 1139 3459 1177 no-

1884 1221 2053 1266 strum
2076 1212 2260 1268 Jesum
2296 1212 2572 1268 Christum
2602 1213 2737 1268 duos
2770 1213 3016 1268 Christos
3050 1215 3378 1283 totidemque
3401 1215 3459 1268 ﬁ-

1886 1304 1984 1358 lios
2001 1319 2101 1358 suo
2113 1319 2261 1358 more
2279 1304 2545 1371 dividunt,
2561 1306 2901 1360 arbitrantur
2916 1305 3163 1361 fortassis
3184 1308 3456 1361 hominem

1885 1411 1949 1450 ex
1971 1396 2194 1450 muliere
2220 1406 2427 1463 natum,
2460 1411 2700 1451 seorsum
2721 1412 2816 1465 per
2837 1412 2917 1461 se,
2942 1398 3043 1452 hoc
3063 1406 3164 1461 est,
3189 1414 3217 1450 ιι
3236 1396 3329 1452 Dei
3353 1398 3457 1451 Pa-

1888 1488 1985 1541 tris
2018 1486 2196 1541 Verbo
2225 1489 2549 1554 seiunctum,
2586 1486 2739 1556 151
2769 1502 2863 1555 per
2893 1489 3173 1556 passiones
3204 1486 3292 1542 hic
3323 1502 3459 1543 con-

1886 1587 2207 1633 summatum
2254 1577 2560 1645 praedicari,
2613 1577 2972 1645 eumdemque
3021 1577 3212 1631 salutis
3259 1585 3458 1630 nostrae

1886 1676 2161 1719 auctorem
2191 1666 2293 1720 hoc
2318 1666 2436 1719 loco
2459 1665 2716 1733 appellari
2740 1681 2755 1730 ;
2783 1676 3220 1719 consummatum
3248 1674 3459 1731 autem,

1887 1764 1941 1809 et
1976 1756 2217 1822 passioni
2248 1755 2410 1811 veluti
2447 1756 2676 1809 alterum
2710 1757 3017 1826 quempiam
3051 1772 3082 1809 a
3123 1772 3200 1823 se,
3235 1757 3301 1810 ab
3340 1756 3458 1827 ipso

1888 1846 2063 1902 Verbo
2092 1847 2359 1915 obiectum
2383 1862 2522 1905 esse.
2544 1846 2674 1900 Nam
2701 1847 2851 1913 illud,
2890 1866 2908 1897 ι
2952 1856 3172 1915 propter
3211 1861 3371 1915 quem
3404 1856 3459 1900 et

204 1936 278 1987 τὰ
313 1936 489 1989 πάντα
521 1939 615 1991 καὶ
643 1940 708 1991 δι’
740 1934 800 1992 οὗ
828 1940 895 1992 τὰ
928 1940 1125 2004 πάντα,
1160 1938 1249 1992 διά
1274 1956 1356 1991 τοι
1386 1939 1447 1991 τὸ
1479 1938 1645 2007 φάναι
1693 1938 1785 1991 τὸν

1897 1952 1983 2006 per
2026 1952 2183 2007 quem
2219 1938 2423 2001 omnia,
2455 1955 2474 1987 ι
2526 1937 2815 2005 propriein
2843 1936 2970 1990 illud
2997 1936 3307 2003 convenire,
3352 1935 3456 1988 hoc

208 2025 484 2095 μακάριον
523 2028 937 2099 εὐαγγελιστήν·
972 2048 990 2080 ι
1021 2030 1204 2083 Πάντα
1240 2028 1308 2081 δι’
1337 2029 1501 2082 αὐτοῦ
1531 2032 1778 2097 ἐγένετο,

206 2115 308 2167 καὶ
358 2118 524 2187 χωρὶς
568 2119 738 2172 αὐτοῦ
779 2122 993 2188 ἐγένετο
1019 2120 1139 2173 οὐδὲ
1170 2120 1249 2176 ἓν.
1288 2140 1305 2172 ι
1353 2149 1424 2160 —-
1475 2140 1493 2172 ι
1535 2122 1783 2190 Ἔπρεπε

204 2206 413 2271 τοίνυν,
439 2208 612 2276 φασὶ,
650 2209 727 2280 τῷ
773 2212 952 2281 Λόγῳ,
986 2212 1052 2265 δι’
1080 2211 1138 2264 ὃν
1169 2209 1237 2264 τὰ
1284 2212 1464 2265 πάντα
1497 2212 1593 2264 καὶ
1627 2211 1693 2263 δι’
1725 2204 1786 2264 οὗ

206 2300 282 2351 τὰ
329 2300 542 2366 πάντα,
571 2302 801 2367 πολλοὺς
847 2306 994 2369 υἱοὺς
1024 2305 1103 2368 είς
1152 2303 1308 2367 δόξαν
1358 2304 1651 2372 ἀγαγόντι,
1698 2304 1788 2357 τὸν

213 2392 461 2461 ἀρχηγὸν
486 2392 586 2463 τῆς
618 2396 888 2466 σωτηρίας
917 2396 1115 2462 αὐτῶν,
1147 2415 1165 2447 ι
1201 2395 1476 2449 τουτέστιν
1501 2395 1789 2465 ἄνθρωπον

215 2482 430 2545 ἁπλῶς,
455 2484 545 2536 τὸν
573 2484 659 2540 διὰ
686 2486 786 2555 τῆς
813 2487 972 2553 ἁγίας
1004 2485 1303 2557 Παρθένου,
1332 2504 1351 2536 ι
1385 2484 1671 2538 τελειῶσαι
1701 2485 1791 2538 διὰ

212 2570 578 2641 παθημάτων.
640 2592 659 2625 ι
738 2577 859 2628 Ὀτι
904 2565 966 2628 δέ’
1012 2578 1159 2629 ὲστιν
1202 2572 1599 2645 ὲμὸροντησίας
1656 2574 1789 2627 ἀνά-

212 2662 396 2726 πλεως
446 2664 475 2715 ό
507 2664 664 2734 λόγος
714 2666 896 2731 αὐτοῖς
917 2706 935 2734 ,
990 2663 1066 2729 ὡς
1105 2664 1186 2719 ἔνι
1217 2665 1319 2719 καὶ
1347 2664 1443 2719 νῦν
1475 2664 1791 2731 καταδεῖξαι

210 2755 574 2823 πειράσομαι.

288 2932 365 2985 Λ¹.
410 2932 632 3003 Πρῶτον
669 2932 767 3004 μὲν
816 2943 927 3003 γὰρ
975 2934 1073 2999 τὸ,
1105 2934 1178 2985 δι’
1225 2929 1318 2998 οὗ,
1358 2933 1451 2986 καὶ
1497 2935 1583 2986 ἐπ’
1624 2931 1788 2986 αὐτοῦ

210 3022 453 3078 τέθειταί
486 3026 580 3078 τοῦ
616 3025 849 3096 Πατρός.
886 3026 995 3079 Καὶ
1024 3024 1153 3093 γοῦν
1191 3026 1218 3076 ό
1255 3024 1525 3095 μακάριος
1556 3024 1789 3090 Παῦλος,

218 3134 239 3167 ι
278 3117 496 3181 Πιστὸς,
533 3117 719 3187 φησὶν,
758 3118 786 3170 ό
815 3117 980 3179 Θεὸς,
1004 3117 1069 3170 δι’
1106 3110 1167 3170 οὗ
1197 3115 1462 3188 ἐκλήθητε
1494 3117 1573 3179 εἰς
1598 3133 1792 3169 κοινω-

211 3208 337 3260 νίαν
362 3207 455 3261 τοῦ
488 3208 618 3261 Υἱοῦ
662 3208 850 3263 αὐτοῦ.
890 3227 909 3260 ι
948 3209 1060 3263 Kal.
1094 3209 1255 3263 πάλιν
1282 3212 1395 3271 τοῖς
1441 3208 1528 3261 διὰ
1558 3208 1794 3271 πίστεως

212 3299 301 3360 εἰς
356 3287 633 3369 ἐλεύθερον
657 3300 874 3368 ἀξίωμα
924 3299 1315 3370 κεκλημένοις,
1357 3318 1374 3349 ι
1409 3300 1571 3370 Ἀρα,
1606 3298 1791 3368 φησὶν,
1820 3291 1863 3350 C

213 3389 401 3445 οὐκέτι
437 3386 487 3442 εἷ
515 3389 698 3453 δοῦλος
724 3429 739 3454 ,
774 3391 908 3443 ἀλλὰ
940 3393 1050 3453 υἱός
1073 3408 1087 3420 ·
1118 3393 1167 3443 εί
1200 3391 1255 3444 δὲ
1288 3392 1401 3454 υίὸς
1427 3432 1440 3454 ,
1472 3393 1563 3444 καὶ
1593 3392 1795 3462 κληροο

213 3480 383 3550 νόμος
428 3480 516 3534 διὰ
563 3480 720 3534 Θεοῦ.
763 3500 780 3532 ι
831 3482 1255 3553 Ἀδιαφορούσης
1302 3483 1482 3535 τοίνυν
1528 3484 1627 3553 τῆς
1675 3482 1795 3534 θεο-

217 3572 487 3626 πνεύστου
519 3573 741 3643 Γραφῆς
781 3572 909 3644 περὶ
946 3573 1045 3643 τὴν
1072 3572 1172 3643 τῆς
1221 3573 1420 3639 λέξεως
1462 3574 1791 3643 ὲκφώνησιν,

214 3664 517 3736 δεχομένης
560 3664 617 3717 δὲ
657 3664 829 3735 αὐτὴν
858 3666 953 3717 καὶ
987 3664 1081 3716 ἐπὶ
1124 3663 1219 3717 τοῦ
1254 3664 1466 3734 Πατρὸς
1487 3703 1501 3726 ,
1532 3664 1684 3717 οὐδὲν
1715 3663 1795 3715 ἔτι

215 3755 281 3810 τὸ
310 3755 579 3810 συνωθοῦν
602 3757 752 3825 ἡμᾶς
783 3757 861 3818 είς
892 3754 953 3807 τὸ
982 3754 1074 3807 τοῦ
1099 3753 1231 3806 Υίοῦ
1253 3753 1604 3824 περιτρέπειν
1625 3754 1795 3822 πρόσ-

216 3866 369 3901 ωπον
414 3847 489 3910 ὡς
521 3848 579 3915 ἐξ
608 3847 853 3921 ἀνάγκης
883 3846 944 3898 τὸ
968 3885 981 3910 ,
1031 3844 1106 3899 δι’
1142 3840 1238 3900 οὗ.
1283 3844 1501 3914 Ἐπειδὴ
1551 3843 1609 3896 δὲ
1639 3844 1796 3896 τοῦτό

218 3942 371 3993 ἐστιν
405 3940 602 4010 ἀληθὲς
624 3979 637 4002 ,
669 3940 723 3991 τί
750 3939 775 3977 ¹ί
820 3938 894 4008 μὴ
929 3936 1126 4008 μᾶλλον
1156 3935 1385 4005 ἀφέντες
1418 3935 1496 3996 εἰς
1534 3933 1595 3985 τὸ
1626 3933 1798 4004 παρὸν

219 4030 284 4083 τὸ
312 4029 476 4082 αὑτοῦ
497 4030 812 4100 πρόσωπον,
835 4022 953 4079 εἶτα
974 4025 1053 4094 τῷ
1079 4023 1265 4095 σκοπῷ
1293 4023 1401 4077 τῶν
1424 4022 1585 4095 ἱερῶν
1616 4021 1800 4093 Γραμ-

226 4121 415 4191 μάτων
447 4120 732 4190 ἑπόμενοι,
758 4119 825 4187 τῇ
856 4116 993 4186 μετὰ
1022 4117 1225 4184 σαρκὸς
1254 4114 1534 4185 οἰκονομίᾳ
1571 4113 1663 4166 τοῦ
1692 4114 1800 4166 Μο-

222 4212 479 4282 νογενοῦς
522 4212 612 4264 τὸν
659 4211 795 4278 αὐτῇ
848 4208 1125 4278 πρέποντα
1168 4206 1457 4278 τηροῦντες
1488 4207 1663 4273 λόγον,
1710 4205 1802 4259 τὸν

223 4305 447 4374 Πατέρα
493 4304 669 4372 φαμὲν
716 4298 999 4352 τελειῶσαι
1029 4298 1117 4351 διὰ
1161 4298 1499 4367 παθημάτων
1531 4297 1802 4367 ὲνανθρω-

226 4396 479 4465 πήσαντα
509 4396 600 4448 τὸν
637 4394 799 4460 Υίόν;
830 4412 847 4443 ι
884 4391 1175 4463 ’Υπέμεινε
1197 4392 1303 4462 γὰρ
1337 4394 1590 4459 σταυρὸν,
1612 4388 1804 4460 αἰσχύ-

224 4505 325 4557 νης
370 4487 826 4557 καταφρονήσας,
878 4504 898 4537 ι
944 4485 1001 4537 ὲν
1044 4483 1261 4554 εὐδοκία
1305 4500 1405 4535 που
1451 4482 1667 4544 πάντως
1706 4480 1801 4533 τοῦ

1894 2027 2167 2098 (inquiunt
2195 2027 2291 2097 illi)
2325 2043 2392 2082 ex
2423 2028 2584 2083 beato
2614 2029 2947 2098 evangelista
2976 2028 3255 2082 evidenter
3281 2026 3457 2095 colligi

1892 2129 2085 2190 potest.
2118 2120 2205 2173 Ait
2229 2121 2372 2173 enim
2403 2137 2416 2173 :
2455 2140 2473 2172 ι
2506 2119 2697 2175 Omnia
2728 2136 2823 2189 per
2858 2122 3031 2189 ipsum
3062 2120 3200 2173 facta
3230 2128 3377 2182 sunt,
3405 2126 3461 2173 et

1891 2214 2007 2267 sine
2041 2212 2157 2280 ipso
2194 2211 2391 2267 factum
2433 2222 2514 2267 est
2554 2213 2683 2267 nihil
2710 2213 2776 2266 ⁸⁸.
2809 2233 2827 2265 ι
2868 2242 2937 2254 --
2972 2231 2990 2264 ι
3023 2212 3255 2267 Deeebat
3300 2211 3462 2281 igitur

1891 2305 2056 2375 (sicut
2088 2315 2337 2358 asserunt
2379 2304 2478 2371 illi)
2531 2316 2587 2358 ut
2621 2305 2712 2358 Dei
2745 2302 3006 2369 Verbum,
3044 2318 3139 2371 per
3169 2302 3308 2373 quod
3344 2316 3464 2355 om-
3524 2346 3531 2355 ,

1893 2398 2002 2459 nia,
2037 2406 2092 2450 et
2122 2405 2341 2465 propter
2374 2395 2515 2463 quod
2558 2396 2760 2458 omnia,
2805 2395 2946 2463 quod
2996 2394 3193 2449 multos
3238 2392 3374 2445 ﬁlios
3407 2392 3459 2444 in

1892 2486 2058 2556 gloria
2084 2488 2399 2550 adduxerat,
2435 2485 2624 2539 salutis
2661 2485 2872 2538 illorum
2904 2493 3179 2539 auctorem
3212 2484 3337 2553 (hoc
3356 2492 3463 2547 est,

1892 2576 2165 2630 hominem
2195 2590 2386 2644 purum
2418 2591 2483 2630 ex
2522 2590 2674 2630 sacra
2710 2573 2928 2645 Virgine
2962 2574 3183 2645 ortum),
3216 2589 3313 2643 per
3342 2588 3467 2642 pas-

1893 2668 2073 2723 siones
2090 2668 2384 2736 perlectum
2407 2676 2949 2734 consummatumque
2972 2666 3240 2719 redderet.
3266 2683 3284 2716 ι
3312 2663 3465 2730 Quod

1893 2770 2074 2813 autem
2119 2761 2205 2813 hic
2251 2775 2437 2811 eorum
2486 2773 2664 2813 sermo
2713 2759 2949 2812 amentia
2993 2766 3221 2822 scateat,
3264 2764 3467 2825 quanta

1899 2850 2012 2903 ﬁeri
2060 2850 2256 2917 poterit
2287 2850 2672 2921 perspicuitate
2702 2863 2845 2903 nunc
2879 2848 3167 2903 ostendere
3207 2848 3465 2902 conabor.

1963 2939 2131 2994 XXX.
2173 2939 2230 2991 ln
2277 2940 2469 3008 primis
2503 2941 2685 3010 itaque
2719 2939 2872 3002 illud,
2904 2954 2999 3009 per
3032 2954 3205 3008 quem,
3246 2938 3314 2992 de
3350 2937 3471 3007 ipso

1894 3045 2109 3102 quoque
2163 3030 2327 3085 Patre
2378 3030 2716 3084 enuntiatum
2778 3031 3051 3085 interdum
3113 3030 3466 3098 comperitur.

1901 3142 1918 3175 ι
1949 3122 2149 3178 Fidelis
2173 3121 2312 3176 Deus
2350 3122 2560 3189 (scribit
2588 3121 3038 3191 beatusPaulus),
3062 3135 3157 3191 per
3182 3136 3341 3190 quem
3375 3135 3473 3174 vo-

1897 3215 2002 3272 cati
2038 3215 2171 3269 estis
2202 3213 2256 3268 in
2286 3212 2601 3268 societatem
2641 3212 2763 3267 Filii
2796 3214 2913 3284 ejus
2931 3214 2998 3268 ".
3030 3232 3049 3265 ι
3082 3214 3163 3267 Ad
3207 3213 3329 3266 illos
3351 3227 3473 3266 rur-

1896 3328 2036 3376 sum,
2064 3314 2153 3381 qui
2187 3324 2281 3379 per
2312 3307 2473 3362 ﬁdem
2496 3307 2564 3361 ad
2600 3306 2875 3361 libertatis
2906 3304 3227 3376 dignitatem
3261 3302 3473 3359 evocati

1895 3405 2143 3467 fuerant,
2192 3403 2265 3456 ita
2301 3402 2376 3454 ait
2408 3419 2423 3457 :
2458 3419 2477 3452 ι
2508 3398 2693 3468 Itaque
2720 3399 2831 3466 jam
2874 3412 2978 3452 non
3024 3412 3085 3451 es
3122 3410 3334 3460 servus,
3379 3396 3474 3450 sed

1899 3499 2039 3553 ﬁlius
2066 3516 2081 3553 :
2113 3497 2253 3566 quod
2293 3496 2337 3551 si
2370 3494 2529 3557 illius,
2568 3502 2623 3547 et
2652 3494 2827 3547 haeres
2856 3505 2951 3560 per
2984 3490 3152 3544 Deum
3172 3489 3244 3543 ⁸⁸.
3281 3506 3300 3539 ι
3336 3485 3473 3540 Cum

1901 3604 2030 3659 ergo
2088 3588 2270 3642 divina
2326 3584 2604 3653 Scriptura
2660 3582 2968 3653 promiscue
3026 3582 3170 3636 hanc
3230 3578 3473 3648 phrasim

1906 3686 2149 3746 usurpet,
2183 3685 2343 3744 atque
2386 3674 2536 3741 illud,
2566 3690 2659 3743 per
2686 3689 2858 3742 quem,
2890 3669 3095 3725 tribuat
3124 3669 3228 3741 ipsi
3257 3683 3474 3739 quoque

1904 3764 2087 3831 Patri;
2142 3763 2273 3818 nihil
2319 3774 2402 3818 est
2448 3764 2593 3832 quod
2642 3762 2764 3817 Filii
2811 3770 3015 3816 tantum
3052 3775 3297 3831 personae
3345 3759 3475 3814 illud

1902 3872 1999 3913 nos
2029 3855 2276 3911 admetiri
2304 3855 2611 3909 necessario
2638 3854 2949 3923 compellat.
2985 3853 3120 3908 Cum
3156 3854 3338 3921 itaque
3361 3851 3477 3905 haec

1901 3947 1974 4002 ita
2012 3962 2073 4001 se
2125 3946 2377 4011 habeant,
2428 3961 2528 4001 cur
2580 3945 2757 4015 potius
2798 3944 3020 3998 minime
3068 3944 3173 3998 hoc
3223 3944 3289 3997 de
3336 3940 3476 3997 Filio

1902 4036 2289 4106 intelligentes,
2329 4035 2423 4090 sed
2472 4035 2877 4104 Scripturarum
2913 4033 3226 4087 auctoritati
3281 4032 3475 4094 innixi,

1903 4142 2313 4197 sermonemque
2366 4125 2636 4181 incarnati
2695 4125 2964 4197 Unigeuiti
3026 4123 3286 4195 mysterio
3348 4138 3479 4177 cou-

1903 4232 2181 4290 gruentem
2216 4220 2457 4274 studiose
2490 4217 2816 4283 consectati,
2856 4231 2959 4270 non
2995 4217 3225 4271 dicimus
3261 4215 3476 4269 Patrem

1903 4312 2095 4366 Filium
2146 4310 2422 4365 hominem
2478 4309 2681 4363 factum
2743 4322 2840 4377 per
2896 4309 3173 4376 passiones
3226 4321 3482 4360 consum-

1907 4400 2122 4456 masse?
2162 4400 2597 4470 quandoquidem
2650 4398 2716 4465 is,
2766 4398 2876 4452 Deo
2920 4398 3081 4452 Patre
3126 4398 3205 4451 sic
3242 4396 3479 4462 volente,

1912 4511 1930 4543 ι
1967 4491 2261 4560 Ignominia
2301 4499 2631 4559 contempta,
2675 4504 2893 4544 crucem
2935 4488 3278 4551 sustinuit“,
3312 4506 3331 4540 ι
3369 4502 3480 4558 quo

226 4579 364 4634 Θεοῦ
410 4582 504 4632 καὶ
536 4578 765 4650 Πατρός·
806 4576 890 4630 ἵνα
935 4577 1028 4629 καὶ
1056 4577 1203 4645 ἡμᾶς
1244 4576 1359 4637 τοῖς
1387 4575 1589 4643 ἴχνεσιν
1635 4571 1802 4624 αὑτοῦ

1908 4594 1963 4637 et
2004 4597 2103 4637 nos
2130 4594 2341 4650 quoque
2380 4580 2626 4650 vestigiis
2674 4578 2816 4633 illius
2850 4580 3194 4643 inhaerentes,
3227 4590 3483 4633 strenuos

229 4670 650 4725 κατακολουθεῖν
686 4670 1023 4739 ᾑρημένους,
1053 4667 1334 4729 νεανικοὺς
1359 4665 1612 4734 ἀποφήνῃ
1633 4704 1647 4727 ,
1680 4680 1800 4715 πει-

229 4766 494 4836 θομένους
523 4763 738 4829 λέγοντι
766 4778 781 4794 ·
820 4782 836 4813 ι
872 4764 964 4831 Μὴ
990 4760 1241 4830 φοϐεῖσθε
1269 4760 1377 4814 ἀπὸ
1408 4758 1518 4811 τῶν
1548 4758 1802 4811 ἀποκτει-

227 4861 429 4914 νόντων
464 4854 616 4925 ὑμῶν
644 4855 705 4907 τὸ
738 4854 897 4922 σῶμα
917 4891 932 4915 ,
960 4853 1058 4921 τὴν
1091 4853 1147 4903 δὲ
1176 4851 1352 4921 ψυχὴν
1387 4851 1460 4919 μὴ
1489 4849 1805 4918 δυναμένων

231 4952 571 5007 ἀποκτεῖναι.
610 4967 629 4999 ι
686 4944 905 5014 Ἐπειδὴ
942 4945 1050 5012 γὰρ
1095 4943 1317 5012 ἔμελλον
1361 4943 1539 5010 θλίψιν
1570 4942 1713 5009 ἔχειν
1748 4944 1805 4990 ὲν

229 5041 310 5111 τῷ
338 5042 526 5111 κόσμῳ
546 5080 561 5103 ,
592 5036 689 5093 καὶ
715 5034 1005 5090 οιώκεσθαι
1032 5034 1160 5102 παρ’
1192 5031 1421 5100 ἐχθρῶν,
1454 5031 1546 5083 καὶ
1572 5030 1678 5082 τῶν
1706 5028 1804 5097 τῆς

232 5132 494 5203 ἀληθείας
526 5130 811 5202 δογμάτων
856 5124 1199 5198 ὑπεραθλεῖν,
1247 5122 1428 5192 ἱδρῶτί
1470 5140 1529 5175 τε
1577 5122 1670 5176 καὶ
1706 5123 1805 5174 πό-

232 5240 346 5285 νοις
376 5222 676 5293 κατορθοῦν
716 5219 775 5275 εὖ
811 5220 955 5291 μαλα
987 5218 1085 5289 τὴν
1113 5213 1313 5284 ἀρετὴν
1341 5215 1439 5265 οὐκ
1474 5214 1538 5283 ἐᾷ
1575 5211 1807 5283 θρύπτε-

237 5313 361 5367 σθαι
392 5314 523 5382 πρὸς
557 5313 758 5376 δειλίας
781 5353 796 5375 ,
840 5310 1131 5380 ἀποφαίνει
1162 5306 1218 5361 δὲ
1251 5304 1448 5378 μᾶλλον
1476 5303 1803 5373 εὐτολμοτά-

238 5423 384 5467 τους,
421 5404 619 5467 ἐλάσας
660 5404 822 5466 αὐτὸς
862 5404 951 5456 διὰ
996 5402 1352 5473 παθημάτων,
1400 5398 1487 5451 ἵνα
1532 5398 1627 5451 καὶ
1660 5398 1807 5468 ἡμᾶς

275 5557 320 5588 ⁵⁷
360 5554 521 5610 llebr.
561 5570 622 5619 ιι,
667 5546 851 5611 ίο-ΙΞ.
928 5556 973 5589 ⁸⁸
1004 5553 1157 5609 Joan.
1199 5568 1236 5619 ι,
1277 5550 1329 5604 3.
1406 5548 1489 5602 "l
1521 5548 1646 5603 Cor.
1679 5566 1717 5615 ι,
1746 5551 1800 5608 9.

1897 5552 1924 5583 ‘°
1961 5550 2137 5605 Gztlal.
2179 5566 2252 5615 ιν,
2283 5548 2340 5603 7.

1908 4672 2160 4737 eﬁiceret,
2198 4671 2527 4726 conﬁdentes
2567 4671 2619 4725 in
2670 4672 2762 4725 illo
2798 4673 2887 4739 qni
2933 4672 3062 4724 dicit
3094 4688 3107 4724 :
3142 4689 3161 4722 ι
3192 4669 3369 4726 Nolite
3414 4670 3482 4725 tio

1911 4778 2059 4818 ntere
2099 4777 2192 4816 eos
2221 4762 2311 4830 qui
2343 4763 2597 4816 occidunt
2639 4777 2854 4829 corpus,
2885 4763 3117 4815 animam
3156 4772 3333 4815 autem
3374 4778 3482 4817 non

1911 4865 2137 4926 possunt
2193 4854 2441 4908 occidere
2462 4856 2530 4906 ".
2568 4872 2587 4903 ι
2652 4851 2785 4906 Nam
2834 4854 2977 4923 quod
3030 4852 3376 4909 aﬁlictionem
3429 4854 3482 4907 in

1915 4946 2133 5007 mundo,
2178 4944 2719 5015 persecutionemque
2767 4947 2835 5002 ab
2884 4948 3126 5002 hostibus
3173 4945 3481 5016 perpessuri

1912 5042 2118 5099 essent,
2159 5042 2213 5085 et
2256 5033 2442 5103 gravia
2480 5049 2577 5103 pro
2616 5034 2862 5088 veritatis
2896 5034 3143 5103 dogmate
3185 5029 3481 5084 certamina

1911 5123 2163 5189 subituri,
2209 5134 2263 5177 et
2306 5126 2520 5180 virtutis
2562 5126 2793 5193 denique
2841 5124 3071 5176 stadium
3129 5137 3233 5175 non
3280 5121 3495 5192 absque

1912 5229 2106 5284 magno
2157 5217 2352 5271 sudore
2390 5226 2444 5270 et
2494 5216 2754 5270 molestiis
2801 5214 3112 5279 decursuri,
3169 5213 3343 5269 noluit
3392 5228 3486 5268 eos

1914 5317 2060 5361 metu
2109 5308 2302 5377 frangi,
2353 5309 2445 5363 sed
2488 5322 2581 5375 per
2632 5320 2693 5359 ea
2728 5319 2849 5374 qua;
2894 5304 3010 5374 ipse
3046 5320 3335 5376 perpessus
3373 5314 3477 5369 est,

1916 5400 2144 5455 animari
2175 5418 2187 5453 :
2219 5410 2275 5453 ut
2315 5415 2440 5452 vero
2476 5413 2572 5451 nos
2599 5397 2761 5449 etiam
2805 5412 2866 5451 ea
2902 5398 3203 5452 detrectare
3242 5411 3348 5450 non
3384 5410 3485 5449 au-

2430 5549 2474 5581 "
2511 5548 2673 5603 llebr.
2717 5564 2815 5616 χιι,
2848 5551 2904 5604 2.
2981 5551 3027 5583 "
3058 5548 3250 5605 Matth.
3294 5564 3349 5618 ι,
3382 5548 3478 5607 28.

1335 5704 1505 5761 Variae
1532 5706 1790 5763 lcetiones
1815 5707 2016 5765 codicis
2040 5703 2397 5776 Seguieriani.

278 5843 299 5893 ί
335 5846 613 5918 ἀγαγόντι.
694 5844 707 5894 l
748 5842 959 5899 πιθεῖν.
1039 5844 1063 5883 Ι(
1093 5842 1267 5902 τοῦτο.
