4122 6472
666 438 809 497 1575

1679 434 1737 489 S.
1776 433 2050 489 CYRILLI
2090 433 2559 489 ALEXANDRINI
2601 431 2921 489 ARCHIEP.

3801 437 3939 492 {376

670 555 943 618 deremus,
972 551 1211 606 ostendit
1242 551 1426 605 dicens
1459 567 1474 605 :
1514 570 1531 602 ι
1560 549 1673 605 Νοιι
1716 562 1797 605 est
1830 553 2126 622 discipulus
2156 569 2246 606 su-

2359 552 2713 624 ἐκδυσωπήσῃ
2739 591 2753 614 ,
2782 552 2981 620 λέγων’
3032 570 3049 602 t
3085 550 3198 605 Οὐκ
3231 551 3345 605 ἔστι
3378 551 3630 621 μαθητὴς
3662 550 3805 620 ὑπὲρ
3848 556 3939 603 τὸν

669 658 768 715 per
799 644 1138 713 magistrum,
1173 657 1272 699 nec
1310 657 1499 698 servus
1533 659 1698 713 super
1726 646 2003 699 dominum
2046 661 2242 699 suum:

677 735 834 806 152
863 734 1064 790 suﬂicit
1094 736 1379 803 discipulo,
1418 743 1475 789 ut
1516 736 1587 789 sit
1628 738 1769 791 sicut
1817 738 2072 806 magister
2106 736 2244 805 ejus,

672 837 726 879 et
768 840 946 888 servo,
992 827 1133 881 sicut
1172 826 1417 880 dominus
1457 826 1573 894 ejus
1595 826 1662 879 ⁸³.
1695 845 1713 877 ›
1748 856 1817 866 -
1844 845 1864 877 ε
1896 824 1953 881 Si
2004 842 2088 881 me
2125 844 2248 897 per-

673 917 844 971 secuti
877 925 1022 981 sunt,
1055 926 1109 971 et
1138 932 1230 970 vos
1260 927 1654 987 persequentur
1676 917 1744 973 “.
1774 937 1793 969 ι

745 1004 939 1059 XXXI.
980 1004 1186 1073 Sc0pus
1230 1008 1414 1075 itaque
1444 1006 1722 1076 unigenito
1758 1006 1847 1060 Dei
1892 1005 2027 1061 Filio
2055 1022 2253 1079 propo-

676 1096 816 1151 situs
853 1096 974 1162 fuit,
1009 1098 1061 1151 in
1100 1112 1262 1151 carne
1300 1112 1395 1151 sua
1428 1112 1526 1167 pro
1569 1097 1727 1151 nobis
1760 1097 1891 1165 pati.
1928 1096 2091 1165 Cujus
2127 1100 2253 1169 qui—

676 1189 798 1241 dem
854 1188 1111 1257 propositi
1161 1204 1380 1243 causam
1430 1189 1645 1243 divinus
1698 1187 1896 1244 Paulus
1943 1191 2026 1245 his
2070 1192 2252 1247 verbis

677 1278 975 1346 explanat:
1010 1296 1029 1329 ι
1055 1278 1190 1344 Quia
1234 1277 1452 1349 (inquit)
1512 1278 1663 1347 pueri
1717 1280 2256 1335 communicaverunt

676 1368 827 1421 carui
880 1377 935 1422 et
982 1368 1255 1439 sanguini,
1308 1377 1362 1423 et
1427 1370 1543 1438 ipse
1607 1368 1855 1423 similiter
1911 1371 2257 1439 participavit

674 1460 881 1513 eisdem
912 1478 925 1513 :
955 1468 1014 1513 ut
1038 1474 1133 1529 per
1158 1468 1387 1514 mortem
1414 1460 1716 1514 destrueret
1733 1474 1877 1525 eum,
1905 1460 1999 1530 qui
2024 1460 2257 1516 habebat

677 1552 871 1605 mortis
902 1551 1212 1621 imperium,
1246 1553 1296 1607 id
1331 1562 1415 1607 est
1442 1551 1757 1619 diabolum;
1787 1561 1839 1607 et
1868 1552 2128 1608 liberaret
2162 1566 2256 1609 eos

677 1641 769 1709 qui
812 1642 1005 1697 timore
1038 1644 1229 1699 mortis
1278 1658 1377 1714 per
1415 1652 1581 1698 totam
1624 1643 1788 1697 vitam
1829 1644 2049 1699 obnoxii
2098 1654 2255 1699 erant

678 1732 923 1785 servituti
948 1733 1016 1788 ".
1053 1753 1071 1785 ι
1110 1732 1243 1787 Cum
1276 1747 1406 1801 ergo
1443 1735 1637 1788 murtis
1681 1736 1977 1790 destructio
2007 1736 2259 1789 humana:

678 1833 885 1877 natura
914 1824 1227 1879 facultatem
1271 1836 1555 1894 superaret
1581 1826 1729 1896 (nam
1765 1841 1861 1896 per
1900 1839 2055 1882 vetus
2090 1827 2257 1883 male-

677 1912 881 1966 dictum
912 1914 964 1967 in
996 1928 1117 1968 eam
1155 1893 1384 1970 adducta
1423 1928 1540 1974 erat
1563 1893 1955 1984 calamitatem,
1988 1930 2045 1972 ut
2071 1934 2254 1974 neces-
2286 1893 2329 1947 Β

677 2004 825 2057 sario
865 2006 1055 2061 mortis
1101 2006 1329 2077 imperio
1373 2008 1606 2064 obnoxia
1651 2016 1969 2080 teneretur),
2017 2012 2257 2081 oportuit

677 2103 736 2147 ut
777 2095 1047 2151 viviﬁcum
1096 2098 1191 2153 Dei
1235 2098 1474 2155 Verbum
1524 2110 1721 2156 natura
1765 2104 1921 2156 morti
1967 2103 2252 2168 obstricta,

680 2186 780 2240 hoc
810 2198 893 2243 est
924 2198 1107 2244 nostra
1150 2190 1411 2257 humana,
1459 2205 1581 2247 sese
1626 2192 1911 2259 indueret;
1957 2208 2065 2261 quo
2109 2208 2256 2247 mors

677 2276 916 2334 efferata
954 2280 1234 2349 cujusdam
1280 2280 1474 2337 bellua
1521 2284 1693 2338 instar
1725 2284 2001 2353 propriam
2044 2297 2259 2353 quoque

677 2369 820 2424 illius
874 2386 1093 2426 carnem
1146 2373 1364 2437 adorsa,
1417 2389 1446 2428 a
1507 2374 1795 2444 tyrannide
1842 2391 2001 2445 quam
2055 2376 2108 2429 in
2158 2389 2258 2429 nos

676 2464 989 2525 exercebat,
1024 2463 1172 2518 velut
1210 2480 1239 2517 a
1283 2466 1390 2520 Deo
1416 2465 1528 2533 jam
1571 2466 1855 2529 debellata,
1896 2468 1948 2519 iu
1983 2477 2257 2534 posterum

678 2550 985 2607 desisteret.
1023 2551 1142 2621 ipse
1174 2554 1357 2622 itaque
1385 2563 1491 2619 est,
1532 2556 1622 2623 qui
1666 2556 1883 2625 quidem
1913 2565 2134 2625 propter
2161 2571 2259 2611 nos

680 2642 978 2696 secundum
1032 2658 1288 2705 carnem,
1342 2645 1445 2698 hoc
1501 2653 1585 2698 est
1628 2644 1919 2698 humanam
1976 2656 2256 2709 naturam,

679 2733 994 2801 perficitur;
1054 2734 1352 2789 secundum
1398 2735 1635 2789 divinam
1684 2748 1813 2790 vero
1859 2734 2120 2789 virtutem
2169 2738 2257 2807 (eo

680 2825 957 2891 nimirum,
1007 2828 1150 2897 quod
1202 2826 1399 2882 mortis
1454 2826 1712 2895 impetum
1759 2824 2108 2897 perfregerit)
2159 2842 2258 2881 nos

680 2914 912 2983 perﬁcit,
946 2926 1414 2987 consummatque.
1464 2917 1658 2971 Deerat
1684 2918 1827 2971 enim
1872 2917 2121 2971 humana
2162 2931 2259 2970 na—

678 3017 812 3063 tura:
842 3023 905 3063 ea
937 3009 1219 3077 integritas
1264 3020 1317 3064 et
1348 3008 1699 3078 incorruptio,
1728 3023 1890 3077 quam
1924 3010 1976 3063 in
2003 3020 2156 3063 ortus
2178 3009 2258 3062 sui

680 3099 979 3168 primordio
1016 3100 1300 3155 obtinebat
1333 3117 1349 3154 :
1380 3118 1399 3151 ι
1433 3100 1573 3153 Deus
1606 3099 1750 3154 enim
1790 3109 2017 3153 mortem
2054 3115 2157 3153 non
2189 3098 2263 3153 fe-

2349 642 2687 706 διδάσκαλον,
2743 643 2864 695 οῦδὲ
2916 641 3100 705 δοῦλος
3144 642 3284 712 ὑπὲρ
3329 643 3423 695 τὸν
3471 642 3680 711 Κύριον
3734 641 3936 693 αὐτοῦ’

2350 733 2583 803 ἀρκετὸν
2620 732 2697 803 τῷ
2745 732 2958 803 μαθητῇ
3010 734 3097 785 ἵνα
3143 732 3369 802 γένηται
3418 733 3493 795 ὡς
3544 732 3940 794 δεδιδάσκαὶκ

2352 824 2535 885 αὐτοῦ,
2566 825 2659 877 καὶ
2697 824 2772 893 τῷ
2811 824 3002 893 δούλῳ,
3044 823 3119 886 ὡς
3161 825 3189 875 6
3236 823 3422 893 κύριος
3455 824 3643 877 αὑτοῦ.
3679 844 3697 875 ι
3727 823 3791 876 Εἰ
3838 825 3939 893 ἐμὲ

2352 914 2600 979 ἐδίωξαν,
2632 916 2728 968 καὶ
2758 915 2899 985 ὑμᾶς
2934 914 3203 979 διώξουσι.

2424 1006 2549 1058 AA'.
2592 1005 2799 1066 Σκοπὸς
2826 1001 2917 1057 οὖν
2947 1005 3054 1074 ἀρα
3080 1002 3159 1073 τῷ
3188 1004 3485 1070 Μονογενεῖ
3520 1004 3739 1071 γέγονε,
3776 1006 3941 1075 σαρκὶ

2354 1100 2421 1168 τῇ
2462 1097 2565 1167 ἰδία
2597 1098 2789 1149 παθεῖν
2841 1097 2979 1167 ὑπὲρ
3033 1096 3208 1166 ἡμῶν.
3252 1098 3361 1150 Καὶ
3405 1098 3535 1151 ποία
3580 1098 3667 1160 τίς
3715 1100 3868 1149 ἐστιν
3906 1101 3937 1165 ή

2354 1188 2507 1242 τοῦδε
2533 1189 2802 1258 πρόφασις
2827 1228 2841 1251 .
2869 1188 3068 1253 διδάξει
3100 1188 3275 1256 λέγων
3298 1190 3329 1241 ό
3360 1188 3641 1251 θεσπέσιος
3681 1189 3901 1250 Παῦλος
3924 1206 3936 1216 ·

2366 1300 2383 1333 ι
2432 1282 2650 1352 Ἐπειδὴ
2683 1280 2791 1353 γάρ
2822 1281 2890 1334 τὰ
2921 1280 3109 1334 παιδία
3141 1279 3539 1351 κεκοινώνηκεν
3581 1282 3821 1350 αἵματος
3849 1282 3943 1332 καὶ

2359 1375 2583 1445 σαρκὸς,
2608 1374 2703 1427 καὶ
2728 1374 2893 1437 αὐτὸς
2917 1374 3315 1445 παραπλησίως
3345 1374 3573 1444 μετέσχε
3592 1372 3702 1426 τῶν
3736 1374 3940 1431 αὐτῶν,

2358 1465 2446 1518 ἵνα
2474 1464 2564 1518 διὰ
2593 1464 2685 1518 τοῦ
2710 1464 2943 1518 Θανάτου
2965 1468 3287 1536 καταργήσῃ
3316 1466 3406 1518 τὸν
3431 1464 3491 1517 τὸ
3517 1465 3718 1535 κράτος
3749 1463 3941 1532 ἔχοντα

2357 1556 2453 1611 τοῦ
2483 1556 2744 1620 θανάτου,
2799 1556 3049 1609 τουτέστι
3088 1557 3179 1610 τὸν
3223 1554 3489 1609 διάϐολονο
3528 1556 3621 1608 καὶ⁵
3653 1555 3941 1623 ἀπαλλάξῃ

2357 1648 2611 1713 τούτους,
2666 1650 2779 1702 ὅσοι
2826 1646 2976 1718 φόϐῳ
3033 1647 3263 1700 Θανάτου
3307 1646 3395 1698 διὰ
3448 1646 3648 1709 παντὸς
3695 1645 3795 1698 τοῦ
3846 1644 3943 1715 ζῇν

2360 1740 2533 1810 ἔνοχοι
2562 1735 2703 1809 ἦσαν
2726 1738 2995 1801 δουλείας.
3032 1757 3050 1789 ι
3085 1736 3295 1791 Οὐκοῦν
3325 1736 3623 1806 ἐπειδήπερ
3646 1736 3943 1803 ἀνέφικτον

2360 1826 2427 1901 ἦν
2455 1833 2520 1901 τῇ
2550 1830 2840 1899 ἀνθρώπου
2872 1830 3033 1899 φύσει
3068 1830 3130 1881 τὸ
3156 1828 3502 1897 καταργῆσαι
3531 1827 3767 1880 θάνατον
3799 1829 3944 1894 (ὲκε-

2359 1924 2599 1993 κράτητο
2628 1923 2737 1992 γὰρ
2774 1923 2865 1974 ὑπ’
2898 1920 3062 1975 αὑτοῦ
3084 1961 3098 1986 ,
3134 1917 3621 1989 κατακομιζούσης
3648 1918 3823 1986 αὐτὴν
3867 1921 3945 1979 εἰς

2358 2015 2519 2067 τοῦτο
2550 2015 2648 2084 τῆς
2678 2014 2909 2083 ἀρχαίας
2937 2015 3077 2083 ἀρᾶς
3105 2013 3367 2082 ἐκείνης),
3407 2011 3731 2079 ἀναγκαίως
3757 2012 3784 2061 6
3814 2010 3945 2074 ζωο-

2358 2106 2508 2169 ποιδς
2537 2104 2631 2157 τοῦ
2664 2104 2799 2157 Θεοῦ
2845 2104 3016 2172 Λόγος
3045 2102 3143 2174 τὴν
3182 2102 3401 2171 θανάτῳ
3445 2100 3463 2139 ι
3508 2102 3743 2170 κάτοχον
3791 2103 3945 2169 ἠμπ-

2359 2197 2550 2267 έσχετο
2576 2196 2760 2265 φύσιν,
2788 2197 3028 2251 τουτέστι
3059 2196 3159 2265 τὴν
3187 2194 3310 2248 καθ’
3341 2194 3507 2263 ἡμᾶς,
3527 2194 3696 2263 ἧγουν
3724 2192 3826 2260 τὴν
3856 2194 3947 2244 ἀν·

2360 2290 2661 2363 θρωπίνην,
2689 2290 2775 2343 ἵνα
2803 2290 2899 2344 καὶ
2927 2292 2994 2360 τῇ
3038 2289 3206 2343 αὐτοῦ
3246 2288 3413 2359 σαρκὶ
3452 2286 3709 2357 καθάπερ
3742 2301 3795 2337 τι
3839 2284 3947 2337 τῶν

2360 2380 2666 2435 ἀτιθὰσσων
2695 2380 2900 2450 θηρίων
2936 2378 3282 2450 ἐπιπηδήσας
3306 2380 3337 2431 6
3370 2376 3599 2439 θάνατος
3620 2417 3635 2439 ,
3660 2374 3946 2443 παύσηται

2359 2477 2456 2543 τῆς
2487 2462 2624 2527 me"
2641 2473 2800 2545 ἡμῶν
2824 2472 3161 2542 τυραννίδος.
3187 2470 3263 2534 ὡς
3288 2469 3443 2541 παρὰ
3471 2468 3610 2521 Θεοῦ
3640 2465 3948 2537 καταργοῦο

2364 2582 2543 2635 μενος.
2576 2565 2748 2628 Αὐτὸς
2790 2559 2884 2617 οὖν
2909 2564 3017 2634 ἀρα
3049 2562 3199 2615 ἐστὶν
3227 2564 3256 2615 6
3283 2560 3448 2631 σαρκὶ
3473 2557 3860 2626 τελειούμενος
3882 2556 3946 2608 δι’

2360 2656 2508 2725 ἡμᾶς
2529 2654 2888 2724 ἀνθρωπίνως
2914 2692 2928 2716 ,
2972 2652 3195 2704 τελειῶν
3238 2650 3293 2702 δὲ
3324 2650 3472 2718 ἡμᾶς
3499 2646 3701 2708 θεῖκῶς
3727 2646 3819 2699 διά
3850 2645 3943 2698 τοῦ

2361 2745 2706 2816 καταργῆσαι
2730 2743 2824 2796 τοῦ
2858 2742 3090 2795 θανάτου
3127 2740 3189 2793 τὸ
3232 2738 3454 2808 κράτος.
3486 2736 3713 2789 Ἕλειπε
3733 2738 3852 2807 ,γὰρ
3880 2739 3945 2805 τῇ

2360 2835 2647 2910 ἀνθρώπου
2675 2833 2835 2905 φύσει
2861 2833 2921 2887 τὸ
2960 2831 3257 2902 ἄφθαρτον,
3280 2828 3425 2882 οὕτω
3446 2828 3726 2900 γενομένῃ
3765 2829 3862 2880 καὶ
3892 2831 3948 2879 ὲν

2361 2932 2574 3001 ἀρχαῖς.
2628 2947 2645 2979 ι
2704 2928 2762 2980 Ὀ
2793 2926 2903 2996 γὰρ
2931 2925 3065 2986 Θεὸς
3106 2922 3335 2975 θάνατον
3381 2922 3481 2974 οὐκ
3508 2921 3793 2989 ἐποίησεν,
3830 2920 3949 2972 οὐδὲ

2360 3021 2620 3090 τέρπεται
2650 3017 2735 3069 ἐπ’
2771 3013 3017 3083 ἀπωλείᾳ
3040 3012 3259 3077 ζωντων
3280 3026 3295 3041 ·
3332 3010 3514 3062 ἐκτισε
3535 3008 3647 3075 γὰρ
3674 3012 3765 3079 ,εὶς
3788 3009 3849 3061 τὸ
3876 3004 3949 3061 εἷ-

2364 3110 2539 3165 ναιτὰ
2565 3109 2763 3161 πάντα·
2794 3124 2811 3157 ι
2848 3106 2941 3158 καὶ
2966 3104 3223 3173 σωτήριοι
3248 3102 3303 3153 αἱ
3327 3100 3568 3168 γενέσεις
3596 3098 3695 3151 τοῦ
3716 3100 3945 3169 κόσμου,

676 3188 772 3251 cit,
826 3204 1003 3259 neque
1050 3190 1263 3243 laetatur
1302 3190 1354 3242 in
1388 3189 1692 3257 perditione
1734 3189 2001 3241 vivorum.
2047 3188 2257 3242 Crcavit

2364 3200 2460 3253 καὶ
2485 3199 2586 3252 οὐκ
2633 3197 2779 3249 ἔστιν
2817 3195 2912 3247 καὶ
2953 3194 3010 3245 tv
3047 3193 3233 3255 αὐτοῖς
3262 3200 3302 3227 ¹¹
3334 3190 3628 3261 φάρμακον
3679 3192 3908 3262 ὀλέθρου
3930 3231 3944 3252 ,

677 3282 846 3343 enim,
886 3289 943 3333 ut
987 3289 1189 3343 essent,
1228 3280 1413 3333 omnia
1444 3280 1510 3340 ",
1544 3296 1563 3329 ι
1605 3288 1961 3347 spectantque
2013 3278 2079 3331 ad
2114 3277 2259 3331 salu-

680 3380 792 3423 tent
840 3370 1023 3423 mundi
1081 3370 1394 3435 primordia,
1456 3384 1555 3423 nec
1598 3378 1679 3423 est
1731 3369 1781 3422 in
1834 3368 1940 3422 illis
1986 3383 2254 3423 venenum

677 3460 1017 3532 perditionis,
1052 3476 1150 3515 nec
1185 3460 1482 3514 inferorum
1520 3474 1741 3527 regnum
1776 3462 1829 3513 in
1872 3467 2013 3513 terra
2044 3478 2057 3513 :
2096 3477 2113 3511 ι
2148 3457 2255 3513 Sed

678 3552 877 3608 diaboli
912 3552 1111 3607 invidia
1160 3567 1306 3607 mors
1338 3552 1563 3607 intravit
1607 3551 1660 3605 in
1713 3554 1970 3607 mundum
1994 3552 2062 3605 ".
2101 3571 2119 3603 ι
2175 3552 2259 3605 Ad

677 3646 825 3702 lnmc
870 3648 1053 3718 itaque
1099 3651 1315 3704 modum
1359 3664 1459 3705 nos
1507 3648 1815 3719 perliciens,
1864 3649 1931 3704 ad
1976 3650 2256 3705 cwlestem

678 3734 895 3793 Patrem
926 3738 1105 3793 aiebat
1131 3755 1145 3794 :
1186 3758 1205 3792 ι
1236 3740 1349 3809 Ego
1379 3749 1430 3794 te
1475 3738 1771 3795 clarificavi
1816 3754 1979 3810 super
2008 3750 2209 3794 terram
2241 3757 2255 3793 :

677 3842 813 3895 0pus
846 3831 1218 3885 consummavi
1253 3833 1395 3901 quod
1430 3831 1625 3885 dedisti
1658 3832 1787 3885 mihi
1830 3843 1887 3886 ut
1912 3832 2107 3887 faciam
2131 3832 2199 3887 ⁵⁸.
2232 3850 2251 3884 ι

680 3919 753 3973 Es
809 3936 1041 3990 namque
1074 3936 1200 3976 vera
1248 3934 1333 3976 est
1377 3921 1470 3976 Dei
1518 3920 1697 3975 Patris
1736 3923 1930 3990 gloria,
1970 3923 2110 3991 quod
2158 3938 2261 3991 per

677 4010 873 4065 Filium
905 4027 1059 4065 suum
1102 4013 1390 4066 demolitus
1424 4020 1502 4067 est
1542 4020 1793 4065 mortem.
1836 4009 1942 4066 Per
1975 4013 2259 4079 passiones

680 4100 908 4167 proinde
946 4102 1046 4169 ipsi
1081 4103 1297 4170 quidem
1324 4102 1741 4165 consummatio,
1790 4102 1949 4155 nobis
1983 4117 2107 4155 vero
2144 4104 2260 4170 ejus

680 4193 826 4259 quod
861 4194 1069 4256 deerat,
1122 4192 1356 4261 expletio
1384 4194 1597 4263 obtigit.
1640 4192 1743 4248 Per
1792 4192 2070 4248 Christum
2112 4196 2257 4249 enim

679 4292 734 4337 et
766 4283 817 4336 in
846 4284 1064 4339 Christo
1103 4300 1238 4338 nova
1281 4294 1531 4340 creatura
1561 4284 1736 4340 effecti
1780 4300 1967 4339 sumus
1993 4284 2061 4339 υ.

753 4374 967 4431 XXXII.
1009 4378 1163 4443 Quod
1226 4387 1404 4431 autem
1457 4391 1562 4431 non
1617 4377 1819 4430 nudum
1871 4378 2259 4445 vulgaremqne

680 4468 955 4523 hominem
1002 4485 1031 4522 a
1072 4469 1253 4524 Verbo
1298 4468 1629 4536 seiunctum,
1683 4468 1857 4523 nostri
1908 4482 2071 4522 causa
2124 4482 2257 4521 con-

2360 3289 2480 3343 οῦδὲ
2522 3286 2668 3339 ἔστιν
2713 3284 2840 3355 ᾅδου
2885 3282 3133 3353 βασιλεία
3173 3280 3264 3333 ἐπὶ
3307 3279 3407 3348 τῆς
3446 3279 3572 3348 γῆς.
3618 3296 3637 3329 ι
3681 3278 3948 3348 Φθόνῳδὲ

2358 3378 2605 3433 διαΰόλου
2635 3377 2863 3439 θάνατος
2884 3376 2964 3437 εις
2996 3374 3087 3429 τὸν
3116 3374 3322 3443 κόσμον
3362 3370 3632 3441 εἰσῆλθεν.
3688 3390 3709 3421 ε
3757 3371 3944 3434 Οῦτως

2359 3472 2509 3543 ἡμᾶς
2537 3466 2832 3529 τελειώσας
2881 3465 3087 3534 ἔφασκε
3132 3464 3268 3534 πρὸς
3315 3463 3407 3516 τὸν
3446 3463 3506 3515 tv
3541 3463 3795 3532 οὐρανοῖς
3838 3463 3947 3515 Πα-

2359 3562 2493 3635 τέρα
2528 3561 2622 3614 καὶ
2661 3558 2794 3611 Θεόν
2816 3574 2829 3587 ·
2866 3575 2883 3609 ι
2930 3554 3074 3623 Ἐγώ
3118 3571 3177 3607 σε
3211 3551 3438 3617 ἐδόξασα
3467 3553 3562 3606 ἐπὶ
3604 3553 3704 3621 τῆς
3738 3552 3863 3622 γῆς’
3893 3553 3949 3605 τὺ

2360 3656 2519 3728 ἔργον
2543 3650 2855 3711 ἑτελείωσα,
2886 3648 2915 3701 6
2934 3647 3173 3708 δέδωκάς
3208 3663 3300 3716 μοι
3320 3688 3335 3711 ,
3368 3646 3459 3698 ἵνα
3493 3646 3712 3715 ποιήσω
3737 3645 3892 3697 αὐτὸ.
3925 3661 3941 3692 ι

2360 3746 2497 3812 Δόξα
2540 3749 2648 3815 γὰρ
2679 3740 2896 3813 ἀληθῶς
2928 3740 3007 3811 τῷ
3032 3738 3153 3809 Θεῷ
3187 3738 3281 3790 καὶ
3312 3736 3518 3805 Πατρὶ,
3546 3736 3626 3806 τῷ
3658 3745 3685 3772 ιι
3721 3735 3811 3788 διὰ
3856 3734 3943 3786 τοῦ

2364 3838 2495 3889 ἰδίου
2513 3834 2681 3904 Γεννή
2692 3848 2861 3903 ματος
2890 3830 3305 3901 καταργήσαντι
3332 3834 3356 3861 ο
3382 3826 3635 3879 θάνατον.
3666 3825 3882 3877 Οὐκοῦν
3911 3830 3940 3894 ἡ

2364 3929 2461 4000 μὲν
2487 3927 2765 3988 τελείωσις
2811 3923 2961 3993 αὑτῷ
3001 3923 3093 3975 διὰ
3122 3920 3486 3991 παθημάτων,
3516 3921 3653 3991 ἡμῖν
3692 3918 3751 3971 δὲ
3782 3936 3944 3991 προσ-

2360 4020 2502 4090 θήκη
2560 4016 2655 4069 τοῦ
2717 4014 2995 4075 λείποντος
3040 4011 3101 4064 τὸ
3155 4009 3551 4080 γεγενημένον·
3616 4008 3783 4078 καινὴ
3839 4008 3941 4077 γὰρ

2360 4108 2536 4172 κτίσις
2564 4106 2632 4160 τὰ
2663 4105 2723 4158 ὲν
2754 4103 2996 4179 Χριστῷ.

2432 4369 2554 4423 ΛΒ’.
2593 4368 2715 4421 Ὀτι
2736 4367 2792 4420 δὲ
2816 4369 2918 4419 οὐκ
2946 4364 3233 4437 ἄνθρωπον
3259 4363 3445 4425 ἁπλῶς
3479 4364 3824 4434 ἐξῃρημένον
3852 4364 3939 4418 τοῦ

2360 4460 2532 4529 Λόγου
2576 4457 2959 4512 τετελειῶσθαί
2992 4475 3157 4529 φησιν
3202 4457 3343 4527 ὑπὲρ
3378 4454 3555 4525 ἡμῶν,
3596 4458 3694 4509 καὶ
3747 4460 3805 4510 tv
3848 4459 3939 4511 ἁν-

680 4566 1009 4610 sttmmatum
1059 4558 1226 4619 dicat,
1276 4558 1369 4611 sed
1411 4558 1702 4628 ipsummet
1745 4556 2095 4624 Uuigeuiium
2153 4556 2253 4609 litt-

2360 4550 2606 4621 θρωπείᾳ
2629 4550 2686 4603 δὲ
2732 4549 2931 4619 μᾶλλον
2968 4552 3152 4620 μορφῇ
3190 4547 3476 4617 πεψηνότα
3506 4546 3597 4598 τδν
3624 4548 3905 4617 Μονογενῆ
3924 4590 3935 4611 ι

682 4661 841 4700 mana
880 4647 1052 4701 forma
1100 4647 1369 4709 indutum.
1408 4648 1459 4702 id
1489 4648 1705 4701 divinus
1746 4646 1948 4702 Paulus
1996 4646 2095 4700 hac
2145 4662 2263 4699 rur-

683 4753 803 4794 sum
841 4737 1089 4791 oratione
1115 4738 1443 4794 confirmat:
1480 4758 1500 4791 ι
1528 4740 1628 4806 Qui
1681 4738 1898 4808 (inquit)
1927 4736 2256 4801 sanctiﬁcat,

2366 4639 2700 4693 πιστώσεται
2735 4639 2896 4693 πάλιν
2938 4640 2968 4692 6
3001 4638 3285 4700 θεσπέσιος
3331 4636 3542 4699 Παῦλος
3594 4638 3933 4708 προστιθείς·

2374 4751 2392 4780 ε
2432 4731 2500 4782 '0
2527 4746 2588 4781 τε
2615 4728 2724 4799 γὰρ
2756 4726 3021 4796 ἁγιάζων,
3065 4729 3162 4782 καὶ
3201 4730 3249 4781 ol
3292 4726 3684 4798 ἁγιαζόμενοι,
3722 4728 3785 4792 ἐξ
3826 4728 3938 4788 ἑνὸς

687 4830 843 4902 153
865 4840 921 4885 et
954 4832 1044 4898 qui
1086 4831 1515 4896 sanctilicantur,
1548 4846 1613 4885 ex
1642 4845 1751 4885 uno
1780 4843 1990 4883 omnes.
2030 4826 2257 4896 Propter

2367 4821 2593 4881 πάντες·
2636 4819 2703 4871 δι’
2738 4820 2803 4888 ἢν
2854 4818 3032 4872 αἰτίαν
3078 4821 3180 4873 οὐκ
3230 4820 3626 4891 ἐπαισχύνεται
3677 4819 3936 4886 ἁδελφὸς

682 4940 842 4992 quam
877 4938 1096 4979 causam
1150 4937 1255 4975 non
1288 4920 1636 4975 confunditur
1673 4921 1872 4975 fratres
1916 4934 2010 4973 eos
2038 4932 2256 4980 vocare,

2368 4911 2566 4972 αὐτοὺς
2592 4909 2799 4972 καλεῖν,
2828 4909 3023 4977 λέγων·
3064 4910 3389 4980 ’Δπαγγελῶ
3418 4912 3479 4964 τὸ
3510 4910 3684 4978 ὄνομα
3711 4925 3806 4961 σου
3835 4911 3938 4968 τοῖς

682 5015 901 5070 dicens:
923 5014 1272 5069 Annuntiabo
1298 5026 1493 5066 nomen
1519 5020 1665 5064 tuum
1691 5011 1954 5064 fratribus
1979 5010 2115 5062 meis
2130 5010 2197 5063 “.
2231 5027 2249 5060 ι

2365 5001 2607 5070 ἀδελφοῖς
2639 5019 2760 5072 μου.
2802 5023 2821 5054 ι
2854 5001 2949 5065 Τίς
2984 5005 3011 5055 ὁ
3058 5004 3317 5071 ἁγιάζων,
3348 5004 3444 5055 καὶ
3479 5001 3625 5061 τινες
3648 4999 3717 5052 ἂν
3751 4996 3859 5052 εἷεν
3890 4999 3933 5051 ai

683 5102 786 5157 Hic
814 5118 992 5169 operae
1042 5108 1272 5174 pretium
1318 5112 1403 5156 est
1433 5115 1782 5171 cognoscere,
1825 5098 2137 5166 ecquisnam
2173 5099 2257 5153 ille

2362 5094 2729 5166 ἁγιαζόμενοι⁸
2765 5098 2860 5151 κει)⁸
2901 5097 3017 5159 πῶς
3057 5096 3117 5159 ἐξ
3164 5096 3282 5155 ἑνὸς
3312 5095 3545 5154 πάντες.
3583 5092 3616 5161 ἢ
3660 5093 3727 5143 ὲκ
3754 5092 3895 5152 τίνος
3920 5133 3934 5154 φ

685 5191 890 5258 sitqui
945 5193 1279 5258 sanctificat;
1336 5203 1447 5247 tum
1496 5191 1717 5261 quinam
1770 5190 1846 5243 illi
1896 5202 2115 5243 rursum
2170 5189 2257 5255 qui

2359 5189 2495 5253 ὅλως
2527 5189 2674 5255 ἀξιον
2714 5190 2863 5242 ἰδεῖν.
2900 5185 3106 5240 Οὐκοῦν
3137 5184 3350 5251 ἁγιάζει
3390 5184 3488 5251 μὲν
3518 5184 3546 5235 6
3586 5182 3717 5245 Υἱὸς
3740 5223 3754 5245 ,
3790 5183 3935 5247 ἅγιος

684 5282 1124 5348 sanctilicantur;
1154 5296 1207 5339 et
1235 5302 1471 5355 quonam
1524 5284 1684 5339 modo
1723 5297 1787 5337 ex
1828 5296 1936 5335 uno
1963 5296 2172 5346 oumes,
2206 5291 2257 5335 et

2360 5280 2436 5335 ὢν
2474 5283 2615 5335 κατὰ
2659 5281 2820 5350 φύσιν
2852 5280 2927 5341 ὡς
2967 5277 3117 5340 Θεόςο
3155 5274 3469 5345 ὴγιάσμεθι
3499 5274 3554 5327 δὲ
3600 5276 3769 5345 ἡμεῖς
3814 5274 3935 5341 παρ’

749 5439 797 5471 ³³
832 5435 1019 5491 Μυιιιι.
1061 5451 1113 5499 x,
1154 5436 1244 5498 τι,
1273 5438 1361 5491 ‘23.

678 5524 817 5577 xvu,
854 5509 909 5564 4.
985 5506 1031 5538 ⁸⁸
1062 5505 1102 5562 ll
1138 5508 1261 5561 Cor.
1300 5525 1349 5572 v,
1382 5510 1463 5563 l7.

1472 5443 1515 5472 ”
1553 5440 1709 5492 Jnun.
1762 5454 1848 5499 xv,
1882 5435 1971 5489 9-0.

1540 5512 1583 5542 ⁸⁸
1616 5511 1775 5564 llebr.
1810 5526 1871 5573 ιι,
1910 5509 1991 5561 ll.

2068 5436 2113 5466 "
2149 5434 2309 5489 llcbr.
2338 5452 2396 5502 ιι,
2427 5437 2510 5501 Η,
2554 5436 2635 5491 l5.
2712 5436 2758 5466 "
2794 5434 2919 5503 Sap.
2953 5450 2990 5497 ι,
3036 5434 3119 5487 l3.
3197 5431 3240 5463 "
3276 5430 3381 5502 Sap
3437 5448 3497 5497 ll,
3521 5432 3614 5487 2i.
3694 5431 3741 5463 ⁸³
3780 5429 3931 5483 Joan.

1773 5664 1947 5721 Variae
1975 5666 2232 5721 lectiones
2259 5665 2461 5722 codicis
2485 5663 2842 5736 Seguieriani.

766 5799 1063 5859 ιθανὰτου.
1139 5812 1178 5843 ω
1206 5800 1414 5863 αὐταῖς.
1500 5807 1523 5835 ο
1560 5797 1636 5851 τό.
1717 5808 1740 5833 °
1775 5802 2142 5865 καταργῆσαι.
