4122 6536
220 485 357 543 157⁵1

1024 480 1116 534 ΑΙ)
1153 477 1451 535 REGINAS
1490 476 1571 531 DE
1613 476 1837 533 RECTA
1873 478 2027 534 FIDE
2064 479 2656 536 ORATIOALTERA.

3320 481 3455 540 1378

216 602 383 659 αὑτοῦ
410 598 499 653 διὰ
541 596 635 653 τοῦ
686 598 1022 671 Πνεύματος.
1073 601 1198 667 Πῶς
1246 598 1339 656 οὖν
1389 603 1436 654 οἱ
1484 600 1683 664 πάντες
1728 602 1787 667 ἐξ

1897 618 1954 657 ex
1998 618 2105 671 quo
2138 602 2350 656 tandem
2406 603 2515 661 illo.
2568 600 2885 660 Sanctificat
2922 602 3089 673 igitur
3116 602 3307 667 Filius,
3361 618 3452 659 sev

218 696 377 758 ἐνόςς
421 693 508 754 Ὠς
532 690 761 764 ΙΙοιητοῦ
785 693 882 746 καὶ
914 694 1278 766 Δημιουργοῦ·
1313 694 1454 747 ὥστε
1486 693 1581 745 καὶ
1614 694 1783 762 ἀναγ-

216 788 372 840 καῖον
399 781 646 836 ἐντεῦθεν
676 783 826 853 ἡμᾶς
873 782 1008 853 πρὸς
1043 784 1305 855 ἀλλήλους
1334 784 1479 854 ἔχειν
1504 782 1602 853 τὴν
1638 784 1785 837 ἀδελ-

218 877 449 946 φότητα.
485 872 717 942 Γενητοῦ
738 883 766 924 P
786 873 894 947 γὰρ
916 876 1051 946 πρὸς
1078 876 1323 947 γενητὸν,
1357 876 1492 929 καθὸ
1515 877 1716 946 γενητὰ
1735 887 1783 939 (ι,

218 968 423 1039 φυσική
452 984 533 1030 τις
562 969 595 1038 ἠ
632 966 946 1040 ἀδελφότης.
980 970 1173 1023 Καίτοι
1211 969 1309 1037 τὴν
1336 966 1498 1034 φύσιν
1525 968 1787 1038 ἁγένητός

218 1062 367 1112 ἐστιν
389 1060 418 1110 6
450 1058 609 1119 Υἱὸς,
637 1058 731 1111 καὶ
759 1061 859 1113 οὐκ
884 1060 1108 1127 ἁδελφὸς
1136 1060 1203 1128 τῇ
1239 1058 1413 1110 κτίσει
1446 1058 1589 1111 κατά
1629 1076 1693 1125 γε
1726 1060 1787 1111 τὸ

217 1144 360 1201 εἶναι
390 1146 549 1216 φύσει
590 1148 751 1213 Θεός⁸
795 1149 915 1212 πῶς
942 1145 1036 1202 οὖν
1065 1150 1114 1201 οἱ
1158 1148 1357 1211 πάντες
1402 1149 1460 1213 ἐξ
1491 1149 1607 1212 ἑνὸς
1626 1191 1640 1214 ,
1672 1151 1699 1203 ὅ
1727 1168 1785 1203 τε

220 1241 465 1309 ἁγιάζων
494 1240 589 1295 καὶ
617 1242 668 1295 οἱ
707 1241 1093 1311 ἁγιαζόμενοι;
1129 1239 1337 1293 Οὐκοῦν
1368 1242 1666 1309 ἀναγκαῖος
1708 1244 1786 1305 είς

214 1334 317 1405 τὴν
349 1333 458 1387 τῶν
500 1335 876 1405 προκειμένων
916 1332 1242 1402 διασὰφησιν
1269 1332 1368 1402 τῆς
1405 1334 1541 1403 μετὰ
1586 1332 1787 1403 σαρκὸς

216 1424 530 1496 οἰκονομίας
551 1428 579 1479 6
609 1424 788 1493 λόγος.
817 1423 946 1475 Ὅτε
975 1424 1087 1493 γὰρ
1112 1424 1303 1491 γέγονε
1327 1424 1448 1477 καθ’
1475 1426 1641 1494 ἡμᾶς.
1666 1423 1787 1475 τότε

215 1516 313 1569 καὶ
357 1516 521 1579 αὐτὸς
549 1515 666 1585 μεθ’
695 1512 852 1583 ἡμῶν
895 1512 955 1577 ἐξ
983 1513 1099 1576 ἐνὸς
1135 1513 1351 1581 λέγεται
1385 1515 1478 1567 καὶ
1508 1513 1789 1583 κεχρημὰ-

213 1624 336 1659 τικε
363 1608 476 1669 τοτς
500 1604 792 1673 κτίσμασιν
814 1603 1041 1672 ἁδελφὸς
1064 1644 1077 1668 ,
1102 1603 1177 1666 ὡς
1203 1604 1520 1673 συγγένειαν
1543 1603 1790 1675 ἐσχηκὼς

213 1696 317 1765 τὴν
360 1697 499 1766 πρὸς
545 1697 692 1764 ἡμᾶς
720 1694 1089 1765 ἀνθρωπίνην.
1143 1694 1331 1768 Ταύτῃ
1360 1713 1441 1749 τοι
1495 1696 1589 1748 καὶ
1645 1696 1789 1765 μάλα

216 1788 442 1850 εἰκότως
485 1787 585 1838 οὐκ
631 1785 944 1857 αἰσχύνεται
986 1787 1135 1856 ἡμᾶς
1172 1785 1433 1854 ἀδελφοὺς
1476 1786 1785 1855 ὀνομάζειν,

214 1878 318 1930 οὑκ
351 1876 718 1947 ἀνασχόμενος
743 1917 757 1939 ,
785 1877 860 1940 ὥς
888 1876 951 1944 γέ
978 1892 1066 1946 μοι
1093 1876 1362 1943 φαίνεται,
1390 1880 1503 1939 τοῖς
1526 1877 1594 1929 δι’
1624 1876 1786 1930 αὑτοῦ

1888 694 2118 749 cundum
2174 702 2423 748 naturam
2464 706 2684 751 sanctus
2726 694 3015 758 exsisteus,
3052 706 3239 765 utpote
3269 695 3448 763 Deus;

1885 784 2289 839 sanctificamur
2326 796 2504 839 autem
2538 802 2636 841 nos
2667 789 2735 842 ab
2782 802 2848 842 eo
2880 800 2976 855 per
3022 782 3281 853 Spiritum
3325 802 3456 842 san-

1886 884 2055 928 ctum.
2098 874 2166 927 At
2206 875 2475 943 quomodo
2501 890 2563 928 ex
2614 893 2720 931 uno
2748 876 2978 931 omnes?
3009 874 3083 928 Ex
3122 890 3230 928 uuu
3270 878 3457 946 utique

1886 980 2073 1018 omnes
2095 966 2376 1019 conditore
2405 975 2457 1019 et
2483 967 2695 1033 opiﬁce,
2726 970 2869 1023 unde
2895 977 2950 1021 et
2981 974 3220 1021 mutuam
3244 982 3457 1037 quoque

1886 1056 2278 1109 fraternitatem
2321 1058 2628 1111 necessario
2665 1058 2789 1112 hinc
2817 1060 3103 1115 trahimus.
3149 1060 3283 1113 Nam
3316 1060 3459 1114 inter

1888 1146 2128 1214 genitum
2158 1158 2212 1201 et
2247 1149 2510 1218 genitum,
2546 1158 2812 1219 quatenus
2840 1152 3017 1218 genita
3053 1160 3200 1217 sunt,
3236 1160 3458 1205 natura-

1889 1235 1955 1287 lis
1999 1237 2244 1303 quaedam
2290 1239 2617 1306 germanitas
2668 1239 2974 1295 intercedit.
3022 1240 3287 1296 Caeterum
3328 1255 3457 1295 cum

1890 1325 2060 1380 Filius
2092 1343 2195 1382 non
2235 1329 2305 1383 sit
2343 1341 2536 1382 natura
2572 1330 2767 1397 factus,
2817 1347 2990 1400 neque
3040 1333 3204 1386 ullam
3236 1332 3458 1387 omnino

1894 1427 1950 1470 ut
1999 1417 2143 1475 Deus
2190 1420 2587 1474 fraternitatem
2639 1438 2761 1477 cum
2800 1434 3051 1478 creatura
3096 1421 3233 1476 inire
3264 1430 3461 1491 queat;

1889 1510 1982 1578 qui
2009 1511 2121 1564 iieri
2166 1520 2341 1577 potest
2384 1521 2443 1565 ut
2482 1526 2692 1575 omnes,
2733 1523 2839 1567 tam
2878 1514 2949 1568 illi
2979 1514 3069 1583 qui
3109 1514 3461 1569 sanctiﬁcan-

1893 1607 1996 1657 tur.
2025 1615 2185 1667 quam
2217 1601 2263 1655 is
2292 1616 2507 1670 quoque
2532 1604 2621 1669 qui
2655 1602 2980 1666 sanctiﬁcat,
3017 1602 3369 1673 proﬂuxerint
3393 1602 3463 1656 ab

1890 1689 2038 1745 uno?
2067 1691 2210 1744 Sane
2243 1692 2309 1744 ad
2344 1693 2631 1746 dilucidam
2680 1695 2967 1762 proposita
3009 1695 3084 1748 rei
3127 1694 3463 1761 explanatio-

1892 1796 2037 1843 nem,
2070 1781 2459 1835 incarnationis
2493 1784 2853 1837 (economiam
2897 1795 3144 1852 spectare
3176 1800 3273 1837 nos
3302 1799 3464 1853 opor-

1895 1880 1989 1926 tet.
2020 1872 2152 1927 Cum
2189 1873 2333 1926 enim
2360 1874 2517 1928 nobis
2549 1876 2844 1929 secundum
2876 1890 3094 1929 carnem
3133 1876 3462 1930 assimilatus

214 1967 497 2034 γεγονόσιν
541 1966 768 2035 ἁδελφδς
811 1963 1213 2033 ὀνομάζεσθαι,
1258 1965 1306 2015 εί
1336 1964 1409 2034 μὴ
1438 1964 1627 2031 γέγονε
1664 1962 1784 2015 κατ’

1897 1974 1995 2029 est,
2039 1974 2165 2017 tunc
2212 1972 2266 2017 et
2310 1965 2424 2034 ipse
2456 1980 2670 2033 quoque
2722 1968 2945 2036 perinde
2983 1983 3046 2022 ac
3086 1983 3183 2022 nos
3241 1983 3305 2021 ex
3356 1982 3465 2023 uno

215 2056 437 2121 αὐτοὺς,
466 2056 605 2127 πλὴν
629 2057 689 2108 οὐ
717 2054 901 2125 μεθεὶς
927 2055 1063 2125 ὅπερ
1089 2050 1178 2125 ἦν.
1198 2054 1329 2107 Τότε
1355 2055 1461 2124 γὰρ
1486 2053 1788 2122 ἀνεπιπλή-

215 2165 363 2211 κτως
394 2150 485 2201 καὶ
514 2147 746 2218 ὑμνήσει
795 2145 915 2216 μεθ’
948 2146 1104 2215 ἡμῶν
1137 2144 1331 2209 αὐτὸς,
1362 2145 1420 2197 6v
1460 2145 1688 2214 ὑμνοῦσι
1720 2144 1788 2197 τὰ

216 2240 531 2309 Σεραιρεὶμ,
560 2238 653 2293 καὶ
686 2237 948 2307 σύμπασα
979 2235 1157 2299 κτίσις
1186 2238 1498 2307 προσκυνεῖ.

1893 2069 2013 2109 esse
2040 2054 2218 2109 dictus
2253 2065 2360 2121 est,
2385 2068 2867 2127 creaturarumque
2893 2059 3060 2114 frater
3077 2059 3199 2126 jure
3223 2059 3463 2130 appella-

1894 2153 2000 2209 tus,
2040 2154 2221 2213 utpote
2256 2161 2377 2199 cum
2408 2148 2641 2201 humana
2673 2157 2860 2200 natura
2890 2152 3264 2219 cognationem
3304 2150 3468 2204 sorti-

1896 2244 2002 2290 tus.
2046 2235 2156 2291 llac
2201 2237 2363 2305 igitur
2406 2237 2614 2292 ratione
2661 2239 2795 2294 satis
2847 2253 3084 2309 congrue
3118 2240 3315 2293 fratres
3369 2254 3467 2293 nos

213 2329 490 2399 appellare
521 2331 828 2399 neutiquam
865 2330 1069 2383 veritus
1108 2338 1211 2384 est.
1246 2328 1357 2383 Nisi
1388 2330 1531 2382 enim
1579 2328 1663 2383 liis
1694 2330 1784 2398 qui
1825 2344 1921 2397 per
1950 2330 2121 2399 ipsum
2152 2331 2353 2385 conditi
2381 2340 2528 2393 sunt,
2595 2332 2791 2388 similis
2848 2334 3107 2388 evasisset
3135 2335 3467 2404 (quanquam

213 2441 314 2494 per
346 2425 469 2490 boc,
516 2426 568 2479 id
602 2427 743 2496 quod
790 2434 927 2487 erat,
998 2440 1101 2477 non
1153 2425 1439 2492 amiserit),
1490 2440 1849 2493 nequaquam,
1892 2434 1950 2478 ut
2002 2427 2130 2479 mihi
2184 2427 2505 2495 persuadeo,
2558 2424 2745 2480 fratris
2789 2427 3005 2480 nomine
3056 2442 3117 2482 se
3156 2425 3467 2494 compellari

215 2536 409 2589 passus
452 2529 618 2575 esset.
663 2518 816 2574 Tunc
852 2519 996 2571 enim
1041 2529 1094 2572 et
1137 2520 1339 2587 alisque
1376 2519 1795 2588 reprehensione
1832 2519 1996 2573 etiam
2061 2519 2175 2589 ipse
2218 2520 2498 2575 nobiscum
2544 2519 2807 2586 laudabit,
2834 2534 2995 2588 quem
3061 2519 3284 2574 laudant
3310 2519 3471 2574 Sera-

216 2612 389 2682 phim,
421 2621 473 2665 et
502 2612 751 2663 universa
784 2618 1034 2664 creatura
1063 2610 1271 2665 adorat.

290 2705 411 2757 AI".
465 2722 483 2755 ι
516 2704 627 2757 Καὶ
669 2701 1120 2774 ὁμολογουμένως
1150 2701 1296 2773 μέγα
1332 2702 1449 2757 ἐστὶ
1475 2703 1534 2757 τὸ
1570 2706 1671 2775 τῆς
1700 2705 1791 2758 :6-

214 2796 432 2861 σεϐείας
463 2798 765 2882 μυστήριον
792 2813 805 2827 ⁸
837 2796 971 2853 Θεὸς
1016 2797 1334 2867 ἐφανερώθη
1368 2798 1428 2850 ἐν
1454 2800 1616 2869 σαρκὶ
1636 2840 1651 2861 ,
1683 2801 1789 2853 ἐδι-

212 2889 425 2961 καιώθη
472 2890 529 2943 ἐν
558 2889 869 2960 πνεύματι,
905 2887 1061 2957 ὤφθη
1106 2888 1391 2957 ἀγγέλοις.
1423 2889 1699 2961 ἐκηρύχθη
1733 2892 1790 2944 ἐν

212 2982 451 3048 ιθνεσιν,
483 2977 776 3051 ἐπιστεύθη
818 2981 876 3032 ἐν
921 2978 1112 3050 κόσμῳ
1134 3019 1148 3043 ,
1184 2978 1460 3049 ἀνελήφθη
1505 2981 1563 3032 ἐν
1592 2978 1737 3051 δόξῃ.
1771 2999 1788 3031 ι

212 3076 282 3129 Et
323 3072 455 3136 Θεὸς
497 3070 573 3124 ὣν
604 3072 633 3125 6
666 3070 838 3139 Λόγος
866 3068 1288 3141 ἐνανθρωπῆσαι
1315 3069 1559 3136 λέγοιτο,
1589 3070 1683 3124 καὶ
1729 3071 1791 3123 οὐ

210 3166 390 3235 δήπου
435 3162 621 3235 μεθεὶς
654 3162 714 3215 τὸ
747 3158 887 3215 εἶναι
918 3159 1081 3225 Θεὸς,
1108 3158 1225 3213 ἀλλ’
1265 3160 1323 3213 ἐν
1352 3156 1434 3223 οἷς
1463 3156 1530 3231 ἦν
1561 3160 1648 3214 ἀεὶ
1679 3161 1792 3214 δια.

216 3233 417 3331 μενων*
438 3233 592 3329 μέγα
615 3255 678 3328 δὴ
708 3255 829 3309 τότε
855 3295 869 3319 ,
897 3253 992 3309 καὶ
1022 3253 1474 3325 ὁμολογουμένως
1502 3253 1644 3324 μέγα
1674 3253 1791 3306 ἐστί
1820 3233 1865 3291 C

212 3354 279 3404 τὸ
307 3351 405 3422 τῆς
445 3349 725 3413 εύσεῦείας
762 3346 1080 3419 μυστήριον.
1110 3348 1174 3400 El
1196 3346 1253 3400 δὲ
1282 3345 1567 3416 ἅνθρωπος
1596 3348 1796 3399 νοεῖται

215 3442 399 3506 κοινὸς
442 3443 471 3495 6
508 3440 740 3512 Χριστὸς
764 3478 778 3503 ,
809 3438 884 3501 ὡς
918 3436 1059 3492 κατὰ
1100 3437 1267 3508 μόνην
1289 3435 1389 3507 τὴν
1440 3436 1663 3505 ίσότητα
1698 3434 1798 3505 τῆς

214 3534 377 3601 ἀξίας
398 3575 413 3599 ,
440 3535 606 3604 ἡγουν
640 3530 949 3596 αὐθεντίας,
981 3529 1100 3599 Θεῷ
1133 3527 1477 3599 συνημμένος
1508 3528 1799 3599 (πεφρονή-

215 3642 353 3678 κασι
381 3624 489 3695 γὰρ
514 3623 583 3676 τὰ
615 3623 791 3676 τοιάδε
817 3622 961 3685 τινὲς
988 3622 1096 3675 τῶν
1120 3619 1557 3692 ἀμαθεστέρων),
1586 3620 1703 3683 πῶς
1736 3620 1795 3673 ὲν

217 3717 388 3786 σαρκὶ
410 3713 823 3783 πεφανέρωταις
850 3710 1048 3781 (καίτοι
1070 3711 1185 3775 πῶς
1203 3712 1299 3782 οὺχ
1321 3712 1523 3764 ἁπασιν
1547 3710 1794 3783 ἐναργὲς,

213 3809 306 3862 ὅτι
351 3807 457 3869 πᾶς
500 3804 790 3875 ἄνθρωπος
822 3804 881 3855 ἐν
935 3801 1099 3873 σαρκί
1144 3803 1207 3855 τέ
1254 3804 1406 3864 ἐστι,
1451 3802 1544 3854 καὶ
1587 3801 1685 3853 οὑκ
1730 3801 1796 3853 ἂν

219 3899 425 3970 ἑτέρως
474 3896 647 3967 όρῷτό
689 3898 855 3964 τισις)
897 3894 1001 3948 τίνι
1042 3894 1097 3946 δὲ
1127 3893 1312 3964 τρόπῳ
1344 3904 1365 3930 τ
1406 3887 1585 3961 ὦφθαι
1634 3910 1798 3963 φησιν

218 3991 388 4047 αδτδν
431 3990 527 4044 καὶ
556 3991 670 4051 τοῖς
714 3986 889 4056 ἁγίοις
934 3984 1222 4053 ἁγγέλοις;
1270 3984 1341 4037 ’Ἡ
1371 3983 1478 4053 γὰρ
1519 3984 1611 4036 καὶ
1652 3984 1799 4053 ἡμᾶς

218 4084 422 4147 αὐτοὺς
465 4083 564 4152 οὐχ
607 4080 806 4153 ὁρῶσιν
859 4078 1115 4147 ἁγγελοι;
1148 4076 1214 4129 Τί
1245 4071 1337 4129 οὖν
1386 4077 1443 4128 ἐν
1476 4074 1698 4145 Χριστῷ
1737 4074 1800 4127 τὸ

220 4175 398 4242 ξένον,
436 4174 470 4244 ἢ
501 4173 554 4227 τί
596 4173 657 4226 τὸ
682 4169 1003 4241 παράδοξον,
1038 4170 1086 4222 εί
1136 4168 1230 4223 καὶ
1268 4167 1390 4221 καθ’
1438 4168 1587 4238 ἡμᾶς
1633 4168 1795 4229 ὄντα,

220 4267 321 4322 καὶ
348 4266 535 4335 ἕτερον
561 4263 735 4325 οὐδὲν,
773 4260 1057 4314 τεθέανταί
1086 4276 1230 4322 τινες
1271 4259 1379 4311 τῶν
1428 4259 1599 4326 ἁγίων
1628 4257 1797 4326 ἀγγέ-

216 4361 361 4421 λων;
392 4355 516 4418 Πῶς
541 4354 597 4407 δὲ
623 4354 716 4407 καὶ
736 4353 942 4406 ἔθνεσιν
960 4350 1237 4421 ἐκηρύχθη
1263 4366 1277 4414 ;
1300 4350 1395 4402 καὶ
1421 4349 1497 4411 ὡς
1516 4349 1599 4412 τίς
1617 4350 1797 4419 ὑπάρ-

217 4468 334 4521 χων
360 4457 380 4484 ⁸
414 4447 563 4517 παρὰ
601 4444 709 4498 τῶν
745 4446 804 4496 ἐν
840 4443 1030 4513 κόσμῳ
1062 4440 1376 4494 πιστεύεται
1404 4456 1418 4505 ;
1449 4441 1512 4493 El
1556 4439 1655 4510 μὲν
1688 4441 1797 4509 γὰρ

217 4545 302 4605 ὡς
330 4542 425 4594 ἕνα
448 4538 557 4591 τῶν
581 4535 700 4590 καθ’
725 4535 875 4604 ἡμᾶς
904 4533 1187 4602 ἄνθρωπον
1219 4530 1435 4595 ἁπλῶς,
1463 4530 1558 4582 καὶ
1586 4529 1707 4598 οὐχὶ
1732 4529 1796 4600 δὴ
1830 4562 1873 4616 D

223 4627 432 4700 μᾶλλον
463 4625 595 4677 Θεὸν
622 4621 1083 4693 ἐνηνθρωπηκότα
1110 4618 1435 4691 διεκήρυξαν
1459 4619 1507 4671 οἱ
1537 4617 1795 4689 μαθηταὶ,

220 4718 323 4771 καὶ
348 4716 425 4779 ὡς
456 4712 615 4767 τοῦτο
638 4710 901 4780 ὑπάρχων
926 4707 1079 4777 παρὰ
1104 4706 1214 4759 τῶν
1241 4709 1297 4759 ἐν
1328 4708 1515 4777 κόσμῳ
1546 4706 1799 4759 πιστεύε-

220 4826 348 4873 ται,
383 4800 864 4876 ἁνθρωπο).ατρείᾳ
897 4796 1293 4869 κεκρατήμεθα
1313 4838 1327 4860 ,
1360 4798 1453 4851 καὶ
1488 4814 1797 4867 προσκεκυ-

222 4904 474 4972 νήκαμεν
521 4898 587 4964 τῇ
621 4893 796 4947 κτίσει
819 4908 833 4921 ο
871 4888 966 4941 καὶ
1012 4888 1150 4960 πρός
1194 4904 1257 4956 γε
1296 4887 1451 4940 τοῦτο
1480 4889 1624 4959 ἡμᾶς
1663 4906 1796 4941 κατ-

226 4994 482 5062 εδόνησεν
509 4986 667 5049 αὐτὸς
694 4985 722 5037 6
746 4982 905 5053 φύσει
940 4998 999 5035 τε
1018 4981 1111 5034 καὶ
1140 4979 1367 5051 ἀληθείᾳ
1397 4979 1491 5031 καὶ
1520 4978 1630 5032 τῶν
1660 4980 1796 5034 ὅλων

224 5083 380 5144 Θεός·
423 5066 587 5139 αὐτὸς
633 5074 742 5145 γὰρ
771 5074 903 5143 ἡμῖν
951 5072 1042 5125 τὸν
1088 5069 1197 5123 τῶν
1240 5070 1520 5141 θεηγόρων
1556 5069 1796 5135 ἀνέδειξε

224 5174 411 5246 χορόν.
441 5171 505 5224 Εἰ
532 5169 588 5223 δὲ
624 5167 854 5237 Χριστὸς
883 5164 1128 5235 ἐγερθεὶς
1163 5165 1226 5216 ἐκ
1252 5162 1459 5234 νεκρῶν
1488 5164 1599 5227 τοῖς
1626 5164 1803 5232 ἁγίοις

225 5269 468 5335 ἔφασκεν
524 5258 872 5321 ἀποστόλοις⁸
933 5275 949 5308 ι
1010 5254 1375 5325 Πορευθέντες
1426 5254 1801 5328 μαθητεύσατε

227 5358 409 5411 πάντα
456 5352 523 5405 τὰ
567 5350 725 5417 ἔθνη,
778 5345 1129 5416 βαπτίζοντες
1181 5344 1375 5407 αὐτοὺς
1418 5346 1499 5407 είς
1534 5344 1597 5396 τὸ
1633 5344 1801 5414 ὄνομα

226 5448 322 5501 τοῦ
356 5446 588 5517 Πατρὸς,
632 5446 725 5498 καὶ
750 5443 842 5496 τοῦ
885 5444 1037 5508 Υἱοῦ,
1068 5444 1161 5497 καὶ
1205 5443 1297 5497 τοῦ
1340 5443 1494 5512 ἁγίου
1544 5443 1797 5514 Πνεύμα-

298 5625 342 5657 ⁸³
373 5621 389 5674 |
424 5621 658 5676 Timotlt.
694 5638 781 5687 ιιι,
811 5620 893 5675 I6.

1969 2703 2212 2759 XXXIII.
2261 2722 2282 2755 ι
2319 2705 2384 2760 Ει
2413 2703 2699 2760 manifeste
2729 2720 2981 2773 maguum
3007 2714 3090 2759 est
3128 2705 3348 2774 pietatis
3378 2721 3466 2762 sa-

1896 2805 2233 2849 cramentum
2264 2812 2278 2848 :
2308 2794 2450 2849 Deus
2487 2795 2860 2850 manifestatus
2897 2810 2979 2850 est
3020 2797 3070 2850 in
3100 2812 3287 2859 carne,
3311 2797 3471 2864 justi-

1900 2888 2089 2940 licatus
2131 2897 2212 2940 est
2242 2888 2294 2940 in
2327 2887 2545 2955 spiritu,
2576 2887 2723 2942 visus
2772 2898 2854 2942 est
2890 2887 3117 2957 angelis,
3148 2889 3471 2957 praedicatus

1898 2987 1981 3031 est
2016 2977 2068 3031 iu
2106 2977 2380 3046 gentibus,
2415 2978 2654 3034 creditus
2701 2988 2780 3033 est
2814 2978 2867 3032 in
2916 2980 3134 3044 rutundo,
3165 2990 3475 3050 assumptus

1899 3076 1983 3121 est
2036 3067 2091 3122 in
2140 3068 2309 3137 gloria
2334 3069 2400 3121 εί.
2437 3088 2454 3121 ι
2509 3069 2563 3124 Si
2612 3069 2753 3125 Deus
2787 3070 3010 3125 verbum
3057 3070 3315 3126 deitatem
3364 3086 3471 3127 non

1903 3159 2184 3223 amittens,
2217 3162 2310 3215 sed
2342 3161 2395 3215 in
2431 3162 2630 3231 quibus
2654 3171 2776 3215 erat
2816 3162 2973 3217 bonis
3007 3171 3324 3218 constanter
3350 3180 3474 3234 per-

1899 3249 2117 3316 sistens,
2154 3250 2317 3306 homo
2347 3250 2523 3306 factus
2553 3252 2900 3320 praedicatur,
2935 3270 3189 3325 magnum
3228 3257 3473 3324 profecto

1900 3341 2116 3408 pietatis
2155 3343 2471 3411 mysterium
2523 3343 2611 3397 hic
2643 3358 2702 3398 se
2743 3342 2920 3399 oﬂ'ert.
2967 3345 3024 3399 Si
3068 3360 3194 3400 vero
3227 3345 3475 3401 Christus

1898 3444 1981 3488 est
2027 3436 2187 3489 homo
2235 3443 2443 3489 tautmu
2492 3439 2824 3503 communis,
2880 3437 2993 3492 sola
3047 3439 3329 3509 dignitatis
3386 3439 3469 3494 vel

1902 3528 2244 3582 auctoritatis
2275 3529 2535 3582 societate
2563 3527 2673 3582 Deo
2700 3529 3022 3597 coniunctus
3048 3530 3173 3598 (hoc
3206 3532 3349 3584 enim
3391 3531 3472 3585 in-

1900 3618 2043 3673 docti
2089 3619 2304 3686 quidam
2358 3617 2708 3690 defendunt),
2766 3620 3036 3689 quomodo
3096 3620 3476 3677 mauifestatus

1898 3717 1982 3762 est
2026 3708 2078 3762 in
2130 3708 2334 3763 carne?
2392 3710 2476 3763 An
2545 3724 2650 3763 non
2697 3711 2948 3765 omnibus
2998 3714 3339 3781 perspicuum
3392 3724 3477 3769 est

1900 3798 2101 3852 nullum
2142 3814 2249 3853 non
2291 3799 2563 3853 hominem
2596 3814 2758 3855 carne
2791 3814 2913 3855 esse
2941 3801 3209 3866 indutum,
3244 3818 3341 3860 nec
3368 3804 3475 3860 alio

1900 3889 2060 3943 modo
2087 3903 2116 3941 a
2152 3904 2422 3958 quoquam
2461 3904 2619 3959 posse
2655 3890 2859 3945 videri?
2890 3890 3050 3963 154
3078 3891 3190 3957 Qua
3217 3908 3347 3963 ergo
3382 3911 3473 3953 ra-

1902 3982 2047 4036 tione
2072 3997 2103 4035 a
2134 3984 2339 4036 sanctis
2367 3997 2582 4051 quoque
2608 3982 2815 4050 angelis
2842 3986 2990 4038 visus
3026 3984 3255 4039 dicitur?
3287 3985 3477 4041 Nonne

1900 4072 2077 4143 angeli
2116 4073 2365 4141 nosipsos
2400 4072 2821 4141 conspicantur?
2851 4073 2988 4140 Quid
3031 4075 3195 4144 igitur
3226 4076 3277 4130 in
3319 4076 3476 4133 Clari-

1900 4174 1985 4219 sto
2017 4173 2109 4217 attt
2141 4178 2360 4229 novum,
2400 4173 2492 4217 aut
2529 4164 2873 4231 inusitatum,
2907 4175 2960 4221 et
3001 4169 3361 4224 admiratione
3390 4171 3474 4224 di-

1899 4271 2058 4325 gnum
2108 4265 2213 4322 est,
2266 4256 2311 4310 si
2365 4254 2533 4309 solam
2576 4266 2780 4311 naturae
2821 4269 3023 4312 nostrae
3062 4261 3473 4316 similitudinem

1900 4364 2118 4419 gerens.
2158 4364 2186 4402 a
2223 4348 2544 4418 quibusdam
2572 4349 2775 4419 angelis
2810 4351 2959 4404 visus
2985 4351 3112 4405 est?
3139 4351 3323 4416 Qualis
3351 4370 3472 4407 rur-

1900 4453 2019 4492 sum
2056 4438 2306 4507 gentibus
2333 4437 2695 4504 praedicatus?
2725 4446 2817 4490 aut
2853 4439 3027 4505 qualis
3060 4443 3275 4493 tandem
3312 4442 3380 4495 ab
3408 4443 3474 4497 iis

1900 4528 1991 4597 qui
2030 4537 2158 4582 sunt
2190 4528 2242 4581 in
2281 4528 2504 4589 mundo,
2542 4527 2819 4580 creditur?
2858 4526 2992 4581 Nam
3037 4528 3082 4583 si
3128 4530 3273 4585 illum
3312 4533 3474 4587 disci-

1903 4620 2010 4689 puli
2044 4618 2241 4671 mundo
2279 4619 2641 4686 praedicarunt
2675 4626 2733 4671 ut
2770 4633 2962 4687 purum
3003 4620 3236 4688 aliquem
3275 4633 3474 4678 nostra:

1904 4710 2231 4765 conditionis
2288 4712 2581 4772 hominem,
2630 4718 2684 4763 et
2724 4726 2831 4763 non
2881 4720 2937 4763 ut
2980 4711 3146 4764 Deum
3197 4712 3470 4767 hominem

1902 4802 2125 4866 factum,
2160 4803 2388 4872 talisque
2413 4803 2480 4855 ab
2514 4801 2580 4855 iis
2613 4803 2702 4869 qui
2742 4802 2795 4855 in
2826 4802 3027 4854 mundo
3056 4802 3259 4870 degunt
3295 4808 3475 4858 credi-

1905 4903 2023 4967 tur;
2076 4897 2140 4947 ad
2181 4910 2345 4947 unum
2393 4908 2582 4947 oumes
2631 4892 3070 4961 authropolatrize
3119 4895 3345 4948 crimine
3399 4898 3474 4950 rei

1907 4985 2229 5049 tenebimur,
2292 4996 2707 5056 creaturamque
2752 4987 3029 5043 Creatoris
3082 4989 3197 5043 loco
3251 4992 3477 5045 adorare

1908 5085 2093 5142 aperte
2119 5075 2554 5130 convincemur?
2586 5077 2746 5147 idque
2784 5077 2927 5132 illius
2968 5078 3218 5148 impulsu,
3250 5080 3338 5147 qui
3377 5097 3477 5133 na~

1910 5175 2029 5222 tura
2093 5176 2145 5219 et
2194 5167 2427 5222 veritate
2471 5168 2847 5221 universorum
2906 5167 3046 5222 Deus
3095 5178 3196 5222 est.
3248 5168 3481 5225 Constat

1909 5259 2051 5311 enim
2104 5258 2277 5324 ipstnn
2342 5259 2408 5313 ad
2462 5273 2557 5312 nos
2611 5258 2822 5313 misisse
2876 5260 3162 5330 magistros
3218 5261 3308 5329 qui
3364 5263 3478 5316 ha‘c

1908 5352 2181 5403 docerent.
2210 5348 2362 5414 Quod
2395 5350 2439 5403 si
2468 5349 2714 5406 Christus
2743 5366 2807 5405 ex
2839 5352 3065 5405 mortuis
3092 5354 3475 5419 exsuscitatus,
3552 5378 3555 5379 ν

1907 5451 2125 5497 sanctos
2169 5442 2439 5509 apostolos
2470 5442 2554 5497 his
2597 5442 2778 5497 verbis
2826 5440 3021 5499 affatur
3051 5462 3063 5499 :
3100 5463 3117 5496 ι
3152 5444 3350 5500 Euntes
3384 5447 3482 5501 do-

1328 5756 1499 5811 Varia:
1530 5754 1787 5811 lectiones
1819 5758 2018 5811 codicis
2055 5756 2412 5825 Seguiertani.

301 5912 333 5953 ι,
362 5899 592 5971 γενητῷ.
668 5907 695 5947 (ι
726 5896 967 5967 γενητόν,
1050 5904 1070 5933 ι
1104 5896 1224 5951 τίνα
1252 5896 1307 5949 δὲ
1335 5894 1553 5964 τρόπον.
1632 5900 1653 5931 ι
1686 5893 1769 5946 Ia.
1801 5894 1895 5944 καὶ
1934 5894 2081 5955 ὅστις
2109 5894 2389 5963 ὑπάρχων.
