4116 6490
701 450 836 508 I379

1677 449 1732 502 S.
1774 446 2052 503 CYBILLI‘
2090 435 2555 500 ALEXANDlllNl
2595 437 2914 496 ARClllEP.

3811 444 3940 496 ιδείι

698 575 814 617 cete
860 573 1047 615 omnes
1081 568 1290 629 gentes,
1319 561 1662 631 baptizantes
1693 573 1788 612 eos
1824 559 1874 611 in
1920 560 2137 611 neruine
2171 558 2255 609 Pa-

2368 573 2488 619 τοςο
2521 572 2538 605 ι
2573 549 2688 607 εἶτα
2723 550 3167 622 πεπιστεύκαμεν
3202 555 3280 617 είς
3307 553 3500 616 αὐτὸν,
3531 554 3939 625 βεϐαπτίσμεθά

699 656 819 716 tris,
848 663 900 706 ct
927 652 1070 716 Filii,
1101 662 1154 707 et
1176 653 1415 723 Spiritus
1445 652 1616 705 sancti
1642 651 1717 715 ⁶¹;
1748 669 1765 700 ι
1798 665 2004 717 nosque
2028 650 2079 701 in
2119 649 2262 701 illum

696 745 986 806 credimus,
1015 759 1077 798 ac
1104 754 1336 799 mortem
1369 742 1607 811 ejusdem
1643 741 2045 799 annuntiantes,
2081 753 2258 791 resur-

694 837 1098 904 rectionemque
1122 835 1462 895 conﬁtentes,
1495 831 1751 901 baptizati
1781 846 1965 885 sumus
1995 847 2009 896 ;
2042 838 2095 882 et
2121 829 2264 881 istud

695 926 760 979 de
790 939 937 978 more
971 924 1282 978 factitanles
1316 936 1592 991 nunquam
1637 923 1896 976 hactenus
1919 919 2059 990 quod
2093 917 2264 972 homi-

693 1027 814 1067 nem
847 1013 1106 1076 colamus,
1154 1011 1451 1065 insimulati
1486 1011 1724 1066 fuimus:
1758 1011 1880 1080 quis
1913 1008 2130 1062 dubium
2165 1008 2262 1059 ha-

692 1103 821 1158 bere
865 1112 1041 1172 potest
1101 1101 1376 1156 Christum
1446 1117 1550 1156 non
1598 1117 1716 1157 esse
1759 1114 1947 1167 purum
1993 1098 2261 1151 hominem

693 1200 832 1252 nuda
888 1206 1092 1250 tantum
1153 1194 1492 1263 simplicique
1547 1209 1668 1248 cum
1735 1191 1826 1244 Dei
1891 1187 2070 1243 Verbo
2137 1204 2264 1242 cou-

692 1282 921 1339 nexione
950 1286 1306 1347 honoratum;
1349 1297 1536 1336 verum
1580 1280 1810 1334 naturali
1852 1278 2147 1330 secundum
2184 1277 2264 1330 di-

692 1376 1081 1444 spensatoriam
1123 1374 1378 1427 unionem
1430 1388 1550 1427 cum
1607 1374 1836 1426 humana
1885 1378 2083 1424 natura
2133 1384 2264 1422 con-

689 1467 964 1537 junCtioue
1017 1481 1181 1520 unum
1228 1479 1349 1518 esse
1408 1462 1603 1517 Filium
1649 1470 1704 1516 et
1752 1461 2059 1522 Dominum,
2105 1469 2264 1527 atque

692 1557 812 1610 ideo
839 1571 1087 1625 magnum
1113 1555 1329 1625 pietatis
1351 1565 1746 1608 sacramentum
1774 1551 2005 1605 eluxisse
2029 1550 2264 1602 mundo?

689 1644 826 1698 Nam
873 1644 1012 1698 Deus
1052 1643 1285 1698 Verbum
1338 1645 1587 1710 apparuit
1624 1643 1674 1694 in
1723 1656 1906 1704 carne,
1937 1640 2264 1708 justilicatus

693 1745 774 1790 est
806 1735 856 1788 in
887 1734 1086 1802 Spirittt
1121 1733 1344 1803 (nullum
1378 1735 1522 1787 enim
1563 1743 1838 1801 peccatum
1879 1730 2136 1784 Dominus
2169 1746 2265 1782 uo-

691 1837 805 1881 ster
846 1826 1140 1896 designat),
1166 1827 1316 1881 visus
1351 1836 1434 1880 cst
1462 1837 1515 1879 et
1539 1825 1761 1893 angelis,
1804 1833 1857 1876 ut
1887 1825 1974 1892 qui
2007 1823 2262 1876 nativita-

2365 662 2420 696 τε
2447 686 2461 707 ,
2496 644 2586 696 τὸν
2630 644 2857 697 θάνατον
2889 641 3054 694 αὐτοῦ
3092 642 3556 711 καταγγέλλοντες
3579 682 3594 704 ,
3627 648 3725 696 καὶ
3752 646 3940 714 ὁμολο-

2363 736 2586 801 γοῦντες
2626 737 2721 806 τὴν
2766 735 3092 789 ἀνάστασιν·
3133 735 3226 788 καὶ
3265 735 3422 788 τοῦτο
3465 735 3599 804 δρᾷν
3649 739 3936 800 εἰωθότες.

2363 829 2473 888 τοῖς
2501 825 3007 898 ἁνθρωπολατρείας
3033 825 3340 895 ἐγκλήμασι
3369 827 3491 879 κατ’
3519 826 3714 879 οὐδένα
3746 831 3939 896 τρόπον

2363 914 2718 985 ὲνισχήμεθα.
2751 917 2863 969 Οὐκ
2895 916 3001 985 ἄρα
3033 913 3160 983 ψιλῇ
3211 918 3476 988 συναφείᾳ
3518 921 3586 988 τῇ
3630 919 3770 989 πρὸς
3813 919 3939 970 Θεὸν

2363 1004 2535 1070 Λόγον
2573 1009 2933 1077 τετιμημένος
2956 1006 3303 1076 ἄνθρωποςῖὁ
3332 1008 3564 1075 Χριστὸς
3643 1009 3851 1078 συνόδῳ
3886 1011 3938 1063 δὲ

2366 1094 2564 1162 μᾶλλον
2590 1101 2654 1168 τῇ
2694 1101 2828 1167 πρὸς
2863 1099 2925 1150 τὸ
2954 1096 3291 1167 ἀνθρώπινον
3331 1097 3449 1149 καθ’
3495 1100 3694 1151 ἕνωσιν
3734 1102 3937 1153 οἰκονο-

2367 1183 2532 1253 μικὴν
2559 1185 2684 1248 Υἱὸς
2710 1183 2790 1250 εἷς
2839 1189 2932 1239 καὶ
2977 1187 3198 1258 Κύριος.
3247 1185 3404 1251 Μέγα
3438 1185 3546 1257 γὰρ
3579 1190 3704 1242 τότε
3741 1191 3802 1241 τὸ
3845 1191 3939 1257 τῆς

2362 1277 2643 1340 εὐσεϐείας
2691 1281 3018 1350 μυστήριον·
3069 1279 3451 1349 πεφανέρωται
3503 1277 3613 1348 γὰρ
3667 1283 3729 1332 ἐν
3781 1283 3939 1350 σαρκὶ

2363 1367 2492 1429 Θεὸς
2514 1365 2586 1419 ὢν
2611 1369 2638 1419 6
2667 1369 2866 1435 Λόγος,
2902 1369 3191 1437 ἐδικαιώθη
3218 1369 3273 1421 δὲ
3303 1368 3396 1421 καὶ
3423 1370 3481 1420 ὲν
3519 1369 3805 1438 Πνεύματι
3824 1389 3838 1399 υ
3879 1373 3937 1422 ού

2362 1458 2470 1528 γὰρ
2496 1458 2747 1526 ἐποίησεν
2776 1460 3048 1528 ἁμαρτίαν
3081 1464 3108 1513 6
3135 1459 3338 1530 Κύριος
3359 1458 3518 1529 ἡμῶν
3569 1461 3783 1530 Ἰησοῦς
3806 1463 3937 1531 Χρι-

2366 1550 2516 1612 στός·
2563 1548 2716 1618 ἄγροη
2766 1549 2821 1601 δὲ
2863 1551 2956 1602 καὶ
3000 1551 3288 1618 ἀγγέλοις,
3336 1551 3384 1602 οἳ
3433 1549 3531 1620 τὴν
3587 1552 3937 1623 ἀνθρωπίνην

2365 1641 2528 1695 αὑτοῦ
2554 1640 2806 1711 γέννησιν
2847 1644 2946 1693 οὐκ
2972 1644 3300 1712 ἠγνοηκότες
3330 1643 3594 1711 ἔφασκον·
3654 1663 3670 1693 ι
3709 1646 3848 1710 Δόξα
3883 1650 3936 1697 ἐν

2365 1732 2605 1802 ὑψίστοις
2643 1731 2796 1801 Θεῷ,
2829 1734 2922 1785 καὶ
2965 1733 3060 1785 ἐπὶ
3101 1735 3202 1802 γῆς
3252 1735 3478 1804 εἰρήνη,
3523 1737 3580 1788 ὲν
3629 1736 3934 1805 ἀνθρώποις

2364 1823 2600 1876 εὐδοκία.
2635 1841 2652 1873 ι
2700 1821 3007 1892 Ἑκηρύχθη
3037 1823 3094 1874 δὲ
3118 1824 3212 1875 καὶ
3236 1825 3293 1876 ὲν
3317 1823 3497 1876 ἔθνεσι
3525 1843 3537 1855 ·
3565 1827 3663 1878 καὶ
3687 1828 3774 1878 ὅτι
3798 1829 3933 1878 κατά

689 1924 795 1970 tem
835 1917 950 1981 ejus
978 1915 1272 1968 secundum
1303 1928 1517 1967 carnem
1554 1929 1656 1965 non
1690 1913 1999 1981 ignorantes
2029 1930 2041 1965 :
2073 1929 2090 1961 ι
2128 1912 2252 1964 Glo-

2358 1916 2612 1985 ἀλὴθειάν
2655 1917 2799 1968 ἐστιν
2826 1918 2854 1968 ὁ
2898 1915 3024 1977 Υἱὸς
3066 1914 3161 1966 τοῦ
3193 1915 3328 1967 Θεοῦ
3355 1915 3451 1968 καὶ
3478 1917 3724 1987 Πατρὸς,
3759 1920 3850 1970 καὶ
3881 1919 3934 1968 ὲν

687 2006 767 2058 ria
799 2007 850 2059 in
883 2006 1158 2060 altissimis
1193 2005 1319 2066 Deo,
1357 2015 1407 2058 et
1441 2005 1492 2056 in
1531 2013 1670 2057 terra
1706 2019 1830 2070 pax,
1859 2004 1910 2056 in
1949 2003 2252 2057 hominibus

2363 2009 2525 2076 σαρκὶ
2555 2006 2813 2077 πεφηνὼς
2831 2045 2846 2070 ,
2872 2005 3022 2076 παρὰ
3045 2007 3155 2068 τοῖς
3184 2007 3242 2058 ὲν
3271 2005 3460 2076 κόσμῳ
3493 2008 3831 2061 πιστεύεται.

686 2097 829 2153 bena
880 2097 1228 2161 voluntas",
1262 2116 1282 2148 ι
1329 2096 1739 2163 concinuerint;
1802 2098 2126 2166 praedicatus
2176 2104 2260 2149 est
2296 2097 2419 2149 etin
2457 2100 2709 2166 gentibus
2766 2113 3030 2169 quoque:
3078 2097 3308 2164 denique
3363 2112 3549 2150 verum
3587 2086 3734 2150 illum
3789 2110 3934 2152 natu-

688 2187 967 2255 ralemque
998 2185 1090 2240 Dei
1134 2185 1309 2240 Patris
1349 2184 1541 2239 Filiqu
1582 2199 1722 2251 esse,
1777 2186 1866 2254 qui
1938 2183 2305 2239 manifestatus
2344 2186 2414 2239 sit
2463 2188 2515 2240 in
2583 2204 2770 2255 carne,
2833 2189 3095 2242 creditum
3145 2195 3227 2240 est
3270 2185 3338 2240 ab
3384 2186 3468 2242 his
3521 2188 3611 2257 qui
3675 2191 3931 2243 mundum

687 2279 831 2333 hunc
863 2277 1122 2330 incolunt.
2264 2340 2268 2344 ν

756 2364 996 2420 XXXIV.
1064 2385 1081 2417 ι
1119 2367 1180 2419 Et
1240 2367 1605 2420 testimonium
1658 2369 1930 2436 perhibuit
1987 2367 2256 2434 Joannes,

687 2457 873 2512 dicens
905 2474 918 2510 :
949 2457 1081 2522 Quia
1123 2457 1228 2510 vidi
1261 2457 1519 2525 Spiritum
1551 2458 1966 2512 descendentem
1991 2461 2143 2526 quasi
2172 2473 2260 2512 co-

685 2548 920 2602 lumbam
963 2549 1030 2601 de
1057 2547 1214 2610 caelo,
1239 2559 1292 2601 et
1334 2549 1532 2600 mansit
1569 2563 1731 2617 super
1757 2563 1900 2602 eum.
1944 2549 2009 2601 Et
2046 2564 2142 2618 ego
2171 2565 2259 2604 ne-

689 2637 927 2693 sciebam
958 2653 1103 2702 eum,
1141 2641 1234 2692 sed
1263 2638 1355 2707 qui
1387 2639 1537 2692 misit
1575 2653 1659 2692 me
1693 2640 1967 2707 baptizare
2004 2641 2053 2692 in
2092 2656 2254 2709 aqua,

688 2729 776 2784 ille
824 2730 952 2783 mihi
1002 2729 1139 2782 dixit
1167 2747 1181 2782 :
1208 2729 1380 2796 Super
1420 2743 1579 2797 quem
1613 2730 1808 2783 videris
1856 2730 2112 2797 Spiritum
2158 2732 2252 2784 de-

686 2820 1029 2875 scendentem
1071 2829 1124 2873 et
1151 2829 1456 2873 manentem
1503 2834 1664 2885 super
1701 2834 1842 2883 eum,
1872 2819 2027 2889 155
2054 2821 2140 2873 hic
2171 2831 2255 2874 est

685 2911 777 2980 qui
812 2913 1047 2979 baptizat
1093 2911 1145 2964 in
1187 2909 1391 2979 Spiritu
1434 2921 1640 2963 sancto.
1683 2910 1747 2963 Et
1785 2925 1883 2979 ego
1918 2914 2046 2976 vidi,
2091 2923 2143 2966 et
2173 2924 2254 2967 te-

685 3005 1000 3058 stimonium
1052 3002 1326 3072 perhibui,
1375 3002 1499 3072 quia
1554 3002 1639 3056 hic
1690 3012 1772 3056 est
1814 3003 1980 3056 Filius
2015 3003 2197 3059 Dei“.
2228 3022 2249 3057 ι

2435 2372 2556 2424 ΛΔ’.
2602 2389 2620 2421 ι
2662 2371 2772 2423 Καὶ
2815 2371 3198 2440 ἐμαρτύρησεν
3254 2369 3504 2440 Ἰωάννης
3550 2368 3769 2438 λέγων’
3819 2373 3933 2424 Ὀτι

2363 2461 2625 2531 τεθέαμαι
2665 2461 2726 2513 τὸ
2773 2460 2997 2530 Πνεῦμα
3055 2460 3380 2514 καταόαἴνον
3428 2461 3559 2513 ὡσεὶ
3604 2467 3933 2534 περιστερὰν

2363 2554 2422 2617 ἐξ
2453 2551 2718 2623 ούρανοῦ,
2756 2554 2852 2604 καὶ
2895 2552 3105 2622 ἔμεινεν
3138 2552 3224 2606 ἐπ’
3265 2553 3446 2606 αὐτόν.
3503 2554 3648 2622 Ἐγὼ
3687 2554 3744 2606 δὲ
3774 2559 3790 2590 ι
3839 2557 3933 2607 οὐκ

2362 2644 2510 2713 ᾔδειν
2536 2643 2696 2696 αὐτόν
2718 2659 2731 2672 °
2777 2643 2893 2695 ἀλλ’
2917 2645 2946 2695 6
2978 2643 3197 2712 πέμψας
3235 2659 3302 2712 με
3348 2642 3627 2710 βαπτίζειν
3660 2647 3718 2697 ὲν
3762 2647 3930 2706 ὕδατι,

2361 2735 2522 2797 αὑτός
2553 2752 2641 2804 μοι
2683 2729 2835 2786 εἶπεν
2858 2750 2872 2765 ·
2931 2735 3044 2801 Ἐφ’
3073 2733 3132 2786 ὃν
3161 2734 3226 2785 ἂν
3263 2733 3378 2802 ἴδῃς
3403 2732 3465 2785 τὸ
3505 2735 3732 2803 Πνεῦμα
3771 2754 3931 2789 κατα-

2362 2825 2565 2887 ϐαῖνον,
2590 2825 2682 2877 καὶ
2717 2825 2875 2894 μένον
2913 2826 2998 2876 ἐπ’
3024 2825 3184 2878 αὑτὸν
3203 2865 3218 2887 ,
3248 2819 3401 2889 οὗτός
3429 2827 3576 2878 ἐστιν
3600 2827 3630 2877 6
3660 2826 3932 2895 βαπτίζων

2360 2915 2417 2966 ὲν
2446 2917 2720 2984 Πνεύματι
2746 2913 2820 2984 τῷ
2847 2915 3006 2984 ἁγίῳ.
3045 2914 3216 2982 Κάγὼ
3244 2914 3497 2985 ἑώρακα,
3526 2918 3622 2969 καὶ
3651 2918 3925 2988 μεμαρτί⁸

2365 3023 2541 3076 ρῆκα,
2570 3007 2650 3058 ὅτι
2678 3001 2828 3068 οὗτός
2862 3008 3006 3058 ἔστιν
3046 3008 3073 3059 6
3111 3007 3236 3069 Υἱὸς
3274 3006 3368 3058 τοῦ
3401 3006 3560 3060 Θεοῦ.
3616 3028 3634 3057 ι
3675 3009 3814 3060 Ἕνα
3847 3007 3927 3060 λέ-

685 3094 817 3150 Cum
853 3111 1016 3149 unum
1047 3097 1310 3149 duntaxat
1330 3094 1734 3148 Emmanuelem
1765 3096 2124 3164 assiguemus,
2159 3111 2252 3152 ne-

2358 3115 2544 3166 γοντες
2586 3098 2679 3149 τὸν
2727 3097 3104 3168 Ἐμμανουὴλ,
3149 3097 3244 3150 καὶ⁹
3287 3097 3393 3149 τῶν
3426 3100 3504 3160 είς
3550 3097 3642 3151 δύο
3665 3101 3929 3168 Χριστοὶς

688 3202 792 3257 que
837 3202 931 3241 eos
974 3185 1066 3256 qui
1119 3186 1338 3241 unicum
1382 3187 1658 3240 Christum
1709 3187 1760 3240 in
1810 3188 1943 3242 duos
1974 3189 2252 3255 divellunt,

686 3281 946 3343 feramus,
988 3281 1116 3348 quid
1160 3280 1420 3344 dicemus,
1455 3295 1575 3332 cum
1631 3278 1894 3348 Spiritum
1935 3291 2180 3334 sanctum
2226 3299 2256 3335 e

687 3371 828 3426 cmlo
859 3385 1021 3440 super
1065 3370 1212 3423 illum
1257 3370 1623 3431 descendisse,
1670 3383 1877 3421 necnon
1919 3384 2080 3438 super
2109 3387 2258 3424 eum-

687 3462 806 3514 dem
835 3461 1100 3515 mansisse
1128 3460 1414 3513 audimus?
1438 3458 1914 3528 Suspicabimurne
1949 3460 2039 3512 Dei
2079 3460 2255 3516 Patris

697 3552 927 3607 Verbum
981 3552 1216 3620 Spiritus
1257 3552 1426 3605 sancti
1473 3551 1884 3619 participatione
1933 3552 2256 3621 indiguisse?

688 3646 758 3698 At
789 3645 915 3713 quid
962 3645 1065 3698 hoc
1111 3653 1202 3696 aut
1234 3643 1553 3712 excogitari,
1599 3654 1690 3696 aut
1739 3644 1841 3696 dici
1873 3653 2032 3712 queat
2062 3645 2254 3697 absur-

688 3734 843 3788 dius?
893 3733 1132 3801 Spiritus
1173 3734 1316 3787 enim
1366 3748 1518 3801 reque
1561 3734 1808 3802 proprius
1859 3743 1943 3786 est
1985 3733 2126 3786 illius
2173 3743 2253 3786 at-

686 3839 792 3896 que
836 3824 926 3877 Dei
967 3823 1166 3877 Patris.
1198 3841 1216 3875 ι
1264 3821 1526 3889 Quoniam
1573 3825 1702 3878 cStis
1759 3823 1850 3877 ﬁlii
1885 3825 2082 3892 (inquit
2127 3825 2254 3876 bea-

689 3925 774 3966 tus
803 3911 1046 3980 Paulus),
1085 3911 1394 3968 misitDeus
1427 3914 1683 3982 Spiritum
1719 3915 1835 3968 Filii
1875 3915 1955 3968 sui
2002 3915 2052 3967 in
2089 3917 2250 3968 corda

687 4015 867 4056 vestra
893 4003 1215 4057 clamantem
1242 4004 1448 4068 :Abba,
1471 4003 1629 4057 Pater
1649 4005 1714 4060 “.
1744 4024 1762 4056 ι
1786 4004 2008 4070 lntpium
2033 4005 2254 4074 proinde

686 4093 847 4150 fuerit
875 4095 958 4148 vel
989 4096 1159 4150 solum
1196 4095 1455 4163 cogitare,
1489 4097 1660 4163 ipsum
1699 4097 1792 4150 Dei
1821 4096 1995 4150 Patris
2023 4097 2250 4150 Verbum

687 4185 922 4252 Spiritus
979 4187 1148 4241 sancti
1213 4188 1700 4240 communicatione
1747 4187 1993 4256 eguisse;
2049 4192 2250 4240 l'atuum

685 4292 834 4340 vero,
872 4278 921 4329 in
967 4292 1076 4329 rem
1115 4291 1284 4343 usque
1323 4277 1456 4329 adeo
1485 4276 1696 4342 planam
1729 4287 1780 4329 et
1825 4279 2127 4330 evidentem
2161 4295 2253 4330 cu-

685 4368 883 4422 riosius
921 4367 1052 4420 velle
1090 4367 1396 4433 inquirere.
1428 4367 1497 4419 At
1536 4370 1804 4433 quomodo
1839 4384 1966 4437 ergo
2013 4370 2248 4436 Spiritus

2357 3187 2804 3256 ἀποδιοριζόντων
2851 3189 2949 3240 οὐκ
2987 3187 3331 3256 ἀνεχόμενοι,
3384 3187 3437 3238 τί
3484 3187 3548 3256 δὴ
3597 3183 3710 3258 ἆρά
3755 3207 3927 3258 φαμεν

2357 3279 2732 3340 καταπτάντος
2773 3279 2858 3329 ἐπ’
2901 3278 3064 3330 αὑτὸν
3106 3277 3162 3341 ἐξ
3187 3275 3418 3347 ούρανοῦ
3450 3277 3544 3329 τοῦ
3573 3279 3726 3343 ἁγίου
3762 3280 3926 3330 Πνεό-

2359 3386 2543 3438 ματος,
2582 3369 2675 3421 καὶ
2705 3369 2991 3438 μείναντος
3013 3370 3101 3420 ἐπ’
3138 3367 3300 3419 αὐτόν
3328 3383 3342 3432 ;
3375 3363 3482 3436 ἆρα
3522 3367 3806 3437 δεδεῆσθαι
3839 3369 3925 3421 τοῦ

2358 3461 2679 3530 μεταλαχεϊν
2731 3460 2886 3527 ἁγίου
2942 3460 3259 3528 Πνεύματος
3301 3460 3390 3512 τὸν
3435 3462 3498 3512 ἐκ
3541 3461 3677 3513 Θεοῦ
3722 3463 3926 3532 Πατρὸς

2354 3551 2525 3618 Λόγον
2559 3550 2986 3620 ὑποτοπάσωμεν
3011 3565 3024 3614 ;
3049 3550 3236 3602 Καίτοι
3277 3549 3393 3612 πῶς
3424 3551 3524 3602 ούκ
3565 3550 3630 3603 ἂν
3655 3553 3878 3621 αἰσχρὸν
3901 3561 3922 3586 υ

2354 3641 2567 3713 ἀληθῶς
2609 3642 2669 3693 τὸ
2703 3636 2807 3694 ὦδε
2832 3644 3067 3712 φρονεῖν,
3110 3641 3142 3711 ἢ
3182 3641 3402 3709 λέγειν;
3449 3641 3576 3694 ἴδιον
3616 3643 3725 3713 γὰρ
3769 3642 3922 3695 animi

2354 3734 2413 3785 τὸ
2449 3733 2670 3802 Πνεῦμά
2708 3735 2847 3795 ἐστι,
2883 3731 3130 3802 καθάπερ
3174 3732 3366 3802 ἀμέλει
3415 3734 3508 3785 καὶ
3543 3734 3634 3786 τοῦ
3660 3735 3796 3786 Θεοῦ
3839 3736 3924 3786 καὶ

2355 3824 2584 3894 Πατρός.
2619 3824 2726 3875 Καὶ
2750 3823 2878 3888 γοῦν
2911 3826 2937 3875 ό
2963 3824 3227 3892 μακάριος
3259 3823 3486 3886 Παῦλος
3529 3844 3548 3873 σ
3580 3825 3700 3876 Ὅτι
3726 3825 3782 3875 δέ
3809 3827 3921 3875 ἐστε

2355 3916 2480 3977 υἱοὶ,
2503 3911 2579 3977 οἷς
2596 3912 2971 3977 ἐξαπέστειλεν
2994 3915 3021 3966 6
3038 3914 3167 3975 Θεὸς
3183 3915 3242 3964 τὸ
3262 3914 3478 3982 Πνεῦμα
3502 3915 3596 3965 τοῦ
3619 3914 3744 3965 Υἱοῦ
3765 3915 3922 3966 αὑτοῦ

2356 4007 2432 4067 εἰς
2471 4006 2569 4066 τὰς
2605 4006 2831 4072 καρδίας
2864 4004 3046 4071 ὑμῶν,
3079 4004 3310 4072 κρᾶζον·
3367 4004 3567 4069 Ἀϐεᾶ,
3595 4007 3622 4056 ό
3649 4007 3859 4076 Πατήρ.
3899 4024 3916 4056 ι

2367 4097 2584 4157 Ἀσεϐὲς
2627 4093 2717 4148 οῦν
2758 4095 2865 4166 ἄρα
2898 4097 2956 4147 τὸ
2996 4095 3094 4148 κᾶν
3122 4095 3250 4163 γοῦν
3296 4097 3587 4165 ὑπονοῆσαι
3631 4098 3792 4166 μόνον
3829 4098 3920 4166 τῆς

2351 4187 2445 4240 τοῦ
2498 4186 2813 4255 Πνεύματος
2858 4187 3145 4257 μετουσίας
3184 4187 3461 4258 δεδεῆσθαι
3505 4190 3598 4242 καὶ
3635 4192 3799 4243 αὑτὸν
3838 4195 3919 4242 τ-ἱν

2353 4280 2416 4332 ὲκ
2439 4279 2571 4331 Θεοῦ
2604 4279 2813 4348 Πατρὸς
2844 4280 3014 4348 Λόγον
3035 4295 3047 4308 ⁸
3089 4281 3182 4332 καὶ
3221 4280 3280 4332 τὸ
3316 4280 3459 4333 οὕτω
3485 4284 3628 4352 σαφῆ
3672 4283 3771 4351 τὴν
3801 4283 3918 4334 από-

2352 4369 2516 4433 δειξιν
2564 4369 2682 4439 ἔχον
2731 4371 3048 4440 περιεργίας
3091 4370 3294 4436 ἀξιοῦν,
3349 4369 3540 4438 εὔηθες
3580 4372 3672 4423 καὶ
3708 4373 3913 4440 κομιδῇ.

685 4471 907 4516 sanctus
966 4475 1127 4526 super
1181 4459 1328 4513 illum
1381 4459 1699 4514 descendit?
1752 4461 1960 4529 Accipit
2014 4478 2246 4532 namque

2358 4462 2478 4523 Πῶς
2516 4458 2607 4514 οὖν
2655 4462 2741 4513 ἐπ’
2794 4463 2951 4514 αὑτὸν
2990 4463 3232 4531 κατέπτη
3283 4462 3344 4514 τὸ
3395 4463 3652 4530 Πνεῦμα;
3704 4462 3916 4531 Δέχεται

683 4551 975 4606 secundum
1018 4551 1312 4604 humanam
1363 4560 1635 4614 naturam,
1683 4552 2080 4619 dispensatione
2127 4569 2248 4607 cum

683 4658 846 4697 carne
887 4643 1170 4706 elliciente,
1221 4653 1278 4694 ut
1320 4643 1456 4696 citra
1510 4657 1723 4696 omnem
1780 4645 2248 4711 reprehensionem

684 4732 947 4798 Spiritum
980 4731 1282 4800 acciperet;
1316 4731 1424 4784 imo
1454 4735 1763 4786 neceSsario
1791 4733 1857 4785 ad
1888 4734 1985 4786 hoc
2007 4736 2249 4787 ducente.

686 4824 925 4893 Suscipit
955 4832 1133 4877 autem
1167 4822 1319 4876 nobis
1352 4823 1533 4877 verius
1569 4839 1728 4892 quam
1776 4822 1877 4876 sibi
1914 4840 1926 4876 :
1959 4839 2062 4891 quo
2105 4823 2255 4876 nimi-

687 4930 824 4978 rum,
875 4925 1224 4983 posteaquam
1273 4913 1339 4966 ab
1385 4913 1712 4975 hominibus,
1753 4928 1818 4966 eo
1848 4913 1987 4982 quod
2036 4913 2248 4966 illorum

685 5020 836 5059 mens
860 5019 889 5057 a
922 5005 1206 5074 juventute
1236 5005 1300 5057 ad
1331 5003 1594 5057 malitiam
1628 5019 1794 5072 prona
1827 5019 2044 5072 semper
2077 5007 2252 5057 inten-

687 5108 846 5166 taque
894 5106 1034 5150 esset
1058 5095 1126 5160 ",
1168 5095 1333 5150 semel
1380 5095 1645 5157 avolarat,
1694 5111 1836 5147 nunc
1873 5096 1924 5148 in
1971 5095 2242 5149 Christum

683 5187 846 5240 veluti
877 5187 925 5240 in
961 5189 1186 5240 alterum
1216 5185 1428 5257 generis
1471 5187 1640 5240 nostri
1670 5187 1996 5256 principium
2032 5188 2243 5240 descen-

683 5281 834 5341 dens,
868 5279 1158 5348 sedemque
1188 5280 1423 5347 capiens,
1469 5279 1664 5332 iterum
1710 5280 1763 5332 in
1807 5280 1961 5333 nobis
1995 5289 2242 5348 tanquam

682 5378 830 5426 recte
855 5371 964 5439 jam
1001 5370 1364 5438 operantibus,
1413 5379 1466 5425 et
1513 5371 1676 5423 vitam
1723 5386 1750 5423 a
1788 5380 2031 5438 peccato,
2073 5371 2242 5423 omni-

769 5526 812 5557 "
850 5524 1035 5579 Matth.
1069 5539 1258 5586 xxvut,
1304 5523 1387 5576 ll).
1467 5521 1510 5552 °’
1539 5521 1667 5575 Luc.
1702 5537 1764 5586 ll,
1801 5523 1883 5575 Η.

1965 5525 2010 5554 “
2055 5522 2210 5576 Joan.
2243 5534 2282 5582 ι,
2326 5518 2511 5575 ὖὲοόί.

2356 4552 2462 4623 γὰρ
2495 4553 2866 4623 ἀνθρωπίνως,
2892 4553 3274 4606 ἀκαταιτίατον
3302 4552 3451 4622 αὐτῷ
3485 4552 3544 4603 τὸ
3576 4551 3760 4604 λαϐεῖν
3791 4553 3915 4604 6m-

2357 4644 2651 4712 φαινούσης
2696 4639 2753 4696 εὖ
2808 4645 2950 4713 μάλα
2998 4645 3095 4713 τῆς
3146 4643 3284 4713 μετά
3339 4644 3538 4713 σαρκὸς
3589 4644 3911 4711 οἰκονομίας,

2355 4735 2551 4803 μᾶλλον
2586 4736 2640 4786 δὲ
2674 4736 2765 4787 καὶ
2792 4735 3100 4802 ἀναγκαίως
3133 4735 3210 4797 είς
3239 4733 3397 4786 τοῦτο
3429 4732 3723 4804 φερούσης.
3759 4735 3911 4802 Δέχε-

2350 4842 2438 4877 ται
2470 4825 2578 4894 γάρ
2608 4825 2702 4892 οὐχ
2734 4823 2909 4892 ἑαυτῷ
2941 4824 3137 4893 μᾶλλον
3161 4863 3174 4886 ,
3206 4821 3321 4874 ἀλλ’
3358 4823 3517 4890 ἡμῖν·
3558 4823 3644 4874 ἵνα
3691 4824 3907 4890 ἐπείπερ

2349 4914 2563 4982 ἀπέπτη
2597 4914 2705 4964 τῶν
2733 4915 2824 4965 ἐπὶ
2851 4914 2949 4981 τῆς
2970 4914 3074 4981 γῆς
3093 4954 3107 4978 ,
3135 4913 3222 4966 διὰ
3250 4913 3309 4965 τὸ
3331 4912 3608 4982 ἐπιμελῶς
3641 4913 3908 4979 ἐγκεῖσθαι

2349 5005 2446 5076 τὴν
2476 5005 2712 5058 διάνοιαν
2734 5004 2827 5055 τοῦ
2860 5002 3144 5073 ἀνθρώπου
3180 5005 3272 5056 ἐπὶ
3303 5004 3370 5057 τά
3401 5004 3611 5072 πονηρά
3641 5006 3706 5056 ὲκ
3735 5005 3905 5071 νεότη-

2352 5113 2461 5160 τος,
2491 5098 2892 5164 καταφοιτῆσαν
2921 5095 3007 5146 ἐπ’
3039 5095 3222 5158 αὑτὸν,
3253 5096 3326 5158 ὡς
3357 5096 3414 5148 ὲν
3448 5097 3670 5165 ἁπαρχῇ
3699 5096 3790 5147 τοῦ
3824 5095 3906 5160 γέ-

2350 5202 2472 5248 νους
2505 5184 2756 5255 δευτέρᾳ,
2801 5184 3077 5256 καταλύσῃ
3113 5187 3204 5238 καὶ
3235 5185 3617 5255 ἀναπαύσηται
3669 5186 3825 5238 πάλιν
3857 5186 3906 5234 ἐν

2349 5278 2496 5346 ἡμῖν,
2552 5276 2624 5338 ὡς
2673 5277 3094 5346 κατωρθωκόσιν
3165 5277 3264 5345 ἤδη
3316 5276 3376 5327 τὸ
3429 5277 3811 5345 ἀναμάρτητον
3856 5276 3906 5324 ὲν

2349 5367 2585 5438 Χριστῷ,
2615 5368 2706 5418 καὶ
2729 5368 2827 5437 τὴν
2847 5366 3024 5428 αἰτίας
3046 5366 3262 5435 ἀπάσης
3287 5367 3712 5437 ἀπηλλαγμένην
3737 5367 3904 5436 ἔχουσι

2585 5523 2628 5552 ⁵⁸
2668 5521 2841 5576 Galat.
2874 5537 2945 5585 tv,
2976 5520 3027 5575 6.
3110 5520 3154 5551 ⁶⁴
3185 5519 3319 5575 Gen.
3349 5534 3464 5581 \‘llt,
3490 5518 3581 5573 2t.

1751 5679 1919 5732 Vat-im
1955 5679 2214 5733 lectiones
2247 5677 2449 5732 codicis
2482 5675 2838 5747 Seguieriani.

760 5810 777 5846 ί
806 5805 978 5873 κάγώ.
1056 5820 1079 5846 ιι
1111 5807 1170 5859 οὐ
1208 5809 1554 5874 πάναισχρον,
1589 5808 1625 5873 ἢ
1659 5811 1764 5859 πὶν
1796 5809 2030 5877 αἰσχρόν.
