4122 6510
172 475 303 530 1581

981 469 1070 524 AD
1111 468 1409 524 REGINAS
1450 466 1537 523 DE
1577 468 1797 525 RECTA
1839 470 1996 525 FIDE
2031 465 2292 526 ORATIO
2331 428 2628 524 ALTERA.

3261 469 3404 526 1582

158 586 330 661 ζωήν.
370 589 515 660 Πλὴν
561 588 613 641 εἰ
651 589 743 641 καὶ
789 586 1142 657 ἀνθρωπίνως
1182 587 1395 657 δέχεται
1440 587 1506 640 δι’
1551 591 1729 659 ἡμᾶς,

1837 603 1941 658 que
1992 589 2219 644 crimine
2257 587 2550 641 immunem
2597 586 2650 639 in
2705 584 2822 655 ipso
2876 586 3220 652 ducentibus,
3270 601 3403 641 con-

156 680 276 733 ἀλλ*
331 681 432 750 ὅρα
475 678 684 731 διδόντα
745 676 959 739 θεῖξιῶς.
1017 695 1036 728 ι
1097 678 1211 746 Ἐφ’
1257 678 1316 730 ὃν
1369 677 1478 750 γάρ
1535 679 1648 750 ἴδῃς
1675 681 1733 733 τὸ

157 768 387 840 Πνεῦμα
415 767 760 832 καταϐαῖνον,
793 765 926 836 φησί
951 806 965 828 ,
998 765 1090 818 καὶ
1127 766 1284 836 μένον
1317 767 1402 820 ἐπ’
1438 767 1616 832 αὑτὸν,
1642 761 1734 821 οῦ-

155 863 252 924 τός
281 864 426 914 ἐστιν
456 863 483 913 6
511 859 788 929 βαπτίζων
829 861 886 912 έν
919 857 1196 928 Πνεῦματι
1218 858 1295 928 τῷ
1323 860 1484 928 ἁγίῳ.
1516 879 1534 910 ›
1569 859 1737 913 Τοῦτο

155 954 218 1006 δέ
245 956 390 1006 ἐστιν
420 953 699 1024 ἐνέργημα
743 952 950 1005 θεῖκόν’
987 951 1164 1021 ἐνίησι
1196 950 1302 1021 γὰρ
1341 954 1452 1014 τοῖς
1483 952 1738 1022 βαπτιζο-

161 1045 346 1114 μένοις
387 1046 414 1097 6
465 1044 667 1114 Κύριος
718 1043 872 1113 ἡμῶν
933 1043 1139 1110 Ἰησοῦς
1186 1043 1420 1114 Χριστὸς
1466 1043 1543 1106 ὠς
1600 1044 1727 1097 ἴδιον

158 1137 386 1207 Πνεῦμα
434 1138 495 1189 τὸ
538 1135 631 1189 τοῦ
673 1135 901 1207 Πατρός.
946 1135 1055 1186 Καὶ
1105 1135 1241 1205 πρός
1284 1151 1348 1202 γε
1386 1136 1542 1188 τοῦτο
1584 1135 1731 1204 ἡμᾶς

156 1230 390 1299 ἐμπεδοί
442 1226 736 1299 γεγραφὼς
796 1227 824 1278 6
882 1226 1168 1289 θεσπέσιος
1224 1226 1469 1291 Παῦλος·
1518 1247 1537 1279 ι
1572 1228 1634 1280 Ol
1675 1228 1732 1279 ὲν

159 1323 325 1393 σαρκὶ
371 1322 542 1383 δντες,
588 1318 706 1388 Θεῷ
766 1318 960 1389 ἀρέσαι
1019 1320 1079 1370 οὐ
1139 1316 1412 1372 δύνανται.
1455 1318 1643 1388 Ὑμεῖς
1674 1317 1731 1369 δὲ

154 1411 258 1462 οὐκ
292 1410 413 1462 ἐστὲ
439 1411 497 1461 ὲν
535 1407 733 1479 σαρκὶ,
771 1408 884 1461 ἀλλ’
912 1409 968 1460 ὲν
1000 1408 1300 1478 πνεύματι,
1327 1409 1484 1480 εἴπερ
1510 1407 1732 1478 Πνεῦμα

154 1501 293 1554 Θεοῦ
325 1502 524 1553 ἐνοικεῖ
552 1503 609 1554 ὲν
637 1501 783 1570 ὑμῖν.
816 1499 881 1554 Εἰ
919 1499 976 1553 δέ
1005 1517 1086 1563 τις
1119 1501 1341 1572 Πνεῦμα
1367 1503 1601 1573 Χριστοῦ
1631 1504 1731 1557 οὐκ

152 1591 292 1662 ἔχει,
328 1584 483 1653 οὗτος
526 1590 625 1642 οὐκ
663 1590 810 1643 ἔστιν
850 1589 1034 1643 αὑτοῦ.
1083 1609 1101 1640 ι
1147 1591 1590 1662 Μεμαρτύρηκεν
1638 1589 1729 1646 οὖν

165 1683 440 1753 Ἰωάννης,
470 1683 551 1735 ὅτι
587 1701 605 1732 ι
640 1673 810 1744 Οὗτός
836 1682 980 1734 ἐστιν
1004 1687 1030 1735 6
1057 1682 1182 1745 Υἱὸς
1217 1682 1311 1736 τοῦ
1337 1683 1491 1737 Θεοῦ.
1528 1703 1545 1734 ι

1833 682 2099 750 quiescat.
2151 681 2631 735 Verumenimvero
2669 677 2792 732 licet
2827 688 2883 731 ut
2940 678 3100 732 homo
3138 676 3400 746 Spiritum

1832 781 2078 826 sanctum
2128 779 2348 840 propter
2406 785 2503 826 nos
2561 770 2852 839 suscipiat;
2915 778 2973 823 ut
3021 768 3163 823 Deus
3220 777 3398 821 tamen

1833 865 2077 918 eumdem
2109 863 2372 932 impertiri
2400 865 2556 918 solet.
2593 882 2610 913 ι
2647 861 2820 930 Super
2853 876 3010 930 quem
3034 860 3230 930 (inquit
3257 860 3398 913 ident

1833 954 1941 1025 ille)
1972 957 2170 1010 videris
2203 956 2463 1024 Spiritum
2497 956 2940 1018 descendentem,
2981 963 3033 1005 et
3067 961 3398 1014 manentem,

1836 1048 1925 1102 hie
1949 1058 2030 1102 est
2057 1050 2145 1117 qui
2173 1049 2411 1116 baptizat
2441 1047 2492 1100 in
2525 1047 2730 1116 Spiritu
2767 1056 2956 1100 sancto
2979 1046 3044 1096 ".
3075 1061 3092 1093 ι
3123 1043 3403 1111 Baptizare

1837 1150 2016 1194 autem
2065 1140 2117 1193 in
2170 1139 2375 1208 Spiritu
2429 1150 2637 1203 saneto,
2689 1153 2824 1208 opus
2865 1138 3105 1191 divinum
3159 1135 3399 1189 exsistit.

1840 1231 2000 1298 Atqui
2030 1231 2291 1285 Dominus
2319 1242 2504 1286 noster
2529 1230 2684 1284 Jesus
2710 1229 2958 1284 Christus
2989 1228 3071 1281 his
3103 1226 3193 1297 qui
3227 1224 3403 1294 bapti-

1836 1330 2052 1387 zantnr,
2085 1322 2344 1391 Spiritum
2372 1323 2547 1376 Patris
2583 1323 2658 1376 uti
2692 1321 2969 1390 proprium
3001 1317 3252 1372 infundit.
3294 1318 3396 1369 At-

1835 1428 1941 1483 que
1966 1415 2070 1468 huc
2105 1415 2274 1468 tendit
2302 1416 2514 1469 divinus
2536 1414 2754 1475 Paulus,
2783 1414 2909 1468 dum
2942 1413 3083 1465 inter
3109 1419 3298 1464 caetera
3327 1409 3402 1462 ita

1835 1506 2058 1561 scribit:
2091 1523 2109 1556 ι
2141 1505 2238 1571 Qui
2283 1507 2335 1559 in
2373 1520 2536 1560 carne
2567 1515 2712 1568 sunt,
2746 1505 2855 1558 Deo
2889 1502 3100 1573 placere
3132 1517 3236 1556 non
3284 1515 3403 1570 pos-

1834 1605 1976 1650 sunt.
2003 1595 2108 1650 Vos
2131 1606 2308 1648 autem
2328 1595 2380 1648 in
2405 1610 2568 1648 carne
2595 1609 2696 1647 non
2716 1593 2867 1656 estis,
2886 1593 2979 1646 sed
3013 1593 3066 1644 in
3095 1591 3323 1659 spiritu,
3353 1588 3400 1641 si

1839 1696 2016 1741 tamen
2049 1688 2279 1756 Spiritus
2311 1687 2403 1742 Dei
2435 1687 2638 1740 habitat
2689 1686 2739 1738 in
2771 1685 2940 1738 vobis.
2976 1683 3030 1737 Si
3066 1683 3184 1752 quis
3219 1691 3400 1736 autem

150 1775 414 1842 Spiritum
444 1773 640 1828 Chrtsti
661 1791 765 1828 non
787 1774 964 1837 habet,
985 1775 1071 1828 hic
1092 1790 1195 1830 non
1218 1786 1295 1829 est
1319 1776 1436 1845 ejus
1457 1775 1522 1828 “.
1554 1795 1570 1827 ι
1606 1776 1758 1832 llnnc
1785 1779 1964 1848 itaque
1995 1781 2085 1834 Dei
2118 1780 2310 1833 Filium
2341 1794 2480 1842 esse,
2507 1787 2693 1848 aperte
2717 1785 2966 1830 testatum
2998 1773 3395 1829 facitJoannes.

226 1866 349 1918 ΛΗ.
404 1865 799 1919 Ἀναπυθέσθαι
845 1865 901 1918 δὲ
951 1867 1111 1919 πάλιν
1157 1867 1388 1938 ἐθέλοιμ’
1415 1868 1480 1921 ἂν
1511 1869 1621 1921 τῶν
1651 1871 1730 1931 εἰς

1908 1872 2126 1928 XXXV.
2168 1874 2233 1927 At
2272 1874 2518 1927 lubenter
2549 1872 2792 1940 equidem
2837 1871 2923 1924 hic
2962 1869 3083 1924 illos
3112 1877 3398 1938 perconta-

149 1955 248 2008 δύο
277 1956 622 2026 διοριζόντων
655 1959 803 2021 υἱοὺς
848 1958 938 2010 τὸν
985 1959 1079 2011 ἕνα
1109 1959 1314 2027 Κύριον
1345 1960 1554 2031 Ἰησοῦν
1596 1961 1727 2030 Χρι-

151 2047 281 2099 στὸν
325 2047 452 2116 (ἕνα
490 2048 725 2120 δέδειχεν
768 2051 807 2102 ό’
834 2049 1054 2120 Πατὴρ,
1102 2051 1197 2104 καὶ
1238 2052 1364 2122 περὶ
1414 2051 1530 2115 ἑνός
1564 2069 1726 2122 φησιν

147 2141 179 2193 ὁ
217 2141 484 2210 μακάριος
514 2141 904 2211 εὐαγγελιστής
927 2158 938 2171 ·
979 2161 996 2192 ι
1029 2136 1195 2206 Οὗτός
1231 2145 1375 2197 ἐστιν
1408 2146 1435 2197 6
1463 2144 1589 2208 Υἱὸς
1633 2144 1726 2197 τοῦ

148 2229 289 2282 Θεοῦ
318 2229 392 2300 ι)-
421 2225 547 2302 'Ap'
579 2227 672 2284 οὖν
702 2232 822 2284 εἰπέ
858 2249 969 2302 μοι,
999 2234 1128 2304 περὶ
1151 2234 1296 2298 τίνος
1319 2235 1469 2289 ἔσται
1496 2235 1556 2288 τὺ
1585 2238 1729 2306 εἰρη-

152 2323 352 2391 μένον;
389 2321 448 2374 Εἰ
481 2323 578 2393 μὲν
610 2319 702 2376 οὖν
732 2323 914 2387 ἰδικῶς
942 2325 1036 2377 καὶ
1068 2326 1210 2378 κατᾶ
1243 2326 1411 2395 μόνας
1437 2327 1531 2380 τοῦ
1555 2329 1727 2380 Μονο-

148 2414 312 2484 γενοῦ
327 2433 368 2480 ς,
398 2414 642 2467 τουτέστι
673 2413 767 2467 τοῦ
798 2415 862 2466 ὲκ
890 2414 1106 2483 Πατρός
1132 2416 1281 2479 ὄντος
1303 2417 1500 2485 Λόγουο
1533 2418 1648 2480 πῶς
1667 2418 1729 2471 τὸ

151 2507 382 2576 Πνεῦμα
424 2507 658 2577 δέχεται,
706 2507 881 2559 καίτοι
928 2505 1058 2569 Θεὸς
1118 2508 1193 2559 ὣν
1238 2509 1420 2576 φύσει,
1452 2511 1544 2562 καὶ
1599 2511 1728 2562 ἴδιον

147 2599 292 2667 ἔχων
325 2599 492 2663 aia-:6;
528 2599 590 2651 Εἰ
624 2597 680 2654 δὲ
705 2598 808 2651 ἀνὰ
837 2598 1000 2668 μέρος
1029 2600 1123 2651 καὶ
1155 2599 1356 2662 ἰδικῶς,
1399 2601 1566 2670 ἥγουν
1586 2601 1728 2654 κατὰ

151 2690 346 2758 μόνας,
392 2689 482 2742 τὸν
532 2690 595 2741 ὲκ
649 2689 905 2756 γυναικὸς
939 2688 1224 2758 ἄνθρωπον
1272 2689 1554 2760 δεδεῆσθαι
1597 2708 1727 2759 φασι

144 2781 254 2850 τῆς
281 2780 376 2833 τοῦ
406 2781 723 2850 Πνεῦματος
759 2781 1011 2850 μετοχῆς·
1045 2781 1162 2842 πῶς
1187 2781 1350 2842 αὐτός
1374 2783 1522 2834 ἐστιν
1557 2785 1584 2834 6
1632 2781 1728 2850 βα-

148 2871 359 2936 πτίζων
390 2874 446 2924 έν
479 2871 647 2941 αὐτῷ,
674 2872 846 2924 καίτοι
880 2873 1016 2943 μόνῃ
1040 2872 1341 2941 πρέποντος
1368 2875 1432 2941 τῇ
1470 2872 1726 2924 ἀνωτάτω

147 2963 315 3033 φύσει
359 2963 452 3016 τοῦ
505 2965 599 3016 καὶ
649 2963 967 3030 ἀποφαίνειν
1017 2961 1273 3014 δύνασθαι
1324 2962 1726 3032 μετεσχηκότας

144 3054 245 3107 τοῦ
280 3055 594 3124 Πνεῦματος
623 3053 746 3117 τοὺς
777 3054 1099 3123 προσιόντας
1121 3055 1256 3124 αὐτῇ
1283 3070 1299 3121 ;
1339 3054 1399 3106 Εἰ
1427 3053 1484 3106 δὲ
1512 3053 1726 3122 δέχεται

148 3145 248 3196 καὶ
282 3144 496 3197 δίδωσιν
525 3146 553 3196 6
584 3143 766 3206 αὐτὸς,
807 3143 1072 3215 πρόδηλον
1102 3145 1185 3197 ὅτι
1215 3144 1356 3197 κατά
1391 3161 1453 3211 γε
1477 3145 1602 3206 τοὺς
1628 3144 1728 3214 τῆς

151 3237 296 3307 μετά
327 3237 527 3307 σαρκὸς
560 3210 872 3307 οἰκονομίας
916 3210 1125 3308 λόγους,
1157 3239 1249 3291 καὶ
1282 3210 1417 3292 καθο
1447 3237 1603 3307 φύσει
1636 3210 1728 3290 καὶ
1756 3210 1800 3271 c

148 3330 370 3400 ἀληθῶς
426 3332 541 3381 ἐστι
594 3329 746 3391 Θεός.
803 3330 1025 3400 Δέχεται
1079 3331 1177 3400 μὲν
1227 3331 1581 3401 ἀνθρωπίνως
1633 3332 1731 3401 οὐχ

148 3420 332 3490 ἐαυτῷ
386 3419 609 3490 μᾶλλον,
639 3420 773 3473 ἀλλά
829 3425 893 3491 τῇ
944 3421 1050 3473 τῶν
1101 3421 1402 3492 ἀνθρώπων
1456 3421 1613 3492 φύσει
1653 3423 1732 3475 δι’

149 3513 348 3566 ἑαυτοῦ
383 3513 558 3566 καὶέν
587 3513 766 3583 ἐαυτῷ
798 3513 873 3582 τῷ
910 3513 1111 3584 πρώτῳ
1137 3513 1412 3585 προξενῶν
1439 3516 1569 3568 αὑτό
1593 3531 1607 3545 ⁸
1654 3515 1732 3569 δί-

148 3605 288 3656 δωσι
321 3603 376 3655 δὲ
421 3602 617 3664 θεῖκῶς
664 3601 723 3666 ἐξ
773 3602 906 3665 ἰδίας
956 3602 1120 3654 αὑτοῦ
1165 3600 1396 3672 φῦσεως,
1425 3606 1538 3666 τοῖς
1563 3603 1732 3667 ἀξίοις

147 3697 251 3751 τοῦ
294 3696 476 3750 λαϐεῖν
520 3691 818 3760 ὲνιείςῙΗν
856 3695 953 3766 μὲν
987 3692 1078 3749 οὖν
1099 3697 1176 3766 τῷ
1210 3699 1554 3768 προκειμένῳ
1585 3697 1731 3768 ῥητῷ

151 3790 517 3861 προσεοικότα
551 3806 610 3842 τε
644 3790 738 3842 καὶ
768 3789 857 3842 τὸν
898 3790 1011 3841 ἴσον
1042 3787 1232 3857 ἔχοντα
1261 3787 1385 3842 νοῦν
1408 3787 1730 3858 παραθεῖναι

151 3884 251 3936 καὶ
297 3883 492 3954 ἕτεραο
548 3884 608 3935 τὸ
638 3883 697 3935 δέ
736 3899 798 3950 γε
833 3883 1154 3935 ταυτοεπεῖν
1201 3881 1457 3952 φορτικὸν
1507 3881 1727 3947 εἰδότες,

149 3975 332 4028 ἐκεῖνό
367 3993 568 4045 φαμεν,
604 3975 679 4038 ὡς
717 3975 928 4045 ἀπόχρη
959 3977 1070 4038 τοῖς
1105 3974 1532 4045 νουνεχεστέροις
1562 3975 1732 4044 ἡένὸς

151 4068 415 4137 ἐξήγησις
440 4069 518 4130 εἰς
544 4067 642 4137 τὴν
680 4066 787 4118 τῶν
819 4067 1018 4134 ὁμοίως
1045 4067 1277 4136 ἐχόντων
1313 4066 1516 4138 ἀκριϐῆ
1551 4067 1732 4120 διασά·

151 4176 341 4228 φησιν.
372 4157 579 4210 Οὐκοῦν
606 4157 796 4220 ὁσάκις
819 4156 884 4210 ἂν
918 4157 1383 4225 λέγοιτοεΧριστὸς
1413 4158 1733 4226 ἀγιάζεσθαι

151 4251 341 4322 τυχὸν,
380 4252 544 4321 ἤγουν
575 4250 634 4301 τὸ
662 4248 884 4318 Πνεῦμα
914 4249 1122 4310 λαϐεῖν,
1160 4248 1300 4302 κατά
1348 4248 1534 4302 τοῦτον
1572 4249 1734 4301 αὐτὸν

149 4347 252 4400 τὸν
303 4345 500 4415 τρόπον
546 4344 812 4414 προσήκει
857 4344 1014 4396 νοεῖν.
1058 4341 1311 4394 Εὑσεϐεῖν
1359 4341 1467 4411 γὰρ
1515 4343 1734 4411 ἄμεινον

152 4435 596 4505 περιτρέποντας
637 4431 875 4495 εὐσεϐῶς
908 4435 986 4495 εἰς
1017 4432 1074 4484 τὸ
1106 4432 1420 4503 ἀμωμήτως
1465 4431 1585 4501 ἔχον
1628 4433 1734 4484 τῶν

156 4527 324 4598 ἱερῶν
343 4526 687 4596 Γραμμάτων
707 4525 796 4577 τὸν
818 4524 962 4589 νοῦν,
991 4525 1156 4594 ἡγουν
1177 4525 1311 4576 ἰέναι
1328 4524 1469 4576 κατὰ
1496 4524 1731 4593 πετρῶν,

155 4615 389 4676 ἀνοσίως
421 4613 846 4682 ὲπιτειχίζοντας
890 4618 958 4685 τῇ
1006 4613 1129 4684 δόξῃ
1166 4611 1401 4684 Χριστοῦ
1451 4613 1520 4666 τὰ
1562 4613 1736 4685 ὀρθῶς

156 4702 450 4775 εἰρημένα.

237 4980 378 5046 AG”.
427 4975 671 5048 (Ἰησοῦς
721 4974 776 5028 δὲ
830 4973 1039 5046 πλήρης
1089 4973 1400 5043 Πνεῦματος
1445 4973 1600 5041 ἁγίου
1630 4973 1728 5026 ὑπο

163 5071 428 5141 ἔστρεψεν
463 5069 569 5123 ἀπὸ
605 5066 903 5139 Ἰορδάνου·
943 5065 1037 5118 καὶ
1071 5065 1233 5134 ἤγετο
1265 5067 1324 5118 ὲν
1357 5063 1434 5136 τῷ
1461 5064 1738 5136 Πνεύματι

162 5162 250 5223 εἰς
278 5161 374 5230 τὴν
403 5161 608 5230 ἔρημον
641 5157 1045 5230 τεσσαράκοντα
1084 5156 1316 5226 ἡμέρας,
1347 5156 1739 5230 πειραζόμενος

165 5248 277 5302 ὑπὸ
320 5248 414 5300 τοῦ
453 5249 728 5301 διαϐόλου⁹
782 5249 873 5300 καὶ
921 5247 1019 5299 οὐκ
1066 5245 1266 5314 ἔφαγεν
1316 5245 1467 5298 οὐδὲν
1519 5248 1576 5299 έν
1624 5248 1740 5307 ταῖς

166 5339 406 5412 ἡμέραις
439 5341 674 5402 ἐκείναις
695 5359 707 5372 ·
743 5342 834 5393 καὶ
884 5336 1334 5392 συντελεσθεισῶν
1370 5338 1568 5401 αὐτῶν,
1599 5337 1743 5388 έπεί-

166 5447 352 5485 νασεν.
389 5430 569 5482 ι”Εδει
621 5430 675 5481 δὲ
725 5433 885 5484 πάλιν
926 5433 1064 5500 ὑπὲρ
1112 5429 1266 5501 ἡμῶν
1318 5428 1630 5500 ἀντιστῆναι
1659 5442 1738 5489 τε,

171 5523 454 5593 μονονουχὶ
473 5522 528 5573 δὲ
550 5523 643 5573 καὶ
670 5522 1138 5576 ἀνταποδύσασθαι
1167 5523 1244 5593 τῷ
1267 5522 1431 5576 πάλαι
1461 5523 1740 5590 νικήσαντι

169 5616 405 5682 Σατανᾷ,
437 5611 527 5664 τὸν
555 5612 642 5664 διὰ
675 5613 832 5666 τοῦτο
867 5615 1195 5684 καθιγμένον
1232 5617 1310 5676 εἰς
1360 5614 1605 5665 ἑκούσιον
1650 5609 1740 5660 κέ-

169 5723 355 5768 νωσιν,
397 5706 482 5757 ἵνα
531 5706 678 5774 ἡμᾶς
727 5707 978 5777 ἀποφήνῃ
1026 5705 1424 5777 μετεσχηκότας
1464 5703 1556 5755 τοῦ
1611 5703 1740 5755 ἰδίου

243 5865 288 5897 ⁸⁷
322 5862 479 5917 Jnan.
517 5877 552 5925 ι,
585 5862 668 5916 5‘5.

749 5861 793 5891 ⁸⁸
837 5860 992 5914 Rom.
1031 5877 1147 5924 vut,
1189 5862 1241 5925 8,
1267 5864 1316 5918 9.
1393 5864 1435 5895 "
1474 5860 1624 5918 Joan.
1657 5877 1695 5926 t,
1727 5861 1816 5914 54.

1831 1979 1945 2027 rer,
2013 1964 2104 2032 qui
2170 1981 2333 2017 unum
2395 1963 2678 2016 Dominum
2728 1959 2886 2032 156
2926 1970 3166 2014 nostrum
3211 1957 3396 2012 Jesum

1826 2053 2100 2108 Christum
2135 2057 2184 2108 in
2213 2059 2348 2109 duos
2380 2054 2520 2109 ﬁlios
2543 2053 2803 2108 diveilnnt
2834 2059 2976 2122 (nam
3003 2068 3160 2104 unum
3189 2060 3395 2103 tantum

1828 2146 1990 2202 Pater
2030 2146 2453 2210 demonstravit;
2507 2154 2561 2199 et
2593 2146 2659 2197 de
2716 2159 2824 2198 uno
2881 2143 3050 2196 solum
3082 2160 3094 2195 :
3125 2159 3142 2192 ι
3175 2140 3273 2195 Hie
3313 2149 3400 2193 est

1828 2237 1995 2292 Filius
2023 2238 2114 2292 Dei
2138 2238 2207 2301 “,
2240 2256 2258 2288 ι
2293 2237 2498 2292 beatus
2514 2237 2846 2307 evangelista
2883 2235 3118 2306 retulit),
3150 2235 3215 2288 de
3249 2243 3400 2287 utro-

1831 2346 1951 2385 nam
2005 2330 2240 2393 illorum,
2285 2331 2426 2400 quod
2475 2329 2766 2398 allegatum
2816 2339 2922 2394 est,
2955 2328 3124 2395 accipi
3162 2326 3398 2381 debeat?

1829 2418 1962 2473 Nam
2008 2419 2053 2474 si
2094 2434 2273 2474 sermo
2315 2430 2399 2474 est
2434 2419 2500 2473 de
2541 2417 2834 2488 Unigenito
2870 2418 2960 2471 Dei
3013 2416 3188 2471 Patris
3217 2413 3398 2469 Verbo

1829 2527 2073 2565 seorsum
2122 2527 2218 2581 per
2246 2527 2306 2567 se
2339 2521 2577 2580 sumpto,
2617 2510 2890 2581 quomodo
2916 2509 3176 2578 Spiritum
3213 2519 3397 2561 susce-

1829 2603 1929 2670 pit.
1960 2618 2081 2656 cum
2129 2602 2201 2657 sit
2238 2612 2432 2656 natura
2479 2601 2637 2667 Deus,
2671 2610 2725 2654 et
2759 2602 2928 2670 ipsum
2964 2597 3228 2666 Spiritum
3273 2610 3398 2665 pro-

1830 2694 2004 2761 prium
2035 2693 2270 2747 haheat?
2291 2694 2443 2760 Quod
2467 2693 2511 2745 si
2546 2692 2819 2745 hominem
2861 2705 2926 2742 ex
2955 2686 3182 2742 muliere
3217 2697 3398 2741 ortum

1829 2797 2070 2837 seorsum
2115 2797 2177 2836 ac
2207 2799 2304 2850 per
2332 2797 2389 2836 se
2423 2783 2657 2848 positum
2707 2780 2912 2848 Spiritu
2958 2788 3146 2833 sancto
3185 2779 3400 2849 eguisse

1830 2874 2085 2938 dixerint,
2119 2877 2388 2942 quomodo
2441 2873 2530 2926 hic
2586 2886 2800 2926 rursum
2853 2872 2904 2925 in
2951 2871 3155 2941 Spiritu
3210 2880 3400 2923 sancto

1828 2963 2104 3033 haptizat?
2150 2965 2586 3034 quandoquidem
2652 2962 2888 3031 Spiritus
2945 2963 3117 3017 sancti
3170 2961 3395 3032 gratiam

1828 3056 2214 3110 accedentibus
2266 3069 2424 3123 posse
2474 3053 2738 3122 dilargiri,
2786 3055 2836 3106 id
2883 3069 3010 3108 vere
3060 3064 3267 3108 naturae.
3317 3064 3402 3107 est

1830 3149 2070 3202 omnium
2109 3161 2373 3215 supremae
2402 3161 2463 3199 ac
2487 3148 2969 3213 praestantissima}.
3000 3147 3153 3210 Quod
3190 3147 3232 3199 si
3263 3162 3401 3200 unus

1833 3239 2083 3306 idemque
2120 3235 2280 3291 simul
2315 3238 2407 3291 dat
2445 3245 2497 3290 et
2548 3237 2763 3306 recipit,
2817 3233 3162 3290 manifestum
3218 3245 3300 3288 est
3348 3235 3400 3289 id

1835 3331 2119 3401 provenire
2177 3331 2386 3384 ratione
2446 3329 2871 3398 dispensationis
2928 3329 3224 3384 secundum
3279 3342 3402 3381 ear-

1833 3440 1978 3490 nem,
2011 3432 2065 3477 et
2098 3434 2366 3491 quatenus
2400 3430 2684 3474 naturaet
2720 3436 2842 3475 vere
2872 3421 3012 3476 Deus
3035 3421 3270 3475 exsistit.
3300 3424 3404 3475 Ac-

1809 3516 1961 3583 -eipit
1989 3515 2150 3584 igitur
2179 3523 2235 3567 ut
2271 3514 2448 3579 homo,
2482 3527 2586 3566 non
2623 3523 2729 3567 tam
2758 3513 2858 3566 sibi
2895 3527 3056 3582 quam
3090 3513 3183 3565 toti
3216 3513 3400 3580 generi

1834 3609 2071 3662 humano
2100 3621 2193 3674 per
2223 3607 2480 3675 seipsum,
2527 3615 2580 3659 et
2618 3605 2669 3658 in
2709 3605 2885 3672 seipse
2921 3606 3095 3672 primo
3127 3621 3140 3657 :
3170 3619 3232 3658 ex
3273 3618 3400 3671 pro-

1833 3698 1946 3766 pria
1981 3711 2109 3750 vero
2154 3696 2206 3749 vi
2256 3705 2310 3749 et
2352 3707 2544 3750 natura
2582 3705 2638 3748 ut
2689 3696 2826 3749 Deus
2876 3710 2979 3760 est,
3027 3695 3131 3750 illis
3163 3697 3273 3758 dat,
3311 3696 3401 3763 qui

1834 3788 2004 3855 ipsum
2041 3787 2286 3856 accipere
2317 3788 2461 3857 digni
2495 3797 2640 3840 sunt.
2670 3786 2928 3841 Poterant
2969 3786 3070 3839 alia
3103 3801 3316 3855 quoque
3348 3787 3402 3839 in

1833 3881 2078 3932 eamdem
2120 3879 2448 3933 sententiam
2487 3893 2590 3930 non
2623 3892 2791 3944 pauca
2831 3877 3010 3931 atl‘erri
3047 3878 3177 3931 :sed
3210 3891 3402 3946 super-

1836 3985 2133 4024 vacaneum
2207 3969 2572 4038 indicavimus
2649 3968 2789 4021 idem
2844 3968 3040 4035 saepius
3092 3968 3399 4028 inculcare,

1837 4062 2072 4115 maxime
2098 4075 2226 4114 vero
2266 4076 2385 4113 cum
2433 4057 2885 4127 ingeniosioribus
2921 4059 2986 4110 ad
3020 4057 3273 4111 similium
3327 4059 3404 4112 lo-

1836 4169 2020 4207 corum
2073 4153 2436 4222 cognitionem
2487 4151 2568 4204 vel
2614 4151 2774 4204 unius
2809 4150 3116 4220 explanatio
3160 4160 3246 4205 sat
3285 4166 3405 4206 esse

1837 4243 2027 4312 possit.
2062 4243 2423 4308 Quamobrem
2458 4241 2886 4310 quotiescunque
2921 4240 3170 4294 Christus
3207 4241 3405 4295 sancti-

1837 4332 2009 4396 ﬁcari,
2061 4331 2163 4386 hoc
2198 4339 2279 4384 est
2314 4330 2572 4397 Spiritum
2614 4339 2859 4384 sanctum
2903 4330 3146 4396 accipere
3182 4331 3402 4391 dicitur,

1838 4439 2054 4492 semper
2101 4423 2242 4476 istud
2294 4423 2359 4475 ad
2407 4423 2548 4474 hunc
2593 4423 2809 4474 modum
2862 4420 3258 4487 intelligendum
3297 4431 3403 4476 est.

1843 4515 2026 4568 Satius
2056 4514 2199 4567 enim
2233 4521 2316 4566 est
2349 4512 2603 4580 pietatem
2644 4511 2914 4580 amplecti,
2947 4512 3070 4564 dum
3104 4513 3189 4580 pie
3227 4527 3404 4565 sacra-

1839 4619 1958 4658 rum
2011 4601 2335 4656 Litterarum
2383 4614 2600 4653 sensum
2658 4597 2722 4652 ad
2779 4610 2978 4670 rectam
3044 4600 3406 4666 pertrahimus

1837 4692 2356 4760 interpretationem,
2393 4704 2552 4757 quam
2597 4689 2760 4757 impie
2811 4689 3134 4756 d‘enegantes
3164 4705 3280 4756 qure
3315 4705 3404 4743 re-

1836 4794 1921 4838 cte
1951 4784 2016 4836 de
2040 4780 2238 4834 Christi
2271 4779 2442 4848 gloria
2479 4779 2827 4848 pronuntiata
2862 4788 3013 4844 sunt,
3044 4779 3196 4834 abire
3221 4781 3410 4848 praeci-

1837 4875 1992 4942 pites.

1916 4962 2154 5019 XXXVI.
2204 4983 2222 5016 ι
2252 4962 2407 5020 Jesus
2443 4975 2620 5020 autem
2650 4965 2841 5035 plenus
2865 4964 3067 5034 Spiritu
3107 4975 3294 5018 sancto
3328 4981 3410 5019 re-

1847 5073 2064 5129 gressus
2077 5068 2159 5112 est
2174 5074 2199 5110 a
2219 5057 2453 5112 Jordane
2472 5076 2485 5111 :
2506 5068 2559 5112 et
2581 5059 2836 5127 agebatur
2855 5057 2904 5107 in
2928 5054 3127 5123 Spiritu
3152 5056 3203 5108 in
3227 5059 3410 5112 deser-

1847 5163 1959 5205 tmu
1992 5151 2179 5205 diebus
2211 5149 2582 5218 quadraginta,
2617 5156 2669 5198 et
2700 5145 3010 5199 tentabatur
3035 5161 3062 5199 a
3096 5149 3330 5214 diabolo,
3358 5162 3412 5205 et

1853 5243 1984 5296 nihil
2031 5240 2368 5294 manducavit
2413 5238 2463 5289 in
2515 5237 2702 5291 diebus
2743 5236 2848 5290 illis
2884 5255 2897 5293 :
2930 5248 2979 5291 et
3025 5243 3414 5294 consummatis

1853 5336 1981 5397 illis,
2027 5341 2208 5402 postea
2241 5329 2429 5384 esuriit
2450 5329 2516 5381 ⁷ο.
2548 5347 2565 5378 ι
2601 5326 2840 5384 Decebat
2867 5344 3019 5394 sane,
3046 5339 3104 5384 ut
3133 5332 3220 5384 ille
3244 5334 3412 5386 nostri

1852 5439 2013 5480 causa
2058 5424 2272 5476 Satana:
2305 5435 2363 5474 se
2413 5419 2731 5487 obiectaret,
2781 5431 3102 5492 partemque
3138 5423 3246 5490 jam
3285 5423 3412 5476 olim

1851 5516 2082 5584 palmam
2115 5513 2215 5580 ipsi
2260 5513 2517 5581 eriperet,
2545 5513 2636 5584 qui
2672 5528 2733 5568 ea
2769 5516 2834 5567 de
2870 5527 3032 5568 causa
3069 5515 3117 5564 in
3163 5512 3414 5568 volunta-

1853 5611 1986 5660 riam
2031 5607 2460 5661 exinanitionem
2507 5623 2627 5663 sese
2669 5606 2998 5670 demiserat,
3054 5612 3111 5657 ut
3161 5619 3270 5659 sua:
3318 5623 3416 5661 nos

1852 5699 2203 5769 plenitudinis
2229 5700 2520 5770 participes
2548 5699 2814 5764 emccret;
2850 5698 3161 5767 fractosque
3190 5711 3240 5755 et
3269 5701 3418 5756 debi-

1887 5859 1932 5888 τθ
1964 5857 2093 5913 Luc.
2129 5875 2202 5924 tv,
2238 5861 2286 5922 ἰ,
2317 5860 2367 5916 2.
