4116 6480
738 432 875 490 1585

1726 421 1784 476 S.
1820 417 2101 475 CYRILLI
2139 416 2610 475 ALEXANDRINI
2653 411 2980 474 ARCIHEP.

3873 413 4002 468 1584

735 547 918 600 litatos
941 541 1211 614 quondam
1244 540 1298 595 iu
1323 539 1552 602 Adamo,
1577 537 1823 608 spiritale
1844 537 2116 607 quoddam
2144 535 2311 596 robur

2424 532 2781 604 πληρώματος
2801 547 2815 562 '
2848 531 2942 584 καὶ
2965 529 3369 602 ἁσθενὴσαντας
3397 526 3456 586 ὲν
3489 528 4004 600 ’Ᾱδὰμλεύρωατίαν

734 638 959 705 adeptos
985 633 1336 689 ostenderet:
1371 629 1809 700 quandoquidem
1853 638 1962 683 tam
1996 643 2310 698 corporum,

734 741 896 795 quam
915 725 1217 780 animorum
1231 723 1602 793 egritudines,
1626 721 1782 791 157
1809 719 2129 789 protoplasti
2155 720 2310 788 culpa

734 815 788 868 in
823 815 1099 869 hominum
1138 823 1389 866 naturam
1423 813 1670 875 iuvectm,
1714 827 1810 880 per
1836 810 2116 866 Christum
2141 826 2171 865 e
2203 826 2311 864 meo

735 905 824 960 dio
853 915 978 958 sunt
1006 905 1250 960 sublatae.
1288 904 1441 958 Sicut
1473 904 1618 957 enim
1653 901 1813 970 huius
1840 903 2149 958 obeditioue
2171 900 2308 970 justi

735 997 1118 1052 constituimur
1167 996 1342 1058 multi,
1387 995 1599 1050 etiamsi
1661 1001 1884 1063 propter
1947 993 2089 1048 illius
2133 993 2317 1048 inobe—

736 1089 994 1144 dientiam
1020 1089 1092 1151 τί,
1126 1088 1177 1140 in
1224 1086 1696 1141 condemnationis
1741 1086 2069 1140 sententiam
2109 1087 2316 1140 incide-

736 1184 944 1250 rimus;
989 1181 1059 1234 ita
1112 1196 1323 1233 rursum
1368 1179 1599 1249 spiritali
1655 1177 1854 1232 robore
1901 1192 1999 1247 per
2041 1179 2354 1240 Christum.

737 1273 894 1328 nobis
935 1272 1119 1336 allato,
1166 1286 1194 1325 a
1230 1282 1469 1326 veterum
1519 1269 1835 1324 morborum
1869 1270 2213 1324 detrimentis
2247 1270 2315 1324 li-

735 1365 990 1420 beramur
1020 1383 1033 1418 :
1068 1372 1121 1418 et
1169 1364 1256 1431 qui
1305 1363 1356 1416 in
1397 1362 1567 1416 Adam
1606 1361 1734 1415 victi
1783 1362 2220 1425 concideramus,
2263 1364 2314 1413 in

738 1455 957 1510 Christo
979 1454 1261 1510 victoriam
1286 1453 1647 1508 obtinuimus.
1674 1450 1942 1520 Objicitur
1966 1451 2149 1518 itaque
2175 1450 2314 1504 hosti

737 1560 837 1612 pro
869 1543 1022 1598 nobis
1054 1553 1111 1595 ut
1149 1543 1332 1606 homo,
1366 1540 1534 1594 vincit
1562 1549 1741 1592 autem
1771 1549 1826 1594 ut
1858 1541 2021 1612 Deus.
2053 1541 2319 1594 Tentatur

740 1649 981 1698 rursum,
1038 1633 1244 1687 Satana
1289 1633 1515 1702 perinde
1569 1632 1641 1686 illi
1691 1633 1981 1686 insultante
2016 1649 2080 1685 ac
2124 1632 2215 1685 uni
2251 1648 2318 1685 ex

741 1726 922 1789 nobis,
953 1735 1213 1792 certoque
1241 1723 1343 1777 sibi
1385 1724 1671 1791 pollicente
1707 1722 1819 1778 fore
1862 1733 1918 1776 ut
1947 1724 2126 1777 carnis
2160 1733 2317 1792 petu-

741 1814 905 1868 lantia
952 1814 1019 1866 ad
1056 1807 1205 1867 illum
1235 1814 1682 1883 prosterneudum
1714 1813 1914 1867 sociam
1955 1828 2073 1868 sese
2119 1813 2315 1880 adjun-

2417 626 2638 695 ἔχοντας
2688 622 2944 694 ἀποδείξῃ
2993 626 3405 695 πνευματικήνο
3461 622 3746 676 πέπαυται
3797 620 3914 690 γὰρ
3957 621 4006 671 ἐν

2416 717 2638 788 Χριστῷ
2665 716 2731 769 τὰ
2767 718 2824 770 ἐν
2847 716 2926 786 τῷ
2957 716 3367 787 πρωτοπλάστῳ
3408 719 3474 787 τῇ
3509 713 3812 785 ἀνθρώπου
3859 714 4008 779 φύσει

2418 809 2801 880 συμϐεϐηκότα
2851 809 3142 879 σωματικά
3187 827 3246 862 τε
3282 810 3378 862 καὶ
3411 807 3624 878 ψυχικά
3669 805 3788 859 τῶν
3834 807 4011 877 app»-

2419 905 2715 973 πημάτων
2749 903 3340 974 ὲνεργήματα.Ὥσπερ
3369 904 3479 972 γὰρ
3506 901 3594 955 διά
3627 901 3734 970 τῆς
3766 900 4010 965 ὑπακοῆς

2418 995 2583 1048 αὑτοῦ
2616 994 2813 1047 δίκαιοι
2843 996 3184 1066 κατέστημεν
3215 997 3265 1048 οἱ
3291 994 3496 1058 πολλοὶ,
3528 992 3714 1045 καίτοι
3742 990 4010 1044 πεπονθό-

2416 1103 2507 1149 τες
2543 1085 2631 1138 διά
2655 1085 2755 1154 τῆς
2785 1086 2994 1139 ἐκείνου
3024 1087 3312 1156 παρακοῆς
3338 1087 3435 1155 τὴν
3468 1085 3808 1155 κατάκρισιν
3828 1097 3844 1110 ⁸
3879 1082 4015 1135 οὕτω

2418 1176 2482 1245 δὴ
2522 1174 2686 1228 πάλιν
2717 1175 2806 1227 διὰ
2833 1175 2931 1245 τῆς
2976 1177 3033 1229 ἐν
3066 1177 3286 1248 Χριστῷ
3321 1177 3626 1246 νοουμένης
3673 1173 4014 1234 εὐσθενείας,

2418 1267 2575 1338 δῆλον
2597 1267 2654 1320 δὲ
2683 1268 2765 1320 ὅτι
2791 1268 3185 1335 πνευματικῆς.
3213 1266 3283 1318 τά
3307 1266 3399 1318 ἐπὶ
3421 1267 3544 1327 ταῖς
3571 1263 3826 1336 πρώταις
3862 1264 4017 1315 ἀσθεο

2419 1360 2589 1422 νείαις
2621 1357 3058 1427 διεκρουσάμεθα
3089 1357 3289 1426 βλάϐηο
3344 1358 3437 1410 καὶ
3481 1358 3532 1408 οἱ
3569 1356 3939 1417 πεπτωκότες
3965 1357 4014 1406 ἐν

2433 1450 2623 1521 Ἀδὰμ,
2653 1451 3018 1520 νενικήκαμεν
3048 1450 3105 1502 ἐν
3138 1448 3380 1519 Χριστῷ.
3398 1449 3810 1501 ’Λντιτάττεται
3840 1448 4014 1500 τοίνυν

2420 1541 2559 1611 ὑπὲρ
2598 1540 2755 1612 ἡμῶν
2794 1540 2870 1603 ὡς
2902 1539 3210 1609 ἄνθρωπος,
3242 1540 3337 1592 καὶ
3373 1542 3499 1610 νικᾷ
3526 1539 3728 1602 θεῖκῶς
3767 1543 3864 1592 καὶ
3901 1556 4012 1590 πει-

2424 1632 2645 1703 ράζεται
2676 1631 2794 1702 μὲν,
2828 1631 2904 1694 ὡς
2937 1633 3019 1685 ἑνὶ
3053 1631 3159 1683 τῶν
3189 1630 3313 1684 καθ’
3344 1631 3490 1700 ἡμᾶς
3518 1629 3906 1698 ὲπιπηδῶντος
3929 1628 4014 1680 τοῦ

2420 1725 2653 1788 Σατανᾶ,
2686 1724 2781 1776 καὶ
2833 1722 3128 1790 οἰηθέντος,
3162 1722 3242 1774 ὅτι
3286 1722 3351 1775 τὸ
3397 1720 3635 1791 ἀκρατὲς
3669 1719 3776 1790 τῆς
3819 1721 4017 1790 σαρκὸς

2423 1812 2950 1882 συνεκπολεμήσειεν
3013 1811 3080 1865 ἂν
3144 1807 3292 1882 αυτῷ
3354 1810 3443 1863 τὸν
3509 1808 4014 1880 ὲκπειραζόμενον·

741 1917 891 1975 geret
921 1924 935 1960 :
968 1920 1155 1960 verum
1193 1906 1239 1959 is
1275 1905 1595 1974 pudefactus
1628 1906 1918 1971 abscessit,
1957 1921 2078 1960 cum
2116 1917 2311 1960 natura

2424 1906 2694 1974 ἀναχωρεῖ
2736 1905 2793 1957 δὲ
2840 1902 3319 1974 κατῃσχυμμένος,
3367 1902 3810 1972 καινοτομούσης
3857 1903 4015 1955 αὑτὸν

742 1997 975 2050 humana
1042 2010 1182 2050 novo
1233 1997 1467 2064 quodam
1538 1997 1699 2050 modo
1759 1996 1810 2050 in
1875 1995 2096 2051 Christo
2145 1996 2315 2067 legem

740 2088 979 2158 peccati,
1031 2103 1150 2155 quae
1198 2088 1404 2152 pridem
1458 2087 1512 2140 in
1563 2088 1824 2142 membris
1869 2088 2052 2142 carnis
2086 2087 2316 2142 ferocie-

739 2179 947 2241 bet",
1009 2177 1332 2232 exstinctam
1393 2177 1882 2246 mortiﬁcatamque
1946 2193 2066 2231 sese
2119 2178 2319 2232 habere

741 2271 1057 2330 ostenderet
1087 2287 1103 2326 :
1132 2268 1332 2325 abolita
1376 2277 1460 2324 est
1493 2269 1636 2324 enim
1691 2270 1773 2323 lex
1825 2271 1942 2324 haec
1987 2271 2036 2324 in
2079 2270 2317 2324 Christo.

739 2360 912 2417 Porro
948 2371 1129 2417 autem
1177 2377 1299 2416 cum
1361 2365 1622 2428 quantum
1659 2369 1745 2414 sat
1786 2368 1904 2414 erat
1937 2359 2049 2428 jam
2082 2359 2317 2430 iejunas-

741 2466 846 2520 set,
881 2456 1176 2524 divinaque
1205 2455 1408 2508 virtute
1434 2453 1639 2521 absque
1674 2452 1799 2507 cibo
1829 2460 1884 2506 et
1913 2461 2041 2521 potu
2075 2452 2321 2506 incorru-

741 2557 887 2614 ptam
931 2559 1154 2599 carnem
1199 2553 1603 2610 conservasset,
1637 2546 1733 2596 vix
1768 2546 2008 2608 tandem,
2042 2558 2162 2612 qua:
2195 2558 2321 2611 pro-

740 2637 859 2705 pria
905 2635 1053 2690 illius
1103 2643 1267 2698 sunt,
1311 2636 1422 2703 pati
1466 2649 1585 2689 eam
1637 2633 1784 2688 sivit.
1850 2634 2120 2689 Esuriisse
2173 2635 2316 2688 enim

743 2728 945 2784 dicitur
973 2745 988 2782 :
1014 2727 1112 2782 sed
1147 2742 1306 2797 quam
1358 2726 1427 2781 ob
1468 2741 1717 2789 causam,
1766 2742 1970 2797 quaeso,
2010 2725 2320 2782 esurit?0b

742 2835 862 2876 eam
896 2820 1175 2887 nimirum,
1209 2834 1312 2888 qua
1348 2827 1471 2887 apte
1509 2833 1606 2886 per
1636 2828 1924 2887 utrumque
1957 2817 2126 2873 Deu-m
2156 2820 2317 2874 simul

742 2922 798 2967 et
832 2913 1104 2967 hominem
1160 2924 1219 2966 se
1263 2925 1383 2967 esse
1412 2910 1739 2976 declararet,
1775 2927 2023 2981 unusque
2065 2921 2121 2966 et
2152 2913 2316 2973 idem,

743 3013 1010 3072 quatenus
1040 2998 1206 3061 Deus,
1243 3015 1404 3070 supra
1439 3017 1537 3055 uos
1568 3015 1726 3066 esse;
1755 3009 1810 3055 et
1838 3012 2105 3070 quatenus
2133 3002 2316 3064 homo,

744 3094 904 3148 nobis
947 3092 1142 3147 similis
1178 3103 1590 3160 agnosceretur.
1637 3092 1846 3145 Virtute
1883 3109 2048 3160 porro
2081 3093 2319 3161 Spiritus

747 3191 799 3242 iu
823 3189 1093 3242 desertum
1123 3189 1206 3256 agi
1241 3187 1458 3248 dicitur,
1489 3201 1594 3238 nou
1619 3187 1760 3252 quod
1793 3185 1875 3252 agi
1907 3187 2047 3242 idem
2079 3186 2151 3238 sit
2177 3185 2316 3250 quod

747 3279 971 3341 deferri,
1015 3279 1108 3333 sed
1146 3280 1310 3330 vitam
1362 3276 1665 3337 traducere.
1718 3289 1814 3331 seu
1855 3277 2052 3329 morari
2083 3293 2096 3328 :
2132 3290 2320 3344 quem-

747 3370 1037 3426 admodum
1093 3384 1193 3422 nos
1233 3383 1448 3438 quoque
1500 3368 1682 3420 dicere
1727 3366 2000 3420 interdum
2041 3365 2322 3421 consuevi-

747 3478 888 3528 mus,
913 3463 1055 3516 Iiunc
1087 3460 1166 3515 vel
1202 3459 1346 3513 illum
1379 3457 1545 3528 probe
1585 3457 1821 3523 seipsum
1856 3471 2038 3524 agere,
2078 3456 2178 3510 boc
2213 3465 2319 3518 est,

748 3553 1075 3620 inculpatam
1134 3551 1296 3603 vitam
1367 3549 1606 3618 exigere.
1656 3547 1987 3601 Versabatur
2041 3547 2206 3616 igitur
2267 3548 2319 3601 in

747 3639 983 3701 deserto,
1029 3638 1128 3691 Itoc
1165 3646 1269 3700 est,
1305 3637 1470 3689 vitam
1509 3635 1620 3689 illic
1659 3635 1924 3703 agitabat,
1961 3651 2066 3689 non
2105 3637 2319 3706 quidem

750 3744 899 3781 more
949 3742 1212 3796 corporeo
1247 3745 1260 3780 :
1294 3717 1416 3780 nam
1469 3725 1677 3793 absque
1721 3725 1844 3779 cibo
1890 3735 1945 3780 et
1981 3727 2322 3794 potu,,rebus

747 3821 934 3888 utique
987 3821 1226 3874 humano
1277 3818 1492 3887 corpori
1557 3817 1923 3882 necessariis,
1969 3818 2041 3870 ibi
2094 3817 2324 3886 degebat

749 3911 987 3980 Spiritus
1026 3909 1226 3963 virtute
1249 3918 1514 3975 armatus,
1556 3918 1614 3962 et
1643 3923 1809 3977 supra
1847 3909 2089 3961 humanae
2117 3920 2324 3963 naturae

748 4003 1112 4058 conditionem
1143 4001 1195 4055 in
1229 4001 1485 4055 continuo
1509 3999 1717 4068 jejunio
1745 4000 1940 4053 ibidem
1975 4001 2320 4067 persistebat.

747 4094 1016 4148 Caeterum
1045 4102 1305 4147 accurate
1340 4093 1739 4145 observandum
1765 4092 2011 4160 estquod
2044 4093 2130 4145 hic
2159 4093 2326 4145 tradi-

748 4195 877 4238 tur:
909 4195 992 4237 est
1041 4185 1185 4236 enim
1233 4180 1521 4251 ejusmodi,
1572 4182 1624 4234 in
1675 4197 1781 4250 quo
1811 4181 2044 4235 salubris
2079 4182 2321 4249 quaedam

747 4275 1008 4330 doctrina:
1039 4276 1118 4328 vis
1155 4274 1339 4327 lateat.
1390 4271 1506 4326 Non
1536 4272 1683 4326 enim
1719 4281 1847 4326 ante
1873 4283 2117 4326 sanctum
2152 4273 2338 4341 bapti-‘

749 4382 866 4421 sma
930 4377 1238 4434 susceptum
1298 4364 1649 4428 tentabatur;
1722 4363 1816 4416 sed
1889 4378 2061 4435 neque
2119 4363 2322 4431 Spiritu

749 4470 967 4526 quoque
1012 4456 1062 4508 in
1097 4456 1373 4508 desertum
1409 4454 1691 4522 agebatur.
1723 4454 1949 4525 Ecquid,
1994 4470 2199 4524 quaeso,
2239 4471 2326 4510 res

2417 1999 2516 2066 τῆς
2543 1994 2830 2064 ἀνθρώπου
2865 1995 3080 2063 φύσεως
3104 1997 3162 2048 ὲν
3189 1995 3431 2066 Χριστῷ,
3462 1996 3558 2049 atati.
3603 1994 4015 2065 vsvsxpwps’vav

2418 2087 2647 2158 ἐχούσης
2686 2086 2788 2155 τῆς
2818 2087 3096 2158 ἁμαρτίας
3122 2087 3216 2140 τὸν
3247 2088 3430 2156 νόμον,
3461 2087 3553 2140 τὸν
3583 2087 3644 2140 ὲν
3675 2088 3796 2149 τοῖς
3830 2085 4015 2155 μέλεσι

2417 2179 2514 2249 τῆς
2546 2179 2746 2250 σαρκὸς
2768 2179 3118 2250 ἀγριαίνοντα
3135 2197 3150 2210 ι
3177 2180 3525 2250 κατήργηται
3547 2177 3656 2250 γάρ
3687 2180 3749 2232 ὲν
3771 2177 4012 2248 Χριστῷ.

2418 2272 2820 2340 Νηστεύσας³γε
2855 2274 2963 2343 μὴν
2987 2269 3374 2342 ἀποχρώντως,
3399 2269 3496 2323 καὶ
3525 2271 3762 2340 δυνάμει
3788 2271 4012 2340 θεοπρε-

2419 2364 2512 2415 πεῖ
2538 2359 2700 2416 ποτοῦ
2735 2361 2829 2416 καὶΙ
2864 2361 3050 2415 σιτίων
3082 2361 3203 2431 δίχα
3230 2360 3329 2431 τὴν
3364 2361 3546 2431 σάρκα
3574 2361 3829 2431 τηρήσας
3861 2361 4013 2414 ἀδιά-

2419 2453 2636 2525 φθορον,
2672 2455 2858 2525 ἐφίησι
2895 2455 3047 2525 μόλις
3087 2454 3155 2507 τά
3199 2455 3374 2506 οἰκεῖα
3409 2453 3604 2507 παθεῖν
3665 2454 3830 2524 αὐτῇ.
3889 2455 4013 2506 Πει-

2419 2544 2579 2612 νῆσαι
2624 2543 2733 2613 γάρ
2774 2543 3023 2611 λέγεταιο
3065 2544 3163 2596 καὶ
3204 2543 3292 2596 διά
3332 2545 3490 2596 ποίαν
3531 2545 3755 2607 αἰτίαν;
3793 2546 3912 2596 Ἰνα
3941 2545 4015 2596 δι’

2419 2633 2622 2702 ἀμφοῖν
2655 2633 2922 2703 εὐτέχνως
2948 2634 3082 2697 Θεός
3115 2651 3174 2687 τε
3203 2633 3340 2703 ὁμοῦ
3375 2635 3470 2687 καὶ
3515 2635 3810 2705 ἄνθρωπος
3841 2635 4014 2705 ὑπάρ-

2419 2742 2530 2793 χων
2580 2723 3006 2796 ὲπιγινώσκηται
3054 2719 3135 2788 εἷς
3184 2725 3278 2778 καὶ
3322 2725 3351 2777 ὀ
3400 2725 3562 2789 αὐτὸς
3605 2724 3880 2794 δηλονότι,
3925 2727 4014 2780 καὶ

2420 2816 2616 2879 θεῖκῶς
2651 2816 2790 2887 ὑπὲρ
2814 2817 2984 2886 ἡμᾶς.
3012 2817 3105 2870 καὶ
3136 2817 3257 2870 καθ’
3287 2819 3432 2887 ἡμᾶς
3459 2817 4013 2886 ἀνθρωπίνως.”Αγε-

2421 2909 2545 2962 σθαι
2577 2908 2631 2961 δὲ
2661 2908 2876 2972 λέγεται
2913 2911 2979 2977 τῇ
3017 2908 3246 2978 δυνάμει
3297 2907 3390 2960 τοῦ
3439 2907 3765 2977 Πνεύματος
3800 2911 3881 2972 είς
3921 2908 4011 2979 τὴν

2420 2999 2644 3069 ἔρημον,
2689 2998 2784 3050 τοῦ
2833 2997 3064 3066 ἄγεσθαι
3098 2996 3386 3066 δηλοῦντος
3417 2997 3479 3049 οὐ
3525 2997 3587 3048 τὸ
3633 2996 4009 3067 ἀποφέρεσθαι

2426 3091 2646 3158 μᾶλλον,
2680 3089 2817 3142 ἀλλά
2865 3088 2927 3141 τὸ
2975 3088 3200 3156 διάγειν,
3237 3087 3355 3156 ἦτοι
3411 3088 3707 3141 διατελεῖν·
3762 3087 4010 3157 καθάπερ

2426 3177 2615 3246 ἀμέλει
2665 3178 2758 3230 καὶ
2805 3179 2890 3246 ἐφ’
2921 3178 3079 3247 ἡμῶν
3122 3177 3338 3245 λέγεται
3386 3178 3739 3242 πλειστάκις’
3783 3181 3844 3232 '0
3869 3179 4009 3233 δεῖνα

2426 3267 2584 3336 τυχὸν
2636 3269 2826 3321 ἑαυτὸν
2874 3268 3051 3340 ὀρθῶς
3097 3269 3240 3338 ἄγει,
3275 3271 3554 3324 τουτέστιν
3607 3271 3920 3341 ἀμέμπτως
3946 3270 4005 3339 ζῇ

2425 3361 2519 3412 καὶ
2548 3359 2908 3414 πολιτεύεται.
2930 3362 3316 3433 Ἀνεστρέφετο
3342 3362 3520 3415 τοίνυν
3551 3363 3633 3424 εἰς
3659 3361 4006 3432 τὴνζὲρημον.

2426 3449 2592 3519 ἤγουν
2625 3453 2858 3504 ἐποιεῖτο
2885 3451 2982 3515 τὰς
3015 3453 3316 3524 διατριὸἀς,
3341 3453 3402 3506 οὐ
3444 3453 3774 3521 σωματικῶς
3798 3469 3813 3483 ·
3851 3453 4006 3506 ποτοεῦ

2424 3541 2534 3611 γὰρ
2565 3541 2686 3611 δίχα
2716 3544 2810 3596 καὶ
2838 3543 2937 3613 τῆς
2963 3546 3074 3607 τοῖς
3106 3544 3355 3614 σώμασιν
3380 3544 3686 3613 ἀναγκαίας
3717 3545 3923 3614 τροφῆς
3957 3547 4010 3596 ὲν

2424 3632 2651 3702 δυνάμει
2700 3633 3014 3704 Πνεύματος
3062 3636 3202 3707 ὑπὲρ
3241 3636 3403 3704 φύσιν
3437 3638 3537 3706 τὴν
3588 3636 3712 3690 καθ’
3745 3638 3891 3705 ἡμᾶς
3936 3636 4007 3687 δι-

2425 3725 2723 3795 εκαρτέρει
2757 3726 2894 3795 πρὸς
2927 3727 3028 3797 τὴν
3074 3727 3349 3797 νηστείαν.
3390 3728 3540 3798 Πλὴν
3587 3729 3765 3782 ἐκεῖνο
3813 3727 4001 3795 ἄθρει’

2425 3817 2844 3889 ἐπωφελεστάτη
2897 3819 3005 3890 γὰρ
3053 3819 3153 3889 τῆς
3201 3820 3409 3884 ἐννοίας
3440 3823 3474 3892 ἡ
3514 3821 3767 3890 δύναμις.
3798 3823 3874 3874 Οὐ
3906 3821 4004 3890 πρὸ

2423 3908 2518 3961 τοῦ
2560 3909 2714 3974 ἁγίου
2747 3909 3125 3980 βαπτίσματος
3156 3912 3498 3984 ὲπειράςετο,
3537 3912 3655 3964 ἀλλ’
3683 3912 3807 3965 οὐδὲ
3850 3914 4004 3983 ἤγετε

2423 3999 2502 4069 τῷ
2540 4001 2816 4070 Πνεῦματι
2848 4003 2926 4065 εἰς
2956 4001 3054 4072 τὴν
3087 4001 3314 4073 ἔρημον,
3345 4004 3516 4058 τύπον
3549 4006 3683 4074 ἡμῖν
3729 4005 3790 4057 τὺ
3822 4005 4002 4076 χρῆμα

2424 4093 2627 4156 τιθείς·
2680 4094 2962 4164 ἀμήχανον
3006 4094 3114 4164 γὰρ
3160 4097 3284 4158 τοὺς
3318 4094 3470 4148 οὔπω
3521 4095 3999 4167 βεϐαπτισμένους,

2425 4184 2518 4237 τοῦ
2550 4185 2897 4255 πειράζοντος
2925 4187 3143 4239 Σατανᾶ
3171 4185 3450 4239 δύσοιστον
3479 4182 3646 4239 οὖσαν
3690 4188 3791 4258 τὴν
3841 4205 4001 4258 προσ-

2428 4275 2586 4347 ϐολὴν
2619 4277 2940 4344 ὑπενεγκεῖν
2976 4277 3235 4332 δύνασθαι
3262 4279 3546 4344 νεανικῶς,
3581 4280 3748 4349 ἤγουν
3779 4282 3999 4346 ἄγεσθαι

2428 4368 2814 4437 πνευματικῶς
2836 4385 2849 4399 ο
2898 4369 3090 4440 καιρὸς
3121 4370 3176 4423 δὲ
3219 4372 3247 4424 ό
3280 4371 3508 4440 πρέπων
3543 4374 3659 4434 τοῖς
3701 4371 3846 4424 οὕτω
3875 4372 3998 4440 λαμ-

2427 4461 2583 4528 προῖς
2631 4460 2725 4511 καὶ
2775 4459 3124 4528 ἀξιαγάστοις
3177 4461 3619 4531 κατορθώμασιν,
3673 4463 3702 4514 ὀ
3761 4461 3900 4530 μετά
3946 4463 3997 4513 τὸ

751 4552 866 4604 haec
915 4546 1070 4601 nobis
1121 4545 1515 4623 adumbrabat?
1561 4545 1674 4600 Non
1724 4547 1870 4599 aliud
1911 4550 2114 4610 utique,
2162 4562 2320 4615 quam

2428 4551 2580 4619 ἅγιον
2625 4550 2940 4621 βάπτισμασ
2993 4553 3423 4622 κραταιωθέντες
3466 4551 3575 4621 γὰρ
3628 4550 3772 4605 οὕτω
3817 4556 3882 4624 τῇ
3913 4552 3997 4606 τοῦ

751 4641 865 4696 ﬁeri
903 4654 1008 4693 non
1043 4651 1222 4706 posse,
1258 4645 1314 4687 ut
1345 4635 1378 4685 ii
1407 4636 1498 4702 qui
1534 4636 1786 4703 baptismi
1819 4639 2047 4704 gratiam
2095 4640 2321 4691 necdum

749 4732 982 4788 assecuti
1028 4740 1174 4793 sunt,
1213 4726 1556 4796 gravissimis
1592 4729 1851 4781 tentantis
1890 4727 2107 4782 Satanm
2148 4728 2322 4783 insul—

752 4825 897 4878 tibus
923 4823 1153 4876 viriliter
1182 4818 1477 4880 obsiStaut,
1503 4830 1592 4869 aut
1616 4819 1876 4886 spiritalis
1909 4820 2031 4873 vitae
2063 4820 2326 4874 rationem

752 4917 893 4970 inire
928 4925 1148 4984 queant.
1191 4912 1431 4981 Tempus
1475 4920 1654 4963 autem
1690 4911 1993 4965 obtinenda:
2027 4911 2189 4980 158
2217 4921 2324 4964 tam

756 5006 980 5057 illustris
1006 5004 1244 5058 victoriae
1267 5013 1391 5073 post
1419 5016 1637 5058 sacrum
1667 5000 1931 5068 baptisma
1965 5009 2324 5068 opportunum

753 5103 859 5149 est.
886 5092 961 5147 lta
988 5094 1128 5147 enim
1159 5096 1395 5163 Spiritus
1416 5094 1590 5149 sancti
1622 5091 2036 5160 participatione
2064 5091 2323 5152 roborati,

753 5198 808 5242 et
856 5200 1088 5253 superna
1136 5189 1308 5253 gratia
1365 5188 1433 5240 ad
1495 5185 1740 5257 spiritale
1779 5183 1952 5237 robur'
1995 5181 2321 5244 confirmati,

754 5279 970 5333 Satanae
1005 5276 1217 5330 insidiis
1260 5279 1378 5345 capi
1416 5296 1520 5333 non
1561 5279 1896 5347 poterimus;
1936 5275 2029 5329 sed
2071 5284 2325 5341 tanquam

756 5372 811 5424 in
872 5370 1075 5422 virtute
1127 5366 1360 5435 Spiritus
1414 5371 1674 5435 vivemus,
1728 5371 1880 5439 quasi
1942 5371 1993 5422 in
2051 5369 2326 5421 desertum

753 5462 1026 5531 quoddam
1066 5461 1406 5523 secedentes,
1442 5460 1564 5512 dum
1615 5463 1800 5527 procul
1855 5479 1883 5515 a
1936 5453 2122 5515 mundi
2169 5458 2329 5526 hujus

757 5554 1076 5608 tumultibus
1117 5553 1279 5605 vitam
1311 5551 1520 5620 placide
1555 5554 1920 5621 transigimus.
1967 5553 2324 5620 Quamobrem

755 5645 882 5700 licet
930 5643 1354 5713 cunctipotcntis
1398 5641 1487 5697 Dei
1537 5642 1711 5694 Verbo
1756 5656 1942 5709 parum
1982 5645 2204 5700 omnino
2255 5645 2328 5699 sit

830 5818 873 5848 τί
901 5816 1055 5872 Rom.
1093 5820 1262 5882 v.19.
1331 5823 1377 5854 ⁷³
1413 5821 1568 5878 Rom.
1600 5834 1693 5884 \‘ll,
1730 5817 1812 5872 l3.

2432 4644 2586 4711 ἁγίου
2620 4641 2933 4709 Πνεύματος
2964 4646 3185 4712 μετοχῇ,
3220 4644 3312 4695 καὶ⁵
3341 4647 3407 4714 τῇ
3434 4642 3640 4696 ἄνωθεν
3676 4645 3862 4716 χάριτι
3886 4664 3999 4698 κατ⁸

2433 4731 2886 4801 εσφραγισμένοι,
2926 4729 3062 4800 πρὸς
3127 4732 3425 4801 εὐρωστίαν
3488 4733 3546 4786 δὲ
3604 4733 3846 4802 δηλονότι
3910 4737 3998 4804 τὴν

2436 4822 2828 4888 πνευματικὴν,
2876 4819 3137 4873 ἀνάλωτοί
3166 4838 3224 4874 τε
3259 4824 3495 4891 ἐσόμεθα
3525 4824 3602 4894 τῷ
3636 4827 3853 4895 Σατανᾷ
3873 4867 3886 4883 .
3916 4827 4000 4876 καὶ

2435 4913 2507 4974 ὼς
2536 4913 2592 4963 ὲν
2619 4910 2845 4979 δυνάμει
2879 4911 3194 4984 Πνεῦματος
3216 4915 3565 4986 διαζήσομεν,
3595 4919 3802 4989 ἔρημον
3823 4918 3998 4988 ὥσπερ

2431 5002 2552 5054 τινὰ
2587 5001 3092 5072 καταλαμϐάνοντες
3115 5007 3289 5077 χῶρον
3315 5009 3373 5060 τὸ
3396 5008 3500 5071 ἔξω
3518 5008 3728 5075 τύρόης
3757 5008 3997 5074 γενέσθαι

2433 5094 2973 5166 κοσμικῆς.Σμικρὸν
3002 5099 3098 5167 μὲν
3119 5096 3210 5151 οὖν
3241 5099 3434 5167 κομιδῇ
3464 5097 3541 5166 τῷ
3572 5099 3753 5152 πάντα
3777 5099 3996 5169 ἰσχύοντι

2434 5187 2594 5256 Λόγῳ
2625 5187 2686 5239 τὸ
2720 5193 2936 5258 νικῆσαι
2963 5191 3053 5244 τὸν
3085 5192 3348 5251 Σατανᾶν,
3392 5191 3536 5259 μέγα
3577 5191 3635 5244 δὲ
3672 5193 3835 5247 πάλιν
3879 5197 3996 5263 ἡμῖν

2432 5280 2491 5332 τὸ
2517 5280 2608 5331 καὶ
2642 5282 2828 5333 τούτου
2859 5285 3043 5350 τυχεῖν
3069 5282 3155 5333 διὰ
3194 5282 3290 5350 τῆς
3329 5281 3800 5354 ὲνανθρωπήσεως
3821 5286 3990 5348 αὑτοῦ,

2435 5371 2576 5424 καθὰ
2607 5374 2699 5424 καὶ
2725 5375 2785 5426 τὸ
2815 5374 3259 5444 ἀνακαινισθῆναι
3292 5377 3426 5445 πρὸς
3457 5360 3991 5446 ἀφθαρσίανῧοσπερ

2435 5465 2543 5534 γάρ
2567 5465 2652 5518 διὰ
2675 5467 2771 5537 τῆς
2801 5469 2865 5521 ἐκ
2889 5466 3094 5536 νεκρῶν
3137 5469 3481 5532 ἀναστάσεως
3517 5470 3688 5523 αὑτοῦ
3730 5472 3990 5541 κρείττους

2435 5559 2598 5628 ἡμεῖς
2643 5559 2947 5627 γεγόναμεν
2998 5559 3098 5626 τῆς
3132 5558 3354 5628 φθορᾶς,
3398 5561 3540 5613 οὓτω
3587 5561 3676 5614 διὰ
3711 5561 3813 5630 τῆς
3843 5564 3895 5614 ἐν
3923 5562 3988 5630 τῷ

2438 5649 2794 5719 πειράζεσθαι
2826 5651 2980 5718 νίκης
3008 5650 3165 5703 πάλιν
3196 5654 3353 5721 ἡμεῖς
3386 5654 3830 5723 κεκρατήκαμεν.
