4116 6542
96 470 243 541 I385

907 468 1000 525 AD
1039 469 1338 528 REGINAS
1376 469 1463 526 DE
1501 468 1732 526 RECTA
1772 467 1929 524 FIDE
1966 467 2224 526 ORATIO
2263 468 2564 526 ALTERA.

3211 471 3349 530 I386

95 579 357 636 Satanam
390 580 680 647 devicisse,
745 580 904 637 nobis
971 592 1153 638 tamen
1218 598 1570 654 permagnum
1636 581 1905 651 quoddam
1954 592 2058 648 est,
2101 581 2245 653 quod
2293 597 2393 654 per
2434 582 2556 653 ejus
2598 581 3026 639 incarnationem
3073 581 3348 638 victoriam

93 672 352 729 adversus
380 672 530 727 illum
554 675 948 730 obtinuerimus
979 694 992 731 :
1020 676 1161 731 sicut
1191 687 1246 732 et
1269 676 1400 731 illud
1424 690 1659 745 quoque,
1701 674 1842 743 quod
1879 691 1976 744 per
2031 677 2275 731 eamdem
2311 676 2376 730 ad
2421 676 2880 748 incorruptionem
2916 689 3014 729 nos
3075 674 3350 730 instaura-

92 767 190 820 vit.
247 765 401 821 Sicut
480 767 625 821 enim
674 780 771 835 per
820 766 963 820 illius
1016 768 1466 822 resurrectionem
1545 763 1895 833 corruptione
1942 766 2255 832 superiores
2306 764 2624 827 evasimus,
2687 763 2799 826 ita,
2853 760 3080 819 victoria
3164 771 3362 818 contra

95 869 393 916 tentantem
429 858 683 913 Satanam
724 874 820 929 per
845 859 992 914 illum
1034 863 1283 926 obtenta,
1334 875 1432 916 nos
1458 873 1672 931 quoque
1711 858 1946 914 victores
1979 860 2177 915 reddit.

164 952 291 1006 AZ'.
339 971 357 1002 ι
393 953 649 1022 Ἔχοντες
681 948 774 1006 οὖν
801 951 1066 1025 ἀρχιερέα
1104 954 1282 1023 ¹μέγαν
1331 952 1676 1020 διεληλυθότα
1706 967 1719 1009 1

1850 951 2118 1008 XXXVII.
2169 971 2187 1004 ι
2222 953 2490 1008 Habentes
2533 967 2666 1023 ergo
2714 951 3024 1020 pontiﬁcem
3076 966 3355 1021 magnum,

93 1040 220 1108 τοὺς
251 1040 764 1113 οὑρανοὺς,’ἰησοῦν
791 1043 883 1097 τὸν
911 1045 1040 1097 Υίὸν
1065 1043 1160 1098 τοῦ
1194 1039 1361 1110 Θεοῦ,⁵
1389 1044 1678 1115 κρατῶμεν

92 1134 192 1202 τῆς
223 1121 535 1202 ὁμολογίας.
567 1133 642 1186 Οὐ
677 1133 786 1204 γάρ
815 1133 1011 1205 ἔχομεν
1046 1135 1306 1205 ἀρχιερέα
1345 1136 1416 1205 μὴ
1455 1134 1680 1204 δυνάμε-

93 1241 182 1275 νον
213 1222 572 1292 συμπαθῆσαι
597 1225 718 1286 ταῖς
745 1219 1050 1286 ἀσθενείαις
1075 1225 1250 1294 ἡμῶν,
1283 1224 1681 1294 πεπειραμένον

93 1316 150 1368 δὲ
185 1315 330 1369 πατά
359 1313 535 1393 πάντα
571 1313 692 1366 καθ’
713 1316 1026 1385 ὁμοιότητα,
1063 1317 1231 1387 χωρὶς
1261 1316 1555 1387 ἁμαρτίας.
1580 1336 1597 1368 ι
1616 1316 1682 1369 'II

94 1408 196 1477 τῆς
228 1406 399 1477 ὀρθῆς
428 1406 662 1468 πίστεως
695 1407 956 1476 ὁμολογία
1002 1409 1300 1478 πράττεται
1346 1408 1480 1478 πρὸς
1528 1407 1684 1476 ἡμῶν

95 1500 174 1560 εἰς
201 1498 300 1551 ἕνα
329 1496 461 1550 Θεὸν
489 1497 707 1568 Πατέρα
735 1499 1154 1570 παντοκράτορα
1175 1542 1189 1564 ,
1219 1500 1312 1552 xa‘l
1343 1502 1419 1562 εἰς
1447 1499 1542 1552 ἕνα
1569 1499 1684 1553 Κύ-

97 1604 214 1656 ριον
252 1585 464 1656 Ἰησοῦν
519 1588 756 1658 Χριστὸν
801 1589 894 1642 τὸν
947 1588 1072 1641 Υίὸν
1123 1588 1329 1654 αὐτοῦ,
1382 1591 1476 1642 καὶ
1515 1591 1594 1653 είς
1627 1590 1685 1642 ἓν

97 1679 252 1745 ἅγιον
284 1677 531 1749 Πνεῦμα.
553 1678 771 1750 Ταύτης
799 1680 946 1751 ἡμᾶς
973 1680 1382 1750 τῆςὸμολογίας
1404 1681 1686 1752 ὲξέχεσθαι

95 1770 205 1823 δεῖν
250 1769 280 1822 ὁ
328 1769 617 1832 θεσπέσιος
650 1773 852 1842 γράφει
896 1771 1129 1834 Παῦλος.
1165 1771 1380 1842 Ἐπειδὴ
1429 1772 1486 1826 δέ.
1540 1776 1686 1828 ἐστιν

95 1863 550 1941 ὁμολογουμένως
574 1861 653 1928 εἷς
684 1865 810 1928 Υίὸς
838 1863 931 1918 τοῦ
965 1863 1102 1927 Θεοῦ
1136 1865 1230 1917 καὶ
1260 1865 1494 1935 Πατρὸς,
1527 1864 1688 1936 δῆλον

97 1953 154 2005 δὲ
203 1954 290 2008 ὅτι
345 1955 580 2025 Χριστὸς
615 1955 854 2025 Ἰησοῦς,
903 1956 934 2008 ὁ
992 1957 1348 2026 συμπαθῆσαι
1394 1957 1687 2026 δυνάμενος

103 2047 218 2109 ταῖς
266 2047 574 2111 ἀσθενείαις
604 2048 779 2120 ἡμῶν,
810 2049 1071 2103 καὶκατὰ
1130 2051 1310 2104 πάντα
1360 2053 1690 2122 πεπειραμέο

99 2152 189 2200 νος
237 2139 365 2192 καθ’
403 2139 718 2208 ὁμοιότητα,
768 2143 938 2212 χωρὶς
986 2141 1294 2214 ἁμαρτίας·
1355 2145 1440 2207 τίς
1488 2145 1556 2198 ἂν
1603 2148 1689 2216 εἴη

101 2229 290 2284 λοιπὸν
323 2234 352 2286 ὁ
387 2232 560 2302 μέγας
593 2232 752 2302 ἡμῶν
788 2234 1114 2305 ἀρχιερεύς;
1149 2231 1239 2306 ἆρ’
1263 2237 1361 2308 οὐχ
1393 2239 1422 2292 ὁ
1451 2237 1690 2305 γεγονὼς

104 2322 226 2374 καθ’
248 2301 421 2394 ἡμᾶς,
447 2301 623 2388 οὗτος,
639 2301 747 2378 γκαὶ
771 2301 936 2396 capiti.
955 2301 1153 2379 ⁷παθὼν
1177 2301 1376 2400 diripi;
1385 2301 1502 2400 μῶν
1517 2301 1537 2398 ;V
1559 2301 1692 2383 Τότε
1725 2301 1766 2356 Β

105 2410 212 2480 γὰρ
239 2411 399 2482 ἡμῶν
423 2413 831 2486 κεχρημάτικεν
852 2415 1165 2486 ἀρχιερεὺς,
1192 2418 1290 2488 οὐχ
1311 2417 1386 2483 ὡς
1411 2419 1696 2488 ἀλλογενὲς

106 2503 314 2558 ὀθνεῖόν
349 2522 409 2558 τε
454 2506 746 2577 προσάγων
777 2505 926 2578 θῦμα
959 2508 1101 2562 κατά
1145 2526 1208 2577 γε
1257 2510 1319 2563 τὸ
1349 2511 1538 2576 εἰωθὸς
1585 2517 1697 2576 τοῖς

108 2594 315 2660 ἄλλοις,
343 2596 458 2648 ἀλλ’
484 2595 559 2649 ὢν
587 2590 751 2663 αὐτὸς
775 2601 803 2652 ὀ
833 2600 1023 2670 ἀμνὸς,
1061 2602 1094 2669 ἠ
1126 2603 1467 2675 εὐοσμοτάτη
1513 2605 1694 2667 θυσία,

107 2687 170 2738 τὸ
214 2689 410 2755 νοητὸν
433 2688 814 2760 ὁλοκαύτωμα,
845 2693 878 2762 ἡ
913 2691 1206 2764 λαλιστατη
1248 2695 1484 2764 τρυγὼν,
1511 2699 1545 2767 ὴ
1573 2699 1700 2751 ἀκέ-

114 2794 269 2846 ραιος
316 2781 640 2848 περιστερὰ,
673 2783 699 2832 ὁ
736 2782 898 2850 ἄρτος
929 2785 956 2833 ὁ
989 2783 1118 2846 ζῶν,
1146 2785 1208 2836 τὸ
1238 2789 1473 2854 χρυσοῦν
1499 2786 1699 2855 θυμια-

110 2869 609 2940 τήριον.ιΧριστοῦ
637 2870 747 2940 γάρ
776 2873 941 2940 ἐσμεν
966 2874 1162 2926 εὐωδία
1187 2874 1264 2944 τῷ
1279 2874 1450 2944 Θεῷη
1475 2877 1614 2929 κατά
1639 2877 1700 2928 τὸ

117 2959 530 3030 γεγραμμένον.
555 2961 746 3032 ’Λθρει
768 2960 825 3015 δέ
853 2979 943 3032 μοι
963 2963 1070 3016 τῶν
1100 2965 1472 3032 ἀποστολικῶν
1485 2968 1698 3022 ἐννοιῶν

112 3050 172 3103 τὸ
202 3050 390 3121 βάθος.
418 3071 436 3104 ‹
467 3052 582 3106 Οὐκ
607 3052 827 3124 ἔχομεν,
854 3056 1042 3126 φησὶν,
1071 3059 1336 3130 ἀρχιερέα
1363 3059 1437 3130 μὴ
1466 3061 1699 3131 δυνάμε-

115 3161 206 3197 νον
229 3145 593 3216 συμπαθῆσαι
614 3149 734 3210 ταῖς
761 3147 1069 3212 ἀσθενείαις
1095 3149 1274 3220 ἡμῶν,
1299 3155 1702 3223 πεπειραμένον

114 3234 171 3286 δὲ
203 3235 348 3289 κατὰ
384 3236 562 3290 πάντα
598 3236 718 3290 καθ’
751 3239 1068 3310 ὁμοιότητα,
1097 3242 1266 3312 χωρὶς
1291 3243 1616 3314 ἁμαρτίας.»
1640 3246 1702 3298 Εί

116 3327 226 3398 γὰρ
265 3330 434 3398 μήπω
464 3329 677 3396 γέγονε,
709 3331 897 3399 φησὶν,
938 3332 1224 3400 ἄνθρωπος
1254 3335 1282 3387 ὁ
1311 3334 1407 3388 τοῦ
1435 3336 1569 3389 Θεοῦ
1600 3338 1705 3390 Λό-

117 3435 234 3486 γος,
267 3420 385 3489 ᾔδει
413 3419 533 3490 μὲν,
565 3420 682 3490 ᾔδει
711 3422 804 3473 καὶ
836 3421 982 3475 οὕτω
1023 3423 1120 3494 τὴν
1159 3426 1511 3498 ἀνθρωπίνην
1539 3430 1704 3482 ἀσθέ-

118 3527 269 3562 νειαν
309 3509 385 3572 ὡς
413 3509 757 3578 Δημιουργός
781 3526 794 3540 ’
834 3529 850 3561 t
881 3511 1050 3575 Αὐτὸς
1085 3513 1194 3580 γὰρ
1219 3514 1361 3581 ἔγνω
1393 3516 1453 3568 τὸ
1481 3515 1704 3586 πλάσμα

120 3601 301 3671 ἡμῶν,
336 3618 354 3650 ι
397 3599 536 3654 κατά
581 3601 640 3654 τὸ
674 3602 1081 3671 γεγραμμένον.
1117 3605 1256 3656 Ἀλλ’
1280 3606 1440 3677 εἴπερ
1493 3626 1546 3660 τι
1594 3608 1703 3660 τῶν

122 3691 481 3764 ἀνθρωπίνων
513 3693 606 3745 καὶ
653 3693 739 3745 ἐπ’
770 3693 934 3746 αὑτοῦ
984 3695 1150 3763 φάναι
1201 3695 1380 3765 θέμις,
1413 3695 1567 3750 οὔπω
1610 3701 1702 3753 καὶ

124 3784 201 3846 εἰς
227 3781 401 3852 αὐτὴν
427 3781 690 3851 ἐκέκλητο
719 3785 914 3853 πεῖραν
938 3780 1046 3835 τῶν
1073 3782 1357 3852 ἡμετέρων
1384 3782 1700 3838 ἀσθενειῶν.

135 3869 359 3940 Ἐπειδὴ
403 3869 458 3922 δὲ
492 3869 590 3942 τὴν
619 3870 774 3941 ἡμῶν
801 3871 1116 3941 ἠμπέσχετο
1149 3871 1347 3942 σάρκα,
1378 3873 1705 3944 πεπείραται

127 3961 270 4014 κατά
303 3961 503 4015 πάντα.
525 3962 636 4014 Καὶ
663 3964 722 4015 οὐ
753 3964 923 4034 δήπου
953 3964 1130 4034 φαμὲν
1151 3963 1224 4028 ὼς
1256 3965 1561 4035 ὴγνοηκὼς,
1580 3966 1707 4020 ἀλλ’

126 4053 206 4106 ὃτι
248 4055 318 4124 τῇ
353 4051 549 4120 γνώσει
580 4055 644 4122 τῇ
673 4053 869 4124 θεῖκῇν
905 4058 1348 4129 προῦποκειμένῃ
1379 4058 1471 4112 καὶ
1522 4059 1582 4112 τὸ
1620 4059 1710 4114 διὰ

129 4142 327 4214 πείρας
377 4141 547 4209 αὐτῆς
598 4141 795 4212 συνέϐη
836 4143 1046 4211 μαθεῖν.
1076 4146 1268 4214 Γέγονε
1316 4148 1373 4199 δὲ
1419 4149 1710 4220 συμπαθὴς

125 4235 227 4288 οὐκ
252 4234 367 4288 ἀπό
393 4251 456 4302 γε
484 4233 579 4286 τοῦ
611 4235 981 4303 πεπειρᾶσθαί
1012 4236 1175 4290 ποθεν
1201 4255 1212 4266 ·
1245 4233 1312 4307 ἦν
1337 4239 1443 4308 γὰρ
1465 4239 1712 4309 ἐλεήμων

133 4327 315 4395 φύσει,
352 4326 446 4379 καὶ
471 4323 638 4388 ἔστιν,
669 4324 742 4388 ὡς
771 4326 904 4389 Θεός
925 4342 941 4359 ο
971 4327 1158 4398 ἐπειδὴ
1183 4327 1239 4380 δὲ
1280 4329 1418 4398 μετά
1450 4327 1541 4381 τοῦ
1570 4325 1712 4383 εἶναι

130 4419 158 4470 ὃ
194 4420 336 4482 ἐστι,
369 4415 559 4484 γέγονε
606 4415 700 4468 καὶ
748 4417 870 4470 καθ’
901 4419 1067 4487 ἡμᾶς,
1103 4420 1584 4489 ἀνθρωποπρεπῶς
1620 4421 1714 4472 καὶ

132 4510 305 4564 ταῦτα
363 4508 578 4574 λέγεται
629 4508 756 4577 περὶ
802 4508 987 4564 αὑτοῦ.
1019 4510 1278 4579 Διαϐἧναι
1319 4510 1377 4561 δέ
1411 4527 1545 4579 φησι
1588 4511 1714 4572 τοὺς

132 4603 394 4674 οὐρανοὺς
424 4599 586 4652 αὑτὸν
625 4600 950 4669 σωματικῶς
995 4619 1052 4653 τε
1101 4602 1215 4671 ἃμα
1250 4603 1341 4653 καὶ
1375 4601 1710 4670 θεοπρεπῶς.

138 4714 156 4744 ι
183 4694 378 4763 ’Δνέϐη
407 4692 503 4762 μὲν
536 4691 664 4761 γὰρ,
697 4692 771 4753 ὡς
807 4694 970 4755 αὐτὸς
1012 4693 1113 4745 πού
1147 4711 1309 4764 φησιν
1345 4695 1372 4745 ὁ
1409 4693 1714 4762 σοφώτατος

137 4786 373 4849 Παῦλος,
403 4784 498 4838 νῦν
540 4784 942 4853 ἐμφανισθῆναι
988 4785 1065 4854 τῷ
1117 4786 1395 4857 προσώπῳ
1441 4787 1534 4838 τοῦ
1581 4787 1714 4839 Θεοῦ

136 4883 274 4956 ὑπὲρ
307 4879 486 4951 ήμῶν.
519 4897 537 4930 ι
569 4876 739 4930 Δίεισί
771 4893 833 4943 γε
877 4875 983 4945 μὴν
1015 4877 1107 4929 καὶ
1149 4878 1270 4930 καθ’
1303 4878 1488 4949 ἕτερον
1517 4866 1726 4950 τρόπον’

136 4976 260 5038 τοὺς
312 4973 594 5044 οὐρανοὺς,
643 4966 971 5039 ἡττωμένων
1036 4966 1277 5037 δηλονότι
1335 4971 1428 5023 καὶ
1492 4970 1717 5024 κατόπιν

135 5066 328 5119 ἰόντων
375 5063 476 5134 τῆς
530 5060 688 5132 δόξης
745 5057 910 5113 αὑτοῦ
960 5057 1068 5108 τῶν
1117 5059 1404 5129 μακαρίων
1450 5062 1716 5129 ἀγγέλων.

141 5159 300 5210 Ἔστι
342 5158 472 5227 γὰρ,
510 5176 528 5208 ‹
567 5155 714 5210 ἔστιν
746 5153 816 5218 ὡς
864 5151 994 5214 Θεὸς
1020 5151 1274 5221 ὑπεράνω
1308 5153 1488 5221 πάσης
1521 5154 1720 5224 ’Λρχῆς

142 5249 234 5300 καὶ
269 5248 546 5312 Ἐξουσίας
573 5266 633 5302 τε
664 5248 757 5302 καὶ
782 5247 1136 5317 κυριότητος,
1168 5245 1262 5296 καὶ
1291 5243 1489 5307 παντὸς
1519 5245 1720 5314 ὀνόμα-

142 5357 226 5402 τος
254 5339 683 5410 ὀνομαζομένου,
715 5342 823 5394 εἴτε
861 5343 918 5394 ἐν
962 5338 1039 5408 τῷ
1085 5338 1238 5390 αἰῶνι
1280 5334 1476 5404 τούτῳ,
1518 5337 1626 5388 εἴτε
1661 5339 1720 5389 ἐν

143 5430 218 5502 τῷ
250 5432 520 5501 μέλλοντι.
553 5449 572 5482 ι
625 5433 938 5504 Συνεδρειὶει
973 5433 1080 5502 γὰρ
1108 5429 1182 5492 ὡς
1212 5427 1338 5489 Υἱὸς
1363 5426 1441 5496 τῷ
1467 5427 1579 5496 ἰδίῳ
1607 5428 1716 5479 Πα-

213 5585 260 5619 ⁷³
294 5583 457 5639 Hebr.
487 5599 560 5647 tv,
602 5585 686 5649 Η,
719 5586 800 5639 I5.

1781 1047 1872 1115 qui
1912 1045 2218 1113 penetravit
2261 1044 2451 1108 caelos,
2484 1043 2666 1101 Iesum
2697 1042 2890 1098 Filium
2937 1042 3050 1107 Dei,
3081 1050 3360 1098 teneamus

1782 1137 2200 1191 confessionem.
2242 1136 2356 1190 Non
2405 1135 2550 1191 enim
2593 1135 2854 1191 habemus
2899 1134 3230 1206 pontiﬁcem,
3264 1135 3360 1204 qui

1784 1241 1887 1282 non
1937 1230 2107 1296 possit
2151 1227 2391 1298 compati
2440 1226 2848 1283 infirmitatibus
2894 1225 3100 1282 nostris
3135 1242 3148 1279 :
3183 1236 3360 1281 tenta-

1786 1327 1899 1372 tum
1957 1328 2138 1375 autcm
2182 1335 2280 1391 per
2342 1319 2530 1375 omnia
2591 1318 2888 1374 secundum
2951 1316 3366 1373 similitudinem

1785 1410 2000 1485 absque
2023 1419 2250 1481 peccato
2277 1411 2346 1465 ⁷³.
2378 1429 2398 1462 ι
2434 1409 2520 1465 Fit
2549 1425 2577 1462 a
2608 1409 2766 1465 nobis
2799 1419 2964 1464 rectae
2995 1408 3116 1463 ﬁdei
3150 1406 3365 1462 confes-

1786 1500 1890 1565 sio,
1928 1515 2121 1572 nempe
2166 1509 2230 1556 ut
2277 1501 2568 1556 credamus
2616 1500 2668 1555 in
2719 1515 2888 1554 unum
2930 1498 3097 1554 Deum
3143 1497 3362 1555 Patrem

1786 1593 2232 1662 omnipotentem,
2276 1601 2332 1646 et
2366 1592 2420 1646 in
2459 1606 2627 1646 ttnum
2656 1590 2940 1647 Dominum
2973 1586 3163 1645 Iesum
3201 1587 3364 1642 Chri-

1787 1695 1933 1740 stum
1972 1684 2165 1739 Filium
2196 1684 2342 1753 eius.
2383 1693 2437 1739 et
2474 1683 2527 1738 in
2579 1698 2744 1737 unum
2781 1681 3046 1752 Spiritum
3093 1688 3363 1761 sanctum.

1788 1777 1964 1848 IIujus
1997 1787 2177 1833 autem
2226 1776 2345 1830 lidei
2397 1774 2728 1830 confessioni
2765 1773 3032 1828 inlmrere
3073 1786 3175 1826 nos
3199 1784 3365 1842 opor-

1791 1879 1908 1924 tere
1945 1869 2160 1925 divinus
2180 1868 2386 1922 Paulus
2425 1868 2704 1921 admonet.
2749 1863 3018 1931 Quoniam
3046 1877 3180 1918 vero
3213 1871 3377 1917 certo.

1790 1967 2008 2016 constat
2085 1976 2252 2015 unum
2299 1960 2563 2014 duntaxat
2610 1973 2730 2013 esse
2778 1957 2872 2011 Dei
2918 1955 3097 2010 Patris
3146 1954 3372 2017 Filium,

1789 2066 1987 2121 nempe
2026 2053 2304 2108 Christum
2342 2051 2552 2117 Jesum,
2583 2052 2676 2120 qui
2709 2062 2766 2104 et
2800 2049 3004 2104 nostris
3035 2045 3375 2103 inﬁrmitati-

1793 2142 1895 2198 bus
1924 2144 2163 2212 compati
2196 2153 2401 2212 poteSt,
2433 2154 2488 2197 et
2522 2157 2618 2212 per
2643 2141 2824 2196 omnia
2859 2139 3156 2197 secundum
3190 2136 3375 2193 simili-

1795 2236 2034 2290 tudinem
2064 2236 2265 2304 absque
2295 2243 2518 2305 peccato
2553 2243 2794 2288 tentatus
2836 2242 2955 2297 est;
2984 2231 3106 2301 quis
3151 2231 3377 2286 tandem

1799 2341 2024 2396 magnus
2066 2326 2155 2381 ille
2188 2326 2427 2395 pontifex
2496 2334 2681 2380 ttester
2719 2322 2844 2379 est?
2889 2325 3080 2378 Annon
3123 2329 3211 2379 est
3265 2320 3375 2386 hic,

1798 2417 1890 2486 qui
1933 2417 2075 2473 sicut
2104 2425 2160 2472 et
2190 2431 2290 2472 nos
2323 2431 2450 2472 vere
2482 2417 2659 2471 factus
2706 2425 2814 2478 est,
2855 2423 2910 2469 et
2951 2415 3005 2470 in
3045 2427 3212 2470 carne
3239 2427 3368 2492 pro-

1799 2520 1920 2581 pter
1950 2523 2050 2566 nos
2077 2510 2242 2564 etiam
2275 2509 2510 2580 passus?
2542 2507 2694 2563 Tunc
2722 2507 2867 2562 enim
2899 2506 3172 2577 pontiﬁcis
3205 2505 3376 2561 nostri

1803 2600 2013 2656 titulum
2055 2602 2400 2671 assumpsit:
2435 2615 2539 2654 non
2588 2600 2659 2654 ita
2699 2608 2900 2662 tamen,
2930 2608 2989 2652 ut
3017 2598 3245 2653 aliorum
3289 2612 3380 2652 sa-

1800 2690 2079 2745 cerdotum
2117 2705 2286 2754 more,
2342 2700 2651 2755 externum,
2687 2690 2788 2743 hoc
2827 2697 2932 2752 est,
2978 2703 3007 2740 a
3051 2702 3112 2742 se
3145 2687 3382 2741 alienum

1800 2781 2128 2835 sacriﬁcium
2182 2780 2440 2834 obtulerit
2484 2781 2626 2834 :sed
2685 2781 2800 2848 ipse
2837 2780 2937 2833 fuit
3001 2794 3207 2848 agnus,
3268 2779 3385 2848 ipse

1804 2870 2237 2940 fragrantissima
2281 2869 2369 2924 illa
2408 2870 2585 2924 hostia
2619 2881 2673 2924 et
2708 2871 2955 2941 spiritale
2981 2856 3379 2934 holocautoma,

1801 2972 1852 3014 ot
1877 2963 1993 3031 ipse
2017 2969 2196 3015 turtur
2224 2960 2311 3014 ille
2337 2961 2736 3030 gemebundus,
2765 2971 2821 3016 et
2842 2961 3071 3031 simplex
3096 2961 3380 3025 columba;

1805 3055 1920 3123 ipse
1965 3052 2121 3122 panis
2168 3054 2343 3117 vivus,
2384 3062 2439 3106 ct
2477 3053 2808 3108 thuribulum
2850 3070 3093 3111 aureum.
3130 3072 3150 3107 ‹
3178 3053 3384 3110 Christi

1804 3145 1947 3200 enim
1991 3145 2161 3199 bonus
2209 3145 2342 3198 odor
2380 3158 2570 3198 sumus
2603 3142 2712 3198 Deo
2732 3144 2852 3176 7""
2873 3183 2888 3208 ,
2919 3162 2938 3195 ι
2972 3154 3030 3197 ut
3070 3145 3241 3200 sacris
3273 3144 3389 3200 Lit-

1808 3238 1939 3293 teris
1992 3237 2264 3307 proditum
2313 3245 2418 3290 est.
2502 3234 2675 3291 Porro
2737 3235 3050 3305 apostolica:
3105 3237 3390 3292 sententiae

1805 3328 2226 3402 profunditatem
2260 3328 2351 3383 hic
2391 3321 2963 3400 diligenterobserva.
3015 3346 3034 3378 ‹
3069 3327 3181 3382 Non
3219 3327 3389 3384 habe-

1809 3437 1969 3484 mus,
2021 3419 2233 3489 inquit,
2280 3419 2590 3489 pontificem
2647 3420 2736 3487 qui
2781 3433 2888 3473 non
2932 3421 3109 3490 possit
3153 3421 3390 3490 compati

1808 3514 2213 3569 infirmitatibus
2257 3501 2483 3574 nostris,
2522 3518 2789 3564 tentatum
2831 3520 3010 3563 autem
3069 3525 3167 3580 per
3206 3513 3390 3566 omnia

1807 3605 2105 3661 secundum
2161 3603 2574 3659 similitudinem
2623 3600 2829 3670 absque
2883 3610 3128 3671 peccato.
3166 3620 3184 3654 ι
3224 3602 3392 3675 159

1809 3691 2136 3760 Antequam,
2179 3687 2273 3751 ait,
2326 3688 2416 3742 Dei
2471 3685 2705 3741 Verbum
2757 3686 2920 3742 homo
2968 3686 3170 3742 factum
3218 3698 3388 3750 esset,

1814 3779 2064 3832 humana:
2092 3787 2276 3832 tamen
2302 3786 2505 3830 natura:
2531 3774 2897 3830 inﬁrmitatem
2925 3785 3175 3844 tanquam
3205 3792 3388 3833 rerum

1813 3869 2074 3925 Conditor
2119 3879 2313 3924 exacte
2352 3868 2692 3938 exploratam
2737 3867 2990 3925 habebat.
3024 3885 3044 3920 ι
3077 3868 3193 3941 Ipse
3220 3871 3394 3939 enim,

1817 3973 1875 4017 ut
1907 3962 2172 4032 scripturn
2207 3972 2309 4028 est,
2349 3962 2666 4034 ﬁgmentum
2707 3972 2948 4018 nostrum
2990 3963 3332 4033 cognovit".
3366 3983 3385 4016 ι

1817 4055 2169 4112 Verumenim
2210 4071 2356 4120 vero,
2423 4064 2482 4110 ut
2515 4055 2752 4110 maxime
2796 4064 3004 4124 nosset,
3041 4057 3278 4112 nondum
3308 4066 3394 4112 ta-

1819 4165 1942 4205 men
1992 4152 2074 4218 (ut
2126 4148 2328 4217 aliquid
2390 4148 2609 4203 interim
2668 4147 2964 4203 humanum
3012 4149 3169 4205 nobis
3218 4150 3286 4206 de
3326 4165 3397 4206 eo

1818 4243 2141 4311 depromere
2176 4239 2378 4306 liceat),
2413 4242 2673 4308 nondum,
2716 4242 2958 4312 inquam,
2999 4253 3214 4298 nostros
3244 4259 3396 4300 rnor-

1819 4332 1921 4388 bos
1973 4333 2308 4403 experientia
2354 4343 2812 4400 cognoveratzat
2860 4350 2988 4391 vero
3043 4345 3395 4406 posteaquam

1820 4438 2041 4479 carnem
2078 4433 2318 4478 nostram
2355 4425 2547 4488 induit,
2576 4426 2758 4481 omnia
2793 4437 3051 4498 expertus
3081 4438 3184 4484 est.
3210 4428 3398 4498 Neque

1823 4526 2005 4570 tamen
2054 4515 2287 4570 dicimus
2352 4527 2509 4570 antea
2561 4519 2856 4588 quidquam
2931 4519 3154 4575 omnino
3204 4537 3394 4576 eorum

1821 4606 2063 4663 omnium
2102 4606 2404 4676 ignorasse,
2431 4607 2524 4664 sed
2563 4609 2810 4665 scientiae
2845 4610 3041 4666 divina:
3073 4627 3232 4680 quam
3258 4614 3399 4667 obti-

1825 4699 2008 4762 nebat,
2035 4713 2156 4752 eam
2185 4713 2400 4767 quoque
2434 4700 2704 4764 notitiam,
2740 4699 2900 4769 quat’n
2931 4701 3081 4757 aﬂ'ert
3109 4705 3398 4772 experien-

1827 4789 1923 4854 tia,
1977 4803 2300 4843 accesstsse.
2375 4787 2556 4857 Itaque
2609 4789 2701 4844 Dei
2765 4790 3001 4846 Verbum
3049 4793 3249 4845 factum
3314 4803 3402 4847 est

1826 4882 2200 4950 contpatiens,
2262 4897 2365 4934 non
2404 4881 2546 4950 quod
2597 4896 2716 4935 eam
2764 4882 3124 4953 sympathiam
3171 4897 3236 4936 ex
3285 4883 3398 4953 ipsa

1755 5003 1796 5058 ο
1825 4979 2041 5033 demum
2078 4977 2378 5030 tentatione
2404 4975 2484 5030 vel
2511 4975 2846 5045 experientia
2874 4974 3229 5042 assumpserit
3257 4977 3401 5045 (erat

1825 5068 1971 5124 enim
1999 5069 2111 5137 jam
2163 5078 2289 5122 ante
2317 5076 2372 5121 et
2419 5075 2504 5122 est
2536 5075 2727 5134 suapte
2759 5072 2948 5118 natura
2993 5064 3306 5122 misericors
3343 5080 3402 5122 ut

1829 5159 2017 5228 Deus),
2052 5162 2144 5214 sed
2190 5161 2313 5228 quia
2349 5167 2694 5227 posteaquam
2735 5156 2836 5209 hoc
2864 5155 3040 5224 ipsum
3072 5158 3214 5229 quod
3254 5169 3398 5221 erat.

1825 5258 2143 5306 constanter
2177 5264 2421 5310 mancus,
2465 5245 2664 5300 factum
2696 5255 2781 5319 est
2821 5247 2989 5303 etiam
3031 5249 3194 5306 homo
3219 5251 3396 5310 nostri

1826 5341 2045 5406 similis,
2084 5354 2148 5393 ea
2193 5349 2317 5408 apte
2360 5337 2529 5392 etiam
2566 5338 2633 5394 de
2668 5336 2756 5392 illo
2799 5338 3140 5394 al'ﬁrmantur
3185 5355 3302 5409 qua:
3343 5340 3396 5393 in

1828 5439 2078 5485 naturam
2121 5430 2408 5483 humanam
2440 5432 2791 5488 conveniunt.
2833 5432 3040 5488 Dicitur
3066 5445 3192 5489 vero
3229 5430 3399 5488 caios

877 5587 998 5618 7"“
1033 5586 1071 5639 ll
1100 5585 1223 5639 (Zur.
1258 5581 1428 5646 ".15.
1504 5581 1552 5611 ⁷⁸
1591 5580 1733 5635 Psal.
1763 5598 1859 5647 Cll,
1895 5584 1980 5637 M.

1253 5739 1426 5796 Varia:
1458 5737 1721 5795 lectiones
1752 5739 1958 5796 codicns
1993 5739 2355 5813 Seguicriani.

223 5891 250 5919 '
281 5879 599 5937 θεοποεπεῖ.

463 5975 737 6036 Parnm“
787 5975 902 6034 Gn.
971 5976 1221 6038 LXXVI.

3002 5978 3081 6040 44
