  <div class='ocr_page' id='page_1' title='image "/cluster/home/n/w/nwhite01/storage/ocr_20150623/76/uva.x030486937/703.png"; bbox 0 0 4116 6484; ppageno 0'>
   <div class='ocr_carea' id='block_1_1' title="bbox 771 399 914 458">
    <p class='ocr_par' dir='ltr' id='par_1_1' title="bbox 771 399 914 458">
     <span class='ocr_line' id='line_1_1' title="bbox 771 399 914 458; baseline -0.014 0"><span class='ocrx_word' id='word_1_1' title='bbox 771 399 914 458; x_wconf 74' lang='grc'><strong>138⁸1</strong></span> 
     </span>
    </p>
   </div>
   <div class='ocr_carea' id='block_1_2' title="bbox 1760 400 3004 461">
    <p class='ocr_par' dir='ltr' id='par_1_2' title="bbox 1760 400 3004 461">
     <span class='ocr_line' id='line_1_2' title="bbox 1760 400 3004 461; baseline 0.002 -2"><span class='ocrx_word' id='word_1_2' title='bbox 1760 405 1815 460; x_wconf 90' lang='lat' dir='ltr'><strong>S.</strong></span> <span class='ocrx_word' id='word_1_3' title='bbox 1862 400 2141 460; x_wconf 78' lang='lat' dir='ltr'><strong>CYRILL’I</strong></span> <span class='ocrx_word' id='word_1_4' title='bbox 2183 401 2652 460; x_wconf 71' lang='lat' dir='ltr'><strong>ALEXANDRINI</strong></span> <span class='ocrx_word' id='word_1_5' title='bbox 2693 400 3004 461; x_wconf 73' lang='lat' dir='ltr'><strong>ARCIIIEP.</strong></span> 
     </span>
    </p>
   </div>
   <div class='ocr_carea' id='block_1_3' title="bbox 3899 398 4022 460">
    <p class='ocr_par' dir='ltr' id='par_1_3' title="bbox 3899 398 4022 460">
     <span class='ocr_line' id='line_1_3' title="bbox 3899 398 4022 460; baseline 0.065 -8"><span class='ocrx_word' id='word_1_6' title='bbox 3899 398 3923 452; x_wconf 75' lang='lat' dir='ltr'><strong>l</strong></span> <span class='ocrx_word' id='word_1_7' title='bbox 3932 402 4022 460; x_wconf 64' lang='lat'>387:3</span> 
     </span>
    </p>
   </div>
   <div class='ocr_carea' id='block_1_4' title="bbox 765 513 2343 589">
    <p class='ocr_par' dir='ltr' id='par_1_4' title="bbox 765 517 2337 588">
     <span class='ocr_line' id='line_1_4' title="bbox 765 517 2337 588; baseline -0.003 -13"><span class='ocrx_word' id='word_1_8' title='bbox 765 526 1085 588; x_wconf 72' lang='lat' dir='ltr'><strong>penetrasse</strong></span> <span class='ocrx_word' id='word_1_9' title='bbox 1123 525 1179 572; x_wconf 89' lang='lat' dir='ltr'><strong>et</strong></span> <span class='ocrx_word' id='word_1_10' title='bbox 1230 517 1588 588; x_wconf 73' lang='lat' dir='ltr'><strong>corporaliter</strong></span> <span class='ocrx_word' id='word_1_11' title='bbox 1627 519 1786 572; x_wconf 85' lang='lat' dir='ltr'><strong>simul</strong></span> <span class='ocrx_word' id='word_1_12' title='bbox 1825 528 1882 572; x_wconf 87' lang='lat' dir='ltr'><strong>et</strong></span> <span class='ocrx_word' id='word_1_13' title='bbox 1923 519 2178 573; x_wconf 87' lang='lat' dir='ltr'><strong>decenter</strong></span> <span class='ocrx_word' id='word_1_14' title='bbox 2210 517 2337 571; x_wconf 78' lang='lat' dir='ltr'><strong>Deo.</strong></span> 
     </span>
    </p>
   </div>
   <div class='ocr_carea' id='block_1_5' title="bbox 2446 513 3708 589">
    <p class='ocr_par' dir='ltr' id='par_1_5' title="bbox 2448 513 3708 589">
     <span class='ocr_line' id='line_1_5' title="bbox 2448 513 3708 589; baseline -0.004 -18"><span class='ocrx_word' id='word_1_15' title='bbox 2448 519 2561 589; x_wconf 66' lang='grc' dir='ltr'>τρὶ,</span> <span class='ocrx_word' id='word_1_16' title='bbox 2595 519 2688 571; x_wconf 69' lang='grc' dir='ltr'><strong>καὶ</strong></span> <span class='ocrx_word' id='word_1_17' title='bbox 2720 519 2768 571; x_wconf 82' lang='grc' dir='ltr'><strong>εἱ</strong></span> <span class='ocrx_word' id='word_1_18' title='bbox 2797 518 2984 587; x_wconf 88' lang='grc' dir='ltr'>γέγονε</span> <span class='ocrx_word' id='word_1_19' title='bbox 3018 515 3138 569; x_wconf 83' lang='grc' dir='ltr'>καθ’</span> <span class='ocrx_word' id='word_1_20' title='bbox 3171 517 3317 586; x_wconf 80' lang='grc' dir='ltr'>ἡμᾶς</span> <span class='ocrx_word' id='word_1_21' title='bbox 3340 513 3708 584; x_wconf 79' lang='grc' dir='ltr'><strong>οἰκονομικῶς</strong></span> 
     </span>
    </p>
   </div>
   <div class='ocr_carea' id='block_1_6' title="bbox 765 605 4023 679">
    <p class='ocr_par' dir='ltr' id='par_1_6' title="bbox 765 605 4023 679">
     <span class='ocr_line' id='line_1_6' title="bbox 765 605 4023 679; baseline -0.002 -16"><span class='ocrx_word' id='word_1_22' title='bbox 765 607 902 663; x_wconf 83' lang='lat' dir='ltr'><strong>Nam</strong></span> <span class='ocrx_word' id='word_1_23' title='bbox 935 607 1455 678; x_wconf 79' lang='lat' dir='ltr'><strong>utsapientissimus</strong></span> <span class='ocrx_word' id='word_1_24' title='bbox 1477 607 1672 662; x_wconf 84' lang='lat' dir='ltr'><strong>Paulus</strong></span> <span class='ocrx_word' id='word_1_25' title='bbox 1699 617 1899 671; x_wconf 92' lang='lat' dir='ltr'><strong>monet,</strong></span> <span class='ocrx_word' id='word_1_26' title='bbox 1941 627 1958 658; x_wconf 75' lang='grc' dir='ltr'><strong>ι</strong></span> <span class='ocrx_word' id='word_1_27' title='bbox 1989 608 2269 673; x_wconf 80' lang='lat' dir='ltr'><strong>Ascendit,</strong></span> <span class='ocrx_word' id='word_1_28' title='bbox 2303 614 2361 661; x_wconf 85' lang='grc' dir='ltr'><strong>ιιι</strong></span> <span class='ocrx_word' id='word_1_29' title='bbox 2394 620 2650 679; x_wconf 82' lang='lat' dir='ltr'><strong>appareat</strong></span> <span class='ocrx_word' id='word_1_30' title='bbox 2717 625 2859 665; x_wconf 90' lang='lat' dir='ltr'><strong>nunc</strong></span> <span class='ocrx_word' id='word_1_31' title='bbox 2879 609 3044 663; x_wconf 90' lang='lat' dir='ltr'><strong>vultui</strong></span> <span class='ocrx_word' id='word_1_32' title='bbox 3076 609 3166 664; x_wconf 85' lang='lat' dir='ltr'><strong>Dei</strong></span> <span class='ocrx_word' id='word_1_33' title='bbox 3208 623 3305 678; x_wconf 91' lang='lat' dir='ltr'><strong>pro</strong></span> <span class='ocrx_word' id='word_1_34' title='bbox 3330 608 3489 663; x_wconf 88' lang='lat' dir='ltr'><strong>nobis</strong></span> <span class='ocrx_word' id='word_1_35' title='bbox 3510 607 3579 660; x_wconf 86' lang='lat'><strong>&quot;.</strong></span> <span class='ocrx_word' id='word_1_36' title='bbox 3617 627 3638 660; x_wconf 74' lang='grc' dir='ltr'><strong>ι</strong></span> <span class='ocrx_word' id='word_1_37' title='bbox 3677 605 3824 674; x_wconf 83' lang='lat' dir='ltr'><strong>Quin</strong></span> <span class='ocrx_word' id='word_1_38' title='bbox 3848 617 3904 662; x_wconf 82' lang='lat' dir='ltr'><strong>et</strong></span> <span class='ocrx_word' id='word_1_39' title='bbox 3931 609 4023 659; x_wconf 78' lang='lat' dir='ltr'><strong>alm</strong></span> 
     </span>
    </p>
   </div>
   <div class='ocr_carea' id='block_1_7' title="bbox 766 701 4000 774">
    <p class='ocr_par' dir='ltr' id='par_1_7' title="bbox 766 701 4000 774">
     <span class='ocr_line' id='line_1_7' title="bbox 766 701 4000 774; baseline 0 -20"><span class='ocrx_word' id='word_1_40' title='bbox 766 716 980 771; x_wconf 87' lang='lat' dir='ltr'><strong>quoque</strong></span> <span class='ocrx_word' id='word_1_41' title='bbox 1025 716 1188 757; x_wconf 89' lang='lat' dir='ltr'><strong>sensu</strong></span> <span class='ocrx_word' id='word_1_42' title='bbox 1246 701 1415 757; x_wconf 63' lang='lat' dir='ltr'><strong>celos</strong></span> <span class='ocrx_word' id='word_1_43' title='bbox 1467 704 1864 757; x_wconf 83' lang='lat' dir='ltr'><strong>transcendisse</strong></span> <span class='ocrx_word' id='word_1_44' title='bbox 1907 704 2142 768; x_wconf 87' lang='lat' dir='ltr'><strong>dicitur,</strong></span> <span class='ocrx_word' id='word_1_45' title='bbox 2193 705 2334 769; x_wconf 86' lang='lat' dir='ltr'><strong>quod</strong></span> <span class='ocrx_word' id='word_1_46' title='bbox 2371 704 2655 759; x_wconf 84' lang='lat' dir='ltr'><strong>beatorum</strong></span> <span class='ocrx_word' id='word_1_47' title='bbox 2700 706 3016 772; x_wconf 70' lang='lat' dir='ltr'><strong>angelorum</strong></span> <span class='ocrx_word' id='word_1_48' title='bbox 3085 705 3313 774; x_wconf 76' lang='lat' dir='ltr'><strong>gloriam</strong></span> <span class='ocrx_word' id='word_1_49' title='bbox 3366 702 3527 774; x_wconf 81' lang='lat' dir='ltr'><strong>longo</strong></span> <span class='ocrx_word' id='word_1_50' title='bbox 3558 714 3690 772; x_wconf 90' lang='lat' dir='ltr'><strong>post</strong></span> <span class='ocrx_word' id='word_1_51' title='bbox 3761 717 3823 756; x_wconf 85' lang='lat' dir='ltr'><strong>se</strong></span> <span class='ocrx_word' id='word_1_52' title='bbox 3867 704 4000 756; x_wconf 85' lang='lat' dir='ltr'><strong>inter</strong></span> 
     </span>
    </p>
   </div>
   <div class='ocr_carea' id='block_1_8' title="bbox 765 794 4024 868">
    <p class='ocr_par' dir='ltr' id='par_1_8' title="bbox 765 794 4024 868">
     <span class='ocr_line' id='line_1_8' title="bbox 765 794 4024 868; baseline 0 -19"><span class='ocrx_word' id='word_1_53' title='bbox 765 795 909 852; x_wconf 87' lang='lat' dir='ltr'><strong>vallo</strong></span> <span class='ocrx_word' id='word_1_54' title='bbox 947 794 1231 866; x_wconf 86' lang='lat' dir='ltr'><strong>reliquisse</strong></span> <span class='ocrx_word' id='word_1_55' title='bbox 1265 805 1416 852; x_wconf 91' lang='lat' dir='ltr'><strong>certo</strong></span> <span class='ocrx_word' id='word_1_56' title='bbox 1463 796 1814 866; x_wconf 81' lang='lat' dir='ltr'><strong>dignoscatur</strong></span> <span class='ocrx_word' id='word_1_57' title='bbox 1850 815 1863 850; x_wconf 92' lang='lat'>:</span> <span class='ocrx_word' id='word_1_58' title='bbox 1896 797 2330 865; x_wconf 86' lang='lat' dir='ltr'><strong>quandoquidem</strong></span> <span class='ocrx_word' id='word_1_59' title='bbox 2372 807 2432 853; x_wconf 92' lang='lat' dir='ltr'><strong>ut</strong></span> <span class='ocrx_word' id='word_1_60' title='bbox 2471 799 2612 854; x_wconf 89' lang='lat' dir='ltr'><strong>Deus</strong></span> <span class='ocrx_word' id='word_1_61' title='bbox 2644 818 2663 850; x_wconf 79' lang='grc' dir='ltr'><strong>ι</strong></span> <span class='ocrx_word' id='word_1_62' title='bbox 2694 800 2870 868; x_wconf 89' lang='lat' dir='ltr'><strong>Super</strong></span> <span class='ocrx_word' id='word_1_63' title='bbox 2891 815 3106 856; x_wconf 88' lang='lat' dir='ltr'><strong>omnem</strong></span> <span class='ocrx_word' id='word_1_64' title='bbox 3139 810 3221 855; x_wconf 93' lang='lat' dir='ltr'><strong>est</strong></span> <span class='ocrx_word' id='word_1_65' title='bbox 3251 798 3629 868; x_wconf 82' lang='lat' dir='ltr'><strong>Principatum</strong></span> <span class='ocrx_word' id='word_1_66' title='bbox 3703 808 3762 851; x_wconf 91' lang='lat' dir='ltr'><strong>et</strong></span> <span class='ocrx_word' id='word_1_67' title='bbox 3788 796 4024 852; x_wconf 79' lang='lat' dir='ltr'><strong>Potesta-</strong></span> 
     </span>
    </p>
   </div>
   <div class='ocr_carea' id='block_1_9' title="bbox 766 887 4025 957">
    <p class='ocr_par' dir='ltr' id='par_1_9' title="bbox 766 887 4025 957">
     <span class='ocr_line' id='line_1_9' title="bbox 766 887 4025 957; baseline -0 -15"><span class='ocrx_word' id='word_1_68' title='bbox 766 897 874 944; x_wconf 89' lang='lat' dir='ltr'><strong>tem</strong></span> <span class='ocrx_word' id='word_1_69' title='bbox 908 898 962 941; x_wconf 89' lang='lat' dir='ltr'><strong>et</strong></span> <span class='ocrx_word' id='word_1_70' title='bbox 989 887 1526 952; x_wconf 88' lang='lat' dir='ltr'><strong>Dominationem,et</strong></span> <span class='ocrx_word' id='word_1_71' title='bbox 1558 903 1721 944; x_wconf 91' lang='lat' dir='ltr'><strong>omne</strong></span> <span class='ocrx_word' id='word_1_72' title='bbox 1787 904 1984 943; x_wconf 88' lang='lat' dir='ltr'><strong>nomen</strong></span> <span class='ocrx_word' id='word_1_73' title='bbox 2027 890 2171 957; x_wconf 87' lang='lat' dir='ltr'><strong>quod</strong></span> <span class='ocrx_word' id='word_1_74' title='bbox 2212 889 2520 947; x_wconf 88' lang='lat' dir='ltr'><strong>nominatur</strong></span> <span class='ocrx_word' id='word_1_75' title='bbox 2588 908 2694 947; x_wconf 92' lang='lat' dir='ltr'><strong>non</strong></span> <span class='ocrx_word' id='word_1_76' title='bbox 2739 891 2913 948; x_wconf 89' lang='lat' dir='ltr'><strong>solum</strong></span> <span class='ocrx_word' id='word_1_77' title='bbox 2954 895 3007 948; x_wconf 93' lang='lat' dir='ltr'><strong>in</strong></span> <span class='ocrx_word' id='word_1_78' title='bbox 3057 893 3160 948; x_wconf 87' lang='lat' dir='ltr'><strong>hoc</strong></span> <span class='ocrx_word' id='word_1_79' title='bbox 3229 891 3450 957; x_wconf 71' lang='lat' dir='ltr'><strong>saeculo,</strong></span> <span class='ocrx_word' id='word_1_80' title='bbox 3499 891 3595 945; x_wconf 88' lang='lat' dir='ltr'><strong>sed</strong></span> <span class='ocrx_word' id='word_1_81' title='bbox 3641 889 3816 942; x_wconf 88' lang='lat' dir='ltr'><strong>etiam</strong></span> <span class='ocrx_word' id='word_1_82' title='bbox 3867 889 3920 942; x_wconf 91' lang='lat' dir='ltr'><strong>in</strong></span> <span class='ocrx_word' id='word_1_83' title='bbox 3954 889 4025 940; x_wconf 75' lang='lat' dir='ltr'><strong>fu-</strong></span> 
     </span>
    </p>
   </div>
   <div class='ocr_carea' id='block_1_10' title="bbox 765 979 4026 1055">
    <p class='ocr_par' dir='ltr' id='par_1_10' title="bbox 765 979 4026 1055">
     <span class='ocr_line' id='line_1_10' title="bbox 765 979 4026 1055; baseline 0 -20"><span class='ocrx_word' id='word_1_84' title='bbox 765 991 886 1036; x_wconf 93' lang='lat' dir='ltr'><strong>turo</strong></span> <span class='ocrx_word' id='word_1_85' title='bbox 905 979 971 1036; x_wconf 79' lang='lat'><strong>&quot;.</strong></span> <span class='ocrx_word' id='word_1_86' title='bbox 1005 999 1024 1033; x_wconf 72' lang='grc' dir='ltr'><strong>ι</strong></span> <span class='ocrx_word' id='word_1_87' title='bbox 1085 979 1218 1034; x_wconf 83' lang='lat' dir='ltr'><strong>Nam</strong></span> <span class='ocrx_word' id='word_1_88' title='bbox 1265 990 1325 1034; x_wconf 91' lang='lat' dir='ltr'><strong>ut</strong></span> <span class='ocrx_word' id='word_1_89' title='bbox 1364 979 1531 1036; x_wconf 85' lang='lat' dir='ltr'><strong>Filius</strong></span> <span class='ocrx_word' id='word_1_90' title='bbox 1562 991 1815 1036; x_wconf 82' lang='lat' dir='ltr'><strong>eamdem</strong></span> <span class='ocrx_word' id='word_1_91' title='bbox 1871 997 1994 1036; x_wconf 90' lang='lat' dir='ltr'><strong>cum</strong></span> <span class='ocrx_word' id='word_1_92' title='bbox 2038 980 2200 1039; x_wconf 82' lang='lat' dir='ltr'><strong>Patre</strong></span> <span class='ocrx_word' id='word_1_93' title='bbox 2244 997 2341 1040; x_wconf 89' lang='lat' dir='ltr'><strong>suo</strong></span> <span class='ocrx_word' id='word_1_94' title='bbox 2379 985 2608 1055; x_wconf 77' lang='lat' dir='ltr'><strong>gloriam</strong></span> <span class='ocrx_word' id='word_1_95' title='bbox 2665 995 2720 1040; x_wconf 90' lang='lat' dir='ltr'><strong>et</strong></span> <span class='ocrx_word' id='word_1_96' title='bbox 2789 996 3109 1054; x_wconf 89' lang='lat' dir='ltr'><strong>potestatem</strong></span> <span class='ocrx_word' id='word_1_97' title='bbox 3185 985 3416 1048; x_wconf 83' lang='lat' dir='ltr'><strong>obtinet,</strong></span> <span class='ocrx_word' id='word_1_98' title='bbox 3463 984 3682 1039; x_wconf 86' lang='lat' dir='ltr'><strong>etiamsi</strong></span> <span class='ocrx_word' id='word_1_99' title='bbox 3757 983 4026 1051; x_wconf 62' lang='lat' dir='ltr'><strong>dispensa-</strong></span> 
     </span>
    </p>
   </div>
   <div class='ocr_carea' id='block_1_11' title="bbox 764 1073 1664 1130">
    <p class='ocr_par' dir='ltr' id='par_1_11' title="bbox 764 1073 1664 1130">
     <span class='ocr_line' id='line_1_11' title="bbox 764 1073 1664 1130; baseline 0 0"><span class='ocrx_word' id='word_1_100' title='bbox 764 1073 904 1130; x_wconf 89' lang='lat' dir='ltr'><strong>torie</strong></span> <span class='ocrx_word' id='word_1_101' title='bbox 936 1073 1108 1128; x_wconf 88' lang='lat' dir='ltr'><strong>nostri</strong></span> <span class='ocrx_word' id='word_1_102' title='bbox 1137 1073 1330 1130; x_wconf 81' lang='lat' dir='ltr'><strong>similis</strong></span> <span class='ocrx_word' id='word_1_103' title='bbox 1362 1073 1540 1130; x_wconf 79' lang='lat' dir='ltr'><strong>factus</strong></span> <span class='ocrx_word' id='word_1_104' title='bbox 1572 1075 1664 1130; x_wconf 86' lang='lat' dir='ltr'><strong>sit.</strong></span> 
     </span>
    </p>
   </div>
   <div class='ocr_carea' id='block_1_12' title="bbox 831 1161 2339 1235">
    <p class='ocr_par' dir='ltr' id='par_1_12' title="bbox 831 1161 2339 1235">
     <span class='ocr_line' id='line_1_12' title="bbox 831 1161 2339 1235; baseline 0.001 -17"><span class='ocrx_word' id='word_1_105' title='bbox 831 1161 1123 1218; x_wconf 79' lang='lat' dir='ltr'><strong>XXXVIII.</strong></span> <span class='ocrx_word' id='word_1_106' title='bbox 1169 1182 1189 1216; x_wconf 82' lang='grc' dir='ltr'><strong>ι</strong></span> <span class='ocrx_word' id='word_1_107' title='bbox 1218 1162 1330 1219; x_wconf 80' lang='lat' dir='ltr'><strong>Nec</strong></span> <span class='ocrx_word' id='word_1_108' title='bbox 1364 1164 1652 1234; x_wconf 75' lang='lat' dir='ltr'><strong>quisquam</strong></span> <span class='ocrx_word' id='word_1_109' title='bbox 1702 1166 1868 1220; x_wconf 87' lang='lat' dir='ltr'><strong>sumit</strong></span> <span class='ocrx_word' id='word_1_110' title='bbox 1908 1168 2011 1222; x_wconf 87' lang='lat' dir='ltr'><strong>sibi</strong></span> <span class='ocrx_word' id='word_1_111' title='bbox 2055 1167 2339 1235; x_wconf 88' lang='lat' dir='ltr'><strong>honorem,</strong></span> 
     </span>
    </p>
   </div>
   <div class='ocr_carea' id='block_1_13' title="bbox 760 1256 2340 1327">
    <p class='ocr_par' dir='ltr' id='par_1_13' title="bbox 760 1256 2340 1327">
     <span class='ocr_line' id='line_1_13' title="bbox 760 1256 2340 1327; baseline 0.002 -15"><span class='ocrx_word' id='word_1_112' title='bbox 760 1257 858 1313; x_wconf 88' lang='lat' dir='ltr'><strong>sed</strong></span> <span class='ocrx_word' id='word_1_113' title='bbox 905 1256 998 1327; x_wconf 89' lang='lat' dir='ltr'><strong>qui</strong></span> <span class='ocrx_word' id='word_1_114' title='bbox 1055 1265 1283 1312; x_wconf 82' lang='lat' dir='ltr'><strong>vocatur</strong></span> <span class='ocrx_word' id='word_1_115' title='bbox 1335 1272 1364 1310; x_wconf 87' lang='lat' dir='ltr'><strong>a</strong></span> <span class='ocrx_word' id='word_1_116' title='bbox 1405 1256 1540 1325; x_wconf 90' lang='lat' dir='ltr'><strong>Deo,</strong></span> <span class='ocrx_word' id='word_1_117' title='bbox 1595 1265 1851 1327; x_wconf 87' lang='lat' dir='ltr'><strong>tanquam</strong></span> <span class='ocrx_word' id='word_1_118' title='bbox 1900 1259 2104 1315; x_wconf 87' lang='lat' dir='ltr'><strong>Aaron.</strong></span> <span class='ocrx_word' id='word_1_119' title='bbox 2153 1259 2242 1315; x_wconf 90' lang='lat' dir='ltr'><strong>Sic</strong></span> <span class='ocrx_word' id='word_1_120' title='bbox 2284 1269 2340 1315; x_wconf 88' lang='lat' dir='ltr'><strong>et</strong></span> 
     </span>
    </p>
   </div>
   <div class='ocr_carea' id='block_1_14' title="bbox 761 1347 2336 1419">
    <p class='ocr_par' dir='ltr' id='par_1_14' title="bbox 761 1347 2336 1419">
     <span class='ocr_line' id='line_1_14' title="bbox 761 1347 2336 1419; baseline 0 -16"><span class='ocrx_word' id='word_1_121' title='bbox 761 1349 1013 1404; x_wconf 87' lang='lat' dir='ltr'><strong>Christus</strong></span> <span class='ocrx_word' id='word_1_122' title='bbox 1057 1363 1163 1403; x_wconf 88' lang='lat' dir='ltr'><strong>non</strong></span> <span class='ocrx_word' id='word_1_123' title='bbox 1214 1347 1537 1403; x_wconf 77' lang='lat' dir='ltr'><strong>clariﬁcavit</strong></span> <span class='ocrx_word' id='word_1_124' title='bbox 1579 1349 1932 1419; x_wconf 87' lang='lat' dir='ltr'><strong>semetipsum</strong></span> <span class='ocrx_word' id='word_1_125' title='bbox 1985 1359 2045 1404; x_wconf 94' lang='lat' dir='ltr'><strong>ut</strong></span> <span class='ocrx_word' id='word_1_126' title='bbox 2094 1349 2336 1419; x_wconf 79' lang='lat' dir='ltr'><strong>pontifex</strong></span> 
     </span>
    </p>
   </div>
   <div class='ocr_carea' id='block_1_15' title="bbox 761 1439 2339 1509">
    <p class='ocr_par' dir='ltr' id='par_1_15' title="bbox 761 1439 2339 1509">
     <span class='ocr_line' id='line_1_15' title="bbox 761 1439 2339 1509; baseline 0.001 -14"><span class='ocrx_word' id='word_1_127' title='bbox 761 1441 939 1506; x_wconf 90' lang='lat' dir='ltr'><strong>tleret,</strong></span> <span class='ocrx_word' id='word_1_128' title='bbox 974 1439 1070 1495; x_wconf 91' lang='lat' dir='ltr'><strong>sed</strong></span> <span class='ocrx_word' id='word_1_129' title='bbox 1105 1439 1198 1509; x_wconf 91' lang='lat' dir='ltr'><strong>qui</strong></span> <span class='ocrx_word' id='word_1_130' title='bbox 1230 1439 1445 1495; x_wconf 89' lang='lat' dir='ltr'><strong>locutus</strong></span> <span class='ocrx_word' id='word_1_131' title='bbox 1473 1449 1560 1496; x_wconf 88' lang='lat' dir='ltr'><strong>est</strong></span> <span class='ocrx_word' id='word_1_132' title='bbox 1600 1439 1668 1496; x_wconf 90' lang='lat' dir='ltr'><strong>ad</strong></span> <span class='ocrx_word' id='word_1_133' title='bbox 1695 1455 1816 1496; x_wconf 91' lang='lat' dir='ltr'><strong>eum</strong></span> <span class='ocrx_word' id='word_1_134' title='bbox 1848 1458 1862 1496; x_wconf 89' lang='lat'><strong>:</strong></span> <span class='ocrx_word' id='word_1_135' title='bbox 1893 1440 2064 1497; x_wconf 90' lang='lat' dir='ltr'><strong>Filius</strong></span> <span class='ocrx_word' id='word_1_136' title='bbox 2095 1457 2249 1497; x_wconf 90' lang='lat' dir='ltr'><strong>meus</strong></span> <span class='ocrx_word' id='word_1_137' title='bbox 2279 1457 2339 1497; x_wconf 88' lang='lat' dir='ltr'><strong>cs</strong></span> 
     </span>
    </p>
   </div>
   <div class='ocr_carea' id='block_1_16' title="bbox 761 1529 2336 1601">
    <p class='ocr_par' dir='ltr' id='par_1_16' title="bbox 761 1529 2336 1601">
     <span class='ocr_line' id='line_1_16' title="bbox 761 1529 2336 1601; baseline 0 -15"><span class='ocrx_word' id='word_1_138' title='bbox 761 1541 841 1597; x_wconf 87' lang='lat' dir='ltr'><strong>tu,</strong></span> <span class='ocrx_word' id='word_1_139' title='bbox 890 1544 990 1600; x_wconf 75' lang='lat' dir='ltr'><strong>ego</strong></span> <span class='ocrx_word' id='word_1_140' title='bbox 1031 1529 1190 1585; x_wconf 87' lang='lat' dir='ltr'><strong>hodie</strong></span> <span class='ocrx_word' id='word_1_141' title='bbox 1218 1530 1378 1600; x_wconf 78' lang='lat' dir='ltr'><strong>genui</strong></span> <span class='ocrx_word' id='word_1_142' title='bbox 1423 1539 1476 1584; x_wconf 90' lang='lat' dir='ltr'><strong>te</strong></span> <span class='ocrx_word' id='word_1_143' title='bbox 1495 1531 1565 1585; x_wconf 86' lang='lat'><strong>&quot;.</strong></span> <span class='ocrx_word' id='word_1_144' title='bbox 1595 1549 1615 1583; x_wconf 79' lang='grc' dir='ltr'><strong>ι</strong></span> <span class='ocrx_word' id='word_1_145' title='bbox 1660 1531 1761 1599; x_wconf 86' lang='lat' dir='ltr'><strong>Qui</strong></span> <span class='ocrx_word' id='word_1_146' title='bbox 1796 1532 2033 1601; x_wconf 89' lang='lat' dir='ltr'><strong>seipsum</strong></span> <span class='ocrx_word' id='word_1_147' title='bbox 2083 1531 2227 1587; x_wconf 88' lang='lat' dir='ltr'><strong>ultro</strong></span> <span class='ocrx_word' id='word_1_148' title='bbox 2269 1535 2336 1586; x_wconf 89' lang='lat' dir='ltr'><strong>ad</strong></span> 
     </span>
    </p>
   </div>
   <div class='ocr_carea' id='block_1_17' title="bbox 760 1621 2336 1692">
    <p class='ocr_par' dir='ltr' id='par_1_17' title="bbox 760 1621 2336 1692">
     <span class='ocr_line' id='line_1_17' title="bbox 760 1621 2336 1692; baseline -0.001 -15"><span class='ocrx_word' id='word_1_149' title='bbox 760 1621 1184 1677; x_wconf 78' lang='lat' dir='ltr'><strong>exinanitionem</strong></span> <span class='ocrx_word' id='word_1_150' title='bbox 1223 1621 1536 1689; x_wconf 82' lang='lat' dir='ltr'><strong>demiserat,</strong></span> <span class='ocrx_word' id='word_1_151' title='bbox 1583 1622 1631 1678; x_wconf 89' lang='lat' dir='ltr'><strong>is</strong></span> <span class='ocrx_word' id='word_1_152' title='bbox 1666 1633 1948 1692; x_wconf 82' lang='lat' dir='ltr'><strong>paternam</strong></span> <span class='ocrx_word' id='word_1_153' title='bbox 1994 1623 2336 1677; x_wconf 88' lang='lat' dir='ltr'><strong>vocationem</strong></span> 
     </span>
    </p>
   </div>
   <div class='ocr_carea' id='block_1_18' title="bbox 759 1710 2336 1783">
    <p class='ocr_par' dir='ltr' id='par_1_18' title="bbox 759 1710 2336 1783">
     <span class='ocr_line' id='line_1_18' title="bbox 759 1710 2336 1783; baseline -0.003 -14"><span class='ocrx_word' id='word_1_154' title='bbox 759 1715 829 1770; x_wconf 90' lang='lat' dir='ltr'><strong>ad</strong></span> <span class='ocrx_word' id='word_1_155' title='bbox 877 1713 1131 1770; x_wconf 86' lang='lat' dir='ltr'><strong>usitatam</strong></span> <span class='ocrx_word' id='word_1_156' title='bbox 1185 1713 1542 1783; x_wconf 89' lang='lat' dir='ltr'><strong>apprimeque</strong></span> <span class='ocrx_word' id='word_1_157' title='bbox 1584 1714 2000 1769; x_wconf 86' lang='lat' dir='ltr'><strong>convenientem</strong></span> <span class='ocrx_word' id='word_1_158' title='bbox 2047 1710 2336 1767; x_wconf 84' lang='lat' dir='ltr'><strong>sacerdOtii</strong></span> 
     </span>
    </p>
   </div>
   <div class='ocr_carea' id='block_1_19' title="bbox 759 1804 2413 1894">
    <p class='ocr_par' dir='ltr' id='par_1_19' title="bbox 759 1804 2413 1894">
     <span class='ocr_line' id='line_1_19' title="bbox 759 1804 2413 1894; baseline -0.001 -34"><span class='ocrx_word' id='word_1_159' title='bbox 759 1805 1097 1862; x_wconf 69' lang='lat' dir='ltr'><strong>[unctionem</strong></span> <span class='ocrx_word' id='word_1_160' title='bbox 1123 1804 1411 1860; x_wconf 87' lang='lat' dir='ltr'><strong>ducentem</strong></span> <span class='ocrx_word' id='word_1_161' title='bbox 1449 1807 1768 1876; x_wconf 89' lang='lat' dir='ltr'><strong>opperitur;</strong></span> <span class='ocrx_word' id='word_1_162' title='bbox 1801 1806 2216 1862; x_wconf 83' lang='lat' dir='ltr'><strong>convenientem</strong></span> <span class='ocrx_word' id='word_1_163' title='bbox 2245 1821 2341 1859; x_wconf 86' lang='lat' dir='ltr'><strong>au-</strong></span> <span class='ocrx_word' id='word_1_164' title='bbox 2373 1839 2413 1894; x_wconf 72' lang='grc' dir='ltr'><strong>Β</strong></span> 
     </span>
    </p>
   </div>
   <div class='ocr_carea' id='block_1_20' title="bbox 761 1897 2342 1967">
    <p class='ocr_par' dir='ltr' id='par_1_20' title="bbox 761 1897 2342 1967">
     <span class='ocr_line' id='line_1_20' title="bbox 761 1897 2342 1967; baseline -0.001 -14"><span class='ocrx_word' id='word_1_165' title='bbox 761 1909 872 1953; x_wconf 90' lang='lat' dir='ltr'><strong>tem</strong></span> <span class='ocrx_word' id='word_1_166' title='bbox 918 1914 1026 1954; x_wconf 89' lang='lat' dir='ltr'><strong>non</strong></span> <span class='ocrx_word' id='word_1_167' title='bbox 1060 1899 1174 1953; x_wconf 69' lang='lat' dir='ltr'><strong>sua:</strong></span> <span class='ocrx_word' id='word_1_168' title='bbox 1207 1897 1378 1967; x_wconf 90' lang='lat' dir='ltr'><strong>ipsius</strong></span> <span class='ocrx_word' id='word_1_169' title='bbox 1423 1907 1655 1966; x_wconf 63' lang='lat' dir='ltr'><strong>naturae,</strong></span> <span class='ocrx_word' id='word_1_170' title='bbox 1706 1899 1804 1956; x_wconf 91' lang='lat' dir='ltr'><strong>sed</strong></span> <span class='ocrx_word' id='word_1_171' title='bbox 1847 1907 2068 1965; x_wconf 56' lang='lat' dir='ltr'><strong>nostra},</strong></span> <span class='ocrx_word' id='word_1_172' title='bbox 2121 1898 2224 1954; x_wconf 91' lang='lat' dir='ltr'><strong>hoc</strong></span> <span class='ocrx_word' id='word_1_173' title='bbox 2257 1907 2342 1952; x_wconf 88' lang='lat' dir='ltr'><strong>est</strong></span> 
     </span>
    </p>
   </div>
   <div class='ocr_carea' id='block_1_21' title="bbox 762 1989 2339 2061">
    <p class='ocr_par' dir='ltr' id='par_1_21' title="bbox 762 1989 2339 2061">
     <span class='ocr_line' id='line_1_21' title="bbox 762 1989 2339 2061; baseline -0.001 -16"><span class='ocrx_word' id='word_1_174' title='bbox 762 1990 1037 2056; x_wconf 66' lang='lat' dir='ltr'><strong>humane,</strong></span> <span class='ocrx_word' id='word_1_175' title='bbox 1073 2003 1237 2061; x_wconf 87' lang='lat' dir='ltr'><strong>quam</strong></span> <span class='ocrx_word' id='word_1_176' title='bbox 1295 1990 1386 2045; x_wconf 90' lang='lat' dir='ltr'><strong>ubi</strong></span> <span class='ocrx_word' id='word_1_177' title='bbox 1423 1990 1688 2057; x_wconf 77' lang='lat' dir='ltr'><strong>integram</strong></span> <span class='ocrx_word' id='word_1_178' title='bbox 1735 1992 2052 2060; x_wconf 84' lang='lat' dir='ltr'><strong>assumpsit,</strong></span> <span class='ocrx_word' id='word_1_179' title='bbox 2100 2006 2222 2061; x_wconf 75' lang='lat' dir='ltr'><strong>qua:</strong></span> <span class='ocrx_word' id='word_1_180' title='bbox 2265 1989 2339 2044; x_wconf 89' lang='lat' dir='ltr'><strong>illi</strong></span> 
     </span>
    </p>
   </div>
   <div class='ocr_carea' id='block_1_22' title="bbox 759 2080 2340 2152">
    <p class='ocr_par' dir='ltr' id='par_1_22' title="bbox 759 2080 2340 2152">
     <span class='ocr_line' id='line_1_22' title="bbox 759 2080 2340 2152; baseline -0.001 -16"><span class='ocrx_word' id='word_1_181' title='bbox 759 2081 1090 2137; x_wconf 89' lang='lat' dir='ltr'><strong>conveniunt</strong></span> <span class='ocrx_word' id='word_1_182' title='bbox 1119 2080 1382 2152; x_wconf 85' lang='lat' dir='ltr'><strong>suscepit,</strong></span> <span class='ocrx_word' id='word_1_183' title='bbox 1406 2080 1614 2136; x_wconf 88' lang='lat' dir='ltr'><strong>nullum</strong></span> <span class='ocrx_word' id='word_1_184' title='bbox 1652 2083 1870 2137; x_wconf 90' lang='lat' dir='ltr'><strong>interim</strong></span> <span class='ocrx_word' id='word_1_185' title='bbox 1901 2083 2200 2139; x_wconf 88' lang='lat' dir='ltr'><strong>secundum</strong></span> <span class='ocrx_word' id='word_1_186' title='bbox 2238 2096 2340 2136; x_wconf 89' lang='lat' dir='ltr'><strong>na-</strong></span> 
     </span>
    </p>
   </div>
   <div class='ocr_carea' id='block_1_23' title="bbox 763 2172 2338 2244">
    <p class='ocr_par' dir='ltr' id='par_1_23' title="bbox 763 2172 2338 2244">
     <span class='ocr_line' id='line_1_23' title="bbox 763 2172 2338 2244; baseline -0.001 -15"><span class='ocrx_word' id='word_1_187' title='bbox 763 2183 940 2229; x_wconf 88' lang='lat' dir='ltr'><strong>turam</strong></span> <span class='ocrx_word' id='word_1_188' title='bbox 983 2173 1258 2244; x_wconf 90' lang='lat' dir='ltr'><strong>propriam</strong></span> <span class='ocrx_word' id='word_1_189' title='bbox 1305 2172 1691 2228; x_wconf 85' lang='lat' dir='ltr'><strong>detrimentum</strong></span> <span class='ocrx_word' id='word_1_190' title='bbox 1728 2175 2021 2244; x_wconf 85' lang='lat' dir='ltr'><strong>accipiens,</strong></span> <span class='ocrx_word' id='word_1_191' title='bbox 2082 2176 2179 2229; x_wconf 88' lang='lat' dir='ltr'><strong>sed</strong></span> <span class='ocrx_word' id='word_1_192' title='bbox 2225 2173 2338 2228; x_wconf 82' lang='lat' dir='ltr'><strong>dis-</strong></span> 
     </span>
    </p>
   </div>
   <div class='ocr_carea' id='block_1_24' title="bbox 758 2262 2342 2335">
    <p class='ocr_par' dir='ltr' id='par_1_24' title="bbox 758 2262 2342 2335">
     <span class='ocr_line' id='line_1_24' title="bbox 758 2262 2342 2335; baseline 0 -16"><span class='ocrx_word' id='word_1_193' title='bbox 758 2262 1079 2335; x_wconf 82' lang='lat' dir='ltr'><strong>pensatione</strong></span> <span class='ocrx_word' id='word_1_194' title='bbox 1107 2266 1408 2322; x_wconf 86' lang='lat' dir='ltr'><strong>secundum</strong></span> <span class='ocrx_word' id='word_1_195' title='bbox 1431 2280 1651 2320; x_wconf 88' lang='lat' dir='ltr'><strong>carnem</strong></span> <span class='ocrx_word' id='word_1_196' title='bbox 1670 2266 1805 2320; x_wconf 89' lang='lat' dir='ltr'><strong>scite</strong></span> <span class='ocrx_word' id='word_1_197' title='bbox 1845 2267 2342 2333; x_wconf 88' lang='lat' dir='ltr'><strong>convenienterque</strong></span> 
     </span>
    </p>
   </div>
   <div class='ocr_carea' id='block_1_25' title="bbox 761 2356 2340 2426">
    <p class='ocr_par' dir='ltr' id='par_1_25' title="bbox 761 2356 2340 2426">
     <span class='ocr_line' id='line_1_25' title="bbox 761 2356 2340 2426; baseline -0.001 -15"><span class='ocrx_word' id='word_1_198' title='bbox 761 2367 940 2412; x_wconf 91' lang='lat' dir='ltr'><strong>utens.</strong></span> <span class='ocrx_word' id='word_1_199' title='bbox 989 2357 1062 2413; x_wconf 88' lang='lat' dir='ltr'><strong>Ut</strong></span> <span class='ocrx_word' id='word_1_200' title='bbox 1115 2356 1169 2412; x_wconf 90' lang='lat' dir='ltr'><strong>id</strong></span> <span class='ocrx_word' id='word_1_201' title='bbox 1223 2356 1366 2411; x_wconf 92' lang='lat' dir='ltr'><strong>enim</strong></span> <span class='ocrx_word' id='word_1_202' title='bbox 1409 2357 1553 2426; x_wconf 87' lang='lat' dir='ltr'><strong>quod</strong></span> <span class='ocrx_word' id='word_1_203' title='bbox 1603 2366 1743 2422; x_wconf 91' lang='lat' dir='ltr'><strong>erat,</strong></span> <span class='ocrx_word' id='word_1_204' title='bbox 1796 2358 1898 2412; x_wconf 91' lang='lat' dir='ltr'><strong>hoc</strong></span> <span class='ocrx_word' id='word_1_205' title='bbox 1948 2366 2033 2413; x_wconf 90' lang='lat' dir='ltr'><strong>est</strong></span> <span class='ocrx_word' id='word_1_206' title='bbox 2080 2357 2340 2411; x_wconf 90' lang='lat' dir='ltr'><strong>Dominus</strong></span> 
     </span>
    </p>
   </div>
   <div class='ocr_carea' id='block_1_26' title="bbox 760 2447 2337 2517">
    <p class='ocr_par' dir='ltr' id='par_1_26' title="bbox 760 2447 2337 2517">
     <span class='ocr_line' id='line_1_26' title="bbox 760 2447 2337 2517; baseline -0.002 -14"><span class='ocrx_word' id='word_1_207' title='bbox 760 2448 1056 2503; x_wconf 90' lang='lat' dir='ltr'><strong>secundum</strong></span> <span class='ocrx_word' id='word_1_208' title='bbox 1106 2455 1358 2502; x_wconf 88' lang='lat' dir='ltr'><strong>naturam</strong></span> <span class='ocrx_word' id='word_1_209' title='bbox 1403 2449 1745 2517; x_wconf 90' lang='lat' dir='ltr'><strong>permansit,</strong></span> <span class='ocrx_word' id='word_1_210' title='bbox 1804 2449 2020 2504; x_wconf 89' lang='lat' dir='ltr'><strong>etiamsi</strong></span> <span class='ocrx_word' id='word_1_211' title='bbox 2082 2447 2337 2502; x_wconf 88' lang='lat' dir='ltr'><strong>servilem</strong></span> 
     </span>
    </p>
   </div>
   <div class='ocr_carea' id='block_1_27' title="bbox 763 2536 2337 2606">
    <p class='ocr_par' dir='ltr' id='par_1_27' title="bbox 763 2536 2337 2606">
     <span class='ocr_line' id='line_1_27' title="bbox 763 2536 2337 2606; baseline 0.001 -17"><span class='ocrx_word' id='word_1_212' title='bbox 763 2537 992 2590; x_wconf 79' lang='lat' dir='ltr'><strong>formam</strong></span> <span class='ocrx_word' id='word_1_213' title='bbox 1048 2536 1450 2591; x_wconf 79' lang='lat' dir='ltr'><strong>subiissetzita</strong></span> <span class='ocrx_word' id='word_1_214' title='bbox 1507 2539 1856 2606; x_wconf 86' lang='lat' dir='ltr'><strong>quantumvis</strong></span> <span class='ocrx_word' id='word_1_215' title='bbox 1910 2539 2226 2594; x_wconf 85' lang='lat' dir='ltr'><strong>innumeros</strong></span> <span class='ocrx_word' id='word_1_216' title='bbox 2282 2537 2337 2592; x_wconf 92' lang='lat' dir='ltr'><strong>in</strong></span> 
     </span>
    </p>
   </div>
   <div class='ocr_carea' id='block_1_28' title="bbox 760 2626 2334 2700">
    <p class='ocr_par' dir='ltr' id='par_1_28' title="bbox 760 2626 2334 2700">
     <span class='ocr_line' id='line_1_28' title="bbox 760 2626 2334 2700; baseline 0 -17"><span class='ocrx_word' id='word_1_217' title='bbox 760 2628 900 2683; x_wconf 86' lang='lat' dir='ltr'><strong>coelo</strong></span> <span class='ocrx_word' id='word_1_218' title='bbox 929 2627 1088 2698; x_wconf 79' lang='lat'><strong>160</strong></span> <span class='ocrx_word' id='word_1_219' title='bbox 1110 2626 1358 2694; x_wconf 88' lang='lat' dir='ltr'><strong>haberet,</strong></span> <span class='ocrx_word' id='word_1_220' title='bbox 1383 2628 1473 2698; x_wconf 91' lang='lat' dir='ltr'><strong>qui</strong></span> <span class='ocrx_word' id='word_1_221' title='bbox 1503 2631 1733 2700; x_wconf 87' lang='lat' dir='ltr'><strong>hymnos</strong></span> <span class='ocrx_word' id='word_1_222' title='bbox 1763 2629 2078 2698; x_wconf 89' lang='lat' dir='ltr'><strong>laudesque,</strong></span> <span class='ocrx_word' id='word_1_223' title='bbox 2106 2631 2207 2685; x_wconf 88' lang='lat' dir='ltr'><strong>hoc</strong></span> <span class='ocrx_word' id='word_1_224' title='bbox 2230 2640 2334 2695; x_wconf 92' lang='lat' dir='ltr'><strong>est,</strong></span> 
     </span>
    </p>
   </div>
   <div class='ocr_carea' id='block_1_29' title="bbox 759 2717 2334 2790">
    <p class='ocr_par' dir='ltr' id='par_1_29' title="bbox 759 2717 2334 2790">
     <span class='ocr_line' id='line_1_29' title="bbox 759 2717 2334 2790; baseline 0.001 -16"><span class='ocrx_word' id='word_1_225' title='bbox 759 2717 1027 2788; x_wconf 78' lang='lat' dir='ltr'><strong>Spiritalia</strong></span> <span class='ocrx_word' id='word_1_226' title='bbox 1071 2719 1461 2790; x_wconf 85' lang='lat' dir='ltr'><strong>incruentaque</strong></span> <span class='ocrx_word' id='word_1_227' title='bbox 1508 2720 1779 2777; x_wconf 82' lang='lat' dir='ltr'><strong>sacriﬁcia</strong></span> <span class='ocrx_word' id='word_1_228' title='bbox 1814 2721 1890 2776; x_wconf 91' lang='lat' dir='ltr'><strong>illi</strong></span> <span class='ocrx_word' id='word_1_229' title='bbox 1924 2722 2204 2786; x_wconf 68' lang='lat' dir='ltr'><strong>oﬂerrent,</strong></span> <span class='ocrx_word' id='word_1_230' title='bbox 2256 2723 2334 2776; x_wconf 86' lang='lat' dir='ltr'><strong>ni-</strong></span> 
     </span>
    </p>
   </div>
   <div class='ocr_carea' id='block_1_30' title="bbox 759 2811 2338 2881">
    <p class='ocr_par' dir='ltr' id='par_1_30' title="bbox 759 2811 2338 2881">
     <span class='ocr_line' id='line_1_30' title="bbox 759 2811 2338 2881; baseline 0.001 -16"><span class='ocrx_word' id='word_1_231' title='bbox 759 2811 1054 2866; x_wconf 87' lang='lat' dir='ltr'><strong>hilominus</strong></span> <span class='ocrx_word' id='word_1_232' title='bbox 1079 2826 1199 2881; x_wconf 79' lang='lat' dir='ltr'><strong>qute</strong></span> <span class='ocrx_word' id='word_1_233' title='bbox 1238 2811 1488 2867; x_wconf 64' lang='lat' dir='ltr'><strong>humana:</strong></span> <span class='ocrx_word' id='word_1_234' title='bbox 1518 2822 1725 2868; x_wconf 83' lang='lat' dir='ltr'><strong>naturae</strong></span> <span class='ocrx_word' id='word_1_235' title='bbox 1753 2816 2084 2868; x_wconf 83' lang='lat' dir='ltr'><strong>conveniunt</strong></span> <span class='ocrx_word' id='word_1_236' title='bbox 2126 2813 2338 2868; x_wconf 80' lang='lat' dir='ltr'><strong>eidem-</strong></span> 
     </span>
    </p>
   </div>
   <div class='ocr_carea' id='block_1_31' title="bbox 759 2908 2340 2977">
    <p class='ocr_par' dir='ltr' id='par_1_31' title="bbox 759 2908 2340 2977">
     <span class='ocr_line' id='line_1_31' title="bbox 759 2908 2340 2977; baseline 0.001 -21"><span class='ocrx_word' id='word_1_237' title='bbox 759 2918 865 2974; x_wconf 91' lang='lat' dir='ltr'><strong>que</strong></span> <span class='ocrx_word' id='word_1_238' title='bbox 909 2915 1275 2959; x_wconf 87' lang='lat' dir='ltr'><strong>consentanea</strong></span> <span class='ocrx_word' id='word_1_239' title='bbox 1329 2914 1478 2972; x_wconf 89' lang='lat' dir='ltr'><strong>sunt,</strong></span> <span class='ocrx_word' id='word_1_240' title='bbox 1508 2922 1777 2977; x_wconf 89' lang='lat' dir='ltr'><strong>nusquam</strong></span> <span class='ocrx_word' id='word_1_241' title='bbox 1815 2922 1920 2962; x_wconf 94' lang='lat' dir='ltr'><strong>non</strong></span> <span class='ocrx_word' id='word_1_242' title='bbox 1957 2908 2170 2976; x_wconf 75' lang='lat' dir='ltr'><strong>integre</strong></span> <span class='ocrx_word' id='word_1_243' title='bbox 2205 2921 2340 2960; x_wconf 91' lang='lat' dir='ltr'><strong>con-</strong></span> 
     </span>
    </p>
   </div>
   <div class='ocr_carea' id='block_1_32' title="bbox 760 2992 2341 3065">
    <p class='ocr_par' dir='ltr' id='par_1_32' title="bbox 760 2992 2341 3065">
     <span class='ocr_line' id='line_1_32' title="bbox 760 2992 2341 3065; baseline 0 -17"><span class='ocrx_word' id='word_1_244' title='bbox 760 3008 1011 3059; x_wconf 85' lang='lat' dir='ltr'><strong>servans,</strong></span> <span class='ocrx_word' id='word_1_245' title='bbox 1076 2992 1371 3047; x_wconf 88' lang='lat' dir='ltr'><strong>humanum</strong></span> <span class='ocrx_word' id='word_1_246' title='bbox 1418 3009 1633 3065; x_wconf 89' lang='lat' dir='ltr'><strong>quoque</strong></span> <span class='ocrx_word' id='word_1_247' title='bbox 1687 2996 2056 3052; x_wconf 89' lang='lat' dir='ltr'><strong>sacerdotium</strong></span> <span class='ocrx_word' id='word_1_248' title='bbox 2104 3009 2210 3048; x_wconf 91' lang='lat' dir='ltr'><strong>non</strong></span> <span class='ocrx_word' id='word_1_249' title='bbox 2256 3003 2341 3048; x_wconf 90' lang='lat' dir='ltr'><strong>est</strong></span> 
     </span>
    </p>
   </div>
   <div class='ocr_carea' id='block_1_33' title="bbox 761 3081 2339 3156">
    <p class='ocr_par' dir='ltr' id='par_1_33' title="bbox 761 3081 2339 3156">
     <span class='ocr_line' id='line_1_33' title="bbox 761 3081 2339 3156; baseline -0.001 -16"><span class='ocrx_word' id='word_1_250' title='bbox 761 3095 1109 3156; x_wconf 86' lang='lat' dir='ltr'><strong>aspernatus.</strong></span> <span class='ocrx_word' id='word_1_251' title='bbox 1166 3081 1404 3140; x_wconf 86' lang='lat' dir='ltr'><strong>Vocatus</strong></span> <span class='ocrx_word' id='word_1_252' title='bbox 1446 3097 1533 3140; x_wconf 87' lang='lat' dir='ltr'><strong>est</strong></span> <span class='ocrx_word' id='word_1_253' title='bbox 1579 3087 1766 3154; x_wconf 89' lang='lat' dir='ltr'><strong>itaque</strong></span> <span class='ocrx_word' id='word_1_254' title='bbox 1815 3097 1874 3140; x_wconf 88' lang='lat' dir='ltr'><strong>ut</strong></span> <span class='ocrx_word' id='word_1_255' title='bbox 1919 3086 2124 3148; x_wconf 85' lang='lat' dir='ltr'><strong>Aaron,</strong></span> <span class='ocrx_word' id='word_1_256' title='bbox 2179 3086 2339 3139; x_wconf 86' lang='lat' dir='ltr'><strong>modo</strong></span> 
     </span>
    </p>
   </div>
   <div class='ocr_carea' id='block_1_34' title="bbox 2515 1168 4026 1241">
    <p class='ocr_par' dir='ltr' id='par_1_34' title="bbox 2515 1168 4026 1241">
     <span class='ocr_line' id='line_1_34' title="bbox 2515 1168 4026 1241; baseline -0.007 -18"><span class='ocrx_word' id='word_1_257' title='bbox 2515 1170 2647 1223; x_wconf 80' lang='lat' dir='ltr'><strong>AH’.</strong></span> <span class='ocrx_word' id='word_1_258' title='bbox 2698 1187 2716 1220; x_wconf 81' lang='grc' dir='ltr'><strong>ι</strong></span> <span class='ocrx_word' id='word_1_259' title='bbox 2749 1168 2858 1221; x_wconf 79' lang='grc' dir='ltr'>Καὶ</span> <span class='ocrx_word' id='word_1_260' title='bbox 2890 1169 2989 1240; x_wconf 86' lang='grc' dir='ltr'>ούχ</span> <span class='ocrx_word' id='word_1_261' title='bbox 3027 1169 3204 1241; x_wconf 77' lang='grc' dir='ltr'>ἑαυτῷ</span> <span class='ocrx_word' id='word_1_262' title='bbox 3251 1187 3333 1234; x_wconf 90' lang='grc' dir='ltr'><strong>τις</strong></span> <span class='ocrx_word' id='word_1_263' title='bbox 3382 1168 3657 1238; x_wconf 76' lang='grc' dir='ltr'>λαμϐάνει</span> <span class='ocrx_word' id='word_1_264' title='bbox 3702 1168 3808 1236; x_wconf 76' lang='grc' dir='ltr'><strong>τὴν</strong></span> <span class='ocrx_word' id='word_1_265' title='bbox 3852 1169 4026 1236; x_wconf 61' lang='grc' dir='ltr'>τιμὴν.</span> 
     </span>
    </p>
   </div>
   <div class='ocr_carea' id='block_1_35' title="bbox 2441 1261 4025 1332">
    <p class='ocr_par' dir='ltr' id='par_1_35' title="bbox 2441 1261 4025 1332">
     <span class='ocr_line' id='line_1_35' title="bbox 2441 1261 4025 1332; baseline -0.001 -16"><span class='ocrx_word' id='word_1_266' title='bbox 2441 1261 2559 1316; x_wconf 79' lang='grc' dir='ltr'><strong>ἀλλ’</strong></span> <span class='ocrx_word' id='word_1_267' title='bbox 2595 1263 2625 1315; x_wconf 96' lang='lat'><strong>6</strong></span> <span class='ocrx_word' id='word_1_268' title='bbox 2651 1261 2986 1332; x_wconf 86' lang='grc' dir='ltr'>καλούμενος</span> <span class='ocrx_word' id='word_1_269' title='bbox 3013 1264 3116 1316; x_wconf 81' lang='grc' dir='ltr'><strong>ὑπὸ</strong></span> <span class='ocrx_word' id='word_1_270' title='bbox 3138 1264 3232 1316; x_wconf 87' lang='grc' dir='ltr'><strong>τοῦ</strong></span> <span class='ocrx_word' id='word_1_271' title='bbox 3257 1263 3413 1326; x_wconf 87' lang='grc' dir='ltr'>Θεοῦ,</span> <span class='ocrx_word' id='word_1_272' title='bbox 3445 1263 3639 1331; x_wconf 84' lang='grc' dir='ltr'>ὥσπερ</span> <span class='ocrx_word' id='word_1_273' title='bbox 3669 1263 3772 1314; x_wconf 78' lang='grc' dir='ltr'><strong>καὶ</strong></span> <span class='ocrx_word' id='word_1_274' title='bbox 3808 1262 4025 1332; x_wconf 54' lang='grc' dir='ltr'>Ἀαρών.</span> 
     </span>
    </p>
   </div>
   <div class='ocr_carea' id='block_1_36' title="bbox 2443 1352 4028 1426">
    <p class='ocr_par' dir='ltr' id='par_1_36' title="bbox 2443 1352 4028 1426">
     <span class='ocr_line' id='line_1_36' title="bbox 2443 1352 4028 1426; baseline -0.002 -19"><span class='ocrx_word' id='word_1_275' title='bbox 2443 1352 2598 1407; x_wconf 75' lang='grc' dir='ltr'>Οὕτω</span> <span class='ocrx_word' id='word_1_276' title='bbox 2633 1354 2727 1408; x_wconf 75' lang='grc' dir='ltr'><strong>καὶ</strong></span> <span class='ocrx_word' id='word_1_277' title='bbox 2778 1357 2806 1408; x_wconf 98' lang='lat'><strong>6</strong></span> <span class='ocrx_word' id='word_1_278' title='bbox 2858 1355 3092 1425; x_wconf 79' lang='grc' dir='ltr'>Χριστὸς</span> <span class='ocrx_word' id='word_1_279' title='bbox 3123 1356 3220 1426; x_wconf 80' lang='grc' dir='ltr'>οὐχ</span> <span class='ocrx_word' id='word_1_280' title='bbox 3253 1355 3444 1408; x_wconf 81' lang='grc' dir='ltr'>ἑαυτὸν</span> <span class='ocrx_word' id='word_1_281' title='bbox 3485 1355 3711 1418; x_wconf 78' lang='grc' dir='ltr'>ἐδόξασε</span> <span class='ocrx_word' id='word_1_282' title='bbox 3742 1354 4028 1422; x_wconf 68' lang='grc' dir='ltr'>γενηθῆναι</span> 
     </span>
    </p>
   </div>
   <div class='ocr_carea' id='block_1_37' title="bbox 2440 1447 4026 1519">
    <p class='ocr_par' dir='ltr' id='par_1_37' title="bbox 2440 1447 4026 1519">
     <span class='ocr_line' id='line_1_37' title="bbox 2440 1447 4026 1519; baseline -0.002 -20"><span class='ocrx_word' id='word_1_283' title='bbox 2440 1448 2731 1519; x_wconf 80' lang='grc' dir='ltr'>ἀρχιερεὺς</span> <span class='ocrx_word' id='word_1_284' title='bbox 2751 1455 2798 1512; x_wconf 71' lang='grc' dir='ltr'>κ,</span> <span class='ocrx_word' id='word_1_285' title='bbox 2833 1447 2949 1500; x_wconf 75' lang='grc' dir='ltr'><strong>ἀλλ’</strong></span> <span class='ocrx_word' id='word_1_286' title='bbox 2978 1450 3006 1500; x_wconf 95' lang='lat'><strong>6</strong></span> <span class='ocrx_word' id='word_1_287' title='bbox 3053 1447 3292 1518; x_wconf 83' lang='grc' dir='ltr'><strong>λαλήσας</strong></span> <span class='ocrx_word' id='word_1_288' title='bbox 3342 1448 3479 1518; x_wconf 77' lang='grc' dir='ltr'>πρὸς</span> <span class='ocrx_word' id='word_1_289' title='bbox 3523 1448 3690 1500; x_wconf 76' lang='grc' dir='ltr'>αὑτὸν</span> <span class='ocrx_word' id='word_1_290' title='bbox 3714 1463 3727 1475; x_wconf 76' lang='grc'><strong><em>⁸</em></strong></span> <span class='ocrx_word' id='word_1_291' title='bbox 3777 1447 3906 1508; x_wconf 65' lang='grc' dir='ltr'>Υἱός</span> <span class='ocrx_word' id='word_1_292' title='bbox 3942 1463 4026 1511; x_wconf 54' lang='grc' dir='ltr'><strong>μοι</strong></span> 
     </span>
    </p>
   </div>
   <div class='ocr_carea' id='block_1_38' title="bbox 2441 1538 4029 1611">
    <p class='ocr_par' dir='ltr' id='par_1_38' title="bbox 2441 1538 4029 1611">
     <span class='ocr_line' id='line_1_38' title="bbox 2441 1538 4029 1611; baseline -0.004 -18"><span class='ocrx_word' id='word_1_293' title='bbox 2441 1538 2495 1593; x_wconf 83' lang='grc' dir='ltr'><strong>εί</strong></span> <span class='ocrx_word' id='word_1_294' title='bbox 2528 1543 2614 1603; x_wconf 81' lang='grc' dir='ltr'><strong>σὺ,</strong></span> <span class='ocrx_word' id='word_1_295' title='bbox 2642 1539 2752 1608; x_wconf 76' lang='grc' dir='ltr'>ἐγὼ</span> <span class='ocrx_word' id='word_1_296' title='bbox 2784 1541 3028 1610; x_wconf 90' lang='grc' dir='ltr'>σήμερον</span> <span class='ocrx_word' id='word_1_297' title='bbox 3056 1539 3364 1611; x_wconf 78' lang='grc' dir='ltr'>γεγέννηκά</span> <span class='ocrx_word' id='word_1_298' title='bbox 3394 1557 3474 1594; x_wconf 92' lang='grc' dir='ltr'>σε.</span> <span class='ocrx_word' id='word_1_299' title='bbox 3498 1559 3516 1592; x_wconf 82' lang='grc'><strong><em>›</em></strong></span> <span class='ocrx_word' id='word_1_300' title='bbox 3537 1542 3595 1592; x_wconf 90' lang='lat'><strong>&#39;0</strong></span> <span class='ocrx_word' id='word_1_301' title='bbox 3621 1538 3819 1601; x_wconf 70' lang='grc' dir='ltr'>καθεὶς</span> <span class='ocrx_word' id='word_1_302' title='bbox 3851 1539 4029 1590; x_wconf 46' lang='lat' dir='ltr'><strong>sas-.61,</strong></span> 
     </span>
    </p>
   </div>
   <div class='ocr_carea' id='block_1_39' title="bbox 2442 1631 4024 1702">
    <p class='ocr_par' dir='ltr' id='par_1_39' title="bbox 2442 1631 4024 1702">
     <span class='ocr_line' id='line_1_39' title="bbox 2442 1631 4024 1702; baseline -0.003 -18"><span class='ocrx_word' id='word_1_303' title='bbox 2442 1633 2522 1694; x_wconf 87' lang='grc' dir='ltr'>εἰς</span> <span class='ocrx_word' id='word_1_304' title='bbox 2548 1631 2799 1694; x_wconf 82' lang='grc' dir='ltr'><strong>κένωσιν,</strong></span> <span class='ocrx_word' id='word_1_305' title='bbox 2833 1631 3118 1702; x_wconf 85' lang='grc' dir='ltr'>περιμένει</span> <span class='ocrx_word' id='word_1_306' title='bbox 3150 1631 3342 1702; x_wconf 80' lang='grc' dir='ltr'>κλῆσιν</span> <span class='ocrx_word' id='word_1_307' title='bbox 3378 1634 3477 1700; x_wconf 86' lang='grc' dir='ltr'>τὴν</span> <span class='ocrx_word' id='word_1_308' title='bbox 3501 1633 3566 1686; x_wconf 78' lang='grc' dir='ltr'>ὲκ</span> <span class='ocrx_word' id='word_1_309' title='bbox 3594 1631 3821 1702; x_wconf 57' lang='lat' dir='ltr'><strong>Ila-:96;</strong></span> <span class='ocrx_word' id='word_1_310' title='bbox 3853 1633 4024 1699; x_wconf 63' lang='grc' dir='ltr'>φέρω-</span> 
     </span>
    </p>
   </div>
   <div class='ocr_carea' id='block_1_40' title="bbox 2445 1722 4027 1795">
    <p class='ocr_par' dir='ltr' id='par_1_40' title="bbox 2445 1722 4027 1795">
     <span class='ocr_line' id='line_1_40' title="bbox 2445 1722 4027 1795; baseline -0.001 -19"><span class='ocrx_word' id='word_1_311' title='bbox 2445 1731 2590 1777; x_wconf 73' lang='grc' dir='ltr'>σαν1</span> <span class='ocrx_word' id='word_1_312' title='bbox 2637 1725 2716 1786; x_wconf 85' lang='grc' dir='ltr'><strong>εἱς</strong></span> <span class='ocrx_word' id='word_1_313' title='bbox 2769 1722 3070 1795; x_wconf 82' lang='grc' dir='ltr'><strong>ἱερωσύνην</strong></span> <span class='ocrx_word' id='word_1_314' title='bbox 3103 1724 3185 1776; x_wconf 87' lang='grc' dir='ltr'>ὅτι</span> <span class='ocrx_word' id='word_1_315' title='bbox 3227 1724 3289 1794; x_wconf 87' lang='grc' dir='ltr'>δὴ</span> <span class='ocrx_word' id='word_1_316' title='bbox 3343 1723 3575 1795; x_wconf 83' lang='grc' dir='ltr'>μάλιστα</span> <span class='ocrx_word' id='word_1_317' title='bbox 3605 1723 3823 1794; x_wconf 81' lang='grc' dir='ltr'><strong>συνήθη</strong></span> <span class='ocrx_word' id='word_1_318' title='bbox 3856 1741 3915 1775; x_wconf 89' lang='grc' dir='ltr'><strong>τε</strong></span> <span class='ocrx_word' id='word_1_319' title='bbox 3949 1726 4027 1775; x_wconf 66' lang='grc' dir='ltr'><strong>καὶ</strong></span> 
     </span>
    </p>
   </div>
   <div class='ocr_carea' id='block_1_41' title="bbox 2443 1814 4025 1886">
    <p class='ocr_par' dir='ltr' id='par_1_41' title="bbox 2443 1814 4025 1886">
     <span class='ocr_line' id='line_1_41' title="bbox 2443 1814 4025 1886; baseline -0.001 -20"><span class='ocrx_word' id='word_1_320' title='bbox 2443 1814 2924 1886; x_wconf 79' lang='grc' dir='ltr'><strong>πρεπωδεστάτην,</strong></span> <span class='ocrx_word' id='word_1_321' title='bbox 2948 1814 3010 1867; x_wconf 85' lang='grc' dir='ltr'><strong>ού</strong></span> <span class='ocrx_word' id='word_1_322' title='bbox 3041 1817 3107 1886; x_wconf 76' lang='grc' dir='ltr'>τῇ</span> <span class='ocrx_word' id='word_1_323' title='bbox 3145 1815 3312 1870; x_wconf 79' lang='grc' dir='ltr'>αὐτοῦ</span> <span class='ocrx_word' id='word_1_324' title='bbox 3343 1815 3502 1886; x_wconf 85' lang='grc' dir='ltr'>φύσει</span> <span class='ocrx_word' id='word_1_325' title='bbox 3531 1816 3766 1884; x_wconf 78' lang='grc' dir='ltr'>μᾶλλον,</span> <span class='ocrx_word' id='word_1_326' title='bbox 3797 1815 3933 1867; x_wconf 75' lang='grc' dir='ltr'>ἀλλὰ</span> <span class='ocrx_word' id='word_1_327' title='bbox 3974 1818 4025 1882; x_wconf 75' lang='grc' dir='ltr'>τῇ</span> 
     </span>
    </p>
   </div>
   <div class='ocr_carea' id='block_1_42' title="bbox 2445 1901 4026 1979">
    <p class='ocr_par' dir='ltr' id='par_1_42' title="bbox 2445 1901 4026 1979">
     <span class='ocr_line' id='line_1_42' title="bbox 2445 1901 4026 1979; baseline -0.001 -21"><span class='ocrx_word' id='word_1_328' title='bbox 2445 1904 2568 1958; x_wconf 86' lang='grc' dir='ltr'>καθ’</span> <span class='ocrx_word' id='word_1_329' title='bbox 2601 1906 2768 1974; x_wconf 79' lang='grc' dir='ltr'>ἡμᾶς,</span> <span class='ocrx_word' id='word_1_330' title='bbox 2797 1905 3044 1958; x_wconf 83' lang='grc' dir='ltr'><strong>τουτέστι</strong></span> <span class='ocrx_word' id='word_1_331' title='bbox 3074 1908 3142 1977; x_wconf 78' lang='grc' dir='ltr'>τῇ</span> <span class='ocrx_word' id='word_1_332' title='bbox 3174 1904 3524 1979; x_wconf 72' lang='grc' dir='ltr'>ἀνθρωπίνῃο</span> <span class='ocrx_word' id='word_1_333' title='bbox 3554 1901 3625 1976; x_wconf 81' lang='grc' dir='ltr'><strong>ῆς</strong></span> <span class='ocrx_word' id='word_1_334' title='bbox 3657 1905 3899 1974; x_wconf 77' lang='grc' dir='ltr'>ἐπείπερ</span> <span class='ocrx_word' id='word_1_335' title='bbox 3932 1906 4026 1965; x_wconf 68' lang='lat' dir='ltr'><strong>iss;</strong></span> 
     </span>
    </p>
   </div>
   <div class='ocr_carea' id='block_1_43' title="bbox 2444 1995 4026 2068">
    <p class='ocr_par' dir='ltr' id='par_1_43' title="bbox 2444 1995 4026 2068">
     <span class='ocr_line' id='line_1_43' title="bbox 2444 1995 4026 2068; baseline -0.003 -19"><span class='ocrx_word' id='word_1_336' title='bbox 2444 1997 2688 2066; x_wconf 89' lang='grc' dir='ltr'>γέγονεν,</span> <span class='ocrx_word' id='word_1_337' title='bbox 2723 1995 2988 2067; x_wconf 82' lang='grc' dir='ltr'>ὑπομένει</span> <span class='ocrx_word' id='word_1_338' title='bbox 3045 1996 3114 2051; x_wconf 87' lang='grc' dir='ltr'><strong>τά</strong></span> <span class='ocrx_word' id='word_1_339' title='bbox 3160 1998 3356 2068; x_wconf 75' lang='grc' dir='ltr'>αὐτῆς,</span> <span class='ocrx_word' id='word_1_340' title='bbox 3398 1996 3766 2067; x_wconf 79' lang='grc' dir='ltr'>ἀδικούμενος</span> <span class='ocrx_word' id='word_1_341' title='bbox 3793 1995 4026 2050; x_wconf 70' lang='grc' dir='ltr'>ἐντεῦθεν</span> 
     </span>
    </p>
   </div>
   <div class='ocr_carea' id='block_1_44' title="bbox 2443 2088 4026 2162">
    <p class='ocr_par' dir='ltr' id='par_1_44' title="bbox 2443 2088 4026 2162">
     <span class='ocr_line' id='line_1_44' title="bbox 2443 2088 4026 2162; baseline -0.002 -20"><span class='ocrx_word' id='word_1_342' title='bbox 2443 2089 2504 2142; x_wconf 85' lang='grc' dir='ltr'>τὸ</span> <span class='ocrx_word' id='word_1_343' title='bbox 2542 2089 2764 2159; x_wconf 82' lang='grc' dir='ltr'>σύμπαν</span> <span class='ocrx_word' id='word_1_344' title='bbox 2792 2089 2966 2152; x_wconf 82' lang='grc' dir='ltr'>οὐδὲν,</span> <span class='ocrx_word' id='word_1_345' title='bbox 3009 2090 3279 2162; x_wconf 83' lang='grc' dir='ltr'>εὐτέχνως</span> <span class='ocrx_word' id='word_1_346' title='bbox 3309 2089 3366 2143; x_wconf 86' lang='grc' dir='ltr'>δὲ</span> <span class='ocrx_word' id='word_1_347' title='bbox 3400 2089 3600 2161; x_wconf 85' lang='grc' dir='ltr'>μᾶλλον</span> <span class='ocrx_word' id='word_1_348' title='bbox 3630 2091 3697 2161; x_wconf 78' lang='grc' dir='ltr'>τῇ</span> <span class='ocrx_word' id='word_1_349' title='bbox 3737 2088 3883 2158; x_wconf 80' lang='grc' dir='ltr'>μετὰ</span> <span class='ocrx_word' id='word_1_350' title='bbox 3907 2105 4026 2157; x_wconf 79' lang='grc' dir='ltr'>σαρ-</span> 
     </span>
    </p>
   </div>
   <div class='ocr_carea' id='block_1_45' title="bbox 2444 2177 4028 2252">
    <p class='ocr_par' dir='ltr' id='par_1_45' title="bbox 2444 2177 4028 2252">
     <span class='ocr_line' id='line_1_45' title="bbox 2444 2177 4028 2252; baseline -0.01 -10"><span class='ocrx_word' id='word_1_351' title='bbox 2444 2179 2538 2241; x_wconf 77' lang='grc' dir='ltr'><strong>κδς</strong></span> <span class='ocrx_word' id='word_1_352' title='bbox 2556 2179 2839 2250; x_wconf 71' lang='grc' dir='ltr'>οἰκονομίᾳ</span> <span class='ocrx_word' id='word_1_353' title='bbox 2863 2179 3388 2252; x_wconf 82' lang='grc' dir='ltr'>χρώμενος.Ὠσπερ</span> <span class='ocrx_word' id='word_1_354' title='bbox 3408 2181 3517 2251; x_wconf 83' lang='grc' dir='ltr'>γὰρ</span> <span class='ocrx_word' id='word_1_355' title='bbox 3541 2179 3639 2234; x_wconf 78' lang='grc' dir='ltr'>καὶ</span> <span class='ocrx_word' id='word_1_356' title='bbox 3665 2179 3729 2231; x_wconf 82' lang='grc' dir='ltr'><strong>τὸ</strong></span> <span class='ocrx_word' id='word_1_357' title='bbox 3754 2179 3858 2249; x_wconf 75' lang='grc' dir='ltr'>τὴν</span> <span class='ocrx_word' id='word_1_358' title='bbox 3881 2177 4028 2247; x_wconf 70' lang='grc' dir='ltr'>φύσιν</span> 
     </span>
    </p>
   </div>
   <div class='ocr_carea' id='block_1_46' title="bbox 2444 2268 4028 2343">
    <p class='ocr_par' dir='ltr' id='par_1_46' title="bbox 2444 2268 4028 2343">
     <span class='ocr_line' id='line_1_46' title="bbox 2444 2268 4028 2343; baseline -0.002 -21"><span class='ocrx_word' id='word_1_359' title='bbox 2444 2269 2651 2341; x_wconf 86' lang='grc' dir='ltr'>Κύριος</span> <span class='ocrx_word' id='word_1_360' title='bbox 2688 2270 2766 2324; x_wconf 82' lang='grc' dir='ltr'>ὢν</span> <span class='ocrx_word' id='word_1_361' title='bbox 2820 2271 3130 2343; x_wconf 76' lang='grc' dir='ltr'>μεμένηκεν</span> <span class='ocrx_word' id='word_1_362' title='bbox 3163 2273 3301 2343; x_wconf 84' lang='grc' dir='ltr'>ὅπερ</span> <span class='ocrx_word' id='word_1_363' title='bbox 3336 2268 3426 2343; x_wconf 74' lang='grc' dir='ltr'>ἦν,</span> <span class='ocrx_word' id='word_1_364' title='bbox 3467 2272 3564 2327; x_wconf 71' lang='grc' dir='ltr'>καὶ</span> <span class='ocrx_word' id='word_1_365' title='bbox 3613 2273 3664 2325; x_wconf 87' lang='grc' dir='ltr'>εἱ</span> <span class='ocrx_word' id='word_1_366' title='bbox 3711 2270 4028 2339; x_wconf 74' lang='grc' dir='ltr'>γέγονεν’ἑν</span> 
     </span>
    </p>
   </div>
   <div class='ocr_carea' id='block_1_47' title="bbox 2441 2362 4028 2436">
    <p class='ocr_par' dir='ltr' id='par_1_47' title="bbox 2441 2362 4028 2436">
     <span class='ocr_line' id='line_1_47' title="bbox 2441 2362 4028 2436; baseline -0.001 -21"><span class='ocrx_word' id='word_1_367' title='bbox 2441 2365 2508 2434; x_wconf 76' lang='grc' dir='ltr'>τῇ</span> <span class='ocrx_word' id='word_1_368' title='bbox 2540 2362 2632 2415; x_wconf 86' lang='grc' dir='ltr'><strong>τοῦ</strong></span> <span class='ocrx_word' id='word_1_369' title='bbox 2665 2363 2850 2416; x_wconf 87' lang='grc' dir='ltr'>δούλου</span> <span class='ocrx_word' id='word_1_370' title='bbox 2881 2368 3064 2436; x_wconf 74' lang='grc' dir='ltr'>μορφῇ</span> <span class='ocrx_word' id='word_1_371' title='bbox 3087 2382 3102 2397; x_wconf 79' lang='grc' dir='ltr'><strong>ο</strong></span> <span class='ocrx_word' id='word_1_372' title='bbox 3124 2364 3268 2418; x_wconf 77' lang='grc' dir='ltr'>οὕτω</span> <span class='ocrx_word' id='word_1_373' title='bbox 3300 2365 3479 2436; x_wconf 78' lang='grc' dir='ltr'>φαμὲν</span> <span class='ocrx_word' id='word_1_374' title='bbox 3501 2365 3583 2418; x_wconf 85' lang='grc' dir='ltr'>ὅτι</span> <span class='ocrx_word' id='word_1_375' title='bbox 3605 2364 3791 2418; x_wconf 83' lang='grc' dir='ltr'>καίτοι</span> <span class='ocrx_word' id='word_1_376' title='bbox 3814 2365 4028 2435; x_wconf 60' lang='grc' dir='ltr'>μυρίους</span> 
     </span>
    </p>
   </div>
   <div class='ocr_carea' id='block_1_48' title="bbox 2442 2454 4031 2527">
    <p class='ocr_par' dir='ltr' id='par_1_48' title="bbox 2442 2454 4031 2527">
     <span class='ocr_line' id='line_1_48' title="bbox 2442 2454 4031 2527; baseline 0 -20"><span class='ocrx_word' id='word_1_377' title='bbox 2442 2454 2582 2524; x_wconf 77' lang='grc' dir='ltr'>ἔχων</span> <span class='ocrx_word' id='word_1_378' title='bbox 2603 2457 2660 2508; x_wconf 82' lang='grc' dir='ltr'><strong>ἐν</strong></span> <span class='ocrx_word' id='word_1_379' title='bbox 2684 2455 2899 2525; x_wconf 79' lang='grc' dir='ltr'>οὐρανῷ</span> <span class='ocrx_word' id='word_1_380' title='bbox 2923 2457 3048 2519; x_wconf 77' lang='grc' dir='ltr'>τοὺς</span> <span class='ocrx_word' id='word_1_381' title='bbox 3075 2456 3492 2527; x_wconf 88' lang='grc' dir='ltr'>ἱερουργοῦντας</span> <span class='ocrx_word' id='word_1_382' title='bbox 3517 2456 3691 2526; x_wconf 80' lang='grc' dir='ltr'>αὐτῷ,</span> <span class='ocrx_word' id='word_1_383' title='bbox 3713 2457 3819 2518; x_wconf 76' lang='grc' dir='ltr'>τὰς</span> <span class='ocrx_word' id='word_1_384' title='bbox 3844 2456 4031 2525; x_wconf 70' lang='grc' dir='ltr'>νοητὰς</span> 
     </span>
    </p>
   </div>
   <div class='ocr_carea' id='block_1_49' title="bbox 2439 2545 4029 2616">
    <p class='ocr_par' dir='ltr' id='par_1_49' title="bbox 2439 2545 4029 2616">
     <span class='ocr_line' id='line_1_49' title="bbox 2439 2545 4029 2616; baseline -0.001 -19"><span class='ocrx_word' id='word_1_385' title='bbox 2439 2545 2684 2616; x_wconf 80' lang='grc' dir='ltr'>δηλονότι</span> <span class='ocrx_word' id='word_1_386' title='bbox 2723 2545 2816 2598; x_wconf 76' lang='grc' dir='ltr'><strong>καὶ</strong></span> <span class='ocrx_word' id='word_1_387' title='bbox 2844 2545 3217 2615; x_wconf 86' lang='grc' dir='ltr'>ἀναιμάκτους</span> <span class='ocrx_word' id='word_1_388' title='bbox 3247 2545 3457 2609; x_wconf 81' lang='grc' dir='ltr'>θυσίας,</span> <span class='ocrx_word' id='word_1_389' title='bbox 3493 2545 3700 2615; x_wconf 79' lang='grc' dir='ltr'>ὕμνους</span> <span class='ocrx_word' id='word_1_390' title='bbox 3747 2547 3847 2596; x_wconf 70' lang='grc' dir='ltr'><strong>καὶ</strong></span> <span class='ocrx_word' id='word_1_391' title='bbox 3892 2545 4029 2607; x_wconf 79' lang='grc' dir='ltr'>δοξο-</span> 
     </span>
    </p>
   </div>
   <div class='ocr_carea' id='block_1_50' title="bbox 2441 2633 4026 2706">
    <p class='ocr_par' dir='ltr' id='par_1_50' title="bbox 2441 2633 4026 2706">
     <span class='ocr_line' id='line_1_50' title="bbox 2441 2633 4026 2706; baseline -0.001 -19"><span class='ocrx_word' id='word_1_392' title='bbox 2441 2634 2649 2702; x_wconf 86' lang='grc' dir='ltr'>λογίας,</span> <span class='ocrx_word' id='word_1_393' title='bbox 2668 2635 2764 2687; x_wconf 77' lang='grc' dir='ltr'>καὶ</span> <span class='ocrx_word' id='word_1_394' title='bbox 2791 2633 2889 2706; x_wconf 74' lang='grc' dir='ltr'>τὴν</span> <span class='ocrx_word' id='word_1_395' title='bbox 2915 2634 3036 2687; x_wconf 88' lang='grc' dir='ltr'>καθ’</span> <span class='ocrx_word' id='word_1_396' title='bbox 3054 2635 3204 2705; x_wconf 75' lang='grc' dir='ltr'>ἡμᾶς</span> <span class='ocrx_word' id='word_1_397' title='bbox 3226 2633 3529 2705; x_wconf 83' lang='grc' dir='ltr'>ἱερωσύνην</span> <span class='ocrx_word' id='word_1_398' title='bbox 3557 2636 3792 2687; x_wconf 70' lang='grc' dir='ltr'>ποιεῖταο</span> <span class='ocrx_word' id='word_1_399' title='bbox 3820 2633 4026 2703; x_wconf 66' lang='grc' dir='ltr'>δεκτήν,</span> 
     </span>
    </p>
   </div>
   <div class='ocr_carea' id='block_1_51' title="bbox 2439 2725 4028 2798">
    <p class='ocr_par' dir='ltr' id='par_1_51' title="bbox 2439 2725 4028 2798">
     <span class='ocr_line' id='line_1_51' title="bbox 2439 2725 4028 2798; baseline -0.002 -18"><span class='ocrx_word' id='word_1_400' title='bbox 2439 2725 2741 2789; x_wconf 78' lang='grc' dir='ltr'>άποσὼξων</span> <span class='ocrx_word' id='word_1_401' title='bbox 2770 2725 3046 2796; x_wconf 82' lang='grc' dir='ltr'>πανταχοῦ</span> <span class='ocrx_word' id='word_1_402' title='bbox 3076 2729 3190 2791; x_wconf 85' lang='grc' dir='ltr'>τοῖς</span> <span class='ocrx_word' id='word_1_403' title='bbox 3217 2728 3315 2797; x_wconf 87' lang='grc' dir='ltr'><strong>τῆς</strong></span> <span class='ocrx_word' id='word_1_404' title='bbox 3346 2727 3778 2798; x_wconf 75' lang='grc' dir='ltr'>άνθρωπότητος</span> <span class='ocrx_word' id='word_1_405' title='bbox 3816 2728 4028 2797; x_wconf 78' lang='grc' dir='ltr'>μέτροις</span> 
     </span>
    </p>
   </div>
   <div class='ocr_carea' id='block_1_52' title="bbox 2439 2813 4029 2887">
    <p class='ocr_par' dir='ltr' id='par_1_52' title="bbox 2439 2813 4029 2887">
     <span class='ocr_line' id='line_1_52' title="bbox 2439 2813 4029 2887; baseline -0.001 -21"><span class='ocrx_word' id='word_1_406' title='bbox 2439 2813 2510 2867; x_wconf 86' lang='grc' dir='ltr'><strong>τά</strong></span> <span class='ocrx_word' id='word_1_407' title='bbox 2554 2815 2839 2882; x_wconf 82' lang='grc' dir='ltr'>πρέποντά</span> <span class='ocrx_word' id='word_1_408' title='bbox 2878 2832 2938 2867; x_wconf 87' lang='grc' dir='ltr'><strong>τε</strong></span> <span class='ocrx_word' id='word_1_409' title='bbox 2973 2817 3067 2869; x_wconf 71' lang='grc' dir='ltr'><strong>καὶ</strong></span> <span class='ocrx_word' id='word_1_410' title='bbox 3100 2816 3316 2870; x_wconf 81' lang='grc' dir='ltr'>ἐοικότα</span> <span class='ocrx_word' id='word_1_411' title='bbox 3346 2817 3506 2887; x_wconf 73' lang='grc' dir='ltr'>αὐτῇ.</span> <span class='ocrx_word' id='word_1_412' title='bbox 3538 2816 3825 2884; x_wconf 81' lang='grc' dir='ltr'>Κέκληται</span> <span class='ocrx_word' id='word_1_413' title='bbox 3858 2816 4029 2867; x_wconf 75' lang='grc' dir='ltr'>τοίνυν</span> 
     </span>
    </p>
   </div>
   <div class='ocr_carea' id='block_1_53' title="bbox 2444 2902 4029 2975">
    <p class='ocr_par' dir='ltr' id='par_1_53' title="bbox 2444 2902 4029 2975">
     <span class='ocr_line' id='line_1_53' title="bbox 2444 2902 4029 2975; baseline 0 -21"><span class='ocrx_word' id='word_1_414' title='bbox 2444 2902 2584 2954; x_wconf 78' lang='grc' dir='ltr'>καθά</span> <span class='ocrx_word' id='word_1_415' title='bbox 2605 2905 2698 2955; x_wconf 76' lang='grc' dir='ltr'><strong>καὶ</strong></span> <span class='ocrx_word' id='word_1_416' title='bbox 2727 2903 2959 2974; x_wconf 69' lang='grc' dir='ltr'>Ἀαρὼν,</span> <span class='ocrx_word' id='word_1_417' title='bbox 2980 2903 3118 2974; x_wconf 82' lang='grc' dir='ltr'>πλὴν</span> <span class='ocrx_word' id='word_1_418' title='bbox 3142 2905 3243 2957; x_wconf 81' lang='grc' dir='ltr'>οὐκ</span> <span class='ocrx_word' id='word_1_419' title='bbox 3272 2907 3330 2957; x_wconf 85' lang='grc' dir='ltr'>ὲν</span> <span class='ocrx_word' id='word_1_420' title='bbox 3356 2906 3455 2973; x_wconf 84' lang='grc' dir='ltr'>ίσῳ</span> <span class='ocrx_word' id='word_1_421' title='bbox 3481 2905 3688 2975; x_wconf 79' lang='grc' dir='ltr'>τρόπῳ.</span> <span class='ocrx_word' id='word_1_422' title='bbox 3705 2903 3768 2956; x_wconf 85' lang='lat'><strong>&#39;0</strong></span> <span class='ocrx_word' id='word_1_423' title='bbox 3805 2903 3906 2972; x_wconf 86' lang='grc' dir='ltr'>μὲν</span> <span class='ocrx_word' id='word_1_424' title='bbox 3932 2905 4029 2971; x_wconf 69' lang='grc' dir='ltr'>γὰρ</span> 
     </span>
    </p>
   </div>
   <div class='ocr_carea' id='block_1_54' title="bbox 2443 2990 4028 3064">
    <p class='ocr_par' dir='ltr' id='par_1_54' title="bbox 2443 2990 4028 3064">
     <span class='ocr_line' id='line_1_54' title="bbox 2443 2990 4028 3064; baseline -0.013 -3"><span class='ocrx_word' id='word_1_425' title='bbox 2443 2992 2656 3060; x_wconf 68' lang='grc' dir='ltr'><strong>ὲὶίρί-ιίτο</strong></span> <span class='ocrx_word' id='word_1_426' title='bbox 2700 2992 2836 3062; x_wconf 85' lang='grc' dir='ltr'>πρὸς</span> <span class='ocrx_word' id='word_1_427' title='bbox 2886 2994 3219 3063; x_wconf 82' lang='grc' dir='ltr'>ἱερουργίαν,</span> <span class='ocrx_word' id='word_1_428' title='bbox 3251 2997 3346 3046; x_wconf 80' lang='grc' dir='ltr'><strong>καὶ</strong></span> <span class='ocrx_word' id='word_1_429' title='bbox 3385 2990 3454 3064; x_wconf 79' lang='grc' dir='ltr'><strong>ῆν</strong></span> <span class='ocrx_word' id='word_1_430' title='bbox 3503 2995 3759 3063; x_wconf 71' lang='grc' dir='ltr'>οἰκέτης·</span> <span class='ocrx_word' id='word_1_431' title='bbox 3797 2995 3826 3045; x_wconf 92' lang='lat'><strong>6</strong></span> <span class='ocrx_word' id='word_1_432' title='bbox 3869 2993 3928 3046; x_wconf 80' lang='grc' dir='ltr'>δὲ</span> 
     </span>
    </p>
   </div>
   <div class='ocr_carea' id='block_1_55' title="bbox 2445 3083 4028 3156">
    <p class='ocr_par' dir='ltr' id='par_1_55' title="bbox 2445 3083 4028 3156">
     <span class='ocr_line' id='line_1_55' title="bbox 2445 3083 4028 3156; baseline 0.001 -21"><span class='ocrx_word' id='word_1_433' title='bbox 2445 3083 2574 3146; x_wconf 82' lang='grc' dir='ltr'>Υἱὸς</span> <span class='ocrx_word' id='word_1_434' title='bbox 2606 3083 2873 3149; x_wconf 80' lang='grc' dir='ltr'>καλεῖται,</span> <span class='ocrx_word' id='word_1_435' title='bbox 2911 3084 3003 3137; x_wconf 70' lang='grc' dir='ltr'>καὶ</span> <span class='ocrx_word' id='word_1_436' title='bbox 3041 3085 3182 3138; x_wconf 76' lang='grc' dir='ltr'>κατὰ</span> <span class='ocrx_word' id='word_1_437' title='bbox 3231 3085 3328 3156; x_wconf 79' lang='grc' dir='ltr'>τὴν</span> <span class='ocrx_word' id='word_1_438' title='bbox 3381 3085 3536 3152; x_wconf 81' lang='grc' dir='ltr'>τάξιν</span> <span class='ocrx_word' id='word_1_439' title='bbox 3564 3085 3908 3155; x_wconf 80' lang='grc' dir='ltr'>Μελχισεδὲκ</span> <span class='ocrx_word' id='word_1_440' title='bbox 3961 3086 4028 3136; x_wconf 73' lang='grc' dir='ltr'><strong>ξε-</strong></span> 
     </span>
    </p>
   </div>
   <div class='ocr_carea' id='block_1_56' title="bbox 765 3173 2343 3249">
    <p class='ocr_par' dir='ltr' id='par_1_56' title="bbox 765 3175 2339 3248">
     <span class='ocr_line' id='line_1_56' title="bbox 765 3175 2339 3248; baseline -0.001 -16"><span class='ocrx_word' id='word_1_441' title='bbox 765 3187 942 3233; x_wconf 89' lang='lat' dir='ltr'><strong>tamen</strong></span> <span class='ocrx_word' id='word_1_442' title='bbox 974 3175 1243 3232; x_wconf 87' lang='lat' dir='ltr'><strong>dissimili.</strong></span> <span class='ocrx_word' id='word_1_443' title='bbox 1278 3175 1371 3232; x_wconf 90' lang='lat' dir='ltr'><strong>llle</strong></span> <span class='ocrx_word' id='word_1_444' title='bbox 1397 3177 1539 3231; x_wconf 88' lang='lat' dir='ltr'><strong>enim</strong></span> <span class='ocrx_word' id='word_1_445' title='bbox 1565 3186 1824 3248; x_wconf 86' lang='lat' dir='ltr'><strong>tanquam</strong></span> <span class='ocrx_word' id='word_1_446' title='bbox 1848 3191 2040 3232; x_wconf 86' lang='lat' dir='ltr'><strong>servus</strong></span> <span class='ocrx_word' id='word_1_447' title='bbox 2086 3177 2339 3231; x_wconf 89' lang='lat' dir='ltr'><strong>inunctus</strong></span> 
     </span>
    </p>
   </div>
   <div class='ocr_carea' id='block_1_57' title="bbox 2446 3173 4030 3249">
    <p class='ocr_par' dir='ltr' id='par_1_57' title="bbox 2446 3173 4030 3249">
     <span class='ocr_line' id='line_1_57' title="bbox 2446 3173 4030 3249; baseline 0.001 -23"><span class='ocrx_word' id='word_1_448' title='bbox 2446 3176 2669 3245; x_wconf 89' lang='grc' dir='ltr'>ρουργεί</span> <span class='ocrx_word' id='word_1_449' title='bbox 2703 3173 2780 3244; x_wconf 83' lang='grc' dir='ltr'>τῷ</span> <span class='ocrx_word' id='word_1_450' title='bbox 2829 3174 3023 3245; x_wconf 88' lang='grc' dir='ltr'>Πατρί.</span> <span class='ocrx_word' id='word_1_451' title='bbox 3070 3176 3181 3228; x_wconf 73' lang='grc' dir='ltr'>Καὶ</span> <span class='ocrx_word' id='word_1_452' title='bbox 3215 3178 3306 3229; x_wconf 87' lang='grc' dir='ltr'>τόν</span> <span class='ocrx_word' id='word_1_453' title='bbox 3341 3193 3404 3243; x_wconf 90' lang='grc' dir='ltr'><strong>γε</strong></span> <span class='ocrx_word' id='word_1_454' title='bbox 3438 3175 3539 3247; x_wconf 87' lang='grc' dir='ltr'><strong>τῆς</strong></span> <span class='ocrx_word' id='word_1_455' title='bbox 3591 3176 3917 3249; x_wconf 71' lang='grc' dir='ltr'>ἱερουργίας</span> <span class='ocrx_word' id='word_1_456' title='bbox 3954 3177 4030 3239; x_wconf 76' lang='grc' dir='ltr'><strong>ἐξ·</strong></span> 
     </span>
    </p>
   </div>
   <div class='ocr_carea' id='block_1_58' title="bbox 761 3272 2340 3349">
    <p class='ocr_par' dir='ltr' id='par_1_58' title="bbox 761 3272 2340 3349">
     <span class='ocr_line' id='line_1_58' title="bbox 761 3272 2340 3349; baseline -0.002 -19"><span class='ocrx_word' id='word_1_457' title='bbox 761 3284 847 3330; x_wconf 90' lang='lat' dir='ltr'><strong>est</strong></span> <span class='ocrx_word' id='word_1_458' title='bbox 895 3275 962 3328; x_wconf 90' lang='lat' dir='ltr'><strong>ad</strong></span> <span class='ocrx_word' id='word_1_459' title='bbox 1011 3273 1414 3340; x_wconf 86' lang='lat' dir='ltr'><strong>ministerium;</strong></span> <span class='ocrx_word' id='word_1_460' title='bbox 1451 3273 1540 3329; x_wconf 88' lang='lat' dir='ltr'><strong>hic</strong></span> <span class='ocrx_word' id='word_1_461' title='bbox 1573 3288 1704 3330; x_wconf 82' lang='lat' dir='ltr'><strong>vero</strong></span> <span class='ocrx_word' id='word_1_462' title='bbox 1748 3275 2047 3349; x_wconf 88' lang='lat' dir='ltr'><strong>secundum</strong></span> <span class='ocrx_word' id='word_1_463' title='bbox 2092 3272 2340 3328; x_wconf 90' lang='lat' dir='ltr'><strong>ordinem</strong></span> 
     </span>
    </p>
   </div>
   <div class='ocr_carea' id='block_1_59' title="bbox 761 3363 2343 3434">
    <p class='ocr_par' dir='ltr' id='par_1_59' title="bbox 761 3363 2343 3434">
     <span class='ocr_line' id='line_1_59' title="bbox 761 3363 2343 3434; baseline -0.001 -14"><span class='ocrx_word' id='word_1_464' title='bbox 761 3364 1124 3421; x_wconf 76' lang='lat' dir='ltr'><strong>Melchisedec</strong></span> <span class='ocrx_word' id='word_1_465' title='bbox 1152 3375 1484 3434; x_wconf 87' lang='lat' dir='ltr'><strong>assumptus,</strong></span> <span class='ocrx_word' id='word_1_466' title='bbox 1516 3374 1773 3434; x_wconf 89' lang='lat' dir='ltr'><strong>tanquam</strong></span> <span class='ocrx_word' id='word_1_467' title='bbox 1802 3365 1974 3421; x_wconf 84' lang='lat' dir='ltr'><strong>Filius</strong></span> <span class='ocrx_word' id='word_1_468' title='bbox 1995 3363 2343 3420; x_wconf 88' lang='lat' dir='ltr'><strong>administrat</strong></span> 
     </span>
    </p>
   </div>
   <div class='ocr_carea' id='block_1_60' title="bbox 762 3452 2341 3526">
    <p class='ocr_par' dir='ltr' id='par_1_60' title="bbox 762 3452 2341 3526">
     <span class='ocr_line' id='line_1_60' title="bbox 762 3452 2341 3526; baseline -0.004 -15"><span class='ocrx_word' id='word_1_469' title='bbox 762 3456 931 3511; x_wconf 86' lang='lat' dir='ltr'><strong>Patri.</strong></span> <span class='ocrx_word' id='word_1_470' title='bbox 964 3454 1332 3512; x_wconf 89' lang='lat' dir='ltr'><strong>Sacerdotalis</strong></span> <span class='ocrx_word' id='word_1_471' title='bbox 1356 3469 1518 3526; x_wconf 90' lang='lat' dir='ltr'><strong>porro</strong></span> <span class='ocrx_word' id='word_1_472' title='bbox 1552 3453 1846 3510; x_wconf 87' lang='lat' dir='ltr'><strong>ministerii</strong></span> <span class='ocrx_word' id='word_1_473' title='bbox 1876 3455 2094 3508; x_wconf 87' lang='lat' dir='ltr'><strong>modum</strong></span> <span class='ocrx_word' id='word_1_474' title='bbox 2127 3452 2341 3507; x_wconf 78' lang='lat' dir='ltr'><strong>divinus</strong></span> 
     </span>
    </p>
   </div>
   <div class='ocr_carea' id='block_1_61' title="bbox 763 3543 2342 3612">
    <p class='ocr_par' dir='ltr' id='par_1_61' title="bbox 763 3543 2342 3612">
     <span class='ocr_line' id='line_1_61' title="bbox 763 3543 2342 3612; baseline -0.003 -10"><span class='ocrx_word' id='word_1_475' title='bbox 763 3546 992 3612; x_wconf 81' lang='lat' dir='ltr'><strong>Paulus,</strong></span> <span class='ocrx_word' id='word_1_476' title='bbox 1045 3547 1113 3600; x_wconf 89' lang='lat' dir='ltr'><strong>de</strong></span> <span class='ocrx_word' id='word_1_477' title='bbox 1160 3546 1385 3602; x_wconf 86' lang='lat' dir='ltr'><strong>Christo</strong></span> <span class='ocrx_word' id='word_1_478' title='bbox 1451 3547 1693 3601; x_wconf 90' lang='lat' dir='ltr'><strong>omnium</strong></span> <span class='ocrx_word' id='word_1_479' title='bbox 1762 3554 2006 3601; x_wconf 91' lang='lat' dir='ltr'><strong>nostrum</strong></span> <span class='ocrx_word' id='word_1_480' title='bbox 2061 3543 2342 3600; x_wconf 85' lang='lat' dir='ltr'><strong>Salvatore</strong></span> 
     </span>
    </p>
   </div>
   <div class='ocr_carea' id='block_1_62' title="bbox 767 3633 2343 3705">
    <p class='ocr_par' dir='ltr' id='par_1_62' title="bbox 767 3633 2343 3705">
     <span class='ocr_line' id='line_1_62' title="bbox 767 3633 2343 3705; baseline -0.004 -12"><span class='ocrx_word' id='word_1_481' title='bbox 767 3636 1040 3700; x_wconf 86' lang='lat' dir='ltr'><strong>scribens,</strong></span> <span class='ocrx_word' id='word_1_482' title='bbox 1091 3635 1234 3690; x_wconf 85' lang='lat' dir='ltr'><strong>[tunc</strong></span> <span class='ocrx_word' id='word_1_483' title='bbox 1267 3635 1320 3690; x_wconf 89' lang='lat' dir='ltr'><strong>in</strong></span> <span class='ocrx_word' id='word_1_484' title='bbox 1367 3635 1583 3690; x_wconf 89' lang='lat' dir='ltr'><strong>modum</strong></span> <span class='ocrx_word' id='word_1_485' title='bbox 1625 3634 1889 3705; x_wconf 86' lang='lat' dir='ltr'><strong>exponit:</strong></span> <span class='ocrx_word' id='word_1_486' title='bbox 1919 3651 1939 3685; x_wconf 81' lang='grc' dir='ltr'><strong>ι</strong></span> <span class='ocrx_word' id='word_1_487' title='bbox 1964 3633 2064 3700; x_wconf 84' lang='lat' dir='ltr'><strong>Qui</strong></span> <span class='ocrx_word' id='word_1_488' title='bbox 2106 3649 2213 3688; x_wconf 90' lang='lat' dir='ltr'><strong>non</strong></span> <span class='ocrx_word' id='word_1_489' title='bbox 2253 3647 2343 3687; x_wconf 85' lang='lat' dir='ltr'><strong>se-</strong></span> 
     </span>
    </p>
   </div>
   <div class='ocr_carea' id='block_1_63' title="bbox 765 3725 2342 3799">
    <p class='ocr_par' dir='ltr' id='par_1_63' title="bbox 765 3725 2342 3799">
     <span class='ocr_line' id='line_1_63' title="bbox 765 3725 2342 3799; baseline -0.003 -17"><span class='ocrx_word' id='word_1_490' title='bbox 765 3729 1001 3783; x_wconf 89' lang='lat' dir='ltr'><strong>cundum</strong></span> <span class='ocrx_word' id='word_1_491' title='bbox 1051 3727 1222 3799; x_wconf 76' lang='lat' dir='ltr'><strong>legem</strong></span> <span class='ocrx_word' id='word_1_492' title='bbox 1302 3725 1545 3781; x_wconf 79' lang='lat' dir='ltr'><strong>mandati</strong></span> <span class='ocrx_word' id='word_1_493' title='bbox 1589 3726 1826 3782; x_wconf 89' lang='lat' dir='ltr'><strong>carnalis</strong></span> <span class='ocrx_word' id='word_1_494' title='bbox 1871 3726 2045 3782; x_wconf 79' lang='lat' dir='ltr'><strong>factus</strong></span> <span class='ocrx_word' id='word_1_495' title='bbox 2087 3734 2196 3791; x_wconf 87' lang='lat' dir='ltr'><strong>est,</strong></span> <span class='ocrx_word' id='word_1_496' title='bbox 2246 3725 2342 3780; x_wconf 84' lang='lat' dir='ltr'><strong>sed</strong></span> 
     </span>
    </p>
   </div>
   <div class='ocr_carea' id='block_1_64' title="bbox 767 3816 2343 3875">
    <p class='ocr_par' dir='ltr' id='par_1_64' title="bbox 767 3816 2343 3875">
     <span class='ocr_line' id='line_1_64' title="bbox 767 3816 2343 3875; baseline -0.004 0"><span class='ocrx_word' id='word_1_497' title='bbox 767 3821 1063 3875; x_wconf 88' lang='lat' dir='ltr'><strong>secundum</strong></span> <span class='ocrx_word' id='word_1_498' title='bbox 1099 3820 1353 3873; x_wconf 90' lang='lat' dir='ltr'><strong>virtutem</strong></span> <span class='ocrx_word' id='word_1_499' title='bbox 1385 3819 1507 3874; x_wconf 66' lang='lat' dir='ltr'><strong>vitae</strong></span> <span class='ocrx_word' id='word_1_500' title='bbox 1549 3817 1943 3874; x_wconf 87' lang='lat' dir='ltr'><strong>indissolubilis</strong></span> <span class='ocrx_word' id='word_1_501' title='bbox 1965 3817 2033 3869; x_wconf 78' lang='grc'><strong>⁸⁸.</strong></span> <span class='ocrx_word' id='word_1_502' title='bbox 2065 3835 2083 3869; x_wconf 74' lang='grc' dir='ltr'><strong>ι</strong></span> <span class='ocrx_word' id='word_1_503' title='bbox 2116 3816 2212 3870; x_wconf 88' lang='lat' dir='ltr'><strong>Est</strong></span> <span class='ocrx_word' id='word_1_504' title='bbox 2243 3817 2343 3869; x_wconf 88' lang='lat' dir='ltr'><strong>ita-</strong></span> 
     </span>
    </p>
   </div>
   <div class='ocr_carea' id='block_1_65' title="bbox 761 3905 2341 3982">
    <p class='ocr_par' dir='ltr' id='par_1_65' title="bbox 761 3905 2341 3982">
     <span class='ocr_line' id='line_1_65' title="bbox 761 3905 2341 3982; baseline -0.006 -14"><span class='ocrx_word' id='word_1_505' title='bbox 761 3927 872 3982; x_wconf 88' lang='lat' dir='ltr'><strong>que</strong></span> <span class='ocrx_word' id='word_1_506' title='bbox 923 3910 1213 3967; x_wconf 85' lang='lat' dir='ltr'><strong>sacerdotii</strong></span> <span class='ocrx_word' id='word_1_507' title='bbox 1250 3909 1393 3966; x_wconf 87' lang='lat' dir='ltr'><strong>illius</strong></span> <span class='ocrx_word' id='word_1_508' title='bbox 1437 3910 1574 3966; x_wconf 90' lang='lat' dir='ltr'><strong>ritus</strong></span> <span class='ocrx_word' id='word_1_509' title='bbox 1615 3909 1722 3964; x_wconf 90' lang='lat' dir='ltr'><strong>ritu</strong></span> <span class='ocrx_word' id='word_1_510' title='bbox 1766 3907 2044 3963; x_wconf 82' lang='lat' dir='ltr'><strong>Aaronico</strong></span> <span class='ocrx_word' id='word_1_511' title='bbox 2084 3905 2202 3960; x_wconf 87' lang='lat' dir='ltr'><strong>sine</strong></span> <span class='ocrx_word' id='word_1_512' title='bbox 2233 3906 2341 3959; x_wconf 89' lang='lat' dir='ltr'><strong>ulla</strong></span> 
     </span>
    </p>
   </div>
   <div class='ocr_carea' id='block_1_66' title="bbox 767 3997 2348 4073">
    <p class='ocr_par' dir='ltr' id='par_1_66' title="bbox 767 3997 2348 4073">
     <span class='ocr_line' id='line_1_66' title="bbox 767 3997 2348 4073; baseline -0.004 -15"><span class='ocrx_word' id='word_1_513' title='bbox 767 4004 1176 4073; x_wconf 86' lang='lat' dir='ltr'><strong>comparatione</strong></span> <span class='ocrx_word' id='word_1_514' title='bbox 1210 4002 1574 4073; x_wconf 70' lang='lat' dir='ltr'><strong>praestantior.</strong></span> <span class='ocrx_word' id='word_1_515' title='bbox 1599 3999 1734 4055; x_wconf 83' lang='lat' dir='ltr'><strong>Nam</strong></span> <span class='ocrx_word' id='word_1_516' title='bbox 1757 3999 1860 4056; x_wconf 91' lang='lat' dir='ltr'><strong>etsi</strong></span> <span class='ocrx_word' id='word_1_517' title='bbox 1895 3999 1986 4053; x_wconf 91' lang='lat' dir='ltr'><strong>ille</strong></span> <span class='ocrx_word' id='word_1_518' title='bbox 2006 3997 2072 4053; x_wconf 90' lang='lat' dir='ltr'><strong>ad</strong></span> <span class='ocrx_word' id='word_1_519' title='bbox 2090 3997 2348 4053; x_wconf 88' lang='lat' dir='ltr'><strong>sacerdo—</strong></span> 
     </span>
    </p>
   </div>
   <div class='ocr_carea' id='block_1_67' title="bbox 768 4090 2348 4158">
    <p class='ocr_par' dir='ltr' id='par_1_67' title="bbox 768 4090 2348 4158">
     <span class='ocr_line' id='line_1_67' title="bbox 768 4090 2348 4158; baseline -0.003 -10"><span class='ocrx_word' id='word_1_520' title='bbox 768 4095 906 4148; x_wconf 91' lang='lat' dir='ltr'><strong>tium</strong></span> <span class='ocrx_word' id='word_1_521' title='bbox 938 4103 1160 4148; x_wconf 84' lang='lat' dir='ltr'><strong>vocatus</strong></span> <span class='ocrx_word' id='word_1_522' title='bbox 1207 4103 1312 4156; x_wconf 91' lang='lat' dir='ltr'><strong>est,</strong></span> <span class='ocrx_word' id='word_1_523' title='bbox 1347 4102 1611 4158; x_wconf 89' lang='lat' dir='ltr'><strong>attamen,</strong></span> <span class='ocrx_word' id='word_1_524' title='bbox 1663 4102 1720 4144; x_wconf 89' lang='lat' dir='ltr'><strong>ut</strong></span> <span class='ocrx_word' id='word_1_525' title='bbox 1765 4092 1924 4146; x_wconf 88' lang='lat' dir='ltr'><strong>modo</strong></span> <span class='ocrx_word' id='word_1_526' title='bbox 1957 4090 2191 4154; x_wconf 90' lang='lat' dir='ltr'><strong>aiebam,</strong></span> <span class='ocrx_word' id='word_1_527' title='bbox 2228 4097 2348 4144; x_wconf 84' lang='lat' dir='ltr'><strong>erat</strong></span> 
     </span>
    </p>
   </div>
   <div class='ocr_carea' id='block_1_68' title="bbox 768 4181 2346 4255">
    <p class='ocr_par' dir='ltr' id='par_1_68' title="bbox 768 4181 2346 4255">
     <span class='ocr_line' id='line_1_68' title="bbox 768 4181 2346 4255; baseline -0.004 -12"><span class='ocrx_word' id='word_1_528' title='bbox 768 4201 1002 4252; x_wconf 81' lang='lat' dir='ltr'><strong>servus;</strong></span> <span class='ocrx_word' id='word_1_529' title='bbox 1044 4186 1131 4241; x_wconf 90' lang='lat' dir='ltr'><strong>hic</strong></span> <span class='ocrx_word' id='word_1_530' title='bbox 1174 4200 1304 4242; x_wconf 84' lang='lat' dir='ltr'><strong>vero</strong></span> <span class='ocrx_word' id='word_1_531' title='bbox 1355 4185 1407 4240; x_wconf 92' lang='lat' dir='ltr'><strong>in</strong></span> <span class='ocrx_word' id='word_1_532' title='bbox 1455 4199 1522 4241; x_wconf 90' lang='lat' dir='ltr'><strong>eo</strong></span> <span class='ocrx_word' id='word_1_533' title='bbox 1567 4199 1782 4255; x_wconf 88' lang='lat' dir='ltr'><strong>quoque</strong></span> <span class='ocrx_word' id='word_1_534' title='bbox 1826 4193 1970 4241; x_wconf 84' lang='lat' dir='ltr'><strong>statu</strong></span> <span class='ocrx_word' id='word_1_535' title='bbox 2023 4183 2116 4238; x_wconf 89' lang='lat' dir='ltr'><strong>Dei</strong></span> <span class='ocrx_word' id='word_1_536' title='bbox 2166 4181 2346 4237; x_wconf 87' lang='lat' dir='ltr'><strong>Patris</strong></span> 
     </span>
    </p>
   </div>
   <div class='ocr_carea' id='block_1_69' title="bbox 771 4275 2347 4350">
    <p class='ocr_par' dir='ltr' id='par_1_69' title="bbox 771 4275 2347 4350">
     <span class='ocr_line' id='line_1_69' title="bbox 771 4275 2347 4350; baseline -0.003 -15"><span class='ocrx_word' id='word_1_537' title='bbox 771 4279 941 4335; x_wconf 87' lang='lat' dir='ltr'><strong>Filius</strong></span> <span class='ocrx_word' id='word_1_538' title='bbox 976 4287 1118 4344; x_wconf 89' lang='lat' dir='ltr'><strong>erat,</strong></span> <span class='ocrx_word' id='word_1_539' title='bbox 1151 4288 1346 4335; x_wconf 88' lang='lat' dir='ltr'><strong>natura</strong></span> <span class='ocrx_word' id='word_1_540' title='bbox 1384 4278 1603 4350; x_wconf 85' lang='lat' dir='ltr'><strong>quidem</strong></span> <span class='ocrx_word' id='word_1_541' title='bbox 1655 4287 1966 4347; x_wconf 72' lang='lat' dir='ltr'><strong>aeternaque</strong></span> <span class='ocrx_word' id='word_1_542' title='bbox 1998 4275 2347 4347; x_wconf 82' lang='lat' dir='ltr'><strong>generatione</strong></span> 
     </span>
    </p>
   </div>
   <div class='ocr_carea' id='block_1_70' title="bbox 769 4366 2346 4437">
    <p class='ocr_par' dir='ltr' id='par_1_70' title="bbox 769 4366 2346 4437">
     <span class='ocr_line' id='line_1_70' title="bbox 769 4366 2346 4437; baseline -0.001 -14"><span class='ocrx_word' id='word_1_543' title='bbox 769 4381 828 4427; x_wconf 91' lang='lat' dir='ltr'><strong>nt</strong></span> <span class='ocrx_word' id='word_1_544' title='bbox 885 4371 1028 4428; x_wconf 89' lang='lat' dir='ltr'><strong>Deus</strong></span> <span class='ocrx_word' id='word_1_545' title='bbox 1070 4381 1125 4426; x_wconf 92' lang='lat' dir='ltr'><strong>et</strong></span> <span class='ocrx_word' id='word_1_546' title='bbox 1166 4369 1437 4437; x_wconf 81' lang='lat' dir='ltr'><strong>Verbum;</strong></span> <span class='ocrx_word' id='word_1_547' title='bbox 1489 4379 1548 4424; x_wconf 88' lang='grc' dir='ltr'><strong>ιιι</strong></span> <span class='ocrx_word' id='word_1_548' title='bbox 1593 4380 1792 4426; x_wconf 73' lang='lat' dir='ltr'><strong>nostra:</strong></span> <span class='ocrx_word' id='word_1_549' title='bbox 1843 4383 1973 4424; x_wconf 90' lang='lat' dir='ltr'><strong>vero</strong></span> <span class='ocrx_word' id='word_1_550' title='bbox 2019 4366 2346 4422; x_wconf 91' lang='lat' dir='ltr'><strong>conditionis</strong></span> 
     </span>
    </p>
   </div>
   <div class='ocr_carea' id='block_1_71' title="bbox 770 4459 2347 4529">
    <p class='ocr_par' dir='ltr' id='par_1_71' title="bbox 770 4459 2347 4529">
     <span class='ocr_line' id='line_1_71' title="bbox 770 4459 2347 4529; baseline -0.004 -12"><span class='ocrx_word' id='word_1_551' title='bbox 770 4466 930 4518; x_wconf 88' lang='lat' dir='ltr'><strong>homo</strong></span> <span class='ocrx_word' id='word_1_552' title='bbox 970 4461 1266 4518; x_wconf 88' lang='lat' dir='ltr'><strong>secundum</strong></span> <span class='ocrx_word' id='word_1_553' title='bbox 1313 4460 1664 4517; x_wconf 84' lang='lat' dir='ltr'><strong>novissimam</strong></span> <span class='ocrx_word' id='word_1_554' title='bbox 1723 4461 1776 4514; x_wconf 90' lang='lat' dir='ltr'><strong>in</strong></span> <span class='ocrx_word' id='word_1_555' title='bbox 1828 4475 1995 4516; x_wconf 87' lang='lat' dir='ltr'><strong>carne</strong></span> <span class='ocrx_word' id='word_1_556' title='bbox 2039 4459 2347 4529; x_wconf 76' lang='lat' dir='ltr'><strong>generatio-</strong></span> 
     </span>
    </p>
   </div>
   <div class='ocr_carea' id='block_1_72' title="bbox 2443 3266 4028 3340">
    <p class='ocr_par' dir='ltr' id='par_1_72' title="bbox 2443 3266 4028 3340">
     <span class='ocr_line' id='line_1_72' title="bbox 2443 3266 4028 3340; baseline 0.007 -22"><span class='ocrx_word' id='word_1_557' title='bbox 2443 3268 2659 3336; x_wconf 85' lang='grc' dir='ltr'>ηγεῖται</span> <span class='ocrx_word' id='word_1_558' title='bbox 2691 3267 2892 3336; x_wconf 75' lang='grc' dir='ltr'>τρόπον</span> <span class='ocrx_word' id='word_1_559' title='bbox 2933 3270 2961 3321; x_wconf 92' lang='lat'><strong>6</strong></span> <span class='ocrx_word' id='word_1_560' title='bbox 3005 3266 3291 3331; x_wconf 82' lang='grc' dir='ltr'>θεσπέσιος</span> <span class='ocrx_word' id='word_1_561' title='bbox 3341 3268 3574 3334; x_wconf 76' lang='grc' dir='ltr'>Παῦλος,</span> <span class='ocrx_word' id='word_1_562' title='bbox 3605 3269 3704 3323; x_wconf 75' lang='grc' dir='ltr'><strong>ὡδὶ</strong></span> <span class='ocrx_word' id='word_1_563' title='bbox 3737 3270 4028 3340; x_wconf 66' lang='grc' dir='ltr'>γεγραφὼς</span> 
     </span>
    </p>
   </div>
   <div class='ocr_carea' id='block_1_73' title="bbox 2445 3358 4027 3432">
    <p class='ocr_par' dir='ltr' id='par_1_73' title="bbox 2445 3358 4027 3432">
     <span class='ocr_line' id='line_1_73' title="bbox 2445 3358 4027 3432; baseline 0.001 -22"><span class='ocrx_word' id='word_1_564' title='bbox 2445 3359 2572 3429; x_wconf 85' lang='grc' dir='ltr'><strong>περὶ</strong></span> <span class='ocrx_word' id='word_1_565' title='bbox 2620 3358 2712 3412; x_wconf 86' lang='grc' dir='ltr'><strong>τοῦ</strong></span> <span class='ocrx_word' id='word_1_566' title='bbox 2758 3359 2978 3427; x_wconf 81' lang='grc' dir='ltr'>πάντων</span> <span class='ocrx_word' id='word_1_567' title='bbox 3022 3361 3179 3430; x_wconf 83' lang='grc' dir='ltr'>ἡμῶν</span> <span class='ocrx_word' id='word_1_568' title='bbox 3212 3361 3464 3432; x_wconf 80' lang='grc' dir='ltr'>Σωτῆρος</span> <span class='ocrx_word' id='word_1_569' title='bbox 3494 3361 3768 3431; x_wconf 74' lang='grc' dir='ltr'>Χριστοῦο</span> <span class='ocrx_word' id='word_1_570' title='bbox 3808 3362 3943 3424; x_wconf 77' lang='grc' dir='ltr'><strong>«⁸ος</strong></span> <span class='ocrx_word' id='word_1_571' title='bbox 3974 3362 4027 3412; x_wconf 72' lang='grc' dir='ltr'><strong>ού</strong></span> 
     </span>
    </p>
   </div>
   <div class='ocr_carea' id='block_1_74' title="bbox 2446 3450 4029 3523">
    <p class='ocr_par' dir='ltr' id='par_1_74' title="bbox 2446 3450 4029 3523">
     <span class='ocr_line' id='line_1_74' title="bbox 2446 3450 4029 3523; baseline -0.001 -18"><span class='ocrx_word' id='word_1_572' title='bbox 2446 3450 2591 3505; x_wconf 84' lang='grc' dir='ltr'>κατὰ</span> <span class='ocrx_word' id='word_1_573' title='bbox 2641 3451 2804 3522; x_wconf 84' lang='grc' dir='ltr'>νόμον</span> <span class='ocrx_word' id='word_1_574' title='bbox 2854 3453 3074 3522; x_wconf 77' lang='grc' dir='ltr'>ἐντολῆς</span> <span class='ocrx_word' id='word_1_575' title='bbox 3124 3453 3387 3523; x_wconf 81' lang='grc' dir='ltr'>σαρκίνης</span> <span class='ocrx_word' id='word_1_576' title='bbox 3438 3453 3684 3521; x_wconf 82' lang='grc' dir='ltr'>γέγονεν,</span> <span class='ocrx_word' id='word_1_577' title='bbox 3713 3451 3857 3506; x_wconf 75' lang='grc' dir='ltr'><strong>ἀλλὰ</strong></span> <span class='ocrx_word' id='word_1_578' title='bbox 3893 3455 4029 3506; x_wconf 76' lang='grc' dir='ltr'><strong>κατὰ</strong></span> 
     </span>
    </p>
   </div>
   <div class='ocr_carea' id='block_1_75' title="bbox 2445 3541 4027 3615">
    <p class='ocr_par' dir='ltr' id='par_1_75' title="bbox 2445 3541 4027 3615">
     <span class='ocr_line' id='line_1_75' title="bbox 2445 3541 4027 3615; baseline 0.003 -21"><span class='ocrx_word' id='word_1_579' title='bbox 2445 3541 2674 3613; x_wconf 89' lang='grc' dir='ltr'>δύναμιν</span> <span class='ocrx_word' id='word_1_580' title='bbox 2725 3542 2872 3612; x_wconf 79' lang='grc' dir='ltr'>ζωῆς</span> <span class='ocrx_word' id='word_1_581' title='bbox 2930 3544 3294 3597; x_wconf 82' lang='grc' dir='ltr'>ἀκαταλύτου.</span> <span class='ocrx_word' id='word_1_582' title='bbox 3333 3563 3352 3596; x_wconf 73' lang='grc' dir='ltr'><strong>ι</strong></span> <span class='ocrx_word' id='word_1_583' title='bbox 3412 3542 3628 3600; x_wconf 79' lang='grc' dir='ltr'>Οὐκοῦν</span> <span class='ocrx_word' id='word_1_584' title='bbox 3684 3547 4027 3615; x_wconf 79' lang='grc' dir='ltr'>ἀσυγκρίτως</span> 
     </span>
    </p>
   </div>
   <div class='ocr_carea' id='block_1_76' title="bbox 2446 3633 4024 3705">
    <p class='ocr_par' dir='ltr' id='par_1_76' title="bbox 2446 3633 4024 3705">
     <span class='ocr_line' id='line_1_76' title="bbox 2446 3633 4024 3705; baseline -0.001 -17"><span class='ocrx_word' id='word_1_585' title='bbox 2446 3633 2686 3704; x_wconf 84' lang='grc' dir='ltr'>ἀμείνων</span> <span class='ocrx_word' id='word_1_586' title='bbox 2726 3636 2754 3687; x_wconf 93' lang='lat'><strong>6</strong></span> <span class='ocrx_word' id='word_1_587' title='bbox 2799 3633 2900 3703; x_wconf 87' lang='grc' dir='ltr'><strong>τῆς</strong></span> <span class='ocrx_word' id='word_1_588' title='bbox 2940 3635 3254 3705; x_wconf 83' lang='grc' dir='ltr'>ἱερουργίας</span> <span class='ocrx_word' id='word_1_589' title='bbox 3293 3636 3512 3705; x_wconf 83' lang='grc' dir='ltr'>τρόπος.</span> <span class='ocrx_word' id='word_1_590' title='bbox 3574 3637 3688 3689; x_wconf 73' lang='grc' dir='ltr'>Καὶ</span> <span class='ocrx_word' id='word_1_591' title='bbox 3720 3639 3749 3688; x_wconf 93' lang='lat'><strong>6</strong></span> <span class='ocrx_word' id='word_1_592' title='bbox 3789 3637 3910 3705; x_wconf 80' lang='grc' dir='ltr'>μὲν,</span> <span class='ocrx_word' id='word_1_593' title='bbox 3959 3637 4024 3692; x_wconf 72' lang='grc' dir='ltr'>ὡς</span> 
     </span>
    </p>
   </div>
   <div class='ocr_carea' id='block_1_77' title="bbox 2447 3720 4021 3797">
    <p class='ocr_par' dir='ltr' id='par_1_77' title="bbox 2447 3720 4021 3797">
     <span class='ocr_line' id='line_1_77' title="bbox 2447 3720 4021 3797; baseline -0.001 -20"><span class='ocrx_word' id='word_1_594' title='bbox 2447 3725 2602 3794; x_wconf 76' lang='grc' dir='ltr'>ἔφην,</span> <span class='ocrx_word' id='word_1_595' title='bbox 2629 3725 2847 3796; x_wconf 76' lang='grc' dir='ltr'>οἰκέτης</span> <span class='ocrx_word' id='word_1_596' title='bbox 2876 3720 2966 3794; x_wconf 82' lang='grc' dir='ltr'>ἦν,</span> <span class='ocrx_word' id='word_1_597' title='bbox 2995 3725 3173 3778; x_wconf 89' lang='grc' dir='ltr'>καίτοι</span> <span class='ocrx_word' id='word_1_598' title='bbox 3207 3726 3541 3796; x_wconf 84' lang='grc' dir='ltr'>κεκλημένος</span> <span class='ocrx_word' id='word_1_599' title='bbox 3574 3727 3656 3790; x_wconf 87' lang='grc' dir='ltr'><strong>εἱς</strong></span> <span class='ocrx_word' id='word_1_600' title='bbox 3696 3727 4021 3797; x_wconf 65' lang='grc' dir='ltr'>ἱερωσύνη-ν</span> 
     </span>
    </p>
   </div>
   <div class='ocr_carea' id='block_1_78' title="bbox 2447 3814 4024 3886">
    <p class='ocr_par' dir='ltr' id='par_1_78' title="bbox 2447 3814 4024 3886">
     <span class='ocr_line' id='line_1_78' title="bbox 2447 3814 4024 3886; baseline -0.002 -17"><span class='ocrx_word' id='word_1_601' title='bbox 2447 3818 2476 3868; x_wconf 92' lang='lat'><strong>6</strong></span> <span class='ocrx_word' id='word_1_602' title='bbox 2502 3816 2560 3868; x_wconf 84' lang='grc' dir='ltr'>δὲ</span> <span class='ocrx_word' id='word_1_603' title='bbox 2591 3818 2687 3869; x_wconf 79' lang='grc' dir='ltr'><strong>καὶ</strong></span> <span class='ocrx_word' id='word_1_604' title='bbox 2714 3815 2886 3878; x_wconf 76' lang='grc' dir='ltr'>οὕτως</span> <span class='ocrx_word' id='word_1_605' title='bbox 2926 3815 3052 3878; x_wconf 78' lang='grc' dir='ltr'><strong>Υἱὸς</strong></span> <span class='ocrx_word' id='word_1_606' title='bbox 3083 3814 3178 3868; x_wconf 88' lang='grc' dir='ltr'><strong>τοῦ</strong></span> <span class='ocrx_word' id='word_1_607' title='bbox 3220 3814 3354 3868; x_wconf 85' lang='grc' dir='ltr'>Θεοῦ</span> <span class='ocrx_word' id='word_1_608' title='bbox 3402 3815 3499 3868; x_wconf 79' lang='grc' dir='ltr'><strong>καὶ</strong></span> <span class='ocrx_word' id='word_1_609' title='bbox 3538 3816 3777 3886; x_wconf 83' lang='grc' dir='ltr'>Πατρὸς,</span> <span class='ocrx_word' id='word_1_610' title='bbox 3808 3816 3886 3879; x_wconf 86' lang='grc' dir='ltr'>ὡς</span> <span class='ocrx_word' id='word_1_611' title='bbox 3933 3817 4024 3886; x_wconf 79' lang='grc' dir='ltr'>μὲν</span> 
     </span>
    </p>
   </div>
   <div class='ocr_carea' id='block_1_79' title="bbox 2450 3907 4023 3979">
    <p class='ocr_par' dir='ltr' id='par_1_79' title="bbox 2450 3907 4023 3979">
     <span class='ocr_line' id='line_1_79' title="bbox 2450 3907 4023 3979; baseline 0 -19"><span class='ocrx_word' id='word_1_612' title='bbox 2450 3907 2610 3976; x_wconf 79' lang='grc' dir='ltr'>φύσει</span> <span class='ocrx_word' id='word_1_613' title='bbox 2639 3908 2771 3972; x_wconf 83' lang='grc' dir='ltr'>Θεὸς</span> <span class='ocrx_word' id='word_1_614' title='bbox 2796 3911 2891 3963; x_wconf 68' lang='grc' dir='ltr'><strong>καὶ</strong></span> <span class='ocrx_word' id='word_1_615' title='bbox 2916 3909 3089 3978; x_wconf 85' lang='grc' dir='ltr'>Λόγος</span> <span class='ocrx_word' id='word_1_616' title='bbox 3121 3909 3260 3962; x_wconf 81' lang='grc' dir='ltr'>κατὰ</span> <span class='ocrx_word' id='word_1_617' title='bbox 3286 3908 3385 3979; x_wconf 73' lang='grc' dir='ltr'>τὴν</span> <span class='ocrx_word' id='word_1_618' title='bbox 3404 3907 3732 3978; x_wconf 85' lang='grc' dir='ltr'>προαιώνιον</span> <span class='ocrx_word' id='word_1_619' title='bbox 3753 3909 4023 3979; x_wconf 74' lang='grc' dir='ltr'>γέννησιν*</span> 
     </span>
    </p>
   </div>
   <div class='ocr_carea' id='block_1_80' title="bbox 2447 3997 4023 4069">
    <p class='ocr_par' dir='ltr' id='par_1_80' title="bbox 2447 3997 4023 4069">
     <span class='ocr_line' id='line_1_80' title="bbox 2447 3997 4023 4069; baseline -0.001 -19"><span class='ocrx_word' id='word_1_620' title='bbox 2447 3997 2523 4060; x_wconf 86' lang='grc' dir='ltr'>ὠς</span> <span class='ocrx_word' id='word_1_621' title='bbox 2561 3997 2617 4050; x_wconf 83' lang='grc' dir='ltr'>δὲ</span> <span class='ocrx_word' id='word_1_622' title='bbox 2646 3998 2932 4068; x_wconf 79' lang='grc' dir='ltr'>ἄνθρωπος</span> <span class='ocrx_word' id='word_1_623' title='bbox 2962 3998 3085 4053; x_wconf 87' lang='grc' dir='ltr'>καθ’</span> <span class='ocrx_word' id='word_1_624' title='bbox 3113 4000 3263 4069; x_wconf 78' lang='grc' dir='ltr'>ἡμᾶς</span> <span class='ocrx_word' id='word_1_625' title='bbox 3291 3997 3431 4051; x_wconf 84' lang='grc' dir='ltr'>κατὰ</span> <span class='ocrx_word' id='word_1_626' title='bbox 3475 3997 3574 4068; x_wconf 78' lang='grc' dir='ltr'>τὴν</span> <span class='ocrx_word' id='word_1_627' title='bbox 3619 3997 3900 4068; x_wconf 86' lang='grc' dir='ltr'>νεωτάτην</span> <span class='ocrx_word' id='word_1_628' title='bbox 3939 4007 4023 4049; x_wconf 70' lang='grc' dir='ltr'><strong>καί</strong></span> 
     </span>
    </p>
   </div>
   <div class='ocr_carea' id='block_1_81' title="bbox 2451 4086 4022 4162">
    <p class='ocr_par' dir='ltr' id='par_1_81' title="bbox 2451 4086 4022 4162">
     <span class='ocr_line' id='line_1_81' title="bbox 2451 4086 4022 4162; baseline 0.001 -21"><span class='ocrx_word' id='word_1_629' title='bbox 2451 4088 2734 4160; x_wconf 74' lang='grc' dir='ltr'>ἐνσαρκον,</span> <span class='ocrx_word' id='word_1_630' title='bbox 2759 4086 2826 4162; x_wconf 78' lang='grc' dir='ltr'>ἧς</span> <span class='ocrx_word' id='word_1_631' title='bbox 2856 4090 3024 4161; x_wconf 83' lang='grc' dir='ltr'>ἂνεῖη</span> <span class='ocrx_word' id='word_1_632' title='bbox 3053 4092 3321 4145; x_wconf 82' lang='grc' dir='ltr'>δεικτικὸν</span> <span class='ocrx_word' id='word_1_633' title='bbox 3358 4091 3452 4143; x_wconf 80' lang='grc' dir='ltr'><strong>καὶ</strong></span> <span class='ocrx_word' id='word_1_634' title='bbox 3482 4091 3562 4156; x_wconf 84' lang='grc' dir='ltr'><strong>τὸ,</strong></span> <span class='ocrx_word' id='word_1_635' title='bbox 3593 4090 3887 4160; x_wconf 60' lang='grc' dir='ltr'>σήμερον-ο</span> <span class='ocrx_word' id='word_1_636' title='bbox 3916 4108 4022 4143; x_wconf 80' lang='grc' dir='ltr'>και-</span> 
     </span>
    </p>
   </div>
   <div class='ocr_carea' id='block_1_82' title="bbox 2454 4180 4021 4255">
    <p class='ocr_par' dir='ltr' id='par_1_82' title="bbox 2454 4180 4021 4255">
     <span class='ocr_line' id='line_1_82' title="bbox 2454 4180 4021 4255; baseline -0.001 -21"><span class='ocrx_word' id='word_1_637' title='bbox 2454 4180 2544 4251; x_wconf 81' lang='grc' dir='ltr'><strong>ρὸν</strong></span> <span class='ocrx_word' id='word_1_638' title='bbox 2594 4181 2702 4252; x_wconf 87' lang='grc' dir='ltr'><strong>γάρ</strong></span> <span class='ocrx_word' id='word_1_639' title='bbox 2751 4183 2882 4253; x_wconf 78' lang='grc' dir='ltr'>ἡμῖν</span> <span class='ocrx_word' id='word_1_640' title='bbox 2929 4183 3185 4255; x_wconf 78' lang='grc' dir='ltr'>σημαίνει</span> <span class='ocrx_word' id='word_1_641' title='bbox 3213 4184 3303 4237; x_wconf 78' lang='grc' dir='ltr'>τὸν</span> <span class='ocrx_word' id='word_1_642' title='bbox 3337 4183 3689 4252; x_wconf 77' lang='grc' dir='ltr'>ἐνεστηκότα.</span> <span class='ocrx_word' id='word_1_643' title='bbox 3719 4182 4021 4235; x_wconf 81' lang='grc' dir='ltr'>Οἱκειοῦται</span> 
     </span>
    </p>
   </div>
   <div class='ocr_carea' id='block_1_83' title="bbox 2449 4271 4017 4348">
    <p class='ocr_par' dir='ltr' id='par_1_83' title="bbox 2449 4271 4017 4348">
     <span class='ocr_line' id='line_1_83' title="bbox 2449 4271 4017 4348; baseline -0.001 -20"><span class='ocrx_word' id='word_1_644' title='bbox 2449 4275 2515 4346; x_wconf 80' lang='grc' dir='ltr'>δὴ</span> <span class='ocrx_word' id='word_1_645' title='bbox 2556 4271 2650 4330; x_wconf 81' lang='grc' dir='ltr'>οὖν</span> <span class='ocrx_word' id='word_1_646' title='bbox 2692 4277 2787 4330; x_wconf 74' lang='grc' dir='ltr'>καὶ</span> <span class='ocrx_word' id='word_1_647' title='bbox 2833 4276 2931 4348; x_wconf 78' lang='grc' dir='ltr'>τὴν</span> <span class='ocrx_word' id='word_1_648' title='bbox 2969 4278 3239 4348; x_wconf 77' lang='grc' dir='ltr'>σαρκικὴν</span> <span class='ocrx_word' id='word_1_649' title='bbox 3268 4275 3434 4330; x_wconf 83' lang='grc' dir='ltr'>αὑτοῦ</span> <span class='ocrx_word' id='word_1_650' title='bbox 3465 4277 3718 4345; x_wconf 82' lang='grc' dir='ltr'>γέννησιν</span> <span class='ocrx_word' id='word_1_651' title='bbox 3742 4277 3772 4329; x_wconf 91' lang='lat'><strong>6</strong></span> <span class='ocrx_word' id='word_1_652' title='bbox 3802 4275 4017 4344; x_wconf 68' lang='grc' dir='ltr'>Πατήρ·</span> 
     </span>
    </p>
   </div>
   <div class='ocr_carea' id='block_1_84' title="bbox 2451 4364 4020 4438">
    <p class='ocr_par' dir='ltr' id='par_1_84' title="bbox 2451 4364 4020 4438">
     <span class='ocr_line' id='line_1_84' title="bbox 2451 4364 4020 4438; baseline -0.001 -19"><span class='ocrx_word' id='word_1_653' title='bbox 2451 4364 2556 4419; x_wconf 75' lang='grc' dir='ltr'>οἶδε</span> <span class='ocrx_word' id='word_1_654' title='bbox 2589 4366 2717 4438; x_wconf 79' lang='grc' dir='ltr'>γὰρ,</span> <span class='ocrx_word' id='word_1_655' title='bbox 2751 4365 2892 4422; x_wconf 73' lang='grc' dir='ltr'>οἶδεν</span> <span class='ocrx_word' id='word_1_656' title='bbox 2929 4369 3058 4423; x_wconf 77' lang='grc' dir='ltr'>ἴδιον</span> <span class='ocrx_word' id='word_1_657' title='bbox 3087 4369 3215 4423; x_wconf 76' lang='grc' dir='ltr'>ὄντα</span> <span class='ocrx_word' id='word_1_658' title='bbox 3249 4368 3372 4422; x_wconf 83' lang='grc' dir='ltr'>Υίδν</span> <span class='ocrx_word' id='word_1_659' title='bbox 3391 4368 3482 4420; x_wconf 80' lang='grc' dir='ltr'><strong>τὸν</strong></span> <span class='ocrx_word' id='word_1_660' title='bbox 3510 4367 3571 4431; x_wconf 79' lang='grc' dir='ltr'>ἐξ</span> <span class='ocrx_word' id='word_1_661' title='bbox 3596 4364 3790 4421; x_wconf 76' lang='grc' dir='ltr'>ἑαυτοῦ</span> <span class='ocrx_word' id='word_1_662' title='bbox 3815 4366 4020 4426; x_wconf 84' lang='grc' dir='ltr'>θεῖκῶς,</span> 
     </span>
    </p>
   </div>
   <div class='ocr_carea' id='block_1_85' title="bbox 2452 4459 3323 4532">
    <p class='ocr_par' dir='ltr' id='par_1_85' title="bbox 2452 4459 3323 4532">
     <span class='ocr_line' id='line_1_85' title="bbox 2452 4459 3323 4532; baseline -0.001 -19"><span class='ocrx_word' id='word_1_663' title='bbox 2452 4459 2546 4513; x_wconf 75' lang='grc' dir='ltr'><strong>καὶ</strong></span> <span class='ocrx_word' id='word_1_664' title='bbox 2575 4459 2639 4512; x_wconf 80' lang='grc' dir='ltr'>ὲκ</span> <span class='ocrx_word' id='word_1_665' title='bbox 2665 4461 2924 4527; x_wconf 86' lang='grc' dir='ltr'>γυναικὸς</span> <span class='ocrx_word' id='word_1_666' title='bbox 2948 4461 3323 4532; x_wconf 84' lang='grc' dir='ltr'>ἀνθρωπίνως.</span> 
     </span>
    </p>
   </div>
   <div class='ocr_carea' id='block_1_86' title="bbox 769 4550 4023 4626">
    <p class='ocr_par' dir='ltr' id='par_1_86' title="bbox 769 4550 4023 4626">
     <span class='ocr_line' id='line_1_86' title="bbox 769 4550 4023 4626; baseline -0.002 -15"><span class='ocrx_word' id='word_1_667' title='bbox 769 4572 913 4622; x_wconf 88' lang='lat' dir='ltr'><strong>nem,</strong></span> <span class='ocrx_word' id='word_1_668' title='bbox 937 4571 1058 4626; x_wconf 69' lang='lat' dir='ltr'><strong>quae</strong></span> <span class='ocrx_word' id='word_1_669' title='bbox 1089 4569 1183 4624; x_wconf 89' lang='lat' dir='ltr'><strong>per</strong></span> <span class='ocrx_word' id='word_1_670' title='bbox 1207 4554 1359 4620; x_wconf 90' lang='lat' dir='ltr'><strong>illud,</strong></span> <span class='ocrx_word' id='word_1_671' title='bbox 1390 4555 1565 4619; x_wconf 78' lang='lat' dir='ltr'><strong>hodie,</strong></span> <span class='ocrx_word' id='word_1_672' title='bbox 1592 4555 1733 4622; x_wconf 92' lang='lat' dir='ltr'><strong>quod</strong></span> <span class='ocrx_word' id='word_1_673' title='bbox 1762 4553 2048 4623; x_wconf 73' lang='lat' dir='ltr'><strong>prresentis</strong></span> <span class='ocrx_word' id='word_1_674' title='bbox 2083 4553 2341 4623; x_wconf 90' lang='lat' dir='ltr'><strong>temporis</strong></span> <span class='ocrx_word' id='word_1_675' title='bbox 2379 4561 2505 4608; x_wconf 88' lang='lat' dir='ltr'><strong>nota</strong></span> <span class='ocrx_word' id='word_1_676' title='bbox 2547 4552 2786 4616; x_wconf 83' lang='lat' dir='ltr'><strong>exsistit,</strong></span> <span class='ocrx_word' id='word_1_677' title='bbox 2858 4553 3017 4608; x_wconf 87' lang='lat' dir='ltr'><strong>nobis</strong></span> <span class='ocrx_word' id='word_1_678' title='bbox 3083 4554 3458 4607; x_wconf 82' lang='lat' dir='ltr'><strong>adumbratur.</strong></span> <span class='ocrx_word' id='word_1_679' title='bbox 3494 4550 3661 4622; x_wconf 77' lang='lat' dir='ltr'><strong>Igitur</strong></span> <span class='ocrx_word' id='word_1_680' title='bbox 3691 4551 3856 4606; x_wconf 86' lang='lat' dir='ltr'><strong>Pater</strong></span> <span class='ocrx_word' id='word_1_681' title='bbox 3894 4551 4023 4606; x_wconf 81' lang='lat' dir='ltr'><strong>nati-</strong></span> 
     </span>
    </p>
   </div>
   <div class='ocr_carea' id='block_1_87' title="bbox 741 4631 4020 4716">
    <p class='ocr_par' dir='ltr' id='par_1_87' title="bbox 741 4631 4020 4716">
     <span class='ocr_line' id='line_1_87' title="bbox 741 4631 4020 4716; baseline -0.002 -17"><span class='ocrx_word' id='word_1_682' title='bbox 741 4631 989 4702; x_wconf 12' lang='lat' dir='ltr'><strong>lvitatem</strong></span> <span class='ocrx_word' id='word_1_683' title='bbox 1040 4645 1094 4700; x_wconf 90' lang='lat' dir='ltr'><strong>in</strong></span> <span class='ocrx_word' id='word_1_684' title='bbox 1142 4658 1307 4700; x_wconf 91' lang='lat' dir='ltr'><strong>carne</strong></span> <span class='ocrx_word' id='word_1_685' title='bbox 1345 4647 1412 4700; x_wconf 91' lang='lat' dir='ltr'><strong>ad</strong></span> <span class='ocrx_word' id='word_1_686' title='bbox 1457 4660 1517 4702; x_wconf 87' lang='lat' dir='ltr'><strong>se</strong></span> <span class='ocrx_word' id='word_1_687' title='bbox 1565 4660 1782 4716; x_wconf 90' lang='lat' dir='ltr'><strong>quoque</strong></span> <span class='ocrx_word' id='word_1_688' title='bbox 1849 4645 2126 4714; x_wconf 68' lang='lat' dir='ltr'><strong>pertinuere</strong></span> <span class='ocrx_word' id='word_1_689' title='bbox 2187 4647 2415 4716; x_wconf 68' lang='lat' dir='ltr'><strong>iudicat,</strong></span> <span class='ocrx_word' id='word_1_690' title='bbox 2457 4656 2723 4716; x_wconf 88' lang='lat' dir='ltr'><strong>quatenus</strong></span> <span class='ocrx_word' id='word_1_691' title='bbox 2776 4645 2924 4701; x_wconf 91' lang='lat' dir='ltr'><strong>illum</strong></span> <span class='ocrx_word' id='word_1_692' title='bbox 2978 4661 3134 4701; x_wconf 89' lang='lat' dir='ltr'><strong>suum</strong></span> <span class='ocrx_word' id='word_1_693' title='bbox 3192 4645 3439 4716; x_wconf 83' lang='lat' dir='ltr'><strong>agnoscit</strong></span> <span class='ocrx_word' id='word_1_694' title='bbox 3483 4643 3681 4700; x_wconf 85' lang='lat' dir='ltr'><strong>Filium</strong></span> <span class='ocrx_word' id='word_1_695' title='bbox 3730 4647 4020 4701; x_wconf 88' lang='lat' dir='ltr'><strong>secundum</strong></span> 
     </span>
    </p>
   </div>
   <div class='ocr_carea' id='block_1_88' title="bbox 769 4735 3070 4806">
    <p class='ocr_par' dir='ltr' id='par_1_88' title="bbox 769 4735 3070 4806">
     <span class='ocr_line' id='line_1_88' title="bbox 769 4735 3070 4806; baseline -0 -15"><span class='ocrx_word' id='word_1_696' title='bbox 769 4738 1006 4794; x_wconf 89' lang='lat' dir='ltr'><strong>divinam</strong></span> <span class='ocrx_word' id='word_1_697' title='bbox 1041 4735 1260 4806; x_wconf 89' lang='lat' dir='ltr'><strong>qnident</strong></span> <span class='ocrx_word' id='word_1_698' title='bbox 1309 4743 1558 4790; x_wconf 81' lang='lat' dir='ltr'><strong>naturam</strong></span> <span class='ocrx_word' id='word_1_699' title='bbox 1609 4751 1675 4792; x_wconf 78' lang='lat' dir='ltr'><strong>ex</strong></span> <span class='ocrx_word' id='word_1_700' title='bbox 1725 4737 1862 4805; x_wconf 91' lang='lat' dir='ltr'><strong>ipso,</strong></span> <span class='ocrx_word' id='word_1_701' title='bbox 1907 4738 2202 4792; x_wconf 91' lang='lat' dir='ltr'><strong>secundum</strong></span> <span class='ocrx_word' id='word_1_702' title='bbox 2236 4737 2526 4791; x_wconf 87' lang='lat' dir='ltr'><strong>humanam</strong></span> <span class='ocrx_word' id='word_1_703' title='bbox 2561 4751 2690 4791; x_wconf 80' lang='lat' dir='ltr'><strong>vero</strong></span> <span class='ocrx_word' id='word_1_704' title='bbox 2730 4750 2796 4790; x_wconf 76' lang='lat' dir='ltr'><strong>ex</strong></span> <span class='ocrx_word' id='word_1_705' title='bbox 2827 4736 3070 4790; x_wconf 90' lang='lat' dir='ltr'><strong>muliere.</strong></span> 
     </span>
    </p>
   </div>
   <div class='ocr_carea' id='block_1_89' title="bbox 837 4823 2343 4900">
    <p class='ocr_par' dir='ltr' id='par_1_89' title="bbox 837 4826 2343 4897">
     <span class='ocr_line' id='line_1_89' title="bbox 837 4826 2343 4897; baseline -0.001 -13"><span class='ocrx_word' id='word_1_706' title='bbox 837 4828 1061 4884; x_wconf 76' lang='lat' dir='ltr'><strong>XXXIX</strong></span> <span class='ocrx_word' id='word_1_707' title='bbox 1102 4848 1120 4881; x_wconf 80' lang='grc' dir='ltr'><strong>ι</strong></span> <span class='ocrx_word' id='word_1_708' title='bbox 1157 4826 1259 4894; x_wconf 87' lang='lat' dir='ltr'><strong>Qui</strong></span> <span class='ocrx_word' id='word_1_709' title='bbox 1297 4827 1350 4882; x_wconf 90' lang='lat' dir='ltr'><strong>in</strong></span> <span class='ocrx_word' id='word_1_710' title='bbox 1396 4827 1586 4882; x_wconf 88' lang='lat' dir='ltr'><strong>diebus</strong></span> <span class='ocrx_word' id='word_1_711' title='bbox 1630 4828 1809 4882; x_wconf 89' lang='lat' dir='ltr'><strong>carnis</strong></span> <span class='ocrx_word' id='word_1_712' title='bbox 1857 4843 1967 4882; x_wconf 85' lang='lat' dir='ltr'><strong>suae</strong></span> <span class='ocrx_word' id='word_1_713' title='bbox 1999 4843 2189 4897; x_wconf 87' lang='lat' dir='ltr'><strong>preces</strong></span> <span class='ocrx_word' id='word_1_714' title='bbox 2218 4842 2343 4896; x_wconf 91' lang='lat' dir='ltr'><strong>sup-</strong></span> 
     </span>
    </p>
   </div>
   <div class='ocr_carea' id='block_1_90' title="bbox 2446 4823 4020 4900">
    <p class='ocr_par' dir='ltr' id='par_1_90' title="bbox 2521 4823 4020 4897">
     <span class='ocr_line' id='line_1_90' title="bbox 2521 4823 4020 4897; baseline 0.001 -19"><span class='ocrx_word' id='word_1_715' title='bbox 2521 4826 2645 4879; x_wconf 77' lang='lat' dir='ltr'><strong>AB’.</strong></span> <span class='ocrx_word' id='word_1_716' title='bbox 2684 4846 2703 4878; x_wconf 79' lang='grc' dir='ltr'><strong>ι</strong></span> <span class='ocrx_word' id='word_1_717' title='bbox 2741 4827 2835 4889; x_wconf 89' lang='grc' dir='ltr'>Ὃς</span> <span class='ocrx_word' id='word_1_718' title='bbox 2887 4828 2945 4879; x_wconf 85' lang='grc' dir='ltr'>ὲν</span> <span class='ocrx_word' id='word_1_719' title='bbox 2993 4828 3114 4890; x_wconf 82' lang='grc' dir='ltr'>ταῖς</span> <span class='ocrx_word' id='word_1_720' title='bbox 3151 4827 3394 4897; x_wconf 86' lang='grc' dir='ltr'>ἡμέραις</span> <span class='ocrx_word' id='word_1_721' title='bbox 3441 4825 3540 4896; x_wconf 85' lang='grc' dir='ltr'><strong>τῆς</strong></span> <span class='ocrx_word' id='word_1_722' title='bbox 3593 4825 3798 4896; x_wconf 55' lang='lat' dir='ltr'><strong>sapae;</strong></span> <span class='ocrx_word' id='word_1_723' title='bbox 3847 4823 4020 4880; x_wconf 69' lang='lat' dir='ltr'><strong>aSmS.</strong></span> 
     </span>
    </p>
   </div>
   <div class='ocr_carea' id='block_1_91' title="bbox 773 4917 2349 4997">
    <p class='ocr_par' dir='ltr' id='par_1_91' title="bbox 773 4917 2349 4997">
     <span class='ocr_line' id='line_1_91' title="bbox 773 4917 2349 4997; baseline -0.003 -21"><span class='ocrx_word' id='word_1_724' title='bbox 773 4921 1208 4997; x_wconf 45' lang='lat' dir='ltr'><strong>plicationesqu’e</strong></span> <span class='ocrx_word' id='word_1_725' title='bbox 1241 4919 1314 4980; x_wconf 76' lang='lat' dir='ltr'><strong>ad</strong></span> <span class='ocrx_word' id='word_1_726' title='bbox 1371 4933 1517 4983; x_wconf 89' lang='lat' dir='ltr'><strong>eum,</strong></span> <span class='ocrx_word' id='word_1_727' title='bbox 1569 4917 1658 4987; x_wconf 93' lang='lat' dir='ltr'><strong>qui</strong></span> <span class='ocrx_word' id='word_1_728' title='bbox 1721 4918 1894 4987; x_wconf 85' lang='lat' dir='ltr'><strong>possit</strong></span> <span class='ocrx_word' id='word_1_729' title='bbox 1947 4918 2092 4972; x_wconf 92' lang='lat' dir='ltr'><strong>illum</strong></span> <span class='ocrx_word' id='word_1_730' title='bbox 2143 4919 2349 4973; x_wconf 77' lang='lat' dir='ltr'><strong>salvum</strong></span> 
     </span>
    </p>
   </div>
   <div class='ocr_carea' id='block_1_92' title="bbox 775 4996 2350 5081">
    <p class='ocr_par' dir='ltr' id='par_1_92' title="bbox 775 4996 2350 5081">
     <span class='ocr_line' id='line_1_92' title="bbox 775 4996 2350 5081; baseline -0.002 -14"><span class='ocrx_word' id='word_1_731' title='bbox 775 5015 957 5068; x_wconf 77' lang='lat' dir='ltr'><strong>facere</strong></span> <span class='ocrx_word' id='word_1_732' title='bbox 997 5027 1028 5066; x_wconf 90' lang='lat' dir='ltr'><strong>a</strong></span> <span class='ocrx_word' id='word_1_733' title='bbox 1071 4996 1266 5079; x_wconf 73' lang='lat' dir='ltr'><strong>morte,</strong></span> <span class='ocrx_word' id='word_1_734' title='bbox 1313 5027 1436 5069; x_wconf 90' lang='lat' dir='ltr'><strong>cum</strong></span> <span class='ocrx_word' id='word_1_735' title='bbox 1486 5011 1726 5068; x_wconf 91' lang='lat' dir='ltr'><strong>clamore</strong></span> <span class='ocrx_word' id='word_1_736' title='bbox 1775 5011 1954 5065; x_wconf 86' lang='lat' dir='ltr'><strong>valido</strong></span> <span class='ocrx_word' id='word_1_737' title='bbox 2009 5020 2062 5065; x_wconf 91' lang='lat' dir='ltr'><strong>et</strong></span> <span class='ocrx_word' id='word_1_738' title='bbox 2097 5010 2350 5081; x_wconf 86' lang='lat' dir='ltr'><strong>lacrymis</strong></span> 
     </span>
    </p>
   </div>
   <div class='ocr_carea' id='block_1_93' title="bbox 773 5101 2352 5175">
    <p class='ocr_par' dir='ltr' id='par_1_93' title="bbox 773 5101 2352 5175">
     <span class='ocr_line' id='line_1_93' title="bbox 773 5101 2352 5175; baseline -0.007 -11"><span class='ocrx_word' id='word_1_739' title='bbox 773 5104 1033 5169; x_wconf 77' lang='lat' dir='ltr'><strong>olleretts,</strong></span> <span class='ocrx_word' id='word_1_740' title='bbox 1057 5104 1343 5160; x_wconf 62' lang='lat' dir='ltr'><strong>etauditns</strong></span> <span class='ocrx_word' id='word_1_741' title='bbox 1381 5114 1462 5160; x_wconf 90' lang='lat' dir='ltr'><strong>est</strong></span> <span class='ocrx_word' id='word_1_742' title='bbox 1489 5119 1588 5175; x_wconf 91' lang='lat' dir='ltr'><strong>pro</strong></span> <span class='ocrx_word' id='word_1_743' title='bbox 1637 5118 1736 5158; x_wconf 89' lang='lat' dir='ltr'><strong>sua</strong></span> <span class='ocrx_word' id='word_1_744' title='bbox 1778 5103 2100 5157; x_wconf 88' lang='lat' dir='ltr'><strong>reverentia.</strong></span> <span class='ocrx_word' id='word_1_745' title='bbox 2137 5102 2201 5156; x_wconf 84' lang='lat' dir='ltr'><strong>Et</strong></span> <span class='ocrx_word' id='word_1_746' title='bbox 2233 5101 2352 5170; x_wconf 84' lang='lat' dir='ltr'><strong>qui-</strong></span> 
     </span>
    </p>
   </div>
   <div class='ocr_carea' id='block_1_94' title="bbox 775 5195 2350 5264">
    <p class='ocr_par' dir='ltr' id='par_1_94' title="bbox 775 5195 2350 5264">
     <span class='ocr_line' id='line_1_94' title="bbox 775 5195 2350 5264; baseline -0.007 -6"><span class='ocrx_word' id='word_1_747' title='bbox 775 5201 899 5258; x_wconf 88' lang='lat' dir='ltr'><strong>dem</strong></span> <span class='ocrx_word' id='word_1_748' title='bbox 935 5210 1060 5252; x_wconf 92' lang='lat' dir='ltr'><strong>cum</strong></span> <span class='ocrx_word' id='word_1_749' title='bbox 1099 5203 1244 5250; x_wconf 86' lang='lat' dir='ltr'><strong>esset</strong></span> <span class='ocrx_word' id='word_1_750' title='bbox 1282 5195 1472 5263; x_wconf 87' lang='lat' dir='ltr'><strong>Filius,</strong></span> <span class='ocrx_word' id='word_1_751' title='bbox 1534 5196 1722 5252; x_wconf 90' lang='lat' dir='ltr'><strong>didicit</strong></span> <span class='ocrx_word' id='word_1_752' title='bbox 1769 5211 1834 5251; x_wconf 78' lang='lat' dir='ltr'><strong>ex</strong></span> <span class='ocrx_word' id='word_1_753' title='bbox 1885 5195 1952 5250; x_wconf 91' lang='lat' dir='ltr'><strong>iis</strong></span> <span class='ocrx_word' id='word_1_754' title='bbox 1991 5209 2112 5264; x_wconf 69' lang='lat' dir='ltr'><strong>quae</strong></span> <span class='ocrx_word' id='word_1_755' title='bbox 2159 5207 2350 5264; x_wconf 89' lang='lat' dir='ltr'><strong>passus</strong></span> 
     </span>
    </p>
   </div>
   <div class='ocr_carea' id='block_1_95' title="bbox 775 5286 2352 5348">
    <p class='ocr_par' dir='ltr' id='par_1_95' title="bbox 775 5286 2352 5348">
     <span class='ocr_line' id='line_1_95' title="bbox 775 5286 2352 5348; baseline -0.006 -1"><span class='ocrx_word' id='word_1_756' title='bbox 775 5301 862 5348; x_wconf 89' lang='lat' dir='ltr'><strong>est</strong></span> <span class='ocrx_word' id='word_1_757' title='bbox 891 5286 1253 5345; x_wconf 84' lang='lat' dir='ltr'><strong>obedientiam</strong></span> <span class='ocrx_word' id='word_1_758' title='bbox 1302 5303 1316 5339; x_wconf 89' lang='lat'><strong>:</strong></span> <span class='ocrx_word' id='word_1_759' title='bbox 1357 5296 1412 5340; x_wconf 90' lang='lat' dir='ltr'><strong>et</strong></span> <span class='ocrx_word' id='word_1_760' title='bbox 1442 5298 1851 5343; x_wconf 89' lang='lat' dir='ltr'><strong>consummatus</strong></span> <span class='ocrx_word' id='word_1_761' title='bbox 1889 5287 2066 5342; x_wconf 76' lang='lat' dir='ltr'><strong>factus</strong></span> <span class='ocrx_word' id='word_1_762' title='bbox 2120 5295 2205 5341; x_wconf 91' lang='lat' dir='ltr'><strong>est</strong></span> <span class='ocrx_word' id='word_1_763' title='bbox 2235 5301 2352 5340; x_wconf 86' lang='lat' dir='ltr'><strong>orn-</strong></span> 
     </span>
    </p>
   </div>
   <div class='ocr_carea' id='block_1_96' title="bbox 779 5377 2350 5447">
    <p class='ocr_par' dir='ltr' id='par_1_96' title="bbox 779 5377 2350 5447">
     <span class='ocr_line' id='line_1_96' title="bbox 779 5377 2350 5447; baseline -0.004 -11"><span class='ocrx_word' id='word_1_764' title='bbox 779 5377 1482 5447; x_wconf 69' lang='lat' dir='ltr'><strong>nibus&#39;obtemperantibus</strong></span> <span class='ocrx_word' id='word_1_765' title='bbox 1515 5379 1616 5434; x_wconf 90' lang='lat' dir='ltr'><strong>sibi</strong></span> <span class='ocrx_word' id='word_1_766' title='bbox 1662 5395 1825 5435; x_wconf 86' lang='lat' dir='ltr'><strong>causa</strong></span> <span class='ocrx_word' id='word_1_767' title='bbox 1874 5379 2063 5435; x_wconf 89' lang='lat' dir='ltr'><strong>salutis</strong></span> <span class='ocrx_word' id='word_1_768' title='bbox 2109 5389 2350 5442; x_wconf 72' lang='lat' dir='ltr'><strong>mternm,</strong></span> 
     </span>
    </p>
   </div>
   <div class='ocr_carea' id='block_1_97' title="bbox 848 5529 1864 5600">
    <p class='ocr_par' dir='ltr' id='par_1_97' title="bbox 848 5529 1864 5600">
     <span class='ocr_line' id='line_1_97' title="bbox 848 5529 1864 5600; baseline -0.003 -12"><span class='ocrx_word' id='word_1_769' title='bbox 848 5532 894 5565; x_wconf 86' lang='lat'><strong>&quot;</strong></span> <span class='ocrx_word' id='word_1_770' title='bbox 931 5531 1094 5591; x_wconf 84' lang='lat' dir='ltr'><strong>Hebr.</strong></span> <span class='ocrx_word' id='word_1_771' title='bbox 1132 5549 1214 5600; x_wconf 64' lang='grc' dir='ltr'>ιι,</span> <span class='ocrx_word' id='word_1_772' title='bbox 1241 5529 1331 5585; x_wconf 62' lang='grc'><strong>94.</strong></span> <span class='ocrx_word' id='word_1_773' title='bbox 1408 5529 1452 5561; x_wconf 79' lang='grc'><strong>⁷⁸</strong></span> <span class='ocrx_word' id='word_1_774' title='bbox 1482 5529 1676 5598; x_wconf 85' lang='lat' dir='ltr'><strong>Epltcs.</strong></span> <span class='ocrx_word' id='word_1_775' title='bbox 1708 5547 1745 5596; x_wconf 89' lang='grc' dir='ltr'><strong>ι,</strong></span> <span class='ocrx_word' id='word_1_776' title='bbox 1775 5531 1864 5586; x_wconf 73' lang='grc'><strong>21.</strong></span> 
     </span>
    </p>
   </div>
   <div class='ocr_carea' id='block_1_98' title="bbox 1944 5528 2448 5600">
    <p class='ocr_par' dir='ltr' id='par_1_98' title="bbox 1944 5528 2448 5600">
     <span class='ocr_line' id='line_1_98' title="bbox 1944 5528 2448 5600; baseline -0.01 -14"><span class='ocrx_word' id='word_1_777' title='bbox 1944 5532 1988 5562; x_wconf 68' lang='grc' dir='ltr'><strong>⁷ο</strong></span> <span class='ocrx_word' id='word_1_778' title='bbox 2022 5531 2183 5590; x_wconf 90' lang='lat' dir='ltr'><strong>llcbr.</strong></span> <span class='ocrx_word' id='word_1_779' title='bbox 2211 5547 2266 5600; x_wconf 90' lang='lat' dir='ltr'><strong>v,</strong></span> <span class='ocrx_word' id='word_1_780' title='bbox 2304 5533 2357 5592; x_wconf 74' lang='grc'>4,</span> <span class='ocrx_word' id='word_1_781' title='bbox 2394 5528 2448 5583; x_wconf 81' lang='lat'><strong>5.</strong></span> 
     </span>
    </p>
   </div>
   <div class='ocr_carea' id='block_1_99' title="bbox 2459 4915 4022 4991">
    <p class='ocr_par' dir='ltr' id='par_1_99' title="bbox 2459 4915 4022 4991">
     <span class='ocr_line' id='line_1_99' title="bbox 2459 4915 4022 4991; baseline -0.003 -21"><span class='ocrx_word' id='word_1_782' title='bbox 2459 4918 2671 4987; x_wconf 86' lang='grc' dir='ltr'>δεήσεις</span> <span class='ocrx_word' id='word_1_783' title='bbox 2702 4935 2760 4971; x_wconf 89' lang='grc' dir='ltr'><strong>τε</strong></span> <span class='ocrx_word' id='word_1_784' title='bbox 2792 4919 2886 4971; x_wconf 75' lang='grc' dir='ltr'>καὶ</span> <span class='ocrx_word' id='word_1_785' title='bbox 2915 4919 3195 4990; x_wconf 81' lang='grc' dir='ltr'>ἱκετηρίας</span> <span class='ocrx_word' id='word_1_786' title='bbox 3227 4919 3364 4991; x_wconf 72' lang='grc' dir='ltr'>πρὸς</span> <span class='ocrx_word' id='word_1_787' title='bbox 3393 4918 3482 4972; x_wconf 66' lang='grc' dir='ltr'><strong>τον</strong></span> <span class='ocrx_word' id='word_1_788' title='bbox 3509 4917 3812 4986; x_wconf 77' lang='grc' dir='ltr'>δυνάμενον</span> <span class='ocrx_word' id='word_1_789' title='bbox 3844 4915 4022 4977; x_wconf 77' lang='grc' dir='ltr'>σώζειν</span> 
     </span>
    </p>
   </div>
   <div class='ocr_carea' id='block_1_100' title="bbox 2460 5008 4021 5083">
    <p class='ocr_par' dir='ltr' id='par_1_100' title="bbox 2460 5008 4021 5083">
     <span class='ocr_line' id='line_1_100' title="bbox 2460 5008 4021 5083; baseline -0.001 -21"><span class='ocrx_word' id='word_1_790' title='bbox 2460 5009 2622 5062; x_wconf 79' lang='grc' dir='ltr'>αὐτὸν</span> <span class='ocrx_word' id='word_1_791' title='bbox 2656 5012 2718 5064; x_wconf 79' lang='grc' dir='ltr'><strong>ἐκ</strong></span> <span class='ocrx_word' id='word_1_792' title='bbox 2767 5010 3021 5078; x_wconf 73' lang='grc' dir='ltr'>θανάτου,</span> <span class='ocrx_word' id='word_1_793' title='bbox 3069 5012 3208 5083; x_wconf 75' lang='grc' dir='ltr'>μετὰ</span> <span class='ocrx_word' id='word_1_794' title='bbox 3252 5010 3762 5083; x_wconf 77' lang='grc' dir='ltr'>κραυγῆςίσχυρᾰς</span> <span class='ocrx_word' id='word_1_795' title='bbox 3810 5009 3900 5060; x_wconf 73' lang='grc' dir='ltr'><strong>καὶ</strong></span> <span class='ocrx_word' id='word_1_796' title='bbox 3939 5008 4021 5060; x_wconf 74' lang='lat' dir='ltr'><strong>6a-</strong></span> 
     </span>
    </p>
   </div>
   <div class='ocr_carea' id='block_1_101' title="bbox 2459 5096 4023 5170">
    <p class='ocr_par' dir='ltr' id='par_1_101' title="bbox 2459 5096 4023 5170">
     <span class='ocr_line' id='line_1_101' title="bbox 2459 5096 4023 5170; baseline -0.002 -18"><span class='ocrx_word' id='word_1_797' title='bbox 2459 5100 2643 5170; x_wconf 84' lang='grc' dir='ltr'>κρύιυν</span> <span class='ocrx_word' id='word_1_798' title='bbox 2687 5102 3080 5170; x_wconf 78' lang='grc' dir='ltr'>προσενέγκας,</span> <span class='ocrx_word' id='word_1_799' title='bbox 3119 5103 3212 5156; x_wconf 70' lang='grc' dir='ltr'><strong>καὶ</strong></span> <span class='ocrx_word' id='word_1_800' title='bbox 3245 5096 3620 5160; x_wconf 75' lang='grc' dir='ltr'>εἰσακουσθεὶς</span> <span class='ocrx_word' id='word_1_801' title='bbox 3667 5098 3780 5151; x_wconf 74' lang='grc' dir='ltr'>ἀπὸ</span> <span class='ocrx_word' id='word_1_802' title='bbox 3813 5097 3910 5168; x_wconf 83' lang='grc' dir='ltr'><strong>τῆς</strong></span> <span class='ocrx_word' id='word_1_803' title='bbox 3948 5098 4023 5149; x_wconf 71' lang='lat' dir='ltr'><strong>stl-</strong></span> 
     </span>
    </p>
   </div>
   <div class='ocr_carea' id='block_1_102' title="bbox 2459 5181 4022 5264">
    <p class='ocr_par' dir='ltr' id='par_1_102' title="bbox 2459 5181 4022 5264">
     <span class='ocr_line' id='line_1_102' title="bbox 2459 5181 4022 5264; baseline -0.002 -19"><span class='ocrx_word' id='word_1_804' title='bbox 2459 5193 2698 5258; x_wconf 81' lang='grc' dir='ltr'>λαϐείας,</span> <span class='ocrx_word' id='word_1_805' title='bbox 2739 5194 2942 5264; x_wconf 88' lang='grc' dir='ltr'>καίπερ</span> <span class='ocrx_word' id='word_1_806' title='bbox 2971 5192 3046 5246; x_wconf 78' lang='grc' dir='ltr'>ὢν</span> <span class='ocrx_word' id='word_1_807' title='bbox 3069 5193 3218 5257; x_wconf 81' lang='grc' dir='ltr'>Υίδς,</span> <span class='ocrx_word' id='word_1_808' title='bbox 3243 5183 3471 5260; x_wconf 65' lang='grc' dir='ltr'>ἔμαθεν,</span> <span class='ocrx_word' id='word_1_809' title='bbox 3498 5189 3594 5258; x_wconf 82' lang='grc' dir='ltr'><strong>ἀφ’</strong></span> <span class='ocrx_word' id='word_1_810' title='bbox 3625 5181 3702 5242; x_wconf 79' lang='grc' dir='ltr'>ὧν</span> <span class='ocrx_word' id='word_1_811' title='bbox 3724 5189 3913 5255; x_wconf 75' lang='grc' dir='ltr'>ἔπαθε,</span> <span class='ocrx_word' id='word_1_812' title='bbox 3938 5189 4022 5260; x_wconf 74' lang='grc' dir='ltr'>τὴν</span> 
     </span>
    </p>
   </div>
   <div class='ocr_carea' id='block_1_103' title="bbox 2460 5281 4023 5356">
    <p class='ocr_par' dir='ltr' id='par_1_103' title="bbox 2460 5281 4023 5356">
     <span class='ocr_line' id='line_1_103' title="bbox 2460 5281 4023 5356; baseline -0.003 -18"><span class='ocrx_word' id='word_1_813' title='bbox 2460 5285 2744 5356; x_wconf 75' lang='grc' dir='ltr'><strong>ὑπακοήν⁹</strong></span> <span class='ocrx_word' id='word_1_814' title='bbox 2804 5289 2898 5339; x_wconf 74' lang='grc' dir='ltr'>καὶ</span> <span class='ocrx_word' id='word_1_815' title='bbox 2947 5282 3257 5345; x_wconf 73' lang='grc' dir='ltr'>τελειωθεὶς</span> <span class='ocrx_word' id='word_1_816' title='bbox 3308 5281 3528 5350; x_wconf 77' lang='grc' dir='ltr'>ἐγένετο</span> <span class='ocrx_word' id='word_1_817' title='bbox 3591 5283 3728 5337; x_wconf 77' lang='grc' dir='ltr'>πᾶσι</span> <span class='ocrx_word' id='word_1_818' title='bbox 3777 5288 3886 5348; x_wconf 79' lang='grc' dir='ltr'>τοῖς</span> <span class='ocrx_word' id='word_1_819' title='bbox 3936 5286 4023 5336; x_wconf 80' lang='grc' dir='ltr'><strong>ὑπ-</strong></span> 
     </span>
    </p>
   </div>
   <div class='ocr_carea' id='block_1_104' title="bbox 2459 5373 4022 5448">
    <p class='ocr_par' dir='ltr' id='par_1_104' title="bbox 2459 5373 4022 5448">
     <span class='ocr_line' id='line_1_104' title="bbox 2459 5373 4022 5448; baseline 0.003 -20"><span class='ocrx_word' id='word_1_820' title='bbox 2459 5377 2746 5428; x_wconf 80' lang='grc' dir='ltr'>ακούουσιν</span> <span class='ocrx_word' id='word_1_821' title='bbox 2779 5373 2930 5442; x_wconf 81' lang='grc' dir='ltr'>αὑτῷ</span> <span class='ocrx_word' id='word_1_822' title='bbox 2967 5375 3139 5437; x_wconf 82' lang='grc' dir='ltr'>αἴτιος</span> <span class='ocrx_word' id='word_1_823' title='bbox 3178 5375 3452 5446; x_wconf 79' lang='grc' dir='ltr'>σωτηρίας</span> <span class='ocrx_word' id='word_1_824' title='bbox 3480 5377 3706 5432; x_wconf 82' lang='grc' dir='ltr'>αἰωνίου</span> <span class='ocrx_word' id='word_1_825' title='bbox 3728 5395 3741 5408; x_wconf 88' lang='grc'><strong>·</strong></span> <span class='ocrx_word' id='word_1_826' title='bbox 3770 5392 4022 5448; x_wconf 74' lang='grc' dir='ltr'>προσαγο-</span> 
     </span>
    </p>
   </div>
   <div class='ocr_carea' id='block_1_105' title="bbox 2527 5527 3009 5592">
    <p class='ocr_par' dir='ltr' id='par_1_105' title="bbox 2527 5527 3009 5592">
     <span class='ocr_line' id='line_1_105' title="bbox 2527 5527 3009 5592; baseline 0 -10"><span class='ocrx_word' id='word_1_827' title='bbox 2527 5527 2572 5558; x_wconf 84' lang='grc'><strong>⁸⁰</strong></span> <span class='ocrx_word' id='word_1_828' title='bbox 2603 5527 2764 5584; x_wconf 84' lang='lat' dir='ltr'><strong>llebr.</strong></span> <span class='ocrx_word' id='word_1_829' title='bbox 2793 5543 2887 5592; x_wconf 81' lang='lat' dir='ltr'><strong>vn,</strong></span> <span class='ocrx_word' id='word_1_830' title='bbox 2925 5528 3009 5583; x_wconf 82' lang='lat' dir='ltr'><strong>l6.</strong></span> 
     </span>
    </p>
   </div>
   <div class='ocr_carea' id='block_1_106' title="bbox 1878 5687 2962 5759">
    <p class='ocr_par' dir='ltr' id='par_1_106' title="bbox 1878 5687 2962 5759">
     <span class='ocr_line' id='line_1_106' title="bbox 1878 5687 2962 5759; baseline 0.005 -18"><span class='ocrx_word' id='word_1_831' title='bbox 1878 5688 2052 5744; x_wconf 73' lang='lat' dir='ltr'><strong>Vat-im</strong></span> <span class='ocrx_word' id='word_1_832' title='bbox 2083 5689 2341 5746; x_wconf 82' lang='lat' dir='ltr'><strong>lectiones</strong></span> <span class='ocrx_word' id='word_1_833' title='bbox 2370 5688 2574 5744; x_wconf 85' lang='lat' dir='ltr'><strong>codicis</strong></span> <span class='ocrx_word' id='word_1_834' title='bbox 2609 5687 2962 5759; x_wconf 76' lang='lat' dir='ltr'><strong>Seguicriani.</strong></span> 
     </span>
    </p>
   </div>
   <div class='ocr_carea' id='block_1_107' title="bbox 856 5828 1725 5901">
    <p class='ocr_par' dir='ltr' id='par_1_107' title="bbox 856 5828 1725 5901">
     <span class='ocr_line' id='line_1_107' title="bbox 856 5828 1725 5901; baseline 0.001 -20"><span class='ocrx_word' id='word_1_835' title='bbox 856 5836 885 5868; x_wconf 78' lang='grc' dir='ltr'><strong>ι</strong></span> <span class='ocrx_word' id='word_1_836' title='bbox 912 5831 1189 5901; x_wconf 68' lang='grc' dir='ltr'>ἀρχιερέα.</span> <span class='ocrx_word' id='word_1_837' title='bbox 1271 5839 1294 5880; x_wconf 66' lang='grc' dir='ltr'><strong><em>γ</em></strong></span> <span class='ocrx_word' id='word_1_838' title='bbox 1329 5828 1725 5900; x_wconf 68' lang='grc' dir='ltr'>ἀποφέροντα-κ.</span> 
     </span>
    </p>
   </div>
  </div>
