4116 6530
119 473 143 522 1
154 467 262 524 389

953 466 1046 522 ΑΒ
1087 464 1386 520 ΒΕΟΙΝΔΞ
1429 465 1512 518 DE
1551 462 1782 518 RECTA
1824 463 1983 517 FIDE
2019 462 2279 519 ORATIO
2313 462 2609 517 ALTERA.

3253 465 3389 521 1390

122 589 510 662 ρευθεὶςσύπὸ
565 588 656 642 τοῦ
696 586 831 639 Θεοῦ
880 591 1166 660 ἀρχιερεὺς
1219 589 1361 641 κατὰ
1415 587 1512 656 τὴν
1566 587 1747 650 τάξιν.

1834 586 2118 655 ippcllatus
2150 602 2176 639 a
2214 584 2325 639 Deo
2373 583 2613 654 pontifex
2647 585 2943 640 secundum
2969 587 3213 642 ordinem
3256 590 3388 642 Mcl-

117 679 491 752 Μελχισεδέχ.
535 698 553 730 ι
595 679 652 729 Ὀ
683 677 952 745 πάνσοφος
1001 679 1210 740 Παῦλος
1241 674 1542 728 ἐπιστέλλει
1567 714 1581 735 ,
1623 673 1714 726 καί

118 789 258 842 φησι
285 776 406 836 τοῖς
437 776 493 824 ἐν
524 771 702 822 πίστει
751 769 1190 840 δεδικαιωμένοις
1213 784 1226 801 ⁸
1268 787 1285 817 ι
1322 768 1572 835 Μιμηταί
1612 785 1712 836 μου

117 862 375 931 γίνεσθε,
412 861 596 923 καθὼς
623 861 776 929 κάγὼ
806 860 1060 933 Χριστοῦ.
1099 880 1118 911 ι
1161 857 1269 910 και
1309 855 1412 926 μὴν
1448 857 1540 910 καὶ
1570 860 1597 909 ὁ
1629 855 1713 908 θεο

123 953 625 1023 σπέσιοςΠέτροςο
666 976 683 1003 ε
708 955 864 1007 Ποῖον
897 954 1005 1022 γὰρ
1039 952 1214 1013 κλέος,
1247 949 1431 1018 φησὶν,
1466 950 1513 1000 εί
1541 950 1717 1017 ἀμαρ-

120 1049 396 1107 τάνοντες
457 1045 549 1099 καὶ
593 1046 1007 1115 κολαφιζόμενοι
1056 1044 1409 1111 ὐπομενεῖτε;
1470 1041 1611 1094 Ἀλλ’
1671 1042 1719 1092 εί

123 1135 603 1204 ἀγαθοποιοῦντες
650 1139 742 1192 καὶ
791 1138 1092 1206 πάσχοντες
1144 1134 1503 1204 ὑπομενεῖτε,
1562 1132 1720 1185 τοῦτο

123 1229 289 1297 χάρις
316 1229 478 1297 παρά
504 1228 643 1299 Θεῷ.
673 1231 797 1282 Ὅτι
823 1227 1055 1297 Χριστὸς
1085 1225 1352 1280 ἀπέθανεν
1377 1229 1516 1297 ὑπὲρ
1539 1229 1718 1296 ἡμῶν,

127 1319 264 1388 ὑμῖν
320 1321 728 1390 ἀπολιμπάνων
776 1320 1162 1390 ὑπογραμμὸν,
1210 1318 1299 1373 ἴνα
1347 1316 1722 1386 ἐπακολουθή-

129 1427 264 1480 σητε
310 1416 435 1475 τοῖς
483 1415 684 1482 ἴχνεσιν
718 1409 906 1463 αὐτοῦ.
947 1429 965 1462 ι
1004 1410 1229 1478 Γέγονεν
1263 1411 1370 1482 ἄρα
1410 1410 1610 1470 σκοπὸς
1648 1407 1724 1478 τῷ

127 1503 444 1571 Μονογενεῖ
486 1503 583 1569 τὴν
629 1501 762 1571 πρὸς
797 1503 942 1571 ἡμᾶς
982 1503 1242 1571 ὁμοίωσιν
1286 1501 1483 1571 ἔχοντι,
1534 1499 1724 1551 παθεῖν

122 1595 528 1667 ἀνθρωπίνως,
561 1593 656 1646 καὶ
684 1593 888 1658 διδάξαι
919 1595 1017 1666 μὲν
1046 1595 1173 1656 τοὺς
1206 1593 1356 1662 αὐτῷ
1389 1593 1722 1664 γνωρίμους,

131 1685 254 1739 τίνα
288 1687 358 1756 δὴ
401 1686 604 1755 τρόπον
634 1688 752 1749 ταῖς
780 1686 890 1739 τῶν
935 1686 1258 1756 πειρασμῶν
1301 1685 1509 1752 ἐφόδοις
1557 1701 1727 1755 προσ-

129 1780 404 1850 έρχεσθαι
433 1776 559 1850 χρὴ,
598 1777 694 1830 καὶ
720 1777 936 1841 ὁποίους
966 1773 1107 1831 εἶναι
1139 1778 1401 1848 προσήκει
1443 1777 1569 1838 τούς
1598 1777 1724 1828 διωο

134 1871 418 1941 κομένους
449 1870 549 1939 τῆς
581 1871 659 1932 είς
690 1869 822 1922 Θεὸν
876 1869 1158 1931 εὐσεϐείας
1204 1868 1384 1932 ἕνεκα,
1414 1867 1507 1918 καὶ
1544 1864 1726 1919 κινδύ-

1820 677 2151 732 chiscdcc“.
2186 697 2202 727 ι
2228 675 2672 746 Sapientissimus
2701 676 2897 732 Paulus
2933 679 2997 731 ad
3031 693 3146 744 eos,
3169 680 3261 748 qui
3292 697 3388 749 per

1823 770 1979 823 ﬁdem
2022 768 2306 835 iustiﬁcati
2366 768 2600 828 fuerant,
2639 767 2711 820 ita
2759 769 2987 825 scribit:
3033 791 3051 822 ‹
3089 771 3394 827 imitatores

1825 862 1927 915 mei
1954 869 2145 921 estote,
2171 861 2311 914 sicut
2343 871 2396 915 et
2422 876 2520 929 ego
2545 859 2752 914 Christi
2776 860 2841 915 δ’.
2880 881 2896 912 ι
2934 863 3072 928 Quin
3099 874 3152 919 et
3179 865 3394 918 divinus

1824 965 2038 1021 quoque
2084 949 2312 1006 Petrus:
2357 971 2374 1001 ι
2419 952 2565 1017 Quae,
2610 952 2804 1020 inquit,
2855 961 2938 1007 est
2967 954 3156 1023 gloria,
3189 955 3231 1009 si
3265 969 3394 1024 pce-

1821 1053 2028 1104 cantcs,
2052 1051 2108 1096 et
2136 1041 2454 1110 colaphizati
2498 1042 2770 1098 suffertis?
2804 1043 2910 1098 Sed
2942 1045 2985 1098 si
3022 1045 3156 1100 bene
3189 1046 3396 1101 facien-

1826 1143 1929 1196 tes,
1957 1135 2225 1201 patienter
2253 1134 2551 1198 sustinetis,
2577 1137 2687 1188 hazc
2713 1145 2794 1189 est
2813 1135 2988 1204 gratia
3020 1136 3156 1204 apud
3187 1138 3352 1191 Deum
3379 1158 3396 1193 :

1824 1225 1950 1292 quia
1989 1235 2043 1280 et
2073 1227 2319 1281 Christus
2367 1239 2555 1293 passus
2587 1236 2671 1282 est
2708 1243 2806 1298 pro
2839 1228 3014 1290 nobis,
3047 1229 3199 1283 vobis
3229 1231 3398 1285 relin-

1827 1332 1998 1385 quens
2048 1318 2377 1389 exemplum,
2413 1329 2473 1371 ut
2504 1321 2804 1386 sequamini
2843 1323 3066 1391 vestigia
3106 1322 3220 1389 ejus
3256 1325 3323 1375 ”.
3373 1346 3392 1377 ι

1827 1411 2036 1476 Scopus
2083 1425 2211 1479 ergo
2245 1412 2538 1480 Uuigeuito
2587 1424 2826 1467 nostram
2863 1415 3268 1470 similitudinem
3297 1420 3399 1472 ha-

1829 1501 1975 1555 benti
2041 1501 2160 1564 fuit,
2229 1506 2524 1557 secundum
2585 1506 2875 1558 humanam
2938 1516 3184 1561 naturam
3263 1511 3398 1579 pati,

1827 1603 2062 1660 suosque
2099 1590 2389 1646 familiares
2429 1594 2678 1657 edocere.
2718 1596 2870 1667 161
2909 1612 3014 1666 qua
3044 1599 3252 1654 ratione
3280 1611 3404 1663 ten-

1831 1684 2101 1735 tationum
2154 1685 2443 1738 insult’ibus
2484 1686 2697 1738 obviam
2751 1689 2829 1741 ire
2878 1697 3148 1758 oporteat,
3181 1691 3404 1760 quales-

1830 1787 1934 1841 que
1987 1773 2058 1826 illi
2115 1790 2234 1829 esse
2289 1777 2520 1831 debeant
2575 1778 2666 1846 qui
2722 1779 2916 1833 divinae
2970 1781 3187 1848 pietatis
3240 1799 3402 1839 causa

1832 1867 2236 1932 persecutiones
2317 1869 2627 1937 patiuntur,
2695 1869 2776 1922 vel
2827 1887 2947 1924 cum
2997 1873 3408 1944 quibusmuque

133 1980 248 2025 νοις
277 1961 666 2032 ὲμῆεϐηκότας
690 1964 802 2024 τοῖς
822 1971 843 1999 ι
863 1978 930 2013 πε
941 1963 992 2032 ρ⁸ι
1015 1961 1191 2032 ψυχῆς
1218 1961 1310 2013 καὶ
1346 1960 1615 2029 σώματος·
1633 1959 1728 2011 καὶ

1834 1953 1995 2006 animi
2028 1955 2376 2024 corporisque
2400 1956 2650 2024 periculis
2679 1957 3059 2014 conflictantur
3088 1980 3098 2014 :
3131 1973 3240 2017 tum
3269 1981 3406 2036 prae-

138 2054 379 2124 προσέτι
415 2052 594 2122 τούτῳ
637 2053 950 2117 καταδεῖξαι
984 2053 1083 2121 τῆς
1120 2052 1367 2120 ὑπακοῆς
1401 2051 1621 2114 εὐκλεὲς
1667 2049 1728 2102 τὸ

135 2147 314 2210 τέλος,
351 2146 441 2200 ἵνα
470 2147 561 2200 καὶ
604 2148 764 2217 ἡμεῖς
788 2145 997 2216 ἄριστοί
1027 2161 1089 2197 τε
1133 2145 1226 2196 καὶ
1262 2143 1415 2211 σοφοὶ
1444 2142 1553 2195 τῶν
1581 2140 1729 2210 αὐτῷ

136 2237 558 2305 πεπραγμένων
611 2234 970 2304 οἰκονομικῶς
1019 2231 1406 2304 εὐρισκώμεθα
1467 2231 1727 2299 μιμηταὶ,

135 2329 252 2390 τοῖς
282 2345 346 2380 τε
381 2327 586 2397 ἴχνεσιν
636 2325 801 2380 αὐτοῦ
850 2323 1272 2379 κατακολουθεῖν
1316 2322 1728 2387 σπουδάζοντες,

135 2419 231 2471 τὸν
259 2420 555 2490 εὐδόκιμον
585 2420 800 2490 ἀληθῶς
840 2420 1187 2489 διαζὴσωμεν
1232 2417 1372 2488 βίον.
1401 2418 1521 2470 Ὅτι
1547 2418 1730 2470 τοίνυν

139 2511 454 2583 ἄθραυστον
487 2512 630 2582 ἔχειν
664 2513 931 2583 προσήκει
970 2513 1030 2564 τὸ
1079 2511 1333 2581 φρόνημα
1379 2510 1504 2571 τούς
1547 2503 1626 2572 οἷς
1663 2508 1730 2561 ἂν

136 2605 279 2669 ὅλως
316 2606 611 2675 προκέοιτο
644 2606 836 2658 παθεῖν
884 2604 1022 2673 ὑπέρ
1054 2620 1113 2670 γε
1149 2603 1246 2670 τῆς
1275 2603 1355 2663 εἰς
1401 2601 1563 2654 αῧτδν
1597 2602 1732 2668 ἀ“(ἀ’

141 2714 275 2766 πης,
309 2697 535 2749 καὶητὸν
574 2697 714 2767 ὑπὲρ
747 2696 844 2765 τῆς
893 2694 1174 2755 εὐσεϐείας
1209 2693 1451 2745 κίνδυνον
1476 2692 1730 2761 ἡγεῖσθαι

143 2788 316 2858 ζωὴν,
367 2789 430 2852 ἐξ
452 2781 536 2843 »ὧν
574 2787 869 2858 ὑπέμεινεν
901 2787 1085 2849 αὐτὸς.
1119 2785 1374 2855 πέπραχέ
1403 2802 1460 2836 τε
1488 2784 1554 2836 δι’
1584 2785 1734 2853 ἡμᾶς

144 2878 532 2948 ἀνθρωπίνως,
579 2878 853 2947 διδάσκειν
886 2876 1158 2946 βούλεται.
1213 2875 1358 2945 Πλὴν
1405 2876 1506 2927 οὐκ
1540 2875 1733 2944 ἀφίησι

142 2971 274 3033 τοὺς
307 2971 734 3042 ἀνδριζομένους
765 2971 888 3039 εἰκῆ
938 2969 1345 3040 παραρῤίπτειν
1384 2968 1483 3030 τὰς
1524 2967 1732 3019 ἑαυτῶν

141 3062 350 3134 ψυχὰς,
385 3062 508 3116 οὐδὲ
557 3057 669 3115 οἷον
722 3061 987 3131 μεθέντας
1033 3059 1320 3128 ἀτημελῶς
1354 3059 1413 3111 τὸ
1461 3058 1733 3128 πρακτέον

149 3154 244 3206 καὶ
268 3153 342 3206 τὰ
371 3153 441 3206 δι’
471 3145 547 3206 ὧν
575 3147 642 3221 ἦν
688 3150 835 3212 εἰκὸς
864 3148 1151 3213 σώζεσθαι,
1187 3149 1315 3217 παρ’
1344 3147 1534 3199 ἐλπίδα
1571 3147 1734 3216 μόνον

149 3245 474 3315 ἐκδέχεσθαι
518 3243 580 3296 τὸ
614 3244 724 3304 τοῖς
757 3238 1141 3293 ἐθελοκακοῦσι
1174 3237 1382 3290 δοκοῦν.
1402 3236 1735 3290 ’Λναπείθων

146 3335 206 3388 δὲ
235 3336 444 3406 μᾶλλον
469 3332 838 3387 συντείνεσθαι
867 3331 1196 3402 προσευχὰς,
1225 3329 1321 3383 καὶ
1355 3328 1731 3398 ἀκατάληκτον

151 3429 427 3480 ποιεῖσθαι
445 3425 543 3495 τὴν
565 3423 749 3496 [πρὸς]
779 3422 911 3475 Θεὸν
947 3421 1180 3474 ἱκετείαν
1198 3433 1246 3487 ο,
1270 3420 1443 3474 ταῦτα
1469 3420 1729 3483 διδάσκει,

145 3517 364 3589 δεήσεις
395 3536 452 3571 τε
488 3520 580 3570 καὶ
602 3514 884 3586 ἱκετηρίας
913 3514 972 3565 ὲν
994 3515 1114 3575 ταῖς
1142 3512 1379 3581 ἡμέραις
1411 3511 1508 3580 τῆς
1534 3511 1735 3582 σαρκὸς

150 3609 319 3662 αὑτοῦ
350 3607 747 3678 προσαγηοχὼς
778 3604 911 3676 πρὸς
955 3603 1044 3656 τὸν
1077 3603 1376 3673 δυνάμενον
1402 3600 1596 3665 σώζειν
1634 3600 1735 3653 αὐ-

148 3699 241 3751 τὸν
274 3700 340 3751 ἐκ
366 3699 621 3752 θανάτου.

224 3886 316 3940 M'.
361 3888 507 3958 Ὀρα
541 3887 598 3939 δὲ
635 3888 784 3949 ὅπως
821 3885 913 3938 καὶ
942 3881 1314 3952 ἀγιοπρεποῦς
1349 3879 1649 3942 ἐπιεικείας
1674 3879 1736 3931 τὸ

151 3979 345 4049 χρῆμα
399 3978 768 4050 μεμέστωται.
821 3976 894 4028 Τὸ
947 3977 1044 4047 μὲν
1083 3975 1192 4045 γὰρ
1228 3971 1738 4043 καταθρασύνεσθαι

154 4072 261 4125 τῶν
293 4071 639 4143 πειρασμῶν,
680 4068 903 4139 ἀνδρίας
949 4068 1047 4138 μὲν
1094 4067 1207 4135 ἔχει
1257 4065 1435 4130 δόξαν,
1487 4064 1634 4116 δοκεί
1682 4062 1738 4114 δέ

154 4179 270 4227 πως
296 4163 602 4235 ὑπεροψίας
631 4163 731 4213 οὐκ
759 4161 837 4223 είς
862 4160 1007 4212 ἆπαν
1035 4157 1402 4228 ὴμοιρηκέναι
1420 4171 1433 4184 ·
1453 4156 1515 4208 τό
1538 4171 1599 4222 γε
1633 4153 1738 4224 μὴν

152 4251 386 4308 δεδιέναι
424 4255 520 4324 μὲν
556 4253 652 4305 καὶ
700 4247 1122 4304 ὑποστέλλεσθαι
1154 4247 1351 4329 δοκεῖν,
1390 4247 1482 4299 καὶ
1528 4246 1738 4299 δεῖσθαι

155 4343 290 4399 Θεοῦ
341 4346 440 4399 τοῦ
495 4343 688 4408 σώζειν
752 4342 1066 4412 ἰσχύοντος,
1119 4339 1407 4401 εὐλαϐείας
1469 4337 1739 4408 ὑπόληψιν

155 4433 288 4505 ἔχει.
324 4437 482 4491 Ἐπεὶ
523 4436 611 4490 διὰ
637 4436 796 4488 ποίαν
827 4433 1005 4487 αἰτίαν
1038 4435 1150 4496 τοῖς
1183 4432 1360 4501 ἁγίοις
1397 4431 1734 4503 προστέταχε

153 4530 462 4601 μαθηταῖςο
500 4549 518 4579 ι
553 4529 723 4582 Ὅταν
769 4528 826 4580 δὲ
867 4527 1137 4579 διώκωσιν
1171 4526 1316 4594 ὑμᾶς
1362 4525 1419 4576 ἐν
1464 4526 1528 4593 τῇ
1585 4522 1734 4575 πόλει

1832 2046 2039 2098 clarum
2071 2061 2288 2115 quoque
2311 2047 2633 2102 obedientiu:
2670 2050 2826 2105 linem
2855 2052 2923 2106 ob
2948 2053 3135 2108 oculos
3167 2069 3367 2124 ponere
3388 2097 3405 2121 .

1831 2152 1938 2205 quo
1986 2146 2040 2190 et
2100 2151 2196 2191 nos
2255 2153 2471 2206 quoque
2517 2142 2722 2194 strenui
2780 2142 3178 2214 prudentesque
3220 2162 3406 2201 eorum

1831 2246 1954 2298 qua:
1983 2231 2278 2285 secundum
2324 2233 2508 2286 carnis
2539 2234 2998 2302 dispensationem
3035 2237 3122 2292 ille
3154 2243 3406 2309 patravit,

1834 2321 2136 2376 imitatores
2190 2323 2417 2387 inventi,
2482 2325 2832 2395 vestigiisque
2878 2329 3116 2397 ejusdem
3171 2333 3411 2388 studiose

1834 2413 2165 2481 insistentes,
2210 2415 2374 2468 vitam
2406 2429 2532 2470 vere
2557 2417 2838 2486 probatam
2879 2421 3265 2489 transigamus.
3305 2424 3412 2480 Per

1831 2517 1893 2556 ea
1947 2504 2110 2573 igitur
2157 2520 2277 2574 qua:
2331 2507 2444 2577 ipse
2491 2517 2551 2560 ut
2586 2510 2754 2563 homo
2785 2519 3012 2581 prepter
3040 2527 3137 2566 nos
3166 2513 3295 2569 fecit
3350 2533 3414 2571 ac

1834 2598 2078 2665 pertulit,
2133 2600 2420 2654 ostendere
2490 2601 2659 2654 voluit
2743 2601 2882 2667 illos,
2945 2604 3139 2672 quibus
3195 2617 3415 2676 propter

1836 2689 1952 2755 ejus
1981 2688 2323 2743 dilectionem
2373 2691 2650 2758 quidpiam
2703 2693 2988 2746 adversum
3027 2695 3267 2763 perferre
3288 2713 3417 2766 pro-

1837 2779 2069 2846 positum
2111 2790 2215 2844 est,
2258 2793 2491 2834 mentem
2549 2781 2798 2837 obtinere
2837 2781 3036 2838 debere
3100 2787 3309 2842 ﬁrmam
3362 2803 3418 2842 et

1837 2870 2245 2935 inconcussam,
2303 2886 2366 2925 ac
2417 2873 2689 2938 pericula,
2743 2889 2862 2942 quae
2923 2877 3201 2946 religionis
3251 2895 3415 2936 causa

1837 2961 2227 3030 suscipiuntur,
2280 2963 2444 3015 vitam
2493 2965 2783 3020 aestimare.
2854 2967 3235 3024 Verumtamen
3300 2990 3407 3026 non

1837 3054 2100 3121 permittit
2127 3053 2263 3107 virili
2303 3055 2496 3109 robore
2528 3057 2784 3123 pmditos
2811 3059 3022 3115 animas
3054 3074 3179 3116 suas
3209 3071 3414 3116 temere

1839 3145 2093 3213 abjicere,
2143 3156 2236 3198 aut
2281 3148 2424 3215 quod
2471 3149 2738 3218 agendum
2779 3151 3071 3215 incumbit.
3117 3169 3211 3222 per
3246 3156 3419 3226 negli-

1765 3267 1809 3327 ρ
1841 3240 2076 3306 gentiam
2104 3240 2425 3307 omittendo,
2453 3251 2508 3296 et
2538 3256 2634 3311 per
2673 3258 2794 3313 qua:
2829 3245 2973 3325 salus
3015 3246 3295 3316 obtingere
3325 3263 3417 3318 po-

1843 3342 1981 3392 test.
2030 3344 2346 3403 exspectare
2377 3335 2550 3389 solum
2587 3345 2784 3405 pmter
2828 3352 2975 3406 spem
3027 3338 3170 3407 quod
3205 3340 3416 3395 libitum

1840 3425 1945 3478 erit
1973 3424 2205 3495 maligne
2230 3426 2535 3495 agentibus,
2591 3428 2683 3482 sed
2712 3429 2976 3484 hortando
3005 3430 3204 3498 potius.
3225 3442 3283 3485 ut
3310 3433 3416 3486 im-

1843 3515 1994 3584 pigre
2039 3516 2296 3586 prccibus
2345 3518 2684 3584 incumbant,
2739 3519 2956 3590 Deoque
2983 3522 3105 3577 sine
3135 3522 3417 3578 intermis-

1842 3609 1995 3663 sione
2024 3609 2346 3678 supplicent,
2400 3611 2515 3665 haec
2543 3612 2719 3679 docet,
2751 3613 2876 3669 dum
2911 3614 2966 3668 in
3010 3613 3206 3672 diebus
3236 3618 3418 3674 carnis

1837 3712 1950 3753 sua:
1995 3700 2062 3754 ad
2105 3714 2250 3766 eum,
2306 3703 2396 3771 qui
2443 3703 2659 3758 saivare
2693 3719 2722 3757 a
2759 3713 2931 3759 morte
2970 3705 3122 3760 illum
3183 3713 3415 3776 poterat,

1839 3805 2029 3862 preces
2061 3800 2116 3845 et
2153 3794 2575 3862 supplicationes
2610 3795 2849 3852 oti‘erret.

1911 3881 2025 3938 XL.
2055 3883 2352 3938 Considera
2398 3901 2558 3953 porro
2590 3897 2647 3942 ut
2691 3901 2910 3946 sanctos
2938 3892 3271 3950 condecente
3301 3911 3418 3951 mo-

1841 3975 2013 4029 destia
2079 3976 2463 4031 documentum
2526 3979 2627 4034 hoc
2689 3991 2920 4036 scatent.
3002 3983 3418 4042 Tentationibus

1841 4069 1983 4121 enim
2032 4069 2317 4124 audentius
2362 4070 2574 4124 obviam
2616 4072 2718 4137 ire,
2757 4071 3090 4132 fortitudinis
3121 4087 3207 4133 est
3255 4094 3419 4150 argu-

1845 4164 2106 4219 mentum,
2155 4159 2419 4226 superbiae
2468 4167 2648 4214 tamen
2700 4161 3010 4231 suspicione
3050 4180 3157 4219 non
3197 4168 3420 4223 omnino

1844 4260 2034 4300 carere
2079 4246 2325 4312 videtur;
2376 4252 2470 4301 sed
2502 4264 2719 4318 pavere,
2763 4261 2815 4305 et
2851 4250 3140 4310 formidine
3171 4259 3419 4314 contrahi

1840 4337 2035 4400 videri,
2066 4347 2120 4392 et
2156 4353 2346 4407 preces
2395 4340 2462 4393 ad
2509 4356 2632 4394 eum
2681 4342 2908 4400 fundere
2954 4345 3046 4414 qui
3083 4346 3294 4403 salvare
3326 4363 3420 4418 po-

1843 4437 1965 4493 test,
2003 4429 2114 4484 Iioc‘
2136 4429 2408 4499 religionis
2439 4440 2523 4484 cst
2553 4447 2708 4502 opus.
2742 4434 2955 4505 Alioqui
2986 4437 3130 4491 enim
3161 4453 3260 4492 cur
3308 4440 3423 4510 ipse

1841 4519 2048 4573 sanctis
2091 4519 2351 4589 apostolis
2382 4522 2680 4590 praecepit:
2733 4542 2750 4574 ι
2783 4523 2916 4577 Cum
2949 4539 3044 4579 vos
3084 4539 3422 4597 persequen-

157 4621 354 4694 ταύτῃ,
384 4620 616 4692 φεύγετε
649 4621 728 4682 είς
756 4618 852 4689 τὴν
882 4618 1106 4688 ἑτέραν;
1149 4635 1166 4666 ι
1206 4616 1329 4677 Πῶς
1365 4614 1422 4667 δὲ
1451 4615 1547 4667 καὶ
1568 4612 1735 4675 αὐτὸς

1845 4618 1930 4662 tur
1959 4609 2009 4660 in
2042 4624 2145 4662 una
2193 4609 2432 4673 civitate,
2485 4612 2652 4678 Fugite
2695 4613 2746 4666 in
2795 4613 2953 4668 aliam
2988 4615 3073 4669 “‘3
3107 4637 3125 4668 ο
3167 4633 3264 4672 cur
3291 4622 3419 4676 item

155 4712 186 4762 δ
219 4715 494 4783 πάνσοφος
539 4712 772 4775 Παῦλος,
823 4711 1005 4764 καίτοι
1047 4709 1220 4776 λέγων
1265 4708 1396 4777 ἡμῖν
1448 4706 1731 4776 ἐναργῶς*

163 4822 183 4852 ί
222 4805 316 4870 Τίς
354 4807 506 4875 ἡμᾶς
541 4804 767 4873 χωρίσει
793 4801 900 4855 ἀπὸ
927 4802 1029 4868 τῆς
1073 4798 1293 4866 ἀγάπης
1324 4796 1418 4848 τοῦ
1456 4794 1732 4864 Χριστοῦς

161 4895 358 4965 θλίψις,
413 4899 446 4968 ἢ
497 4894 860 4964 στενοχωρία,
909 4892 942 4961 ἢ
972 4890 1252 4961 διωγμὸς,
1289 4890 1319 4959 ἢ
1351 4888 1540 4958 λιμὸς,
1573 4888 1604 4957 ἢ
1640 4905 1730 4954 γυ-

162 4989 361 5062 μνότης
381 5031 396 5054 ,
426 4989 458 5059 ἢ
492 4986 733 5046 κίνδυνος
755 5025 769 5049 ,
800 4984 832 5054 ἢ
865 4985 1108 5054 μάχαιρα
1130 5000 1144 5046 ;
1173 5002 1191 5034 ι
1213 4983 1302 5035 τὸν
1322 4981 1422 5050 τῆς
1439 4980 1730 5051 Δαμασκοῦ

160 5079 550 5151 διαδιδράσκων
596 5077 920 5149 ἡγούμενον,
973 5077 1062 5129 διὰ
1102 5077 1202 5146 τῆς
1245 5075 1460 5143 θυρίδος
1499 5075 1732 5144 ὲχαλᾶτο

159 5169 246 5226 διὰ
289 5173 389 5228 τοῦ
435 5171 679 5241 τείχους;
713 5169 859 5221 Ἔδει
893 5168 1073 5220 τοίνυν
1109 5166 1312 5230 παντὸς
1362 5165 1568 5233 ἀγαθοῦ
1603 5163 1736 5218 καθ-

165 5267 370 5338 ηγητὴν
403 5262 496 5317 καὶ
521 5261 841 5315 διδάσκαλον
870 5259 1032 5312 αὑτὸν
1055 5261 1186 5329 ἡμῖν
1218 5257 1617 5326 ἀναφανεῖσθαι
1647 5256 1736 5309 τὸν

165 5355 415 5424 Χριστόν.
466 5354 703 5425 Προσῄει
739 5353 838 5420 μὲν
875 5351 983 5420 γὰρ
1019 5350 1158 5418 μετά
1203 5347 1455 5416 κραυγῆς
1509 5347 1735 5415 ἰσχυρᾶς

166 5447 255 5498 καὶ
284 5445 588 5517 ἱκετηρίας,
631 5445 707 5506 ώς
738 5441 859 5496 καθ’
905 5442 1050 5510 ἡμᾶς
1099 5436 1368 5507 γεγονώςο
1403 5435 1734 5506 εἰσηκούσθη

199 5601 240 5632 ⁸¹
273 5601 438 5658 Hebr.
470 5615 524 5668 v,
559 5598 678 5652 7-9.
754 5597 798 5628 ⁸²
827 5595 847 5648 ι
876 5595 1003 5651 Cor.
1035 5610 1110 5660 xi,
1140 5596 1192 5648 ί.

1266 5593 1313 5624 ⁸³
1347 5593 1365 5647 1
1395 5592 1541 5647 Petr.
1582 5608 1644 5657 ιι,
1673 5591 1762 5644 20.

1845 4700 2276 4771 sapientissimus
2296 4699 2521 4768 Paulus,
2551 4703 2638 4770 qui
2667 4702 2870 4757 diserte
2903 4705 3034 4761 dicit
3061 4724 3074 4760 :
3110 4726 3128 4759 ι
3163 4707 3299 4774 Quis
3326 4727 3424 4765 nos

1846 4795 2177 4863 separabita
2230 4793 2499 4847 charitate
2546 4795 2788 4848 Christi?
2841 4798 3156 4866 tribulatio,
3202 4818 3269 4856 an
3321 4819 3422 4857 an-

1841 4886 2054 4956 gustia,
2093 4903 2160 4939 an
2203 4887 2539 4956 persecutio,
2588 4902 2654 4939 au
2698 4887 2897 4955 futues,
2948 4905 3014 4944 an
3069 4893 3317 4961 nuditas,
3354 4911 3420 4950 an

1844 4979 2164 5050 periculum,
2206 4995 2270 5032 an
2304 4979 2516 5048 gladius
2539 4980 2626 5032 "?
2660 4999 2679 5031 ι
2742 4982 3195 5038 Damascenorum
3242 4987 3424 5055 praefe-

1841 5083 1984 5126 ctum
2029 5071 2260 5139 fugiens,
2291 5086 2322 5126 e
2345 5087 2499 5125 muro
2524 5087 2618 5141 per
2646 5072 2938 5128 fenestram
2973 5091 3164 5145 passus
3193 5089 3276 5132 est
3304 5095 3423 5134 sese

1847 5163 2054 5216 demitti
2085 5160 2330 5216 "?Cu‘m
2364 5163 2526 5232 igitur
2565 5167 2928 5220 necessarium
2961 5179 3105 5222 esset
3155 5179 3213 5223 ut
3286 5171 3424 5240 ipse-

1848 5262 1959 5306 met
1988 5250 2236 5306 Christus
2271 5251 2336 5306 ad
2368 5254 2596 5320 quodvis
2626 5254 2820 5308 bonum
2850 5271 2988 5324 opus
3016 5257 3204 5313 ducem
3233 5275 3292 5314 se
3322 5277 3420 5316 no-

1845 5341 1930 5395 bis
1961 5353 2462 5411 praeceptoremque
2509 5346 2814 5408 exhiberet,
2866 5347 3040 5402 valido
3083 5349 3318 5404 clamore
3369 5363 3426 5408 et

1845 5434 2236 5504 supplicatione
2288 5445 2544 5505 tanquam
2584 5439 2746 5494 homo
2789 5440 2854 5493 ad
2889 5437 3054 5496 Deum
3086 5447 3350 5510 accessit,
3391 5461 3428 5499 a

1838 5590 1884 5621 “
1917 5589 2105 5645 Matth.
2136 5605 2192 5655 ι,
2224 5591 2314 5646 εδ.
2395 5594 2438 5624 ⁸⁸
2476 5593 2632 5647 Rom.
2673 5611 2792 5660 vm,
2822 5596 2911 5650 35.
2993 5596 3040 5629 “
3063 5601 3186 5653 Act.
3223 5617 3298 5665 ix,
3327 5602 3422 5661 ‘25.

1269 5727 1445 5782 Variae
1483 5727 1744 5782 lectiones
1767 5726 1967 5782 codicis
1993 5723 2354 5792 Seguieriaui.

179 5871 200 5902 ⁸
233 5866 594 5930 ἐκδεδωκότας
628 5866 853 5929 ἑαυτοὺς
878 5867 1011 5928 τοῖς.
1088 5876 1112 5904 ι
1146 5862 1305 5916 αὐτὸν
1335 5862 1563 5916 ἱκεσίαν.
