4116 6488
721 420 848 475 1591

1677 420 1737 476 S.
1777 413 2056 485 CYBILLI
2095 418 2567 480 ALEXANDRINI
2605 423 2916 478 ARCIIIEP.

3850 421 3965 478 1393

719 552 826 606 quo
872 535 1032 592 etiam
1086 543 1342 608 tanquam
1379 552 1537 596 verus
1579 543 1944 610 naturalisque
1976 541 2165 604 Filius,
2203 545 2291 612 qui

2398 545 2475 609 δὲ,
2527 546 2602 609 ὡς
2649 546 2806 614 φύσει
2837 546 2931 600 καὶ
2962 544 3177 615 ἀληθῶς
3213 546 3337 610 Υίὸς
3390 548 3454 601 ού
3503 545 3964 617 παρακουόμενος.

718 629 987 698 repulsam
1049 629 1155 698 pati
1215 644 1321 686 non
1369 642 1577 702 posset,
1634 634 1915 689 exauditus
1966 643 2071 688 cst.
2136 637 2293 707 162

724 741 742 772 ι
783 721 890 790 Ego
930 721 1097 784 enim,
1148 722 1342 791 inquit,
1384 726 1619 780 sciebam
1666 724 1788 791 quia
1837 738 2052 794 semper
2081 743 2166 780 me
2195 745 2294 781 att-

719 816 803 868 clis
834 813 902 866 ".
938 832 956 864 ι
1005 812 1074 869 Ut
1104 816 1246 870 enim
1297 828 1512 872 nostras
1542 829 1728 885 preces
1769 815 1879 870 Deo
1913 817 2160 873 redderet
2203 835 2295 876 ac-

718 916 923 976 ceptas,
963 907 1075 978 ipse
1101 909 1307 977 primus
1333 924 1442 962 rem
1469 921 1694 962 exorsus
1716 918 1817 975 εει,
1849 918 2104 978 paternas
2133 925 2292 966 aures

720 1006 822 1061 hac
852 1007 1058 1061 ratione
1091 1008 1342 1060 humanae
1375 1013 1582 1059 natura:
1615 1003 2014 1072 quodammodo
2047 1003 2293 1073 aperiens

717 1100 1081 1170 dilatansque,
1124 1107 1178 1154 et
1225 1113 1412 1153 eorum
1471 1095 1635 1159 votis,
1676 1095 1768 1165 qui
1813 1095 1956 1150 illius
1991 1110 2150 1149 causa
2193 1093 2292 1145 ali-

715 1191 929 1262 quando
985 1190 1440 1260 periclitarentur,
1490 1186 1678 1242 faciles
1737 1197 2122 1257 promptasque
2178 1183 2291 1238 clli-

712 1285 884 1337 ciens.
919 1281 1026 1337 Nos
1074 1281 1254 1350 itaque
1296 1279 1413 1349 ipso
1459 1278 1624 1333 veluti
1657 1279 1710 1332 in
1738 1278 1908 1334 altero
1953 1274 2166 1345 generis
2193 1287 2290 1326 no-

714 1376 810 1429 stri
864 1374 1130 1443 principio
1162 1388 1400 1434 eramus,
1443 1373 1534 1441 qui
1568 1371 1746 1426 valido
1774 1386 1894 1424 cum
1942 1368 2180 1422 clamore
2236 1374 2292 1420 et

717 1467 966 1539 lacrymis
988 1505 1003 1529 ,
1033 1476 1090 1520 ut
1123 1465 1312 1518 mortis
1345 1463 1628 1532 imperium
1660 1463 1712 1516 in
1741 1461 1897 1515 nobis
1939 1458 2248 1512 aboleretur
2270 1497 2287 1523 ,

715 1572 765 1616 et
801 1562 904 1614 vita
941 1570 1146 1614 natura:
1195 1566 1394 1612 nostra:
1421 1558 1692 1626 quondam
1733 1555 1929 1610 donata
1973 1553 2150 1608 denuo
2194 1552 2289 1606 llr-

717 1663 977 1716 maretttr,
1007 1650 1167 1705 enixe
1194 1649 1639 1720 elllagitabamns.

788 1739 920 1793 XLI.
956 1738 1125 1792 Porro
1162 1748 1363 1800 autem,
1405 1736 1548 1807 quod
1591 1736 2000 1806 obtemperandi
2035 1734 2143 1788 Deo
2178 1744 2290 1789 stn-

713 1833 856 1886 ilium
925 1830 1184 1900 praeclara
1263 1831 1511 1885 mercede
1574 1839 1851 1899 pensetur,
1915 1829 2289 1898 illustremque

711 1922 914 1977 exitum
971 1920 1252 1986 sortiatur,
1306 1922 1409 1975 hoc
1445 1934 1511 1975 ex
1545 1920 1662 1989 lpso
1709 1921 1898 1976 eodem
1950 1935 2166 1975 rursum
2210 1919 2292 1973 di-

711 2028 863 2068 scere
893 2011 1039 2067 licet.
1088 2029 1107 2063 ι
1141 2011 1219 2065 Ex
1267 2012 1372 2077 his,
1410 2012 1605 2081 inquit,
1639 2028 1757 2082 qua:
1788 2027 1980 2083 passus
2012 2023 2116 2076 est,
2149 2012 2291 2067 didi-

711 2107 786 2160 cit
809 2104 1167 2160 obedientiam
1199 2104 1266 2156 ".
1307 2123 1326 2155 ι
1357 2103 1508 2169 Quod
1541 2105 1764 2173 perinde
1794 2116 1895 2169 est,
1929 2120 1993 2159 ac
2027 2106 2070 2160 si
2101 2106 2286 2160 dicat:

718 2217 736 2250 ι
777 2197 1093 2251 Humiliavit
1126 2195 1496 2266 semetipsum,
1529 2196 1702 2250 factus
1730 2197 1986 2250 obediens
2022 2211 2191 2266 nsque
2222 2196 2290 2250 ad

710 2295 964 2347 mortem,
1015 2293 1240 2338 mortem
1286 2296 1465 2337 autem
1513 2286 1690 2339 crucis
1721 2284 1788 2338 °’.
1844 2305 1862 2337 ι
1905 2283 2289 2341 Verumtamen

709 2377 764 2440 in
796 2391 856 2431 ea
887 2375 1191 2445 abjectione
1223 2385 1276 2428 et
1311 2375 1617 2430 humilitate
1646 2391 1749 2427 non
1789 2377 2082 2445 permansit
2114 2395 2128 2430 :
2163 2393 2286 2432 nam

709 2468 1145 2538 superexaltatus
1195 2477 1300 2532 est,
1344 2469 1581 2532 nomine,
1632 2469 1776 2537 quod
1811 2482 1973 2536 super
2007 2483 2166 2523 omne
2194 2485 2291 2523 no-

707 2575 855 2634 men,
907 2569 1126 2630 accepto
1153 2559 1219 2614 ”.
1255 2561 1498 2612 ilinnaua
1539 2560 1758 2628 quidem
1787 2572 1871 2614 est
1903 2561 2058 2629 hujus
2101 2562 2291 2617 dictio-

709 2651 794 2704 nis
833 2650 1039 2718 figura:
1067 2663 1253 2703 verum
1284 2650 1494 2703 illustre
1519 2651 1672 2703 nnhis
1699 2650 2003 2718 exemplum
2039 2651 2125 2705 hic
2163 2667 2290 2720 pro-

708 2744 958 2812 ponitur;
999 2743 1305 2796 ostenditur
1333 2741 1477 2795 enim
1507 2742 1869 2795 obedientiam
1901 2751 1956 2796 et
1994 2742 2288 2810 gloriosam

707 2843 763 2888 et
784 2833 1139 2888 admiratione
1171 2832 1386 2900 dignam
1443 2841 1496 2885 et
1530 2832 1793 2886 honorum
1826 2833 2064 2885 omnium
2106 2833 2290 2887 conci-

707 2923 971 2978 liatricem
1019 2937 1161 2978 esse.
1189 2920 1341 2988 Quod
1374 2922 1538 2993 igitur
1564 2923 1880 2978 Emmanuel
1910 2941 2017 2979 non
2057 2935 2182 2979 ante
2211 2927 2292 2979 in-

706 3015 1102 3091 earnationem,
1155 3015 1250 3069 sed
1301 3014 1354 3067 in
1410 3015 1598 3068 diebus
1640 3015 1822 3068 carnis
1880 3030 1990 3069 sua:
2036 3013 2291 3086 (quando

707 3108 989 3171 nimirum,
1021 3107 1156 3161 citra
1193 3107 1356 3161 ullam
1401 3119 1606 3171 notam,
1643 3108 1889 3177 citraque
1925 3123 2143 3163 omnem
2175 3125 2292 3163 om-

2404 659 2421 689 ο
2447 637 2588 707 Ἐγὼ
2619 639 2748 710 γὰρ,
2783 639 2966 709 φησὶν,
2999 636 3145 708 ᾔδειν
3175 638 3258 691 ὃτι
3296 640 3530 693 πάντοτέ
3563 657 3671 709 μου
3701 636 3961 699 ἀκούεις.»

2398 731 2518 784 Ἵνα
2560 733 2669 802 γὰρ
2699 733 2793 785 καὶ
2835 731 2934 796 τὰς
2959 729 3118 801 ἡμῶν
3146 734 3457 803 προσευχὰς
3489 733 3695 794 δεκτὰς
3731 730 3967 799 γενέσθιι

2397 841 2471 876 πα
2483 825 2827 898 ρασκευάσῃ,
2863 823 3025 877 πάλιν
3059 820 3222 886 αὑτός
3251 823 3562 895 ἀπάρχεται
3590 825 3688 879 τοῦ
3721 825 3969 893 πράγμαο

2394 931 2507 976 τος,
2561 915 2841 987 μοᾮονουχὶ
2873 908 3220 984 κατευρύνων
3248 918 3314 984 τῇ
3345 916 3638 986 ἀνθρώπου
3689 917 3856 988 φύσει
3885 917 3970 981 τὴν

2393 1004 2489 1057 τοῦ
2521 1007 2730 1076 Πατρδς
2765 1008 2953 1080 ἀκοὴν,
2987 1004 3083 1060 καὶ
3119 996 3230 1058 οἷον
3255 1006 3618 1078 ἑτοιμοτάτην
3649 1009 3971 1081 παρατιθεὶς

2392 1099 2512 1159 ταῖς
2555 1097 2662 1150 τῶν
2714 1101 2784 1153 δι’
2829 1101 2993 1155 αὑτὸν
3042 1098 3461 1153 κινδυνευόντων
3503 1099 3720 1168 εὐχαῖς.
3773 1099 3973 1154 Οὐκοῦν

2393 1186 2556 1255 ἡμεῖς
2597 1182 2740 1259 ἦμεν
2785 1193 2843 1244 ὲν
2876 1188 3048 1262 αὐτῷ,
3089 1190 3338 1262 καθάπερ
3383 1190 3440 1243 ὲν
3474 1190 3707 1260 ἀπαρχῇ
3750 1191 3974 1262 δευτέρᾳ

2389 1275 2488 1330 τοῦ
2528 1279 2741 1346 γένους,
2789 1283 2839 1335 oi
2868 1283 3006 1353 μετὰ
3041 1283 3288 1355 κραυγῆς
3319 1281 3545 1352 ίσχυρᾶς
3581 1282 3678 1333 καὶ
3712 1283 3820 1335 οὐκ
3854 1285 3975 1336 ἀδι-

2392 1370 2551 1441 κρυτὶ
2597 1375 3047 1445 προσευχόμενοι,
3097 1376 3191 1428 καὶ
3250 1372 3311 1426 τδ
3343 1369 3438 1425 τοῦ
3487 1373 3730 1426 θανάτου
3781 1376 3976 1442 κράτος

2392 1465 2806 1536 καταργηθῆναι
2836 1467 3304 1538 παρακαλοῦντες,
3336 1468 3551 1536 ἰσχύσαι
3583 1467 3639 1520 δὲ
3676 1465 3782 1537 τὴν
3814 1465 3978 1536 ζωὴν,

2390 1557 2491 1629 τὴν
2519 1558 2614 1611 καὶ
2645 1560 2816 1613 πάλαι
2842 1564 2910 1634 τῇ
2951 1561 3110 1631 φύσει
3144 1558 3546 1632 δεδωρημένην.

2462 1732 2740 1788 ΜΛ’.”Οτι
2767 1734 2822 1788 δὲ
2854 1735 2918 1788 τὸ
2952 1734 3261 1790 ὑπακοῦσαι
3290 1733 3411 1805 Θεῷ
3437 1735 3700 1807 λαμπρὸν
3732 1734 3829 1788 καὶ
3861 1735 3984 1787 ἀπό-

2395 1825 2624 1879 6λεπτον
2666 1825 2780 1896 ἔχει
2825 1827 2886 1880 τὸ
2917 1828 3113 1898 πέρας,
3154 1826 3231 1890 ὡς
3274 1827 3331 1878 ὲν
3361 1826 3510 1897 αὐτῷ
3538 1827 3605 1898 δὴ
3641 1827 3809 1880 πάλιν
3857 1826 3981 1894 64'6-

2323 1885 2370 1946 Β
2398 1919 2556 1991 μεθα.
2591 1937 2609 1970 ι
2653 1885 2769 1987 ‘A'ip‘
2803 1913 2880 1974 ὧν
2911 1885 3041 1991 γὰρ,
3072 1885 3266 1991 venatu,
3296 1885 3513 1983 ἔπαθεν,
3536 1885 3711 1989 ἔμαθε
3747 1920 3854 1990 τὴν
3883 1885 3983 1970 ύπέ

2392 2012 2578 2081 ακοήν.
2615 2029 2636 2062 ι
2665 2010 2892 2078 Ὅμοιον
2932 2013 3038 2083 γὰρ
3065 2011 3142 2074 ὡς
3190 2012 3238 2062 εί
3267 2009 3411 2076 λέγοι
3442 2009 3636 2079 τυχόν·
3673 2031 3691 2061 ι
3717 2011 3983 2063 Τεταπεί-

2391 2120 2564 2159 νωκεν
2613 2100 2823 2166 ἑαυτὸν,
2874 2102 3168 2173 γενόμενος
3215 2101 3454 2172 ὑπήκοος
3503 2101 3665 2170 μέχρι
3717 2100 3980 2167 θανάτου,

2393 2194 2623 2248 θανάτου
2653 2192 2710 2244 δὲ
2741 2192 2998 2262 σταυροῦ.
3038 2211 3056 2243 ι
3099 2192 3239 2246 Ἀλλ’
3269 2193 3330 2244 οὑ
3361 2193 3641 2263 μεμένηκε
3674 2194 3947 2254 ταπεινός
3967 2213 3980 2220 -

2394 2283 2726 2356 ύπερυψὼθη
2777 2284 2885 2355 γὰρ
2925 2284 3108 2338 λαϐὼν
3141 2285 3311 2355 δνομα
3342 2285 3404 2336 τὸ
3443 2285 3581 2356 ὑπὲρ
3627 2285 3740 2337 πᾶν
3787 2284 3983 2353 ὃνομα.

2406 2374 2770 2446 Ἀνθρώπινον
2796 2375 2896 2444 μὲν
2916 2373 3009 2428 τοῦ
3034 2373 3194 2443 λόγου
3219 2375 3280 2427 τὸ
3307 2375 3510 2445 σχῆμα,
3536 2376 3765 2447 ἄριστός
3784 2388 3847 2444 γε
3879 2373 3982 2445 μὴν

2394 2469 2474 2530 είς
2521 2466 2667 2537 ἡμᾶς
2712 2467 2741 2518 6
2791 2463 2887 2518 τοῦ
2923 2465 3251 2536 πράγματος
3299 2465 3490 2529 τύπος,
3535 2467 3736 2520 εὐκλεᾶ
3785 2480 3846 2518 τε
3892 2467 3985 2518 καὶ

2393 2556 2725 2630 ἀξιάγαστον
2756 2555 3075 2624 ἀποφαίνων
3109 2553 3206 2625 τὴν
3237 2555 3503 2625 ὑπακοὴν,
3529 2559 3623 2609 καὶ
3644 2557 3744 2611 τοῦ
3777 2556 3984 2616 παντὸς

2394 2649 2525 2717 ἡμῖν
2557 2648 2813 2718 πρόξενον
2843 2645 3071 2714 ἀγαθοῦ.
3105 2643 3287 2708 Τύπος
3302 2643 3396 2698 οὖν
3425 2647 3534 2716 ἄρα
3563 2649 3657 2699 καὶ
3685 2649 3984 2718 ὑπογραμ-

2397 2739 2496 2809 pb;
2529 2739 2608 2800 εἰς
2635 2741 2783 2808 ἡμᾶς
2808 2739 2869 2791 τὸ
2905 2738 3042 2808 μετὰ
3075 2739 3322 2809 κραυγῆς
3353 2739 3582 2807 ἰσχυρᾶς
3605 2741 3702 2791 καὶ
3727 2741 3984 2809 δακρύων

2395 2827 2789 2898 προσεύχεσθαι
2821 2829 3216 2899 πειραζόμενον
3245 2830 3336 2882 τὸν
3379 2829 3759 2898 Ἑμμανουὴλ,
3790 2833 3851 2882 οὐ
3881 2831 3986 2900 πρὸ

2393 2926 2490 2992 τῆς
2523 2922 3020 2994 ὲνανθρωπήσεως,
3052 2924 3165 2976 ἀλλ’
3196 2925 3255 2975 ἐν
3285 2925 3406 2984 ταῖς
3443 2922 3686 2993 ἡμέραις
3714 2924 3820 2992 τῆς
3852 2941 3986 2993 cap-

2393 3016 2487 3079 κὸς
2517 3015 2707 3084 αὑτοῦ,
2732 3018 2819 3070 ὅτε
2847 3019 2943 3070 καὶ
2967 3016 3124 3070 τοῦτο
3153 3016 3289 3086 δρᾷν
3324 3014 3678 3086 ἀνεγκλήτως
3709 3017 3866 3087 ἐξῆν,
3896 3018 3983 3072 οὑ-

2393 3111 2482 3164 δὲν
2508 3111 2589 3172 εἰς
2618 3110 2717 3180 τὴν
2745 3109 2846 3179 τῆς
2899 3109 3157 3180 θεότητος
3186 3106 3544 3177 ἀδικούμενον
3575 3107 3764 3174 δόξαν,
3802 3109 3977 3178 detai-

709 3197 841 3250 nino
875 3196 1068 3251 divinae
1104 3196 1286 3266 gloria:
1320 3212 1431 3251 sua:
1471 3196 1721 3267 injuriam
1759 3195 1937 3254 facere
1973 3199 2024 3253 id
2059 3199 2288 3265 licebat;

2398 3221 2498 3274 σης
2531 3202 2588 3255 δὲ
2622 3203 2826 3273 μᾶλλον
2860 3203 2991 3256 αὔτό
3016 3201 3110 3254 τοῦ
3126 3217 3175 3252 co
3206 3200 3338 3270 δρᾷν
3365 3199 3466 3266 τῆς
3497 3201 3639 3269 μετὰ
3671 3201 3883 3269 σαρκὸς
3909 3202 3982 3250 οξ-

709 3289 817 3343 imo
847 3304 972 3342 vero
999 3290 1215 3358 quando
1257 3289 1586 3358 dispensatio
1631 3304 1753 3344 cum
1787 3304 1954 3345 carne
1996 3290 2110 3345 ﬁeri
2149 3289 2292 3344 istud

707 3381 1091 3451 permittebat:
1137 3381 1338 3450 alioqui
1379 3383 1521 3435 enim
1569 3382 1839 3450 quomodo
1891 3381 2002 3436 vita
2056 3393 2290 3437 mortem

711 3472 1015 3527 timuisset?
1063 3477 1083 3541 )
1132 3482 1372 3526 tentatus
1424 3474 1897 3543 impugnatusque,
1945 3474 2123 3529 valido
2164 3485 2288 3529 cum

709 3564 948 3620 clamore
970 3575 1024 3619 ct
1069 3564 1322 3636 lacrymis
1354 3565 1531 3619 oravit
1565 3580 1580 3620 :
1615 3561 1666 3619 id
1697 3565 1852 3621 nobis
1886 3566 1953 3620 ad
1980 3566 2287 3636 exemplum

709 3659 852 3727 quod
897 3658 1168 3712 imitemur
1199 3697 1216 3724 ,
1252 3658 1582 3728 propositum
1617 3673 1738 3714 esse
1771 3657 2087 3713 existimare
2125 3658 2291 3711 debe-

712 3766 851 3807 mus.
908 3749 1041 3804 Nam
1095 3765 1218 3803 cum
1272 3751 1386 3818 ipse
1431 3764 1527 3804 nos
1573 3751 1624 3804 in
1683 3749 1938 3818 periculis
1986 3749 2115 3803 velit
2169 3763 2293 3804 esse

710 3856 872 3908 quam
900 3840 1345 3904 animosissimos,
1376 3855 1672 3908 eorumque
1712 3841 1888 3895 minas
1919 3859 1936 3892 t
1970 3835 2061 3910 qui
2091 3853 2293 3908 corpus

714 3943 921 3986 tantum
950 3928 1307 3998 occidunt'°',
1337 3951 1355 3982 ι
1388 3942 1739 3987 contemnere
1761 3933 1949 4003 jubeat
1980 3950 1992 3985 :
2021 3930 2290 4002 quomodo

712 4024 1079 4094 deprehensus
1110 4036 1254 4080 esset
1288 4020 1425 4078 amci
1456 4024 1684 4078 timore?
1729 4033 1822 4078 aut
1856 4020 2125 4093 quomodo
2149 4024 2291 4078 vires

709 4130 816 4169 non
863 4117 1143 4171 habuisset
1172 4124 1398 4172 mortem
1438 4131 1465 4168 a
1497 4116 1709 4186 propria
1745 4128 1910 4170 carne
1963 4114 2287 4185 depellendi,

2396 3295 2688 3364 κονομίας’
2741 3294 2864 3346 ἐπεὶ
2895 3294 3018 3347 τίνα
3050 3293 3250 3363 τρόπον
3281 3290 3630 3360 κατεηοὴθη
3681 3288 3916 3344 θάνατον
3951 3293 3981 3359 ἡ

2395 3384 2544 3454 ζωής
2586 3384 2643 3436 '0
2671 3383 2728 3434 δὲ
2760 3384 2854 3436 καὶ
2885 3383 3031 3453 ἡμᾶς
3060 3381 3254 3442 αὐτοῦς
3285 3378 3608 3447 ἀποφαίνων
3650 3378 3982 3449 εύτολμοτάυ

2391 3485 2538 3539 τους,
2570 3476 2666 3528 καὶ
2694 3474 2866 3543 λέγων
2887 3492 2902 3506 ο
2939 3495 2956 3525 t
2999 3475 3093 3544 Μὴ
3122 3472 3372 3543 φοϐεῖσθε
3405 3471 3513 3523 ἀπὸ
3561 3471 3673 3523 τῶν
3717 3471 3979 3523 ἀποκτει-

2397 3567 2598 3621 νόντων
2623 3566 2684 3618 τὺ
2712 3567 2871 3636 σῶμα
2889 3584 2902 3597 ·
2939 3587 2958 3615 ι
3000 3567 3115 3628 πῶς
3156 3566 3223 3618 ἂν
3253 3565 3367 3634 ἥλω
3395 3563 3586 3616 παθὼν
3617 3563 3717 3633 τὴν
3743 3563 3979 3623 δειλίαν;

2396 3658 2432 3727 ἢ
2464 3656 2580 3719 πῶς
2607 3657 2673 3710 ἂν
2703 3657 2934 3726 ητόνησε
2971 3656 3069 3726 τῆς
3110 3655 3247 3717 ἰδίας
3282 3652 3485 3725 σαρκὸς
3514 3653 3863 3723 ἀποσοϐῆσαι
3890 3655 3981 3705 τὶν

2399 3749 2650 3814 θάνατον,
2682 3750 2710 3802 6
2742 3749 2961 3802 πάντων
2992 3747 3155 3800 αὐτὸν
3187 3746 3452 3815 ἀφιστὰς,
3483 3748 3512 3798 6
3545 3747 3644 3816 μιᾷ
3675 3750 3828 3816 φωνῇ
3858 3749 3981 3806 τοὺς

2397 3844 2455 3895 ὲν
2491 3843 2606 3905 τοῖς
2659 3841 2948 3911 μνημείοις
2977 3838 3218 3909 ἐγείρειν
3250 3837 3708 3908 ὑπισχνούμενος,
3749 3841 3847 3890 καὶ
3882 3839 3980 3890 οὐκ

2393 3929 2687 4001 ἀνέφικτον
2737 3931 2888 4002 αύτῷ
2937 3934 2996 3985 τὸ
3044 3932 3236 4002 χρῆμα
3274 3930 3571 3993 δεικνύωνς
3626 3929 3979 4000 Προσεφὼνει

2397 4025 2498 4095 μὲν
2545 4025 2654 4093 γὰρ
2700 4022 2942 4094 Λαζάρῳ
3011 4025 3144 4093 μέν·
3181 4042 3199 4073 ι
3229 4023 3400 4093 Δεῦρο
3433 4021 3570 4086 εξωο
3607 4041 3624 4072 .
3659 4019 3741 4092 τῷ
3787 4022 3846 4074 δὲ
3885 4021 3980 4089 τῆς

2393 4117 2569 4189 χήρας
2603 4117 2735 4170 υίῶο
2771 4137 2789 4168 ι
2835 4115 3131 4183 Νεανίσκε,
3165 4116 3250 4169 σοὶ
3276 4116 3444 4184 λέγω,
3473 4116 3757 4187 ἐγέρθητι.
3801 4131 3819 4166 ι

709 4214 800 4284 qui
835 4211 904 4266 ab
949 4210 1201 4266 omnibus
1240 4209 1385 4263 illam
1433 4209 1707 4273 amolitnr,
1745 4208 1837 4276 qui
1873 4208 1990 4263 sola
2033 4223 2165 4263 voce
2199 4222 2295 4262 eos
2331 4209 2424 4278 qui
2472 4210 2524 4263 in
2567 4211 2934 4263 monumentis
2974 4218 3123 4274 sunt,
3194 4222 3254 4262 se
3295 4206 3659 4263 excitaturum
3713 4206 3979 4275 promisit.

712 4314 765 4358 et
791 4319 850 4359 re
896 4305 1010 4371 ipsa
1067 4302 1118 4356 id
1171 4315 1230 4355 se
1279 4314 1442 4371 posse
1488 4299 1786 4354 declaravit
1831 4299 1919 4353 9‘?
1975 4290 2296 4354 Acclamans
2334 4300 2478 4354 enim
2536 4300 2790 4354 Lazaro:
2868 4319 2887 4352 t
2921 4298 3054 4355 Veni
3115 4299 3261 4354 foras
3289 4300 3371 4363 ";
3403 4318 3422 4351 ι
3475 4305 3530 4352 et
3580 4301 3765 4354 vidua:-
3832 4300 3940 4353 lilio

718 4416 737 4447 ι
769 4396 1122 4460 Adolescens,
1159 4391 1258 4447 tibi
1290 4391 1431 4455 dico,
1469 4406 1630 4460 surge
1668 4391 1715 4422 ”
1747 4409 1760 4444 :
1803 4409 1822 4442 ι
1865 4400 2158 4460 utrumque
2188 4392 2373 4445 statim
2408 4391 2460 4445 in
2500 4392 2666 4445 vitam
2716 4394 3018 4447 revocavit.

783 4484 944 4544 XLII.
989 4486 1140 4553 Quod
1167 4485 1214 4539 si
1263 4485 1356 4555 qui
1404 4492 1548 4547 sunt,
1594 4482 1684 4552 qui
1731 4491 1919 4536 contra
1956 4478 2291 4550 Seripturam

2473 4479 2608 4534 ΜΗ.
2641 4482 2703 4534 EE
2741 4477 2798 4534 δὲ
2829 4480 2892 4550 δή
2919 4500 3062 4546 τινες
3097 4468 3207 4535 εἷεν
3248 4483 3299 4536 οἱ
3339 4481 3646 4554 τολμῶντες
3675 4483 3880 4553 λέγειν,
3913 4486 3986 4550 ὡς

714 4579 1020 4636 temeritate
1073 4575 1306 4646 quadam
1365 4571 1523 4643 163
1576 4586 1742 4640 prave
1790 4571 2104 4635 sentientes,
2143 4567 2292 4621 illum

714 4688 812 4744 per
839 4687 897 4727 se
938 4669 1216 4739 vulgarem
1255 4676 1458 4722 tantum
1502 4665 1774 4718 hominem
1808 4663 2084 4718 exstitisse
2114 4662 2295 4717 dicere

715 4765 968 4826 audeant,
1017 4759 1106 4830 qui
1154 4773 1220 4813 ex
1252 4771 1406 4813 saera
1451 4755 1674 4825 Virgine
1715 4767 1868 4810 ortus
1897 4769 2018 4807 cum
2057 4753 2295 4806 clamore

716 4857 894 4911 valido
933 4863 990 4908 et
1030 4852 1286 4923 lacrymis
1317 4863 1506 4920 preces
1545 4859 1599 4903 et
1625 4847 2049 4917 supplicationes
2101 4843 2296 4900 obtulit

718 4951 792 5004 illi
833 4948 923 5018 qui
959 4961 1081 5002 eum
1113 4962 1142 4998 a
1189 4952 1366 4998 morte
1424 4941 1652 4996 liberare
1707 4949 1933 5006 poterat,
1987 4954 2054 4994 ne
2103 4939 2294 4994 merito

716 5042 1005 5112 quemdam
1033 5054 1099 5092 ex
1131 5037 1336 5090 sanctis
1381 5034 1633 5102 apostolis
1668 5033 1780 5085 haec
1823 5031 1924 5086 sibi
1955 5031 2291 5085 oceinentem

718 5132 1019 5189 audiverim
1075 5149 1088 5185 :
1129 5150 1146 5182 ι
1198 5129 1260 5183 lli
1308 5139 1432 5184 sunt
1479 5127 1570 5193 qui
1626 5131 1909 5194 segregant
1951 5124 2297 5190 semetipsos,

719 5224 1002 5287 animales,
1039 5222 1286 5292 spiritum
1311 5236 1413 5275 non
1443 5217 1702 5272 habentes
1735 5217 1799 5268 “.
1838 5237 1855 5268 ι
1892 5214 2086 5280 Quaero
2116 5225 2294 5269 autem

719 5335 787 5375 ex
826 5317 951 5384 illis,
982 5318 1072 5387 qui
1120 5316 1234 5370 lucc
1279 5313 1492 5367 eﬂutire
1557 5324 1663 5364 non
1713 5309 2061 5373 erubescunt,
2118 5316 2299 5360 utrum

724 5409 1127 5468 Emmanuelem
1158 5423 1350 5478 purum
1389 5414 1594 5458 tantum
1623 5404 1894 5458 hominem
1926 5416 2046 5455 esse
2076 5400 2301 5454 omnino

723 5506 980 5566 sentiant,
1031 5500 1120 5572 qui
1167 5500 1238 5555 ob
1282 5501 1332 5555 id
1381 5513 1544 5551 unum
1591 5509 1773 5566 parem
1817 5506 1940 5549 cum
1992 5495 2100 5552 Deo
2130 5493 2296 5548 Verbi

726 5596 1041 5664 dignitatem
1085 5605 1138 5647 et
1178 5591 1553 5646 auctoritatem
1611 5590 1835 5643 sortitus
1883 5587 2112 5648 dicatur,
2158 5585 2304 5657 quod

794 5771 835 5800 ’τ
873 5768 1129 5831 Joan.xt,
1158 5768 1247 5821 6'2.
1327 5767 1371 5798 ⁸⁸
1400 5766 1564 5821 Hebr.
1627 5779 1679 5825 ν,
1736 5764 1788 5817 8-

733 5841 782 5876 "
815 5838 969 5895 Joan.
1007 5855 1079 5902 xl,
1113 5841 1198 5893 43.
1277 5839 1320 5871 ’³
1350 5838 1478 5891 Luc.
1510 5853 1604 5900 vn,
1643 5836 1726 5888 ti.
1805 5835 1847 5866 ⁸³⁸
1887 5833 2036 5905 Iuda:
2071 5833 2155 5885 19.

1895 5763 1937 5795 σε
1977 5761 2205 5831 Philipp.
2255 5780 2312 5827 ιι,
2357 5765 2410 5819 8.

2400 4573 2548 4626 ἔστιν
2589 4571 2877 4645 ἄνθρωπος
2927 4570 3108 4637 ίδικῶς
3151 4575 3180 4627 6
3224 4575 3287 4628 ὲκ
3331 4575 3428 4645 τῆς
3474 4576 3638 4642 ἁγίας
3681 4577 3984 4645 Παρθένου,

2401 4665 2614 4735 δεήσεις
2643 4682 2700 4717 τε
2726 4665 2822 4717 καὶ
2866 4666 3148 4736 ίκετηρίας
3179 4666 3318 4736 μετὰ
3344 4666 3593 4736 κραυγῆς
3625 4664 3860 4737 ίσχυρᾶς
3899 4672 3990 4722 καὶ

2400 4752 2656 4824 δακρύων
2700 4756 3077 4825 προσενέγκας
3124 4757 3259 4827 πρὸς
3301 4757 3394 4810 τὸν
3447 4756 3748 4828 δυνάμενον
3797 4758 3989 4822 σώζειν

2403 4848 2568 4901 αὐτὸν
2602 4849 2666 4900 ὲκ
2693 4848 2945 4910 θανάτου,
2982 4849 3215 4918 μάλιστα
3247 4849 3344 4918 μὲν
3377 4852 3490 4913 τοῖς
3517 4851 3680 4920 ἱεροῖς
3714 4851 3986 4904 ἀπάδοντα

2402 4942 2697 5012 γράμμασι
2759 4941 2978 5010 φρονεῖν
3031 4941 3320 5010 ᾑρημένοι,
3379 4941 3606 5004 δικαίως
3658 4942 3988 4995 ἀκούσονται

2403 5032 2657 5100 λέγοντος
2683 5033 2866 5093 αὐτοῖς
2898 5032 3015 5096 ἑνὸς
3052 5033 3163 5084 τῶν
3187 5032 3360 5101 ἁγίων
3393 5033 3746 5086 ἀποστόλων⁴
3778 5052 3798 5085 ι
3832 5027 3988 5088 Οὗτοί

2407 5124 2545 5177 είσιν
2571 5125 2619 5176 οἱ
2641 5122 3075 5194 ἀποδιορίζοντες
3103 5123 3345 5194 ψυχικοί,
3364 5126 3583 5195 πνεῦμα
3610 5125 3686 5195 μὴ
3715 5123 3948 5194 ἔχοντες.
3966 5146 3981 5170 ι

2407 5209 2540 5268 Εἶτα
2588 5213 2726 5285 πρὸς
2752 5215 2928 5286 τούτῳ
2977 5217 3292 5287 φραζόντων
3324 5220 3536 5270 ἐκεῖνοο
3589 5215 3824 5286 πότερόν
3859 5233 3982 5268 ποτε

2404 5306 2559 5376 ψιλὸν
2605 5306 2892 5376 ἄνθρωπον
2923 5302 3061 5360 εἷναί
3093 5326 3258 5377 φασιν
3292 5309 3476 5372 αὐτὸν,
3522 5307 3688 5378 ἤγουν
3741 5307 3985 5375 καθάπερ

2404 5403 2581 5454 εἰπεῖν
2613 5397 3041 5472 τεθαῤῥήκασιν,
3067 5402 3210 5472 ἔχειν
3235 5401 3331 5473 τὴν
3356 5399 3575 5472 ἰσότητα
3601 5403 3698 5471 τῆς
3721 5398 3878 5464 ἀξίας
3896 5402 3982 5451 καὶ

2402 5495 2503 5564 τῆς
2537 5493 2843 5557 αύθεντίεις,
2878 5495 2977 5563 τῆς
3003 5495 3136 5564 πρός
3164 5511 3249 5562 γε,
3278 5495 3444 5563 φημὶ,
3473 5493 3566 5544 τὸν
3595 5494 3659 5544 ὲκ
3689 5491 3826 5543 Θεοῦ
3858 5491 3980 5542 Θεὸν

2406 5586 2600 5655 Λόγον,
2634 5586 2709 5650 ὡς
2737 5585 2884 5657 αύτῴ
2912 5585 3291 5657 συνημμένονς
3328 5585 3390 5638 ΕΞ
3430 5587 3526 5638 μὲν
3571 5580 3665 5638 (οὖν
3706 5585 3977 5653 ἄνθρωπον

2513 5765 2559 5795 °°
2588 5765 2714 5820 ibid.
2754 5765 2805 5821 9.

2914 5765 2982 5798 ’θ’
3041 5763 3231 5822 Matth.
3268 5781 3321 5829 κ,
3357 5765 3448 5819 9.8.
3528 5765 3568 5797 ⁹¹
3604 5762 3761 5819 Joan.
3796 5779 3846 5827 ι’,
3889 5759 3970 5817 28.
