4116 6474
714 402 852 461 1395

1740 402 1797 457 S.
1844 406 2123 463 οῑιιιιιι
2162 410 2633 469 ALEXANDRINI
2678 418 3002 474 ARCIIIEP.

3866 417 4013 474 ηθε

709 533 849 590 erat,
892 524 945 577 in
974 521 1314 578 inﬁrmitates
1351 522 1673 592 quandoque
1718 523 1977 581 incidere.
2009 527 2113 582 Sed
2144 544 2280 595 quo-

2415 531 2510 593 Ιῶς
2542 528 2636 585 οὖν
2669 536 2697 585 ὁ
2732 537 2891 598 αὐτὸς
2922 535 3015 588 καὶ
3053 532 3337 597 ἀσθενείας
3390 534 3664 605 κρείττων
3711 529 3872 586 εἶναι
3922 553 4013 587 πε-

710 616 871 670 modo
902 614 1040 669 idem
1070 623 1125 668 et
1158 614 1475 670 inﬁrmitate
1503 615 1674 683 major
1694 618 1952 685 creditur,
1996 632 2179 688 utpote
2209 622 2291 673 Fi-

709 704 815 761 lius
853 706 1093 761 numeris
1131 708 1381 762 omnibus
1418 706 1724 778 perfectus,
1756 718 1812 761 et
1857 725 1924 764 ex
1972 712 2289 769 inﬁrmitate

708 810 926 851 rursum
973 796 1262 851 cruciﬁxus
1301 797 1561 851 docetur?
1610 797 1681 852 Ut
1725 813 1943 855 crucem
1992 807 2286 860 secundum

708 901 929 943 carnem
972 888 1226 952 suStinet,
1278 888 1473 942 merito
1521 889 1767 942 inﬁrmus
1807 894 2169 960 praedicatur;
2229 907 2289 951 ut

710 988 888 1035 autem
938 979 1081 1035 Deus
1121 989 1223 1045 est,
1274 981 1465 1048 quavis
1508 980 1824 1036 inﬁrmitate
1868 987 2112 1052 superior
2146 996 2291 1042 recte

707 1070 1007 1125 asseritur:
1070 1087 1089 1121 ι
1120 1071 1353 1139 Spiritus
1391 1071 1534 1124 enim
1586 1084 1869 1141 promptus
1900 1084 2002 1139 est,
2034 1091 2163 1129 caro
2195 1093 2287 1131 au-

707 1170 817 1216 tem
863 1163 1072 1217 inﬁrma
1102 1162 1144 1216 ⁸.
1182 1182 1199 1213 ι
1237 1160 1390 1228 Quod
1428 1164 1471 1216 si
1510 1166 1601 1233 qui
1650 1176 1795 1231 sunt,
1838 1169 1928 1236 qui
1960 1166 2290 1224 inﬁrmitatis

708 1256 928 1307 nomine
977 1253 1030 1309 id
1079 1270 1242 1307 unum
1280 1256 1367 1309 hic
1413 1257 1679 1311 insinuari
1717 1260 2067 1321 contendant,
2099 1276 2290 1327 nempe

707 1346 852 1414 quod
884 1344 1081 1416 legales
1113 1346 1343 1400 ministri
1378 1362 1484 1401 non
1516 1348 1632 1401 sine
1664 1349 1895 1417 peccatis
1922 1352 2084 1402 vitam
2113 1361 2290 1406 trans-

706 1438 955 1505 igebant;
1013 1454 1122 1493 non
1169 1454 1408 1510 repugno
1457 1440 1608 1510 (imo
1671 1442 1720 1493 in
1782 1442 1921 1494 hanc
1964 1446 2288 1499 sententiain

706 1530 939 1585 libenter
983 1531 1265 1603 concedo)
1299 1542 1447 1587 recte
1495 1534 1596 1587 hoc
1636 1543 1795 1601 pacto
1832 1538 2034 1591 sentire
2060 1538 2290 1590 volenti-

706 1624 828 1678 bus.
868 1623 1027 1692 Legis
1062 1625 1289 1693 proinde
1328 1624 1559 1678 ministri
1612 1640 1717 1679 non
1766 1643 1893 1693 uno,
1924 1631 2017 1684 sed
2051 1632 2291 1699 pluribus

706 1716 993 1771 sacriﬁciis
1020 1716 1593 1787 indigebanl,.utquos
1616 1721 1857 1786 quotidie
1886 1731 1993 1775 tam
2031 1740 2125 1792 pro
2151 1727 2288 1793 suis,

707 1823 871 1877 quam
917 1823 1015 1878 pro
1077 1809 1260 1879 populi
1318 1810 1638 1878 ignorantiis
1688 1811 1885 1868 oﬁ‘erre
1934 1825 2211 1882 oporteret
2243 1816 2290 1880 δ,

705 1909 999 1967 propterea
1050 1900 1306 1954 nimirum
1356 1902 1502 1968 quod
1542 1901 1773 1955 subinde
1814 1903 1864 1955 in
1912 1904 2045 1960 alias
2077 1915 2129 1959 et
2158 1908 2294 1961 alias

708 1988 1055 2044 inﬁrmitates
1082 1990 1518 2059 prolaberentur,
1551 2007 1726 2061 eoque
1752 1994 2013 2062 languore
2046 2006 2294 2051 teneren-

711 2092 818 2143 tur,
849 2081 1017 2150 quiin
1055 2082 1335 2151 multiplex
1386 2092 1668 2151 peccatum
1713 2086 1949 2138 abducit.
1987 2086 2080 2141 ille
2114 2098 2291 2143 autem

707 2171 883 2239 major
908 2186 1071 2242 quam
1101 2172 1192 2242 qni
1237 2187 1463 2242 peccare
1500 2175 1689 2241 possit,
1738 2184 1925 2242 utpote
1960 2176 2123 2242 Deus,
2162 2195 2294 2247 pon-

707 2263 843 2319 tifex
874 2274 1060 2320 noster
1082 2262 1327 2327 eﬂ'ectus,
1371 2280 1435 2318 ac
1466 2265 1761 2319 secundum
1801 2268 2092 2321 humanam
2136 2280 2297 2323 natu-

708 2368 826 2406 rain
885 2352 1143 2407 sacerdos
1210 2353 1533 2423 appellatus,
1597 2353 1741 2407 Patri
1813 2369 1971 2408 suum
2020 2358 2295 2425 proprium

706 2458 909 2514 corpus
954 2445 1157 2500 obtulit
1194 2455 1251 2500 et
1299 2447 1661 2501 consecravit.
1695 2446 2002 2503 Secundum
2045 2458 2296 2502 naturam

707 2536 937 2604 proinde
988 2537 1227 2591 divinam
1258 2538 1311 2591 in
1360 2549 1639 2606 peceatum
1674 2539 1882 2607 prolabi
1920 2556 2025 2594 non
2062 2552 2297 2609 poterat,

707 2643 836 2681 cum
870 2643 977 2684 non
1006 2638 1150 2683 esset
1181 2640 1391 2683 naturae
1425 2643 1642 2694 creatae,
1677 2648 1795 2700 quae
1841 2647 1936 2700 per
1974 2647 2032 2686 se
2060 2646 2164 2686 non
2203 2635 2298 2686 ha-

2392 622 2679 678 πίστευται
2706 666 2719 689 ,
2753 630 2845 681 καὶ
2890 628 2967 689 ὡς
2997 625 3123 685 Υἱὸς
3160 624 3607 687 τετελειωμένος,
3645 625 4013 693 σταυροῦται

2390 714 2451 767 δὲ
2481 716 2573 767 καὶ
2610 717 2670 781 ἐξ
2715 719 3036 785 ἀσθενείας;
3070 716 3281 770 Οὐκοῦν
3306 714 3610 771 ἀκύλουοον
3637 719 3896 777 ἐννοεῖν,
3941 719 4015 778 ὡς

2390 804 2656 876 ἠσθένησε
2700 810 2819 878 μὲν,
2873 808 3152 882 ωρκικῶς
3184 807 3416 877 σταυρὸν
3478 809 3841 879 ὑπομείνας*
3899 807 4016 859 ἐστι

2390 915 2453 965 γε
2496 899 2603 967 μὴν
2649 900 2727 961 ὡς
2767 902 2899 966 Θεὸς
2944 902 3036 955 τοῦ
3087 901 3335 954 ἀσθενεῖν
3372 900 3661 955 ὲπέκεινα’
3708 920 3730 954 t
3776 903 3863 955 Τὸ
3904 902 4016 968 γὰρ

2392 991 2607 1060 πνεῦμα
2651 992 2953 1062 πρόθυμον,
2987 995 3020 1064 ἡ
3049 993 3105 1046 δὲ
3143 992 3280 1064 σὰρξ
3323 990 3579 1061 ἀσθενής.
3616 1010 3635 1041 ι
3700 993 3771 1045 El
3827 993 3899 1046 δὲ
3954 993 4017 1059 δὴ

2392 1083 2625 1151 λέγοιεν,
2678 1085 2780 1151 τὴν
2826 1086 3114 1139 ἀσθένειαν
3156 1088 3213 1139 ἐν
3246 1083 3421 1154 τούτῳ
3463 1083 3541 1151 τῷ
3576 1086 3637 1135 ἐν
3683 1084 4017 1155 ἁμαρτίαις

2393 1172 2530 1228 εἶναι
2578 1174 2773 1242 δηλοῦν
2803 1176 2930 1239 τοὺς
2980 1178 3129 1233 κατά
3175 1177 3337 1247 νόμον
3390 1176 3869 1247 ἱερατεύονταςεῐ,
3916 1180 4015 1229 οῦκ

2392 1266 2772 1335 ἀντιτάξομαι’
2798 1265 3057 1337 σύμφημι
3084 1269 3141 1320 δὲ
3171 1268 3371 1339 μᾶλλον
3394 1266 3529 1337 ὀρθά
3551 1269 3651 1318 καὶ
3673 1266 3836 1319 οὕτω
3863 1271 4015 1320 νοεῖν

2396 1360 2711 1428 ᾑρημένοις.
2741 1357 2951 1410 Οὐκοῦν
2979 1360 3035 1411 οἱ
3068 1361 3169 1430 μὲν
3201 1362 3341 1413 κατὰ
3374 1360 3537 1429 νόμον
3568 1359 3876 1428 ἱερουργοὶ
3910 1360 4011 1410 θυι

2394 1450 2516 1510 σίας
2546 1447 2776 1519 ἔχρῃζον
2816 1448 2877 1499 οὐ
2927 1450 3079 1517 μιᾶς.
3117 1450 3380 1503 πλειόνων
3409 1450 3464 1503 δὲ
3501 1449 3738 1519 μᾶλλον,
3795 1448 3905 1500 ἇτε
3946 1450 4009 1519 δὴ

2393 1541 2760 1608 προσάγοντες
2787 1538 2907 1591 καθ’
2931 1539 3147 1608 ἡμέραν
3168 1540 3307 1612 ὑπέρ
3333 1558 3393 1593 τε
3418 1539 3603 1593 αὑτῶν
3636 1540 3739 1591 καὶ
3765 1541 3888 1591 τῶν
3914 1540 4007 1590 τοῦ

2393 1628 2525 1681 λαοῦ
2576 1628 2961 1698 ἀγνοημάτων,
3011 1628 3098 1680 διὰ
3130 1628 3192 1679 τὸ
3220 1629 3537 1691 πλειστάκις,
3564 1626 3860 1691 ἀσθενεῖν,
3915 1627 4009 1677 καὶ

2394 1720 2684 1791 ὑπομένειν
2733 1720 3077 1790 μαλακισμὼι
3118 1721 3215 1772 τὸν
3259 1723 3339 1782 είς
3399 1721 3752 1791 πολύτροπον
3812 1722 4006 1789 ἀμαρ-

2393 1812 2551 1864 τίαν·
2595 1815 2624 1865 ὁ
2668 1812 2725 1865 δὲ
2774 1814 3039 1883 κρείττων
3072 1812 3347 1881 ἁμαρτίας
3397 1815 3686 1885 ὑπάρχων,
3724 1815 3811 1879 ὡς
3839 1815 4000 1877 Θεὸς,

2401 1905 2842 1975 προσκεκόμικεν
2865 1903 3077 1965 ἑαυτὸν,
3109 1905 3201 1955 καὶ
3226 1903 3450 1972 γέγονεν
3479 1905 3642 1974 ἡμῶν
3665 1907 4001 1976 ἀρχιερεὺς,

2401 1996 2762 2064 ἀνθρωπίνως
2798 1998 2895 2067 μὲν
2928 1996 3221 2066 λεγόμενος
3269 1994 3629 2064 λειτουργεῖν,
3684 1997 4007 2068 ίερατεύων

2400 2088 2458 2140 δὲ
2490 2089 2569 2158 τῷ
2598 2090 2775 2155 Πατρὶ
2796 2091 2856 2142 τὸ
2884 2090 3014 2143 ῐδιον
3043 2089 3222 2159 σῶμα.
3253 2088 3584 2158 Θεοπρεπῶς
3612 2084 3710 2143 οὖν
3744 2092 3864 2161 ἄρα
3899 2109 4002 2143 πα-

2403 2180 2516 2232 θεῖν
2549 2182 2649 2234 ούκ
2688 2183 2939 2252 ἀνέχεται
2974 2183 3072 2253 τὴν
3109 2181 3406 2251 ἁμαρτίαν,
3440 2181 3523 2234 ὅτι
3558 2182 3638 2251 μὴ
3669 2182 3907 2250 φύσεως
3937 2179 4002 2253 ἦν

2401 2273 2660 2341 γενητῆς,
2693 2275 2792 2325 οὐκ
2826 2274 3061 2343 ἐχούσης
3086 2273 3359 2336 οὺσιωδώς
3390 2273 3450 2325 τὸ
3479 2273 3785 2344 ἄτρεπτον,
3813 2277 3915 2329 καὶ
3942 2278 4000 2328 τὸ

2402 2366 2478 2426 εἰς
2505 2364 2655 2417 ἅπαν
2673 2363 3068 2433 διαδιδράσκειν
3084 2364 3346 2419 δύνασθαι
3361 2365 3462 2434 τὴν
3487 2365 3800 2433 ἁμαρτίαν.
3822 2366 3958 2430 Θεὸς
3977 2378 3998 2405 ⁸

2402 2454 2494 2511 οὖν
2527 2457 2633 2528 ἄρα
2680 2459 2796 2511 ἐστὶ
2832 2459 3169 2525 παντέλειος,
3197 2457 3632 2526 ἀνεπικούρητον
3662 2457 3815 2527 ἔχων
3868 2460 3995 2528 παρ’

2403 2550 2592 2618 ἑτέρου
2620 2552 2683 2603 τὸ
2711 2552 3048 2620 ἀκράδαντον
3083 2553 3163 2614 εἰς
3198 2550 3493 2619 ἀγιασμὺν,
3525 2551 3751 2618 φύσεώς
3778 2569 3841 2603 τε
3871 2569 3997 2621 καρ-

2404 2637 2506 2688 πὸν
2536 2637 2672 2700 ἰδίας
2697 2626 2836 2708 ἔχων
2862 2640 2921 2691 τὸ
2952 2640 3333 2709 ἀπλημμελές.

709 2722 804 2775 bet
851 2720 1369 2786 inmutabilitatem,
1416 2735 1517 2776 nec
1566 2736 1725 2789 posse
1772 2723 1992 2776 omnino
2025 2723 2183 2793 165
2222 2723 2396 2779 vitare
2461 2737 2764 2794 peccatum.
2813 2729 2951 2783 Deus
2998 2730 3180 2797 itaque
3247 2737 3330 2783 est
3394 2728 3539 2783 οηιηί
3564 2743 3627 2784 ex
3663 2739 3831 2798 parte
3876 2746 3993 2800 per-

712 2816 910 2879 fectus,
943 2826 998 2870 et
1037 2815 1186 2869 nullo
1220 2815 1475 2882 praesidio
1518 2816 1742 2885 indiget,
1788 2825 1846 2869 ut
1893 2817 1943 2870 in
1976 2831 2073 2870 sua
2097 2820 2387 2875 sanctitate
2419 2821 2609 2877 ﬁrmus
2677 2823 2957 2892 persistat,
3011 2838 3134 2878 cum
3206 2824 3280 2880 sit
3342 2834 3547 2879 natura:
3572 2824 3693 2894 ejus
3740 2826 3999 2894 proprius

713 2908 923 2963 fructus
954 2909 1397 2979 impeccahilitas.

789 3004 975 3060 XLlV.
1032 3023 1051 3057 ι
1102 3005 1407 3075 Capitnlnm
1455 3017 1634 3060 autem
1667 3022 1833 3078 super
1863 3024 1926 3063 ea
1966 3012 2303 3080 quasilicun-

2481 3014 2613 3067 MA’.
2666 3034 2683 3065 ι
2718 3012 3026 3081 Κεφάλαιον
3054 3013 3109 3065 δὲ
3143 3013 3236 3065 ἐπὶ
3274 3013 3385 3074 τοῖς
3412 3010 3767 3079 λεγομένοις·
3801 3008 3989 3062 τοιού-

719 3109 841 3154 tnr:
896 3099 1081 3154 Talem
1114 3101 1375 3155 habemus
1428 3102 1758 3170 pontiﬁcem,
1808 3105 1899 3171 qui
1947 3106 2195 3158 consedit
2247 3104 2302 3157 in

718 3192 945 3247 dextera
973 3193 1117 3247 sedis
1149 3194 1534 3262 magnitudinis
1571 3194 1625 3246 in
1651 3195 1825 3252 caelis.
1854 3205 2164 3250 sanctorum
2201 3197 2307 3247 mi-

720 3285 915 3349 nister,
944 3284 1364 3341 et'tabernaculi
1410 3285 1545 3349 veri,
1594 3286 1735 3353 quod
1770 3286 1890 3339 ﬁxit
1938 3286 2217 3351 Dominus,
2253 3299 2310 3341 et

721 3391 829 3432 non
877 3378 1042 3431 homo
1075 3378 1119 3431 ⁵.
1161 3395 1183 3427 ι
1237 3375 1407 3431 Vetus
1450 3375 1580 3430 illud
1631 3378 2044 3431 tabernaculum
2075 3393 2173 3445 per
2215 3392 2307 3431 sa-

721 3467 1123 3537 pientissimum
1170 3467 1391 3539 Moysen
1436 3470 1489 3522 in
1513 3469 1730 3521 deserto
1780 3470 2170 3524 cxmdilicatum
2202 3478 2306 3532 est,

723 3560 889 3629 idque
920 3562 987 3615 ad
1026 3561 1257 3615 turmam
1308 3564 1363 3615 in
1416 3573 1599 3615 monte
1647 3563 1723 3617 illi
1762 3564 2210 3615 demonstratam.
2245 3561 2309 3615 Et

725 3655 946 3724 quidem
980 3652 1195 3709 Veteris
1228 3654 1560 3708 Tcstantenti
1608 3654 1984 3707 sacerdotibus
2029 3662 2147 3708 erat
2180 3652 2308 3706 illud

726 3745 1072 3814 aptissimum
1106 3762 1120 3799 :
1176 3756 1232 3799 at
1278 3749 1408 3800 vero
1447 3745 1815 3799 habitaculum
1863 3745 2082 3800 Christo
2113 3760 2311 3799 conve-

725 3838 885 3892 niens
918 3848 1016 3892 est-
1046 3853 1279 3905 superna
1328 3838 1417 3892 illa
1460 3848 1800 3907 venustoque
1835 3841 2053 3901 civitas,
2092 3839 2194 3891 hoc
2230 3846 2315 3891 est

726 3931 949 3993 calum,
981 3929 1222 3982 divinum
1259 3946 1390 3985 sane
1435 3947 1816 4001 suinmnmqne
1871 3931 2309 3995 tabernaculum,

729 4036 837 4075 non
882 4020 1017 4076 artis
1068 4023 1316 4076 humana:
1373 4024 1669 4085 inventum,
1718 4025 1812 4076 sed
1851 4034 2123 4087 sanctum,
2185 4034 2239 4074 et
2284 4039 2313 4075 a

728 4113 842 4168 Deo
882 4112 1276 4178 fabrefactum;
1332 4115 1382 4165 in
1426 4115 1570 4180 quod
1613 4113 1699 4166 ille
1753 4114 1955 4179 illatus,
1995 4130 2087 4168 cos
2125 4114 2215 4182 qui
2260 4114 2312 4167 in

730 4203 905 4273 ipsum
954 4202 1204 4265 credunt,
1253 4203 1850 4273 sanctiﬁcationemque
1903 4219 1996 4270 per
2050 4203 2314 4272 Spiritum

729 4294 1009 4349 consecuti
1048 4304 1193 4356 sunt,
1215 4293 1323 4347 Deo
1350 4304 1405 4348 et
1426 4294 1575 4349 Patri
1605 4294 1786 4347 offert.
1821 4314 1839 4345 ι
1880 4295 2071 4359 Nemo,
2107 4296 2311 4364 inquit,

730 4388 893 4440 venit
919 4385 986 4439 ad
1024 4384 1261 4449 Patrem,
1306 4386 1407 4439 nisi
1454 4402 1551 4454 per
1582 4402 1665 4441 me
1695 4388 1739 4443 ‘.
1779 4406 1797 4439 ι
1832 4387 2134 4441 Istiusmodi
2185 4401 2315 4456 ergo

734 4476 878 4531 illius
903 4487 988 4531 est
1017 4476 1400 4539 ministerium,
1425 4476 1491 4531 de
1520 4492 1628 4545 quo
1659 4478 1745 4531 hic
1775 4477 2003 4546 agimus.
2041 4476 2105 4530 Et
2133 4491 2319 4545 quani-

732 4569 816 4623 *ιε
848 4582 937 4623 res
974 4569 1085 4622 haec
1112 4567 1334 4635 nostris,
1369 4570 1471 4623 hoc
1500 4578 1605 4631 est,
1642 4570 1891 4622 humanis
1922 4568 2102 4622 verbis
2131 4569 2315 4636 expri-

741 4670 949 4724 matur,
986 4669 1069 4713 est
1106 4668 1286 4715 tatnen
1334 4660 1623 4715 admodum
1677 4660 1876 4714 divina.
1905 4661 2122 4723 Annon,
2157 4661 2316 4714 obse-

735 4768 854 4819 cro,
896 4752 1141 4807 divinum
1181 4750 1438 4819 quiddam
1489 4762 1594 4817 est,
1620 4752 1902 4806 credentes
1932 4752 2151 4819 proprio
2193 4750 2319 4816 Spi-

738 4847 843 4899 ritu
890 4858 1053 4912 posse
1099 4841 1477 4907 sanctiﬁcare;
1528 4841 2009 4910 misericordiaque
2050 4850 2104 4895 et
2146 4842 2321 4908 gratia

727 4934 1082 5004 justiﬁcatos,
1133 4935 1331 4987 mundo
1390 4943 1687 4996 emortuos,
1742 4932 1945 5000 Spiritu
2004 4931 2322 4995 viriﬁcatos,

742 5030 853 5079 vita
880 5026 1097 5080 tandem
1154 5040 1473 5093 morumque
1507 5026 1789 5078 honestate
1818 5025 2141 5091 conspicuos
2214 5024 2324 5078 Deo

740 5118 961 5179 ollerre,
1014 5121 1243 5186 etquasi
1276 5118 1635 5171 consecrare?
1674 5117 1825 5182 Quod
1868 5128 2049 5171 autem
2076 5118 2093 5186 (
2121 5117 2327 5171 etiam-

741 5213 791 5263 si
822 5210 1138 5263 ministrare
1184 5210 1434 5279 dicatur)
1477 5210 1638 5265 Patre
1679 5226 1854 5278 neque
1888 5212 2063 5264 mindr
2094 5211 2187 5273 sit,
2226 5225 2319 5265 ne-

743 5315 851 5372 que
890 5301 1075 5371 gloria:
1106 5300 1249 5356 Illius
1281 5302 1385 5355 ulla
1415 5319 1480 5357 ex
1522 5310 1673 5370 parte
1707 5302 1885 5366 cedat,
1930 5303 1982 5353 id
2032 5304 2155 5355 inde
2182 5302 2326 5355 clare

747 5402 1001 5449 constare
1071 5402 1268 5461 potest,
1331 5394 1475 5463 quod
1528 5393 1721 5448 divinae
1774 5394 2071 5459 maiestatis
2127 5394 2323 5447 soliqu

820 5552 843 5584 ³
869 5551 1061 5608 Matth.
1093 5567 1242 5616 xxvx,
1271 5553 1358 5607 41.

1439 5552 1459 5583 ⁸
1487 5552 1651 5607 Hebr.
1678 5567 1777 5618 vn,
1803 5552 1897 5606 27.
1974 5552 1995 5583 ⁵
2034 5552 2199 5609 Hebr.
2228 5567 2348 5610 vm.
2382 5554 2432 5621 ί,
2462 5550 2517 5605 2.

2408 3123 2500 3157 τον
2525 3106 2719 3176 ἔχομεν
2743 3106 3023 3177 ἀρχιερέα,
3053 3106 3109 3166 ὃς
3140 3103 3391 3157 ἐκάθισεν
3413 3104 3471 3155 ὲν
3498 3099 3650 3170 δεξιᾷ
3674 3100 3775 3151 τοῦ
3807 3100 3993 3169 θρόνου

2410 3195 2509 3263 τῆς
2539 3194 2929 3264 μεγαλωσύνης
2974 3195 3032 3246 ἐν
3078 3196 3191 3255 τοῖς
3220 3191 3487 3262 οὐρανοῖς,
3530 3188 3642 3241 τῶν
3676 3188 3857 3256 ἁγίων
3893 3188 3996 3239 λει-

2409 3284 2659 3355 τουργὸς,
2695 3286 2790 3338 καὶ
2824 3285 2923 3354 τῆς
2955 3284 3161 3354 σκηνῆς
3190 3284 3287 3353 τῆς
3312 3281 3603 3351 ἀληθινῆς,
3638 3280 3709 3349 ῆν
3740 3280 3943 3351 ἔπηξεν
3969 3282 4003 3330 e

2412 3376 2637 3445 Κύριος,
2663 3376 2756 3428 καὶ
2783 3376 2880 3428 οὐκ
2900 3374 3206 3447 ἄνθρωπος.
3231 3393 3249 3425 ι
3271 3372 3571 3442 Ἐγήγερτο
3599 3371 3701 3441 μὲν
3731 3372 3878 3423 κατά
3903 3373 3994 3439 τὴν

2411 3467 2672 3537 ἔρημονή
2712 3469 2914 3537 ἀρχαία
2941 3468 3116 3536 σκηνὴ
3142 3467 3230 3520 διά
3252 3464 3344 3518 τοῦ
3372 3463 3653 3532 πανσόφου
3693 3464 3990 3525 Μωΰσέως.

2412 3560 2711 3630 πεποίηται
2741 3561 2795 3611 δὲ
2827 3558 2971 3612 κατὰ
3000 3560 3092 3611 τὸν
3126 3558 3297 3610 τύπον
3322 3557 3415 3610 τὸν
3452 3556 3740 3626 δειχθέντα
3764 3553 3912 3623 αὑτᾷ.
3940 3556 3993 3605 ἐν

2412 3650 2491 3720 τῷ
2520 3645 2636 3721 δρέι
2660 3667 2676 3682 ο
2717 3653 2812 3704 καὶ
2851 3653 2961 3714 τοῖς
2993 3650 3092 3720 μὲν
3126 3648 3272 3703 κατὰ
3301 3648 3392 3702 τὸν
3423 3650 3588 3718 νόμον
3623 3646 3997 3717 ἱερατεύουαιν

2414 3744 2599 3812 ἐκείνη
2648 3744 3115 3816 πρεπωδεστάτηο
3165 3742 3487 3811 ἐνδιαίτημα
3542 3742 3597 3793 δὲ
3646 3740 3728 3807 τῷ
3780 3738 3993 3808 Χριστῷ

2416 3837 2627 3906 πρέπον
2656 3853 2715 3889 τε
2748 3836 2842 3889 καὶ
2872 3835 3047 3897 ἐοικὸς
3078 3836 3111 3904 ἡ
3145 3836 3253 3889 ἀνω
3294 3831 3631 3892 καλλίπολις,
3661 3830 3939 3881 τουτέστιν
3965 3830 3992 3878 ὁ

2416 3928 2665 3998 οὐρανὸς,
2700 3928 2733 3996 ἡ
2766 3926 2887 3978 θεία
2917 3944 2976 3978 τε
3017 3928 3110 3978 καὶ
3135 3925 3397 3977 ἀνωτάτω
3430 3921 3627 3992 σκηνὴ,
3655 3921 3752 3972 καὶ
3774 3921 3875 3971 οὐκ
3902 3920 3989 3970 ἀν-

2418 4018 2697 4088 θρωπίνης
2720 4016 2932 4087 εὕρεμα
2960 4016 3179 4086 τέχνης,
3214 4016 3330 4070 ἀλλ’
3361 4015 3481 4086 ίερά
3514 4016 3609 4067 καὶ
3654 4012 3985 4070 θεότευκτος.

2431 4110 2580 4162 Ἐκεῖ
2604 4108 2843 4175 γεγονὼς
2871 4108 3233 4178 προσκομίζει
3278 4105 3358 4176 τῷ
3398 4104 3516 4174 Θεῷ
3547 4107 3641 4156 καὶ
3670 4104 3844 4175 Πατρ“ι
3874 4102 3993 4163 τοὺς

2420 4200 2501 4259 είς
2526 4199 2688 4251 αὐτὸν
2736 4197 3115 4261 πιστεύοντας,
3156 4196 3522 4266 ἡγιασμένους
3550 4194 3608 4245 δὲ
3639 4191 3883 4262 δηλονότι
3910 4189 3993 4242 διὰ

2418 4289 2515 4341 τοῦ
2553 4288 2894 4357 Πνεύματος.
2930 4307 2948 4338 ι
2986 4287 3175 4349 Οὐδεὶς
3218 4285 3330 4356 γὰρ
3363 4285 3606 4353 ἔρχεται,
3653 4282 3823 4350 φησί,
3863 4278 3989 4347 πρὸξ

2354 4367 2398 4419 υ
2423 4382 2513 4434 τὸν
2543 4381 2764 4451 Πατέρα
2794 4420 2807 4444 ,
2842 4381 2889 4431 εί
2923 4380 2996 4448 μὴ
3025 4378 3092 4431 δι’
3138 4378 3293 4448 ἐμοῦ.
3333 4398 3352 4428 ι
3388 4378 3498 4429 Καὶ
3530 4368 3685 4435 οὗτος
3719 4371 3866 4441 αὐτῷ
3900 4371 3989 4439 τῆς

2428 4474 2619 4526 ἐνθάδε
2650 4473 2951 4541 λεγομένης
2985 4470 3328 4540 λειτουργίας
3361 4469 3389 4520 ὁ
3419 4467 3642 4537 τρόπος.
3689 4462 3987 4534 Θεοπρεπὲς

2427 4567 2483 4618 δὲ
2517 4566 2579 4618 τὸ
2607 4564 2823 4635 χρῆμα,
2869 4561 2969 4615 κᾶν
2998 4563 3047 4612 εἰ
3080 4564 3191 4623 τοῖς
3226 4559 3349 4613 καθ’
3380 4560 3548 4627 ἡμᾶς,
3578 4557 3749 4626 ἤγουν
3792 4554 3985 4623 ἀνθρω-

2430 4658 2606 4721 πίνοις
2640 4655 2960 4725 σημαίνοιτο
2988 4654 3189 4720 λόγοις.
3221 4652 3295 4704 Τὸ
3329 4650 3438 4720 γὰρ
3471 4649 3721 4716 ἀγιάζειν
3749 4644 3987 4699 δύνασθαι

2429 4749 2507 4819 τῷ
2544 4749 2658 4818 ἰδίῳ
2686 4747 2970 4815 Πνεύματι
3010 4745 3137 4805 τοὺς
3186 4740 3544 4802 πιστεύοντας
3570 4780 3583 4801 ,
3613 4737 3751 4807 ἐλέῳ
3777 4737 3867 4789 καὶ
3902 4735 3987 4805 χά-

2434 4858 2542 4911 ριτι
2572 4838 3029 4908 δεδικαιωμένως
3055 4874 3070 4897 ,
3126 4836 3220 4887 καὶ
3253 4831 3363 4885 οἷον
3396 4830 3703 4900 ἱερουργεῖν
3747 4827 3823 4896 τῷ
3859 4824 3983 4892 Θεῷ,

2431 4933 2624 5003 κόσμῳ
2655 4932 2753 5000 μὲν
2779 4930 3248 4999 ἀποθνήσκοντας,
3266 4925 3526 4990 ζωοποιου
3536 4922 3733 4991 μένους
3757 4919 3811 4972 δὲ
3831 4918 3981 4974 Ilvati-

2438 5040 2588 5092 ματι,
2632 5021 2726 5075 καὶ
2752 5023 2832 5082 εἰς
2857 5019 3149 5087 εὐδόκιμον
3179 5015 3397 5085 ἀληθῶς
3420 5013 3842 5082 ἀναλάμποντας
3864 5009 3979 5078 βίον.

2431 5114 2549 5176 πῶς
2576 5114 2677 5167 οὐκ
2704 5111 2770 5167 ἂν
2798 5111 2884 5182 εἴη
2912 5108 3212 5181 θεοπρεπὲς
3234 5126 3247 5173 ;
3280 5108 3401 5161 Ὅτι
3422 5105 3500 5169 δὲ,
3521 5104 3699 5157 καίτοι
3722 5102 3977 5169 λεγόμεν’σδς

2430 5208 2789 5277 λειτουργεῖν,
2840 5204 2903 5255 οὐ
2956 5204 3124 5272 μείων
3166 5200 3287 5253 ἐστὶ
3329 5197 3422 5252 τοῦ
3457 5195 3694 5275 [ἰατρὸς.
3740 5193 3855 5246 οὔτε
3891 5190 3978 5260 μὴν

2434 5301 2661 5353 κατόπιν
2688 5298 2909 5367 ἔρχεται
2950 5298 3049 5365 τῆς
3083 5293 3307 5362 ἐνούσης
3331 5289 3583 5352 εὐκλείας
3632 5286 3801 5356 αὐτῷ,
3838 5300 3977 5355 προς·

2435 5390 2818 5445 ἀποδείκνυσιν
2853 5385 3097 5458 ἐναργῶς
3127 5384 3189 5438 τὸ
3215 5386 3327 5446 τοῖς
3377 5380 3543 5442 θείοις
3586 5378 3749 5432 αὑτὸν
3794 5374 3977 5445 ἐνιδρυ-

2629 5549 2650 5581 ⁶
2683 5548 2837 5604 Joan.
2870 5563 2979 5616 xw,
3012 5547 3063 5602 ϐ.

1837 5686 2011 5743 Varia
2033 5687 2295 5745 lectiones
2321 5687 2519 5745 codicis
2546 5684 2879 5757 Seguieriani

831 5828 858 5874 δ
881 5826 1317 5902 ἱιρουργούντας,
1360 5822 1490 5891 [vel]
1521 5826 1888 5894 ἰερατονντας,
1970 5832 1994 5862 9
2025 5821 2171 5883 Υἱός.
