4116 6476
746 376 886 436 i399

1742 379 1799 435 S.
1835 378 2109 435 CYRILLI
2150 378 2624 434 ALEXANDRINI
2656 376 2979 432 ARCHIEP.

3879 369 4009 424 ιιοο

747 511 886 549 unus
918 535 935 561 ,
971 495 1066 550 sed
1099 496 1205 552 duo
1259 510 1449 552 revera
1503 505 1627 552 sunt
1656 498 1940 565 homines;
1983 500 2055 554 ita
2087 499 2320 569 cuipiam

2431 499 2549 570 οὐχὶ
2584 497 2648 569 δὴ
2702 496 2903 567 μᾶλλον
2960 494 3169 565 ἑτέρου.
3202 494 3410 552 Οὐκοῦν
3454 494 3554 544 ούκ
3602 492 3822 561 ἀπόχρη
3883 495 4011 559 πρὸς

746 586 1005 655 dignitate
1056 601 1234 658 parem
1271 603 1433 656 esse,
1485 588 1692 643 naturis
1754 589 2012 652 interim,
2069 591 2319 645 videlicet

743 678 996 748 personis
1064 679 1372 745 distinctis,
1423 694 1528 740 non
1580 680 1713 735 sinit
1758 696 1958 749 unum,
2008 682 2163 752 167
2224 684 2318 737 sed

2422 589 2618 643 ἕνωσιν
2667 588 2841 659 άληθῆ
2878 588 2938 641 τὸ
2982 588 3057 651 ὼς
3102 590 3161 640 ὲν
3207 588 3411 657 ἰσότητι
3462 585 3560 655 τῆς
3612 585 3795 649 ἀξίας,
3848 588 4009 655 ignea

2425 681 2743 745 αὐθεντίας,
2773 680 3043 749 συνῆφθαι
3074 679 3256 748 λέγειν
3283 678 3569 749 ἄνθρωπον
3598 676 3744 745 Θεῷ.

745 774 853 825 duo
896 785 1065 826 esse:
1125 782 1179 828 et
1225 773 1385 830 unius
1471 776 1692 845 sanguis
1765 779 1841 831 ita
1880 782 1964 833 est
2043 777 2199 846 hujus
2234 816 2251 843 ,
2302 786 2360 831 ut
2400 777 2545 832 nullo
2598 778 2761 831 modo
2813 777 2883 831 sit
2921 776 3166 831 alterius.
3238 775 3316 828 Ad
3362 789 3545 828 veram
3594 774 3787 842 itaque
3857 774 4011 827 unio-

744 875 865 917 nem
920 877 1025 918 non
1054 872 1138 919 sat
1199 874 1326 929 est,
1376 865 1647 923 hominem
1710 866 1819 922 Deo
1863 869 2199 924 auctoritatis
2258 869 2340 924 vel
2377 868 2657 939 dignitatis
2700 868 3023 937 aequalitate.
3052 868 3357 936 c0pttlatutn
3403 879 3673 920 asserere.

818 954 998 1011 XLVI.
1038 974 1057 1007 σ
1084 953 1199 1009 Non
1239 957 1385 1010 enim
1424 957 1476 1011 in
1511 968 1699 1013 sancta
1735 960 2041 1016 manul'acta
2074 961 2322 1017 Christus

745 1046 1025 1113 introivit,
1062 1062 1237 1117 neque
1276 1048 1327 1103 in
1369 1050 1701 1119 exemplaria
1762 1065 2014 1107 verorum
2042 1093 2060 1119 ,
2120 1052 2214 1107 sed
2262 1052 2315 1105 in

746 1139 919 1206 ipsum
964 1138 1207 1203 calum,
1246 1148 1302 1192 ut
1349 1149 1608 1210 appareat
1660 1156 1805 1197 nunc
1868 1142 2034 1197 vultui
2071 1142 2162 1199 Dei
2218 1158 2317 1214 pro

745 1231 963 1287 nobis’.
1002 1250 1025 1285 θ
1053 1261 1124 1273 -
1150 1232 1435 1299 «Caelum.
1474 1235 1651 1305 inquit
1700 1234 1860 1300 Deus,
1909 1238 2039 1293 mihi
2096 1240 2321 1296 thronus

745 1323 935 1376 est“:
975 1342 994 1375 ι
1025 1339 1195 1394 quare
1244 1334 1298 1379 et
1342 1325 1515 1395 ipsum
1562 1342 1776 1398 quoque
1821 1328 2013 1384 Filium
2072 1334 2322 1400 supernis

744 1414 1035 1481 spiritibus.
1078 1417 1463 1487 conquiescere
1492 1459 1508 1486 ,
1538 1418 1844 1489 ccelumqne
1873 1420 2035 1477 veluti
2076 1432 2320 1477 sanctum

746 1508 1014 1576 quoddam
1051 1509 1455 1567 tabernaculum
1486 1513 1732 1569 obtinere
1759 1514 1989 1570 dicimus
2035 1531 2143 1571 non
2172 1531 2324 1573 more

750 1604 1102 1655 terrenarum.
1144 1601 1549 1670 ministrorum,
1605 1606 1695 1674 qui
1728 1606 2079 1674 corporaliter
2150 1607 2323 1663 sacris

747 1700 1085 1760 Operantur,
1121 1694 1491 1764 sanguineque
1546 1696 1838 1751 secundum
1877 1696 2014 1767 legis
2065 1698 2324 1767 praiscri-

2498 960 2655 1027 MCI’.
2692 978 2719 1011 l
2751 960 2824 1013 Οὐ
2858 960 2967 1030 γὰρ
3022 960 3102 1022 εἰς
3134 957 3486 1028 χειροποίητα
3525 955 3783 1025 εἰσῆλθεν
3834 956 3968 1021 ἅγια
3990 958 4015 1007 ὁ

2424 1051 2682 1124 Χριστὸς,
2718 1050 2839 1105 οὐδὲ
2886 1051 2966 1114 είς
2996 1050 3262 1105 ἀντίτυπα
3287 1049 3394 1103 τῶν
3434 1048 3734 1118 ἀληθινῶν,
3768 1048 3888 1101 ἀλλ’
3942 1052 4015 1111 εἰς

2424 1146 2586 1201 αὑτὸν
2623 1145 2714 1200 τὸν
2753 1146 3003 1217 οὐρανὸν,
3049 1146 3143 1199 νῦν
3187 1143 3585 1215 ἐμφανισθῆναι
3624 1142 3703 1212 τῷ
3736 1143 4019 1212 προσώπῳ

2423 1236 2517 1290 τοῦ
2544 1234 2681 1290 Θεοῦ
2717 1235 2858 1308 ὑπὲρ
2888 1235 3043 1306 ἡμῶν
3064 1251 3077 1265 ·
3118 1255 3139 1288 ι
3160 1235 3255 1288 τοῦ
3287 1234 3423 1289 Θεοῦ
3449 1235 3702 1303 λέγοντος
3723 1250 3739 1262 ·
3769 1252 3787 1284 t
3836 1234 3901 1286 Ὀ
3934 1235 4017 1286 οὒς

2430 1328 2590 1400 ρανός
2629 1344 2718 1397 μοι
2753 1326 2973 1398 Θρόνος·
3016 1344 3033 1376 ι
3082 1325 3530 1384 ἐπαναπαύεσθαι
3576 1324 3673 1384 καὶ
3699 1323 3871 1377 αὐτὸν
3910 1326 4015 1384 τοῖς

2430 1421 2544 1475 ἄνω
2572 1417 2848 1490 πνεύμασι
2879 1434 3061 1488 φαμεν
3084 1417 3176 1469 τὸν
3205 1417 3353 1480 Υἱὸν,
3388 1416 3592 1487 σκηνὴν
3630 1416 3829 1484 ὥσπερ
3858 1416 4015 1481 ἀγίαν

2432 1511 2624 1582 ἔχοντα
2657 1510 2750 1563 τὸν
2792 1508 3044 1580 οὐρανὸν,
3078 1509 3172 1560 καὶ
3209 1509 3269 1560 ού
3326 1508 3467 1560 κατά
3503 1526 3566 1575 γε
3610 1510 3742 1570 τοὺς
3787 1508 3883 1559 ἐπὶ
3919 1507 4015 1572 γῆς

2433 1604 2852 1678 ἱερουργοῦντας
2881 1604 3228 1673 σωματικῶς,
3259 1605 3353 1657 καὶ
3390 1604 3486 1667 τὰς
3532 1603 3596 1654 δι’
3649 1603 3907 1671 αἱμάτων
3937 1617 4013 1651 τε·

2430 1697 2656 1762 λοῦντας
2698 1697 2910 1759 θυσίας,
2949 1696 3029 1757 είς
3055 1695 3324 1747 ἀντίτυπα
3361 1694 3467 1745 τῶν
3494 1692 3773 1763 ἀληθινῶν
3805 1690 4010 1759 εἰστρέ-

746 1793 896 1851 ptum
940 1784 1007 1838 ad
1074 1799 1325 1845 verorum
1359 1787 1762 1855 expressionem
1819 1788 1993 1841 litant.
2046 1786 2151 1843 Sed
2184 1804 2323 1859 quo,

2433 1806 2598 1859 χοντα
2632 1787 2774 1843 κατά
2800 1786 2860 1838 τὸ
2882 1784 2959 1854 τῷ
2989 1784 3139 1853 νόμῳ
3165 1783 3373 1837 δοκοῦν.
3421 1782 3816 1852 Ἐμφανίζεται
3842 1781 3902 1833 δὲ
3925 1779 4011 1832 νῦν

747 1890 972 1941 qnaaso,
1024 1874 1184 1927 modo
1225 1874 1393 1928 vultui
1433 1875 1524 1928 Dei
1560 1892 1703 1930 nunc
1742 1892 1843 1946 pro
1881 1877 2034 1933 nobis
2065 1880 2326 1948 apparet?

748 1966 939 2021 Nonne
994 1981 1210 2036 semper
1245 1967 1407 2023 etiam
1464 1977 1591 2022 ante
1632 1968 2062 2024 incarnationem
2116 1970 2328 2025 exstitit

745 2072 1009 2126 apparens
1051 2069 1107 2112 et
1156 2057 1518 2127 conspicuus?
1552 2058 1710 2128 idque
1750 2059 1908 2114 facile
1959 2070 2041 2115 est
2067 2060 2321 2131 cognitu,

746 2148 890 2215 quod
936 2147 1052 2212 ipse
1089 2158 1179 2203 est
1234 2146 1415 2218 opiiex
1460 2150 1731 2219 sapientia
1786 2149 1882 2205 Dei
1955 2160 2009 2205 et
2056 2149 2324 2213 Patris“.

744 2256 844 2309 per
880 2255 1040 2309 quam
1094 2241 1161 2296 ad
1198 2255 1318 2298 esse
1364 2243 1626 2313 producta
1690 2253 1816 2297 sunt
1845 2243 2047 2297 omnia.
2084 2242 2150 2296 Et
2178 2251 2327 2297 certe

744 2340 802 2383 nt
842 2329 1118 2399 Sapientia
1160 2331 1332 2388 dicit:
1370 2350 1388 2384 ι
1420 2331 1532 2402 Ego
1583 2347 1734 2387 erant
1770 2347 1874 2401 qua
1938 2334 2324 2388 delectabatur.

744 2421 848 2478 Per
893 2422 1137 2491 singulos
1196 2433 1379 2478 autem
1440 2424 1557 2479 dies
1602 2424 1902 2489 gaudebant
1932 2425 1983 2478 in
2034 2435 2324 2492 conspectu

742 2512 861 2580 ejus
918 2512 1066 2567 omni
1138 2523 1378 2583 tempore
1399 2552 1414 2579 ,
1477 2514 1700 2584 quando
1776 2516 2046 2583 gaudebat
2129 2517 2327 2569 mundo

746 2602 1036 2671 perfecto,
1056 2613 1114 2658 et
1168 2605 1440 2674 gaudebat
1499 2606 1639 2659 inter
1690 2605 1828 2659 ﬁlios
1904 2606 2182 2661 hominum
2204 2608 2266 2661 “.
2299 2626 2319 2659 ι

742 2697 877 2749 Cum
923 2696 992 2751 ab
1036 2696 1193 2753 initio
1230 2697 1395 2766 igitur
1447 2696 1610 2752 Pater
1655 2697 1730 2753 illi
1781 2699 2190 2755 adblnndiretur
2217 2717 2321 2766 ,ex

742 2801 915 2857 eoque
972 2787 1386 2848 oblectationem
1432 2790 1675 2859 quotidie
1707 2799 1981 2859 ‘caperet,
2032 2793 2181 2862 isque
2240 2795 2323 2847 vi-

745 2879 928 2933 cissim
991 2879 1319 2949 voluptatem
1377 2880 1522 2935 Patri
1578 2881 1833 2948 all'erret,
1870 2885 2139 2950 quomodo
2180 2900 2324 2940 nunc

744 2970 963 3025 demum
993 2971 1163 3025 vultui
1194 2971 1285 3027 Dei
1335 2986 1599 3041 apparere
1648 2974 1892 3028 dicitur?
1916 2973 2059 3029 Sane
2089 2975 2322 3030 Verbum

748 3059 845 3114 Dei
901 3065 1049 3116 neve.
1088 3076 1229 3115 nunc
1275 3061 1440 3118 modo
1482 3072 1737 3130 apparet,
1794 3079 1901 3118 non
1945 3065 2171 3133 amplius
2200 3082 2322 3121 car-

2436 1881 2575 1952 ὑπὲρ
2604 1878 2761 1949 ἡμῶν
2814 1876 2892 1946 τῷ
2923 1875 3203 1947 προεώπῳ
3250 1874 3345 1927 τοῦ
3396 1874 3552 1938 Θεοῦ,
3617 1876 3726 1925 τίνι
3786 1872 4009 1942 τρόπῳς

2434 1969 2581 2043 Ἀρα
2606 1972 2716 2042 γὰρ
2744 1971 2843 2023 ούκ
2864 1970 2951 2022 ἀεὶ
2978 1970 3070 2021 καὶ
3096 1968 3202 2040 πρὸ
3223 1968 3318 2037 τῆς
3348 1965 3819 2038 ἐνανθρωπήαεως
3840 1964 4011 2031 ὕπαρ-

2436 2084 2522 2137 χει
2572 2064 2859 2135 ὲμφανήςζ
2909 2061 3099 2115 Καίτοι
3165 2062 3505 2131 καταθρῆσαι
3543 2062 3693 2129 ῥᾷον,
3733 2058 3814 2118 ὡς
3858 2056 4011 2117 αὐτὸς

2430 2159 2584 2209 ἐστιν
2613 2157 2645 2223 ἡ
2684 2152 3015 2223 δημιουργὸς
3055 2152 3214 2220 σοφία
3246 2150 3340 2203 τοῦ
3372 2149 3506 2203 Θεοῦ
3543 2149 3639 2201 καὶ
3672 2146 3912 2217 Πατρὸς,
3951 2146 4010 2197 δι’

2433 2240 2500 2316 ἧς
2522 2243 2591 2296 τὰ
2618 2243 2795 2295 πάντα
2815 2240 3220 2311 προσεκομίσθη
3250 2240 3291 2278 τ’
3314 2240 3448 2309 πρὸς
3473 2237 3731 2306 ὓπαρξιν,
3754 2237 3867 2290 Καὶ
3888 2235 4014 2303 γοῦν

2432 2334 2508 2397 ὡς
2574 2333 2743 2401 Σοφία
2776 2332 2963 2401 φησίν*
3005 2351 3021 2380 t
3065 2331 3205 2399 Ἐγὼ
3228 2332 3375 2400 ἤμην
3481 2329 3843 2398 προσέχαιρε.
3881 2326 4012 2379 Καθ’

2433 2424 2648 2496 ἡμέραν
2678 2423 2737 2476 δὲ
2760 2422 3131 2493 εύφραινόμην
3160 2423 3219 2478 ἐν
3252 2419 3530 2491 προσώπῳ
3565 2418 3735 2471 αὑτοῦ
3771 2420 3828 2469 ὲν
3858 2416 4011 2468 παντὶ

2434 2514 2612 2585 καιρῷ
2629 2530 2643 2543 ·
2675 2510 2763 2567 ὅτε
2791 2511 3174 2581 ὲνευφραίνετο
3195 2510 3292 2579 τὴν
3314 2509 3641 2579 οἰκουμένην
3668 2507 4008 2566 συντελέσας,

2435 2607 2531 2661 καὶ
2565 2606 2950 2675 ὲνευιρραίνετο
2979 2605 3036 2677 ἐν
3066 2602 3200 2666 υἱοῖς
3236 2602 3559 2672 ἀνθρώπων.
3617 2622 3636 2653 ι
3680 2602 3814 2653 Ὀτε
3839 2600 4011 2651 τοίνυν

2433 2699 2573 2768 αὐτῇ
2603 2697 2966 2768 προσέχαιρεν
3000 2696 3029 2746 ὁ
3061 2694 3271 2764 Πατὴρ,
3303 2695 3398 2747 καὶ
3426 2689 3492 2765 ἦν
3527 2696 3586 2746 ἐν
3610 2692 3894 2762 προσώπῳ
3922 2691 4010 2743 αύ-

2430 2789 2525 2843 τοῦ
2555 2789 2677 2842 καθ’
2708 2787 2925 2858 ἡμέραν
2956 2786 3359 2856 εύφραινομένη
3386 2803 3446 2839 τε
3487 2786 3583 2838 καὶ
3627 2784 4008 2854 εὐφραίνουσι,

2435 2881 2553 2945 πῶς
2576 2884 2602 2933 ὲ
2614 2881 2940 2951 μφανίζεται
2961 2882 3079 2932 νυνὶ
3106 2879 3184 2948 τῷ
3212 2876 3490 2947 προσώπῳ
3502 2877 3596 2930 τοῦ
3612 2877 3753 2929 Θεοῦ
3773 2894 3787 2939 ;
3812 2875 4010 2927 οδκοευ

2432 2973 2790 3043 ἐμφανίζεται
2831 2968 3018 3035 ξένιος,
3054 2970 3239 3024 οὐκέτι
3275 2969 3484 3039 γυμνὸς
3522 2969 3616 3021 καὶ
3638 2970 3882 3038 ἄσαρκος
3918 2976 4009 3017 λο-

2433 3082 2547 3133 γος,
2601 3063 2852 3132 καθάπερ
2904 3064 3097 3132 ἀμέλει
3144 3063 3239 3114 καὶ
3294 3063 3351 3113 ὲν
3400 3063 3595 3130 ἀρχαῖς
3645 3055 3736 3128 ἦν,
3796 3058 3909 3109 ἀλλ’
3961 3060 4008 3108 ἐν

747 3151 831 3209 eis
877 3165 1074 3218 expers
1134 3163 1188 3204 et
1238 3154 1480 3218 nudum,
1513 3153 1653 3207 sicut
1700 3153 1755 3210 in
1793 3154 2098 3222 principio,
2155 3157 2246 3210 sed
2273 3157 2323 3210 in

2435 3158 2616 3225 μορφῇ
2646 3172 2705 3207 τε
2732 3156 2825 3208 καὶ
2856 3156 3017 3223 φύσει
3048 3159 3115 3227 τῇ
3144 3154 3267 3208 καθ’
3301 3156 3478 3224 ἡμᾶς·
3514 3154 3696 3223 φαμὲν
3720 3151 3829 3220 γάρ
3849 3149 4010 3209 οὕτως

748 3242 917 3297 forma
952 3250 1015 3296 et.
1052 3252 1248 3295 natura
1286 3242 1539 3297 humana.
1572 3243 1653 3297 Ad
1694 3244 1838 3299 hunc
1870 3246 2052 3315 itaque
2103 3247 2323 3302 modum

751 3348 849 3402 pro
887 3332 1044 3390 nobis
1080 3348 1346 3404 apparere
1369 3372 1386 3399 ,
1454 3336 1850 3407 humanamque
1900 3348 2144 3392 naturam
2172 3341 2329 3410 (esto

751 3426 839 3489 illa
920 3436 1142 3497 propter.
1184 3428 1377 3483 Διίδωί
1454 3430 1953 3499 pnevaricationem
2007 3431 2329 3500 quandoque

749 3534 910 3574 exosa
968 3520 1380 3592 proscriptaque
1428 3520 1629 3592 fuerit)
1672 3523 1722 3577 in
1773 3532 2063 3591 conspectu
2103 3523 2192 3577 Dei
2224 3522 2326 3578 Pa-

750 3611 850 3665 tris
887 3610 1086 3667 ollerre
1144 3613 1394 3669 traditur.
1458 3614 1690 3671 Verbum
1750 3616 2018 3685 proinde,
2056 3626 2115 3671 ut
2167 3617 2329 3672 homo

750 3702 950 3758 factum
1006 3712 1123 3768 est,
1161 3706 1331 3760 oculis
1383 3708 1624 3774 paternis
1670 3707 1821 3761 velut
1864 3709 1914 3761 in
1944 3710 2122 3777 scipso
2152 3710 2329 3779 primo

750 3809 848 3858 nos
897 3794 1084 3861 sistit;
1146 3810 1253 3864 quo
1298 3798 1554 3851 nimirum
1594 3798 1735 3854 Patri
1773 3804 2179 3855 conitttendatos
2231 3818 2329 3857 nos

750 3887 976 3952 reddat,
1022 3888 1297 3943 veteribus
1348 3891 1503 3944 noxis
1543 3893 1827 3959 expiatos,
1886 3900 2047 3958 atque
2104 3893 2171 3946 ad
2206 3894 2328 3947 vita:

751 3980 1038 4035 novitatem
1085 3994 1180 4047 per
1233 3978 1497 4049 Spiritum
1543 3982 1907 4045 instauratos,
1984 3998 2047 4036 ac
2110 3988 2325 4041 tandem

747 4071 937 4138 dignos
960 4071 1182 4125 cllcctns
1232 4072 1319 4139 qni
1365 4074 1416 4125 in
1471 4083 1760 4138 conspectu
1811 4074 1988 4129 Patris
2019 4077 2188 4129 simus
2214 4076 2325 4143 jam

748 4165 800 4227 in
858 4164 993 4216 ﬁlios
1048 4168 1305 4231 cooptati.

778 4292 940 4363 168
982 4292 1055 4348 De
1087 4311 1145 4349 eo
1185 4298 1325 4364 quod
1363 4295 1615 4351 Dominus
1649 4309 1821 4351 nosler
1860 4299 2013 4353 Jews
2046 4298 2290 4354 Christus

1115 4368 1339 4435 gloriam
1374 4371 1634 4436 accepisse
1669 4370 1939 4421 scribitur.

2434 3248 2597 3301 αὐτὸν
2642 3246 3049 3316 ἐμφανισθῆναι
3088 3247 3225 3310 νυνὶ,
3284 3246 3380 3299 καὶ
3416 3240 3527 3298 οἷον
3562 3247 3649 3296 ἐπ’
3694 3243 3819 3312 (γένει
3862 3243 3887 3281 ε
3924 3238 4010 3291 τοῦ

2431 3334 2568 3391 Θεοῦ
2603 3338 2697 3392 καί
2731 3338 2943 3408 Πατρὶς
2965 3337 3058 3391 τοῦ
3086 3336 3373 3407 ἀνθρώπου
3414 3338 3577 3405 φύσιν
3611 3338 3865 3404 ἀγαγεῖν,
3895 3334 4009 3385 καί·

2430 3447 2512 3483 τοι
2554 3430 2855 3501 γενομένην
2893 3429 2951 3481 ὲν
2983 3428 3301 3498 ἀποστροφῇ
3336 3429 3424 3481 διὰ
3460 3428 3559 3500 τὴν
3605 3431 3666 3481 ὲν
3714 3426 3886 3496 Ἀδὰμ
3914 3443 4011 3476 παρ

2435 3522 2683 3594 ράσασιν.
2729 3523 2906 3591 Ἰίμᾶς
2940 3514 3033 3574 οὖν
3073 3518 3183 3589 ἄρα
3229 3519 3560 3590 παρίστησιν
3602 3521 3662 3571 ὲν
3716 3518 4006 3587 ὀφθαλμοῖς

2430 3612 2525 3667 τοῦ
2562 3613 2773 3684 Πατρὸς
2805 3613 2879 3676 ὡς
2906 3613 2965 3665 ὲν
2994 3610 3173 3680 ἑαυτῴ
3204 3612 3297 3664 καὶ
3338 3610 3560 3681 πρώτῳ,
3606 3610 3742 3661 καθὸ
3776 3608 4008 3676 πέφηνεν

2429 3706 2734 3778 ἄνθρωπος,
2770 3705 2835 3757 ἵν’
2869 3706 3019 3774 ἡμᾶς
3059 3704 3387 3775 προσαγάγῃ
3430 3702 3507 3772 τῷ
3546 3702 3744 3771 Πατρὶ,
3784 3701 3875 3752 καὶ
3907 3698 4007 3749 τῶν

2430 3798 2673 3868 ἀρχαίων
2720 3795 3035 3858 ἀπαλλάξας
3075 3795 3442 3864 αἰτιαμάτων,
3486 3796 3580 3846 καὶ
3615 3794 3695 3856 εἰς
3722 3790 4004 3857 καινότητα

2430 3893 2576 3962 ζωῆς
2648 3891 3143 3961 μεταστοιχειὼσας
3213 3891 3273 3941 ὲν
3329 3888 3643 3957 Πνεύματι·
3712 3886 3852 3938 ὥστε
3920 3886 4004 3935 καὶ

2429 3983 2613 4050 ἀξίους
2664 3982 2894 4052 ὁρᾶσθαι
2946 3981 3127 4034 λοιπὸν
3174 3980 3274 4049 τῆς
3316 3981 3465 4050 παρά
3509 3978 3605 4031 τοῦ
3656 3978 3869 4048 Πατρός
3915 3979 4002 4029 {ac

2428 4076 2669 4138 οπτείας,
2701 4074 2775 4139 ὡς
2807 4075 2864 4127 ἐν
2894 4074 3025 4127 υἱῶν
3058 4073 3210 4140 τάξει
3251 4072 3757 4143 παρειλημμένους.

2432 4292 2568 4361 Περὶ
2600 4292 2707 4345 τοῦ
2729 4292 3008 4361 λέγεσθαι
3033 4292 3222 4353 δόξαν
3249 4295 3456 4344 ,λαϐεῖν
3471 4298 3577 4344 τὸν
3599 4292 3820 4357 Κύριον
3847 4285 3999 4353 furtim

2938 4362 3185 4428 Ἰησοῦν
3213 4363 3470 4427 Χριστόν

819 4473 1025 4528 XLVII.
1064 4493 1084 4527 ι
1147 4474 1345 4528 Paulus
1378 4480 1655 4545 apostolus
1717 4494 1822 4532 non
1866 4483 1932 4533 ah
1980 4481 2322 4543 hominibus,

2502 4480 2635 4533 MZ'.
2674 4496 2689 4528 t
2721 4476 2932 4539 Παῦλος
2963 4475 3260 4537 ἀπόστολος
3288 4474 3387 4526 οὐκ
3408 4475 3487 4526 ἀπ
3534 4474 3864 4541 ανθρωπων,
3891 4471 3996 4522 οὓᾶ

746 4583 926 4637 neque
979 4582 1076 4636 per
1132 4567 1410 4630 homines,
1441 4569 1533 4622 sed
1577 4586 1671 4637 per
1732 4570 1913 4624 .Iesum
1946 4571 2244 4634 Christum,
2274 4582 2326 4625 et

747 4660 916 4715 Deum
958 4658 1181 4713 Patrem
1221 4656 1312 4726 qui
1354 4659 1636 4713 suscitavit
1680 4676 1801 4715 cum
1836 4676 1901 4717 ex
1942 4664 2166 4717 mortuis
2194 4663 2257 4716 ¹³.
2296 4682 2317 4716 ι

742 4752 824 4807 Ad
892 4752 1288 4808 ostendendum
1342 4748 1625 4804 Dominum
1659 4763 1899 4807 nostrum
1954 4753 2134 4808 Jesuni
2166 4754 2323 4809 Chri-

745 4850 887 4899 stum
942 4855 1165 4899 externa
1226 4842 1629 4910 adventitiaque
1686 4840 1850 4908 gloria
1895 4843 2117 4898 minimc
2180 4845 2322 4898 indi-

748 4936 931 5003 guisse
956 4974 971 4999 ,
1022 4942 1107 4989 sat
1150 4946 1265 4992 erat
1299 4936 1605 4998 indicasse,
1646 4936 1820 5002 ipsum
1867 4950 2021 5002 atque
2050 4952 2113 4989 ac
2157 4936 2322 4991 Deum

749 5024 966 5081 Patrem
1006 5028 1220 5081 mittere
1266 5029 1577 5095 ministros,
1635 5028 1726 5097 qui
1796 5027 1942 5085 illum
1991 5029 2324 5096 depraedica-

748 5128 912 5173 rent:
952 5133 1127 5186 neque
1176 5121 1319 5172 enim
1369 5122 1721 5192 semetipsos,
1779 5122 1868 5191 qni
1938 5120 2326 5185 mittebantur,

744 5210 1151 5279 praedicabant,
1242 5214 1337 5267 sed
1414 5211 1595 5268 Jesum
1666 5215 1936 5270 Christum
1994 5213 2046 5268 in
2103 5213 2325 5285 gloriam

749 5301 841 5359 Dei
898 5303 1096 5359 Patris.
1141 5302 1279 5371 Quia
1310 5319 1438 5359 vero
1484 5319 1669 5363 sacras
1701 5309 1935 5365 Litteras
1992 5306 2191 5366 sectari
2227 5321 2329 5363 nos

867 5485 1033 5553 llehr.
1062 5502 1137 5552 ιι,
1164 5486 1255 5540 24.
1337 5485 1378 5516 ¹⁰
1405 5484 1507 5540 lsa.
1539 5499 1682 5548 stt,
1718 5486 1765 5539 ι.
1845 5490 1885 5519 ¹¹
1917 5488 1933 5542 l
1961 5489 2088 5545 Cor.
2120 5504 2158 5555 t,
2187 5487 2279 5543 ‘24.

2361 5486 2402 5516 "
2432 5484 2593 5540 Prov.
2627 5499 2746 5549 vin,
2783 5484 2873 5550 50,
2902 5483 2989 5539 51.

2433 4574 2497 4625 δι’
2532 4571 2857 4643 ἀνθρώπων,
2908 4570 3042 4622 ἀλλὰ
3090 4567 3177 4621 διὰ
3225 4565 3401 4637 Ἰησοῦ
3441 4565 3703 4637 Χριστοῦ,
3746 4566 3838 4617 καὶ
3876 4563 3995 4616 Θεοῦ

2432 4665 2644 4737 [ἰατρὸς
2674 4664 2769 4718 τοῦ
2796 4664 3105 4734 ἐγείραντος
3140 4662 3302 4715 αὑτὸν
3332 4661 3398 4713 ὲκ
3419 4659 3651 4729 νεκρῶν.
3702 4676 3720 4708 ι
3774 4658 3994 4725 Ἀπόγρη

2434 4759 2532 4829 μὲν
2569 4758 2645 4820 εἰς
2676 4756 2949 4822 ἀπόδειξιν
2977 4755 3069 4808 τοῦ
3106 4754 3180 4825 μὴ
3204 4752 3485 4821 δεδεῆσθαι
3506 4751 3667 4819 δόξης
3693 4751 3792 4819 τῆς
3816 4746 3998 4812 ἔξωθεν

2432 4851 2521 4902 καὶ
2558 4848 3081 4921 εἰσκεκριμένηςτδν
3108 4846 3308 4917 Κύριον
3336 4845 3492 4913 ἡμῶν
3523 4842 3736 4912 Ἰησοῦν
3760 4840 3992 4911 Χριστῦν.

2430 4944 2490 4993 τὸ
2522 4940 2973 4994 συναποστέλλειν
3006 4940 3083 5009 τῷ
3110 4938 3230 5009 Θεῴ
3257 4937 3352 4991 καὶ
3383 4936 3558 5005 Πατρὶ
3592 4936 3707 4986 τῶν
3741 4934 3993 5001 περἰὲαν·

2430 5033 2525 5085 τοῦ
2564 5033 2935 5103 κηρυγμάτων
2979 5034 3102 5095 τοὺς
3144 5028 3491 5102 ἱερουργούς·
3520 5027 3583 5078 ού
3639 5025 3749 5097 γάρ
3790 5026 3992 5084 ἑαυτοὺς

2431 5125 2750 5194 ἐκήρυττον,
2794 5124 2927 5177 ἀλλά
2959 5124 3192 5195 Χριστὸν
3244 5119 3455 5188 Ἰησοῦν
3506 5119 3715 5191 Κύριον
3750 5120 3826 5183 εἰς
3856 5117 3991 5181 δόξαν

2432 5216 2569 5269 Θεοῦ
2600 5219 2827 5288 Πατρός.
2875 5217 3089 5285 Ἐπειδὴ
3124 5215 3178 5267 δὲ
3208 5217 3315 5275 τοῖς
3353 5215 3518 5283 ἱεροῖς
3548 5214 3780 5267 ἕπεσθαι
3826 5214 3989 5283 Γράμ-

2438 5326 2603 5379 μασιν
2642 5309 2935 5380 ἀναγκαίον
2967 5311 3133 5379 ἡμᾶς,
3166 5304 3403 5377 οὐδαμοῦ
3438 5309 3909 5380 παρεκτρέχοντας
3941 5306 3990 5357 τὺ

3069 5482 3110 5515 ¹³
3133 5481 3307 5539 Galat.
3340 5499 3379 5550 t,
3426 5485 3473 5538 l.

1849 5641 2021 5703 Variae
2052 5646 2314 5704 lectiones
2346 5642 2547 5704 codicis
2575 5638 2935 5712 Seguicriani.

834 5796 875 5840 1⁸
908 5796 967 5853 F.
1006 5813 1272 5869 παρεκομ.
1358 5804 1379 5842 ⁸
1408 5802 1463 5858 ἐν
1496 5800 1636 5871 θέλει.
