4122 6492
228 401 357 456 μοι

220 518 406 579 αὐτοῖς
437 513 648 579 δοκοῦν,
684 513 816 584 φέρε
849 513 1116 582 λέγωμεν,
1141 516 1270 572 τίνα
1300 515 1363 586 δὴ
1393 515 1590 586 τρόπον
1612 517 1640 568 ὁ
1664 516 1793 580 Θεὸς
1822 523 1866 578 Α
1898 529 2150 586 oportet,

219 612 319 662 καὶ
357 607 547 678 Πατὴρ
571 606 699 676 δόξῃ
723 605 940 673 λέγεται
977 606 1274 672 στεφανοῦν
1294 607 1385 659 τὸν
1411 607 1555 662 Υίόν.
1578 606 1788 660 Οὐκοῦν

215 698 390 761 αὑτός
450 697 553 750 πού
609 715 774 768 φησιν
827 700 856 751 ό
910 698 1182 767 μακάριος
1241 698 1450 761 Παῦλος
1499 700 1627 770 περὶ
1682 700 1788 753 τῶν

211 790 496 858 ἀρχόντων
521 788 615 841 τοῦ
651 789 846 853 αίῶνος
870 790 1060 842 τούτου
1080 805 1097 822 ο
1125 809 1148 840 ι
1183 790 1245 842 Et
1275 791 1383 860 γὰρ
1401 790 1664 859 ἔγνωσαν,
1687 792 1788 845 οὐκ

213 881 288 932 ἂν
336 879 426 931 τὸν
469 879 674 950 Κύριον
717 881 816 950 τῆς
845 879 1003 948 δόξης
1045 879 1416 950 ἐσταύρωσαν.
1458 901 1476 934 ι
1516 879 1667 937 Οἶδεν
1694 881 1786 938 οὖν

209 969 325 1038 ἄρα
359 971 450 1022 καὶ
479 970 685 1042 Κύριον
717 971 844 1025 ὄντα
875 972 976 1042 τῆς
1004 972 1163 1042 δόξης
1207 973 1298 1026 τὸν
1339 974 1784 1047 ἐσταυρωμένονο

210 1061 331 1124 πῶς
364 1059 457 1115 οὖν
491 1062 702 1132 δέχεται
733 1061 890 1128 δόξαν
929 1063 1085 1134 παρὰ
1109 1064 1202 1117 τοῦ
1228 1066 1441 1137 Πατρός
1461 1068 1489 1119 ό
1511 1069 1610 1139 τῆς
1630 1069 1787 1138 δόξης

209 1153 449 1222 Κύριος;
491 1155 561 1208 Ἦ
591 1155 770 1226 δῆλον,
799 1156 881 1208 ὅτι
912 1156 1201 1225 πεποίηται
1233 1156 1398 1209 πάλιν
1426 1158 1783 1228 οἰκονομικῶς

203 1246 236 1296 ό
257 1243 413 1312 λόγος
443 1245 619 1316 αύτῷ;
652 1247 876 1316 Δέχεται
914 1247 1014 1316 μὲν
1037 1246 1143 1318 γὰρ
1175 1245 1550 1317 ἀνθρωπίνως,
1581 1249 1694 1302 ἔστι
1723 1249 1780 1302 δὲ

203 1335 306 1386 καὶ
349 1337 492 1390 οὕτω
528 1338 625 1408 τῆς
663 1337 822 1408 δόξης
856 1337 1062 1409 Κύριος
1102 1337 1316 1402 θεῖκῶς.
1345 1340 1457 1393 Καὶ
1499 1341 1528 1392 ὀ
1555 1341 1651 1410 μὶν
1683 1342 1781 1411 τῆς

204 1424 364 1490 θείας
397 1428 563 1482 αὐτοῦ
601 1429 817 1498 φύσεως
864 1429 1090 1493 πλοῦτος
1132 1429 1304 1500 ὁρῷτο
1340 1429 1407 1483 ἂν
1444 1431 1580 1500 πρὸς
1627 1431 1782 1502 ήμῶν

203 1518 270 1567 ὲν
296 1521 406 1581 τοῖς
445 1519 586 1589 ὑπὲρ
635 1520 814 1574 κτίσιν
873 1519 1344 1589 πλεονεκτήμασι·
1395 1519 1499 1588 τῆς
1553 1520 1608 1573 δὲ
1657 1519 1780 1574 καθ’

203 1610 356 1675 ἡμᾶς
389 1611 661 1686 πτωχείας
693 1612 753 1664 τὸ
799 1611 998 1682 μέτρον
1032 1615 1090 1664 ὲν
1130 1612 1208 1682 τῷ
1257 1612 1512 1681 λέγεσθαι
1557 1611 1775 1666 λαϐεῖν’

203 1719 231 1749 ‹
274 1701 378 1754 Καὶ
405 1703 453 1754 εί
480 1701 732 1764 πλούσιος
770 1703 868 1766 ὢν,
897 1703 966 1756 δι’
989 1705 1136 1774 ἡμᾶς
1177 1704 1535 1774 ἐπτώχευσεν.
1574 1721 1591 1754 ι
1638 1703 1777 1756 Ἀλλ’

199 1785 302 1842 οὖν
343 1791 577 1858 ἀγαθαῖς
619 1792 850 1854 ἐννοίαις
889 1793 1024 1862 πρὸς
1076 1793 1343 1864 ὀρθότητα
1397 1792 1772 1863 διοικούμενοι,

1039 397 1130 451 AD
1166 396 1466 454 REGINAS
1507 397 1591 453 DE
1632 399 1856 456 RECTA
1895 400 2053 457 FIDE
2091 401 2352 459 ORATIO
2391 400 2670 456 ALTERA

3326 395 3469 455 I109

2228 532 2402 588 neque
2451 520 2518 574 ab
2557 532 2742 572 earum
2791 519 3020 572 decrens
3071 517 3153 572 vel
3189 517 3466 572 minimum

1893 609 2169 664 discedere
2205 611 2358 671 nobis
2414 610 2571 676 licet;
2621 609 2847 678 agedum
2920 608 3141 678 paucis,
3200 609 3468 677 quomodo

1895 697 2036 751 Deus
2079 695 2240 751 Pater
2280 696 2475 751 Filium
2517 711 2673 750 suum
2714 694 2881 764 gloria
2929 710 3214 749 coronasse
3236 695 3465 760 dicatur,

1884 786 2109 854 planum
2160 788 2441 842 faciamus.
2502 785 2697 840 Beatus
2740 785 2935 840 Paulus
2977 787 3045 840 de
3092 785 3270 840 saeculi
3310 785 3468 854 hujus

1885 879 2228 947 principibus
2279 878 2509 947 quodam
2553 878 2603 930 itt
2641 879 2758 932 loco
2801 879 2874 932 ita
2907 877 3093 932 scribit
3128 896 3141 932 :
3175 896 3192 928 ι
3236 877 3291 932 Si
3319 879 3464 930 enittt

1886 971 2302 1038 cognovissent,
2364 983 2637 1037 nunquam
2691 967 2977 1024 Dominum
3033 968 3218 1037 gloria:
3281 968 3462 1023 cruci-

1891 1045 2268 1115 llxissent“.n
2328 1059 2492 1114 Norat
2544 1059 2762 1128 itaque,
2810 1075 2933 1114 eum
2989 1062 3079 1130 qui
3126 1061 3302 1115 crucis
3330 1075 3462 1128 sup-

1885 1152 2101 1226 plicium
2171 1152 2450 1216 subierat,
2519 1152 2702 1219 gloria:
2787 1152 3074 1206 Dominum
3128 1166 3267 1209 esse.
3342 1149 3461 1204 Jaut

1884 1245 2153 1312 quomodo
2191 1245 2448 1299 Dominus
2472 1245 2656 1315 gloria:
2693 1245 2916 1315 gloriam
2954 1261 2980 1297 a
3013 1245 3170 1299 Patre
3221 1243 3462 1313 accipit?

1886 1335 2052 1402 llujus
2102 1337 2422 1406 quaastiouis
2467 1337 2665 1390 nodum
2713 1337 3137 1400 dispensationis
3186 1338 3324 1393 ratio
3346 1337 3458 1392 dis-

1875 1427 2063 1482 solvit.
2133 1427 2347 1495 Accipit
2431 1426 2573 1480 enim
2643 1425 2869 1494 gloriam
2945 1437 3005 1478 ut
3038 1426 3241 1493 homo;
3285 1425 3459 1496 pergit

1880 1528 2062 1572 autem
2109 1519 2293 1588 gloria:
2347 1517 2600 1572 Dominus
2644 1531 2766 1572 esse
2804 1525 2862 1569 ut
2903 1516 3065 1589 Deus.
3119 1517 3185 1570 Et
3236 1517 3454 1584 quidem

1879 1607 2073 1661 divina:
2119 1607 2260 1660 illius
2322 1615 2524 1660 natura:
2575 1619 2703 1676 opes
2756 1619 2824 1660 ex
2876 1605 2940 1660 iis
3003 1605 3372 1674 prterogativis
3422 1619 3452 1657 a

1874 1698 2034 1752 nobis
2068 1698 2582 1767 deprehenduntur,
2649 1712 2770 1767 qua:
2821 1705 3086 1752 creatura:
3142 1696 3452 1750 facultatem

1876 1800 2239 1860 exsuperant;
2286 1800 2344 1844 at
2381 1804 2510 1844 vero
2551 1789 2799 1843 humana:
2847 1789 3106 1858 egestatis
3132 1788 3365 1842 conditio
3386 1803 3454 1844 ex

198 1881 300 1932 καὶ
348 1882 416 1933 τὰ
448 1882 632 1934 εἰκότα
669 1885 886 1952 φρονεῖν
918 1884 1004 1935 ἐπ’
1036 1885 1184 1954 αὐτῷ
1227 1882 1636 1948 σπουδάζοντες,
1673 1882 1773 1936 οὐκ

1873 1898 1937 1937 eo
1973 1883 2129 1938 nobis
2165 1883 2224 1936 lit
2259 1884 2470 1952 palam,
2518 1882 2662 1952 quod
2726 1882 2972 1950 quaedam
3022 1879 3298 1949 accepisse
3327 1895 3453 1948 per-

193 1969 540 2040 ἀγνοήσομεν
569 1974 728 2042 ἡμεῖς
767 1974 860 2026 τὸν
893 1976 986 2027 καὶ
1003 1977 1065 2027 ἐν
1090 1979 1156 2047 τῇ
1199 1977 1321 2031 καθ’
1357 1978 1505 2048 ἡμᾶς
1533 1975 1774 2046 πτωχείᾳ

193 2059 454 2114 πλούσιον
485 2063 565 2125 ὡς
591 2063 743 2116 Θεόν.

1879 1975 2171 2029 bibeatur:
2215 1971 2406 2028 {Cum
2457 1974 2601 2028 enim
2640 1973 2790 2027 dives
2827 1981 2970 2026 esset
3008 2009 3024 2036 ,
3088 1981 3305 2042 propter
3355 1987 3454 2027 nos

1874 2064 2055 2120 factus
2102 2073 2186 2118 est
2229 2079 2433 2131 egenus
2472 2065 2534 2120 ⁸⁵.
2567 2083 2586 2116 ι
2638 2061 2864 2118 Nostras
2902 2065 3124 2135 proinde
3173 2065 3454 2134 cogitatio-

190 2167 298 2206 nes
340 2153 404 2208 ad
459 2162 618 2208 recta:
657 2153 1053 2209 tideinormam
1125 2155 1511 2222 instituentes,
1540 2165 1596 2212 et
1643 2169 1763 2226 qua
1834 2169 1933 2224 par
1989 2163 2074 2209 est
2125 2154 2191 2208 de
2245 2153 2362 2222 ipso
2409 2155 2614 2208 sentire
2661 2166 3008 2224 satagentes.
3077 2156 3149 2210 ita
3199 2157 3344 2210 illum
3395 2157 3448 2211 iu

190 2256 435 2300 nostram
481 2255 852 2315 paupertatem
885 2261 942 2300 se
990 2248 1274 2303 demisisse
1330 2259 1663 2316 statuemus,
1701 2257 1762 2304 ut
1799 2255 1980 2304 tamen
2057 2253 2316 2315 tanquam
2369 2244 2536 2299 Deum
2581 2261 2856 2315 nunquam
2926 2247 3146 2302 divitem
3182 2263 3303 2303 esse
3353 2254 3450 2305 de-

187 2336 350 2390 siisse
406 2348 556 2391 certo
588 2337 746 2392 nobis
793 2340 1237 2407 persuadeamus.

263 2431 402 2485 MH'.
437 2450 456 2482 ι
501 2430 556 2484 ’0
592 2431 782 2507 Πατὴρ
811 2433 1001 2504 ἀγαπᾷ
1031 2433 1122 2486 τὸν
1151 2434 1299 2500 Υἱδν,
1336 2435 1430 2488 καὶ
1459 2437 1637 2490 πάντα
1671 2434 1759 2488 δὲ-

182 2523 364 2574 δωκεν
398 2523 455 2575 ὲν
483 2525 548 2594 τῇ
582 2523 725 2593 χειρὶ
752 2523 938 2578 αὑτοῦ.
974 2543 992 2575 ι
1024 2525 1248 2593 Δέχεται
1268 2525 1430 2578 πάλιν
1459 2525 1534 2588 ὡς
1554 2525 1763 2596 ἄνθρω-

183 2630 292 2676 πος
321 2615 350 2666 ό
385 2614 540 2678 Υίόςο
576 2614 716 2686 πλὴν
775 2615 874 2668 ούκ
918 2615 1022 2681 ἔξω
1056 2616 1218 2669 πάλιν
1253 2615 1463 2684 τίθησιν
1512 2616 1703 2670 ἑαυτὸν
1731 2617 1760 2670 ό

180 2703 379 2773 Πατὴρ
407 2705 499 2757 τοῦ
532 2706 707 2758 πάντα
734 2705 877 2774 ἔχειν
908 2706 998 2773 ὑφ’
1028 2707 1204 2774 ἑαυτῷ
1223 2723 1236 2736 ’
1276 2706 1452 2768 διδοὺς
1483 2708 1587 2776 γὰρ
1615 2705 1758 2759 αὐτὰ

177 2795 265 2863 τῷ
300 2794 436 2865 Υἱῷ,
474 2797 570 2849 σὺν
613 2795 762 2864 αὐτῷ
814 2799 1079 2867 κατάρχει
1128 2796 1236 2848 τῶν
1282 2796 1447 2858 ὅλων,
1495 2798 1607 2859 τοῖς
1656 2795 1757 2864 τῆς

179 2885 437 2954 θεότητος
483 2887 786 2956 σκήπτροις
832 2887 1124 2958 ὑποςέρων
1153 2887 1224 2940 δι’
1259 2885 1422 2939 αὑτοῦ
1465 2902 1525 2938 τε
1575 2886 1667 2938 καὶ
1696 2887 1756 2939 ἐν

177 2977 335 3047 αύτῷ
385 2978 447 3030 τὸ
493 2979 587 3031 ἐπὶ
635 2978 733 3046 τῆς
773 2977 880 3046 γῆς
931 2978 1121 3046 γένος,
1176 2979 1352 3033 καίτοι
1419 2977 1758 3042 διανενευκδς

178 3067 454 3138 ἁχαλίνως
485 3071 565 3132 είς
608 3069 929 3122 ἀπόστασιν.
974 3070 1059 3132 Ὠς
1089 3071 1198 3140 γὰρ
1235 3070 1395 3133 αὐτός
1443 3069 1543 3122 πού
1592 3087 1757 3138 φησιν

1939 2432 2175 2490 XLVIII.
2201 2449 2220 2484 ι
2253 2431 2416 2488 Pater
2444 2433 2615 2504 diligit
2654 2433 2872 2502 Filium,
2920 2444 2976 2489 et
3002 2436 3182 2490 omnia
3221 2435 3368 2490 dedit
3395 2435 3446 2491 iu

1870 2541 2060 2580 manus
2111 2525 2345 2594 ejus".i
2392 2525 2561 2579 Filius
2624 2526 2825 2595 accipit
2865 2536 2929 2580 ut
2979 2528 3178 2581 homo:
3230 2527 3448 2582 interim

1864 2612 2024 2668 Pater
2071 2629 2101 2667 a
2131 2614 2278 2669 nullo
2321 2629 2507 2669 eorum
2593 2630 2654 2670 se
2686 2617 2963 2680 excludit,
2993 2619 3122 2688 quin
3163 2620 3349 2674 omnia
3394 2620 3448 2673 in

1863 2712 2130 2769 petestalc
2187 2704 2428 2757 habeat:
2473 2719 2534 2758 ea
2563 2705 2706 2758 enim
2752 2707 2887 2759 dans
2939 2706 3097 2771 Filio,
3161 2724 3266 2761 una
3323 2725 3446 2764 cum

1861 2792 1952 2846 illo
2003 2792 2257 2846 oumibus
2319 2792 2648 2869 dominatur.
2716 2793 2823 2849 Sed
2874 2807 2930 2850 et
2988 2797 3163 2866 ipsum
3233 2813 3448 2869 quoque

1860 2880 2172 2936 mortalium
2212 2895 2381 2950 genus
2441 2861 2738 2938 secundum
2790 2899 2850 2940 se
2899 2885 3064 2954 aliqui
3097 2886 3344 2950 infreue,
3391 2899 3448 2944 et

1860 2974 1924 3027 ad
1986 2973 2332 3028 rebellionem
2381 2988 2702 3043 propensum
2754 2976 3058 3033 divinitatis
3091 2981 3319 3048 sceptris
3350 2995 3446 3051 per

1862 3063 2013 3116 illum
2044 3063 2146 3118 sibi
2199 3063 2466 3118 submittit
2493 3082 2506 3119 ε
2534 3067 2970 3136 quandoquidem
3001 3106 3017 3133 ,
3070 3077 3127 3122 ut
3157 3071 3444 3139 sapientis-

175 3163 209 3214 ό
245 3161 554 3231 σοφώτατος
587 3159 824 3227 Παῦλος,
862 3180 879 3211 ι
909 3162 1040 3225 Θεὸς
1077 3159 1144 3233 ἦν
1186 3165 1243 3216 ὲν
1282 3161 1519 3233 Χριστῷ,
1549 3165 1779 3233 κόσμον¹

1861 3153 2022 3208 simus
2051 3153 2246 3208 Paulus
2267 3155 2466 3211 alicubi
2493 3157 2746 3212 admonet
2773 3175 2786 3213 :
2830 3177 2848 3209 ι
2880 3159 3020 3212 Deus
3057 3169 3173 3214 erat
3204 3163 3256 3215 in
3281 3162 3442 3217 Chri-

177 3253 572 3308 καταλλάσσων
600 3252 798 3322 ἐαυτῷ.
837 3271 854 3303 ι
888 3254 998 3306 Kal.
1028 3255 1088 3307 ού
1118 3255 1180 3325 δή
1221 3254 1322 3308 πού
1357 3271 1557 3324 φαμεν,
1592 3253 1666 3318 ὡς
1693 3257 1750 3308 ὲν

172 3342 453 3412 ἀνθρώπῳ
474 3343 813 3410 κατοικήσας
842 3344 1074 3412 Χριστὸς
1101 3345 1286 3414 ἕτερος
1309 3344 1462 3415 παρά
1491 3361 1552 3412 γε
1575 3344 1666 3396 τὸν
1688 3347 1752 3399 ὲκ

171 3432 282 3502 τῆς
321 3434 482 3502 ἁγίας
523 3433 799 3504 Παρθένου
858 3437 1276 3506 γεγεννημένον,
1330 3439 1532 3507 κόσμον
1572 3438 1750 3509 ἑαυτῷ

172 3523 513 3593 κατήλλαττε
553 3524 831 3593 (φρονοῦσι
859 3526 968 3596 γάρ
1011 3521 1112 3580 ὦδέ
1141 3545 1280 3593 τινες
1305 3529 1414 3582 τῶν
1443 3529 1746 3598 ἀμαθεστέ-

173 3614 314 3684 ρων)
335 3629 348 3643 ·
387 3615 565 3666 ἐκεῖνο
587 3613 642 3666 δὲ
678 3614 900 3682 μᾶλλον,
934 3617 1017 3670 ὅτι
1064 3617 1431 3687 κατήλλαττεν
1452 3619 1632 3690 ἑαυτῷ
1657 3621 1748 3674 τὸν

172 3704 382 3774 κόσμον
407 3705 437 3755 ὀ
475 3703 606 3765 Θεὸς
649 3705 741 3757 καὶ
776 3706 962 3777 Πατὴρ
1013 3709 1069 3760 ἐν
1130 3708 1378 3778 Χριστῴο
1420 3709 1610 3777 γέγονε
1639 3714 1747 3782 γὰρ

169 3796 334 3864 ἡμῶν
372 3795 598 3865 μεσίτης
644 3796 1074 3869 ὲνανθρωπήσας
1107 3801 1133 3852 ὁ
1160 3800 1304 3862 Υἱὸς,
1340 3801 1433 3853 καὶ
1455 3797 1566 3856 οἷον
1597 3803 1746 3856 δια).-

166 3886 377 3957 λακτὴς
401 3888 477 3948 εἰς
511 3887 758 3958 είρήνην,
794 3890 891 3960 οὐχ
918 3891 1089 3962 ἑτέρῳ
1138 3892 1413 3961 προξενῶν
1441 3894 1550 3946 τῶν
1581 3897 1637 3947 ὲν
1669 3895 1746 3966 τῷ

167 3981 364 4049 κόσμῳ
387 3977 484 4048 τὴν
519 3979 823 4052 ὑποταγὴν,
859 3982 976 4032 ἀλλ’
1003 3983 1077 4045 ὡς
1103 3984 1159 4035 ὲν
1188 3984 1302 4053 ἰδίῳ
1339 3985 1638 4056 προσώπῳ,
1668 3987 1746 4057 τῷ

165 4071 295 4142 Θεῷ
320 4071 409 4124 xal
436 4071 629 4140 Πατρί.
665 4072 886 4142 Χριστῷ
917 4073 1028 4142 γὰρ
1057 4075 1513 4145 κατηλλαγμένοι,
1545 4079 1746 4148 κατηλ-

163 4161 417 4230 λάγμεθα
444 4161 512 4214 δι’
549 4162 713 4216 αὑτοῦ
745 4181 801 4215 τε
839 4164 932 4216 καὶ
960 4165 1017 4216 ὲν
1050 4164 1197 4233 αύτῴ
1228 4165 1305 4234 τῷ
1338 4167 1553 4220 πάντων
1590 4170 1744 4238 ἡμῶν

164 4253 382 4323 Σωτῆρι
408 4252 544 4324 Θεῷ.
582 4254 870 4323 Τοιγάρτοι
905 4253 996 4305 καὶ
1026 4253 1230 4320 ἔφασκε
1259 4271 1271 4284 °
1300 4277 1317 4306 ι
1356 4255 1520 4310 Δεῦτε
1545 4259 1743 4323 πάντες

163 4345 308 4414 πρός
347 4361 432 4414 με,
464 4346 513 4397 οἱ
554 4345 942 4404 κεκοπιακότες
978 4345 1072 4396 καὶ
1113 4349 1560 4416 πεφορτισμένοι,
1587 4350 1744 4418 κάγὼ

159 4434 463 4488 ἀναπαύσω
490 4435 654 4505 ὑμᾶς.
699 4455 716 4484 ι
752 4435 873 4486 ’Ὁτι
898 4435 954 4487 δὲ
981 4437 1093 4498 τοῖς
1119 4437 1254 4507 πρὸς
1283 4439 1447 4493 αὑτὸν
1480 4440 1650 4495 ἰοῦσιν
1676 4441 1738 4495 ού

160 4527 304 4593 πρὸς
338 4528 524 4598 ἕτερόν
550 4544 670 4578 τινα
708 4527 905 4593 γένοιτ’
940 4527 1005 4580 ἂν
1041 4529 1081 4598 ἑή
1112 4531 1449 4602 καταλλαγὴ,
1482 4534 1621 4604 πλὴν
1657 4535 1738 4588 δτι

161 4617 304 4686 πρὸς
349 4619 482 4670 Θεὸν
513 4617 603 4669 τὸν
636 4617 795 4684 φύσει
838 4620 930 4670 καὶ
964 4621 1200 4690 ἀληθῶς,
1253 4626 1739 4699 πεπληροφόρηκεν

159 4706 367 4758 εἰπών’
411 4725 430 4757 ι
477 4707 536 4760 '0
563 4708 832 4760 πιστεύων
865 4712 944 4774 είς
978 4713 1075 4779 ἐμὲ
1116 4715 1176 4766 ού
1220 4715 1462 4769 πιστεύει
1494 4719 1573 4778 είς
1613 4718 1730 4785 ἐμὲ,

159 4798 277 4854 ἀλλ’
303 4799 382 4862 εἰς
415 4799 509 4852 τὸν
540 4800 832 4870 πέμψαντά
870 4821 959 4872 με.
994 4806 1100 4858 Kal
1126 4808 1154 4858 ό
1192 4806 1412 4876 θεωρῶν
1462 4805 1561 4875 ἐμὲ
1597 4807 1731 4858 θεω-

163 4893 252 4962 ρεῖ
273 4891 360 4943 τὸν
386 4891 676 4961 πέμψαντά
707 4910 793 4963 με.
810 4914 827 4946 ι
865 4894 983 4947 Ὀτὲ
1012 4895 1068 4946 δὲ
1098 4895 1277 4948 πάλιν
1302 4915 1319 4945 ι
1342 4895 1628 4947 Πιστεύετε
1654 4895 1734 4957 είς

158 4985 254 5036 τὸν
286 4984 436 5051 Θεὸν,
469 4985 563 5038 καὶ
584 4985 662 5048 είς
692 4985 790 5056 ἐμὲ
818 4985 1121 5038 πιστεύετε.
1146 5003 1164 5035 ι

230 5240 364 5292 ΜΘθ.
402 5256 422 5288 ι
469 5241 672 5310 Πάτερ,
698 5243 956 5312 ἐλήλυθεν
1001 5241 1198 5313 ήῶρα.
1243 5240 1464 5306 δόξασόν
1506 5259 1600 5294 σου
1639 5244 1732 5298 τὸν

160 5331 313 5392 Υἰδν,
355 5329 439 5382 ἴνα
483 5336 580 5382 καὶ
605 5331 634 5382 ό
663 5331 789 5395 Υἱός
825 5351 917 5385 σου
941 5334 1136 5402 δοξάσῃ
1179 5349 1258 5385 σε.
1301 5330 1497 5394 Καθὼς
1524 5333 1730 5399 ἔδωκας

157 5418 310 5489 αὑτῷ
357 5418 605 5502 ἐξουσίαν
645 5424 824 5491 πάσης
873 5425 1094 5493 σαρκὸς,
1138 5425 1220 5476 ἵνα
1274 5425 1380 5476 πᾶν
1422 5423 1450 5476 ὃ
1489 5423 1728 5492 δέδωκας

1833 5349 1892 5393 ιιι
1936 5350 1990 5394 ct
2044 5340 2210 5396 Filius

1836 5437 2152 5497 potestatem
2189 5433 2366 5486 omnis
2397 5434 2608 5496 carnis,
2647 5446 2704 5488 ιιι
2735 5452 2894 5491 omne
2940 5438 3079 5505 quod
3108 5435 3302 5490 dedisti
3333 5438 3406 5504 ei,

1855 3257 1962 3310 sto,
1991 3247 2246 3301 Inundqu
2275 3248 2626 3302 reconcilians
2649 3249 2750 3304 sibi
2777 3251 2842 3306 ".
2871 3269 2890 3302 ι
2915 3250 3009 3304 llic
3040 3263 3216 3308 autem
3239 3271 3442 3324 nequa-

1854 3353 2014 3406 quam
2061 3340 2380 3403 asserimus,
2421 3341 2471 3395 id
2503 3343 2645 3410 quod
2682 3344 2930 3399 rudiores
2966 3346 3183 3415 quidam
3211 3347 3439 3412 faciunt.

1852 3427 2013 3482 alium
2081 3429 2149 3482 ab
2199 3444 2264 3483 eo
2315 3445 2472 3498 quem
2519 3447 2671 3488 sacra
2717 3432 2890 3504 Virgo
2938 3437 3100 3507 169
3154 3439 3205 3492 iu
3263 3440 3437 3495 lucem

1849 3520 2012 3575 edidit
2036 3559 2052 3585 ,
2082 3520 2357 3574 Christum
2409 3523 2460 3576 in
2497 3524 2714 3578 homine
2748 3526 3117 3595 inhabitasse,
3151 3535 3439 3586 mundum-

1849 3629 1955 3682 que
2006 3613 2112 3668 sihi
2153 3615 2578 3681 reconciliasso;
2623 3617 2719 3671 sed
2765 3618 3051 3686 ipsutuutet
3111 3622 3277 3678 Deum
3332 3625 3434 3677 ιδπ-

1849 3712 1983 3756 trem
2016 3705 2068 3754 in
2131 3702 2345 3760 Christo
2395 3708 2652 3759 untndum
2695 3709 2798 3762 sibi
2833 3711 3294 3769 reconciliarisse.
3350 3715 3434 3770 Fi-

1848 3796 1950 3850 lius
1991 3811 2221 3865 namque
2275 3810 2391 3867 post
2423 3800 2718 3854 humanam
2788 3814 3036 3856 naturam
3098 3817 3431 3876 assumptant

1848 3884 2022 3939 factus
2081 3896 2165 3940 est
2231 3887 2535 3952 mediator,
2608 3899 2664 3942 et
2722 3893 2788 3944 ad
2819 3906 3007 3960 pacem
3082 3895 3429 3950 obtinendam

1845 3977 2249 4046 quodammodo
2309 3980 2726 4044 reconciliatur,
2762 3998 2868 4036 non
2917 3983 3080 4038 alteri
3115 3987 3345 4054 cuipiam
3375 3987 3427 4041 in

1846 4068 2045 4122 mundo
2088 4069 2452 4125 obedientiam
2488 4072 2815 4137 concilians,
2851 4077 2947 4129 sed
2976 4087 3039 4129 ut
3105 4078 3157 4131 iu
3208 4081 3428 4147 propria

1845 4173 2072 4227 persona
2101 4159 2212 4214 Deo
2257 4161 2403 4215 Patri
2435 4180 2449 4216 :
2500 4165 2940 4234 quandoquidem
2994 4167 3211 4223 Christo
3243 4185 3431 4224 recou-

1843 4251 2013 4304 ciliati
2035 4289 2051 4313 ,
2087 4265 2183 4320 per
2213 4251 2388 4321 ipsum
2432 4264 2485 4308 ct
2517 4255 2567 4308 iu
2602 4257 2718 4325 ipso
2741 4296 2758 4318 ,
2811 4259 2920 4310 Deo
2945 4275 3158 4327 quoque
3185 4263 3427 4316 omnium

1845 4339 2109 4394 Salvatori
2171 4346 2606 4399 reconciliantur.
2661 4345 2796 4400 llinc
2833 4349 3004 4403 illud:
3045 4368 3064 4399 ι
3101 4350 3290 4405 Venite
3362 4356 3428 4408 ad

1844 4447 1949 4496 tne,
1985 4448 2172 4486 omnes
2216 4435 2305 4500 qui
2337 4435 2596 4488 laboratis
2645 4448 2696 4490 et
2736 4439 2945 4490 onerati
3003 4439 3159 4504 estis,
3214 4451 3268 4494 et
3325 4459 3429 4513 ego

1849 4521 2086 4577 reficiam
2128 4538 2225 4576 vos
2251 4522 2314 4570 ".
2345 4540 2364 4572 ι
2417 4522 2570 4586 Quod
2607 4523 2640 4576 ii
2695 4534 2875 4576 autem
2922 4527 3012 4593 qui
3061 4527 3127 4580 ad
3183 4529 3334 4584 illum
3369 4549 3434 4587 se

1845 4611 2179 4679 adjunguut,
2263 4625 2368 4663 non
2425 4610 2582 4666 alteri
2641 4614 2873 4682 cuipiam
2957 4593 3433 4690 reconcilientur,

1843 4714 2003 4767 quant
2037 4713 2166 4751 vero
2228 4703 2570 4772 naturalique
2629 4702 2776 4768 Deo,
2834 4705 2962 4761 illud
3003 4708 3142 4762 idem
3200 4711 3312 4780 ipse
3341 4714 3428 4767 his

1843 4788 2021 4842 verbis
2093 4791 2432 4859 perspicuum
2504 4794 2636 4849 facit
2667 4812 2680 4825 ·
2721 4813 2739 4846 ι
2777 4795 2917 4864 Qui,
2989 4798 3199 4867 inquit,
3249 4803 3430 4859 credit

1841 4877 1896 4932 in
1958 4894 2079 4943 me,
2116 4897 2220 4936 non
2253 4886 2424 4940 credit
2455 4886 2506 4941 in
2545 4903 2630 4942 me
2657 4927 2672 4951 ,
2705 4889 2798 4942 sed
2866 4889 2916 4942 in
2965 4905 3088 4942 eum
3128 4891 3220 4958 qui
3277 4891 3428 4947 misit.

1840 4986 1946 5028 me.
1989 4973 2054 5028 Et
2093 4977 2183 5045 qui
2219 4977 2360 5032 videt
2391 4995 2509 5044 me,
2546 4981 2688 5033 videt
2717 4997 2838 5033 cum
2886 4983 2974 5048 qui
3031 4981 3178 5035 misit
3207 4996 3288 5036 me
3317 4984 3425 5037 ".o.

1841 5062 1905 5116 Et
1958 5081 2216 5142 rursum;
2255 5087 2273 5120 ι
2335 5070 2550 5126 Credite
2608 5072 2659 5125 in
2713 5070 2927 5134 Deum,
2966 5072 3095 5127 etin
3151 5090 3238 5131 me
3293 5090 3418 5130 cre-

1837 5156 1946 5210 dite
1969 5158 2028 5211 ¹⁰.
2047 5178 2065 5210 ι

1907 5245 2092 5302 XLIX.
2126 5267 2144 5300 ι
2182 5252 2360 5315 Pater,
2393 5261 2538 5304 venit
2566 5267 2720 5314 nora,
2755 5253 2989 5307 clarifica
3017 5252 3208 5307 Filium
3243 5264 3411 5319 tuum,

2283 5352 2408 5398 tuus
2472 5343 2733 5398 clariﬁcet
2777 5355 2847 5400 te.
2905 5347 3056 5400 Sicut
3113 5347 3305 5402 dedisti
3359 5347 3415 5402 ei

158 5509 330 5581 αὖτῴ,
361 5510 506 5582 δὼσῃ
545 5511 727 5575 αὐτοῖς
759 5512 902 5583 ζωὴν
930 5513 1164 5567 αἰώνιον.
1196 5533 1214 5565 ι
1246 5515 1594 5590 Παράκλητος
1626 5521 1728 5590 μὲν

1861 5522 1923 5576 let
1947 5521 2026 5577 eis
2072 5523 2235 5576 vitam
2281 5527 2624 5582 aeternam".
2658 5546 2676 5580 ι
2719 5526 3022 5582 Advocatus
3062 5535 3113 5580 ct
3145 5527 3403 5596 propitia-

233 5685 327 5757 ’ΣΙ
361 5685 483 5757 Cor:
519 5686 654 5757 [εμὲ.
737 5685 778 5715 ⁸³
812 5683 848 5737 II
875 5684 998 5739 Cor.
1035 5702 1151 5742 vttt.
1179 5685 1229 5739 9.
1314 5687 1354 5717 "
1387 5687 1539 5745 Joan.
1572 5711 1652 5757 Ill,
1689 5696 1774 5752 35.

160 5755 248 5818 44.
279 5755 371 5810 £5.
447 5756 490 5787 ¹⁰
517 5753 671 5813 Joun.
702 5772 810 5822 Mr,
847 5757 894 5812 ί.
961 5761 1015 5790 ’³⁸
1056 5757 1208 5812 Joan.
1238 5776 1366 5826 xvu,
1400 5765 1446 5825 I,
1486 5764 1537 5817 “2.

1880 5697 1918 5728 ’⁷
1958 5696 1995 5751 ll
2022 5696 2144 5752 Cor.
2182 5713 2230 5764 \',
2272 5699 2350 5755 I9.
2463 5702 2502 5732 ¹⁸
2533 5702 2718 5757 Matth.
2752 5719 2825 5770 xl,
2857 5701 2947 5756 9.3.
3031 5703 3070 5734 ¹⁹
3103 5703 3254 5761 Joan.
3299 5721 3401 5774 ιιι,
