4116 6534
705 423 844 480 1405

1701 427 1756 482 s.
1792 427 2065 484 (:t'tttLLt
2105 417 2572 484 ALEXANDRINI
2605 424 2930 481 Attcutsr.

3824 425 3945 479 ιιοι

703 551 789 596 tor
843 543 1142 613 appellatur
1195 541 1447 595 Filius".
1488 542 1601 610 Ipse
1647 545 1791 597 enim
1825 548 2132 600 hominibus
2173 563 2252 601 cae

2383 544 2472 595 καὶ
2508 545 2818 612 ἱλαστήριον
2867 546 2894 595 ό
2938 543 3064 607 Υἱὸς
3102 559 3432 612 ωνομασται.
3487 542 3800 611 Καθίστητι
3851 544 3946 612 γὰρ

703 635 891 687 lestetn
950 634 1163 689 Patrem
1245 635 1559 690 benevolum
1610 639 2002 709 propitiumque
2054 642 2270 704 reddit,

701 733 864 790 atque
904 723 1024 778 ideo
1057 726 1294 779 omnium
1342 727 1599 779 bonorum
1635 730 1789 782 nobis
1821 741 2009 785 auctor
2042 739 2141 785 est.
2182 732 2274 786 Ve-

701 825 1004 868 rumtamen
1081 815 1428 884 inquisitione
1466 817 1688 886 dignum
1722 829 1840 885 est,
1894 836 2125 889 quanam
2181 838 2270 876 ra-

701 903 844 958 tione
879 903 1035 958 Pater
1063 905 1322 974 gloriﬁcet
1353 906 1542 961 Filium
1591 918 1644 962 et
1692 907 1859 964 Filius
1891 911 2125 965 vicissim
2155 913 2270 981 glo-

701 993 873 1050 rillcet
913 995 1149 1051 Patrem.
1182 998 1270 1052 Ait
1298 1013 1426 1068 ergo
1460 1001 1743 1056 advenisse
1794 1003 2014 1069 horam,
2048 1005 2148 1058 hoc
2188 1014 2271 1059 est

701 1095 943 1154 tempus,
1003 1087 1055 1142 in
1105 1104 1211 1158 quo
1239 1090 1409 1159 ipsum
1443 1092 1600 1160 plane
1637 1108 1735 1162 pro
1776 1096 1960 1148 mundi
2013 1095 2118 1149 vita
2148 1111 2270 1148 cru-

696 1167 777 1227 cis
816 1174 1352 1243 suppliciumsubire
1400 1189 1698 1249 oporteret.
1750 1182 1854 1235 Par
1880 1193 1996 1237 erat
2045 1194 2222 1239 autem
2249 1227 2264 1249 ,

695 1272 756 1316 ut
798 1261 958 1318 Pater
998 1264 1190 1320 Filium
1220 1283 1317 1338 per
1345 1271 1793 1325 resurrectionem
1822 1287 1885 1324 ex
1918 1275 2138 1327 mortuis
2163 1275 2270 1340 glo-

695 1353 970 1424 riiicaret,
1022 1357 1232 1428 sibique
1277 1361 1793 1416 consubstantialem
1849 1372 1903 1417 et
1948 1364 2215 1418 vivificum
2247 1404 2263 1429 ,

691 1454 746 1498 et
798 1457 972 1501 morte
1022 1451 1392 1517 superiorem,
1437 1462 1492 1505 et
1541 1461 1783 1507 naturam
1838 1471 1865 1506 a
1922 1458 2268 1525 corruptione

690 1535 920 1590 alienam
953 1541 1203 1594 sortitum
1257 1542 1493 1596 evidenti
1561 1545 1864 1600 testimonio
1920 1547 2265 1602 demonstra-

692 1635 795 1679 ret.
831 1626 971 1691 Quin
1006 1629 1119 1697 ipse
1177 1645 1390 1700 quoque
1423 1632 1580 1687 Pater
1630 1637 1729 1690 hoc
1763 1637 1877 1704 ipso
1909 1639 2262 1707 gloriﬁcatur,

689 1717 833 1783 quod
867 1716 1060 1772 Filium
1114 1720 1306 1775 decore
1331 1761 1348 1787 ,
1404 1725 1607 1792 gloria,
1644 1713 1987 1796 potentiaque
2021 1730 2121 1783 sibi
2170 1745 2264 1798 per

687 1809 870 1862 omnia
905 1809 1136 1865 similem
1172 1813 1384 1867 habeat.
1419 1817 1598 1883 Atque
1626 1817 1766 1871 istud
1802 1819 2002 1885 liquido
2029 1824 2264 1875 ostendit

2378 634 2489 692 τοῖς
2520 631 2613 682 ἐπὶ
2651 633 2748 702 τῆς
2782 631 2885 700 γῆς
2930 632 3134 701 εὐμενῆ
3179 632 3272 684 τὸν
3318 633 3562 702 Πατέρα,
3615 633 3714 683 καὶ
3760 634 3945 694 παντὸς

2378 725 2510 791 ἡμῖν
2536 721 2849 791 εὑρίσκεται
2875 722 3130 792 πρόξενος
3160 723 3384 791 ἀγαθοῦ.
3418 723 3564 793 Πλὴν
3590 724 3776 774 ἐκεῖνο
3798 739 3948 774 κατα.

2378 811 2690 882 θρήσωμεν,
2717 813 2833 876 πῶς
2864 813 2931 865 ἂν
2957 812 3230 878 δοξάσειεν
3262 815 3290 866 ό
3325 813 3515 882 Πατὴρ
3544 813 3640 865 τὸν
3684 813 3838 878 Υἱὸν,
3869 814 3946 865 δο-

2376 901 2705 970 ξασθήσεται
2753 902 2809 954 δὲ
2839 902 2933 955 καὶ
2967 904 3127 966 αὐτὸς
3173 903 3303 974 παρ’
3350 903 3516 956 αὑτοῦ
3558 903 3684 954 τίνα
3730 903 3946 972 τρόπον.

2379 993 2586 1045 Οὐκοῦν
2629 993 2729 1062 τὴν
2784 992 2955 1063 ὦραν,
3011 996 3176 1065 ἤγουν
3228 995 3319 1047 τὸν
3377 995 3569 1064 καιρὸν
3632 995 3945 1063 ἐληλυθέναι

2375 1085 2529 1152 φησι,
2561 1083 2682 1136 καθ’
2712 1083 2771 1136 ὃν
2815 1085 2923 1137 ἔδει
2959 1087 3174 1148 πάντως
3203 1087 3366 1137 αὑτὸν
3400 1085 3490 1136 τὸν
3531 1085 3674 1154 ὑπὲρ
3718 1085 3820 1153 τῆς
3861 1085 3947 1135 τοῦ

2376 1175 2581 1242 κόσμου
2617 1172 2759 1242 ζωῆς
2789 1174 3081 1243 ὑπομεῖναι
3109 1174 3340 1244 σταυρόν
3359 1189 3372 1201 '
3405 1173 3519 1225 ἀλλ’
3545 1169 3616 1244 ἦν
3651 1173 3948 1237 ἀναγκαῖον

2374 1265 2691 1330 δοξάζεσθαι
2732 1265 2822 1318 τὸν
2848 1266 2975 1318 Υἱὸν
3006 1266 3155 1334 παρὰ
3197 1265 3291 1318 τοῦ
3324 1265 3555 1334 Πατρὸς,
3592 1265 3686 1315 καὶ
3726 1263 3816 1314 διὰ
3860 1266 3948 1330 τῆς

2375 1358 2439 1407 ἐκ
2466 1356 2674 1427 νεκρῶν
2720 1357 3068 1420 ἀναστάσεως
3109 1356 3555 1428 μαρτυρούμενον
3583 1357 3670 1408 ὅτι
3711 1356 3775 1405 τέ
3809 1356 3950 1404 ἐστιν

2372 1445 2658 1516 ὁμοούσιος
2684 1447 2833 1517 αύτῷ
2855 1450 2946 1500 καὶ
2965 1447 3247 1512 ζωοποιδς,
3275 1449 3368 1501 καὶ
3391 1448 3627 1501 θανάτου
3659 1445 3949 1523 κρείττων,

2373 1539 2468 1590 καὶ
2515 1539 2720 1609 φθορᾶς
2755 1540 2965 1609 ἀμείνω
3015 1539 3112 1611 τὴν
3159 1538 3324 1607 φύσιν
3365 1537 3801 1608 διεκληρώσατο.
3845 1536 3950 1587 Καὶ

2370 1628 2650 1696 δοξάζεται
2677 1630 2850 1683 δὲκαὶ
2880 1630 3043 1693 αὐτὸς
3070 1632 3098 1682 ὁ
3126 1631 3335 1700 Πατὴρ,
3363 1630 3436 1692 ὡς
3459 1630 3601 1699 ἔχων
3628 1630 3763 1681 Υἱὸν
3812 1627 3951 1680 κατὰ

2371 1723 2479 1773 πᾶν
2498 1720 2678 1774 ὁτιοῦν
2694 1722 2910 1775 ἐοικότα
2927 1738 2983 1774 τε
3001 1724 3093 1774 καὶ
3113 1721 3330 1774 ἰσοκλεᾶ
3347 1722 3442 1774 καὶ
3463 1724 3577 1773 ἰσου
3589 1721 3725 1790 ργὺν
3751 1718 3946 1786 ἑαυτῷ.

2371 1814 2482 1868 Καὶ
2509 1812 2669 1866 τοῦτο
2697 1813 2934 1882 δέδειχεν
2964 1815 2992 1865 ό
3022 1812 3147 1875 Υἱὸς
3178 1814 3534 1882 καταργήσας
3562 1811 3658 1863 τὸν
3693 1812 3946 1872 θάνατον,

687 1895 886 1966 Filius,
915 1915 1036 1955 cum
1088 1904 1276 1958 mortis
1309 1905 1534 1975 imperio
1565 1907 1819 1962 demolito
1845 1949 1859 1972 ,
1911 1926 2065 1963 suum
2093 1912 2252 1979 ipsius

2369 1907 2461 1957 καὶ
2490 1905 2805 1974 ἀναστήσας
2831 1904 2895 1955 ἐκ
2923 1903 3133 1976 νεκρῶν
3175 1905 3265 1955 τὸν
3295 1903 3488 1956 ἑαυτοῦ
3531 1903 3683 1956 ναόν.
3724 1904 3948 1970 Δέχεται

688 1989 942 2057 templum
1006 2005 1034 2044 a
1093 1993 1316 2047 mortuis
1361 1996 1736 2051 exsuscitavit.
1782 1998 2264 2053 Vcrumeutim-ero

685 2077 813 2134 licet
863 2091 921 2135 ut
979 2081 1138 2136 homo
1164 2082 1253 2149 jus
1315 2094 1747 2155 potestatemque
1790 2089 1848 2146 in
1892 2105 2079 2143 omnes
2106 2106 2263 2145 acce-

686 2171 833 2239 pisse
887 2173 1272 2239 perhibeatur,
1344 2185 1402 2229 ut
1451 2176 1589 2231 Deus
1632 2188 1807 2232 tamen
1858 2181 2127 2236 universis
2179 2197 2262 2234 re-

687 2278 804 2315 rutn
847 2264 1054 2320 naturis
1105 2266 1354 2322 absolute
1396 2269 1797 2324 dominabatur.
1833 2270 1993 2325 Pater
2047 2287 2258 2325 rursum

683 2353 749 2407 iis
798 2354 887 2421 qui
927 2354 1063 2410 Filio
1096 2355 1206 2410 dati
1252 2367 1381 2412 sunt
1408 2360 1572 2413 vitam
1605 2369 1858 2414 a-teruam
1913 2365 2257 2430 itupertitur:

681 2451 738 2495 at
789 2442 876 2495 ille
927 2443 1138 2498 interim
1164 2454 1246 2500 est
1298 2447 1384 2499 illa
1426 2449 1656 2516 ipsumet
1687 2450 1814 2503 vita.
1848 2451 2008 2519 17o
2055 2470 2072 2499 ι
2111 2453 2218 2520 Ego
2243 2491 2256 2514 ,

681 2532 899 2601 inquit,
948 2548 1067 2587 sum
1125 2537 1455 2590 resurrectio
1509 2547 1562 2591 et
1609 2539 1846 2591 vita”.i
1900 2542 2078 2605 Quare
2135 2541 2261 2593 tiret

681 2622 908 2691 gloriam
951 2633 1005 2678 et
1047 2640 1267 2692 regnum
1298 2666 1313 2690 ,
1345 2638 1398 2681 et
1428 2642 1589 2696 super
1639 2645 1825 2683 omnes
1859 2642 1911 2683 et
1952 2635 2132 2685 omnia
2165 2649 2258 2699 po-

682 2724 931 2770 testatem
965 2718 1238 2786 accepisse
1289 2719 1545 2783 dicatur;
1597 2721 1695 2776 hoc
1743 2730 1919 2775 tamen
1975 2724 2038 2775 ad
2076 2724 2256 2776 incar-

678 2809 913 2864 nationis
960 2810 1322 2866 conditionem
1365 2824 1449 2869 est
1510 2816 1873 2870 retcrcnduin.
1909 2817 2127 2870 Certum
2175 2829 2278 2871 est,

676 2900 821 2954 enim
879 2899 1104 2966 Filium,
1137 2911 1192 2956 ut
1254 2902 1393 2958 Deus
1421 2916 1543 2970 est,
1597 2915 1651 2958 ct
1701 2905 1882 2976 gloria:
1941 2907 2251 2976 Dominum,

677 2996 734 3041 et
775 2989 962 3042 eadem
1018 3007 1138 3045 cum
1198 2992 1355 3047 Patre
1409 2994 1690 3062 majestate
1759 2996 2038 3060 praeditum
2093 3011 2250 3061 esse;

678 3094 891 3148 neque,
939 3084 1080 3152 quod
1119 3084 1333 3152 quidem
1379 3087 1446 3139 ad
1501 3087 1798 3140 divinitatis
1838 3096 2082 3140 naturam
2131 3102 2252 3154 spe-

675 3179 811 3236 ctat,
845 3170 1019 3228 Patris
1062 3174 1229 3243 gloria
1266 3187 1320 3228 et
1352 3177 1639 3230 eminentia
1682 3178 1786 3228 ulla
1822 3194 1884 3230 ex
1928 3187 2078 3245 parte
2113 3176 2252 3228 iure-

2366 1997 2421 2049 δὲ
2458 1997 2557 2066 τὴν
2594 1996 2738 2048 κατὰ
2773 1995 2990 2047 πάντων
3019 1994 3304 2058 ἐξουσίαν,
3347 1995 3467 2048 καθ’
3501 1996 3651 2064 ἡμᾶς
3683 1993 3752 2061 δὴ
3789 1992 3946 2044 πάλιν

2369 2085 2460 2137 Kal.
2484 2083 2838 2154 ἀνθρωπίνως
2855 2097 2866 2110 ·
2889 2083 3064 2135 καίτοι
3096 2083 3397 2153 βασιλεύων
3429 2084 3537 2134 τῶν
3557 2083 3698 2134 ὅλων
3727 2080 3944 2141 θεῐκῶς.

2367 2177 2475 2229 Καὶ
2507 2177 2682 2246 ἐνίησι
2737 2176 2833 2244 μὲν
2866 2177 2894 2226 ὁ
2940 2175 3129 2245 Πατὴρ
3161 2178 3273 2237 τοῖς
3327 2175 3526 2228 δοθεῖσι
3568 2172 3651 2242 τῷ
3683 2173 3802 2240 Υεῷ
3851 2172 3944 2239 τὴν

2365 2264 2508 2333 ζωὴν
2539 2264 2640 2332 τὴν
2670 2263 2917 2316 αἰώνιον·
2962 2263 3100 2334 αὔτη
3139 2264 3198 2316 δέ
3241 2263 3390 2315 ἐστιν
3429 2261 3591 2325 αὑτός
3619 2279 3632 2291 ·
3669 2261 3779 2330 ἔφη
3808 2262 3942 2328 γάρ’

2369 2373 2386 2404 ι
2446 2354 2586 2421 Ἐγώ
2616 2356 2732 2423 εἰμι
2761 2356 2794 2424 ἡ
2825 2355 3119 2418 ἀνάστασις
3147 2358 3241 2408 καὶ
3275 2357 3307 2426 ἡ
3342 2355 3475 2423 ζωή.
3507 2371 3524 2404 ι
3578 2352 3800 2405 Οὐκοῦν
3845 2353 3945 2404 κᾶν

2361 2447 2409 2497 εἰ
2441 2446 2650 2512 λέγοιτο
2692 2446 2873 2498 λαϐεῖν
2908 2447 3056 2517 παρὰ
3091 2447 3184 2498 τοῦ
3231 2446 3443 2514 Πατρός
3488 2443 3648 2511 δόξαν
3701 2444 3800 2494 καὶ
3849 2442 3943 2508 τὴν

2362 2537 2503 2589 κατὰ
2537 2537 2752 2587 πάντων
2793 2537 3041 2600 ἐξουσίαν
3066 2553 3124 2588 τε
3164 2537 3257 2588 καὶ
3305 2535 3604 2605 βασιλείαν,
3649 2534 3942 2586 ἀναθετέον

2364 2629 2461 2695 μὲν
2491 2626 2552 2678 τὸ
2600 2625 2785 2677 λαϐεῖν
2820 2629 2932 2687 τοῖς
2969 2627 3065 2693 τῆς
3113 2625 3398 2689 κενώσεως
3440 2626 3687 2695 μέτροις.
3749 2627 3941 2676 ἰστέον

2358 2717 2441 2781 δὲ,
2469 2717 2550 2769 ὃτι
2578 2718 2672 2769 καὶ
2712 2717 2807 2786 τῆς
2838 2716 2994 2786 δόξης
3025 2717 3141 2768 ἐστὶ
3170 2716 3372 2789 Κύριος
3399 2716 3473 2778 ὡς
3498 2717 3654 2779 Θεὸς,
3691 2718 3790 2769 καὶ
3823 2716 3940 2768 σύν-

2359 2810 2547 2880 θρονος
2572 2809 2650 2878 τῷ
2683 2808 2856 2878 Πατρὶ
2882 2809 2974 2860 καὶ
3001 2809 3120 2862 κατ’
3143 2809 3334 2860 οὐδένα
3357 2808 3556 2879 τρόπον
3586 2808 3939 2877 μειονεκτού-

2363 2918 2525 2970 μενος
2549 2900 2648 2968 τῆς
2669 2898 2762 2951 τοῦ
2788 2899 3036 2960 τεκόντος
3065 2898 3226 2952 αὐτὸν
3247 2899 3520 2970 ὑπεροχῆς
3551 2916 3608 2950 τε
3643 2899 3734 2950 καθ
3761 2897 3937 2966 δόξῃς,

2355 2995 2414 3046 τό
2459 3010 2522 3060 γε
2560 2988 2694 3062 ἦκον
2739 2994 2818 3054 εἰς
2856 2995 2955 3060 τὴν
2988 2991 3087 3060 τῆς
3127 2989 3380 3061 θεότητος
3425 2993 3612 3060 φύσιν.
3669 2990 3936 3058 Ἐσόμεοα

2357 3082 2468 3150 γὰρ
2499 3081 2673 3144 οὕτως
2707 3080 2973 3144 εὐσεϐεῖς,
3018 3083 3446 3150 περιτρέποντες
3500 3083 3609 3133 πᾶν
3643 3081 3825 3148 νόημα
3862 3083 3936 3140 εἰς

2355 3172 2452 3241 τὴν
2486 3173 2734 3239 ὑπακοὴν
2778 3171 2967 3230 αὑτοῦ,
3015 3171 3108 3222 καὶ
3165 3172 3462 3240 λογισμοὺς
3513 3172 3934 3240 καθαιρούντες,

678 3263 874 3317 riorem
909 3279 1049 3320 esse.
1104 3265 1184 3318 Ad
1220 3266 1361 3320 hunc
1431 3267 1613 3335 itaque
1662 3269 1876 3320 modum
1916 3268 2247 3335 comparati,

2361 3280 2378 3313 ι
2415 3263 2507 3312 καὶ
2535 3262 2642 3312 πᾶν
2690 3259 2888 3328 ὕψωμα
2928 3261 3288 3330 ἐπαιρόμενον
3342 3264 3484 3314 κατὰ
3537 3260 3640 3328 τῆς
3673 3260 3926 3328 γνώσεως

675 3365 731 3407 ct
779 3355 848 3423 pii
878 3355 1081 3409 erimus
1110 3394 1125 3418 ,
1174 3367 1229 3411 et
1261 3372 1474 3412 onmem
1529 3357 1857 3412 intellectum
1924 3359 1978 3410 in
2047 3358 2247 3411 Christi

2355 3352 2541 3407 αὐτοῦ.
2576 3375 2593 3402 ι

672 3443 990 3512 obsequium
1039 3454 1458 3510 convertentes,
1507 3456 1561 3500 ct
1602 3461 1793 3501 omnes
1845 3447 2242 3516 cogitationes,
2293 3465 2312 3496 ι
2349 3459 2671 3512 omnemque
2711 3441 3047 3494 altitudinem
3095 3453 3282 3496 contra
3353 3444 3446 3499 Dei
3496 3446 3786 3500 scientiam
3817 3461 3930 3499 sese

672 3534 1018 3590 extollentem
1064 3546 1368 3593 everteutes
1388 3539 1477 3592 ¹⁸⁶.
1504 3555 1522 3588 ι

743 3628 856 3682 L.c
893 3631 1122 3683 Dextera
1173 3630 1337 3700 igitur
1393 3630 1487 3686 Dei
1543 3632 1837 3687 exaltatus.
1903 3641 1959 3688 et
2011 3649 2246 3704 pronus-

673 3720 882 3774 sionem
936 3720 1169 3791 Spiritus
1217 3722 1392 3776 sancti
1430 3725 1702 3795 accipiens
1740 3741 1766 3777 a
1817 3725 2006 3789 Patre,
2059 3727 2246 3784 etl'udit

673 3813 777 3867 hoc
805 3852 821 3877 ,
859 3817 1004 3882 quod
1047 3828 1142 3882 vos
1174 3816 1369 3870 videtis
1401 3827 1455 3869 et
1500 3819 1719 3871 auditis.
1769 3818 1884 3872 Non
1935 3820 2078 3872 enim
2132 3821 2238 3872 Da-

674 3906 762 3959 vid
801 3907 1044 3969 ascendit
1086 3909 1137 3960 in
1187 3908 1428 3971 cmlum;
1490 3910 1618 3962 dicit
1657 3921 1832 3963 autem
1886 3911 1997 3977 ipse
2033 3930 2047 3965 :
2100 3912 2242 3965 Dixit

672 3994 927 4051 Dominus
963 3998 1188 4052 Domino
1237 4013 1358 4052 meo
1396 4000 1579 4053 :Sede
1617 4016 1644 4052 a
1702 4001 1905 4054 dextris
1943 4003 2076 4056 meis
2099 4041 2114 4065 ,
2146 4004 2238 4056 do-

670 4103 770 4140 nec
831 4103 1026 4156 ponam
1082 4089 1332 4144 inimicos
1379 4099 1497 4144 tuos
1547 4092 1837 4144 scabellum
1890 4093 2081 4160 pedum
2125 4104 2244 4148 tuo-

669 4193 787 4231 rum
811 4177 914 4232 ⁸⁸.»
978 4178 1298 4234 Universum
1359 4181 1625 4236 incarnati
1675 4181 1834 4237 Verbi
1923 4187 2240 4254 mysterium

666 4285 732 4324 ex
792 4269 876 4323 his
939 4272 1246 4340 perspicere
1303 4272 1450 4326 licet.
1491 4273 1702 4326 Etenim
1756 4275 2099 4343 omnipotens
2152 4278 2243 4330 illa

663 4362 907 4426 dextera,
939 4364 1289 4432 omniumque
1344 4364 1525 4432 Opifex
1559 4380 1773 4429 manus,
1837 4365 1978 4421 Deus
2009 4367 2241 4422 Verbum

2423 3632 2506 3687 N'.
2543 3650 2560 3682 ι
2602 3631 2681 3700 Τῇ
2713 3626 2862 3697 δεξιᾷ
2882 3621 2978 3680 οὖν
3002 3624 3095 3679 τοῦ
3126 3625 3262 3680 Θεοῦ
3286 3627 3542 3698 ὑψωθεὶς,
3566 3631 3667 3700 τήν
3686 3647 3743 3682 τε
3766 3632 3928 3697 ἐπαγ-

2351 3721 2537 3788 γελίαν
2553 3721 2646 3775 τοῦ
2682 3712 2840 3788 ἁγίου
2867 3719 3004 3771 Πνεύ
3016 3735 3184 3788 ματος
3197 3719 3375 3772 λαϐὼν
3403 3721 3552 3791 παρὰ
3577 3722 3671 3774 τοῦ
3697 3723 3922 3790 Πατρὸς,

2350 3813 2532 3882 ἐξέχεε
2571 3814 2753 3876 τοῦτο,
2785 3812 2812 3864 δ
2845 3813 3000 3881 ὑμεῖς
3032 3810 3260 3879 βλέπετε
3294 3811 3388 3864 καὶ
3418 3813 3667 3864 ἀκούετε.
3711 3812 3788 3883 Oti
3817 3815 3920 3881 γὰρ

2348 3905 2509 3956 Δαυῒδ
2540 3905 2705 3974 ἀνέϐη
2745 3905 2824 3966 εις
2851 3904 2941 3956 τὸν
2971 3903 3198 3973 οὐρανόν
3221 3920 3234 3932 °
3277 3901 3424 3971 λέγει
3453 3905 3508 3957 δὲ
3529 3902 3920 3974 αὐτόςῖῇΕἶπεν

2346 3995 2373 4046 ὁ
2406 3995 2609 4065 Κύριος
2635 3995 2712 4064 τῷ
2745 3995 2933 4064 Κυρίω
2968 4011 3099 4063 μου·
3131 3993 3314 4046 Κάθου
3340 3997 3403 4046 ὲκ
3431 3995 3624 4059 δεξιῶν
3665 4014 3790 4066 μου,
3822 3998 3922 4059 ἕως

2346 4087 2412 4138 ἂν
2448 4084 2525 4138 Θῶ
2545 4086 2672 4148 τοὺς
2701 4085 2929 4155 ἐχθρούς
2957 4102 3050 4137 σου
3088 4086 3377 4139 ὑποπόδιον
3399 4087 3510 4139 τῶν
3544 4087 3724 4139 ποδῶν
3751 4105 3863 4139 σου.
3897 4108 3915 4138 ι

2349 4179 2511 4230 Ὄλον
2540 4180 2596 4229 ἐν
2634 4179 2846 4240 τούτοις
2873 4176 3324 4247 καταθρήσαιμεν
3348 4177 3413 4230 ἂν
3438 4177 3537 4248 τῆς
3573 4177 3921 4247 ἐνανθρωπήο

2349 4286 2487 4331 σεως
2514 4268 2608 4321 τοῦ
2641 4270 2979 4338 Μονογενούς
3003 4270 3067 4322 τὸ
3113 4271 3432 4340 μυστήριον.
3486 4270 3572 4322 Ἐν
3601 4275 3784 4340 μορφῇ
3816 4273 3920 4340 γὰρ

2347 4359 2608 4427 ὑπάρχων
2654 4360 2749 4412 καὶ
2799 4362 3004 4430 ἰσότητι
3054 4358 3146 4413 τοῦ
3180 4361 3394 4429 Πατρός
3422 4363 3450 4414 ὁ
3497 4362 3554 4427 ἐξ
3587 4361 3751 4412 αὑτοῦ
3791 4362 3918 4425 Θεὸς

665 4453 718 4507 in
762 4452 938 4506 Patris
969 4451 1139 4506 forma
1175 4465 1230 4507 et
1270 4456 1573 4525 :nqualitate
1618 4472 1737 4509 cum
1780 4467 1923 4511 esset
1956 4496 1971 4518 ,
2024 4469 2240 4527 propter

2359 4449 2541 4516 λόγος,
2574 4451 2607 4518 ἡ
2637 4453 2940 4522 πανσθενὴς
2959 4451 3130 4517 δεξιὰ,
3147 4452 3240 4505 καὶ
3266 4453 3390 4522 χεὶρ
3416 4455 3446 4522 ή
3470 4455 3848 4524 παντουργιχὴ
3869 4455 3917 4516 ll,

664 4545 956 4597 humanam
1015 4552 1262 4596 naturam
1319 4547 1648 4610 exinanitus,
1696 4560 1748 4600 ct
1791 4547 2057 4601 exaltatus
2102 4563 2238 4616 pra:-

660 4635 873 4688 olicallll‘
891 4635 977 4686 ":
1034 4647 1138 4686 non
1183 4634 1323 4699 quod
1367 4635 1416 4686 in
1456 4637 1676 4703 gloriam
1725 4648 2038 4691 extraneum
2069 4677 2084 4702 ,
2135 4638 2236 4692 hoc

661 4733 780 4788 est,
819 4725 870 4776 in
934 4737 1054 4778 eam
1135 4737 1295 4789 quam
1355 4722 1478 4775 olim
1537 4728 1850 4779 naturaliter
1896 4745 1998 4781 non
2059 4729 2233 4797 possi-

660 4816 832 4877 deret,
863 4825 1085 4869 evectus
1138 4811 1242 4877 sit,
1279 4811 1370 4865 sed
1401 4815 1540 4880 quod
1584 4817 1649 4867 ad
1709 4820 1975 4885 propriam
2017 4829 2236 4872 natura-

662 4909 892 4976 literque
940 4908 1046 4962 sibi
1083 4907 1302 4961 insitam
1350 4916 1405 4960 et
1438 4905 1802 4975 ingeneratam
1840 4911 2077 4963 redierit.
2121 4913 2231 4965 llo-

663 5018 750 5053 ιιιι)
780 5002 962 5069 itaque
993 5002 1184 5065 lactus,
1209 4997 1478 5054 exaltatus
1508 5009 1590 5050 est
1617 4998 1910 5050 secundum
1945 4998 2231 5053 humanam

663 5099 907 5142 naturam
939 5129 954 5154 ,
997 5092 1203 5145 tametsi
1274 5089 1568 5145 secundum
1609 5097 1852 5138 naturam
1904 5101 2116 5155 semper
2154 5097 2234 5141 est

663 5178 978 5233 altissimus.
1033 5179 1097 5232 Et
1127 5181 1269 5235 hunc
1317 5195 1437 5236 esse
1481 5179 1719 5234 arbitror
1762 5179 1974 5231 modum
2009 5188 2232 5242 natum,

661 5280 716 5323 ιιι
759 5286 922 5339 quam
969 5284 1225 5323 vocamus
1264 5272 1704 5325 cxiuanitiourm.
1748 5269 1884 5322 Deus
1916 5267 2096 5336 itaque
2140 5269 2234 5322 ho-

664 5378 751 5416 mo
777 5365 976 5426 factus,
1010 5361 1133 5415 licet
1174 5362 1273 5414 hoc
1319 5363 1487 5429 ipsum
1513 5363 1684 5416 solum
1715 5361 1857 5432 quod
1888 5361 2232 5421 cernebatur,

735 5521 780 5550 ²’
815 5518 830 5572 Ι
862 5516 1016 5573 Juatt.
1051 5533 1107 5580 ll,
1143 5517 1190 5579 1,
1223 5517 1276 5570 ‘2.
1357 5516 1399 5544 ²³
1425 5515 1576 5568 Joan.
1606 5517 1776 5580 ",23.

1853 5518 1918 5548 ²³⁶
1951 5513 1990 5569 ll
2018 5515 2142 5570 Cor.
2176 5530 2228 5580 κ,
2255 5515 2310 5566 :2.

2344 4541 2679 4594 κεκενῶσθαι
2714 4541 2813 4609 μὲν
2842 4541 3059 4609 λέγεται
3087 4542 3173 4596 διὰ
3201 4545 3261 4596 τὸ
3289 4541 3629 4613 ἀνθρώπινον
3648 4559 3662 4571 ο
3690 4543 3917 4612 ὑψοῦται

2341 4632 2396 4685 δὲ
2425 4632 2610 4696 πάλιν,
2648 4631 2748 4684 οὐκ
2781 4633 2861 4693 εἰς
2885 4631 3088 4684 ὀθνεῖον
3122 4633 3338 4702 ἀξίωμα
3371 4635 3465 4686 καὶ
3493 4635 3552 4687 ού
3589 4635 3760 4689 πάλαι
3785 4653 3917 4707 προ-

2343 4723 2584 4792 πεφυκὸς
2616 4721 2762 4790 αὐτῷ
2794 4720 3102 4784 διαϐαίνων,
3144 4723 3261 4775 ἀλλ’
3311 4726 3390 4786 εἰς
3435 4725 3678 4794 ἔμφυτόν
3722 4745 3781 4779 τε
3827 4727 3917 4779 καὶ

2341 4818 2439 4887 τὴν
2473 4815 2699 4868 ἐνοῦσαν
2733 4814 2820 4866 ἀεὶ
2853 4813 3010 4877 δόξαν
3034 4831 3093 4866 τε
3125 4814 3262 4884 ὁμοῦ
3291 4817 3385 4868 καὶ
3412 4817 3690 4887 ὑπεροχὴν
3725 4820 3916 4871 ὑπονο-

2342 4908 2502 4960 στῶν.
2539 4903 2808 4974 ’Υψοῦται
2831 4905 2940 4978 γὰρ
2971 4905 3351 4977 ἀνθρωπίνως,
3375 4907 3553 4960 καίτοι
3585 4911 3730 4962 κατὰ
3758 4908 3914 4976 φύσιν

2339 4999 2562 5067 ὕψιστος
2593 4997 2667 5050 ὢν
2699 4997 2805 5051 ἀεί.
2851 4999 3045 5066 Γέγονε
3096 5000 3205 5069 γὰρ
3246 4998 3551 5068 ἄνθρωπος,
3597 4999 3690 5051 καὶ
3736 4996 3912 5059 τοῦτο,

2339 5086 2511 5159 οἶμαι,
2559 5089 2675 5141 ἐστὶ
2711 5088 2772 5140 τὸ
2799 5088 2898 5160 τῆς
2941 5089 3153 5157 φύσεως
3187 5089 3406 5156 μέτρον,
3437 5088 3528 5140 καὶ
3566 5088 3599 5154 ἡ
3647 5085 3912 5154 λεγομένη

2341 5181 2590 5242 κένωσις.
2648 5180 2716 5232 ’Ὀ
2754 5196 2819 5247 γε
2881 5182 2987 5250 μὴν
3028 5178 3460 5248 ὲνανθρωπήσας
3509 5177 3678 5241 Θεὸς,
3737 5175 3908 5229 καίτοι

2341 5268 2615 5342 νομισθεὶς
2655 5273 2806 5326 οὐδὲν
2829 5274 3016 5342 ἕτερον
3047 5267 3207 5334 εἷναι,
3246 5270 3385 5340 πλὴν
3405 5272 3487 5325 ὅτι
3519 5271 3682 5341 μόνον
3703 5270 3910 5340 ἄνθρω-

2343 5381 2460 5425 πνς,
2493 5364 2622 5416 αὐτὸ
2642 5363 2707 5416 δτι
2733 5367 2883 5417 τουτὶ
2910 5364 2968 5416 τὸ
2993 5362 3320 5434 ὁρώμενον,ι
3350 5364 3631 5436 ἐκηρύχθη
3663 5365 3722 5416 ὲν
3750 5363 3896 5416 ἔθνε-

2705 5522 2770 5536 --
2807 5520 2872 5536 μοι·

2387 5515 2428 5546 ’³
2463 5518 2579 5571 Act.
2611 5536 2675 5586 ιι,
2705 5520 2904 5587 53-55;
2942 5519 3083 5576 Psal.
3107 5535 3218 5586 clx,
3254 5519 3304 5574 l.
3383 5521 3427 5551 ³⁵
3455 5519 3684 5589 Philipp.
3719 5518 3860 5586 ",7.

1757 5672 1924 5733 Varia:
1961 5673 2217 5729 lectiones
2254 5670 2456 5726 codicis
2488 5672 2841 5742 Seguieriani.

742 5822 763 5859 h
801 5811 1038 5881 ἀληθινὴ.
