4122 6474
170 404 319 462 {405

991 408 1080 463 AD
1124 409 1426 466 REGINAS
1462 411 1549 464 DE
1591 411 1822 468 llECTA
1863 412 2018 468 FIDE
2057 409 2320 467 ORATIO
2359 411 2665 466 ALTERA.

3300 414 3441 472 “06

169 551 282 595 σιν,
309 533 603 605 ἐπιστεύθη
633 536 689 587 ἐν
721 534 930 604 κόσμῳ,
958 553 974 584 ι
1003 535 1294 604 τετίμηται
1319 534 1374 586 δὲ
1392 534 1485 586 καὶ
1511 534 1587 599 ὡς
1618 535 1742 598 Υἱὸς
1775 588 1777 596 λ

1853 537 1954 590 Ιιοε
2001 543 2124 600 εει,
2186 550 2355 602 purus
2411 534 2573 587 homo
2647 545 2766 586 esse
2842 538 3159 600 putaretur,
3200 534 3441 600 «praedi-

163 624 390 693 ἀληθῶς
410 625 505 678 τοῦ
533 626 669 685 Θεοῦ
694 626 790 677 καὶ
824 627 1055 696 Πατρδς,
1099 627 1191 679 καὶ
1221 626 1317 694 τῆς
1353 626 1616 679 ἀνωτάτω
1651 645 1747 680 πα-

165 714 281 768 σῶν
329 717 579 780 εὐκλείας
627 717 924 786 ἀνεδήσατο
954 719 1019 770 τὰ
1069 718 1387 786 αὐχήματα,
1424 717 1556 779 Θεὸς
1607 715 1746 771 εἶναι

162 807 621 877 πεπιστευμένος.
676 807 786 860 Καὶ
818 809 917 860 οὐκ
944 806 1214 875 ἀσύνηθες
1255 807 1403 878 αὐτῷ
1455 809 1515 861 τὸ
1561 811 1748 882 χρῆμά

162 899 318 950 ἐστιν
339 915 353 929 ο
386 898 587 967 ἀληθὲς
615 899 672 953 δὲ
710 900 909 969 μᾶλλον
953 895 1092 951 εἷναί
1122 916 1302 969 φαμεν
1352 900 1414 953 τὸ
1459 902 1748 972 ὑφειμένον

160 990 227 1040 ἐν
258 988 664 1061 ἀνθρωπότητι,
705 994 797 1044 καὶ
824 993 883 1044 τὸ
905 990 1169 1060 ὑψοῦσθαι
1191 992 1388 1058 δοκεῖν,
1417 995 1601 1047 καίτοι
1627 999 1748 1058 ταῖς

158 1083 245 1141 είς
283 1080 436 1148 λῆξιν
477 1081 851 1152 διαπρέποντα
874 1081 1076 1146 δόξαις.
1123 1081 1342 1154 Ἐπειδὴ
1366 1083 1418 1136 δὲ
1446 1086 1510 1153 τῇ
1535 1083 1747 1154 ἀνθρώ-

157 1186 269 1221 που
306 1169 489 1238 φύσει,
513 1175 608 1229 καὶ
640 1176 859 1246 μέτροις
886 1177 998 1237 τοῖς
1023 1175 1145 1228 καθ’
1183 1175 1358 1245 ἡμᾶς,
1387 1173 1569 1227 πάντα
1599 1174 1749 1227 ἐστὶν

155 1261 370 1314 ἄνωθεν
390 1263 487 1316 καὶ
523 1266 672 1334 παρά
703 1264 863 1327 Θεοῦ,
901 1263 1074 1335 ταύτῃ
1099 1281 1180 1317 τοι
1219 1263 1314 1317 καὶ
1347 1263 1492 1334 μάλα
1521 1264 1748 1327 εἰκότως

155 1351 230 1418 τῇ
263 1350 412 1424 δεξιᾷ
440 1354 535 1408 τοῦ
577 1354 791 1425 Πατρὸς
823 1355 1090 1424 ύψοῦσθαι
1129 1356 1366 1423 λέγεται,
1407 1355 1585 1408 καίτοι
1628 1356 1745 1424 χεὶρ

157 1438 426 1510 ὑπάρχων
459 1442 644 1506 αὐτὸς,
693 1444 788 1495 καὶ
815 1445 848 1512 ἡ
882 1444 992 1496 τῶν
1020 1443 1157 1496 ὅλων
1201 1445 1534 1513 δημιουργὸς
1572 1444 1742 1508 δεξιά.

164 1529 360 1600 Ἀθρει
395 1531 452 1584 δέ
499 1549 589 1601 μοι
625 1533 788 1586 πάλιν
817 1535 909 1586 τὸν
940 1533 1145 1606 Κύριον
1184 1535 1340 1604 ἡμῶν
1390 1534 1599 1602 Ἰησοῦν
1655 1534 1744 1586 τὸν

155 1621 398 1690 Χριστὸν
427 1623 783 1693 ἀνθρωπίνως
809 1626 906 1696 μὲν
934 1627 995 1679 τὸ
1024 1625 1250 1696 Πνεῦμα
1276 1625 1585 1695 δεχόμενον,
1609 1627 1746 1693 πλη·

161 1713 360 1783 ρσῦντα
391 1715 450 1768 δὲ
493 1715 695 1780 θεῖκῶς
733 1719 834 1787 τὴν
867 1718 1199 1786 ἐπαγγελίαν
1244 1717 1335 1771 τοῦ
1373 1717 1606 1790 Πατρὸς,
1655 1717 1745 1772 διὰ

155 1804 258 1856 τοῦ
305 1808 417 1869 τοῖς
451 1807 801 1861 πιστεύουσιν
834 1809 1036 1861 ὲνιέναι
1063 1810 1124 1861 τ),
1154 1808 1391 1879 πνεῦμα,
1423 1810 1517 1863 καὶ
1545 1809 1641 1879 οὐχ
1668 1810 1743 1873 ὡς

1849 636 2006 680 catus
2029 633 2113 679 est
2137 634 2314 679 tamen
2350 626 2402 679 in
2431 626 2713 694 gentibus:
2741 624 2980 677 creditus
3010 631 3092 677 est
3122 622 3172 676 in
3206 625 3430 690 mundo,

1852 718 2152 772 honoratus
2189 727 2272 772 est
2295 717 2361 783 ",
2384 735 2402 767 ι
2458 727 2516 770 ιιι
2556 731 2717 770 verus
2756 716 2845 769 Dei
2888 713 3066 769 Patris
3103 714 3271 769 Filius
3296 760 3309 779 ,
3343 717 3437 772 dc-

1849 809 2013 877 nique
2050 821 2262 865 summa
2302 809 2471 877 gloria
2511 820 2832 875 summaque
2859 807 3121 872 dignitate
3167 808 3435 862 condeco-

1850 910 2000 954 ratus
2039 908 2144 964 est,
2178 909 2361 968 utpote
2411 898 2548 952 Deus
2585 907 2732 952 esset
2803 899 3061 952 creditus.
3131 895 3315 966 Neque
3372 912 3436 953 ea

1851 1005 1939 1044 res
1980 989 2241 1043 inusitata
2293 989 2343 1043 ei
2402 998 2509 1042 est.
2560 989 2753 1042 Veram
2813 1004 3046 1056 namque
3089 989 3140 1042 in
3201 990 3433 1042 humana

1851 1090 2040 1136 natura
2073 1081 2471 1144 humilitatem,
2516 1095 2699 1134 veram
2735 1094 2952 1134 rursum
3009 1082 3061 1134 in
3107 1081 3434 1138 exultatione

1849 1172 2236 1228 sublimitatem
2267 1172 2610 1242 agnoscimus
2633 1211 2648 1236 ,
2692 1171 2817 1225 licet
2849 1187 2942 1225 sua
2989 1173 3104 1239 ipse
3139 1171 3312 1241 gloria
3339 1187 3433 1225 eo.

1849 1272 2116 1318 ruscaret.
2164 1263 2427 1329 Quoniam
2466 1277 2595 1315 vero
2669 1261 2921 1316 humana:
2960 1273 3199 1325 naturae,
3253 1264 3434 1315 huma-

1847 1366 2038 1420 naeque
2068 1350 2396 1405 conditionis
2439 1357 2493 1402 et
2531 1347 2745 1402 modulo
2805 1349 2986 1402 omnia
3042 1349 3256 1400 coalitus
3304 1356 3358 1399 et
3405 1361 3432 1398 a

1847 1442 1956 1497 Deo
1990 1444 2318 1509 obveniant;
2365 1443 2484 1494 ideo
2539 1439 2750 1503 Filius,
2799 1455 3106 1508 quanquam
3155 1440 3200 1493 is
3247 1454 3434 1493 secun-

1846 1536 1971 1587 dum
2001 1553 2060 1591 se.
2088 1550 2280 1589 manus
2313 1537 2533 1588 dextera
2564 1543 2618 1586 ct
2655 1533 2896 1586 omnium
2929 1532 3108 1601 Opilex
3143 1532 3243 1594 sit,
3273 1531 3427 1599 1³11

1845 1635 1944 1688 per
1970 1620 2148 1674 Patris
2179 1621 2455 1675 dexteram
2494 1620 2614 1689 jure
2654 1621 2846 1672 merito
2893 1619 3162 1672 exaltatus
3200 1618 3431 1671 dicitur.

1846 1711 2084 1768 Observa
2159 1712 2245 1767 hic
2304 1727 2517 1766 rursum
2601 1710 2889 1764 Dominum
2959 1722 3201 1764 nostrum
3249 1709 3430 1764 Jesnm

1850 1804 2130 1860 Christum
2184 1806 2484 1859 secundum
2555 1805 2844 1858 humanam
2897 1804 3113 1871 quidem
3182 1813 3437 1857 naturam

157 1896 466 1968 ἀλλότριον,
512 1899 627 1953 ἀλλ’
662 1899 738 1963 ὡς
771 1899 902 1954 ἴδιον
937 1900 1123 1955 αὐτοῦ.
1179 1903 1323 1970 Ἔφη
1369 1901 1468 1971 μὲν
1497 1904 1606 1974 γάρ
1635 1920 1737 1956 που
1771 1893 1777 1941 ί

1847 1894 2106 1965 Spiritum
2169 1896 2451 1963 accipere,
2511 1895 2806 1949 secundum
2862 1895 3108 1947 divinam
3147 1908 3272 1948 vero
3329 1894 3434 1948 hoc

152 1985 294 2051 Θεὸς
311 1989 509 2052 δι’ἑνὸς
538 1990 647 2043 τῶν
674 1991 845 2059 ἁγίων
867 1993 1183 2064 προφητῶν,
1207 1994 1289 2048 ὅτι
1324 2010 1342 2044 ι
1389 1994 1598 2063 Ἐκχεῶ
1629 1995 1736 2048 ἀπὸ

155 2077 259 2130 τοῦ
284 2081 601 2152 Πνεύματός
633 2100 735 2151 μου
771 2085 864 2136 ἐπὶ
906 2087 1088 2139 πᾶσαν
1130 2087 1328 2156 σάρκα.
1367 2103 1387 2137 ι
1433 2085 1638 2156 Πληροί
1669 2086 1737 2139 ’δὲ

154 2171 323 2226 ’τοῦτο
349 2174 602 2245 Χριστὸς,
647 2175 722 2239 ὡς
754 2175 881 2230 ῐδιον
908 2177 1071 2241 ἐνιεὶς
1111 2179 1224 2240 τοῖς
1271 2178 1630 2246 κεκλημένοις
1675 2178 1737 2231 τὸ

157 2261 410 2334 Πνεῦμα.
435 2265 630 2319 Καίτοι
648 2267 707 2319 τὸ
728 2266 990 2336 μετόχους
1015 2267 1301 2320 ἀποτελεῖν
1320 2266 1578 2320 δύνασθαί
1596 2284 1744 2331 τινας

155 2354 260 2406 τοῦ
290 2356 446 2422 ἁγίου
485 2356 829 2426 Πνεύματος,
857 2358 1058 2427 πρέποι
1085 2358 1150 2411 ἂν
1192 2360 1292 2412 οὐκ
1321 2358 1591 2430 ἀνθρώπῳ
1644 2377 1743 2414 πο·-

163 2446 287 2509 θὲν,
323 2447 440 2518 Θεῷ
465 2451 522 2502 δὲ
558 2449 760 2519 μᾶλλον
786 2451 866 2520 τῷ
895 2452 1038 2504 κατά
1067 2450 1251 2520 φύσιν.
1294 2453 1631 2522 Ἐνήργηκεν
1651 2449 1744 2504 οῦν

157 2536 233 2588 τὰ
260 2536 352 2589 τοῦ
394 2538 529 2590 Θεοῦ
562 2540 657 2592 καὶ
700 2539 912 2610 Πατρὸς
954 2541 982 2591 ὁ
1029 2540 1178 2607 Υιὶὺς,
1213 2541 1274 2594 τὸ
1316 2542 1540 2610 Πνεῦμα
1572 2541 1746 2603 διδοὺς

158 2627 346 2690 αὑτός.
391 2630 729 2700 ’Λνθρωπίνη
785 2632 966 2685 τοίνυν
1019 2634 1051 2701 ἡ
1101 2631 1285 2702 λῆψις,
1335 2632 1637 2702 θεοπρεπὲς
1686 2631 1744 2684 δὲ

161 2719 260 2771 καὶ
295 2719 435 2790 ὑπὲρ
463 2721 749 2792 ἄνθρωπον
780 2723 840 2776 τὸ
887 2724 944 2789 ἐξ
976 2723 1105 2776 ἰδίου
1140 2723 1511 2794 πληρώματος
1543 2725 1634 2775 καὶ
1665 2724 1745 2784 είς

160 2811 385 2881 ἐτέρους
415 2815 595 2882 ἐκχεῖν
639 2814 738 2884 τὴν
779 2815 871 2868 τοῦ
920 2815 1239 2885 Πνεύματος
1277 2816 1442 2872 δόσιν.
1487 2814 1619 2875 Θεὸς
1652 2807 1744 2865 οὖν

158 2898 274 2968 ἄρα
305 2900 455 2953 ἐστὶν
496 2903 554 2954 ὲν
598 2902 914 2975 ἀνθρωπεία
959 2907 1138 2974 μορφῇ
1173 2902 1430 2973 πεφηνὼς
1481 2905 1508 2956 ὁ
1551 2903 1742 2970 Λόγος,

159 2990 418 3060 σύνεδρός
444 3009 500 3044 τε
531 2993 618 3046 διά
645 2994 802 3048 τοῦτο
835 2995 911 3064 τῷ
939 2994 1056 3064 Θεῷ
1077 2996 1172 3047 καὶ
1203 2995 1394 3065 [ῐατρί.

157 3093 288 3148 est,
318 3082 500 3140 eﬂlcit.
548 3085 854 3140 Humanum
905 3091 1125 3156 proinde
1166 3090 1423 3157 quiddam
1464 3098 1588 3151 εει,

1847 1988 1965 2056 ipso
2014 1986 2195 2042 Patris
2247 1989 2517 2056 promissa
2569 1988 2850 2041 exsolvere
2883 2025 2898 2048 ,
2960 1989 3102 2055 quod
3170 1985 3431 2055 Spiritum

1845 2088 2091 2133 sanetum
2132 2093 2238 2132 non
2297 2088 2553 2146 tanquam
2613 2078 2681 2130 ah
2721 2094 2779 2131 se
2822 2079 3059 2131 alienant
3093 2117 3109 2141 ,
3159 2078 3255 2132 sed
3311 2077 3432 2131 lano

1846 2184 2007 2238 quam
2054 2170 2156 2225 sibi
2188 2171 2468 2238 proprium
2542 2169 2793 2223 tidelihns
2859 2172 3045 2225 mittit.
3107 2171 3246 2224 Dens
3287 2169 3433 2224 enim

1848 2279 1942 2332 per
1974 2264 2265 2332 quemdam
2299 2277 2365 2318 ex
2423 2263 2628 2317 sanctis
2658 2262 2938 2333 prophetis
2982 2263 3178 2317 alicubi
3209 2263 3281 2319 ita
3331 2264 3428 2317 ait:

1856 2371 1875 2404 ι
1919 2354 2203 2409 Ειΐιιηύειιι
2252 2353 2319 2409 de
2368 2354 2576 2425 Spiritu
2645 2369 2778 2408 meo.
2831 2369 2996 2423 super
3044 2369 3262 2409 omnem
3303 2370 3431 2409 car-

1849 2461 1970 2500 nem
1995 2447 2060 2501 ".
2094 2465 2112 2498 ι
2163 2445 2314 2501 lianc
2353 2455 2532 2500 autem
2583 2447 3001 2515 promissionem
3029 2446 3283 2501 Christus
3328 2447 3434 2501 Do-

1849 2539 2028 2591 minus
2073 2547 2291 2606 pra-stat
2320 2579 2334 2602 ,
2381 2547 2502 2591 eum
2538 2537 2799 2606 Spiritum
2835 2547 2892 2590 ut
2942 2538 3218 2606 proprium
3254 2539 3319 2590 ad
3366 2539 3432 2590 lio

1856 2632 1976 2683 rlcm
2055 2631 2260 2684 vocatis
2315 2629 2575 2684 immittit.
2623 2631 2804 2699 Atque
2856 2629 3124 2698 Spiritum
3180 2640 3435 2685 sanctum

1846 2723 2257 2789 quibuscunqne
2322 2721 2530 2773 libitum
2561 2720 2725 2774 fuerit
2760 2734 2920 2790 posse
2954 2720 3217 2789 impertiri
3270 2721 3321 2774 id
3379 2721 3439 2775 in

1849 2812 2122 2866 hominem
2155 2825 2495 2881 nequaquam
2531 2812 2789 2866 convenit
2810 2853 2825 2873 ,
2865 2813 2962 2866 sed
3019 2821 3225 2866 tantum
3258 2812 3311 2866 in
3341 2827 3437 2867 ve-

1851 2917 1970 2957 rum
2029 2902 2440 2970 naturalemque
2502 2901 2693 2956 Deum.
2757 2901 2984 2968 Quando
3025 2902 3192 2971 igitur
3263 2899 3441 2955 Filius

1850 2993 2114 3063 Spiritum
2167 3004 2415 3047 sanctmn
2449 2992 2780 3057 impertivit,
2836 2990 2979 3061 quod
3036 2991 3126 3046 Dei
3159 3000 3215 3046 et
3255 2990 3436 3046 Patris

1664 3086 1930 3155 Spiritum
1986 3086 2295 3154 suscipere;
2330 3085 2570 3140 divinum
2617 3099 2748 3138 vero
2813 3096 2869 3139 et
2923 3098 3087 3151 supra
3131 3082 3432 3147 hominem,

157 3192 228 3230 ex
267 3180 482 3248 propria
536 3179 872 3248 plenitudine
916 3180 1177 3250 Spiritum
1225 3192 1473 3236 sanctum
1517 3184 1569 3236 in
1615 3183 1750 3236 alios
1789 3179 2087 3235 eﬂttndere.
2138 3181 2372 3234 Verbum
2440 3180 2648 3248 itaque,
2687 3180 2828 3248 quod
2871 3178 2923 3232 in
2983 3179 3220 3232 humana
3257 3177 3439 3231 forma

157 3275 442 3341 apparuit,
502 3274 642 3331 Dens
676 3286 800 3332 εει·
848 3279 989 3333 unde
1045 3280 1397 3349 consequitur
1477 3289 1534 3333 ιιι
1577 3276 1818 3347 ejusdem
1857 3293 2074 3349 quoque
2107 3294 2228 3332 cum
2286 3276 2449 3332 Patre
2494 3275 2799 3346 majestatis
2841 3277 2937 3330 sit.

155 3383 301 3452 Περὶ
328 3384 431 3438 τοῦ
456 3386 735 3460 λέγεσθαι
767 3389 1106 3460 ἀναστῆναι
1135 3391 1392 3458 Χριστὸν
1410 3392 1478 3446 ἐκ
1511 3390 1741 3460 νεκρῶν
1770 3385 1777 3423 ⁴

1849 3390 1926 3445 De
1954 3407 2014 3446 eo
2060 3391 2201 3459 quod
2244 3389 2488 3445 Christus
2525 3406 2618 3458 per
2649 3399 2927 3458 paternam
2962 3395 3207 3443 virtutem
3253 3401 3433 3441 resur-

567 3459 637 3510 ἐν
662 3457 909 3527 δυνάμει
943 3459 1048 3512 τοῦ
1077 3457 1326 3530 Πατρός.

237 3566 365 3621 NA'.
421 3569 478 3621 Ὀ
509 3569 796 3634 Θεσπέσιος
832 3573 1036 3641 γράφει
1081 3573 1295 3637 Παῦλος
1329 3576 1457 3645 περὶ
1487 3575 1581 3628 τοῦ
1612 3593 1742 3645 προ-

158 3657 404 3726 πάτορος
448 3659 716 3729 Ἁϐραάμ·
750 3681 768 3711 ι
807 3663 919 3714 Οὐκ
944 3663 1159 3734 ἐγράφη
1188 3665 1245 3719 δὲ
1276 3665 1343 3716 δι’
1370 3667 1532 3719 αὑτὸν
1559 3667 1734 3736 μόνον,

157 3749 246 3799 ὅτι
292 3748 544 3816 ἐλογίσθη
585 3750 732 3819 αὐτῷ
777 3753 808 3820 ἡ
856 3753 1037 3815 πίστις
1079 3757 1159 3818 είς
1191 3755 1571 3828 δικαιοσύνην⁹
1606 3757 1742 3810 ἀλλά

159 3839 259 3893 καὶ
292 3839 360 3891 δι’
386 3842 530 3911 ἡμᾶς
553 3836 677 3906 ,ὀῖς
709 3844 892 3913 μέλλει
920 3844 1227 3912 λογίζεσθαι
1259 3852 1370 3909 τοῖς
1393 3848 1740 3904 πιστεύουσιν

158 3931 258 3983 ἐπὶ
287 3931 377 3983 τὸν
407 3932 697 4002 ἐγείραντα
741 3934 946 4004 Ἰησοῦν
987 3937 1078 3989 τὸν
1129 3939 1332 4008 Κύριον
1363 3939 1521 4009 ἡμῶν
1562 3941 1625 3993 ὲκ
1655 3958 1740 3993 νε-

160 4022 341 4091 κρῶνο
375 4022 433 4087 ὃς
464 4025 733 4096 παρεδόθη
759 4027 848 4078 διὰ
873 4029 939 4079 τὰ
991 4029 1411 4100 παραπτώματα
1439 4031 1617 4101 ἡμῶν,
1647 4035 1742 4085 καὶ

155 4114 369 4185 ἠγέρθη
411 4115 498 4168 διὰ
526 4116 624 4185 τὴν
663 4117 944 4171 δικαίωσιν
979 4119 1159 4191 ἡμῶν.
1202 4141 1220 4172 ι
1273 4121 1388 4175 Μία
1430 4122 1529 4192 μὲν
1555 4122 1740 4192 θεότη-

155 4221 254 4268 τος
282 4205 463 4274 φύσις,
483 4208 540 4260 ὲν
564 4208 894 4264 ὑποστάσεσι
918 4210 975 4263 δὲ
1001 4215 1386 4280 προσκυνεῖται
1410 4215 1557 4282 τρισὶ
1587 4215 1739 4284 παρά

155 4311 221 4347 τε
255 4294 414 4364 ἡμῶν
447 4296 542 4348 καλ⁸
579 4297 688 4349 τῶν
740 4297 852 4350 ἄνω
887 4300 1230 4369 πνευμάτων.
1274 4302 1421 4363 Μιᾶς
1467 4299 1522 4352 δὲ
1571 4299 1738 4369 οὔσης

157 4385 415 4454 θεότητος
459 4389 698 4457 ἀπάσης,
743 4390 965 4452 εἰκότως
995 4390 1059 4459 δὴ
1087 4391 1246 4460 ἔργον
1279 4392 1344 4444 ἂν
1386 4392 1597 4459 γένοιτο
1629 4394 1737 4444 πᾶν

155 4473 339 4528 ὁτιοῦν
362 4477 466 4528 τῶν
485 4478 566 4531 ὃτι
595 4479 827 4547 μάλιστα
857 4479 1175 4548 πρεπόντων
1205 4482 1342 4550 αὑτῇ
1365 4499 1422 4532 τε
1453 4483 1546 4535 καὶ
1577 4483 1733 4553 μόνῃ.

157 4567 467 4638 Πράττεται
499 4568 606 4640 γὰρ
632 4569 810 4622 πάντα
839 4570 991 4641 napi
1015 4570 1108 4623 τοῦ
1139 4571 1273 4624 Θεοῦ
1306 4573 1400 4624 καὶ
1428 4574 1642 4644 Πατρὸς
1669 4574 1736 4625 δι’

157 4659 294 4710 Υίοῦ
333 4659 389 4710 ὲν
440 4658 716 4727 Πνεύματι
741 4699 754 4712 .
792 4661 952 4712 Ὥστε
987 4659 1090 4713 κᾶν
1119 4662 1167 4712 εἰ
1221 4661 1433 4730 λέγοιτό
1466 4681 1569 4715 που
1601 4662 1735 4726 ζωο-

2416 3462 2609 3514 rexisse
2650 3461 2863 3513 dicitur.

1919 3571 2001 3625 ιι.
2042 3571 2262 3625 Divinus
2306 3571 2503 3626 Paulus
2547 3572 2613 3626 de
2655 3572 2967 3640 patriarcha
3025 3571 3304 3625 Abraham
3355 3569 3430 3624 ita

1849 3664 2070 3718 scribit:
2112 3684 2130 3716 ι
2171 3664 2286 3718 Non
2330 3675 2414 3718 est
2445 3674 2625 3717 autem
2672 3665 2934 3732 scriptum
2982 3673 3206 3734 propter
3253 3662 3432 3732 ipsum

1850 3763 2081 3820 tantum,
2111 3756 2232 3823 quia
2267 3765 2572 3823 reputatnm
2605 3765 2686 3811 εει
2713 3755 2784 3808 illi
2814 3755 2881 3810 ad
2913 3754 3216 3824 justitiam;
3250 3754 3347 3809 sed
3375 3762 3433 3808 ει

1849 3857 2070 3916 propter
2098 3863 2215 3911 nos,
2236 3849 2434 3916 quibus
2465 3848 2805 3916 reputabitur
2827 3847 3178 3902 credentibus
3200 3847 3250 3899 in
3281 3861 3431 3912 etim,

1847 3938 1937 4005 qni
1970 3938 2256 3990 suscitavit
2289 3937 2470 3992 Jesutn
2506 3938 2793 3992 Dominum
2827 3947 3072 3992 nostrum
3104 3953 3133 3991 a
3169 3937 3434 3992 mortuis:

1846 4031 1936 4098 qui
1961 4029 2190 4082 traditus
2215 4037 2298 4083 est
2332 4035 2551 4097 propter
2573 4028 2768 4083 delicta
2797 4037 3008 4094 nostra,
3041 4039 3097 4082 et
3127 4029 3431 4083 resurrexit

1847 4132 2067 4187 propter
2111 4119 2557 4188 justillcationém
2603 4129 2846 4174 nostram
2869 4120 2933 4172 ’³.
2970 4138 2989 4172 ι
3046 4119 3161 4175 Una
3213 4119 3430 4186 quidem

1847 4210 2023 4262 deitas
2055 4210 2109 4262 in
2141 4210 2313 4263 tribus
2339 4210 2590 4276 personis
2613 4209 2875 4264 adoratur
2901 4220 3015 4263 tum
3049 4225 3078 4262 a
3111 4209 3287 4273 nobis,
3316 4218 3430 4263 tum

1844 4301 2007 4352 etiam
2048 4317 2076 4353 ιι
2119 4301 2373 4371 supernis
2412 4300 2518 4355 illis
2565 4301 2872 4370 spiritibus.
2910 4301 3044 4355 Cum
3091 4310 3272 4354 autem
3323 4313 3431 4353 una

1845 4392 2109 4444 duntaxat
2140 4391 2394 4445 divinitas
2421 4393 2672 4454 exsistat,
2706 4392 2902 4445 merito
2939 4394 3105 4446 totius
3131 4406 3267 4462 opus
3304 4406 3432 4448 cen-

1846 4494 2016 4549 setur,
2062 4484 2318 4551 quidquid
2358 4492 2534 4552 potest
2559 4483 2627 4537 ab
2667 4481 2754 4536 illa
2794 4499 2900 4536 una
2937 4484 3252 4552 procedere.
3286 4481 3430 4535 Deus

1848 4573 2009 4629 Pater
2047 4589 2284 4643 namque
2311 4576 2494 4628 omnia
2522 4589 2616 4642 per
2635 4573 2827 4628 Filium
2858 4587 3113 4644 operatur
3139 4574 3189 4627 in
3221 4573 3427 4642 Spiritu

1847 4677 2055 4718 saneto.
2093 4664 2271 4730 Quare
2309 4664 2354 4718 si
2392 4664 2554 4719 Pater
2602 4663 2880 4718 vivificare
2921 4665 3140 4726 dicitur,
3191 4666 3427 4734 idipsum

157 4752 336 4804 ποιεῖν
367 4751 396 4801 ὀ
421 4750 632 4819 Πατὴρ,
663 4752 948 4823 ἐνεργήσει
976 4753 1190 4815 πάντως
1217 4753 1348 4806 αὐτὸ
1378 4754 1465 4808 διὰ
1486 4753 1580 4806 τοῦ
1606 4755 1737 4807 Υίοῦ
1769 4731 1777 4790 Ῑ

1847 4757 2068 4810 omnino
2095 4772 2191 4826 per
2219 4756 2415 4810 Filium
2445 4757 2498 4810 in
2535 4756 2741 4826 Spiritu
2775 4767 2964 4810 sancto
2988 4768 3246 4825 praestare
3269 4731 3427 4810 intel-

155 4841 219 4890 ἐν
246 4838 387 4906 ἁγίῳ
418 4838 712 4908 Πνεύματι.
763 4840 882 4893 Κᾶν
923 4842 1116 4912 ἐνεργῇ
1146 4841 1419 4911 τὴν-ζωὴν
1458 4843 1487 4895 ὁ
1522 4843 1648 4906 Υἱὸς
1681 4843 1737 4896 ἓν

158 4947 225 4996 γε
274 4932 387 4993 τοῖς
417 4929 759 5000 δεδειγμένοις
802 4932 903 5001 τῆς
950 4934 1094 5002 ζωῆς
1121 4974 1136 4998 ,
1185 4933 1301 4986 ἀλλ’
1351 4935 1410 4986 οῦ
1474 4934 1597 5004 δίχα
1642 4935 1736 4988 τοῦ

157 5021 446 5091 ὁμοουσίου
492 5023 740 5094 Πατρόςο
782 5023 893 5094 ἔχει
927 5024 1035 5095 γὰρ
1089 5027 1148 5078 ὲν
1198 5026 1375 5095 ἑαυτῷ
1401 5027 1492 5079 τὸν
1538 5028 1735 5096 Γεννή-

159 5131 352 5167 σαντα.
401 5115 510 5167 Καὶ
566 5113 698 5183 γοῦν
744 5115 846 5187 ἔφη
893 5116 1109 5184 σαφῶς·
1166 5137 1185 5169 ι
1251 5119 1371 5170 Ἀπ’
1404 5119 1642 5188 ἐμαυτοῦ
1675 5119 1736 5171 οὐ

155 5201 338 5256 λαλιῖΓ
371 5205 400 5256 ὁ
427 5203 482 5256 δὲ
532 5205 720 5278 Πατὴρ
759 5205 786 5257 ὁ
813 5209 871 5259 ὲν
914 5208 1035 5276 ἐμοὶ
1085 5207 1281 5276 μένων,
1325 5211 1467 5261 ποιεῖ
1499 5209 1564 5261 τὰ
1601 5208 1737 5280 ἔργα

157 5294 343 5356 αὐτός.
379 5314 395 5344 ι
432 5296 549 5349 Κᾶν
577 5299 626 5350 εἰ
652 5299 712 5349 τὸ
739 5298 964 5365 Πνεῦμα
990 5299 1197 5366 λέγοιτο
1225 5299 1383 5352 τοῦτο
1409 5301 1563 5370 δρᾷν,
1589 5303 1740 5369 ἑνερρ

1847 4849 2110 4918 ligitur".
2143 4849 2374 4904 Rursum
2405 4850 2446 4902 si
2474 4848 2643 4902 Filius
2676 4849 2726 4900 in
2753 4849 2837 4904 his
2868 4849 2956 4918 qui
2990 4851 3096 4902 vita
3125 4850 3427 4904 dcsﬁtuuu-

1849 4952 1956 5004 tur,
1999 4940 2161 4993 vitam
2199 4939 2414 4994 eliieerc
2457 4940 2814 5010 pra-dicatur;
2851 4941 2953 4994 hoc
2999 4942 3173 5011 ipsum
3221 4941 3429 5008 alisque

1845 5032 2224 5087 coessentialis
2256 5032 2436 5086 Patris
2480 5033 2863 5102 cooperatione
2895 5032 3106 5086 ellicere
3136 5048 3240 5086 non
3267 5041 3424 5102 pute-

1847 5133 1953 5191 tur,
1981 5134 2042 5178 ιιι
2071 5123 2162 5192 qui
2191 5123 2340 5177 illum
2377 5123 2468 5190 qui
2493 5137 2618 5178 eum
2657 5125 2863 5193 genuit,
2893 5124 2944 5177 in
2983 5124 3166 5192 seipso
3200 5138 3426 5178 manen-

1848 5225 1953 5270 tem
1989 5229 2204 5284 semper
2244 5216 2480 5268 habeat:
2518 5215 2682 5285 uligo,
2715 5216 2887 5286 inquit
2923 5227 3125 5284 aperte,
3161 5231 3188 5268 a
3217 5215 3425 5283 meipso

1843 5322 1947 5360 non
1995 5305 2224 5376 loquor:
2273 5305 2433 5358 Pater
2478 5307 2570 5374 qui
2625 5307 2678 5360 in
2732 5321 2818 5361 mc
2870 5319 3072 5372 manet,
3125 5308 3237 5376 ipse
3292 5306 3424 5361 facit

157 5387 320 5458 γὴσει
360 5389 574 5450 πάντως
597 5388 672 5448 ὠ;
697 5389 914 5460 πνεῦμα
943 5391 1107 5460 ζωῆςο
1135 5391 1280 5461 ζωὴν
1310 5393 1365 5445 δὲ
1393 5387 1531 5447 εἶναί
1559 5413 1740 5462 φαμεν

1847 5412 1997 5465 opera
2019 5397 2084 5452 ³⁸.
2117 5416 2134 5448 ι
2175 5397 2330 5467 172
2360 5395 2596 5450 Tandem
2621 5398 2665 5452 si
2706 5398 2930 5466 Spiritus
2963 5400 3064 5453 hoc
3096 5400 3266 5468 ipsum
3290 5414 3420 5469 ope-

160 5477 305 5532 κοιτά
333 5479 494 5545 φύσιν
527 5480 615 5532 τὸν
641 5481 772 5533 θεὸν
802 5483 894 5534 καὶ
931 5483 1147 5554 Πατέρα
1170 5523 1183 5544 ,
1227 5485 1320 5535 καὶ
1351 5484 1442 5536 τὸν
1474 5483 1532 5549 ἐξ
1568 5485 1738 5539 αὐτοῦ

1847 5499 2026 5552 ratur,
2076 5492 2296 5546 omnino
2339 5499 2392 5542 ut
2455 5489 2578 5542 vitm
2639 5491 2863 5560 spiritus
2935 5499 3208 5560 operatur.
3254 5489 3422 5560 Atqui-

159 5569 490 5637 γεννηθέντα
526 5571 674 5625 Υἰόν.
712 5571 920 5625 υὺκοῦν
945 5572 1160 5642 λέγεται
1198 5574 1299 5644 μὲν
1325 5575 1354 5626 ὁ
1390 5575 1573 5646 Πατὴρ
1601 5578 1734 5630 ἀνα-

1837 5581 2003 5635 Deutn
2048 5581 2287 5645 Patrem,
2329 5592 2384 5636 et
2434 5581 2625 5635 Filium
2659 5583 2747 5651 qui
2801 5598 2864 5636 ex
2915 5584 3004 5637 illo
3054 5585 3267 5654 genitus
3306 5592 3416 5648 cst,

161 5660 359 5729 στῆσαι
392 5662 624 5732 Χριστὸν
656 5665 718 5715 ἐκ
748 5665 955 5736 νεκρῶν
983 5685 996 5698 ο
1035 5666 1132 5736 οὐχ
1180 5666 1488 5738 εὑρήσομεν
1539 5667 1596 5720 δὲ
1643 5668 1733 5720 τὸν

1847 5673 2126 5728 secundum
2181 5686 2429 5729 naturam
2479 5676 2639 5729 vitam
2686 5690 2806 5731 esse
2855 5677 3108 5731 dicimus.
3156 5677 3418 5746 Quamvis

231 5795 322 5851 "I
359 5794 569 5854 Ttmullt
627 5814 705 5869 ιιι,
749 5798 810 5853 16

935 5802 972 5831 ³⁷
1013 5799 1118 5861 loci
1153 5815 1212 5865 ιι,
1250 5801 1337 5856 28.
1419 5799 1462 5831 ⁸⁸
1496 5799 1651 5858 Rom.
1681 5820 1751 5873 l\',
1779 5804 1868 5873 ‘24,
1905 5806 1992 5863 25.
2077 5808 2116 5841 ³³
2143 5807 2292 5865 .loan.
2328 5825 2376 5863 ν.
2409 5809 2495 5864 ει.

2579 5809 2617 5840 ’θ
2644 5807 2798 5866 ιοειη.
2832 5826 2938 5880 χιιι,
2972 5811 3054 5866 10.
