4116 6470
690 385 831 444 “07

1665 387 1722 440 S.
1766 384 2042 441 ργιιιιιι
2087 385 2555 443 ALEXANDRINI
2594 387 2915 444 ARCIIIEP.

3842 386 3995 443 i408

689 520 821 574 ergo
847 505 1003 559 Pater
1049 504 1325 558 Christum
1356 519 1419 557 ex
1452 506 1680 559 mortuis
1712 508 2079 563 exsuscitasse
2128 509 2274 561 dira-

2401 508 2504 561 ι’ἰὸν
2540 511 2805 580 ἀνενεργῆ
2857 507 2983 578 περὶ
3014 508 3113 576 τὴν
3146 509 3448 560 ἀνάστασιν
3478 502 3573 557 τοῦ
3608 503 3745 555 ἰδίου
3783 501 3993 572 σῶμα·

693 606 803 658 tur,
837 596 1028 650 Filium
1066 604 1241 648 tamen
1277 598 1422 652 circa
1457 598 1657 667 proprii
1692 599 1937 666 c0rporis
1966 601 2269 656 exsuscita-

693 689 893 741 tionem
922 700 1025 739 non
1058 685 1293 740 otiosum
1318 688 1598 742 exstitisse
1632 688 1997 755 inveniemus,
2025 708 2146 746 nam
2173 691 2269 746 .Iu-

691 779 841 834 dmos
867 778 969 832 hoc
986 779 1149 832 htodo
1175 778 1440 833 allocutus
1466 778 1691 847 legitur:
1734 796 1751 829 ε
1775 778 1981 836 Solvite
2017 783 2271 851 templum

697 870 819 931 hoc.
846 878 900 922 et
930 870 982 922 in
1025 870 1197 925 tribus
1228 871 1416 925 diebus
1444 869 1691 924 excitabo
1728 870 1944 927 illud".
1980 892 1999 924 ι
2038 874 2115 927 ita
2151 890 2272 927 cum

693 960 884 1013 beatus
918 959 1119 1015 Paulus
1152 963 1366 1025 doceat,
1402 981 1419 1012 ι
1452 960 1605 1027 Quod
1644 973 1698 1017 et
1736 964 1894 1019 nobis
1932 980 2151 1033 quoque
2193 981 2279 1019 re-

2372 617 2482 658 τῆς,
2520 602 2629 653 Καὶ
2655 601 2784 669 γοῦν
2829 600 2933 669 ἔφη
2987 599 3123 669 πρὸς
3186 598 3491 662 ἰουδαίουςν
3534 616 3555 647 ι
3612 592 3846 647 Λύσατε
3904 593 3995 643 τὸν

2372 691 2498 743 ναὸν
2536 692 2747 758 τοῦτον,
2782 692 2873 745 καὶ
2903 692 2960 741 ὲν
2994 689 3172 758 τρισὶν
3212 688 3450 759 ἡμέραις
3495 684 3683 756 ἐγερῶ
3719 684 3926 737 αὐτόν.
3970 704 3989 733 ι

2378 780 2569 846 ’Λθρει
2604 781 2694 845 δὲ,
2738 783 2889 842 ὅπως
2934 779 3028 833 τοῦ
3077 778 3349 847 μακαρίου
3407 776 3623 829 Παύλου
3680 774 3993 840 λέγοντκ·

2384 894 2401 925 ι
2455 875 2573 925 Ὅτι
2614 873 2996 944 λογισθήσεται
3027 874 3155 943 ἡμῖν
3208 873 3239 937 ή
3276 871 3458 932 πίστις
3496 872 3579 933 εἰς
3622 868 3995 932 δικαιοσὶνιτν

2378 968 2487 1028 τοῖς
2521 965 2877 1019 πιστεύσασιν
2914 967 3008 1019 ἐπὶ
3036 964 3127 1019 τὸν
3154 963 3443 1033 ἐγείραντα
3490 960 3710 1030 Ἰησοῦν
3744 960 3997 1027 Χριστὸν

693 1050 974 1120 putabitur
1037 1053 1103 1106 ad
1160 1051 1430 1123 justitiam
1482 1056 1828 1110 credentibus
1872 1062 1925 1109 in
1984 1070 2130 1122 eum,
2185 1058 2277 1125 qui

2401 1078 2445 1111 ;κ
2477 1055 2684 1127 νεκρῶν
2710 1074 2722 1087 ·
2777 1076 2794 1108 ι
2835 1058 2936 1111 οὐκ
2975 1057 3055 1121 είς
3105 1055 3265 1126 μόνον
3311 1055 3344 1123 ἡ
3387 1051 3573 1114 πίστις
3610 1051 3712 1104 τὸν
3760 1051 3995 1117 Πατέρα

694 1142 979 1197 suscitavit
1006 1142 1190 1199 Jesum
1220 1143 1495 1199 Christum
1529 1161 1593 1199 ex
1624 1147 1887 1213 mortuis;
1911 1166 1928 1198 ι
1966 1162 2069 1201 non
2102 1148 2277 1202 solum

2401 1150 2570 1218 γέγονε
2604 1148 2697 1201 καὶ
2727 1147 2880 1211 Θεὸν,
2916 1148 3052 1202 ἀλλά
3076 1149 3185 1218 γὰρ
3214 1146 3306 1199 xui.
3338 1146 3418 1207 είς
3448 1143 3540 1198 τὸν
3575 1143 3796 1211 Κύριον
3832 1143 3997 1211 ἡμῶν

696 1236 749 1289 in
783 1235 947 1291 Deum
976 1235 1191 1291 Patrem
1217 1238 1573 1301 credidimus,
1592 1240 1684 1293 sed
1711 1241 1873 1294 etiam
1902 1239 1954 1293 in
1988 1239 2278 1297 Dominum

699 1340 942 1381 nostrum
1002 1326 1190 1384 .Iesum
1248 1330 1549 1385 Christum.
1591 1331 1729 1398 Quin
1789 1341 1843 1385 et
1886 1331 2017 1386 illud
2065 1348 2282 1403 quoque

697 1418 1120 1484 observandum,
1168 1431 1223 1474 ut
1272 1422 1530 1489 arbitror,
1568 1424 1666 1477 hoc
1711 1423 1829 1478 ioco
1878 1425 2040 1486 venit,
2086 1440 2284 1494 nempe

701 1508 1071 1580 Unigcnitnm,
1110 1512 1382 1568 hominem
1417 1513 1643 1579 factum,
1683 1525 1912 1571 martem
1946 1518 2165 1586 quidem
2196 1535 2285 1574 so—

697 1602 931 1654 cundmn
992 1618 1213 1659 carnem
1268 1608 1574 1675 pertulisse,
1608 1608 1658 1662 vi
1693 1619 1873 1665 tamen
1930 1611 2135 1675 cannis,
2182 1613 2286 1668 hoc

697 1701 784 1744 est
819 1692 1191 1761 humanitatis,
1248 1698 1559 1767 neutiquam
1598 1702 1885 1767 revixisse,
1934 1704 2029 1758 sed
2086 1703 2287 1759 virtute

699 1784 933 1848 deitatis,
966 1804 984 1837 ι
1012 1802 1129 1854 qum
1175 1788 1417 1846 viviticat
1473 1805 1737 1858 mortuos,
1769 1805 1824 1850 et
1862 1806 2022 1850 vocat
2058 1810 2124 1850 ea
2164 1810 2286 1865 qua:

702 1889 807 1929 non
854 1887 1001 1941 sunt,
1047 1888 1301 1949 tanquatn
1335 1896 1396 1935 ea
1438 1897 1560 1951 qua:
1606 1884 1818 1939 sunt”.
1858 1904 1875 1936 ι
1931 1886 2049 1955 ipsa
2098 1886 2283 1955 itaque

699 1966 994 2021 viviﬁcatio
1035 1986 1140 2023 non
1195 1971 1262 2025 ad
1309 1973 1485 2042 ipsam
1532 1976 1782 2043 corporis
1836 1986 2109 2041 naturam,
2159 1978 2285 2033 licet

703 2056 835 2111 illud
866 2056 1045 2115 Verbo
1068 2077 1132 2116 ex
1166 2063 1273 2117 Deo
1312 2065 1496 2133 genito
1523 2067 1803 2136 proprium
1849 2069 2144 2133 exstiterit,
2187 2069 2283 2127 sed

703 2150 883 2217 potius
908 2152 974 2205 ad
998 2168 1307 2221 supremam
1338 2156 1484 2210 illam
1513 2157 1789 2225 virtutem,
1810 2160 1913 2215 hoc
1941 2169 2045 2227 est,
2064 2162 2132 2215 ad
2164 2176 2287 2217 cam

705 2248 955 2293 naturam
1002 2245 1125 2309 jure
1184 2246 1378 2300 merito
1431 2246 1715 2302 referenda
1752 2239 1877 2314 est.'
1915 2265 2032 2320 qute
2070 2265 2288 2307 omnem

701 2332 917 2385 excedit
964 2346 1296 2402 creaturam,
1340 2340 1481 2392 sicut
1530 2340 1581 2393 in
1631 2356 1857 2407 persona
1910 2341 2006 2397 Dei
2074 2342 2291 2409 Patris,

704 2437 770 2475 ex
809 2438 920 2493 quo
954 2426 1132 2492 prodit
1173 2428 1344 2485 Filius
1369 2446 1464 2496 per
1493 2432 1675 2486 omnia
1710 2434 1782 2487 illi
1830 2435 2053 2504 aqualis
2078 2447 2133 2491 et
2162 2452 2293 2492 con-

708 2516 1088 2571 substantialis
1145 2522 1394 2587 procedit
1434 2536 1614 2579 autem
1654 2540 1752 2594 per
1778 2537 2037 2596 utrosque
2065 2539 2125 2583 et
2159 2530 2295 2583 vivi-

707 2603 843 2661 [icus
873 2620 1088 2676 quoque
1121 2612 1377 2679 Spiritus.
1400 2613 1567 2676 Addit
1618 2629 1783 2682 porro
1850 2618 2123 2672 Christum
2173 2634 2297 2687 pro-

708 2710 829 2766 pter
866 2698 1063 2754 delicta
1095 2712 1277 2757 nostra
1312 2703 1570 2757 traditum
1599 2719 1756 2772 esse;
1794 2718 2016 2777 propter
2046 2719 2294 2764 nostram

710 2797 889 2843 autem
915 2787 1367 2859 justiticationem
1390 2797 1810 2853 exsuscitatum.
1830 2796 2295 2864 Quemadmodum

2396 1241 2600 1314 Ἰησοῦν
2630 1240 2882 1311 Χριστόν.
2922 1240 3131 1303 ΙἌλλως
3162 1257 3222 1293 τε
3255 1238 3386 1309 (δεῖν
3414 1235 3524 1307 γάρ
3557 1232 3724 1305 οἶμαι
3760 1236 3997 1286 κάκεῖνο

2388 1334 2557 1401 ίδεῖν),
2591 1330 2812 1400 γέγονεν
2842 1330 3131 1401 ἄνθρωπος
3158 1332 3186 1383 ὁ
3213 1326 3524 1399 Μονογενῆς
3546 1366 3561 1389 ,
3592 1323 3689 1377 καὶ
3718 1324 3997 1391 ὑπέμεινε

2389 1426 2486 1496 μὲν
2524 1422 2798 1495 σαρκικῶς
2832 1422 2923 1473 τὸν
2953 1420 3215 1485 θάνατον,
3253 1420 3456 1475 ἀνεϐίω
3486 1435 3549 1486 γε
3585 1416 3698 1486 μὴν
3732 1416 3799 1467 ού
3854 1416 3997 1465 κατα

2388 1516 2624 1586 σαρκὸς,
2678 1515 2845 1585 ἤγουν
2881 1512 3305 1587 ἀνθρωπότητος
3337 1513 3593 1578 δύναμιν,
3648 1508 3777 1559 ἀλλ’
3823 1507 3908 1568 ὡς
3946 1509 3999 1556 ἐν

2391 1606 2535 1677 ίοχύῖ
2557 1606 2831 1677 θεότητος,
2865 1625 2883 1655 ‹
2913 1604 3011 1674 τῆς
3042 1604 3415 1677 ζωογονούσης
3444 1603 3572 1663 τοὺς
3598 1601 3871 1668 νεκροὺς,
3907 1600 3997 1649 καί

2390 1700 2661 1771 καλούσης
2689 1700 2756 1752 τά
2788 1697 2862 1771 μὴ
2892 1698 3021 1750 δντα
3048 1696 3122 1760 ὡς
3153 1696 3303 1750 ὄντα.
3333 1716 3354 1750 ›
3404 1691 3731 1749 ’Δναθετὲον
3764 1686 3865 1743 οὖν
3894 1689 3999 1758 ἄρα

2388 1792 2487 1861 τὴν
2534 1791 2864 1859 ζωοποίησιν
2909 1788 3003 1841 καὶ
3053 1786 3196 1858 μάλα
3242 1788 3499 1849 εἰκότως,
3549 1784 3655 1836 οὐκ
3700 1784 3853 1851 αὐτῇ
3897 1799 3997 1832 που

2389 1886 2605 1948 πάντως
2638 1887 2705 1955 τῇ
2734 1882 2829 1936 τοῦ
2862 1880 3115 1952 σώματος
3146 1881 3309 1951 φύσει
3332 1920 3348 1945 ,
3380 1882 3483 1935 κᾶν
3508 1879 3558 1931 εἰ
3587 1878 3831 1945 γέγονεν
3868 1875 3998 1927 ωισν

2388 1975 2479 2029 τοῦ
2524 1978 2589 2029 ὲκ
2617 1974 2752 2030 Θεοῦ
2799 1977 2998 2045 φύντος
3045 1972 3219 2042 Λόγου
3245 1990 3257 2004 ⁸
3292 1974 3522 2043 δυνάμει
3562 1970 3622 2024 δὲ
3675 1967 3896 2038 μᾶλλον
3932 1969 3996 2035 τῇ

2388 2067 2698 2137 ὑπερτάτη,
2735 2065 2830 2120 καὶ
2879 2062 3038 2133 φύσει
3067 2066 3133 2135 τῇ
3177 2064 3317 2137 ὑπὲρ
3347 2065 3547 2125 κτίσιν,
3597 2060 3676 2123 ὡς
3724 2058 3790 2111 tv
3827 2074 3996 2128 προσ-

2387 2159 2524 2230 ώπῳ
2572 2160 2667 2213 τοῦ
2699 2157 2835 2213 Θεοῦ
2869 2158 2964 2211 καὶ
2996 2156 3211 2228 Πατρὺς
3235 2205 3250 2222 ,
3292 2157 3353 2225 ἐξ
3382 2153 3443 2212 οὗ
3485 2154 3732 2223 πέφηνεν
3768 2152 3799 2202 ὁ
3831 2150 3991 2211 Υἱὸς.

2391 2250 2506 2312 ῖσος
2538 2267 2599 2303 τε
2628 2255 2720 2303 καὶ
2738 2250 2923 2319 ὅμοιος
2954 2248 2973 2287 ί
3006 2249 3146 2301 κατά
3178 2251 3353 2303 πάντα
3375 2248 3545 2319 αὐτῷ.
3578 2245 3813 2315 Πρόεισι
3844 2242 3906 2294 δὲ
3934 2242 3995 2293 δι’

2393 2341 2597 2410 ἀμφοῖν
2634 2339 2728 2393 καὶ
2759 2339 2821 2393 τὸ
2860 2337 3082 2410 Πνεῦμα
3112 2340 3172 2392 τδ
3208 2340 3527 2403 ζωοποιουν.
3564 2333 3989 2405 Παραδεδὸσθαι

2393 2432 2450 2485 δέ
2491 2448 2623 2501 φησι
2652 2429 2744 2483 τὸν
2776 2430 3014 2501 Χριστὸν
3052 2430 3142 2484 διὰ
3194 2432 3263 2484 τά
3316 2428 3757 2501 παραπτώματα
3812 2424 3993 2495 ήμῶν.

2396 2524 2489 2577 καὶ
2518 2520 2816 2593 ὲγηγέρθαι
2846 2520 2936 2575 διά
2961 2521 3062 2593 τὴν
3100 2522 3383 2575 δικαίωσιν
3415 2521 3595 2592 ἡμῶν.
3623 2519 3851 2589 Ὠσπερ
3893 2516 3996 2585 γὰρ

2396 2614 2585 2680 γέγονε
2615 2611 2756 2682 ὑπὲρ
2784 2613 2816 2681 ἠ
2828 2612 2944 2681 μῶν
2971 2612 3031 2665 τὸ
3061 2613 3253 2666 παθεῖν
3282 2614 3445 2666 αὑτὸν
3470 2614 3534 2681 τῇ
3566 2610 3676 2681 ἰδίᾳ
3704 2608 3882 2678 σαρκὶ
3908 2608 3996 2659 τὸν

2398 2702 2649 2764 θάνατον,
2686 2701 2775 2755 ῖνα
2802 2700 2987 2754 λοιπὸν
3013 2701 3253 2772 ἀτονήσῃ
3284 2702 3379 2755 τοῦ
3404 2700 3638 2754 Θανάτου
3663 2700 3726 2752 τὸ
3767 2699 3991 2769 κράτος·

2398 2796 2541 2850 οὕτω
2572 2795 2666 2848 καὶ
2696 2793 2899 2848 ἀνεϐίω
2954 2794 3116 2848 πάλιν
3162 2796 3303 2863 ὑπὲρ
3333 2794 3513 2864 ἡμῶν,
3563 2791 3901 2860 ὲγκαινίζων
3942 2792 3994 2841 tv

706 2881 854 2935 enim
896 2881 1095 2937 factum
1138 2893 1225 2940 est
1267 2894 1325 2939 ut
1374 2886 1487 2956 ipse
1534 2889 1701 2944 nostri
1738 2905 1898 2943 causa
1951 2890 2003 2943 iu
2079 2890 2296 2959 propria

2401 2889 2534 2960 ἡμῖν
2561 2886 2658 2957 τὴν
2683 2888 2764 2950 εἰς
2790 2884 3101 2956 ἀφθαρσίαν
3130 2885 3387 2939 ἐπάνοδον
3406 2924 3421 2949 ,
3463 2884 3556 2937 καὶ
3588 2884 3690 2952 τῆς
3725 2883 3789 2935 tv
3828 2882 3994 2950 ’Δδὰμ

713 2986 882 3026 carne
928 2986 1161 3029 mortem
1208 2988 1513 3046 pateretur,
1546 2994 1656 3049 quo
1687 2982 1878 3036 mortis
1923 2981 2209 3052 imperium
2246 2980 2296 3036 in

2404 2978 2767 3051 παραϐάσεως
2800 2972 3079 3045 ἀφανίζων
3098 2974 3166 3027 τὰ
3199 2974 3520 3044 ἐγκλήματα
3539 2989 3553 3002 ο
3582 2970 3992 3039 Δεδικαιώμεθα

714 3074 989 3133 posterum
1038 3066 1434 3125 dissolveretur
1470 3086 1485 3124 :
1530 3072 1615 3126 sic
1669 3088 1881 3127 rursum
1924 3078 2098 3130 nostri
2138 3090 2296 3132 causa

2404 3072 2514 3142 γὰρ
2558 3073 2616 3123 tv
2642 3067 2894 3139 Χριστῷ,
2926 3067 3027 3134 τῆς
3060 3067 3161 3135 μὲν
3208 3066 3440 3135 ἀρχαίας
3469 3061 3687 3130 ὲκείνης
3717 3063 3859 3129 ἀρᾶς
3902 3059 3992 3127 τὴν

718 3155 948 3222 revixit,
1003 3158 1288 3230 culpisque
1347 3163 1810 3230 praevaricationis
1854 3165 1984 3220 Ada:
2042 3167 2296 3234 abolitis,

2406 3161 2636 3231 δύναμιν
2658 3156 2974 3226 ἀφανίζοντι
3001 3155 3088 3208 διὰ
3110 3155 3213 3224 τῆς
3239 3157 3319 3217 είς
3342 3153 3490 3207 ἅπαν
3519 3150 3796 3218 ὑπακοῆς,
3830 3148 3993 3203 ἀπαλ-

719 3247 955 3304 reditum
993 3253 1147 3307 nobis
1193 3255 1260 3308 ad
1298 3255 1759 3309 immortalitatem
1792 3257 2001 3324 primus
2038 3258 2296 3313 ostendit.

2406 3255 2652 3309 λάττοντι
2692 3251 2751 3304 δὲ
2777 3249 2885 3304 τῶν
2915 3248 3160 3320 ἀρχαίων
3196 3246 3536 3316 αίτιαμάτων
3579 3243 3679 3313 τὴν
3714 3242 3899 3311 φύσιν·
3933 3240 3987 3292 ού

717 3338 1095 3398 Justilicamur
1157 3345 1300 3401 enim
1358 3361 1455 3413 per
1510 3346 1812 3409 Christum,
1867 3348 2106 3416 antiqua:
2157 3348 2296 3404 illius

2406 3347 2516 3419 γὰρ
2563 3344 2818 3414 ἐποίησεν
2865 3343 3144 3413 ἁμαρτίαν
3182 3341 3395 3412 (γέγονε
3444 3339 3503 3392 δὲ
3545 3337 3751 3409 μᾶλλον
3785 3334 3987 3388 εὐδόκι-

720 3430 1122 3490 maledictionis
1174 3435 1281 3489 vim
1347 3436 1728 3492 demolientem
1781 3452 1877 3508 per
1932 3438 2296 3494 obedientiam

2408 3453 2506 3507 μος
2536 3437 2593 3488 tv
2624 3437 2805 3506 αὐτῇ),
2829 3436 3007 3489 καίτοι
3036 3430 3515 3503 κατεγνωσμένην,
3557 3429 3816 3499 καθάπερ
3850 3426 3991 3478 εἷπο-

721 3523 892 3579 modis
921 3526 1176 3580 omnibus
1209 3526 1525 3595 perfectam,
1554 3539 1803 3585 naturam
1841 3546 1969 3586 vero
2003 3532 2296 3585 humanam
2407 3547 2529 3601 μεν,
2564 3531 2619 3584 ἐν
2660 3528 2829 3600 Ἀδάμ
2858 3527 2905 3583 i.
3156 3580 3163 3587 ,

720 3614 1043 3685 abantiquis
1075 3616 1403 3673 criminibus
1435 3619 1780 3677 liberantem.
1824 3624 2115 3679 Peccatum
2149 3636 2385 3693 namque
2413 3623 2618 3677 nullum
2660 3622 2901 3687 admisit,
2970 3624 3064 3675 sed
3103 3619 3249 3673 omni
3310 3619 3471 3674 laude
3532 3615 3731 3685 dignus
3801 3611 3854 3667 in
3884 3611 3987 3679 ipsa

722 3709 845 3774 fuit,
898 3709 1113 3766 etiamsi
1163 3710 1219 3765 in
1268 3712 1561 3782 principio,
1617 3714 1720 3768 hoc
1765 3725 1850 3772 est
1906 3718 1960 3771 itt
2017 3716 2303 3781 Adam,ut
2373 3724 2502 3770 ante
2540 3730 2759 3784 quoque
2804 3713 3207 3776 admonuimus,
3247 3708 3691 3767 condemnationi
3733 3705 3989 3760 obnoxius

722 3804 907 3861 fuerit.

796 3896 909 3950 ιιι.
943 3913 961 3947 t
998 3895 1078 3950 An
1110 3897 1392 3967 ignoratis,
1428 3898 1554 3966 quia
1592 3898 1903 3970 quicunque
1936 3901 2190 3972 baptizati
2219 3916 2313 3955 su-

725 4005 849 4044 mus
875 3991 926 4044 in
960 3988 1239 4045 Christum
1275 3986 1485 4054 Jesum,
1520 3990 1572 4045 in
1602 3993 2015 4060 mortemipsius
2053 3993 2313 4065 baptizati

727 4081 962 4136 sumus?
993 4081 1309 4150 Consepuiti
1340 4081 1484 4136 enim
1507 4096 1698 4138 sumus
1731 4083 1807 4137 illi
1852 4099 1950 4153 per
1983 4086 2309 4153 baptismum

728 4178 783 4227 in
822 4184 1052 4228 mortem
1081 4190 1095 4239 ;
1131 4174 1289 4243 1'73
1321 4183 1377 4227 ut
1410 4176 1682 4243 quomodo
1719 4174 1972 4230 Christus
2012 4178 2313 4232 resurrexit

730 4280 757 4318 a
791 4264 1020 4319 mortuis
1052 4278 1149 4333 per
1179 4263 1404 4332 gloriam
1442 4262 1645 4326 Patris,
1679 4263 1751 4317 ita
1771 4273 1825 4317 et
1848 4278 1947 4318 nos
1985 4266 2036 4318 in
2074 4266 2312 4321 novitate

730 4356 852 4409 vita:
876 4354 1215 4409 ambulemus
1234 4354 1331 4409 ³³.»
1357 4354 1617 4409 Dominus
1641 4363 1824 4410 noster
1855 4353 2013 4410 Jesos
2039 4355 2309 4421 Christus,

2487 3900 2617 3956 NB’.
2669 3921 2688 3953 t
2735 3902 2808 3956 Ἦ
2852 3901 3133 3970 ἀγνοεῖτε,
3175 3898 3257 3951 ὅτι
3296 3897 3409 3947 ὅσοι
3462 3890 3878 3959 ἐϐαπτίσθημεν
3919 3890 3989 3951 εἰς

2416 3994 2651 4065 Χριστὸν
2694 3990 2919 4062 Ἰησοῦν,
2952 3992 3030 4052 εῖς
3070 3988 3161 4041 τὸν
3207 3988 3436 4041 θάνατον
3465 3982 3632 4037 αὑτοῦ
3664 3980 3990 4049 ἐϐαπτίσθη-

2420 4101 2551 4157 μεν;
2583 4083 2974 4152 Συνετάφημεν
3003 4075 3096 4133 οὖν
3125 4078 3276 4149 αύτῷ
3300 4077 3389 4131 διὰ
3408 4075 3501 4130 τοῦ
3530 4076 3903 4147 βαπτίσματος
3920 4073 3990 4133 είς

2414 4178 2505 4231 τὸν
2546 4176 2799 4229 θάνατον’
2827 4174 2917 4227 ἵνα
2948 4172 3139 4243 ὥσπερ
3165 4170 3377 4240 ἠγέρθη
3420 4167 3655 4240 Χριστὸς
3692 4166 3760 4218 εκ
3794 4161 3989 4233 νεκρῶν

2414 4268 2505 4322 διὰ
2528 4268 2627 4339 τῆς
2650 4265 2809 4337 δόξης
2831 4264 2924 4319 τοῦ
2962 4264 3203 4335 [ἰατρὸς.
3234 4262 3377 4316 οὕτω
3422 4260 3517 4313 καὶ
3540 4260 3701 4329 ἡμεῖς
3735 4258 3794 4309 tv
3835 4254 3993 4307 mm.

2414 4379 2537 4430 τητι
2586 4360 2730 4430 ζωῆς
2772 4358 3257 4431 περιπατήσωμεν.
3302 4373 3320 4405 ι
3365 4354 3424 4407 '0
3452 4351 3656 4421 Κύριος
3693 4347 3853 4419 ἡμῶν
3900 4347 3992 4414 Ἰη-

734 4446 947 4502 inferno
986 4446 1305 4517 despoliato,
1359 4446 1757 4515 spirituumque
1797 4447 2163 4510 multitudine,
2195 4462 2296 4517 qua

2419 4452 2544 4524 σοῦς
2585 4452 2819 4524 Χριστὸς
2869 4449 3173 4511 σκυλεύσας
3216 4447 3309 4501 τὸν
3349 4445 3505 4517 ᾇδην,
3550 4446 3643 4495 καὶ
3677 4442 3791 4493 τῶν
3831 4442 3991 4493 ἐκεῖσε

734 4538 788 4593 in
819 4538 1190 4593 subterraneis
1220 4536 1479 4591 claustris
1516 4538 1875 4602 detinebatur,
1912 4537 2039 4591 inde
2066 4537 2290 4591 liberata

2430 4514 2613 4616 μυξῶν
2637 4514 2744 4613 ’τὴν
2771 4542 2877 4595 τῶν
2908 4539 3341 4610 καθειρχθέντων
3362 4514 3698 4601 πνευμάτων
3732 4532 3993 4591 ἀπολύσας

737 4632 895 4688 tertia
926 4632 1013 4686 die
1040 4630 1435 4686 ressuscitatus
1464 4630 1683 4693 revixit,
1710 4632 2091 4703 redivivusque
2116 4633 2287 4686 sancti

2427 4634 2657 4703 πληθὺν,
2697 4632 2895 4685 ἀνεϐίω
2929 4631 3246 4700 τριήμερος.
3284 4622 3417 4680 Εἶτα
3460 4627 3572 4685 τοῖς
3600 4622 3783 4690 ἁγίοις
3809 4622 3991 4688 ἔφασκε

737 4721 996 4793 apostolis
1058 4722 1198 4777 dixit
1241 4737 1254 4775 :
1296 4738 1313 4772 t
1346 4722 1548 4774 Euntes
1602 4722 1794 4776 docete
1850 4739 2041 4777 omnes
2106 4737 2320 4792 gentes,

737 4812 1084 4881 baptizantes
1122 4826 1217 4867 eos
1258 4811 1312 4865 in
1360 4810 1581 4867 nomine
1614 4810 1816 4873 Patris.
1847 4822 1899 4867 et
1925 4811 2072 4879 Filii,
2106 4826 2160 4867 et
2196 4815 2322 4883 Spi-

742 4907 880 4958 ritus
910 4903 1084 4958 sanui
1106 4902 1171 4957 “.
1203 4901 1338 4957 Cum
1372 4903 1535 4973 igitur
1567 4911 1623 4956 ut
1661 4904 1712 4957 in
1751 4920 1857 4957 uno
1889 4904 2068 4961 Patris
2102 4907 2322 4961 nomine

742 4998 1099 5067 baptizamur.
1138 4996 1213 5051 ita
1247 4998 1297 5051 in
1331 5012 1436 5048 uno
1468 5010 1686 5065 quoque
1728 4994 1847 5050 Filii
1878 4996 2126 5061 nomine,
2175 4997 2323 5066 ejus-

743 5092 977 5157 demque
1028 5100 1204 5144 morte
1262 5098 1318 5143 et
1365 5087 1571 5157 Spiritu
1634 5098 1824 5141 sancto
1873 5088 2192 5143 abluamnr:
2229 5092 2321 5158 qui

745 5196 911 5235 unum
942 5180 1228 5236 Dominum
1270 5191 1510 5236 nostrum
1558 5177 1746 5234 Jesum
1776 5179 2054 5235 Christum
2096 5181 2148 5235 in
2191 5182 2325 5235 duos

748 5276 888 5334 ﬁlios
908 5272 1176 5339 dividunt,
1210 5273 1595 5342 hominemque
1622 5270 1917 5327 secundum
1947 5272 2118 5327 solam
2153 5272 2325 5342 digni-

750 5367 877 5422 tatis
917 5365 1003 5420 vel
1034 5365 1375 5421 auctoritatis
1422 5363 1784 5434 aequalitatem
1819 5363 1927 5419 Deo
1968 5361 2322 5432 coniunctum

2431 4723 2734 4795 μαθηταίςο
2796 4742 2813 4772 ε
2863 4718 3227 4790 Πορευθέντες
3270 4714 3651 4786 μαθητεύσατε
3712 4710 3888 4763 πάντα
3936 4706 3992 4758 τὰ

2430 4814 2579 4884 ἔθνη,
2608 4812 2961 4882 βαπτίζοντες
2990 4809 3186 4871 αὐτοὺς
3216 4809 3296 4871 είς
3338 4806 3401 4859 τὸ
3445 4805 3611 4873 ὄνομα
3638 4800 3735 4857 τοῦ
3776 4799 3989 4869 Πατρὸς,

2428 4905 2521 4960 καὶ
2559 4904 2653 4957 τοῦ
2687 4901 2838 4966 Υίοῦ,
2869 4902 2961 4955 καὶ
2997 4900 3086 4953 τοῦ
3131 4898 3288 4965 ἀγίου
3314 4896 3653 4964 Πνεύματος.
3694 4913 3713 4946 ι
3744 4890 3990 4951 Βαπτιζόο

2437 4992 2577 5065 μεθα
2612 4990 2792 5045 τοίνυν
2812 4990 2998 5069 ὥσπερ
3019 4990 3098 5051 εἰς
3122 4988 3181 5042 ’ἐν
3218 4987 3395 5057 ὖνομα
3408 4985 3503 5040 τοῦ
3541 4982 3776 5053 Πατρὸς,
3809 4982 3897 5037 καὶ
3922 4980 3989 5039 είς

2435 5086 2493 5141 ἓν
2519 5084 2688 5155 ὄνομα
2703 5082 2796 5136 τοῦ
2823 5080 3089 5147 Υίοῦ,καὶ
3106 5080 3187 5143 εἰς
3201 5079 3292 5133 τὸν
3321 5076 3553 5131 θάνατον
3584 5074 3775 5139 αὐτοῦ,
3805 5072 3893 5126 καὶ
3920 5072 3989 5132 εἰς

2426 5179 2488 5232 τὸ
2518 5156 2741 5248 Πνεῦμα
2770 5176 2831 5231 τὸ
2868 5175 3042 5244 ἅγιον.
3092 5170 3508 5225 Διδασκέτωσαν
3539 5168 3723 5223 τοίνυν
3758 5167 3806 5219 οἱ
3840 5164 3985 5234 διορί-

2428 5270 2611 5334 ζοντες
2644 5269 2725 5331 είς
2764 5268 2913 5331 υἱοὺς
2943 5266 3038 5321 δύο
3072 5265 3165 5319 τον
3184 5264 3282 5318 ἕνα
3312 5262 3549 5334 Χριστὸν
3586 5259 3682 5314 καὶ
3740 5257 3881 5321 Υίδν,
3910 5256 3987 5308 ἅν-

2430 5360 2649 5433 θρωπόν
2693 5378 2753 5415 τε
2804 5358 2922 5431 Θεῷ
2960 5357 3299 5429 συναφθῆναι
3351 5353 3605 5427 λέγοντες
3646 5351 3789 5407 κατὰ
3840 5348 3982 5421 μόνην

819 5521 865 5555 ⁸⁸
901 5516 1061 5574 Joau.
1084 5534 1145 5586 ιι,
1171 5519 1260 5576 i9.
1338 5520 1382 5552 "
1424 5518 1580 5574 Rom.
1612 5535 1684 5587 tv,
1721 5519 1805 5573 Π.
1884 5517 1928 5550 ³³
1953 5516 2113 5574 Rom.
2147 5531 2220 5581 vt,
2258 5514 2296 5570 i-

2448 5514 2495 5547 ³⁸
2525 5514 2713 5573 Matth.
2746 5532 2937 5584 xxvru,
2994 5516 3084 5572 i9.

1860 5656 2031 5712 Varia:
2062 5654 2323 5712 lectiones
2356 5653 2559 5711 codicis
2589 5652 2953 5724 Seguicriani.

835 5789 1185 5862 ιὸμοούσιος.
1266 5794 1279 5842 i
1316 5794 1371 5846 ὲν
1405 5792 1569 5862 ἀρχῇ.
