4122 6502
159 445 297 502 1400

971 440 1062 496 AD
1099 439 1394 498 REGINAS
1434 441 1518 496 DE
1561 438 1786 496 RECTA
1831 438 1985 495 FIDE
2020 438 2279 494 ORATIO
2318 437 2616 492 ALTERA.

3275 441 3415 498 ιιιιο

157 561 259 634 τὴν
292 559 511 629 ίσότητα
537 557 632 628 τῆς
657 556 832 625 ἀξίας,
859 556 1024 624 ἤγουν
1053 557 1360 619 αῦθεντίας,
1391 557 1738 629 διῃρημένων
1768 605 1772 616 ,

1846 553 2010 608 fuisse
2039 557 2392 619 contendunt,
2423 553 2634 608 naturis
2657 551 2873 607 interim
2901 556 3252 625 personisqne
3271 560 3403 613 divi-

159 657 270 709 τῶν
300 651 536 722 φύσεων,
587 651 668 710 είς
698 647 790 699 τὸν
833 646 979 710 τίνος
1015 649 1254 718 ¹θάνατον
1302 649 1732 716 ἐϐαπτίσθημεν.

159 748 224 800 El
261 745 359 816 μὲν
388 739 480 796 οὖν
517 739 698 801 ίδικῶς
736 739 816 802 είς
857 739 946 792 τὸν
977 741 1070 794 τοῦ
1110 742 1245 794 Θεοῦ
1273 742 1468 807 Λόγον,
1498 754 1736 807 κατηγο-

164 835 401 906 ρήσαμεν
428 828 673 899 ἐναργῶς
696 829 792 895 τῆς
823 829 1100 900 ἀκηράτου
1125 831 1339 899 φύσεως
1375 829 1474 898 τὴν
1506 825 1736 896 φθορὰν,

161 924 258 980 καὶ
299 922 669 992 καθοριοῦμεν
694 921 937 975 ’θάνατον
964 924 1064 990 τῆς
1103 924 1242 975 κατὰ
1287 921 1447 989 φύσιν
1479 920 1641 990 ζωῆς.
1675 920 1738 972 Ei

158 1015 215 1067 δὲ
243 1013 306 1082 δὴ
358 1014 536 1080 φαῖεν,
587 1011 669 1063 ὃτι
712 1010 806 1064 τοῦ
847 1015 910 1066 ὲκ
959 1012 1216 1080 γυναικὸς
1255 1012 1358 1078 ἰδία
1397 1026 1453 1060 τε
1503 1010 1596 1060 καὶ
1635 1008 1738 1063 ἀνὰ

162 1103 330 1174 μέρος
377 1101 472 1152 καὶ
511 1101 634 1153 καθ’
672 1102 866 1155 ἑαυτὸν
909 1102 1238 1171 νοουμένου,
1272 1099 1390 1160 πῶς
1417 1099 1476 1151 οὐ
1517 1098 1739 1154 κάκεῖνό

158 1205 323 1258 φασιν
351 1187 672 1254 ἀναφανδὸν,
710 1190 795 1241 ὅτι
832 1189 1045 1249 πάντως
1080 1188 1242 1249 αὐτὸς
1277 1189 1360 1255 εἴη
1397 1188 1461 1239 ἂν
1489 1190 1517 1240 6
1547 1203 1737 1240 συντε-

157 1277 428 1346 ταγμένος
473 1278 552 1348 τῷ
584 1280 757 1349 Πατρὶ
803 1279 896 1330 καὶ
928 1277 1006 1347 τῷ
1042 1279 1183 1346 ἁγίῳ
1233 1278 1547 1348 Πνεύματι,
1594 1279 1735 1348 τάχα

159 1385 264 1421 που
304 1368 398 1420 καὶ
447 1370 772 1434 ὲξωσθὲντος
823 1368 923 1436 τῆς
954 1367 1187 1439 ἀληθοῦς
1239 1370 1486 1439 υίότητος
1519 1368 1612 1421 τοῦ
1671 1368 1738 1420 ὲκ

157 1459 298 1511 Θεοῦ
325 1460 519 1526 φύντος
548 1461 721 1526 Λόγου
742 1498 757 1522 ,
794 1458 954 1528 εἰπερ
980 1459 1096 1512 ἐστὶ
1118 1459 1347 1512 Θανάτου
1375 1459 1643 1521 δεκτικὸς,
1677 1450 1739 1510 οὗ

158 1550 256 1602 καὶ
285 1553 364 1612 εἰς
408 1551 499 1603 τόν
531 1551 762 1603 θάνατον
816 1548 1262 1621 βεϐαπτίσμεθας
1325 1551 1465 1603 Ἀλλ’
1497 1552 1600 1622 όρᾷ
1634 1567 1738 1601 που

158 1640 382 1702 πάντως
413 1642 442 1692 6
473 1638 597 1690 νοῦν
628 1639 768 1706 ἔχων
797 1638 1225 1710 διεγηγερμένον
1256 1638 1353 1710 τὴν
1378 1639 1485 1692 τῶν
1518 1637 1739 1692 ἐννοιῶν

157 1731 409 1783 ἀτοπίαν.
468 1727 676 1779 Οὐκοῦν
723 1729 936 1799 ἀνάγκη
986 1731 1148 1793 νοεῖν,
1192 1729 1272 1781 ὅτι
1321 1730 1559 1796 γεγονὼς
1614 1728 1738 1782 καθ’

157 1823 192 1890 ἡ
203 1823 283 1890 μᾶ
293 1840 308 1882 ;
339 1822 365 1870 6
395 1817 488 1870 τοῦ
526 1817 659 1869 Θεοῦ
696 1819 865 1887 Λόγος
890 1859 906 1881 ,
950 1821 1116 1890 σαρκὶ
1146 1819 1414 1872 πέπονθεν
1447 1820 1608 1874 ἑκών.
1644 1820 1740 1871 Βε-

1850 644 1955 696 sint
2002 645 2439 717 subsistentibus,
2485 645 2521 700 ii
2571 659 2670 698 nos
2711 645 2960 710 doceant,
3003 647 3055 702 in
3107 648 3412 702 utriusnam

1843 739 2067 782 mortem
2111 731 2366 797 baptizati
2406 735 2601 792 simus.
2631 731 2762 786 Nam
2799 734 2846 787 si
2878 735 2928 787 in
2957 737 3121 790 divini
3153 737 3334 798 Verbi.
3357 746 3416 791 ut

1848 833 2096 873 seorsum
2123 835 2216 889 per
2245 836 2304 876 se
2341 824 2522 882 animo
2551 824 2878 893 concipitur,
2914 838 3140 882 mortem
3172 830 3415 898 baptiza-

1841 917 1924 963 tos
1957 925 2052 963 nos
2090 913 2309 979 dicunt;
2338 913 2728 986 incorruptibili
2759 927 2970 972 natura:
3010 921 3414 989 corruptionem

1841 1001 2000 1071 plane
2029 1003 2350 1068 tribuemus,
2389 1017 2442 1059 et
2474 1007 2546 1060 illi
2576 1014 2664 1074 qtti
2697 1019 2890 1080 suapte
2934 1019 3124 1062 natura
3161 1012 3268 1066 vita
3307 1023 3412 1076 est,

1844 1099 2072 1144 mortem
2122 1092 2475 1147 ascribemus.
2514 1092 2606 1149 Sin
2635 1107 2813 1150 autem
2857 1112 2954 1150 nos
2985 1096 3038 1149 in
3085 1096 3224 1151 illius
3258 1113 3417 1152 mor—

1841 1185 1950 1234 tem
1979 1182 2191 1236 ablutos
2228 1182 2627 1251 responderint,
2676 1187 2768 1253 qui
2817 1187 3033 1255 proprie
3075 1199 3319 1240 seorsum
3361 1195 3418 1241 et

1843 1288 1937 1343 per
1997 1288 2056 1327 se
2119 1290 2181 1328 ex
2238 1289 2393 1328 sacra
2443 1272 2662 1344 Virgine
2717 1285 2869 1330 ortus
2919 1268 3239 1347 intelligitnr
3272 1293 3288 1343 ;
3323 1277 3416 1346 qui

1845 1366 2157 1438 ﬁeripotest
2183 1379 2265 1432 ut,
2299 1367 2443 1421 illum
2477 1368 2698 1422 omnino
2730 1385 2871 1433 esse,
2897 1370 2987 1438 qui
3018 1370 3260 1439 ejusdem
3293 1384 3418 1424 cum

1843 1452 2001 1510 Patre
2048 1465 2103 1509 et
2146 1455 2350 1524 Spiritu
2394 1465 2584 1510 sancto
2640 1457 2848 1512 ordinis
2890 1469 2941 1512 et
2984 1459 3263 1528 dignitatis
3309 1469 3419 1524 est,

1841 1547 2044 1602 diserte
2077 1563 2178 1599 non
2218 1548 2613 1615 proﬁteantur;
2649 1549 2879 1604 fortasse
2925 1551 3088 1604 etiam
3122 1550 3304 1619 genito
3346 1565 3418 1604 ex

1847 1638 1952 1690 Deo
1983 1636 2158 1691 Verbo
2197 1652 2323 1689 vera
2361 1638 2619 1691 liliatione
2651 1639 2906 1706 spoliato,
2937 1642 2980 1694 si
3025 1642 3214 1694 mortis
3250 1656 3419 1709 capax

1844 1727 1931 1782 ille
1958 1739 2062 1793 est,
2092 1729 2143 1780 in
2191 1725 2346 1794 cujus
2383 1738 2608 1782 mortem
2647 1728 2904 1796 baptizati
2926 1731 3152 1784 sumus?
3179 1733 3245 1784 At
3273 1732 3423 1800 quis,

1843 1833 2046 1888 quaeso.
2071 1821 2156 1872 cui
2195 1821 2355 1872 modo
2387 1835 2538 1872 mens
2564 1820 2760 1887 vigeat.
2796 1824 3137 1877 manifestam
3163 1824 3423 1880 doctrinas

159 1906 510 1975 ϐαπτίσμεθα
560 1911 669 1977 γὰρ
718 1908 890 1971 οὕτως
925 1909 1004 1970 εἰς
1043 1908 1133 1960 τὸν
1164 1909 1329 1961 αὑτοῦ
1366 1907 1612 1976 θάνατον,
1665 1907 1741 1973 ὡς

1847 1911 2006 1979 hujus
2041 1912 2432 1965 absurditatem
2483 1927 2588 1965 non
2624 1913 3064 1968 animadvertat?
3100 1915 3424 1971 Necessario

158 2002 280 2062 ἑνὸς
317 2000 467 2060 ὄντος
502 1999 631 2052 Υίοῦ
655 2041 668 2064 ,
705 2000 846 2052 κατὰ
874 2000 971 2068 μὲν
1005 2000 1103 2074 τῂν
1148 2001 1247 2063 τῆς
1288 1999 1537 2071 θεότητος
1574 2002 1737 2071 φύσιν

159 2091 408 2153 ἀπαθοῦς
431 2131 449 2157 ,
477 2091 721 2162 παθητοῦ
750 2091 806 2144 δὲ
839 2091 978 2144 κατὰ
997 2092 1095 2162 τὴν
1123 2094 1319 2162 σάρκα.
1360 2092 1480 2144 Ὅτι
1506 2093 1561 2145 δὲ
1587 2095 1736 2163 ἡμᾶς

157 2185 242 2244 εὶς
279 2181 572 2251 καινότητα
626 2181 774 2248 ζωῆς
825 2181 1191 2251 μεταπλάττει
1229 2183 1464 2252 Χριστὸς
1510 2181 1598 2236 διὰ
1634 2184 1735 2254 τῆς

158 2272 510 2333 ἀναστάσεως
534 2310 550 2336 ,
582 2270 699 2333 πῶς
732 2270 798 2323 ἂν
825 2271 1116 2324 ἐνδοιάσειέ
1148 2289 1233 2334 τις
1262 2289 1276 2335 ;
1306 2271 1603 2342 παρίστησι
1628 2276 1735 2345 γάρ

157 2362 310 2429 ἡμᾶς
344 2361 517 2431 ἑαυτῴ
550 2378 609 2413 τε
640 2362 734 2413 καὶ
770 2361 847 2432 τῷ
880 2362 1056 2432 Πατρὶ
1084 2361 1216 2413 ὡσεὶ
1249 2363 1314 2414 ὲκ
1355 2363 1562 2432 νεκρῶν
1602 2363 1728 2427 {63v-

157 2471 282 2515 τας,
339 2455 476 2506 καθὰ
525 2454 836 2527 γέγραπται
867 2473 878 2484 ·
915 2475 932 2505 ι
961 2455 1068 2508 Καὶ
1119 2453 1487 2517 ἀποθανόντας
1538 2455 1636 2526 μὲν
1671 2460 1736 2529 τῇ

158 2547 424 2614 ἁμαρτίᾳ,
456 2545 662 2608 ζῶντας
699 2545 755 2598 δὲ
780 2548 845 2616 τῇ
877 2545 1208 2617 δικαιοσύνῃ.
1255 2565 1274 2596 ι

1845 2004 2027 2072 itaque
2049 2003 2393 2057 statuendum
2444 2013 2530 2057 est
2574 2003 2667 2058 Dei
2697 2005 2924 2058 Verbum
2951 2006 3127 2061 simile
3163 2007 3316 2062 nobis
3345 2007 3424 2063 fa-

1845 2104 1991 2150 ctum
2019 2109 2141 2150 esse
2194 2105 2532 2164 mortemque
2577 2096 2630 2149 in
2672 2112 2836 2150 carne
2867 2099 3007 2150 ultro
3032 2097 3285 2153 subiisse.
3312 2099 3424 2154 llac

1844 2186 1987 2239 enim
2018 2185 2228 2239 ratione
2264 2184 2317 2238 itt
2355 2195 2581 2238 mortem
2611 2185 2754 2240 illius
2785 2187 3040 2255 haptizati
3063 2204 3272 2253 sumus,
3296 2204 3419 2243 cum

1845 2291 1949 2331 non
1990 2277 2091 2330 nisi
2116 2291 2253 2330 unus
2283 2285 2490 2330 tantum
2525 2276 2598 2330 sit
2633 2277 2822 2343 Filius,
2853 2279 2944 2347 qui
2979 2279 3197 2347 quidem
3229 2295 3425 2334 secun-

1843 2367 1968 2421 dum
1995 2368 2296 2421 divinitatis
2326 2378 2575 2420 naturam
2615 2367 2725 2437 pati
2748 2369 2880 2422 nihil
2907 2370 3104 2437 potuit,
3125 2371 3424 2425 secundum

1848 2463 2136 2514 humanam
2188 2468 2371 2514 autem
2436 2459 2630 2527 potuit.
2683 2460 2930 2514 Tandem
2993 2461 3138 2529 quod
3174 2459 3426 2516 Christus

1849 2567 1944 2620 per
1966 2551 2424 2606 resurrectionem
2460 2550 2511 2602 in
2545 2551 2671 2604 vita:
2708 2551 3005 2605 novitatem
3037 2565 3137 2604 nos
3161 2551 3425 2606 transfor-

159 2647 298 2697 met,
333 2638 381 2688 id
416 2637 465 2686 in
496 2637 854 2703 qumstionem
892 2651 997 2689 non
1033 2639 1199 2690 cadit.
1248 2638 1402 2692 Sistit
1446 2638 1594 2692 enim
1637 2654 1734 2691 nos
1764 2640 1929 2693 veluti
1970 2655 2033 2694 cx
2073 2641 2299 2692 mortuis
2331 2640 2575 2695 viventes
2623 2652 2678 2695 et
2713 2641 2814 2695 sibi
2850 2651 2903 2694 et
2939 2641 3106 2698 Patri.
3150 2640 3427 2711 Scriptum

159 2733 250 2778 est
279 2739 507 2790 namque
556 2740 569 2776 :

234 2818 361 2873 NI".
403 2837 422 2870 ι
473 2819 536 2873 El
571 2818 629 2872 δὲ
667 2818 729 2871 τὸ
771 2818 994 2888 Πνεῦμα
1023 2819 1114 2872 τοῦ
1160 2820 1474 2890 ἐγείραντος
1529 2819 1738 2888 Ἰησοῦν

158 2911 399 2983 Χριστὸν
435 2911 574 2963 οἰκεῖ
603 2911 660 2962 ὲν
684 2911 838 2979 ἡμῖν,
873 2911 901 2960 6
939 2909 1159 2979 ἐγείρας
1188 2913 1254 2962 ὲκ
1285 2907 1494 2978 νεκρῶν
1534 2907 1743 2978 Ἰησοῦν

158 3001 400 3071 Χριστόν
434 2999 757 3068 ζωοποιήσει
791 3001 884 3052 καὶ
913 3001 981 3052 τὰ
1011 3000 1180 3069 θνητὰ
1207 2999 1434 3068 σώματα
1467 2998 1621 3069 ἡμῶν
1655 2997 1744 3050 διὰ

157 3093 259 3146 τοῦ
297 3091 630 3154 ἐνοικοῦντος
674 3090 838 3142 αὑτοῦ
871 3090 1184 3160 Πνεῦματος
1226 3092 1283 3142 ὲν
1313 3091 1444 3159 ἡμῖν
1469 3090 1516 3143 ι.
1561 3113 1577 3140 ι
1623 3087 1744 3160 Ζωὴ

163 3187 271 3255 μέν
303 3187 419 3236 ὲστι
465 3184 605 3236 κατὰ
646 3181 806 3250 φύσιν
841 3182 868 3232 6
911 3183 1204 3251 μονογενὴς
1241 3180 1336 3233 τοῦ
1364 3179 1501 3233 Θεοῦ
1540 3180 1741 3248 Λόγοςο

161 3276 428 3346 ἐπειδὴδὲ
459 3274 538 3345 τῷ
569 3273 783 3344 θανάτῳ
821 3275 1048 3343 κάτοχον
1077 3273 1391 3345 ἠμπέσχετο
1422 3273 1579 3344 σῶμα
1603 3313 1618 3336 ,
1653 3273 1749 3325 καὶ
1775 3304 1818 3357 C

162 3367 350 3437 χάριτι
379 3366 480 3436 μὲν
526 3365 662 3418 θεοῦ
699 3365 786 3418 διὰ
828 3364 929 3434 τῆς
967 3365 1101 3429 ἰδίας
1133 3366 1332 3436 σαρκὸς
1378 3366 1518 3436 ὑπὲρ
1547 3364 1746 3426 παντὸς

163 3458 432 3525 ἐγεύσατο
459 3458 713 3521 θανάτου,
735 3457 930 3520 θεῖκῶς
969 3474 1029 3526 γε
1060 3457 1166 3528 μὴν
1198 3457 1422 3518 ἀνεϐίω,
1462 3477 1479 3508 ι
1514 3451 1637 3510 καθ⁶
1663 3457 1746 3508 ὅτι

161 3550 267 3604 οὐκ
295 3546 360 3621 ἦν
388 3548 612 3602 δυνατὸν
639 3547 957 3620 κρατεῖσθαι
982 3547 1142 3601 αὑτὸν
1175 3548 1265 3599 ὑπ’
1291 3545 1455 3598 αὑτοῦ
1489 3543 1529 3599 ι,
1560 3570 1576 3597 ο
1600 3544 1747 3599 Tati-

161 3659 239 3714 τῃ
263 3660 364 3706 τοι,
391 3642 602 3710 κατάγε
626 3643 750 3705 τοὺς
780 3641 982 3713 ἀρτίως
999 3641 1132 3711 ἡμῖν
1152 3639 1512 3702 άποδοθέντας
1525 3635 1744 3706 λόγους,

163 3735 470 3804 ὲγηγέρθαι
510 3733 729 3802 λέγεται
753 3733 906 3802 παρὰ
929 3731 1023 3785 τοῦ
1048 3732 1280 3803 Πατρός.
1312 3731 1456 3802 Πλὴν
1483 3733 1656 3785 ἐκεῖνο
1683 3726 1749 3802 δὴ

163 3823 333 3878 πάλιν
390 3824 525 3892 φέρε
547 3821 610 3892 δὴ
631 3858 648 3885 ,
685 3820 818 3891 φέρε
849 3821 1299 3890 καταθρήσωμεν,
1327 3823 1375 3874 εί
1403 3821 1569 3874 δοκεῖ’
1601 3823 1744 3874 Ζωο-

164 3915 416 3984 ποιὴσειν
438 3913 540 3982 ἔφη
567 3913 658 3965 τὸν
680 3911 898 3982 Πατέρα
920 3911 1011 3965 καὶ
1028 3911 1096 3964 τά
1119 3911 1276 3981 ἡμῶν
1299 3911 1526 3983 σώματα
1547 3911 1632 3965 διὰ
1652 3909 1745 3965 τοῦ

164 4001 488 4072 Πνεύματος
515 4001 681 4056 αὐτοῦ
704 4000 1043 4063 ἐνοικοῦντος
1068 4001 1126 4052 ὲν
1154 4003 1306 4071 ἡμῖν·
1330 4003 1423 4053 καὶ
1452 4003 1649 4073 ἀληθὲς
1666 4004 1747 4054 ὅτι

164 4094 232 4147 τὸ
249 4093 437 4164 χρῆμά
455 4095 622 4157 ἐστιν,
639 4093 739 4144 οὑκ
763 4093 829 4145 ἂν
853 4091 1140 4144 ὲνδοιάσειέ
1170 4108 1271 4152 τις·
1308 4092 1424 4145 ἀλλ’
1449 4089 1579 4145 αὐτὸ
1602 4092 1666 4162 δὴ
1688 4092 1748 4143 τὸ

165 4182 397 4253 Πνεῦμα
411 4183 472 4235 τὸ
487 4181 808 4246 ζωοποιοῦν,
831 4182 924 4234 καὶ
939 4180 1101 4233 αὐτοῦ
1119 4179 1258 4234 Πνεῦ
1268 4183 1342 4251 μά
1358 4183 1473 4234 ἐστι
1487 4179 1744 4252 Χριστοῦ·

163 4273 478 4346 γέγραπται
509 4269 638 4343 γὰρ,
677 4273 759 4326 ὅτι
789 4291 808 4324 ι
831 4273 1019 4344 Ὑμεῖς
1051 4273 1148 4342 μὲν
1182 4275 1282 4326 οὐκ
1311 4272 1434 4324 ὲστὲ
1465 4275 1521 4326 ἐν
1551 4273 1747 4344 σαρκὶ,

163 4362 288 4416 ἀλλ’
319 4361 377 4415 ὲν
411 4361 704 4432 πνεύματι,
744 4356 905 4432 εἴπερ
933 4357 1156 4432 Πνεῦμα
1183 4360 1313 4414 Θεοῦ
1342 4361 1482 4414 οίκεῖ
1513 4362 1572 4414 ὲν
1599 4363 1744 4433 ὑμῖν.

167 4452 235 4506 El
267 4453 324 4507 δέ
352 4470 434 4516 τις
457 4453 681 4524 Πνεῦμα
710 4448 945 4524 Χριστοῦ
972 4453 1069 4505 οὐκ
1102 4452 1237 4523 ἔχει,
1270 4446 1426 4516 οὗτος
1462 4453 1560 4506 οὐκ
1601 4453 1747 4506 ἔστιν

164 4546 360 4602 αὐτοῦ.
407 4567 425 4600 ι
477 4547 587 4600 Καὶ
632 4545 794 4600 πάλιν
840 4545 968 4616 περὶ
1023 4544 1130 4598 τῶν
1184 4546 1354 4614 ἁγίων
1409 4544 1742 4599 ἀποστόλωνο

632 2743 650 2775 ι
676 2723 869 2778 Mortui
896 2724 1112 2792 quidem
1155 2735 1396 2793 peccato,
1459 2725 1702 2779 viventes
1747 2734 1925 2780 autem
1946 2725 2262 2791 justitim”.
2302 2744 2321 2777 ι

1919 2811 2053 2872 Llll.
2084 2837 2103 2870 ι
2127 2820 2279 2885 Quod
2305 2819 2350 2873 si
2386 2819 2618 2886 Spiritus
2648 2833 2766 2891 ejus
2799 2820 2889 2890 qtti
2925 2820 3204 2874 suscitavit
3237 2820 3423 2877 Jesum

1847 2907 2119 2963 Christum
2155 2925 2182 2961 a
2218 2910 2464 2972 mortuis,
2504 2911 2710 2964 habitat.
2749 2911 2799 2963 in
2848 2911 3022 2973 vobis,
3057 2912 3146 2979 qui
3184 2913 3423 2966 suscita-

1849 3000 1924 3055 vit
1954 3002 2135 3055 Jesum
2164 2999 2439 3053 Christum
2472 3017 2499 3053 a
2556 3001 2808 3065 mortuis,
2838 3000 3131 3055 viviﬁeahit
3174 3002 3427 3057 mortalia

1849 3108 2074 3162 corpora
2111 3105 2289 3146 vestra
2332 3109 2426 3161 per
2473 3091 2868 3146 inhabitantem
2905 3092 3170 3160 Spiritum
3200 3095 3318 3160 ejus
3373 3097 3426 3148 in

1849 3185 2001 3240 vobis
2020 3183 2084 3240 ⁸⁸.
2123 3203 2140 3236 ›
2177 3181 2288 3238 Etsi
2335 3182 2674 3252 unigenitum
2717 3184 2807 3238 Dei
2844 3182 3077 3238 Verbum
3127 3186 3426 3239 secundum

1851 3286 2098 3331 naturam
2125 3275 2230 3328 vita
2257 3285 2372 3328 est:
2401 3283 2639 3328 attamen
2668 3276 2810 3342 quod
2841 3289 3042 3344 corpus
3071 3276 3229 3330 morti
3251 3277 3426 3330 obno-

1853 3365 2002 3419 xium
2037 3364 2292 3428 induerit,
2340 3361 2498 3435 174
2539 3363 2711 3432 gratia
2757 3360 2847 3417 Dei
2876 3379 2971 3433 per
3003 3366 3276 3434 propriam
3307 3379 3428 3419 car-

1849 3471 1969 3509 nem
1996 3471 2092 3525 pro
2116 3456 2365 3509 omnibus
2387 3457 2623 3525 gusmvit
2653 3465 2884 3510 mortem
2907 3450 2952 3487 τ’
2979 3471 2994 3520 ;
3027 3469 3211 3509 verum
3243 3456 3426 3510 divina

1849 3548 2051 3601 virtute
2082 3548 2148 3601 ad
2179 3549 2342 3599 vitam
2377 3542 2557 3612 rediit,
2592 3565 2610 3598 ι
2639 3558 2912 3613 quatenus
2942 3547 3277 3617 impossibile
3307 3560 3429 3604 erat

1849 3653 1878 3690 ιι
1910 3647 2083 3691 morte
2114 3636 2262 3691 illum
2299 3635 2552 3692 teneri”.
2586 3656 2604 3690 ι
2635 3636 2717 3692 ()ι›
2751 3638 2848 3692 has
2893 3638 3078 3706 itaque
3121 3639 3362 3695 rationes
3392 3658 3426 3695 α

1849 3727 2007 3782 Patre
2041 3743 2071 3782 e
2103 3729 2327 3783 mortuis
2366 3733 2732 3784 exsuscitatus
2757 3729 2982 3784 dicitur.
3033 3726 3152 3783 1am
3180 3746 3308 3785 vero
3333 3747 3427 3787 ac-

1849 3830 2054 3884 curate,
2097 3819 2139 3872 si
2174 3817 2408 3885 videtur,
2459 3821 2854 3888 expendamus,
2897 3820 3172 3888 quomodo
3207 3819 3424 3875 Patrem

1849 3909 2100 3964 mortalia
2123 3926 2338 3980 quoque
2375 3921 2558 3966 nOSIra
2583 3925 2812 3980 corpora
2852 3926 2948 3980 per
2969 3907 3234 3978 Spiritum
3268 3928 3425 3965 suum

1848 4003 1938 4071 qui
1973 4002 2183 4055 habitat
2229 4003 2280 4055 in
2317 4001 2492 4066 nobis,
2523 3999 2925 4056 viviﬁcaturum
2959 4002 3234 4072 praedicet.
3277 4001 3424 4057 Vivi-

1852 4091 2031 4146 licabit
2066 4094 2269 4160 itaque,
2303 4108 2476 4162 neque
2510 4092 2576 4148 de
2610 4093 2770 4162 hujus
2800 4095 2874 4148 rei
2901 4093 3131 4151 Veritate
3177 4092 3427 4150 dubitare

1849 4185 1973 4239 licet
2016 4203 2028 4237 ε
2087 4195 2461 4239 verumtamen
2505 4184 2643 4239 idem
2693 4185 2784 4240 ille
2842 4181 3103 4240 vivificus.
3149 4183 3424 4254 Spiritus,

1849 4270 2048 4325 Christi
2087 4286 2306 4341 quoque
2346 4271 2589 4342 Spiritus
2618 4281 2722 4327 est.
2777 4267 3053 4342 Scriptum
3104 4282 3191 4330 est
3238 4276 3426 4330 enim:

1854 4380 1872 4413 ι
1909 4364 2017 4419 Vos
2054 4380 2156 4418 non
2189 4366 2324 4420 estis
2353 4365 2406 4419 in
2432 4381 2620 4430 carne,
2653 4368 2747 4421 sed
2801 4367 2854 4421 in
2904 4367 3134 4435 spiritu;
3165 4368 3210 4421 si
3244 4378 3427 4424 tamen

1849 4452 2086 4524 Spiritus
2111 4457 2200 4510 Dei
2236 4457 2450 4511 habitat
2479 4458 2531 4510 in
2571 4457 2742 4510 vobis.
2781 4458 2837 4510 Si
2873 4457 2998 4525 quis
3040 4469 3219 4511 autem
3253 4459 3430 4528 Spiri-

1849 4558 1959 4600 tum
2005 4547 2207 4602 Christi
2261 4565 2365 4601 non
2430 4548 2609 4609 habet,
2646 4549 2733 4602 hic
2767 4566 2872 4602 nott
2907 4559 2986 4603 est
3044 4549 3160 4618 ejus
3180 4549 3244 4604 ³⁸.
3288 4571 3306 4602 ι
3363 4553 3424 4606 Et

171 4659 192 4691 ι
242 4639 513 4702 Ἐλθόντες
541 4635 597 4691 δὲ
630 4633 768 4691 κατὰ
795 4638 894 4710 τὴν
929 4638 1162 4700 Μυσίαν,
1204 4637 1492 4708 ἐπείραζον
1525 4640 1605 4699 εἰς
1645 4640 1744 4706 τὴν

1852 4654 2064 4692 rursum
2103 4643 2166 4692 de
2222 4640 2425 4693 sanetis
2472 4641 2732 4709 apostolis
2786 4641 2857 4694 ita
2917 4641 3191 4695 scribitur.
3239 4661 3256 4692 ι
3286 4641 3420 4696 Cum

167 4731 424 4784 Β.θυνίαν
476 4729 846 4801 πορευθῆναι,
897 4731 992 4783 καὶ
1045 4730 1144 4781 οὐκ
1197 4731 1379 4781 εἴασεν
1433 4729 1627 4791 αὐτοὺς
1680 4727 1739 4778 τὸ

166 4819 395 4891 Πνεῦμα
446 4816 539 4873 τοῦ
601 4819 795 4889 Ἰησοῦ.
856 4839 873 4872 ι
935 4821 1065 4872 Ὅτε
1115 4821 1295 4871 τοίνυν
1348 4819 1478 4872 ἴδιόν
1527 4821 1643 4871 ἐστι
1681 4817 1742 4868 τὸ

166 4914 394 4984 Πνεῦμα
421 4915 514 4966 καὶ
540 4911 701 4965 αὐτοῦ
726 4910 818 4965 τοῦ
850 4912 1247 4983 ὲγηγερμένου,
1279 4913 1457 4964 καίτοι
1487 4911 1578 4964 τοῦ
1605 4910 1738 4963 Θεοῦ

163 5006 264 5059 καὶ
307 5002 516 5074 Πατρός
554 5003 944 5068 ζωοποιοῦντος
991 5005 1139 5073 ἡμᾶς
1186 5005 1243 5055 ἐν
1276 5001 1585 5072 Πνεύματι.
1624 5002 1741 5065 πῶς

164 5079 316 5151 ἐστιν
354 5093 743 5166 ἀμφιϐάλλειν,
777 5097 858 5149 ὅτι
901 5096 1216 5168 πέπρακται
1252 5097 1349 5166 μὲν
1395 5097 1522 5166 περὶ
1555 5095 1614 5148 τὸ
1643 5097 1737 5148 άν-

165 5188 440 5260 Θρὼπινον
479 5185 512 5259 ἡ
543 5186 855 5251 ἀνάστασις,
887 5189 1160 5261 ἑνήργηκε
1199 5189 1254 5241 δὲ
1285 5187 1344 5240 τὸ
1378 5188 1564 5258 χρῆμα
1601 5186 1738 5256 μετά

163 5282 262 5335 τοῦ
284 5279 413 5334 ίδίου
441 5278 652 5351 Πατρός
675 5279 702 5332 6
728 5280 788 5347 ἐξ
825 5281 990 5335 αὑτοῦ
1015 5279 1155 5335 κατὰ
1185 5281 1344 5350 φύσιν
1368 5280 1498 5343 Θεὸς
1530 5280 1702 5347 Λόγος
1721 5315 1738 5342 ,

162 5369 230 5430 οῦ
257 5376 351 5428 καὶ
375 5369 506 5427 ἴδιόν
538 5376 654 5427 ἐστι
681 5374 741 5428 τὺ
772 5367 992 5445 Πνεῦμα
1022 5375 1084 5427 τὸ
1108 5370 1401 5438 ζωοποιοῦν
1427 5389 1441 5437 ;

242 5597 289 5632 ³⁸
312 5598 465 5650 Rom.
496 5611 571 5661 vt,
602 5595 689 5650 15.
786 5594 830 5625 ³⁸
852 5593 1006 5652 Rom.
1040 5607 1154 5655 vni,
1185 5592 1268 5646 ll.

1348 5590 1389 5620 ³⁷
1430 5588 1589 5643 llebr.
1633 5603 1692 5649 tt,
1731 5587 1790 5642 l9

1846 4729 2126 4780 venissent
2157 4738 2334 4782 autem
2380 4731 2431 4781 in
2461 4726 2709 4799 Mysiam,
2739 4731 3018 4782 tentabant
3051 4729 3128 4781 ire
3150 4729 3200 4781 in
3237 4725 3424 4797 Bithy-

1849 4819 2029 4883 niam;
2066 4827 2118 4870 et
2154 4833 2255 4870 non
2294 4818 2542 4886 permisit
2571 4833 2666 4872 eos
2696 4817 2933 4884 Spiritus
2963 4817 3091 4872 Jesu
3112 4816 3183 4871 ‘°.
3228 4815 3423 4882 )_Cttttl

1850 4908 2084 4978 Spiritus
2106 4924 2232 4979 ergo
2258 4910 2425 4977 ipsius
2454 4920 2674 4990 quoque
2704 4908 3018 4963 exsuscitati
3047 4907 3299 4979 pr0prins
3328 4909 3416 4968 sit.

1847 4998 2194 5067 quantumvis
2248 4998 2388 5052 Deus
2432 4998 2593 5052 Pater
2636 5001 2688 5053 in
2731 4997 2941 5067 Spiritu
3003 5015 3101 5054 nos
3144 4998 3420 5052 viviﬁcare

1846 5088 2084 5152 dicatur;
2113 5088 2232 5154 quis
2264 5087 2507 5156 ambigat
2560 5091 3016 5143 resurrectionent
3045 5089 3096 5142 itt
3125 5089 3418 5142 humanam

1845 5190 2089 5232 naturam
2125 5178 2190 5230 ad
2239 5193 2361 5232 eum
2401 5179 2612 5231 modum
2664 5179 2946 5242 cecidisse,
2988 5187 3046 5231 ttt
3081 5192 3200 5230 eam
3240 5187 3417 5229 tamen

1845 5269 1984 5322 Deus
2023 5268 2260 5321 Verbum
2308 5283 2420 5323 una
2461 5285 2581 5323 cum
2622 5271 2909 5337 Patrehcx
2952 5285 3063 5338 quo
3099 5268 3417 5323 naturaliter

1842 5361 2105 5430 procedit.
2131 5359 2395 5421 eifecerit,
2432 5360 2586 5427 cujus
2613 5362 2860 5415 vivificns
2889 5361 2976 5415 ille
3016 5361 3252 5430 Spiritus
3293 5375 3416 5429 pro-

1843 5451 1991 5519 prins
2025 5463 2241 5518 quoque
2281 5449 2532 5504 exsistit?

1893 5586 1936 5617 ³⁸
1964 5587 2082 5638 Act.
2119 5600 2177 5645 ιι,
2208 5582 2296 5637 24.
2407 5584 2451 5615 ³⁸
2477 5584 2634 5639 Rom.
2672 5598 2791 5650 vni,
2818 5585 2871 5639 9.
2986 5583 3030 5613 ‘°
3060 5583 3176 5640 Act.
3202 5595 3293 5637 xvt
3357 5582 3412 5639 7.

1265 5705 1437 5760 Variae
1461 5703 1720 5759 lectiones
1747 5699 1946 5756 codicis
1980 5696 2336 5768 Seguieriani.

243 5823 274 5866 ι
308 5825 452 5895 ὑμῖν.
533 5820 548 5860 ¹
584 5821 688 5874 ὑπὸ
712 5819 804 5874 τοῦ
831 5819 1082 5874 θανάτου.
