4116 6488
716 401 850 459 NH

1703 398 1760 454 S.
1805 397 2076 452 CYRILLI
2112 393 2586 461 ALEXANDRINI
2628 391 2946 446 ARCHIEP.

3860 384 3989 438 μη

786 528 919 586 L’lV.
953 548 970 580 ι
1001 528 1081 581 An
1113 525 1541 596 experimentum
1570 529 1808 595 quaeritis
1838 527 1976 595 ejus,
1997 531 2086 598 qui
2122 530 2171 581 in
2204 543 2284 582 me

2459 528 2583 581 NA'.
2628 548 2645 578 ι
2686 528 2748 579 iii
2781 527 2834 579 δὲ
2880 522 3108 594 δοκιμὴν
3148 525 3362 591 ζητεῖτε
3390 520 3484 573 τοῦ
3537 521 3596 570 ἐν
3631 520 3763 587 ἐμοὶ
3902 520 3990 570 λα-

715 624 953 692 loquitur
979 621 1265 674 Christus:
1294 622 1386 689 qui
1417 622 1470 675 in
1507 621 1660 674 nobis
1699 634 1803 672 non
1834 620 2163 686 inﬁrmatur,
2196 623 2289 674 sed

712 723 904 782 potens
924 719 1004 764 est
1038 710 1090 763 in
1127 710 1326 766 vobis?
1357 711 1491 764 Nam
1523 710 1624 764 etsi
1656 708 1950 762 cruciﬁxus
1985 719 2069 763 est
2100 727 2164 762 ex
2203 712 2288 764 in-

716 803 989 862 ﬁrmitate,
1009 800 1106 855 sed
1127 802 1259 856 vivit
1283 817 1348 856 ex
1373 801 1574 853 vit-tote
1602 799 1862 854 Dei.Nam
1892 808 1944 851 et
1970 813 2066 852 nos
2088 800 2286 852 inlirini

714 907 900 949 smnus
928 892 980 946 in
1023 892 1156 947 illo:
1189 897 1281 948 sed
1308 895 1551 946 vivemus
1586 906 1704 943 eum
1744 905 1809 944 eo
1853 906 1917 943 ex
1954 890 2154 941 virtute
2197 889 2286 942 Dei

714 986 767 1038 in
790 983 942 1037 vobis
966 983 1033 1036 ιι.
1059 1001 1076 1035 ι
1099 981 1350 1037 Nonnulli
1382 997 1570 1036 eorum
1599 982 1688 1050 qui
1728 982 2093 1042 crediderunt,
2121 978 2288 1031 oﬁen-

713 1075 920 1129 sionem
948 1075 1014 1129 de
1057 1073 1285 1128 Domino
1315 1082 1503 1129 nostro
1532 1073 1659 1128 Jesn
1691 1075 1911 1128 Christo
1936 1088 1998 1125 ex
2031 1086 2289 1139 quorum-

713 1166 837 1218 dam
893 1166 1236 1221 sermonibus
1280 1166 1457 1232 passi,
1507 1167 1558 1219 in
1611 1166 1876 1235 ejusmodi
1932 1164 2289 1232 cogitationes

714 1257 1019 1326 praecipites
1045 1258 1291 1310 abierant
1322 1275 1335 1310 :
1376 1258 1432 1311 Si
1469 1273 1628 1311 verus
1655 1257 1797 1312 Deus
1832 1267 1969 1316 erat,
2001 1253 2290 1306 naturalis-

713 1362 817 1415 que
838 1348 1222 1416 omnipotentis
1243 1346 1333 1402 Dei
1356 1347 1646 1412 Filius,enr
1661 1347 2055 1401 homicidarum
2098 1358 2290 1401 manus

715 1454 823 1492 non
855 1438 1081 1508 etfugit?
1113 1455 1235 1494 nam
1271 1441 1746 1508 probrosissimam
1776 1440 1827 1492 in
1857 1453 2017 1491 cruce
2061 1447 2288 1490 mortem

714 1530 1057 1596 perferendo,
1098 1530 1325 1596 intelligi
1384 1547 1488 1584 non
1540 1541 1734 1599 potest,
1761 1530 2032 1597 quomodo
2054 1538 2107 1581 et
2151 1527 2289 1580 Deus

712 1622 1006 1684 exstiterit,
1039 1631 1095 1675 et
1123 1621 1557 1691 erucitigentimn
1592 1633 1769 1672 tamen
1804 1619 2056 1673 manibus
2109 1635 2290 1673 cesse-

710 1712 800 1776 rit,
833 1711 1144 1779 nostrisque
1186 1710 1598 1763 infirmitatibus
1645 1709 1942 1762 obstrictus
1995 1709 2176 1762 fuerit.
2210 1709 2287 1764 Ad

713 1806 1016 1872 huiusmodi
1061 1815 1239 1858 autem
1296 1806 1661 1872 cogitationes
1708 1805 1900 1873 beatus
1962 1804 2161 1858 Paulus
2217 1807 2286 1856 ita

2391 622 2610 684 λοῦντος
2654 616 2888 690 Χριστοῦ
2915 656 2929 678 ,
2979 616 3036 678 ὃς
3083 618 3162 678 εἰς
3210 618 3357 684 ἡμᾶς
3403 615 3505 668 οὐκ
3549 611 3821 671 ἀσθενεῖ,
3859 612 3989 662 an

2389 715 2601 767 δυνατεί
2628 725 2651 751 η
2681 715 2736 765 ἐν
2768 713 2915 781 ἡμῖν.
2961 709 3069 760 Καὶ
3102 708 3210 776 γὰρ
3273 711 3320 760 εἰ
3359 705 3683 775 ἐσταυρώθη
3727 705 3788 766 ἐξ
3832 705 3989 757 ἀσθε-

2391 807 2573 870 νείας,
2612 806 2745 858 ἀλλὰ
2777 805 2842 873 ζῇ
2890 802 2954 853 ὲκ
2996 800 3278 868 δυνάμεως
3320 798 3478 854 Θεοῦ.
3513 799 3624 851 Καὶ
3676 797 3793 866 γὰρ
3833 797 3988 863 ἡμεῖς

2389 896 2724 965 ἀσθενοῦμεν
2763 897 2818 947 ἐν
2864 890 3050 961 αὐτῷ,
3101 888 3237 942 ἀλλά
3285 887 3526 960 ζήσομεν
3567 887 3668 940 σὺν
3720 883 3879 952 αὐτῷ
3930 885 3991 935 ἑτι

2388 986 2672 1056 δυνάμεως
2716 986 2850 1040 Θεοῦ
2904 986 2984 1047 εἰς
3022 982 3184 1051 ὑμᾶς.
3220 1000 3249 1032 -ο
3301 979 3793 1043 Ἐσκανδαλίζοντό
3846 993 3989 1036 τινες

2388 1078 2498 1128 τῶν
2553 1077 2994 1137 πεπιστευκότων
3025 1073 3104 1136 είς
3159 1073 3252 1124 τὸν
3307 1072 3512 1142 Κύριον
3568 1072 3734 1142 ἡμῶν
3776 1067 3990 1137 Ἰησοῦν

2388 1167 2478 1220 τὸν
2503 1169 2757 1237 Χριστὸν,
2789 1172 2929 1239 τάχα
2972 1185 3070 1220 που
3098 1164 3273 1232 λόγοις
3301 1166 3411 1226 τοῖς
3443 1166 3599 1235 παρά
3621 1181 3793 1217 τινων
3831 1165 3990 1215 ἐπεν-

2389 1260 2707 1329 ηνεγμένοις
2732 1271 2753 1291 °
2809 1261 2943 1331 πρὸς
3015 1258 3222 1320 ἐννοίας
3261 1255 3552 1318 τοιαύτας⁸
3582 1273 3593 1283 ’
3619 1257 3687 1308 Εἰ
3734 1255 3876 1316 Θεὸς
3927 1249 3988 1320 ἦν

2388 1350 2636 1420 ἀληθῶς,
2678 1353 2772 1404 καὶ
2803 1352 2932 1415 Υἱὸς
2977 1350 3117 1404 κατὰ
3150 1352 3311 1414 φύσιν
3351 1346 3446 1399 τοῦ
3478 1349 3658 1400 πάντα
3705 1347 3988 1416 ἰσχύοντκ

2389 1443 2555 1507 Θεοῦ,
2590 1443 2708 1507 πῶς
2742 1445 2804 1496 οὐ
2837 1445 3020 1514 διέδρα
3048 1445 3149 1506 τὰς
3180 1440 3289 1494 τῶν
3328 1439 3613 1506 φονώντων
3646 1438 3984 1500 ἐπιϐουλάς,

2389 1535 2505 1598 πῶς
2555 1533 2610 1586 δὲ
2638 1535 2733 1587 καὶ
2766 1537 3068 1604 ἀτιμότατα
3087 1546 3113 1584 P
3139 1534 3231 1587 τὸν
3262 1532 3355 1585 ὲπξ
3385 1529 3541 1594 ξύλου
3578 1531 3823 1584 θάνατον
3853 1533 3984 1582 ἀνι-

2388 1629 2516 1688 τλάς
2542 1669 2556 1692 ,
2588 1628 2688 1680 οὐκ
2742 1627 2807 1680 ἂν
2849 1631 3040 1680 νοοῖτο
3070 1627 3164 1679 καὶ
3220 1617 3363 1694 μάλα
3418 1623 3644 1686 εἰκότως
3678 1623 3984 1689 ἀσθενῆσαι

2388 1720 2510 1773 καθ’
2548 1719 2695 1787 ἡμᾶς
2717 1759 2730 1781 ,
2754 1718 2848 1770 καὶ
2876 1718 2975 1786 τῆς
3007 1717 3116 1768 τῶν
3150 1713 3524 1778 σταυρούντων
3560 1716 3840 1783 ἡττῆσθαι
3870 1732 3982 1783 χει·

2393 1814 2504 1883 ρόςς
2530 1811 2672 1881 Πρὸς
2696 1809 2846 1879 δὴτά
2875 1810 3051 1862 τοιάδε
3083 1809 3246 1877 φησὶν
3279 1809 3307 1859 ὁ
3341 1805 3627 1868 θεσπέσιος
3653 1808 3896 1870 Παῦλκ·
3927 1807 3982 1856 [ί

709 1900 1032 1966 respondet:
1066 1895 1122 1950 Si
1161 1895 1444 1950 volueritis
1482 1897 1618 1964 apud
1647 1897 1858 1951 animos
1904 1906 2117 1950 vestros
2147 1896 2284 1950 serio

2393 1905 2498 1975 γὰρ
2524 1902 2587 1974 δὴ
2616 1900 2892 1971 βούλοισθε
2933 1901 3249 1972 δοκιμάζειν
3283 1897 3458 1967 ὀρθῶς
3480 1939 3495 1960 ,
3532 1898 3615 1960 τίς
3642 1899 3711 1950 ἂν
3748 1900 3865 1965 εἴτε,
3894 1899 3983 1949 καὶ

710 1991 1081 2054 considerare,
1107 1990 1421 2057 qnisnamet
1446 1991 1622 2056 qualis
1641 1989 1822 2057 sitqui
1844 1990 1896 2043 in
1925 2004 2008 2042 me
2031 1989 2287 2057 loquitur,

707 2096 770 2136 ea
799 2082 986 2135 sedulo
1022 2089 1362 2150 reputantes,
1381 2095 1503 2148 quae
1528 2081 1595 2134 ad
1620 2095 1717 2134 nos
1750 2089 2017 2150 spectant,
2042 2080 2288 2132 idoneam

709 2189 831 2226 mox
885 2175 1009 2227 nodi
1058 2172 1217 2242 hujus
1254 2171 1574 2225 solutionem
1624 2173 1924 2242 reperietis.
1977 2172 2093 2226 Non
2144 2172 2286 2225 enim

708 2267 958 2319 inﬁrmus
977 2264 1082 2319 fuit
1112 2266 1162 2319 in
1184 2266 1360 2328 nobis.
1399 2266 1556 2336 175
1584 2268 1677 2320 sed
1709 2282 1804 2335 per
1835 2265 2093 2334 Spiritum
2129 2277 2286 2317 suum

707 2367 1114 2425 prapotentent,
1169 2357 1424 2412 virtutem
1477 2357 1960 2426 etﬁcacitatemque
2007 2362 2285 2427 ostendit;

710 2450 866 2503 talem
911 2450 1191 2514 nimirum,
1217 2461 1274 2504 ut
1303 2452 1440 2504 citra
1472 2465 1684 2504 omnem
1722 2449 2094 2507 difﬁcultatem
2121 2471 2288 2524 quos-

707 2546 788 2598 vis
851 2545 1176 2598 irruentium
1240 2543 1599 2596 tentationum
1658 2543 1888 2610 impetus
1945 2547 2284 2613 prepulsare,

706 2637 1029 2705 cunctisque
1074 2635 1430 2689 aiﬁictionum
1480 2633 1772 2688 insultibus
1834 2633 2082 2688 animose
2133 2637 2283 2691 obsi-

706 2740 850 2783 stere
894 2727 1073 2781 liceat.
1101 2726 1241 2793 Quid
1275 2726 1448 2796 ergo?
1487 2727 1630 2780 dicet
1656 2727 1876 2794 aliquis,
1908 2741 1940 2781 ο
1971 2726 2159 2793 Paule,
2215 2746 2282 2784 an

705 2835 812 2874 non
872 2820 1211 2874 infirmitatis
1255 2819 1514 2872 indicium
1563 2819 1663 2871 fuit
1717 2834 1935 2873 crucem
1975 2821 2287 2876 sustinere?

705 2912 855 2965 Itane
883 2926 1014 2965 vero
1041 2927 1102 2965 ea
1140 2927 1226 2965 res
1270 2911 1488 2966 virtutis
1517 2913 1897 2981 argumentum
1927 2914 2181 2968 exstitit?
2216 2930 2282 2969 an

705 3003 937 3057 divinm?
988 3002 1204 3058 Minime
1255 3004 1518 3072 gentium,
1575 3004 1769 3072 inquit.
1833 3005 2086 3074 Agnosco
2139 3005 2282 3059 enim

706 3093 853 3149 illum
897 3109 1065 3148 carne
1103 3094 1434 3148 inﬁrmatam
1471 3109 1612 3160 esse,
1659 3111 1847 3151 rursus
1881 3107 2060 3152 autem
2102 3098 2281 3152 divina

704 3185 910 3240 virtute
941 3183 1238 3238 revixisse:
1279 3198 1400 3236 nam
1443 3185 1584 3239 Deus
1622 3196 1814 3240 natura
1863 3196 2002 3242 erat.
2048 3186 2157 3241 Cur
2188 3189 2284 3259 igi-

2397 1997 2557 2058 πόσος
2584 1997 2611 2048 ὁ
2648 1992 2824 2046 λαλῶν
2863 1995 2921 2045 ὲν
2949 1993 3073 2061 ἐμοὶ⁷
3097 2032 3112 2056 ,
3141 1991 3209 2045 τὰ
3248 1991 3371 2042 καθ’
3411 1989 3552 2058 ὑμᾶς
3588 1991 3793 2052 αὐτοὺς
3831 1993 3980 2043 ἐννε-

2394 2087 2647 2158 νοηκότες
2672 2124 2686 2149 ,
2721 2083 3050 2154 ἀποχρῶσαν
3090 2083 3348 2153 εὑρήσετε
3392 2081 3493 2149 τὴν
3521 2081 3861 2149 κατάληψιν.
3908 2081 3979 2132 Οὐ

2394 2180 2502 2250 γὰρ
2523 2177 2822 2248 ἠσθένησεν
2867 2177 2924 2227 ὲν
2960 2177 3112 2245 ἡμῖν,
3143 2174 3388 2243 ἀπέφηνε
3414 2172 3470 2224 δὲ
3506 2171 3709 2240 μᾶλλον
3737 2172 3981 2226 δυνατώο

2391 2287 2551 2324 τατον
2596 2280 2623 2319 (ι
2667 2268 2754 2322 διὰ
2805 2266 2900 2319 τοῦ
2943 2267 3074 2320 ἰδίου
3119 2265 3472 2334 Πνεύματος,
3519 2263 3659 2316 ὥστε
3715 2265 3982 2317 δύνασθαι

2391 2362 2593 2425 παντὸς
2617 2359 3093 2428 κατευμεγεθῆσαι
3124 2356 3431 2426 πειρασμοῦ
3455 2357 3550 2410 καὶ
3576 2354 3726 2424 μάλα
3757 2356 3980 2426 ῥᾳδίως.

2391 2457 2484 2507 καὶ
2514 2458 2632 2518 ταῖς
2660 2453 2767 2506 τῶν
2800 2451 2988 2504 παθῶν
3029 2449 3238 2518 ἐφόδοις
3270 2447 3656 2518 ἀντιφέρεσθαι
3689 2450 3977 2510 νεανικῶς.

2390 2547 2455 2598 Τί
2485 2542 2597 2612 οὖν,
2626 2540 2671 2598 ὦ
2702 2545 2913 2607 Παῦλε,
2945 2544 3080 2612 φαίη
3111 2560 3194 2604 τις
3219 2541 3308 2605 ἂν,
3361 2543 3460 2594 οὐκ
3492 2541 3782 2604 ἀσθενείας
3819 2542 3980 2611 ἔργον

2389 2637 2495 2708 φὴς
2521 2632 2662 2690 εἶναι
2700 2638 2761 2689 τδ
2789 2638 3081 2706 ὑπομεῖναι
3123 2633 3377 2704 σταυρὸν,
3416 2633 3531 2685 ἀλλ’
3564 2632 3798 2696 ἔνδειξιν
3837 2630 3976 2684 εἶναι

2386 2729 2450 2781 τὸ
2478 2729 2666 2797 χρῆμα
2693 2727 3007 2796 δυνάμεωςς
3033 2722 3101 2780 *Α
3116 2743 3182 2796 ρα
3221 2725 3321 2793 τῆς
3352 2724 3734 2794 θεοπρεποῦςς
3761 2726 3836 2777 0-3
3850 2742 3982 2793 μεν.

2385 2817 2500 2882 οῦν,
2538 2817 2729 2886 φησίν.
2759 2817 3040 2886 Ὀμολογῶ
3067 2817 3174 2883 γὰρ
3201 2817 3364 2868 αὑτὸν
3393 2815 3760 2885 ἡσθενηκέναι
3794 2819 3976 2887 capud,

2387 2908 2553 2980 ζῆσαι
2575 2908 2631 2961 δὲ
2658 2907 2821 2961 πάλιν
2847 2908 2911 2960 ὲκ
2931 2907 3214 2976 δυνάμεως
3237 2904 3397 2959 Θεοῦ’
3419 2905 3552 2968 Θεὸς
3568 2906 3680 2977 γὰρ
3701 2902 3772 2977 ἦν
3795 2908 3975 2974 φύσει.

2388 3003 2513 3065 Πῶς
2534 2997 2625 3055 οὖν
2648 3001 2912 3070 ἠσθένησε
2938 3016 2952 3064 ;
2977 2999 3349 3071 Συγχωρήσας
3375 2998 3455 3068 τῷ
3486 2999 3602 3068 ἰδίῳ
3633 2999 3855 3069 σώματι
3891 3001 3980 3052 καὶ

2388 3093 2620 3146 θανάτου
2642 3092 2944 3160 γεύσασθαι
2971 3091 3039 3145 δι’
3089 3092 3273 3162 ἡμᾶς,
3310 3109 3329 3142 ‹
3383 3090 3471 3143 ἵνα
3494 3090 3582 3143 διά
3615 3092 3711 3144 τοῦ
3746 3092 3974 3145 θανάτου

2388 3186 2709 3255 καταργήσῃ
2737 3184 2830 3236 τὸν
2861 3184 2920 3236 τὸ
2944 3185 3143 3255 κράτος
3177 3181 3368 3252 ἔχοντα
3399 3181 3492 3234 τοῦ
3521 3181 3757 3236 Θανάτου
3777 3224 3791 3242 .
3818 3199 3973 3235 τουτ-

711 3286 822 3342 tttr,
850 3285 944 3331 aut
973 3276 1244 3345 quomodo
1273 3275 1578 3331 inﬁrmatus
1622 3278 1747 3332 est?
1789 3279 2066 3347 proprium
2113 3279 2278 3334 etiam

2387 3275 2501 3328 ἐστι
2539 3276 2631 3327 τὸν
2688 3275 2960 3341 διάϐολον,
2992 3276 3086 3327 καὶ
3117 3273 3399 3342 ἀπαλλάξῃ
3430 3272 3654 3336 τούτους
3686 3276 3802 3327 ὅσοι
3827 3273 3974 3341 φόϐῳ

706 3383 902 3439 corpus
926 3376 1153 3422 mortem
1181 3369 1349 3423 nostri
1380 3383 1541 3422 causa
1573 3369 1859 3438 degusmre
1891 3370 2099 3436 sinetis,
2130 3390 2149 3423 ι
2175 3388 2282 3440 quo

708 3460 966 3513 nimirum
1013 3472 1111 3527 per
1148 3471 1377 3516 mortem
1413 3461 1714 3514 destrueret
1773 3476 1893 3514 enm
1955 3463 2043 3531 qni
2089 3466 2283 3519 mortis

706 3552 938 3607 habebat
976 3553 1288 3623 imperium,
1329 3553 1433 3608 hoc
1464 3562 1546 3607 est
1581 3552 1894 3607 diabolum:
1939 3563 1992 3608 et
2026 3555 2284 3609 liberaret

705 3658 800 3699 eos
822 3645 911 3713 qui
944 3644 1141 3699 timore
1162 3643 1355 3699 mortis
1378 3658 1474 3713 per
1499 3652 1668 3697 totam
1695 3645 1858 3696 vitam
1878 3644 2099 3699 obnoxii
2126 3658 2282 3700 erant

705 3735 1034 3790 servituti".
1076 3752 1095 3786 ι
1133 3736 1265 3790 Cum
1294 3736 1461 3804 igitur
1496 3733 1707 3789 modica
1733 3735 2026 3790 secundum
2062 3752 2280 3792 carnem

707 3824 996 3879 inﬁrmitas
1029 3825 1114 3880 his
1155 3826 1348 3880 salutis
1370 3839 1536 3880 causa
1577 3825 1851 3879 exstiterit
1875 3826 1966 3896 qui
2000 3827 2099 3880 sub
2144 3828 2284 3882 coelo

703 3921 849 3977 sunt,
873 3914 1144 3980 quomodo
1173 3928 1276 3968 non
1321 3913 1522 3982 oppido
1553 3914 1778 3968 decebat
1829 3925 1885 3969 ιιι
1905 3930 2024 3968 eam
2058 3917 2282 3971 inﬁrmi-

705 4015 870 4057 tatem
936 4005 1166 4070 subiret,
1211 4021 1319 4074 quo
1381 4015 1614 4060 mortem
1656 4007 2000 4062 destrueret?
2064 4012 2282 4077 proprio

704 4095 904 4164 templo
938 4095 1134 4151 iterum
1165 4097 1459 4163 viviﬁcato,
1494 4097 1748 4152 omnibus
1796 4099 2139 4153 admirationi
2177 4110 2278 4166 est,

705 4203 815 4243 non
850 4204 945 4257 per
977 4190 1156 4243 carnis
1190 4188 1586 4252 inﬁrmitatem,
1634 4191 1728 4243 sed
1773 4205 1871 4259 per
1906 4191 2160 4244 virtutem
2197 4193 2283 4244 di-

701 4282 881 4334 vinam
913 4282 1014 4335 hoc
1039 4290 1334 4348 pratstans:
1363 4298 1380 4330 ι
1408 4279 1503 4334 Est
1528 4280 1672 4333 enim
1703 4281 1790 4334 ille
1815 4281 1988 4336 Patris
2020 4282 2186 4336 virtus
2211 4286 2281 4348 ⁸³,

701 4382 753 4426 et
785 4372 1116 4426 resurrectio
1174 4380 1229 4424 et
1283 4370 1476 4424 vita“.
1509 4389 1526 4421 ι
1581 4369 1723 4424 Vivit
1781 4371 1964 4441 itaque
2034 4388 2280 4442 semper;

702 4466 813 4516 vita
846 4477 1079 4532 namque
1126 4473 1228 4518 est.
1261 4463 1447 4532 Neque
1477 4464 1829 4518 dubitandum
1885 4475 1967 4519 est
2022 4468 2152 4535 quin
2184 4485 2280 4524 nos

705 4568 919 4622 quaque
949 4554 1077 4606 olim
1110 4555 1214 4607 vita
1258 4570 1380 4607 cum
1417 4555 1506 4607 illo
1537 4554 1751 4609 fruituri
1791 4555 1982 4620 simus,
2017 4558 2106 4626 qui
2141 4575 2281 4613 nunc

2386 3366 2615 3420 θανάτου
2644 3367 2732 3420 διά
2762 3369 2964 3430 παντὸς
2989 3365 3084 3420 τοῦ
3122 3365 3224 3436 ζῇν
3257 3365 3431 3436 ἔνοχοι
3469 3360 3611 3436 ἦσαν
3641 3365 3909 3428 δουλείας.
3948 3385 3965 3415 ι

2387 3461 2515 3512 Ὅτε
2542 3459 2722 3511 τοίνυν
2763 3459 2821 3510 τὸ
2849 3458 3146 3536 ἀσθενῆσαι
3175 3459 3372 3530 βραχὺ,
3410 3457 3554 3510 κατά
3574 3474 3639 3524 γε
3670 3457 3772 3528 τὴν
3797 3459 3973 3528 σάρκα

2385 3551 2565 3620 φημὶ,
2599 3551 2874 3621 σωτηρίας
2917 3545 2986 3621 ἦν
3033 3549 3306 3622 πρόφασις
3348 3551 3462 3610 τοῖς
3490 3549 3596 3600 ἁνὰ⁵
3644 3550 3825 3600 πᾶσαν
3874 3551 3970 3618 τὴν

2385 3643 2478 3694 ὑπ’
2509 3641 2760 3710 οὐρανὸν,
2810 3640 2929 3703 πῶς
2971 3640 3071 3693 οὐκ
3118 3640 3225 3693 ἔδει
3282 3640 3478 3692 παθεῖν
3527 3639 3626 3710 τὴν
3660 3639 3967 3702 ἀσθένειαν,

2385 3735 2470 3786 ἵνα
2503 3733 2568 3785 δι’
2599 3733 2770 3802 αὐτῆς
2805 3734 3132 3806 καταργήσῃ
3178 3732 3270 3785 τὸν
3317 3731 3582 3796 θάνατον;
3611 3732 3967 3802 Θαυμάςεται

2384 3826 2545 3878 πάλιν
2569 3826 2660 3879 τὸν
2692 3823 2884 3878 ἑαυτοῦ
2913 3824 3258 3894 ζωοποιήσας
3280 3823 3406 3876 ναὸν
3429 3862 3443 3886 ,
3470 3823 3572 3875 οὐκ
3595 3824 3654 3888 ἐξ
3685 3824 3966 3884 ἀσθενείας

2381 3914 2540 3968 τοῦτο
2593 3912 2873 3984 κατορθῶν
2924 3914 3233 3984 σαρκικῆς,
3278 3913 3393 3964 ἀλλ’
3441 3912 3516 3972 ὡς
3566 3914 3631 3964 ὲκ
3680 3914 3963 3982 δυνάμεως

2383 4008 2541 4062 Θεοῦ·
2577 4005 2768 4059 «Ἔστι
2792 4006 2849 4058 δὲ
2877 4006 3036 4068 αὐτὸς
3066 4007 3098 4075 ἠ
3124 4005 3356 4074 δύναμις
3381 4004 3476 4056 τοῦ
3509 4004 3743 4073 Πατρός,
3772 4007 3806 4075 ὴ
3840 4006 3964 4058 ἀνά·

2386 4119 2572 4164 στασις
2599 4100 2744 4170 καὶὴ
2776 4099 2944 4169 ζωή.»
2982 4102 3059 4170 Ζῇ
3085 4097 3377 4168 τοιγαροῦν
3395 4097 3634 4170 ἀεί’ζωὴ
3663 4099 3772 4170 γάρ
3796 4101 3958 4151 ἐστιν.

2386 4196 2509 4247 Ὅτι
2537 4194 2593 4246 δὲ
2621 4193 2716 4245 καὶ
2755 4195 2914 4262 ἡμεῖς
2945 4191 3184 4261 ζήσομεν
3213 4191 3312 4243 σὺν
3347 4191 3532 4261 αὐτῷ,
3566 4192 3959 4263 συιησθενηκό-

2384 4301 2473 4348 τες
2500 4283 2648 4353 αὖτῷ
2673 4324 2687 4348 ,
2722 4284 2864 4336 κατά
2893 4299 2956 4348 γε
2989 4281 3050 4333 τὸ
3081 4279 3448 4351 ἀποθνήσκειν
3480 4283 3614 4344 τέως
3635 4322 3650 4346 ,
3689 4284 3737 4333 εἰ
3778 4285 3870 4336 καὶ
3907 4286 3962 4334 ἐν

2386 4377 2598 4429 ἐλπίσιν
2627 4375 2792 4444 ἐσμὲν
2818 4375 2915 4443 τῆς
2939 4374 3020 4437 είς
3044 4373 3218 4426 αἰῶνα
3254 4373 3426 4444 ζωῆς,
3464 4373 3582 4437 πῶς
3615 4375 3761 4427 ἐστιν
3793 4377 3959 4444 ἀμφι-

2385 4468 2598 4532 6αλεῖν;
2643 4465 2868 4519 Ἀνεὸίω
2897 4463 3005 4536 γὰρ
3033 4467 3096 4518 ἐκ
3126 4465 3336 4534 νεκρῶν
3361 4505 3376 4533 ,
3424 4464 3540 4528 ὁδὸς
3581 4467 3661 4528 εἰς
3699 4467 3844 4538 ζωὴν
3875 4486 3960 4536 γε.

2383 4559 2555 4626 γονὼς
2597 4560 2663 4628 τῇ
2713 4559 2894 4626 φύσει.
2947 4557 3178 4628 Εἴρηται
3223 4556 3333 4628 γὰρ
3382 4557 3730 4628 πρωτότοκος
3777 4561 3843 4612 ὲκ
3881 4578 3960 4613 νε-

705 4645 868 4699 simul
885 4659 1004 4699 cum
1025 4645 1113 4699 illo
1133 4646 1446 4700 inﬁrmitate
1463 4645 1733 4715 jactamnr
1754 4657 1980 4702 mortem
2004 4649 2277 4716 obeundo,

2387 4648 2553 4719 κρῶν,
2592 4667 2611 4698 ι
2667 4649 2762 4701 καὶ
2798 4667 2816 4697 r
2846 4647 3066 4719 ἀπαρχὴ
3096 4648 3206 4700 τῶν
3235 4650 3675 4718 κεκοιμημένων.
3717 4669 3736 4698 ι

703 4739 949 4805 quamvis
995 4748 1141 4792 certa
1193 4748 1407 4792 mternze
1463 4754 1558 4808 spe
1616 4749 2002 4797 snstentemnr.
2054 4743 2268 4801 Revixit
2307 4747 2449 4803 enittt
2499 4759 2563 4796 ex
2655 4741 2907 4805 mortuis,
2967 4753 3172 4796 natura:
3234 4752 3434 4797 nostra:
3527 4743 3629 4797 iter
3683 4745 3748 4796 ad
3800 4746 3956 4799 vitam

704 4830 994 4884 muniens:
1065 4832 1363 4898 appellatus
1434 4842 1519 4886 cst
1586 4834 1729 4887 enim
1802 4856 1820 4885 ε
1875 4837 2272 4905 printogenitus
2310 4857 2377 4896 ex
2444 4837 2672 4890 mortuis
2693 4836 2761 4901 ",
2791 4855 2808 4888 ο
2848 4846 2904 4889 et
2944 4853 2963 4885 ι
3005 4835 3262 4906 primitias
3294 4837 3678 4890 dormientium
3706 4837 3772 4890 “.
3799 4859 3816 4889 ι

775 4918 883 4975 LV.
921 4937 940 4970 ι
975 4920 1132 4974 Nunc
1163 4921 1341 4973 anima
1394 4936 1510 4975 mea
1543 4924 1756 4976 turbata
1786 4933 1889 4977 est.
1927 4925 1989 4978 Et
2040 4926 2167 4994 quid
2200 4929 2281 4981 tli-

703 5011 870 5067 catn?
904 5011 1082 5075 Pater,
1125 5013 1269 5065 salva
1319 5027 1403 5066 me
1437 5027 1500 5066 ex
1540 5014 1644 5068 hac
1688 5015 1840 5070 hora.
1900 5015 2010 5070 Sed
2061 5028 2280 5087 propter

705 5104 807 5157 hoc
845 5103 964 5154 veni
1007 5103 1060 5156 in
1104 5103 1289 5156 horam
1339 5109 1478 5158 hanc
1500 5105 1567 5158 ⁸⁷.
1609 5124 1626 5156 ι
1661 5135 1722 5145 -
1770 5125 1788 5157 t
1822 5106 2009 5174 Pater,
2041 5111 2279 5164 clariﬁca

704 5191 898 5246 Filium
936 5204 1084 5247 tuum
1107 5193 1172 5247 "'.
1208 5213 1227 5246 ι
1280 5195 1346 5248 Ει
1374 5195 1481 5248 alio
1513 5197 1630 5250 loco
1682 5214 1926 5254 rursum:
1969 5220 1985 5251 ‹
2024 5200 2085 5254 Et
2114 5203 2283 5269 cwpit

705 5284 1022 5338 contristari
1073 5295 1128 5339 et
1176 5296 1401 5341 nnestns
1453 5302 1595 5354 esse,
1633 5299 1685 5343 et
1735 5291 1908 5345 dixit:
1955 5293 2152 5347 Tristis
2200 5303 2283 5348 est

787 5437 824 5469 “
859 5437 896 5491 ll
928 5438 1054 5494 Cor.
1090 5457 1210 5502 xm.
1238 5442 1294 5506 5,
1323 5443 1376 5495 4.

712 5523 798 5574 ιν,
827 5510 919 5563 20.

1452 5443 1496 5475 δ’
1523 5443 1686 5499 Hebr.
1724 5461 1760 5507 ι,
1795 5446 1879 5511 Η,
1916 5448 2002 5502 15.

998 5512 1040 5541 ⁸⁷
1077 5510 1232 5566 Joan.
1277 5529 1374 5576 xtl,
1405 5514 1492 5567 27.
1573 5515 1616 5546 ’⁵⁸
1644 5515 1797 5572 Joan.
1839 5510 1971 5582 xvtt,
2009 5520 2059 5572 ιι.

2084 5447 2174 5501 ⁸³1
2209 5448 2332 5503 Cor.
2367 5463 2404 5510 ι,
2431 5448 2522 5502 2i.

2453 4927 2580 4978 NE'.
2617 4944 2634 4976 ι
2662 4924 2777 4977 Νῦν
2813 4925 2845 4995 ἡ
2873 4925 3019 4996 ψυχή
3050 4942 3152 4997 μου
3181 4925 3538 4995 τετάρακται.
3572 4930 3685 4982 Καὶ
3708 4930 3761 4981 τί
3786 4930 3954 4993 εῖπως

2383 5018 2603 5088 Πάτερ,
2636 5017 2808 5070 σῶσόν
2855 5035 2924 5084 με
2967 5018 3031 5069 ὲκ
3083 5018 3182 5087 τῆς
3226 5016 3374 5088 ὥρας
3410 5021 3637 5090 ταύτης.
3688 5021 3849 5074 Ἀλλά
3878 5022 3958 5073 διὰ

2384 5109 2542 5162 τοῦτο
2563 5104 2726 5179 ἦλθον
2747 5110 2824 5170 είς
2841 5109 2940 5177 τὴν
2959 5107 3114 5180 ὥραν
3141 5111 3368 5178 ταύτην.
3382 5129 3503 5161 »-‹
3517 5111 3724 5181 Πάτερ,
3744 5113 3955 5178 δόξασόν

2387 5221 2480 5256 σου
2509 5203 2770 5255 τὸνΥίόν.’
2802 5220 2820 5252 ι
2857 5203 2967 5255 Καὶ
2991 5201 3175 5255 πάλιν*
3210 5220 3229 5253 t
3260 5204 3501 5273 ’Ἤρξατο
3532 5204 3840 5269 λυπεῖσθαι,
3869 5207 3954 5260 καὶ

2384 5294 2694 5365 ἀδημονεῖν,
2733 5293 2827 5346 καὶ
2857 5293 3056 5361 λέγειν·
3087 5293 3397 5365 Περίλυπός
3435 5296 3584 5348 ἐστιν
3618 5298 3652 5366 ἠ
3681 5297 3829 5368 ψυχή
3862 5314 3953 5368 μου

2600 5447 2645 5479 ⁸³
2675 5447 2827 5503 Joan.
2860 5463 2938 5515 χι,
2964 5448 3054 5502 25.
3134 5450 3177 5480 "
3211 5449 3424 5507 Coloss.
3469 5467 3508 5516 t,
3547 5452 3633 5507 l8.
3714 5455 3760 5486 “
3792 5456 3810 5510 Ι
3837 5457 3950 5511 Cor.

1821 5651 1991 5706 Variae
2023 5652 2284 5708 lectiones
2317 5654 2523 5710 codicis
2546 5653 2909 5713 Sezuiertani.

779 5801 824 5830 ιη
850 5793 1002 5862 ἡμῖν.
1076 5805 1102 5832 ιλ
1128 5793 1395 5847 ἀδυνατεῖ.
1472 5801 1497 5828 ο
1529 5792 1966 5863 ὲπενηνεγμένοι.

2049 5806 2074 5842 ν
2111 5793 2462 5864 ἀτιμότατον.

2544 5806 2570 5844 ιι
2599 5795 3028 5860 δυνατωτάτους,
3059 5795 3190 5867 [νει]
3237 5795 3634 5868 δυνατωτάτην.
