  <div class='ocr_page' id='page_1' title='image "/cluster/home/n/w/nwhite01/storage/ocr_20150623/76/uva.x030486937/716.png"; bbox 0 0 4116 6478; ppageno 0'>
   <div class='ocr_carea' id='block_1_1' title="bbox 241 403 384 461">
    <p class='ocr_par' dir='ltr' id='par_1_1' title="bbox 241 403 384 461">
     <span class='ocr_line' id='line_1_1' title="bbox 241 403 384 461; baseline 0.007 -1"><span class='ocrx_word' id='word_1_1' title='bbox 241 403 384 461; x_wconf 69' lang='grc'><strong>1415</strong></span> 
     </span>
    </p>
   </div>
   <div class='ocr_carea' id='block_1_2' title="bbox 1065 405 2720 478">
    <p class='ocr_par' dir='ltr' id='par_1_2' title="bbox 1065 405 2720 478">
     <span class='ocr_line' id='line_1_2' title="bbox 1065 405 2720 478; baseline 0.01 -17"><span class='ocrx_word' id='word_1_2' title='bbox 1065 407 1154 462; x_wconf 82' lang='lat' dir='ltr'><strong>AD</strong></span> <span class='ocrx_word' id='word_1_3' title='bbox 1196 405 1495 462; x_wconf 73' lang='lat' dir='ltr'><strong>RliGlNAS</strong></span> <span class='ocrx_word' id='word_1_4' title='bbox 1533 406 1622 462; x_wconf 86' lang='lat' dir='ltr'><strong>DE</strong></span> <span class='ocrx_word' id='word_1_5' title='bbox 1661 407 1888 464; x_wconf 74' lang='lat' dir='ltr'><strong>REC&#39;I&#39;A</strong></span> <span class='ocrx_word' id='word_1_6' title='bbox 1929 410 2086 466; x_wconf 68' lang='lat' dir='ltr'><strong>FIDE</strong></span> <span class='ocrx_word' id='word_1_7' title='bbox 2121 414 2380 473; x_wconf 74' lang='lat' dir='ltr'><strong>ORATIO</strong></span> <span class='ocrx_word' id='word_1_8' title='bbox 2418 420 2720 478; x_wconf 80' lang='lat' dir='ltr'><strong>ALTERA.</strong></span> 
     </span>
    </p>
   </div>
   <div class='ocr_carea' id='block_1_3' title="bbox 3360 427 3504 487">
    <p class='ocr_par' dir='ltr' id='par_1_3' title="bbox 3360 427 3504 487">
     <span class='ocr_line' id='line_1_3' title="bbox 3360 427 3504 487; baseline -0.014 -2"><span class='ocrx_word' id='word_1_9' title='bbox 3360 427 3504 487; x_wconf 70' lang='lat' dir='ltr'><strong>NH</strong></span> 
     </span>
    </p>
   </div>
   <div class='ocr_carea' id='block_1_4' title="bbox 236 521 1836 610">
    <p class='ocr_par' dir='ltr' id='par_1_4' title="bbox 236 521 1821 603">
     <span class='ocr_line' id='line_1_4' title="bbox 236 521 1821 603; baseline 0.007 -29"><span class='ocrx_word' id='word_1_10' title='bbox 236 521 348 587; x_wconf 72' lang='grc' dir='ltr'>ἕως</span> <span class='ocrx_word' id='word_1_11' title='bbox 394 524 655 580; x_wconf 83' lang='grc' dir='ltr'>Θανάτου.</span> <span class='ocrx_word' id='word_1_12' title='bbox 711 545 729 578; x_wconf 74' lang='grc' dir='ltr'><strong>ο</strong></span> <span class='ocrx_word' id='word_1_13' title='bbox 768 527 878 581; x_wconf 82' lang='grc' dir='ltr'><strong>Καὶ</strong></span> <span class='ocrx_word' id='word_1_14' title='bbox 924 527 1103 582; x_wconf 86' lang='grc' dir='ltr'>πάλιν·</span> <span class='ocrx_word' id='word_1_15' title='bbox 1161 549 1179 581; x_wconf 78' lang='grc' dir='ltr'><strong>ι</strong></span> <span class='ocrx_word' id='word_1_16' title='bbox 1222 531 1336 584; x_wconf 76' lang='lat' dir='ltr'><strong>Kal.</strong></span> <span class='ocrx_word' id='word_1_17' title='bbox 1365 532 1621 600; x_wconf 79' lang='grc' dir='ltr'>φωνήσας</span> <span class='ocrx_word' id='word_1_18' title='bbox 1669 535 1821 603; x_wconf 85' lang='grc' dir='ltr'>φωνῇ</span> 
     </span>
    </p>
   </div>
   <div class='ocr_carea' id='block_1_5' title="bbox 1919 521 3500 610">
    <p class='ocr_par' dir='ltr' id='par_1_5' title="bbox 1926 536 3500 610">
     <span class='ocr_line' id='line_1_5' title="bbox 1926 536 3500 610; baseline 0.013 -22"><span class='ocrx_word' id='word_1_19' title='bbox 1926 536 2104 590; x_wconf 85' lang='lat' dir='ltr'><strong>anima</strong></span> <span class='ocrx_word' id='word_1_20' title='bbox 2137 553 2254 594; x_wconf 90' lang='lat' dir='ltr'><strong>mea</strong></span> <span class='ocrx_word' id='word_1_21' title='bbox 2285 556 2454 610; x_wconf 85' lang='lat' dir='ltr'><strong>usque</strong></span> <span class='ocrx_word' id='word_1_22' title='bbox 2484 545 2550 598; x_wconf 89' lang='lat' dir='ltr'><strong>ad</strong></span> <span class='ocrx_word' id='word_1_23' title='bbox 2588 557 2813 602; x_wconf 90' lang='lat' dir='ltr'><strong>mortem</strong></span> <span class='ocrx_word' id='word_1_24' title='bbox 2832 546 2901 602; x_wconf 67' lang='lat'><strong>‘9.</strong></span> <span class='ocrx_word' id='word_1_25' title='bbox 2942 567 2959 600; x_wconf 73' lang='grc' dir='ltr'><strong>ο</strong></span> <span class='ocrx_word' id='word_1_26' title='bbox 2987 549 3058 604; x_wconf 90' lang='lat' dir='ltr'><strong>Et</strong></span> <span class='ocrx_word' id='word_1_27' title='bbox 3088 565 3337 605; x_wconf 86' lang='lat' dir='ltr'><strong>rursum:</strong></span> <span class='ocrx_word' id='word_1_28' title='bbox 3376 572 3395 605; x_wconf 80' lang='grc' dir='ltr'><strong>ι</strong></span> <span class='ocrx_word' id='word_1_29' title='bbox 3432 553 3500 608; x_wconf 84' lang='lat' dir='ltr'><strong>Et</strong></span> 
     </span>
    </p>
   </div>
   <div class='ocr_carea' id='block_1_6' title="bbox 239 615 1824 694">
    <p class='ocr_par' dir='ltr' id='par_1_6' title="bbox 239 615 1824 694">
     <span class='ocr_line' id='line_1_6' title="bbox 239 615 1824 694; baseline 0.006 -28"><span class='ocrx_word' id='word_1_30' title='bbox 239 615 456 686; x_wconf 79' lang='grc' dir='ltr'>μεγάλη</span> <span class='ocrx_word' id='word_1_31' title='bbox 504 618 534 669; x_wconf 84' lang='grc' dir='ltr'><strong>ό</strong></span> <span class='ocrx_word' id='word_1_32' title='bbox 594 618 841 688; x_wconf 86' lang='grc' dir='ltr'>Ἰησοῦς,</span> <span class='ocrx_word' id='word_1_33' title='bbox 897 615 1053 673; x_wconf 73' lang='grc' dir='ltr'>εἴπεο</span> <span class='ocrx_word' id='word_1_34' title='bbox 1106 623 1326 692; x_wconf 84' lang='grc' dir='ltr'>Πάτερ,</span> <span class='ocrx_word' id='word_1_35' title='bbox 1388 626 1469 686; x_wconf 87' lang='grc' dir='ltr'>εἰς</span> <span class='ocrx_word' id='word_1_36' title='bbox 1513 624 1698 694; x_wconf 87' lang='grc' dir='ltr'>χεῖράς</span> <span class='ocrx_word' id='word_1_37' title='bbox 1731 642 1824 676; x_wconf 90' lang='grc' dir='ltr'><strong>σου</strong></span> 
     </span>
    </p>
   </div>
   <div class='ocr_carea' id='block_1_7' title="bbox 238 708 1822 785">
    <p class='ocr_par' dir='ltr' id='par_1_7' title="bbox 238 708 1822 785">
     <span class='ocr_line' id='line_1_7' title="bbox 238 708 1822 785; baseline 0.006 -27"><span class='ocrx_word' id='word_1_38' title='bbox 238 708 586 779; x_wconf 83' lang='grc' dir='ltr'>παρατίθημι</span> <span class='ocrx_word' id='word_1_39' title='bbox 613 720 635 748; x_wconf 82' lang='grc' dir='ltr'>ι’</span> <span class='ocrx_word' id='word_1_40' title='bbox 662 711 722 763; x_wconf 83' lang='grc' dir='ltr'><strong>τὸ</strong></span> <span class='ocrx_word' id='word_1_41' title='bbox 747 711 966 783; x_wconf 83' lang='grc' dir='ltr'>πνεῦμά</span> <span class='ocrx_word' id='word_1_42' title='bbox 995 731 1119 782; x_wconf 87' lang='grc' dir='ltr'>μου.</span> <span class='ocrx_word' id='word_1_43' title='bbox 1153 732 1170 764; x_wconf 80' lang='grc'>›</span> <span class='ocrx_word' id='word_1_44' title='bbox 1205 716 1268 766; x_wconf 85' lang='lat' dir='ltr'><strong>Ol</strong></span> <span class='ocrx_word' id='word_1_45' title='bbox 1293 715 1396 783; x_wconf 84' lang='grc' dir='ltr'>τῆς</span> <span class='ocrx_word' id='word_1_46' title='bbox 1445 715 1822 785; x_wconf 85' lang='grc' dir='ltr'>Ἀπολιναρίου</span> 
     </span>
    </p>
   </div>
   <div class='ocr_carea' id='block_1_8' title="bbox 235 796 1824 876">
    <p class='ocr_par' dir='ltr' id='par_1_8' title="bbox 235 796 1824 876">
     <span class='ocr_line' id='line_1_8' title="bbox 235 796 1824 876; baseline 0.006 -27"><span class='ocrx_word' id='word_1_47' title='bbox 235 796 400 868; x_wconf 81' lang='grc' dir='ltr'>δόξης</span> <span class='ocrx_word' id='word_1_48' title='bbox 447 800 750 871; x_wconf 81' lang='grc' dir='ltr'><strong>ἡττώμενοι</strong></span> <span class='ocrx_word' id='word_1_49' title='bbox 811 807 904 856; x_wconf 82' lang='grc' dir='ltr'><strong>καὶ</strong></span> <span class='ocrx_word' id='word_1_50' title='bbox 955 805 1024 857; x_wconf 81' lang='grc' dir='ltr'><strong>τά</strong></span> <span class='ocrx_word' id='word_1_51' title='bbox 1084 803 1233 873; x_wconf 76' lang='grc' dir='ltr'>αὐτῷ</span> <span class='ocrx_word' id='word_1_52' title='bbox 1287 805 1550 859; x_wconf 88' lang='grc' dir='ltr'>δοκοῦντα</span> <span class='ocrx_word' id='word_1_53' title='bbox 1609 809 1824 876; x_wconf 82' lang='grc' dir='ltr'>φρονεῖν</span> 
     </span>
    </p>
   </div>
   <div class='ocr_carea' id='block_1_9' title="bbox 236 889 1823 965">
    <p class='ocr_par' dir='ltr' id='par_1_9' title="bbox 236 889 1823 965">
     <span class='ocr_line' id='line_1_9' title="bbox 236 889 1823 965; baseline 0.006 -25"><span class='ocrx_word' id='word_1_54' title='bbox 236 889 517 959; x_wconf 73' lang='grc' dir='ltr'><strong>ᾑρημένοι</strong></span> <span class='ocrx_word' id='word_1_55' title='bbox 538 932 553 956; x_wconf 86' lang='grc'><strong>,</strong></span> <span class='ocrx_word' id='word_1_56' title='bbox 586 891 931 962; x_wconf 77' lang='grc' dir='ltr'>ἐνιστάμενοί</span> <span class='ocrx_word' id='word_1_57' title='bbox 963 911 1022 946; x_wconf 88' lang='grc' dir='ltr'><strong>τε</strong></span> <span class='ocrx_word' id='word_1_58' title='bbox 1066 897 1160 948; x_wconf 75' lang='grc' dir='ltr'>καὶ</span> <span class='ocrx_word' id='word_1_59' title='bbox 1190 895 1442 964; x_wconf 81' lang='grc' dir='ltr'>λέγοντες</span> <span class='ocrx_word' id='word_1_60' title='bbox 1463 935 1476 958; x_wconf 87' lang='grc'><strong>,</strong></span> <span class='ocrx_word' id='word_1_61' title='bbox 1513 895 1717 965; x_wconf 72' lang='grc' dir='ltr'>ἄψυχόν</span> <span class='ocrx_word' id='word_1_62' title='bbox 1763 914 1823 950; x_wconf 87' lang='grc' dir='ltr'><strong>τε</strong></span> 
     </span>
    </p>
   </div>
   <div class='ocr_carea' id='block_1_10' title="bbox 237 984 1823 1057">
    <p class='ocr_par' dir='ltr' id='par_1_10' title="bbox 237 984 1823 1057">
     <span class='ocr_line' id='line_1_10' title="bbox 237 984 1823 1057; baseline 0.004 -24"><span class='ocrx_word' id='word_1_63' title='bbox 237 984 338 1036; x_wconf 74' lang='grc' dir='ltr'><strong>καὶ</strong></span> <span class='ocrx_word' id='word_1_64' title='bbox 362 985 524 1037; x_wconf 82' lang='grc' dir='ltr'>ἄνουν</span> <span class='ocrx_word' id='word_1_65' title='bbox 555 985 823 1055; x_wconf 81' lang='grc' dir='ltr'><strong>ὑπάρχειν</strong></span> <span class='ocrx_word' id='word_1_66' title='bbox 862 986 952 1039; x_wconf 71' lang='grc' dir='ltr'><strong>τὸν</strong></span> <span class='ocrx_word' id='word_1_67' title='bbox 977 987 1249 1040; x_wconf 82' lang='grc' dir='ltr'>ὲνωθὲντα</span> <span class='ocrx_word' id='word_1_68' title='bbox 1287 988 1364 1057; x_wconf 81' lang='grc' dir='ltr'>τῷ</span> <span class='ocrx_word' id='word_1_69' title='bbox 1403 988 1559 1056; x_wconf 84' lang='grc' dir='ltr'><strong>Λόγῳ</strong></span> <span class='ocrx_word' id='word_1_70' title='bbox 1585 988 1728 1052; x_wconf 82' lang='grc' dir='ltr'>ναὸν,</span> <span class='ocrx_word' id='word_1_71' title='bbox 1772 988 1823 1040; x_wconf 85' lang='grc' dir='ltr'>τί</span> 
     </span>
    </p>
   </div>
   <div class='ocr_carea' id='block_1_11' title="bbox 235 1070 1824 1148">
    <p class='ocr_par' dir='ltr' id='par_1_11' title="bbox 235 1070 1824 1148">
     <span class='ocr_line' id='line_1_11' title="bbox 235 1070 1824 1148; baseline 0.005 -26"><span class='ocrx_word' id='word_1_72' title='bbox 235 1070 307 1140; x_wconf 82' lang='grc' dir='ltr'>δὴ</span> <span class='ocrx_word' id='word_1_73' title='bbox 337 1071 446 1142; x_wconf 79' lang='grc' dir='ltr'>ἄρα</span> <span class='ocrx_word' id='word_1_74' title='bbox 491 1077 645 1142; x_wconf 80' lang='grc' dir='ltr'>φαῖεν</span> <span class='ocrx_word' id='word_1_75' title='bbox 675 1074 760 1140; x_wconf 83' lang='grc' dir='ltr'><strong>ἂν,</strong></span> <span class='ocrx_word' id='word_1_76' title='bbox 807 1077 1162 1146; x_wconf 76' lang='grc' dir='ltr'>γεγραφότων</span> <span class='ocrx_word' id='word_1_77' title='bbox 1205 1079 1337 1148; x_wconf 84' lang='grc' dir='ltr'>ἡμῖν</span> <span class='ocrx_word' id='word_1_78' title='bbox 1375 1080 1446 1132; x_wconf 73' lang='grc' dir='ltr'>τὰ</span> <span class='ocrx_word' id='word_1_79' title='bbox 1494 1079 1672 1131; x_wconf 79' lang='grc' dir='ltr'>τοιάδε</span> <span class='ocrx_word' id='word_1_80' title='bbox 1714 1077 1824 1130; x_wconf 84' lang='grc' dir='ltr'>τῶν</span> 
     </span>
    </p>
   </div>
   <div class='ocr_carea' id='block_1_12' title="bbox 242 1165 1824 1241">
    <p class='ocr_par' dir='ltr' id='par_1_12' title="bbox 242 1165 1824 1241">
     <span class='ocr_line' id='line_1_12' title="bbox 242 1165 1824 1241; baseline 0.004 -25"><span class='ocrx_word' id='word_1_81' title='bbox 242 1165 424 1232; x_wconf 82' lang='grc' dir='ltr'>ἁγίων</span> <span class='ocrx_word' id='word_1_82' title='bbox 449 1167 851 1234; x_wconf 86' lang='grc' dir='ltr'>εύαγγελιστῶν</span> <span class='ocrx_word' id='word_1_83' title='bbox 874 1184 939 1220; x_wconf 87' lang='grc' dir='ltr'><strong>πε</strong></span> <span class='ocrx_word' id='word_1_84' title='bbox 949 1169 1003 1240; x_wconf 70' lang='lat' dir='ltr'><strong>pl.</strong></span> <span class='ocrx_word' id='word_1_85' title='bbox 1027 1169 1121 1221; x_wconf 89' lang='grc' dir='ltr'><strong>τοῦ</strong></span> <span class='ocrx_word' id='word_1_86' title='bbox 1146 1170 1362 1223; x_wconf 85' lang='grc' dir='ltr'>πάντων</span> <span class='ocrx_word' id='word_1_87' title='bbox 1386 1170 1544 1241; x_wconf 85' lang='grc' dir='ltr'>ἡμῶν</span> <span class='ocrx_word' id='word_1_88' title='bbox 1573 1169 1824 1239; x_wconf 83' lang='grc' dir='ltr'><strong>Σωτῆρος</strong></span> 
     </span>
    </p>
   </div>
   <div class='ocr_carea' id='block_1_13' title="bbox 237 1257 1825 1333">
    <p class='ocr_par' dir='ltr' id='par_1_13' title="bbox 237 1257 1825 1333">
     <span class='ocr_line' id='line_1_13' title="bbox 237 1257 1825 1333; baseline 0.006 -25"><span class='ocrx_word' id='word_1_89' title='bbox 237 1257 518 1326; x_wconf 85' lang='grc' dir='ltr'>Χριστοῦ;</span> <span class='ocrx_word' id='word_1_90' title='bbox 549 1259 747 1322; x_wconf 78' lang='grc' dir='ltr'>Πτοίας</span> <span class='ocrx_word' id='word_1_91' title='bbox 779 1259 878 1329; x_wconf 86' lang='grc' dir='ltr'><strong>μὲν</strong></span> <span class='ocrx_word' id='word_1_92' title='bbox 909 1261 1020 1333; x_wconf 84' lang='grc' dir='ltr'>γὰρ</span> <span class='ocrx_word' id='word_1_93' title='bbox 1041 1302 1055 1325; x_wconf 98' lang='grc'><strong>,</strong></span> <span class='ocrx_word' id='word_1_94' title='bbox 1090 1264 1186 1316; x_wconf 67' lang='grc' dir='ltr'><strong>κα)⁸</strong></span> <span class='ocrx_word' id='word_1_95' title='bbox 1224 1264 1433 1332; x_wconf 83' lang='grc' dir='ltr'><strong>λύπης,</strong></span> <span class='ocrx_word' id='word_1_96' title='bbox 1475 1265 1572 1318; x_wconf 77' lang='grc' dir='ltr'>καὶ</span> <span class='ocrx_word' id='word_1_97' title='bbox 1606 1265 1715 1318; x_wconf 82' lang='grc' dir='ltr'><strong>τῶν</strong></span> <span class='ocrx_word' id='word_1_98' title='bbox 1743 1267 1825 1328; x_wconf 80' lang='grc' dir='ltr'>εἰς</span> 
     </span>
    </p>
   </div>
   <div class='ocr_carea' id='block_1_14' title="bbox 234 1348 1819 1426">
    <p class='ocr_par' dir='ltr' id='par_1_14' title="bbox 234 1348 1819 1426">
     <span class='ocr_line' id='line_1_14' title="bbox 234 1348 1819 1426; baseline 0.004 -27"><span class='ocrx_word' id='word_1_99' title='bbox 234 1348 446 1401; x_wconf 77' lang='grc' dir='ltr'><strong>δειλίαν</strong></span> <span class='ocrx_word' id='word_1_100' title='bbox 492 1349 837 1418; x_wconf 80' lang='grc' dir='ltr'>αἰτιαμάτων</span> <span class='ocrx_word' id='word_1_101' title='bbox 871 1353 1224 1418; x_wconf 85' lang='grc' dir='ltr'>ἁνεπίδεκτος</span> <span class='ocrx_word' id='word_1_102' title='bbox 1271 1356 1550 1418; x_wconf 77' lang='grc' dir='ltr'>παντελῶς</span> <span class='ocrx_word' id='word_1_103' title='bbox 1600 1357 1684 1426; x_wconf 77' lang='grc' dir='ltr'>εἴη</span> <span class='ocrx_word' id='word_1_104' title='bbox 1734 1355 1819 1421; x_wconf 84' lang='grc' dir='ltr'>ἂν,</span> 
     </span>
    </p>
   </div>
   <div class='ocr_carea' id='block_1_15' title="bbox 235 1439 1821 1515">
    <p class='ocr_par' dir='ltr' id='par_1_15' title="bbox 235 1439 1821 1515">
     <span class='ocr_line' id='line_1_15' title="bbox 235 1439 1821 1515; baseline 0.006 -25"><span class='ocrx_word' id='word_1_105' title='bbox 235 1439 389 1492; x_wconf 81' lang='grc' dir='ltr'>κατά</span> <span class='ocrx_word' id='word_1_106' title='bbox 411 1457 474 1508; x_wconf 90' lang='grc' dir='ltr'><strong>γε</strong></span> <span class='ocrx_word' id='word_1_107' title='bbox 501 1440 561 1492; x_wconf 84' lang='grc' dir='ltr'><strong>τὸ</strong></span> <span class='ocrx_word' id='word_1_108' title='bbox 589 1441 758 1504; x_wconf 78' lang='grc' dir='ltr'>εἰκὸς,</span> <span class='ocrx_word' id='word_1_109' title='bbox 789 1444 821 1513; x_wconf 78' lang='grc' dir='ltr'>ἡ</span> <span class='ocrx_word' id='word_1_110' title='bbox 856 1443 975 1496; x_wconf 83' lang='grc' dir='ltr'>Θεία</span> <span class='ocrx_word' id='word_1_111' title='bbox 1009 1463 1069 1497; x_wconf 88' lang='grc' dir='ltr'><strong>τε</strong></span> <span class='ocrx_word' id='word_1_112' title='bbox 1103 1452 1198 1500; x_wconf 74' lang='grc' dir='ltr'>καὶ</span> <span class='ocrx_word' id='word_1_113' title='bbox 1226 1448 1484 1500; x_wconf 87' lang='grc' dir='ltr'>ἀνωτάτω</span> <span class='ocrx_word' id='word_1_114' title='bbox 1519 1447 1612 1500; x_wconf 88' lang='grc' dir='ltr'><strong>τοῦ</strong></span> <span class='ocrx_word' id='word_1_115' title='bbox 1647 1448 1821 1515; x_wconf 85' lang='grc' dir='ltr'>Λόγου</span> 
     </span>
    </p>
   </div>
   <div class='ocr_carea' id='block_1_16' title="bbox 236 1530 1824 1606">
    <p class='ocr_par' dir='ltr' id='par_1_16' title="bbox 236 1530 1824 1606">
     <span class='ocr_line' id='line_1_16' title="bbox 236 1530 1824 1606; baseline 0.006 -25"><span class='ocrx_word' id='word_1_116' title='bbox 236 1530 425 1599; x_wconf 83' lang='grc' dir='ltr'>φύσις.</span> <span class='ocrx_word' id='word_1_117' title='bbox 457 1532 860 1602; x_wconf 83' lang='grc' dir='ltr'>Παραιτήσεται</span> <span class='ocrx_word' id='word_1_118' title='bbox 901 1535 1010 1606; x_wconf 83' lang='grc' dir='ltr'><strong>γὰρ</strong></span> <span class='ocrx_word' id='word_1_119' title='bbox 1039 1539 1114 1600; x_wconf 77' lang='grc' dir='ltr'>εἰς</span> <span class='ocrx_word' id='word_1_120' title='bbox 1145 1538 1290 1591; x_wconf 77' lang='grc' dir='ltr'>ἅπαν</span> <span class='ocrx_word' id='word_1_121' title='bbox 1328 1539 1389 1590; x_wconf 81' lang='grc' dir='ltr'><strong>τὸ</strong></span> <span class='ocrx_word' id='word_1_122' title='bbox 1431 1538 1487 1590; x_wconf 81' lang='grc' dir='ltr'>ἔν</span> <span class='ocrx_word' id='word_1_123' title='bbox 1524 1555 1587 1606; x_wconf 87' lang='grc' dir='ltr'><strong>γε</strong></span> <span class='ocrx_word' id='word_1_124' title='bbox 1615 1538 1824 1601; x_wconf 82' lang='grc' dir='ltr'>τούτοις</span> 
     </span>
    </p>
   </div>
   <div class='ocr_carea' id='block_1_17' title="bbox 236 1613 1823 1700">
    <p class='ocr_par' dir='ltr' id='par_1_17' title="bbox 236 1613 1823 1700">
     <span class='ocr_line' id='line_1_17' title="bbox 236 1613 1823 1700; baseline 0.004 -26"><span class='ocrx_word' id='word_1_125' title='bbox 236 1618 384 1675; x_wconf 79' lang='grc' dir='ltr'>εἶναί</span> <span class='ocrx_word' id='word_1_126' title='bbox 414 1638 542 1674; x_wconf 86' lang='grc' dir='ltr'>ποτε</span> <span class='ocrx_word' id='word_1_127' title='bbox 565 1662 580 1686; x_wconf 97' lang='grc'><strong>,</strong></span> <span class='ocrx_word' id='word_1_128' title='bbox 605 1623 699 1676; x_wconf 81' lang='grc' dir='ltr'>καὶ</span> <span class='ocrx_word' id='word_1_129' title='bbox 730 1624 919 1680; x_wconf 84' lang='grc' dir='ltr'>παθῶν</span> <span class='ocrx_word' id='word_1_130' title='bbox 943 1626 1080 1690; x_wconf 83' lang='grc' dir='ltr'>ὅλως</span> <span class='ocrx_word' id='word_1_131' title='bbox 1118 1613 1226 1681; x_wconf 69' lang='grc' dir='ltr'>τῶν</span> <span class='ocrx_word' id='word_1_132' title='bbox 1276 1630 1398 1682; x_wconf 86' lang='grc' dir='ltr'>καθ’</span> <span class='ocrx_word' id='word_1_133' title='bbox 1423 1631 1572 1700; x_wconf 81' lang='grc' dir='ltr'>ἡμᾶς</span> <span class='ocrx_word' id='word_1_134' title='bbox 1599 1633 1698 1682; x_wconf 82' lang='grc' dir='ltr'>οὐκ</span> <span class='ocrx_word' id='word_1_135' title='bbox 1732 1631 1823 1683; x_wconf 87' lang='grc' dir='ltr'><strong>ἀν-</strong></span> 
     </span>
    </p>
   </div>
   <div class='ocr_carea' id='block_1_18' title="bbox 234 1713 1822 1790">
    <p class='ocr_par' dir='ltr' id='par_1_18' title="bbox 234 1713 1822 1790">
     <span class='ocr_line' id='line_1_18' title="bbox 234 1713 1822 1790; baseline 0.004 -24"><span class='ocrx_word' id='word_1_136' title='bbox 234 1713 443 1779; x_wconf 79' lang='grc' dir='ltr'>έξεται.</span> <span class='ocrx_word' id='word_1_137' title='bbox 481 1714 649 1785; x_wconf 85' lang='grc' dir='ltr'>Σῶμα</span> <span class='ocrx_word' id='word_1_138' title='bbox 681 1716 737 1770; x_wconf 77' lang='grc' dir='ltr'>δὲ</span> <span class='ocrx_word' id='word_1_139' title='bbox 784 1718 950 1771; x_wconf 83' lang='grc' dir='ltr'>πάλιν</span> <span class='ocrx_word' id='word_1_140' title='bbox 983 1718 1186 1790; x_wconf 71' lang='grc' dir='ltr'>ἄψυχόν</span> <span class='ocrx_word' id='word_1_141' title='bbox 1223 1737 1283 1774; x_wconf 85' lang='grc' dir='ltr'><strong>τε</strong></span> <span class='ocrx_word' id='word_1_142' title='bbox 1330 1722 1424 1773; x_wconf 73' lang='grc' dir='ltr'>καὶ</span> <span class='ocrx_word' id='word_1_143' title='bbox 1445 1722 1602 1774; x_wconf 83' lang='grc' dir='ltr'>ἄνουν</span> <span class='ocrx_word' id='word_1_144' title='bbox 1627 1720 1726 1774; x_wconf 79' lang='grc' dir='ltr'><strong>οὐκ</strong></span> <span class='ocrx_word' id='word_1_145' title='bbox 1757 1722 1822 1774; x_wconf 84' lang='grc' dir='ltr'><strong>ἂν</strong></span> 
     </span>
    </p>
   </div>
   <div class='ocr_carea' id='block_1_19' title="bbox 233 1807 1823 1887">
    <p class='ocr_par' dir='ltr' id='par_1_19' title="bbox 233 1807 1823 1887">
     <span class='ocr_line' id='line_1_19' title="bbox 233 1807 1823 1887; baseline 0.006 -27"><span class='ocrx_word' id='word_1_146' title='bbox 233 1807 540 1872; x_wconf 75' lang='grc' dir='ltr'>εῖσδέξαιτο</span> <span class='ocrx_word' id='word_1_147' title='bbox 571 1810 769 1880; x_wconf 84' lang='grc' dir='ltr'><strong>λύπην,</strong></span> <span class='ocrx_word' id='word_1_148' title='bbox 802 1813 918 1866; x_wconf 82' lang='grc' dir='ltr'>ἀλλ’</span> <span class='ocrx_word' id='word_1_149' title='bbox 950 1815 1057 1866; x_wconf 73' lang='grc' dir='ltr'>οὐδ’</span> <span class='ocrx_word' id='word_1_150' title='bbox 1083 1815 1148 1868; x_wconf 86' lang='grc' dir='ltr'><strong>ἂν</strong></span> <span class='ocrx_word' id='word_1_151' title='bbox 1175 1816 1445 1887; x_wconf 79' lang='grc' dir='ltr'>ὲννοήσειέ</span> <span class='ocrx_word' id='word_1_152' title='bbox 1472 1834 1526 1869; x_wconf 92' lang='grc' dir='ltr'><strong>τι</strong></span> <span class='ocrx_word' id='word_1_153' title='bbox 1555 1816 1662 1869; x_wconf 85' lang='grc' dir='ltr'>τῶν</span> <span class='ocrx_word' id='word_1_154' title='bbox 1693 1834 1823 1869; x_wconf 83' lang='grc' dir='ltr'>σκυ-</span> 
     </span>
    </p>
   </div>
   <div class='ocr_carea' id='block_1_20' title="bbox 233 1900 1818 1980">
    <p class='ocr_par' dir='ltr' id='par_1_20' title="bbox 233 1900 1818 1980">
     <span class='ocr_line' id='line_1_20' title="bbox 233 1900 1818 1980; baseline 0.008 -28"><span class='ocrx_word' id='word_1_155' title='bbox 233 1900 514 1969; x_wconf 85' lang='grc' dir='ltr'>θρωπῶν,</span> <span class='ocrx_word' id='word_1_156' title='bbox 567 1901 600 1973; x_wconf 79' lang='grc' dir='ltr'>ἢ</span> <span class='ocrx_word' id='word_1_157' title='bbox 651 1903 743 1955; x_wconf 81' lang='grc' dir='ltr'><strong>τὸν</strong></span> <span class='ocrx_word' id='word_1_158' title='bbox 788 1904 852 1957; x_wconf 83' lang='grc' dir='ltr'>ὲκ</span> <span class='ocrx_word' id='word_1_159' title='bbox 899 1905 1010 1957; x_wconf 80' lang='grc' dir='ltr'><strong>τῶν</strong></span> <span class='ocrx_word' id='word_1_160' title='bbox 1071 1906 1289 1962; x_wconf 75' lang='grc' dir='ltr'>ἔσεσθαι</span> <span class='ocrx_word' id='word_1_161' title='bbox 1353 1911 1818 1980; x_wconf 79' lang='grc' dir='ltr'>προσδοκωμένων</span> 
     </span>
    </p>
   </div>
   <div class='ocr_carea' id='block_1_21' title="bbox 233 1991 1818 2070">
    <p class='ocr_par' dir='ltr' id='par_1_21' title="bbox 233 1991 1818 2070">
     <span class='ocr_line' id='line_1_21' title="bbox 233 1991 1818 2070; baseline 0.009 -29"><span class='ocrx_word' id='word_1_162' title='bbox 233 1991 646 2062; x_wconf 83' lang='grc' dir='ltr'>προαναθρήσει</span> <span class='ocrx_word' id='word_1_163' title='bbox 675 1994 859 2058; x_wconf 68' lang='grc' dir='ltr'>φόϐον.</span> <span class='ocrx_word' id='word_1_164' title='bbox 895 1996 1064 2049; x_wconf 80' lang='grc' dir='ltr'>Πάθοι</span> <span class='ocrx_word' id='word_1_165' title='bbox 1097 1997 1140 2050; x_wconf 84' lang='grc' dir='ltr'>δ’</span> <span class='ocrx_word' id='word_1_166' title='bbox 1171 1998 1237 2051; x_wconf 82' lang='grc' dir='ltr'><strong>ἂν</strong></span> <span class='ocrx_word' id='word_1_167' title='bbox 1267 1999 1336 2052; x_wconf 75' lang='grc' dir='ltr'>τὰ</span> <span class='ocrx_word' id='word_1_168' title='bbox 1369 2001 1544 2054; x_wconf 85' lang='grc' dir='ltr'>τοιάδε</span> <span class='ocrx_word' id='word_1_169' title='bbox 1585 2002 1728 2054; x_wconf 86' lang='grc' dir='ltr'>κατά</span> <span class='ocrx_word' id='word_1_170' title='bbox 1754 2019 1818 2070; x_wconf 80' lang='grc' dir='ltr'><strong>γε</strong></span> 
     </span>
    </p>
   </div>
   <div class='ocr_carea' id='block_1_22' title="bbox 231 2082 1818 2162">
    <p class='ocr_par' dir='ltr' id='par_1_22' title="bbox 231 2082 1818 2162">
     <span class='ocr_line' id='line_1_22' title="bbox 231 2082 1818 2162; baseline 0.008 -28"><span class='ocrx_word' id='word_1_171' title='bbox 231 2083 299 2135; x_wconf 84' lang='grc' dir='ltr'><strong>τὸ</strong></span> <span class='ocrx_word' id='word_1_172' title='bbox 337 2085 524 2145; x_wconf 82' lang='grc' dir='ltr'>πᾶσιν,</span> <span class='ocrx_word' id='word_1_173' title='bbox 559 2085 632 2147; x_wconf 88' lang='grc' dir='ltr'>ὦς</span> <span class='ocrx_word' id='word_1_174' title='bbox 659 2102 721 2152; x_wconf 88' lang='grc' dir='ltr'><strong>γε</strong></span> <span class='ocrx_word' id='word_1_175' title='bbox 763 2082 917 2156; x_wconf 76' lang='grc' dir='ltr'>οἶμαι</span> <span class='ocrx_word' id='word_1_176' title='bbox 943 2127 957 2151; x_wconf 94' lang='grc'><strong>,</strong></span> <span class='ocrx_word' id='word_1_177' title='bbox 989 2088 1198 2142; x_wconf 82' lang='grc' dir='ltr'>δοκοῦν.</span> <span class='ocrx_word' id='word_1_178' title='bbox 1240 2091 1400 2162; x_wconf 83' lang='grc' dir='ltr'>Ψυχὴ</span> <span class='ocrx_word' id='word_1_179' title='bbox 1430 2093 1619 2162; x_wconf 81' lang='grc' dir='ltr'>λογικὴ</span> <span class='ocrx_word' id='word_1_180' title='bbox 1647 2111 1818 2147; x_wconf 83' lang='grc' dir='ltr'>κατα-</span> 
     </span>
    </p>
   </div>
   <div class='ocr_carea' id='block_1_23' title="bbox 234 2176 1817 2254">
    <p class='ocr_par' dir='ltr' id='par_1_23' title="bbox 234 2176 1817 2254">
     <span class='ocr_line' id='line_1_23' title="bbox 234 2176 1817 2254; baseline 0.008 -29"><span class='ocrx_word' id='word_1_181' title='bbox 234 2176 583 2246; x_wconf 81' lang='grc' dir='ltr'>σκεπτομένη</span> <span class='ocrx_word' id='word_1_182' title='bbox 613 2176 693 2247; x_wconf 82' lang='grc' dir='ltr'>τῷ</span> <span class='ocrx_word' id='word_1_183' title='bbox 742 2176 813 2247; x_wconf 85' lang='grc' dir='ltr'>νῷ</span> <span class='ocrx_word' id='word_1_184' title='bbox 853 2179 922 2230; x_wconf 82' lang='grc' dir='ltr'><strong>τά</strong></span> <span class='ocrx_word' id='word_1_185' title='bbox 941 2196 1000 2230; x_wconf 86' lang='grc' dir='ltr'><strong>τε</strong></span> <span class='ocrx_word' id='word_1_186' title='bbox 1035 2180 1135 2251; x_wconf 71' lang='grc' dir='ltr'>ἤδη</span> <span class='ocrx_word' id='word_1_187' title='bbox 1166 2183 1409 2252; x_wconf 85' lang='grc' dir='ltr'>παρόντα</span> <span class='ocrx_word' id='word_1_188' title='bbox 1428 2221 1443 2247; x_wconf 89' lang='grc'><strong>,</strong></span> <span class='ocrx_word' id='word_1_189' title='bbox 1474 2183 1567 2237; x_wconf 71' lang='grc' dir='ltr'><strong>καὶ</strong></span> <span class='ocrx_word' id='word_1_190' title='bbox 1594 2184 1731 2254; x_wconf 84' lang='grc' dir='ltr'>πρός</span> <span class='ocrx_word' id='word_1_191' title='bbox 1755 2201 1817 2253; x_wconf 87' lang='grc' dir='ltr'><strong>γε</strong></span> 
     </span>
    </p>
   </div>
   <div class='ocr_carea' id='block_1_24' title="bbox 229 2266 1820 2348">
    <p class='ocr_par' dir='ltr' id='par_1_24' title="bbox 229 2266 1820 2348">
     <span class='ocr_line' id='line_1_24' title="bbox 229 2266 1820 2348; baseline 0.01 -31"><span class='ocrx_word' id='word_1_192' title='bbox 229 2266 450 2329; x_wconf 84' lang='grc' dir='ltr'>τούτοις</span> <span class='ocrx_word' id='word_1_193' title='bbox 475 2267 545 2320; x_wconf 86' lang='grc' dir='ltr'>τὰ</span> <span class='ocrx_word' id='word_1_194' title='bbox 584 2269 996 2340; x_wconf 80' lang='grc' dir='ltr'>συμϐησόμενα.</span> <span class='ocrx_word' id='word_1_195' title='bbox 1036 2274 1160 2337; x_wconf 82' lang='grc' dir='ltr'><strong>Πῶς</strong></span> <span class='ocrx_word' id='word_1_196' title='bbox 1187 2271 1280 2329; x_wconf 76' lang='grc' dir='ltr'><strong>οὖν</strong></span> <span class='ocrx_word' id='word_1_197' title='bbox 1302 2277 1407 2347; x_wconf 84' lang='grc' dir='ltr'>ἄρα</span> <span class='ocrx_word' id='word_1_198' title='bbox 1439 2279 1600 2348; x_wconf 64' lang='grc' dir='ltr'>φησιν</span> <span class='ocrx_word' id='word_1_199' title='bbox 1627 2281 1655 2331; x_wconf 89' lang='grc' dir='ltr'>ὁ</span> <span class='ocrx_word' id='word_1_200' title='bbox 1691 2280 1820 2348; x_wconf 85' lang='grc' dir='ltr'><strong>Ἐμ-</strong></span> 
     </span>
    </p>
   </div>
   <div class='ocr_carea' id='block_1_25' title="bbox 235 2359 1819 2436">
    <p class='ocr_par' dir='ltr' id='par_1_25' title="bbox 235 2359 1819 2436">
     <span class='ocr_line' id='line_1_25' title="bbox 235 2359 1819 2436; baseline 0.009 -27"><span class='ocrx_word' id='word_1_201' title='bbox 235 2359 505 2428; x_wconf 82' lang='grc' dir='ltr'>μανουήλ·</span> <span class='ocrx_word' id='word_1_202' title='bbox 544 2378 562 2410; x_wconf 76' lang='grc' dir='ltr'><strong>ι</strong></span> <span class='ocrx_word' id='word_1_203' title='bbox 595 2360 710 2412; x_wconf 85' lang='grc' dir='ltr'>Νῦν</span> <span class='ocrx_word' id='word_1_204' title='bbox 756 2364 789 2433; x_wconf 79' lang='grc' dir='ltr'><strong>ἡ</strong></span> <span class='ocrx_word' id='word_1_205' title='bbox 821 2362 965 2434; x_wconf 72' lang='grc' dir='ltr'>ψυχή</span> <span class='ocrx_word' id='word_1_206' title='bbox 1000 2382 1100 2434; x_wconf 84' lang='grc' dir='ltr'><strong>μου</strong></span> <span class='ocrx_word' id='word_1_207' title='bbox 1145 2369 1518 2436; x_wconf 82' lang='grc' dir='ltr'>τετάρακται;</span> <span class='ocrx_word' id='word_1_208' title='bbox 1563 2390 1578 2419; x_wconf 79' lang='grc'><strong>›</strong></span> <span class='ocrx_word' id='word_1_209' title='bbox 1607 2369 1724 2432; x_wconf 82' lang='grc' dir='ltr'><strong>πῶς</strong></span> <span class='ocrx_word' id='word_1_210' title='bbox 1763 2371 1819 2424; x_wconf 81' lang='grc' dir='ltr'>δὲ</span> 
     </span>
    </p>
   </div>
   <div class='ocr_carea' id='block_1_26' title="bbox 229 2450 1818 2531">
    <p class='ocr_par' dir='ltr' id='par_1_26' title="bbox 229 2450 1818 2531">
     <span class='ocr_line' id='line_1_26' title="bbox 229 2450 1818 2531; baseline 0.005 -28"><span class='ocrx_word' id='word_1_211' title='bbox 229 2452 332 2503; x_wconf 69' lang='grc' dir='ltr'><strong>καὶ</strong></span> <span class='ocrx_word' id='word_1_212' title='bbox 356 2450 560 2520; x_wconf 71' lang='grc' dir='ltr'>ἤρξατο</span> <span class='ocrx_word' id='word_1_213' title='bbox 585 2451 870 2506; x_wconf 79' lang='grc' dir='ltr'>λυπεῖσθαι</span> <span class='ocrx_word' id='word_1_214' title='bbox 922 2456 1017 2508; x_wconf 75' lang='grc' dir='ltr'><strong>καὶ</strong></span> <span class='ocrx_word' id='word_1_215' title='bbox 1060 2458 1393 2527; x_wconf 75' lang='grc' dir='ltr'>ἁδημονεῖν;</span> <span class='ocrx_word' id='word_1_216' title='bbox 1447 2462 1478 2531; x_wconf 82' lang='grc' dir='ltr'>ἢ</span> <span class='ocrx_word' id='word_1_217' title='bbox 1519 2460 1611 2513; x_wconf 73' lang='grc' dir='ltr'><strong>καὶ</strong></span> <span class='ocrx_word' id='word_1_218' title='bbox 1663 2464 1818 2514; x_wconf 83' lang='grc' dir='ltr'>ποῖον</span> 
     </span>
    </p>
   </div>
   <div class='ocr_carea' id='block_1_27' title="bbox 230 2541 1816 2624">
    <p class='ocr_par' dir='ltr' id='par_1_27' title="bbox 230 2541 1816 2624">
     <span class='ocr_line' id='line_1_27' title="bbox 230 2541 1816 2624; baseline 0.008 -31"><span class='ocrx_word' id='word_1_219' title='bbox 230 2541 376 2604; x_wconf 80' lang='grc' dir='ltr'>ὅλως</span> <span class='ocrx_word' id='word_1_220' title='bbox 413 2544 496 2604; x_wconf 72' lang='grc' dir='ltr'><strong>εἰς</strong></span> <span class='ocrx_word' id='word_1_221' title='bbox 539 2547 730 2614; x_wconf 84' lang='grc' dir='ltr'>χεῖρας</span> <span class='ocrx_word' id='word_1_222' title='bbox 765 2544 860 2597; x_wconf 91' lang='grc' dir='ltr'><strong>τοῦ</strong></span> <span class='ocrx_word' id='word_1_223' title='bbox 886 2547 1020 2599; x_wconf 78' lang='grc' dir='ltr'>θεοῦ</span> <span class='ocrx_word' id='word_1_224' title='bbox 1056 2550 1147 2600; x_wconf 76' lang='grc' dir='ltr'>καὶ</span> <span class='ocrx_word' id='word_1_225' title='bbox 1177 2550 1392 2621; x_wconf 74' lang='grc' dir='ltr'>Πατρὸς</span> <span class='ocrx_word' id='word_1_226' title='bbox 1416 2553 1683 2621; x_wconf 80' lang='grc' dir='ltr'>παρέθετο</span> <span class='ocrx_word' id='word_1_227' title='bbox 1713 2551 1816 2624; x_wconf 66' lang='lat' dir='ltr'><strong>[re]</strong></span> 
     </span>
    </p>
   </div>
   <div class='ocr_carea' id='block_1_28' title="bbox 234 2632 1818 2711">
    <p class='ocr_par' dir='ltr' id='par_1_28' title="bbox 234 2632 1818 2711">
     <span class='ocr_line' id='line_1_28' title="bbox 234 2632 1818 2711; baseline 0.008 -27"><span class='ocrx_word' id='word_1_228' title='bbox 234 2632 496 2704; x_wconf 82' lang='grc' dir='ltr'>πνεῦμα,</span> <span class='ocrx_word' id='word_1_229' title='bbox 537 2637 583 2688; x_wconf 74' lang='grc' dir='ltr'><strong>εἰ</strong></span> <span class='ocrx_word' id='word_1_230' title='bbox 614 2637 708 2689; x_wconf 80' lang='grc' dir='ltr'><strong>καὶ</strong></span> <span class='ocrx_word' id='word_1_231' title='bbox 747 2638 846 2707; x_wconf 82' lang='grc' dir='ltr'><strong>τῆς</strong></span> <span class='ocrx_word' id='word_1_232' title='bbox 881 2638 1136 2709; x_wconf 80' lang='grc' dir='ltr'>θεότητος</span> <span class='ocrx_word' id='word_1_233' title='bbox 1161 2641 1221 2692; x_wconf 81' lang='grc' dir='ltr'><strong>τὸ</strong></span> <span class='ocrx_word' id='word_1_234' title='bbox 1255 2642 1443 2711; x_wconf 82' lang='grc' dir='ltr'>χρῆμά</span> <span class='ocrx_word' id='word_1_235' title='bbox 1487 2645 1634 2695; x_wconf 76' lang='grc' dir='ltr'>ἐστιν</span> <span class='ocrx_word' id='word_1_236' title='bbox 1665 2643 1818 2697; x_wconf 86' lang='grc' dir='ltr'>ἀλλό-</span> 
     </span>
    </p>
   </div>
   <div class='ocr_carea' id='block_1_29' title="bbox 229 2727 1815 2803">
    <p class='ocr_par' dir='ltr' id='par_1_29' title="bbox 229 2727 1815 2803">
     <span class='ocr_line' id='line_1_29' title="bbox 229 2727 1815 2803; baseline 0.005 -27"><span class='ocrx_word' id='word_1_237' title='bbox 229 2743 410 2794; x_wconf 79' lang='grc' dir='ltr'>τριον,</span> <span class='ocrx_word' id='word_1_238' title='bbox 438 2727 530 2778; x_wconf 71' lang='grc' dir='ltr'>καὶ</span> <span class='ocrx_word' id='word_1_239' title='bbox 559 2729 692 2796; x_wconf 78' lang='grc' dir='ltr'>μηδὲ</span> <span class='ocrx_word' id='word_1_240' title='bbox 718 2730 887 2796; x_wconf 86' lang='grc' dir='ltr'>μόνης</span> <span class='ocrx_word' id='word_1_241' title='bbox 910 2730 1119 2799; x_wconf 72' lang='grc' dir='ltr'>ἀψύχου</span> <span class='ocrx_word' id='word_1_242' title='bbox 1145 2733 1381 2800; x_wconf 85' lang='grc' dir='ltr'>σαρκός;</span> <span class='ocrx_word' id='word_1_243' title='bbox 1415 2734 1683 2803; x_wconf 77' lang='grc' dir='ltr'>Πρόδηλον</span> <span class='ocrx_word' id='word_1_244' title='bbox 1703 2730 1815 2799; x_wconf 86' lang='grc' dir='ltr'>οῦν,</span> 
     </span>
    </p>
   </div>
   <div class='ocr_carea' id='block_1_30' title="bbox 229 2815 1816 2891">
    <p class='ocr_par' dir='ltr' id='par_1_30' title="bbox 229 2815 1816 2891">
     <span class='ocr_line' id='line_1_30' title="bbox 229 2815 1816 2891; baseline 0.005 -24"><span class='ocrx_word' id='word_1_245' title='bbox 229 2817 318 2867; x_wconf 75' lang='grc' dir='ltr'>ὅτι</span> <span class='ocrx_word' id='word_1_246' title='bbox 347 2815 568 2883; x_wconf 79' lang='grc' dir='ltr'>γέγονεν</span> <span class='ocrx_word' id='word_1_247' title='bbox 613 2817 898 2886; x_wconf 85' lang='grc' dir='ltr'>ἄνθρωπος</span> <span class='ocrx_word' id='word_1_248' title='bbox 923 2821 950 2871; x_wconf 84' lang='grc' dir='ltr'>ὁ</span> <span class='ocrx_word' id='word_1_249' title='bbox 984 2821 1298 2889; x_wconf 82' lang='grc' dir='ltr'>Μονογενὴς</span> <span class='ocrx_word' id='word_1_250' title='bbox 1321 2861 1336 2884; x_wconf 96' lang='grc'><strong>,</strong></span> <span class='ocrx_word' id='word_1_251' title='bbox 1385 2824 1484 2873; x_wconf 88' lang='grc' dir='ltr'><strong>ούκ</strong></span> <span class='ocrx_word' id='word_1_252' title='bbox 1514 2822 1718 2891; x_wconf 70' lang='grc' dir='ltr'>ἄψυχόν</span> <span class='ocrx_word' id='word_1_253' title='bbox 1757 2841 1816 2875; x_wconf 88' lang='grc' dir='ltr'><strong>τε</strong></span> 
     </span>
    </p>
   </div>
   <div class='ocr_carea' id='block_1_31' title="bbox 229 2906 1817 2982">
    <p class='ocr_par' dir='ltr' id='par_1_31' title="bbox 229 2906 1817 2982">
     <span class='ocr_line' id='line_1_31' title="bbox 229 2906 1817 2982; baseline 0.004 -23"><span class='ocrx_word' id='word_1_254' title='bbox 229 2906 331 2959; x_wconf 72' lang='grc' dir='ltr'><strong>καὶ</strong></span> <span class='ocrx_word' id='word_1_255' title='bbox 385 2906 547 2960; x_wconf 78' lang='grc' dir='ltr'>ἄνουν</span> <span class='ocrx_word' id='word_1_256' title='bbox 603 2907 760 2977; x_wconf 82' lang='grc' dir='ltr'>σῶμα</span> <span class='ocrx_word' id='word_1_257' title='bbox 812 2907 1012 2970; x_wconf 76' lang='grc' dir='ltr'>λαϐὼν,</span> <span class='ocrx_word' id='word_1_258' title='bbox 1062 2909 1455 2979; x_wconf 75' lang='grc' dir='ltr'>ὲμψυχωμένον</span> <span class='ocrx_word' id='word_1_259' title='bbox 1511 2913 1566 2964; x_wconf 81' lang='grc' dir='ltr'>δὲ</span> <span class='ocrx_word' id='word_1_260' title='bbox 1615 2912 1817 2982; x_wconf 79' lang='grc' dir='ltr'>μᾶλλον</span> 
     </span>
    </p>
   </div>
   <div class='ocr_carea' id='block_1_32' title="bbox 227 2997 1817 3072">
    <p class='ocr_par' dir='ltr' id='par_1_32' title="bbox 227 2997 1817 3072">
     <span class='ocr_line' id='line_1_32' title="bbox 227 2997 1817 3072; baseline 0.004 -23"><span class='ocrx_word' id='word_1_261' title='bbox 227 2997 383 3069; x_wconf 75' lang='grc' dir='ltr'>ψυχῇ</span> <span class='ocrx_word' id='word_1_262' title='bbox 429 2998 519 3050; x_wconf 72' lang='grc' dir='ltr'><strong>καὶ</strong></span> <span class='ocrx_word' id='word_1_263' title='bbox 545 2997 734 3068; x_wconf 80' lang='grc' dir='ltr'>λογικῇ</span> <span class='ocrx_word' id='word_1_264' title='bbox 760 3039 774 3062; x_wconf 95' lang='grc'><strong>,</strong></span> <span class='ocrx_word' id='word_1_265' title='bbox 835 2999 926 3052; x_wconf 69' lang='grc' dir='ltr'><strong>καὶ</strong></span> <span class='ocrx_word' id='word_1_266' title='bbox 957 2997 1178 3062; x_wconf 85' lang='grc' dir='ltr'>τελείως</span> <span class='ocrx_word' id='word_1_267' title='bbox 1210 3000 1410 3072; x_wconf 76' lang='grc' dir='ltr'>ἐχούσῃ</span> <span class='ocrx_word' id='word_1_268' title='bbox 1457 3002 1598 3054; x_wconf 83' lang='grc' dir='ltr'>κατά</span> <span class='ocrx_word' id='word_1_269' title='bbox 1629 3018 1691 3070; x_wconf 90' lang='grc' dir='ltr'><strong>γε</strong></span> <span class='ocrx_word' id='word_1_270' title='bbox 1725 3003 1817 3055; x_wconf 81' lang='grc' dir='ltr'><strong>τὸν</strong></span> 
     </span>
    </p>
   </div>
   <div class='ocr_carea' id='block_1_33' title="bbox 229 3090 1810 3163">
    <p class='ocr_par' dir='ltr' id='par_1_33' title="bbox 229 3090 1810 3163">
     <span class='ocr_line' id='line_1_33' title="bbox 229 3090 1810 3163; baseline 0.003 -20"><span class='ocrx_word' id='word_1_271' title='bbox 229 3093 374 3161; x_wconf 73' lang='grc' dir='ltr'><strong>αὖτῇ</strong></span> <span class='ocrx_word' id='word_1_272' title='bbox 405 3090 680 3160; x_wconf 75' lang='grc' dir='ltr'>πρέποντα</span> <span class='ocrx_word' id='word_1_273' title='bbox 719 3091 896 3158; x_wconf 80' lang='grc' dir='ltr'>λόγον.</span> <span class='ocrx_word' id='word_1_274' title='bbox 937 3093 1043 3145; x_wconf 73' lang='grc' dir='ltr'>Καὶ</span> <span class='ocrx_word' id='word_1_275' title='bbox 1078 3091 1268 3163; x_wconf 80' lang='grc' dir='ltr'>ὥσπερ</span> <span class='ocrx_word' id='word_1_276' title='bbox 1301 3094 1598 3146; x_wconf 80' lang='grc' dir='ltr'>οἰκειοῦται</span> <span class='ocrx_word' id='word_1_277' title='bbox 1631 3095 1810 3148; x_wconf 82' lang='grc' dir='ltr'>πάντα</span> 
     </span>
    </p>
   </div>
   <div class='ocr_carea' id='block_1_34' title="bbox 1855 1879 1893 1932">
    <p class='ocr_par' dir='ltr' id='par_1_34' title="bbox 1855 1879 1893 1932">
     <span class='ocr_line' id='line_1_34' title="bbox 1855 1879 1893 1932; baseline 0 0"><span class='ocrx_word' id='word_1_278' title='bbox 1855 1879 1893 1932; x_wconf 87' lang='grc' dir='ltr'><strong>Β</strong></span> 
     </span>
    </p>
   </div>
   <div class='ocr_carea' id='block_1_35' title="bbox 227 3181 1886 3268">
    <p class='ocr_par' dir='ltr' id='par_1_35' title="bbox 227 3181 1886 3268">
     <span class='ocr_line' id='line_1_35' title="bbox 227 3181 1886 3268; baseline 0.004 -36"><span class='ocrx_word' id='word_1_279' title='bbox 227 3183 304 3232; x_wconf 77' lang='grc' dir='ltr'>τὰ</span> <span class='ocrx_word' id='word_1_280' title='bbox 330 3181 424 3232; x_wconf 87' lang='grc' dir='ltr'><strong>τοῦ</strong></span> <span class='ocrx_word' id='word_1_281' title='bbox 456 3181 586 3234; x_wconf 82' lang='grc' dir='ltr'>ἰδὶου</span> <span class='ocrx_word' id='word_1_282' title='bbox 616 3181 890 3251; x_wconf 81' lang='grc' dir='ltr'>σώματος,</span> <span class='ocrx_word' id='word_1_283' title='bbox 920 3182 1063 3236; x_wconf 75' lang='grc' dir='ltr'>οὕτω</span> <span class='ocrx_word' id='word_1_284' title='bbox 1093 3182 1188 3236; x_wconf 80' lang='grc' dir='ltr'><strong>καὶ</strong></span> <span class='ocrx_word' id='word_1_285' title='bbox 1217 3183 1288 3236; x_wconf 84' lang='grc' dir='ltr'>τὰ</span> <span class='ocrx_word' id='word_1_286' title='bbox 1314 3184 1412 3255; x_wconf 83' lang='grc' dir='ltr'><strong>τῆς</strong></span> <span class='ocrx_word' id='word_1_287' title='bbox 1439 3185 1634 3255; x_wconf 69' lang='grc' dir='ltr'>ψυχῆς.</span> <span class='ocrx_word' id='word_1_288' title='bbox 1668 3185 1814 3239; x_wconf 83' lang='grc' dir='ltr'>Ἔδει</span> <span class='ocrx_word' id='word_1_289' title='bbox 1842 3209 1886 3268; x_wconf 74' lang='lat' dir='ltr'>c</span> 
     </span>
    </p>
   </div>
   <div class='ocr_carea' id='block_1_36' title="bbox 228 3272 1814 3348">
    <p class='ocr_par' dir='ltr' id='par_1_36' title="bbox 228 3272 1814 3348">
     <span class='ocr_line' id='line_1_36' title="bbox 228 3272 1814 3348; baseline 0.006 -26"><span class='ocrx_word' id='word_1_290' title='bbox 228 3272 346 3340; x_wconf 75' lang='grc' dir='ltr'>γὰρ</span> <span class='ocrx_word' id='word_1_291' title='bbox 373 3273 537 3324; x_wconf 82' lang='grc' dir='ltr'>αύτὺν</span> <span class='ocrx_word' id='word_1_292' title='bbox 568 3273 656 3326; x_wconf 75' lang='grc' dir='ltr'>διὰ</span> <span class='ocrx_word' id='word_1_293' title='bbox 689 3275 888 3337; x_wconf 83' lang='grc' dir='ltr'>παντὸς</span> <span class='ocrx_word' id='word_1_294' title='bbox 917 3275 1145 3344; x_wconf 82' lang='grc' dir='ltr'>ὁρᾶσθαι</span> <span class='ocrx_word' id='word_1_295' title='bbox 1192 3275 1517 3347; x_wconf 82' lang='grc' dir='ltr'>πράγματος</span> <span class='ocrx_word' id='word_1_296' title='bbox 1551 3277 1814 3348; x_wconf 88' lang='grc' dir='ltr'>σαρκικοῦ</span> 
     </span>
    </p>
   </div>
   <div class='ocr_carea' id='block_1_37' title="bbox 228 3362 1816 3438">
    <p class='ocr_par' dir='ltr' id='par_1_37' title="bbox 228 3362 1816 3438">
     <span class='ocr_line' id='line_1_37' title="bbox 228 3362 1816 3438; baseline 0.004 -22"><span class='ocrx_word' id='word_1_297' title='bbox 228 3364 332 3416; x_wconf 75' lang='grc' dir='ltr'><strong>καὶ</strong></span> <span class='ocrx_word' id='word_1_298' title='bbox 360 3362 591 3432; x_wconf 77' lang='grc' dir='ltr'>ψυχικοῦ</span> <span class='ocrx_word' id='word_1_299' title='bbox 625 3364 690 3416; x_wconf 81' lang='grc' dir='ltr'>δι’</span> <span class='ocrx_word' id='word_1_300' title='bbox 722 3365 867 3434; x_wconf 83' lang='grc' dir='ltr'>ἡμᾶς</span> <span class='ocrx_word' id='word_1_301' title='bbox 893 3375 915 3402; x_wconf 75' lang='grc'><strong>³</strong></span> <span class='ocrx_word' id='word_1_302' title='bbox 947 3366 1232 3434; x_wconf 86' lang='grc' dir='ltr'>γεγονότος</span> <span class='ocrx_word' id='word_1_303' title='bbox 1272 3370 1317 3422; x_wconf 68' lang='grc'><strong>⁸.</strong></span> <span class='ocrx_word' id='word_1_304' title='bbox 1385 3369 1583 3438; x_wconf 82' lang='grc' dir='ltr'>Ἐσμὲν</span> <span class='ocrx_word' id='word_1_305' title='bbox 1625 3369 1680 3420; x_wconf 85' lang='grc' dir='ltr'>δὲ</span> <span class='ocrx_word' id='word_1_306' title='bbox 1721 3370 1816 3423; x_wconf 80' lang='grc' dir='ltr'><strong>καὶ</strong></span> 
     </span>
    </p>
   </div>
   <div class='ocr_carea' id='block_1_38' title="bbox 225 3455 1816 3533">
    <p class='ocr_par' dir='ltr' id='par_1_38' title="bbox 225 3455 1816 3533">
     <span class='ocr_line' id='line_1_38' title="bbox 225 3455 1816 3533; baseline 0.006 -28"><span class='ocrx_word' id='word_1_307' title='bbox 225 3455 400 3524; x_wconf 75' lang='grc' dir='ltr'>ἡμεῖς</span> <span class='ocrx_word' id='word_1_308' title='bbox 429 3456 493 3506; x_wconf 85' lang='grc' dir='ltr'>ὲκ</span> <span class='ocrx_word' id='word_1_309' title='bbox 525 3455 703 3525; x_wconf 82' lang='grc' dir='ltr'>ψυχῆς</span> <span class='ocrx_word' id='word_1_310' title='bbox 728 3456 954 3526; x_wconf 84' lang='grc' dir='ltr'>λογικῆς</span> <span class='ocrx_word' id='word_1_311' title='bbox 992 3475 1049 3510; x_wconf 88' lang='grc' dir='ltr'><strong>τε</strong></span> <span class='ocrx_word' id='word_1_312' title='bbox 1080 3459 1173 3512; x_wconf 69' lang='grc' dir='ltr'><strong>κα)⁸</strong></span> <span class='ocrx_word' id='word_1_313' title='bbox 1213 3458 1483 3530; x_wconf 77' lang='grc' dir='ltr'>σώματος.</span> <span class='ocrx_word' id='word_1_314' title='bbox 1519 3462 1727 3533; x_wconf 82' lang='grc' dir='ltr'>Ὥσπερ</span> <span class='ocrx_word' id='word_1_315' title='bbox 1758 3463 1816 3515; x_wconf 83' lang='grc' dir='ltr'><strong>δὲ</strong></span> 
     </span>
    </p>
   </div>
   <div class='ocr_carea' id='block_1_39' title="bbox 225 3547 1814 3622">
    <p class='ocr_par' dir='ltr' id='par_1_39' title="bbox 225 3547 1814 3622">
     <span class='ocr_line' id='line_1_39' title="bbox 225 3547 1814 3622; baseline 0.003 -20"><span class='ocrx_word' id='word_1_316' title='bbox 225 3547 594 3618; x_wconf 71' lang='grc' dir='ltr'>οἰκονομικῶς</span> <span class='ocrx_word' id='word_1_317' title='bbox 639 3550 1031 3619; x_wconf 84' lang='grc' dir='ltr'>συγκεχώρηκε</span> <span class='ocrx_word' id='word_1_318' title='bbox 1059 3553 1126 3620; x_wconf 85' lang='grc' dir='ltr'>τῇ</span> <span class='ocrx_word' id='word_1_319' title='bbox 1163 3551 1267 3622; x_wconf 75' lang='grc' dir='ltr'>ἰδίᾳ</span> <span class='ocrx_word' id='word_1_320' title='bbox 1305 3554 1470 3621; x_wconf 76' lang='grc' dir='ltr'>σαρκὶ</span> <span class='ocrx_word' id='word_1_321' title='bbox 1498 3553 1590 3605; x_wconf 70' lang='grc' dir='ltr'>καὶ</span> <span class='ocrx_word' id='word_1_322' title='bbox 1619 3554 1814 3606; x_wconf 84' lang='grc' dir='ltr'>παθεῖν</span> 
     </span>
    </p>
   </div>
   <div class='ocr_carea' id='block_1_40' title="bbox 230 3639 1814 3712">
    <p class='ocr_par' dir='ltr' id='par_1_40' title="bbox 230 3639 1814 3712">
     <span class='ocr_line' id='line_1_40' title="bbox 230 3639 1814 3712; baseline 0.002 -20"><span class='ocrx_word' id='word_1_323' title='bbox 230 3640 348 3693; x_wconf 80' lang='grc' dir='ltr'>ἔσθ’</span> <span class='ocrx_word' id='word_1_324' title='bbox 378 3639 466 3692; x_wconf 83' lang='grc' dir='ltr'><strong>ὅτε</strong></span> <span class='ocrx_word' id='word_1_325' title='bbox 517 3640 583 3693; x_wconf 83' lang='grc' dir='ltr'>τὰ</span> <span class='ocrx_word' id='word_1_326' title='bbox 616 3639 723 3694; x_wconf 78' lang='grc' dir='ltr'>ἴδια</span> <span class='ocrx_word' id='word_1_327' title='bbox 749 3679 762 3702; x_wconf 93' lang='grc'><strong>,</strong></span> <span class='ocrx_word' id='word_1_328' title='bbox 793 3641 936 3693; x_wconf 80' lang='grc' dir='ltr'>οὓτω</span> <span class='ocrx_word' id='word_1_329' title='bbox 969 3640 1130 3694; x_wconf 85' lang='grc' dir='ltr'>πάλιν</span> <span class='ocrx_word' id='word_1_330' title='bbox 1161 3643 1254 3695; x_wconf 84' lang='grc' dir='ltr'><strong>καί</strong></span> <span class='ocrx_word' id='word_1_331' title='bbox 1299 3646 1362 3712; x_wconf 83' lang='grc' dir='ltr'>τῇ</span> <span class='ocrx_word' id='word_1_332' title='bbox 1397 3643 1541 3711; x_wconf 74' lang='grc' dir='ltr'>ψυχῇ</span> <span class='ocrx_word' id='word_1_333' title='bbox 1580 3643 1814 3712; x_wconf 84' lang='grc' dir='ltr'>συνεχώ-</span> 
     </span>
    </p>
   </div>
   <div class='ocr_carea' id='block_1_41' title="bbox 234 3731 1813 3804">
    <p class='ocr_par' dir='ltr' id='par_1_41' title="bbox 234 3731 1813 3804">
     <span class='ocr_line' id='line_1_41' title="bbox 234 3731 1813 3804; baseline 0.002 -21"><span class='ocrx_word' id='word_1_334' title='bbox 234 3748 372 3802; x_wconf 85' lang='grc' dir='ltr'>ρησε</span> <span class='ocrx_word' id='word_1_335' title='bbox 404 3731 471 3784; x_wconf 78' lang='grc' dir='ltr'><strong>τὰ</strong></span> <span class='ocrx_word' id='word_1_336' title='bbox 498 3732 673 3784; x_wconf 83' lang='grc' dir='ltr'>οἰκεῖα</span> <span class='ocrx_word' id='word_1_337' title='bbox 705 3731 914 3785; x_wconf 77' lang='grc' dir='ltr'>παθεῖν’</span> <span class='ocrx_word' id='word_1_338' title='bbox 951 3731 1045 3785; x_wconf 74' lang='grc' dir='ltr'><strong>καὶ</strong></span> <span class='ocrx_word' id='word_1_339' title='bbox 1072 3731 1132 3785; x_wconf 85' lang='grc' dir='ltr'><strong>τὸ</strong></span> <span class='ocrx_word' id='word_1_340' title='bbox 1163 3732 1263 3802; x_wconf 81' lang='grc' dir='ltr'>τῆς</span> <span class='ocrx_word' id='word_1_341' title='bbox 1304 3732 1585 3795; x_wconf 81' lang='grc' dir='ltr'>κενώσεως</span> <span class='ocrx_word' id='word_1_342' title='bbox 1615 3734 1813 3804; x_wconf 80' lang='grc' dir='ltr'>μέτρον</span> 
     </span>
    </p>
   </div>
   <div class='ocr_carea' id='block_1_42' title="bbox 227 3823 1813 3896">
    <p class='ocr_par' dir='ltr' id='par_1_42' title="bbox 227 3823 1813 3896">
     <span class='ocr_line' id='line_1_42' title="bbox 227 3823 1813 3896; baseline 0 -20"><span class='ocrx_word' id='word_1_343' title='bbox 227 3826 505 3895; x_wconf 75' lang='grc' dir='ltr'>τετήρηκε</span> <span class='ocrx_word' id='word_1_344' title='bbox 531 3825 804 3895; x_wconf 85' lang='grc' dir='ltr'>πανταχοῦ</span> <span class='ocrx_word' id='word_1_345' title='bbox 826 3864 843 3888; x_wconf 97' lang='grc'><strong>,</strong></span> <span class='ocrx_word' id='word_1_346' title='bbox 880 3824 1058 3878; x_wconf 82' lang='grc' dir='ltr'>καίτοι</span> <span class='ocrx_word' id='word_1_347' title='bbox 1084 3823 1214 3889; x_wconf 81' lang='grc' dir='ltr'>Θεὸς</span> <span class='ocrx_word' id='word_1_348' title='bbox 1243 3824 1318 3878; x_wconf 83' lang='grc' dir='ltr'>ὢν</span> <span class='ocrx_word' id='word_1_349' title='bbox 1340 3825 1528 3894; x_wconf 85' lang='grc' dir='ltr'>φύσει,</span> <span class='ocrx_word' id='word_1_350' title='bbox 1553 3825 1647 3879; x_wconf 76' lang='grc' dir='ltr'>καὶ</span> <span class='ocrx_word' id='word_1_351' title='bbox 1673 3824 1813 3896; x_wconf 81' lang='grc' dir='ltr'>ὑπὲρ</span> 
     </span>
    </p>
   </div>
   <div class='ocr_carea' id='block_1_43' title="bbox 232 3915 1813 3987">
    <p class='ocr_par' dir='ltr' id='par_1_43' title="bbox 232 3915 1813 3987">
     <span class='ocr_line' id='line_1_43' title="bbox 232 3915 1813 3987; baseline 0.001 -20"><span class='ocrx_word' id='word_1_352' title='bbox 232 3916 420 3968; x_wconf 77' lang='grc' dir='ltr'>πᾶσαν</span> <span class='ocrx_word' id='word_1_353' title='bbox 449 3915 547 3985; x_wconf 81' lang='grc' dir='ltr'>τὴν</span> <span class='ocrx_word' id='word_1_354' title='bbox 593 3918 792 3970; x_wconf 81' lang='grc' dir='ltr'>κτίσιν.</span> <span class='ocrx_word' id='word_1_355' title='bbox 829 3917 1191 3987; x_wconf 84' lang='grc' dir='ltr'>Παρατίθεται</span> <span class='ocrx_word' id='word_1_356' title='bbox 1225 3917 1280 3971; x_wconf 87' lang='grc' dir='ltr'>δὲ</span> <span class='ocrx_word' id='word_1_357' title='bbox 1325 3917 1385 3970; x_wconf 83' lang='grc' dir='ltr'><strong>τὸ</strong></span> <span class='ocrx_word' id='word_1_358' title='bbox 1434 3916 1564 3970; x_wconf 82' lang='grc' dir='ltr'>ἴδιον</span> <span class='ocrx_word' id='word_1_359' title='bbox 1599 3915 1813 3987; x_wconf 80' lang='grc' dir='ltr'>πνεῦμα</span> 
     </span>
    </p>
   </div>
   <div class='ocr_carea' id='block_1_44' title="bbox 229 4005 1814 4081">
    <p class='ocr_par' dir='ltr' id='par_1_44' title="bbox 229 4005 1814 4081">
     <span class='ocr_line' id='line_1_44' title="bbox 229 4005 1814 4081; baseline 0.003 -25"><span class='ocrx_word' id='word_1_360' title='bbox 229 4005 312 4076; x_wconf 78' lang='grc' dir='ltr'><strong>τῷ</strong></span> <span class='ocrx_word' id='word_1_361' title='bbox 345 4005 465 4075; x_wconf 87' lang='grc' dir='ltr'><strong>Θεῷ</strong></span> <span class='ocrx_word' id='word_1_362' title='bbox 508 4006 604 4058; x_wconf 72' lang='grc' dir='ltr'><strong>καὶ</strong></span> <span class='ocrx_word' id='word_1_363' title='bbox 647 4008 856 4076; x_wconf 78' lang='grc' dir='ltr'>Πατρὶ,</span> <span class='ocrx_word' id='word_1_364' title='bbox 889 4011 1138 4062; x_wconf 79' lang='grc' dir='ltr'>τουτέστι</span> <span class='ocrx_word' id='word_1_365' title='bbox 1182 4010 1281 4081; x_wconf 83' lang='grc' dir='ltr'><strong>τὴν</strong></span> <span class='ocrx_word' id='word_1_366' title='bbox 1335 4009 1627 4062; x_wconf 84' lang='grc' dir='ltr'>ὲνωοεῖσαν</span> <span class='ocrx_word' id='word_1_367' title='bbox 1668 4007 1814 4078; x_wconf 84' lang='grc' dir='ltr'>αύτῷ</span> 
     </span>
    </p>
   </div>
   <div class='ocr_carea' id='block_1_45' title="bbox 227 4096 1810 4170">
    <p class='ocr_par' dir='ltr' id='par_1_45' title="bbox 227 4096 1810 4170">
     <span class='ocr_line' id='line_1_45' title="bbox 227 4096 1810 4170; baseline 0.003 -22"><span class='ocrx_word' id='word_1_368' title='bbox 227 4096 434 4168; x_wconf 73' lang='grc' dir='ltr'>ψυχὴν,</span> <span class='ocrx_word' id='word_1_369' title='bbox 473 4097 558 4149; x_wconf 87' lang='grc' dir='ltr'><strong>ἵνα</strong></span> <span class='ocrx_word' id='word_1_370' title='bbox 589 4099 736 4167; x_wconf 75' lang='grc' dir='ltr'>ἡμᾶς</span> <span class='ocrx_word' id='word_1_371' title='bbox 769 4100 861 4150; x_wconf 73' lang='grc' dir='ltr'><strong>καὶ</strong></span> <span class='ocrx_word' id='word_1_372' title='bbox 890 4100 978 4152; x_wconf 81' lang='grc' dir='ltr'>διὰ</span> <span class='ocrx_word' id='word_1_373' title='bbox 1019 4100 1208 4153; x_wconf 90' lang='grc' dir='ltr'>τούτου</span> <span class='ocrx_word' id='word_1_374' title='bbox 1252 4100 1414 4153; x_wconf 82' lang='grc' dir='ltr'>πάλιν</span> <span class='ocrx_word' id='word_1_375' title='bbox 1455 4100 1810 4170; x_wconf 83' lang='grc' dir='ltr'>εύεργετήση.</span> 
     </span>
    </p>
   </div>
   <div class='ocr_carea' id='block_1_46' title="bbox 227 4189 1813 4262">
    <p class='ocr_par' dir='ltr' id='par_1_46' title="bbox 227 4189 1813 4262">
     <span class='ocr_line' id='line_1_46' title="bbox 227 4189 1813 4262; baseline -0.001 -20"><span class='ocrx_word' id='word_1_376' title='bbox 227 4189 410 4242; x_wconf 81' lang='grc' dir='ltr'>Πάλαι</span> <span class='ocrx_word' id='word_1_377' title='bbox 441 4189 537 4258; x_wconf 81' lang='grc' dir='ltr'><strong>μὲν</strong></span> <span class='ocrx_word' id='word_1_378' title='bbox 564 4193 673 4260; x_wconf 86' lang='grc' dir='ltr'>γὰρ</span> <span class='ocrx_word' id='word_1_379' title='bbox 699 4190 1169 4262; x_wconf 78' lang='grc' dir='ltr'>ἀπαλλαττόμεναι</span> <span class='ocrx_word' id='word_1_380' title='bbox 1190 4191 1298 4244; x_wconf 80' lang='grc' dir='ltr'><strong>τῶν</strong></span> <span class='ocrx_word' id='word_1_381' title='bbox 1324 4189 1593 4260; x_wconf 81' lang='grc' dir='ltr'>σωμάτων</span> <span class='ocrx_word' id='word_1_382' title='bbox 1616 4191 1674 4242; x_wconf 85' lang='grc' dir='ltr'><strong>ἐν</strong></span> <span class='ocrx_word' id='word_1_383' title='bbox 1702 4193 1813 4253; x_wconf 87' lang='grc' dir='ltr'>τοῖς</span> 
     </span>
    </p>
   </div>
   <div class='ocr_carea' id='block_1_47' title="bbox 229 4280 1810 4354">
    <p class='ocr_par' dir='ltr' id='par_1_47' title="bbox 229 4280 1810 4354">
     <span class='ocr_line' id='line_1_47' title="bbox 229 4280 1810 4354; baseline -0.001 -19"><span class='ocrx_word' id='word_1_384' title='bbox 229 4281 342 4335; x_wconf 80' lang='grc' dir='ltr'><strong>ὑπὸ</strong></span> <span class='ocrx_word' id='word_1_385' title='bbox 365 4280 526 4350; x_wconf 83' lang='grc' dir='ltr'>χθόνα</span> <span class='ocrx_word' id='word_1_386' title='bbox 558 4283 750 4351; x_wconf 80' lang='grc' dir='ltr'>μυχοῖς</span> <span class='ocrx_word' id='word_1_387' title='bbox 773 4284 829 4335; x_wconf 74' lang='grc' dir='ltr'>αἱ</span> <span class='ocrx_word' id='word_1_388' title='bbox 856 4282 962 4335; x_wconf 81' lang='grc' dir='ltr'>τῶν</span> <span class='ocrx_word' id='word_1_389' title='bbox 996 4281 1299 4354; x_wconf 78' lang='grc' dir='ltr'>ἀνθρώπων</span> <span class='ocrx_word' id='word_1_390' title='bbox 1327 4282 1496 4351; x_wconf 68' lang='grc' dir='ltr'>ψυχαὶ</span> <span class='ocrx_word' id='word_1_391' title='bbox 1529 4281 1810 4351; x_wconf 81' lang='grc' dir='ltr'>κατεπέμ-</span> 
     </span>
    </p>
   </div>
   <div class='ocr_carea' id='block_1_48' title="bbox 228 4368 1810 4441">
    <p class='ocr_par' dir='ltr' id='par_1_48' title="bbox 228 4368 1810 4441">
     <span class='ocr_line' id='line_1_48' title="bbox 228 4368 1810 4441; baseline 0.001 -21"><span class='ocrx_word' id='word_1_392' title='bbox 228 4385 428 4433; x_wconf 84' lang='grc' dir='ltr'>ποντο,</span> <span class='ocrx_word' id='word_1_393' title='bbox 457 4368 761 4438; x_wconf 78' lang='grc' dir='ltr'>πληροῦσαι</span> <span class='ocrx_word' id='word_1_394' title='bbox 800 4370 869 4423; x_wconf 79' lang='grc' dir='ltr'><strong>τά</strong></span> <span class='ocrx_word' id='word_1_395' title='bbox 897 4369 992 4422; x_wconf 84' lang='grc' dir='ltr'><strong>τοῦ</strong></span> <span class='ocrx_word' id='word_1_396' title='bbox 1036 4371 1268 4424; x_wconf 88' lang='grc' dir='ltr'>θανάτου</span> <span class='ocrx_word' id='word_1_397' title='bbox 1297 4372 1541 4439; x_wconf 86' lang='grc' dir='ltr'>ταμιεῖα.</span> <span class='ocrx_word' id='word_1_398' title='bbox 1594 4370 1810 4441; x_wconf 79' lang='grc' dir='ltr'>Ἐπειδὴ</span> 
     </span>
    </p>
   </div>
   <div class='ocr_carea' id='block_1_49' title="bbox 227 4460 1812 4534">
    <p class='ocr_par' dir='ltr' id='par_1_49' title="bbox 227 4460 1812 4534">
     <span class='ocr_line' id='line_1_49' title="bbox 227 4460 1812 4534; baseline 0.001 -20"><span class='ocrx_word' id='word_1_399' title='bbox 227 4462 286 4514; x_wconf 81' lang='grc' dir='ltr'>δὲ</span> <span class='ocrx_word' id='word_1_400' title='bbox 321 4461 553 4530; x_wconf 84' lang='grc' dir='ltr'>Χριστὸς</span> <span class='ocrx_word' id='word_1_401' title='bbox 578 4460 640 4513; x_wconf 86' lang='grc' dir='ltr'>τὸ</span> <span class='ocrx_word' id='word_1_402' title='bbox 667 4460 796 4513; x_wconf 78' lang='grc' dir='ltr'>ἴδιον</span> <span class='ocrx_word' id='word_1_403' title='bbox 828 4462 1052 4532; x_wconf 75' lang='grc' dir='ltr'>Πνεῦμα</span> <span class='ocrx_word' id='word_1_404' title='bbox 1083 4463 1355 4534; x_wconf 79' lang='grc' dir='ltr'>παρέθετο</span> <span class='ocrx_word' id='word_1_405' title='bbox 1377 4463 1454 4532; x_wconf 82' lang='grc' dir='ltr'><strong>τῷ</strong></span> <span class='ocrx_word' id='word_1_406' title='bbox 1475 4463 1684 4532; x_wconf 79' lang='grc' dir='ltr'>Πατρὶ,</span> <span class='ocrx_word' id='word_1_407' title='bbox 1719 4465 1812 4516; x_wconf 69' lang='grc' dir='ltr'><strong>καὶ</strong></span> 
     </span>
    </p>
   </div>
   <div class='ocr_carea' id='block_1_50' title="bbox 1927 625 3500 704">
    <p class='ocr_par' dir='ltr' id='par_1_50' title="bbox 1927 625 3500 704">
     <span class='ocr_line' id='line_1_50' title="bbox 1927 625 3500 704; baseline 0.014 -28"><span class='ocrx_word' id='word_1_408' title='bbox 1927 625 2170 682; x_wconf 87' lang='lat' dir='ltr'><strong>clamans</strong></span> <span class='ocrx_word' id='word_1_409' title='bbox 2212 644 2342 685; x_wconf 87' lang='lat' dir='ltr'><strong>voce</strong></span> <span class='ocrx_word' id='word_1_410' title='bbox 2389 649 2579 702; x_wconf 79' lang='lat' dir='ltr'><strong>magna</strong></span> <span class='ocrx_word' id='word_1_411' title='bbox 2629 635 2806 701; x_wconf 87' lang='lat' dir='ltr'><strong>Jesus,</strong></span> <span class='ocrx_word' id='word_1_412' title='bbox 2848 639 2923 691; x_wconf 97' lang='lat' dir='ltr'><strong>ait</strong></span> <span class='ocrx_word' id='word_1_413' title='bbox 2953 657 2967 694; x_wconf 88' lang='lat'><strong>:</strong></span> <span class='ocrx_word' id='word_1_414' title='bbox 2996 637 3179 704; x_wconf 87' lang='lat' dir='ltr'><strong>Pater,</strong></span> <span class='ocrx_word' id='word_1_415' title='bbox 3219 642 3270 694; x_wconf 91' lang='lat' dir='ltr'><strong>in</strong></span> <span class='ocrx_word' id='word_1_416' title='bbox 3312 658 3500 698; x_wconf 80' lang='lat' dir='ltr'><strong>manus</strong></span> 
     </span>
    </p>
   </div>
   <div class='ocr_carea' id='block_1_51' title="bbox 1936 721 3497 799">
    <p class='ocr_par' dir='ltr' id='par_1_51' title="bbox 1936 721 3497 799">
     <span class='ocr_line' id='line_1_51' title="bbox 1936 721 3497 799; baseline 0.013 -35"><span class='ocrx_word' id='word_1_417' title='bbox 1936 722 2055 768; x_wconf 84' lang='lat' dir='ltr'><strong>luas</strong></span> <span class='ocrx_word' id='word_1_418' title='bbox 2078 721 2397 776; x_wconf 82' lang='lat' dir='ltr'><strong>commendo</strong></span> <span class='ocrx_word' id='word_1_419' title='bbox 2427 724 2674 790; x_wconf 75' lang='lat' dir='ltr'><strong>spiritum</strong></span> <span class='ocrx_word' id='word_1_420' title='bbox 2705 742 2879 780; x_wconf 87' lang='lat' dir='ltr'><strong>meum</strong></span> <span class='ocrx_word' id='word_1_421' title='bbox 2898 729 2966 783; x_wconf 79' lang='grc' dir='ltr'><strong>⁸ο.</strong></span> <span class='ocrx_word' id='word_1_422' title='bbox 2999 748 3018 780; x_wconf 74' lang='grc' dir='ltr'><strong>ι</strong></span> <span class='ocrx_word' id='word_1_423' title='bbox 3051 729 3152 795; x_wconf 93' lang='lat' dir='ltr'><strong>Qui</strong></span> <span class='ocrx_word' id='word_1_424' title='bbox 3177 732 3497 799; x_wconf 80' lang='lat' dir='ltr'><strong>Apollinarii</strong></span> 
     </span>
    </p>
   </div>
   <div class='ocr_carea' id='block_1_52' title="bbox 1926 806 3501 890">
    <p class='ocr_par' dir='ltr' id='par_1_52' title="bbox 1926 806 3501 890">
     <span class='ocr_line' id='line_1_52' title="bbox 1926 806 3501 890; baseline 0.013 -34"><span class='ocrx_word' id='word_1_425' title='bbox 1926 806 2235 873; x_wconf 85' lang='lat' dir='ltr'><strong>opinionem</strong></span> <span class='ocrx_word' id='word_1_426' title='bbox 2278 826 2599 881; x_wconf 87' lang='lat' dir='ltr'><strong>sequuntur,</strong></span> <span class='ocrx_word' id='word_1_427' title='bbox 2655 817 3007 890; x_wconf 82' lang='lat' dir='ltr'><strong>ejusdemque</strong></span> <span class='ocrx_word' id='word_1_428' title='bbox 3054 824 3338 877; x_wconf 63' lang='lat' dir='ltr'><strong>sententia!</strong></span> <span class='ocrx_word' id='word_1_429' title='bbox 3367 823 3501 877; x_wconf 86' lang='lat' dir='ltr'><strong>sub-</strong></span> 
     </span>
    </p>
   </div>
   <div class='ocr_carea' id='block_1_53' title="bbox 1927 900 3503 975">
    <p class='ocr_par' dir='ltr' id='par_1_53' title="bbox 1927 900 3503 975">
     <span class='ocr_line' id='line_1_53' title="bbox 1927 900 3503 975; baseline 0.01 -25"><span class='ocrx_word' id='word_1_430' title='bbox 1927 900 2170 953; x_wconf 88' lang='lat' dir='ltr'><strong>scribunt</strong></span> <span class='ocrx_word' id='word_1_431' title='bbox 2195 918 2208 965; x_wconf 90' lang='lat'>;</span> <span class='ocrx_word' id='word_1_432' title='bbox 2238 903 2289 956; x_wconf 93' lang='lat' dir='ltr'><strong>hi</strong></span> <span class='ocrx_word' id='word_1_433' title='bbox 2327 906 2579 973; x_wconf 87' lang='lat' dir='ltr'><strong>templum</strong></span> <span class='ocrx_word' id='word_1_434' title='bbox 2637 909 2742 963; x_wconf 86' lang='lat' dir='ltr'><strong>Deo</strong></span> <span class='ocrx_word' id='word_1_435' title='bbox 2777 911 3004 975; x_wconf 88' lang='lat' dir='ltr'><strong>unitum,</strong></span> <span class='ocrx_word' id='word_1_436' title='bbox 3054 912 3293 967; x_wconf 85' lang='lat' dir='ltr'><strong>inanitne</strong></span> <span class='ocrx_word' id='word_1_437' title='bbox 3317 929 3379 967; x_wconf 85' lang='lat' dir='ltr'><strong>ac</strong></span> <span class='ocrx_word' id='word_1_438' title='bbox 3414 929 3503 966; x_wconf 86' lang='lat' dir='ltr'><strong>ra-</strong></span> 
     </span>
    </p>
   </div>
   <div class='ocr_carea' id='block_1_54' title="bbox 1931 990 3506 1073">
    <p class='ocr_par' dir='ltr' id='par_1_54' title="bbox 1931 990 3506 1073">
     <span class='ocr_line' id='line_1_54' title="bbox 1931 990 3506 1073; baseline 0.009 -31"><span class='ocrx_word' id='word_1_439' title='bbox 1931 990 2075 1044; x_wconf 86' lang='lat' dir='ltr'><strong>tione</strong></span> <span class='ocrx_word' id='word_1_440' title='bbox 2107 993 2427 1048; x_wconf 87' lang='lat' dir='ltr'><strong>destitutum</strong></span> <span class='ocrx_word' id='word_1_441' title='bbox 2477 997 2648 1053; x_wconf 81' lang='lat' dir='ltr'><strong>fuisse</strong></span> <span class='ocrx_word' id='word_1_442' title='bbox 2678 1002 3045 1054; x_wconf 83' lang='lat' dir='ltr'><strong>contendunt:</strong></span> <span class='ocrx_word' id='word_1_443' title='bbox 3087 1004 3179 1056; x_wconf 92' lang='lat' dir='ltr'><strong>sed</strong></span> <span class='ocrx_word' id='word_1_444' title='bbox 3233 1005 3362 1073; x_wconf 82' lang='lat' dir='ltr'><strong>quid</strong></span> <span class='ocrx_word' id='word_1_445' title='bbox 3399 1005 3506 1070; x_wconf 73' lang='lat' dir='ltr'><strong>illis</strong></span> 
     </span>
    </p>
   </div>
   <div class='ocr_carea' id='block_1_55' title="bbox 1927 1083 3493 1166">
    <p class='ocr_par' dir='ltr' id='par_1_55' title="bbox 1927 1083 3493 1166">
     <span class='ocr_line' id='line_1_55' title="bbox 1927 1083 3493 1166; baseline 0.011 -34"><span class='ocrx_word' id='word_1_446' title='bbox 1927 1083 2179 1147; x_wconf 88' lang='lat' dir='ltr'><strong>obsecro,</strong></span> <span class='ocrx_word' id='word_1_447' title='bbox 2223 1088 2548 1153; x_wconf 87' lang='lat' dir='ltr'><strong>respondere</strong></span> <span class='ocrx_word' id='word_1_448' title='bbox 2579 1102 2824 1159; x_wconf 87' lang='lat' dir='ltr'><strong>possunt,</strong></span> <span class='ocrx_word' id='word_1_449' title='bbox 2852 1107 2974 1146; x_wconf 91' lang='lat' dir='ltr'><strong>cum</strong></span> <span class='ocrx_word' id='word_1_450' title='bbox 3005 1106 3220 1147; x_wconf 88' lang='lat' dir='ltr'><strong>sanctos</strong></span> <span class='ocrx_word' id='word_1_451' title='bbox 3267 1109 3493 1166; x_wconf 75' lang='lat' dir='ltr'><strong>evange-</strong></span> 
     </span>
    </p>
   </div>
   <div class='ocr_carea' id='block_1_56' title="bbox 1927 1171 3498 1239">
    <p class='ocr_par' dir='ltr' id='par_1_56' title="bbox 1927 1171 3498 1239">
     <span class='ocr_line' id='line_1_56' title="bbox 1927 1171 3498 1239; baseline 0.01 -15"><span class='ocrx_word' id='word_1_452' title='bbox 1927 1171 2080 1227; x_wconf 84' lang='lat' dir='ltr'><strong>listas</strong></span> <span class='ocrx_word' id='word_1_453' title='bbox 2116 1173 2240 1228; x_wconf 89' lang='lat' dir='ltr'><strong>talia</strong></span> <span class='ocrx_word' id='word_1_454' title='bbox 2283 1177 2348 1230; x_wconf 87' lang='lat' dir='ltr'><strong>de</strong></span> <span class='ocrx_word' id='word_1_455' title='bbox 2389 1180 2629 1233; x_wconf 84' lang='lat' dir='ltr'><strong>omnium</strong></span> <span class='ocrx_word' id='word_1_456' title='bbox 2681 1191 2928 1235; x_wconf 90' lang='lat' dir='ltr'><strong>nostrum</strong></span> <span class='ocrx_word' id='word_1_457' title='bbox 2975 1183 3258 1238; x_wconf 85' lang='lat' dir='ltr'><strong>Salvatore</strong></span> <span class='ocrx_word' id='word_1_458' title='bbox 3305 1185 3498 1239; x_wconf 88' lang='lat' dir='ltr'><strong>litteris</strong></span> 
     </span>
    </p>
   </div>
   <div class='ocr_carea' id='block_1_57' title="bbox 1926 1263 3500 1342">
    <p class='ocr_par' dir='ltr' id='par_1_57' title="bbox 1926 1263 3500 1342">
     <span class='ocr_line' id='line_1_57' title="bbox 1926 1263 3500 1342; baseline 0.009 -26"><span class='ocrx_word' id='word_1_459' title='bbox 1926 1263 2230 1330; x_wconf 84' lang='lat' dir='ltr'><strong>prodidisse</strong></span> <span class='ocrx_word' id='word_1_460' title='bbox 2271 1266 2492 1334; x_wconf 82' lang='lat' dir='ltr'><strong>legunt?</strong></span> <span class='ocrx_word' id='word_1_461' title='bbox 2514 1267 2646 1322; x_wconf 86' lang='lat' dir='ltr'><strong>Nam</strong></span> <span class='ocrx_word' id='word_1_462' title='bbox 2692 1271 2852 1342; x_wconf 77' lang='lat'><strong>176</strong></span> <span class='ocrx_word' id='word_1_463' title='bbox 2883 1272 3054 1341; x_wconf 86' lang='lat' dir='ltr'><strong>cujus,</strong></span> <span class='ocrx_word' id='word_1_464' title='bbox 3081 1288 3290 1341; x_wconf 67' lang='lat' dir='ltr'><strong>quaeso,</strong></span> <span class='ocrx_word' id='word_1_465' title='bbox 3329 1275 3500 1330; x_wconf 87' lang='lat' dir='ltr'><strong>tristi-</strong></span> 
     </span>
    </p>
   </div>
   <div class='ocr_carea' id='block_1_58' title="bbox 1926 1353 3496 1435">
    <p class='ocr_par' dir='ltr' id='par_1_58' title="bbox 1926 1353 3496 1435">
     <span class='ocr_line' id='line_1_58' title="bbox 1926 1353 3496 1435; baseline 0.008 -30"><span class='ocrx_word' id='word_1_466' title='bbox 1926 1353 2034 1418; x_wconf 69' lang='lat' dir='ltr'><strong>tiae,</strong></span> <span class='ocrx_word' id='word_1_467' title='bbox 2092 1365 2184 1408; x_wconf 90' lang='lat' dir='ltr'><strong>aut</strong></span> <span class='ocrx_word' id='word_1_468' title='bbox 2255 1371 2442 1411; x_wconf 90' lang='lat' dir='ltr'><strong>eorum</strong></span> <span class='ocrx_word' id='word_1_469' title='bbox 2497 1360 2742 1414; x_wconf 88' lang='lat' dir='ltr'><strong>omnium</strong></span> <span class='ocrx_word' id='word_1_470' title='bbox 2816 1378 2934 1430; x_wconf 72' lang='lat' dir='ltr'><strong>qua:</strong></span> <span class='ocrx_word' id='word_1_471' title='bbox 2994 1375 3196 1417; x_wconf 89' lang='lat' dir='ltr'><strong>metum</strong></span> <span class='ocrx_word' id='word_1_472' title='bbox 3243 1377 3496 1435; x_wconf 77' lang='lat' dir='ltr'><strong>arguunt,</strong></span> 
     </span>
    </p>
   </div>
   <div class='ocr_carea' id='block_1_59' title="bbox 1926 1447 3497 1526">
    <p class='ocr_par' dir='ltr' id='par_1_59' title="bbox 1926 1447 3497 1526">
     <span class='ocr_line' id='line_1_59' title="bbox 1926 1447 3497 1526; baseline 0.01 -29"><span class='ocrx_word' id='word_1_473' title='bbox 1926 1459 2135 1500; x_wconf 90' lang='lat' dir='ltr'><strong>summa</strong></span> <span class='ocrx_word' id='word_1_474' title='bbox 2172 1447 2258 1501; x_wconf 90' lang='lat' dir='ltr'><strong>illa</strong></span> <span class='ocrx_word' id='word_1_475' title='bbox 2308 1449 2594 1519; x_wconf 84' lang='lat' dir='ltr'><strong>divinaque</strong></span> <span class='ocrx_word' id='word_1_476' title='bbox 2633 1453 2788 1506; x_wconf 86' lang='lat' dir='ltr'><strong>Verbi</strong></span> <span class='ocrx_word' id='word_1_477' title='bbox 2837 1464 3027 1508; x_wconf 88' lang='lat' dir='ltr'><strong>natura</strong></span> <span class='ocrx_word' id='word_1_478' title='bbox 3064 1457 3277 1510; x_wconf 81' lang='lat' dir='ltr'><strong>tandem</strong></span> <span class='ocrx_word' id='word_1_479' title='bbox 3327 1472 3497 1526; x_wconf 79' lang='lat' dir='ltr'><strong>rapax</strong></span> 
     </span>
    </p>
   </div>
   <div class='ocr_carea' id='block_1_60' title="bbox 1925 1536 3498 1612">
    <p class='ocr_par' dir='ltr' id='par_1_60' title="bbox 1925 1536 3498 1612">
     <span class='ocr_line' id='line_1_60' title="bbox 1925 1536 3498 1612; baseline 0.01 -26"><span class='ocrx_word' id='word_1_480' title='bbox 1925 1547 2045 1589; x_wconf 89' lang='lat' dir='ltr'><strong>esse</strong></span> <span class='ocrx_word' id='word_1_481' title='bbox 2066 1536 2273 1604; x_wconf 86' lang='lat' dir='ltr'><strong>queat?</strong></span> <span class='ocrx_word' id='word_1_482' title='bbox 2300 1536 2468 1607; x_wconf 86' lang='lat' dir='ltr'><strong>Major</strong></span> <span class='ocrx_word' id='word_1_483' title='bbox 2504 1550 2588 1593; x_wconf 88' lang='lat' dir='ltr'><strong>est</strong></span> <span class='ocrx_word' id='word_1_484' title='bbox 2637 1542 2802 1606; x_wconf 89' lang='lat' dir='ltr'><strong>enim,</strong></span> <span class='ocrx_word' id='word_1_485' title='bbox 2832 1558 2992 1610; x_wconf 90' lang='lat' dir='ltr'><strong>quam</strong></span> <span class='ocrx_word' id='word_1_486' title='bbox 3027 1559 3147 1612; x_wconf 62' lang='lat' dir='ltr'><strong>qum</strong></span> <span class='ocrx_word' id='word_1_487' title='bbox 3192 1546 3498 1602; x_wconf 77' lang='lat' dir='ltr'><strong>istiusmodi</strong></span> 
     </span>
    </p>
   </div>
   <div class='ocr_carea' id='block_1_61' title="bbox 1926 1625 3502 1696">
    <p class='ocr_par' dir='ltr' id='par_1_61' title="bbox 1926 1625 3502 1696">
     <span class='ocr_line' id='line_1_61' title="bbox 1926 1625 3502 1696; baseline 0.009 -19"><span class='ocrx_word' id='word_1_488' title='bbox 1926 1625 2087 1679; x_wconf 83' lang='lat' dir='ltr'><strong>rebus</strong></span> <span class='ocrx_word' id='word_1_489' title='bbox 2126 1626 2230 1679; x_wconf 85' lang='lat' dir='ltr'><strong>ulla</strong></span> <span class='ocrx_word' id='word_1_490' title='bbox 2276 1638 2428 1696; x_wconf 90' lang='lat' dir='ltr'><strong>parte</strong></span> <span class='ocrx_word' id='word_1_491' title='bbox 2475 1630 2633 1696; x_wconf 78' lang='lat' dir='ltr'><strong>allici,</strong></span> <span class='ocrx_word' id='word_1_492' title='bbox 2685 1642 2777 1684; x_wconf 87' lang='lat' dir='ltr'><strong>aut</strong></span> <span class='ocrx_word' id='word_1_493' title='bbox 2826 1632 2947 1687; x_wconf 84' lang='lat' dir='ltr'><strong>ullis</strong></span> <span class='ocrx_word' id='word_1_494' title='bbox 2980 1635 3201 1689; x_wconf 90' lang='lat' dir='ltr'><strong>omnino</strong></span> <span class='ocrx_word' id='word_1_495' title='bbox 3251 1636 3502 1691; x_wconf 83' lang='lat' dir='ltr'><strong>humanis</strong></span> 
     </span>
    </p>
   </div>
   <div class='ocr_carea' id='block_1_62' title="bbox 1927 1715 3499 1782">
    <p class='ocr_par' dir='ltr' id='par_1_62' title="bbox 1927 1715 3499 1782">
     <span class='ocr_line' id='line_1_62' title="bbox 1927 1715 3499 1782; baseline 0.01 -15"><span class='ocrx_word' id='word_1_496' title='bbox 1927 1716 2428 1782; x_wconf 79' lang='lat' dir='ltr'><strong>perturbationibus</strong></span> <span class='ocrx_word' id='word_1_497' title='bbox 2475 1724 2804 1776; x_wconf 75' lang='lat' dir='ltr'><strong>commoveri</strong></span> <span class='ocrx_word' id='word_1_498' title='bbox 2869 1723 3062 1778; x_wconf 80' lang='lat' dir='ltr'><strong>valeat.</strong></span> <span class='ocrx_word' id='word_1_499' title='bbox 3116 1715 3182 1780; x_wconf 69' lang='lat' dir='ltr'><strong>At</strong></span> <span class='ocrx_word' id='word_1_500' title='bbox 3257 1742 3386 1782; x_wconf 88' lang='lat' dir='ltr'><strong>vero</strong></span> <span class='ocrx_word' id='word_1_501' title='bbox 3443 1728 3499 1782; x_wconf 90' lang='lat' dir='ltr'><strong>in</strong></span> 
     </span>
    </p>
   </div>
   <div class='ocr_carea' id='block_1_63' title="bbox 1925 1813 3500 1884">
    <p class='ocr_par' dir='ltr' id='par_1_63' title="bbox 1925 1813 3500 1884">
     <span class='ocr_line' id='line_1_63' title="bbox 1925 1813 3500 1884; baseline 0.006 -23"><span class='ocrx_word' id='word_1_502' title='bbox 1925 1821 2122 1876; x_wconf 87' lang='lat' dir='ltr'><strong>corpus</strong></span> <span class='ocrx_word' id='word_1_503' title='bbox 2147 1823 2448 1878; x_wconf 86' lang='lat' dir='ltr'><strong>sensusque</strong></span> <span class='ocrx_word' id='word_1_504' title='bbox 2477 1813 2783 1881; x_wconf 85' lang='lat' dir='ltr'><strong>mentisque</strong></span> <span class='ocrx_word' id='word_1_505' title='bbox 2817 1830 3029 1884; x_wconf 78' lang='lat' dir='ltr'><strong>expers,</strong></span> <span class='ocrx_word' id='word_1_506' title='bbox 3067 1818 3299 1872; x_wconf 70' lang='lat' dir='ltr'><strong>tristitia:</strong></span> <span class='ocrx_word' id='word_1_507' title='bbox 3349 1819 3500 1872; x_wconf 87' lang='lat' dir='ltr'><strong>dolo-</strong></span> 
     </span>
    </p>
   </div>
   <div class='ocr_carea' id='block_1_64' title="bbox 1923 1899 3500 1978">
    <p class='ocr_par' dir='ltr' id='par_1_64' title="bbox 1923 1899 3500 1978">
     <span class='ocr_line' id='line_1_64' title="bbox 1923 1899 3500 1978; baseline 0.008 -26"><span class='ocrx_word' id='word_1_508' title='bbox 1923 1899 2065 1954; x_wconf 84' lang='lat' dir='ltr'><strong>risve</strong></span> <span class='ocrx_word' id='word_1_509' title='bbox 2099 1915 2296 1955; x_wconf 88' lang='lat' dir='ltr'><strong>sensus</strong></span> <span class='ocrx_word' id='word_1_510' title='bbox 2331 1902 2527 1956; x_wconf 87' lang='lat' dir='ltr'><strong>cadere</strong></span> <span class='ocrx_word' id='word_1_511' title='bbox 2553 1918 2655 1956; x_wconf 93' lang='lat' dir='ltr'><strong>non</strong></span> <span class='ocrx_word' id='word_1_512' title='bbox 2709 1915 2884 1973; x_wconf 86' lang='lat' dir='ltr'><strong>potest</strong></span> <span class='ocrx_word' id='word_1_513' title='bbox 2945 1923 2958 1959; x_wconf 92' lang='lat'><strong>:</strong></span> <span class='ocrx_word' id='word_1_514' title='bbox 2997 1907 3088 1960; x_wconf 91' lang='lat' dir='ltr'><strong>sed</strong></span> <span class='ocrx_word' id='word_1_515' title='bbox 3125 1923 3298 1978; x_wconf 88' lang='lat' dir='ltr'><strong>neque</strong></span> <span class='ocrx_word' id='word_1_516' title='bbox 3330 1911 3500 1964; x_wconf 59' lang='lat' dir='ltr'><strong>mole-</strong></span> 
     </span>
    </p>
   </div>
   <div class='ocr_carea' id='block_1_65' title="bbox 1921 1991 3500 2057">
    <p class='ocr_par' dir='ltr' id='par_1_65' title="bbox 1921 1991 3500 2057">
     <span class='ocr_line' id='line_1_65' title="bbox 1921 1991 3500 2057; baseline 0.007 -12"><span class='ocrx_word' id='word_1_517' title='bbox 1921 1991 2080 2045; x_wconf 87' lang='lat' dir='ltr'><strong>stiam</strong></span> <span class='ocrx_word' id='word_1_518' title='bbox 2111 1993 2297 2057; x_wconf 86' lang='lat' dir='ltr'><strong>ullam,</strong></span> <span class='ocrx_word' id='word_1_519' title='bbox 2334 2004 2427 2047; x_wconf 85' lang='lat' dir='ltr'><strong>aut</strong></span> <span class='ocrx_word' id='word_1_520' title='bbox 2458 1995 2623 2048; x_wconf 91' lang='lat' dir='ltr'><strong>ullum</strong></span> <span class='ocrx_word' id='word_1_521' title='bbox 2652 1997 2871 2051; x_wconf 87' lang='lat' dir='ltr'><strong>omnino</strong></span> <span class='ocrx_word' id='word_1_522' title='bbox 2906 2012 3194 2052; x_wconf 80' lang='lat' dir='ltr'><strong>mterorem</strong></span> <span class='ocrx_word' id='word_1_523' title='bbox 3221 2013 3285 2053; x_wconf 77' lang='lat' dir='ltr'><strong>ex</strong></span> <span class='ocrx_word' id='word_1_524' title='bbox 3321 2001 3500 2056; x_wconf 88' lang='lat' dir='ltr'><strong>immi-</strong></span> 
     </span>
    </p>
   </div>
   <div class='ocr_carea' id='block_1_66' title="bbox 1921 2084 3498 2161">
    <p class='ocr_par' dir='ltr' id='par_1_66' title="bbox 1921 2084 3498 2161">
     <span class='ocr_line' id='line_1_66' title="bbox 1921 2084 3498 2161; baseline 0.007 -23"><span class='ocrx_word' id='word_1_525' title='bbox 1921 2084 2164 2138; x_wconf 89' lang='lat' dir='ltr'><strong>nentium</strong></span> <span class='ocrx_word' id='word_1_526' title='bbox 2259 2085 2727 2140; x_wconf 89' lang='lat' dir='ltr'><strong>incommodorum</strong></span> <span class='ocrx_word' id='word_1_527' title='bbox 2813 2089 3129 2157; x_wconf 88' lang='lat' dir='ltr'><strong>provisione</strong></span> <span class='ocrx_word' id='word_1_528' title='bbox 3226 2093 3498 2161; x_wconf 79' lang='lat' dir='ltr'><strong>concipiet</strong></span> 
     </span>
    </p>
   </div>
   <div class='ocr_carea' id='block_1_67' title="bbox 1920 2175 3496 2250">
    <p class='ocr_par' dir='ltr' id='par_1_67' title="bbox 1920 2175 3496 2250">
     <span class='ocr_line' id='line_1_67' title="bbox 1920 2175 3496 2250; baseline 0.008 -24"><span class='ocrx_word' id='word_1_529' title='bbox 1920 2175 2245 2244; x_wconf 83' lang='lat' dir='ltr'><strong>aliquando;</strong></span> <span class='ocrx_word' id='word_1_530' title='bbox 2300 2175 2564 2244; x_wconf 88' lang='lat' dir='ltr'><strong>ejusmodi</strong></span> <span class='ocrx_word' id='word_1_531' title='bbox 2608 2190 2812 2242; x_wconf 90' lang='lat' dir='ltr'><strong>autem,</strong></span> <span class='ocrx_word' id='word_1_532' title='bbox 2873 2178 2999 2233; x_wconf 89' lang='lat' dir='ltr'><strong>dum</strong></span> <span class='ocrx_word' id='word_1_533' title='bbox 3043 2195 3163 2248; x_wconf 67' lang='lat' dir='ltr'><strong>qua:</strong></span> <span class='ocrx_word' id='word_1_534' title='bbox 3209 2183 3496 2250; x_wconf 73' lang='lat' dir='ltr'><strong>praesentia</strong></span> 
     </span>
    </p>
   </div>
   <div class='ocr_carea' id='block_1_68' title="bbox 1921 2269 3496 2343">
    <p class='ocr_par' dir='ltr' id='par_1_68' title="bbox 1921 2269 3496 2343">
     <span class='ocr_line' id='line_1_68' title="bbox 1921 2269 3496 2343; baseline 0.006 -23"><span class='ocrx_word' id='word_1_535' title='bbox 1921 2276 2069 2331; x_wconf 89' lang='lat' dir='ltr'><strong>sunt,</strong></span> <span class='ocrx_word' id='word_1_536' title='bbox 2099 2276 2152 2322; x_wconf 91' lang='lat' dir='ltr'><strong>et</strong></span> <span class='ocrx_word' id='word_1_537' title='bbox 2180 2269 2359 2323; x_wconf 87' lang='lat' dir='ltr'><strong>adhuc</strong></span> <span class='ocrx_word' id='word_1_538' title='bbox 2389 2269 2568 2323; x_wconf 77' lang='lat' dir='ltr'><strong>futura</strong></span> <span class='ocrx_word' id='word_1_539' title='bbox 2608 2272 2918 2339; x_wconf 85' lang='lat' dir='ltr'><strong>trahuntur,</strong></span> <span class='ocrx_word' id='word_1_540' title='bbox 2957 2283 3136 2328; x_wconf 88' lang='lat' dir='ltr'><strong>mente</strong></span> <span class='ocrx_word' id='word_1_541' title='bbox 3175 2285 3496 2343; x_wconf 84' lang='lat' dir='ltr'><strong>pertractat,</strong></span> 
     </span>
    </p>
   </div>
   <div class='ocr_carea' id='block_1_69' title="bbox 1921 2360 3492 2435">
    <p class='ocr_par' dir='ltr' id='par_1_69' title="bbox 1921 2360 3492 2435">
     <span class='ocr_line' id='line_1_69' title="bbox 1921 2360 3492 2435; baseline 0.007 -24"><span class='ocrx_word' id='word_1_542' title='bbox 1921 2360 2100 2414; x_wconf 89' lang='lat' dir='ltr'><strong>anima</strong></span> <span class='ocrx_word' id='word_1_543' title='bbox 2141 2360 2366 2415; x_wconf 84' lang='lat' dir='ltr'><strong>rationis</strong></span> <span class='ocrx_word' id='word_1_544' title='bbox 2412 2368 2466 2415; x_wconf 89' lang='lat' dir='ltr'><strong>et</strong></span> <span class='ocrx_word' id='word_1_545' title='bbox 2495 2362 2866 2431; x_wconf 68' lang='lat' dir='ltr'><strong>intelligentiae</strong></span> <span class='ocrx_word' id='word_1_546' title='bbox 2909 2378 3132 2432; x_wconf 87' lang='lat' dir='ltr'><strong>compos</strong></span> <span class='ocrx_word' id='word_1_547' title='bbox 3173 2368 3282 2435; x_wconf 90' lang='lat' dir='ltr'><strong>pati</strong></span> <span class='ocrx_word' id='word_1_548' title='bbox 3320 2367 3492 2422; x_wconf 88' lang='lat' dir='ltr'><strong>solet:</strong></span> 
     </span>
    </p>
   </div>
   <div class='ocr_carea' id='block_1_70' title="bbox 1923 2451 3496 2530">
    <p class='ocr_par' dir='ltr' id='par_1_70' title="bbox 1923 2451 3496 2530">
     <span class='ocr_line' id='line_1_70' title="bbox 1923 2451 3496 2530; baseline 0.008 -28"><span class='ocrx_word' id='word_1_549' title='bbox 1923 2451 1972 2503; x_wconf 88' lang='lat' dir='ltr'><strong>id</strong></span> <span class='ocrx_word' id='word_1_550' title='bbox 2006 2454 2146 2519; x_wconf 86' lang='lat' dir='ltr'><strong>quod</strong></span> <span class='ocrx_word' id='word_1_551' title='bbox 2182 2466 2390 2515; x_wconf 90' lang='lat' dir='ltr'><strong>omnes,</strong></span> <span class='ocrx_word' id='word_1_552' title='bbox 2425 2461 2481 2506; x_wconf 90' lang='lat' dir='ltr'><strong>ut</strong></span> <span class='ocrx_word' id='word_1_553' title='bbox 2514 2464 2664 2520; x_wconf 93' lang='lat' dir='ltr'><strong>puto,</strong></span> <span class='ocrx_word' id='word_1_554' title='bbox 2700 2455 2956 2511; x_wconf 84' lang='lat' dir='ltr'><strong>fatentur.</strong></span> <span class='ocrx_word' id='word_1_555' title='bbox 2997 2457 3276 2522; x_wconf 86' lang='lat' dir='ltr'><strong>Quomodo</strong></span> <span class='ocrx_word' id='word_1_556' title='bbox 3313 2459 3496 2530; x_wconf 85' lang='lat' dir='ltr'><strong>itaque</strong></span> 
     </span>
    </p>
   </div>
   <div class='ocr_carea' id='block_1_71' title="bbox 1920 2541 3489 2603">
    <p class='ocr_par' dir='ltr' id='par_1_71' title="bbox 1920 2541 3489 2603">
     <span class='ocr_line' id='line_1_71' title="bbox 1920 2541 3489 2603; baseline 0.003 -7"><span class='ocrx_word' id='word_1_557' title='bbox 1920 2542 2241 2598; x_wconf 87' lang='lat' dir='ltr'><strong>Emmanuel</strong></span> <span class='ocrx_word' id='word_1_558' title='bbox 2276 2544 2384 2598; x_wconf 88' lang='lat' dir='ltr'><strong>ait:</strong></span> <span class='ocrx_word' id='word_1_559' title='bbox 2419 2563 2437 2595; x_wconf 82' lang='grc' dir='ltr'><strong>ι</strong></span> <span class='ocrx_word' id='word_1_560' title='bbox 2471 2541 2626 2599; x_wconf 87' lang='lat' dir='ltr'><strong>Nunc</strong></span> <span class='ocrx_word' id='word_1_561' title='bbox 2670 2547 2850 2599; x_wconf 88' lang='lat' dir='ltr'><strong>anima</strong></span> <span class='ocrx_word' id='word_1_562' title='bbox 2885 2561 2999 2600; x_wconf 90' lang='lat' dir='ltr'><strong>mea</strong></span> <span class='ocrx_word' id='word_1_563' title='bbox 3041 2551 3252 2602; x_wconf 91' lang='lat' dir='ltr'><strong>turbata</strong></span> <span class='ocrx_word' id='word_1_564' title='bbox 3311 2550 3434 2603; x_wconf 76' lang='lat' dir='ltr'><strong>est?</strong></span> <span class='ocrx_word' id='word_1_565' title='bbox 3471 2569 3489 2601; x_wconf 76' lang='grc' dir='ltr'><strong>ι</strong></span> 
     </span>
    </p>
   </div>
   <div class='ocr_carea' id='block_1_72' title="bbox 1921 2637 3497 2708">
    <p class='ocr_par' dir='ltr' id='par_1_72' title="bbox 1921 2637 3497 2708">
     <span class='ocr_line' id='line_1_72' title="bbox 1921 2637 3497 2708; baseline 0.004 -21"><span class='ocrx_word' id='word_1_566' title='bbox 1921 2637 2191 2701; x_wconf 87' lang='lat' dir='ltr'><strong>quomodo</strong></span> <span class='ocrx_word' id='word_1_567' title='bbox 2222 2637 2361 2689; x_wconf 90' lang='lat' dir='ltr'><strong>idem</strong></span> <span class='ocrx_word' id='word_1_568' title='bbox 2398 2639 2598 2690; x_wconf 73' lang='lat' dir='ltr'><strong>undere</strong></span> <span class='ocrx_word' id='word_1_569' title='bbox 2641 2653 2703 2692; x_wconf 87' lang='lat' dir='ltr'><strong>ac</strong></span> <span class='ocrx_word' id='word_1_570' title='bbox 2766 2649 2995 2694; x_wconf 69' lang='lat' dir='ltr'><strong>incestus</strong></span> <span class='ocrx_word' id='word_1_571' title='bbox 3037 2654 3159 2693; x_wconf 85' lang='lat' dir='ltr'><strong>esse</strong></span> <span class='ocrx_word' id='word_1_572' title='bbox 3191 2640 3372 2708; x_wconf 70' lang='lat' dir='ltr'><strong>cmpit,</strong></span> <span class='ocrx_word' id='word_1_573' title='bbox 3404 2651 3497 2693; x_wconf 90' lang='lat' dir='ltr'><strong>aut</strong></span> 
     </span>
    </p>
   </div>
   <div class='ocr_carea' id='block_1_73' title="bbox 1919 2725 3496 2792">
    <p class='ocr_par' dir='ltr' id='par_1_73' title="bbox 1919 2725 3496 2792">
     <span class='ocr_line' id='line_1_73' title="bbox 1919 2725 3496 2792; baseline 0.006 -19"><span class='ocrx_word' id='word_1_574' title='bbox 1919 2725 2129 2789; x_wconf 88' lang='lat' dir='ltr'><strong>qualem</strong></span> <span class='ocrx_word' id='word_1_575' title='bbox 2162 2725 2378 2777; x_wconf 86' lang='lat' dir='ltr'><strong>tandem</strong></span> <span class='ocrx_word' id='word_1_576' title='bbox 2411 2725 2660 2792; x_wconf 84' lang='lat' dir='ltr'><strong>spiritum</strong></span> <span class='ocrx_word' id='word_1_577' title='bbox 2698 2727 2750 2780; x_wconf 89' lang='lat' dir='ltr'><strong>itt</strong></span> <span class='ocrx_word' id='word_1_578' title='bbox 2791 2744 2984 2782; x_wconf 84' lang='lat' dir='ltr'><strong>manus</strong></span> <span class='ocrx_word' id='word_1_579' title='bbox 3010 2728 3185 2784; x_wconf 88' lang='lat' dir='ltr'><strong>Patris</strong></span> <span class='ocrx_word' id='word_1_580' title='bbox 3217 2744 3496 2784; x_wconf 87' lang='lat' dir='ltr'><strong>commen-</strong></span> 
     </span>
    </p>
   </div>
   <div class='ocr_carea' id='block_1_74' title="bbox 1919 2811 3496 2885">
    <p class='ocr_par' dir='ltr' id='par_1_74' title="bbox 1919 2811 3496 2885">
     <span class='ocr_line' id='line_1_74' title="bbox 1919 2811 3496 2885; baseline 0.006 -22"><span class='ocrx_word' id='word_1_581' title='bbox 1919 2811 2084 2874; x_wconf 87' lang='lat' dir='ltr'><strong>davit,</strong></span> <span class='ocrx_word' id='word_1_582' title='bbox 2116 2812 2159 2864; x_wconf 90' lang='lat' dir='ltr'><strong>si</strong></span> <span class='ocrx_word' id='word_1_583' title='bbox 2197 2814 2296 2866; x_wconf 91' lang='lat' dir='ltr'><strong>hoc</strong></span> <span class='ocrx_word' id='word_1_584' title='bbox 2331 2823 2386 2866; x_wconf 91' lang='lat' dir='ltr'><strong>et</strong></span> <span class='ocrx_word' id='word_1_585' title='bbox 2416 2829 2444 2867; x_wconf 92' lang='lat' dir='ltr'><strong>a</strong></span> <span class='ocrx_word' id='word_1_586' title='bbox 2471 2817 2753 2870; x_wconf 87' lang='lat' dir='ltr'><strong>divinitate</strong></span> <span class='ocrx_word' id='word_1_587' title='bbox 2781 2832 3004 2885; x_wconf 86' lang='lat' dir='ltr'><strong>prorsus</strong></span> <span class='ocrx_word' id='word_1_588' title='bbox 3032 2819 3266 2873; x_wconf 86' lang='lat' dir='ltr'><strong>alienum</strong></span> <span class='ocrx_word' id='word_1_589' title='bbox 3305 2831 3406 2883; x_wconf 89' lang='lat' dir='ltr'><strong>est,</strong></span> <span class='ocrx_word' id='word_1_590' title='bbox 3439 2829 3496 2873; x_wconf 91' lang='lat' dir='ltr'><strong>et</strong></span> 
     </span>
    </p>
   </div>
   <div class='ocr_carea' id='block_1_75' title="bbox 1918 2903 3494 2980">
    <p class='ocr_par' dir='ltr' id='par_1_75' title="bbox 1918 2903 3494 2980">
     <span class='ocr_line' id='line_1_75' title="bbox 1918 2903 3494 2980; baseline 0.008 -27"><span class='ocrx_word' id='word_1_591' title='bbox 1918 2917 1947 2954; x_wconf 90' lang='lat' dir='ltr'><strong>a</strong></span> <span class='ocrx_word' id='word_1_592' title='bbox 1980 2917 2142 2956; x_wconf 82' lang='lat' dir='ltr'><strong>carne</strong></span> <span class='ocrx_word' id='word_1_593' title='bbox 2168 2903 2279 2957; x_wconf 92' lang='lat' dir='ltr'><strong>sola</strong></span> <span class='ocrx_word' id='word_1_594' title='bbox 2341 2905 2624 2960; x_wconf 89' lang='lat' dir='ltr'><strong>inanima?</strong></span> <span class='ocrx_word' id='word_1_595' title='bbox 2649 2907 2999 2977; x_wconf 88' lang='lat' dir='ltr'><strong>Perspicuum</strong></span> <span class='ocrx_word' id='word_1_596' title='bbox 3057 2922 3138 2964; x_wconf 91' lang='lat' dir='ltr'><strong>est</strong></span> <span class='ocrx_word' id='word_1_597' title='bbox 3172 2927 3319 2980; x_wconf 79' lang='lat' dir='ltr'><strong>ergo,</strong></span> <span class='ocrx_word' id='word_1_598' title='bbox 3356 2910 3494 2966; x_wconf 89' lang='lat' dir='ltr'><strong>Uni-</strong></span> 
     </span>
    </p>
   </div>
   <div class='ocr_carea' id='block_1_76' title="bbox 1917 2990 3492 3068">
    <p class='ocr_par' dir='ltr' id='par_1_76' title="bbox 1917 2990 3492 3068">
     <span class='ocr_line' id='line_1_76' title="bbox 1917 2990 3492 3068; baseline 0.007 -26"><span class='ocrx_word' id='word_1_599' title='bbox 1917 2990 2154 3057; x_wconf 76' lang='lat' dir='ltr'><strong>genitum</strong></span> <span class='ocrx_word' id='word_1_600' title='bbox 2179 3005 2409 3062; x_wconf 90' lang='lat' dir='ltr'><strong>corpore</strong></span> <span class='ocrx_word' id='word_1_601' title='bbox 2436 3010 2737 3064; x_wconf 85' lang='lat' dir='ltr'><strong>assumpto,</strong></span> <span class='ocrx_word' id='word_1_602' title='bbox 2756 3013 2861 3052; x_wconf 90' lang='lat' dir='ltr'><strong>non</strong></span> <span class='ocrx_word' id='word_1_603' title='bbox 2892 2999 3108 3068; x_wconf 85' lang='lat' dir='ltr'><strong>quidem</strong></span> <span class='ocrx_word' id='word_1_604' title='bbox 3134 3000 3222 3053; x_wconf 84' lang='lat' dir='ltr'><strong>illo</strong></span> <span class='ocrx_word' id='word_1_605' title='bbox 3247 3001 3492 3065; x_wconf 80' lang='lat' dir='ltr'><strong>inanimi,</strong></span> 
     </span>
    </p>
   </div>
   <div class='ocr_carea' id='block_1_77' title="bbox 1918 3086 3490 3162">
    <p class='ocr_par' dir='ltr' id='par_1_77' title="bbox 1918 3086 3490 3162">
     <span class='ocr_line' id='line_1_77' title="bbox 1918 3086 3490 3162; baseline 0.006 -28"><span class='ocrx_word' id='word_1_606' title='bbox 1918 3091 2011 3134; x_wconf 90' lang='lat' dir='ltr'><strong>aut</strong></span> <span class='ocrx_word' id='word_1_607' title='bbox 2057 3094 2239 3137; x_wconf 88' lang='lat' dir='ltr'><strong>mente</strong></span> <span class='ocrx_word' id='word_1_608' title='bbox 2295 3086 2578 3149; x_wconf 88' lang='lat' dir='ltr'><strong>destituto,</strong></span> <span class='ocrx_word' id='word_1_609' title='bbox 2628 3090 2721 3142; x_wconf 91' lang='lat' dir='ltr'><strong>sed</strong></span> <span class='ocrx_word' id='word_1_610' title='bbox 2769 3092 2948 3145; x_wconf 89' lang='lat' dir='ltr'><strong>anima</strong></span> <span class='ocrx_word' id='word_1_611' title='bbox 2997 3093 3205 3146; x_wconf 84' lang='lat' dir='ltr'><strong>ratione</strong></span> <span class='ocrx_word' id='word_1_612' title='bbox 3244 3095 3490 3162; x_wconf 55' lang='lat' dir='ltr'><strong>pra&#39;dita,</strong></span> 
     </span>
    </p>
   </div>
   <div class='ocr_carea' id='block_1_78' title="bbox 1918 3173 3492 3252">
    <p class='ocr_par' dir='ltr' id='par_1_78' title="bbox 1918 3173 3492 3252">
     <span class='ocr_line' id='line_1_78' title="bbox 1918 3173 3492 3252; baseline 0.009 -25"><span class='ocrx_word' id='word_1_613' title='bbox 1918 3173 2218 3246; x_wconf 87' lang='lat' dir='ltr'><strong>eademque</strong></span> <span class='ocrx_word' id='word_1_614' title='bbox 2251 3178 2517 3246; x_wconf 79' lang='lat' dir='ltr'><strong>perfecta,</strong></span> <span class='ocrx_word' id='word_1_615' title='bbox 2567 3180 2669 3234; x_wconf 91' lang='lat' dir='ltr'><strong>hoc</strong></span> <span class='ocrx_word' id='word_1_616' title='bbox 2716 3191 2822 3248; x_wconf 88' lang='lat' dir='ltr'><strong>est,</strong></span> <span class='ocrx_word' id='word_1_617' title='bbox 2857 3186 3039 3236; x_wconf 90' lang='lat' dir='ltr'><strong>omnia</strong></span> <span class='ocrx_word' id='word_1_618' title='bbox 3088 3200 3206 3252; x_wconf 70' lang='lat' dir='ltr'><strong>quae</strong></span> <span class='ocrx_word' id='word_1_619' title='bbox 3251 3187 3316 3238; x_wconf 90' lang='lat' dir='ltr'><strong>ad</strong></span> <span class='ocrx_word' id='word_1_620' title='bbox 3351 3186 3492 3241; x_wconf 88' lang='lat' dir='ltr'><strong>illius</strong></span> 
     </span>
    </p>
   </div>
   <div class='ocr_carea' id='block_1_79' title="bbox 1920 3265 3485 3343">
    <p class='ocr_par' dir='ltr' id='par_1_79' title="bbox 1920 3265 3485 3343">
     <span class='ocr_line' id='line_1_79' title="bbox 1920 3265 3485 3343; baseline 0.007 -25"><span class='ocrx_word' id='word_1_621' title='bbox 1920 3265 2184 3320; x_wconf 90' lang='lat' dir='ltr'><strong>rationem</strong></span> <span class='ocrx_word' id='word_1_622' title='bbox 2209 3269 2506 3337; x_wconf 84' lang='lat' dir='ltr'><strong>pertinent,</strong></span> <span class='ocrx_word' id='word_1_623' title='bbox 2540 3272 2753 3339; x_wconf 88' lang='lat' dir='ltr'><strong>sortita,</strong></span> <span class='ocrx_word' id='word_1_624' title='bbox 2789 3273 3062 3330; x_wconf 82' lang='lat' dir='ltr'><strong>viviﬁcnto</strong></span> <span class='ocrx_word' id='word_1_625' title='bbox 3085 3288 3143 3330; x_wconf 89' lang='lat' dir='ltr'><strong>et</strong></span> <span class='ocrx_word' id='word_1_626' title='bbox 3176 3276 3485 3343; x_wconf 80' lang='lat' dir='ltr'><strong>informata,</strong></span> 
     </span>
    </p>
   </div>
   <div class='ocr_carea' id='block_1_80' title="bbox 1919 3351 3486 3432">
    <p class='ocr_par' dir='ltr' id='par_1_80' title="bbox 1919 3351 3486 3432">
     <span class='ocr_line' id='line_1_80' title="bbox 1919 3351 3486 3432; baseline 0.011 -26"><span class='ocrx_word' id='word_1_627' title='bbox 1919 3351 2192 3409; x_wconf 88' lang='lat' dir='ltr'><strong>hominem</strong></span> <span class='ocrx_word' id='word_1_628' title='bbox 2231 3353 2433 3410; x_wconf 79' lang='lat' dir='ltr'><strong>factum</strong></span> <span class='ocrx_word' id='word_1_629' title='bbox 2479 3374 2617 3414; x_wconf 90' lang='lat' dir='ltr'><strong>esse.</strong></span> <span class='ocrx_word' id='word_1_630' title='bbox 2675 3361 2743 3416; x_wconf 86' lang='lat' dir='ltr'><strong>Et</strong></span> <span class='ocrx_word' id='word_1_631' title='bbox 2805 3365 3253 3432; x_wconf 85' lang='lat' dir='ltr'><strong>quemadmodum</strong></span> <span class='ocrx_word' id='word_1_632' title='bbox 3306 3369 3486 3422; x_wconf 86' lang='lat' dir='ltr'><strong>omnia</strong></span> 
     </span>
    </p>
   </div>
   <div class='ocr_carea' id='block_1_81' title="bbox 1917 3447 3490 3528">
    <p class='ocr_par' dir='ltr' id='par_1_81' title="bbox 1917 3447 3490 3528">
     <span class='ocr_line' id='line_1_81' title="bbox 1917 3447 3490 3528; baseline 0.009 -29"><span class='ocrx_word' id='word_1_633' title='bbox 1917 3461 2034 3513; x_wconf 75' lang='lat' dir='ltr'><strong>qua:</strong></span> <span class='ocrx_word' id='word_1_634' title='bbox 2078 3447 2158 3501; x_wconf 89' lang='lat' dir='ltr'><strong>sui</strong></span> <span class='ocrx_word' id='word_1_635' title='bbox 2190 3450 2430 3518; x_wconf 87' lang='lat' dir='ltr'><strong>corporis</strong></span> <span class='ocrx_word' id='word_1_636' title='bbox 2457 3461 2581 3504; x_wconf 89' lang='lat' dir='ltr'><strong>sunt</strong></span> <span class='ocrx_word' id='word_1_637' title='bbox 2621 3453 2722 3506; x_wconf 90' lang='lat' dir='ltr'><strong>sibi</strong></span> <span class='ocrx_word' id='word_1_638' title='bbox 2776 3455 3020 3520; x_wconf 88' lang='lat' dir='ltr'><strong>ascribit,</strong></span> <span class='ocrx_word' id='word_1_639' title='bbox 3061 3457 3130 3510; x_wconf 89' lang='lat' dir='ltr'><strong>ita</strong></span> <span class='ocrx_word' id='word_1_640' title='bbox 3176 3467 3232 3511; x_wconf 90' lang='lat' dir='ltr'><strong>et</strong></span> <span class='ocrx_word' id='word_1_641' title='bbox 3272 3474 3334 3512; x_wconf 88' lang='lat' dir='ltr'><strong>ea</strong></span> <span class='ocrx_word' id='word_1_642' title='bbox 3369 3473 3490 3528; x_wconf 75' lang='lat' dir='ltr'><strong>qua:</strong></span> 
     </span>
    </p>
   </div>
   <div class='ocr_carea' id='block_1_82' title="bbox 1915 3537 3489 3606">
    <p class='ocr_par' dir='ltr' id='par_1_82' title="bbox 1915 3537 3489 3606">
     <span class='ocr_line' id='line_1_82' title="bbox 1915 3537 3489 3606; baseline 0.01 -16"><span class='ocrx_word' id='word_1_643' title='bbox 1915 3537 1982 3591; x_wconf 88' lang='lat' dir='ltr'><strong>ad</strong></span> <span class='ocrx_word' id='word_1_644' title='bbox 2009 3538 2243 3592; x_wconf 87' lang='lat' dir='ltr'><strong>animam</strong></span> <span class='ocrx_word' id='word_1_645' title='bbox 2271 3549 2538 3606; x_wconf 88' lang='lat' dir='ltr'><strong>spectant.</strong></span> <span class='ocrx_word' id='word_1_646' title='bbox 2588 3542 2818 3598; x_wconf 85' lang='lat' dir='ltr'><strong>Necesse</strong></span> <span class='ocrx_word' id='word_1_647' title='bbox 2860 3546 3002 3599; x_wconf 91' lang='lat' dir='ltr'><strong>enim</strong></span> <span class='ocrx_word' id='word_1_648' title='bbox 3059 3547 3160 3602; x_wconf 74' lang='lat' dir='ltr'><strong>fuit</strong></span> <span class='ocrx_word' id='word_1_649' title='bbox 3192 3560 3249 3602; x_wconf 92' lang='lat' dir='ltr'><strong>ut</strong></span> <span class='ocrx_word' id='word_1_650' title='bbox 3282 3551 3334 3604; x_wconf 94' lang='lat' dir='ltr'><strong>iu</strong></span> <span class='ocrx_word' id='word_1_651' title='bbox 3371 3566 3489 3605; x_wconf 87' lang='lat' dir='ltr'><strong>om-</strong></span> 
     </span>
    </p>
   </div>
   <div class='ocr_carea' id='block_1_83' title="bbox 1916 3627 3487 3707">
    <p class='ocr_par' dir='ltr' id='par_1_83' title="bbox 1916 3627 3487 3707">
     <span class='ocr_line' id='line_1_83' title="bbox 1916 3627 3487 3707; baseline 0.008 -27"><span class='ocrx_word' id='word_1_652' title='bbox 1916 3627 2099 3690; x_wconf 90' lang='lat' dir='ltr'><strong>nibus,</strong></span> <span class='ocrx_word' id='word_1_653' title='bbox 2133 3629 2248 3683; x_wconf 84' lang='lat' dir='ltr'><strong>sive</strong></span> <span class='ocrx_word' id='word_1_654' title='bbox 2284 3645 2346 3682; x_wconf 86' lang='lat' dir='ltr'><strong>ea</strong></span> <span class='ocrx_word' id='word_1_655' title='bbox 2384 3631 2450 3684; x_wconf 90' lang='lat' dir='ltr'><strong>ad</strong></span> <span class='ocrx_word' id='word_1_656' title='bbox 2479 3631 2737 3696; x_wconf 87' lang='lat' dir='ltr'><strong>animam,</strong></span> <span class='ocrx_word' id='word_1_657' title='bbox 2771 3633 2886 3687; x_wconf 88' lang='lat' dir='ltr'><strong>sive</strong></span> <span class='ocrx_word' id='word_1_658' title='bbox 2918 3635 2986 3687; x_wconf 89' lang='lat' dir='ltr'><strong>ad</strong></span> <span class='ocrx_word' id='word_1_659' title='bbox 3016 3651 3210 3704; x_wconf 88' lang='lat' dir='ltr'><strong>corpus</strong></span> <span class='ocrx_word' id='word_1_660' title='bbox 3247 3649 3487 3707; x_wconf 81' lang='lat' dir='ltr'><strong>pertine-</strong></span> 
     </span>
    </p>
   </div>
   <div class='ocr_carea' id='block_1_84' title="bbox 1914 3720 3489 3785">
    <p class='ocr_par' dir='ltr' id='par_1_84' title="bbox 1914 3720 3489 3785">
     <span class='ocr_line' id='line_1_84' title="bbox 1914 3720 3489 3785; baseline 0.01 -16"><span class='ocrx_word' id='word_1_661' title='bbox 1914 3726 2057 3784; x_wconf 88' lang='lat' dir='ltr'><strong>rent,</strong></span> <span class='ocrx_word' id='word_1_662' title='bbox 2097 3720 2253 3774; x_wconf 89' lang='lat' dir='ltr'><strong>nobis</strong></span> <span class='ocrx_word' id='word_1_663' title='bbox 2282 3722 2695 3777; x_wconf 85' lang='lat' dir='ltr'><strong>assimilaretur.</strong></span> <span class='ocrx_word' id='word_1_664' title='bbox 2728 3724 3054 3782; x_wconf 88' lang='lat' dir='ltr'><strong>Constamus</strong></span> <span class='ocrx_word' id='word_1_665' title='bbox 3088 3736 3270 3783; x_wconf 88' lang='lat' dir='ltr'><strong>autem</strong></span> <span class='ocrx_word' id='word_1_666' title='bbox 3298 3739 3348 3784; x_wconf 91' lang='lat' dir='ltr'><strong>ct</strong></span> <span class='ocrx_word' id='word_1_667' title='bbox 3391 3747 3489 3785; x_wconf 92' lang='lat' dir='ltr'><strong>nos</strong></span> 
     </span>
    </p>
   </div>
   <div class='ocr_carea' id='block_1_85' title="bbox 1912 3808 3486 3884">
    <p class='ocr_par' dir='ltr' id='par_1_85' title="bbox 1912 3808 3486 3884">
     <span class='ocr_line' id='line_1_85' title="bbox 1912 3808 3486 3884; baseline 0.009 -22"><span class='ocrx_word' id='word_1_668' title='bbox 1912 3823 1976 3862; x_wconf 71' lang='lat' dir='ltr'><strong>ex</strong></span> <span class='ocrx_word' id='word_1_669' title='bbox 2013 3808 2192 3863; x_wconf 90' lang='lat' dir='ltr'><strong>anima</strong></span> <span class='ocrx_word' id='word_1_670' title='bbox 2221 3814 2467 3868; x_wconf 88' lang='lat' dir='ltr'><strong>rationali</strong></span> <span class='ocrx_word' id='word_1_671' title='bbox 2501 3823 2556 3869; x_wconf 90' lang='lat' dir='ltr'><strong>et</strong></span> <span class='ocrx_word' id='word_1_672' title='bbox 2586 3831 2831 3884; x_wconf 89' lang='lat' dir='ltr'><strong>corpore.</strong></span> <span class='ocrx_word' id='word_1_673' title='bbox 2871 3817 3235 3884; x_wconf 87' lang='lat' dir='ltr'><strong>Quamobrem</strong></span> <span class='ocrx_word' id='word_1_674' title='bbox 3265 3830 3323 3875; x_wconf 88' lang='lat' dir='ltr'><strong>ut</strong></span> <span class='ocrx_word' id='word_1_675' title='bbox 3345 3837 3486 3876; x_wconf 83' lang='lat' dir='ltr'><strong>non-</strong></span> 
     </span>
    </p>
   </div>
   <div class='ocr_carea' id='block_1_86' title="bbox 1914 3905 3486 3982">
    <p class='ocr_par' dir='ltr' id='par_1_86' title="bbox 1914 3905 3486 3982">
     <span class='ocr_line' id='line_1_86' title="bbox 1914 3905 3486 3982; baseline 0.01 -30"><span class='ocrx_word' id='word_1_676' title='bbox 1914 3913 2185 3968; x_wconf 86' lang='lat' dir='ltr'><strong>nunquam</strong></span> <span class='ocrx_word' id='word_1_677' title='bbox 2214 3905 2444 3974; x_wconf 79' lang='lat' dir='ltr'><strong>proprize</strong></span> <span class='ocrx_word' id='word_1_678' title='bbox 2477 3906 2626 3959; x_wconf 87' lang='lat' dir='ltr'><strong>carni</strong></span> <span class='ocrx_word' id='word_1_679' title='bbox 2660 3921 2723 3960; x_wconf 86' lang='lat' dir='ltr'><strong>ea</strong></span> <span class='ocrx_word' id='word_1_680' title='bbox 2755 3909 2871 3976; x_wconf 89' lang='lat' dir='ltr'><strong>pati</strong></span> <span class='ocrx_word' id='word_1_681' title='bbox 2935 3909 3331 3975; x_wconf 87' lang='lat' dir='ltr'><strong>dispensatorie</strong></span> <span class='ocrx_word' id='word_1_682' title='bbox 3358 3926 3486 3982; x_wconf 90' lang='lat' dir='ltr'><strong>per-</strong></span> 
     </span>
    </p>
   </div>
   <div class='ocr_carea' id='block_1_87' title="bbox 1913 3993 3484 4070">
    <p class='ocr_par' dir='ltr' id='par_1_87' title="bbox 1913 3993 3484 4070">
     <span class='ocr_line' id='line_1_87' title="bbox 1913 3993 3484 4070; baseline 0.008 -24"><span class='ocrx_word' id='word_1_683' title='bbox 1913 3993 2158 4047; x_wconf 87' lang='lat' dir='ltr'><strong>mittebat</strong></span> <span class='ocrx_word' id='word_1_684' title='bbox 2225 4010 2348 4063; x_wconf 66' lang='lat' dir='ltr'><strong>quaz</strong></span> <span class='ocrx_word' id='word_1_685' title='bbox 2395 3998 2572 4052; x_wconf 84' lang='lat' dir='ltr'><strong>carnis</strong></span> <span class='ocrx_word' id='word_1_686' title='bbox 2626 4008 2753 4053; x_wconf 87' lang='lat' dir='ltr'><strong>sunt</strong></span> <span class='ocrx_word' id='word_1_687' title='bbox 2810 4002 3067 4070; x_wconf 89' lang='lat' dir='ltr'><strong>propria,</strong></span> <span class='ocrx_word' id='word_1_688' title='bbox 3125 4002 3207 4057; x_wconf 88' lang='lat' dir='ltr'><strong>ita</strong></span> <span class='ocrx_word' id='word_1_689' title='bbox 3248 4005 3484 4059; x_wconf 85' lang='lat' dir='ltr'><strong>animam</strong></span> 
     </span>
    </p>
   </div>
   <div class='ocr_carea' id='block_1_88' title="bbox 1913 4089 3489 4162">
    <p class='ocr_par' dir='ltr' id='par_1_88' title="bbox 1913 4089 3489 4162">
     <span class='ocr_line' id='line_1_88' title="bbox 1913 4089 3489 4162; baseline 0.008 -24"><span class='ocrx_word' id='word_1_690' title='bbox 1913 4099 2008 4138; x_wconf 91' lang='lat' dir='ltr'><strong>sua</strong></span> <span class='ocrx_word' id='word_1_691' title='bbox 2033 4100 2248 4156; x_wconf 86' lang='lat' dir='ltr'><strong>quoque</strong></span> <span class='ocrx_word' id='word_1_692' title='bbox 2272 4090 2380 4156; x_wconf 87' lang='lat' dir='ltr'><strong>pati</strong></span> <span class='ocrx_word' id='word_1_693' title='bbox 2409 4089 2676 4158; x_wconf 85' lang='lat' dir='ltr'><strong>permisit.</strong></span> <span class='ocrx_word' id='word_1_694' title='bbox 2706 4090 2949 4162; x_wconf 90' lang='lat' dir='ltr'><strong>Denique</strong></span> <span class='ocrx_word' id='word_1_695' title='bbox 2975 4091 3096 4146; x_wconf 89' lang='lat' dir='ltr'><strong>licet</strong></span> <span class='ocrx_word' id='word_1_696' title='bbox 3125 4104 3321 4149; x_wconf 87' lang='lat' dir='ltr'><strong>natura</strong></span> <span class='ocrx_word' id='word_1_697' title='bbox 3347 4096 3489 4150; x_wconf 89' lang='lat' dir='ltr'><strong>Deus</strong></span> 
     </span>
    </p>
   </div>
   <div class='ocr_carea' id='block_1_89' title="bbox 1912 4181 3486 4253">
    <p class='ocr_par' dir='ltr' id='par_1_89' title="bbox 1912 4181 3486 4253">
     <span class='ocr_line' id='line_1_89' title="bbox 1912 4181 3486 4253; baseline 0.008 -23"><span class='ocrx_word' id='word_1_698' title='bbox 1912 4187 2076 4240; x_wconf 87' lang='lat' dir='ltr'><strong>esset,</strong></span> <span class='ocrx_word' id='word_1_699' title='bbox 2099 4181 2356 4249; x_wconf 90' lang='lat' dir='ltr'><strong>omnique</strong></span> <span class='ocrx_word' id='word_1_700' title='bbox 2380 4191 2629 4235; x_wconf 89' lang='lat' dir='ltr'><strong>creatura</strong></span> <span class='ocrx_word' id='word_1_701' title='bbox 2648 4184 2916 4252; x_wconf 86' lang='lat' dir='ltr'><strong>superior,</strong></span> <span class='ocrx_word' id='word_1_702' title='bbox 2946 4199 3065 4253; x_wconf 71' lang='lat' dir='ltr'><strong>qua:</strong></span> <span class='ocrx_word' id='word_1_703' title='bbox 3095 4194 3272 4241; x_wconf 89' lang='lat' dir='ltr'><strong>tamen</strong></span> <span class='ocrx_word' id='word_1_704' title='bbox 3296 4189 3486 4242; x_wconf 81' lang='lat' dir='ltr'><strong>exina-</strong></span> 
     </span>
    </p>
   </div>
   <div class='ocr_carea' id='block_1_90' title="bbox 1913 4269 3484 4342">
    <p class='ocr_par' dir='ltr' id='par_1_90' title="bbox 1913 4269 3484 4342">
     <span class='ocr_line' id='line_1_90' title="bbox 1913 4269 3484 4342; baseline 0.008 -21"><span class='ocrx_word' id='word_1_705' title='bbox 1913 4269 2138 4322; x_wconf 87' lang='lat' dir='ltr'><strong>nitionis</strong></span> <span class='ocrx_word' id='word_1_706' title='bbox 2189 4281 2366 4336; x_wconf 87' lang='lat' dir='ltr'><strong>erant,</strong></span> <span class='ocrx_word' id='word_1_707' title='bbox 2424 4287 2487 4326; x_wconf 88' lang='lat' dir='ltr'><strong>ea</strong></span> <span class='ocrx_word' id='word_1_708' title='bbox 2542 4287 2760 4342; x_wconf 87' lang='lat' dir='ltr'><strong>semper</strong></span> <span class='ocrx_word' id='word_1_709' title='bbox 2827 4287 3084 4332; x_wconf 83' lang='lat' dir='ltr'><strong>accurate</strong></span> <span class='ocrx_word' id='word_1_710' title='bbox 3153 4278 3484 4333; x_wconf 84' lang='lat' dir='ltr'><strong>observavit.</strong></span> 
     </span>
    </p>
   </div>
   <div class='ocr_carea' id='block_1_91' title="bbox 1913 4358 3487 4434">
    <p class='ocr_par' dir='ltr' id='par_1_91' title="bbox 1913 4358 3487 4434">
     <span class='ocr_line' id='line_1_91' title="bbox 1913 4358 3487 4434; baseline 0.008 -22"><span class='ocrx_word' id='word_1_711' title='bbox 1913 4358 2082 4414; x_wconf 88' lang='lat' dir='ltr'><strong>Porro</strong></span> <span class='ocrx_word' id='word_1_712' title='bbox 2125 4371 2303 4414; x_wconf 87' lang='lat' dir='ltr'><strong>autem</strong></span> <span class='ocrx_word' id='word_1_713' title='bbox 2349 4362 2597 4430; x_wconf 86' lang='lat' dir='ltr'><strong>spiritum</strong></span> <span class='ocrx_word' id='word_1_714' title='bbox 2635 4381 2813 4430; x_wconf 89' lang='lat' dir='ltr'><strong>suum,</strong></span> <span class='ocrx_word' id='word_1_715' title='bbox 2845 4366 2945 4422; x_wconf 91' lang='lat' dir='ltr'><strong>hoc</strong></span> <span class='ocrx_word' id='word_1_716' title='bbox 2969 4377 3072 4434; x_wconf 88' lang='lat' dir='ltr'><strong>est,</strong></span> <span class='ocrx_word' id='word_1_717' title='bbox 3114 4369 3350 4424; x_wconf 78' lang='lat' dir='ltr'><strong>animum</strong></span> <span class='ocrx_word' id='word_1_718' title='bbox 3383 4372 3487 4426; x_wconf 82' lang='lat' dir='ltr'><strong>sibi</strong></span> 
     </span>
    </p>
   </div>
   <div class='ocr_carea' id='block_1_92' title="bbox 1913 4452 3484 4522">
    <p class='ocr_par' dir='ltr' id='par_1_92' title="bbox 1913 4452 3484 4522">
     <span class='ocr_line' id='line_1_92' title="bbox 1913 4452 3484 4522; baseline 0.008 -19"><span class='ocrx_word' id='word_1_719' title='bbox 1913 4452 2143 4518; x_wconf 89' lang='lat' dir='ltr'><strong>unitam,</strong></span> <span class='ocrx_word' id='word_1_720' title='bbox 2181 4452 2291 4507; x_wconf 89' lang='lat' dir='ltr'><strong>Deo</strong></span> <span class='ocrx_word' id='word_1_721' title='bbox 2319 4467 2372 4507; x_wconf 86' lang='lat' dir='ltr'><strong>et</strong></span> <span class='ocrx_word' id='word_1_722' title='bbox 2409 4453 2554 4507; x_wconf 78' lang='lat' dir='ltr'><strong>Patri</strong></span> <span class='ocrx_word' id='word_1_723' title='bbox 2595 4459 2960 4522; x_wconf 86' lang='lat' dir='ltr'><strong>connuendat,</strong></span> <span class='ocrx_word' id='word_1_724' title='bbox 2993 4468 3052 4511; x_wconf 93' lang='lat' dir='ltr'><strong>ut</strong></span> <span class='ocrx_word' id='word_1_725' title='bbox 3077 4474 3215 4514; x_wconf 89' lang='lat' dir='ltr'><strong>novo</strong></span> <span class='ocrx_word' id='word_1_726' title='bbox 3269 4476 3484 4516; x_wconf 88' lang='lat' dir='ltr'><strong>rursum</strong></span> 
     </span>
    </p>
   </div>
   <div class='ocr_carea' id='block_1_93' title="bbox 225 4542 1836 4624">
    <p class='ocr_par' dir='ltr' id='par_1_93' title="bbox 225 4552 1812 4624">
     <span class='ocr_line' id='line_1_93' title="bbox 225 4552 1812 4624; baseline -0.001 -18"><span class='ocrx_word' id='word_1_727' title='bbox 225 4552 437 4624; x_wconf 85' lang='grc' dir='ltr'>ταύτην</span> <span class='ocrx_word' id='word_1_728' title='bbox 480 4552 614 4622; x_wconf 80' lang='grc' dir='ltr'>ἡμῖν</span> <span class='ocrx_word' id='word_1_729' title='bbox 659 4552 961 4605; x_wconf 82' lang='grc' dir='ltr'>ὲνεκαίνισε</span> <span class='ocrx_word' id='word_1_730' title='bbox 1007 4556 1106 4623; x_wconf 79' lang='grc' dir='ltr'>τὴν</span> <span class='ocrx_word' id='word_1_731' title='bbox 1150 4554 1285 4608; x_wconf 80' lang='grc' dir='ltr'>ὁδόν.</span> <span class='ocrx_word' id='word_1_732' title='bbox 1327 4552 1660 4622; x_wconf 82' lang='grc' dir='ltr'>Βαδιούμεθα</span> <span class='ocrx_word' id='word_1_733' title='bbox 1704 4553 1812 4624; x_wconf 85' lang='grc' dir='ltr'>γὰρ</span> 
     </span>
    </p>
   </div>
   <div class='ocr_carea' id='block_1_94' title="bbox 1919 4542 3488 4624">
    <p class='ocr_par' dir='ltr' id='par_1_94' title="bbox 1919 4542 3488 4621">
     <span class='ocr_line' id='line_1_94' title="bbox 1919 4542 3488 4621; baseline 0.008 -26"><span class='ocrx_word' id='word_1_734' title='bbox 1919 4542 2179 4597; x_wconf 78' lang='lat' dir='ltr'><strong>beneﬂcio</strong></span> <span class='ocrx_word' id='word_1_735' title='bbox 2225 4560 2320 4613; x_wconf 90' lang='lat' dir='ltr'><strong>per</strong></span> <span class='ocrx_word' id='word_1_736' title='bbox 2357 4546 2458 4599; x_wconf 86' lang='lat' dir='ltr'><strong>hoc</strong></span> <span class='ocrx_word' id='word_1_737' title='bbox 2507 4560 2604 4600; x_wconf 89' lang='lat' dir='ltr'><strong>nos</strong></span> <span class='ocrx_word' id='word_1_738' title='bbox 2640 4548 2897 4602; x_wconf 85' lang='lat' dir='ltr'><strong>cumulet.</strong></span> <span class='ocrx_word' id='word_1_739' title='bbox 2935 4549 3214 4616; x_wconf 83' lang='lat' dir='ltr'><strong>Quondam</strong></span> <span class='ocrx_word' id='word_1_740' title='bbox 3253 4567 3488 4621; x_wconf 88' lang='lat' dir='ltr'><strong>namque</strong></span> 
     </span>
    </p>
   </div>
   <div class='ocr_carea' id='block_1_95' title="bbox 225 4642 1808 4714">
    <p class='ocr_par' dir='ltr' id='par_1_95' title="bbox 225 4642 1808 4714">
     <span class='ocr_line' id='line_1_95' title="bbox 225 4642 1808 4714; baseline -0.002 -16"><span class='ocrx_word' id='word_1_741' title='bbox 225 4646 333 4698; x_wconf 82' lang='grc' dir='ltr'><strong>οὐκ</strong></span> <span class='ocrx_word' id='word_1_742' title='bbox 362 4646 441 4706; x_wconf 85' lang='grc' dir='ltr'>εἰς</span> <span class='ocrx_word' id='word_1_743' title='bbox 480 4642 610 4714; x_wconf 68' lang='grc' dir='ltr'>ᾅδου</span> <span class='ocrx_word' id='word_1_744' title='bbox 642 4643 837 4709; x_wconf 81' lang='grc' dir='ltr'>ποθὲν,</span> <span class='ocrx_word' id='word_1_745' title='bbox 870 4644 1113 4714; x_wconf 63' lang='grc' dir='ltr'>ἑψόμεθα</span> <span class='ocrx_word' id='word_1_746' title='bbox 1159 4644 1216 4696; x_wconf 87' lang='grc' dir='ltr'>δὲ</span> <span class='ocrx_word' id='word_1_747' title='bbox 1266 4643 1486 4713; x_wconf 77' lang='grc' dir='ltr'>μᾶλλονο</span> <span class='ocrx_word' id='word_1_748' title='bbox 1532 4643 1628 4695; x_wconf 80' lang='grc' dir='ltr'><strong>καὶ</strong></span> <span class='ocrx_word' id='word_1_749' title='bbox 1667 4643 1808 4695; x_wconf 81' lang='grc' dir='ltr'>κατὰ</span> 
     </span>
    </p>
   </div>
   <div class='ocr_carea' id='block_1_96' title="bbox 225 4734 1810 4809">
    <p class='ocr_par' dir='ltr' id='par_1_96' title="bbox 225 4734 1810 4809">
     <span class='ocr_line' id='line_1_96' title="bbox 225 4734 1810 4809; baseline -0.003 -18"><span class='ocrx_word' id='word_1_750' title='bbox 225 4736 390 4791; x_wconf 84' lang='grc' dir='ltr'>τοῦτο</span> <span class='ocrx_word' id='word_1_751' title='bbox 427 4735 575 4805; x_wconf 84' lang='grc' dir='ltr'>αύτῷ</span> <span class='ocrx_word' id='word_1_752' title='bbox 602 4735 682 4804; x_wconf 84' lang='grc' dir='ltr'>τῷ</span> <span class='ocrx_word' id='word_1_753' title='bbox 727 4736 904 4806; x_wconf 83' lang='grc' dir='ltr'>πιστῷ</span> <span class='ocrx_word' id='word_1_754' title='bbox 934 4737 1130 4809; x_wconf 81' lang='grc' dir='ltr'>κτίστῃ</span> <span class='ocrx_word' id='word_1_755' title='bbox 1151 4737 1247 4799; x_wconf 82' lang='grc' dir='ltr'>τὰς</span> <span class='ocrx_word' id='word_1_756' title='bbox 1269 4736 1480 4789; x_wconf 80' lang='grc' dir='ltr'>ἑαυτῶν</span> <span class='ocrx_word' id='word_1_757' title='bbox 1515 4734 1810 4806; x_wconf 85' lang='grc' dir='ltr'>παρατιθέ-</span> 
     </span>
    </p>
   </div>
   <div class='ocr_carea' id='block_1_97' title="bbox 231 4826 1813 4900">
    <p class='ocr_par' dir='ltr' id='par_1_97' title="bbox 231 4826 1813 4900">
     <span class='ocr_line' id='line_1_97' title="bbox 231 4826 1813 4900; baseline -0.003 -18"><span class='ocrx_word' id='word_1_758' title='bbox 231 4847 387 4900; x_wconf 84' lang='grc' dir='ltr'>μενοι</span> <span class='ocrx_word' id='word_1_759' title='bbox 415 4828 592 4898; x_wconf 73' lang='grc' dir='ltr'>ψυχάς</span> <span class='ocrx_word' id='word_1_760' title='bbox 613 4868 627 4893; x_wconf 88' lang='grc'><strong>,</strong></span> <span class='ocrx_word' id='word_1_761' title='bbox 656 4829 713 4880; x_wconf 83' lang='grc' dir='ltr'>ὲν</span> <span class='ocrx_word' id='word_1_762' title='bbox 738 4826 950 4880; x_wconf 74' lang='grc' dir='ltr'>ἐλπίσιν</span> <span class='ocrx_word' id='word_1_763' title='bbox 980 4829 1148 4896; x_wconf 83' lang='grc' dir='ltr'>ἐσμὲν</span> <span class='ocrx_word' id='word_1_764' title='bbox 1192 4827 1421 4890; x_wconf 66' lang='grc' dir='ltr'>ἀγαθαῖς</span> <span class='ocrx_word' id='word_1_765' title='bbox 1439 4843 1450 4855; x_wconf 92' lang='grc'><strong>·</strong></span> <span class='ocrx_word' id='word_1_766' title='bbox 1497 4829 1680 4896; x_wconf 79' lang='grc' dir='ltr'>ἐγερεῖ</span> <span class='ocrx_word' id='word_1_767' title='bbox 1706 4827 1813 4896; x_wconf 77' lang='grc' dir='ltr'><strong>γὰρ</strong></span> 
     </span>
    </p>
   </div>
   <div class='ocr_carea' id='block_1_98' title="bbox 227 4919 812 4984">
    <p class='ocr_par' dir='ltr' id='par_1_98' title="bbox 227 4919 812 4984">
     <span class='ocr_line' id='line_1_98' title="bbox 227 4919 812 4984; baseline -0.003 -9"><span class='ocrx_word' id='word_1_768' title='bbox 227 4922 479 4984; x_wconf 74' lang='grc' dir='ltr'>ἅπαντας</span> <span class='ocrx_word' id='word_1_769' title='bbox 506 4923 534 4975; x_wconf 87' lang='grc' dir='ltr'>ὁ</span> <span class='ocrx_word' id='word_1_770' title='bbox 560 4919 812 4983; x_wconf 80' lang='grc' dir='ltr'>Χριστός.</span> 
     </span>
    </p>
   </div>
   <div class='ocr_carea' id='block_1_99' title="bbox 1923 4636 3487 4705">
    <p class='ocr_par' dir='ltr' id='par_1_99' title="bbox 1923 4636 3487 4705">
     <span class='ocr_line' id='line_1_99' title="bbox 1923 4636 3487 4705; baseline 0.006 -15"><span class='ocrx_word' id='word_1_771' title='bbox 1923 4636 2173 4690; x_wconf 67' lang='lat' dir='ltr'><strong>humanae</strong></span> <span class='ocrx_word' id='word_1_772' title='bbox 2199 4638 2392 4693; x_wconf 72' lang='lat' dir='ltr'><strong>animae</strong></span> <span class='ocrx_word' id='word_1_773' title='bbox 2437 4638 2756 4705; x_wconf 87' lang='lat' dir='ltr'><strong>corporibus</strong></span> <span class='ocrx_word' id='word_1_774' title='bbox 2782 4651 2960 4694; x_wconf 64' lang='lat' dir='ltr'><strong>exuta</strong></span> <span class='ocrx_word' id='word_1_775' title='bbox 2992 4640 3058 4694; x_wconf 88' lang='lat' dir='ltr'><strong>ad</strong></span> <span class='ocrx_word' id='word_1_776' title='bbox 3104 4642 3487 4699; x_wconf 89' lang='lat' dir='ltr'><strong>subterraneos</strong></span> 
     </span>
    </p>
   </div>
   <div class='ocr_carea' id='block_1_100' title="bbox 1921 4726 3488 4800">
    <p class='ocr_par' dir='ltr' id='par_1_100' title="bbox 1921 4726 3488 4800">
     <span class='ocr_line' id='line_1_100' title="bbox 1921 4726 3488 4800; baseline 0.006 -21"><span class='ocrx_word' id='word_1_777' title='bbox 1921 4741 2170 4779; x_wconf 80' lang='lat' dir='ltr'><strong>Carcercs</strong></span> <span class='ocrx_word' id='word_1_778' title='bbox 2222 4726 2662 4791; x_wconf 84' lang='lat' dir='ltr'><strong>demittebantur,</strong></span> <span class='ocrx_word' id='word_1_779' title='bbox 2715 4730 2906 4782; x_wconf 88' lang='lat' dir='ltr'><strong>mortis</strong></span> <span class='ocrx_word' id='word_1_780' title='bbox 2970 4731 3310 4800; x_wconf 87' lang='lat' dir='ltr'><strong>receptacula</strong></span> <span class='ocrx_word' id='word_1_781' title='bbox 3379 4733 3488 4788; x_wconf 80' lang='lat' dir='ltr'><strong>iiIic</strong></span> 
     </span>
    </p>
   </div>
   <div class='ocr_carea' id='block_1_101' title="bbox 1913 4817 3486 4892">
    <p class='ocr_par' dir='ltr' id='par_1_101' title="bbox 1913 4817 3486 4892">
     <span class='ocr_line' id='line_1_101' title="bbox 1913 4817 3486 4892; baseline 0.005 -22"><span class='ocrx_word' id='word_1_782' title='bbox 1913 4817 2248 4883; x_wconf 70' lang='lat' dir='ltr'><strong>impletum:</strong></span> <span class='ocrx_word' id='word_1_783' title='bbox 2283 4827 2339 4869; x_wconf 88' lang='lat' dir='ltr'><strong>at</strong></span> <span class='ocrx_word' id='word_1_784' title='bbox 2392 4833 2515 4871; x_wconf 86' lang='lat' dir='ltr'><strong>vero</strong></span> <span class='ocrx_word' id='word_1_785' title='bbox 2552 4831 2902 4886; x_wconf 81' lang='lat' dir='ltr'><strong>posteaquam</strong></span> <span class='ocrx_word' id='word_1_786' title='bbox 2951 4818 3201 4875; x_wconf 87' lang='lat' dir='ltr'><strong>Christus</strong></span> <span class='ocrx_word' id='word_1_787' title='bbox 3237 4823 3486 4892; x_wconf 88' lang='lat' dir='ltr'><strong>spiritum</strong></span> 
     </span>
    </p>
   </div>
   <div class='ocr_carea' id='block_1_102' title="bbox 1912 4907 3489 4976">
    <p class='ocr_par' dir='ltr' id='par_1_102' title="bbox 1912 4907 3489 4976">
     <span class='ocr_line' id='line_1_102' title="bbox 1912 4907 3489 4976; baseline 0.005 -15"><span class='ocrx_word' id='word_1_788' title='bbox 1912 4923 2067 4961; x_wconf 87' lang='lat' dir='ltr'><strong>suum</strong></span> <span class='ocrx_word' id='word_1_789' title='bbox 2102 4909 2154 4961; x_wconf 88' lang='lat' dir='ltr'><strong>in</strong></span> <span class='ocrx_word' id='word_1_790' title='bbox 2219 4924 2412 4963; x_wconf 88' lang='lat' dir='ltr'><strong>manus</strong></span> <span class='ocrx_word' id='word_1_791' title='bbox 2458 4907 2639 4964; x_wconf 79' lang='lat' dir='ltr'><strong>Patris</strong></span> <span class='ocrx_word' id='word_1_792' title='bbox 2679 4911 3098 4976; x_wconf 79' lang='lat' dir='ltr'><strong>commendavit,</strong></span> <span class='ocrx_word' id='word_1_793' title='bbox 3142 4913 3304 4966; x_wconf 89' lang='lat' dir='ltr'><strong>etiam</strong></span> <span class='ocrx_word' id='word_1_794' title='bbox 3351 4914 3489 4969; x_wconf 77' lang='lat' dir='ltr'><strong>hanc</strong></span> 
     </span>
    </p>
   </div>
   <div class='ocr_carea' id='block_1_103' title="bbox 1914 5000 3489 5062">
    <p class='ocr_par' dir='ltr' id='par_1_103' title="bbox 1914 5000 3489 5062">
     <span class='ocr_line' id='line_1_103' title="bbox 1914 5000 3489 5062; baseline 0.006 -11"><span class='ocrx_word' id='word_1_795' title='bbox 1914 5001 2054 5054; x_wconf 84' lang='lat' dir='ltr'><strong>viam</strong></span> <span class='ocrx_word' id='word_1_796' title='bbox 2090 5000 2245 5054; x_wconf 88' lang='lat' dir='ltr'><strong>nobis</strong></span> <span class='ocrx_word' id='word_1_797' title='bbox 2277 5001 2724 5057; x_wconf 52' lang='lat' dir='ltr'><strong>detnutavilﬁec</strong></span> <span class='ocrx_word' id='word_1_798' title='bbox 2755 5004 2898 5057; x_wconf 89' lang='lat' dir='ltr'><strong>enim</strong></span> <span class='ocrx_word' id='word_1_799' title='bbox 2935 5020 3077 5057; x_wconf 89' lang='lat' dir='ltr'><strong>nunc</strong></span> <span class='ocrx_word' id='word_1_800' title='bbox 3110 5006 3489 5062; x_wconf 81' lang='lat' dir='ltr'><strong>descendimus</strong></span> 
     </span>
    </p>
   </div>
   <div class='ocr_carea' id='block_1_104' title="bbox 233 5091 3485 5163">
    <p class='ocr_par' dir='ltr' id='par_1_104' title="bbox 233 5091 3485 5163">
     <span class='ocr_line' id='line_1_104' title="bbox 233 5091 3485 5163; baseline -0.001 -9"><span class='ocrx_word' id='word_1_801' title='bbox 233 5101 305 5154; x_wconf 86' lang='lat' dir='ltr'><strong>ad</strong></span> <span class='ocrx_word' id='word_1_802' title='bbox 344 5100 565 5160; x_wconf 82' lang='lat' dir='ltr'><strong>inferos.</strong></span> <span class='ocrx_word' id='word_1_803' title='bbox 602 5099 694 5154; x_wconf 86' lang='lat' dir='ltr'><strong>sed</strong></span> <span class='ocrx_word' id='word_1_804' title='bbox 723 5098 915 5153; x_wconf 89' lang='lat' dir='ltr'><strong>ducem</strong></span> <span class='ocrx_word' id='word_1_805' title='bbox 950 5104 1194 5152; x_wconf 90' lang='lat' dir='ltr'><strong>nostrum</strong></span> <span class='ocrx_word' id='word_1_806' title='bbox 1224 5108 1363 5163; x_wconf 89' lang='lat' dir='ltr'><strong>pone</strong></span> <span class='ocrx_word' id='word_1_807' title='bbox 1411 5094 1815 5161; x_wconf 88' lang='lat' dir='ltr'><strong>subsequimur,</strong></span> <span class='ocrx_word' id='word_1_808' title='bbox 1859 5091 2164 5160; x_wconf 87' lang='lat' dir='ltr'><strong>animisque</strong></span> <span class='ocrx_word' id='word_1_809' title='bbox 2183 5093 2656 5147; x_wconf 85' lang='lat' dir='ltr'><strong>nostrisilliveluti</strong></span> <span class='ocrx_word' id='word_1_810' title='bbox 2682 5093 2788 5147; x_wconf 86' lang='lat' dir='ltr'><strong>tido</strong></span> <span class='ocrx_word' id='word_1_811' title='bbox 2844 5092 3115 5147; x_wconf 88' lang='lat' dir='ltr'><strong>conditori</strong></span> <span class='ocrx_word' id='word_1_812' title='bbox 3155 5096 3485 5163; x_wconf 85' lang='lat' dir='ltr'><strong>commissis,</strong></span> 
     </span>
    </p>
   </div>
   <div class='ocr_carea' id='block_1_105' title="bbox 233 5181 2728 5258">
    <p class='ocr_par' dir='ltr' id='par_1_105' title="bbox 233 5181 2728 5258">
     <span class='ocr_line' id='line_1_105' title="bbox 233 5181 2728 5258; baseline -0.004 -13"><span class='ocrx_word' id='word_1_813' title='bbox 233 5191 503 5254; x_wconf 83' lang='lat' dir='ltr'><strong>tantisper</strong></span> <span class='ocrx_word' id='word_1_814' title='bbox 527 5191 668 5243; x_wconf 79' lang='lat' dir='ltr'><strong>bona</strong></span> <span class='ocrx_word' id='word_1_815' title='bbox 696 5204 790 5258; x_wconf 89' lang='lat' dir='ltr'><strong>spe</strong></span> <span class='ocrx_word' id='word_1_816' title='bbox 816 5189 1050 5242; x_wconf 90' lang='lat' dir='ltr'><strong>vivimus</strong></span> <span class='ocrx_word' id='word_1_817' title='bbox 1081 5186 1256 5253; x_wconf 86' lang='lat' dir='ltr'><strong>quoad</strong></span> <span class='ocrx_word' id='word_1_818' title='bbox 1280 5183 1531 5237; x_wconf 88' lang='lat' dir='ltr'><strong>Christus</strong></span> <span class='ocrx_word' id='word_1_819' title='bbox 1563 5184 1846 5238; x_wconf 90' lang='lat' dir='ltr'><strong>universos</strong></span> <span class='ocrx_word' id='word_1_820' title='bbox 1887 5181 2106 5236; x_wconf 86' lang='lat' dir='ltr'><strong>tandem</strong></span> <span class='ocrx_word' id='word_1_821' title='bbox 2141 5184 2206 5236; x_wconf 90' lang='lat' dir='ltr'><strong>ad</strong></span> <span class='ocrx_word' id='word_1_822' title='bbox 2239 5185 2402 5237; x_wconf 83' lang='lat' dir='ltr'><strong>vitam</strong></span> <span class='ocrx_word' id='word_1_823' title='bbox 2430 5185 2728 5237; x_wconf 77' lang='lat' dir='ltr'><strong>revocabit.</strong></span> 
     </span>
    </p>
   </div>
   <div class='ocr_carea' id='block_1_106' title="bbox 306 5273 1806 5348">
    <p class='ocr_par' dir='ltr' id='par_1_106' title="bbox 306 5273 1806 5348">
     <span class='ocr_line' id='line_1_106' title="bbox 306 5273 1806 5348; baseline -0.005 -16"><span class='ocrx_word' id='word_1_824' title='bbox 306 5280 448 5345; x_wconf 67' lang='lat' dir='ltr'><strong>NQ&quot;.</strong></span> <span class='ocrx_word' id='word_1_825' title='bbox 497 5298 514 5328; x_wconf 78' lang='grc' dir='ltr'><strong>ι</strong></span> <span class='ocrx_word' id='word_1_826' title='bbox 546 5279 743 5341; x_wconf 83' lang='grc' dir='ltr'>Καθὼς</span> <span class='ocrx_word' id='word_1_827' title='bbox 768 5278 1049 5333; x_wconf 82' lang='grc' dir='ltr'>ἀπέστειλέ</span> <span class='ocrx_word' id='word_1_828' title='bbox 1087 5294 1153 5348; x_wconf 87' lang='grc' dir='ltr'><strong>με</strong></span> <span class='ocrx_word' id='word_1_829' title='bbox 1201 5277 1229 5329; x_wconf 87' lang='grc' dir='ltr'><strong>ὁ</strong></span> <span class='ocrx_word' id='word_1_830' title='bbox 1257 5275 1364 5340; x_wconf 80' lang='grc' dir='ltr'><strong>ζῶν</strong></span> <span class='ocrx_word' id='word_1_831' title='bbox 1396 5276 1604 5345; x_wconf 80' lang='grc' dir='ltr'>Πατὴρ,</span> <span class='ocrx_word' id='word_1_832' title='bbox 1649 5273 1806 5341; x_wconf 78' lang='grc' dir='ltr'>κάγὼ</span> 
     </span>
    </p>
   </div>
   <div class='ocr_carea' id='block_1_107' title="bbox 228 5366 1806 5441">
    <p class='ocr_par' dir='ltr' id='par_1_107' title="bbox 228 5366 1806 5441">
     <span class='ocr_line' id='line_1_107' title="bbox 228 5366 1806 5441; baseline -0.011 -8"><span class='ocrx_word' id='word_1_833' title='bbox 228 5371 307 5437; x_wconf 77' lang='grc' dir='ltr'>ζῶ</span> <span class='ocrx_word' id='word_1_834' title='bbox 338 5369 423 5422; x_wconf 75' lang='grc' dir='ltr'><strong>διὰ</strong></span> <span class='ocrx_word' id='word_1_835' title='bbox 457 5369 547 5420; x_wconf 73' lang='grc' dir='ltr'>τὸν</span> <span class='ocrx_word' id='word_1_836' title='bbox 581 5369 833 5438; x_wconf 83' lang='grc' dir='ltr'>Πατέρα·</span> <span class='ocrx_word' id='word_1_837' title='bbox 864 5372 957 5423; x_wconf 72' lang='grc' dir='ltr'><strong>καὶ</strong></span> <span class='ocrx_word' id='word_1_838' title='bbox 993 5373 1022 5423; x_wconf 86' lang='grc' dir='ltr'>ὁ</span> <span class='ocrx_word' id='word_1_839' title='bbox 1048 5370 1277 5441; x_wconf 86' lang='grc' dir='ltr'>τρώγων</span> <span class='ocrx_word' id='word_1_840' title='bbox 1311 5385 1398 5439; x_wconf 83' lang='grc' dir='ltr'><strong>με,</strong></span> <span class='ocrx_word' id='word_1_841' title='bbox 1429 5368 1674 5429; x_wconf 81' lang='grc' dir='ltr'>κάκεῖνος</span> <span class='ocrx_word' id='word_1_842' title='bbox 1705 5366 1806 5437; x_wconf 81' lang='grc' dir='ltr'><strong>ζή-</strong></span> 
     </span>
    </p>
   </div>
   <div class='ocr_carea' id='block_1_108' title="bbox 229 5458 1808 5530">
    <p class='ocr_par' dir='ltr' id='par_1_108' title="bbox 229 5458 1808 5530">
     <span class='ocr_line' id='line_1_108' title="bbox 229 5458 1808 5530; baseline -0.002 -15"><span class='ocrx_word' id='word_1_843' title='bbox 229 5479 314 5515; x_wconf 86' lang='grc' dir='ltr'><strong>σει</strong></span> <span class='ocrx_word' id='word_1_844' title='bbox 343 5473 370 5500; x_wconf 83' lang='grc' dir='ltr'><strong>ιι</strong></span> <span class='ocrx_word' id='word_1_845' title='bbox 417 5458 482 5513; x_wconf 87' lang='grc' dir='ltr'>δι’</span> <span class='ocrx_word' id='word_1_846' title='bbox 515 5458 634 5528; x_wconf 79' lang='grc' dir='ltr'>ἐμέ.</span> <span class='ocrx_word' id='word_1_847' title='bbox 662 5477 680 5511; x_wconf 81' lang='grc' dir='ltr'><strong>ι</strong></span> <span class='ocrx_word' id='word_1_848' title='bbox 739 5460 941 5522; x_wconf 80' lang='grc' dir='ltr'>Ἡδέως</span> <span class='ocrx_word' id='word_1_849' title='bbox 991 5461 1059 5514; x_wconf 79' lang='grc' dir='ltr'><strong>ἂν</strong></span> <span class='ocrx_word' id='word_1_850' title='bbox 1109 5461 1390 5530; x_wconf 76' lang='grc' dir='ltr'>ἐπυθόμην</span> <span class='ocrx_word' id='word_1_851' title='bbox 1432 5461 1538 5514; x_wconf 83' lang='grc' dir='ltr'><strong>τῶν</strong></span> <span class='ocrx_word' id='word_1_852' title='bbox 1586 5461 1665 5523; x_wconf 71' lang='grc' dir='ltr'><strong>εἰς</strong></span> <span class='ocrx_word' id='word_1_853' title='bbox 1715 5459 1808 5513; x_wconf 88' lang='grc' dir='ltr'><strong>δύο</strong></span> 
     </span>
    </p>
   </div>
   <div class='ocr_carea' id='block_1_109' title="bbox 326 5594 1493 5663">
    <p class='ocr_par' dir='ltr' id='par_1_109' title="bbox 326 5594 1493 5663">
     <span class='ocr_line' id='line_1_109' title="bbox 326 5594 1493 5663; baseline -0.003 -10"><span class='ocrx_word' id='word_1_854' title='bbox 326 5602 348 5632; x_wconf 75' lang='grc'><strong>⁸</strong></span> <span class='ocrx_word' id='word_1_855' title='bbox 373 5597 564 5653; x_wconf 75' lang='lat' dir='ltr'><strong>Matth.</strong></span> <span class='ocrx_word' id='word_1_856' title='bbox 597 5612 746 5663; x_wconf 78' lang='lat' dir='ltr'><strong>xxvt,</strong></span> <span class='ocrx_word' id='word_1_857' title='bbox 776 5594 869 5652; x_wconf 74' lang='lat'><strong>27.</strong></span> <span class='ocrx_word' id='word_1_858' title='bbox 944 5597 992 5628; x_wconf 83' lang='lat'><strong>&#39;°</strong></span> <span class='ocrx_word' id='word_1_859' title='bbox 1027 5595 1157 5649; x_wconf 88' lang='lat' dir='ltr'><strong>Luc.</strong></span> <span class='ocrx_word' id='word_1_860' title='bbox 1189 5611 1370 5659; x_wconf 77' lang='lat' dir='ltr'><strong>xxtttt,</strong></span> <span class='ocrx_word' id='word_1_861' title='bbox 1402 5596 1493 5651; x_wconf 75' lang='grc'><strong>46.</strong></span> 
     </span>
    </p>
   </div>
   <div class='ocr_carea' id='block_1_110' title="bbox 1989 5271 3484 5348">
    <p class='ocr_par' dir='ltr' id='par_1_110' title="bbox 1989 5271 3484 5348">
     <span class='ocr_line' id='line_1_110' title="bbox 1989 5271 3484 5348; baseline 0.005 -22"><span class='ocrx_word' id='word_1_862' title='bbox 1989 5271 2126 5326; x_wconf 85' lang='lat' dir='ltr'><strong>LVI.</strong></span> <span class='ocrx_word' id='word_1_863' title='bbox 2163 5290 2181 5323; x_wconf 82' lang='lat' dir='ltr'><strong>t</strong></span> <span class='ocrx_word' id='word_1_864' title='bbox 2222 5273 2372 5327; x_wconf 89' lang='lat' dir='ltr'><strong>Sicut</strong></span> <span class='ocrx_word' id='word_1_865' title='bbox 2399 5275 2545 5328; x_wconf 84' lang='lat' dir='ltr'><strong>misit</strong></span> <span class='ocrx_word' id='word_1_866' title='bbox 2575 5289 2661 5326; x_wconf 87' lang='lat' dir='ltr'><strong>me</strong></span> <span class='ocrx_word' id='word_1_867' title='bbox 2697 5274 2880 5327; x_wconf 90' lang='lat' dir='ltr'><strong>vivens</strong></span> <span class='ocrx_word' id='word_1_868' title='bbox 2911 5271 3093 5341; x_wconf 87' lang='lat' dir='ltr'><strong>Pater,</strong></span> <span class='ocrx_word' id='word_1_869' title='bbox 3122 5287 3176 5331; x_wconf 89' lang='lat' dir='ltr'><strong>et</strong></span> <span class='ocrx_word' id='word_1_870' title='bbox 3198 5292 3295 5348; x_wconf 75' lang='lat' dir='ltr'><strong>ego</strong></span> <span class='ocrx_word' id='word_1_871' title='bbox 3327 5278 3484 5348; x_wconf 76' lang='lat'><strong>177</strong></span> 
     </span>
    </p>
   </div>
   <div class='ocr_carea' id='block_1_111' title="bbox 1915 5363 3485 5438">
    <p class='ocr_par' dir='ltr' id='par_1_111' title="bbox 1915 5363 3485 5438">
     <span class='ocr_line' id='line_1_111' title="bbox 1915 5363 3485 5438; baseline 0.006 -24"><span class='ocrx_word' id='word_1_872' title='bbox 1915 5366 2039 5421; x_wconf 75' lang='lat' dir='ltr'><strong>vivo</strong></span> <span class='ocrx_word' id='word_1_873' title='bbox 2064 5375 2284 5435; x_wconf 88' lang='lat' dir='ltr'><strong>propter</strong></span> <span class='ocrx_word' id='word_1_874' title='bbox 2312 5363 2527 5416; x_wconf 77' lang='lat' dir='ltr'><strong>Patrem</strong></span> <span class='ocrx_word' id='word_1_875' title='bbox 2564 5380 2578 5416; x_wconf 90' lang='lat'><strong>:</strong></span> <span class='ocrx_word' id='word_1_876' title='bbox 2612 5374 2666 5417; x_wconf 92' lang='lat' dir='ltr'><strong>et</strong></span> <span class='ocrx_word' id='word_1_877' title='bbox 2700 5364 2791 5433; x_wconf 88' lang='lat' dir='ltr'><strong>qui</strong></span> <span class='ocrx_word' id='word_1_878' title='bbox 2816 5368 3111 5424; x_wconf 83' lang='lat' dir='ltr'><strong>manducat</strong></span> <span class='ocrx_word' id='word_1_879' title='bbox 3141 5385 3249 5431; x_wconf 89' lang='lat' dir='ltr'><strong>me.</strong></span> <span class='ocrx_word' id='word_1_880' title='bbox 3285 5381 3340 5424; x_wconf 88' lang='lat' dir='ltr'><strong>et</strong></span> <span class='ocrx_word' id='word_1_881' title='bbox 3369 5371 3485 5438; x_wconf 86' lang='lat' dir='ltr'><strong>ipse</strong></span> 
     </span>
    </p>
   </div>
   <div class='ocr_carea' id='block_1_112' title="bbox 1915 5452 3483 5530">
    <p class='ocr_par' dir='ltr' id='par_1_112' title="bbox 1915 5452 3483 5530">
     <span class='ocr_line' id='line_1_112' title="bbox 1915 5452 3483 5530; baseline 0.006 -23"><span class='ocrx_word' id='word_1_882' title='bbox 1915 5458 2058 5512; x_wconf 85' lang='lat' dir='ltr'><strong>vivet</strong></span> <span class='ocrx_word' id='word_1_883' title='bbox 2100 5465 2318 5525; x_wconf 85' lang='lat' dir='ltr'><strong>propter</strong></span> <span class='ocrx_word' id='word_1_884' title='bbox 2356 5469 2442 5509; x_wconf 90' lang='lat' dir='ltr'><strong>me</strong></span> <span class='ocrx_word' id='word_1_885' title='bbox 2469 5455 2537 5508; x_wconf 81' lang='grc'><strong>⁸¹.</strong></span> <span class='ocrx_word' id='word_1_886' title='bbox 2579 5472 2595 5506; x_wconf 73' lang='grc' dir='ltr'><strong>ι</strong></span> <span class='ocrx_word' id='word_1_887' title='bbox 2629 5452 2888 5515; x_wconf 88' lang='lat' dir='ltr'><strong>Libenter</strong></span> <span class='ocrx_word' id='word_1_888' title='bbox 2939 5459 3026 5517; x_wconf 92' lang='lat' dir='ltr'><strong>hic</strong></span> <span class='ocrx_word' id='word_1_889' title='bbox 3056 5474 3149 5516; x_wconf 91' lang='lat' dir='ltr'><strong>cos</strong></span> <span class='ocrx_word' id='word_1_890' title='bbox 3181 5460 3483 5530; x_wconf 74' lang='lat' dir='ltr'><strong>interroga-</strong></span> 
     </span>
    </p>
   </div>
   <div class='ocr_carea' id='block_1_113' title="bbox 1571 5597 1977 5658">
    <p class='ocr_par' dir='ltr' id='par_1_113' title="bbox 1571 5597 1977 5658">
     <span class='ocr_line' id='line_1_113' title="bbox 1571 5597 1977 5658; baseline -0.002 -8"><span class='ocrx_word' id='word_1_891' title='bbox 1571 5598 1614 5629; x_wconf 76' lang='lat'><strong>”</strong></span> <span class='ocrx_word' id='word_1_892' title='bbox 1643 5597 1800 5651; x_wconf 82' lang='lat' dir='ltr'><strong>Joan.</strong></span> <span class='ocrx_word' id='word_1_893' title='bbox 1827 5611 1901 5658; x_wconf 83' lang='lat' dir='ltr'><strong>vt,</strong></span> <span class='ocrx_word' id='word_1_894' title='bbox 1927 5597 1977 5650; x_wconf 88' lang='lat'><strong>5.</strong></span> 
     </span>
    </p>
   </div>
   <div class='ocr_carea' id='block_1_114' title="bbox 1340 5709 2446 5779">
    <p class='ocr_par' dir='ltr' id='par_1_114' title="bbox 1340 5709 2446 5779">
     <span class='ocr_line' id='line_1_114' title="bbox 1340 5709 2446 5779; baseline 0.006 -18"><span class='ocrx_word' id='word_1_895' title='bbox 1340 5710 1513 5764; x_wconf 78' lang='lat' dir='ltr'><strong>Variae</strong></span> <span class='ocrx_word' id='word_1_896' title='bbox 1549 5712 1811 5766; x_wconf 89' lang='lat' dir='ltr'><strong>lectiones</strong></span> <span class='ocrx_word' id='word_1_897' title='bbox 1847 5710 2050 5765; x_wconf 82' lang='lat' dir='ltr'><strong>codicis</strong></span> <span class='ocrx_word' id='word_1_898' title='bbox 2084 5709 2446 5779; x_wconf 78' lang='lat' dir='ltr'><strong>Seguteriani.</strong></span> 
     </span>
    </p>
   </div>
   <div class='ocr_carea' id='block_1_115' title="bbox 305 5829 1610 5905">
    <p class='ocr_par' dir='ltr' id='par_1_115' title="bbox 305 5829 1610 5905">
     <span class='ocr_line' id='line_1_115' title="bbox 305 5829 1610 5905; baseline -0.004 -18"><span class='ocrx_word' id='word_1_899' title='bbox 305 5842 331 5873; x_wconf 68' lang='grc' dir='ltr'><strong><em>τ</em></strong></span> <span class='ocrx_word' id='word_1_900' title='bbox 358 5836 744 5905; x_wconf 63' lang='grc' dir='ltr'>παρατέοεμαι.</span> <span class='ocrx_word' id='word_1_901' title='bbox 829 5843 849 5869; x_wconf 79' lang='grc'><strong>⁹</strong></span> <span class='ocrx_word' id='word_1_902' title='bbox 891 5834 1006 5888; x_wconf 68' lang='grc' dir='ltr'>καθ⁶</span> <span class='ocrx_word' id='word_1_903' title='bbox 1035 5833 1199 5904; x_wconf 70' lang='grc' dir='ltr'><strong>ἡμᾶ·.</strong></span> <span class='ocrx_word' id='word_1_904' title='bbox 1285 5833 1299 5868; x_wconf 76' lang='grc' dir='ltr'>ι</span> <span class='ocrx_word' id='word_1_905' title='bbox 1331 5829 1610 5898; x_wconf 75' lang='grc' dir='ltr'>γεγονότα.</span> 
     </span>
    </p>
   </div>
   <div class='ocr_carea' id='block_1_116' title="bbox 1692 5830 1991 5903">
    <p class='ocr_par' dir='ltr' id='par_1_116' title="bbox 1692 5830 1991 5903">
     <span class='ocr_line' id='line_1_116' title="bbox 1692 5830 1991 5903; baseline 0.003 -22"><span class='ocrx_word' id='word_1_906' title='bbox 1692 5838 1716 5865; x_wconf 80' lang='grc' dir='ltr'>υ</span> <span class='ocrx_word' id='word_1_907' title='bbox 1754 5830 1991 5903; x_wconf 72' lang='grc' dir='ltr'>ζήσεται.</span> 
     </span>
    </p>
   </div>
  </div>
