4116 6502
678 422 821 479 1415

1670 417 1728 472 S.
1769 415 2045 473 CYIllLLI
2087 413 2555 472 ALEXANDRINI
2593 414 2918 472 AllCIllEl’.

3792 409 3924 465 ιιιϐ

675 556 816 602 rem.
845 540 935 608 qui
983 553 1147 594 unum
1192 538 1473 594 Christum
1516 537 1576 592 in
1611 536 1748 591 duos
1801 535 2070 598 dividunt,
2102 544 2242 588 uter-

2357 535 2626 606 Χριστοὺς
2669 535 3013 607 διοριζόντων
3044 533 3136 586 τὸν
3165 533 3262 587 ἕνα
3285 547 3300 563 °
3336 530 3434 594 Τίς
3483 530 3549 599 δὴ
3584 528 3696 599 ἄρα
3727 528 3873 581 ἐστὶν
3904 529 3931 580 6

676 648 801 688 nam
825 631 913 687 ille
942 630 1122 701 sitqui
1151 645 1180 684 a
1207 631 1316 686 Deo
1333 629 1495 684 Patre
1528 629 1749 694 missus,
1773 637 1994 696 propter
2033 627 2247 681 Patrem

673 716 829 780 vivit,
861 724 916 771 et
941 716 1011 771 ob
1039 715 1092 771 id
1121 716 1369 771 viviflcus
1392 713 1653 770 exsistit?
1701 713 1836 768 Nam
1873 714 1917 766 si
1953 712 2095 768 illius
2124 711 2252 768 Ver-

675 811 802 864 bum
839 809 1038 862 nudum
1068 823 1164 878 per
1190 823 1248 864 se
1274 807 1510 874 positum
1534 821 1658 863 esse
1693 806 1903 870 dicunt,
1955 804 2249 875 quomodo,

676 915 879 969 quaeso,
911 899 1038 954 illud
1067 913 1096 954 a
1124 899 1298 966 nobis,
1334 909 1391 954 ut
1420 900 1668 954 vivamus
1706 913 1803 966 per
1843 897 2000 963 illud,
2029 895 2251 950 mandu-

675 993 875 1047 catur?
907 991 1041 1046 Nam
1064 991 1321 1047 divinitas
1347 1000 1540 1059 suapte
1571 999 1762 1044 natura
1785 1002 2014 1058 corpore
2037 988 2251 1056 penitus

675 1092 854 1137 vacat.
899 1082 955 1137 Si
1000 1092 1181 1136 autem
1233 1081 1508 1135 hominem
1544 1091 1758 1134 tantum
1781 1095 1878 1150 per
1908 1093 1968 1133 se
2001 1092 2246 1134 seorsum

674 1177 1021 1239 conceptum,
1075 1169 1302 1223 missum
1350 1179 1708 1232 asseverant,
1752 1167 2023 1237 quomodo
2073 1167 2249 1221 vivifi-

672 1261 829 1315 candi
862 1261 968 1314 vim
1019 1272 1088 1316 ex
1137 1275 1202 1314 eo
1243 1261 1427 1327 habet,
1469 1261 1595 1330 quia
1629 1261 1794 1315 vitam
1824 1273 1888 1314 ex
1917 1259 2079 1315 Patre
2109 1259 2249 1315 obti-

674 1351 815 1405 net?
861 1350 1059 1407 Annon
1120 1367 1314 1406 omnes
1351 1361 1618 1420 quotquot
1670 1352 1722 1406 in
1768 1352 1930 1408 terris
1981 1352 2245 1421 degimns,

671 1437 782 1495 Deo
817 1449 874 1495 et
922 1439 1088 1495 Patre
1135 1455 1235 1495 nos
1281 1441 1618 1507 vivificante,
1654 1443 1821 1496 vitam
1855 1441 2110 1513 agimus?
2133 1441 2248 1496 An-

670 1541 779 1580 non
831 1545 850 1578 ι
892 1527 948 1581 In
984 1527 1106 1597 ipso
1142 1528 1396 1591 vivimus,
1445 1543 1729 1583 movemur
1765 1539 1820 1584 et
1861 1543 2050 1585 sumus
2077 1528 2169 1583 “7
2215 1547 2236 1582 ι

668 1617 805 1671 Cum
855 1632 985 1688 ergo
1027 1633 1218 1674 omnes
1259 1634 1355 1688 per
1391 1618 1611 1676 Patrem
1666 1621 1934 1688 vivamus,
1977 1622 2248 1692 quomodo

671 1709 832 1762 unius
876 1717 1085 1763 tantum
1151 1709 1387 1764 hominis
1432 1724 1630 1778 corpus
1670 1725 1733 1766 ea
1777 1712 1844 1766 de
1878 1727 2040 1766 causa
2074 1712 2249 1766 vivifi-

669 1810 790 1849 cum
815 1796 1189 1864 praedicatur?
1222 1799 1333 1857 Cur
1356 1806 1544 1852 nostra
1591 1815 1806 1868 quoque
1853 1814 2082 1868 corpora
2108 1815 2248 1854 eam-

2353 626 2767 697 ἀπεσταλμένος
2808 626 2960 698 παρὰ
2989 625 3084 680 τοῦ
3123 623 3258 678 Θεοῦ
3295 623 3390 678 καὶ
3421 621 3658 692 Πατρός,
3693 621 3791 673 καὶ
3826 620 3931 683 ζῶν

2351 718 2419 771 δι’
2443 718 2626 783 αὐτὸν,
2659 719 2919 790 ὑπάρχων
2961 735 3021 771 τε
3065 717 3155 772 διὰ
3197 716 3363 771 τοῦτο
3406 714 3705 781 ζωοποιόςς
3739 714 3801 766 Εἰ
3839 713 3934 783 μὲν

2350 807 2444 863 οὖν
2483 809 2688 881 γυμνὸς
2714 810 2811 864 καὶ
2853 809 2976 862 καθ’
3004 810 3199 863 ἑαυτὸν
3224 811 3253 863 6
3294 807 3353 874 ἐξ
3391 806 3558 861 αὑτοῦ
3590 807 3789 874 Λόγος,
3822 803 3934 867 πῶς

2353 896 2594 950 ἐσθίεται
2634 897 2772 967 πρὸς
2819 897 3003 968 ἡμῶν,
3047 897 3136 951 ινα
3169 896 3424 968 ζήσωμεν
3451 895 3516 948 δι’
3552 894 3758 957 αὐτόν;
3792 891 3935 947 ἀσώ-

2354 1006 2525 1059 ματον
2557 989 2666 1059 γὰρ
2692 992 2761 1060 τῇ
2791 989 2950 1058 φύσει
2981 990 3043 1043 τὸ
3070 990 3243 1044 Θεῖον.
3276 989 3340 1042 Ei
3376 988 3434 1040 δὲ
3469 988 3629 1057 μόνον
3671 988 3773 1038 καὶ
3813 987 3933 1038 καθ’

2350 1081 2542 1135 ἑαυτὸν
2581 1080 2871 1153 ἄνθρωπον
2895 1075 3034 1134 εἶναί
3063 1099 3194 1151 φασι
3223 1082 3315 1136 τὸν
3343 1079 3783 1149 ἀπεσταλμένον,
3817 1078 3934 1140 πῶς

2349 1173 2457 1245 ἄρα
2493 1173 2610 1226 ἐστὶ
2649 1173 2928 1238 ζωοποιὸς,
2959 1173 3041 1226 ὅτι
3085 1173 3152 1242 ζῇ
3195 1172 3285 1227 διὰ
3313 1173 3404 1226 τὸν
3443 1171 3706 1240 Πατέρα;
3741 1169 3933 1223 Καίτοι

2350 1265 2468 1329 πῶς
2506 1265 2605 1336 οὐχ
2642 1265 2881 1328 ἅπαντες
2922 1266 2972 1319 oi
3009 1266 3102 1318 ἐπὶ
3149 1265 3250 1334 τῆς
3285 1257 3390 1334 γῆς
3433 1264 3490 1316 ὲν
3524 1260 3694 1327 ζῶσίν
3746 1261 3933 1326 ἐσμεν.

2349 1351 2738 1418 ζωοποιοῦντος
2784 1353 2880 1407 τοῦ
2932 1353 3066 1407 Θεοῦ
3122 1353 3218 1407 mi.
3267 1352 3482 1423 Πατρδς
3526 1345 3714 1420 ἡμᾶς,
3777 1347 3933 1418 ἐῖπερ

2350 1444 2503 1496 ἐστὶν
2531 1443 2732 1516 ἀληθὲς
2751 1481 2767 1506 ,
2797 1442 2881 1496 ὅτι
2917 1460 2936 1494 ι
2966 1441 3156 1512 Ζῶμεν
3185 1443 3244 1495 ὲν
3271 1441 3444 1509 αὐτῷ,
3481 1441 3574 1493 καὶ
3607 1437 3933 1507 κινούμεθα,

2349 1537 2442 1592 καὶ
2479 1536 2679 1608 ἑσμέν;
2712 1553 2732 1586 ι
2783 1535 2912 1588 Ὅτε
2960 1533 3140 1588 τοίνυν
3189 1532 3372 1603 ζῶμεν
3418 1531 3659 1594 ἅπαντες
3707 1529 3800 1582 διὰ
3845 1527 3936 1580 τὸν

2349 1626 2589 1698 Πατέρα,
2622 1625 2737 1688 πῶς
2770 1625 2834 1695 δὴ
2871 1623 3032 1695 μόνον
3064 1623 3127 1676 τὸ
3175 1621 3294 1684 ἑνὸς
3335 1618 3626 1692 ἀνθρώπου
3665 1617 3830 1686 σῶμα
3876 1616 3935 1667 τδ

2349 1719 2537 1772 ποιοῦν
2571 1720 2686 1771 ἐστι
2718 1717 2898 1782 τοῦτο,
2924 1716 3024 1769 καὶ
3048 1713 3172 1784 οὐχὶ
3214 1712 3414 1785 μᾶλλον
3451 1712 3553 1782 τὴν
3581 1710 3758 1780 αὐτὴν
3786 1709 3934 1778 ἐνέρ-

2349 1828 2503 1880 γειαν
2549 1810 2662 1881 ἔχει
2701 1811 2798 1864 καὶ
2827 1809 2896 1862 τὰ
2926 1809 3153 1879 ἑτέρων,
3187 1806 3345 1876 εἴπερ
3377 1805 3636 1868 ἅπαντες,
3665 1802 3744 1865 ὡς
3774 1799 3928 1869 ἔφην,

671 1889 790 1942 (lem
841 1898 1167 1956 potestatem
1232 1891 1424 1956 adepta
1479 1891 1705 1944 minime
1748 1900 1917 1953 sunt,
1979 1891 2242 1960 siquidem

2351 1902 2519 1971 ἐσμέν
2551 1918 2608 1954 τε
2658 1902 2754 1954 καὶ
2783 1899 2969 1970 ζῶμεν
2997 1897 3087 1952 διὰ
3128 1897 3220 1951 τὸν
3265 1895 3523 1966 Πατέρα;
3554 1895 3622 1947 Τί
3655 1889 3754 1947 οὖν
3799 1893 3931 1963 πρὸς

665 1990 874 2043 omnes,
926 1989 984 2029 ut
1025 1977 1165 2040 dixi,
1222 1995 1319 2048 per
1370 1977 1587 2033 Patrem
1641 1979 1876 2034 vivimus
1920 1989 1976 2035 et
2020 1982 2246 2036 sumus?

668 2068 873 2136 Ecquid
916 2083 1047 2140 ergo
1094 2071 1162 2123 ad
1211 2073 1328 2124 haec
1356 2071 1638 2125 dicemus?
1679 2070 1773 2127 Dei
1829 2071 2090 2140 Verbum,
2121 2088 2242 2128 cum

666 2161 720 2214 in
759 2162 991 2214 humana
1047 2161 1222 2217 forma
1263 2165 1546 2232 apparuit,
1583 2164 1862 2234 apostolus
1889 2163 2011 2233 fuit,
2034 2165 2137 2220 hoc
2163 2173 2247 2219 est

667 2251 886 2305 missus.
917 2269 935 2301 ι
971 2251 1194 2307 Missum
1228 2263 1313 2308 est
1348 2254 1490 2308 enim
1524 2254 1594 2309 ad
1635 2256 2036 2324 pradicandum
2062 2257 2238 2326 capti-

665 2342 746 2395 vis
799 2342 1204 2409 remissionem,
1254 2354 1310 2398 et
1337 2346 1497 2400 caecis
1537 2345 1712 2400 visum
1739 2345 1805 2399 ⁸³.
1840 2363 1860 2398 ι
1895 2345 2037 2401 Vivit
2060 2356 2242 2401 autem

666 2443 887 2501 propter
915 2433 1156 2502 Patrem,
1191 2437 1317 2505 quia
1343 2450 1413 2491 ex
1443 2436 1658 2492 vivente
1679 2435 1842 2491 Patre
1871 2437 2114 2507 genitum
2134 2449 2241 2492 est.

666 2523 918 2592 Oportnit
947 2525 1095 2580 enim
1139 2527 1319 2580 modis
1348 2527 1603 2581 omnibus
1639 2540 1765 2581 eum
1802 2528 1967 2581 vitam
1999 2541 2120 2582 esse
2151 2543 2240 2583 se-

663 2611 900 2664 cundum
927 2622 1200 2679 naturam,
1237 2615 1330 2684 qui
1359 2631 1425 2670 ex
1453 2615 1669 2670 vivente
1693 2626 1751 2670 et
1781 2616 1890 2670 vita
1927 2618 2035 2672 Deo
2080 2617 2245 2673 Patre

663 2714 844 2753 ortum
887 2699 1141 2755 ducebat.
1206 2703 1476 2769 Quoniam
1527 2716 1659 2758 vero
1708 2718 1912 2774 corpus
1969 2720 2035 2761 ex
2088 2721 2242 2762 sacra

670 2785 893 2858 Virgine
920 2797 1198 2860 sumptum
1237 2792 1342 2847 sibi
1373 2794 1589 2859 ascivit,
1623 2793 1752 2850 fecit
1784 2795 1914 2850 illud
1943 2796 2241 2864 vivificum,

662 2889 720 2935 et
756 2880 810 2935 id
838 2881 1057 2951 quidem
1088 2883 1379 2939 admodum
1414 2901 1654 2957 congrue
1683 2888 1706 2941 ?
1744 2886 1841 2944 Est
1863 2890 2009 2944 enim
2043 2905 2242 2959 corpus

663 2971 790 3026 vita:
826 2973 1009 3027 omnia
1052 2973 1400 3032 vivificantis.
1441 2976 1548 3033 Fas
1575 2979 1760 3050 itaque
1792 2995 1898 3036 non
1930 2991 2013 3035 est
2075 2997 2242 3036 unum

667 3059 863 3116 Filium
915 3073 972 3118 et
1017 3062 1297 3122 Christum
1341 3077 1398 3122 et
1454 3068 1741 3124 Dominum
1797 3071 1853 3125 in
1905 3072 2042 3127 duos
2102 3072 2243 3127 filios

665 3157 996 3223 dispertire:
1035 3158 1304 3228 siquidem
1361 3161 1504 3216 idem
1560 3163 1678 3231 ipse
1729 3173 1784 3216 et
1829 3164 1934 3216 vita
1963 3173 2068 3224 est,
2099 3179 2242 3232 quo-

2349 1990 2523 2045 ταῦτὰ
2557 2007 2778 2062 φαμενς
2820 1989 3139 2053 Ἀπόστολος
3167 1989 3570 2058 κεχρημάτικεν
3593 1987 3623 2040 6
3659 1985 3757 2040 τοῦ
3799 1983 3930 2037 Θεοῦ

2348 2081 2537 2151 Λόγος.
2567 2084 2628 2136 ὲν
2654 2081 2970 2153 ἀινθικυπειειι
3008 2082 3191 2152 μορφῇ
3230 2079 3524 2149 membr
3561 2097 3580 2132 ι
3623 2078 3932 2147 Ἀπεστάλῐι

2346 2175 2454 2248 γὰρ
2501 2174 2736 2248 κηρύξαι
2776 2184 2805 2213 ν
2853 2173 3221 2244 αἰχμαλώτοις
3279 2174 3504 2242 ἄφεσιν,
3552 2171 3650 2225 καὶ
3708 2170 3930 2239 τυφλοῖς

2345 2267 2661 2338 ἀνάϐλεψιν.
2687 2285 2707 2321 ι
2743 2269 2818 2339 Ζῇ
2850 2266 2908 2321 δὲ
2932 2265 3020 2320 διὰ
3054 2265 3144 2319 τὸν
3173 2264 3394 2335 Πατέρα
3416 2279 3430 2294 ο
3464 2263 3792 2331 γεγέννηται
3822 2263 3930 2330 γὰρ

2346 2360 2412 2412 ὲκ
2449 2359 2653 2424 ζῶντος
2690 2358 2925 2430 Πατρός.
2957 2356 3106 2410 Ἔδει
3151 2357 3295 2429 γὰρ,
3343 2356 3451 2409 ἔδει
3499 2355 3680 2424 πάντη
3727 2370 3790 2406 τε
3835 2353 3928 2406 καὶ

2347 2451 2566 2514 πάντως
2605 2449 2747 2504 κατά
2781 2449 2943 2519 φύσιν
2965 2447 3104 2503 εἶναι
3139 2449 3284 2520 ζωὴν
3309 2448 3400 2501 τὸν
3425 2448 3490 2500 ὲκ
3513 2445 3717 2510 ζῶντός
3746 2461 3806 2498 τε
3839 2445 3929 2496 καὶ

2347 2540 2495 2610 ζωῆς
2521 2541 2616 2595 τοῦ
2638 2541 2772 2594 Θεοῦ
2797 2542 2889 2595 καὶ
2914 2541 3127 2612 Πατρὸς
3153 2539 3506 2610 ὶκπεφυκὰτα
3528 2538 3678 2591 Υίόν.
3715 2535 3930 2604 Ἐπειδὴ

2345 2631 2404 2684 δὲ
2433 2631 2563 2685 ίδιον
2604 2632 2898 2702 ἑποιήσατο
2927 2632 2990 2684 τὸ
3031 2632 3190 2700 σῶμα
3229 2630 3291 2682 τὸ
3329 2631 3395 2682 ὲκ
3425 2630 3524 2696 τῆς
3572 2628 3740 2695 ἁγίας
3783 2629 3928 2697 [lap-

2346 2720 2502 2775 θένου
2531 2720 2760 2794 ληφθὲν,
2791 2719 3054 2786 ζωοποιὸν
3079 2720 3362 2790 ἀπέφηνεν
3387 2717 3518 2771 αὐτὸ
3556 2719 3653 2771 καὶ
3687 2717 3830 2787 μάλα
3858 2719 3931 2770 si-

2345 2813 2551 2877 κότως’
2585 2811 2746 2884 σῶμα
2778 2812 2888 2883 γάρ
2939 2811 3056 2865 ἐστι
3087 2811 3188 2882 τῆς
3230 2811 3299 2864 τὰ
3330 2811 3509 2864 πάντα
3555 2809 3930 2879 ζωογονούσης

2345 2904 2511 2974 ζωῆς.
2544 2903 2756 2956 Οὐκοῦν
2798 2904 2860 2956 οὐ
2891 2901 3190 2972 διαιρετέον
3239 2902 3322 2966 εἰς
3355 2903 3506 2964 υἱοὺς
3556 2902 3652 2955 δύο
3694 2902 3792 2953 τὸν
3835 2903 3928 2952 ἕνα

2345 2992 2475 3046 Υίὸν
2515 2993 2609 3046 καὶ
2641 2993 2878 3062 Χριστὸν
2926 2994 3021 3046 καὶ
3055 2991 3281 3065 Κύριον.
3329 2992 3504 3062 Εἴπερ
3534 2992 3683 3043 ἐστὶν
3715 2993 3744 3042 ὁ
3771 2991 3928 3052 αὐτὸς

2347 3083 2462 3154 ζωὴ
2499 3084 2599 3154 μὲν
2642 3083 2716 3146 ὡς
2757 3086 2821 3137 ὲκ
2854 3083 3000 3154 ζωῆς
3034 3085 3127 3136 καὶ
3159 3082 3362 3147 ζῶντος
3395 3082 3634 3152 Πατρὸς,
3671 3081 3930 3145 ζωοποιός

2347 3172 2404 3225 δὲ
2435 3175 2530 3226 καὶ
2561 3174 2650 3227 διὰ
2673 3174 2770 3227 τοῦ
2802 3174 2932 3226 ίόίου
2967 3172 3240 3243 σώματος,
3267 3173 3345 3236 ὼς
3373 3173 3492 3225 καθ’
3513 3174 3663 3244 ἡμᾶς
3694 3171 3931 3241 γεγονὼς

666 3249 811 3303 niam
863 3263 932 3303 ex
987 3250 1097 3303 vita
1147 3252 1474 3321 viventeque
1519 3251 1680 3307 Patre
1735 3264 1892 3309 natus
1925 3263 2028 3319 est,
2061 3266 2115 3311 et
2149 3272 2242 3325 per

2350 3263 2449 3318 καὶ
2474 3264 2903 3336 ὲνανθρωπήσας
2936 3235 3086 3328 Θεός.

665 3339 943 3408 proprium
973 3355 1174 3410 corpus
1209 3357 1430 3397 rursum
1468 3343 1714 3400 vivificus
1743 3352 1848 3409 est,
1888 3355 2071 3416 utpote
2105 3346 2244 3403 Deus

665 3428 828 3484 homo
858 3429 1053 3485 similis
1073 3431 1231 3486 nobis
1262 3430 1509 3488 effectus.

735 3519 889 3576 LVII.
921 3540 941 3574 ι
987 3521 1143 3579 Sicut
1173 3525 1317 3579 enim
1352 3527 1520 3582 Pater
1560 3527 1725 3582 vitam
1762 3529 1926 3584 habet
1953 3531 2008 3585 in
2044 3541 2245 3587 semet-

665 3612 800 3681 ipso,
853 3614 931 3669 sic
957 3613 1105 3669 dedit
1137 3625 1191 3669 et
1224 3615 1360 3673 Filio
1391 3618 1560 3672 vitam
1586 3619 1789 3674 habere
1813 3621 1866 3673 in
1897 3621 2192 3691 semetipso
2223 3641 2237 3677 :

662 3713 718 3760 et
750 3715 1076 3775 potestatem
1104 3709 1252 3765 dedit
1298 3710 1348 3764 ei
1387 3720 1443 3765 et
1466 3710 1735 3781 judicium
1767 3711 1968 3779 facere,
2000 3716 2126 3784 quia
2152 3717 2243 3772 Fi-

662 3799 768 3855 lius
821 3801 1059 3858 hominis
1107 3812 1190 3859 est
1232 3804 1302 3860 “.
1351 3823 1372 3857 ι
1425 3805 1494 3860 At
1533 3806 1812 3876 quomodo
1860 3807 2106 3878 (quarat
2156 3809 2244 3864 hic

661 3893 969 3964 quispiam)
1027 3912 1048 3946 ι
1091 3893 1253 3951 Pater
1307 3897 1474 3952 vitam
1523 3899 1688 3954 habet
1744 3898 1796 3953 in
1830 3901 2176 3969 semetipso?
2218 3919 2236 3954 ι

661 3981 914 4054 Nunquid
976 3985 1197 4042 aliunde
1236 3998 1558 4059 acceptam,
1602 3989 1684 4044 vel
1740 3989 1809 4045 ab
1863 3990 1972 4046 alio
2013 3992 2241 4046 datam?

662 4077 1040 4147 Nequaquam.
1097 4078 1244 4134 Istud
1297 4095 1533 4150 namque
1588 4082 1788 4138 docere
1851 4084 1940 4138 vel
1997 4083 2237 4152 opinari,

660 4170 789 4239 quid
817 4179 966 4225 esset
1003 4170 1149 4225 aliud
1191 4173 1296 4227 nisi
1343 4183 1596 4242 apertum
1643 4173 1892 4228 delirium
1920 4174 1943 4228 ?
1971 4174 2084 4229 lmo
2112 4189 2239 4229 vero

657 4263 790 4335 quid
820 4264 927 4318 nisi
969 4264 1262 4320 manifesta
1299 4266 1561 4322 adversus
1598 4265 1923 4321 ineffabilem
1957 4267 2105 4322 illam
2142 4282 2240 4321 na-

661 4366 839 4410 turam
883 4355 1265 4426 blasphemia?
1312 4357 1496 4413 Primo
1546 4372 1801 4426 namque,
1843 4357 1888 4411 si
1918 4357 2024 4410 vita
2074 4372 2238 4425 quam

658 4451 847 4515 habet,
893 4449 962 4503 ab
1005 4450 1124 4518 ipso
1178 4449 1395 4503 diversa
1444 4449 1606 4510 foret,
1667 4451 2046 4502 universorum
2094 4447 2238 4499 Deus

659 4556 765 4598 non
805 4548 953 4596 esset
982 4551 1176 4594 natura
1206 4540 1450 4609 quadam
1487 4541 1650 4610 178
1671 4540 1926 4609 simplex,
1966 4539 2060 4592 sed
2091 4553 2239 4592 com-

657 4632 856 4700 posita.
884 4633 966 4684 Ad
993 4633 1128 4695 haec,
1167 4631 1214 4684 si
1242 4631 1410 4683 vitam
1457 4633 1686 4685 aliunde
1728 4630 2009 4698 accepisse
2040 4637 2238 4683 statue-

659 4735 834 4790 retur,
870 4724 915 4779 is
948 4723 1134 4791 utique
1175 4725 1266 4791 qui
1306 4725 1470 4777 vitam
1515 4739 1620 4778 non
1665 4723 1882 4778 habenti
1911 4722 2235 4791 impertiret,

658 4824 796 4874 citra
854 4832 1072 4872 omnem
1124 4817 1552 4871 controversiam
1623 4817 1803 4870 multis
1853 4816 2094 4884 partibus
2145 4815 2238 4868 illo

659 4913 855 4981 major,
880 4909 1147 4978 bonisque
1170 4907 1424 4964 omnibus
1453 4907 1784 4961 cumulatior
1809 4907 1967 4960 foret.
1994 4905 2240 4974 Denique

660 5004 1004 5068 existimare,
1055 5001 1170 5057 haec
1220 5001 1292 5054 ita
1339 4999 1582 5060 habere,
1643 4999 1742 5051 hoc
1800 5007 1902 5060 est,
1953 4997 2237 5066 imaginari

661 5096 829 5149 Deum
882 5093 1100 5148 Patrem
1144 5094 1315 5147 vitam
1349 5088 1591 5153 aliunde,
1619 5097 1675 5142 et
1697 5088 1852 5157 quasi
1883 5086 2238 5142 adventitiam

660 5179 913 5232 obtinere
941 5195 955 5241 ;
1003 5181 1107 5233 hoc
1154 5181 1288 5234 nihil
1331 5179 1476 5234 aliud
1515 5186 1680 5242 esset,
1710 5184 1768 5230 ut
1793 5175 1928 5240 dixi,
1951 5190 2111 5246 quam
2141 5179 2238 5228 ab-

661 5269 988 5324 surdissitne
1029 5271 1286 5324 delirare;
1334 5270 1508 5326 Habet
1559 5271 1742 5340 itaque
1786 5267 1947 5322 Pater
1986 5267 2153 5322 vitam
2184 5265 2235 5318 in

664 5363 957 5432 semetipso
1002 5376 1106 5416 non
1151 5363 1442 5416 ascititiam
1477 5363 1558 5418 vel
1587 5361 1968 5426 adventitiam,
2012 5359 2106 5415 sed
2140 5373 2236 5411 na-

2420 3529 2542 3583 NZ'.
2594 3546 2613 3580 t
2642 3527 2854 3598 ’Ὠσπερ
2883 3543 2993 3597 γαρ
3019 3527 3047 3579 ὀ
3089 3524 3279 3597 Πατὴρ
3321 3525 3432 3595 ἔχει
3461 3521 3610 3595 ζωὴν
3641 3523 3700 3576 ὲν
3733 3519 3928 3593 ἑαυτῷ,

2350 3620 2494 3675 οὕτω
2521 3621 2616 3675 καὶ
2654 3620 2733 3692 τῷ
2760 3619 2877 3691 Υίῷ
2910 3619 3112 3672 δέδωκε
3145 3617 3291 3687 ζωὴν
3325 3618 3467 3688 ἔχειν
3495 3619 3555 3670 ὲν
3592 3617 3805 3686 ἐαυτῷ·
3840 3617 3931 3666 καὶ

2350 3712 2599 3782 ἐξουσίαν
2639 3713 2834 3766 ἔδωκεν
2880 3710 3028 3782 αὐτῷ
3073 3712 3168 3765 καὶ
3206 3711 3386 3780 κρίσιν
3433 3712 3629 3774 ποιεῖν,
3674 3709 3757 3761 ὅτι
3803 3707 3930 3768 Υἱὸς

2349 3805 2635 3876 ἀνθρώπου
2685 3806 2821 3862 ὲστί.
2861 3823 2879 3855 ι
2936 3805 3070 3858 Τίνα
3106 3805 3171 3874 δὴ
3222 3804 3426 3874 τρόπον
3471 3802 3685 3873 οἰηθείη
3731 3820 3817 3864 τις
3863 3802 3928 3856 ἂν

2351 3897 2494 3968 ἔχειν
2553 3900 2612 3950 ἐν
2655 3897 2834 3968 ἑαυτῷ
2871 3899 2969 3967 τὴν
3016 3896 3164 3966 ζωὴν
3214 3896 3304 3949 τὸν
3353 3895 3604 3966 Πατέρας
3658 3892 3772 3967 ἆρα
3820 3895 3925 3965 γὰρ

2349 3987 2544 4052 ἔξωθεν
2597 3988 2689 4040 καὶ
2721 3987 3162 4058 εἰσκεκριμένην,
3212 3985 3306 4040 καὶ
3353 3987 3484 4056 παρ’
3513 3986 3705 4056 ἐτέρου
3754 3985 3927 4038 δοΟείο

2349 4095 2486 4144 σαν;
2527 4077 2718 4131 Καίτοι
2753 4079 2872 4143 πῶς
2899 4079 2960 4132 οὐ
2991 4079 3153 4150 λῆρος,
3189 4079 3256 4132 ἂν
3286 4077 3372 4147 εἴη
3402 4077 3560 4130 τοῦτὸ
3592 4095 3655 4146 γε
3687 4080 3924 4149 φρονεῖν,

2347 4172 2379 4242 ἢ
2411 4170 2618 4239 λέγειν;
2651 4170 2762 4240 ἔχει
2799 4171 2906 4240 γὰρ
2933 4171 2994 4222 οὐ
3033 4169 3262 4242 μετρίαν
3298 4172 3327 4223 6
3365 4169 3523 4236 λόγος
3549 4169 3648 4238 τῆς
3680 4170 3926 4240 ἀπορρή-

2345 4278 2441 4313 του
2484 4261 2699 4330 φύσεως
2734 4260 2830 4327 τὴν
2863 4260 3224 4330 κατάρῤησιν.
3277 4258 3498 4330 Πρῶτον
3549 4259 3649 4326 μὲν
3682 4259 3792 4330 γὰρ
3828 4260 3926 4325 οὐχ

2347 4353 2551 4416 ἁπλοῦς
2600 4353 2680 4406 ἔτι
2716 4353 2816 4424 τὴν
2850 4351 3010 4423 φύσιν
3036 4355 3064 4406 6
3104 4352 3214 4405 τῶν
3251 4351 3387 4404 ὅλων
3433 4351 3586 4405 ἔσται
3617 4351 3774 4415 Θεὸς,
3808 4353 3927 4404 stiv-

2347 4446 2498 4509 οετος
2527 4444 2583 4498 δὲ
2626 4445 2848 4516 μᾶλλον,
2880 4444 3038 4514 εἴπερ
3068 4444 3216 4496 ἐστὶν
3252 4443 3414 4513 ἑτέρα
3454 4444 3582 4514 παρ’
3616 4444 3780 4496 αὑτὸν
3810 4444 3843 4512 ἡ
3871 4446 3926 4496 ἐν

2345 4535 2493 4608 αὐτῷ
2525 4535 2661 4609 ζωή.
2695 4537 2797 4607 Εῐη
2824 4537 2869 4589 δ’
2894 4537 2960 4591 ἂν
2990 4537 3083 4590 κα)⁸
3111 4535 3312 4606 μείζων
3344 4535 3530 4601 αὑτοῦ,
3559 4539 3655 4590 καὶ
3686 4539 3744 4591 ὲν
3773 4540 3928 4607 ἁμείο

2342 4645 2488 4681 νοσιν
2527 4628 2895 4700 ἀσυγκρίτως,
2927 4631 2956 4681 ὁ
2991 4627 3066 4692 ὡς
3103 4627 3203 4680 οὐκ
3248 4625 3424 4697 ἔχοντι
3457 4626 3580 4691 δοὺς
3614 4629 3712 4700 τὴν
3760 4630 3922 4699 ζωὴν,

2344 4720 2503 4790 εἴπερ
2543 4719 2680 4784 ὅλως
2726 4719 2879 4789 ἁλοίη
2913 4717 3112 4773 λαϐὼν.
3154 4718 3293 4772 Ἀλλ’
3319 4718 3491 4785 ἐστιν,
3521 4719 3596 4782 ὡς
3629 4721 3791 4791 ἔφην,
3822 4723 3925 4774 τῶν

2342 4811 2483 4879 ἄγαν
2510 4812 2905 4883 ἁπηχεστάτων
2932 4813 2991 4864 τὸ
3013 4803 3114 4864 ὦδέ
3141 4828 3199 4864 τε
3225 4811 3365 4882 ἔχειν
3387 4811 3598 4865 οἴεσθαι
3628 4814 3808 4876 ταυτὶ,
3833 4814 3925 4867 καὶ

2347 4902 2578 4973 Θύραθεν
2608 4906 2804 4957 ἐννοεῖν
2834 4903 3328 4973 εἰσκεκομισμένην
3362 4903 3504 4956 ἑλεῖν
3534 4904 3634 4971 τὴν
3665 4905 3810 4974 ζωὴν
3836 4903 3926 4955 τὸν

2341 4994 2473 5046 Θεὸν
2515 4996 2606 5046 καὶ
2648 4996 2883 5065 Πατέρα.
2916 4997 3069 5065 Ἔχει
3106 4995 3284 5047 τοίνυν
3325 4997 3384 5046 ὲν
3421 4996 3600 5063 ἐαυτῷ
3643 4997 3743 5062 τὴν
3785 4993 3925 5064 ζωὴν

2342 5085 2442 5137 οὐκ
2486 5087 2776 5156 ἐπίκτητον
2808 5089 2840 5157 ἢ
2871 5087 3320 5158 εἰσκεκριμένως,
3355 5086 3598 5153 φυσικῶς
3634 5086 3690 5138 δὲ
3729 5087 3924 5158 μᾶλλον

2342 5176 2754 5246 ἐνυπάρχουσαν
2780 5193 2838 5228 τε
2885 5175 3057 5244 αὐτῷ,
3091 5175 3183 5226 καὶ
3222 5174 3453 5246 οὺσιώδη
3501 5176 3735 5246 καρπόν.
3773 5165 3924 5231 Οὖτω

2342 5267 2568 5320 δέδωκεν
2601 5267 2743 5338 ἔχειν
2791 5269 2884 5321 καὶ
2931 5267 3010 5339 τῷ
3042 5267 3156 5338 Υἱῷ
3196 5267 3296 5338 τὴν
3333 5267 3498 5340 ζωήν.
3532 5265 3667 5324 Εἶτα
3711 5270 3828 5334 πῶς
3861 5271 3923 5323 ἂν

2342 5358 2558 5412 δύναιτο
2590 5359 2770 5414 λαϐὼν
2799 5362 2827 5414 ὁ
2857 5360 3006 5426 Υἱὸς,
3039 5358 3312 5426 οὐσιωδῶς
3340 5362 3483 5434 ἔχειν
3523 5364 3582 5418 ὲν
3607 5362 3788 5435 ἑαυτῷ
3827 5364 3922 5432 τὴν

733 5521 778 5552 ⁸³
802 5520 956 5576 Joun.
997 5537 1127 5586 xvtt,
1156 5518 1248 5575 28.
1325 5518 1371 5549 ⁸³
1403 5519 1502 5573 lsa.
1535 5538 1642 5588 ut,
1672 5525 1694 5578 I
1725 5542 1738 5589 ;
1773 5522 1902 5578 Luc.
1945 5538 2020 5588 Iv,
2057 5520 2139 5585 l8,
2167 5519 2256 5575 l9.
2331 5519 2377 5551 “
2400 5517 2559 5574 Joan.
2590 5535 2642 5579 v.
2669 5521 2761 5577 28.

1763 5677 1939 5736 Variae
1968 5679 2226 5737 lectiones
2251 5680 2454 5738 codicis
2483 5680 2838 5752 Seguieriani.

745 5820 771 5850 '
794 5813 1062 5883 κηρυξων.
