4122 6536
152 454 281 513 1117

955 455 1046 510 AD
1083 452 1379 511 REGINAS
1419 455 1504 511 DE
1546 455 1771 513 RECTA
1815 457 1974 512 FIDE
2013 455 2271 514 ORATIO
2311 454 2615 512 ALTERA.

3256 453 3394 511 1418

146 575 325 647 (tum;
360 575 525 630 Τουτὶ
561 577 692 648 γὰρ,
720 573 894 648 οἶμαι,
929 577 1060 646 φαίη
1100 595 1183 642 τις
1228 579 1313 633 ἄν.
1350 579 1500 649 Ἔχει
1541 579 1717 634 τοίνυν
1747 634 1752 644 ,

1836 581 2076 636 .uraliter
2121 579 2298 651 potius
2343 578 2502 647 quasi
2573 572 2980 631 substantialem
3053 572 3285 628 fructum
3337 571 3391 627 in

145 669 217 732 ὡς
260 668 318 732 ἐξ
360 668 525 723 αὑτοῦ
571 668 709 722 κατὰ
755 668 916 738 φύσιν
972 669 1262 739 ὑπάρχων,
1295 669 1354 721 ὲν
1395 669 1572 722 ἑαυτῶ
1613 671 1712 742 τὴν

143 760 307 833 ζωὴν,
334 762 466 815 καθδ
493 765 693 816 νοεῖται
717 763 866 824 Θεός,
893 762 1114 832 Δέχεται
1140 761 1194 814 δὲ
1227 762 1424 832 μᾶλλον
1455 763 1593 833 μετὰ
1621 760 1713 816 τοῦ

146 852 236 905 καὶ
267 853 472 923 κρίνειν
509 854 697 925 αὐτὴν.
729 854 907 907 καίτοι
939 854 1130 925 κριτὴς
1170 854 1432 924 ὑπάρχων
1457 854 1532 920 ὡς
1565 853 1710 918 Θεός.

146 945 251 997 Καὶ
282 946 365 1008 τίς
402 945 466 1000 ἂν
499 945 582 1017 εἴη
618 945 711 999 τοῦ
757 946 944 1000 λαϐεῖν
971 948 999 999 6
1027 946 1263 1018 τρόπος,
1308 947 1505 1014 διδάξει
1542 947 1716 1015 λέγων

142 1036 322 1099 αὐτος,
352 1038 432 1090 ὅτι
463 1055 481 1088 t
513 1037 639 1100 Υἱὸς
672 1037 960 1107 ἀνθρώπου
984 1037 1150 1092 ἐστίν.
1175 1057 1191 1088 ι
1220 1039 1294 1090 Οὐ
1325 1039 1431 1109 γὰρ
1468 1037 1597 1090 [διον
1620 1040 1716 1090 6v-

147 1127 362 1196 θρώπου
383 1128 444 1180 τὸ
465 1127 719 1181 δύνασθαι
743 1128 952 1182 οἴκοθεν
974 1128 1116 1199 ἔχειν
1137 1127 1235 1198 τὴν
1258 1129 1420 1198 ζωήν.
1452 1147 1470 1180 ι
1503 1128 1720 1199 Ἐπειδὴ

138 1220 197 1272 δὲ
242 1219 369 1272 ἴδιον
411 1219 600 1288 γέγονε
639 1219 732 1272 τοῦ
767 1219 968 1284 ζῶντος
1022 1220 1197 1290 Λόγου
1247 1221 1308 1273 τὸ
1342 1220 1539 1273 ένωθὲν
1572 1221 1721 1290 αὐτῷ

147 1311 321 1380 σῶμα,
352 1311 522 1381 ταύτῃ
561 1328 642 1364 τοι
675 1311 768 1363 καὶ
808 1313 952 1382 μάλα
981 1313 1236 1375 εἰκότως,
1267 1311 1342 1375 ὠς
1389 1311 1525 1381 ἔχων
1557 1310 1721 1363 αὑτοῦ

143 1405 241 1474 τὴν
282 1404 544 1469 ζωοποιὸν
587 1404 889 1474 ἐνέργειαν,
941 1405 1123 1459 λαϐεῖν
1157 1405 1372 1473 λέγεται
1415 1403 1512 1474 τὴν
1553 1402 1721 1472 ζωήν.

145 1497 451 1551 οἰκειοῦται
479 1497 535 1550 δὲ
571 1497 731 1551 πάλιν
757 1498 815 1551 τὸ
846 1498 1035 1570 χρῆμα
1064 1497 1246 1563 αὐτὸς,
1273 1492 1334 1550 οὗ
1360 1497 1452 1549 καὶ
1478 1496 1604 1548 ῖδιον
1634 1495 1726 1563 γέ-

144 1605 270 1655 γονε
303 1588 460 1658 σῶμα
489 1588 549 1641 τὸ
583 1588 824 1659 εἰληφός.

140 1689 228 1733 est
265 1679 468 1733 homini
518 1681 684 1734 vitam
718 1697 748 1734 ιι
789 1680 1081 1750 semetipso
1123 1680 1323 1734 habere
1357 1692 1514 1745 posse
1551 1695 1564 1730 :
1623 1677 1715 1732 sed
1756 1678 1882 1747 quia
1955 1690 2149 1745 corpus
2198 1677 2378 1732 Verbo
2424 1678 2632 1731 unitum
2689 1676 2920 1731 viventis
2966 1675 3124 1730 Verbi

1823 674 2008 742 seipso
2031 673 2406 727 exsistentem.
2447 670 2625 739 Atque
2675 668 2740 722 ad
2789 667 3038 723 eumdem
3087 667 3303 722 modum
3339 674 3396 721 et

1823 767 1962 822 Filio
2004 782 2219 836 quoque
2270 766 2437 821 vitam
2472 764 2525 818 in
2559 765 2852 833 semetipso
2883 763 3081 818 habere
3118 762 3287 816 dedit.
3320 760 3392 815 Et

1822 865 2095 931 quomodo
2127 860 2317 923 Filius,
2343 873 2465 914 cum
2499 858 2663 911 vitam
2698 873 2724 910 a
2759 857 2918 911 Patre
2942 856 3234 922 acceperit,
3259 852 3391 908 sub-

1825 953 2150 1008 stantialiter
2196 967 2314 1006 eam
2360 951 2411 1005 in
2455 966 2512 1005 se
2554 951 2728 1020 possit
2776 947 3108 1004 habere?”
3144 960 3396 1015 namque,

1828 1052 1886 1097 ut
1911 1052 2063 1112 puto,
2097 1042 2295 1111 aliquis
2320 1041 2498 1095 dicere
2532 1041 2726 1110 possit.
2759 1038 2931 1092 Ilahet
2964 1051 3092 1106 ergo
3120 1046 3172 1089 et
3204 1035 3394 1095 Filius,

1828 1147 1949 1186 cum
1979 1133 2045 1185 ab
2085 1132 2202 1200 ipso
2225 1130 2389 1184 Patre
2419 1131 2710 1184 secundum
2743 1137 2994 1180 naturam
3020 1127 3111 1188 sit,
3150 1123 3315 1177 vitam
3343 1122 3398 1176 in

1829 1225 2029 1293 seipse,
2069 1235 2231 1293 prout
2263 1224 2402 1277 Deus
2428 1233 2550 1277 est:
2585 1231 2640 1276 at
2670 1235 2799 1275 vero
2838 1235 2940 1273 una
2977 1234 3096 1273 cmn
3119 1215 3399 1286 judicantli

1828 1324 2094 1385 potestate
2155 1314 2300 1367 illam
2349 1313 2628 1381 accepisse
2688 1311 2923 1376 dicitur,
2974 1320 3089 1364 esto
3143 1319 3200 1362 ut
3251 1307 3392 1363 Deus

1828 1406 2067 1461 oumium
2087 1405 2252 1473 judex
2279 1407 2525 1460 exsistat.
2552 1405 2718 1460 Porro
2737 1415 2916 1458 autem
2947 1419 3065 1472 qute
3097 1401 3400 1470 suscipien-

1829 1496 1880 1550 di
1914 1497 2366 1563 exstiteritratio,
2418 1498 2471 1552 id
2530 1499 2642 1568 ipse
2698 1498 2955 1562 insinuat,
3021 1497 3147 1549 dum
3206 1494 3397 1548 addit:

1834 1603 1852 1636 ι
1887 1584 2024 1652 Quia
2064 1585 2234 1640 Filius
2292 1588 2525 1642 hominis
2553 1596 2657 1643 est.
2697 1605 2716 1639 ι
2758 1585 2872 1642 Non
2925 1585 3070 1640 enim
3121 1584 3400 1654 proprium

3202 1673 3403 1728 factum

143 1779 226 1823 est
273 1769 574 1839 preprium,
638 1780 947 1840 propterea,
991 1774 1048 1824 et
1080 1769 1130 1823 id
1199 1768 1422 1838 quidem
1454 1765 1744 1821 admodum
1821 1767 2227 1830 convenienter,
2286 1767 2452 1820 vitam
2519 1768 2798 1836 accepisse
2855 1767 3098 1830 dicitur,
3151 1774 3405 1834 tanquam

143 1865 412 1919 vivificam
466 1865 635 1934 ipsius
679 1865 954 1919 actionem
1009 1865 1239 1920 habens.
1273 1863 1405 1918 Iiem
1473 1878 1600 1919 vero
1659 1862 1772 1931 ipse
1811 1862 1863 1916 in
1933 1877 1992 1917 se
2031 1861 2311 1930 transfert,
2357 1862 2514 1935 cujus
2565 1863 2846 1934 proprium
2897 1863 3108 1922 factum,
3141 1871 3223 1917 est
3274 1860 3406 1915 illud

142 1973 365 2028 corpus,
407 1959 548 2027 quod
583 1957 751 2010 vitam
783 1955 1013 2025 accepit.

143 2101 272 2153 ’Ότι
301 2097 417 2164 κᾶη
443 2098 580 2161 Υἱὸς
608 2095 922 2164 ᾀνθρὼπου
947 2091 1192 2161 λέγηται
1222 2097 1254 2146 ό
1286 2092 1559 2164 Χριστὸς,
1588 2090 1726 2147 ἀλλ’

1905 2093 2058 2160 Quod
2101 2093 2348 2148 Christus
2389 2110 2540 2148 verus
2587 2095 2653 2148 sit
2698 2092 2852 2158 Deus,
2896 2091 3106 2146 etiamsi
3160 2090 3337 2146 Filius

391 2159 573 2221 ὸὺδὲνῖ
600 2159 784 2236 ἧττῦν
819 2165 951 2218 ἐστι
985 2159 1129 2227 Θεὸς
1161 2159 1469 2232 ἀληθινός.

211 2300 347 2353 NII'.
385 2297 558 2360 Αὐτός
584 2296 684 2350 πού
709 2313 870 2366 φησιν
891 2297 919 2349 6
942 2294 1147 2365 Κύριος
1171 2295 1328 2366 ἡμῶν
1364 2295 1570 2367 Ἰησοῦς
1594 2297 1729 2368 Χρι-

141 2393 289 2455 στός.
327 2410 344 2441 ι
373 2386 522 2461 τΑρά
554 2405 618 2457 γε
644 2387 814 2441 ἐλθὼν
836 2390 864 2441 ὁ
898 2388 1022 2451 Υἱὸς
1054 2387 1149 2440 τοῦ
1183 2387 1471 2461 ἀνθρώπου
1506 2390 1728 2462 εὑρήσει

135 2483 242 2554 τὴν
290 2482 469 2535 πίστιν
503 2482 595 2534 ἐπὶ
646 2479 747 2549 τῆς
783 2480 922 2551 γῆς;
953 2499 970 2532 ι
1007 2480 1144 2552 Φέρε
1188 2481 1252 2551 δὴ
1294 2480 1454 2536 πάλιν
1499 2482 1589 2536 τὸν
1622 2482 1730 2536 τῶν

136 2575 448 2646 εἰρημένων
473 2573 849 2645 βασανίζοντες
871 2572 1017 2634 νοῦν,
1045 2574 1221 2626 ἐκεῖνο
1248 2574 1729 2646 περιαθρὴσωμεν,

138 2669 308 2721 ποίαν
358 2666 581 2738 ζητήσει
632 2665 814 2718 πίστιν
847 2665 938 2716 ἐπὶ
984 2665 1080 2734 τῆς
1121 2665 1221 2735 γῆς
1267 2665 1638 2735 ὑπονοστήσας
1673 2666 1732 2729 ἐξ

135 2757 390 2827 οὐρανῶν
432 2758 460 2808 6
504 2755 708 2825 Κύριος
757 2755 918 2823 ήμῶν
958 2754 1165 2823 Ἰησοῦς
1213 2755 1482 2823 Χριστός;
1522 2757 1583 2807 Εἰ
1633 2757 1729 2825 μὲν

137 2851 257 2920 γὰρ
289 2846 640 2901 πιστεύεσθαι
671 2845 807 2916 πρὸς
840 2845 996 2915 ἡμῶν
1021 2844 1212 2909 ἐθέλει,
1237 2844 1472 2908 ὅτιθεὸς
1504 2847 1602 2914 μὲν
1631 2846 1730 2898 οὐκ

137 2938 318 2999 ἐστιν,
349 2936 469 2989 οὐδὲ
498 2935 630 2997 Θεὸς
663 2933 899 3003 ἀληθῶς,
930 2932 1214 3003 ἄνθρωπος
1243 2932 1298 2985 δὲ
1329 2933 1546 3002 μᾶλλον,
1577 2935 1730 2988 οὐδὲν

138 3029 288 3099 ἔχων
313 3029 420 3081 τῶν
443 3027 565 3080 καθ’
589 3027 734 3097 ἡμᾶς
761 3025 1016 3077 ἐπέκεινα
1035 3043 1048 3056 υ
1079 3021 1194 3086 πῶς
1217 3021 1281 3076 ἂν
1308 3023 1598 3077 ὲνδοιάσειέ
1625 3043 1727 3092 τις,

137 3123 231 3172 ὅτι
257 3119 352 3190 τὴν
383 3117 591 3171 τοιάνδε
625 3115 895 3185 διάληψιν,
928 3115 1097 3186 ἤγουν
1131 3114 1313 3168 πίστιν
1340 3133 1400 3167 τε
1430 3117 1523 3169 καὶ
1548 3116 1728 3185 δόξαν,

135 3217 207 3266 οὺ
249 3214 376 3284 παρ’
403 3214 532 3282 ἡμῖν
562 3211 781 3280 εὑρήσει
820 3208 1042 3280 μᾶλλον,
1085 3208 1220 3262 ἀλλὰ
1254 3210 1383 3280 παρ’
1418 3209 1642 3279 Ἕλλησί
1672 3227 1730 3263 τε

139 3307 246 3360 καὶ
283 3305 586 3370 Ἰουδαίοις;
623 3302 1021 3372 Ειδωλολάτραι
1053 3301 1154 3372 μὲν
1188 3303 1297 3374 γὰρ
1330 3305 1424 3356 καὶ
1449 3305 1500 3356 οἱ
1529 3306 1593 3374 τῇ
1621 3303 1735 3356 κτί-

139 3416 238 3450 σει
271 3396 418 3466 παρὰ
442 3397 533 3448 τὸν
568 3394 808 3465 Κτίστην
844 3393 1222 3466 λατρεύοντες,
1251 3395 1480 3465 σταυρὸν
1509 3395 1734 3449 ἀκούον-

2346 2166 2569 2218 hominis
2598 2164 2911 2234 appelletur.

1905 2297 2084 2355 LVIII.
2144 2298 2409 2352 Dominus
2462 2307 2654 2352 noster
2701 2296 2860 2351 .lesus
2904 2295 3158 2352 Christus
3207 2295 3409 2352 alicubi

1836 2392 1911 2447 ita
1958 2391 2069 2446 ait:
2128 2409 2147 2443 ι
2210 2389 2603 2444 Verumtamen
2659 2387 2829 2442 Filius
2877 2388 3116 2444 hominis
3167 2389 3410 2452 veniens,

1837 2492 1994 2552 putas
2017 2481 2258 2536 inveniet
2289 2481 2451 2536 fidem
2477 2481 2531 2535 in
2567 2489 2714 2534 terra
2741 2481 2836 2534 ⁸⁸7
2871 2497 2890 2531 ο
2928 2481 3172 2548 Agedum
3215 2481 3412 2534 horum

1837 2578 2128 2631 verborum
2165 2589 2386 2628 sensum
2435 2575 2500 2628 ad
2537 2572 2772 2628 libellam
2803 2573 3194 2642 expendentes,
3230 2573 3418 2627 videa-

1839 2681 1982 2729 mus,
2009 2665 2420 2732 ecqualemnam
2469 2663 2630 2716 fidem
2705 2662 2966 2718 Dominus
3017 2675 3204 2717 noster
3253 2663 3414 2718 .Iesus

1837 2756 2092 2809 Christus
2138 2754 2268 2808 olim
2313 2769 2342 2806 e
2372 2753 2513 2808 ctelo
2559 2768 2881 2808 reversurus
2932 2755 3132 2824 exiget.
3187 2753 3321 2809 Nam
3369 2756 3417 2810 si

1839 2847 2001 2902 homo
2039 2856 2245 2900 tantum
2281 2844 2424 2899 nulla
2455 2860 2513 2900 re
2542 2847 2759 2901 emeris
2800 2856 3060 2915 prtestaus
3092 2863 3119 2901 a
3154 2847 3260 2902 Deo
3307 2864 3410 2901 no-

1839 2940 1924 2993 bis
1972 2937 2088 2992 vult
2127 2938 2299 3002 credi,
2344 2953 2450 2992 non
2504 2940 2670 2992 etiam
2725 2939 2901 3004 Deus,
2967 2950 3060 2994 aut
3112 2955 3272 2995 verus
3323 2941 3418 2994 Dei

1838 3030 2035 3096 Filius,
2099 3031 2370 3084 neminem
2417 3031 2670 3085 dubitare
2699 3030 2960 3095 arbitror,
3011 3042 3190 3086 tamen
3234 3033 3416 3094 fidem,

1841 3121 2286 3187 aestimationem,
2327 3121 2411 3173 vel
2460 3120 2769 3190 opinionem
2816 3119 2955 3190 apud
2982 3135 3221 3190 paganos
3245 3121 3419 3175 ctJu-

1842 3213 1991 3268 datos
2020 3212 2201 3283 potius
2233 3221 2663 3282 comperturum,
2697 3226 2858 3281 quam
2893 3213 3034 3282 apud
3074 3225 3172 3266 nos
3198 3228 3210 3264 :
3240 3227 3420 3280 quan-

1843 3305 2133 3374 doquidem
2191 3303 2507 3368 idololatrr,
2564 3303 2859 3372 caaterique
2903 3303 2992 3372 qui
3047 3316 3135 3356 res
3166 3305 3420 3358 conditas

1845 3397 2015 3466 ipsius
2054 3395 2214 3466 179
2246 3395 2559 3449 Conditoris
2610 3395 2730 3450 loco
2776 3406 3148 3461 venerantur,
3201 3410 3418 3449 crucem

136 3505 263 3550 τες,
303 3487 361 3540 ὃν
396 3487 652 3557 ὑπέμεινε
687 3487 751 3539 δι’
780 3487 953 3556 ἡμᾶς,
983 3487 1076 3539 ita).
1108 3488 1330 3558 προσέτι
1360 3489 1450 3539 τὸν
1481 3487 1732 3552 θάνατον,

1844 3497 1899 3542 et
1937 3498 2165 3541 mortem
2193 3501 2353 3555 quam
2396 3485 2564 3540 nostri
2607 3499 2770 3540 causa
2813 3484 3058 3552 pertulit,
3105 3485 3418 3545 audientes,

138 3577 382 3646 γελῶσιν
415 3578 464 3629 οἱ
510 3576 732 3628 δείλαιοι
762 3594 775 3606 ο
829 3575 929 3629 κᾶν
978 3577 1031 3629 εἴ
1069 3595 1152 3641 τις
1211 3577 1373 3631 αὑτὸν
1422 3578 1676 3648 ὀνομάζει
1713 3587 1738 3614 ι

135 3670 307 3736 θεὸν,
354 3668 700 3742 ἀναπηδῶσιν
743 3668 904 3732 εὐθὺς
939 3669 1454 3741 ἀνθρωπολατρεέαν
1494 3669 1633 3724 εἶναι
1679 3672 1739 3724 τὸ

141 3763 345 3832 χρῆμα
368 3769 394 3808 1
425 3759 881 3830 διοριζόμενοι.οἱ’
910 3775 974 3828 γε
1017 3759 1122 3831 μὴν
1151 3761 1215 3812 ἐκ
1248 3761 1548 3830 περιτομῆς
1591 3778 1730 3813 κατ’

144 3852 388 3923 εφύοντο
436 3852 529 3905 τοῦ
576 3851 864 3922 Σωτῆρος,
913 3852 1164 3920 λέγοντες
1223 3851 1502 3922 ἐναργῶς·
1547 3871 1564 3902 ι
1606 3853 1739 3922 Περὶ

141 3943 324 3997 καλοῦ
372 3943 536 4015 ἔργου
575 3945 635 3996 οὐ
671 3943 961 4013 λιθάζομέν
997 3960 1084 4007 σε,
1134 3943 1269 3996 ἀλλὰ
1322 3944 1452 4014 περὶ
1487 3943 1735 4014 βλασφη-

142 4035 324 4106 μίας’
369 4036 450 4088 ὅτι
483 4038 568 4102 σὺ,
613 4033 896 4105 ἄνθρωπος
951 4033 1049 4099 ὢν,
1097 4039 1270 4098 ποιεῖς
1315 4035 1505 4089 ἑαυτὸν
1536 4036 1685 4088 Θεόν.
1715 4055 1734 4087 ο

144 4131 281 4182 ’Ότι
317 4129 494 4181 τοίνυν
525 4129 584 4181 οὺ
620 4129 718 4199 τὴν
762 4127 914 4199 παρά
951 4145 1014 4196 γε
1069 4131 1181 4191 τοῖς
1226 4128 1600 4198 πλανωμένοις
1648 4130 1738 4182 πί-

143 4238 276 4273 στιν
313 4222 590 4290 ἑπιζητεῖ,
636 4220 734 4290 τὴν
776 4221 904 4290 παρ’
947 4222 1079 4290 ἡμῖν
1115 4221 1170 4272 δὲ
1217 4221 1416 4288 μᾶλλον
1453 4223 1566 4283 τοῖς
1605 4221 1738 4291 ὀρθὰ

140 4316 376 4384 φρονεῖν
402 4313 639 4379 εἰωθόσι,
670 4314 820 4367 πᾶσά
848 4330 961 4376 πως
983 4312 1198 4382 ἀνάγκη
1225 4311 1633 4374 διανενευκότας
1661 4313 1740 4374 εἱς

138 4407 414 4477 ἀλήθειαν
444 4405 747 4474 ὁμολογεῖν,
779 4407 860 4458 ὅτι
898 4406 1027 4468 Θεὸς
1057 4405 1198 4458 κατὰ
1232 4405 1393 4474 φύσιν
1419 4407 1447 4457 6
1485 4405 1580 4458 καὶ
1610 4405 1739 4468 Υἱὸς

135 4497 445 4568 ἀνθρώπου
475 4497 541 4549 δι’
583 4498 730 4566 ἡμᾶς
763 4499 1031 4566 γεγονώς’
1063 4500 1148 4552 ῖνα
1185 4497 1260 4569 μὴ
1292 4500 1401 4560 τοῖς
1445 4497 1554 4551 τῶν
1602 4498 1737 4550 πλα-

135 4589 414 4661 νωμένων
445 4589 783 4660 ἐγκλήμασιν
814 4592 1042 4653 ἑαυτοὺς
1088 4591 1338 4654 ἐνιέντες,
1390 4590 1639 4658 λάθωμεν
1672 4589 1739 4641 τά

137 4683 250 4734 ἴσα
290 4683 508 4752 φρονεῖν,
539 4681 840 4751 ᾑρημένοι,
894 4682 991 4734 καὶ
1028 4680 1200 4750 μικρὰ
1246 4679 1561 4744 δοξάζοντες
1611 4680 1740 4750 περὶ

131 4770 419 4842 Χριστοῦ,
449 4769 700 4840 καθάπερ
723 4769 914 4839 ἀμέλει
947 4771 1210 4834 κάκεῖνοι.

225 5040 355 5094 NG’.
396 5039 529 5112 Φησί
563 5057 666 5093 που
694 5037 928 5110 Χριστός
949 5051 962 5064 ·
999 5054 1017 5087 ι
1049 5035 1182 5088 Οὐδὲ
1211 5035 1319 5105 γὰρ
1344 5039 1371 5089 6
1402 5035 1590 5108 Πατὴρ
1618 5038 1738 5110 κρε-

130 5151 238 5186 νει
283 5134 495 5198 οὐδένα,
529 5133 665 5188 ἀλλὰ
704 5134 880 5186 πᾶσαν
915 5130 1012 5200 τὴν
1050 5128 1228 5199 κρίσιν
1260 5129 1426 5181 ἔδωκε
1472 5129 1549 5199 τῷ
1591 5131 1734 5199 Υἱῷ-

132 5226 245 5277 ἵνα
281 5223 479 5286 πάντες
509 5225 710 5294 τιμῶσι
742 5223 834 5277 τὸν
869 5223 1018 5286 Υἱὸν,
1049 5217 1226 5281 καθὼς
1260 5219 1461 5287 τιμῶσι
1492 5219 1581 5271 τὸν
1625 5221 1736 5271 Πα-

127 5317 314 5386 τέρα.
342 5331 358 5364 ι
395 5315 502 5367 Καὶ
534 5316 714 5380 πάλιν,
751 5318 888 5387 ὅπερ
920 5316 1176 5386 ἐλέγομεν
1211 5310 1409 5383 ἀρτίως
1435 5326 1447 5338 ·
1481 5328 1498 5360 t
1531 5311 1739 5380 ’Ὠσπερ

131 5404 267 5476 γάρ
300 5405 328 5456 ὁ
363 5404 550 5474 Πατὴρ
585 5404 694 5474 ἔχει
740 5404 882 5476 ζωὴν
913 5408 970 5458 ἐν
1000 5407 1198 5475 ἐαυτῷ,
1230 5402 1402 5465 οὕτως
1449 5400 1613 5453 ἔδωκε
1648 5400 1743 5452 καὶ

228 5563 278 5598 ⁵⁸
309 5563 440 5619 an.
483 5577 632 5627 xvm,
659 5563 710 5616 8.

1844 3576 1895 3628 in
1935 3576 2182 3629 insanum
2231 3589 2355 3627 mox
2407 3573 2731 3628 cachinnum
2765 3573 3302 3640 solvunturmiseri;
3341 3586 3415 3636 et,

1842 3661 1885 3715 si
1918 3661 2184 3729 quispiam
2229 3661 2395 3715 Deum
2423 3661 2571 3714 illum
2609 3663 2990 3726 nominaverit,
3031 3665 3419 3732 indignabundi

1841 3753 2130 3806 Confestim
2203 3753 2480 3818 resiliunt,
2535 3764 2586 3807 et
2638 3757 2741 3808 hoc
2775 3755 3266 3825 anthropolatriatn
3298 3771 3421 3811 esse

1843 3844 2126 3898 definiunt.
2172 3843 2342 3900 Judtei
2373 3863 2590 3917 quoque
2632 3849 2686 3901 in
2744 3849 3026 3904 Christum
3073 3851 3417 3920 insurgentes

1843 3940 2017 4004 palam
2049 3939 2323 4008 objectare
2375 3958 2480 3996 non
2520 3942 2845 3996 dubitabunt
2877 3961 2890 3997 :
2920 3962 2937 3993 ι
2981 3943 3055 3997 De
3083 3945 3223 3998 bono
3253 3959 3417 4012 opere

1844 4047 1948 4085 non
2002 4032 2304 4101 lapidamus
2360 4042 2437 4098 te,
2487 4033 2579 4087 sed
2640 4035 2705 4088 de
2745 4035 3118 4104 blasphemia,
3158 4038 3281 4104 quia
3337 4046 3416 4101 tu,

1843 4123 2003 4178 homo
2056 4140 2178 4178 cum
2230 4125 2326 4190 sis,
2384 4123 2514 4180 facis
2579 4125 2813 4195 teipsum
2867 4128 3036 4181 Deum
3085 4127 3153 4180 ⁸⁸.
3204 4147 3220 4179 ι
3280 4127 3417 4182 Cum

1841 4215 2102 4283 ejusmodi
2161 4233 2290 4287 ergo
2337 4218 2498 4272 fidem
2553 4227 2845 4275 exacturus
2891 4237 2995 4276 non
3052 4223 3146 4285 sit,
3197 4222 3413 4290 qualem

1840 4317 2090 4361 errantes
2145 4307 2366 4374 habent,
2419 4312 2511 4365 sed
2567 4312 2785 4380 qualem
2845 4328 2944 4366 nos
3001 4322 3266 4375 tenemus,
3322 4315 3418 4382 qui

1843 4408 1993 4453 recte
2046 4414 2241 4467 sapere
2298 4403 2727 4458 consuevimus:
2792 4404 3074 4459 veritatem
3127 4416 3417 4473 sequentes

1844 4489 2155 4543 necessario
2237 4489 2394 4544 fateri
2453 4503 2664 4558 oportet
2717 4508 2839 4546 eum
2891 4495 2982 4561 qui
3039 4499 3206 4548 nostri
3243 4510 3412 4550 causa

1843 4579 2012 4634 Filius
2061 4581 2296 4636 hominis
2348 4581 2521 4635 factus
2581 4590 2685 4646 est,
2733 4582 2902 4637 Demn
2951 4599 3074 4638 esse
3117 4587 3413 4640 secundum

1844 4680 2094 4724 naturam
2135 4687 2148 4722 :
2189 4686 2256 4726 ne
2293 4672 2543 4728 videlicet
2580 4673 2633 4728 in
2684 4675 2982 4729 errantium
3017 4677 3246 4730 crimina
3275 4677 3419 4733 ultro

1844 4777 1941 4817 nos
1983 4762 2327 4830 ohjicientes,
2371 4779 2468 4835 per
2507 4766 2780 4822 inscitiam
2828 4767 2934 4822 illis
2960 4767 3158 4824 similia
3199 4784 3415 4839 sapere,

1771 4840 2007 4925 Datque
2049 4857 2185 4912 adeo
2237 4858 2365 4914 vilia
2415 4861 2660 4930 quaedam
2710 4862 2779 4917 de
2816 4863 3035 4919 Christo
3085 4864 3307 4934 perinde
3354 4879 3419 4919 ac

1848 4947 1922 5002 illi
1956 4949 2240 5020 imaginari
2268 4953 2761 5022 deprehendamur.

1917 5040 2052 5098 LIX.
2093 5061 2112 5094 ι
2149 5042 2332 5114 Neque
2362 5046 2504 5098 enim
2543 5045 2722 5111 Pater,
2762 5047 2837 5098 ait
2880 5061 3092 5101 rursum
3140 5049 3416 5116 Christus,

1843 5134 2050 5204 jndical
2089 5151 2444 5207 quemquam,
2477 5139 2568 5191 sed
2597 5152 2758 5192 omne
2788 5139 3047 5208 judicium
3073 5142 3218 5198 dedit
3245 5142 3416 5209 Filio;

1850 5236 1904 5278 ut
1953 5240 2141 5281 omnes
2191 5226 2552 5280 honorificent
2602 5226 2819 5294 Filium,
2864 5229 3005 5284 sicut
3055 5230 3420 5286 honorificant

1848 5313 2064 5369 Patrem
2094 5316 2159 5367 ⁸⁷.
2207 5334 2224 5366 ο
2263 5314 2329 5366 Et
2381 5313 2601 5378 iterum,
2652 5317 2795 5385 quod
2847 5321 3004 5373 modo
3054 5319 3412 5373 dicebamus:

1854 5421 1872 5452 ι
1917 5402 2072 5456 Sicut
2116 5403 2260 5458 enim
2302 5403 2459 5457 Pater
2495 5405 2663 5460 vitam
2698 5407 2858 5464 habet
2895 5410 2946 5463 in
2990 5409 3301 5479 semetipso,
3337 5407 3418 5464 sic

790 5561 836 5592 "
865 5560 1021 5615 Joan.
1057 5579 1107 5626 κ,
1140 5563 1220 5617 33.
1307 5563 1350 5593 ⁸⁷
1391 5559 1546 5615 Joau.
1578 5572 1629 5623 ν,
1659 5555 1751 5624 22,
1779 5556 1871 5609 9.5.

1259 5715 1428 5769 Varia:
1461 5713 1720 5770 lectiones
1745 5709 1943 5767 codicis
1978 5708 2333 5779 Seguicriani.

227 5891 254 5924 ιν
283 5879 558 5953 ἀκμάζοι.
636 5885 663 5924 7
689 5878 938 5947 πρᾶγμα.

453 5977 722 6039 ΡΑτιιοι.
768 5973 882 6033 (in.
917 5966 1177 6030 LXXVI.

2979 5969 3052 6029 45
