4116 6502
720 420 857 477 “19

1746 416 1804 467 S.
1846 410 2118 466 CYRIUJ
2161 408 2625 464 ALEXANDRINI
2665 410 2982 465 ARCHIEP.

3847 405 3866 459 I
3883 406 3973 459 420

725 541 872 595 dedit
928 547 981 593 et
1031 539 1168 592 Filio
1213 537 1378 593 vitam
1420 535 1620 589 habere
1655 534 1707 589 in
1739 535 2040 604 semetipso
2076 552 2090 588 :
2120 542 2173 587 et
2201 548 2290 602 po-

2402 533 2480 603 τῷ
2519 533 2630 602 Υἱῷ
2661 534 2805 604 ζωὴν
2849 532 2991 603 ἔχειν
3030 533 3087 584 ὲν
3119 531 3331 602 ἐαυτῷ·
3365 532 3456 585 καὶ
3496 531 3746 596 ἐξουσίαν
3783 529 3974 582 ἔδωκεν

725 638 976 685 testatem
1023 629 1168 683 dedit
1224 628 1273 681 ei
1303 635 1358 681 et
1402 626 1668 694 judicium
1720 626 1922 689 facere,
1954 625 2080 693 quia
2122 623 2293 678 Filius

724 722 959 776 hominis
1009 731 1092 778 eSt
1142 719 1213 775 ⁸⁸.
1271 737 1289 771 ι
1349 719 1509 772 Carrit
1568 718 1766 772 alicubi
1823 718 2016 772 beatus
2069 716 2289 770 David:

730 832 747 862 ι
782 812 1044 880 Quoniam
1095 811 1240 864 Deus
1281 808 1450 877 judex
1499 818 1583 863 est
1611 809 1679 862 “.
1723 827 1741 859 ι
1779 808 1922 874 Qttin
1975 816 2027 860 et
2074 806 2292 876 quidam

723 920 938 976 quoque
959 921 1021 959 ex
1053 905 1253 959 Christi
1289 904 1569 971 discipulis
1612 918 1777 956 unum
1812 901 2068 971 judicent,
2103 915 2295 969 unum-

723 1013 828 1067 que
887 997 1250 1065 legislatorem
1312 1008 1430 1048 esse
1480 994 1668 1047 scribit
1717 992 1784 1048 ‘°.
1833 991 1974 1059 Ergo
2020 987 2294 1057 iudicandi

721 1093 1017 1143 auctoritas
1065 1089 1114 1140 in
1162 1086 1366 1141 rmllnm
1417 1085 1581 1138 alium
1610 1085 1907 1138 convenire
1954 1089 2148 1151 potest,
2187 1079 2292 1135 nisi

724 1183 775 1235 in
818 1197 939 1235 eum
972 1180 1146 1232 solum
1189 1179 1277 1247 qui
1320 1187 1403 1232 est
1445 1177 1686 1230 omnium
1723 1175 2003 1236 Dominus,
2039 1173 2140 1226 hoc
2177 1179 2286 1236 est,

723 1275 775 1326 in
827 1273 1015 1326 Deum.
1067 1269 1352 1336 Quomodo
1386 1283 1516 1337 ergo
1550 1267 1686 1321 Filio
1743 1264 1978 1321 hominis
2025 1263 2292 1333 judicium

724 1364 986 1419 tradidit?
1043 1362 1173 1416 Nam
1225 1363 1269 1416 si
1329 1375 1448 1415 eam
1494 1360 1569 1413 illi
1625 1367 1944 1428 potestatem
1985 1357 2134 1420 fecit,
2177 1366 2297 1408 tau-

721 1473 878 1524 quam
918 1457 1004 1507 uni
1045 1455 1198 1508 nobis
1226 1453 1413 1517 simili,
1470 1451 1740 1520 quomodo
1805 1465 1964 1503 verax
2010 1448 2114 1502 erit
2168 1450 2293 1500 dum

719 1547 839 1599 ait:
889 1563 905 1595 ι
943 1543 1181 1597 Gloriam
1242 1555 1414 1595 meam
1465 1541 1624 1593 alteri
1671 1554 1778 1592 non
1831 1538 1971 1592 dabo
2017 1537 2109 1589 “‘1
2160 1554 2178 1587 ι
2215 1534 2296 1588 Ad

721 1637 812 1690 Dei
857 1636 999 1688 enim
1034 1634 1257 1702 gloriam
1289 1633 1545 1702 pertinet,
1593 1629 1856 1697 judicium
1900 1643 2181 1682 exercere.
2238 1627 2294 1681 Si

723 1740 904 1781 autem
933 1724 1276 1794 iudiciariam
1320 1729 1642 1791 potestatem
1694 1719 1832 1773 Filio
1878 1720 1952 1772 ita
1989 1720 2299 1773 communi-

718 1819 887 1879 cavit,
939 1825 997 1868 ut
1033 1815 1147 1884 ipse
1196 1823 1374 1865 tamen
1417 1821 1640 1879 propter
1681 1811 1998 1867 substantia:
2037 1810 2292 1864 identita—

721 1907 1125 1978 temjndicandi
1150 1905 1239 1971 jus
1273 1920 1376 1958 nou
1411 1903 1682 1969 amiserit,
1735 1915 1790 1957 et
1822 1903 1910 1958 ille
1945 1903 2296 1957 nihilominus

718 2004 808 2071 qui
838 2001 1082 2068 accepit,
1114 1999 1282 2053 Filius
1321 1998 1390 2051 sit
1416 1995 1681 2061 hominis,
1731 1997 2002 2065 quomodo
2036 1997 2293 2050 omnibus

718 2093 1064 2149 manifestum
1114 2106 1220 2144 nou
1277 2091 1336 2143 fit
1398 2089 1663 2151 Verbum,
1712 2098 1929 2158 propter
1966 2087 2288 2143 ineffabilem

720 2187 864 2239 illam
912 2200 974 2238 ex
1030 2184 1137 2236 Deo
1193 2180 1353 2235 Patre
1402 2180 1853 2250 generationem,
1913 2179 2079 2233 Deum
2135 2196 2288 2247 esse;

719 2279 969 2344 idemque
1019 2287 1257 2336 rursum,
1305 2284 1591 2341 propterea
1646 2271 1786 2339 quod
1853 2271 2002 2324 carni
2059 2272 2291 2334 unitum,

717 2367 1050 2435 perindeque
1089 2379 1152 2419 ac
1185 2381 1280 2417 nos
1312 2379 1376 2416 ex
1424 2364 1649 2416 muliere
1685 2374 1868 2416 natum
1903 2373 2006 2424 est,
2057 2363 2291 2416 hominis

719 2460 912 2514 Filium
961 2457 1123 2510 esse?
1172 2457 1306 2509 Cum
1354 2469 1482 2523 ergo
1534 2452 1736 2506 Judaeis
1788 2454 1960 2507 dicit:
2017 2454 2172 2506 «Cur
2209 2468 2293 2507 me

715 2547 964 2617 qurcritis
997 2547 1307 2600 interficere
1339 2545 1637 2606 hominem,
1682 2545 1772 2612 qui
1812 2546 2100 2599 veritatem
2143 2545 2292 2598 vobis

715 2641 927 2695 locutus
966 2652 1083 2691 sum
1116 2636 1200 2689 “‘3
1243 2654 1261 2686 ι
1297 2644 1352 2689 et
1388 2650 1601 2688 rursum
1651 2652 1665 2689 :
1706 2653 1723 2685 ι
1757 2633 1926 2689 Nemo
1963 2637 2202 2690 ascendit
2240 2639 2291 2692 in

717 2730 913 2785 coelum
969 2727 1073 2781 nisi
1133 2727 1223 2796 qui
1277 2727 1554 2781 descendit
1602 2728 1666 2782 de
1716 2727 1877 2789 coelo,
1915 2725 2081 2783 Filius
2113 2728 2290 2781 homi-

717 2821 908 2887 nis“;
967 2837 986 2871 ›
1035 2829 1088 2873 et
1129 2818 1322 2871 iterum
1375 2837 1388 2872 :
1440 2835 1457 2869 r
1533 2818 1597 2872 Et
1657 2819 1800 2872 sicut
1856 2819 2066 2888 Moyses
2124 2821 2286 2890 180

716 2913 978 2968 esaltavit
1024 2920 1328 2973 serpentem
1358 2910 1410 2963 in
1445 2913 1682 2975 deserto,
1727 2912 1798 2965 ita
1827 2912 2052 2966 exaltari
2083 2923 2294 2983 oportet

715 3005 912 3060 Filium
965 3003 1202 3058 hominis
1234 3002 1323 3066 “;
1373 3021 1391 3054 ι
1430 3012 1525 3055 aut
1569 3018 1691 3056 cum
1744 3003 1809 3057 de
1845 3005 2024 3072 seipse
2061 3005 2132 3058 ita
2166 3005 2239 3058 ait
2275 3023 2287 3057 :

723 3116 742 3150 ι
779 3095 947 3151 Filius
975 3096 1117 3148 enim
1157 3094 1392 3149 hominis
1421 3104 1683 3148 venturus
1707 3108 1786 3148 est
1823 3096 1875 3148 in
1908 3096 2076 3162 gloria
2113 3095 2292 3151 Patris

2396 625 2544 694 αὐτῷ
2575 625 2670 676 καὶ
2703 624 2884 694 κρίσιν
2929 625 3124 686 ποιεῖν,
3160 623 3242 676 ὅτι
3282 622 3412 685 Υἱὸς
3469 621 3759 691 ἀνθρώπου
3795 619 3928 672 ἐστί.
3955 638 3971 668 ι

2396 714 2600 767 Ψάλλει
2626 715 2683 766 δέ
2721 731 2821 767 που
2866 715 2957 767 καὶ
2987 715 3014 766 6
3053 716 3320 786 μακάριος
3349 714 3514 766 Δαυῖδ
3535 731 3549 742 '
3588 733 3608 765 ι
3639 714 3764 764 Ὅτι
3794 715 3822 764 6
3853 711 3976 772 8&6;

2396 807 2586 877 κριτής
2640 808 2777 858 ἐστι.
2808 824 2826 856 ι
2873 807 3122 875 Γέγραφε
3156 806 3212 858 δὲ
3260 806 3354 858 καὶ
3403 808 3432 859 6
3482 804 3647 859 αὑτοῦ
3692 804 3975 874 μαθητής·

2404 916 2421 949 ι
2456 893 2550 961 Εἷς
2591 898 2738 950 ἐστιν
2765 899 2792 950 6
2825 897 3122 967 νομοθέτης
3157 898 3250 951 καὶ
3285 897 3500 970 κριτής.
3538 915 3555 947 ι
3595 895 3805 948 Οὐκοῦν
3856 895 3981 963 πρέ·

2398 1006 2488 1043 ποι
2520 990 2586 1044 ἂν
2614 991 2712 1060 οὐχ
2754 991 2925 1060 ἑτέρῳ
2967 992 3073 1043 τινί
3113 990 3222 1043 τῶν
3270 991 3439 1042 ὄντων
3465 989 3526 1041 τὸ
3556 988 3788 1058 κρίνειν,
3845 987 3980 1053 πλὴν

2398 1085 2480 1137 ὅτι
2516 1083 2660 1152 μόνῳ
2691 1084 2766 1152 τῷ
2792 1085 2882 1135 ἐπὶ
2915 1084 3129 1137 πάντων
3159 1082 3296 1153 Θεῷ.
3331 1082 3452 1144 Πῶς
3482 1077 3573 1134 οὖν
3621 1080 3823 1132 ἔδωκεν
3854 1079 3982 1129 αὐτὸ

2397 1173 2476 1242 τῷ
2525 1174 2638 1243 Υἱῷ
2683 1173 3022 1244 ἀνθρώπου;
3060 1173 3122 1226 Ei
3175 1175 3272 1243 μὲν
3329 1169 3422 1226 οὖν
3461 1172 3536 1232 ὡς
3578 1172 3657 1222 ἑνὶ
3705 1170 3814 1221 τῶν
3863 1169 3980 1218 κα¹ι⁹

2399 1267 2568 1336 ἡμᾶς,
2602 1267 2718 1328 πῶς
2761 1265 3047 1337 ἀληθεύσει
3096 1266 3302 1334 λέγων·
3345 1285 3362 1316 ι
3401 1265 3510 1334 Τὴν
3555 1264 3714 1328 δόξαν
3753 1279 3858 1331 μου
3890 1261 3980 1327 οὐχ

2401 1358 2573 1425 ἑτέρῳ
2605 1357 2794 1421 δώσω;
2829 1376 2844 1406 ι
2886 1355 3022 1408 Θεοῦ
3069 1357 3178 1426 γὰρ
3225 1356 3351 1422 δόξα
3384 1357 3444 1408 τὸ
3491 1351 3626 1407 εἶναι
3662 1355 3886 1422 κριτήν.
3927 1353 3982 1402 Ei

2400 1449 2453 1500 δὲ
2478 1449 2598 1510 δοὺς
2619 1449 2749 1500 αὐτὸ
2775 1448 2848 1516 τῷ
2867 1447 2978 1518 Υἱῷ
3003 1448 3103 1500 οὐκ
3130 1447 3233 1512 ἔξω
3259 1447 3447 1515 γέγονε
3476 1445 3566 1498 τοῦ
3599 1443 3802 1514 κρίνειν
3824 1441 3982 1501 αὐτὸς

2399 1540 2488 1593 διὰ
2524 1541 2623 1610 τὴν
2653 1540 2957 1609 ταυτότητα
2994 1540 3094 1609 τῆς
3125 1540 3309 1600 οὐσίας
3331 1554 3345 1568 ⁸
3376 1538 3486 1590 ἔστι
3513 1539 3566 1590 δὲ
3597 1540 3624 1588 6
3651 1534 3834 1588 λαεὼν
3863 1535 3982 1595 Tib;

2401 1632 2688 1703 ἀνθρώπου
2712 1648 2724 1662 ·
2765 1631 2880 1694 πῶς
2927 1633 3025 1701 οὐχ
3062 1632 3263 1684 ἅπασιν
3297 1632 3558 1699 ἐναργὲς,
3597 1631 3678 1681 ὅτι
3717 1628 3850 1688 ad;
3889 1627 3982 1694 μέν

2403 1728 2550 1779 ἐστιν
2590 1728 2618 1779 6
2652 1726 2820 1792 Λόγος
2863 1724 2952 1777 διὰ
3001 1724 3100 1794 τὴν
3147 1727 3212 1776 ἐκ
3249 1723 3382 1775 Θεοῦ
3417 1723 3625 1790 [ἰατρὸς
3669 1721 3981 1790 ἀπόρρητον

2400 1818 2677 1887 γέννησιν,
2701 1819 2728 1868 ὁ
2751 1817 2912 1879 αὐτὸς
2941 1817 2996 1868 δὲ
3029 1817 3123 1868 καὶ
3157 1816 3282 1878 Υἱὸς
3319 1813 3605 1885 ἀνθρώπου
3635 1813 3720 1865 διὰ
3756 1822 3813 1863 το
3845 1811 3982 1881 ﬁni)-

2402 1910 2524 1962 σθαι
2572 1909 2770 1978 σαρκὶ,
2809 1908 2900 1960 καὶ
2950 1907 3070 1959 καθ’
3099 1908 3251 1976 ἡμᾶς
3284 1905 3572 1975 ὑπομεῖναι
3621 1904 3877 1970 γέννησιν
3922 1903 3982 1951 ἐκ

2399 2002 2698 2070 γυναικός;
2727 2002 2894 2053 ’Ὅταν
2923 1996 3014 2053 οὖν
3043 2000 3100 2051 λέ
3115 2017 3177 2069 γῃ
3229 1999 3362 2068 πρὸς
3401 1996 3689 2057 Ἰουδαίους
3712 2011 3726 2024 °
3768 2015 3784 2046 ι
3813 1994 3881 2045 Τί
3919 2011 3980 2061 με

2400 2093 2612 2162 ζητεῖτε
2643 2093 2966 2145 ἀποκτεῖναι
2997 2090 3305 2161 ἄνθρωπον,
3334 2087 3390 2151 ὃς
3436 2088 3534 2157 τὴν
3567 2087 3825 2155 ἀλήθειαν
3859 2086 3982 2152 ὑμῖν

2395 2187 2693 2256 λελάληκας
2726 2206 2744 2238 ι
2776 2186 2882 2237 Καὶ
2912 2185 3070 2237 πάλιν
3091 2199 3106 2213 ⁸
3137 2204 3154 2234 r
3188 2171 3292 2236 Καὶ
3323 2181 3494 2242 οὐδεὶς
3527 2178 3868 2245 ἀναϐέϐηκεν
3906 2179 3981 2238 εἰς

2395 2280 2483 2333 τὸν
2511 2279 2756 2350 οὐρανὸν,
2791 2280 2838 2331 εἰ
2880 2279 2953 2348 μὴ
2985 2280 3012 2331 6
3050 2277 3114 2329 ἐκ
3144 2276 3238 2328 τοῦ
3276 2273 3503 2344 οὐρανοῦ
3533 2271 3778 2332 καταϐὰς
3803 2274 3830 2322 6
3859 2270 3982 2330 Υἱὸς

2393 2374 2486 2426 τοῦ
2537 2371 2844 2442 ἀνθρώπου.
2880 2391 2896 2422 ι
2940 2372 3052 2424 Καὶ
3088 2370 3285 2422 πάλινο
3322 2387 3338 2418 ι
3373 2369 3482 2420 Καὶ
3529 2366 3712 2427 καθὼς
3743 2364 3981 2429 Μωῦσῇς

2397 2465 2578 2534 ὖψωσε
2612 2466 2702 2516 τὸν
2740 2465 2863 2532 ὅφιν
2897 2464 2953 2514 ἐν
3002 2466 3066 2532 τῇ
3112 2465 3323 2532 ἐρήμῳ,
3371 2458 3545 2521 οὕτως
3593 2457 3876 2525 ὑψωθῆναι
3910 2455 3981 2505 δεῖ

2393 2557 2484 2608 τὸν
2513 2555 2639 2607 Υἱὸν
2665 2555 2756 2607 τοῦ
2785 2553 3093 2624 ἀνθρώπου.
3125 2573 3141 2603 ι
3169 2553 3239 2603 Ἢ
3268 2553 3395 2603 ὅταν
3425 2550 3559 2619 λέγῃ
3590 2549 3716 2619 περὶ
3749 2547 3941 2599 ἑαυτοῦ
3962 2563 3978 2576 ·

2400 2668 2417 2699 ι
2452 2648 2650 2702 Μέλλει
2683 2648 2792 2716 γὰρ
2830 2647 2857 2697 ὁ
2889 2647 3015 2705 Υἱὸς
3060 2644 3153 2697 τοῦ
3190 2641 3478 2712 ἀνθρώπου
3521 2640 3781 2711 ἔρχεσθαι
3812 2640 3872 2690 ἐν
3918 2641 3977 2707 τῇ

2392 2741 2516 2812 δόξῃ
2558 2740 2652 2793 τοῦ
2690 2739 2901 2812 Πατρὸς
2933 2736 3096 2791 αὑτοῦ
3137 2736 3273 2806 μετὰ
3301 2734 3411 2787 τῶν
3457 2735 3629 2801 ἁγίων
3663 2731 3974 2798 ἀγγέλων..

2394 2836 2501 2888 Καὶ
2530 2833 2723 2886 πάλιψ
2759 2853 2775 2882 ι
2807 2831 2938 2884 Τίνα
2974 2847 3038 2900 με
3068 2829 3314 2896 λέγουσιν
3342 2828 3390 2879 οἱ
3432 2827 3707 2896 ἄνθρωποι
3730 2819 3869 2874 εἶναι
3894 2823 3980 2872 τὶν

2393 2927 2521 2981 Υἱὸν
2547 2926 2636 2980 τοῦ
2671 2923 2989 2995 ἀνθρώπου;
3023 2943 3039 2972 ι
3075 2923 3144 2974 ’Ἡ
3173 2921 3267 2973 καὶ
3295 2917 3658 2983 ἁπαξαπλῶς,
3693 2915 3887 2976 ὁσάκις
3920 2914 3980 2964 ἂν

2393 3019 2679 3090 ἄνθρωπος
2714 3013 3041 3083 ὀνομάζεται
3085 3011 3235 3084 παρὰ
3275 3013 3340 3081 τῇ
3373 3008 3721 3076 θεοπνεύστῳ
3769 3007 3978 3076 Γραξῇ.

2394 3111 2493 3161 οὐκ
2530 3109 2634 3177 ἰδίᾳ
2664 3108 2758 3158 καὶ
2791 3105 2894 3156 ἀνὰ
2930 3105 3093 3174 μέρος
3123 3103 3412 3172 ἄνθρωπον
3444 3097 3582 3152 εἶναι
3621 3116 3826 3168 φαμεν,
3856 3101 3980 3149 ἁπο-

716 3190 799 3244 sui
827 3203 950 3242 cum
985 3186 1191 3254 angelis
1229 3185 1345 3238 suis
1379 3185 1463 3249 ‘5;
1501 3203 1519 3235 ι
1564 3195 1617 3238 et
1651 3185 1844 3237 iterum
1882 3202 1896 3237 :
1936 3205 1953 3236 ι
2001 3185 2168 3250 Quem
2206 3202 2288 3239 me

2398 3200 2732 3268 διαιροῦντες
2758 3196 2922 3249 αὑτοῦ
2994 3196 3083 3247 τὸν
3122 3197 3185 3246 ἐκ
3230 3192 3364 3244 Θεοῦ
3389 3192 3600 3261 Πατρὸς
3647 3193 3854 3256 Λόγον·
3894 3207 3978 3241 περ

716 3282 903 3338 dicunt
937 3279 1181 3333 homines
1206 3291 1324 3331 esse
1353 3275 1546 3330 Filium
1581 3277 1817 3330 hominis
1847 3276 1891 3306 ⁵⁸
1919 3278 1941 3330 ?
1975 3297 1993 3328 ι
2029 3278 2285 3345 denique,

715 3382 775 3427 ut
817 3371 977 3424 unico
1012 3368 1175 3421 verbo
1215 3367 1514 3430 absolvam,
1554 3365 1989 3435 quotiescunque
2034 3367 2088 3419 in
2145 3364 2293 3419 Seri-

717 3471 875 3531 plura
939 3459 1204 3513 divinitus
1261 3459 1522 3526 inspirata
1585 3458 1744 3511 homo
1791 3459 2123 3528 appellatur,
2185 3476 2290 3514 non

716 3555 991 3608 hominem
1045 3566 1289 3604 seorsum
1355 3566 1449 3616 per
1497 3568 1577 3617 sc,
1651 3549 1832 3605 Verbo
1887 3553 2029 3620 quod
2071 3567 2135 3606 ex
2182 3551 2292 3608 Deo

714 3655 798 3700 est
821 3643 1061 3707 secluso,
1099 3650 1278 3694 mente
1317 3641 1677 3709 concipimus,
1733 3641 1825 3695 sed
1872 3642 2051 3710 potius
2107 3644 2288 3696 credi-

716 3752 837 3790 mus
891 3733 988 3789 Dei
1022 3733 1266 3792 Verbum
1300 3732 1692 3801 dispensatorie
1721 3742 1938 3801 propter
1974 3748 2068 3786 nos
2096 3733 2288 3787 Filium

714 3826 955 3881 hominis
1009 3823 1234 3886 factum,
1293 3822 1580 3876 divinitate
1615 3822 1828 3874 interim
1858 3821 2002 3875 nulla
2038 3836 2101 3875 ex
2136 3833 2289 3890 parte

715 3918 914 3971 amissa
969 3923 1061 3967 aut
1114 3913 1464 3977 labefactata,
1537 3924 1590 3967 et
1633 3930 1796 3967 unum
1835 3928 1954 3968 esse
1999 3913 2285 3969 Dominum

714 4017 960 4061 nostrum
1022 4005 1206 4060 Jesum
1267 4005 1565 4060 Christum.
1629 4005 1694 4058 Et
1759 4006 1880 4059 ideo
1948 4022 2053 4060 non
2113 4017 2290 4074 potest

713 4113 926 4152 summa
972 4113 1092 4150 cum
1145 4098 1422 4167 impietate
1471 4099 1818 4166 conjuncturn
1854 4113 1958 4151 non
1990 4113 2131 4161 esse,
2166 4108 2290 4168 post

714 4188 1040 4242 indivnlsam
1091 4188 1239 4243 illam
1297 4188 1826 4257 inseparabilernque
1881 4189 2133 4243 unionem
2170 4205 2289 4258 quae

713 4293 930 4332 onmem
953 4279 1175 4333 omnin
1200 4288 1254 4332 et
1287 4279 1485 4333 nteulis
1528 4289 1580 4332 et
1614 4279 1842 4333 rationis
1871 4290 2087 4347 captum
2128 4295 2290 4336 exce-

714 4367 792 4420 dit
826 4368 1138 4435 plnrimum,
1188 4368 1231 4420 si
1285 4369 1407 4435 quis
1438 4384 1602 4421 unum
1638 4367 1690 4420 in
1732 4369 1865 4423 duos
1895 4368 2143 4425 Christos
2198 4380 2290 4425 aut

715 4457 856 4511 filios
887 4456 1114 4510 dividat.
1150 4457 1421 4511 Caeterum
1454 4459 1498 4511 si
1538 4459 1624 4510 cui
1662 4459 1878 4511 animus
1910 4471 2078 4524 esset,
2107 4463 2288 4515 omnia

2397 3287 2660 3355 στεύομεν
2707 3287 2762 3337 δὲ
2814 3284 3012 3354 μᾶλλον
3062 3284 3142 3336 ὃτι
3195 3283 3288 3335 καὶ
3330 3281 3460 3343 Θεός
3506 3283 3654 3334 ἐστιν
3693 3281 3978 3351 ἀληθινὶς.

2394 3378 2580 3446 γέγονε
2612 3378 2666 3430 δὲ
2699 3377 2792 3429 καὶ
2840 3377 2964 3438 Υἱὸς
3008 3373 3293 3446 ἀνθρώπου
3325 3374 3391 3425 δι’
3437 3376 3589 3443 ἡμᾶς
3621 3373 3980 3442 οἰκονομικῶς

2398 3470 2533 3539 μετὰ
2560 3468 2649 3521 τοῧ
2681 3472 2856 3539 μεῖναι
2882 3479 2903 3503 ῑ
2943 3467 3096 3532 Θεὸς,
3146 3467 3238 3518 καὶ
3270 3461 3349 3529 εἷς
3381 3468 3496 3518 ἐστι
3535 3465 3740 3536 Κύριος
3774 3464 3980 3533 Ἰησοῦς

2394 3559 2646 3627 Χριστός.
2686 3557 2906 3619 ’Λσεεὲς
2935 3556 2989 3609 δὲ
3022 3556 3139 3608 λίαν
3173 3557 3234 3608 τὸ
3275 3555 3530 3626 διορίζειν
3572 3556 3648 3617 εἷς
3689 3554 3784 3606 δύο
3831 3556 3981 3614 υἱοὺς

2394 3652 2487 3703 καὶ
2523 3649 2615 3702 δύο
2649 3649 2914 3718 Χριστοὺς
2936 3689 2950 3713 ,
2986 3650 3125 3718 μετὰ
3153 3649 3251 3717 τὴν
3290 3648 3661 3699 ἀδιάσπαστον
3690 3646 3910 3707 ἕνωσιν,
3946 3646 3977 3714 ἦ

2393 3743 2486 3794 καὶ
2516 3739 2607 3793 νοῦ
2642 3740 2732 3793 καὶ
2761 3738 2916 3806 λόγου
2954 3742 3152 3802 παντὸς
3183 3738 3444 3790 ἐπέκεινὰ
3479 3738 3536 3788 τέ
3567 3738 3681 3790 ἐστι
3715 3739 3809 3791 καὶ
3841 3740 3980 3788 ἀνω-

2391 3835 2556 3887 τάτω.
2591 3835 2698 3886 Καὶ
2731 3829 2798 3902 ἦν
2837 3833 2934 3901 μὲν
2982 3832 3111 3892 ἴσως
3149 3832 3208 3882 οὐ
3245 3829 3500 3899 δυσχερὲς
3549 3830 3689 3894 ἄγαν
3728 3833 3836 3890 τοῖς
3868 3827 3981 3881 ἐθέ-

2392 3927 2540 3978 λουσι
2575 3925 2880 3995 βασανίζειν
2927 3923 3146 3975 ἅπαντα
3183 3922 3252 3973 τὰ
3301 3922 3429 3992 περὶ
3454 3920 3690 3991 Χριστοῦ
3731 3939 3979 3992 γεγραμ-

2395 4017 2564 4087 μένα,
2612 4019 2704 4069 xui.
2753 4015 3016 4067 πλειόνων
3061 4015 3280 4066 ἐννοιῶν
3341 4011 3669 4084 ποιήσασθαι
3723 4013 3820 4082 τὴν
3871 4031 3975 4065 πα-

2397 4109 2640 4179 ράθεσιν·
2681 4108 2797 4160 ἀλλ’
2833 4108 2989 4175 ἴσμεν
3024 4106 3082 4159 τὸ
3129 4105 3541 4174 γεγραμμένον·
3573 4123 3590 4154 ι
3621 4104 3776 4156 Δίδου
3825 4105 3973 4173 σοφῷ

2393 4201 2663 4271 ἀφορμὴν,
2713 4200 2804 4251 καὶ
2854 4197 3158 4268 σοφώτερος
3205 4198 3374 4250 ἔσται.
3409 4216 3425 4247 ι
3466 4195 3774 4266 Ποδηγήσει
3806 4199 3968 4267 γὰρο

2392 4289 2498 4343 τῶν
2532 4291 2666 4342 ὅλων
2704 4289 2832 4350 Θεὸς
2858 4290 2942 4341 διὰ
2985 4289 3077 4341 τοῦ
3107 4288 3263 4354 ἁγίου
3298 4286 3616 4356 Πνεύματος
3660 4288 3762 4350 τὰς
3795 4289 3974 4353 030?:-

2393 4382 2654 4443 λεστάτας
2706 4381 2860 4450 ὑμῶν
2907 4379 3124 4440 ἁκοὰςιι
3175 4378 3257 4439 εἷς
3298 4394 3360 4443 γε
3405 4378 3464 4429 τὸ
3499 4378 3762 4431 δύνασθαι
3806 4381 3978 4449 ὀρθῶς

2394 4478 2551 4528 νοεῖν.
2593 4472 2780 4541 Εὑρὼν
2809 4472 2916 4538 γὰρ
2946 4469 3087 4520 οὕτω
3117 4468 3351 4536 Χριστὸς
3386 4469 3442 4519 ὲν
3473 4468 3602 4536 ὑμῖν
3644 4470 3746 4540 τὴν
3795 4471 3973 4520 πίστιν

716 4565 838 4618 qua:
890 4550 956 4603 de
1000 4547 1221 4602 Christo
1273 4547 1469 4601 litteris
1529 4549 1848 4614 consignata
1905 4561 2137 4614 exstant,
2171 4554 2288 4606 dili-

2399 4563 2586 4630 ἀκλινῆ
2618 4562 2710 4613 καὶ
2735 4559 3022 4627 ἀϐέϐηλον,
3056 4555 3387 4625 στεφανώσει
3417 4558 3685 4619 πλουσίως
3709 4561 3819 4620 τοῖς
3849 4560 3976 4609 ἅνω.

717 4642 933 4712 gentius
977 4641 1312 4704 exaininare,
1368 4638 1442 4691 illi
1497 4639 1686 4708 utique
1715 4641 1856 4693 haud
1893 4641 2052 4694 nimis
2079 4642 2291 4699 difficile

719 4735 862 4788 foret
905 4733 1088 4803 plures
1139 4732 1318 4785 adhuc
1368 4729 1503 4784 alias
1549 4731 1850 4784 sententias
1905 4731 2052 4785 hisce
2103 4734 2290 4800 adjun-

715 4845 884 4898 gere;
923 4831 1015 4883 sed
1059 4829 1321 4896 scripturn
1361 4825 1610 4880 novimus
1648 4838 1662 4876 :
1700 4843 1718 4874 ι
1760 4825 1830 4876 Da
1864 4827 2094 4895 sapienti
2130 4843 2292 4882 ocea-

713 4923 953 4985 sionem,
1000 4929 1050 4974 ct
1097 4918 1398 4990 sapientior
1425 4917 1532 4971 erit
1565 4917 1626 4970 ‘7.
1670 4934 1688 4967 ι
1726 4913 2117 4970 Uui-versorum
2148 4919 2289 4974 Deus

2399 4655 2490 4705 θεν
2518 4650 2760 4717 ἀγαθοῖς,
2790 4648 2882 4699 καί
2911 4648 3340 4715 παμμακαρίους
3367 4647 3657 4715 ἁποιρανεῖ.
3689 4648 3845 4699 Πᾶσα
3872 4649 3973 4716 γὰρ

2399 4743 2553 4813 ἡμῶν
2582 4741 2733 4802 ἐλπὶς
2760 4741 2817 4791 ἐν
2841 4739 3079 4809 Χριστῷ,
3107 4739 3173 4792 δι’
3199 4735 3258 4793 οὗ
3285 4741 3377 4792 καὶ
3407 4740 3526 4810 μεθ’
3549 4733 3610 4792 οὗ
3638 4740 3715 4810 τῷ
3747 4740 3918 4808 Πατρὶ
3943 4742 3971 4807 ἡ

2397 4833 2523 4898 δόξα
2554 4836 2647 4886 σὺν
2669 4833 2805 4904 ἁγίῳ
2832 4832 3110 4904 Πνεῦματι
3135 4834 3214 4896 εἰς
3239 4835 3363 4896 τοὺς
3387 4833 3587 4896 αἰῶνας
3613 4833 3720 4885 τῶν
3744 4832 3969 4884 αἰώνων.

2410 4928 2461 4978 Ἀ
2476 4926 2601 4996 μήν.

715 5023 926 5065 mentes
979 5021 1207 5076 vestras,
1259 5009 1678 5080 religiosissima:
1723 5010 2117 5079 imperatrices,
2174 5031 2268 5084 per
2308 5018 2565 5088 Spiritum
2627 5029 2873 5075 sanctum
2938 5021 3158 5089 diriget,
3192 5031 3249 5074 ut
3316 5029 3527 5072 rectum
3572 5031 3796 5069 sensum
3827 5029 3971 5069 asse-

713 5103 805 5174 qui
868 5100 1108 5170 possitis.
1174 5100 1386 5154 Etenim
1452 5101 1700 5155 Christns
1752 5101 2010 5156 Dominus
2067 5105 2138 5158 ita
2187 5123 2281 5162 vos
2357 5122 2720 5180 comparatas,
2764 5113 2865 5166 hoc
2932 5123 3035 5175 est,
3078 5115 3230 5164 firma
3273 5126 3336 5162 ac
3405 5108 3586 5162 stabili
3630 5107 3734 5161 fide
3758 5119 3970 5161 ornatas

715 5193 1022 5253 inveniens.
1075 5189 1386 5242 εωιυειῖὺυε
1428 5189 1582 5244 bonis
1635 5189 1840 5242 afTalim
1899 5192 2263 5264 locupletabit,
2343 5199 2607 5271 longeque
2657 5203 2997 5258 beatissimas
3041 5201 3256 5255 efﬁciet.
3299 5198 3488 5253 Omnis
3552 5217 3787 5274 namque
3855 5219 3969 5274 spes

716 5299 905 5345 nostra
951 5289 1001 5340 in
1043 5284 1267 5338 Christo
1298 5283 1399 5336 sita
1434 5294 1517 5338 est
1553 5303 1562 5338 :
1601 5302 1696 5355 per
1728 5302 1886 5355 quem
1920 5300 1974 5344 et
2007 5307 2129 5346 cunt
2172 5309 2279 5361 quo
2317 5296 2461 5351 Patri
2486 5315 2607 5354 cum
2633 5298 2835 5367 Spiritu
2877 5305 3065 5352 sancto
3131 5295 3202 5348 sit
3262 5294 3431 5363 gloria
3468 5297 3520 5350 in
3553 5299 3754 5352 sarcula
3816 5314 3969 5353 sacu-

717 5387 912 5440 Iorum.
945 5384 1137 5437 Arnen.

1403 5519 1447 5590 β’
1475 5519 1617 5590 Psal.
1653 5539 1794 5590 xm,
1835 5527 1887 5580 6.

1395 5589 1438 5627 ⁵⁵
1470 5588 1656 5645 Matth.
1696 5588 1804 5660 xvi,
1834 5599 1922 5650 27.

787 5525 831 5554 ⁸⁸
855 5522 1012 5578 Joatt.
1039 5539 1088 5582 v,
1118 5521 1208 5586 9.6,
1235 5520 1327 5578 27.
1403 5520 1447 5550 ⁵⁸
1475 5520 1617 5572 Psal.
1653 5539 1794 5586 xux,
1835 5527 1887 5580 6.
1994 5529 2038 5560 ‘°
2069 5528 2179 5583 Jac.
2219 5545 2289 5586 tv.

2396 5573 2402 5585 .
2483 5534 2522 5564 ει
2562 5531 2663 5583 lsa.
2700 5545 2888 5586 vatu.
2923 5529 3005 5584 ll.
3120 5531 3162 5563 ⁶²
3193 5528 3345 5586 Joan.
3385 5542 3505 5586 vm.
3542 5530 3631 5586 40.
3747 5530 3790 5561 ⁸³
3816 5525 3963 5582 Joan.

787 5528 831 5554 ”
855 5528 1012 5578 Joan.
1039 5539 1088 5582 v,
1118 5528 1208 5586 9.6,
1235 5528 1327 5578 δεῖ.
1403 5528 1447 5550 ’ν
1476 5528 1617 5572 t’sal.
1653 5539 1794 5590 xux,
1835 5528 1887 5580 6.
1994 5529 2038 5560 ⁶⁰
2069 5528 2179 5583 Jac.
2219 5545 2289 5591 tv,

719 5608 799 5658 ιιι,
835 5594 917 5645 15.
993 5593 1035 5623 ⁸³
1071 5595 1198 5647 ibid.
1232 5591 1315 5644 14.
1395 5589 1438 5627 ⁵⁵
1470 5588 1656 5645 Matth.
1696 5610 1804 5658 xvi,
1834 5599 1922 5650 27.
2003 5601 2045 5630 ⁶⁶
2080 5603 2206 5656 ibid.
2237 5604 2290 5657 1Ξ

2396 5573 2402 5585 .
2483 5534 2522 5564 ει
2562 5531 2663 5583 lsa.
2700 5545 2888 5596 vatu,
2923 5529 3005 5584 ll.
3120 5531 3162 5563 ⁶²
3193 5528 3345 5586 Joan.
3385 5542 3505 5598 vin,
3542 5530 3631 5586 40.

2403 5603 2446 5635 ⁶⁷
2473 5601 2634 5656 Prov.
2670 5616 2744 5658 Ix,
2777 5600 2827 5654 9.

1994 5529 2038 5560 ‘°
2069 5528 2179 5583 Jac.
2219 5545 2289 5591 tv.
2321 5533 2402 5586 12.
2483 5534 2522 5564 “
2562 5531 2663 5583 lsa.
2700 5545 2888 5596 sum,
2923 5529 3005 5584 ll.

2003 5601 2045 5630 ⁶⁶
2080 5603 2206 5656 ibid.
2237 5604 2323 5657 15.
2403 5603 2446 5635 ⁶⁷
2473 5601 2634 5656 Prov.
2670 5616 2744 5663 Ix,
2777 5600 2827 5654 9.

1797 5708 1966 5767 Variae
2007 5715 2268 5773 lectiones
2291 5717 2494 5773 codicis
2526 5715 2882 5785 Segnicriani.

790 5830 813 5858 ι
840 5814 994 5873 εἶναι.
1072 5831 1088 5851 ¹¹
1120 5821 1371 5882 διανοίας.
