4122 6560
230 464 373 520 ιιρδ

1414 458 1834 518 FRAGMENTA
1877 458 2290 519 DOGMATICA.

3329 472 3350 525 i
3361 472 3464 526 ΗΟ

228 581 345 652 χαὶ,
373 577 487 632 ἀλλ’
519 578 574 630 ὲν
606 575 769 641 ζῶσιν
797 577 876 630 ἔτι
904 575 1204 645 λογίζονται
1253 576 1403 646 παρά
1431 575 1507 647 τῷ
1535 575 1673 639 Θεῶ,
1705 575 1788 638 τίς

1921 579 2035 645 ιρυιι
2068 579 2255 632 Deum.
2286 580 2419 647 Quis
2447 582 2548 638 hoc
2578 595 2822 639 asserere
2855 585 3165 641 recusabit?
3195 585 3260 640 Et
3284 599 3466 655 paucis

227 674 258 724 ὁ
289 671 452 740 φάναι
484 667 952 740 παραιτούμενος;
1007 666 1115 722 Kal
1153 666 1281 737 μετ’
1311 667 1506 737 ὀλίγα·
1550 665 1799 719 Ἑννοιῶν

229 763 340 833 ἄρα
371 761 546 830 σοφῶν
574 778 634 814 τε
665 761 758 814 καὶ
786 758 1002 827 ἀγαθῶν
1030 759 1090 812 οὑ
1133 757 1366 829 μετρίως
1414 756 1799 829 ἡμαρτηκότας

229 855 435 908 κατίδοι
463 870 546 916 τις
574 853 639 906 ἂν
668 855 794 914 τοὺς
810 853 1128 922 ἀποστερεῖν
1158 849 1440 912 ἐθέλοντας
1467 850 1593 912 τοὺς
1623 865 1802 901 κεκοι-

234 947 510 1017 μημένους
557 946 650 998 καὶ
679 944 866 1008 Θυσίας
897 947 994 1016 τῆς
1027 943 1314 1014 μυστικῆς,
1345 943 1440 998 καὶ
1470 942 1569 1012 τῆς
1599 942 1802 997 ἄνωθεν

229 1037 586 1106 ἡμερότητος.
614 1035 756 1089 Ζῶσι
788 1034 916 1106 γὰρ,
948 1034 1022 1096 ὡς
1043 1033 1198 1104 ἔφην,
1228 1033 1290 1086 τό
1307 1051 1369 1102 γε
1399 1035 1456 1086 ὲν
1474 1034 1642 1086 εἰκόνι
1668 1031 1802 1085 Θεοῦ

228 1128 426 1198 ὥσπερ
448 1126 660 1181 οὐδέπω
676 1125 859 1196 ζήσειν
890 1125 1192 1195 μέλλοντες,
1227 1125 1321 1177 καὶ
1349 1123 1497 1194 αὐτῷ
1527 1124 1586 1176 δὲ
1618 1123 1804 1176 συνόνο

226 1235 325 1280 τες
353 1215 591 1287 Χριστῷ.
619 1216 725 1269 Καὶ
751 1214 878 1283 μετ’
896 1213 1219 1283 όλίγα,τὴν
1242 1211 1348 1266 τοῦ
1383 1213 1504 1268 ’1ὼὸ
1523 1213 1673 1280 ὑπὲρ
1689 1211 1806 1265 τῶν

229 1309 459 1362 τέκνων
487 1306 892 1374 παραθέμενος
921 1305 1159 1358 θυσίαν·
1183 1303 1332 1372 φησι
1353 1303 1482 1374 γὰρ,
1516 1303 1639 1356 ὄτιι
1673 1303 1804 1357 Ἆπ-

229 1401 523 1455 ἐστελλεν
550 1399 694 1463 Ἰὼϐ,
730 1399 828 1452 καὶ
869 1397 1209 1466 ἐκαθάριζεν
1239 1396 1459 1462 αὐτοὺς
1486 1394 1805 1464 ἀνιστάμε-

229 1510 343 1559 νος
374 1490 452 1556 τῷ
488 1491 655 1560 πρωϊ,
687 1490 784 1544 καὶ
813 1489 1168 1559 προσφέρων
1183 1488 1334 1558 ὑπὲρ
1364 1487 1563 1542 αὐτῶν
1592 1487 1807 1552 θυσίας

231 1585 386 1636 κατὰ
432 1583 538 1636 τὸν
586 1580 835 1651 ἀριθμὸν
872 1579 1090 1645 αὐτῶν,
1114 1600 1134 1632 ι
1171 1581 1268 1634 καί
1312 1578 1572 1648 ἐπιφέρει
1593 1579 1804 1648 λέγων·

230 1673 443 1726 Οὔκοῦν
460 1674 559 1726 οὐκ
575 1672 877 1742 ἀπόϐλητον
895 1671 1045 1741 παρά
1059 1671 1177 1742 Θεῷ
1190 1673 1250 1724 τὸ
1267 1672 1414 1724 Θύειν
1431 1671 1567 1741 ὑπὲρ
1585 1670 1804 1740 ἑτέρων,

238 1764 360 1816 οὐδὲ
384 1764 518 1833 δρᾷν
563 1761 776 1832 ἐφίησιν
826 1761 1190 1829 ἀνεγκλήτως.
1252 1763 1495 1814 Ἐπαινεῖ
1539 1759 1689 1828 γοῦν,
1735 1758 1811 1823 ὡς

226 1856 335 1924 οὐχ
360 1855 600 1924 ὑπάρχον
628 1852 920 1922 ἀνωφελές.
957 1849 1101 1906 Εἶτα
1123 1852 1310 1906 πάλιν
1335 1851 1448 1922 τὴν
1472 1854 1540 1906 ὲν
1563 1851 1640 1918 τῷ
1665 1852 1811 1906 κατὰ

235 1943 480 1998 Λουκᾶν
511 1944 855 2012 Εὐαγγελίῳ
883 1942 1017 2011 περὶ
1050 1943 1155 1997 τοῦ
1181 1947 1546 2013 παραὶύτου,
1570 1947 1665 1998 καὶ
1694 1945 1812 1997 τῶν

233 2035 636 2103 χαλασάντων
677 2032 865 2087 αὑτὸν
907 2033 1005 2087 διὰ
1043 2033 1162 2088 τῶν
1207 2037 1476 2106 κεράμων
1520 2034 1812 2105 ἐξηγησά-

225 2143 412 2197 μενος
445 2126 718 2193 ίστορίον
751 2141 814 2177 τε
851 2123 949 2180 καί
984 2128 1478 2195 θαυματουργίαν,
1526 2126 1809 2196 ἐπιφέρει,

233 2213 342 2268 καί
367 2228 587 2282 φησιν·
641 2213 755 2265 Οὐκ
786 2211 1134 2282 ἀθαύμαστον
1170 2215 1319 2282 ὴφίει
1368 2217 1396 2266 ὁ
1440 2215 1673 2285 Χριστὸς
1704 2213 1812 2267 τῶν

237 2304 725 2377 προσκομισάντων
756 2303 853 2375 τὴν
882 2303 1082 2358 πίστιν.
1122 2305 1181 2358 Ὁ
1207 2305 1261 2357 δὲ
1283 2306 1390 2358 τῶν
1422 2307 1596 2359 πόνων
1628 2305 1792 2358 ὲπλού

232 2415 320 2449 τει
349 2397 446 2469 τὴν
471 2395 641 2460 λύσιν,
683 2396 777 2448 καὶ
804 2396 865 2448 τὸ
895 2397 1271 2466 ἑτερογνήσιον
1300 2399 1377 2460 εἰς
1409 2397 1681 2466 φιλοθεῖαν
1728 2397 1814 2450 εὐ-

242 2488 403 2558 μενῆ,
436 2487 532 2541 καὶ
562 2487 711 2556 φίλον
741 2485 887 2557 αὐτῷ
918 2488 1304 2557 κατεστήσατο,
1324 2487 1413 2540 τὸν
1426 2469 1815 2558 ’ἐλευθεροῦντα

239 2579 476 2650 Χριστὸν
504 2576 992 2649 πλημμελημάτων
1041 2583 1100 2630 τε
1146 2577 1280 2648 ὁμοῦ
1311 2578 1404 2632 καὶ
1446 2578 1814 2649 ἀρρωστημά-

235 2691 371 2724 των.
395 2670 500 2724 Kal
529 2665 700 2734 αὖθις
725 2670 855 2737 περὶ
889 2669 993 2722 τοῦ
1024 2667 1465 2737 ἑκατοντάρχου
1486 2671 1817 2736 μνημονεύ-

230 2779 356 2828 σας
391 2761 496 2816 τοῦ
526 2763 594 2815 ἐν
617 2761 695 2826 τῷ
721 2762 872 2813 κατὰ
907 2759 1205 2813 Ματθαῖον
1235 2761 1577 2828 Εὑαγγελίῳ
1609 2759 1818 2828 ,λέγον-

237 2872 366 2920 τος.
403 2875 420 2905 ι
467 2854 660 2921 Κύριε,
701 2854 733 2904 ό
765 2849 905 2915 παῖς
942 2847 1372 2918 μουβέὄληται
1415 2849 1817 2916 παραλυτικὸς

237 2945 314 2997 ἐν
359 2942 431 3011 τῇ
492 2942 650 3008 οἰκίᾳ
701 2928 912 3004 δεινῶς
957 2936 1462 3006 βασανιζόμενος·
1510 2938 1608 2993 καὶ
1657 2936 1817 3006 λέγει
1862 2968 1864 2971 -

237 3033 436 3100 αὐτῷ·
481 3033 621 3101 Ἐγὼ
653 3031 846 3086 ἐλθὼν
880 3029 1227 3098 θεραπεύσω
1271 3030 1476 3083 αὐτόν.
1518 3030 1626 3083 Kal
1674 3029 1819 3084 ἁπο-

242 3126 463 3194 κριθεὶς
494 3128 524 3178 ό
552 3124 988 3191 ἑκατόνταρχος
1010 3123 1125 3190 ἔφη
1145 3139 1159 3153 ·
1188 3123 1381 3189 Κύριε,
1417 3124 1526 3175 οὐκ
1551 3123 1661 3190 εἰμί
1698 3125 1820 3176 ἱκα-

1900 667 2220 736 interjectis:
2251 669 2292 723 E
2316 673 2600 725 sententiis
2628 673 2809 742 itaque
2833 674 2988 730 bonis
3019 689 3081 729 ac
3111 676 3464 744 sapientibus,

1901 770 2002 811 nec
2033 758 2378 813 mediocriter
2433 760 2705 814 excidisse
2741 762 2972 831 quisque
3014 765 3319 832 comperict
3349 779 3466 827 eos,

1902 847 1992 917 qui
2039 849 2366 921 dormientes
2431 860 2484 904 et
2542 851 2806 906 sacriﬁcio
2859 854 3083 922 mystico
3137 865 3190 908 et
3235 871 3468 924 superna

1904 940 2188 996 clementia
2217 943 2456 1012 spoliare
2506 954 2796 998 conantur.
2831 945 3027 1000 Vivunt
3074 946 3218 1000 enim
3277 948 3466 1010 vitam,

1904 1049 2024 1103 qua-
2065 1034 2114 1088 in
2139 1034 2369 1104 imagine
2397 1034 2487 1089 Dei
2519 1035 2740 1101 vivitur,
2772 1044 2828 1088 et
2858 1050 3018 1103 quam
3053 1052 3269 1101 semper
3314 1039 3472 1090 simul

1906 1142 2028 1180 cum
2064 1125 2282 1181 Christo
2327 1127 2518 1181 victuri
2551 1136 2700 1190 sunt,
2736 1126 2800 1180 Et
2846 1137 2958 1194 post
3005 1144 3198 1196 pauca,
3225 1129 3346 1181 Jabi
3380 1145 3472 1194 pro

1906 1217 2032 1286 ﬁliis
2081 1219 2344 1286 sacriﬁcio
2395 1218 2654 1287 apposito,
2709 1218 2905 1271 dicitur
2949 1220 3124 1272 enim:
3163 1236 3181 1269 ι
3233 1219 3472 1272 Mittebat

1906 1307 2029 1372 Job,
2055 1318 2101 1362 et
2139 1308 2450 1377 puriﬁcabat
2499 1325 2606 1374 eos,
2637 1324 2916 1378 exsurgens
2947 1325 3122 1372 ntane,
3155 1318 3202 1363 et
3252 1310 3474 1376 oﬁ‘erens

1907 1416 2000 1468 pro
2044 1402 2120 1454 eis
2156 1402 2392 1454 uictimas
2444 1402 2728 1454 secundum
2787 1418 3060 1455 numerum
3103 1405 3346 1466 earum',
3391 1402 3476 1453 in-

1907 1491 2006 1560 fert
2031 1506 2049 1543 :
2082 1508 2102 1542 ›
2138 1492 2279 1559 Ergo
2305 1491 2570 1545 sacriﬁcia
2602 1490 2798 1546 oﬂ’erre
2843 1506 2940 1560 pro
2975 1491 3096 1545 aliis
3130 1506 3158 1544 a
3196 1491 3303 1544 Deo
3367 1506 3471 1544 non

1911 1581 2175 1650 rejicitur,
2210 1584 2349 1650 quod
2381 1583 2587 1652 absque
2609 1584 2838 1637 crimine
2870 1583 2984 1637 lieri
3019 1582 3306 1651 permittit.
3335 1582 3478 1635 Lau-

1912 1676 2002 1731 dat
2058 1676 2221 1746 igitur
2280 1684 2534 1744 tanquam
2592 1674 2758 1728 utile?
2788 1674 2919 1728 Tum
2961 1675 3203 1742 deinceps
3253 1674 3477 1727 historia

1914 1776 2065 1834 atque
2094 1764 2370 1828 miraculo,
2403 1781 2520 1833 qua:
2545 1764 2596 1816 in
2622 1763 2778 1819 Luca:
2809 1763 3090 1832 Evangelia
3167 1766 3230 1818 de
3263 1764 3484 1832 paraly-

1915 1857 2016 1909 tico
2039 1860 2080 1922 ²,
2109 1867 2154 1910 et
2179 1857 2262 1919 iis,
2281 1857 2368 1926 qui
2395 1873 2460 1910 ex
2482 1865 2612 1909 tecto
2634 1872 2752 1910 eum
2798 1856 3176 1921 submitterent,
3202 1855 3476 1924 expositis,

1912 1948 2165 2016 subinfert
2191 1958 2238 2001 et
2270 1948 2341 2001 ait
2366 1964 2385 2001 :
2419 1945 2532 2001 Non
2564 1950 2765 2016 absque
2790 1947 3054 2001 miraculo
3080 1945 3235 2000 Iidem
3265 1960 3479 2008 eorum,

1911 2041 2001 2110 qui
2056 2041 2412 2104 adduxerant,
2470 2040 2706 2108 reliquit.
2755 2038 2825 2093 At
2881 2038 2970 2093 hic
3025 2036 3276 2092 dolorum
3332 2036 3481 2089 solu-

1909 2131 2108 2185 tionem
2131 2131 2344 2186 abunde
2361 2132 2812 2200 consequebatur,
2836 2137 2890 2184 et
2917 2129 3060 2198 quod
3095 2129 3317 2184 alterius
3340 2136 3477 2190 erat,

1913 2222 1965 2276 in
2023 2221 2305 2275 candidum
2376 2219 2470 2275 Dei
2530 2235 2771 2274 amorem
2825 2219 3153 2279 inmmtavit,
3201 2227 3255 2272 et
3312 2216 3412 2270 sibi
3449 2232 3479 2267 ει

1914 2312 2156 2376 Christo,
2187 2313 2277 2383 qui
2306 2327 2333 2364 a
2359 2313 2594 2380 peccatis
2624 2312 2786 2367 simul
2825 2322 2879 2367 et
2903 2309 3313 2380 mgritudinibus
3344 2308 3481 2360 libe-

1916 2413 2018 2470 rat,
2048 2403 2471 2458 benevolentiam
2496 2402 2829 2457 conciliavit.
2870 2400 3102 2470 Itemque
3157 2396 3478 2452 centurionis

1916 2494 2173 2546 mentione
2203 2494 2438 2557 inducta,
2468 2493 2617 2560 cujus
2640 2493 2693 2546 in
2727 2492 2963 2546 Matthaai
2995 2488 3276 2558 Evangelia
3309 2487 3480 2540 histo-

1917 2583 1996 2633 ria
2030 2591 2298 2643 narratur,
2331 2582 2585 2640 dicentis:
2615 2599 2632 2632 ι
2682 2581 2924 2642 Domine.
2965 2597 3096 2649 puer
3132 2595 3275 2632 meus
3333 2578 3479 2646 jacet

1915 2674 1968 2724 in
1992 2672 2145 2723 doma
2169 2671 2506 2739 paralyticus,
2540 2680 2588 2724 et
2622 2671 2758 2724 male
2804 2681 3118 2736 torquetur;
3153 2679 3199 2722 et
3231 2669 3309 2721 ait
3361 2667 3481 2720 illi:

1919 2759 2030 2829 Ego
2055 2760 2251 2813 veniam
2275 2771 2319 2813 et
2344 2760 2538 2814 curabo
2589 2778 2730 2816 eum.
2765 2759 2832 2815 Et
2876 2763 3193 2830 respondens
3225 2761 3479 2820 centurio,

1914 2851 1989 2904 ait
2021 2864 2039 2903 :
2081 2851 2314 2914 Domine,
2357 2868 2458 2905 non
2486 2869 2598 2906 sum
2627 2855 2845 2922 dignus,
2871 2863 2925 2907 ut
2966 2855 3129 2907 intres
3160 2851 3252 2905 sub
3292 2861 3482 2904 tectum

1918 2959 2105 3007 meum,
2132 2946 2220 2996 sed
2238 2953 2438 2999 tantum
2474 2946 2559 2999 dic
2588 2946 2758 3010 verba,
2779 2954 2826 2998 et
2851 2947 3129 3003 sanabitur
3159 2959 3286 3011 puer
3311 2958 3478 2995 meus.

1919 3031 2150 3086 Audiens
2181 3042 2354 3087 autem
2379 3033 2532 3088 Jesus
2573 3035 2794 3091 miratus
2838 3045 2937 3097 est,
2959 3044 3008 3087 et
3064 3033 3399 3103 sequentibus
3432 3048 3485 3084 se

1923 3126 2057 3178 dixit
2087 3139 2106 3179 :
2137 3127 2297 3178 Amen
2331 3127 2446 3178 dico
2506 3126 2669 3189 vobis,
2698 3142 2799 3180 non
2840 3126 3011 3181 iuveni
3078 3134 3280 3178 tantam
3329 3123 3484 3191 [idem

240 3217 375 3281 νὸς,
407 3217 506 3268 ἵνα
541 3231 659 3283 μου
686 3214 804 3268 ὑπὸ
825 3213 939 3281 τὴν
965 3213 1193 3282 στέγην
1216 3212 1524 3281 εἰσέλθῃς·
1542 3213 1819 3268 ἀλλἐἱπὲ

1925 3216 1976 3267 in
2009 3215 2195 3273 Israel.
2220 3215 2350 3269 Tum
2371 3216 2502 3284 ipsi:
2538 3214 2697 3280 Vade,
2717 3228 2762 3270 et
2780 3217 2913 3270 sicut
2938 3217 3223 3279 credidisti,
3257 3215 3349 3284 ﬁat
3373 3215 3487 3267 tibi.

241 3308 426 3373 λόγῳ,
466 3305 564 3357 καὶ
615 3302 918 3368 ἰαθήσεται
967 3306 999 3356 d
1031 3302 1172 3367 παῖς
1195 3321 1336 3370 μου.
1388 3304 1681 3369 Ἀκούσας
1730 3303 1825 3366 ae,-

244 3396 459 3466 φησίν,
497 3394 723 3462 Ἰησοῦς
747 3394 1066 3462 ἐθαύμασε,
1113 3395 1209 3446 καί
1253 3390 1381 3448 εἷπε
1415 3395 1536 3459 τοῖς
1577 3396 1826 3448 ἀκολου·

246 3489 496 3544 θοῦσιν·
550 3486 756 3554 Ἀμὴν,
792 3483 944 3553 λέγω
992 3484 1155 3553 ὑμῖν,
1192 3487 1325 3554 παρ’
1361 3487 1561 3540 οὐδενὶ
1609 3489 1825 3541 τοσαύ-

244 3596 366 3648 την
413 3578 619 3630 πίστιν
675 3572 854 3645 εὖρον
903 3576 970 3628 ἐν
1025 3575 1105 3640 τῷ
1173 3577 1440 3645 Ἰσραήλ.
1494 3574 1637 3630 Εἶτα
1678 3579 1826 3645 πρὸς

247 3672 469 3727 αὐτόν·
522 3671 770 3739 ’Υπαγε,
824 3667 924 3722 καί
975 3668 1055 3733 ὡς
1103 3654 1475 3733 ἐπίστευσας
1522 3667 1826 3737 γενηθήτω

249 3779 371 3818 σοι·
414 3762 514 3816 καὶ
562 3763 694 3828 ὶάθη
733 3765 765 3816 ό
814 3761 953 3827 παῖς
997 3762 1066 3814 ἐν
1099 3759 1170 3829 τῇ
1216 3759 1337 3829 ὥρᾳ
1383 3760 1611 3827 ἐκείνῃ.
1658 3779 1675 3810 ι
1718 3759 1828 3814 Kal

249 3856 538 3923 ἐπιφέρει,
579 3855 678 3908 καί
703 3869 895 3922 φησιν
918 3867 930 3880 ·
967 3853 1155 3924 ἈΟρει
1184 3853 1246 3924 δή
1286 3870 1375 3922 μοι
1405 3853 1506 3905 κάν
1534 3852 1707 3922 τούτῳ
1751 3851 1827 3922 τῷ

251 3945 342 3997 διὰ
378 3945 474 4013 τῆς
515 3944 699 4014 ἑτέρου
731 3943 964 4003 πίστεως
1009 3943 1099 3994 τὸν
1127 3945 1185 3995 οὑ
1229 3945 1472 4013 παρόντα
1503 3944 1826 4013 σωζόμενον.

251 4035 321 4088 Τί
369 4036 546 4088 τοίνυν
593 4037 722 4104 ἡμῖν
751 4032 979 4094 ἀνοσίως
1009 4034 1106 4103 τὴν
1143 4034 1515 4104 φιλοκέρδειαν
1565 4034 1830 4104 ἐπιφημί-

256 4128 463 4192 ζουσιν,
495 4129 542 4179 οἱ
575 4126 713 4178 τῶν·
741 4123 941 4184 εἰδότες
987 4125 1156 4187 οὐδὲν,
1185 4124 1217 4193 ἢ
1247 4124 1344 4193 τὴν
1378 4123 1582 4176 ἄνωοεν
1623 4125 1828 4194 ἡμερό-

251 4235 396 4288 τητα
427 4221 535 4278 τοῖς
565 4221 620 4270 ὲν
651 4215 827 4267 πίστει
859 4215 1277 4284 κεκοιμημένοις
1311 4215 1700 4284 σπουδάζομεν,
1731 4215 1829 4284 τὴν

253 4311 421 4378 ἀγίαν
449 4327 506 4361 τε
539 4309 628 4360 καὶ
661 4305 928 4375 μυστικὴν
967 4306 1052 4358 ἐπ’
1084 4307 1282 4366 αὐτοὺς
1310 4305 1586 4367 τελοῦντες
1618 4305 1828 4369 θυσίαν,

254 4401 557 4472 ὴλεήμεοα.
589 4399 681 4450 καὶ
702 4397 832 4448 αὐτὸ
860 4397 915 4448 δὲ
946 4398 1003 4449 τὸ
1028 4395 1121 4450 τοῦ
1149 4396 1378 4449 Θανάτου
1411 4396 1666 4449 πέπτωκε
1698 4399 1832 4468 κρά-

251 4512 372 4557 τος,
403 4494 496 4545 καὶ
523 4495 554 4559 ἡ
604 4490 704 4558 τῆς
753 4488 1111 4558 ἀτελευτήτου
1155 4487 1300 4557 ζωῆς
1341 4489 1648 4558 ἀνέλαμψεν
1680 4489 1831 4550 ἐλπὶς

1929 3303 1994 3358 Et
2019 3313 2234 3357 sanatus
2257 3313 2332 3356 est
2363 3319 2489 3369 puer
2509 3303 2561 3355 in
2588 3303 2679 3356 illa
2704 3305 2835 3356 liora
2860 3304 2901 3367 ³,
2930 3322 2949 3355 ι
2989 3304 3267 3366 subnectit,
3294 3314 3341 3356 et
3379 3305 3490 3356 ait:

1929 3396 2062 3450 Vide
2097 3395 2259 3448 etiam
2291 3394 2343 3448 in
2381 3396 2481 3449 hoc
2503 3395 2781 3449 absentem
2811 3409 2904 3463 per
2939 3395 3166 3450 alterius
3203 3394 3361 3449 ﬁdem
3406 3410 3492 3448 sa.

1929 3499 2133 3541 natum.
2165 3485 2302 3552 Quid
2333 3487 2494 3554 igitur
2519 3487 2672 3542 nobis
2701 3489 2984 3542 avaritiam
3017 3495 3072 3542 et
3120 3487 3256 3541 lucri
3296 3487 3494 3554 cupidi.

1930 3593 2050 3632 nem
2081 3578 2420 3646 exprobratis
2453 3595 2628 3634 rerum
2660 3579 2917 3634 similium
2942 3594 3164 3648 prorsus
3189 3578 3379 3648 ignari,
3407 3579 3495 3646 qui

1929 3683 2214 3737 supernam
2262 3670 2604 3723 clementiam
2649 3670 2701 3725 in
2755 3669 2857 3724 lide
2909 3668 3177 3723 defunctis
3211 3667 3497 3722 conciliare

1929 3759 2172 3824 nitimur,
2204 3768 2259 3812 et
2317 3775 2528 3814 sacrum
2563 3776 2627 3815 ac
2657 3761 2944 3831 mySIicum
2993 3774 3089 3829 pro
3120 3759 3228 3813 illis
3287 3759 3495 3812 sacriﬁ-

1930 3854 2070 3907 cium
2105 3864 2496 3923 perpetramus,
2532 3853 2684 3920 cujus
2719 3867 2818 3921 ope
2847 3849 3278 3906 misericordiam
3303 3863 3497 3903 conse-

1930 3947 2165 4013 quimur.
2208 3944 2360 4012 cujus
2398 3944 2639 3998 subsidio
2670 3943 2840 4011 ipsius
2871 3943 3063 3998 mortis
3104 3942 3267 3996 robur
3284 3941 3499 4000 cecidit,

1932 4047 1985 4090 et
2013 4037 2136 4091 vita:
2180 4050 2451 4103 nunquam
2508 4034 2803 4088 desinentis
2844 4049 2972 4104 spes
3026 4034 3078 4086 in
3129 4032 3347 4088 Christo
3375 4030 3500 4084 Jcsu

1932 4126 2160 4180 Domino
2209 4133 2392 4177 tmstro
2430 4122 2644 4176 reluxit.
2675 4121 3008 4176 Contentiose
3046 4119 3326 4172 admodum
3379 4135 3498 4169 ora-

1932 4217 2120 4268 tionem
2149 4230 2300 4266 suam
2353 4215 2557 4280 sapiens
2605 4229 2665 4264 ac
2714 4212 2936 4278 optimus
2995 4208 3159 4262 Pater
3205 4210 3501 4272 instituens,

1933 4324 2033 4361 non
2092 4307 2201 4358 sine
2255 4305 2610 4372 indignatione
2672 4316 2825 4372 atque
2910 4304 3056 4372 gravi
3109 4303 3392 4370 oﬁ'ensiane
3440 4305 3500 4355 ab

1932 4413 2108 4451 errore
2159 4412 2313 4466 quam
2367 4395 2665 4463 laugissime
2718 4394 2914 4462 repellit
2952 4410 3059 4454 eos,
3086 4394 3174 4462 qui
3210 4409 3312 4445 non
3373 4403 3506 4444 recte

1934 4489 2123 4542 sentire
2175 4489 2271 4541 sibi
2302 4487 2354 4539 in
2384 4486 2559 4538 animo
2622 4492 3000 4553 proposuerant
3046 4499 3062 4536 :
3109 4493 3216 4535 tum
3265 4484 3507 4549 deinceps

249 4589 316 4640 ἐν
360 4582 576 4654 Χριστῴ
618 4580 790 4650 Ἰησοῦ
841 4580 914 4648 τῷ
963 4581 1151 4650 Κυρίῳ
1182 4579 1357 4648 ἡμῶν.
1421 4579 1819 4647 Ἀγωνιστικῶς

1939 4580 2268 4633 abundanter
2299 4579 2448 4629 nimis
2477 4578 2640 4629 sacris
2664 4578 2906 4642 eloquiis,
2936 4586 2981 4630 et
3003 4574 3273 4628 miraculis
3299 4591 3328 4626 ο
3351 4574 3505 4627 Clari-

250 4678 358 4732 καὶ
395 4673 565 4727 τόνδε
611 4673 715 4724 τὸν
757 4673 944 4737 λόγον
974 4669 1520 4736 παραστησάμενος
1564 4674 1596 4724 ό
1642 4672 1832 4738 σοφὸς

250 4767 361 4822 καὶ
393 4763 761 4830 πανάριστος
789 4759 1009 4827 Πατὴρ,
1045 4758 1577 4826 καταμεμψάμενός
1617 4776 1699 4820 τε,
1733 4762 1826 4814 καὶ

250 4855 654 4921 ἀποσεσήσιις
710 4853 903 4920 πόρρω
948 4866 1063 4903 που
1121 4848 1229 4915 τῆς
1280 4849 1519 4916 πλάνης
1566 4851 1705 4916 τοὺς
1743 4850 1829 4920 μὴ

253 4955 328 5020 (ρ
342 4953 408 5002 9a
429 4946 671 5018 φρονεῖν
697 4942 1042 5012 ἑλομένους·
1073 4936 1199 4994 εἶτα
1229 4941 1323 4993 καὶ
1349 4943 1834 5009 καταπλουτίσας

251 5042 450 5097 αὑτὸν
469 5041 537 5093 ἐκ
573 5057 634 5092 τε
659 5037 776 5091 τῶν
806 5035 977 5089 θείων
1000 5033 1237 5102 λογίων,
1258 5032 1325 5085 ἐκ
1358 5049 1421 5084 τε
1447 5032 1563 5084 τῶν
1588 5037 1838 5104 θαυματ-

253 5130 535 5198 σιυργιῶν,
568 5125 654 5182 ὧν
678 5128 895 5195 ἔδρασε
922 5123 1173 5193 Χριστὸς
1203 5126 1234 5176 ό
1268 5121 1366 5173 ἐπὶ
1400 5121 1641 5175 πάντων
1667 5124 1831 5190 Θεὸς,

252 5223 362 5279 a-rtl
396 5221 500 5288 τὰς
537 5223 682 5290 ὑπὲρ
725 5221 929 5274 ἄλλων
977 5219 1077 5285 ὑφ’
1117 5215 1332 5282 ἐτέρων
1356 5213 1514 5279 αὐτῷ
1559 5216 1654 5268 καὶ
1690 5233 1834 5282 προ-

251 5314 600 5383 σαγομένας
621 5313 916 5376 ἐντεύξεις
942 5309 1092 5376 μετὰ
1118 5309 1396 5371 πίστεως,
1423 5307 1637 5372 θυσίας
1658 5325 1720 5360 τε
1740 5307 1836 5360 καὶ

255 5405 611 5470 προσφορὰς
643 5399 1120 5467 προσηκιὶμενος,
1168 5395 1431 5448 παιδεύει
1470 5393 1650 5463 σιγᾷν
1698 5396 1837 5460 τοὺς

1939 4682 2016 4724 sto
2049 4673 2100 4723 in
2138 4671 2374 4722 omnibus
2401 4670 2528 4732 Deo,
2562 4685 2677 4738 qua:
2735 4685 2827 4734 pro
2872 4669 2994 4721 aliis
3033 4668 3379 4736 precationes,
3416 4683 3506 4717 nec

1939 4781 2040 4816 nou
2071 4763 2418 4830 sacriﬁcia,et
2469 4763 2692 4815 donaria
2738 4763 2842 4829 ﬁde
2880 4762 2980 4814 sibi
3028 4762 3204 4813 oblata
3244 4760 3504 4824 excipiens

1938 4852 2177 4921 confecit,
2221 4855 2530 4916 instructus,
2577 4853 2681 4906 illis
2725 4854 2810 4921 qui
2866 4853 3249 4912 adversantur,
3296 4866 3506 4919 seseque

1938 4957 2196 5013 apponunt
2229 4946 2608 5008 constitutioni,
2639 4940 3000 4995 consuetudini
3047 4942 3268 5004 scilicet,
3298 4950 3346 4995 et
3369 4952 3506 4994 recto

1940 5037 2212 5090 catholica:
2262 5047 2309 5090 et
2341 5037 2638 5101 apostolica:
2669 5032 2918 5086 Ecclesiae
2951 5033 3207 5102 dogmati,
3243 5034 3505 5088 silentium

1940 5127 2180 5193 imponit,
2215 5128 2496 5192 suadetque
2522 5125 2595 5174 tiu
2646 5133 2907 5189 posterum
2939 5127 3131 5194 sa’pius
3164 5142 3260 5195 pro
3287 5126 3504 5178 mortuis

1943 5215 2225 5268 oblationes
2256 5223 2411 5281 atque
2453 5212 2858 5278 supplicationes
2890 5216 3176 5279 absolvere,
3210 5233 3322 5270 cum
3351 5217 3506 5281 plane

1941 5304 2185 5366 calleant,
2219 5304 2322 5354 illis
2359 5302 2460 5354 Dea
2511 5313 2558 5355 et
2625 5302 2772 5358 l’atri
2805 5305 2993 5360 oblatis
3047 5309 3330 5360 maximam
3385 5309 3504 5361 inde

1944 5394 2161 5447 mortuis
2196 5409 2436 5446 emanare
2473 5395 2774 5450 utilitatem.

253 5493 840 5563 ἀντιδιατιθεμένους
865 5492 950 5544 ἔτι
975 5489 1071 5542 καὶ
1128 5487 1591 5550 ἀντιπίπτοντας
1632 5486 1704 5553 τῇ
1746 5485 2130 5547 καταστάσει,
2190 5482 2381 5551 ἤγουν
2440 5488 2750 5554 συνηθείᾳ,
2792 5487 2888 5540 καὶ
2945 5486 3022 5549 τῷ
3074 5487 3224 5553 ὀρθῷ
3262 5487 3505 5557 δόγματι

255 5586 375 5655 τῆς
403 5586 723 5652 καθολιχῆς
765 5585 859 5638 καὶ
894 5578 1302 5646 ἀποστολικῆς
1357 5579 1741 5644 Ἑκκλησίας.
1809 5577 1993 5631 πείθει
2049 5595 2112 5631 τε
2165 5579 2272 5631 τοῦ
2311 5581 2528 5636 ,λοιποῦ
2556 5579 2828 5648 συνεχῶς
2846 5583 2948 5645 τὰς
2987 5579 3137 5647 ’ὑπὲρ
3167 5580 3283 5634 τῶν
3311 5601 3504 5639 κεκοι-

247 5675 540 5750 μημένων
567 5677 862 5732 ἐπιτελεῖν
906 5675 1090 5744 εὐχάς
1130 5692 1189 5728 τε
1226 5671 1324 5726 καὶ
1381 5664 1832 5736 προσρορὰς,εὗ
1877 5669 2129 5737 εἰδότας,
2162 5671 2238 5739 ὡς
2257 5671 3000 5743 πάντωςὠφεληθήσεσθαι
3035 5670 3254 5738 αὐτοὺς
3285 5677 3510 5730 τούτων

253 5767 729 5841 ,προσαγομένων
763 5768 840 5833 τῷ
884 5766 1004 5832 Θεῷ
1044 5766 1136 5819 καὶ
1168 5754 1368 5831 Πατρί.

345 5863 624 5926 ’Jubt,1’i.
704 5866 721 5892 ’
748 5863 876 5918 Luc.
921 5878 1034 5928 vm,
1075 5862 1152 5915 ιϐ.
1235 5862 1252 5890 ³
1282 5857 1471 5912 Matth.
1511 5871 1625 5918 \‘lll,
1652 5857 1682 5911 6
1720 5857 1798 5912 1:3.
