4116 6472
698 399 838 454 1427

2272 559 2359 614 lll.

1683 398 1741 454 S.
1777 398 2049 458 CYRILLI
2087 399 2554 456 ALEXANDRINI
2592 397 2916 456 ARCIIIEP.

3819 387 3978 445 ιιεε

1811 701 1878 738 εχ
1911 699 2063 739 uano
2099 698 2299 737 cosraa
2337 691 2678 735 svuususras
2701 673 2800 748 (I).

695 832 745 888 i.
780 835 1012 905 Cyrillus
1045 837 1101 890 in
1137 836 1269 890 libro
1309 833 1556 890 adversus
1585 851 1674 905 eos
1724 835 1815 903 qui
1870 844 2092 888 naturas
2123 850 2262 905 con-
2291 835 2338 892 Α
2367 836 2454 888 aio
2503 852 2516 888 :
2563 831 2826 899 Quoniam

763 904 988 974 fundunt
1019 907 1092 976 (ἒ)
1123 909 1212 976 qui
1256 907 1476 974 incipit:
1510 924 1528 956 (
1567 904 1736 959 Paulo
1787 913 1908 959 ante
1958 905 2119 959 locuti
2170 904 2262 956 diu

762 992 965 1030 sumus.
1009 994 1027 1028 ι

762 1176 1052 1246 Quousque
1073 1178 1288 1233 tandem
1327 1179 1567 1234 nonnulli
1595 1180 1814 1249 scriptis
1843 1181 1955 1237 suis
1994 1189 2261 1246 astruent,

689 1266 776 1321 vel
806 1269 1147 1322 somniabunt
1176 1270 1376 1338 potius,
1408 1270 1568 1324 Verbi
1619 1272 1669 1323 in
1708 1285 1924 1325 carnem
1953 1285 2014 1324 ac
2044 1272 2265 1337 sangui-

691 1372 814 1412 nem
837 1359 1272 1423 conversionem,
1310 1346 1602 1415 amentium
1636 1362 1806 1416 instar
1848 1364 2148 1432 nugantes?
2175 1361 2266 1417 llis

689 1462 792 1502 nos
842 1448 1070 1502 dicimus
1106 1468 1119 1504 :
1152 1450 1431 1519 Evigilate,
1470 1452 1603 1506 ebrii
1628 1454 1692 1505 de
1739 1453 1864 1507 vino
1903 1464 2104 1508 vestro.
2138 1453 2268 1519 Quae

689 1539 833 1593 enim
858 1548 1033 1594 vestra
1061 1549 1144 1596 est
1174 1542 1238 1596 de
1258 1551 1446 1594 natura
1475 1545 1656 1598 carnis
1675 1545 1939 1599 sententia
1970 1553 2063 1598 aut
2095 1544 2262 1610 notio,

691 1631 773 1684 vel
814 1634 1082 1700 quomodo
1108 1634 1505 1689 inscrutabilem
1526 1637 1840 1690 scrutamini
1864 1636 1956 1690 Dei
1977 1637 2268 1690 naturam?

693 1725 825 1786 Quis
871 1739 1033 1793 porro
1087 1727 1282 1780 audeat
1333 1742 1443 1780 rem
1477 1728 1651 1781 metiri
1718 1728 2268 1784 immensurabilem?

693 1812 862 1868 Nemo
890 1825 1038 1870 certe
1078 1817 1238 1871 dicet.
1263 1832 1420 1871 nemo
1480 1819 1599 1873 sine
1636 1833 1821 1874 errore
1860 1821 2096 1884 deﬁniet,
2136 1837 2268 1891 qua-

693 1919 817 1958 nam
848 1905 916 1959 sit
952 1907 1208 1975 praeditus
1249 1918 1436 1962 natura
1499 1909 1661 1975 Deus,
1688 1912 1926 1965 omnium
1985 1912 2265 1978 Dominus,

694 1993 806 2058 lux,
841 1996 971 2061 vita,
1003 1997 1171 2064 gloria
1194 2001 1527 2066 etpotentia,
1564 2000 1652 2055 ille
1671 2001 1879 2054 demum
1907 2002 1994 2070 qui
2023 2003 2265 2056 omnium

694 2100 872 2138 rerum
927 2097 1174 2141 naturam
1221 2091 1388 2156 novit,
1426 2103 1477 2143 et
1533 2092 1789 2160 quidquid
1823 2096 1874 2146 in
1930 2095 2147 2149 homine
2186 2105 2269 2150 est

692 2177 914 2231 scientia
944 2195 1040 2232 sua
1080 2183 1471 2250 complectitur.
1523 2183 1812 2253 Quousque
1862 2187 2076 2239 tandem
2131 2202 2265 2240 nou-
2298 2169 2342 2228 Β

693 2271 825 2324 nulli
872 2271 1243 2340 aftirmabunt,
1286 2275 1442 2330 Verbi
1504 2277 1699 2331 factam
1745 2279 1796 2331 in
1840 2288 2110 2332 terrenum
2166 2281 2268 2335 hoc

692 2377 891 2429 corpus
947 2366 1320 2430 mutationem,
1349 2367 1399 2420 id
1427 2376 1510 2421 est
1540 2368 1705 2421 Deum
1760 2366 1993 2421 Verbum
2047 2369 2111 2422 de
2143 2370 2268 2422 Stib-

691 2453 893 2504 stantia
925 2454 1142 2521 propria
1171 2455 1467 2508 confecisse
1494 2456 1597 2508 sibi
1653 2471 1873 2524 corpus,
1894 2457 2033 2523 quod
2081 2465 2267 2510 nostro

693 2541 1153 2596 consubstantiale
1174 2543 1280 2596 sit?
1309 2542 1372 2595 lIi
1403 2544 1654 2598 videlicet
1693 2545 1869 2612 primo
1897 2545 2112 2608 quidem
2141 2560 2262 2612 pro-

693 2633 936 2697 fitentur,
974 2631 1205 2687 Verbum
1239 2649 1268 2687 a
1296 2635 1585 2703 semetipso
1642 2635 1877 2689 alienum
1935 2637 2191 2701 evasisse,
2219 2636 2269 2690 id

691 2735 795 2788 est,
822 2724 932 2794 jam
960 2740 1066 2778 non
1093 2726 1323 2795 amplius
1352 2726 1518 2780 Deum
1548 2741 1690 2789 esse,
1712 2737 1768 2779 ut
1794 2727 1922 2793 dixi,
1944 2738 2265 2791 creatorem,

688 2818 879 2884 vitam,
910 2817 1153 2887 gloriam.
1176 2819 1465 2887 potentiam
1489 2837 1502 2873 :
1523 2829 1684 2888 atque
1714 2820 1876 2874 etiam
1909 2821 2102 2874 docent
2147 2835 2268 2874 eum

693 2910 746 2961 in
767 2923 1005 2963 errorem
1037 2925 1192 2979 posse
1245 2911 1657 2975 incurrere,cui
1709 2910 1958 2965 obnoxia:
2008 2920 2271 2964 creaturae

693 3009 819 3052 sunt
848 3017 860 3053 :
897 2998 1109 3069 aliaque
1137 3000 1442 3069 bujusmodi
1471 3000 1644 3056 eidem
1681 3003 1985 3055 attribuunt
2036 3003 2268 3070 pessima

691 3091 906 3158 oppido,
945 3101 999 3146 et
1032 3093 1144 3160 ipso
1174 3093 1410 3163 indigna.
1438 3092 1696 3161 Equidem
1729 3095 2077 3161 quaerendum
2114 3095 2181 3146 ab
2209 3109 2272 3146 eo

694 3183 948 3248 arbitror,
987 3185 1075 3253 qui
1123 3185 1263 3239 hanc
1302 3185 1612 3254 Opinionem
1663 3185 1714 3238 in
1777 3187 2009 3239 medium
2067 3185 2270 3250 attulit,

694 3292 821 3329 num
882 3278 1188 3345 passionum
1242 3277 1594 3348 ignominiam
1637 3278 1689 3329 iu
1745 3278 1976 3331 Verbum
2031 3278 2273 3331 incidere

694 3384 918 3424 necesse
947 3369 1142 3423 fuerit?
1169 3371 1471 3440 Atquehaac
1492 3370 1875 3424 nonnullorum
1894 3369 2074 3438 opinio
2098 3384 2274 3423 nonne

2916 826 3335 883 inconvertibilis
3418 834 3612 879 natura
3686 820 3781 876 Dei
3855 829 3972 886 εει,

2369 928 2551 995 utique
2583 941 2693 979 rem
2737 923 2914 990 seipso
2946 922 3216 988 indignam
3263 932 3422 988 agere
3457 916 3741 970 voluisset.

2655 1016 2711 1069 2.
2745 1014 2891 1068 Idem
2933 1011 3161 1082 Cyrillus
3195 1011 3249 1064 in
3273 1010 3450 1063 eadem
3483 1007 3639 1060 libro.

2440 1107 2544 1163 Sed
2577 1107 2662 1162 isti
2707 1106 2937 1159 fortasse
2961 1103 3242 1172 opinantes
3289 1101 3467 1155 dicent
3512 1100 3683 1154 Deum
3713 1093 3971 1149 Verbum

2368 1215 2688 1255 conversum
2739 1198 2952 1267 quidem
2995 1195 3046 1248 in
3071 1208 3308 1253 carnem,
3342 1192 3434 1246 sed
3473 1205 3578 1244 non
3613 1199 3821 1250 totum,
3861 1200 3972 1240 nec

2369 1293 2607 1356 omnino,
2658 1304 2754 1344 nec
2805 1289 2855 1342 in
2922 1287 3192 1340 omnibus.
3244 1283 3723 1339 Verumenimvero
3770 1295 3978 1333 nonne

2369 1379 2970 1438 evidenterinsanietsi
3011 1379 3132 1448 quis
3181 1377 3365 1431 dicere
3419 1383 3510 1428 aut
3561 1375 3788 1428 credere
3833 1372 3970 1424 talia

2369 1471 2528 1526 velit?
2555 1471 2608 1523 ln
2634 1470 2822 1541 primis
2865 1469 3013 1522 aiunt
3069 1466 3302 1520 Verbum
3334 1464 3475 1518 haud
3517 1478 3576 1517 se
3628 1472 3803 1515 totum
3856 1461 3973 1514 im-

2370 1570 2614 1616 mutasse
2647 1560 2728 1614 vel
2763 1559 3170 1614 conversionem
3218 1571 3436 1626 passum
3460 1573 3473 1608 :
3497 1553 3698 1607 deinde
3732 1569 3869 1606 eum
3907 1554 3971 1604 ti—

2371 1654 2529 1706 nibus
2583 1651 3052 1715 circumscribunt,
3115 1649 3357 1702 dicentes
3424 1646 3598 1713 ipsum
3643 1645 3970 1710 quantitate

2370 1743 2657 1805 contineri,
2687 1741 2802 1796 loco
2831 1741 3094 1804 cohiberi,
3135 1741 3233 1793 sub
3264 1738 3633 1792 deﬁnitionem
3662 1738 3893 1794 cadere,
3917 1743 3973 1787 et

2371 1851 2494 1890 cum
2536 1834 2657 1888 aliis
2711 1836 2870 1888 rebus
2923 1831 3324 1887 connumerari.
3360 1828 3642 1895 Quomodo
3691 1836 3882 1880 autem
3917 1827 3968 1876 hi

2371 1925 2664 1980 adversarii
2689 1924 2959 1994 ignorant,
2979 1937 3177 1992 corpus
3199 1921 3337 1988 quod
3357 1921 3426 1974 sit
3450 1917 3736 1973 divisionis
3756 1931 3938 1984 capax
3954 1957 3968 1974 .

2370 2017 2548 2071 omnia
2583 2030 2796 2084 semper
2852 2013 2985 2083 pati,
3031 2028 3150 2082 quae
3185 2010 3406 2080 singula}
3460 2019 3643 2078 partes
3691 2006 3810 2075 ejus
3869 2020 3970 2074 pa-

2371 2108 2578 2161 tiuntur
2600 2107 2622 2159 ἲ
2646 2106 2828 2175 Neque
2853 2105 2997 2159 enim
3032 2104 3122 2157 uni
3164 2104 3531 2156 membrorum
3594 2098 3707 2166 pati
3742 2098 3967 2151 contin-

2372 2206 2546 2266 geret,
2576 2197 2678 2250 nisi
2716 2197 2964 2249 universa
3013 2193 3254 2263 corporis
3283 2203 3475 2245 natura
3509 2191 3766 2260 patiendo
3818 2188 3966 2241 foret

2371 2290 2622 2344 obnoxia.
2661 2287 2876 2342 Interim
2920 2286 2975 2340 hi
3027 2301 3123 2340 nos
3177 2293 3375 2354 cogunt
3427 2283 3496 2336 ad
3533 2280 3701 2336 verba
3739 2295 3964 2347 quoque

2371 2380 2592 2433 minime
2620 2379 2772 2432 nobis
2795 2387 3092 2446 spontanea
3119 2377 3477 2430 descendere:
3503 2375 3594 2428 sed
3628 2373 3783 2425 venia
3810 2371 3966 2438 prius

2372 2484 2400 2521 a
2433 2469 2606 2522 Verbo
2647 2469 2738 2521 Dei
2771 2468 3055 2537 postulata,
3083 2467 3313 2521 dicimus
3331 2467 3496 2534 quod,
3534 2467 3578 2518 si
3617 2465 3759 2517 forte
3779 2473 3965 2514 muta-

2374 2561 2552 2614 bilitas
2583 2560 2649 2613 ab
2689 2575 2752 2614 eo
2791 2573 2899 2613 non
2927 2567 3072 2613 esset
3106 2557 3303 2620 aliena,
3332 2571 3504 2624 neque
3537 2554 3611 2610 illi
3646 2552 3935 2622 impossibi

2373 2653 2439 2706 lis
2469 2653 2585 2722 ejus
2615 2652 2689 2705 rei
2725 2651 2924 2721 passio,
2952 2651 3137 2719 utique
3179 2651 3246 2704 ad
3301 2647 3514 2702 Patrem
3563 2661 3782 2716 quoque
3833 2661 3963 2698 san-

2375 2753 2626 2811 ctmnque
2650 2742 2908 2812 Spiritum
2938 2741 3020 2794 vis
3045 2741 3200 2807 hujus
3225 2738 3578 2808 blasphemia
3605 2735 3960 2806 perveniret:

2375 2842 2483 2888 tota
2514 2843 2596 2888 est
2626 2834 2768 2887 enim
2798 2831 3278 2887 consubstantialis
3327 2830 3673 2884 sanctissima
3711 2826 3960 2879 Trinitas

2374 2935 2430 2979 et
2489 2921 2865 2976 immutabilis.
2904 2922 3187 2988 Quodnam
3244 2936 3371 2974 vero
3427 2922 3596 2973 robur
3647 2916 3958 2970 infirmitati

2375 3025 2574 3068 nostra:
2620 3012 3056 3079 impetraremus,
3087 3011 3133 3065 si
3176 3011 3316 3064 Deus
3356 3023 3506 3077 aeque
3556 3023 3620 3060 ac
3661 3021 3762 3060 nos
3820 3005 3962 3059 foret

2375 3106 2644 3169 inﬁrmus,
2681 3115 2843 3172 atque
2906 3104 2958 3157 in
3015 3119 3078 3157 ea
3120 3102 3364 3156 converti
3404 3111 3606 3168 posset,
3643 3113 3765 3167 qua:
3805 3096 3964 3150 nobis

2374 3197 2522 3252 effari
2550 3212 2650 3250 non
2682 3197 2825 3259 licet,
2857 3197 3070 3250 etiamsi
3099 3195 3166 3248 ab
3198 3194 3319 3248 aliis
3365 3194 3566 3247 diserte
3612 3191 3754 3245 dicta
3802 3188 3960 3240 audi-

2376 3286 2531 3340 mus?
2564 3285 2668 3340 Scd
2697 3304 2713 3335 ι
2745 3285 2918 3338 videte
2964 3300 3070 3348 me,
3123 3284 3298 3352 inquit
3338 3281 3643 3350 Scriptura,
3669 3278 3794 3348 quia
3853 3278 3963 3342 ipse

2378 3392 2519 3439 sum,
2551 3385 2602 3429 et
2637 3391 2742 3429 non
2777 3391 2894 3429 sum
2945 3385 3183 3429 mutatus
3211 3377 3249 3428 ³.
3287 3393 3305 3425 ι
3342 3373 3478 3426 Tum
3505 3383 3559 3426 et
3603 3371 3760 3424 divus
3804 3367 3961 3422 Psal-

693 3462 906 3518 flll‘iosa
936 3462 1056 3516 65ιῖ
1087 3462 1337 3515 ΡΓΟΓθοΙο
1373 3464 1503 3516 nihil
1546 3461 1815 3514 amelllius
1836 3462 2132 3529 excogitari
2177 3475 2272 3528 ρο·
2304 3500 2346 3557 C
2381 3470 2535 3521 mista
2563 3469 2756 3524 alicubi
2785 3469 2929 3522 canit
2964 3485 2976 3521 :
3018 3487 3035 3518 ι
3069 3466 3243 3534 Opera
3287 3480 3542 3518 manuum
3577 3474 3792 3516 tuarum
3837 3469 3960 3514 sunt

698 3564 804 3609 test
837 3569 995 3620 quam
1037 3555 1111 3606 ita
1164 3551 1323 3607 Verbi
1375 3563 1623 3606 naturam
1673 3552 1996 3605 contumelia
2033 3550 2271 3605 afﬁcere.

697 3644 910 3713 Alioqui
967 3644 1057 3712 qui
1093 3642 1205 3696 fieri
1256 3651 1454 3712 posset,
1500 3653 1556 3696 ut
1599 3642 1692 3696 Dei
1742 3657 1934 3697 nomen
1993 3641 2277 3695 sublimius

698 3737 888 3804 quovis
912 3735 1128 3790 nomine
1163 3745 1326 3800 esset,
1353 3745 1404 3789 et
1436 3736 1547 3804 ipse
1591 3734 1851 3788 Dominus
1885 3735 2142 3788 virtutum
2195 3733 2278 3788 fo-

697 3829 816 3882 ret?
842 3829 945 3882 Sed
969 3829 1110 3882 enim
1129 3829 1324 3897 aliquis
1353 3828 1584 3883 fortasse
1623 3828 1785 3889 dicet,
1816 3827 1955 3880 haud
1982 3828 2031 3880 id
2056 3827 2274 3896 quidem

699 3921 1066 3973 necessarium
1102 3919 1294 3984 fuisse,
1337 3930 1525 3988 sponte
1571 3928 1748 3971 tamen
1803 3920 1878 3973 ita
1912 3928 2082 3972 semet
2126 3935 2277 3972 com-

699 4019 958 4076 mutasse,
999 4021 1055 4064 ut
1085 4011 1377 4066 inevitabili
1421 4011 1655 4080 passioui
1686 4010 1952 4064 subesset.
1985 4010 2148 4078 Atqui
2180 4026 2277 4079 ego

780 4171 1046 4227 ‘Malacb.
1086 4190 1165 4239 ιιι,
1203 4173 1254 4227 6.
1334 4177 1352 4205 ²
1375 4172 1517 4228 Psal.
1547 4188 1619 4238 cr,
1653 4171 1739 4236 26,
1773 4173 1862 4226 ‘27.

775 4330 853 4398 (Ι)
889 4331 962 4382 Ex
989 4329 1245 4397 Apologia
1277 4328 1500 4381 Joannis
1526 4328 1878 4382 Caesariensis
1916 4342 2011 4394 pro
2047 4329 2279 4383 concilio

701 4400 1126 4456 Cbalcetloncusi
1190 4415 1307 4463 qua:
1368 4401 1418 4448 in
1481 4400 1663 4452 codice
1699 4399 1944 4467 Syriaco
2022 4399 2279 4454 Vaticano

703 4479 971 4537 superest.
1006 4498 1073 4508 ——-
1101 4468 1200 4519 Mai
1233 4467 1480 4537 Utblioth.
1522 4485 1650 4520 nova
1677 4466 1920 4529 Patrum,
1945 4468 2008 4530 ll,
2048 4469 2171 4520 445.

777 4535 855 4609 (9)
894 4540 953 4593 lli
983 4540 1198 4609 proprie
1229 4535 1546 4609 dicebantur
1572 4539 1912 4609 ουγχοτικοξ,
1949 4537 2276 4609 confusanei,

2385 3559 2661 3628 cmlizipsi
2691 3559 2962 3628 peribunt,
2993 3567 3046 3612 tu
3093 3566 3273 3610 autem
3317 3569 3646 3623 permanes:
3684 3554 3782 3619 ipsi
3820 3561 3960 3603 vete-

2389 3661 2606 3704 rasceut
2645 3665 2833 3704 omnes
2881 3664 2976 3703 ceu
3021 3649 3427 3711 vestimentum,
3461 3654 3517 3699 et
3558 3654 3812 3711 tanquam
3850 3642 3960 3710 pal-

2388 3741 2513 3794 lium
2547 3741 2783 3793 invertes
2801 3755 2914 3803 eos,
2950 3748 3004 3790 ct
3054 3740 3429 3800 invertentur;
3469 3735 3561 3789 sed
3599 3745 3653 3786 tu
3691 3732 3829 3785 idem
3881 3746 3956 3791 es.

2385 3844 2437 3888 et
2470 3833 2591 3886 anni
2644 3833 2717 3884 tui
2774 3847 2876 3885 non
2923 3832 3176 3884 finientur
3209 3832 3251 3882 ¹.
3301 3849 3317 3878 ι
3366 3827 3754 3882 Animadverte
3800 3825 3964 3893 igitur

2385 3921 2651 3990 quomodo
2673 3920 2894 3973 edoctus
2923 3935 2952 3972 a
2981 3918 3089 3972 Deo
3126 3918 3412 3986 PrOpheta,
3444 3919 3509 3971 ad
3543 3926 3843 3969 creatarum
3874 3927 3958 3966 re-

2388 4026 2504 4064 rum
2535 4022 2783 4064 naturam
2825 4009 3236 4064 mutabilitatem
3281 4010 3557 4071 amandat,
3587 4005 3739 4071 cujus
3767 4005 3841 4057 rei
3874 4017 3961 4054 ar-

2390 4329 2530 4382 κατὰ
2583 4329 2993 4384 Συνουσιαστῶν
3059 4328 3240 4384 sexies
3298 4327 3557 4381 recitetur
3595 4329 3647 4380 in
3695 4328 3958 4394 opusculis

2390 4401 2593 4452 Grascis
2630 4416 2657 4451 a
2694 4415 2778 4451 me
2826 4402 2985 4456 editis
3013 4400 3207 4466 Script.
3262 4408 3359 4449 vet.
3410 4409 3447 4451 ι.
3492 4397 3600 4457 VII,
3630 4415 3718 4465 pp.
3751 4398 3834 4457 IO,
3877 4399 3955 4458 IS,

2389 4470 2480 4532 27,
2508 4470 2634 4531 “290,
2670 4469 2796 4533 995,
2828 4469 2951 4534 502,
2991 4486 3111 4524 cntn
3173 4468 3422 4521 brevibus
3467 4469 3584 4538 ejus
3631 4470 3955 4535 fragmentis,

2392 4555 2510 4606 qnze
2541 4541 2737 4606 partim
2763 4542 2991 4595 cumbis
3015 4558 3041 4592 a
3080 4538 3288 4592 Joanne
3334 4538 3654 4591 Caesariensi
3706 4540 3956 4606 recitatis.

708 4605 1008 4676 cuiusmodi
1044 4608 1259 4660 fuerunt
1290 4606 1614 4678 Apollinaris
1635 4619 1686 4658 et
1711 4606 2070 4674 Eutyches,et
2099 4606 2279 4674 postea
2316 4614 2358 4667 D
2391 4605 2879 4678 inirecougruunt,
2903 4621 2960 4662 ut
2985 4619 3169 4677 postea
3202 4608 3525 4678 videbimus.
3559 4609 3754 4662 Contra
3787 4605 3956 4674 Synn-

710 4675 970 4742 Severus,
1021 4679 1111 4746 qui
1153 4679 1287 4729 duas
1315 4675 1536 4746 iCbristi
1570 4678 1884 4746 naturaskin
1941 4692 2099 4727 unam
2155 4678 2286 4730 adu-

705 4761 972 4804 mverunt
999 4744 1159 4814 aiqtte
1198 4745 1577 4800 confuderunt.
1614 4744 1750 4797 Ilinc
1775 4744 2097 4814 Theodoreti
2118 4746 2286 4799 dialo-

706 4837 805 4886 gus
828 4830 1010 4872 contra
1042 4812 1411 4886 Apollinarem
1443 4813 1757 4886 inscribitur
1802 4812 2154 4886 ‘Aqdyxuto;
2192 4814 2284 4866 In-

710 4883 983 4955 Eonfnsus.
1034 4883 1298 4955 l’ropritts
1350 4897 1528 4938 tamen
1569 4885 1762 4955 ioperis
1795 4899 1820 4934 a
1862 4883 2062 4955 CyArillo
2097 4885 2283 4955 scripti

713 4951 900 5010 titulus
928 4958 1026 5009 fuit
1050 4951 1191 5010 κατὰ
1224 4954 1652 5017 Συνουσιαστῶν,
1695 4964 1878 5005 contra
1917 4951 2281 5020 Synusia’sms,

717 5031 834 5082 sive
867 5037 1053 5079 contra
1090 5043 1181 5079 eus
1211 5031 1297 5093 qui
1319 5030 1451 5078 duas
1475 5021 1808 5079 substantias
1841 5023 2077 5078 divinam
2110 5033 2162 5074 et
2189 5025 2285 5075 hn-

715 5113 932 5154 inanam
959 5098 1028 5148 ita
1061 5097 1111 5147 in
1140 5097 1353 5150 Christo
1380 5099 1645 5151 adnnatas
1675 5096 1914 5154 aiebant,
1949 5103 2004 5144 ut
2037 5109 2137 5145 una
2166 5104 2285 5160 post

715 5167 1100 5221 adunationem
1134 5175 1297 5218 esset.
1327 5168 1373 5220 Is
1399 5182 1583 5220 revera
1604 5167 1792 5220 titulus
1808 5166 1987 5234 operis
2004 5163 2280 5234 Cyrilliani

714 5245 791 5293 ita
841 5241 1101 5291 recitatur
1138 5235 1200 5286 ab
1236 5235 1538 5300 Iipbrzemio
1586 5239 1923 5290 Antiocbeuo
1973 5237 2110 5302 apud
2144 5235 2285 5288 Pho-

718 5313 850 5363 tium
880 5309 998 5361 cod.
1036 5305 1160 5361 9‘29.
1197 5320 1246 5369 p.
1271 5304 1394 5364 796,
1425 5308 1565 5370 quod
1610 5307 1926 5361 vocabulum
1975 5309 2057 5359 vix
2094 5306 2283 5359 vellent

717 5399 746 5431 ει
783 5379 970 5433 Scotto
1002 5377 1328 5443 explicatum
1369 5375 1532 5426 fuisse
1589 5377 1774 5429 Latine
1825 5390 2008 5430 contra
2058 5380 2282 5431 consub-

719 5449 1097 5510 stantialistas,
1127 5463 1191 5501 uc
1237 5447 1374 5498 forte
1409 5443 1728 5516 I‘Itttycbiani
1780 5447 2011 5502 hmretici
2065 5466 2280 5516 perunt-

725 5530 905 5572 tentur
936 5533 1055 5572 cum
1092 5516 1409 5587 ortltotloxis
1455 5513 1865 5587 rllotnousiauis;
1895 5513 2197 5587 quanquam
2233 5521 2282 5572 bi

722 5604 912 5654 reapse
945 5592 1008 5640 dc
1027 5589 1333 5641 substantia
1361 5586 1537 5639 divina
1584 5594 1788 5636 tantum
1821 5586 2128 5652 loqtntntur,
2171 5606 2288 5656 quze

725 5660 910 5711 eadem
949 5657 998 5708 in
1039 5659 1196 5712 Patre
1227 5658 1471 5724 Filioque
1505 5665 1619 5720 est;
1661 5655 1731 5707 illi
1767 5669 1827 5707 ex
1862 5659 2065 5710 dualnts
2089 5661 2288 5710 (lbi-isti

727 5729 932 5780 naturis
973 5729 1200 5781 humana
1239 5743 1301 5782 ac
1331 5729 1506 5780 divina
1547 5743 1724 5785 unam,
1759 5735 1814 5778 ut
1842 5727 1972 5778 dixi.
2002 5730 2286 5780 faciebant.

727 5797 978 5852 Sedenim
1006 5800 1282 5854 commode
1299 5799 1492 5854 accidit
1513 5808 1567 5853 ut
1590 5797 1776 5853 titulu:
1808 5796 2085 5866 C)’l'tlll;ttli
2111 5800 2288 5866 operis

2390 4681 2587 4747 siastas
2642 4677 2978 4747 suripserant
3039 4680 3202 4732 etiam
3265 4677 3530 4731 Diodorus
3581 4679 3868 4747 Tarsensis
3910 4689 3957 4729 et

2390 4745 2707 4800 Theodorus
2747 4745 3156 4816 Mopsus-tenus,
3222 4749 3450 4801 testibus
3519 4747 3773 4804 Facundo
3826 4746 3953 4797 llcr-

2390 4818 2652 4886 mianeusi
2713 4819 2806 4870 lib.
2846 4834 2964 4882 viti,
3010 4835 3129 4886 cap.
3193 4818 3246 4874 Il.
3314 4832 3518 4870 nconon
3575 4817 3798 4869 Leontio
3842 4818 3951 4870 adr.

2390 4885 2617 4949 Eutych.
2669 4885 2808 4951 apud
2864 4885 3139 4940 Canisium
3186 4887 3360 4950 Antiq.
3397 4886 3514 4936 lect.
3552 4889 3639 4937 ed.
3685 4900 3804 4937 nOv.
3855 4888 3951 4946 t.l,

2390 4969 2442 5021 p.
2469 4954 2594 5014 591,
2621 4955 2857 5019 itemque
2889 4959 3027 5022 apud
3063 4955 3347 5019 tneSpicil.
3381 4953 3533 5006 “om.
3567 4964 3604 5006 t.
3630 4954 3696 5013 Χ.
3727 4964 3860 5019 part.
3900 4973 3949 5018 ll,

2391 5040 2478 5092 pp.
2512 5025 2597 5082 87,
2631 5026 2718 5075 88.
2748 5023 2986 5092 Denique
3010 5026 3173 5078 etiam
3223 5022 3534 5077 Theodotus
3565 5025 3948 5087 Antiocbcnus,

2390 5097 2464 5148 liti
2512 5094 2780 5147 allirmant
2836 5097 2974 5162 apud
3028 5110 3111 5146 me
3165 5103 3291 5146 tom.
3322 5095 3423 5162 cit.
3446 5110 3495 5161 p.
3536 5095 3599 5149 10
3651 5095 3949 5148 Anastasius

2390 5167 2696 5235 presbyter,
2733 5176 2786 5218 et
2841 5161 3099 5218 Leontius
3144 5179 3194 5232 p.
3228 5163 3347 5218 154.
3387 5161 3505 5218 Uno
3553 5166 3818 5219 versiculo
3850 5183 3946 5218 rem

2391 5237 2675 5289 definierat
2717 5238 2857 5304 apud
2914 5236 3319 5288 Theodoretum
3363 5235 3489 5288 dial.
3523 5238 3620 5290 cit.
3651 5252 3701 5302 p.
3733 5236 3827 5287 106
3850 5241 3946 5290 Au-

2393 5307 2602 5362 tiocltus
2639 5306 2983 5360 Ptolemaidis
3014 5321 3028 5359 :
3062 5306 3152 5376 Μὴ
3194 5307 3425 5375 συγχέῃς
3472 5309 3570 5368 τὰς
3612 5307 3816 5373 φύσεις,
3869 5310 3946 5357 καὶ

2390 5380 2450 5431 οὐ
2493 5380 2786 5448 ναρκήσεις
2837 5379 2964 5448 περὶ
3016 5377 3112 5446 τὴν
3151 5378 3497 5444 οἰκονομίαν·
3561 5376 3690 5429 Noli
3749 5389 3943 5427 naturas

2392 5447 2734 5518 confundere.
2789 5461 2834 5501 et
2886 5447 3028 5500 circa
3076 5447 3457 5498 incarnationis
3519 5448 3818 5514 mysterium
3859 5464 3943 5497 nun

2393 5517 2634 5587 torpebts.
2682 5519 2934 5572 Setlenim
2964 5527 3037 5568 tot
3087 5521 3212 5568 olim
3260 5527 3312 5587 et
3347 5529 3528 5582 postea
3587 5529 3776 5568 contra
3817 5517 3941 5565 illam

2390 5586 2639 5642 luet-esitn
2665 5589 2906 5655 scriptis,
2937 5602 2996 5637 ea
3027 5586 3376 5638 nihilominus
3404 5588 3559 5638 vivax
3598 5587 3794 5655 residet
3821 5592 3940 5650 :tptt-l

2388 5671 2591 5727 partem
2615 5654 2900 5710 maximam
2928 5657 3003 5727 _Sy
3015 5669 3215 5715 rerum,
3231 5657 3636 5727 Armeniorum,
3656 5654 3941 5722 Aithioputn

2389 5725 2549 5794 atque
2583 5729 2895 5795 Coptorum.
2926 5725 3096 5780 Tanta
3125 5735 3202 5780 cst
3232 5725 3528 5796 pra'jutlicii
3557 5743 3623 5781 ex
3649 5729 3943 5794 antiquitate

2390 5809 2625 5866 suscepti
2659 5799 2937 5852 tenacitas!
