4116 6470
215 397 235 448 l
257 395 353 451 129

1401 409 1817 468 FliACill-LNI'A
1865 415 2274 474 DOGMATICA.

3312 425 3449 483 “30

208 521 462 578 guutenla
496 512 785 567 ordinatim
815 517 1004 572 recitat
1024 521 1210 575 dicens
1241 522 1354 577 fore
1399 535 1455 578 nt
1494 530 1613 582 coeli
1672 546 1793 582 con-
1819 536 1863 589 Λ
1893 534 2289 587 obrem?Certe
2305 547 2430 588 caro
2453 535 2516 586 ad
2537 533 2586 586 id
2610 541 2798 602 Sponte
2815 549 2908 588 sua
2932 549 3036 590 non
3059 535 3248 598 fertur,
3273 551 3448 605 neque

209 613 551 669 senescant;
597 619 847 671 supremo
900 621 1075 664 autem
1140 612 1248 665 Deo
1299 613 1782 673 innnutabilitatem

206 704 522 756 censcrvat‘,
553 696 726 760 ipsum
755 701 997 759 eumdem
1037 701 1149 755 fore
1201 718 1416 772 semper
1470 716 1631 774 atque
1677 711 1781 762 im-

201 784 525 836 mutabilem
557 793 781 838 testans.
806 787 973 843 Sicuti
1000 803 1175 843 autem
1199 807 1300 845 non
1351 803 1431 847 est
1455 797 1778 850 credendum

201 872 370 923 ullam
401 887 524 927 esse
557 884 666 928 tant
702 882 1062 933 necessariam
1119 898 1251 946 rem,
1286 899 1403 951 qua:
1436 884 1592 939 Verbi
1620 899 1772 942 natu-

201 976 323 1012 ram
361 963 411 1015 in
447 964 496 1016 id
543 977 874 1033 convertere,
907 972 1046 1038 quod
1095 986 1282 1040 reapse
1312 989 1413 1028 non
1447 985 1551 1042 est,
1584 989 1775 1046 queat:

198 1049 284 1103 ita
345 1053 491 1109 nulla
549 1057 782 1114 vicissim
834 1072 1079 1115 creatura
1137 1066 1201 1116 ad
1267 1066 1483 1120 deitatis
1529 1079 1775 1124 naturam

198 1144 444 1212 migrare
487 1152 713 1217 poterit;
741 1166 806 1205 ne
833 1154 996 1205 multa
1046 1155 1295 1226 deinceps
1325 1160 1372 1211 ei
1399 1161 1778 1230 contingerent.

196 1234 658 1304 inconvenientia,
703 1257 822 1310 qua:
879 1259 1007 1297 sane
1053 1245 1390 1305 inveniabilis
1445 1251 1772 1320 blasphemia

194 1327 364 1384 foret.
402 1332 558 1387 Certe
579 1335 623 1386 si
653 1334 826 1402 aliqua
844 1348 1093 1391 creatura
1117 1340 1180 1391 ad
1212 1340 1426 1395 deitatis
1456 1352 1653 1397 statum
1680 1361 1773 1398 na-

193 1421 454 1475 turaliter
479 1425 749 1488 transiret,
781 1442 937 1482 nemo
958 1428 1067 1496 jant
1109 1446 1137 1483 a
1189 1442 1334 1486 recta
1381 1433 1599 1488 deviare
1647 1451 1772 1489 sen-

191 1515 369 1568 tentia
400 1515 691 1581 videretur,
723 1517 766 1571 si
797 1516 936 1573 fortc
967 1520 1170 1574 diceret
1202 1537 1316 1576 eam
1354 1538 1416 1576 ex
1451 1525 1618 1579 nihilo
1653 1541 1772 1581 esse

186 1605 420 1671 factam,
449 1609 543 1661 sed
576 1608 694 1662 ideo
727 1612 966 1666 materia
985 1614 1299 1682 particulam
1321 1616 1421 1669 sibi
1447 1619 1767 1687 sumpsisse,

188 1703 257 1746 ut
288 1695 581 1750 exsisteret
619 1714 633 1750 :
669 1707 778 1752 tum
818 1716 1012 1770 corpus
1039 1703 1327 1773 aliquando
1365 1707 1683 1761 exstiturum
1713 1711 1766 1763 in

186 1784 507 1838 subatantia
564 1802 672 1841 non
726 1794 1050 1860 corporali;
1098 1810 1318 1863 remque
1368 1796 1629 1851 visibilem
1698 1814 1761 1853 ac

186 1876 366 1928 taetui
410 1876 864 1944 subjectam,ﬁeri
911 1897 1091 1952 postea
1144 1887 1463 1940 invisibilem
1518 1899 1571 1943 et
1617 1891 1759 1945 nullo
1791 1858 1832 1913 Β

1816 1989 1819 1992 ’
1870 1982 2110 2048 Quonam
2138 1993 2292 2048 pacto
2315 1984 2490 2036 dicere
2506 1982 2624 2050 quis
2641 1979 2987 2033 ausitfactam
3013 1979 3077 2032 ab
3102 1979 3216 2047 ipso
3232 1978 3438 2030 abomi—

186 1975 344 2020 laetu
392 1970 1022 2041 sentiendamzdcnique
1069 1991 1266 2044 corpus
1315 1979 1442 2032 illml
1499 1982 1662 2033 vitam
1717 1984 1766 2036 vi

183 2057 431 2126 propriae
471 2069 674 2115 natura}
702 2063 918 2129 habere,
954 2067 1029 2119 uti
1081 2066 1311 2121 Verbum
1363 2071 1524 2123 vitam
1554 2087 1580 2124 a
1611 2073 1769 2126 Patre

183 2149 428 2216 accepit.
461 2149 624 2204 Aiunt
651 2151 868 2220 insuper
901 2156 1072 2224 ipsum
1108 2157 1159 2210 in
1191 2173 1254 2212 ea
1309 2162 1606 2216 mutatione
1636 2177 1768 2216 con-

186 2239 712 2298 substantialitatem
741 2260 862 2299 cum
889 2259 1079 2322 natura
1105 2260 1286 2304 nostra
1311 2252 1477 2307 fuisse
1496 2258 1766 2324 adeptum,

191 2347 271 2385 ne
295 2333 421 2401 quis
467 2334 606 2388 forte
634 2336 834 2391 diserte
878 2340 1080 2392 diceret
1128 2341 1292 2394 vitam
1320 2343 1366 2396 ei
1396 2359 1499 2398 non
1553 2345 1765 2400 inesse:

184 2437 377 2490 neque
415 2439 532 2478 esse
573 2425 934 2491 inconfusum,
963 2429 1223 2497 quidquid
1268 2435 1538 2503 corrumpi
1573 2446 1766 2504 potest.

181 2509 334 2562 Tum
363 2514 704 2580 opinionibus
736 2518 852 2571 suis
893 2518 1314 2588 dispensationis
1343 2539 1557 2577 carnem
1595 2541 1767 2594 oppu-

181 2602 522 2670 gnantJam
557 2621 654 2676 ego
697 2607 821 2675 quid
879 2608 1088 2662 dicam?
1125 2611 1383 2667 Dominus
1432 2616 1568 2669 Deus
1615 2619 1768 2670 nobis

183 2693 471 2760 apparuit,
507 2705 565 2747 ut
615 2697 1020 2765 corruptionem
1069 2697 1327 2754 adversus
1363 2716 1462 2756 nos
1504 2703 1768 2757 rebellan-

182 2793 300 2836 tem
318 2783 636 2848 destrueret,
657 2803 760 2841 non
785 2803 910 2841 vero
925 2797 980 2842 ut
1001 2791 1311 2844 ostenderet
1339 2801 1465 2846 natu
1476 2809 1587 2846 ram
1607 2810 1761 2849 suam

182 2876 394 2930 factam
442 2894 560 2934 esse
619 2883 933 2949 participem
984 2883 1399 2952 corruptionis:
1458 2888 1550 2939 sed
1611 2901 1763 2941 suam

183 2967 395 3020 factam
423 2984 544 3022 esse
576 2971 962 3026 demonstravit
992 2989 1209 3027 carnem
1244 2973 1411 3037 illam,
1447 2992 1565 3044 quae
1603 2980 1760 3032 morti

179 3069 311 3114 Crat
345 3061 664 3128 mancipata.
699 3061 801 3116 Sed
825 3063 1114 3130 numjuste
1148 3065 1436 3132 aliquando
1478 3071 1766 3124 contendet

1889 623 1937 674 id
1983 640 2131 677 more
2165 640 2262 679 suo
2300 627 2500 694 appetit
2545 625 2874 680 naturalibus
2920 627 3155 682 motibus
3196 625 3436 679 incitata.

1885 712 2022 780 Ergo
2059 713 2191 766 falso
2226 717 2490 769 dit-eretur
2517 731 2645 770 caro
2685 717 2748 768 ad
2786 733 2903 769 eum
2954 718 3109 769 linem
3149 716 3298 785 jussu
3351 715 3444 771 Dei

1887 801 2044 858 Verbi
2082 806 2407 870 pervenisse.
2444 809 2522 859 An
2568 821 2693 860 vero
2735 804 3150 872 dispensationis
3178 805 3440 858 rationem

1881 895 2293 948 abominabilem
2319 896 2661 964 excogitavit,
2695 906 2750 949 ttt
2778 911 2992 949 carnem
3023 896 3086 945 ad
3130 895 3442 960 dignitatem

1880 987 2124 1038 evexisse
2157 983 2273 1051 ipso
2300 983 2474 1036 Verbo
2529 985 2781 1052 majorem
2831 984 3248 1044 demonstraret,
3280 992 3443 1047 atque

1878 1081 1934 1125 nt
1964 1088 2024 1127 ea
2059 1074 2356 1142 pompatica
2412 1074 2718 1127 videretur?
2745 1078 2919 1141 Atque
2962 1073 3260 1126 audiendus
3301 1071 3445 1123 Psal-

1878 1165 2034 1218 mista
2065 1175 2143 1219 est
2180 1184 2194 1220 :
2239 1183 2258 1216 ι
2293 1165 2568 1219 Sacriﬁcia
2616 1175 2670 1218 et
2719 1165 3020 1218 oblationes
3075 1180 3177 1218 non
3233 1166 3443 1232 expeti-

1876 1255 2018 1321 visti,
2052 1256 2360 1309 holocausta
2404 1271 2499 1324 pro
2548 1255 3042 1324 peceatonoluisti;
3074 1269 3271 1321 corpus
3311 1255 3438 1306 mihi

1875 1347 2072 1412 parasti
2099 1363 2114 1411 ;
2149 1347 2268 1400 ideo
2299 1346 2409 1399 dixi
2438 1364 2450 1399 :
2482 1345 2615 1399 Ecce
2647 1347 2822 1399 venio.
2849 1346 3003 1399 Initio
3037 1345 3152 1396 libri
3183 1346 3440 1412 scriptum

1873 1446 1954 1491 est
1982 1437 2050 1490 de
2084 1451 2166 1490 me
2191 1436 2449 1490 utl‘aciam
2474 1436 2796 1489 voluntatem
2822 1447 2992 1499 tttam,
3015 1439 3151 1491 Deus
3173 1437 3213 1488 ³.
3258 1455 3275 1487 ι
3306 1437 3442 1506 lirgo

1879 1527 2128 1582 Mosaica:
2189 1527 2318 1595 legis
2370 1528 2632 1581 saerilicia
2666 1526 2844 1580 Patris
2877 1526 3147 1580 voluntate
3197 1542 3298 1581 non
3329 1528 3445 1578 exi-

1871 1630 2090 1688 guntur,
2145 1620 2312 1689 magis
2373 1633 2500 1672 vero
2557 1618 2860 1672 incarnatio
2911 1617 3068 1672 Verbi
3122 1617 3438 1685 requiritur,

1870 1727 2061 1783 nempe
2094 1711 2208 1782 ejus
2239 1709 2573 1768 humanatio.
2607 1720 2664 1762 ut
2694 1726 2786 1765 eos
2843 1711 2933 1779 qui
2991 1711 3090 1764 sub
3151 1709 3286 1764 caelo
3317 1716 3443 1761 sunt

1870 1803 2111 1873 perﬁciat
2141 1803 2189 1855 iu
2221 1803 2392 1871 gratia
2416 1817 2510 1870 per
2536 1801 2694 1855 ﬁdem
2727 1817 2740 1854 :
2777 1817 2937 1870 quam
2973 1817 3085 1854 rem
3130 1800 3440 1854 misericor—

1871 1895 1970 1947 diae
2004 1895 2256 1962 pacisque
2293 1908 2453 1948 causa
2510 1893 2656 1957 fecit,
2705 1901 2863 1960 prout
2901 1891 3009 1945 Deo
3059 1890 3276 1960 dignum
3329 1898 3434 1942 est-

1871 2074 2102 2127 nabilem
2154 2074 2604 2143 dispensationem
2639 2074 2804 2136 illam,
2837 2087 2954 2140 qua:
2985 2072 3119 2124 adeo
3151 2079 3234 2124 est
3274 2084 3434 2122 vene-

1872 2163 2053 2217 rabilis
2111 2179 2172 2217 ac
2221 2164 2485 2218 salubris?
2514 2165 2562 2217 id
2597 2165 2737 2232 quod
2788 2177 2973 2230 reapse
3036 2162 3346 2223 accidisset,
3389 2161 3432 2212 si

1871 2261 2072 2306 mutata
2123 2252 2416 2306 divinitatis
2470 2263 2658 2306 natura
2719 2255 2769 2305 in
2828 2266 3078 2305 carneam
3124 2249 3431 2306 transisset.

1870 2339 2066 2395 Paulus
2106 2341 2319 2408 quidem
2366 2341 2797 2410 sapientissimus
2843 2339 3074 2392 scribit:
3111 2353 3127 2384 ι
3173 2335 3433 2390 Sanctum

1871 2428 1984 2495 ejus
2006 2444 2216 2498 corpus,
2252 2429 2301 2482 in
2329 2445 2434 2498 quo
2465 2445 2652 2498 passus
2690 2440 2794 2491 est,
2826 2443 2944 2482 cum
2976 2428 3026 2480 iu
3082 2425 3436 2480 tentationcm

1872 2522 2079 2584 incidit,
2111 2531 2168 2574 ut
2216 2522 2294 2575 eis
2323 2522 2412 2589 qui
2455 2523 2690 2574 tentandi
2741 2521 2915 2573 forent
2945 2534 3099 2586 Opem
3134 2518 3298 2570 ferret
3331 2515 3371 2566 ⁸.
3409 2535 3427 2564 ι

1871 2612 1926 2664 Si
1957 2611 2119 2664 verba
2163 2610 2248 2661 illa
2279 2611 2332 2660 in
2368 2625 2466 2676 quo
2499 2624 2682 2675 passus
2724 2617 2797 2660 est
2833 2606 3089 2668 delemus,
3116 2619 3321 2657 summa
3357 2602 3431 2654 rei

1870 2702 2096 2767 deletur,
2133 2703 2365 2769 itemque
2405 2701 2723 2769 suppeditati
2779 2699 2934 2752 nobis
2978 2697 3163 2749 auxilii
3211 2710 3428 2761 sc0pus.

1869 2793 2019 2860 Quod
2051 2793 2116 2857 si,
2160 2801 2216 2845 ιιι
2242 2792 2423 2845 volunt
2462 2792 2550 2859 qui
2599 2806 2657 2844 ea
2706 2792 2864 2844 verba
2915 2788 3273 2857 supprimunt,
3305 2801 3432 2838 caro

1869 2887 1921 2939 iu
1953 2885 2168 2940 deitatis
2199 2884 2548 2938 substantiam
2571 2883 2826 2936 transisse
2855 2882 3069 2941 dicitur,
3108 2887 3166 2932 ut
3197 2878 3249 2931 id
3286 2877 3426 2944 quod

1869 2991 1972 3029 non
2011 2984 2126 3028 erat
2159 2975 2328 3035 ﬁeret,
2361 2972 2466 3039 jam
2503 2972 2617 3038 ipsa
2649 2986 2775 3024 caro
2825 2968 2960 3022 haud
2995 2967 3218 3020 ulterius
3262 2962 3425 3017 menti

1868 3079 2063 3121 nostrae
2092 3066 2531 3121 occurritzsecns
2567 3063 2708 3115 enim
2747 3078 2864 3129 quae
2920 3060 3232 3114 mutationis
3291 3057 3428 3108 ratio

183 3148 408 3214 aliquis,
442 3150 604 3204 llelnn
631 3151 861 3205 Verbum
900 3154 952 3206 in
1003 3165 1248 3209 naturam
1290 3172 1604 3225 corpoream
1647 3173 1764 3213 esse
1794 3182 1834 3239 ρ
1870 3143 2076 3222 fuisset,
2123 3160 2166 3212 si
2227 3158 2365 3225 quod
2397 3166 2532 3220 erat,
2571 3157 2621 3208 in
2667 3164 2804 3209 statu
2864 3169 2963 3209 suo
3006 3150 3429 3222 permansisset?

186 3249 491 3304 mutatum,
531 3253 623 3296 aut
657 3259 813 3298 versa
846 3245 957 3299 vice
1005 3261 1222 3301 carnem
1277 3249 1342 3302 ad
1383 3250 1473 3302 Dei
1513 3260 1756 3304 naturam

185 3330 478 3397 migrasse,
508 3346 565 3387 ttt
591 3334 693 3403 ipsi
734 3335 885 3389 ﬁeret
943 3339 1461 3393 consubstantialis?
1495 3339 1629 3393 Num
1663 3356 1759 3396 nos

178 3435 252 3473 ea
308 3424 530 3479 credere
583 3435 813 3494 oportet,
867 3443 983 3497 qua:
1041 3431 1261 3484 omnino
1324 3432 1589 3486 credenda
1649 3449 1756 3487 non

181 3513 353 3567 sunt?

489 3605 541 3659 5.
573 3607 716 3660 Idem
745 3608 970 3679 Cyrillus
995 3614 1046 3665 iu
1073 3614 1250 3667 eodem
1287 3614 1438 3668 libro.

264 3690 500 3748 Verbum
529 3696 594 3750 de
628 3700 762 3751 coelo
812 3701 1120 3766 lapsum,et
1168 3704 1320 3772 cujus
1370 3704 1583 3772 propria
1631 3718 1757 3758 caro

191 3783 335 3836 facta
372 3794 471 3848 est,
502 3802 684 3841 revera
727 3791 790 3843 de
823 3793 960 3847 caelo
1005 3795 1290 3850 advenisse
1317 3797 1532 3857 dicitur,
1562 3798 1754 3850 vitam-

182 3889 296 3944 que
328 3879 524 3931 ntundo
577 3880 893 3934 contulisse.
921 3881 1108 3936 Divina
1164 3899 1293 3937 caro
1340 3894 1424 3937 est
1470 3886 1670 3953 itaque,
1699 3895 1759 3938 ut

175 3965 292 4033 jam
323 3967 429 4020 dixi
462 3986 474 4021 :
511 3983 665 4022 nemo
695 3980 873 4024 tamen
927 3982 1072 4026 recta
1115 3976 1323 4028 ratione
1379 3975 1758 4042 intellectuqne

181 4060 466 4127 pmditus,
499 4062 700 4115 idcirco
735 4063 961 4117 Verbum
995 4065 1047 4118 iu
1089 4081 1307 4120 carnem
1339 4076 1606 4119 mutattnn
1637 4082 1756 4121 esse

181 4149 286 4201 sibi
313 4153 670 4217 persuadebit.
701 4152 934 4207 Necesse
972 4164 1053 4209 est
1100 4157 1242 4210 enim
1285 4165 1340 4207 nt
1369 4157 1751 4211 sublimissima

179 4239 422 4292 omnium
455 4251 644 4294 natura
676 4257 868 4308 purum
899 4252 1098 4297 statum
1132 4244 1379 4307 retineat,
1415 4244 1465 4297 id
1508 4255 1590 4298 est
1624 4247 1754 4298 sim-

181 4328 373 4396 plicem
396 4330 512 4383 sine
531 4331 751 4385 alterius
776 4333 1174 4393 commistione.
1210 4349 1276 4387 ne
1323 4333 1460 4387 forte
1508 4334 1752 4387 videatur

178 4419 500 4484 composita,
538 4430 629 4474 aut
659 4421 990 4476 incremento
1022 4424 1286 4491 indigens,
1321 4432 1412 4476 aut
1433 4423 1747 4492 cujusquam

182 4509 259 4563 rei
295 4513 561 4580 particeps
615 4529 732 4582 qua:
771 4524 1015 4567 naturam
1056 4532 1206 4567 suam
1266 4517 1483 4568 minime
1534 4516 1742 4578 deceat,
1780 4514 1825 4572 D

179 4601 304 4653 dum
331 4602 383 4654 in
410 4613 612 4657 natura:
663 4606 942 4669 unitatem,
974 4607 1084 4660 sive
1126 4607 1742 4661 censubstantialitateut

176 4694 450 4747 euttcnrrit
470 4694 565 4764 (l).
594 4695 740 4750 Nunc
768 4699 906 4751 acuti
933 4699 1239 4754 intellectus
1259 4700 1414 4752 oculo
1434 4701 1738 4769 upinioncnt

177 4784 639 4839 Conlusaueorum
674 4799 997 4850 scrutemur,
1027 4791 1314 4842 dicentium
1351 4805 1566 4843 carnem
1603 4793 1742 4844 inef-

177 4874 321 4927 fabili
369 4875 574 4929 rati0ue
603 4875 678 4929 sic
705 4891 824 4931 esse
863 4887 1139 4942 mutatam,
1176 4889 1232 4930 nt
1267 4879 1370 4931 Deo
1405 4876 1578 4932 Verbo
1615 4896 1745 4932 con-

175 4965 547 5018 substantialis
578 4966 831 5019 evaserit.
867 4965 975 5020 Cur
1030 4967 1104 5030 id,
1133 4968 1370 5035 inquam,
1414 4976 1504 5020 aut
1545 4985 1738 5036 qnam-

262 5138 284 5170 ³
313 5139 455 5196 Psal.
490 5155 674 5203 xxxix,
706 5140 821 5195 7-9.
897 5143 917 5172 ⁸
942 5143 1101 5197 llebt‘.
1131 5157 1190 5205 tt,
1227 5142 1307 5199 l8.

247 5292 326 5362 (l)
356 5292 542 5346 Exstat
572 5295 878 5368 Grarcebic
911 5295 1059 5368 locus
1082 5299 1217 5362 apud
1245 5297 1586 5368 Anastasium
1613 5315 1731 5368 pre-

175 5364 450 5435 sbytcrum
481 5378 508 5415 a
536 5365 689 5417 nobis
721 5367 919 5418 editum
957 5365 1149 5433 Script.
1188 5377 1281 5419 vet.
1319 5377 1356 5419 t.
1391 5366 1494 5431 Vll,
1528 5364 1730 5435 pleO.

178 5434 263 5505 l5,
287 5432 375 5505 2?,
409 5447 535 5505 cum
560 5436 645 5486 vix
674 5435 878 5502 aliquot
904 5436 1253 5505 varietatibus
1278 5437 1356 5489 sic
1385 5454 1398 5490 :
1429 5432 1730 5505 Κυρἷλλου

171 5503 241 5576 sic
275 5501 378 5576 rat“;
403 5503 551 5576 ruga
593 5501 1057 5576 Συγοὺσιαστῷν
1089 5508 1293 5572 λόγου.
1317 5575 1321 5576 ν
1343 5505 1451 5558 Ναὶ
1489 5501 1593 5576 μῖὴν
1641 5507 1732 5560 καὶ

173 5571 240 5645 ἐξ
261 5570 490 5645 οὐρανοῦ
516 5573 947 5645 δίαιτα-ϐεϐηκέναι
977 5570 1213 5641 λέγεται,
1245 5575 1337 5626 καὶ
1362 5570 1504 5645 ζωὴν
1536 5570 1732 5629 διδόναι

173 5639 250 5714 et?)
275 5639 482 5714 κόσμει),
511 5641 603 5714 διὰ
620 5643 710 5714 τὸν
730 5639 933 5714 ἄνωθεν
957 5639 1126 5710 καῖὲξ
1159 5645 1219 5697 οὑ
1231 5644 1389 5714 ρανοῦ
1424 5639 1734 5699 κξιταϐάντα

175 5691 232 5722 ,νο
296 5691 327 5693 ⁷-
375 5691 444 5726 ετ)
468 5691 481 5703 ι
520 5691 533 5694 ν
569 5691 595 5694 “
619 5691 700 5726 .3"
731 5691 926 5697 “"""
959 5691 1048 5696 π’
1072 5691 1126 5728 η’
1165 5691 1318 5729 “⁷¹’Ἵ’
1344 5691 1397 5724 ".
1426 5691 1732 5730 ""","“'"'

178 5712 349 5785 λόγον.
381 5727 440 5765 ου
479 5711 700 5785 uallata
731 5713 1007 5785 vévovsvﬁ
1042 5715 1204 5783 σαρξ’
1241 5731 1432 5767 ουκουν
1467 5715 1586 5768 om
1615 5717 1732 5785 μὲν,

177 5781 247 5843 ti);
287 5780 440 5852 ἔφην,
481 5782 658 5834 ἐστίν·
691 5785 749 5836 οὐ
789 5785 893 5854 μὴν
937 5780 1010 5837 ετξ
1045 5780 1134 5838 καὶ
1167 5785 1243 5848 εἰς
1298 5785 1453 5853 φύπεν
1491 5780 1736 5857 θεότιμος

1860 3254 1988 3318 Quae
2039 3259 2223 3303 nostro
2277 3246 2487 3313 corpori
2538 3246 2740 3299 utilitas
2799 3246 3080 3298 accederet
3125 3258 3153 3296 a
3201 3242 3427 3312 mystico

1861 3352 2154 3409 sanctoque
2193 3340 2480 3403 sacriﬁcio,
2514 3341 2665 3404 cujus
2701 3339 2938 3407 suscepti
2975 3336 3173 3389 factum
3199 3343 3282 3388 est
3303 3348 3426 3401 par-

1862 3433 2063 3502 ticeps?
2090 3431 2316 3496 Quinam
2370 3430 2486 3497 ejus
2537 3431 2608 3484 rei
2655 3430 2858 3482 fructus
2905 3427 3042 3480 alius
3081 3426 3290 3487 fuisset,
3324 3424 3424 3476 nisi

1859 3523 1998 3592 quod
2043 3521 2274 3575 Verbmn
2302 3528 2543 3573 naturam
2576 3534 2728 3574 suam
2764 3528 2972 3570 mutare
2997 3514 3290 3569 voluisset?
3316 3513 3425 3566 Cur

1859 3614 2012 3668 nobis
2045 3612 2158 3680 ipse
2199 3611 2420 3666 dixisset
2461 3627 2473 3662 :
2514 3628 2530 3661 t
2568 3610 2676 3676 Ego
2717 3621 2836 3661 sum
2873 3604 3028 3675 panis
3061 3604 3183 3657 vitae
3223 3602 3314 3671 qui
3358 3603 3424 3655 de

1857 3706 1993 3759 coelo
2025 3704 2322 3766 descendit,
2353 3703 2658 3769 mundoque
2694 3701 2859 3752 vitam
2903 3707 3159 3751 aeternam
3211 3695 3323 3748 dat.
3361 3693 3425 3746 Et.

1857 3797 2030 3865 panis,
2057 3809 2214 3864 quem
2237 3808 2335 3862 ego
2370 3792 2566 3856 tribuo,
2606 3806 2722 3844 mea
2747 3804 2871 3843 caro
2903 3789 3092 3850 ρει,οὺ
3135 3787 3313 3840 mundi
3344 3787 3422 3838 vi-

1859 3897 1988 3943 tam.
2022 3887 2120 3952 Qui
2155 3888 2440 3938 mandueat
2495 3899 2666 3937 meam
2722 3896 2940 3935 carnem
2973 3891 3027 3934 et
3058 3880 3190 3934 bibit
3241 3893 3415 3932 meum

1856 3977 2263 4045 sanguinem,in
2320 3991 2403 4028 me
2431 3984 2630 4039 manet,
2666 3982 2718 4026 et
2759 3987 2857 4038 ego
2909 3973 2960 4026 in
2992 3988 3054 4025 eo
3075 3971 3116 4023 ⁵.
3151 3991 3168 4022 ι
3204 3971 3342 4038 Ergo
3372 3972 3416 4023 si

1857 4080 1984 4119 caro
2015 4065 2065 4118 in
2096 4065 2144 4117 id
2177 4068 2319 4133 quod
2344 4079 2448 4116 non
2477 4075 2594 4118 erat
2648 4072 2849 4117 mutata
2879 4074 2984 4126 est,
3019 4069 3180 4132 atque
3231 4063 3293 4115 ad
3329 4077 3422 4114 su-

1856 4156 2152 4209 blimiorem
2188 4165 2375 4209 natura
2410 4155 2623 4223 propria
2652 4155 2875 4223 gradum
2909 4155 3143 4215 transiit,
3176 4152 3226 4205 id
3251 4162 3336 4205 est
3371 4151 3417 4204 si

1853 4263 1972 4300 eam
2005 4246 2161 4300 Verbi
2185 4248 2432 4302 voluntas
2466 4246 2813 4300 excelsiorem
2851 4246 2995 4307 fecit,
3029 4247 3181 4298 nobis
3207 4259 3420 4312 quoque

1853 4339 1956 4390 vim
1983 4337 2138 4404 hujus
2163 4339 2423 4406 mysterii,
2460 4352 2651 4404 resque
2685 4338 2748 4390 ad
2778 4337 2827 4389 id
2857 4337 3185 4406 pertinentes
3210 4335 3417 4388 ratione

1852 4430 1954 4483 alia
1987 4430 2164 4483 licebit
2199 4444 2473 4496 peragere.

2133 4559 2186 4614 4.
2223 4557 2371 4611 Idem
2408 4556 2634 4626 Cyrillus
2674 4559 2728 4610 in
2759 4557 2938 4611 eodem
2980 4557 3130 4610 libro.

1925 4696 2062 4765 Ergo
2086 4694 2474 4748 incarnationis
2506 4694 2694 4760 dogma
2733 4693 3012 4760 perspicua
3045 4705 3277 4759 veraque
3309 4692 3412 4745 ﬁde

1850 4788 2106 4842 Creditur.
2134 4787 2282 4851 Quod
2310 4787 2375 4846 si,
2418 4795 2473 4838 nt
2526 4782 2817 4836 adversarii
2871 4782 3072 4846 dicunt,
3106 4781 3310 4845 abiecta
3334 4790 3414 4835 est

1849 4893 1995 4939 caro,
2027 4888 2076 4930 et
2111 4878 2161 4929 in
2188 4889 2435 4930 naturam
2479 4877 2633 4929 Verbi
2671 4885 2898 4940 mutata,
2935 4877 3076 4943 quod
3136 4876 3182 4928 ei
3217 4890 3274 4928 se
3317 4889 3410 4927 co-

1850 4969 2073 5036 pulavit,
2108 4985 2242 5022 vana
2265 4983 2477 5038 quoque
2509 4968 2756 5022 evaderet
2801 4983 2901 5020 una
2936 4983 3055 5021 cum
3091 4969 3270 5020 carnis
3298 4983 3412 5021 mu-

1389 5146 1407 5176 ⁸
1429 5142 1586 5200 Joan.
1620 5160 1693 5210 vt,
1727 5146 1915 5201 51-55.

1887 5301 2165 5381 εξαὸᾳλεῖν
2200 5305 2525 5381 ὑποπτεύσοι
2553 5325 2635 5370 τις
2660 5308 2745 5374 ἂν,
2774 5309 2905 5381 εἶ’-γε
2934 5311 3057 5363 νοῦν
3090 5311 3202 5381 ἔχει
3231 5312 3320 5364 τὸν
3346 5307 3402 5362 εὖ

1887 5318 2165 5355 grauatam
2200 5318 2525 5359 υποπτεῡσοι
2553 5325 2635 5370 τις
2660 5318 2745 5374 ἂν,
2774 5318 2826 5361 εἰ
2846 5326 2905 5376 γε
2934 5318 3057 5363 νοῦν
3090 5318 3202 5381 ἔχει
3231 5318 3320 5364 τὸν
3346 5318 3402 5362 εὑ

1840 5318 2228 5450 ἕὲϐηκρταικαὶ
2265 5374 2597 5450 δογματικῆς
2626 5379 2905 5449 εὐτεχνίας
2934 5381 3123 5450 ὲπιστή
3135 5399 3271 5450 μονα.
3289 5399 3300 5409 ’
3325 5381 3405 5432 δεῖ

1837 5442 1944 5517 γᾴρ
1972 5445 2035 5513 τῇ
2064 5443 2278 5517 Ῑτάνξων
2300 5442 2677 5517 ἐτέὲκεινάκαὶ
2717 5442 2974 5502 ἀνωτάτω
3013 5442 3191 5517 φύέέι,
3228 5450 3396 5513 σώζε-

1839 5511 1959 5590 σβαι
1986 5511 2241 5590 ιιρςιοαρῶς
2271 5515 2722 5590 ῖὸ-ἁπξοῦνηκαὶ)
2741 5511 3050 5589 ἅσυμμιγὲξς
3091 5511 3280 5590 ἑτέρῳ,
3309 5511 3402 5590 irai.

1836 5580 1895 5657 ῖὸ
1939 5581 2011 5651 μὴ
2059 5580 2649 5657 συνῖερεῖσθᾳιίόοκείῖν,
2698 5588 2753 5639 ἐν
2784 5580 2861 5657 γε’
2894 5580 3009 5651 ἱ’ςοΐς
3032 5580 3158 5642 ⁷καθ’
3181 5580 3401 5655 ’ἐξιντὴν

1838 5651 2003 5728 ἤγουν
2028 5652 2352 5728 προσθήκης.
2374 5655 2652 5728 δεδεῆςοᾳέ
2686 5651 2827 5720 τινός
2844 5661 2935 5711 καὶ
2957 5659 3274 5728 ἀσυμφυοῦς
3304 5651 3402 5712 αὖ-

1840 5723 1935 5800 τῇς
1970 5725 2388 5800 πράἷματοςιεῐς
2413 5726 2692 5800 κοινωνίαν
2716 5728 2884 5784 ἐλθεῖν
2906 5730 3003 5800 τὴν
3036 5723 3089 5783 ἐν
3119 5723 3399 5800 ὲαυτὸτητι

1845 5791 2053 5859 suae);
2087 5791 2249 5861 ἤγουν
2273 5794 2664 5866 ὁμοονπιότητι.
