4116 6466
671 403 802 460 “Si

1659 401 1717 462 S.
1759 401 2028 460 CYRILLI
2065 399 2538 456 ALEXANDRINI
2580 398 2904 454 ARCIIIEP.

3796 397 3948 455 14δὲ

672 523 876 577 talione
921 519 1176 575 salutaris
1234 519 1357 576 fidei
1417 533 1617 579 nostrae
1659 523 1963 578 confessio:
1991 522 2100 575 imo
2153 535 2241 574 res
2272 525 2317 580 Α
2345 533 2452 587 quo
2489 519 2553 572 de
2584 517 2725 572 coelo
2756 517 3028 572 rediturus
3069 515 3225 576 est’,
3261 514 3386 569 hinc
3445 521 3660 567 conStat
3711 526 3946 565 carnem

668 620 780 668 tota
831 610 1286 678 pessumdaretur,
1349 627 1470 667 eum
1523 613 1754 667 indidem
1793 623 2048 666 manante
2079 612 2240 681 justi-

672 703 951 769 ficatione;
984 715 1488 775 consequenterque
1529 720 1625 759 nos
1672 705 1848 759 adhuc
1896 707 1949 758 in
2004 705 2241 776 peccatis

676 796 872 849 nostris
898 811 1198 865 manenms,
1228 815 1401 869 neque
1432 808 1670 853 veterum
1707 798 1988 868 culparum
2029 806 2242 853 nostra-

671 903 789 941 rum
813 889 1001 944 sordes
1035 893 1292 945 discussae
1322 901 1466 946 sunt.

978 1004 1032 1059 5.
1069 1005 1218 1058 Idem
1253 1003 1557 1074 Cyrillusin
1581 1005 1758 1059 eodem
1786 1005 1935 1059 libro.

743 1115 800 1170 Si
834 1131 960 1172 caro
988 1117 1146 1172 Verbi
1167 1136 1194 1172 a
1217 1128 1413 1171 nostra:
1441 1120 1622 1173 carnis
1651 1120 1960 1175 conditione
1985 1117 2247 1174 recessis-

672 1219 775 1273 set,
808 1209 1055 1279 superior
1105 1209 1263 1263 nobis
1295 1208 1508 1272 effecta,
1539 1212 1664 1280 quia
1711 1213 1763 1265 in
1808 1214 2064 1266 deitatem
2114 1223 2246 1263 con-

678 1313 849 1363 versa,
884 1299 1073 1352 salutis
1101 1309 1302 1360 nostra:
1339 1300 1483 1355 basis
1530 1313 1829 1367 corrueret,
1877 1316 2080 1369 nosque
2116 1300 2251 1353 adeo

673 1392 771 1445 sub
797 1393 985 1446 mortis
1006 1393 1316 1461 peccatique
1338 1394 1602 1447 smvitiam
1643 1395 2040 1449 recideremus.
2072 1391 2249 1457 Sicut,

672 1479 865 1536 domus
897 1483 1105 1537 murive
1133 1483 1375 1539 subrutis
1401 1486 1600 1540 inlimis
1624 1485 2008 1549 fundamentis,
2039 1486 2255 1538 univer-

673 1590 791 1630 sum
828 1577 1114 1632 aedificium
1152 1578 1506 1644 dilaberetur,
1531 1590 1586 1633 et
1635 1580 1889 1649 quidquid
1936 1579 2039 1633 illis
2070 1579 2256 1633 fulcris

673 1676 1102 1734 superstructum
1158 1666 1367 1732 fuerat;
1410 1669 1481 1722 ita
1527 1671 1570 1724 si
1613 1669 1878 1736 Unigeniti
1929 1686 2050 1723 cum
2096 1683 2258 1723 carne

674 1758 1007 1827 dispensatio
1038 1773 1164 1812 vera
1209 1774 1314 1812 non
1349 1769 1516 1826 esset,
1551 1776 1638 1814 res
1663 1770 1860 1814 nostrae
1904 1759 2061 1813 simul
2096 1768 2257 1829 atque

675 1843 729 1896 in
767 1855 1084 1913 perpetuum
1126 1856 1498 1901 everterentur
1551 1858 1604 1900 et
1650 1850 1880 1901 intirma:
1925 1851 2135 1903 tierent.
2169 1847 2258 1903 Sic
2292 1869 2333 1926 Β

676 1935 764 1989 aio
800 1937 1024 2005 pariter,
1064 1940 1204 2006 quod
1236 1939 1280 1993 si
1335 1936 1492 1993 Verbi
1529 1955 1657 1993 caro
1687 1941 1737 1993 in
1766 1940 1985 1994 deitatis
2008 1947 2258 1992 naturam

676 2038 885 2082 mutata
917 2027 1128 2096 fuisset,
1150 2031 1458 2085 necessario
1498 2040 1661 2100 atque
1712 2031 1764 2086 in
1813 2031 2260 2087 aiteruumaFilii

678 2119 918 2175 hominis
958 2120 1319 2190 appellatione
1365 2123 1664 2178 excideret.
1710 2125 1819 2178 Cur
1864 2139 1992 2196 ergo
2046 2124 2263 2193 sapien-

679 2208 925 2263 tissimus
951 2210 1146 2266 Paulus
1175 2213 1406 2268 dixisset
1441 2231 1454 2266 :
1488 2233 1505 2265 ι
1559 2214 1713 2270 Unus
1740 2227 1820 2270 est
1852 2215 2013 2281 Deus,
2040 2228 2093 2272 et
2125 2232 2264 2271 unus

680 2301 948 2355 mediator
998 2302 1138 2356 inter
1195 2301 1363 2357 Deum
1422 2315 1475 2358 et
1521 2306 1782 2369 homines,
1812 2308 1972 2362 homo
2017 2308 2265 2364 Christus

682 2389 864 2456 Jesus,
910 2393 1001 2463 qui
1042 2393 1189 2450 dedit
1251 2395 1489 2466 seipsum
1546 2399 1971 2467 redemptionem
2017 2416 2115 2470 pro
2161 2416 2263 2456 no-

681 2482 768 2537 bis
799 2484 898 2536 °?i
941 2485 1035 2540 Est
1061 2487 1175 2557 ipse
1204 2489 1470 2543 mediator
1516 2500 1574 2542 ut
1616 2491 1777 2554 Deus,
1809 2491 2060 2561 idemque
2103 2494 2265 2549 homo

684 2574 866 2639 simul,
909 2575 1075 2630 Deum
1130 2575 1347 2633 Patrem
1384 2580 1540 2634 nobis
1569 2581 1830 2649 placatis;
1869 2583 1980 2651 ipse
2018 2599 2156 2636 unus
2184 2595 2266 2638 est

684 2665 739 2720 in
762 2667 913 2723 unica
943 2669 1293 2734 adunatione,
1332 2671 1386 2724 in
1422 2687 1526 2740 qua
1551 2687 1682 2727 sane
1717 2674 1905 2742 grandi
1953 2689 2073 2727 cum
2109 2675 2265 2730 diﬂ‘e-

683 2761 863 2815 rentia
933 2761 1344 2832 distinguuntur
1410 2774 1618 2818 natura:
1671 2765 2020 2835 (l):eaedem
2084 2776 2264 2821 tamen

686 2863 1021 2909 concurrunt
1076 2856 1238 2911 simul
1293 2856 1347 2911 in
1393 2857 1694 2924 Christum,
1727 2869 1782 2913 et
1828 2860 1882 2914 in
1925 2859 2264 2915 inconfusam

688 2947 1071 3003 adunationem
1107 2954 1272 3018 atque
1330 2949 1706 3016 insolubilem;
1743 2950 1936 3005 similis
1993 2950 2136 3005 Patri
2185 2962 2268 3005 est

690 3040 910 3106 deitate,
929 3042 1121 3097 similis
1146 3043 1300 3098 nobis
1319 3042 1684 3109 humanitate;
1717 3057 1878 3114 atque
1897 3045 1969 3098 ita
1989 3044 2270 3114 cognosci-

691 3143 778 3187 tur
816 3133 979 3188 homo
1007 3134 1256 3191 Christus
1302 3133 1459 3190 Jesus
1501 3136 1767 3191 mediator
1811 3147 2017 3192 noster.
2044 3137 2195 3203 Quod
2220 3137 2267 3192 si

692 3222 1075 3277 abominabilis
1121 3223 1174 3277 in
1229 3239 1314 3290 eo,
1338 3235 1395 3278 ut
1443 3226 1529 3279 isti
1577 3226 1938 3293 volunt,caro
1988 3235 2154 3292 esset,
2190 3228 2266 3282 rei
2296 3221 2341 3282 C

691 3327 900 3366 summa
935 3315 999 3368 de
1025 3313 1199 3368 medio
1223 3316 1522 3380 tolleretur,
1563 3332 1664 3370 nec
1701 3315 1813 3384 jam
1851 3316 1967 3384 ipse
2000 3316 2142 3370 inter
2175 3331 2272 3372 nos

691 3403 1020 3475 Patremque
1037 3421 1191 3461 suum
1229 3406 1492 3462 mediator
1527 3419 1692 3462 esset.
1731 3407 1882 3462 Tunc
1920 3417 2097 3463 autem
2130 3424 2271 3478 quo-

693 3497 858 3552 modo
889 3497 953 3552 ad
988 3497 1136 3552 illum
1164 3501 1590 3554 accederemus?
1613 3513 1709 3555 aut
1739 3513 1886 3556 certe
1915 3502 2035 3570 quis
2064 3517 2162 3556 nos
2198 3501 2274 3556 illi

695 3586 1044 3642 admoveret?
1071 3590 1195 3659 quis
1232 3593 1446 3645 demum
1466 3593 2089 3661 superessetmediator?
2112 3591 2278 3649 Divus

693 3677 896 3733 Paulus
928 3680 1066 3734 dixit
1119 3682 1398 3737 hominem
1423 3699 1544 3738 esse
1586 3684 2120 3740 mediatorem.Tutn
2163 3685 2278 3755 ipse

697 3769 946 3826 Christus
972 3772 1220 3841 inquitu
1252 3773 1421 3830 Nemo
1451 3781 1600 3830 venit
1648 3778 1714 3832 ad
1771 3777 2007 3842 Patrem,
2038 3777 2138 3832 nisi
2184 3791 2281 3847 per

697 3864 849 3918 me'.
881 3883 899 3916 ι
944 3850 1325 3921 Portentosum
1376 3878 1460 3922 est
1517 3883 1648 3938 ergo
1709 3879 1760 3924 et
1806 3869 2278 3940 insaniaiplenum

698 3967 1067 4012 commentum
1090 3958 1304 4014 illorum
1331 3960 1420 4030 qui
1450 3970 1674 4016 naturas
1707 3960 2066 4018 confundunt.

986 4070 1038 4125 6.
1084 4070 1234 4126 Idem
1282 4072 1514 4144 Cyrillus
1547 4075 1601 4128 in
1635 4079 1814 4130 eodem
1840 4076 1996 4130 libro.

779 4200 798 4233 ι
833 4181 965 4236 Cum
993 4182 1162 4239 Filius
1186 4185 1421 4240 hominis
1449 4187 1676 4252 venerit,
1709 4203 1834 4241 num
1867 4187 1922 4241 in
1953 4197 2094 4242 terra
2121 4187 2283 4243 fidem

701 4277 1025 4337 inveniet'?
1057 4297 1075 4329 ι
1126 4276 1282 4331 Nunc
1312 4279 1603 4346 qumrimus
1632 4280 1699 4333 ab
1723 4279 2076 4342 adversariis,
2103 4295 2288 4348 quam-

700 4387 828 4425 nam
865 4371 1009 4425 volet
1063 4369 1299 4424 hominis
1344 4369 1517 4425 Filius
1564 4372 1722 4426 ﬁdem
1766 4372 2032 4436 invenire,
2066 4388 2187 4427 cum
2221 4373 2288 4429 de

704 4459 843 4512 coelo
898 4458 1190 4517 descendet
1229 4459 1368 4528 apud
1417 4473 1513 4513 eos
1564 4460 1653 4530 qui
1689 4460 1743 4514 in
1781 4470 1926 4515 terra
1959 4465 2290 4518 versantur?

704 4550 802 4604 Vel
834 4550 1092 4618 quidnam
1121 4550 1188 4603 de
1225 4564 1290 4604 eo
1344 4551 1552 4620 epinari
1596 4551 1928 4621 possumus?
1973 4551 2113 4608 Num
2150 4554 2292 4611 forte
2324 4577 2367 4631 ι)

706 4641 1023 4712 abjecturus
1063 4650 1145 4696 est
1168 4640 1290 4696 Filii
1316 4642 1551 4697 hominis
1591 4643 1987 4710 conditionem,
2015 4659 2082 4699 an
2109 4647 2289 4715 potius

706 4736 759 4788 in
792 4734 1146 4789 similitudine
1177 4744 1363 4789 nostra
1387 4749 1692 4802 mansurus,
1723 4746 1782 4790 ut
1809 4736 1974 4792 homo
2016 4752 2136 4793 esse
2172 4754 2290 4794 ere-

709 4829 906 4882 datur?
939 4828 1092 4894 Quod
1155 4829 1198 4884 si
1236 4828 1391 4900 longe
1429 4829 1663 4896 abesset,
1690 4839 1749 4884 ut
1797 4829 1973 4900 ipsum
2028 4846 2180 4900 aeque
2227 4847 2291 4886 ac

708 4937 808 4978 nos
860 4922 1134 4977 hominem
1183 4932 1432 4992 reputare
1473 4937 1776 4992 possemus,
1816 4933 2290 4994 consequenterne

714 5017 895 5072 dicere
944 5015 1135 5071 liceret
1164 5025 1453 5072 venturum
1512 5015 1746 5073 fortasse
1795 5032 1894 5072 ceu
1928 5019 2199 5072 hominem
2233 5026 2291 5071 ut

711 5110 872 5163 tidem
899 5109 951 5162 in
979 5117 1125 5163 terra
1155 5108 1412 5174 inveniat,
1441 5117 1494 5164 et
1521 5125 1627 5163 non
1658 5111 1839 5179 potius
1874 5119 2158 5165 venturum
2192 5125 2291 5164 ceu

713 5201 884 5255 Deum
923 5198 1157 5256 Verbum
1209 5201 1439 5271 simplex
1473 5211 1529 5257 et
1576 5203 1781 5270 absque
1822 5217 2010 5268 carne,
2052 5213 2111 5257 ut
2154 5202 2296 5256 hanc

717 5295 877 5348 tidem
907 5293 1046 5362 apud
1085 5303 1372 5349 terrestres
1425 5294 1700 5348 inveniat?
1732 5292 1837 5349 Sed
1886 5295 2011 5363 quia
2071 5294 2299 5363 ipsemet

720 5385 1008 5441 manifeste
1023 5401 1079 5441 se
1101 5383 1297 5440 Filium
1327 5386 1560 5441 hominis
1579 5386 1835 5441 vocitavit
1853 5394 2101 5457 tempore
2133 5385 2297 5440 etiam

817 5546 838 5578 ‘
862 5547 882 5603 Ι
903 5551 1044 5605 Tim.
1076 5567 1137 5617 tt,
1169 5551 1221 5604 5.

1298 5548 1496 5602 'Joan.
1532 5563 1642 5614 xtv,
1683 5546 1736 5600 6.
1814 5547 1834 5578 ⁸
1858 5547 1986 5605 Luc.
2012 5563 2147 5613 xvtt,
2182 5546 2231 5602 8.

727 5621 771 5652 ⁸⁸
793 5618 1021 5693 Philipp.
1058 5638 1140 5690 tn,
1178 5622 1269 5676 2|.

1349 5618 1431 5672 ⁸³1
1460 5618 1615 5674 Joau.
1652 5633 1724 5684 tv,
1763 5617 1850 5673 12.

2311 5545 2332 5577 ⁹
2356 5543 2548 5600 Matth.
2580 5557 2730 5610 χχιι,
2761 5540 2814 5596 6.

2343 615 2410 667 ab
2441 627 2504 667 eo
2536 613 2587 666 in
2621 611 2762 664 aliud
2793 605 3019 679 quodvis
3046 620 3148 657 non
3184 603 3351 659 fuisse
3386 613 3679 665 mutatam,
3706 601 3805 656 sed
3827 601 3950 670 glo-

2347 706 2543 760 riosam
2575 706 2714 770 apud
2740 718 2860 757 eum
2885 712 3122 760 manere,
3159 696 3649 765 incorruptibiletn,
3676 697 3799 749 sine
3835 710 3955 747 nia-

2312 798 2488 860 'cula,
2508 808 2670 865 atque
2690 796 2776 848 illa
2807 793 2924 845 luce
2953 790 3247 856 fulgentem
3282 787 3345 839 ad
3376 804 3536 856 quam
3573 801 3736 840 nemo
3763 797 3955 855 potest

2348 891 2630 944 accedere.
2658 889 2828 942 Porro
2864 882 3005 939 haud
3052 896 3172 933 cum
3217 878 3308 931 illo
3355 881 3528 943 tenui,
3555 891 3616 933 ut
3665 879 3954 949 primitus,

2348 981 2638 1049 Splendore
2673 977 2984 1033 descendet.

2636 1091 2686 1144 7.
2722 1090 2868 1144 Idem
2909 1086 3136 1157 Cyrillus
3176 1083 3230 1136 in
3273 1083 3453 1135 eodem
3502 1084 3656 1134 libro.

2425 1207 2481 1261 Si
2515 1221 2642 1260 caro
2667 1205 2786 1273 ejus
2813 1203 2879 1257 ad
2915 1209 3160 1255 naturam
3191 1195 3408 1250 deitatis
3431 1194 3602 1263 ipsius
3632 1197 3960 1250 transisset.

2347 1297 2458 1366 jam
2492 1299 2660 1353 Filius
2683 1295 2917 1352 hominis
2945 1306 3064 1346 esse
3092 1288 3403 1348 desineret;
3451 1287 3742 1355 palamque
3767 1288 3960 1337 omni-

2357 1391 2455 1445 bus
2488 1391 2641 1445 fieret
2691 1387 2916 1458 gloriam
2958 1379 3266 1450 adoptionis
3315 1379 3493 1432 amitti
3542 1393 3569 1430 a
3608 1377 3789 1436 nobis,
3836 1387 3962 1426 ιλιι-

2359 1500 2518 1551 quam
2551 1483 2598 1537 si
2629 1476 3047 1552 primogenitum
3073 1473 3214 1528 inter
3235 1469 3433 1526 multos
3464 1469 3725 1524 fratres“
3745 1467 3964 1522 diutius

2361 1591 2468 1628 non
2503 1575 2847 1629 haberemus.

2661 1687 2714 1742 8.
2749 1685 2899 1740 Idem
2932 1681 3161 1754 Cyrillus
3186 1682 3240 1736 in
3265 1683 3444 1736 eodem
3480 1679 3640 1732 libro.

2437 1804 2550 1858 Non
2585 1810 2810 1871 apparet
2848 1797 3085 1854 Verbum
3134 1809 3352 1851 carnem
3403 1805 3665 1857 mutasse,
3698 1804 3822 1860 qua:
3874 1789 3957 1841 in-

2364 1896 2796 1952 convertibiliter
2852 1901 2907 1945 et
2954 1891 3159 1958 absque
3189 1887 3511 1943 confusione
3544 1880 3621 1940 illi
3653 1883 3956 1952 ennjnncta

2363 2001 2448 2046 est
2473 1992 2525 2045 in
2545 1988 2764 2044 deitatis
2795 1994 3010 2040 natura.
3041 1980 3175 2036 illud
3208 1981 3384 2048 potius
3417 1981 3796 2036 observamus,
3840 1987 3959 2025 me-

2364 2085 2472 2138 rito
2520 2083 2665 2136 illam
2723 2078 2893 2150 gloria
2930 2090 3026 2131 sua
3080 2073 3482 2143 ntaguificasse,
3531 2069 3951 2132 honoribusque

2364 2175 2474 2230 Deo
2507 2172 2701 2228 debitis
2732 2167 3070 2224 cumulasse:
3094 2172 3255 2234 atque
3297 2165 3368 2218 ita
3425 2173 3676 2231 tempore
3711 2172 3811 2212 suo
3836 2170 3960 2208 car-

2363 2269 2450 2324 nis
2495 2280 2710 2336 quoque
2768 2259 3162 2329 dispensatoria
3221 2256 3521 2310 substantia
3548 2253 3640 2325 [de
3675 2249 3818 2305 coelo
3863 2249 3954 2299 de-

2365 2356 2826 2428 scendet]:quam
2871 2351 3117 2406 videntes
3145 2348 3504 2403 admiratione
3533 2344 3771 2417 perculsi
3804 2351 3957 2396 sunt.

2370 2451 2521 2505 Hane
2553 2461 2742 2516 reapse
2776 2443 2965 2498 oculus
2993 2441 3149 2504 vidit,
3179 2441 3254 2495 uti
3286 2442 3548 2509 scriptum
3583 2449 3688 2493 est.
3731 2437 3962 2491 Sancto-

2367 2558 2484 2596 rum
2518 2541 2663 2594 enim
2700 2536 3012 2607 angelorum
3061 2547 3200 2586 unus
3250 2531 3576 2586 mirantibus
3623 2529 3744 2582 ait:
3787 2545 3807 2577 ι
3842 2523 3960 2578 Viri

2370 2630 2742 2698 Galiltei,quid
2768 2628 2966 2683 caelum
2985 2621 3295 2692 suspieitis?
3327 2621 3601 2675 llieJesus
3622 2621 3714 2688 qui
3741 2631 3963 2671 assunt-

2367 2739 2490 2793 ptus
2522 2731 2605 2776 est
2640 2738 2668 2775 a
2700 2721 2870 2786 vobis,
2910 2718 2989 2774 sic
3017 2716 3196 2770 veniet
3235 2713 3696 2782 quemadmodum
3748 2709 3962 2761 vidistis

2367 2831 2489 2871 eum
2519 2825 2734 2869 euntem
2759 2815 2811 2869 in
2841 2811 3008 2868 cmlos
3031 2810 3096 2863 “.
3135 2827 3153 2860 ι
3185 2805 3320 2860 Νυιιι
3368 2803 3564 2858 dicturi
3595 2803 3732 2856 estis
3783 2803 3960 2853 visum

2369 2922 2491 2963 esse
2519 2907 2586 2961 ab
2622 2907 2690 2961 iis
2724 2907 3011 2960 salientem
3055 2901 3120 2955 ad
3156 2900 3369 2953 Patrem
3428 2897 3633 2963 absque
3667 2892 3878 2947 carne?
3912 2892 3960 2945 id

2368 3007 2454 3055 est
2489 2997 2663 3054 forma
2693 3008 2877 3053 nostra
2911 2996 3252 3064 indignanter
3277 2987 3638 3058 abjecta,jam
3664 3001 3770 3040 non
3795 2986 3965 3040 fuisse

2371 3091 2426 3147 in
2451 3107 2680 3161 corpore
2718 3088 2938 3151 visibili,
2969 3088 3200 3155 ideoque
3243 3095 3301 3137 se
3328 3088 3704 3136 commutasse
3736 3079 3789 3131 in
3826 3077 3966 3131 invi-

2371 3183 2582 3239 sibilent
2606 3179 3176 3249 incorruptibilemque
3207 3182 3461 3226 naturam
3488 3170 3511 3222 7
3535 3169 3688 3235 Quis,
3713 3170 3962 3236 inquam,

2381 3276 2495 3329 hate
2544 3274 2723 3328 dicere
2777 3267 2954 3324 ausit?
2988 3268 3080 3321 Sin
3107 3275 3298 3319 contra
3338 3263 3408 3316 ita
3452 3271 3717 3314 venturus
3752 3267 3860 3323 est,
3890 3257 3965 3310 uti

2381 3366 2662 3427 ascendit,
2697 3361 2880 3431 quidni
2927 3372 3054 3411 vere
3092 3356 3327 3417 dicetur,
3356 3368 3478 3406 cum
3510 3352 3698 3404 eodem
3741 3362 3968 3416 corpore

2382 3459 2644 3521 Verbum,
2677 3470 2781 3509 non
2835 3461 3012 3505 autem
3064 3449 3116 3501 in
3155 3455 3349 3499 natura
3386 3441 3622 3509 simplici
3656 3452 3709 3496 et
3761 3443 3967 3509 absque

2382 3563 2566 3614 carne,
2599 3561 2720 3602 esse
2752 3537 3078 3598 venturum?

2689 3660 2742 3715 9.
2785 3656 2931 3710 Idem
2955 3652 3187 3723 Cyrilltts
3213 3651 3266 3704 in
3297 3651 3472 3704 eodem
3501 3648 3655 3702 libro.

2456 3775 2533 3831 De
2553 3775 2772 3830 Christo
2797 3770 3014 3840 scripsit
3032 3765 3464 3837 sapientissimus
3486 3775 3704 3831 quoque
3732 3757 3965 3812 Paulus:

2392 3885 2410 3919 ι
2445 3867 2544 3934 Qui
2580 3863 2889 3920 immutabit
2940 3873 3136 3928 corpus
3188 3855 3512 3911 humilitatis
3563 3863 3784 3907 nostra;
3817 3851 3968 3902 utsit

2387 3959 2564 4015 simile
2596 3955 2810 4025 corpori
2849 3953 3034 4023 gloriae
3057 3952 3122 4003 ¹¹.
3157 3967 3174 4000 ι
3210 3946 3350 4014 Quid
3393 3948 3458 3998 ad
3495 3945 3612 3998 haec
3664 3939 3967 4002 dicentilli,

2387 4051 2481 4119 qui
2505 4062 2721 4102 carnem
2758 4052 3015 4098 mutatam
3046 4041 3199 4093 aiunt
3241 4039 3295 4090 in
3323 4035 3486 4091 Verbi
3520 4030 3807 4087 naturam?
3832 4029 3964 4082 Num

2389 4149 2699 4197 sanctorum
2738 4148 2964 4203 corpora
3034 4131 3154 4184 ideo
3186 4136 3463 4181 mutantur
3490 4122 3779 4178 in'deitatis
3810 4127 3966 4174 natu-

2393 4248 2532 4297 ram,
2579 4229 2703 4300 quia
2761 4231 2878 4296 ipsa
2936 4235 3157 4294 quoque
3217 4217 3519 4274 conformia
3569 4216 3705 4268 tiunt
3753 4213 3962 4282 corpori

2392 4325 2576 4396 gloriae
2617 4320 2765 4389 ejus?
2797 4318 2984 4372 Nonne
3025 4328 3187 4369 mera:
3231 4326 3399 4382 gerrre
3443 4315 3570 4364 sunt
3620 4309 3736 4361 haec
3780 4320 3962 4360 eorum

2393 4420 2582 4484 verba,
2639 4429 2758 4485 quae
2806 4410 3022 4466 inscitia
3069 4401 3402 4462 scatent?Si
3450 4415 3578 4456 caro
3626 4399 3692 4453 ad
3753 4397 3966 4451 deitatis

2397 4521 2665 4572 naturam,
2705 4515 2761 4561 ut
2787 4504 2962 4566 aiunt,
2995 4499 3232 4564 transiit,
3258 4509 3494 4566 quonam
3527 4494 3741 4547 demum
3772 4491 3820 4542 in
3849 4503 3964 4542 cor-

2397 4618 2530 4674 pore
2556 4601 2696 4655 Deus
2723 4595 2959 4652 Verbum
2981 4591 3264 4648 versatur?
3286 4588 3380 4641 Est
3409 4585 3554 4641 enim
3579 4584 3753 4637 deitas
3781 4582 3958 4634 ineor-

2398 4709 2585 4767 porea,
2644 4691 3039 4757 verissimeque
3073 4684 3304 4739 dicimus
3369 4676 3571 4734 nemini
3623 4675 3788 4729 Deum
3855 4686 3966 4728 esse

2399 4786 2748 4856 conspicuum
2779 4782 2844 4835 ¹³.

2692 4897 2778 4953 10.
2812 4896 2958 4951 Idem
2982 4894 3210 4966 Cyrillus
3236 4894 3288 4947 in
3317 4892 3492 4945 eodem
3522 4888 3679 4941 libro.

2474 5014 2580 5070 Sed
2636 5014 2871 5067 fortasse
2913 5010 3098 5065 dicent
3154 5019 3372 5062 carnem
3399 5003 3546 5059 haud
3585 4999 3803 5056 omnino
3842 4999 3964 5052 sub-

2403 5109 2659 5163 stantiam
2702 5119 2855 5160 suam
2879 5103 3162 5167 amisisse;
3197 5100 3292 5155 sed
3321 5113 3442 5153 eum
3474 5096 3584 5150 Dco
3611 5093 3786 5148 Verbo
3808 5098 3965 5143 semet

2404 5196 2815 5253 commiscuisse
2845 5193 3078 5248 naturali
3103 5191 3332 5261 quadam
3352 5187 3703 5241 adunatione.
3725 5181 3830 5251 Ego
3847 5195 3963 5234 vero

2404 5291 2675 5361 quomodo
2703 5287 2789 5342 his
2822 5299 3140 5348 occurram,
3173 5279 3469 5352 praesertim
3502 5277 3632 5346 quia
3683 5276 3960 5330 humanum

2407 5380 2753 5438 ratiocinium
2785 5379 2838 5433 in
2859 5377 2943 5434 his
2974 5383 3174 5446 torpet,
3212 5386 3387 5442 neque
3413 5370 3662 5441 propria,
3705 5379 3763 5423 ut
3785 5368 3854 5421 ita
3886 5365 3965 5420 di-

2896 5539 2940 5573 ¹⁰
2966 5538 3124 5595 Rom.
3160 5551 3279 5598 vnt.
3310 5535 3398 5591 29.
3533 5532 3573 5564 ¹¹
3599 5531 3720 5587 Act.
3753 5547 3786 5594 ι,
3823 5529 3900 5583 Il.

802 5775 879 5843 (l)
913 5776 1077 5833 Vides
1105 5777 1193 5832 hic
1227 5777 1388 5831 etiam
1422 5786 1756 5847 quantopere
1786 5776 2015 5848 Cyrillus
2069 5776 2359 5834 abhorreat
2397 5788 2427 5830 a
2468 5769 2654 5832 Severi
2694 5767 3088 5841 Monophysitae
3139 5763 3433 5829 sententia,
3485 5759 3579 5830 qui
3638 5773 3810 5815 tamen
3837 5754 3962 5812 illius

729 5847 865 5903 falso
900 5849 1280 5906 auctoritatem
1314 5848 1412 5906 sibi
1447 5847 1838 5918 praetendebat.
