4116 6480
127 406 292 465 143⁸5

1341 407 1760 466 FRAGMENTA
1805 407 2219 468 DOGMATICA.

3272 422 3415 480 HM

129 536 299 580 cam.
348 522 398 574 in
432 521 716 588 provincia
743 524 1038 576 versatur?
1065 523 1195 579 Nam
1226 526 1308 580 vel
1338 541 1465 580 caro
1504 529 1735 581 inmuta-
1768 537 1811 586 Α
1841 543 1992 582 suam
2051 547 2452 604 personamque
2503 534 2712 600 amisit,
2745 551 2844 592 nec
2896 536 3133 606 priorem
3171 554 3289 592 cum
3323 541 3416 596 illo

125 617 278 670 bilis
327 625 430 679 est,
490 617 722 684 ideoque
785 618 836 668 in
887 613 1045 671 Verbi
1103 629 1352 673 naturam
1396 637 1502 674 non
1557 633 1732 675 muta-

130 710 441 762 νει-...γει
477 708 528 760 in
567 709 614 760 id
658 723 872 775 semper
916 721 1155 765 mutatur
1200 713 1343 781 quod
1406 726 1559 766 antea
1616 714 1731 783 ipsa

127 808 434 862 nouerat;
473 814 634 866 quam
686 801 1040 856 mutationem
1101 803 1224 855 dum
1275 804 1498 870 patitur,
1561 803 1629 857 ab
1669 819 1732 858 ea

128 890 451 944 stabilitate
502 891 730 944 discedit
782 909 899 960 qua:
953 894 1116 948 Deum
1147 897 1320 959 decet,
1350 906 1508 964 atque
1538 896 1604 950 ab
1645 895 1730 949 illa

131 999 257 1050 qua
300 981 624 1036 naturaliter
668 985 954 1040 fruebatur
1004 988 1316 1041 seeitritate.
1356 986 1508 1040 Tunc
1549 998 1730 1042 autem

125 1089 389 1141 quonam
424 1072 549 1140 jure
603 1077 762 1131 homo
804 1088 982 1144 posset
1024 1077 1317 1146 appellari?
1366 1076 1584 1131 Interim
1641 1093 1731 1132 sa-

128 1162 369 1230 pienter
404 1177 662 1230 recteque
697 1169 1122 1222 existimandum
1159 1168 1341 1233 credo,
1378 1168 1575 1221 nullam
1618 1184 1732 1222 rem

129 1264 418 1319 creatam,
447 1259 510 1311 ad
541 1259 755 1315 deitatis
791 1274 946 1328 posse
979 1272 1226 1312 naturam
1258 1276 1492 1331 unquam
1540 1277 1732 1318 assur-

133 1362 302 1414 gcre,
332 1347 407 1413 id,
460 1351 698 1419 inquam,
729 1354 870 1405 inter
929 1353 1282 1421 impossibilia
1341 1359 1731 1410 numerandnnt

130 1448 254 1491 est.
296 1437 450 1503 Quod
481 1445 523 1496 si
559 1443 611 1497 hi
650 1443 789 1498 forte
843 1444 1033 1496 idonea
1071 1458 1384 1513 argumenta
1434 1447 1735 1516 repererint

135 1530 218 1582 ad
257 1537 692 1598 persuadeudmn
715 1536 828 1590 fore
859 1547 933 1598 ut,
964 1537 1014 1588 in
1040 1539 1388 1605 permistione
1418 1551 1733 1594 naturarum

136 1632 318 1692 atque
353 1625 672 1692 insertione,
704 1629 1064 1696 proprietates
1090 1630 1249 1684 unius
1287 1631 1358 1684 ita
1403 1647 1735 1688 conserven-

140 1725 244 1767 tur
279 1726 340 1770 ut
379 1733 484 1773 non
514 1723 987 1775 conmrunicentur
1041 1722 1216 1786 alteri,
1252 1734 1578 1793 maneatque
1608 1742 1735 1796 pcr-

137 1806 298 1860 fecta
351 1809 688 1880 singularum
764 1810 1030 1877 definitio,
1090 1815 1174 1868 his
1225 1828 1356 1868 sane
1401 1817 1734 1885 argumentis

139 1907 574 1956 utanturztnnc
606 1904 748 1956 enim
809 1919 906 1958 nos
961 1907 1347 1968 conccdemus,
1381 1907 1733 1976 permistione

137 1991 492 2060 huiusmodi,
542 1997 681 2049 haud
743 2012 958 2050 omnem
1029 1998 1272 2054 veritatis
1339 2001 1445 2054 vim
1516 2003 1729 2070 perimi.

141 2078 165 2151 [
198 2081 278 2151 (1)
311 2082 697 2140 Verumtamen
726 2087 767 2139 si
804 2086 942 2142 forte
979 2089 1161 2143 dicant
1219 2107 1437 2145 carnem
1490 2105 1542 2147 et
1597 2093 1733 2148 Ver-

135 2173 278 2226 bum
318 2191 382 2231 eo
413 2178 571 2231 modo
598 2178 740 2232 inter
767 2196 824 2233 se
873 2181 1031 2235 mista
1079 2198 1185 2251 quo
1226 2183 1410 2253 liquidi
1476 2187 1733 2242 huuiorcs

135 2265 353 2333 solent,
401 2270 670 2338 quomodo
719 2271 970 2339 ignorant
1027 2272 1250 2342 liquida,
1322 2291 1440 2344 quae
1497 2277 1728 2332 invicem

136 2363 548 2426 temperantur,
596 2361 782 2414 vinum
837 2373 962 2429 puta
1010 2378 1073 2416 ac
1126 2363 1380 2432 mel,jam
1435 2383 1543 2422 non
1599 2384 1730 2436 pura

137 2464 375 2504 manere
433 2460 490 2506 ut
548 2464 724 2519 erant,
772 2456 864 2508 sed
916 2455 1104 2510 aliena:
1145 2459 1463 2513 substantia:
1516 2475 1732 2514 assum-

137 2542 426 2607 ptiOne,in
453 2543 596 2596 aliud
626 2545 880 2613 quiddam
911 2550 1295 2602 transmutari?
1327 2549 1381 2604 Si
1408 2567 1538 2620 ergo
1580 2553 1731 2606 aiunt

136 2642 468 2686 concretam
541 2633 710 2688 fuisse
767 2651 888 2689 cum
927 2637 1106 2692 Verbo
1144 2655 1390 2704 carnem,
1423 2643 1732 2696 necessario

138 2740 376 2793 prorsus
425 2726 712 2783 dicendum
765 2740 850 2786 est
888 2741 1175 2801 utramque
1230 2736 1494 2789 dictarum
1549 2752 1728 2791 rerum

137 2828 172 2866 a
215 2831 320 2869 suo
353 2817 535 2885 priore
567 2827 710 2873 statu
768 2822 1109 2888 discessisse,
1145 2826 1494 2896 mediumque
1523 2827 1729 2898 aliquid

135 2922 211 2959 ex
251 2919 481 2978 utraque
515 2911 847 2976 confeCtum,
872 2913 1083 2970 diversa
1124 2931 1348 2984 prorsus
1370 2930 1561 2975 natura
1587 2937 1725 2992 pras-

136 2999 348 3064 ditum,
401 3017 564 3069 quam
608 3012 767 3058 antea
827 3021 912 3060 res
945 3017 1173 3077 utraque
1224 3012 1505 3079 partiatim
1552 3015 1729 3088 erat.]

133 3088 306 3144 Nunc
349 3104 448 3160 ego
489 3095 835 3149 adversarios
885 3095 1152 3153 sciscitari
1204 3101 1412 3169 vellem,
1447 3119 1606 3174 quem
1661 3107 1729 3160 ad

137 3191 350 3235 statum
383 3185 643 3240 transisse
678 3197 867 3254 putent
898 3189 1058 3244 Verbi
1095 3203 1345 3247 naturam
1399 3197 1525 3250 dum
1581 3199 1730 3252 carni
1761 3213 1802 3270 ο

138 3275 315 3328 niista
346 3278 464 3332 est?
500 3281 936 3349 quandoquidem
976 3282 1027 3334 in
1059 3286 1238 3352 priore
1268 3298 1417 3341 certe
1450 3299 1591 3343 statu
1623 3307 1728 3346 non

142 3369 464 3437 mansisset,
516 3387 656 3426 anne
679 3373 988 3427 commistio
1011 3373 1246 3430 Verbum
1287 3392 1316 3430 a
1348 3380 1563 3449 pr0pria
1593 3397 1727 3436 con-

136 3459 359 3513 ditione
390 3460 680 3530 depulerit,
704 3478 766 3516 ac
796 3478 890 3518 sua
925 3464 1127 3518 virtute
1159 3467 1414 3522 minuerit
1468 3472 1534 3522 ad
1593 3471 1728 3526 infe-

140 3550 298 3606 riora
335 3554 679 3607 detractum?
715 3552 810 3608 Sin
846 3554 1170 3610 alterutrmn
1233 3558 1386 3613 aiunt
1437 3561 1732 3629 perfectius

140 3644 489 3710 apparuisse,
527 3645 667 3698 hanc
705 3646 922 3713 quidem
984 3648 1371 3715 perfectionem
1426 3654 1577 3706 carui
1637 3669 1731 3721 po-

144 3737 264 3789 tius
295 3736 690 3788 attribuendam
726 3749 1040 3804 censerent;
1074 3752 1350 3796 constaret
1379 3746 1520 3798 enim
1559 3747 1727 3815 ipsam

143 3827 220 3880 ad
270 3826 644 3881 sublimiorem
703 3837 905 3882 statum
942 3843 1208 3885 evectatn.
1242 3833 1335 3887 Sin
1394 3851 1524 3891 vero
1575 3855 1730 3895 secus

142 3927 257 3979 cst,
295 3915 642 3986 Verbumque
673 3919 850 3986 potius
879 3921 944 3973 ad
983 3936 1094 3975 rem
1135 3924 1398 3978 minorem
1435 3938 1607 3982 semet
1644 3931 1731 3982 in-

145 4009 404 4071 clinavit,
437 4022 564 4061 num
626 4023 754 4061 caro
812 4007 986 4062 Verbo
1036 4013 1242 4075 nocuit,
1291 4013 1448 4067 sicuti
1519 4027 1730 4070 nosmet

147 4109 348 4170 gravat
374 4108 561 4154 nostra
617 4098 992 4154 natura'INus
1051 4103 1263 4156 interim
1327 4115 1470 4158 recte
1503 4107 1731 4161 dicimus

154 4193 395 4247 Verbum
455 4201 628 4246 semet
683 4193 747 4245 ad
812 4192 1242 4247 exinanitiOnem
1293 4196 1598 4263 demisisse,
1638 4198 1730 4250 no-

149 4294 439 4350 stramque
478 4281 707 4334 formam
739 4284 1121 4351 assumpsisse,
1152 4285 1289 4336 hami
1325 4300 1453 4338 Sane
1480 4299 1536 4338 ut
1571 4289 1731 4354 quid-

146 4391 317 4445 quam
348 4375 399 4427 in
431 4389 528 4427 sua
577 4388 634 4427 se
666 4389 885 4443 passum
921 4386 1111 4428 natura
1174 4376 1600 4444 demonstraret,
1635 4380 1728 4432 sed

149 4481 214 4522 ut
245 4481 344 4520 nos
396 4468 460 4520 de
519 4483 679 4520 carne
731 4468 983 4536 erigeret,
1018 4468 1108 4535 qui
1167 4484 1328 4521 carne
1368 4479 1420 4521 et
1469 4471 1730 4540 sanguine

150 4558 422 4624 compacti
459 4573 669 4621 sumus,
700 4567 859 4624 atque
884 4557 954 4609 ab
987 4558 1220 4609 humana
1274 4560 1584 4612 conditione
1620 4562 1730 4614 cle-

150 4663 332 4713 vatos,
361 4649 448 4702 Dei
471 4649 608 4703 ﬁlios
633 4649 887 4701 ellicerel.
918 4648 1012 4701 Sin
1048 4658 1258 4711 contra,
1286 4659 1343 4701 ut
1388 4651 1473 4702 isti
1511 4659 1726 4703 vetera-

155 4753 304 4796 tores
337 4742 507 4804 aiunt,
543 4741 883 4793 commiscuit
943 4756 999 4793 se
1061 4741 1213 4794 carni
1272 4740 1530 4804 Verbum,
1569 4752 1730 4810 atque

155 4836 211 4888 id
244 4832 384 4902 quod
423 4847 526 4886 noo
571 4832 746 4882 fuerat
778 4829 1027 4883 elfectum
1077 4840 1185 4894 est,
1224 4835 1495 4900 quomodo
1553 4833 1726 4903 ipsum

152 4941 253 4981 sua
286 4926 545 4993 dignitate
587 4925 850 4977 minutum
883 4924 1004 4992 jure
1029 4935 1306 4992 negarent,
1332 4942 1434 4978 non
1467 4926 1725 4996 intelligo.

153 5020 238 5072 An
298 5031 423 5070 vero
472 5017 599 5070 dum
638 5015 730 5070 Dei
785 5016 999 5068 affectat
1034 5016 1467 5082 similitudinem,
1501 5017 1725 5071 formam

227 5170 274 5203 “
295 5166 340 5222 Il
366 5169 488 5225 Cor.
522 5186 574 5236 v,
608 5170 696 5225 16.
774 5168 816 5200 ³³
842 5168 997 5222 Rom.
1033 5186 1148 5237 vin,
1181 5171 1232 5224 8.

229 5332 306 5400 (l)
329 5331 651 5402 Sequentem
680 5327 865 5402 Cyrilli
899 5335 1326 5402 partem,_quam
1362 5325 1512 5402 tineis
1553 5325 1726 5379 inclu-

159 5393 356 5468 dirutis,
397 5393 529 5456 mire
552 5393 889 5454 cooservatit
920 5397 1104 5450 Graece
1130 5393 1460 5468 Justitiiauus
1489 5397 1723 5463 impera-

163 5465 671 5541 toriu'dogmatica
711 5469 774 5522 ad
824 5471 1114 5541 monachos
1163 5465 1561 5541 illonophysitas
1609 5469 1721 5541 epi-

162 5543 321 5608 stola,
357 5534 517 5608 qnam
556 5557 652 5592 nos
685 5540 840 5608 primi
877 5537 1159 5608 edidimus
1182 5535 1372 5608 script.
1407 5547 1504 5588 vel.
1532 5545 1582 5608 Δ1.
1610 5534 1724 5608 _\fll.

159 5612 234 5667 Ibi
258 5605 395 5683 ergo
419 5629 468 5680 p.
499 5610 608 5683 7295
654 5605 724 5662 ita
771 5609 1007 5683 legitur;
1050 5606 1109 5658 Ὀ
1147 5605 1428 5683 ὲγμὰγξοιξ-
1464 5605 1729 5683 Ιξύριλλρς

161 5683 301 5736 κατὰ
323 5674 438 5735 ’ἒῶὗ
492 5677 901 5733 Συνουσιαστῶν
945 5674 1087 5743 λέγει
1137 5674 1282 5727 τάδε·
1315 5694 1331 5724 ι
1371 5677 1430 5728 ΕΞ
1467 5676 1522 5728 δὲ
1553 5674 1627 5738 ὡς
1669 5679 1726 5728 ἐν

159 5752 308 5817 τάξει
343 5751 524 5823 ὑγρῶν
541 5748 1132 5823 ᾼάνᾳμεμίχϐαιμφασᾎν
1165 5745 1422 5823 dﬂigam;
1445 5747 1632 5823 capita
1665 5762 1723 5823 se

163 5815 253 5878 καῖ
281 5815 459 5892 Mysi),
485 5821 599 5886 πῶς
632 5815 902 5890 ἡγνόηάαν
930 5817 1009 5870 ὅτι
1039 5816 1107 5869 τὰ
1153 5815 1399 5886 ἀλλήλοις
1433 5816 1720 5886 ἀνακιρνάο

1315 5169 1532 5225 "Joan.
1569 5186 1631 5235 ιι,
1664 5171 1748 5226 19.

1835 621 2202 688 aequalitatem
2267 626 2509 690 retinuit,
2555 626 2646 681 sed
2689 627 2978 684 humiliore
3017 629 3135 686 loco
3186 629 3416 700 depres-

1835 722 1978 774 sum,
2013 719 2214 764 natura:
2244 714 2535 784 glorimque
2580 730 2691 769 sua:
2721 716 3145 774 deminutionem
3189 735 3413 790 passum

1834 802 1957 856 est?

2121 895 2207 949 Η.
2247 894 2393 950 Idem
2417 895 2644 968 Cyrilfus
2679 900 2732 953 in
2758 899 2945 954 eodem
2971 901 3126 956 libro.

1907 1007 2347 1064 Molestissimnm
2373 1022 2455 1064 est
2500 1013 2728 1067 tolerare
2759 1013 2961 1083 aliquid
2993 1029 3024 1068 e
3065 1015 3249 1068 multis
3294 1032 3415 1089 quae

1837 1097 1924 1151 isti
1956 1099 2142 1152 dicunt
2182 1100 2431 1167 pessimis
2467 1117 2480 1154 :
2526 1101 2882 1168 quamobrem
2928 1102 3140 1156 videtur
3189 1103 3318 1156 mihi
3347 1105 3414 1157 ab

1836 1192 1921 1246 his
1950 1193 2201 1247 absurdis
2229 1192 2573 1262 opinionibus
2603 1194 2986 1248 recedendum.
3017 1192 3228 1265 Ergone
3260 1211 3415 1248 com-

1837 1285 2143 1339 tnistiouent
2195 1285 2468 1354 fugimus?
2493 1284 2691 1353 Utique
2735 1287 2991 1341 damnum
3025 1287 3227 1355 pariter
3260 1288 3327 1340 ab
3350 1303 3412 1341 ea

1836 1386 2049 1428 scatens
2100 1377 2350 1430 vitamus.
2388 1375 2546 1430 Aliud
2591 1391 2807 1447 quoque
2863 1387 3240 1446 argumentum
3292 1393 3416 1446 pro-

1837 1464 2033 1532 ferent,
2062 1468 2240 1521 divum
2275 1467 2483 1522 scilicet
2524 1467 2747 1522 Paulum
2775 1470 2847 1522 ita
2869 1471 3196 1538 scribentem
3219 1486 3234 1523 :
3256 1487 3274 1520 ι
3301 1467 3413 1525 Etsi

1836 1560 2112 1614 Christum
2151 1561 2202 1615 itt
2245 1577 2408 1616 carne
2440 1562 2706 1627 novimus,
2731 1578 2874 1617 nunc
2907 1577 3011 1618 non
3046 1563 3174 1617 item
3207 1563 3271 1616 ”.
3298 1582 3316 1616 ι
3357 1563 3413 1618 Si

1835 1666 1966 1720 ergo
1995 1653 2224 1707 dicimus
2251 1653 2528 1709 Christum
2573 1655 2626 1709 in
2679 1670 2843 1711 carne
2881 1655 2991 1723 iam
3027 1671 3132 1710 non
3169 1655 3414 1725 agnosci,

1835 1745 2145 1797 necessario
2174 1759 2391 1798 carnem
2422 1745 2474 1798 in
2510 1743 2672 1800 Verbi
2707 1755 2956 1800 naturam
2993 1756 3255 1800 mutatam
3275 1745 3418 1800 affir-

1837 1849 2069 1896 tnamus,
2113 1844 2171 1887 ut
2215 1844 2471 1903 tanquam
2525 1834 2618 1890 Dei
2684 1853 2811 1891 caro
2869 1847 3214 1907 agnoscatur.
3249 1837 3412 1906 Atqui

1836 1925 2029 1992 aliquis
2061 1925 2241 1980 forsan
2260 1929 2326 1978 ad
2350 1927 2463 1981 haec
2488 1927 2634 1981 illico
2658 1931 3007 1996 responderet
3031 1944 3047 1984 :
3073 1946 3198 1984 num
3216 1925 3415 1984 Paulus

1836 2033 1956 2070 cum
1989 2019 2054 2071 dc
2085 2019 2238 2072 nobis
2273 2019 2453 2074 aiebat
2491 2037 2504 2074 :
2543 2038 2561 2071 ι
2597 2019 2699 2087 Qui
2739 2020 2792 2074 itt
2822 2036 2994 2076 carne
3027 2032 3173 2089 sunt,
3201 2021 3416 2090 placere

1834 2107 1943 2164 Deo
1971 2121 2278 2181 nequeunt;
2319 2127 2413 2166 vos
2449 2124 2628 2167 tamen
2660 2115 2802 2170 haud
2833 2117 2884 2168 in
2910 2129 3076 2169 carne
3095 2115 3414 2180 versamini,

1832 2203 1926 2258 sed
1955 2203 2006 2256 in
2037 2204 2227 2272 spiritu
2251 2203 2314 2266 ",
2337 2222 2354 2254 ι
2382 2219 2471 2268 an,
2503 2206 2744 2274 inquam,
2773 2222 2936 2262 carne
2957 2223 3056 2262 nos
3078 2218 3130 2262 et
3154 2207 3423 2276 sanguine

1833 2308 2020 2348 carere
2071 2295 2440 2363 cognoverat?
2491 2296 2632 2365 Ergo
2669 2297 2773 2352 hoc
2808 2298 2874 2351 de
2914 2297 3255 2366 incorporeis
3304 2297 3417 2365 spi-

1837 2384 2031 2440 ritibus
2074 2385 2230 2439 dixit.
2262 2384 2436 2441 Porro
2491 2388 2680 2457 quidni
2717 2388 2972 2443 stolidum
3006 2388 3418 2443 detestandum-

1832 2491 1939 2546 que
1966 2480 2060 2541 sit,
2087 2479 2133 2532 si
2163 2481 2284 2546 quis
2309 2493 2549 2544 carnem,
2581 2480 2631 2534 id
2663 2490 2746 2535 est
2782 2481 2963 2534 carnis
3007 2479 3285 2549 passiones
3315 2477 3420 2534 Do-

1832 2571 1983 2624 mino
2033 2573 2326 2626 attribuat?
2377 2573 2636 2626 Servator
2682 2573 2827 2627 enim
2875 2574 3117 2626 omniurn
3167 2573 3418 2625 Christus

1833 2661 2217 2716 immaculatus
2273 2673 2376 2728 est,
2431 2672 2593 2730 atque
2651 2662 2799 2717 omni
2851 2662 3107 2730 peccandi
3163 2661 3422 2717 facultate

1832 2769 2047 2808 carens.
2073 2755 2204 2808 Cum
2231 2764 2410 2807 autem
2440 2754 2482 2806 si
2507 2753 2705 2808 dicitur
2730 2754 2784 2807 in
2821 2768 2986 2808 carne
3015 2770 3117 2808 non
3141 2752 3419 2822 cognosci,

1835 2845 2244 2914 intelligendum
2290 2854 2372 2898 est
2403 2860 2524 2898 eum
2554 2844 2606 2897 in
2662 2844 3076 2898 inflrn‘iitatibus
3101 2844 3284 2899 carnis
3306 2844 3417 2913 jam

1832 2954 1940 2994 non
1963 2939 2239 3008 cognosci.

2103 3028 2189 3082 12.
2231 3025 2381 3080 Idem
2416 3025 2646 3097 Cyrilfus
2675 3028 2728 3081 in
2757 3029 2933 3082 eodem
2969 3027 3124 3083 libro.

1907 3141 2180 3210 Jejuuavit
2237 3144 2420 3212 igitur,
2452 3143 2668 3205 esuriit,
2726 3142 2889 3212 longo
2949 3144 3144 3198 itinere
3185 3143 3419 3198 lassntus

1836 3246 1940 3298 est,
1974 3235 2209 3302 itemque
2265 3232 2412 3287 cruci
2474 3231 2614 3287 fixus
2670 3233 2800 3285 obiit
2832 3247 2847 3285 :
2876 3241 3036 3302 atque
3085 3235 3201 3288 haec
3235 3235 3417 3287 omnia

1834 3341 2122 3396 perpessus
2143 3336 2248 3389 est,
2273 3323 2414 3378 haud
2443 3334 2618 3378 tamen
2649 3323 2700 3376 in
2733 3324 2951 3379 deitatis
2985 3336 3173 3378 natura
3202 3323 3420 3395 (neque

1835 3419 1978 3475 enim
2009 3418 2294 3488 imaginari
2337 3419 2463 3471 licet
2489 3418 2801 3487 passibilem
2835 3432 2956 3472 esse
2986 3417 3220 3472 divinam
3251 3426 3414 3471 natu-

1836 3509 2014 3580 ram),
2048 3512 2141 3563 sed
2181 3510 2233 3563 in
2281 3524 2447 3563 carne
2472 3524 2568 3562 sua
2601 3509 2802 3580 potius.
2833 3508 2952 3564 .lam
2989 3524 3111 3564 cum
3145 3508 3258 3578 ipse
3306 3508 3418 3563 vita

1834 3601 1906 3654 sit
1941 3609 2279 3667 mortemque
2311 3599 2628 3662 calcaverit,
2659 3600 2948 3652 humanam
2980 3599 3136 3652 nobis
3170 3607 3416 3651 naturam

1833 3693 1899 3745 ad
1929 3689 2492 3759 incorruptibilitatem
2521 3691 2800 3758 vitamque
2829 3687 3130 3743 renovavit.
3150 3685 3266 3756 Ipse
3285 3703 3418 3742 vero

1833 3799 1977 3838 nunc
2029 3782 2175 3836 onmi
2208 3782 2442 3834 humana
2494 3781 2811 3835 infirmitate
2842 3793 3030 3836 carere
3060 3779 3417 3848 conspicitur,

1834 3877 1995 3930 sicuti
2021 3886 2170 3929 recte
2201 3874 2404 3928 dictum
2431 3874 2561 3930 fuit:
2588 3889 2787 3944 nempe
2831 3875 2883 3928 in
2911 3887 3074 3928 carne
3097 3887 3200 3926 non
3224 3887 3419 3942 cogno-

1835 3967 2025 4030 scitur,
2055 3966 2205 4018 idest
2229 3965 2280 4018 in
2303 3964 2483 4020 carnis
2506 3966 2844 4028 infirmitate,
2867 3976 2922 4017 ut
2943 3964 3017 4017 ait
3038 3963 3419 4034 mysteriorum

1835 4058 1952 4126 ejus
1985 4056 2255 4109 minister.

2112 4149 2198 4203 t3.
2236 4147 2386 4201 Idem
2413 4145 2643 4216 Cyrillus
2673 4147 2725 4198 in
2753 4149 2932 4200 eodem
2979 4146 3135 4200 libro.

1905 4262 2039 4316 Cum
2075 4271 2258 4314 autem
2319 4269 2573 4326 mortem,
2599 4261 2770 4313 nostri
2807 4274 2996 4323 causa,
3029 4259 3081 4311 in
3131 4269 3294 4311 carne
3323 4271 3420 4326 gu-

1834 4363 2050 4420 stasset,
2083 4353 2284 4421 pariter
2325 4365 2448 4405 cum
2484 4365 2712 4418 corpore
2746 4351 3013 4405 ascendit.
3056 4349 3298 4418 Cumque
3321 4347 3419 4401 Ju-

1835 4449 2072 4502 daeorum
2128 4446 2298 4499 turba;
2349 4443 2732 4510 praedixisset:
2767 4459 2784 4492 ι
2834 4441 3109 4494 Destruite
3161 4439 3416 4508 templum

1765 4544 1807 4596 Ι)
1836 4540 1954 4599 hoc,
2003 4547 2056 4590 et
2109 4537 2280 4588 tribus
2334 4534 2525 4587 diebus
2577 4548 2765 4587 rursus
2817 4534 3020 4598 erigant
3057 4532 3131 4597 ¹⁶;
3172 4549 3189 4581 ι
3230 4545 3415 4584 revera

1843 4636 2205 4682 restauratum
2257 4636 2342 4678 est
2385 4625 2526 4691 quod
2573 4625 2749 4679 fuerat
2800 4625 3159 4678 destructum.
3191 4623 3416 4676 Destru-

1833 4731 1972 4772 ctam
1992 4733 2116 4772 vero
2135 4732 2352 4770 carnem
2380 4716 2630 4780 dicimus,
2661 4732 2764 4769 non
2787 4714 2946 4769 Verbi
2974 4724 3246 4778 naturam,
3272 4715 3417 4784 quod

1834 4811 1946 4864 fieri
1975 4810 2180 4877 nequit.

2114 4900 2202 4954 44.
2240 4900 2391 4952 Idem
2420 4898 2648 4968 (Συνίημι
2673 4898 2727 4950 in
2762 4898 2940 4951 eodem
2968 4897 3122 4953 libro.

1901 5014 2018 5068 lam
2047 5031 2166 5068 cum
2202 5013 2460 5083 apostolis
2491 5013 2604 5082 ipse
2636 5022 2822 5067 noster
2861 5012 3116 5066 Salvator
3162 5012 3449 5070 Christus»

1882 5342 1974 5377 ενα
2005 5323 2119 5398 τῶν.
2156 5320 2524 5398 ὑγρῶνεοῖνρς
2565 5326 2697 5398 φέρε
2741 5329 2920 5382 εἰπεῖν
2946 5327 3040 5380 καὶ
3079 5327 3221 5396 μέλι,
3255 5326 3282 5380 ὃ
3315 5330 3413 5397 μὲν

1882 5342 1974 5377 ενα
2005 5341 2112 5375 των
2156 5341 2358 5391 υγρων,
2383 5342 2524 5388 οινος
2565 5341 2697 5398 φερε
2741 5341 2920 5382 ειπεῐν
2946 5341 3040 5380 και
3079 5341 3221 5396 tam,
3255 5341 3282 5380 ο
3315 5341 3413 5397 μὲν

1832 5341 1992 5464 ἕσαν,
2025 5395 2131 5468 sic].
2159 5394 2412 5468 καθαρῶς
2436 5397 2639 5461 οὐκέτι,
2670 5398 2970 5468 προσλήψει
3001 5399 3052 5450 δὲ
3087 5399 3286 5466 μᾶλλον
3313 5400 3413 5467 τῆς

1831 5464 2158 5540 ἐξεροξιδοῦς
2189 5467 2489 5540 ποιόςηςτος,
2523 5469 2602 5530 εἰς
2631 5464 2817 5540 agape»,
2842 5464 3262 5539 τἰ’μεθίσ·ἐαται;
3287 5464 3414 5540 οὑήέ

1837 5535 1930 5587 οὖν
1962 5537 2008 5609 εξ
2059 5536 2464 5609 ᾳυγκεκρᾶσοστί
2487 5553 2619 5609 φασι
2640 5535 2804 5607 τῷλό
2819 5557 2886 5608 ίῳ
2904 5535 3000 5609 ἑὴν
3029 5540 3226 5608 σάρκα,
3260 5539 3413 5593 πᾶσά

1837 5621 1953 5679 παις
1987 5606 2195 5679 ἀνάγκη
2227 5605 2401 5679 λέγειν
2431 5605 2820 5679 ἑκᾲτξροντών
2845 5605 3248 5679 ὠνομασμένων
3277 5611 3398 5661 ἁπος

1836 5675 2027 5747 στῆναι
2062 5676 2160 5747 μὲν
2186 5671 2284 5726 ίτοὺ
2320 5671 2458 5727 εἶναι
2500 5676 2528 5728 ὃ
2556 5671 2644 5747 ἧι),
2676 5679 2733 5729 ἓν
2775 5680 2832 5732 δέ
2861 5697 2911 5733 τι
2939 5671 2998 5732 ἑὸ
3032 5671 3233 5747 ἀμφοῖν
3273 5681 3410 5747 ἁπο-

1831 5745 2046 5821 τεὶιέσαι
2084 5746 2267 5821 μέᾳογ,
2319 5745 2609 5821 ἐςεροφυέξ
2655 5766 2758 5802 που
2803 5751 3037 5815 πάντως,
3070 5745 3293 5821 ἦδπερ
3344 5746 3410 5820 ἢν

1829 5815 2086 5885 ἑκάτερον
2142 5817 2244 5870 ἀνὰ
2291 5816 2475 5888 μέρος.
2509 5837 2525 5868 ι
