4116 6474
716 378 861 437 “35

713 606 1011 661 manusque
1072 597 1385 666 habentem,
1436 619 1598 671 seque
1660 619 1763 656 nou
1845 620 1965 659 esse
2027 607 2278 675 spirituum

712 685 993 739 manifeste
1019 688 1465 749 demonstraverit
1494 712 1507 759 ;
1532 694 1753 763 curjam
1790 696 2075 765 quisquam
2104 699 2284 769 suSpi-

710 786 869 827 cetur
901 788 1119 833 carnem
1171 798 1290 838 esse
1339 795 1593 838 mutatam
1633 785 1683 836 in
1725 786 1945 842 deitatis
2005 801 2280 854 naturam,

712 878 891 932 neque
921 867 1125 938 aliquid
1156 887 1388 940 passam,
1428 890 1601 941 neque
1644 878 1972 934 destructam
2028 891 2280 947 mortem,

712 970 838 1008 cum
880 957 932 1010 in
990 962 1152 1015 vitam
1194 974 1314 1030 post
1384 968 1601 1020 tertium
1650 970 1789 1024 diem
1840 973 2017 1037 rediit,
2064 974 2285 1042 suisque

709 1048 989 1120 discipulis
1019 1055 1368 1122 conspicuum
1399 1072 1457 1110 se
1483 1057 1647 1113 fecit?

987 1186 1071 1239 15.
1117 1187 1262 1242 Idem
1295 1190 1524 1261 Cyrillus
1548 1196 1603 1248 in
1628 1199 1807 1252 eodem
1838 1198 1994 1252 libro.

782 1315 912 1381 Quis
936 1328 1243 1375 sanctorum
1279 1322 1496 1380 Patrum
1523 1329 1634 1383 lucc
1659 1341 1764 1383 tam
1791 1332 1917 1384 dura
1940 1334 2203 1401 prmdixit,
2230 1347 2284 1391 et

705 1402 1189 1474 impossibilia,nec
1210 1413 1373 1466 hilum
1401 1420 1641 1473 veritatis
1666 1421 1952 1474 habentia?
1989 1422 2120 1488 Quis
2162 1442 2285 1494 apo-

704 1494 961 1548 stolorum
976 1509 1068 1551 aut
1083 1504 1404 1569 evangelista
1415 1523 1526 1559 rum
1548 1511 1704 1562 verba
1725 1510 2025 1579 hujusmodi
2044 1518 2287 1582 protulit?

705 1583 953 1642 Profecto
994 1605 1171 1645 nemo.
1211 1593 1622 1651 Confundantur
1658 1600 1837 1668 itaque
1880 1603 1968 1670 qui
2013 1620 2079 1658 ex
2125 1608 2286 1662 corde

705 1686 822 1737 suo,
855 1690 958 1729 non
975 1692 1040 1732 ex
1061 1680 1268 1735 Domini
1294 1698 1388 1737 ore
1412 1685 1722 1753 loquuntur,
1754 1691 1825 1743 uti
1845 1694 2102 1761 scriptum
2122 1698 2282 1751 est”.

777 1764 883 1820 Nos
911 1778 1087 1823 autem
1108 1772 1442 1828 OHhOLlOXliB
1479 1777 1684 1847 legibus
1705 1782 1974 1850 subjecti,
2010 1799 2129 1852 quae
2175 1796 2282 1840 tam

706 1852 988 1924 diligenter
1022 1861 1253 1915 stabilita
1286 1865 1402 1927 fuit,
1430 1870 1699 1922 sectanda:
1718 1882 2027 1926 sanctorum
2063 1874 2281 1929 Patrum
2318 1894 2358 1950 Β

709 1957 868 2000 rectm
891 1949 1144 2005 doctrinm
1158 1968 1373 2021 operam
1398 1959 1605 2021 demus;
1625 1975 1794 2027 neque
1819 1964 1972 2017 vanis
1995 1966 2287 2020 vociferan-

708 2035 841 2090 tium
858 2041 1258 2107 nonnullorum,
1284 2046 1373 2112 qui
1398 2048 1527 2100 nihil
1555 2050 1875 2117 intelligunt,
1897 2052 2055 2107 dictis
2079 2057 2288 2109 auscul—

709 2138 902 2193 tentus,
923 2129 991 2183 ita
1010 2142 1063 2184 ut
1081 2148 1199 2200 qua:
1214 2135 1429 2191 minime
1447 2139 1633 2194 decent
1654 2144 1936 2210 opinemur
1953 2164 1965 2198 :
1985 2149 2077 2201 sed
2094 2150 2289 2218 ubique

707 2217 922 2271 veritati
956 2219 1313 2287 adhaerentes,
1356 2240 1697 2300 mentemque
1734 2250 2008 2289 sacrarum
2042 2239 2287 2308 Scriptuc

708 2321 890 2362 rarum
915 2314 1151 2367 oraculis
1174 2314 1539 2387 intendentes,
1572 2323 1815 2378 dicamus
1845 2326 2052 2381 Domini
2071 2346 2286 2384 carnem

708 2398 1043 2470 intelligente
1069 2406 1248 2459 anima
1276 2422 1395 2463 esse
1414 2410 1777 2480 informatam,
1804 2432 2031 2488 eamque
2054 2420 2286 2475 divinam

707 2491 1012 2557 credamus,
1042 2496 1458 2569 immaculatam,
1489 2504 1801 2573 gloriosam,
1830 2510 2055 2579 ideoque
2082 2522 2133 2565 ct
2153 2514 2288 2571 alios

710 2579 1071 2637 vivificantem
1118 2600 1181 2640 ac
1226 2591 1677 2656 sanctilicantem,
1722 2607 1902 2665 utpote
1956 2616 2075 2668 quae
2128 2604 2287 2658 Verbi

707 2672 926 2740 propria
955 2673 1076 2738 fuit,
1106 2690 1133 2728 a
1166 2677 1272 2730 Deo
1296 2678 1455 2735 Patre
1482 2694 1534 2737 et
1563 2701 1666 2737 non
1694 2688 1911 2742 aliunde
1930 2692 2116 2758 geniti;
2144 2688 2289 2747 cam-

708 2779 815 2832 que
863 2782 1135 2835 nunquam
1165 2784 1382 2825 carnem
1423 2774 1474 2828 in
1512 2785 1756 2832 naturam
1786 2780 1999 2835 deitatis
2029 2793 2287 2839 mutatam

708 2853 1054 2911 aliirmemus.

712 2963 800 3017 16.
827 2963 1053 3037 Sanctus
1076 2967 1311 3037 Cyrillus
1340 2973 1537 3026 inlibro
1553 2976 1801 3030 adversus
1825 2977 2113 3032 Diodorum
2139 2981 2292 3036 Tarsi

780 3036 1199 3115 episcopuntll),
1250 3042 1341 3115 qui
1371 3044 1548 3106 incipit
1574 3061 1592 3098 .'
1629 3063 1646 3094 ι
1673 3047 1807 3099 Ante
1858 3052 2033 3101 omnia
2080 3054 2287 3115 veritas,

778 3121 933 3183 quam
964 3108 1093 3160 nihil
1120 3112 1381 3179 coarguit,
1413 3130 1605 3182 nosque
1636 3114 1896 3184 ipsi.recte
1923 3119 1987 3171 de
2018 3119 2113 3172 illa
2145 3108 2288 3191 loqui

781 3189 1033 3228 novimus.
1076 3195 1095 3227 ι

781 3306 978 3373 Quidni
1024 3312 1309 3379 Oportebat
1342 3313 1409 3366 ab
1435 3330 1500 3369 eo
1536 3318 1713 3384 potius
1744 3320 2123 3388 demonstrari,
2161 3324 2287 3393 quid

711 3398 854 3453 inter
880 3403 1060 3455 carnis
1093 3412 1146 3456 et
1176 3402 1395 3459 deitatis
1416 3408 1672 3462 attributa
1696 3412 1951 3466 intersit?
1982 3414 2082 3466 Aio
2108 3414 2287 3483 igitur,

712 3486 767 3541 in
793 3489 1015 3559 singulis
1038 3507 1205 3561 nuper
1229 3495 1519 3549 nominatis
1546 3498 1722 3564 rebus,
1750 3501 1861 3554 sive
1886 3504 2160 3571 corporeis
2177 3504 2289 3558 sive

713 3593 889 3644 secus,
917 3596 1133 3636 carnem
1180 3598 1300 3638 esse
1342 3601 1459 3653 quas
1493 3588 1559 3641 de
1585 3588 1818 3646 lnnnana
1867 3593 2035 3646 ferma
2075 3605 2287 3663 sumpta

712 3669 846 3736 fuit;
867 3670 1095 3726 Verbum
1122 3683 1307 3729 autem
1331 3677 1472 3745 quod
1499 3694 1527 3731 e
1552 3678 1724 3736 Patris
1745 3684 2039 3738 substantia
2070 3687 2285 3753 prodiit.

716 3759 869 3817 liaud
904 3762 1107 3817 idcirco
1146 3772 1324 3819 tamen
1373 3767 1688 3825 dividendus
1726 3775 1777 3826 in
1814 3775 1946 3828 duos
1977 3786 2061 3829 est
2099 3775 2289 3831 unicus

716 3851 806 3907 ille
833 3862 1015 3907 noster
1040 3853 1298 3910 Dominus
1332 3853 1489 3913 Jesus
1514 3859 1781 3916 Christus.

990 3988 1075 4042 l7.
1135 3988 1278 4042 Idem
1309 3989 1535 4061 Cyrillus
1566 3996 1619 4047 in
1648 3997 1827 4051 eodem
1854 3998 2008 4054 libro.

788 4119 1028 4177 Dicimus
1069 4125 1281 4181 Domini
1323 4144 1539 4181 carnem
1591 4130 1768 4183 anima
1808 4132 2133 4202 intelligente
2170 4149 2290 4188 esse

718 4212 1033 4271 animatam.
1074 4216 1227 4286 Smpe
1257 4235 1352 4273 nos
1386 4220 1486 4274 hoc
1516 4221 1779 4285 diximus,
1819 4231 1873 4277 et
1910 4239 2053 4279 nunc
2081 4241 2291 4295 quoque

720 4316 831 4358 rem
866 4305 936 4358 ita
966 4321 1026 4360 se
1056 4308 1255 4363 habere
1287 4311 1462 4364 denuo
1486 4311 1829 4368 allirmamus.

793 4456 836 4488 "
861 4456 1063 4513 Jerem.
1095 4474 1288 4526 xxxiii,
1326 4460 1413 4514 16.

1710 398 1767 452 S.
1810 397 2077 453 CYRlLH
2119 387 2581 458 ΑιζΕΧΑΝυιιιΝι
2616 406 2936 461 AllClllliP.

712 506 1041 568 persuaserit
1075 520 1130 559 se
1166 505 1232 559 de
1272 521 1456 568 morte
1484 514 1828 580 suscitatum,
1859 529 2076 569 carnem
2108 519 2271 582 pedes
2302 523 2345 578 Α

3838 410 3987 466 1455

2635 524 2720 580 l8.
2774 524 2919 578 Idem
2965 524 3194 596 Cyrillus
3240 529 3294 581 in
3330 529 3511 581 eodem
3549 524 3706 578 libro.

2462 634 2566 688 Sed
2612 636 2897 691 Diodorum
2945 654 3155 707 quoque
3189 642 3490 696 audiamus.
3534 638 3629 693 Sin
3664 653 3799 692 vero
3834 648 3897 693 tu
3932 640 3986 693 id

2389 726 2527 781 dicis
2558 729 2623 781 de
2649 728 2946 791 Nazareno,
2975 745 3163 797 nempe
3186 731 3227 784 si
3250 734 3520 787 hominem
3542 730 3785 800 appellas
3808 730 3984 793 hunc,

2389 822 2477 884 qui
2503 832 2808 889 assumptus
2834 820 2953 886 fuit,
2980 822 3204 876 ostende
3234 823 3411 888 nobis,
3437 824 3569 877 nihil
3594 820 3983 881 dissimulans,

2389 920 2666 965 externam
2691 930 2995 982 personam;
3023 924 3274 982 tuamque
3296 915 3496 969 diserte
3524 916 3863 970 sententiam
3887 929 3985 966 ex-

2390 1016 2547 1068 pone,
2590 1018 2760 1069 neque
2796 1022 3016 1059 carnem
3054 1006 3341 1061 inanimem
3380 1008 3548 1062 dicas.
3575 1038 3646 1048 —
3681 1006 3851 1074 Atqui
3881 1020 3982 1057 au-

2392 1093 2601 1148 dientes
2624 1106 2674 1148 tu
2703 1096 2887 1152 fallere
2910 1110 3083 1167 putas,
3116 1097 3238 1165 quia
3259 1108 3571 1152 constanter
3604 1114 3703 1153 nos
3734 1098 3981 1151 aﬂirma-

2390 1183 2565 1236 vimus
2612 1201 2827 1241 carnem
2867 1204 2961 1257 pro
2989 1204 3081 1241 sua
3123 1187 3329 1241 ratione
3366 1203 3429 1241 ac
3468 1200 3659 1241 natura
3688 1189 3921 1243 diil'erre
3946 1204 3972 1238 a

2392 1272 2586 1338 Verbo,
2626 1280 2765 1345 quod
2818 1279 2885 1332 de
2925 1278 3030 1333 Deo
3055 1278 3211 1332 Patre
3240 1286 3420 1331 natum
3461 1290 3567 1333 est.
3616 1280 3745 1334 llaec
3791 1290 3976 1333 tamen

2388 1365 2599 1432 propria
2619 1369 2732 1434 ejus
2749 1384 2878 1424 caro
2909 1370 3005 1424 fuit
3034 1380 3250 1441 propter
3286 1370 3704 1441 inseparabilem
3744 1373 3979 1440 conjun-

2386 1456 2639 1510 ctiouetn.

2668 1571 2754 1626 19.
2804 1572 2950 1628 Idem
2979 1574 3205 1644 Cyrillus
3234 1574 3287 1625 in
3313 1576 3489 1628 eodem
3522 1576 3682 1631 libro.

2459 1678 2569 1733 imo
2597 1683 2776 1749 potius
2804 1701 2939 1740 unus
2974 1686 3222 1754 idemque
3258 1684 3429 1738 Filius
3450 1694 3552 1750 est,
3590 1697 3649 1739 nt
3682 1686 3975 1763 perspiwe

2387 1773 2753 1840 cognoscitur,
2777 1777 2840 1829 de
2858 1776 3153 1830 substantia
3181 1773 3272 1828 Dei
3299 1773 3479 1827 Patris
3503 1778 3804 1830 secundum
3832 1775 3971 1828 divi-

2389 1860 2636 1926 nitatem,
2662 1874 2714 1917 et
2735 1881 2799 1919 ex
2826 1866 2976 1919 nobis
3000 1864 3293 1921 secundum
3319 1865 3736 1920 humanitatem.
3764 1865 3972 1932 Nempe

2388 1954 2550 2005 etiam
2596 1955 2878 2023 propheta,
2925 1958 2999 2009 uti
3045 1956 3270 2025 Moyses,
3313 1954 3612 2022 appellatus
3646 1956 3767 2018 fuit,
3810 1956 3970 2008 item-

2388 2058 2493 2112 que
2510 2041 2574 2096 de
2597 2049 2763 2113 stirpe
2790 2046 3021 2101 Davidis.
3047 2046 3229 2114 Neque
3254 2042 3370 2111 ejus
3394 2059 3659 2113 agnomen
3686 2059 3968 2099 removea-

2389 2148 2540 2196 mus;
2580 2149 2701 2186 nam
2735 2136 3146 2205 dispensationis
3173 2136 3288 2205 ejus
3313 2137 3568 2189 virtutem
3595 2136 3965 2203 rationemque

2389 2227 2519 2280 Satis
2562 2228 2828 2283 novimus.
2877 2228 3061 2300 Neque
3099 2230 3311 2299 pr0prie
3357 2231 3613 2298 templum
3652 2228 3777 2292 luit,
3823 2229 3965 2295 quod

2390 2318 2582 2370 attinet
2614 2318 2678 2370 ad
2708 2319 2824 2388 ejus
2848 2331 3116 2385 naturam;
3149 2320 3349 2373 etenim
3376 2318 3542 2373 Deum
3577 2334 3700 2373 esse
3723 2329 3963 2386 apparet.

2388 2407 2540 2474 Quod
2573 2412 2615 2463 si
2645 2412 2838 2464 animas
2862 2428 2889 2464 a
2918 2427 3143 2481 corpore
3158 2427 3255 2467 suo
3274 2411 3670 2480 separatiouem
3699 2410 3965 2479 permisit.

2390 2509 2634 2566 separata
2666 2502 3012 2557 nihilominus
3034 2503 3098 2555 ad
3124 2518 3245 2557 eum
3274 2502 3607 2570 pertinebat,
3637 2502 3778 2555 haud
3808 2516 3967 2555 secus

2390 2608 2547 2659 quant
2580 2593 2803 2661 singulis
2829 2596 2980 2647 nobis
3005 2594 3278 2663 proprium
3312 2610 3533 2663 corpus.

2391 2720 2479 2773 20.
2520 2719 2669 2801 idem
2694 2722 2927 2803 (lg/rigas
2958 2724 3012 2775 in
3049 2724 3224 2803 eodem
3261 2724 3412 2803 libro.
3455 2725 3664 2803 (Exstat
3704 2725 3788 2803 hic
3822 2725 3965 2803 locus

2461 2795 2615 2842 etiam
2643 2793 2790 2864 apud,
2814 2791 3069 2864 Seuerum
3087 2791 3472 2864 Antiochenam
3492 2798 3545 2849 in
3573 2812 3723 2864 opere
3751 2798 3967 2857 inedita,

2463 2862 2600 2930 quod
2635 2861 2938 2914 inscribitur
2977 2860 3353 2931 Philaletltes.)

2468 2996 2747 3067 Proprium
2769 3005 2850 3051 est
2874 2997 3055 3066 itaque
3074 2998 3269 3051 divinre
3295 3008 3521 3063 natum,
3550 3009 3607 3053 ut
3636 3010 3762 3054 ante
3784 3004 3961 3056 omnia

2395 3084 2585 3134 Saecula
2614 3082 2703 3137 sit.
2739 3082 3013 3138 Peculiare
3045 3082 3248 3150 pariter
3276 3083 3436 3138 Verbi
3469 3083 3711 3150 ejusdem
3745 3087 3881 3150 fuit,
3910 3097 3966 3141 ut

2395 3176 2683 3240 postremis
2723 3175 3051 3243 temporibus
3093 3188 3260 3227 carne
3301 3176 3583 3244 praeditum
3632 3192 3964 3233 nasceretur.

2394 3264 2560 3319 Porro
2585 3265 2837 3318 nativitas
2857 3265 2973 3332 ejus
2996 3269 3061 3319 de
3082 3265 3326 3335 Virgine,
3352 3280 3514 3320 causa
3536 3264 3715 3321 Verbo
3739 3285 3843 3322 non
3870 3270 3967 3324 fuit

2391 3354 2707 3414 exsistendi,
2727 3355 2820 3409 sed
2833 3355 2948 3424 ejus
2972 3354 3023 3407 in
3042 3370 3205 3408 carne
3228 3354 3702 3409 maniiestationis.
3723 3355 3966 3413 Perfecto

2393 3460 2496 3499 non
2534 3456 2617 3499 est
2651 3444 2881 3500 Verbum
2916 3446 3143 3500 mortale
3170 3449 3236 3499 de
3268 3446 3500 3509 mortali,
3532 3450 3626 3501 sed
3658 3450 3725 3502 de
3756 3452 3965 3505 vivente

2391 3535 2553 3589 Patre
2578 3538 2794 3592 vivens:
2819 3539 3199 3606 propriumque
3218 3538 3385 3604 ipsius
3404 3540 3596 3601 evasit,
3623 3541 3712 3610 qui
3738 3544 3842 3595 vita
3865 3556 3964 3607 est,

2396 3621 2617 3675 mortale
2638 3638 2832 3692 corpus
2855 3624 2918 3677 de
2942 3624 3149 3677 mortali
3171 3638 3374 3689 natum,
3394 3636 3445 3679 et
3466 3629 3622 3681 morti
3647 3630 3961 3685 obnoxium:

2396 3716 2455 3759 ut
2489 3707 2541 3760 in
2573 3708 2661 3762 illo
2692 3724 2811 3763 cum
2846 3722 3018 3764 morte
3035 3713 3361 3781 coaﬂigens,
3398 3726 3451 3769 et
3473 3731 3503 3769 e
3524 3720 3752 3773 mortuis
3784 3737 3963 3775 resur-

2394 3810 2556 3865 gens,
2610 3798 2664 3852 in
2710 3802 3275 3870 incorruptibilitatem
3326 3807 3377 3867 id
3419 3808 3591 3876 ipsum
3637 3811 3962 3880 vindicaret,

2394 3888 2666 3958 mortique
2701 3893 2947 3960 superius
2979 3894 3406 3960 demonstraret,
3442 3900 3653 3954 etiamsi
3690 3903 3741 3954 id
3773 3915 3959 3958 natura

2397 3996 2491 4033 sua
2539 3984 2588 4059 in
2634 3985 2819 4036 mortis
2859 3986 3123 4053 mancipio
3162 3997 3298 4041 erat.
3342 3989 3624 4047 Debilitata
3666 4004 3747 4048 est
3790 4007 3959 4050 autem

2397 4084 2542 4123 mors
2571 4084 2634 4124 ex
2668 4088 2774 4140 quo
2806 4088 2927 4126 cum
2970 4076 3092 4129 vitae
3123 4091 3348 4146 corpore
3381 4082 3625 4147 prndium
3669 4090 3958 4144 conseruit.

2670 4209 2760 4260 2|.
2809 4207 2955 4262 Idem
2983 4208 3208 4279 Cyrillus
3233 4229 3285 4265 m
3310 4222 3488 4269 eodem
3513 4220 3667 4277 libro.

2470 4318 2620 4373 Nunc
2642 4318 2894 4384 breviter,
2926 4322 2967 4376 si
2994 4322 3189 4391 placet,
3217 4330 3677 4396 transgredientes
3701 4336 3769 4387 ad
3790 4336 3953 4389 consi-

796 4641 873 4711 (Ι)
901 4640 1185 4697 Liberatus
1206 4642 1545 4723 diaconus-in
1580 4643 1869 4723 Breriario,
1901 4661 2021 4723 cap.
2054 4647 2141 4723 ⁸10.
2169 4648 2283 4702 sic:
2320 4652 2361 4705 l)
2394 4667 2473 4723 ιιι,
2512 4652 2916 4723 GLreciIatum,
2941 4669 2968 4707 a
3000 4656 3199 4711 nostris
3230 4658 3312 4711 his
3349 4659 3583 4715 dill'errc.
3615 4664 3821 4721 Contra
3851 4670 3957 4723 Dio-

723 4709 961 4780 Cyrtllus
1020 4721 1126 4764 tres
1174 4714 1378 4779 scripsit
1420 4714 1577 4765 libros
1631 4718 1881 4767 adversus
1930 4716 2209 4769 Diodorum
2239 4728 2287 4770 et

726 4780 1076 4851 Theodorum,
1103 4782 1256 4847 quasi
1288 4780 1589 4834 Nestoriuni
1613 4784 1865 4851 dogmatis
1892 4795 2154 4838 auctores.
2177 4787 2289 4839 Alia

725 4861 974 4903 veterum
1011 4849 1215 4923 de_hac
1273 4865 1332 4903 re
1370 4849 1693 4923 testimonia
1745 4852 1959 4923 collegit
2012 4852 2292 4910 Fabricius

724 4919 780 4974 in
816 4918 881 4972 Β.
915 4918 1007 4971 Gr.
1036 4918 1124 4973 ed.
1156 4933 1278 4993 nov.
1302 4928 1339 4973 t.
1370 4920 1459 4993 IX,
1485 4936 1537 4987 p.
1566 4920 1691 4982 495,
1711 4937 1828 4989 qua:
1852 4918 2127 4977 cumulare
2158 4942 2293 4993 opus

727 5004 835 5042 non
861 4997 967 5051 est,
990 4990 1291 5055 prmsertim
1319 4990 1442 5057 quia
1471 5006 1574 5044 non
1592 4994 1768 5057 'pauca
1794 4994 2001 5045 illorum
2032 4990 2290 5047 librorum

730 5061 1029 5127 fragmenta
1170 5059 1353 5131 quinta
1386 5060 1623 5127 generali
1645 5063 1848 5131 synodo
1873 5062 2051 5116 collat.
2090 5078 2119 5112 ν
2154 5066 2291 5117 reci~

731 5138 945 5189 tantur;
979 5128 1178 5195 quibus
1209 5128 1311 5179 alia
1339 5143 1473 5179 nova
1514 5128 1718 5182 nune'a
1755 5132 1909 5184 nobis
1937 5131 2199 5186 accedunt
2226 5150 2291 5187 cx

732 5196 1319 5267 Syriacisbibliotbeczr
1332 5197 1603 5267 Vaticana:
1627 5199 1899 5254 codicibus
1926 5215 2096 5255 eruta.
2117 5204 2296 5267 Quare

734 5267 936 5319 ft'tlslt‘a
984 5276 1067 5318 est
1090 5266 1393 5337 iFaeundus
1429 5266 1833 5322 ilermiauensis
1887 5271 1979 5326 lib.
2015 5287 2131 5337 vui,
2156 5274 2209 5335 l5,
2244 5282 2297 5326 et

736 5335 887 5395 alibi,
919 5335 1046 5388 dum
1071 5336 1137 5389 de
1153 5335 1336 5404 Cyrilli
1370 5337 1518 5391 libris
1543 5347 1726 5389 contra
1757 5338 2100 5393 Theodorum
2120 5335 2294 5396 dubi-

738 5414 854 5457 tare
881 5404 1015 5465 vult,
1043 5403 1166 5471 quia
1202 5403 1405 5472 nempe
1446 5421 1631 5473 parum
1685 5407 1731 5459 ei
1770 5408 1961 5474 placet,
1987 5409 2141 5463 talem
2177 5421 2292 5464 tan-

741 5485 965 5541 tumque
1015 5474 1189 5527 virum
1253 5475 1595 5533 adversatum
1660 5476 1825 5530 luisse
1877 5477 2182 5545 Theodoro,
2215 5484 2300 5538 cui

742 5543 855 5606 ipse
896 5552 1007 5595 toto
1055 5559 1152 5596 suo
1205 5558 1366 5611 opere
1409 5545 1790 5610 patrocinatur.
1822 5545 2058 5602 Facundi
2110 5543 2298 5605 falsam

742 5613 1050 5678 opinioiiem
1084 5614 1216 5667 alios
1266 5614 1527 5681 quosdam
1590 5614 1963 5684 participasse,
1993 5635 2055 5673 ex
2106 5626 2295 5677 eodem

744 5681 996 5733 Liberata
1043 5699 1160 5749 cap.
1214 5686 1306 5736 cit.
1338 5681 2057 5758 atomiosijiunis.’Denique
2101 5695 2298 5747 adnoto

742 5750 1099 5821 fragmentum
1151 5756 1277 5808 item
1329 5755 1605 5824 (erilliani
1660 5760 1891 5825 opet‘isa
1926 5750 2290 5822 i“5it'ttiidiibb.

2397 4722 2515 4800 duri
2566 4721 2944 4803 Thcoﬂoﬁque
3011 4726 3239 4803 infames
3278 4733 3601 4803 _senteutias
3654 4721 3956 4803 gravissime

2396 4790 2671 4876 ξ-ιλνςιιξιιιι·
2698 4794 2934 4876 ᾳγνιιιυξ
2960 4798 3121 4861 epist.
3163 4799 3229 4876 aid
3266 4796 3531 4854 Joannem
3556 4790 3859 4876 Autumo.th

2395 4858 2463 4937 5'39
2487 4860 2522 4921 ).
2554 4860 2671 4926 Quo
2710 4858 2824 4937 loco
2858 4858 3022 4937 etiam
3059 4867 3283 4937 ptenitet
3328 4883 3451 4922 cum
3485 4876 3631 4937 quod
3683 4858 3809 4932 illos
3841 4858 3951 4931 oliin

2397 4930 2711 5003 imprudens
2748 4930 3230 5003 laudasset,'cnjus
3280 4939 3355 4991 rei
3412 4930 3568 4994 testis
3598 4954 3684 4997 est
3717 4930 3956 5001 Leontius

2400 4998 2473 5051 De
2507 5001 2683 5060 sectis,
2722 5010 2829 5054 act.
2866 5017 2937 5065 tv,
2964 4998 3153 5085 ὖλιιιιξξ
3192 5014 3373 5085 tamen
3417 5011 3711 5085 adnotatur
3740 4998 3952 5085 chryso;

2398 5080 2633 5121 Stomum
2664 5086 2879 5138 quoque
2898 5081 2955 5126 et
2986 5073 3244 5128 Basilium
3273 5077 3465 5130 iisdem
3512 5080 3823 5137 hominibus
3848 5076 3947 5137 lant

2399 5140 2518 5213 dem
2551 5140 2887 5213 attribuisse,
2927 5155 3209 5210 pr0pterea
3254 5148 3394 5213 quod
3442 5148 3677 5205 Arianos
3728 5152 3952 5210 Macedo~

2402 5208 2546 5260 nium
2591 5218 2644 5261 et
2692 5208 3054 5277 Apollinarem
3103 5208 3509 5271 refuta'vissent.
3556 5220 3611 5271 lu
3657 5208 3952 5277 collectione

2400 5279 2653 5355 (λιιιρηίοη
2687 5279 2959 5355 Ebediesu
2977 5281 3285 5355 Nestorianj
3318 5286 3398 5355 (p.
3422 5286 3555 5355 150)
3583 5304 3612 5340 a
3641 5294 3799 5345 nobis
3823 5294 3945 5347 edita

2404 5342 2593 5430 script.
2626 5361 2719 5401 ret.
2761 5358 2799 5403 t.
2826 5349 2889 5414 Χ,
2930 5342 3554 5430 Οἰοιξοτιιξητιιὲοιίοτιιέ
3583 5342 3751 5430 atque

2407 5416 2778 5487 riusdicuntur
2801 5430 2961 5474 secta:
2983 5422 3257 5487 splendida
3283 5435 3334 5478 et
3360 5416 3707 5483 sanctissiuia
3736 5432 3949 5485 lumina-

2407 5486 2505 5565 ria.
2530 5487 2832 5565 Euitigitur
2856 5486 3150 5562 congruum
3185 5505 3241 5546 ut
3280 5496 3537 5565 Cyrillus,
3567 5496 3802 5554 Nemorii
3838 5515 3949 5555 stre-

2407 5558 2713 5640 nuissinrus'
2761 5558 3125 5625 adversarius,
3169 5558 3703 5640 contra__Diodorum
3757 5586 3947 5640 quoque

2405 5638 2566 5701 atque
2621 5629 2959 5685 Theodorum
3015 5648 3163 5685 arma
3221 5629 3948 5701 expediret.ﬂorifer-etiam

2404 5695 2653 5755 Pliotium
2688 5701 2823 5769 apud
2867 5717 2962 5756 nos
2998 5702 3179 5770 Spicil.
3214 5695 3369 5761 liam.
3415 5714 3455 5759 t.
3488 5706 3554 5777 Χ,
3586 5726 3639 5780 p.
3667 5710 3789 5766 456.
