4116 6506
141 375 315 436 1457

142 499 464 556 derandam
515 503 824 563 Servatoris
857 513 1030 566 nostri
1074 512 1272 571 Christi
1307 533 1627 592 personam,
1663 528 1745 580 di-

138 604 383 646 versam
416 608 540 648 esse
569 599 929 666 comperimus
959 613 1227 671 naturam,
1260 610 1346 663 cui
1377 611 1623 681 imposita
1641 628 1745 673 est.

148 683 397 738 Interim
424 685 538 756 ipse
575 704 800 755 persona
841 692 1177 762 hypostatiea
1200 710 1281 754 est
1305 711 1464 772 atque
1484 705 1745 772 absoluta,

140 774 482 831 humanitas
503 791 555 832 et
577 780 828 836 divinitas
856 801 868 849 ;
895 785 1198 857 dieiturque
1216 805 1456 850 sununus
1484 799 1745 864 pontifex,

138 862 342 919 factor
369 878 422 921 ct
447 867 639 924 factus.

437 975 527 1031 22,
578 977 725 1032 Idem
762 980 992 1052 Cyrillus
1031 988 1084 1040 in
1115 992 1292 1045 eodem
1315 994 1471 1050 libro.

235 1084 347 1141 Sed
381 1086 614 1144 fortasse
649 1102 699 1143 tu
731 1094 904 1149 dicis:
955 1099 1092 1169 Ergo
1128 1119 1232 1155 non
1268 1105 1529 1161 habitavit
1565 1111 1616 1165 in
1654 1113 1742 1167 illo

137 1176 444 1243 plenitudo
471 1181 716 1236 universa
753 1186 1053 1244 divinitatis
1086 1207 1340 1262 corporea
1371 1200 1599 1255 ratione.
1635 1201 1741 1258 Ve-

137 1283 284 1320 rum
323 1269 445 1336 hoc,
494 1271 734 1340 inquam,
784 1287 902 1342 est;
940 1295 1204 1352 nemoque
1242 1300 1410 1341 sacra:
1449 1289 1743 1358 Scriptura:

137 1361 513 1416 contradicit.
564 1361 673 1420 Nos
724 1375 899 1423 tamen
945 1372 1173 1429 dicimus
1227 1376 1348 1432 Filii
1402 1382 1738 1439 divinitatem

139 1447 307 1502 haud
354 1452 528 1509 alieno
571 1456 624 1510 in
664 1473 921 1528 corpore,
969 1465 1060 1518 sed
1105 1466 1158 1518 in
1201 1481 1298 1522 suo
1322 1473 1500 1538 potius
1544 1476 1740 1545 templo

137 1536 459 1606 habitasse,
500 1545 642 1599 velut
665 1546 716 1600 in
753 1548 974 1605 homine
999 1555 1200 1618 anima,
1230 1536 1348 1626 qua:
1379 1536 1729 1619 lieetacariie

135 1626 434 1697 diﬂ'erens,
460 1640 696 1691 attamen
734 1655 840 1694 una
873 1657 993 1696 cmn
1036 1660 1196 1700 carne
1223 1658 1469 1703 naturam
1501 1653 1737 1708 hominis

138 1717 392 1784 perlicit,
414 1733 470 1777 ut
490 1725 560 1778 sit
586 1725 778 1782 Petrus
803 1732 882 1785 vel
909 1733 1128 1790 Paulus.
1155 1736 1269 1792 lloe
1300 1740 1405 1794 imo
1432 1743 1736 1799 evidentius

140 1807 206 1859 in
255 1809 475 1868 Christo
519 1825 618 1871 est.
685 1819 868 1891 Neque
916 1836 1091 1879 tamen
1138 1829 1336 1885 ideirco
1374 1834 1600 1888 dicimus
1643 1836 1734 1889 Dei

139 1898 396 1955 Verbum
422 1908 615 1962 animae
631 1911 806 1967 officio
826 1916 878 1968 in
904 1933 1128 1987 corpore
1150 1920 1415 1988 functum,
1442 1940 1556 1992 quae
1571 1929 1739 1996 pessi-

145 2004 244 2041 ma
278 1996 658 2053 nonnullorum
689 2004 870 2070 Opinio
890 2017 993 2072 est,
1019 2011 1110 2063 sed
1135 2023 1377 2066 sanctum
1405 2015 1521 2082 ejus
1546 2032 1738 2086 corpus

143 2079 496 2151 intelligente
517 2090 695 2144 anima
720 2094 946 2153 dicimus
973 2114 1091 2155 esse
1119 2105 1437 2162 animatum.

442 2196 534 2252 25.
580 2201 730 2256 Idem
753 2205 983 2274 Cyrillus
1019 2211 1071 2264 in
1103 2217 1277 2268 eodem
1303 2198 1454 2273 libi'o.

225 2301 326 2358 Dei
352 2303 585 2363 Verbum
612 2327 737 2368 vere
765 2317 814 2369 in
841 2321 1094 2376 omnibus
1115 2326 1413 2389 perfectum
1437 2338 1540 2393 est.
1567 2348 1737 2403 neque

144 2391 498 2452 incremento
517 2402 735 2471 indiget.
762 2406 954 2462 Natum
973 2423 1149 2466 autem
1174 2417 1470 2484 perfectura
1496 2391 1560 2476 de
1583 2391 1738 2479 Patre

146 2491 264 2547 est,
299 2489 558 2556 sapientia
593 2496 657 2549 de
684 2499 975 2566 sapientia,
1011 2507 1246 2572 potentia
1283 2509 1347 2561 de
1379 2514 1638 2576 potentia.
1675 2515 1740 2568 Et

144 2575 284 2640 quia
311 2590 502 2633 natura
536 2583 872 2643 immutabile
904 2601 1004 2657 est,
1034 2595 1165 2646 nihil
1197 2596 1243 2647 ci
1267 2575 1518 2664 templum
1552 2601 1601 2652 in
1632 2618 1738 2670 quo

145 2665 311 2719 stetit
361 2671 564 2738 nocoit,
625 2677 719 2730 sed
774 2680 1068 2744 perfectam
1120 2686 1341 2738 retinuit
1393 2665 1735 2756 sapientia—ni,

1372 398 1795 460 FRAGMENTA
1835 407 2252 470 DOGMATICA.

3296 423 3434 481 ηδε

1776 533 1823 589 Δ
1853 535 2180 599 potentiam,
2215 547 2269 591 et
2303 537 2507 608 reliqua
2543 541 2744 597 omnia.
2774 541 2912 595 Caro
2943 542 3126 612 utique
3155 548 3430 600 crescebat

1858 624 2059 678 viribus
2098 627 2348 694 paulatim
2384 639 2557 694 aucta,
2600 641 2757 700 prout
2790 632 3038 687 humana:
3072 643 3276 688 natura:
3303 635 3426 705 jura

1856 711 2055 768 ferunt.
2096 715 2331 770 Verbum
2374 728 2550 771 autem
2603 720 2754 773 carni
2792 722 2996 773 unitum
3043 720 3296 790 paulatim
3329 738 3422 778 sa-

1855 803 2109 871 pientiam
2160 821 2311 859 suam
2357 806 2756 873 manifestabat,
2801 824 2920 877 quae
2963 812 3202 878 corporis
3246 812 3424 865 incre-

1855 904 2092 948 mentum
2117 898 2497 962 comitabatur,
2522 907 2574 952 et
2597 900 2840 969 corporis
2865 915 2921 954 se
2942 911 3160 955 staturae
3177 903 3421 956 adamas-

1852 984 1952 1036 sim
1990 990 2450 1042 accommodabat.

2113 1099 2201 1153 24.
2250 1101 2398 1154 Idem
2431 1101 2661 1171 Cyrillus
2698 1105 2749 1155 in
2781 1105 2957 1158 eodem
2992 1107 3148 1159 libro.

1921 1205 2058 1275 Ergo
2072 1208 2136 1260 ad
2154 1209 2563 1266 similitudinem
2590 1223 2824 1268 nostrain
2847 1216 3112 1283 particeps
3130 1215 3226 1270 fuit
3242 1219 3422 1274 carnis

1848 1307 1902 1352 et
1927 1301 2222 1369 sanguinis.
2245 1302 2484 1372 Cumque
2509 1315 2731 1360 mortem
2758 1322 2816 1360 ca
2828 1309 2903 1360 rni
2929 1323 3037 1360 suae
3054 1310 3418 1378 applieuisset,

1849 1388 2128 1458 ipsamque
2171 1402 2396 1446 mortem
2457 1397 2846 1462 destruxisset,
2891 1413 3116 1468 corpora
3173 1403 3418 1455 mortalia

1848 1490 2031 1532 nostra
2061 1483 2124 1535 ad
2161 1483 2717 1554 incorruptibilitatem
2741 1489 2973 1554 direxit,
3013 1500 3070 1545 tit
3099 1507 3418 1548 earneorum

1847 1574 2209 1627 membrorum
2239 1576 2487 1630 rebellem
2517 1577 2681 1647 legem
2706 1581 2774 1634 ab
2796 1595 2857 1633 ea
2885 1581 3167 1650 tyrannide
3193 1597 3294 1651 qua
3321 1599 3421 1638 nos

1845 1662 2120 1729 premebat
2144 1663 2414 1731 dejiceret.
2451 1666 2620 1720 Secus
2649 1669 2790 1721 enim
2825 1670 2929 1722 vita
2961 1672 3116 1723 morti
3145 1687 3246 1725 non
3275 1682 3422 1727 esset

1844 1753 2140 1817 dominata,
2171 1756 2276 1810 nisi
2299 1756 2534 1811 Verbum
2563 1760 2800 1813 mortalis
2822 1762 3063 1828 corporis
3084 1761 3270 1815 fuisset
3295 1778 3421 1829 par-

1846 1842 2011 1910 ticeps
2040 1861 2052 1896 :
2093 1860 2264 1913 neque
2296 1848 2419 1900 item
2449 1850 2798 1916 cupiditatum
2818 1850 3139 1904 naturalium
3169 1851 3419 1907 stimulus

1847 1943 2058 1986 retusus
2092 1933 2302 1999 luisset,
2335 1938 2433 1991 nisi
2463 1937 2624 1994 Verbi
2651 1955 2845 2009 corpus
2877 1955 2941 1995 ex
2968 1943 3198 1996 humana
3233 1951 3415 1997 nostra

1847 2033 2035 2078 natura
2067 2037 2338 2093 sumptum
2371 2027 2583 2082 fuisset.

2112 2135 2203 2189 9.5.
2255 2136 2404 2190 Idem
2433 2137 2664 2208 Cyrillus
2697 2142 2748 2193 in
2782 2141 2957 2195 eodem
2991 2143 3148 2195 libro.

1920 2245 2212 2302 lnanimetn
2239 2250 2381 2304 haud
2411 2252 2640 2306 dicimus
2672 2269 2889 2308 carnem
2921 2254 3062 2307 illam
3096 2250 3269 2306 Verbo
3297 2251 3416 2304 uni-

1844 2349 1969 2402 tam,
2007 2356 2125 2406 quae
2155 2342 2219 2393 de
2251 2343 2456 2396 semine
2493 2344 2708 2398 Davidis
2747 2353 2851 2398 est.
2886 2344 3095 2398 Nemini
3136 2345 3260 2397 item
3298 2345 3414 2413 upi-

1843 2432 1958 2482 nari
1995 2431 2118 2484 licet
2155 2433 2384 2487 Verbum
2427 2436 2623 2503 templo
2658 2452 2756 2491 suo
2789 2447 2978 2491 saneto
3018 2437 3193 2490 instar
3220 2437 3415 2489 animae

1845 2521 2255 2592 intellectusque
2280 2526 2466 2580 fuisse.
2501 2525 2684 2595 Neque
2715 2540 2984 2596 postremo
3030 2529 3198 2591 illum,
3228 2528 3315 2595 qui
3349 2527 3415 2580 de

1843 2613 2050 2666 semine
2081 2623 2184 2678 est,
2219 2631 2314 2683 per
2341 2631 2401 2672 se
2421 2621 2592 2673 solum
2626 2620 2896 2689 appellare
2933 2619 3124 2675 Filium
3156 2620 3410 2674 solemus.

1760 2817 1849 2876 1V.

769 2953 832 2991 EX
863 2954 1033 2996 LIBRlS
1060 2959 1260 2999 CONTRA
1301 2963 1614 3004 TllEODORUM
1653 2969 2054 3016 MOPSUESTENUM
2085 2980 2150 3018 ΕΤ
2184 2982 2443 3022 DIODORL‘M
2480 2985 2793 3023 'I‘ARSENSEM.

149 3062 207 3117 1.
249 3065 1132 3171 Sattotfmmentoriw‘(l)mCyr‘illi
1172 3103 1236 3139 ex
1265 3089 1434 3171 primo
1465 3092 1599 3148 libro
1634 3111 1722 3148 eo.
1757 3107 1798 3164 α
1847 3104 2066 3154 verbum
2119 3115 2342 3158 vocatur
2391 3107 2573 3171 homo,
2628 3121 2730 3160 non
2763 3115 2846 3160 est
2883 3105 3055 3158 factus
3099 3105 3260 3158 homo
3294 3117 3407 3155 ma-

385 3154 500 3192 rum
531 3158 658 3210 quos
680 3159 859 3200 contra
887 3149 1208 3208 Theodorum
1235 3149 1465 3227 scripsit.

778 3277 1115 3321 TllEODORUS.

225 3365 288 3420 Si
319 3369 433 3435 quis
470 3371 589 3424 velit
613 3372 820 3427 abusive
843 3385 892 3428 et
928 3375 1130 3431 Filium
1161 3380 1260 3434 Dei
1295 3382 1459 3438 Deunt
1502 3385 1725 3442 Verbum

143 3457 328 3524 ﬁlium
360 3457 528 3511 David
566 3464 859 3527 nontinare,
898 3478 1110 3536 propter
1147 3470 1243 3523 Dei
1291 3471 1443 3528 Verbi
1481 3479 1728 3546 tentplum

141 3553 294 3617 quod
322 3565 387 3602 ea:
421 3549 591 3604 David
615 3564 728 3615 est,
771 3560 994 3610 nontinet
1019 3597 1033 3621 ,
1059 3569 1105 3611 et
1139 3561 1288 3614 illum
1327 3568 1414 3631 qui
1439 3577 1514 3619 est
1550 3586 1614 3622 ea:
1643 3587 1727 3623 se-

143 3639 295 3691 mine
322 3639 512 3705 David,
541 3640 737 3696 Filium
764 3645 879 3710 Dei,
919 3651 1089 3716 gratia
1123 3667 1223 3704 non
1266 3663 1459 3708 natura
1485 3660 1726 3726 appellet,

145 3730 425 3783 naturales
455 3742 632 3800 patres
669 3751 769 3788 non
810 3738 1080 3806 ignorans,
1134 3758 1293 3810 neque
1331 3747 1566 3799 ordinem
1599 3750 1724 3801 sub-

144 3831 397 3873 vertens:
430 3839 591 3891 neque
620 3841 735 3878 eum
775 3829 864 3896 qui
896 3832 1238 3899 incorporalis
1279 3847 1376 3898 est,
1413 3841 1574 3890 etiant
1611 3855 1728 3891 cor-

143 3929 249 3978 pus
287 3911 501 3976 dicens;
547 3925 594 3967 et
630 3928 752 3970 ante
775 3920 970 3972 swcula
999 3939 1062 3974 ex
1098 3924 1222 3987 Deo,
1258 3937 1303 3978 et
1345 3943 1407 3979 ea:
1436 3927 1629 3991 David,
1678 3940 1724 3980 et

144 4018 385 4071 passum,
427 4013 476 4055 et
525 4006 888 4074 impassibile;
937 4027 1144 4078 corpus,
1195 4032 1296 4068 non
1345 4030 1417 4068 est
1484 4020 1727 4086 incorpo-

149 4095 304 4156 rale;
342 4095 478 4162 quod
527 4108 600 4150 est
645 4103 912 4165 deorsum,
959 4120 1060 4156 non
1117 4115 1190 4157 est
1244 4108 1556 4171 desursum;
1589 4110 1724 4178 quod

145 4197 230 4241 est
280 4199 398 4241 ante
445 4193 661 4257 sa'cula,
720 4211 820 4247 non
871 4205 944 4247 est
989 4211 1052 4248 ea:
1101 4199 1299 4250 semine
1345 4198 1725 4270 David;quod

147 4295 368 4349 passum
424 4291 521 4345 est,
561 4298 662 4335 non
707 4296 782 4338 est
829 4288 1166 4353 impossibile.
1213 4288 1322 4342 Nec
1353 4292 1488 4343 enim
1516 4292 1618 4345 ista
1653 4294 1720 4344 ad

147 4373 391 4424 eumdem
420 4371 730 4426 intellectum
767 4378 1138 4429 obvertuntur:
1173 4396 1290 4447 qua:
1311 4391 1430 4433 sunt
1457 4385 1714 4451 corporis,

1838 3191 2048 3248 nifeste.
2088 3193 2141 3248 Si
2175 3196 2398 3250 abusive
2425 3197 2595 3252 Filius
2621 3208 2674 3250 et
2703 3196 2843 3250 Deus
2871 3196 2958 3250 illc
2982 3196 3072 3264 qui
3100 3210 3163 3249 ex
3194 3195 3403 3249 semine

1834 3293 1914 3336 est
1939 3282 2128 3347 David,
2163 3300 2334 3352 neque
2372 3287 2510 3339 Deus
2548 3302 2720 3354 neque
2753 3285 2918 3339 Filius
2942 3295 3128 3337 natura
3162 3290 3216 3336 et
3251 3283 3394 3336 veri-

1833 3387 1946 3432 tate
1978 3388 2079 3433 est.
2116 3378 2267 3432 Falsa
2293 3379 2456 3445 igitur
2497 3381 2547 3432 in
2577 3392 2804 3448 utroque
2837 3381 2950 3432 lucc
2992 3377 3314 3446 appellatio,
3352 3384 3407 3428 et

1832 3469 1944 3534 ipsa
1979 3482 2060 3521 res
2085 3483 2203 3521 esse
2233 3471 2427 3522 merito
2458 3469 2780 3539 intelligitur
2813 3491 2824 3524 :
2859 3478 3084 3537 uterque
3113 3468 3262 3521 cnim
3302 3467 3406 3520 hoc

1832 3559 2160 3624 nominatur,
2191 3562 2333 3629 quod
2362 3576 2464 3614 non
2502 3570 2602 3615 est.

2331 3673 2387 3727 ‘2.
2426 3671 2507 3726 Ea:
2535 3673 2711 3726 eodem
2746 3671 2900 3725 libro.

2449 3802 2784 3840 TIIEODORUS.

1900 3897 1964 3950 Et
1993 3902 2227 3953 convenit
2271 3917 2358 3954 eos
2412 3902 2499 3969 qui
2551 3901 2674 3953 bene
2705 3901 2941 3968 sapiunt,
2981 3897 3403 3966 quandoquidem

1827 3992 2092 4045 naturales
2133 4003 2307 4059 patres
2359 3993 2660 4061 qttwrimus,
2710 4008 2870 4059 neque
2925 3991 3090 4042 Deum
3159 3987 3404 4051 Verbum,

1827 4082 1994 4135 David
2042 4085 2118 4136 vel
2172 4085 2396 4138 Abralite
2440 4085 2611 4152 ﬁlium
2641 4085 2932 4146 nominare,
2973 4085 3062 4136 sed
3092 4083 3350 4149 factorem
3382 4097 3400 4133 .'

1828 4189 1987 4241 neque
2036 4191 2220 4243 corpus
2281 4185 2402 4228 ante
2445 4178 2640 4229 sarcula
2702 4191 2764 4229 ex
2817 4173 3014 4235 Patre,
3075 4175 3162 4226 sed
3229 4191 3402 4228 semen

1825 4265 2049 4317 Abrahae
2098 4276 2143 4318 et
2197 4267 2367 4319 David
2397 4283 2460 4320 ex
2498 4268 2669 4320 Maria
2705 4277 2911 4319 natum.
2953 4263 3020 4317 Et
3051 4283 3166 4318 cum
3202 4270 3266 4319 de
3301 4285 3399 4319 nu—

1828 4356 2084 4409 turalibus
2146 4360 2506 4410 nativitatibus
2553 4360 2615 4410 sit
2656 4360 2811 4422 ratio,
2848 4373 3006 4425 neque
3039 4356 3225 4408 Μαι-ξω
3257 4359 3400 4424 [ilius

150 4477 256 4514 non
305 4470 424 4512 sum
461 4459 555 4513 Dc,-
607 4461 806 4518 yerbi:
848 4478 894 4519 ει
958 4484 1074 4535 qua,
1107 4446 1228 4521 sum
1266 4470 1360 4522 De,-
1404 4446 1558 4524 γενὺέ
1595 4446 1720 4541 pro;
1759 4457 1800 4511 ι)
1833 4446 1969 4541 Deus
2000 4465 2108 4501 esse
2148 4447 2366 4501 Verbunt
2397 4451 2749 4504 existimetur.
2799 4449 3041 4502 Mortalis
3089 4450 3222 4501 enim
3260 4469 3398 4502 inor-

148 4554 290 4621 pria,
341 4568 444 4603 nou
490 4553 678 4606 habent
713 4573 921 4622 corpus.
970 4557 1208 4612 Naturas
1251 4561 1614 4628 conﬁteamur,
1676 4576 1722 4617 et

148 4645 569 4712 dispensationes
611 4661 712 4697 non
749 4647 1085 4716 ubnegemus.

801 4774 1076 4814 CVIlILLUS.

223 4871 323 4938 Qui
366 4869 494 4923 dicit
525 4878 775 4938 Oporterc
806 4887 912 4925 non
955 4871 1208 4940 abnegari
1258 4874 1711 4943 dispensationos,

155 4962 510 5016 humanitatis
548 4963 860 5032 mysterium
893 4964 1392 5017 omninoeradicat.
1435 4965 1717 5021 l’rmsnmit

153 5053 300 5105 enim
330 5054 530 5118 dicere,
568 5054 708 5124 quod
743 5069 914 5124 neque
945 5054 1117 5109 factus
1152 5065 1234 5109 est
1267 5059 1426 5112 homo
1467 5061 1719 5130 unigeni-

155 5155 242 5197 tus
275 5144 366 5197 Dei
401 5144 668 5214 Verbum,
723 5162 896 5216 neque
925 5162 987 5200 ex
1023 5148 1227 5201 semine
1263 5153 1510 5218 apparuit
1542 5155 1716 5207 sancti

155 5234 323 5288 David
361 5254 374 5289 :
416 5239 510 5291 sed
554 5239 782 5292 filiorum
816 5240 1108 5294 introducit
1137 5252 1322 5307 aperte
1376 5243 1715 5310 dualitatein,

157 5325 471 5392 inaequalem
521 5337 766 5382 naturam
821 5342 875 5384 et
927 5331 1111 5384 falsam
1148 5333 1383 5387 nomine.
1433 5334 1543 5388 ΙΙορ
1574 5337 1715 5389 enim

157 5416 297 5483 quod
351 5419 567 5472 abusive
620 5420 836 5487 dicitur,
891 5425 1200 5477 omnimodo
1240 5429 1477 5490 ostendit
1534 5431 1716 5496 utique

158 5512 296 5577 quod
343 5525 468 5563 vere
511 5529 614 5565 non
665 5525 746 5568 cst
802 5516 902 5568 hoc
958 5518 1099 5585 quod
1143 5517 1382 5573 dicitur:
1443 5533 1717 5574 mutuatur

159 5601 296 5656 enim
343 5603 564 5658 alterius
614 5607 1043 5674 appellationem.
1090 5609 1226 5678 Ergo
1270 5613 1310 5665 si
1353 5615 1572 5668 ahusirc
1620 5611 1712 5667 Dei

227 5777 302 5848 (I)
338 5778 778 5848 .‘lausi,Cont‘il.,
827 5793 862 5836 ι.
899 5783 986 5849 IX,
1027 5800 1074 5853 [ν.
1107 5784 1212 5839 ⁸250

1836 4535 1992 4587 talem
2042 4547 2249 4604 generat
2301 4541 2578 4589 secundum
2622 4549 2888 4597 naturam,
2936 4550 2980 4589 et
3024 4554 3231 4603 corpus,
3261 4541 3397 4606 quod

1833 4629 1932 4678 sibi
1962 4629 2130 4680 simile
2167 4638 2261 4680 est.
2307 4628 2449 4681 Duas
2495 4631 2792 4682 nativitates
2831 4630 2969 4682 Deus
3029 4628 3250 4680 Verbum
3295 4647 3396 4681 non

1833 4720 2102 4780 sustinuit,
2133 4736 2287 4770 unam
2318 4721 2525 4786 quidem
2565 4732 2686 4775 ante
2714 4723 2932 4784 stt'eula,
2967 4721 3184 4771 alterunt
3219 4732 3395 4774 autem

1831 4808 1881 4857 in
1914 4809 2110 4860 ultimis
2151 4810 2465 4876 temporibus
2493 4827 2511 4863 .'
2542 4815 2631 4865 sed
2667 4829 2730 4865 er
2763 4811 2922 4863 Patre
2953 4809 3160 4878 quidem
3201 4823 3395 4863 natura

1823 4901 2024 4966 genitus
2057 4911 2150 4964 est,
2193 4903 2438 4964 templum
2477 4920 2594 4956 vero
2617 4905 2754 4970 quod
2778 4920 2840 4954 ex
2878 4902 3047 4952 Maria
3086 4913 3270 4953 natum
3294 4917 3391 4967 est,

1823 5007 1886 5042 ex
1912 4992 2023 5059 ipso
2053 5004 2196 5045 utero
2230 4995 2329 5046 sibi
2355 4995 2651 5062 fabricavit.

2463 5118 2736 5155 CllllLIJJS.

1896 5214 1948 5266 5.
2002 5213 2196 5268 Deinde
2257 5216 2418 5266 bt'crc
2479 5216 2796 5281 procedens.
2839 5228 2890 5270 et
2923 5221 3245 5286 quihusdam
3299 5239 3392 5291 per

1829 5305 2062 5357 medium
2105 5303 2438 5369 interpositis
2478 5306 2669 5356 iterum
2705 5307 2872 5362 dixit:

2446 5433 2780 5471 'l'llEOlIOllL'S.

1894 5524 2022 5576 Cum
2065 5542 2182 5578 vero
2206 5528 2269 5580 de
2299 5529 2524 5582 salutari
2551 5533 2932 5598 dispensatione
2968 5535 3102 5582 ratio
3131 5547 3384 5599 movetur,

1822 5622 1866 5666 ct
1900 5612 2032 5666 Deus
2070 5628 2280 5669 vocetur
2306 5619 2479 5684 Itonia,
2528 5637 2626 5671 non
2664 5619 2800 5685 quod
2832 5621 2925 5670 hoc
2953 5619 3126 5686 [actus
3157 5633 3256 5689 est,
3301 5624 3394 5678 sed
