4116 6474
713 397 850 454 H39

1689 395 1744 449 S.
1785 391 2060 450 CYltlLLl
2101 390 2568 446 ALEXANDRINI
2608 387 2934 445 ARCIIIEP.

3817 389 3940 446 ιι-ιυ

709 515 848 584 quod
889 511 984 566 hoc
1025 514 1305 579 assumpsit
1338 527 1354 564 :
1394 524 1438 564 et
1491 511 1644 564 homo
1681 510 1840 574 Deus,
1887 527 1990 562 non
2023 516 2273 576 tanquam
2305 521 2350 576 Α
2381 508 2500 560 dem
2548 520 2725 574 neque
2763 504 2959 558 Filium
2987 518 3195 568 verum,
3225 518 3398 572 neque
3428 503 3600 558 Deum
3632 518 3754 558 esse
3782 505 3942 561 dicis:

711 603 1269 673 iucircumscriptibilis
1296 603 1492 670 factus,
1525 618 1614 654 nec
1638 603 1824 668 ubique
1848 601 2138 663 exsisteus;
2168 613 2276 649 cor-

710 713 809 764 pus
853 696 986 748 enim
1039 705 1149 748 erat
1187 705 1234 747 et
1267 703 1378 761 post
1421 695 1854 746 resurrectionem
1894 689 2179 758 palpabile,
2232 697 2280 763 et

714 785 817 836 tale
850 792 1108 850 receptum
1151 792 1225 835 est
1266 783 1321 835 in
1369 780 1576 846 calum,
1616 792 1660 834 et
1710 781 1784 835 sic
1820 781 1980 834 veniet
2027 779 2158 832 sicut
2191 793 2276 830 re—

649 861 654 866 ’
713 882 916 944 ceptum
942 882 1040 925 est.

1353 997 1627 1038 CYBILLUS.

785 1091 924 1145 Ecce
971 1090 1126 1159 plane
1158 1098 1210 1145 et
1251 1093 1529 1145 evidenter
1558 1099 1748 1145 contra
1779 1090 2015 1144 divinam
2059 1089 2278 1158 quidem

717 1182 885 1237 fertur
923 1182 1298 1252 Scripturam;
1354 1184 1609 1250 reprobat
1661 1197 1791 1237 vero
1832 1182 2029 1237 Christi
2089 1189 2286 1250 myste-

717 1277 878 1341 rium,
919 1285 972 1330 et
1014 1277 1166 1345 quasi
1204 1276 1439 1343 increpat
1485 1274 1650 1327 Deum
1679 1272 1943 1336 Verbum,
1980 1272 2126 1342 quod
2159 1287 2285 1340 pro-

716 1374 834 1434 pter
865 1381 963 1420 nos
990 1365 1416 1420 exinanitionem
1443 1366 1553 1433 pati
1585 1365 1751 1418 voluit
1787 1381 1804 1431 ;
1854 1373 1908 1417 et
1936 1362 2077 1431 quod
2111 1362 2287 1414 factus

713 1466 799 1507 est
833 1455 1012 1518 homo,
1046 1454 1378 1509 contristare
1417 1455 1647 1509 videtur.
1687 1454 1952 1508 lnterimit
1984 1452 2128 1506 enim
2171 1466 2288 1504 om-

714 1548 846 1600 nino
892 1547 1370 1610 humanationem,
1416 1557 1470 1599 et
1513 1546 1776 1602 adversus
1826 1543 2150 1598 ineffabilem
2201 1557 2291 1596 sa-

713 1640 973 1707 pientiam
1013 1639 1225 1694 extollit
1265 1654 1350 1702 se,
1409 1653 1546 1706 pene
1589 1635 2017 1691 dicensJudaice
2047 1634 2287 1688 omnium

714 1738 963 1784 nostrum
1004 1728 1270 1783 Salvatori
1321 1729 1540 1783 Christo
1573 1745 1587 1781 :
1639 1745 1656 1778 ι
1707 1726 1780 1781 De
1811 1726 1951 1779 bono
1989 1740 2152 1795 Opere
2184 1740 2288 1779 non

715 1831 767 1873 te
799 1820 1122 1888 lapidamus,
1153 1821 1246 1873 sed
1278 1823 1341 1874 de
1383 1820 1736 1888 blasphemia,
1765 1818 1906 1888 quod
1934 1829 2009 1883 tu,
2049 1835 2173 1872 cum
2213 1818 2290 1871 sis

715 1909 907 1974 homo,
932 1908 1066 1962 facis
1102 1919 1153 1963 te
1188 1911 1352 1962 Deum
1391 1910 1479 1961 "'.
1520 1928 1537 1958 ι
1578 1909 1777 1962 Audiat
1817 1909 1979 1977 igitur
2010 1911 2284 1961 dicentem
2320 1907 2361 1960 Β

718 2008 903 2066 aperte
934 2013 948 2051 :
976 2016 996 2048 ι
1038 1999 1092 2053 Si
1139 2000 1301 2070 igitur
1345 2015 1450 2053 non
1491 1999 1628 2054 facio
1658 2014 1819 2067 opera
1854 1999 2034 2053 Patris
2065 2000 2188 2060 mei,
2217 2013 2286 2052 ne

716 2091 848 2144 mihi
879 2093 1116 2157 credite;
1181 2093 1223 2146 si
1261 2107 1385 2145 vero
1414 2092 1577 2154 facio,
1630 2091 1757 2146 licet
1798 2091 1924 2145 mihi
1958 2107 2058 2144 non
2082 2090 2274 2144 creda-

719 2181 806 2245 lis,
855 2183 1106 2250 operibus
1155 2183 1289 2236 meis
1331 2184 1534 2236 credite
1572 2183 1636 2236 ⁸⁸.
1687 2201 1704 2232 ι
1759 2182 1890 2236 Cum
1935 2182 2076 2235 enim
2123 2181 2289 2234 sciret

716 2274 860 2343 quod
900 2274 1081 2328 divina
1127 2275 1324 2328 virtute
1361 2283 1414 2325 et
1457 2282 1723 2339 potestate
1759 2275 2032 2334 utebatur,
2069 2281 2121 2324 et
2164 2285 2286 2323 cum

716 2366 1055 2433 apparuisset
1090 2367 1250 2418 homo
1280 2365 1368 2417 Dei
1395 2362 1653 2426 Verbum,
1699 2362 1930 2429 abnegat
1959 2364 2132 2430 ipsum
2165 2373 2289 2414 esse

716 2456 907 2519 Deum,
941 2465 994 2508 et
1029 2455 1078 2508 in
1113 2454 1330 2508 homine
1364 2454 1534 2522 magis
1558 2452 1828 2506 habitasse
1862 2452 1993 2505 dicit
2022 2466 2170 2513 eum,
2221 2460 2282 2504 ut

719 2544 813 2598 Dei
846 2545 1080 2597 Verbum
1116 2544 1272 2597 nobis
1297 2543 1564 2594 hominem
1612 2544 1921 2596 ostenderet
1952 2543 2283 2594 adorandum

718 2645 771 2690 et
808 2651 939 2704 pura
966 2635 1182 2689 deitatis
1208 2634 1579 2689 nominatione
1610 2636 1956 2690 honoratum.
1990 2633 2287 2688 Convictus

721 2727 884 2796 igitur
942 2736 1025 2780 est
1078 2725 1357 2796 ignorasse
1419 2725 1642 2780 omnino
1710 2727 1964 2780 virtutem
2039 2725 2283 2795 mysterii

719 2817 944 2872 Christi.

1219 2930 1274 2986 4.
1309 2931 1392 2986 Ea:
1429 2931 1607 2984 eodem
1638 2929 1796 2983 libro.

1344 3058 1677 3098 THEODORUS.

796 3155 899 3212 Sed
943 3157 989 3209 si
1037 3172 1182 3214 caro,
1225 3155 1372 3217 dicit,
1428 3163 1540 3208 erat
1590 3170 1707 3223 qua:
1750 3154 2005 3221 cruri/ima
2037 3168 2136 3217 est,
2163 3169 2294 3222 quo-

722 3247 877 3302 modo
924 3248 1002 3300 sol
1048 3247 1229 3299 radios
1276 3247 1484 3308 avertit,
1535 3256 1581 3299 et
1639 3246 1862 3299 teuebrce
1918 3255 2295 3314 occupaverunt
2324 3253 2366 3309 C

723 3350 885 3393 totout
933 3348 1145 3402 terram,
1172 3347 1220 3391 et
1246 3347 1396 3392 terrm
1415 3348 1607 3402 motus,
1649 3345 1699 3390 et
1728 3346 1889 3405 petra:
1930 3337 2296 3403 dirumprbau-

725 3441 834 3494 tur,
863 3440 910 3485 et
950 3431 1142 3483 mortui
1182 3430 1519 3499 resurgebant
1555 3429 1643 3482 "‘l
1673 3429 1812 3494 Quid
1847 3430 2007 3498 igitur
2029 3432 2214 3482 dicunt
2247 3439 2296 3482 et

727 3524 790 3576 de
830 3523 1054 3576 tenebris
1075 3523 1128 3574 in
1177 3523 1411 3592 xI'ngpto
1459 3522 1616 3586 factis
1671 3524 1764 3577 sub
1809 3532 2039 3590 tempore
2089 3523 2297 3579 Mosis.’

727 3631 830 3668 non
878 3615 930 3666 iu
976 3614 1145 3667 tribus
1183 3614 1362 3678 horis,
1394 3618 1481 3667 sed
1516 3618 1567 3667 in
1599 3615 1766 3667 tribus
1807 3614 1988 3667 diebus
2022 3616 2113 3668 ὀἳ
2151 3615 2297 3679 Quid

726 3719 843 3756 vero
872 3702 936 3756 de
968 3704 1093 3756 aliis
1122 3719 1214 3770 per
1248 3702 1430 3755 Mosen
1461 3703 1623 3772 [actis
1655 3704 1926 3755 miraculis
1953 3744 1967 3768 ,
2009 3713 2056 3756 et
2088 3719 2179 3770 per
2206 3701 2298 3756 .le-

727 3809 841 3846 sum
870 3793 1037 3858 Nave,
1084 3795 1173 3865 qui
1211 3796 1373 3848 solem
1415 3807 1556 3848 stare
1585 3795 1712 3863 fecit
1736 3794 1802 3856 ²¹,
1828 3795 1919 3863 qui
1952 3794 2031 3847 sol
2057 3796 2150 3846 sub
2186 3811 2301 3862 rege

728 3881 958 3936 Ezechia
988 3891 1036 3934 et
1064 3892 1255 3950 pra'ter
1285 3893 1536 3936 naturam
1567 3895 1886 3937 retroversus
1912 3892 1982 3934 est
2016 3883 2058 3913 "
2087 3884 2109 3935 ?
2138 3881 2202 3933 Et
2237 3884 2299 3935 de

729 3973 914 4027 Ειίεωὶ
945 3976 1219 4045 reliquiis,
1261 3992 1379 4043 qtae
1433 3986 1704 4028 mortuum
1756 3977 2196 4028 resuscitaverunt
2222 3975 2302 4027 ‘3?

731 4066 789 4120 St
826 4067 964 4119 enim
1014 4066 1176 4118 Deum
1214 4066 1431 4119 Verbum
1472 4084 1682 4133 passum
1719 4083 1828 4119 esse
1859 4065 2157 4128 ostendunt,
2186 4082 2302 4136 qua:

729 4158 786 4208 iu
839 4166 1069 4223 tempore
1106 4157 1275 4209 crucis
1318 4158 1462 4223 facta
1499 4166 1654 4220 sunt,
1698 4168 1743 4209 et
1796 4167 2004 4224 propter
2045 4156 2304 4209 hominem

732 4264 838 4299 nou
891 4249 1173 4300 concedant
1221 4264 1283 4301 ea
1330 4249 1474 4318 facta
1524 4262 1681 4302 esse:
1714 4258 1760 4301 et
1794 4263 1909 4316 quae
1935 4250 2029 4300 sub
2078 4257 2305 4316 tempore

735 4339 903 4393 Mosis
946 4352 1156 4408 propter
1197 4357 1357 4410 genus
1406 4341 1651 4406 Abrahw,
1700 4351 1746 4394 et
1793 4357 1911 4410 qua
1948 4341 2041 4393 sub
2077 4352 2304 4407 tempore

733 4433 862 4484 Jesu
906 4430 1052 4484 Nave
1091 4442 1136 4483 et
1190 4431 1431 4484 hisee/tia:
1461 4432 1595 4499 regis
1624 4447 1725 4484 non
1761 4440 1935 4484 erunt.
1977 4428 2034 4492 Si
2065 4446 2182 4482 vero
2208 4431 2305 4481 illa

733 4533 947 4590 propter
981 4523 1291 4576 Judworuut
1351 4524 1599 4591 populum
1644 4523 1912 4576 miracula
1958 4523 2104 4590 [acta
2156 4532 2301 4583 sunt,

734 4614 902 4666 multo
945 4615 1110 4682 magis
1151 4629 1266 4681 qua:
1312 4617 1366 4665 in
1410 4629 1561 4665 cruce
1599 4623 1810 4682 propter
1850 4613 1946 4664 Dei
1992 4610 2139 4664 Verbi
2178 4620 2306 4664 tem-

735 4707 900 4773 plum.

1385 4831 1663 4870 CVRlLLUS.

814 4967 832 4998 ι
864 4947 1232 5015 Stnpcfactmn
1274 4959 1356 5002 est
1396 4948 1591 5003 cmlum
1638 4961 1799 5014 super
1845 4947 1969 5010 hoc,
2001 4958 2055 5000 et
2081 4956 2303 5000 contre-

739 5039 878 5093 muit
924 5038 1150 5103 amplius
1195 5041 1559 5102 vehementer,
1615 5038 1744 5090 dicit
1789 5034 2046 5091 Dominus
2081 5037 2144 5090 “.
2186 5055 2203 5085 ι
2264 5034 2308 5089 Ο

742 5127 1141 5184 intolerabilem
1181 5129 1609 5196 malignitatem!
1653 5131 1695 5185 0
1721 5130 1956 5199 linguam
2001 5128 2307 5196 loquentem

744 5219 1087 5288 iniquitatem
1119 5217 1378 5271 adversus
1407 5218 1591 5285 Deum,
1629 5232 1682 5275 et
1715 5231 1944 5275 mentem
1979 5218 2031 5272 in
2067 5216 2308 5270 altitudi-

744 5327 866 5367 nem
910 5326 1079 5365 cornu
1129 5311 1513 5364 extollentem!
1567 5312 1761 5367 Parum
1789 5328 1912 5368 esse
1971 5312 2064 5367 tibi
2101 5309 2313 5363 videtttr

746 5403 963 5458 allixum
997 5418 1118 5459 esse
1149 5403 1291 5474 ligno
1328 5402 1610 5457 Dominum
1642 5406 1860 5473 gloriae?
1895 5405 2061 5472 Quem
2095 5414 2147 5458 tu
2185 5403 2308 5472 qui-

823 5560 886 5592 ¹⁷⁶
917 5556 1071 5613 Joan.
1114 5576 1167 5622 x,
1202 5560 1292 5614 55.

1369 5558 1412 5592 ¹⁸
1439 5557 1568 5611 ibid.
1603 5557 1690 5623 '57,
1722 5557 1808 5611 58.

756 5645 846 5694 xx,
890 5627 977 5683 lO.

1052 5631 1101 5660 "
1126 5630 1187 5683 ιν
1218 5629 1349 5700 Reg.
1389 5645 1508 5691 xm,
1545 5629 1634 5682 2t.
1712 5628 1757 5658 "
1782 5627 1982 5684 Jerem.
2019 5647 2076 5695 tt,
2113 5631 2191 5682 lit.

835 5786 912 5857 ll)
950 5786 1028 5841 ΑΙ.
1065 5803 1198 5854 cam,
1229 5787 1346 5842 scil.
1375 5787 1623 5857 gratiam.
1663 5785 1830 5840 ilMtD.

1886 5561 1927 5591 ¹⁹
1954 5560 2137 5614 Matth.
2161 5561 2326 5623 xxvn‘,
2357 5556 2547 5611 51—55.

2383 611 2482 650 nos
2509 607 2685 648 autem
2721 595 3012 658 credimus,
3056 597 3196 663 quod
3225 607 3304 649 est
3333 609 3460 649 vere
3502 596 3676 650 Filius
3706 605 3761 649 et
3789 594 3944 661 Deus,

2383 697 2598 742 creator
2626 697 2679 738 et
2714 687 2889 754 opifex
2918 689 3179 740 omnium.
3238 686 3422 756 Neque
3473 689 3618 741 enim
3652 697 3773 742 erat
3798 689 3948 745 homo

2385 779 2724 846 simpliciter,
2773 780 2864 832 sed
2901 781 2956 832 in
2988 778 3166 849 specie
3201 778 3458 843 humana,
3497 781 3590 849 qui
3637 790 3724 834 est
3747 795 3814 834 ex
3855 781 3953 834 Deo

2386 867 2546 922 Patre
2578 867 2716 921 Deus
2744 867 3014 922 Verbmn:
3060 885 3162 921 non
3204 869 3612 922 translationem
3661 870 3746 922 vel
3788 880 3954 922 muta-

2390 960 2612 1025 tionem,
2640 975 2757 1026 qute
2789 970 2873 1014 est
2894 961 2948 1013 in
2982 976 3144 1014 carne
3179 976 3392 1029 passus,
3427 961 3611 1014 unitus
3637 975 3767 1014 vero
3790 962 3955 1029 magis

2389 1047 2436 1101 ei
2473 1050 2767 1101 secundum
2818 1048 2974 1102 [idem
3012 1065 3289 1104 sacrarum
3333 1048 3688 1103 Litterarum.
3737 1047 3841 1104 Iste
3868 1052 3952 1118 qui

2389 1141 2442 1194 in
2475 1154 2639 1193 carne
2677 1155 2885 1205 passus,
2917 1150 2969 1192 et
2999 1155 3295 1210 suspensus
3323 1142 3375 1195 in
3405 1141 3548 1212 ligno
3569 1151 3674 1206 est,
3699 1142 3954 1195 miracula

2390 1231 2520 1286 fecit
2544 1232 2596 1284 in
2629 1231 2884 1302 Egypto,
2925 1233 2975 1285 in
3023 1233 3272 1288 omnibus
3303 1248 3399 1302 per
3436 1234 3743 1303 sapientem
3778 1231 3955 1286 Mosen

2390 1341 2543 1381 suam
2571 1325 2797 1396 gloriam
2834 1324 3209 1380 manifestans.

2892 1435 2947 1491 5.
2983 1434 3068 1489 Ea:
3095 1436 3276 1490 eodem
3301 1434 3455 1490 libro.

3017 1563 3354 1604 THEODORUS.

2463 1659 2649 1715 Gratia
2697 1659 2905 1724 Filius,
2947 1661 3038 1725 qui
3077 1676 3140 1713 ex
3191 1659 3370 1714 Maria
3414 1670 3491 1713 est
3551 1659 3726 1725 homo,
3771 1667 3961 1711 natura

2392 1769 2510 1807 vero
2536 1751 2671 1805 Deus
2709 1749 2952 1806 Verbum.
2984 1750 3136 1816 Quod
3177 1767 3295 1804 vero
3326 1759 3401 1804 est
3433 1750 3745 1818 gratia,nou
3768 1760 3961 1802 natura

2392 1855 2465 1898 est
2497 1859 2516 1897 :
2551 1854 2599 1896 et
2629 1844 2767 1914 quod
2797 1854 2874 1898 est
2909 1854 3129 1908 natura,
3184 1859 3287 1896 non
3312 1845 3512 1912 gratia,
3552 1859 3658 1896 non
3694 1845 3798 1895 duo
3839 1843 3960 1911 ﬁlii.

2391 1935 2620 2004 Suﬁicint
2643 1937 2849 2001 corpori
2895 1935 3034 2006 quod
3068 1949 3134 1986 ea:
3173 1935 3321 1986 nobis
3364 1942 3463 1996 est,
3509 1935 3793 1988 secundum
3839 1950 3961 2001 gra.

2393 2025 2521 2076 tiam
2563 2021 2774 2090 ﬁliatio,
2834 2023 3043 2092 gloria,
3103 2021 3476 2074 immortalitas
3503 2061 3520 2087 ,
3568 2037 3672 2090 quo
3718 2021 3966 2088 templum

2393 2115 2490 2168 Dei
2531 2113 2681 2168 Verbi
2711 2116 2907 2183 factum
2941 2124 3058 2168 est:
3097 2130 3198 2167 non
3240 2130 3401 2182 supra
3435 2125 3680 2167 naturam
3708 2112 3957 2175 elevetnr,

2393 2217 2440 2257 et
2472 2203 2606 2256 Deus
2646 2203 2866 2256 Verbum
2893 2219 2987 2272 pro
3012 2204 3184 2257 debita
3215 2220 3246 2255 α
3288 2204 3433 2256 nobis
3463 2205 3764 2273 gratiarum
3801 2201 3965 2253 actio-

2396 2311 2458 2348 ue
2489 2311 2589 2348 non
2629 2296 2929 2363 injurietur.
2980 2293 3042 2347 Et
3088 2311 3207 2364 qua:
3247 2307 3321 2348 est
3363 2295 3564 2362 iniuria
3594 2295 3618 2347 2
3645 2293 3968 2361 Componere

2396 2383 2568 2449 ipsum
2611 2400 2727 2436 cunt
2775 2400 3011 2452 corpore,
3067 2396 3114 2436 et
3177 2396 3362 2450 putare
3416 2399 3532 2436 eum
3577 2383 3649 2434 ad
3683 2381 3969 2449 perfectam

2395 2475 2709 2543 [iliutiouem
2744 2475 2976 2542 corporis
3008 2475 3260 2542 indigere.
3293 2472 3476 2540 Neque
3509 2473 3619 2537 ipse
3647 2471 3788 2524 Deus
3841 2468 3964 2523 Ver-

2397 2564 2517 2616 bum
2553 2563 2656 2615 vult
2688 2563 2911 2631 seipsum
2959 2560 3160 2614 Filium
3191 2561 3359 2614 David
3391 2577 3522 2625 esse,
3545 2561 3637 2614 sed
3661 2560 3927 2614 Dominus
3952 2574 3972 2613 :

2396 2671 2584 2722 corpus
2628 2671 2745 2708 vero
2795 2656 2970 2708 vocari
3017 2654 3188 2723 ﬁlium
3230 2653 3438 2718 David,
3494 2669 3599 2707 non
3660 2652 3827 2710 solum
3869 2669 3973 2706 non

2397 2749 2616 2813 invidit,
2647 2747 2738 2801 sed
2760 2749 2917 2801 etiam
2947 2757 3160 2817 propter
3186 2746 3285 2800 hoc
3318 2747 3577 2816 pervenit.

3043 2891 3327 2936 CVRILLUS.

2472 3011 2613 3081 Ergo
2659 3012 2915 3080 quoniam
2966 3013 3106 3080 quod
3159 3020 3245 3065 est
3295 3010 3495 3080 gratia,
3524 3025 3631 3065 non
3662 3019 3884 3077 natura,
3917 3020 3971 3065 et

2403 3103 2543 3171 quod
2577 3113 2662 3155 est
2702 3110 2918 3165 natura,
2947 3119 3051 3155 non
3081 3101 3250 3172 gratia
3273 3144 3288 3167 ,
3323 3116 3430 3155 non
3462 3111 3590 3156 sunt
3613 3102 3707 3156 lilii
3745 3103 3854 3157 duo
3883 3117 3969 3156 κε

2405 3196 2636 3248 cundum
2669 3204 2812 3248 tuam
2852 3196 3135 3249 rationent.
3170 3191 3271 3258 Qui
3311 3194 3484 3264 gratia
3527 3194 3743 3262 quidem
3773 3203 3827 3245 et
3861 3208 3970 3245 non

2404 3298 2594 3341 natura
2656 3287 2822 3344 Filius
2855 3297 2955 3352 est,
2995 3303 3097 3340 non
3135 3297 3215 3340 est
3249 3301 3375 3340 vere
3401 3286 3564 3350 ﬁlius,
3603 3295 3850 3349 superest
3879 3299 3975 3337 au-

2402 3387 2507 3431 tem
2556 3386 2613 3429 ut
2656 3386 2825 3430 staret
2867 3391 3008 3430 vera:
3053 3375 3329 3428 liliationis
3362 3374 3530 3444 gloria
3569 3374 3622 3427 in
3660 3389 3724 3428 eo
3751 3374 3849 3442 qui
3892 3384 3977 3425 est

2402 3479 2590 3522 natura
2618 3477 2672 3520 et
2705 3481 2809 3521 non
2850 3467 3042 3535 gratia,
3079 3466 3130 3518 id
3162 3475 3268 3530 est,
3312 3466 3364 3518 in
3396 3465 3503 3519 Deo
3533 3464 3730 3525 Verbo,
3766 3463 3859 3531 qui
3894 3472 3978 3514 est

2400 3576 2465 3614 ex
2493 3559 2603 3613 Deo
2648 3559 2832 3613 Patre.
2884 3557 3149 3626 Expulsus
3189 3565 3272 3610 est
3295 3557 3484 3625 igitur,
3519 3555 3663 3607 sicut
3692 3554 3824 3613 dixi,
3857 3566 3981 3605 esse

2401 3667 2453 3709 et
2475 3655 2577 3709 dici
2602 3654 2769 3709 Filius
2798 3655 2889 3707 Dei
2917 3653 3162 3707 Christus
3182 3649 3360 3710 Jesns,
3395 3663 3490 3716 per
3514 3661 3672 3716 quem
3712 3655 3764 3697 et
3800 3642 3972 3696 Salvi-

2404 3746 2545 3799 licati
2580 3761 2786 3805 sumus,
2842 3753 3067 3798 mortem
3111 3741 3226 3807 ejus
3267 3740 3672 3798 annuntiantes,
3711 3745 3763 3788 et
3794 3731 3976 3788 conti.

2405 3848 2580 3892 tentes
2633 3837 3104 3891 resurrectionem.
3155 3831 3386 3885 Verbum
3448 3831 3590 3884 enim
3652 3829 3772 3882 ﬁdei
3818 3826 3968 3895 quod

2404 3929 2778 3998 praedicamus,
2830 3927 2892 3978 ad
2939 3925 3095 3978 istam
3128 3938 3226 3976 nos
3269 3922 3663 3975 confessionem
3699 3918 3973 3987 producit.

2405 4019 2543 4087 Ergo
2589 4019 2641 4070 in
2682 4017 2950 4070 hominem
3000 4016 3130 4068 lides
3175 4023 3280 4078 est,
3312 4022 3365 4067 et
3400 4027 3503 4064 non
3550 4014 3601 4062 in
3643 4024 3767 4063 eum
3800 4011 3896 4079 qui
3927 4018 3979 4062 et

2406 4120 2593 4163 natura
2625 4120 2677 4163 et
2709 4124 2834 4162 vere
2872 4107 2961 4161 Dei
3009 4106 3177 4158 Filius
3229 4114 3329 4158 est.
3380 4105 3435 4156 Si
3472 4102 3614 4155 enim
3644 4092 3835 4156 verum
3876 4112 3980 4164 est,

2406 4201 2495 4270 qui
2533 4202 2662 4254 dicit
2710 4201 2882 4267 gratia
2941 4199 3258 4251 liliatioucm
3313 4197 3562 4250 sortitum
3617 4211 3740 4250 esse
3781 4198 3978 4264 ipsum,

2409 4289 2735 4343 tnultitudini
2778 4289 3007 4341 liliorum
3042 4286 3545 4347 c0unutnerabilur,
3589 4284 3644 4337 id
3690 4295 3776 4338 est
3807 4286 3979 4345 nobis,

2407 4376 2604 4444 quibus
2631 4389 2858 4442 superna
2893 4377 3061 4443 gratia
3094 4375 3405 4428 liliationcm
3439 4375 3626 4435 donat,
3667 4391 3687 4422 ι
3723 4377 3789 4426 ad
3821 4387 3976 4442 quam

2408 4467 2582 4520 vocati
2627 4483 2809 4520 smnus
2841 4481 2936 4535 per
2979 4465 3157 4520 Jesum
3207 4465 3505 4528 Christum,
3544 4463 3634 4531 qui
3670 4479 3734 4518 ex
3775 4464 3981 4518 semine

2338 4590 2380 4642 D
2413 4559 2576 4611 David
2621 4567 2704 4611 est
2745 4557 3037 4610 secundum
3084 4571 3306 4611 carnem
3340 4555 3404 4606 ".
3444 4574 3462 4606 ι
3496 4555 3559 4608 Ει
3584 4565 3799 4608 certum
3827 4566 3879 4608 te
3906 4553 3982 4606 l‘a-

2409 4654 2517 4706 ciat
2557 4652 2740 4706 dicens
2795 4649 3013 4703 divinus
3040 4649 3411 4718 evangelista:
3447 4665 3466 4696 ι
3505 4645 3605 4712 Qui
3656 4661 3795 4700 vero
3824 4659 3981 4698 aet-eo

2409 4753 2602 4811 perunt
2625 4758 2744 4796 eum
2777 4742 2876 4812 (ι),
2909 4741 3054 4794 dedit
3081 4742 3159 4793 eis
3183 4748 3503 4808 potestatem
3540 4737 3682 4791 tilios
3711 4736 3813 4790 Dei
3848 4736 3980 4799 ﬁeri,

2410 4832 2756 4886 credentibus
2797 4835 2847 4885 in
2883 4833 3102 4886 nomine
3134 4832 3270 4900 ejus.
3312 4848 3328 4880 ι
3359 4830 3558 4882 Deinde
3586 4829 3866 4894 quomodo
3896 4827 3982 4893 qui

2412 4923 2478 4975 ab
2509 4925 2675 4975 altero
2714 4925 2891 4974 datam
2931 4924 3244 4991 dignitatem
3301 4921 3575 4974 ﬁliationis
3612 4922 3850 4972 sortitus
3880 4929 3982 4983 est,

2413 5021 2466 5064 et
2494 5012 2644 5064 nobis
2687 5011 2817 5077 ipsis
2860 5011 3062 5065 donare
3107 5029 3209 5064 non
3254 5023 3406 5063 suam
3437 5008 3632 5078 magis,
3664 5013 3762 5063 sed
3797 5009 3984 5078 acqui-

2413 5101 2568 5155 situm
2600 5100 3020 5159 ci.extrinsecus
3044 5101 3313 5170 gratiam?

2489 5212 2554 5264 Et
2581 5221 2693 5280 post
2725 5229 2893 5281 pauca
2920 5227 2939 5266 :
2974 5213 3127 5266 Dedit
3165 5213 3401 5282 seipsum
3439 5215 3490 5268 in
3521 5215 3980 5269 examinationem

2416 5308 2606 5374 Filius,
2652 5317 2705 5360 et
2747 5322 2865 5361 cum
2894 5308 2945 5361 in
2976 5309 3226 5362 onmihus
3272 5320 3416 5365 esset
3463 5308 3770 5380 perfectus,
3822 5307 3984 5361 voluit

2417 5399 2524 5470 pati
2558 5398 2942 5465 humilitatem,
2987 5408 3041 5454 et
3079 5402 3374 5456 secundum
3417 5415 3638 5455 carnem
3668 5416 3735 5454 ex
3763 5399 3983 5453 muliere

2624 5555 2670 5585 ὀ
2691 5553 2860 5611 Exod.
2893 5570 2950 5621 Χ,
2986 5555 3076 5612 22.
3156 5556 3198 5588 ²¹
3227 5553 3390 5612 Josue
3414 5570 3470 5622 ι,
3505 5553 3595 5609 12.
3674 5556 3720 5588 ”
3747 5553 3818 5611 ιν
3849 5555 3978 5626 Reg.

3156 5556 3198 5588 ²¹
3227 5552 3390 5612 Josue
3414 5570 3470 5622 ι,
3505 5553 3595 5609 12.

2270 5632 2312 5662 ”
2347 5630 2501 5685 liom.
2547 5641 2583 5694 ι,
2614 5625 2665 5680 5.
