4116 6476
120 412 259 468 HM

1355 395 1777 454 FRAGMENTA
1821 389 2242 448 DOGMATICA.

3268 384 3406 440 1442

119 532 418 588 sustinere
458 532 828 595 nativitatem,
856 536 910 582 et
953 524 1249 596 appellatus
1274 532 1360 575 est
1387 521 1528 573 lilius
1555 519 1730 571 Ahra-
1763 520 1806 574 Α
1837 528 1954 565 rum
2015 510 2381 579 apostolorum
2432 516 2487 561 et
2538 505 2990 576 evangelistarum
3066 504 3408 574 impudenter

122 624 208 677 hac
237 631 297 676 et
338 622 547 679 David.
591 625 708 679 Non
743 622 972 674 miratus
997 635 1055 673 es
1083 628 1190 672 tam
1223 618 1422 670 bonum
1449 613 1730 681 dispensa-

123 713 300 770 tionis
357 717 689 777 artiﬁcium,
742 712 916 782 magis
965 726 1095 765 vero
1134 703 1488 777 reprehendis
1530 710 1734 772 myste-

125 806 276 859 rium
319 825 336 862 :
386 808 652 875 iujuriam
694 818 815 859 esse
850 804 1036 859 dicens
1070 798 1497 855 incarnationem
1529 793 1732 863 Unige-

124 898 259 962 niti,
307 899 582 970 inerepas
639 897 923 952 consilium
973 895 1069 949 Dei
1111 902 1165 946 et
1201 890 1381 944 Patris
1425 908 1438 943 :
1475 887 1734 942 inclamas

122 1004 264 1045 vero
297 993 481 1046 etiam
519 992 692 1058 ipsum
727 987 945 1052 Filium,
979 985 1070 1055 qui
1109 983 1216 1052 pati
1249 981 1415 1033 voluit
1440 988 1657 1048 propter
1684 986 1736 1029 te

122 1082 610 1136 exinanitionem.
659 1079 792 1136 Cum
844 1080 1008 1148 igitur
1057 1073 1295 1128 audieris
1350 1073 1618 1125 dicentem
1669 1070 1735 1121 ad

103 1172 436 1226 .cmlestetn
473 1173 687 1227 Patrem
731 1182 786 1226 et
834 1171 1027 1224 Deum.
1065 1184 1084 1217 ι
1127 1164 1466 1219 Sacriﬁcium
1501 1172 1554 1216 ct
1588 1160 1737 1213 obla-

127 1263 353 1316 tionem
412 1264 669 1328 noluisti,
748 1261 1063 1316 holocausta
1124 1266 1178 1310 et
1223 1271 1319 1324 pro
1370 1253 1566 1306 delicto
1627 1265 1733 1303 non

125 1359 474 1423 postulasti,
504 1370 700 1425 corpus
725 1361 902 1406 autem
929 1349 1202 1418 pcrl'ecisti
1236 1347 1364 1401 mihi
1403 1364 1415 1398 :
1447 1355 1557 1398 tum
1588 1342 1694 1397 dixi
1721 1354 1737 1393 :

126 1444 279 1500 Ecce
320 1448 539 1501 venio:
574 1444 626 1496 in
678 1441 855 1509 capite
913 1439 1036 1498 libri
1084 1439 1347 1507 scriptum
1399 1443 1481 1488 cst
1513 1433 1577 1486 de
1631 1446 1736 1497 nte,

127 1549 190 1588 ut
224 1535 444 1589 faciam
487 1533 818 1585 voluntatem
850 1539 1019 1594 tuam,
1075 1529 1233 1590 Deus,
1283 1524 1426 1579 volui
1458 1524 1544 1588 ¹⁶;
1577 1541 1594 1572 ι
1636 1538 1738 1576 ιιοη

131 1639 295 1683 recta
350 1625 598 1694 cogitare
643 1623 869 1675 forsitan
915 1619 1108 1673 Filium
1144 1619 1211 1674 de
1245 1633 1339 1672 sua
1370 1615 1539 1685 gloria
1574 1615 1739 1668 dices.

129 1721 330 1790 Elegit
362 1721 509 1773 enim
537 1715 782 1784 corporis
819 1712 1227 1783 perfectionem,
1276 1721 1329 1763 et
1361 1723 1465 1762 non
1501 1706 1588 1759 alii
1626 1721 1742 1758 ma-

131 1815 222 1883 gis
259 1813 499 1872 factam,
528 1808 620 1863 sed
648 1806 750 1861 sibi
788 1804 1084 1861 secundum
1125 1803 1290 1855 verba
1328 1797 1740 1869 ipsius,Corpus

131 1906 284 1958 enim
323 1898 778 1967 perfecisti,ldicit
815 1913 829 1951 :
864 1895 991 1950 licet
1020 1892 1260 1947 audieris
1298 1890 1526 1944 Paulum
1552 1890 1739 1943 dicen-

132 2006 254 2049 tem
322 1993 395 2048 de
433 1992 541 2046 Deo
590 1990 768 2045 Verbo
816 2004 886 2043 ει
931 1985 1073 2057 Ergo
1121 1985 1246 2053 quia
1312 1982 1406 2036 lilii
1454 1980 1745 2051 participes

138 2095 285 2142 sunt
315 2084 607 2154 sanguinis
636 2091 690 2136 et
722 2079 928 2141 carnis,
957 2088 1011 2130 et
1052 2078 1168 2146 ipse
1192 2075 1443 2129 similiter
1474 2074 1746 2142 particeps

135 2177 342 2232 factus
373 2186 460 2230 est
503 2177 820 2231 eorumdem
855 2173 943 2236 '7;
985 2190 1002 2222 ι
1043 2179 1097 2224 et
1142 2170 1222 2224 sic
1267 2169 1482 2236 sapiens
1509 2166 1746 2221 Joannes

137 2271 354 2324 scribit
390 2285 404 2320 :
445 2287 464 2320 σ
507 2268 571 2322 Et
602 2267 837 2322 Verbum
881 2279 1008 2319 caro
1035 2263 1233 2316 factum
1264 2269 1368 2322 est,
1399 2269 1451 2314 et
1482 2257 1748 2312 habitavit

139 2365 197 2417 in
232 2362 404 2416 nobis
435 2362 480 2393 "
505 2378 520 2427 ;
550 2379 570 2412 ι
607 2375 769 2427 surge
792 2369 978 2412 contra
1017 2369 1112 2410 eos
1145 2353 1430 2408 clamans:
1481 2350 1604 2404 Non
1650 2366 1744 2417 pro

140 2455 336 2508 debila
381 2455 683 2520 gratiarum
727 2450 936 2504 actione
975 2464 1007 2500 a
1052 2445 1204 2499 nobis
1248 2443 1554 2514 iujurictur,
1607 2439 1746 2492 Deus

156 2545 402 2600 Verbum
427 2561 529 2598 non
554 2544 732 2612 [actus
765 2551 839 2596 est
872 2556 1017 2603 caro,
1048 2538 1182 2592 Deus
1230 2535 1453 2591 Verbum
1486 2551 1588 2588 non
1620 2547 1748 2601 pur-

144 2636 325 2701 ticeps
373 2635 471 2701 fuit
520 2649 634 2686 vere
675 2629 947 2699 sanguinis
987 2640 1033 2680 et
1073 2628 1246 2679 carnis
1274 2642 1293 2679 :
1324 2623 1569 2677 similiter
1601 2621 1748 2672 nobis

146 2742 263 2780 non
297 2735 455 2779 natus
483 2735 560 2778 est
581 2724 870 2777 secundum
908 2735 1116 2773 carnem
1150 2734 1214 2770 ea:
1240 2715 1477 2776 muliere,
1519 2728 1622 2765 non
1656 2728 1750 2777 ap-

144 2818 392 2886 pellatus
413 2825 487 2870 est
515 2815 660 2883 [ilius
700 2812 894 2866 David.
923 2809 1038 2864 Hoc
1071 2809 1231 2872 enim,
1263 2806 1402 2876 quod
1431 2813 1480 2858 et
1505 2802 1749 2856 nomina-

146 2909 198 2960 ri
241 2923 369 2961 eum
435 2906 694 2975 injurium
741 2915 837 2967 est,
882 2913 928 2956 et
966 2917 1066 2954 non
1097 2897 1386 2952 secundum
1433 2895 1748 2952 uoluntatem

147 2998 356 3067 ipsius,
392 2995 653 3066 quomodo
688 2995 800 3063 pati
833 2992 1128 3048 coluisset?
1158 2991 1262 3045 Sed
1297 3003 1418 3054 nos,
1448 3003 1481 3040 ο
1511 2988 1746 3056 sapiens,

151 3089 476 3161 gloriﬁcare
508 3086 895 3142 consuevimus
929 3086 1096 3139 Deum
1119 3093 1174 3138 et
1199 3082 1438 3144 Patrem,
1470 3080 1597 3148 quia
1623 3094 1747 3131 cor-

1840 602 2198 657 resistentia?
2243 599 2621 655 Rccusandum
2671 597 2832 666 igitur
2862 614 2957 654 eos
2982 598 3072 669 qui
3108 607 3216 650 tam
3249 596 3408 652 malis

1838 693 2011 762 culpis
2062 693 2277 747 obnoxii
2329 700 2474 755 sunt,
2520 690 2632 744 sive
2661 692 2712 742 in
2752 690 2888 744 vivis
2929 698 3074 756 sunt,
3120 688 3232 744 sive
3274 701 3402 741 non.

1840 785 1921 838 Ab
1955 783 2043 837 illo
2068 785 2211 838 enim
2245 783 2386 854 quod
2421 792 2597 846 nocet,
2630 781 2882 836 recedere
2904 783 3266 838 necessarium
3288 787 3405 842 est;

1838 889 1891 932 et
1936 877 2140 932 nonad
2187 890 2475 948 personam
2519 874 2813 944 respicere’,
2871 874 2965 928 sed
3017 873 3071 928 id
3118 872 3261 943 quod
3299 873 3409 927 Deo

1840 972 2039 1040 placet,
2072 979 2284 1041 oportet
2315 969 2682 1023 considerare.

2216 1085 2266 1138 7.
2296 1082 2381 1137 Ex
2410 1082 2637 1137 secundo
2665 1082 2797 1134 libro
2822 1079 3030 1149 Cyrilli.

2461 1210 2797 1251 THEODORUS.

1919 1353 1937 1386 ι
1977 1333 2113 1400 Quid
2146 1343 2228 1388 est
2257 1336 2416 1387 homo
2442 1332 2584 1401 quod
2631 1343 2834 1384 tuamor
2865 1345 2922 1384 es
2953 1329 3069 1396 ejus
3097 1329 3121 1384 ?
3150 1338 3242 1383 aut
3271 1329 3412 1386 illius

1845 1429 2098 1488 hominis.
2137 1427 2279 1496 tptod
2316 1427 2502 1480 visitas
2533 1440 2653 1478 eum
2681 1424 2767 1476 3°?
2808 1442 2823 1474 ι
2863 1421 3270 1477 Consideremus
3305 1424 3410 1492 igi-

1845 1535 1950 1582 tur,
2003 1521 2119 1586 quis
2171 1520 2324 1571 homo
2370 1519 2469 1579 sit,
2518 1518 2581 1569 de
2632 1532 2736 1585 quo
2774 1516 3016 1581 stupescit
3069 1524 3114 1568 et
3163 1515 3412 1578 miratur,

1843 1615 1981 1684 quod
2036 1611 2344 1681 Unigenitus
2387 1611 2633 1679 dignatus
2683 1618 2753 1662 est
2794 1608 2908 1677 ejus
2949 1607 3252 1660 memoriam
3297 1607 3419 1659 risi-

1848 1707 2204 1773 tatiouemque
2262 1703 2456 1770 facere.
2509 1701 2613 1756 Sed
2652 1701 2788 1766 quod
2840 1700 3044 1769 quidem
3084 1714 3186 1751 non
3219 1699 3418 1750 dictum

1846 1807 1920 1850 cst
1973 1800 2035 1850 de
2078 1796 2254 1858 omni,
2315 1799 2370 1846 in
2423 1792 2778 1859 superioribus
2832 1792 3252 1843 demonstratum
3302 1800 3418 1842 est:

1775 1856 1815 1915 Β
1843 1891 1984 1958 quod
2018 1898 2194 1942 autem
2231 1904 2331 1940 non
2361 1888 2425 1940 de
2460 1902 2563 1938 uno
2603 1885 2854 1954 quolibet,
2886 1891 2935 1936 et
2966 1883 3062 1936 lioc
3092 1893 3287 1936 certum
3316 1892 3414 1935 est.

1849 1980 1915 2035 Ut
1960 1990 2134 2034 autem
2185 1980 2360 2032 omnia
2419 1976 2923 2045 prretermittamus,
2978 1975 3116 2044 quod
3179 1972 3422 2026 omnibus

1846 2069 2148 2122 credibilius
2178 2078 2275 2134 est,
2309 2067 2652 2135 apostolicum
2691 2066 3044 2120 testimonium
3073 2067 3418 2132 excipiamus.

1848 2159 2038 2213 Scribit
2096 2161 2259 2228 igitur
2313 2157 2598 2225 Apostolus
2647 2157 2716 2208 ad
2764 2153 3032 2218 Hebraos,
3084 2171 3308 2208 narrans
3359 2157 3423 2207 de

1849 2251 2080 2312 Christo,
2113 2264 2501 2318 personamque
2531 2263 2681 2300 suam
2715 2263 2816 2300 non
2863 2246 3233 2313 acceptabilem
3280 2246 3422 2311 apud

1846 2360 1932 2396 eos
1968 2341 2306 2409 confirmans,
2333 2340 2408 2392 ita
2436 2339 2600 2402 dicit;
2629 2337 2944 2405 testiﬁcatus
2973 2347 3047 2391 est
3073 2353 3193 2391 vero
3217 2336 3416 2390 alicubi

1847 2437 2064 2506 quidam
2098 2431 2316 2485 dicens:
2353 2451 2370 2480 ι
2408 2431 2546 2498 Quid
2594 2439 2678 2484 est
2728 2430 2888 2483 homo
2918 2430 3058 2497 quod
3104 2443 3311 2484 memor
3364 2444 3425 2483 es

1847 2525 1984 2593 ejus.
2048 2533 2141 2578 aut
2180 2523 2322 2578 filius
2353 2523 2609 2584 hominis,
2655 2523 2796 2591 quod
2843 2522 3032 2575 visitas
3062 2520 3228 2575 eum?
3261 2520 3427 2573 Mino-

1851 2618 1978 2670 rasti
2007 2629 2129 2668 eum
2163 2613 2320 2681 paulo
2351 2614 2531 2666 minus
2563 2613 2632 2666 ab
2665 2613 2905 2683 angelis,
2943 2613 3106 2681 gloria
3135 2623 3186 2666 et
3222 2614 3427 2668 honore

1849 2706 2122 2761 enrouasti
2154 2720 2304 2768 eum,
2331 2713 2388 2759 et
2408 2704 2740 2758 constituisti
2768 2719 2891 2758 eum
2927 2719 3088 2773 supra
3128 2719 3292 2773 opera
3319 2718 3428 2756 ma-

1850 2813 2017 2852 nuum
2080 2809 2346 2851 tuarum:
2411 2796 2592 2850 omnia
2667 2793 2945 2861 subjecisti
3017 2796 3117 2849 sub
3195 2795 3425 2864 pedilms

1850 2891 1965 2957 ejus
1997 2889 2039 2921 ³¹
2068 2905 2082 2953 ;
2114 2907 2131 2940 ι
2161 2898 2206 2941 et
2238 2904 2356 2941 cum
2385 2885 2741 2940 testimonium
2776 2886 3022 2949 dixisset,
3076 2886 3426 2954 interpretans

1850 2981 2020 3047 ipsum
2068 2981 2245 3034 intulit
2284 2995 2304 3034 :
2342 2997 2361 3030 ι
2397 2977 2749 3047 Subjiciendo
2799 2987 2980 3032 autem
3033 2977 3239 3041 omnia,
3291 2977 3426 3030 nihil

1850 3071 2057 3126 dimisit
2081 3086 2187 3126 non
2223 3070 2544 3137 subjectum.
2597 3069 2752 3123 Modo
2798 3078 2977 3122 autem
3009 3069 3243 3122 nondum
3282 3069 3428 3123 vide-

153 3155 265 3251 pus
299 3179 593 3251 perfecerit
629 3177 806 3234 Filio:
842 3185 897 3232 et
929 3179 1103 3247 ipsum
1130 3189 1258 3230 vero
1289 3173 1517 3227 dicimus
1551 3170 1743 3225 Filium
1774 3204 1816 3262 ο
1855 3177 1972 3248 mus
1996 3164 2176 3214 omnia
2212 3160 2258 3214 ei
2301 3159 2544 3228 subjecta
2583 3158 2650 3211 ".
2698 3176 2716 3207 ι
2773 3155 2836 3209 Et
2865 3158 2976 3226 quis
3005 3157 3158 3209 homo
3193 3167 3289 3218 est,
3332 3158 3427 3208 do.

153 3272 369 3326 factum
415 3282 672 3333 carnem,
719 3270 769 3324 id
807 3279 892 3324 est
938 3267 1231 3332 hominem,
1271 3278 1487 3334 passum
1527 3262 1745 3331 quidem

153 3350 290 3416 esse
319 3372 544 3431 propter
580 3375 679 3415 nos
707 3359 1161 3423 exinanitionem,
1198 3365 1253 3410 et
1284 3365 1485 3410 nostrae
1516 3367 1749 3422 pauper-

158 3454 298 3508 tatis
328 3453 540 3508 subisso
578 3451 965 3514 humilitatem,
999 3447 1372 3519 permansisse
1405 3460 1535 3498 vero
1580 3453 1633 3496 et
1671 3443 1749 3496 sic

161 3544 366 3606 Deum,
413 3555 468 3598 et
507 3543 704 3598 Filium
739 3556 928 3594 verum
967 3541 1062 3595 Dei
1105 3549 1159 3594 et
1212 3537 1414 3591 Patris.
1469 3537 1750 3602 Quomodo

162 3637 337 3705 igitur
370 3652 476 3690 non
524 3635 690 3690 voluit
733 3634 903 3688 Filius
937 3632 1210 3687 nominari
1245 3630 1439 3696 David,
1471 3629 1516 3684 si
1555 3629 1749 3683 innua-

162 3739 332 3782 natns
361 3737 463 3792 est,
497 3734 553 3781 et
583 3727 684 3780 hoc
710 3740 816 3779 non
850 3724 1099 3778 invitus?

161 3840 220 3896 6.
251 3839 339 3894 Ex
372 3839 547 3907 primo
575 3838 716 3907 libro,
761 3845 960 3892 sancta:
1011 3838 1280 3891 memoriae
1327 3834 1537 3903 Cyrilli,
1586 3834 1650 3889 de
1689 3851 1748 3888 eo

234 3906 379 3980 quod
413 3925 549 3962 unus
583 3918 657 3963 est
683 3906 946 3975 Christus,
989 3917 1170 3961 contra
1209 3907 1554 3960 Theodorum.

238 4024 380 4080 Sunt
415 4022 596 4087 enim,
637 4030 763 4078 sunt
797 4023 887 4090 qui
926 4021 1346 4092 Redemptorem
1379 4033 1434 4078 et
1463 4024 1746 4077 Dominum

160 4133 329 4173 suum
367 4125 587 4188 negant,
637 4125 690 4172 et
723 4115 937 4170 Filium.
960 4116 1182 4185 quidem
1214 4131 1404 4171 verum
1431 4116 1522 4169 Dei
1569 4115 1748 4170 Patris

164 4225 278 4266 non
300 4209 486 4264 dicunt
518 4223 639 4264 eum
669 4223 812 4271 esse,
848 4207 939 4276 qui
977 4209 1028 4260 in
1065 4206 1273 4261 ultimis
1331 4206 1512 4261 saeculi
1542 4216 1749 4275 tempo-

164 4302 325 4358 ribus
374 4317 438 4357 ex
487 4300 717 4356 muliere
777 4299 1074 4354 secundum
1125 4311 1348 4351 carnem
1407 4299 1748 4351 nativitatem

163 4399 395 4463 propter
442 4405 541 4446 nos
595 4389 894 4453 sustinuit,
967 4387 1285 4456 apparuisse
1334 4397 1514 4441 autem
1576 4388 1749 4456 magis

166 4483 292 4540 orbi
347 4491 615 4536 terrarum
671 4479 841 4534 Deum
888 4487 1160 4533 recentem
1194 4487 1249 4532 et
1274 4490 1572 4548 posterum,
1610 4480 1748 4533 lilia-

167 4573 339 4629 tionis
395 4572 623 4642 gloriam
683 4570 1027 4624 extrinsecus
1079 4569 1405 4637 acquisitam
1463 4550 1828 4626 habentemD

167 4665 316 4720 sicut
355 4670 411 4718 et
451 4676 571 4727 nos,
616 4670 672 4714 et
715 4661 868 4727 quasi
908 4660 1229 4729 quibusdam
1273 4660 1593 4715 adulterinis
1615 4662 1746 4732 "glo-

170 4757 404 4810 riautem
449 4754 774 4817 honoribus,
830 4760 888 4805 ut
924 4751 1037 4820 jam
1073 4751 1498 4821 anthropolatria
1527 4762 1581 4807 et
1614 4752 1746 4807 nihil

168 4847 316 4902 aliud
359 4856 524 4909 esset,
569 4853 624 4900 et
672 4843 934 4898 adoretur
977 4842 1140 4899 homo
1180 4841 1376 4911 aliquis
1402 4858 1525 4897 cum
1553 4853 1739 4898 sancta

171 4939 438 4995 Trinitate
456 4947 569 4992 tam
599 4952 629 4991 a
660 4934 838 4998 nobis,
868 4950 1030 5006 quam
1057 4950 1085 4988 a
1110 4936 1317 4990 sanctis
1352 4935 1595 5006 angelis:
1629 4936 1751 4990 haec

173 5031 396 5102 quidam
438 5029 596 5083 valde
625 5027 865 5097 superbi,
899 5036 955 5081 et
983 5041 1179 5096 magna
1231 5027 1506 5096 sapientes
1529 5029 1580 5081 in
1606 5028 1748 5081 divi-

175 5135 367 5176 narum
417 5118 822 5188 Scripturarnm
868 5117 1128 5184 scientia,
1177 5119 1292 5173 suis
1339 5114 1558 5188 scriptis
1597 5119 1746 5175 inse-

177 5217 402 5264 ruerunt
428 5227 441 5263 :
475 5217 529 5264 et
558 5208 700 5263 sicut
731 5207 865 5261 dicit
904 5207 1145 5262 omnium
1177 5206 1434 5262 Dominus
1465 5223 1743 5276 pernnutn

175 5311 490 5360 sanctorum
531 5301 938 5369 prophetarum,
981 5316 999 5348 ‹
1044 5298 1291 5366 laqueum
1319 5299 1510 5351 statuit
1540 5299 1606 5352 ad
1631 5314 1754 5352 cor-

178 5390 504 5458 rumpendos
530 5390 777 5444 homines
805 5388 905 5441 ".i
950 5386 1086 5454 Quid
1106 5390 1249 5441 enim
1283 5388 1426 5442 aliud
1461 5388 1553 5451 sit,
1588 5403 1749 5460 quam

180 5483 407 5552 laqueus
451 5491 508 5536 et
546 5480 884 5544 scandalum,
930 5480 1113 5549 lingua
1159 5479 1380 5548 loquens
1416 5482 1663 5547 distorta,
1699 5492 1754 5536 et

181 5573 356 5629 sacris
401 5571 627 5627 Litteris
682 5571 1060 5638 abhorrentia,
1112 5582 1168 5626 et
1216 5571 1494 5628 traditioni
1531 5582 1750 5626 sancto-

253 5751 299 5783 “
321 5747 463 5805 Psal.
494 5764 683 5814 χχχιχ,
713 5747 832 5803 7-9.
860 5748 1020 5803 llebr.
1056 5766 1131 5811 rx.
1173 5749 1291 5805 6-0.

187 5817 232 5852 ³⁹
257 5819 400 5876 Psal.
441 5834 555 5886 vtn,
583 5821 637 5873 6.

1367 5752 1412 5782 ’⁷
1437 5750 1600 5806 Hebr.
1623 5767 1678 5813 η,
1709 5753 1795 5807 M.

714 5820 751 5851 ε·
779 5819 909 5874 una.
947 5820 1071 5887 o—s;
1104 5819 1267 5876 llebr.
1299 5837 1357 5889 ιι,
1395 5821 1547 5893 0-3.,
1589 5821 1632 5854 υ
1656 5825 1786 5878 ibid.
1821 5821 1875 5877 3.

1854 3245 1972 3308 ciens
2003 3268 2119 3316 nos,
2155 3252 2404 3321 quoniam
2437 3250 2655 3302 dubium
2690 3256 2804 3300 erat
2845 3266 2878 3301 a
2923 3265 3042 3302 voce
3082 3250 3260 3317 posita
3285 3249 3429 3315 apud

1853 3345 2059 3396 beatum
2112 3342 2306 3405 David,
2356 3341 2532 3393 intulit
2574 3355 2596 3394 ε
2631 3359 2648 3392 ι
2697 3339 2864 3394 Paulo
2910 3349 3088 3396 autem
3139 3341 3321 3395 minus
3362 3343 3429 3394 ab

1853 3432 2062 3500 angelis
2101 3432 2429 3484 minoratum
2471 3431 2714 3484 videmus
2758 3428 2966 3493 .Icsum,
3023 3441 3244 3501 propter
3302 3447 3428 3499 pas-

1853 3524 2060 3578 sionem
2117 3524 2306 3577 mortis
2359 3522 2528 3591 gloria
2583 3534 2637 3577 et
2693 3525 2900 3579 honore
2943 3533 3261 3579 coronatum
3300 3525 3363 3577 ³³.
3404 3544 3423 3575 ι

1854 3616 1914 3671 Si
1959 3617 2124 3687 igitur
2153 3633 2221 3670 ea:
2260 3616 2561 3687 Evangeliis
2609 3619 2817 3687 quidem
2873 3617 3168 3679 erudimur,
3215 3617 3284 3669 ad
3318 3616 3428 3669 Do-

1853 3708 2052 3761 minum
2085 3709 2283 3762 dixisse
2317 3707 2524 3761 beatum
2567 3707 2735 3762 David
2775 3709 2949 3761 omnia
2989 3724 3108 3776 qua:
3137 3717 3254 3760 sunt
3287 3709 3432 3776 psal-

1853 3799 1948 3864 mi,
1993 3809 2040 3852 et
2078 3808 2290 3862 ca'tera,
2343 3810 2392 3852 et
2437 3799 2580 3868 quod
2626 3814 2836 3853 memor
2880 3814 2959 3862 es,
3013 3811 3061 3852 et
3117 3799 3331 3862 visitas,
3381 3809 3430 3850 et

1855 3893 2161 3956 minorasti,
2216 3903 2263 3946 et
2320 3893 2620 3960 suhjecisti,
2685 3909 2749 3945 ex
2799 3893 3050 3959 Apostolo
3093 3907 3210 3945 vero
3240 3890 3428 3946 Jesum

1852 4003 1961 4040 esse
1986 3987 2259 4050 discimus,
2293 3987 2356 4036 de
2388 4002 2489 4048 quo
2519 3985 2733 4047 loquens
2765 3984 2933 4038 David
2961 3983 3109 4046 dicit,
3139 3985 3278 4053 quod
3314 3987 3430 4052 ejus

1853 4093 2053 4128 memor
2104 4086 2196 4137 est,
2240 4086 2286 4128 et
2329 4075 2468 4140 quod
2500 4091 2619 4128 eum
2649 4076 2897 4139 risitavit,
2945 4076 3035 4127 sed
3080 4076 3236 4128 etiam
3286 4079 3427 4145 quod

1857 4164 2036 4216 omnia
2068 4163 2286 4232 subjecit
2327 4164 2392 4229 ei,
2434 4179 2553 4214 cum
2595 4163 2755 4231 paulo
2799 4165 2970 4216 minus
3002 4164 3066 4216 ab
3098 4165 3300 4233 angelis
3330 4168 3432 4219 mi-

1857 4264 2093 4306 uorasset
2153 4271 2291 4320 eum,
2343 4265 2539 4308 cessate
2583 4253 2658 4308 vel
2722 4255 2809 4308 vix
2853 4255 3140 4323 aliquando
3182 4274 3213 4310 a
3261 4270 3434 4313 vestra

1854 4343 2201 4410 impudentia,
2242 4355 2610 4412 cognoscentes
2646 4344 2785 4414 quod
2808 4353 3027 4413 oportet.
3072 4344 3267 4399 Videtis
3288 4351 3431 4401 enim

1854 4435 2122 4489 hominum
2159 4437 2575 4501 sceleratissimi,
2606 4447 2806 4506 quanta
2836 4447 3148 4490 naturarum
3173 4449 3248 4492 est
3280 4441 3432 4509 di/fe-

1856 4527 2045 4590 reutia,
2076 4527 2216 4595 quod
2244 4526 2328 4579 ln'c
2354 4527 2562 4591 quidem
2593 4527 2921 4594 stupefactus
2956 4540 3054 4589 est,
3086 4529 3211 4597 quia
3239 4541 3285 4583 et
3321 4548 3434 4585 rue-

1859 4635 1971 4670 mor
2005 4634 2116 4672 esse
2151 4619 2375 4671 hominis
2412 4620 2683 4687 dignatur,
2723 4627 2773 4671 et
2797 4618 3009 4673 visitare
3048 4637 3186 4686 eum,
3212 4634 3429 4678 cancro-

1857 4726 2075 4777 rumque
2107 4711 2412 4776 participem
2455 4710 2648 4779 facere,
2694 4727 2914 4780 quorum
2960 4727 3076 4764 eum
3123 4715 3430 4782 participem

1853 4801 1974 4868 fecit
2005 4817 2022 4855 :
2066 4801 2154 4855 ille
2181 4819 2297 4856 vero
2328 4819 2354 4856 e
2381 4804 2651 4858 contrario
2692 4805 2942 4872 miratur,
2975 4808 3115 4868 quod
3160 4816 3432 4860 tantorum

1859 4893 2117 4960 particeps
2156 4910 2265 4947 esse
2302 4910 2462 4961 supra
2507 4911 2659 4948 suam
2697 4911 2942 4950 naturam
2985 4899 3176 4951 meruit
3215 4914 3236 4953 :
3266 4908 3314 4952 et
3348 4900 3432 4953 hic

1859 4985 2068 5051 quidem
2129 4997 2377 5056 tanquam
2437 4987 2745 5054 bene/icium
2787 4990 2919 5044 dans
2970 4991 3320 5059 miri/icatur,
3381 5001 3432 5045 et

1858 5093 2050 5144 magna
2089 5089 2370 5145 pt’wstans,
2417 5089 2463 5132 et
2508 5095 2668 5148 supra
2695 5095 2944 5134 naturam
2984 5084 3098 5151 ejus
3124 5086 3213 5146 qui
3243 5101 3432 5138 conse—

1855 5169 2037 5236 quitur
2091 5169 2396 5238 beneﬁcium
2445 5187 2464 5222 :
2516 5173 2606 5227 ille
2647 5190 2766 5227 vero
2816 5184 3066 5242 tanquam
3123 5177 3428 5244 beneficium

1859 5274 2194 5328 consequens,
2244 5271 2291 5314 et
2340 5261 2573 5331 majora,
2623 5279 2779 5330 quam
2807 5273 2905 5329 est,
2943 5265 3006 5316 ab
3036 5279 3096 5318 eo
3117 5265 3428 5331 suscipiens.

2509 5388 2784 5428 οςιιιηυε.

1935 5483 2108 5538 Sohrii
2161 5494 2335 5541 estote
2377 5485 2422 5516 ³³
2470 5486 2607 5538 ebrii
2651 5501 2715 5540 es
2750 5502 2876 5540 vmo
2907 5502 3116 5554 comm,
3166 5486 3431 5542 declamet

1862 5574 2058 5644 aliquis
2087 5575 2165 5631 sic
2195 5576 2507 5631 errantibus
2535 5599 2546 5631 ;
2573 5595 2589 5627 ι
2617 5576 2856 5647 lmpone,
2889 5579 3070 5642 homo,
3109 5588 3209 5631 tute
3237 5576 3437 5644 lingua:

1874 5752 2089 5807 "Joan.
2126 5770 2164 5821 ι,
2196 5756 2282 5810 14.

2397 5757 2440 5788 ³⁸
2466 5754 2605 5809 Psal.
2639 5771 2746 5827 Lvt,
2774 5755 2836 5825 7;
2875 5773 3057 5821 cxux,
3088 5755 3158 5827 6‘;
3190 5754 3415 5816 cun-1.

1950 5824 1996 5855 ³³
2020 5824 2151 5880 ibid.
2191 5828 2242 5883 9.

2313 5827 2410 5882 .“l
2441 5827 2586 5882 Pctr.
2619 5842 2669 5890 v,
2704 5826 2755 5880 8.
