4116 6472
674 394 814 452 Mt?)

1706 387 1764 442 S.
1806 384 2080 443 CYltlLLl
2118 377 2584 438 ALEXANDRINI
2623 374 2941 431 ARCHIEP.

3805 362 3947 418 ιμι

671 514 870 569 ostium
922 519 976 565 et
1027 522 1200 565 seram
1240 506 1285 538 ³⁸
1321 525 1333 561 :
1370 519 1523 562 cessa
1571 519 1741 559 cornu
1804 504 1859 558 in
1911 504 2251 557 altitudinem
2284 505 2326 558 Α
2354 500 2486 552 duos
2522 496 2661 563 ﬁlios
2696 494 2949 547 dicemus.
2981 490 3087 545 Sed
3109 506 3225 544 ecce
3256 498 3303 544 et
3344 486 3521 542 Filius
3564 485 3738 537 dictus
3766 494 3850 537 est
3886 485 3941 534 in

672 601 958 665 extollens,
974 605 1027 653 et
1046 598 1271 667 loquens
1291 598 1631 667 iniquitatem
1651 594 1938 647 adversum
1963 596 2124 649 Deum
2144 594 2210 646 ³⁸.
2225 610 2243 643 ι

675 692 969 759 Quousque
1003 688 1233 744 insultas
1262 687 1485 758 patienti
1518 684 1777 739 Christo?
1808 682 1863 736 ln
1899 695 2079 738 mente
2110 684 2251 738 habe

672 783 815 851 quod
850 780 1111 850 scriptum
1152 790 1236 835 est
1266 795 1295 833 a
1322 778 1502 833 divino
1535 775 1700 831 Paulo
1736 793 1748 829 :
1794 792 1811 825 ι
1853 773 1944 828 Sic
1976 790 2103 829 vero
2129 791 2253 844 pec-

676 883 866 927 cantes
894 873 947 926 in
988 872 1207 935 fratres,
1257 881 1310 924 et
1359 868 1726 937 percutientes
1756 881 1943 921 eorum
1979 866 2251 919 infirmam

675 964 1087 1030 conscientiam,
1146 965 1197 1017 in
1252 961 1527 1015 Christum
1578 959 1819 1030 peccatis
1868 958 1934 1011 ³⁷.
1996 976 2014 1008 ι
2066 957 2138 1010 Et
2197 965 2253 1011 ut

676 1056 878 1124 aliquid
932 1058 1096 1111 etiam
1152 1070 1218 1109 ex
1280 1053 1614 1122 propheticis
1674 1052 1866 1121 loquar
1928 1049 2247 1103 codicibus:

682 1168 699 1201 ι
733 1148 1039 1204 iustificata
1083 1158 1212 1202 sunt
1243 1146 1480 1200 Sodoma
1509 1161 1572 1201 ex
1608 1154 1680 1211 te,
1714 1143 1983 1211 superasti
2014 1155 2252 1209 pagano-

678 1257 795 1295 rmn
826 1242 1208 1303 verbositates,
1260 1255 1397 1309 quas
1442 1238 1684 1293 fecerunt
1722 1244 1910 1289 contra
1945 1231 2248 1294 Christum,

677 1333 957 1389 stultitiam
1030 1333 1405 1386 existimantes
1462 1344 1675 1383 crucem
1728 1326 1795 1389 ³⁸,
1853 1343 1870 1375 ι
1939 1322 2070 1376 nihil
2130 1336 2253 1375 esse

676 1426 957 1481 ostendisti
1024 1424 1266 1478 Judaica:
1333 1423 1598 1492 superbite
1664 1418 1915 1473 crimina.
1979 1413 2254 1467 Minorare

676 1518 981 1586 praesumis,
1024 1527 1077 1572 et
1113 1517 1252 1585 quod
1281 1517 1347 1569 ad
1398 1526 1447 1567 te
1500 1513 1753 1581 pertinet,
1793 1506 2036 1562 detrahis
2070 1505 2136 1558 ad
2176 1505 2256 1557 in-

678 1606 896 1659 fantiatn
943 1621 1062 1659 eum
1106 1607 1196 1673 qui
1250 1616 1513 1671 Supernas
1562 1601 1719 1653 sedes
1752 1596 2033 1659 concedet,
2063 1606 2116 1647 et
2151 1609 2254 1647 una

677 1713 800 1752 cum
830 1698 937 1752 Deo
964 1706 1017 1750 et
1050 1696 1208 1751 Patre
1231 1694 1476 1747 eamdem
1506 1692 1686 1745 sedem
1728 1691 1909 1744 habet.
1947 1688 2079 1743 Eum
2112 1688 2254 1741 enim

678 1791 769 1859 qui
796 1805 860 1844 ex
884 1788 1112 1843 mortuis
1146 1785 1469 1851 resurrexit,
1504 1785 1555 1837 in
1586 1784 1806 1838 sedibus
1832 1782 2046 1837 deitatis
2068 1782 2257 1835 sedere

679 1881 811 1935 dicit
876 1878 1313 1947 sapientissimus
1371 1876 1593 1930 Paulus.
1647 1875 1795 1928 Dixit
1864 1876 2046 1938 enim,
2113 1871 2257 1940 quod

683 1991 705 2024 ι
747 1972 904 2026 talem
944 1970 1204 2024 habemus
1235 1969 1533 2036 principem
1570 1965 1934 2027 sacerdotmn,
1981 1964 2070 2032 qui
2109 1963 2261 2015 sedet

679 2063 733 2117 in
778 2063 995 2115 dextera
1041 2060 1186 2113 sedis
1241 2057 1546 2125 maiestatis
1590 2057 1642 2109 in
1690 2055 1926 2110 excelsis
1954 2055 2019 2121 ³³,
2052 2054 2258 2122 quiest

679 2169 844 2223 super
891 2167 1106 2206 omnem
1142 2148 1532 2219 Principatum,
1589 2161 1643 2202 et
1671 2148 2025 2211 Potestatem,
2061 2156 2114 2199 et
2151 2146 2259 2200 Do-

681 2247 1052 2308 minationem,
1089 2254 1144 2297 et
1178 2258 1371 2298 nomen
1403 2244 1543 2312 quod
1577 2243 1909 2304 nominatur,
1937 2254 2041 2294 non
2078 2240 2255 2293 solum

689 2339 742 2393 in
775 2338 877 2393 hoc
911 2335 1131 2400 smeulo,
1173 2336 1265 2388 sed
1314 2344 1369 2386 et
1409 2334 1459 2386 in
1499 2333 1679 2385 futuro
1712 2330 1779 2383 ⁸ο.
1814 2330 2072 2383 Flectitur
2114 2329 2261 2382 enim

684 2431 733 2484 'ei
767 2444 925 2483 omne
970 2441 1131 2496 genu,
1181 2433 1236 2478 et
1287 2422 1467 2477 omnis
1525 2423 1703 2492 lingua
1762 2422 2069 2484 confitetur,
2120 2419 2262 2487 quod

687 2518 944 2573 Dominus
978 2515 1141 2570 Jcsus
1180 2514 1429 2568 Christus
1460 2512 1510 2564 in
1538 2511 1708 2581 gloria
1742 2519 1827 2565 est
1867 2510 1955 2564 Dei
1988 2509 2163 2562 Patris
2193 2508 2259 2561 δι.

684 2612 751 2665 Ει
778 2610 900 2678 quis
940 2616 1023 2661 est
1068 2606 1158 2673 qui
1196 2607 1249 2658 in
1288 2604 1373 2657 his
1413 2612 1498 2657 est
1534 2611 1790 2669 tanquam
1834 2600 2017 2654 Deus?
2061 2599 2257 2651 lterum

683 2702 823 2755 idem
865 2699 977 2767 ipse
1023 2693 1351 2762 explanavit,
1385 2691 1474 2760 qui
1503 2690 1621 2757 ejus
1654 2688 2036 2759 mysteriorum
2068 2702 2255 2742 sacer-

684 2792 781 2844 dos
821 2796 924 2841 est.
971 2786 1117 2839 Dixit
1141 2784 1307 2845 enim,
1337 2784 1478 2849 quod
1514 2799 1532 2831 ι
1567 2780 1872 2835 exinanivit
1897 2780 2156 2846 seipsutn,
2200 2778 2253 2832 in

682 2876 1036 2934 similitudine
1079 2873 1319 2929 hominis
1367 2870 1544 2925 factus
1593 2882 1695 2931 est,
1746 2879 1800 2924 et
1853 2870 1903 2921 in
1953 2867 2139 2922 habitu
2184 2869 2265 2922 in-

683 2978 879 3025 ventus
906 2979 1163 3036 tanquam
1219 2965 1420 3019 homo:
1463 2973 1516 3018 et
1552 2961 1859 3017 humiliavit
1915 2962 2152 3030 seipsum
2187 2960 2264 3013 fa-

684 3074 805 3116 ctus
836 3059 1093 3114 obediens
1145 3070 1316 3125 usque
1349 3056 1433 3133 'ad
1487 3062 1714 3109 mortem
1742 3094 1755 3119 ,
1812 3059 2041 3106 mortem
2086 3063 2262 3107 autem

686 3152 865 3207 crucis
890 3151 956 3202 δ’.
995 3148 1257 3203 Flectitur
1304 3148 1468 3216 igitur
1506 3161 1666 3200 omne
1696 3160 1835 3216 genu
1871 3142 2173 3200 caelestium
2207 3151 2262 3197 et

689 3243 1030 3298 terrestrium
1076 3251 1129 3296 et
1163 3242 1464 3295 inferorum
1496 3240 1544 3295 ei
1580 3239 1670 3309 qui
1707 3253 1923 3293 crucem
1958 3235 2256 3291 sustinuit:

687 3351 847 3405 quem
889 3335 1037 3404 puris
1081 3344 1135 3388 ct
1173 3332 1301 3387 solis
1335 3330 1686 3385 humanitatis
1716 3328 1986 3383 mensuris
2014 3326 2263 3394 injiciens

688 3426 1059 3488 adversarius,
1119 3424 1435 3477 memoriam
1480 3431 1534 3476 et
1582 3421 1948 3476 visitationem
1997 3416 2262 3471 meruisse

692 3518 821 3572 dicit
851 3531 879 3570 a
915 3515 1021 3570 Deo
1050 3515 1249 3577 Verbo,
1280 3528 1399 3566 cum
1431 3520 1580 3566 certe
1608 3515 1819 3581 oportet
1850 3513 1992 3565 scire
2020 3516 2073 3562 et
2102 3523 2261 3577 sape-

694 3623 774 3670 re,
810 3608 949 3676 quod
982 3622 1086 3659 non
1113 3606 1249 3658 alter
1272 3603 1414 3658 Dens
1450 3604 1685 3659 Verbum
1714 3612 1831 3657 erat
1862 3610 2058 3671 praeter
2082 3600 2259 3668 ipsum

693 3699 863 3753 Filius
902 3697 1192 3766 separatim
1244 3706 1299 3749 et
1351 3710 1445 3765 per
1498 3706 1727 3764 partem,
1781 3694 1869 3761 qui
1928 3710 1995 3747 ex
2054 3690 2265 3748 semine

697 3789 887 3853 David,
920 3790 1059 3843 sicut
1106 3787 1255 3852 dicit,
1307 3787 1513 3840 homo:
1552 3783 1646 3838 sed
1703 3794 1820 3838 erat
1878 3782 1993 3850 ipse
2036 3797 2102 3836 ex
2154 3780 2266 3834 Deo

693 3879 854 3933 Patre
886 3879 1028 3933 Deus
1074 3879 1333 3940 Verbum,
1383 3876 1555 3929 factus
1593 3873 1890 3929 secundum
1934 3886 2056 3935 nos,
2102 3872 2265 3927 homo

688 3971 962 4031 videlicet,
996 3979 1047 4022 et
1086 3985 1189 4023 non
1227 3969 1391 4021 alium
1421 3966 1711 4035 quemdam
1751 3964 1931 4034 magis
1980 3977 2141 4032 quam
2179 3978 2267 4017 se-

695 4063 871 4132 ipsum
901 4061 1206 4115 visitatione
1232 4068 1285 4113 et
1311 4058 1569 4112 memoria
1592 4056 1839 4124 dignans.

1170 4196 1225 4250 8.
1261 4193 1325 4246 Et
1348 4209 1413 4245 ea:
1440 4193 1619 4245 eodem
1653 4191 1806 4243 libro.

1310 4319 1646 4359 THEODORUS.

763 4444 1188 4513 Cessubuntjam
1210 4442 1273 4495 ab
1296 4440 1598 4509 impudente
1630 4453 1803 4507 pugna
1826 4438 1850 4491 7
1872 4434 2118 4489 desisteut
2149 4449 2268 4488 vero

694 4558 827 4594 cana
852 4536 1207 4597 contentione,
1239 4533 1599 4587 erubescentes
1623 4531 1890 4582 dictorum
1917 4525 2269 4580 evidentiam?
2304 4558 2345 4611 Β

694 4634 894 4688 Multos
930 4632 1094 4691 enim,
1119 4628 1265 4693 dicit,
1295 4626 1435 4692 ﬁlios
1468 4626 1521 4678 in
1556 4623 1777 4693 gloriam
1807 4622 2098 4673 ducentem.
2136 4608 2269 4671 Ecce

695 4726 862 4794 igitur
902 4723 956 4774 in
1004 4720 1209 4773 ratione
1258 4718 1532 4785 [iliationis
1580 4728 1959 4768 connumerans
1991 4710 2275 4779 Apostolus

694 4824 907 4882 apparet
943 4820 1268 4878 assumptum
1304 4811 1567 4861 hominem
1602 4807 1826 4868 cmtcris,
1852 4820 1954 4857 non
1984 4804 2271 4857 secundant

695 4905 832 4976 quod
869 4902 1115 4955 similiter
1160 4899 1266 4950 illis
1298 4896 1580 4964 [iliationis
1628 4894 1890 4960 particeps
1927 4899 2025 4956 est,
2074 4892 2164 4943 sed
2188 4905 2273 4942 se-

696 4996 923 5049 cundum
963 4991 1105 5059 quod
1134 4988 1379 5043 similiter
1402 4986 1631 5055 gratiam
1657 4981 1941 5048 assumpsit
1970 4980 2268 5048 ﬁliationis,

696 5086 892 5140 deitate
927 5083 1041 5135 sola
1076 5080 1369 5132 naturalem
1400 5076 1708 5144 [iliationent
1729 5072 2043 5142 possidente.
2061 5070 2271 5123 Certant

698 5179 839 5232 enim
875 5184 953 5229 est
985 5174 1140 5239 illud,
1175 5172 1313 5239 quod
1338 5168 1615 5238 ﬁliutionis
1636 5167 1802 5235 gloria
1835 5173 2028 5233 pru'ter
2057 5172 2273 5215 ca'teros

696 5269 933 5322 homines
977 5267 1105 5317 inest
1144 5265 1189 5316 ei
1226 5263 1484 5328 prwcipue
1530 5273 1621 5326 per
1663 5258 1916 5309 unitatem
1955 5267 2072 5321 qua:
2098 5262 2171 5303 est
2202 5252 2269 5302 ad

696 5362 864 5413 illum.
903 5355 1051 5409 Unde
1092 5365 1137 5407 et
1180 5354 1234 5406 in
1280 5353 1394 5419 ipsa
1426 5366 1547 5401 voce
1587 5345 1916 5415 signiﬁcante
1953 5342 2173 5404 Filium,
2206 5342 2273 5393 si-

700 5451 897 5503 militer
927 5449 1085 5501 cia“;
1130 5444 1220 5497 ille
1256 5440 1731 5507 comprehenditur.
1786 5435 1889 5489 Sed
1917 5434 2271 5487 sermocinan-

702 5550 786 5592 tur
834 5541 901 5590 ad
937 5551 1067 5590 nos:
1112 5534 1170 5590 Si
1195 5538 1299 5587 duo
1326 5531 1557 5602 perfecta
1586 5528 1761 5581 dicitis
1809 5528 1949 5579 omni
1997 5525 2172 5585 modo,
2223 5532 2269 5574 et

1312 5710 1353 5743 ’⁸
1378 5724 1558 5771 Lxxw,
1586 5706 1638 5772 5,
1673 5705 1734 5761 6.
1806 5705 1885 5755 "'I
1919 5705 2024 5757 Cor

1312 5797 1365 5831 ιι.
1402 5780 1488 5831 10.
1519 5779 1600 5831 ll.
1682 5776 1724 5808 δ’
1755 5776 1884 5831 ibid.
1917 5774 2030 5831 7.8

1755 5793 1884 5831 toto.
1926 5793 1967 5841 ι,
1998 5793 2050 5828 ο.

774 5718 816 5747 ³⁸
845 5716 983 5768 l’sal.
1020 5730 1142 5773 me,
1187 5713 1240 5765 5.

741 5787 775 5854 ι,
806 5787 896 5839 at.
974 5784 1014 5817 ιι
1047 5783 1274 5853 Philipp.
1305 5797 1365 5848 ιι,
1402 5780 1488 5847 to,
1519 5779 1600 5831 ιι.

1806 5704 1885 5755 “'l
1919 5704 2044 5757 Cor.
2076 5718 2195 5764 vui,
2229 5698 2316 5763 ll,
2354 5699 2439 5752 12.

2130 5774 2174 5806 ⁵³
2196 5771 2349 5826 Joau.
2386 5786 2423 5836 ι,
2460 5770 2544 5825 14.

2351 592 2529 645 divina
2572 589 2854 653 Scriptura
2899 599 2991 653 per
3042 583 3295 650 seipsum,
3348 580 3633 635 divinitate
3687 586 3935 643 excepta,

2354 683 2562 739 cwteris
2606 678 2902 735 hominibus
2940 686 3365 739 connumeratus,
3422 680 3469 727 et
3524 686 3627 724 non
3658 669 3774 737 jam
3805 670 3943 719 deos

2352 770 2574 823 dicimus
2616 768 2775 837 ﬁlios.
2831 763 2979 818 Unde
3017 779 3135 816 vero
3190 762 3359 818 Filius
3401 764 3456 816 in
3497 759 3830 826 confessione
3864 768 3939 809 est

2345 863 2513 931 juste,
2555 860 2803 927 quoniam
2859 866 3169 911 naturarum
3199 856 3386 909 dicisio
3440 852 3740 908 necessario
3785 848 3943 902 debet

2352 966 2674 1019 permanere,
2732 959 2778 1004 et
2830 961 3064 1019 persona:
3124 945 3293 999 unitio
3332 943 3722 1015 indissipabilis
3750 949 3944 994 custo-

2355 1042 2480 1095 diri.

2998 1165 3275 1207 CYRILLUS.

2428 1286 2588 1356 Papae
2622 1283 2926 1341 insaniam!
2968 1280 3241 1353 ignoravit
3286 1280 3633 1334 omnifariam
3684 1275 3938 1331 altitudi-

2358 1396 2478 1434 nem
2511 1378 2751 1450 mysterii
2790 1375 3014 1435 Christi,
3053 1372 3144 1440 qui
3196 1372 3267 1425 ita
3308 1370 3521 1440 frigidis
3548 1380 3601 1425 et
3632 1370 3944 1441 puerilibus

2356 1471 2535 1525 verbis
2567 1468 2801 1521 conlisus
2839 1474 2939 1518 est.
2990 1462 3142 1527 Quod
3196 1470 3373 1514 autem
3419 1472 3475 1516 et
3517 1462 3715 1530 prolati
3746 1458 3942 1527 scripti

2359 1562 2608 1613 virtutem
2648 1558 2867 1612 minime
2924 1554 3199 1622 intelligit,
3239 1564 3445 1607 rectam
3504 1568 3631 1607 vero
3677 1550 3942 1606 semitam

2360 1652 2614 1713 declinat,
2657 1659 2709 1704 et
2753 1646 3080 1701 transfertur
3123 1646 3316 1699 iterum
3369 1646 3419 1698 in
3470 1646 3795 1700 sceleratam
3839 1641 3945 1695 sibi

2361 1744 2696 1814 propositam
2753 1741 3133 1801 intentionem,
3192 1738 3376 1792 statim
3435 1736 3724 1792 docemus.
3781 1734 3944 1800 Quod

2290 1845 2330 1899 Β
2360 1837 2504 1890 enim
2532 1847 2659 1890 ante
2693 1834 2876 1887 omnia
2919 1831 3156 1886 studium
3194 1830 3241 1884 ei
3282 1838 3384 1892 est,
3417 1846 3613 1899 purum
3644 1830 3809 1884 nobis
3849 1830 3952 1880 ho—

2364 1927 2566 1981 minem
2596 1926 2731 1981 velle
2757 1926 3138 1977 demonstrare
3179 1936 3559 1976 consessorem
3586 1922 3757 1988 Patri,
3791 1930 3851 1975 et
3879 1920 3947 1972 ab

2364 2020 2617 2073 universa
2649 2026 2901 2072 creatura
2942 2025 3197 2083 tanquam
3235 2014 3400 2067 Deum
3428 2013 3788 2079 adorandum,
3828 2012 3948 2081 ipse

2363 2109 2518 2165 testis
2560 2108 2913 2178 ingredietur.
2940 2104 3036 2159 llis
3079 2105 3223 2158 enim
3254 2103 3342 2172 qui
3380 2104 3678 2156 secundum
3706 2105 3946 2172 gratiam

2364 2198 2459 2254 filii
2507 2207 2674 2265 sunt,
2724 2206 2777 2251 et
2831 2197 3080 2251 humanae
3147 2193 3479 2248 tnultitudini
3537 2207 3950 2247 connumerans

2362 2305 2506 2354 eum,
2545 2289 2707 2344 Verbi
2734 2288 2988 2343 deitatem
3017 2286 3186 2341 solam
3224 2301 3363 2339 vera:
3396 2283 3680 2338 filiationis
3712 2284 3948 2353 gloriam

2364 2384 2565 2439 habere
2608 2381 2906 2446 contendit,
2952 2396 3087 2450 pene
3129 2381 3292 2433 etiam
3342 2379 3633 2447 increpans
3672 2392 3799 2431 eum
3856 2377 3949 2444 qui

2365 2486 2586 2546 propter
2607 2490 2704 2529 nos
2735 2474 3162 2528 exinanitionem
3198 2471 3307 2539 pati
3342 2469 3517 2523 voluit
3552 2489 3565 2524 :
3602 2470 3689 2523 vel
3714 2468 3952 2521 forsitan

2363 2568 2527 2622 etiam
2578 2566 2846 2636 objiciens
2900 2566 3241 2618 inhonestam
3285 2578 3437 2619 suam
3490 2559 3824 2615 dementiam
3865 2560 3954 2609 di-

2364 2656 2576 2725 scipulo
2616 2656 2819 2709 dicenti
2853 2673 2867 2709 :
2905 2672 2924 2705 ι
2960 2655 3025 2707 Et
3053 2653 3287 2709 Verbum
3319 2668 3447 2707 caro
3480 2652 3679 2706 factum
3714 2659 3799 2704 est
3825 2650 3898 2701 ⁸³.
3928 2668 3947 2697 ι

2367 2745 2658 2801 Sciendum
2692 2745 2855 2814 igitur
2892 2744 3058 2812 quod,
3089 2743 3213 2797 licet
3238 2758 3425 2811 .unum
3456 2740 3653 2795 alicubi
3683 2741 3859 2802 dicat,
3902 2748 3958 2792 et

2368 2853 2468 2891 non
2508 2836 2681 2907 magis
2710 2835 2852 2889 duos
2889 2834 3047 2899 filios,
3084 2834 3308 2903 ejiciens
3337 2834 3558 2888 omnino
3604 2845 3727 2886 esse
3771 2831 3947 2884 Deum

2366 2939 2419 2983 et
2451 2927 2645 2982 Filium
2672 2943 2818 2994 eum,
2864 2928 2955 2997 qui
2991 2928 3132 2981 sicut
3162 2928 3273 2996 ipse
3300 2925 3448 2989 dicit,
3496 2924 3562 2977 de
3608 2922 3822 2977 semine
3865 2933 3953 2977 est

2367 3020 2577 3085 David;
2638 3019 2705 3074 ad
2758 3019 2932 3073 solum
2994 3017 3163 3071 refert
3217 3017 3384 3070 Deum
3434 3014 3675 3070 Verbum
3734 3014 3829 3082 qui
3889 3028 3958 3067 ex

2370 3112 2483 3165 Deo
2514 3110 2676 3166 Patre
2718 3121 2825 3174 est,
2876 3125 3018 3165 vera:
3064 3109 3342 3163 ﬁliationis
3388 3107 3641 3178 gloriam.
3676 3106 3790 3161 lloc
3827 3121 3961 3159 vero

2291 3195 2333 3253 C
2369 3203 2501 3257 nihil
2556 3204 2700 3257 aliud
2747 3213 2854 3267 est,
2912 3203 3054 3257 sicut
3109 3201 3242 3266 dixi,
3298 3215 3455 3270 quam
3509 3215 3616 3253 non
3673 3200 3961 3269 suscipere

2370 3295 2589 3348 modum
2648 3293 3003 3348 humanitatis
3052 3313 3065 3348 :
3126 3293 3349 3347 omnino
3404 3301 3585 3345 autem
3637 3292 3961 3346 interimere

2370 3386 2851 3453 dispensationem,
2894 3400 2989 3453 per
3022 3400 3181 3454 quam
3213 3393 3266 3439 et
3312 3382 3447 3438 salvi
3480 3381 3607 3437 facti
3638 3396 3853 3444 sumus.
3896 3394 3951 3436 et

2370 3489 2601 3532 mortem
2645 3486 2701 3532 et
2750 3485 3033 3546 peccatum
3093 3476 3485 3542 transivimus,
3546 3482 3606 3529 et
3662 3473 3955 3529 diabolica:

2370 3568 2613 3623 avaritia:
2646 3568 2834 3639 jugum
2862 3568 3231 3638 deposuimus.

2878 3703 2930 3759 9.
2965 3703 3051 3758 Ea;
3082 3704 3263 3758 eodem
3297 3702 3453 3757 libra.

2993 3854 3327 3895 THEODORL‘S.

2447 3979 2615 4033 Nemo
2644 3978 2873 4043 artiﬁcio
2906 3975 3372 4040 interrogationum
3408 3971 3726 4037 decipiatur.
3766 3971 3958 4044 Flagi-

2372 4074 2565 4127 tiosum
2606 4069 2746 4121 enim
2784 4076 2890 4129 est,
2942 4066 3197 4131 deponere
3243 4064 3451 4133 quidem
3496 4071 3696 4115 tantam
3746 4064 3955 4117 testium

2372 4164 2591 4226 nubem,
2634 4158 2919 4212 secundum
2954 4156 3093 4227 quod
3138 4156 3419 4225 Apostolus
3465 4154 3602 4207 dixit
3644 4154 3728 4219 “,
3767 4159 3957 4208 astulis

2374 4260 2545 4302 autem
2616 4246 3117 4316 interrogationibus
3195 4246 3469 4313 deceptos,
3534 4244 3956 4297 aduersariorum

2373 4343 2508 4409 parti
2538 4340 2809 4409 conjungi.
2847 4339 2979 4403 Quae
3010 4356 3124 4393 vero
3152 4349 3293 4402 sunt,
3320 4354 3435 4408 qua:
3474 4354 3592 4390 cum
3640 4347 3756 4390 arte
3795 4337 3955 4390 inter-

2375 4432 2596 4500 rogant?
2638 4430 2883 4484 Hominis
2926 4429 3171 4499 genitriaz,
3198 4428 3397 4493 Maria,
3440 4445 3508 4481 an
3558 4427 3654 4481 Dei
3682 4428 3955 4496 genitrix?

2375 4520 2466 4586 Et,
2498 4524 2584 4591 qui
2618 4522 2900 4590 cruciﬁxus
2929 4531 3039 4586 est,
3068 4530 3245 4573 utrum
3293 4520 3435 4574 Deus
3456 4559 3471 4583 ,
3519 4535 3586 4573 an
3619 4519 3818 4572 homo?
3851 4517 3953 4572 Sed

2375 4612 2594 4665 istorum
2634 4612 2842 4681 quidem
2878 4621 3019 4665 certa
3066 4621 3141 4664 est
3190 4610 3447 4665 absolutio
3484 4619 3533 4663 et
3578 4625 3644 4662 ea:
3695 4608 3780 4662 Itis
3838 4624 3952 4675 qui:

2373 4704 2715 4773 prwdiximus
2774 4704 2831 4756 in
2885 4704 3178 4771 responsis,
3233 4718 3349 4771 qua:
3395 4703 3463 4755 ad
3515 4702 3951 4771 interrogationes

2375 4795 2588 4864 fuerunt
2620 4810 2638 4848 :
2669 4804 2841 4849 tamen
2870 4811 2986 4848 vero
3011 4795 3243 4857 dicatur,
3278 4804 3324 4847 et
3347 4792 3461 4862 jam
3488 4808 3645 4857 nunc,
3669 4809 3791 4862 qua:
3814 4809 3951 4845 corn-

2374 4888 2616 4955 pendiose
2668 4887 2977 4956 respondere
3019 4894 3254 4953 oportet,
3316 4894 3371 4937 ut
3418 4885 3567 4938 nulla
3622 4886 3697 4939 eis
3751 4885 3949 4939 occasio

2375 4980 2587 5033 astutiw
2616 4978 2959 5048 relinquatur.
2987 4977 3118 5031 Cum
3152 4977 3312 5046 igitur
3346 4978 3692 5047 interrogant,
3726 4978 3949 5030 hominis

2374 5071 2624 5140 genitrix,
2653 5087 2720 5123 an
2744 5069 2841 5123 Dei
2863 5069 3093 5139 genitria:
3118 5078 3192 5121 est
3224 5066 3399 5120 Maria
3428 5069 3448 5121 7
3472 5069 3688 5120 dicatur
3717 5085 3750 5120 a
3784 5069 3946 5129 nobis,

2376 5160 2657 5229 Utraque:
2705 5175 2866 5211 unum
2917 5159 3127 5227 quidem
3188 5167 3379 5212 natura
3420 5159 3512 5221 rei,
3560 5157 3789 5208 alterum
3837 5173 3946 5210 vero

2375 5254 2648 5306 relatione.
2704 5251 2949 5305 [laminis
2995 5253 3134 5306 enim
3182 5251 3416 5322 genitrix
3459 5258 3535 5302 est
3586 5251 3942 5309 naturaliter,

2375 5342 2618 5409 quoniam
2650 5341 2802 5393 homo
2830 5353 2942 5394 erat
2978 5343 3034 5395 in
3067 5351 3213 5394 utero
3240 5340 3456 5404 Mariae,
3484 5339 3574 5409 qui
3600 5350 3651 5392 et
3680 5341 3806 5392 inde
3834 5356 3945 5407 pro-

2375 5431 2525 5483 cessit
2560 5444 2577 5482 :
2608 5428 2704 5481 Dei
2750 5440 2923 5483 autem
2973 5431 3231 5499 genitrix,
3270 5430 3519 5498 quoniam
3555 5427 3699 5481 Deus
3749 5438 3861 5480 erat
3898 5431 3944 5479 in

2376 5523 2583 5576 homine
2637 5532 2793 5587 nato,
2847 5539 2950 5576 non
2995 5526 3051 5577 iu
3097 5539 3156 5579 eo
3207 5524 3633 5592 circumscriptus
3672 5524 3943 5576 secundum

2518 5700 2560 5730 ³⁸
2586 5698 2779 5755 Ezoch.
2812 5714 2923 5763 xw,
2962 5700 3050 5755 53.

2622 5773 2666 5803 η
2693 5770 2855 5837 Hebr,
2889 5786 2984 5839 λιι,
3026 5772 3073 5826 1.

3131 5700 3173 5734 ³9
3201 5700 3364 5758 llcbr.
3397 5714 3514 5766 vm,
3548 5699 3598 5754 l.
3682 5699 3726 5733 δ’
3752 5697 3937 5768 Epltcs.
