4116 6472
176 388 319 445 1445

172 704 351 745 autent
386 695 670 745 secundant
709 691 931 743 similem
970 694 1243 745 rationem.
1290 693 1400 746 Nec
1446 695 1582 747 enim
1616 698 1752 749 sicut

172 788 329 837 homo
364 785 417 835 in
452 792 599 835 utero
631 791 685 835 ut
716 793 844 836 esset
872 784 1093 849 suscepit
1144 783 1376 845 initium,
1405 785 1481 837 sic
1519 794 1571 838 et
1617 786 1752 841 Deus

187 866 433 928 Verbum.
478 872 613 926 Erat
647 875 782 926 enim
811 882 933 926 ante
964 889 1166 927 onmem
1196 884 1515 929 creaturam.
1563 876 1751 947 Itaque

171 973 221 1017 et
247 974 471 1033 utraque
492 966 596 1016 dici
610 964 817 1032 justum
852 973 947 1026 est,
978 973 1025 1016 et
1055 971 1330 1034 utrumque
1358 982 1538 1020 eorum
1567 984 1751 1021 secun-

171 1059 298 1109 dum
322 1058 589 1124 propriam
618 1056 897 1109 rationem.
930 1053 1079 1109 Idem
1117 1067 1292 1110 autem
1338 1061 1749 1127 respondendum

171 1160 218 1200 et
264 1149 311 1201 si
364 1151 711 1216 interrogant,
756 1146 894 1200 Deus
948 1149 1232 1214 cruciﬁxus
1287 1161 1382 1213 est,
1433 1168 1501 1204 an
1552 1152 1749 1206 homo?

169 1240 314 1309 quod
344 1247 564 1308 utroque
589 1238 823 1305 quidem,
856 1254 959 1292 non
992 1248 1165 1292 autent
1192 1242 1477 1294 secundum
1531 1243 1746 1296 similem

168 1332 452 1384 rationem.
489 1328 627 1381 Nam
662 1330 745 1382 hic
784 1332 989 1401 quidem
1031 1332 1315 1399 cruciﬁxus
1357 1342 1454 1396 est,
1493 1343 1666 1401 utpote
1697 1343 1745 1388 et

166 1423 468 1491 passionem
498 1423 801 1489 suscipiens,
834 1433 883 1476 et
917 1424 1055 1492 ligno
1092 1426 1299 1494 afﬁxus,
1338 1435 1388 1477 et
1433 1426 1498 1479 ab
1541 1424 1745 1479 Judwis

162 1516 413 1566 detentus
438 1530 458 1567 :
492 1513 580 1567 ille
605 1524 803 1579 autem,
844 1516 983 1585 quod
1021 1526 1131 1570 erat
1162 1532 1280 1570 cum
1320 1517 1429 1584 ipso
1458 1518 1743 1572 secundum

159 1602 479 1672 pradictam
506 1619 741 1656 causam.

816 1733 1093 1774 CYRILLUS.

1386 391 1804 447 FRAGMENTA
1847 393 2264 452 DOGMATICA.

178 524 448 575 naturam,
481 509 571 563 sed
598 508 736 577 quod
773 508 825 562 in
858 522 917 560 eo
947 516 1019 561 est
1056 509 1339 562 secundum
1375 512 1621 579 affectum
1671 530 1759 566 vo-
1790 518 1836 573 Α

174 605 418 656 laniatis.
454 600 639 670 Itaque
670 610 888 668 utraque
913 599 1122 667 quidem
1155 602 1260 653 dici
1279 601 1488 667 justum
1518 613 1614 666 est,
1653 620 1755 656 non

3287 400 3427 458 “£6

2500 530 2778 573 CYRILLUS.

1927 645 2192 699 Insaniam
2227 646 2385 715 igitur
2411 661 2533 702 esse
2571 648 2739 712 dicis.
2769 647 2905 703 velle
2938 662 3129 719 sapere
3158 661 3336 717 recte,
3368 661 3426 709 et

1856 736 1907 790 in
1941 748 2121 793 mente
2155 739 2350 793 habere
2379 753 2561 792 veram
2594 749 2650 793 et
2682 750 2878 795 rectam
2913 751 2967 795 et
3003 742 3418 800 inadulteratam

1855 827 2057 881 tidem?
2091 844 2212 882 cum
2263 840 2408 884 certe
2458 830 2644 899 plenos
2694 846 2974 887 sermones
3016 833 3239 888 insania:
3278 837 3422 890 dicat

1852 916 2220 984 aliquis‘esse,
2271 929 2325 972 et
2363 919 2519 973 valde
2561 922 2773 985 merito,
2803 937 2897 977 eos
2939 923 3028 991 qui
3078 924 3416 993 unigenitum

1855 1003 1947 1059 Dei
1978 1005 2213 1063 Verbum
2258 1010 2522 1081 abnegauit
2573 1011 2937 1067 introductum
2989 1029 3108 1070 esse
3153 1030 3182 1069 a
3227 1016 3335 1071 Deo
3366 1028 3424 1072 et

1849 1096 2009 1152 Patre
2036 1100 2086 1152 in
2121 1100 2302 1155 orbem
2344 1114 2604 1157 terrarum
2635 1117 2754 1157 cum
2785 1103 2956 1159 iactus
2984 1119 3066 1161 est
3100 1108 3421 1175 homo?Qui

1849 1190 1992 1244 enim
2070 1193 2361 1246 secundum
2444 1204 2687 1248 naturam
2762 1205 2815 1249 et
2880 1196 3238 1253 tlill'ereutiam
3303 1200 3421 1255 aliis

1846 1282 2096 1337 erunibus
2149 1284 2393 1350 superior
2441 1293 2554 1352 est,
2605 1287 2854 1355 quoniam
2908 1298 2990 1343 est
3047 1300 3259 1345 creator
3327 1307 3424 1347 eo-

1845 1388 1999 1439 rum,
2045 1384 2099 1429 et
2148 1383 2352 1430 tantum
2400 1378 2479 1433 eis
2524 1379 2947 1434 substantialiter
2994 1383 3241 1451 superior
3302 1396 3419 1451 est,

1847 1466 2217 1534 superpositus
2288 1478 2417 1531 est,
2487 1481 2747 1537 quantum
2815 1480 2897 1524 est
2971 1474 3145 1527 minor
3212 1474 3419 1530 factura

1846 1556 2074 1621 factore,
2123 1558 2398 1625 ingressus
2439 1569 2521 1612 est
2567 1561 2616 1635 in
2660 1559 2847 1613 orbem
2897 1571 3163 1616 terrarum
3207 1566 3421 1632 quando

1848 1648 2145 1715 appellatus
2187 1659 2267 1702 est
2299 1666 2422 1718 pars
2451 1651 2586 1720 ejus,
2617 1654 2910 1707 secundum
2950 1656 3091 1724 quod
3128 1658 3287 1713 homo
3318 1672 3418 1728 ap-

1845 1739 2043 1806 paruit.

231 1824 464 1893 Insuper
502 1838 680 1883 autem
712 1829 797 1885 his
830 1831 994 1885 infert
1031 1833 1214 1887 statim
1242 1833 1567 1902 procedens,
1602 1831 1740 1903 quod

1922 1852 1989 1906 Et
2024 1862 2139 1922 post
2192 1870 2382 1923 pauca.
2444 1854 2609 1910 Miror
2670 1872 2795 1913 vero
2853 1858 3222 1915 adversarium
3280 1862 3417 1918 scri-

152 1918 462 1972 crucilixus
496 1920 654 1973 homo
689 1931 807 1975 erat
860 1922 1065 1977 habens
1103 1924 1270 1978 Deum
1322 1924 1737 1980 inbabitantem.

233 2009 439 2063 Iterum
476 2009 687 2079 Cyrilli.
718 2013 857 2078 Quid
886 2014 1043 2078 dicis,
1088 2029 1120 2068 0
1150 2017 1324 2080 fortis,
1384 2016 1475 2070 Dei
1510 2017 1742 2086 genitrix

152 2110 279 2153 erat
312 2114 503 2154 saneta
537 2102 717 2171 Virgo,
755 2105 894 2172 quod
935 2116 1064 2159 nato
1094 2120 1158 2158 ex
1200 2106 1314 2176 ipsa
1360 2110 1498 2162 Deus
1544 2110 1740 2171 inerat,

152 2192 419 2246 habitans
485 2197 778 2248 secundum
861 2197 1034 2251 solum
1101 2197 1351 2252 allectum
1407 2199 1743 2253 voluntatis?

156 2281 331 2337 Istam
364 2299 484 2338 esse
528 2284 763 2341 allirmas
811 2286 1112 2343 unitatem?
1141 2289 1278 2359 Ergo
1320 2305 1440 2344 cum
1490 2290 1650 2343 etiam
1687 2291 1739 2345 in

155 2376 324 2429 nobis
354 2376 481 2445 ipsis
509 2379 840 2432 mansionem
900 2378 1061 2434 faciat
1110 2381 1248 2435 Dens
1292 2381 1558 2435 exsisleus
1608 2380 1739 2435 Ver-

153 2465 291 2519 bum
327 2464 611 2537 (inhabitat
639 2471 782 2523 enim
811 2471 1092 2525 animabus
1142 2480 1453 2525 sanctorum
1485 2487 1579 2541 per
1615 2487 1740 2526 san-

155 2570 313 2616 ctum
363 2558 667 2631 Spiritum),
719 2562 1097 2615 conﬁtearisne
1167 2564 1458 2616 secundum
1508 2564 1738 2616 similem

154 2654 387 2706 modum
409 2653 569 2705 etiam
600 2668 695 2707 nos
718 2653 865 2721 ipsos
902 2653 966 2706 ad
1004 2654 1178 2722 ipsum
1214 2654 1412 2708 habere
1442 2655 1742 2709 unitatem?

156 2741 267 2798 Ubi
300 2743 463 2810 igitur
495 2744 809 2797 miraculum
858 2745 1100 2813 mysterii
1133 2745 1332 2797 Christi
1382 2746 1607 2810 aspiciat
1642 2748 1738 2798 ali-

156 2833 333 2902 quis?
366 2831 496 2885 Nam
547 2834 981 2901 quandoquidem
1019 2833 1259 2886 creditur
1302 2836 1593 2887 secundum
1641 2850 1739 2890 nos

158 2926 332 2980 homo
364 2925 478 2979 ﬁeri
510 2924 650 2979 Deus
684 2924 938 2989 Verbum,
974 2923 1222 2978 mirabile
1258 2934 1340 2976 est
1383 2940 1510 2979 vere
1540 2935 1739 2994 myste-

159 3017 331 3081 rium,
365 3024 419 3069 et
446 3015 672 3068 miretur
703 3016 891 3083 utique
914 3014 1108 3082 aliquis
1146 3016 1246 3067 hoc
1277 3016 1472 3067 merito
1496 3025 1549 3069 et
1577 3017 1739 3071 vehe-

156 3115 396 3159 menter.
433 3104 486 3159 Si
533 3114 712 3160 autem
756 3107 806 3158 in
835 3105 1053 3160 homine
1105 3106 1351 3161 habitare
1393 3107 1605 3161 dicatur
1651 3122 1737 3163 se-

156 3198 399 3251 cundum
429 3196 676 3251 allectum
712 3198 1022 3263 voluntatis,
1072 3198 1232 3253 aliam
1266 3199 1429 3254 habet
1474 3201 1734 3253 rationem

156 3300 255 3340 res
303 3286 740 3354 dispensationis.
804 3285 1099 3342 Meruimus
1148 3289 1323 3353 enim,
1380 3290 1521 3343 sicut
1572 3291 1735 3353 dixit,

154 3376 428 3444 ejusmodi
478 3378 727 3445 gratiam,
793 3379 881 3447 qui
937 3378 1057 3442 lide,
1118 3395 1237 3449 qua:
1297 3381 1348 3433 in
1411 3382 1582 3447 ipsmn
1634 3392 1736 3447 est,

155 3466 555 3536 splenduimus.
590 3466 705 3523 Non
746 3469 889 3522 enim
923 3470 1116 3538 aliquis
1162 3472 1347 3541 utique
1391 3470 1556 3536 dicat,
1599 3476 1737 3542 quod

156 3572 274 3611 non
315 3556 617 3612 voluntarie
649 3561 790 3613 inest
820 3560 974 3614 nobis
1005 3576 1019 3612 :
1065 3562 1233 3631 magis
1267 3578 1393 3615 vero
1437 3564 1737 3618 voluntarie

156 3649 282 3703 sive
311 3649 604 3703 secundum
638 3650 967 3705 voluntatem
1010 3653 1227 3706 insitam
1271 3654 1319 3706 ei
1363 3654 1430 3707 ad
1479 3670 1576 3709 nos
1610 3654 1737 3711 all'e-

156 3750 311 3793 ctutu
345 3740 570 3797 fecerat.
606 3742 711 3798 Sed
753 3758 850 3798 nec
884 3758 914 3797 a
946 3759 1109 3799 carne
1137 3754 1338 3799 sancta:
1369 3746 1604 3814 Virginis
1644 3749 1737 3801 ini-

160 3832 300 3884 tium
334 3836 581 3888 essentize
613 3834 866 3891 habuisse
898 3836 1127 3891 dicimus
1157 3836 1323 3891 Deum
1354 3836 1611 3903 Verbum,
1645 3838 1734 3906 qui

156 3924 641 3977 consubstantialis
673 3937 755 3979 est
786 3927 933 3981 Patri
969 3945 982 3980 :
1016 3939 1133 3983 erat
1178 3931 1320 3984 enim
1371 3944 1583 3999 semper
1631 3945 1732 3983 una

155 4029 283 4069 cum
316 4029 382 4069 eo
415 4016 719 4071 subsistens
748 4036 762 4070 :
799 4020 967 4087 magis
997 4030 1177 4073 autem
1210 4021 1410 4075 scimus
1441 4023 1733 4076 secundum

157 4120 265 4162 nos
310 4106 510 4160 factum
559 4121 680 4161 esse
721 4107 1015 4163 hominem.
1063 4110 1244 4177 Itaque
1294 4118 1401 4162 tam
1444 4111 1587 4176 juste
1638 4111 1734 4165 Dei

155 4197 396 4266 genitrix
426 4196 638 4249 dicatur
671 4213 700 4250 a
738 4200 892 4253 nobis
922 4210 1108 4253 sancta
1150 4197 1335 4268 Virgo,
1363 4214 1522 4265 quam
1557 4200 1731 4253 homi-

157 4290 247 4343 nis
277 4287 531 4356 genitrix,
562 4302 683 4341 cum
715 4300 863 4346 certe
892 4292 1187 4347 secundum
1216 4306 1436 4348 carnem
1464 4289 1730 4347 Christum

156 4379 481 4448 peperisset.

1848 1944 2040 2011 psissc,
2072 1947 2213 2014 quod
2242 1961 2516 2013 nunquam
2543 1948 2971 2016 coniunctionem
2998 1955 3061 2006 ad
3089 1952 3253 2008 Deum
3280 1954 3417 2009 Ver-

1847 2034 1969 2087 bum
2002 2038 2282 2092 meruisset
2305 2048 2356 2091 et
2386 2038 2559 2102 Iesus,
2582 2041 2681 2093 nisi
2702 2042 2849 2111 prius
2874 2044 3242 2100 immaculatus
3275 2056 3418 2100 esset

1844 2123 2066 2177 circulus
2099 2141 2195 2193 per
2252 2132 2579 2182 unctionem.
2614 2129 2744 2183 Nam
2789 2135 3002 2201 quidem
3035 2136 3267 2200 primum
3301 2137 3415 2189 dis-

1837 2216 2013 2284 jungit
2036 2218 2678 2287 manilesteetdiscernit,
2695 2235 2875 2291 aperte
2898 2226 3029 2279 duos
3043 2226 3227 2281 dicens
3251 2227 3412 2281 ﬁlios.

1846 2308 2047 2361 Deinde
2075 2310 2235 2372 dit-at,
2270 2314 2486 2376 quando
2513 2314 2652 2367 sicut
2681 2316 2757 2369 ait
2789 2298 3162 2371 iuunaculatus
3191 2316 3415 2373 ellectus

1842 2407 1945 2461 est,
1997 2409 2049 2451 t-t
2094 2401 2159 2453 ad
2212 2402 2373 2454 Deum
2415 2401 2649 2455 Verbum
2701 2406 3130 2474 conjunctionetn
3184 2409 3412 2473 meruit,

1844 2500 2022 2542 utrum
2057 2506 2120 2544 cx
2154 2492 2267 2559 ipso
2299 2503 2475 2555 utero,
2501 2504 2591 2545 aut
2620 2509 2739 2546 cum
2776 2497 3046 2549 tricesimo
3077 2514 3218 2550 anno
3249 2511 3413 2556 θεευι.

1844 2579 2095 2635 Pervenit
2126 2584 2339 2649 quidem
2377 2584 2440 2636 ad
2473 2583 2786 2652 .lordanem,
2819 2589 3065 2655 quaesivit
3097 2603 3223 2642 vero
3252 2592 3414 2644 etiam

1844 2667 2063 2723 Joannis
2097 2671 2422 2738 baptismum
2458 2674 2521 2725 ⁸⁸.
2556 2673 2610 2726 Si
2645 2676 2860 2742 quidem
2892 2694 2955 2731 ex
3000 2690 3153 2733 utero
3199 2694 3417 2737 sanctus

1842 2767 2006 2823 esset,
2061 2762 2329 2827 quomodo
2377 2763 2503 2815 dicit
2544 2774 2789 2817 sanctum
2823 2766 2956 2820 ellici
3005 2783 3157 2833 eum,
3210 2780 3262 2825 et
3308 2788 3412 2827 non

1843 2852 2012 2919 magis
2049 2852 2206 2904 esse?
2246 2854 2396 2918 Quod
2437 2855 2579 2907 enim
2624 2856 2824 2910 dicitur
2873 2859 3014 2923 lieri,
3059 2863 3279 2915 omnino
3322 2880 3416 2916 ne-

1840 2956 1992 2994 cesse
2035 2951 2119 2995 est
2166 2944 2463 3013 intelligere
2507 2949 2648 3010 quod
2697 2964 2801 3002 non
2854 2960 2970 3003 erat
3018 2954 3158 3020 quod
3214 2953 3410 3009 factum

1841 3044 1942 3085 est.
1981 3031 2073 3084 Sin
2105 3042 2282 3086 autem
2314 3044 2432 3087 erat
2474 3045 2693 3090 sanctus
2724 3052 2954 3107 semper,
3002 3052 3053 3094 et
3088 3044 3189 3096 hoc
3218 3057 3322 3096 non
3361 3044 3412 3097 in

1765 3167 1806 3223 Ο
1843 3131 2082 3192 tempore
2114 3124 2286 3179 factus
2318 3135 2421 3191 est,
2470 3130 2737 3195 quomodo
2778 3132 2905 3183 dicit
2950 3131 3207 3200 Spiritum
3252 3149 3415 3203 super

1844 3232 1963 3269 eum
1996 3218 2293 3280 devolasse,
2324 3229 2376 3273 et
2419 3220 2801 3286 conjunctione
2850 3223 3068 3291 dignum
3107 3225 3278 3291 ipsum
3321 3228 3416 3280 de-

1844 3317 2201 3371 monstrasse,
2247 3318 2300 3363 et
2345 3311 2615 3364 addidisse
2657 3312 2703 3365 ei
2754 3315 2894 3382 quod
2937 3314 3161 3368 deerat?
3206 3317 3269 3370 Et
3313 3318 3413 3372 hoc

1842 3400 1983 3453 enim
2020 3400 2072 3452 iu
2128 3401 2247 3454 aliis
2285 3403 2399 3455 suis
2450 3403 2625 3470 posuit
2669 3404 2840 3459 libris.
2892 3405 3027 3470 Quid
3073 3410 3216 3461 enim
3256 3420 3411 3473 erat,

1841 3493 1985 3559 quod
2015 3493 2233 3545 omnino
2263 3494 2326 3545 ad
2371 3496 2850 3551 sanctiﬁcatiouem
2883 3498 3065 3551 (lceral
3108 3501 3154 3553 ei
3199 3516 3261 3553 ex
3296 3503 3412 3568 ipso

1842 3594 2015 3641 utero,
2048 3584 2217 3651 magis
2249 3597 2376 3637 vero
2402 3595 2454 3638 et
2486 3596 2609 3639 ante
2640 3589 2932 3640 scenttdum
2965 3604 3181 3643 carnem
3214 3592 3411 3646 nativi-

1842 3682 2003 3725 tatem
2036 3684 2222 3726 saneto
2263 3685 2316 3728 et
2350 3676 2722 3742 immaculato,
2758 3689 2810 3731 et
2852 3680 3207 3735 sanctiﬁcanti
3257 3699 3410 3737 crea-

1835 3764 2063 3817 turam?
2093 3763 2227 3818 Cum
2262 3767 2427 3836 igitur
2458 3768 2620 3834 dicat,
2658 3774 2800 3836 quod
2833 3786 2935 3823 non
2971 3772 3152 3837 utique
3182 3777 3409 3828 meruis-

1839 3866 1918 3907 set
1969 3855 2125 3909 Jesus
2174 3858 2612 3927 conjunctionem
2665 3864 2730 3915 ad
2779 3862 2943 3916 Deum
2992 3864 3254 3929 Verbum,
3304 3868 3408 3920 nisi

1837 3946 1985 4014 prius
2032 3947 2407 4004 immaculatus
2456 3950 2680 4007 ell‘ectus
2725 3963 2894 4018 esset,
2943 3956 3197 4023 plurimas
3245 3957 3406 4012 simul

1837 4039 2211 4093 accusationes
2255 4042 2511 4096 adversus
2554 4058 2650 4096 sua
2698 4045 2881 4098 scribit
2915 4046 3239 4115 vaniloquia.
3273 4048 3406 4103 Nam

1839 4129 2068 4194 primum
2101 4131 2313 4196 quidem
2349 4132 2660 4188 indecenter
2690 4135 2843 4201 dit-it,
2879 4139 3142 4193 meruisse
3173 4159 3186 4194 ι
3214 4140 3407 4194 deinde

1836 4215 2093 4285 disjungit
2132 4218 2182 4270 in
2216 4219 2455 4274 alterum
2488 4224 2777 4289 separatim
2812 4223 3028 4291 Filium,
3072 4230 3163 4297 qui
3209 4245 3275 4283 ex
3319 4245 3409 4286 se-

1835 4308 1980 4358 tninc
2010 4315 2091 4359 est
2123 4307 2307 4373 David,
2345 4326 2503 4379 quem
2538 4313 2708 4381 ipsum
2759 4316 2929 4369 solum
2981 4321 3268 4385 separatim
3311 4320 3404 4374 Je-

1834 4410 1956 4450 sutn
1991 4398 2269 4453 nominare
2302 4401 2637 4469 impudenter
2666 4407 2965 4461 contendit.
3010 4408 3089 4461 Ad
3121 4409 3254 4474 hzec,
3297 4410 3403 4464 int-

230 4468 301 4523 Et
326 4480 439 4539 post
474 4469 603 4525 alia.
648 4471 782 4526 Cum
819 4473 963 4529 enim
1014 4475 1079 4529 ad
1133 4477 1568 4546 explanationem
1626 4479 1729 4535 hoc
1759 4492 1807 4551 υ
1840 4488 2168 4543 maculatum
2221 4468 2527 4547 eﬂiciieum
2586 4496 2784 4559 dicere,
2842 4507 3093 4566 tauquam
3143 4498 3244 4552 hoc
3299 4501 3399 4555 ali-

155 4563 498 4634 propositum
524 4572 626 4627 est,
657 4566 798 4633 quod
831 4577 914 4621 est
944 4583 959 4620 :
999 4588 1017 4620 ι
1050 4568 1180 4623 Cum
1212 4572 1501 4626 introducit
1526 4572 1727 4641 primo-

154 4656 400 4725 genitum
443 4655 492 4707 iu
523 4656 706 4709 orbem
738 4667 1021 4724 terrarum,
1049 4662 1184 4716 dicit
1217 4681 1229 4717 :
1264 4663 1327 4717 Et
1350 4664 1576 4719 adorent
1605 4679 1726 4719 eum

156 4747 394 4801 universi
423 4745 591 4816 angeli
629 4745 718 4800 Dei
754 4747 817 4813 ⁸⁵,
860 4768 878 4801 ι
915 4752 1101 4805 scribit
1133 4756 1321 4808 iterum
1353 4756 1431 4810 sic
1466 4773 1479 4809 :

716 4881 803 4936 10.
846 4899 1176 4939 τιιιεουοιιυε.

229 4992 363 5061 Quis
391 5008 463 5050 est
494 4996 656 5067 igitur
687 4995 775 5065 qui
817 4996 869 5049 in
901 4997 1069 5049 orbem
1121 5009 1380 5053 terrarum
1429 5001 1725 5055 introduci-

154 5094 265 5148 tur,
295 5098 338 5138 et
367 5088 772 5142 dominationem
806 5088 919 5158 ejus
953 5089 1131 5155 incipit
1185 5088 1345 5160 [forte
1387 5090 1620 5163 accipit].
1658 5094 1721 5147 de

150 5191 257 5244 qua
289 5177 335 5227 ei
384 5187 432 5229 et
466 5181 676 5232 adorari
717 5180 780 5233 ab
827 5182 1022 5251 angelis
1066 5182 1401 5249 acquiritur?
1441 5181 1552 5237 Nec
1587 5186 1724 5237 enim

152 5265 421 5319 insaniens
468 5270 663 5337 aliquis
708 5275 848 5327 dicat
892 5273 1056 5327 Deum
1123 5272 1342 5326 Verbum
1388 5292 1496 5328 esse
1553 5278 1725 5330 intro-

155 5359 393 5420 ductum,
446 5360 537 5427 qui
594 5365 771 5413 omnia
826 5382 927 5418 non
978 5367 1237 5419 exstantia
1275 5365 1416 5432 fecit,
1467 5369 1721 5437 iue/fabili

154 5442 269 5513 ejus
308 5446 497 5499 virtute
529 5447 729 5501 donans
758 5454 830 5502 eis
858 5462 913 5504 ut
948 5467 1135 5508 essent.

229 5596 463 5657 “Hebr.
494 5615 529 5664 ι,
572 5600 626 5664 Ο,
704 5601 749 5633 ⁸ο
767 5603 953 5661 Matth.
994 5624 1052 5673 ιι,
1084 5610 1226 5666 1-17.

1833 4583 2048 4647 quando
2102 4596 2207 4635 non
2266 4584 2572 4645 habentem,
2633 4587 2915 4654 plurimam
2976 4590 3075 4643 hoc
3133 4591 3291 4646 habet
3344 4603 3401 4648 et

1832 4671 2239 4738 blasphemiam.
2276 4673 2469 4727 Unitus
2516 4676 2656 4727 enim
2707 4678 2843 4730 Deus
2892 4678 3120 4734 Verbum
3172 4698 3236 4737 ex
3285 4685 3401 4753 ipso

1834 4771 1985 4815 utero
2014 4764 2163 4815 carni
2197 4778 2325 4825 sua),
2361 4780 2497 4819 unus
2536 4776 2674 4829 erat,
2718 4776 2771 4821 et
2813 4769 2890 4822 sic
2929 4781 2982 4824 et
3024 4773 3401 4834 immaculatus

1831 4847 2031 4913 Filius,
2068 4849 2303 4905 Sanctus
2342 4864 2671 4922 sanctorum,
2721 4866 2774 4911 et
2823 4859 2887 4912 de
2930 4874 3027 4914 sua
3070 4862 3402 4931 plenitudine.

1836 4934 2091 5003 Spiritum
2151 4940 2285 4995 dans
2336 4958 2439 4997 neu
2490 4944 2659 5000 solum
2710 4948 3050 5016 hominibus,
3099 4955 3190 5007 sed
3236 4956 3399 5011 etiam

1832 5042 2067 5095 sursum,
2098 5042 2151 5087 et
2185 5033 2236 5087 in
2264 5036 2403 5090 cmlo
2448 5040 2860 5093 rationabilibus
2899 5042 3205 5100 virtutibus.

2338 5192 2425 5246 ll.
2462 5192 2528 5245 Et
2557 5204 2669 5261 post
2698 5210 2885 5260 pauca.

2451 5335 2777 5376 THEODORUS.

1902 5466 1978 5535 (Ι)
2016 5484 2034 5518 ι
2072 5465 2361 5521 Multifarie
2385 5468 2674 5541 multisque
2716 5475 2888 5531 modis
2917 5475 3041 5531 olim
3082 5476 3220 5534 Deus
3249 5477 3400 5538 locn-

227 5759 303 5830 (l)
335 5759 477 5816 Cilat
510 5760 651 5815 hunc
682 5758 852 5818 locum
883 5762 1136 5823 Leontius
1170 5769 1203 5823 l.
1243 5786 1323 5836 ιιι,
1362 5775 1496 5841 apud
1528 5774 1705 5831 Canis.
1752 5783 1787 5827 t.
1826 5774 1890 5830 IV
1914 5775 2089 5846 Antiq.
2120 5774 2237 5833 lect.
2273 5793 2329 5850 p.
2370 5779 2457 5836 93.
2492 5780 2665 5837 Hann.
