4116 6492
700 402 837 460 1447

1642 397 1699 454 S.
1741 396 2013 453 CYRILIJ
2054 389 2528 450 ALEXANDRINI
2573 386 2894 445 ARClllEP.

3843 381 3974 436 1448

700 530 788 573 tus
816 514 1061 588 pati-ibus
1090 515 1144 570 in
1175 515 1472 585 prpphetis,
1506 513 1561 569 in
1617 515 1926 571 novissimis
1964 512 2154 569 diebus
2196 511 2281 566 his
2312 520 2358 575 Α
2388 506 2659 563 Theodori
2693 506 2868 575 sequi,
2901 518 3006 559 non
3037 501 3431 558 absolutionem
3480 497 3529 554 ei
3567 496 3973 555 accusationum

700 609 909 664 locutus
939 616 1027 664 est
1053 608 1208 663 nobis
1238 608 1289 661 in
1335 606 1472 661 Filio
1502 606 1569 672 ⁸⁷,
1603 625 1621 659 t
1657 606 1763 661 Per
1804 605 2002 659 Filium
2037 606 2175 659 enim
2202 604 2283 657 lo-

699 707 850 753 cutus
878 707 953 753 est
990 696 1182 753 nobis:
1221 708 1417 751 eertum
1443 708 1519 752 est
1555 713 1693 761 vero,
1725 696 1863 767 quod
1906 696 1969 749 de
2012 703 2280 762 assumpto

700 792 928 845 homine.
974 809 991 842 ι
1037 789 1136 845 Cui
1198 790 1342 844 enim
1393 790 1528 844 dixit
1573 789 1864 859 aliquando
1914 787 2277 858 angelorum:

701 879 871 935 Filius
902 894 1054 935 mens
1083 894 1141 933 es
1176 889 1250 946 tu,
1273 896 1370 950 ego
1404 880 1565 935 hodie
1596 881 1753 951 genui
1790 890 1838 934 te
1867 878 1953 931 ‘3?
1990 898 2008 930 ι
2060 876 2282 932 Nullum

701 974 849 1034 dicit,
908 972 1215 1040 participem
1266 972 1390 1040 fecit
1446 972 1723 1042 dignitatis
1782 969 1927 1025 Filii.
1980 968 2095 1023 Hoc
2140 969 2279 1023 enint

700 1063 839 1131 quod
868 1063 1025 1130 dixit,
1059 1064 1215 1133 genui
1247 1073 1298 1119 te
1319 1104 1331 1127 ,
1365 1066 1518 1134 quasi
1551 1080 1643 1132 per
1688 1064 1786 1117 hoc
1827 1062 2279 1132 participationem

700 1153 977 1221 ﬁliatianis
1007 1154 1191 1208 dedit:
1220 1158 1431 1209 omnino
1476 1172 1592 1209 vero
1636 1167 1813 1225 aperte
1844 1154 2044 1209 nul/ant
2084 1153 2281 1206 habens

702 1247 771 1297 ad
807 1245 970 1298 Deum
1021 1244 1241 1300 Verbum
1278 1248 1728 1312 communionem,
1762 1257 1975 1317 apparet
2020 1248 2116 1300 ltoc
2144 1246 2283 1317 quod

702 1338 899 1390 dictum
931 1348 1027 1391 est.

1350 1447 1628 1487 CYRILLUS.

772 1519 933 1576 Certe
967 1534 1020 1577 et
1066 1524 1117 1577 in
1162 1523 1601 1589 allocutionibus,
1635 1541 1771 1594 quas
1820 1526 1947 1581 fecit
1993 1525 2059 1579 ad
2104 1526 2281 1593 bapti-

701 1617 922 1683 zandus,
961 1616 1156 1670 iterum
1204 1616 1345 1670 dixit
1392 1618 1529 1673 idem
1578 1617 1948 1672 Theodorus:
1999 1617 2114 1671 Hoc
2163 1634 2282 1671 vero

702 1722 807 1759 non
838 1722 901 1759 ex
929 1706 1072 1759 nobis
1096 1708 1222 1775 ipsis
1256 1709 1547 1762 invenimus
1579 1711 1955 1774 testimonium,
1991 1712 2080 1763 sed
2105 1726 2169 1763 ex
2202 1711 2284 1761 di-

701 1795 820 1848 vina
870 1796 1042 1847 edocti
1086 1811 1267 1850 sumus
1320 1795 1631 1866 Scriptura,
1691 1800 1941 1867 quoniam
2004 1810 2050 1853 et
2104 1800 2281 1854 beatus

2386 600 2550 667 facit;
2607 600 2778 669 magis
2831 614 2959 653 vero
3016 598 3358 667 grandiorem
3418 596 3686 650 adversus
3745 607 3869 647 eum
3922 594 3972 646 in

2388 691 2792 744 damnationem
2839 688 2981 759 Hor.
3030 683 3581 757 condemnationem]
3636 686 3972 754 operabitur.

2386 782 2521 835 Dutn
2553 782 2696 835 enim
2736 780 2922 835 liceret
2952 781 3000 835 ci
3040 790 3351 835 sanctorum
3397 778 3619 832 l‘atrum
3672 778 3839 831 rectis
3868 792 3976 828 \Cro

2385 872 2469 927 bis
2515 882 2569 927 et
2611 871 2972 927 immaculatis
3016 874 3081 926 de
3126 872 3329 926 deitate
3378 869 3726 924 sermonibus
3776 868 3972 935 potiri.

2387 966 2745 1034 praeposuisse
2780 965 3115 1034 dignoscitur
3151 963 3365 1018 veritati
3412 962 3774 1016 mendacium.
3824 960 3969 1014 Pu:-

2387 1059 2623 1113 termisit
2649 1058 2792 1113 enim
2825 1075 2943 1128 qua:
2978 1059 3191 1112 illorum
3223 1068 3389 1124 sunt;
3441 1056 3616 1125 magis
3646 1070 3779 1107 vero
3812 1054 3972 1122 elegit

2389 1152 2633 1221 turpibus
2664 1153 2973 1217 adhaerere,
3020 1161 3073 1205 et
3118 1162 3224 1205 tam
3258 1151 3504 1206 distortis
3538 1148 3821 1203 lmtiﬁcare
3853 1163 3969 1200 se:—

2388 1244 2661 1299 ntonibus.
2690 1244 2842 1298 Hunc
2876 1259 3001 1298 vero
3028 1246 3119 1313 qui
3147 1244 3307 1298 talem
3342 1244 3505 1297 habet
3550 1241 3892 1294 voluntatem
3923 1252 3972 1290 et

2386 1334 2740 1400 dementiam,
2775 1336 2827 1389 in
2862 1336 2964 1390 hoc
2998 1335 3283 1390 desiluisse
3335 1335 3571 1404 inculpet
3618 1333 3853 1402 aliquis,
3890 1349 3973 1383 ar-

2386 1428 2561 1481 bitror
2586 1437 2640 1480 et
2666 1425 2819 1480 valde
2861 1427 3077 1481 merito.
3122 1428 3419 1496 Oportebat
3458 1428 3602 1480 enim
3652 1425 3972 1479 memoriam

2387 1521 2588 1574 habere
2629 1520 2957 1575 sanctissimi
3000 1519 3183 1586 Pauli,
3232 1520 3387 1587 plane
3430 1519 3724 1573 scribentis
3770 1517 3969 1571 nobis:

2392 1631 2411 1663 ι
2452 1611 2639 1665 Estote
2692 1613 2988 1681 prudentes
3038 1611 3384 1664 ntunmularii
3429 1629 3441 1664 :
3492 1613 3672 1663 omnia
3716 1608 3970 1679 probate,

2386 1704 2526 1770 quod
2560 1704 2761 1755 bonum
2797 1710 2876 1756 est
2918 1710 3092 1754 tenete
3124 1719 3136 1755 :
3173 1701 3240 1753 ab
3276 1700 3421 1754 onmi
3446 1700 3629 1767 specie
3679 1698 3819 1749 mala
3855 1700 3975 1749 abso

2390 1795 2559 1850 tinete
2609 1810 2707 1849 vos
2740 1796 2807 1849 ".
2850 1814 2867 1847 ι
2909 1794 3061 1861 Quod
3093 1804 3147 1847 et
3185 1808 3346 1861 agere
3388 1794 3567 1857 soliti,
3605 1806 3703 1846 nos
3746 1801 3800 1845 et
3844 1792 3972 1844 soli.

701 1886 906 1942 Paulus
937 1888 1010 1943 ita
1044 1889 1213 1943 dicit:
1267 1907 1285 1939 ι
1330 1890 1404 1944 Ex
1441 1862 1648 1959 quibus
1691 1862 1942 1947 Christus
1984 1894 2280 1947 secundum
2315 1862 2359 1921 Β
2391 1888 2578 1943 dorum
2626 1890 2943 1956 probatores
2980 1887 3184 1941 imitari
3232 1885 3586 1949 festinantes,
3629 1885 3716 1937 illa
3755 1885 3969 1951 quidem

700 1995 946 2047 carnem,
979 1980 1069 2051 qui
1104 1990 1187 2035 est
1232 1996 1398 2051 super
1440 1983 1620 2036 omnia
1674 1982 1815 2038 Deus
1847 1983 1913 2049 δ’,
1953 2003 1971 2036 ι
2010 2002 2112 2040 non
2147 1986 2286 2055 quod

699 2089 764 2126 ex
798 2072 1003 2127 Juda'is
1032 2083 1079 2126 et
1110 2075 1396 2127 secundum
1428 2090 1638 2129 carnem
1667 2086 1763 2142 est,
1797 2078 1886 2146 qui
1928 2093 2084 2143 super
2108 2080 2283 2131 omnia

703 2165 840 2220 Deus
869 2178 982 2231 est;
1012 2169 1101 2222 sed
1136 2168 1234 2221 hoc
1273 2171 1487 2239 quidem
1528 2170 1597 2222 ad
1637 2169 2048 2239 signiﬁcandam
2092 2172 2283 2223 Imma-

700 2275 821 2311 nam
850 2270 1094 2313 naturam
1137 2260 1299 2326 dixit,
1335 2276 1492 2329 quam
1522 2262 1586 2313 ab
1621 2259 1919 2315 Israelitico
1955 2278 2140 2332 genere
2173 2277 2284 2315 esse

698 2348 916 2415 sciebat,
948 2350 1081 2403 illud
1117 2360 1292 2404 autem
1326 2351 1395 2404 ad
1443 2352 1817 2406 ostendendam
1858 2354 2090 2407 divinam
2126 2362 2287 2407 natu-

698 2457 844 2504 ram,
895 2458 1051 2512 quant
1084 2458 1246 2511 supra
1315 2444 1492 2496 omnia
1537 2453 1586 2497 et
1634 2445 1876 2497 omnibus
1926 2446 2281 2498 dominantem

696 2532 893 2585 sciebat
926 2550 945 2587 :
982 2551 999 2584 ι
1027 2533 1069 2589 Ο
1092 2534 1263 2600 surdi,
1297 2535 1498 2601 audite,
1529 2546 1607 2601 et,
1638 2538 1788 2598 caeci,
1821 2538 2002 2592 videte
2026 2538 2097 2602 ⁸ο,
2139 2556 2156 2587 ι
2195 2552 2286 2592 ae-

702 2623 957 2677 clamavit
990 2624 1183 2693 aliquis
1216 2634 1527 2679 sanctorum
1560 2631 1640 2680 eis
1681 2628 1770 2695 qui
1802 2627 2020 2681 fuerunt
2060 2641 2126 2681 ex
2158 2644 2286 2681 san-

699 2715 863 2784 guine
893 2715 1074 2771 Israel.
1114 2715 1224 2786 Ego
1255 2726 1435 2771 autem
1484 2717 1745 2783 arbitror,
1779 2729 1833 2773 et
1879 2720 2030 2773 valde
2071 2718 2282 2782 merito,

697 2808 803 2861 hoc
831 2820 1011 2877 aptum
1044 2823 1164 2865 esse
1198 2824 1301 2863 non
1337 2808 1681 2874 habentibus,
1709 2809 1793 2865 vel
1826 2826 1930 2865 non
1974 2810 2283 2866 volentibus

701 2910 850 2954 recte
881 2899 1183 2970 intelligere
1214 2901 1418 2957 Christi
1448 2904 1791 2973 mysterium.
1818 2899 1953 2956 Nam
1986 2903 2286 2958 obcrecavit

699 2994 916 3064 quidem
956 2995 1095 3049 Deus
1127 2995 1310 3050 saeculi
1347 2996 1506 3051 istius
1556 2996 1945 3066 intelligentiae
1984 2997 2281 3052 inﬁdelium

702 3095 758 3141 et
788 3084 1123 3157 intelligibile
1158 3087 1211 3140 in
1259 3097 1441 3142 mente
1489 3095 1544 3141 et
1585 3086 1637 3141 in
1684 3087 1849 3141 corde
1881 3102 1987 3140 non
2021 3088 2285 3142 habentes

700 3180 897 3235 merito
936 3187 1261 3234 erraverunt
1292 3180 1360 3233 ".
1399 3177 1455 3232 Si
1490 3193 1618 3233 vero
1656 3179 1875 3247 quidam
1914 3190 2041 3231 sunt
2088 3179 2287 3232 illumi-
2314 3208 2356 3266 ο

702 3271 840 3335 nati,
871 3270 1042 3341 magis
1067 3285 1195 3325 vero
1224 3271 1391 3325 etiam
1424 3271 1737 3326 doctoribus
1769 3271 2167 3334 connumerati,
2191 3272 2284 3339 qui

699 3360 971 3418 similibus
1003 3364 1208 3419 morbis
1240 3363 1423 3419 nescio
1453 3364 1727 3434 quomodo
1750 3364 1952 3417 detenti
1986 3373 2133 3431 sunt,
2159 3365 2287 3432 quid

700 3455 845 3509 aliud
894 3455 975 3510 eis
1025 3455 1225 3526 aliquis
1266 3456 1547 3523 acclamet,
1580 3470 1741 3525 quam
1791 3455 1892 3509 hoc
1932 3457 2072 3523 quod
2116 3470 2144 3507 a
2179 3454 2289 3510 Deo

701 3548 906 3602 dictum
964 3559 1048 3603 est
1106 3564 1201 3618 per
1250 3565 1416 3603 unum
1472 3557 1786 3603 sanctorum
1845 3548 2282 3617 praphctarum:

699 3658 725 3692 ι
765 3638 917 3705 Quod
951 3640 1178 3709 laqueus
1222 3638 1349 3694 iacti
1394 3642 1525 3695 estis
1563 3639 1795 3709 specula
1845 3641 1895 3694 in
1946 3640 2283 3708 visitatione,

701 3742 755 3786 et
784 3732 925 3786 sicut
973 3733 1106 3786 retia
1153 3741 1379 3787 extensa
1412 3733 1463 3787 in
1492 3734 1809 3797 statumine,
1842 3747 2003 3801 quam
2052 3734 2143 3804 qui
2194 3749 2286 3788 ve-

701 3835 924 3889 nantur,
950 3824 1295 3879 conlixerunt
1320 3824 1408 3878 "‘i
1444 3844 1462 3877 ι
1502 3824 1602 3892 Qui
1636 3826 1777 3879 enim
1828 3826 2283 3897 quamplurimam

699 3914 989 3969 utilitatem
1037 3914 1297 3984 subjectis
1330 3916 1502 3982 magis
1549 3917 1729 3970 facere
1772 3916 1991 3982 debent,
2040 3917 2127 3971 iSIi
2176 3916 2286 3972 fue-

703 4015 827 4060 runt
855 4016 909 4060 et
939 4006 1183 4074 laqueus,
1214 4016 1268 4059 et
1301 4018 1433 4071 rete,
1467 4016 1519 4061 et
1553 4008 1796 4062 scandali
1833 4009 2074 4073 occasio,
2108 4019 2161 4063 et
2193 4025 2286 4076 pe-

701 4110 916 4152 raurum
951 4098 1169 4152 inferni.
1204 4098 1273 4152 Et
1305 4099 1403 4154 ista
1452 4100 1571 4154 dico
1618 4101 1848 4153 miratus
1892 4102 2080 4164 Valde,
2119 4109 2174 4155 et
2206 4102 2283 4152 vi-

700 4186 829 4240 dere
860 4202 963 4239 non
997 4196 1188 4255 potens
1217 4186 1283 4240 ad
1321 4187 1449 4257 quid
1485 4188 1707 4258 respicit
1754 4188 1983 4244 intentio
2030 4190 2287 4243 adversa-

699 4276 788 4330 rii.
820 4273 955 4329 Nam
991 4274 1274 4332 confessus
1303 4288 1385 4331 est
1412 4279 1629 4347 quidem
1670 4280 1971 4344 evidenter,
2000 4281 2143 4349 quod
2192 4296 2287 4349 per

704 4368 898 4423 Filium
930 4367 1141 4421 locutus
1171 4377 1257 4422 est
1294 4370 1448 4423 nobis
1479 4370 1619 4425 Deus
1649 4381 1703 4425 et
1751 4370 1913 4426 Pater
1945 4389 1958 4425 :
1999 4387 2119 4426 esse
2158 4387 2285 4426 vero

702 4462 863 4513 istum
898 4458 1031 4513 dicit
1075 4469 1413 4529 assumptum
1466 4462 1762 4529 hominem,
1800 4462 2003 4516 nullam
2056 4465 2285 4519 habente

2387 1996 2507 2051 qua:
2536 1989 2665 2036 sunt
2700 1981 2877 2050 turpia
2917 1990 2970 2034 et
3009 1980 3236 2048 reproba
3288 1979 3535 2049 dogmata
3583 1978 3971 2047 reprobamus,

2386 2075 2714 2145 suscipimus
2755 2089 2885 2128 vero
2927 2081 2982 2127 et
3027 2072 3179 2126 valde
3227 2071 3458 2126 libenter
3491 2072 3675 2125 omnia
3721 2085 3842 2140 qum
3889 2087 3971 2123 re-

2388 2167 2676 2236 splendent
2701 2166 2846 2221 clara
2880 2164 3127 2219 veritatis
3164 2163 3587 2233 pulchritudine.
3616 2162 3813 2217 lterum
3848 2178 3973 2215 vero

2391 2258 2549 2312 nobis
2589 2259 2725 2312 ratio
2759 2268 3110 2313 convertetur
3146 2258 3210 2311 ad
3242 2259 3526 2311 decentem
3561 2256 3611 2311 ei
3644 2265 3698 2310 et
3730 2258 3975 2325 pronos.-

2390 2360 2496 2404 tam
2530 2352 2693 2406 viam.
2727 2350 2928 2422 Scripti
2965 2361 3093 2406 sunt
3126 2352 3289 2422 igitur
3319 2366 3348 2403 a
3379 2352 3521 2404 bono
3560 2349 3849 2404 Theodoro
3880 2348 3972 2399 ad-

2386 2456 2579 2496 versus
2614 2442 2863 2497 hatresim
2910 2443 3238 2497 Arianorum
3286 2454 3341 2495 et
3388 2442 3847 2497 Eunomianorum
3899 2441 3975 2491 vi-

2389 2534 2526 2601 ginti
2569 2550 2706 2603 pene
2760 2549 2984 2588 numero
3028 2535 3111 2587 vel
3164 2534 3454 2602 ampliores
3511 2533 3665 2595 libri,
3717 2549 3818 2585 nec
3873 2549 3973 2585 non

2389 2626 2553 2677 etiam
2585 2625 2700 2688 alii,
2734 2625 3159 2691 interpretantes
3184 2624 3529 2691 evangelicos
3559 2634 3615 2677 et
3643 2624 3975 2691 apostolicos

2389 2715 2595 2771 libros:
2633 2730 2769 2785 quos
2808 2716 3027 2785 quidem
3073 2716 3291 2771 labores
3342 2716 3508 2770 nollet
3549 2718 3747 2786 aliquis
3791 2718 3975 2771 incre-

2388 2821 2535 2876 pare,
2572 2806 2745 2877 magis
2792 2815 2970 2859 autem
3012 2807 3236 2862 decreto
3274 2806 3512 2861 studium
3560 2807 3889 2870 honoraret,
3933 2810 3976 2861 si

2388 2899 2591 2953 inesset
2636 2900 2716 2952 eis
2762 2898 3070 2967 dogniatum
3122 2899 3414 2953 rectitude.
3463 2897 3521 2951 Si
3572 2912 3703 2951 vero
3751 2900 3975 2965 quidam

2388 3000 2539 3047 extra
2579 2992 2909 3046 destinatum
2942 2990 3205 3054 ambulet,
3241 3000 3298 3045 et
3337 3001 3541 3045 rectam
3578 2991 3725 3043 viam
3764 2991 3978 3043 verita-

2392 3085 2461 3139 tis
2493 3084 2827 3154 rclinquens,
2864 3101 2959 3155 per
2993 3085 3242 3139 semitam
3284 3092 3371 3137 eat
3409 3084 3729 3148 distortum,
3762 3084 3978 3153 simpli-

2390 3177 2707 3246 ciurumque
2736 3178 2899 3231 corda
2928 3177 3210 3242 vulneret,
3252 3177 3681 3231 adulteratorum
3729 3177 3812 3231 eis
3854 3178 3981 3245 inji-

2391 3268 2540 3322 ciens
2588 3268 2957 3322 intcllectuum
3003 3269 3251 3333 semina,
3291 3277 3420 3322 tunc
3463 3270 3807 3337 requiescere
3872 3286 3979 3323 non

2390 3360 2507 3415 sine
2534 3360 2731 3414 damno
2763 3363 2868 3414 erit
2900 3360 2979 3414 eis
3013 3361 3107 3429 qui
3145 3362 3357 3431 p0pulis
3389 3362 3716 3431 praesident,
3759 3377 3981 3416 merce-

2389 3454 2510 3506 dem
2546 3468 2674 3507 vero
2708 3453 2987 3506 habebunt
3037 3462 3092 3507 et
3136 3452 3347 3507 lucrum
3372 3493 3388 3518 ,
3429 3456 3474 3508 si
3514 3456 3788 3508 resistant.
3836 3455 3984 3523 Ετεο

2389 3546 2645 3614 quoniam
2682 3544 2848 3599 iubis
2894 3544 3048 3599 libris
3086 3545 3202 3601 sive
3250 3547 3538 3602 memorati
3582 3548 3681 3603 viri
3730 3550 3984 3601 conscri-

2390 3638 2496 3708 ptis
2520 3653 2641 3706 quaa
2666 3638 2824 3692 modo
2855 3638 3281 3705 nominavimus,
3316 3641 3535 3694 inventa
3567 3650 3690 3695 sunt
3725 3642 3984 3709 quaedam

2390 3730 2593 3783 ultima:
2625 3730 2922 3799 impietatis
2953 3730 3131 3799 plena,
3159 3732 3432 3801 quomodo
3475 3741 3594 3785 erat
3630 3746 3987 3798 consequens

2388 3819 2527 3875 velle
2560 3820 2781 3875 tacere?
2814 3821 3014 3874 Dividit
3046 3823 3189 3875 enim
3239 3820 3570 3875 individuum
3616 3822 3901 3875 Christum
3935 3834 3991 3876 et

2389 3928 2487 3981 pro
2515 3927 2622 3965 uno
2654 3911 2794 3966 Filio
2839 3912 3155 3966 dualitatem
3192 3912 3321 3966 colit
3364 3929 3393 3965 a
3440 3912 3671 3967 veritate
3712 3914 3987 3967 exciden-

2391 4014 2529 4069 tem,
2586 4012 2641 4058 et
2694 4005 2851 4073 quasi
2908 4004 3061 4057 falsis
3109 4006 3422 4061 nominibus
3475 4006 3792 4060 coloratam.
3845 4005 3990 4059 Nam

2389 4096 2556 4151 Deum
2593 4096 2854 4162 Verbum,
2888 4098 2978 4164 qui
3012 4112 3078 4151 ex
3116 4098 3227 4152 Dco
3255 4099 3415 4152 Patre
3437 4109 3543 4162 est,
3575 4101 3857 4155 hominem
3893 4117 3993 4154 vo-

2388 4188 2499 4242 cari
2536 4187 2691 4251 dicit,
2728 4203 2834 4241 non
2867 4198 3042 4242 tamen
3073 4190 3258 4243 ethoc
3290 4190 3490 4245 iactum
3524 4206 3645 4246 esse
3677 4194 3989 4246 secundum

2391 4281 2711 4346 veritatem;
2760 4282 3038 4335 hominem
3079 4297 3208 4337 vero
3237 4298 3359 4339 eum
3404 4285 3495 4354 qui
3541 4299 3608 4338 ex
3654 4283 3828 4338 Maria
3867 4298 3988 4349 est,

2388 4374 2527 4427 sicut
2568 4372 2720 4438 dicit,
2755 4388 2913 4445 quem
2960 4385 3013 4429 et
3049 4390 3270 4429 carnem
3313 4387 3491 4432 astute
3529 4377 3684 4432 nobis
3730 4381 3994 4433 nominat

2390 4465 2440 4517 in
2475 4463 2657 4517 multis
2688 4463 2819 4518 locis
2856 4463 3024 4518 Deum
3074 4465 3290 4532 quidem
3334 4465 3464 4519 dicit
3511 4476 3563 4519 et
3609 4466 3805 4522 Filium
3850 4468 3988 4528 Dei,

703 4553 814 4605 Deo
846 4549 1022 4605 Verbo
1053 4550 1121 4604 ad
1156 4549 1257 4602 hoc
1283 4550 1486 4604 dictum
1521 4553 1981 4607 communionem.
2007 4554 2287 4618 Quomodo
2322 4555 2368 4610 ι)
2398 4571 2501 4608 non
2530 4565 2714 4608 autem
2747 4556 2847 4610 hoc
2871 4570 2993 4610 esse
3026 4556 3322 4611 secundum
3352 4557 3661 4612 veritatem.

704 4642 868 4712 igitur
906 4655 1011 4694 non
1044 4639 1301 4693 omnibus
1336 4639 1623 4695 manifesta
1656 4650 1739 4695 est
1775 4643 2039 4697 adversus
2069 4642 2283 4696 beatum

706 4731 929 4787 Paulum
962 4731 1257 4797 calumnia,
1301 4730 1475 4801 magis
1500 4747 1629 4786 vero
1661 4733 1832 4801 ipsius
1856 4733 2102 4787 veritatis
2127 4749 2286 4788 accu-

697 4826 881 4880 satio?
933 4841 1035 4881 nee
1088 4825 1234 4880 enim
1285 4824 1364 4879 sic
1415 4823 1684 4879 intellexit
1733 4826 1994 4895 Spiritum
2038 4838 2286 4881 sanctum

708 4917 913 4972 habens
956 4918 1268 4988 Apostolus.
1299 4916 1498 4972 lterum
1545 4931 1674 4971 vero
1719 4917 1929 4971 derivat
1976 4919 2286 4990 dogmatum

704 5010 1087 5063 rectitudinem
1125 5010 1192 5065 ad
1223 5026 1376 5065 suam
1408 5009 1736 5079 placentiam
1774 5010 2139 5067 adversarius.

706 5119 791 5176 1‘2.
813 5117 898 5172 Ex
926 5122 1152 5193 secundo
1181 5121 1311 5174 libro
1349 5120 1541 5193 σε]νίΗὶ
1572 5122 1795 5189 episwpi
1834 5123 2189 5193 alexandrina
2222 5126 2285 5180 de

786 5207 847 5244 eo
870 5191 1008 5258 quod
1038 5207 1170 5242 unus
1201 5201 1275 5243 est
1310 5191 1576 5258 Christus,
1604 5204 1791 5245 Contra
1835 5192 2185 5249 Theodorum.

778 5306 931 5373 Quod
973 5314 1153 5357 tamen
1198 5304 1369 5360 voluit
1426 5308 1624 5377 impius
1692 5306 1977 5362 Nestorius
2032 5308 2285 5375 dogmata

2200 5463 2227 5479 ν

1367 5461 1564 5513 “ibid.
1598 5463 1651 5515 5.
1756 5462 1800 5493 δ’
1831 5460 1994 5515 Rom.
2057 5477 2132 5525 ix,
2196 5463 2249 5516 ὕ.

1434 5530 1480 5561 ⁸⁵
1502 5530 1689 5585 Matth.
1724 5550 1883 5598 χχιιι,
1918 5534 2008 5589 10.

774 5462 1007 5517 “Hebr.
1048 5480 1085 5527 I,
1122 5464 1170 5523 ί,
1201 5461 1255 5514 ’2.

707 5533 754 5564 ⁸³
784 5533 799 5586 l
832 5532 1025 5589 Thess.
1063 5550 1114 5598 ν,
1147 5534 1238 5599 21,
1265 5530 1359 5584 22.

783 5678 857 5749 (ι)
896 5678 1096 5733 lterinn
1127 5692 1193 5730 ex
1220 5673 1547 5749 Bibliotheca
1576 5671 1729 5749 Maii,
1768 5683 1806 5726 t.
1836 5672 1909 5739 ll,
1942 5691 1994 5744 p.
2026 5674 2149 5749 $5.3.

783 5744 861 5819 (2')
902 5750 1041 5815 Ergo
1068 5763 1131 5801 cx
1164 5748 1333 5801 tribus
1360 5746 1466 5797 illis
1494 5744 1665 5819 libris,
1700 5758 1835 5809 quos
1861 5746 2289 5819 vetet‘esdicttnt

711 5835 745 5874 ι
775 5814 1231 5893 (ᾷγιιιιυεςτῳιοε
1265 5825 1450 5872 contra
1506 5814 1793 5869 Diodorum
1830 5829 1891 5866 ac
1919 5814 2284 5879 Theodorum,

2352 5465 2523 5521 ""lsa.
2591 5486 2720 5537 XLII,
2772 5470 2861 5524 18.

2391 4689 2756 4763 15._Sanctus
2801 4688 3033 4763 Cyrillus
3071 4692 3148 4763 (1)
3186 4693 3243 4748 in
3285 4697 3513 4750 secundo
3551 4696 3687 4753 libro
3728 4699 3992 4752 adversus

2469 4760 2814 4838 Theodorum,
2838 4760 3147 4838 _qui__incipit
3176 4780 3195 4818 :
3232 4784 3249 4817 ι
3292 4764 3341 4819 Ii
3372 4769 3460 4836 qui
3490 4786 3700 4822 sacrum
3730 4786 3870 4838 puro
3906 4777 3993 4821 in-

2464 4832 2697 4884 tellectus
2729 4831 2879 4885 oculo
2911 4831 3108 4887 Iibrum
3137 4839 3361 4891 scrutati
3383 4831 3511 4892 sunt
3544 4840 3646 4909 (2).
3683 4860 3702 4890 ι

2466 4946 2754 5017 Discipulis
2779 4948 2957 5004 aiebat
2986 4967 2998 5003 :
3040 4968 3059 5002 ι
3099 4949 3380 5007 Neminem
3406 4952 3459 5006 in
3488 4962 3628 5006 terra
3656 4955 3993 5020 magistrum

2394 5039 2704 5108 appelletis;
2736 5057 2872 5097 unus
2898 5052 2982 5098 est
3007 5046 3148 5099 enim
3178 5044 3368 5098 doctor
3396 5054 3572 5097 vester
3592 5044 3935 5102 Christus“.
3971 5069 3989 5099 ι

2395 5131 2532 5185 Dum
2568 5132 2639 5185 ita
2673 5135 2945 5202 apostolos
2981 5137 3323 5198 hortabatur,
3358 5133 3499 5185 hami
3534 5144 3686 5188 certe
3720 5137 3995 5193 deitatem

2396 5240 2424 5276 a
2450 5225 2645 5279 visibili
2672 5243 2896 5296 corpore
2920 5227 3240 5296 scparabat;
3270 5240 3440 5293 neque
3471 5226 3583 5294 ipse
3608 5224 3870 5283 Christus
3902 5246 3996 5283 se-

2400 5326 2507 5368 Inet
2537 5317 2603 5370 ab
2634 5317 2813 5371 anima
2846 5329 2898 5371 et
2930 5331 3093 5370 carne
3125 5316 3353 5370 divisum
3386 5321 3692 5386 reputabat.
3728 5318 3821 5373 Sic
3858 5335 3998 5392 ergo

2980 5472 3022 5502 “
3047 5470 3087 5525 ll
3112 5473 3242 5529 Cor.
3274 5491 3350 5541 IV,
3391 5475 3436 5529 ι.
3552 5475 3761 5533 "Osce
3818 5494 3875 5545 v,
3942 5482 3994 5537 1.

2396 5677 2601 5743 primus
2624 5694 2832 5759 ἐξείπῃς-ε
2874 5690 3060 5733 contra
3110 5681 3399 5759 Diodorum
3449 5695 3599 5759 erat,
3634 5685 3747 5759 duo
3786 5688 3996 5759 reliqui

2395 5759 2582 5801 contra
2624 5747 2993 5818 Theodorum,
3038 5761 3093 5806 ut
3130 5768 3197 5808 ex
3241 5755 3481 5824 ipsorum
3527 5756 3699 5812 initiis
3743 5747 3994 5815 constat.
