4116 6480
175 428 316 485 1849

1380 430 1798 490 FRAGMENTA
1836 433 2247 492 DOGMATICA.

3289 447 3426 506 M50

174 558 300 595 cum
332 542 472 597 Deus
499 552 645 598 esset
672 551 726 597 et
755 544 934 609 homo,
969 557 1161 615 nempe
1194 547 1592 607 visibili'turma
1626 570 1736 609 ser-
1774 560 1816 616 Α
1846 564 1931 608 eta
1971 565 2074 610 est.
2115 557 2208 612 Sic
2244 556 2496 612 Dominus
2531 557 2657 612 dum
2703 560 2756 613 in
2785 558 3022 631 Virginis
3057 572 3211 619 utero
3245 577 3422 632 esset,

175 648 298 696 vus.
335 635 684 690 intellectuali
719 637 907 690 notitia
947 636 1227 700 Dominus,
1263 639 1482 695 deltatis
1515 645 1747 698 excelsi-

176 735 343 780 tatem
374 726 475 780 sub
504 726 690 781 humili
723 727 1077 783 humanitatis
1105 743 1268 782 sensu
1300 730 1510 787 celabat
1541 754 1553 788 :
1591 736 1747 789 vicis-

173 819 388 885 simque
433 817 665 873 visibilis
712 818 958 887 corporis
1006 819 1402 887 humilitatem,
1449 823 1747 879 divinitatis

173 910 413 966 edicacia
438 910 753 967 extollebat.

469 1024 689 1081 Joanms
727 1026 1089 1084 Caasamsims
1128 1047 1452 1088 ADNOTATIO.

244 1151 424 1228 Locus
467 1156 864 1228 suprascriptus
909 1174 939 1211 a
990 1159 1198 1228 Cyrillo
1245 1169 1431 1214 contra
1479 1162 1743 1218 Theodori

171 1226 482 1300 doctrinam
517 1226 840 1300 productus,
877 1226 1152 1284 auctorem
1193 1231 1352 1284 habet
1385 1230 1743 1300 Theophilum

169 1295 596 1348 Alexandrinum
626 1296 959 1364 episcopum.

243 1364 577 1436 Cyrillusin
623 1363 726 1436 alia
773 1363 1040 1421 sententia
1087 1368 1326 1436 ejusdem
1383 1372 1502 1426 libri
1555 1382 1742 1428 contra

171 1432 442 1504 Theodori
473 1433 808 1498 doctrinam;
841 1451 961 1504 qua}
990 1432 1251 1504 particula
1283 1450 1458 1495 exstat
1490 1445 1540 1495 in
1575 1443 1741 1504 prima

168 1504 234 1555 ad
271 1503 590 1574 Cledoniutu
626 1503 1129 1574 epistola’Grc’gorii
1168 1507 1486 1565 Nazianzeni
1526 1503 1592 1566 ad
1624 1513 1743 1568 Cle-

168 1575 414 1626 donium.
446 1572 638 1638 Incipit
672 1572 1020 1640 fragmentum
1051 1591 1069 1628 :
1106 1576 1180 1628 Ne
1213 1579 1456 1635 homines
1493 1583 1578 1637 isti
1611 1583 1742 1637 alios

166 1643 465 1722 decipiant.
497 1641 696 1696 Desinit
730 1660 746 1694 :
778 1645 946 1700 Totus
977 1647 1138 1701 homo
1169 1648 1219 1702 in
1253 1661 1533 1718 peccatum
1567 1656 1744 1722 lapsus

167 1715 487 1782 reliugatur.

450 1823 538 1878 N.
584 1823 726 1877 Idem
759 1824 990 1893 Cyrillus
1022 1826 1074 1878 in
1106 1830 1285 1881 eodem
1316 1831 1473 1886 libro.

1856 654 2018 713 atque
2049 647 2115 699 ad
2145 645 2289 700 illius
2319 646 2672 701 substantiam
2709 649 2884 703 adhuc
2915 651 3187 717 attineret,
3216 655 3422 708 honore

1857 734 1976 789 Filii
1997 737 2238 790 carebat.
2260 735 2393 790 Cum
2417 747 2595 793 autem
2619 739 2990 796 conformatus
3010 751 3113 807 est,
3139 745 3395 812 templum

1855 838 1960 892 que
1995 824 2087 878 Dei
2113 825 2271 879 Verbi
2304 824 2526 879 cllectus
2561 836 2779 894 recepto
2814 826 3130 897 Unigcnito,
3164 831 3422 886 honorem

1855 915 2086 970 numinis
2115 916 2337 985 adeptus
2367 927 2449 972 est
2469 957 2484 982 ,
2514 933 2579 972 ex
2609 932 2719 987 quo
2749 919 2825 974 illi
2857 921 3026 989 gloria
3061 922 3290 975 accessit
3321 921 3417 991 (l).

1981 1027 2064 1082 l8.
2110 1027 2256 1082 Idem
2288 1027 2518 1098 Cyrillns
2551 1040 2741 1085 contra
2775 1033 2992 1086 Diodori
3019 1035 3294 1102 scriptum.

1923 1159 2372 1216 Praeclarissime!
2411 1163 2532 1223 Aio.
2555 1165 2718 1220 verba
2743 1179 2861 1233 quae
2897 1180 3055 1219 nemo
3090 1166 3293 1232 docuit,
3326 1170 3420 1221 sed

1853 1264 1880 1302 a
1913 1259 1961 1304 te
1990 1249 2201 1319 publice
2228 1255 2670 1321 pronuntiantur,
2698 1254 3031 1321 gravissimis
3056 1258 3309 1311 sordibus
3337 1258 3419 1309 in-

1851 1339 2083 1407 quinari.
2114 1339 2309 1396 Sancta
2345 1342 2430 1396 illa
2462 1358 2616 1408 caro,
2647 1358 2767 1413 quae
2797 1343 2976 1399 Mariae
3005 1345 3128 1408 fuit,
3157 1345 3266 1413 jam
3298 1347 3420 1401 inde

1853 1443 1878 1480 a
1907 1430 2081 1496 primo
2106 1444 2397 1498 conceptus
2426 1445 2723 1500 momento,
2751 1437 2863 1490 sive
2894 1437 2946 1490 iii
2975 1445 3126 1490 utero
3152 1438 3422 1491 cxsisten-

1851 1522 1961 1584 tiae,
1999 1531 2180 1576 sancta
2224 1523 2346 1589 fuit,
2388 1535 2573 1594 utpote
2614 1525 2820 1581 Christi
2867 1541 3061 1596 corpus
3100 1547 3111 1580 :
3153 1543 3422 1597 nemoque

1852 1611 1928 1666 vel
1961 1620 2174 1668 tenuem
2204 1617 2448 1669 concedit
2477 1617 2739 1685 temporis
2770 1616 2936 1672 fuisse
2965 1619 3285 1683 articulum,
3314 1633 3420 1688 quo

1853 1702 1936 1754 illa
1965 1705 2266 1760 communis
2293 1707 2614 1774 eteterisque
2646 1708 2902 1760 carnibus
2929 1709 3122 1763 similis
3154 1707 3336 1772 fuerit,
3365 1721 3420 1762 ut

1851 1809 1878 1845 a
1909 1803 1960 1846 te
1988 1796 2188 1849 dictum
2215 1805 2330 1860 est,
2362 1807 2417 1852 et
2447 1812 2548 1850 non
2580 1799 2758 1866 potius
2782 1796 2942 1852 Verbi
2975 1814 3121 1852 caro.

249 1949 266 1980 ι
314 1930 449 1984 Cum
483 1931 801 2001 Unigenitus
833 1949 889 1988 se
923 1937 1318 2002 iucarnaverit,
1352 1941 1442 2007 qui
1473 1941 1579 1994 vita
1613 1956 1732 1994 sua-

1850 1928 1923 1980 Ex
1956 1927 2150 1982 SEVERl
2181 1931 2509 2007 Anrtocnnst
2538 1946 2794 2007 aromata
2826 1947 2923 1987 reo
2951 1947 3119 2007 oritur.
3147 1949 3249 2007 suo
3274 1951 3413 1999 ouoo

161 2029 258 2088 pte
293 2031 485 2074 natura
516 2031 618 2083 est,
654 2037 900 2090 regressa
933 2035 1014 2077 est
1046 2028 1110 2078 ad
1143 2027 1306 2079 vitam
1341 2039 1530 2083 natura
1564 2031 1739 2086 homi-

161 2113 275 2164 nis.
307 2110 423 2180 lpse
449 2126 578 2166 vero
606 2122 764 2180 caput
790 2115 1034 2168 omnium
1063 2124 1170 2180 est,
1200 2117 1432 2187 ideoque
1459 2120 1742 2176 vivilicans

162 2202 300 2255 illud
347 2203 525 2256 Patris
564 2202 794 2257 Verbum
820 2220 1038 2259 carnem
1082 2208 1182 2262 sibi
1228 2209 1501 2278 propriam
1551 2211 1742 2265 ascivit

159 2309 290 2362 qua:
331 2295 383 2347 iu
427 2295 615 2348 mortis
659 2296 925 2364 mancipio
965 2307 1104 2361 erat,
1143 2309 1202 2352 ut
1245 2301 1371 2354 dum
1412 2318 1531 2355 eam
1581 2305 1736 2357 morti

156 2385 595 2454 corruptelmque
627 2388 960 2454 superiorem
990 2389 1247 2455 elliccret,
1285 2392 1424 2446 idem
1460 2393 1613 2448 nobis
1643 2397 1738 2448 do-

159 2490 296 2529 num
343 2477 728 2545 impertiretur.
766 2479 942 2548 Atque
985 2489 1041 2533 ut
1087 2481 1139 2535 in
1186 2484 1377 2537 mortis
1415 2494 1738 2552 potestatem

155 2568 359 2620 Adami
394 2583 558 2623 causa
597 2569 901 2638 incidimus,
935 2574 1004 2625 ita
1043 2588 1139 2640 per
1169 2574 1445 2629 Christum
1480 2591 1509 2629 a
1549 2580 1740 2632 mortis

155 2659 373 2711 saevitia
403 2659 633 2723 liberati,
661 2661 837 2716 denuo
864 2663 1134 2718 tendimus
1160 2666 1226 2718 ad
1255 2667 1736 2720 immortalitatem.

157 2790 253 2842 15.
303 2789 447 2843 Idem
478 2791 703 2859 Cyrillus
729 2794 784 2844 in
809 2793 963 2845 tertio
990 2806 1170 2847 contra
1199 2794 1529 2850 Theodorum
1567 2798 1740 2860 Mops-

233 2863 418 2914 uestiit
442 2864 738 2934 episcopum
779 2863 942 2924 libro,
967 2866 1056 2931 qui
1084 2866 1307 2934 incipit:
1348 2886 1366 2919 ι
1401 2867 1595 2920 Nostra
1629 2868 1741 2934 for-

233 2934 377 2986 sitan
411 2933 563 2984 verba
597 2935 732 2984 dura
765 2943 906 2988 sunt.
945 2951 964 2983 ι

232 3065 373 3118 Audi
406 3080 504 3120 nos
536 3067 714 3136 itaque
744 3075 905 3137 atque
933 3069 1193 3140 intellige,
1221 3087 1254 3126 ο
1280 3071 1464 3138 homo,
1495 3075 1736 3144 mysterii

154 3156 614 3226 profunditatem,
637 3161 778 3226 quod
806 3174 927 3213 cum
955 3176 1236 3217 sacrorum
1265 3164 1522 3219 librorum
1551 3169 1738 3220 ortho-

1956 2013 2290 2054 mscmst'run
2322 1999 2664 2067 Philalethes,
2696 2016 2747 2056 ta
2777 2017 2966 2058 CODICE
2995 2005 3130 2058 Vn.
3163 2005 3289 2059 Svn.

2049 2112 2135 2167 l9.
2178 2111 2324 2166 Idem
2355 2111 2584 2183 Cyrillus
2615 2116 2865 2171 adversus
2896 2116 3208 2172 Diodorum.

1918 2244 2087 2298 Siculi
2122 2247 2284 2301 etiam
2323 2248 2460 2302 idem
2496 2249 2725 2303 Verbum
2748 2292 2762 2315 ,
2799 2252 2865 2305 de
2900 2250 3076 2306 Patris
3112 2255 3409 2308 substantia

1844 2336 2108 2405 genitum,
2147 2338 2435 2392 Abrahami
2485 2354 2668 2395 semen
2719 2343 2768 2394 in
2815 2357 2980 2397 carne
3025 2346 3412 2412 apprehendit,

1847 2428 2004 2495 idque
2048 2441 2144 2495 per
2180 2430 2601 2496 dispensationis
2643 2433 2987 2500 mysterium,
3028 2434 3144 2486 sine
3189 2437 3415 2503 promite

1848 2519 2160 2572 substantia:
2204 2518 2548 2575 detrimento.
2600 2520 2807 2577 Etenim
2860 2538 2982 2577 cum
3033 2536 3176 2579 esset
3225 2535 3416 2586 natura

1850 2609 2020 2673 Deus,
2056 2623 2214 2664 verus
2248 2627 2464 2680 quoque
2503 2613 2737 2669 hominis
2773 2614 2945 2672 Filius
2983 2615 3159 2673 factus
3193 2630 3275 2674 est
3311 2638 3323 2673 :
3362 2631 3418 2674 et

1846 2699 1936 2766 qui
1968 2697 2135 2753 Filius
2167 2699 2310 2754 Patri
2346 2703 2454 2756 Deo
2483 2712 2588 2767 est,
2618 2719 2724 2757 non
2758 2716 2842 2759 est
2872 2707 2945 2760 illi
2977 2717 3289 2777 extraneos,
3320 2726 3414 2766 ue-

1844 2803 1947 2857 que
1976 2789 2168 2844 falsum
2197 2791 2316 2845 Filii
2347 2806 2541 2848 nomen
2573 2796 2711 2864 gerit
2739 2814 2753 2850 :
2784 2798 2982 2852 etenim
3013 2814 3200 2869 reapse
3227 2818 3288 2856 ex
3323 2801 3415 2857 illo

1844 2888 2000 2933 natus
2026 2889 2107 2934 est
2130 2881 2385 2937 iuell'abili
2411 2899 2719 2958 arcanoque
2746 2891 2925 2954 modo,
2949 2905 3255 2961 quanquam
3281 2911 3414 2949 uou-

1844 2970 1944 3023 nisi
1969 2970 2022 3024 in
2043 2985 2206 3026 carne
2227 2985 2352 3043 post
2374 2979 2758 3034 adunationcm
2783 2994 3163 3051 cognoscatur.
3183 2983 3260 3038 'l‘u
3283 3001 3416 3057 ergo

1841 3061 1968 3116 dum
1993 3062 2110 3130 ejus
2140 3067 2513 3123 tantummodo
2545 3075 3053 3129 transmutationem
3084 3076 3326 3134 admittis
3361 3083 3412 3133 in

1840 3168 2057 3210 carnem
2094 3156 2387 3212 inanimein
2427 3159 2815 3231 intellectuque
2846 3176 3155 3233 carentem,
3193 3171 3410 3224 unicum

152 3250 323 3303 doxia
349 3263 622 3318 scopoque
647 3253 938 3306 consentit.
968 3253 1150 3309 Deitas
1176 3271 1206 3309 a
1235 3272 1418 3323 carne,
1449 3260 1500 3312 id
1526 3271 1611 3313 est
1640 3261 1734 3314 Iiu-
1764 3249 1806 3306 C
1844 3246 1991 3301 illum
2032 3248 2084 3302 in
2131 3247 2266 3304 duos
2311 3249 2506 3306 tliVidiS
2555 3251 2717 3319 “"03.
2761 3256 3042 3313 νθτίιεὶῑείη
3089 3259 3227 3314 hanc
3269 3261 3411 3331 (1⁸³οά

153 3354 323 3396 mana
358 3351 578 3406 natura,
608 3341 781 3396 dill‘ert
819 3346 1116 3399 secundum
1154 3347 1431 3417 utriusque
1465 3351 1735 3420 propriam

150 3430 450 3485 rationem.
488 3431 656 3486 Secus
695 3432 965 3500 quomodo
1008 3436 1165 3488 nobis
1205 3437 1398 3492 similis
1434 3442 1733 3505 evasisset,

151 3520 597 3589 quandoquidem
625 3521 715 3576 Dei
739 3519 973 3576 Verbum
1003 3524 1053 3578 iu
1079 3539 1176 3579 suo
1201 3543 1423 3596 prorsus
1445 3539 1587 3584 statu
1613 3547 1735 3601 per-

151 3611 397 3666 mansit?
428 3611 618 3666 Vcrum
660 3613 705 3667 si
746 3615 896 3668 carni
931 3615 1047 3685 ejus
1081 3618 1494 3687 inseparabilem
1529 3626 1734 3678 aduna-

152 3703 360 3756 tioncm
392 3703 674 3770 attribuas,
702 3719 878 3774 neque
903 3719 1023 3761 eam
1054 3722 1148 3762 sua
1175 3719 1325 3764 veste
1354 3713 1579 3781 spolies,
1611 3718 1724 3770 uni-

151 3809 282 3847 cum
324 3804 453 3848 tunc
496 3795 688 3851 Filium
731 3799 985 3854 adorabis
1027 3801 1170 3856 Patri
1216 3805 1729 3863 consubstantialem

150 3885 463 3948 divinitate,
489 3886 643 3940 nobis
674 3889 798 3942 item
829 3894 1341 3950 consubstantialem
1373 3898 1728 3954 lnunanitate.

152 3977 326 4032 Porro
351 3979 439 4044 qui
472 3977 545 4029 ita
574 3979 782 4046 opinari
809 3980 1131 4049 decernunt,
1159 3987 1238 4041 cis
1266 3989 1520 4045 Christus
1549 3990 1727 4047 lumen

151 4070 464 4139 suppeditat
494 4068 562 4122 ad
592 4069 792 4125 suimet
819 4076 1133 4144 mysterium
1163 4082 1618 4147 cognoscendum.

429 4200 517 4254 I6.
558 4201 704 4255 Idem
739 4203 967 4275 Cyrillits
1002 4211 1053 4262 in
1086 4214 1264 4264 eodem
1297 4211 1448 4273 libro.

224 4311 469 4368 llomiuis
509 4329 628 4383 quin
672 4317 724 4370 iu
767 4319 987 4374 Christo
1030 4331 1112 4377 est
1157 4332 1384 4390 natura,
1430 4325 1726 4382 honoratur

147 4422 286 4464 sane
327 4419 390 4459 ac
427 4409 827 4478 sanctificatur;
865 4425 1236 4471 verumtamen
1281 4427 1547 4486 quatenus
1587 4420 1727 4476 Deus

146 4512 254 4566 est,
292 4499 558 4570 baptismo
594 4515 700 4554 non
742 4503 1033 4573 indigebat,
1071 4521 1244 4576 neque
1279 4509 1513 4577 Spiritus
1548 4515 1721 4569 sancti

147 4593 313 4654 dono,
339 4591 768 4660 quandoquidem
800 4594 972 4662 ipsum
1003 4596 1264 4662 Spiritum
1296 4602 1435 4655 idem
1465 4607 1648 4660 donat.

147 4728 222 4781 Ex
265 4740 482 4780 lNl-ZDITO
513 4722 808 4780 Philalethe
843 4728 1039 4782 SEVERI
1074 4748 1408 4788 ANTIOCHEM
1447 4752 1497 4789 IN
1534 4753 1720 4792 CODICE

635 4794 864 4851 SVRIACO
901 4798 1197 4855 VATICANO.

147 4907 236 4961 l7.
275 4905 538 4960 Diodorus
565 4904 713 4959 Tarsi
738 4907 1009 5048 lepiscopns
1038 4909 1183 5049 inltpt'i
1208 4909 1442 4966 Nestorii
1469 4916 1718 4983 magister

763 4991 834 5030 ita
868 4990 1071 5044 scripsit
1108 5015 1122 5031 .

763 4991 834 5030 ita
868 4990 1071 5044 scripsit
1089 4990 1122 5044 |.

212 5108 346 5163 Cmn
377 5111 547 5164 adhuc
576 5111 758 5166 Mariae
784 5121 925 5166 esset
953 5123 1081 5166 caro
1108 5111 1217 5176 illa,
1247 5117 1470 5169 necdum
1500 5131 1714 5171 assum-

142 5211 263 5268 pta,
301 5210 511 5254 terrena
543 5213 688 5267 erat,
728 5219 899 5273 neque
932 5204 1198 5259 ullatenus
1227 5220 1257 5260 a
1289 5211 1500 5261 caeteris
1532 5211 1713 5264 carui-

141 5295 240 5347 bus
271 5290 550 5345 diﬂerebat
579 5311 590 5344 :
619 5295 712 5347 scd
743 5294 794 5346 in
825 5298 1104 5352 uativitate
1131 5300 1346 5354 demum
1380 5299 1586 5356 honore
1616 5318 1711 5356 au-

226 5472 292 5539 t!)
337 5469 495 5554 Vides
529 5479 708 5554 putaui
740 5471 984 5554 haeresim
1019 5474 1422 5554 Nestorianam,
1454 5499 1614 5554 quam
1651 5486 1703 5540 iii

141 5553 402 5614 sequente
434 5542 733 5614 (raguiento
763 5545 999 5614 retundit
1029 5545 1281 5614 Cyrillus.

210 5611 568 5691 (2)"Intellige
608 5612 905 5691 apologiam
947 5611 1134 5691 contra
1177 5619 1467 5691 orientales
1504 5624 1703 5691 cpisco-

175 5700 252 5754 os.
296 5681 402 5754 Sed
447 5684 734 5754 tamcu_de
778 5684 1026 5751 capitulis
1069 5699 1282 5754 quoque
1326 5681 1590 5744 Theodori
1638 5712 1700 5748 ac

175 5700 252 5734 os.
296 5695 402 5734 bed
447 5695 624 5736 tamen
669 5695 734 5738 tle
778 5695 1026 5751 capitulis
1069 5699 1282 5754 quoque
1326 5695 1590 5744 Theodori
1638 5712 1698 5748 ac

142 5695 428 5827 “ingloria
471 5752 811 5827 scure‘l'utatis
851 5756 1084 5827 loquitur
1114 5753 1348 5823 Cyrillus
1396 5759 1444 5810 in
1471 5763 1698 5827 epistola

143 5822 207 5873 ad
233 5823 488 5876 Acacium
517 5820 1249 5894 Helitenensemepiscopi:in
1281 5829 1399 5896 (cp.
1436 5820 1524 5899 40)
1557 5851 1568 5886 ;
1606 5832 1696 5885 Ιη.

458 5914 738 5981 Ρηιιυι..
776 5917 889 5979 Gn.
922 5918 1023 5979 LX
1040 5918 1193 5978 ΧΗ.

1841 3354 1979 3393 unus
2009 3339 2081 3394 sit
2112 3337 2278 3395 Filius
2310 3341 2470 3412 impie
2504 3359 2784 3414 respuens.

1898 3470 1972 3525 EX
2007 3488 2180 3526 EADEM
2217 3472 2414 3529 SEVERI
2445 3477 2778 3534 ANTIOCHI-SN!
2810 3497 3068 3537 APOLOGIA
3101 3500 3148 3539 IN
3178 3502 3355 3541 EODEI

2515 3563 2728 3602 CODICE.

2023 3655 2111 3711 20.
2158 3655 2307 3710 Idem
2340 3658 2573 3728 Cyrillus
2608 3661 2858 3720 adversus
2897 3665 3206 3725 Diodorum.

1907 3765 2058 3835 Sche
2082 3767 2191 3834 jam
2220 3768 2474 3838 diximus,
2501 3787 2607 3842 quo
2639 3782 2878 3844 tempore
2907 3779 3263 3849 capitulorum
3291 3800 3409 3841 om-

1833 3859 1981 3937 nium
2009 3860 2308 3944 apologiam
2335 3863 2734 3932 quodammodo
2768 3866 2993 3925 fecimus
3021 3873 3121 3944 (2),
3151 3891 3255 3932 non
3283 3894 3408 3948 pro.

1833 3959 2016 4017 pterea
2055 3951 2199 4017 quod
2244 3961 2449 4007 natura:
2491 3956 2557 4007 ad
2600 3959 2982 4016 adunationcm
3024 3979 3403 4034 accesserunt.

1834 4037 2037 4094 idcirco
2076 4041 2389 4098 dualitatem
2426 4045 2512 4113 (in
2547 4046 2797 4122 Christo)
2832 4066 2952 4108 esse
2987 4056 3401 4115 admittendam.

1833 4128 2042 4184 Etenim
2084 4131 2225 4186 sicut
2250 4135 2432 4199 homo,
2460 4139 2704 4204 quamvis
2739 4157 2805 4196 ex
2844 4143 3025 4198 anima
3060 4145 3309 4203 rationali
3351 4161 3404 4206 et

1830 4235 2057 4290 corpore
2093 4226 2447 4292 compositus,
2483 4242 2623 4282 unus
2657 4240 2740 4284 est
2776 4248 2950 4300 neque
2983 4237 3034 4289 in
3071 4237 3179 4292 duo
3210 4241 3401 4298 dividi-

1832 4321 1937 4377 tur,
1976 4315 2134 4381 idque
2175 4324 2343 4369 totutn
2383 4317 2583 4373 dicitur
2618 4322 2815 4375 animal
2857 4326 3116 4384 rationale
3151 4345 3214 4386 ac
3254 4349 3401 4388 mor-

1829 4403 1950 4470 tale,
1977 4420 2283 4475 quanquam
2313 4423 2503 4478 reapse
2530 4427 2632 4466 una
2667 4415 2718 4467 in
2749 4426 2900 4483 parte
2931 4422 3178 4485 mortale,
3209 4425 3264 4479 in
3295 4427 3398 4481 alia

1828 4495 2117 4561 rationale;
2156 4498 2234 4551 sic
2267 4499 2431 4552 etiam
2473 4500 2813 4570 Emmanuel,
2852 4522 2975 4562 cum
3008 4511 3079 4565 sit
3115 4527 3284 4579 unus,
3319 4519 3401 4572 di-

1756 4586 1800 4642 Ι)
1829 4585 2053 4641 vinitate
2077 4597 2131 4641 et
2156 4588 2486 4646 humanitate
2507 4606 2782 4663 constans,
2808 4613 3034 4667 quarum
3060 4618 3155 4671 per
3174 4621 3232 4661 se
3257 4618 3398 4663 utra-

1830 4691 1933 4744 que
1969 4679 2202 4746 perlecta
2239 4689 2347 4740 cst,
2387 4681 2522 4736 idem
2561 4684 2700 4740 Deus
2733 4699 2812 4741 est
2843 4697 2896 4742 et
2932 4692 3121 4757 homo,
3161 4699 3398 4753 mortalis

1829 4779 1881 4819 et
1908 4769 2227 4822 immortalis
2245 4813 2258 4834 ,
2289 4776 2596 4840 temporalis
2621 4788 2674 4830 et
2701 4779 2849 4846 prior
2873 4783 3126 4840 omnibus
3154 4789 3392 4854 sarculis,

1827 4852 2102 4924 palpabilis
2126 4871 2177 4912 et
2203 4860 2580 4930 itnpalpabilis,
2604 4869 2832 4923 visibilis
2857 4883 2909 4925 et
2933 4873 3236 4929 invisibilis.
3262 4852 3394 4935 in...

1824 4946 1868 4999 si
1919 4946 2003 5001 illc
2050 4960 2236 5002 natura
2286 4968 2380 5006 sua
2432 4955 2768 5020 immortalis.
2816 4963 2945 5016 nihil
2997 4970 3315 5034 sumpsisset
3363 4989 3392 5026 a

1824 5038 2036 5092 mortali
2074 5050 2288 5104 natura,
2329 5044 2379 5097 id
2414 5056 2496 5099 est
2528 5047 2818 5101 Abrahami
2857 5051 3081 5116 semine,
3119 5054 3262 5112 haud
3299 5076 3396 5115 nox

1821 5129 2068 5195 equidem
2102 5136 2338 5188 renovati
2371 5151 2612 5190 essemus
2644 5149 2803 5205 atque
2835 5139 2899 5192 ad
2935 5141 3392 5207 immortalitatem

1821 5224 2018 5290 erecti;
2060 5239 2304 5294 vanaque
2351 5241 2531 5282 nostra
2579 5231 2708 5283 tidcs
2756 5231 2925 5300 foret,
2965 5243 3018 5289 ct
3064 5238 3116 5292 in
3161 5247 3391 5311 peccatis

1824 5313 2024 5368 nostris
2058 5314 2228 5367 adhuc
2254 5315 2580 5380 iaceremus.

1814 5491 1996 5571 specli‘s
2039 5489 2307 5570 Theodori
2333 5506 2393 5544 ac
2435 5491 2654 5571 Diodori
2693 5498 2859 5562 libris.
2898 5519 3022 5571 quos
3067 5505 3400 5571 scripserunt

1814 5577 1914 5611 non
1953 5564 2014 5637 de
2050 5562 2409 5639 incarnatione
2444 5563 2737 5639 Uinigcniti,
2773 5574 2862 5624 sed
2901 5562 3064 5639 inagis
3101 5562 3281 5629 contra
3320 5582 3392 5631 in-

1813 5631 2165 5713 cai-nntiottem
2185 5635 2383 5713 ,‘posni
2416 5631 2601 5713 aliqua
2632 5655 2694 5691 ex
2725 5631 3008 5713 capitulis:
3035 5653 3082 5694 et
3113 5662 3216 5713 quo
3245 5656 3389 5713 potui

1811 5699 1961 5786 modo
1989 5703 2286 5752 rontradiri
2319 5706 2416 5785 eis,
2447 5699 2722 5786 declarans
2753 5699 3142 5767 almmintitt'one

1808 5768 2012 5834 plenum
2043 5785 2153 5824 esse
2185 5768 2496 5830 sententiam
2532 5780 2782 5846 ipsorum.

2996 5940 3068 6001 46
