4116 6474
710 425 843 482 “Si

1686 421 1742 476 S.
1781 419 2058 477 CYRILLI
2099 420 2515 479 FRAGMENTA
2561 415 2975 474 DOG‘MATICA.

3818 407 3954 463 11εὲ

701 539 776 592 Ex
804 551 1200 603 ουιεετιοκιιιυε
1233 536 1428 591 Sarra!
1457 535 1782 589 Anrtocnsst
1810 551 1914 590 cun
1945 551 2266 601 nummis,
2299 539 2341 594 Α
2374 531 2743 603 imperfectus,
2773 538 2993 600 peccato
3020 537 3207 580 carere
3238 521 3426 592 nequit
3453 539 3465 577 :
3493 521 3697 577 etenim
3725 520 3821 590 qui
3851 537 3952 574 una

1155 622 1207 662 In
1243 621 1361 658 ALIO
1395 619 1517 658 σου.
1545 606 1671 658 Srn.
1708 605 1843 660 Vn.

897 720 988 775 2i.
1035 719 1180 773 Mem
1214 719 1438 788 Cyriilas
1470 718 1716 771 adversus
1751 718 2061 770 Diodorum.

775 833 1036 886 Sanctum
1069 832 1210 884 enim
1240 839 1323 884 est
1353 845 1415 884 ac
1443 830 1563 884 sine
1595 838 1819 898 peccato
1847 843 2044 896 corpus
2072 827 2272 883 Christi

707 926 800 979 Dei
839 923 1252 992 Servatorisque
1286 923 1453 976 nostri
1493 938 1507 976 :
1543 929 1597 974 et
1631 921 1770 989 quod
1805 919 2020 989 quidem
2056 920 2120 972 ad
2157 918 2274 972 cul-

707 1030 828 1084 pam
871 1015 1082 1079 attinet,
1113 1012 1222 1083 jam
1265 1013 1389 1067 inde
1432 1029 1459 1066 a
1505 1012 1680 1081 primo
1724 1011 2110 1065 incarnationis
2159 1024 2275 1064 mo-

708 1115 892 1160 mento
924 1103 1328 1173 incorruptibile
1361 1104 1487 1169 fuit,
1519 1113 1681 1169 atque
1709 1103 1761 1155 in
1794 1117 1856 1157 ea
1887 1102 2142 1169 qualitate
2171 1113 2276 1154 non

707 1205 789 1250 est
828 1195 876 1249 ei
915 1194 1019 1248 ulla
1054 1194 1327 1249 nobiscmn
1365 1192 1670 1246 connnuuio
1705 1191 1785 1246 vel
1823 1192 2118 1244 similitudo
2154 1213 2165 1246 ;
2196 1199 2278 1243 et-

707 1285 852 1338 enim
894 1283 998 1338 alia
1039 1285 1226 1353 quavis
1272 1298 1331 1337 re
1374 1283 1525 1336 nobis
1565 1291 1646 1336 est
1683 1281 1875 1336 similis
1919 1290 2274 1348 praeterquam

708 1375 884 1444 culpa.
913 1373 1216 1442 Caeteroqui
1246 1373 1489 1427 eamdem
1518 1384 1734 1425 carnem
1764 1369 2119 1437 eumdemqne
2148 1384 2280 1423 san-

708 1466 925 1536 guinem
957 1466 1034 1519 uti
1059 1480 1157 1520 nos
1180 1463 1543 1532 participavit,
1564 1471 1623 1516 ut
1649 1461 1723 1515 ait
1749 1460 2036 1529 Apostolus
2058 1461 2122 1512 '5.
2146 1459 2188 1515 0
2209 1461 2277 1515 mi

708 1558 1002 1612 reverende
1026 1557 1116 1627 qni
1143 1557 1305 1612 stulta
1334 1571 1397 1611 ac
1425 1554 1733 1624 turpissima
1759 1553 1921 1607 verba
1949 1551 2161 1618 ell‘ntis;
2189 1569 2280 1607 sa-

707 1665 860 1703 crmn
896 1650 1110 1716 quidem
1147 1664 1341 1719 corpus
1374 1648 1504 1703 illud
1532 1648 1602 1701 de
1636 1645 1802 1699 Maria
1838 1655 2154 1712 sumptum,
2193 1646 2281 1698 in-

713 1740 953 1794 firmitati
980 1748 1093 1795 erat
1121 1739 1434 1802 obnoxium,
1461 1737 1552 1792 sed
1581 1747 1758 1790 tamen
1780 1734 1890 1802 jam
1921 1735 2041 1788 inde
2071 1736 2138 1789 ab
2165 1735 2282 1804 ejus

711 1831 1072 1886 concretionis
1097 1831 1268 1894 initio,
1290 1841 1344 1884 et
1371 1829 1421 1883 in
1449 1837 1605 1881 utero
1630 1825 2009 1891 subsistentia,
2033 1837 2277 1880 sanctum

713 1919 900 1988 ntiqne
935 1933 1150 1988 semper
1181 1917 1310 1981 fuit,
1347 1917 1472 1986 quia
1507 1914 1710 1970 Christi
1748 1928 1944 1984 corpus
1976 1922 2124 1978 erat,
2162 1912 2280 1966 nul-

713 2013 932 2077 lumqtte
980 2009 1235 2078 temporis
1283 2006 1621 2063 intervallum
1679 2004 1797 2073 fuit,
1841 2020 1947 2075 quo
1994 2005 2122 2059 illud
2177 2021 2282 2058 non

715 2101 1033 2171 possederit.
1068 2101 1232 2156 Porro
1264 2099 1508 2170 simplex,
1551 2107 1608 2153 ut
1643 2099 1742 2163 ais,
1778 2107 1878 2160 est,
1917 2097 2126 2152 caeteris
2161 2111 2287 2151 car-

717 2195 874 2249 nibus
903 2208 1090 2263 compa
1102 2204 1296 2248 ratum.

714 2310 805 2363 9.9..
833 2309 960 2363 [utan
985 2309 1253 2364 Cvntu.us
1271 2325 1404 2363 non
1432 2307 1631 2364 SEVERI
1657 2320 2060 2364 APOLOCETICUM
2081 2319 2292 2359 conrns

787 2377 1053 2434 JULiAMlM
1091 2380 1649 2440 llaucannassmsen.
1680 2395 1728 2433 IN
1757 2391 1948 2433 comet:
1965 2376 2092 2430 Srn.
2119 2374 2253 2428 Var.

789 2492 1137 2560 Particlpavit
1174 2491 1336 2559 igitur
1368 2504 1520 2557 mque
1562 2505 1625 2542 ac
1670 2505 1768 2543 nos
1813 2502 2032 2542 carnem
2076 2497 2129 2541 ct
2171 2502 2294 2541 san-

720 2587 955 2657 guinem,
1005 2593 1062 2637 ut
1108 2584 1161 2636 in
1205 2597 1369 2636 carne
1412 2596 1505 2635 sua
1556 2581 1880 2635 dmmonlmn
1933 2589 2291 2648 oppugnaret,

721 2692 894 2747 eoque
921 2674 1216 2744 profligato.
1245 2673 1490 2727 mortalia
1519 2683 1696 2726 nostra
1725 2687 1952 2740 corpora
1977 2673 2041 2723 ad
2070 2671 2289 2723 immor-

725 2770 981 2822 talitatcm
1008 2767 1343 2828 transferret,
1363 2765 1601 2833 jngoque
1629 2764 1759 2833 legis
1781 2763 2149 2827 subtraheret,
2176 2775 2295 2830 qua:

723 2863 981 2915 adversus
1023 2861 1259 2913 membra
1301 2858 1479 2912 carnis
1524 2857 1900 2925 prmvaluerat.
1946 2855 2095 2908 llaud
2141 2856 2296 2908 aliter

725 2954 887 3006 vitam
924 2961 1259 3018 mortemque
1295 2950 1438 3002 inter
1468 2962 1526 3001 se
1562 2946 1747 3016 pra-lio
1779 2946 2116 2999 committere
2147 2955 2297 3012 pote-

729 3053 834 3110 rat,
872 3043 971 3096 nisi
1008 3041 1221 3097 mortali
1257 3054 1484 3107 corpore
1520 3053 1647 3091 usus
1682 3036 1894 3098 fuisset,
1929 3050 2103 3104 neque
2140 3035 2292 3100 cupi-

727 3137 956 3192 ditatttm
994 3146 1299 3189 nostrarum
1334 3130 1610 3185 stimnlmn
1644 3129 1966 3195 obtudisset,
2000 3127 2103 3181 nisi
2136 3128 2201 3180 de
2235 3127 2299 3179 fi-

731 3238 946 3296 gmento
973 3236 1160 3281 nostro
1190 3239 1384 3293 corpus
1416 3223 1756 3292 sumpsisset.

730 3359 808 3414 Ex
844 3373 1018 3415 LIBRIS
1057 3357 1251 3412 Seram
1291 3369 1558 3409 anvensus
1595 3352 1863 3407 JULIANUM
1889 3348 2078 3405 llauc.
2118 3363 2170 3403 IN
2208 3363 2304 3403 co-

1295 3441 1412 3480 ntos
1442 3423 1570 3479 Svn.
1601 3423 1741 3478 Var.

935 3542 1027 3598 23.
1069 3540 1220 3595 Idem
1247 3539 1478 3609 Cyrillns
1509 3539 1759 3592 adversus
1793 3535 2106 3590 Diodorum.

803 3657 928 3711 llrec
959 3666 1039 3710 est
1060 3697 1076 3718 ,
1106 3670 1139 3708 ο
1171 3663 1354 3707 noster
1386 3649 1616 3714 sodalis,
1652 3659 1860 3704 natura:
1894 3649 2142 3702 humanre
2173 3648 2306 3701 deli-

735 3750 896 3814 nitio,
935 3763 1053 3817 quae
1093 3747 1292 3800 dicitur
1325 3742 1628 3799 substantia
1668 3740 1950 3799 animalis.
1989 3739 2304 3803 rationalis,

739 3851 898 3911 atque
934 3838 1199 3893 mortalis.

924 3955 1014 4007 2i.
1058 3952 1206 4007 Idem
1239 3950 1469 4020 Cyrillus
1497 3948 1743 4002 adversus
1769 3944 2116 3999 Theodorum.

808 4072 900 4128 ille
943 4081 1122 4124 autem
1164 4083 1258 4120 ore
1303 4080 1400 4118 suo
1440 4063 1688 4122 dilatato,
1731 4070 1786 4113 et
1825 4059 2019 4113 laxatis
2067 4055 2312 4122 blasphe-

741 4168 864 4223 mia?
891 4163 1139 4224 habenis,
1169 4159 1304 4214 dixit
1334 4155 1535 4216 Christi
1567 4151 1940 4221 imperfectam
1967 4149 2312 4203 sanctitatem

741 4263 940 4324 fuisse,
976 4267 1148 4323 neque
1185 4251 1303 4320 eius
1341 4249 1553 4303 culmen
1591 4243 1837 4311 attigisse
1869 4249 2160 4307 antequam
2195 4237 2316 4304 Spi-

745 4357 882 4409 ritus
917 4357 1138 4404 sanctus
1173 4345 1271 4397 sub
1311 4341 1574 4397 columbae
1617 4336 1796 4406 specie
1837 4333 1889 4387 in
1927 4347 2050 4386 eum
2090 4330 2317 4384 descen-

744 4445 934 4501 disset.
967 4437 1162 4507 Quidni
1199 4442 1377 4492 autem
1411 4431 1682 4504 perfectus
1715 4425 1867 4484 erat?
1895 4423 2056 4480 Certe
2114 4423 2206 4490 qui
2236 4430 2321 4476 est

2374 627 2426 680 in
2463 631 2614 694 parte
2646 629 2867 677 sanctus
2901 618 3163 680 creditur,
3196 615 3250 671 in
3286 616 3392 669 alia
3424 614 3676 669 infirmus
3706 623 3950 682 putatur.

2373 715 2584 785 Alioqui
2616 714 2834 784 quinam
2866 713 2969 766 iste
2997 708 3240 765 defectus
3269 714 3408 772 erat,
3440 720 3599 774 quem
3631 706 3680 758 ei
3715 703 3950 774 Spiritus

2375 815 2598 862 sanctus
2638 802 2941 873 supplevit,
2973 809 3034 854 ut
3075 799 3242 854 altera
3287 811 3501 866 quoque
3542 812 3670 864 pars
3713 796 3954 863 perfecta

2375 898 2656 960 evaderet,
2690 904 2852 962 atque
2886 889 3083 946 diaboli
3119 889 3378 957 impetum
3416 886 3726 955 frangeret,
3759 895 3823 938 ut
3859 887 3953 936 ad-

2376 984 2652 1041 versarius
2690 979 2918 1037 asserit?
2954 978 3123 1033 Porro
3159 991 3265 1030 non
3301 985 3520 1030 sanctus
3558 973 3956 1035 tantummodo,

2377 1085 2429 1133 et
2470 1075 2686 1147 quidem
2730 1069 3128 1142 perfectissime
3167 1075 3318 1133 erat,
3357 1080 3546 1121 verum
3591 1065 3758 1118 etiam
3807 1063 3956 1132 plena

2380 1171 2616 1240 potentia
2656 1167 2702 1220 is
2739 1162 2996 1234 praeditus
3028 1167 3178 1225 erat,
3211 1157 3304 1228 qui
3344 1157 3561 1212 dolores
3594 1166 3760 1223 atque
3799 1168 3960 1206 omne

2380 1274 2550 1327 genus
2579 1254 2909 1313 infirmitatis
2941 1253 3186 1308 sanabat.
3215 1278 3283 1288 —
3305 1246 3438 1302 Cum
3471 1247 3610 1300 Deus
3641 1253 3838 1312 suapte
3869 1256 3960 1294 na-

2383 1362 2502 1405 tura
2543 1358 2713 1414 esset,
2753 1358 3023 1416 verusque
3067 1343 3160 1398 Dei
3202 1340 3382 1396 Patris
3425 1337 3618 1401 Filius,
3664 1337 3956 1389 humanam

2384 1442 2610 1496 formam
2632 1439 2734 1495 sibi
2758 1437 2955 1500 induit,
2976 1448 3128 1491 suam
3155 1431 3359 1487 faciens
3381 1442 3603 1484 carnem
3628 1427 3774 1480 illam
3800 1441 3961 1495 quam

2384 1534 2450 1586 de
2482 1540 2667 1586 saneta
2697 1527 2916 1597 Virgine
2954 1524 3211 1594 sumpsit.
3249 1537 3370 1591 qua:
3408 1519 3653 1590 proiecto
3693 1533 3826 1572 caro
3870 1516 3959 1569 Dei

2383 1632 2488 1686 est,
2515 1633 2568 1677 et
2601 1629 2867 1691 potestate
2897 1619 3077 1671 divina
3112 1615 3338 1684 pollens.
3367 1613 3572 1667 idcirco
3601 1610 3858 1664 Christus
3884 1610 3961 1660 vi-

2387 1715 2609 1768 vificans
2641 1725 2854 1782 quoque
2884 1709 3012 1776 fuit,
3043 1715 3096 1762 et
3127 1707 3503 1763 infirmitatum
3536 1712 3781 1763 sanator,
3819 1714 3963 1752 mor-

2390 1805 2566 1874 tisque
2598 1804 2925 1856 destructor.

2579 1894 2672 1949 25.
2714 1892 2862 1947 Idem
2898 1891 3129 1962 Cyrillus
3163 1892 3415 1945 adversus
3453 1886 3769 1941 Diodorum.

2459 2004 2639 2058 Audes
2665 2004 2827 2058 etiam
2859 2002 3123 2057 herilibtts
3149 2001 3340 2056 formis
3370 1999 3518 2054 illum
3549 1998 3774 2052 induere
3795 2037 3813 2059 ,
3845 1994 3967 2062 qui.

2391 2106 2448 2149 ut
2477 2097 2581 2158 ais,
2610 2096 2769 2150 homo
2795 2103 2878 2149 est
2908 2094 2973 2149 de
3001 2092 3191 2158 Maria,
3219 2101 3273 2147 et
3300 2092 3394 2159 qui
3425 2090 3583 2145 initio
3611 2104 3638 2141 a
3675 2088 3834 2140 nobis
3866 2084 3971 2136 unl-

2393 2186 2601 2238 latenus
2631 2184 2874 2238 diversus
2901 2191 3019 2236 erat
3046 2191 3137 2235 aut
3164 2181 3431 2249 superior,
3460 2180 3551 2232 sed
3585 2184 3770 2247 postea
3803 2172 3973 2225 multo

2390 2278 2678 2333 conamine
2716 2276 2837 2331 Filii
2879 2290 3074 2330 nomen
3115 2273 3450 2342 gloriamque
3488 2271 3729 2324 divinam
3768 2278 3974 2333 prome-

2394 2370 2528 2423 ritus
2566 2376 2669 2432 est,
2709 2378 2892 2436 postea
2937 2381 3099 2436 quam
3146 2366 3356 2420 scilicet
3399 2364 3465 2416 de
3505 2372 3694 2416 ventre
3743 2359 3974 2411 exierat.

2395 2461 2559 2530 igitur
2592 2461 2728 2525 duo,
2769 2468 2820 2514 te
2858 2466 3147 2520 censente,
3185 2466 3310 2510 sunt
3349 2455 3474 2519 filii;
3518 2465 3797 2520 novusque
3842 2449 3980 2502 Deus

2393 2563 2478 2607 est
2513 2551 2781 2614 Christus,
2818 2550 2912 2618 qui
2952 2563 2983 2601 a
3026 2549 3134 2601 Deo
3171 2545 3572 2616 supernaturali
3614 2545 3823 2596 honore
3864 2539 3980 2593 affe-

2395 2653 2515 2698 ctus
2552 2637 2655 2706 e‘st,
2687 2639 2857 2709 magis
2898 2637 3176 2707 aliquanto
3212 2651 3376 2705 quam
3420 2633 3638 2703 reliqua:
3671 2643 3976 2690 creatur-.2;

2398 2746 2455 2788 ut
2488 2749 2608 2787 cum
2647 2730 2882 2797 simplici
2918 2730 3135 2784 homine
3167 2727 3424 2782 adoretur
3457 2725 3503 2780 is
3535 2728 3627 2794 qui
3663 2724 3819 2792 lapsu
3861 2733 3984 2774 tem-

2399 2825 2569 2895 poris,
2607 2838 2706 2877 nec
2744 2822 2847 2876 nisi
2886 2821 2986 2876 sub
3023 2819 3184 2873 finem
3221 2818 3446 2888 gloriam
3485 2816 3746 2886 possedit.
3788 2812 3984 2865 factus-

2398 2932 2504 2989 que
2539 2927 2620 2972 est
2653 2914 2936 2970 Trinitatis
2972 2910 3461 2979 complementum,
3500 2917 3693 2961 natura
3734 2903 3983 2972 :equalis.

2599 3028 2690 3084 26.
2733 3027 2885 3083 Idem
2917 3026 3150 3096 Cyrillus
3182 3024 3430 3076 adversus
3465 3020 3778 3073 Diodorum.

2472 3147 2716 3215 Diamque
2751 3153 2809 3198 ut
2845 3158 3036 3212 passus
3071 3141 3285 3196 dolores
3324 3139 3376 3193 in
3414 3153 3598 3200 carne,
3635 3134 3990 3190 nihilominus

2330 3219 2371 3275 (ἶ
2408 3240 2460 3294 in
2492 3253 2603 3292 sua:
2635 3236 2852 3292 deitatis
2883 3244 3076 3288 natura
3106 3230 3452 3302 impassibilis
3486 3229 3683 3281 mansit
3719 3246 3732 3280 :
3766 3228 3851 3279 sic
3887 3224 3989 3282 aio,

2408 3339 2462 3382 et
2492 3329 2616 3382 dum
2647 3333 2941 3388 cresceret,
2970 3321 3270 3392 perfectum
3300 3320 3523 3374 omnino
3551 3317 3740 3371 fuisse.
3769 3317 3839 3367 Et
3872 3330 3989 3367 Cum

2411 3418 2672 3488 sapientia
2719 3415 2904 3485 augeri
2952 3416 3302 3477 credebatur,
3349 3423 3476 3465 tunc
3519 3411 3633 3478 ipse
3683 3408 3992 3462 redundans

2411 3509 2691 3580 sapientia:
2720 3507 2842 3562 fons
2868 3513 3009 3572 erat,
3045 3521 3072 3559 a
3103 3518 3210 3573 quo
3237 3501 3420 3557 ueteri
3449 3513 3637 3554 omnes
3667 3495 3991 3565 sapientiam

2417 3604 2687 3660 hauriunt.

3181 3689 3270 3743 27.

2417 3812 2484 3867 Β.
2515 3811 2699 3880 Cyrilli
2737 3808 3070 3880 Almandrjre
3104 3820 3174 3880 ex
3252 3803 3362 3880 7·οᾷ
3419 3798 3746 3880 μςζκςιριίου⁵
3778 3794 4000 3880 Emptis

2513 3863 2665 3943 onere
2729 3889 2912 3932 contra
2978 3876 3174 3929 Diodo-
3316 3863 3433 3943 .1035
3462 3863 3914 3943 Ἀλέξανδξξτίις
3937 3863 4001 3911 ἐκ

2516 3935 2652 4002 rum.
3316 3942 3422 3995 τοῦ
3455 3939 3602 3991 κατὰ
3637 3935 3888 4000 Διεδώριί
3901 3952 3951 3983 υ.

3332 4056 3493 4120 Ἀλλ’,
3537 4047 3580 4106 ὦ
3619 4050 3782 4118 σοφὲ,
3843 4044 4007 4113 quiqu

3248 4147 3336 4212 ἂν,
3365 4146 3511 4216 ψυχὴ
3567 4143 3666 4212 μὲν
3700 4141 3798 4192 καὶ
3854 4137 4008 4201 σῶμα

3248 4239 3384 4310 πρὸς
3427 4236 3522 4290 ἀεαο
3535 4234 3717 4304 ρὼπου
3775 4247 3804 4295 γ
3816 4228 3898 4278 ἑνε
3911 4241 3951 4274 3:
3963 4242 3986 4271 -δ

3249 4333 3344 4384 καὶ
3363 4329 3459 4383 οὐκ
3483 4329 3548 4380 ἂν
3571 4323 3899 4395 προανίεκει
3923 4318 4010 4368 Ca—

3250 4422 3406 4491 τὲρου
3436 4418 3686 4487 θάτερον.

2492 4062 2619 4126 Sed,
2637 4078 2669 4113 o
2696 4062 2933 4130 sapiens,
2956 4060 3170 4128 inquam

2419 4168 2554 4221 ego,
2619 4154 2795 4205 anima
2855 4154 3068 4219 quidem
3120 4158 3175 4205 et

2423 4257 2617 4310 corpus
2647 4244 2713 4294 ad
2747 4242 2977 4295 hominis
3012 4241 3178 4309 origi-

2427 4346 2550 4386 nem
2584 4331 2874 4401 pertinent,
2904 4346 3078 4400 ncque
3107 4331 3178 4385 al-

2429 4431 2689 4478 terutrum
2729 4425 2999 4492 praecedit.

2329 4556 2414 4614 IV.

1759 4716 1828 4754 ex
1866 4713 2030 4753 orans
2063 4710 2322 4751 ADVERSUS
2359 4708 2839 4750 PXEUMATONACHOS
2873 4692 2972 4761 (l).

818 4844 1004 4905 Sancti
1033 4840 1222 4914 ϐερνίηί
1251 4853 1316 4893 ea:
1345 4834 1697 4891 antirrhelicis
1729 4832 2048 4886 sermonibus
2080 4842 2262 4884 contra

1280 4927 1808 4985 I’neumatomuchos.

827 5050 1062 5117 Digitum
1108 5045 1204 5101 Dei
1251 5042 1388 5099 solet
1431 5037 1711 5105 Scriptura
1754 5031 2024 5102 appellare
2068 5029 2326 5097 Spiritum

765 5153 1041 5200 sanctum,
1078 5138 1234 5190 sicuti
1269 5133 1520 5190 Christus
1553 5127 1688 5183 dixit
1727 5142 1741 5178 :
1784 5141 1803 5175 ι
1848 5123 1907 5177 Si
1942 5137 2041 5190 ego
2076 5121 2130 5174 in
2167 5120 2332 5186 digito

765 5235 856 5288 Dei
883 5230 1042 5302 ciicio
1064 5226 1449 5288 daemonia";t
1482 5223 1532 5276 id
1561 5220 1702 5291 quod
1730 5217 1866 5271 alius
1886 5207 2332 5281 evangelista,tln

764 5324 967 5395 Spiritu
1004 5318 1092 5372 Dei
1119 5338 1136 5368 ι
1170 5317 1317 5370 dicit.
1346 5316 1436 5368 Sic
1469 5317 1592 5368 item
1627 5314 1902 5368 dexteram
1945 5304 2334 5369 brachinmqne

839 5481 883 5514 ⁸⁸
910 5478 1068 5534 iiebr.
1102 5493 1162 5542 ll,
1195 5473 1280 5528 Η.
1361 5473 1404 5502 ⁵⁵
1430 5472 1555 5524 Luc.
1595 5487 1664 5533 xt,
1696 5469 1786 5522 20.

839 5639 915 5708 (Ι)
956 5637 1030 5689 Et
1060 5632 1262 5708 synodo
1289 5625 1901 5708 _Byfza'ntinavadversus
1927 5621 2333 5676 Pneutnatoma-

769 5692 911 5762 chos,
935 5723 1020 5770 ap.
1054 5692 1174 5764 Mai,
1210 5692 1394 5768 Spici'l.
1428 5695 1579 5749 Rom.
1609 5693 1677 5757 Χ,
1710 5692 1798 5746 40.

844 5756 920 5846 (ἐξ)
938 5756 1143 5846 fSant-ti
1163 5756 1370 5846 'Cvrilli
1392 5756 1708 5846 sermones
1733 5756 2339 5846 antirrheticos“laudat

775 5828 1112 5921 Ep‘hi‘temius
1153 5828 1457 5913 patriarcha
1500 5832 1864 5891 Antiochcnus
1909 5834 2046 5902 apud
2091 5828 2336 5885 Pltotium

2358 4855 2406 4914 ι)
2437 4835 2548 4888 Τοῦ
2581 4835 2754 4904 ἁγίου
2801 4835 2922 4899 Κυρ

1864 5466 1906 5497 ⁵⁷
1934 5462 2126 5518 Matth.
2161 5473 2255 5523 xu,
2278 5455 2370 5510 28.

2928 4831 3105 4882 [λλου
3138 4826 3207 4878 ἐκ
3255 4839 3369 4875 των
3423 4820 3573 4872 κατὰ
3605 4810 4016 4883 Πνευματομά-

2759 4888 3339 4970 χων’ἀντιρῤητικιῖγν
3366 4894 3565 4960 ,λόγων
3594 4888 3696 4957 (2).

2517 5020 2786 5074 Δάκτυλον
2834 5016 2969 5070 Θεοῦ
3014 5014 3200 5068 καλεῖν
3226 5003 3332 5062 οἶδε
3383 5003 3575 5072 Γραφὴ
3605 5002 3667 5052 τὸ
3713 4999 3937 5066 Πνεῦμα
3965 4996 4017 5045 τὸ

2439 5113 2615 5178 ἅγιον,
2648 5109 2828 5171 καθὼς
2881 5108 2976 5159 καὶ
3000 5106 3028 5157 ὁ
3061 5099 3295 5172 Χριστὸς
3338 5096 3595 5166 εἴρηκεν
3622 5112 3640 5143 ι
3683 5092 3748 5144 Εἰ
3781 5092 3836 5142 δὲ
3865 5091 3921 5140 ὲν
3952 5085 4017 5153 τῷ

2437 5202 2684 5271 δακτύλῳ
2716 5200 2848 5252 Θεοῦ
2879 5195 3124 5252 ἐκϐάλλω
3149 5193 3217 5243 τὰ
3241 5189 3514 5260 δαιμόνια·
3531 5207 3548 5238 ι
3572 5189 3713 5256 ὅπερ
3749 5186 3909 5244 ἄλλος
3939 5181 4017 5231 εὐ-

3978 5272 4015 5296 1‘1

2441 5293 2789 5364 αγγελιστὴς,
2823 5310 2838 5342 t
2881 5295 2937 5344 ὲν
2961 5288 3236 5358 ῐινεύματι
3267 5284 3458 5348 θεοῦ,ι
3494 5282 3668 5335 εἶπεν.
3705 5279 3944 5349 Ὁμοίως
3973 5279 4018 5325 δὲ

2441 5610 2561 5663 cod.
2595 5622 2810 5669 ccvxu,
2845 5608 2946 5659 col.
2977 5603 3082 5656 793
3118 5601 3208 5653 fin.
3240 5616 3254 5651 :
3287 5594 3554 5669 Κύριλλος
3591 5595 3648 5643 ὲν
3688 5594 3813 5669 rei;

2848 5658 3159 5749 C:eteroqni_
3181 5658 3539 5749 conformandus
3573 5671 3657 5713 est
3693 5662 3855 5749 itif-‘13:.
3873 5658 4021 5749 C'yvil-

2447 5729 2526 5802 iu's
2562 5729 2697 5815 Opp:
2816 5745 2853 5795 V
2893 5729 3231 5815 [nunc-Vlll]
3262 5734 3627 5815 in_'l"hcsattro,
3669 5729 3874 5815 p.339.
3905 5729 4017 5778 iitltt

2449 5802 2587 5889 apud
2611 5802 2714 5872 'n'os
2747 5819 2798 5870 in
2831 5802 3231 5871 coimncntario'
3259 5805 3322 5859 ad
3357 5803 3560 5856 Lucam
3599 5819 3681 5863 ιι,
3713 5802 3808 5854 20.
