4104 6350
2750 432 2757 435 _
3361 423 3366 427 .

795 530 1463 734 sanari
1538 615 1979 732 GBEt

2056 565 2467 733 anu
2544 619 3166 736 suam

1590 857 1900 920 ROMANI
1944 857 2390 922 PONTIFICIS

648 1058 2229 1277 MORALIUM
2384 1067 3287 1319 LIBRI,

1897 1399 2043 1453 SIVE

977 1576 1667 1684 EXPOSITIO
1746 1580 1879 1685 IN
1958 1577 2454 1684 LIBRUM
2531 1582 2648 1685 B.
2729 1580 2951 1683 JOB

1730 1802 1876 1875 (Con
1888 1800 2123 1862 tinuatt'
2129 1802 2216 1876 ο.)

1216 1969 2742 2024 W

1519 2097 1901 2280 33am
1940 2114 2443 2273 quarta,
2537 2211 2543 2217 .

1450 2378 1897 2444 CONTINENS
1968 2378 2252 2441 LIBROS
2324 2382 2501 2444 SEX.

1618 2544 2347 2572 υ*-

1160 2669 1513 2754 LIBER
1589 2627 2105 2753 DECIMUS
2177 2662 2801 2753 SEPTIMUS.

2632 2540 2685 2595 8

344 2861 499 2937 Qua
545 2861 878 2938 supersunt
926 2870 1061 2934 cap.
1091 2852 1172 2915 ΞΕ
1200 2874 1237 2914 a
1274 2870 1456 2915 versu
1483 2851 1563 2912 20
1595 2850 1950 2925 dimidiato,
1983 2869 2120 2913 cum
2147 2851 2461 2930 capitibus
2487 2850 2567 2913 25
2598 2857 2655 2913 et
2684 2851 2764 2912 26
2797 2852 3060 2932 integris
3088 2857 3355 2935 exponit
3395 2857 3621 2919 morali

1668 2952 2062 3030 potissimum
2102 2969 2305 3013 sensu.

869 3255 1095 3312 CAPUT
1134 3254 1420 3312 PRIMUM.

422 3350 583 3425 533
598 3348 775 3405 Sancti
803 3347 1041 3404 Doctoris
1076 3336 1279 3418 scapus,
1304 3348 1567 3402 historiam
1584 3346 1686 3401 Job
1711 3348 1874 3417 typire
1892 3354 1937 3399 et

351 3443 422 3497 ad
448 3442 706 3511 mysticum
735 3456 938 3495 sensum
964 3455 1234 3510 exponere.
1250 3470 1318 3480 —
1334 3440 1552 3506 Qumies
1576 3440 1627 3493 in
1648 3438 1817 3492 sancti
1841 3437 1940 3492 viri

351 3534 575 3590 historia
638 3548 732 3604 per
786 3547 981 3587 novum
1037 3534 1283 3587 volumen
1334 3532 1567 3587 enodare
1624 3530 1939 3601 mysterium

355 3637 382 3667 ι
409 3628 601 3699 typica
621 3625 972 3693 expositionis
994 3625 1356 3695 aggredimur,
1389 3632 1602 3692 Oportet
1623 3633 1679 3675 ut
1705 3638 1768 3676 ex
1791 3621 1938 3690 ejus-

357 3724 481 3779 dem
526 3721 627 3776 viri
673 3721 755 3775 vel
814 3720 1049 3785 nomine,
1076 3720 1160 3774 vel
1205 3720 1453 3789 passione
1494 3718 1938 3787 signiﬁcationem

357 3815 636 3888 mysticam
665 3813 1029 3885 principaliter
1062 3812 1418 3881 proferamus,
1445 3819 1707 3880 quatenus
1736 3808 1944 3863 habita-

356 3910 600 3964 rulorum
633 3921 805 3968 more,
835 3906 957 3959 dum
991 3904 1499 3973 superscriptionem
1528 3903 1666 3956 tituli
1694 3899 1723 3939 ιθ
1747 3901 1797 3955 iu
1828 3903 1941 3971 ipsa

336 3999 526 4069 postis
555 3998 726 4052 fronte
754 3996 1102 4066 prtetigimus,
1124 3994 1246 4065 quia
1265 3993 1415 4063 cujus
1444 4002 1533 4048 est.
1553 3994 1743 4046 domus
1774 4006 1943 4061 agno-

359 4086 547 4156 seitur,
589 4091 831 4144 securius
876 4089 1123 4143 intretur.
1164 4085 1370 4141 Crebro
1408 4094 1586 4140 autem
1616 4086 1818 4140 dixisse
1859 4098 1944 4139 me

293 4193 297 4195 '
356 4182 577 4238 memini
613 4192 635 4220 ο
663 4180 915 4252 quoniam
943 4180 1130 4233 beatus
1161 4178 1261 4232 Job
1304 4179 1576 4246 passiones
1614 4177 1941 4245 Redempto-

357 4276 433 4330 ris
455 4274 646 4339 nosui,
680 4273 904 4343 ejusque
935 4273 1196 4339 corporis,
1242 4271 1294 4325 id
1329 4280 1410 4324 est
1436 4282 1634 4325 sanctae
1663 4270 1939 4335 Ecclesiae,

357 4376 413 4422 et
443 4365 689 4435 passione
726 4380 823 4419 sua
850 4364 1076 4433 signavit
1124 4372 1179 4417 et
1222 4362 1456 4416 nomine.
1489 4361 1590 4416 Job
1617 4362 1813 4430 quippe
1856 4361 1942 4414 in-

356 4457 739 4525 interpretatur
783 4454 993 4511 dolens.
1029 4454 1093 4507 Et
1135 4454 1255 4522 quis
1302 4453 1439 4506 alius
1470 4453 1522 4506 in
1578 4451 1680 4507 hoc
1726 4452 1943 4507 dolente

358 4554 642 4623 ﬁguratur,
675 4549 779 4606 nisi
804 4549 850 4605 is
881 4550 947 4603 de
977 4564 1082 4619 quo
1118 4548 1374 4616 scriptum
1406 4553 1526 4601 est:
1563 4544 1694 4600 Vere
1718 4546 1767 4599 ια
1781 4564 1945 4617 ngue-

1965 3259 2016 3315 Α
2046 3251 2156 3315 dia,
2181 3238 2301 3307 cum
2334 3251 2702 3307 immutatione
2739 3252 2888 3307 vocis
2911 3251 3051 3307 illius
3097 3258 3276 3308 nostra
3308 3267 3515 3324 quoque
3545 3252 3626 3308 iu-

2045 3347 2340 3425 telligentia
2398 3346 2647 3411 alternet,
2688 3355 2749 3401 ut
2790 3354 2935 3401 tanto
2987 3347 3168 3401 verius
3223 3346 3338 3414 ejus
3381 3346 3627 3401 sensibus

2043 3448 2327 3508 congruat,
2357 3447 2558 3507 quanto
2605 3452 2662 3492 se
2707 3445 2762 3492 et
2802 3453 2920 3492 cum
2969 3439 3086 3507 ejus
3112 3439 3331 3493 vocibus
3358 3438 3625 3493 immutat.

2043 3530 2239 3585 Verbis
2272 3533 2451 3598 itaque
2482 3530 2909 3600 praecedentibus
2947 3542 3164 3586 sanctus
3190 3533 3272 3585 vir
3313 3548 3408 3601 per
3450 3532 3625 3588 diser-

2047 3635 2130 3679 tas
2160 3624 2455 3693 prudentiae
2496 3635 2612 3679 arte
2642 3626 2938 3679 sententias
2986 3625 3153 3693 iniqtti
3196 3624 3483 3694 cujuslibet
3516 3626 3630 3680 cul-

2045 3732 2141 3786 pas
2174 3717 2414 3786 protulit,
2444 3728 2499 3770 et
2528 3732 2687 3786 quam
2733 3716 2803 3770 sit
2845 3718 3145 3771 damnanda
3191 3718 3308 3787 ejus
3350 3721 3492 3774 actio
3528 3735 3623 3774 ex-

2046 3810 2263 3879 pressit.
2298 3809 2373 3864 De
2403 3809 2556 3880 cujus
2576 3825 2730 3877 poena
2763 3826 2883 3864 mox
2909 3811 3142 3881 subjicit,
3176 3812 3362 3867 dicens
3389 3831 3400 3865 :

2524 3901 2748 3957 CAPUT
2789 3901 2831 3956 Il
2874 3902 3018 3974 [Rem
3053 3901 3162 3974 Il].

2120 3993 2285 4047 Vens.
2313 3992 2405 4050 2t).
2434 4022 2505 4035 —
2527 3992 2649 4048 Non
2688 3994 2753 4048 sit
2794 3994 2846 4047 in
2878 3995 3256 4063 recordatione,
3288 3997 3378 4050 sed
3406 4005 3631 4050 contera-

2050 4095 2132 4140 tur
2159 4086 2304 4158 (μιαεὶ
2334 4086 2527 4159 lignum
2554 4087 2951 4157 infructuosum.

2122 4178 2174 4233 2.
2220 4179 2382 4234 Perna
2411 4180 2704 4250 iniquorum
2748 4190 2824 4234 est
2869 4196 2931 4234 ex
2960 4181 3055 4235 Dei
3084 4183 3328 4237 memoria
3354 4184 3533 4237 deleri.
3566 4215 3633 4225 -—-

2055 4270 2113 4326 ιη
2154 4272 2585 4327 recordationem
2653 4274 2795 4327 enim
2835 4273 3129 4327 conditoris
3183 4288 3287 4328 non
3339 4277 3634 4341 reducitur,

2051 4366 2300 4435 quisquis
2330 4382 2497 4435 usque
2518 4367 2582 4419 ad
2617 4366 2779 4421 tinem
2804 4367 2931 4421 vitae
2969 4366 3112 4421 vitiis
3144 4368 3476 4438 subjugatur.
3502 4369 3632 4424 Nam
3728 4438 3735 4441 _

2052 4460 2095 4511 si
2128 4459 2269 4514 hunc
2317 4459 2537 4530 superni
2570 4468 2846 4529 respectus
2900 4462 3158 4513 memoria
3203 4470 3464 4530 tangeret,
3511 4477 3637 4533 pro-

2051 4551 2138 4606 cul
2168 4552 2332 4607 dubio
2376 4554 2443 4607 ab
2473 4553 2752 4623 iniquitate
2786 4560 3087 4609 revocaret.
3121 4552 3249 4622 Ejus
3275 4554 3472 4623 quippe
3516 4570 3635 4610 me-

357 4664 439 4703 res
467 4658 668 4701 nostros
698 4648 806 4718 ipse
836 4645 972 4711 tulit,
1007 4654 1053 4699 et
1098 4645 1303 4698 dolores
1346 4653 1550 4697 ηοδιΐοδ
1576 4645 1687 4709 ἱρέα
1726 4626 1949 4713 ρονιαυὶέ
1978 4644 2027 4704 Β
2055 4648 2153 4701 rita
2180 4646 2400 4715 exigunt
2423 4652 2482 4698 ut
2512 4642 2749 4699 funditus
2775 4645 2842 4698 ab
2870 4646 3105 4699 auctoris
3140 4645 3509 4700 recordatione
3544 4646 3639 4702 de-

359 4743 522 4813 (Isai.
566 4756 687 4807 LIII,
712 4739 816 4811 4)?
842 4739 919 4795 De
947 4754 1052 4809 quo
1104 4753 1315 4792 rursum
1358 4737 1552 4791 dicitur
1583 4754 1595 4788 :
1623 4736 1803 4790 Livore
1832 4736 1944 4806 ejus

358 4838 725 4893 sanatisumus
746 4828 946 4904 ‘(Ibidw
976 4832 1054 4903 5).
1081 4832 1252 4887 Amici
1277 4846 1403 4887 vero
1424 4831 1540 4902 ejus
1568 4830 1942 4885 Inereticorum

359 4917 598 5000 speciem
626 4935 845 4990 'teuent,
888 4925 1000 4995 qui,
1034 4934 1089 4979 ut
1117 4941 1260 4995 saepe
1299 4924 1408 4991 jam
1442 4924 1697 4987 diximus,
1730 4923 1895 4976 neum
1918 4919 1946 4958 ά

364 5022 492 5075 dum
519 5018 809 5082 defendere
839 5018 1099 5082 nituntur,
1124 5016 1423 5071 oﬂ‘eudunt.
1456 5016 1685 5072 Sanctus
1711 5030 1839 5084 ergo
1870 5014 1949 5069 vir

362 5124 459 5180 per
498 5112 719 5164 vulnera
743 5117 800 5164 et
828 5108 988 5163 verba
1023 5109 1101 5163 sic
1128 5108 1377 5178 loquatur
1407 5123 1524 5173 sua,
1571 5119 1628 5162 ut
1657 5108 1821 5164 etiam
1855 5124 1950 5162 no-

365 5213 477 5258 stra
507 5201 794 5273 signiticet,
830 5210 884 5255 et
914 5201 1227 5272 plerumque
1259 5216 1353 5271 per
1385 5201 1678 5271 prophetiae
1705 5199 1951 5270 spiritum

363 5307 589 5350 ventura
617 5303 821 5360 narret,
845 5294 1130 5363 pratsentia
1158 5293 1501 5350 transcendat
1525 5310 1539 5359 ;
1571 5308 1952 5363 nonnunquam

362 5402 496 5442 vero
524 5388 602 5443 sic
629 5388 698 5442 de
724 5385 1080 5456 prmseutibus
1108 5384 1360 5451 disserat,
1393 5395 1450 5440 ut
1478 5386 1548 5440 de
1578 5385 1765 5441 tuturis
1796 5385 1958 5458 53h,

363 5481 670 5538 reticescat.
709 5480 935 5551 Cognita
990 5482 1168 5549 itaque
1207 5480 1550 5536 discretionis
1594 5480 1750 5549 hujus
1780 5490 1960 5534 custo-

440 5592 634 5651 ‘Utic.
669 5602 723 5646 et
751 5592 986 5659 Gemet.,
1018 5607 1174 5662 quem
1209 5592 1261 5645 in
1312 5590 1490 5645 multis
1533 5591 1957 5659 praecedentibus

368 5666 523 5722 libris
578 5663 821 5718 mutilum
879 5665 963 5717 Itic
1018 5663 1363 5733 resumimus,
1417 5664 1600 5733 typicaz
1650 5664 1952 5719 locutionis.

366 5737 566 5791 Desunt
602 5736 719 5789 libri
769 5743 1055 5804 sequentes
1100 5736 1149 5788 in
1201 5731 1488 5788 Codicibus
1519 5734 1644 5804 Lyr.
1689 5744 1743 5788 et
1777 5736 1951 5802 Bigot.
1988 5790 1997 5797 ,

336 5805 567 5865 νἾριυιιι
606 5822 791 5863 eorum
828 5808 987 5861 uices
1034 5805 1356 5873 supplebunt
1403 5805 1764 5869 [’rate'liensis,
1822 5806 1956 5860 alter

352 5876 734 5943 'Ebroicensis,
774 5877 887 5931 duo
915 5877 1284 5931 Lauduuensis
1317 5876 1591 5943 Ecclesiae,
1621 5877 1955 5931 Germanrn-

661 5972 934 6031 Parnm.
968 5970 1253 6032 LXXVI.

2059 4738 2253 4793 leatur.
2286 4735 2576 4793 Sciendum
2603 4751 2729 4792 vero
2753 4744 2837 4790 est
2864 4736 3007 4807 quod
3039 4737 3308 4791 recordari
3361 4738 3499 4792 Deus
3542 4756 3639 4793 ne-

2057 4844 2325 4899 quaquam
2370 4828 2587 4897 proprie
2636 4827 2848 4882 dicitur.
2900 4828 2999 4892 Qui
3050 4828 3193 4882 enim
3244 4827 3494 4885 oblivisci
3537 4845 3640 4886 non

2058 4930 2259 4992 potest,
2310 4936 2416 4991 quo
2450 4930 2603 4989 pacto
2648 4919 2921 4975 recordari
2962 4921 3173 4990 potest?
3229 4920 3337 4976 Sed
3377 4926 3498 4990 quia
3546 4936 3640 4976 eos

2057 5031 2157 5071 nos
2185 5031 2409 5086 quorum
2438 5015 2791 5070 recordamur
2820 5014 3218 5086 amplectimur,
3248 5016 3317 5070 ab
3345 5016 3426 5071 his
3456 5027 3635 5071 autem

2060 5128 2289 5182 quorum
2322 5112 2692 5167 obliviscimur
2719 5112 3054 5183 elongautur,
3092 5112 3328 5166 humano
3352 5128 3446 5165 usu
3476 5120 3527 5165 et
3555 5126 3640 5165 re-

2064 5206 2275 5262 cordari
2305 5205 2448 5261 Deus
2479 5205 2696 5272 dicitur,
2729 5222 2849 5260 cum
2882 5207 3021 5259 dona
3052 5205 3257 5285 tribuit,
3291 5215 3345 5259 et
3374 5205 3643 5266 oblivisci,

2066 5314 2189 5353 cum
2222 5297 2274 5351 in
2308 5299 2460 5366 culpa
2510 5296 2856 5368 derclinquit.
2902 5297 3005 5352 Sexi
3039 5298 3160 5367 quia
3212 5307 3402 5350 cuncta
3441 5304 3645 5364 pensat,

2066 5398 2257 5445 cuncta
2298 5392 2415 5445 sine
2450 5391 2869 5446 intermissionis
2905 5392 3262 5445 alternatione
3293 5390 3453 5462 535
3474 5390 3647 5446 consi-

2069 5482 2260 5549 derat;
2289 5492 2343 5537 et
2373 5484 2685 5538 recordatur
2730 5484 3013 5547 honorum,
3056 5497 3284 5552 quorum
3312 5495 3487 5540 tamen
3517 5500 3643 5540 nuu-

2065 5594 2163 5662 sis,
2198 5595 2361 5651 Corb.
2395 5594 2797 5659 Germanensis,
2830 5608 2933 5652 etc.

2137 5666 2160 5702 ι’
2192 5668 2216 5719 l
2254 5667 2521 5733 Laudun.,
2550 5668 2604 5721 in
2634 5670 2745 5738 ipsa
2768 5670 2921 5737 positi
2943 5670 3134 5737 fronte.

2137 5747 2159 5807 εξ
2192 5738 2442 5804 Vindoc.,
2467 5740 2718 5807 quomodo
2744 5739 2919 5795 beatus
2943 5739 3064 5794 Iob.

2134 5804 2159 5884 fl
2195 5808 2442 5884 l_l.and..
2474 5804 2636 5864 Cori).
2686 5808 2897 5878 Germ.,
2944 5813 3105 5869 Deum
3147 5816 3270 5868 dum
3311 5810 3627 5884 defenderint

2062 5877 2347 5945 oﬂendunL

3218 5979 3248 6040 ι
