4044 6346
522 400 579 454 Η
1727 394 1974 452 SANCTI
2011 389 2341 450 GBEGORI!
2378 388 2591 447 MAGNI
3723 382 3790 451 ἰᾷ

524 528 684 583 quam
726 512 1095 580 obliviscitur;
1139 522 1193 569 et
1239 510 1550 567 nullatenus
1580 509 1895 565 recordatur
1936 509 2105 563 malo-
2129 518 2185 581 Α
2212 503 2451 575 pertulit,
2488 510 2543 558 et
2564 514 2708 557 nunc
2745 514 2802 556 tn
2844 498 2968 557 coeli
3003 496 3365 570 penetralibus
3384 495 3452 551 ab
3477 494 3594 566 ejus
3620 494 3792 551 oculis

526 624 666 675 rum,
720 622 853 678 quos
906 616 1081 661 tamen
1140 616 1233 675 per
1280 602 1539 675 judicium
1592 616 1805 671 semper
1848 600 2104 656 intuetur.

524 703 681 771 Quasi
706 704 847 757 enim
886 700 1024 758 redit
1064 694 1129 755 ad
1171 701 1433 756 bonorum
1468 692 1806 764 memoriam,
1837 712 1993 767 quam
2028 704 2107 750 ta-

526 812 647 851 men
681 812 951 866 nunquam
984 794 1259 859 deseruit;
1286 802 1340 848 et
1378 792 1532 863 quasi
1563 805 1901 862 nequaquam
1934 788 2109 844 malos

523 888 763 957 respicit,
790 903 1015 957 quorum
1065 894 1242 940 tamen
1274 882 1416 938 facta
1452 882 1778 950 considerat,
1820 880 1914 936 sed
1945 895 2106 949 super

527 980 641 1035 haec
668 979 1025 1035 damnationis
1072 978 1331 1047 judicium
1371 975 1425 1030 in
1475 974 1677 1029 ultimis
1734 980 1930 1029 servat.
1972 971 2108 1028 Hinc

524 1075 667 1132 enim
685 1075 940 1142 scriptum
969 1080 1088 1128 est:
1117 1070 1265 1123 Oculi
1290 1068 1496 1123 Domini
1518 1054 1927 1137 contemplemur
1950 1062 2107 1117 bonos

527 1175 574 1222 et
604 1166 765 1220 malos
798 1163 983 1235 (Prov.
1034 1176 1125 1230 xv,
1151 1156 1229 1231 5).
1283 1158 1417 1215 llinc
1468 1172 1559 1225 per
1590 1156 1927 1214 Psalmistam
1974 1154 2109 1209 dici-

528 1273 613 1318 tur
640 1280 655 1316 :
687 1271 711 1297 ἰ
740 1259 925 1314 Vultus
956 1257 1160 1311 Domini
1201 1272 1355 1325 super
1377 1257 1617 1326 facientes
1650 1254 1807 1318 mala,
1841 1260 1896 1305 ut
1926 1250 2107 1321 perdat

526 1356 588 1410 de
620 1364 751 1408 terra
779 1352 1073 1405 memoriam
1121 1365 1297 1403 eorum
1323 1346 1494 1419 (Psal.
1542 1361 1736 1409 xxxttt,
1771 1344 1881 1415 i7).
1913 1342 2106 1398 Consi-

526 1450 677 1502 derat
704 1447 862 1515 igitur
887 1458 1020 1514 quos
1052 1443 1252 1511 puniat,
1287 1440 1379 1495 sed
1419 1439 1640 1495 eosdem
1669 1439 1814 1507 ipsos
1852 1444 1977 1490 ante
2000 1448 2105 1489 non

528 1540 682 1606 vidit,
714 1555 847 1609 quos
881 1536 1072 1592 nescit.
1118 1535 1248 1589 Nam
1288 1533 1605 1601 quibusdam
1639 1532 1692 1585 in
1738 1532 1843 1586 line
1867 1530 2108 1583 dicturus

529 1642 610 1687 est
637 1650 649 1684 :
674 1630 860 1686 Nescio
888 1646 973 1684 vos
1013 1628 1145 1681 unde
1173 1627 1282 1680 sitis
1304 1638 1324 1690 ;
1351 1624 1593 1680 discedite
1618 1641 1649 1678 a
1674 1636 1755 1678 me
1782 1634 1956 1676 omnes
1984 1637 2105 1692 ope-

528 1725 654 1779 rarii
694 1723 977 1792 iniquitatis
1001 1719 1216 1792 (Matth.
1242 1732 1334 1782 vn,
1378 1718 1486 1783 25;
1518 1716 1647 1770 Luc.
1687 1731 1801 1780 xttt,
1827 1716 1941 1783 27).
1976 1713 2109 1768 Miro

524 1817 687 1887 igitur
734 1815 894 1870 modo
927 1826 1211 1883 pravorum
1246 1810 1406 1864 vitam
1436 1818 1491 1864 et
1533 1809 1789 1876 intuetur,
1820 1815 1875 1861 et
1915 1804 2107 1860 oblivi-

525 1909 711 1973 scitur,
739 1908 862 1977 quia
909 1901 1092 1975 quosb
1120 1917 1211 1970 per
1252 1900 1640 1956 districtionem
1698 1896 1975 1953 sententia:
2017 1895 2106 1965 jn-

525 2002 689 2066 dicat,
751 2009 1004 2069 quantum
1071 2006 1153 2052 est
1218 1998 1285 2053 ad
1343 1996 1657 2052 memoriam
1726 1991 2111 2048 misericordia:

526 2100 795 2228 misrith
823 2171 1065 2231 tanquam
1112 2164 1489 2232 infructuosum
1533 2161 1727 2231 lignum
1765 2162 2107 2208 conterentur.

528 2284 598 2297 —-
622 2254 719 2322 Qui
753 2255 1006 2324 quoniam
1056 2254 1108 2308 in
1134 2256 1251 2323 ejus
1276 2250 1701 2308 recordationem
1726 2263 1833 2301 non
1866 2246 2108 2310 veniunt,

526 2346 679 2417 quasi
717 2346 1103 2399 infructuosum
1137 2344 1338 2414 lignum
1392 2359 1453 2395 ex
1487 2341 1638 2408 cujus
1673 2337 1879 2409 judicio
1926 2346 2112 2390 conte.

528 2445 735 2493 runtur.
777 2437 944 2492 Terra
995 2437 1194 2506 quippe
1218 2450 1313 2490 eos
1365 2431 1643 2501 temporali
1697 2440 1908 2497 sumptu
1956 2427 2106 2492 aluit,

527 2530 920 2601 praedicationis
970 2529 1200 2598 desuper
1243 2527 1418 2596 pluvia
1466 2523 1677 2578 infudit.
1731 2521 1835 2576 Sed
1869 2521 1988 2589 quia
2014 2533 2109 2572 eo-

527 2640 645 2680 rum
679 2623 790 2679 vita
835 2639 1171 2695 nequaquam
1207 2623 1437 2677 fructum
1482 2620 1607 2675 boni
1642 2618 1823 2689 operis
1865 2616 2111 2687 protulit,

527 2720 692 2773 iratus
734 2719 871 2773 hanc
921 2720 1153 2787 agricola
1187 2728 1209 2755 ο
1253 2712 1513 2781 abscidit,
1563 2724 1619 2768 ttt
1659 2713 1811 2783 juxta
1861 2710 2113 2765 Veritatis

529 2816 845 2872 sententiam
874 2817 1045 2869 locum
1084 2830 1192 2868 non
1219 2822 1442 2879 occupet
1470 2824 1627 2881 quem
1661 2821 1843 2863 tenere
1881 2807 2017 2862 alius
2046 2805 2114 2861 ad

530 2910 757 2964 fructum
790 2910 929 2963 valet
950 2908 1103 2977 (Luc.
1131 2922 1251 2973 ιιιι,
1281 2905 1355 2975 7).
1382 2905 1454 2958 De
1485 2905 1582 2956 ll'vt:
1614 2903 1944 2956 ittlrucmoso
1967 2901 2113 2970 ligno

530 3017 622 3072 per
651 3002 909 3056 Joannem
934 2999 1128 3055 dicitur
1153 3017 1165 3051 :
1190 2998 1312 3052 lam
1346 2998 1534 3052 securis
1562 2996 1631 3049 ad
1661 2996 1884 3048 radicem
1908 2990 1935 3030 ἀ
1957 2992 2112 3047 arbo-

530 3096 596 3147 ris
628 3096 793 3165 posita
826 3104 916 3149 est.
957 3093 1135 3146 Omnis
1165 3108 1284 3164 ergo
1330 3090 1503 3152 arbor,
1541 3104 1656 3159 qua:
1704 3104 1805 3140 non
1844 3088 1965 3157 facit
1997 3091 2113 3157 fru-

530 3196 665 3240 ctum
688 3187 894 3251 bonum,
928 3187 1211 3251 excidatur,
1234 3192 1281 3238 et
1312 3184 1364 3236 in
1415 3184 1585 3252 ignem
1636 3183 1863 3235 mittetur
1893 3180 2113 3250 (Matth.

530 3293 606 3345 tn,
645 3280 743 3345 id;
770 3277 900 3333 Luc.
927 3293 1006 3345 ιιι,
1040 3276 1121 3348 9).
1164 3276 1275 3331 Hoc
1308 3285 1488 3330 autem
1524 3276 1665 3343 loco,
1713 3282 1769 3328 ut
1798 3285 1998 3330 aeterna
2028 3290 2115 3329 re-

530 3372 679 3442 probi
702 3372 961 3442 supplicia
982 3366 1349 3441 designentur,
1386 3382 1718 3439 nequaquam
1756 3368 1956 3438 lignum
1984 3368 2115 3422 dici-

530 3473 615 3519 tur
645 3464 921 3531 °abscidi,
972 3463 1066 3518 sed
1113 3460 1344 3530 conteri,
1389 3463 1510 3531 quia
1559 3460 1807 3515 videlicet
1858 3462 2118 3529 reprobos

532 3573 675 3614 mors
706 3559 922 3629 quidem
947 3557 1123 3612 carnis
1153 3556 1437 3622 abscindit,
1470 3557 1562 3611 sed
1598 3571 1757 3626 paena
1779 3556 2119 3628 subsequens

533 3655 779 3708 conterit.
824 3652 984 3718 Quasi
1017 3652 1162 3706 enim
1213 3651 1299 3705 hic
1347 3650 1621 3719 inciditur,
1656 3666 1777 3706 cum
1807 3667 1837 3705 a
1869 3651 2118 3721 praesenti

534 3745 638 3801 vita
673 3754 970 3815 separatur.
1000 3743 1108 3800 Sed
1135 3745 1186 3798 in
1219 3743 1464 3814 geltenna
1488 3748 1806 3811 conteritur,
1842 3760 1961 3799 cum
1996 3759 2118 3813 per-

534 3848 688 3909 petua
713 3836 1053 3891 damnatione
1074 3836 1367 3892 cruciatur.
1404 3837 1496 3892 Vir
1519 3846 1695 3892 autem
1722 3844 1961 3899 sanctus,
1993 3836 2118 3904 quia

537 3930 829 3984 districtum
862 3929 1099 3998 perversi
1123 3944 1335 3998 poenam
1363 3929 1601 3998 protulit,
1639 3929 1881 3997 protinus
1911 3927 1976 3980 ad
2008 3928 2122 3981 cul-

538 4034 659 4093 patn
680 4021 935 4087 recurrit,
980 4028 1037 4073 ut
1081 4036 1146 4074 ex
1190 4019 1464 4089 injustitiaa
1495 4017 1858 4073 immensitate
1900 4018 2122 4071 edoceat

539 4113 677 4185 quod
703 4121 848 4167 tanta
876 4111 993 4181 ejus
1015 4111 1294 4165 damnatio
1323 4128 1427 4165 non
1457 4112 1526 4164 sit
1570 4109 1792 4179 injusta.
1827 4111 2079 4180 Sequitur
2106 4129 2118 4163 :

981 4200 1203 4261 CAPUT
1236 4202 1304 4259 ΙΙΙ
1344 4205 1492 4277 (Hec.
1538 4200 1680 4275 III].

613 4307 774 4363 Vens.
804 4304 897 4358 2i.
921 4332 990 4344 --
1011 4299 1161 4356 Pavit
1189 4301 1323 4354 enim
1346 4301 1587 4369 sterilem,
1613 4309 1659 4353 et
1690 4315 1807 4367 qum
1835 4315 1937 4353 non
1958 4301 2120 4371 parit,

538 4410 587 4455 et
616 4398 781 4453 vidua
807 4396 930 4451 bene
959 4410 1062 4450 non
1089 4390 1109 4431 ί
1135 4394 1272 4465 fecit.

615 4492 663 4549 ι.
708 4492 923 4565 Iniquus
964 4506 1167 4546 carnem
1204 4505 1413 4560 pascens
1446 4490 1689 4558 sterilem,
1723 4506 1899 4545 curam
1939 4494 2127 4546 anima:

544 4592 749 4646 deserit.
776 4617 846 4630 —
876 4588 1005 4656 Quae
1036 4587 1136 4641 hoc
1168 4586 1286 4640 loco
1316 4584 1533 4651 sterilis,
1584 4584 1684 4638 nisi
1724 4600 1849 4640 caro
1884 4587 2127 4640 nomina-

545 4682 665 4738 tur?
713 4682 842 4748 Quae
883 4679 1008 4734 dntn
1062 4676 1176 4732 sola
1240 4677 1526 4745 praesentia
1569 4675 1790 4744 appetit,
1840 4677 2006 4731 bonas
2044 4680 2129 4747 gi-

542 4789 705 4846 gnere
751 4771 1101 4842 cogitationes
1143 4766 1332 4823 nescit.
1375 4767 1504 4833 Quze
1553 4776 1730 4822 autem
1783 4768 1960 4837 vidua,
2022 4770 2126 4825 nisi

543 4868 724 4922 anima
749 4862 1120 4935 nuncupatur?
1153 4862 1321 4929 Quam
1345 4860 1468 4930 quia
1492 4861 1590 4914 sibi
1631 4862 1877 4917 conditor
1901 4865 2123 4931 conjun-

544 4978 673 5034 gere
731 4961 920 5026 voluit,
981 4959 1047 5013 ad
1090 4957 1379 5011 thalamum
1412 4957 1596 5011 Buteri
1658 4958 1887 5012 carnalis
1943 4959 2120 5023 venit,

545 5055 828 5111 Psaltnista
857 5060 1162 5116 attestante,
1189 5051 1277 5120 qui
1314 5050 1391 5105 ait
1417 5067 1430 5102 ε
1461 5048 1529 5102 Ει
1559 5050 1666 5123 ipse
1695 5061 1941 5122 tanquam
1967 5070 2124 5122 spon-

544 5166 652 5213 sus,
680 5146 961 5220 procedens
991 5145 1054 5200 de
1105 5145 1332 5198 thalamo
1367 5160 1460 5198 suo
1492 5142 1663 5214 (Psal.
1700 5160 1851 5213 xvut,
1890 5145 1967 5215 6).
2000 5146 2131 5212 Quae

548 5251 692 5297 recte
739 5241 897 5295 vidua
940 5240 1153 5305 dicitur,
1198 5239 1320 5308 quia
1376 5237 1495 5307 ejus
1540 5241 1620 5293 vir
1652 5254 1747 5308 pro
1795 5254 1859 5295 ea
1898 5248 2129 5296 mortem

620 5366 645 5393 ι
671 5355 908 5419 Ebroic.,
936 5353 1145 5410 Gentet.
1176 5361 1234 5410 et
1261 5353 1354 5410 alii
1380 5354 1590 5422 Norm.,
1620 5355 1789 5410 uultus
1831 5365 2003 5412 autem
2033 5357 2137 5411 Do-

544 5445 693 5481 nunt.

617 5496 646 5537 δ
672 5497 921 5563 Vindoc.,
952 5513 1042 5568 per
1089 5496 1459 5552 districtionem
1499 5497 1757 5568 scientia,
1802 5500 1883 5555 vel
1929 5510 2131 5558 senten-

546 5571 651 5626 tite.
952 5566 959 5568 “
1733 5566 1738 5573 ’

621 5652 644 5680 ο
677 5640 885 5696 Gcmet.
917 5650 971 5694 et
998 5640 1084 5694 alii
1117 5639 1323 5704 Norm.,
1352 5641 1555 5694 incidit.

617 5710 645 5751 ἀ
669 5710 703 5764 2
735 5712 1000 5779 l.audun.,
1032 5710 1291 5765 arborum.
1539 5712 1543 5716 ’

622 5794 646 5823 ο
670 5784 839 5838 Laud.
873 5785 999 5849 duo,
1030 5782 1216 5838 Nortn.
1249 5789 1303 5836 et
1345 5781 1432 5836 alii
1468 5781 1629 5850 vulgo
1661 5780 1860 5839 habent
1906 5786 2122 5851 abscidi,

547 5868 593 5912 et
619 5857 850 5921 abscidit,
884 5864 1014 5922 etc.,
1048 5868 1145 5923 pro
1170 5852 1419 5916 abscindi,
1448 5852 1725 5907 abscindit.

621 5926 643 5969 ί
670 5928 903 5989 Gemet.,
936 5927 1083 5995 facit.
1374 5946 1377 5947 ν

2213 594 2492 660 occultus,
2548 594 2701 666 quasi
2746 592 2798 647 in
2845 600 2995 662 parte
3039 591 3262 648 alterius
3308 588 3542 660 regionis
3579 585 3607 624 ιι
3635 586 3788 641 vivit.

2213 680 2358 760 [Vet.
2404 682 2518 758 11.]
2565 687 2783 754 iniquus
2808 701 2935 756 ergo
2992 687 3231 741 sterilem
3280 683 3469 755 pascit,
3514 689 3569 737 et
3619 679 3794 735 viduas

2214 784 2530 838 benefacere
2553 782 2799 853 negligit,
2840 780 2963 851 quia
2995 781 3171 834 carnis
3204 776 3487 835 desideriis
3523 774 3788 839 serviens,

2211 890 2394 930 curam
2435 873 2627 929 animae
2674 872 3313 943 vitatnque.contemnit.
3369 871 3503 925 Tota
3561 881 3793 937 namque

2213 968 2512 1024 intentione
2558 968 2810 1035 omnique
2849 964 3028 1020 studio
3055 963 3273 1033 cogitat,
3312 978 3472 1033 quam
3512 961 3630 1015 sine
3671 960 3793 1014 ullis

2212 1061 2623 1117 necessitatibus
2653 1072 2777 1115 caro
2801 1060 3058 1116 moritura
3085 1059 3358 1127 subsistat,
3388 1062 3444 1113 et
3468 1070 3655 1112 curare
3677 1056 3792 1109 ani-

2211 1167 2313 1206 mas
2344 1148 2506 1207 vitam
2538 1150 2555 1187 ί
2590 1149 2837 1221 despicit,
2881 1166 3001 1221 quat
3028 1148 3116 1206 vel
3136 1150 3190 1204 in
3235 1158 3406 1205 morte
3428 1148 3513 1205 vel
3538 1149 3591 1203 in
3627 1146 3791 1202 beati-

2215 1242 2398 1298 tudine
2435 1244 2620 1312 procul
2658 1244 2823 1299 dubio
2876 1243 2926 1297 in
2958 1253 3274 1312 perpetuum
3318 1242 3467 1299 vivit.
3498 1239 3661 1296 Recte
3693 1254 3787 1293 auo

2214 1345 2319 1390 teni
2364 1350 2485 1390 cum
2523 1335 2832 1391 diceretur:
2863 1333 3013 1390 Pavit
3054 1334 3299 1400 sterilem,
3333 1335 3579 1404 protinus
3604 1332 3793 1403 adjun-

2211 1426 2352 1497 gitur
2376 1445 2390 1482 :
2416 1425 2483 1481 Et
2512 1443 2627 1497 qua:
2648 1444 2747 1480 non
2790 1429 2946 1497 parit.
2975 1427 3243 1494 Quasdam
3287 1441 3517 1496 namque
3542 1440 3607 1481 ex
3638 1439 3789 1480 sacra

2214 1517 2437 1573 historia
2480 1516 2714 1574 feminas
2750 1520 2995 1574 novimus
3043 1519 3206 1591 536
3232 1519 3440 1575 steriles
3483 1519 3749 1574 exstitisse
3774 1556 3791 1585 ,

2213 1609 2309 1666 sed
2332 1621 2510 1665 tamen
2543 1610 2598 1665 in
2635 1620 2877 1681 tempore
2923 1620 3167 1668 extremo
3202 1614 3491 1684 peperisse.
3534 1610 3672 1668 Caro
3701 1628 3792 1667 au-

2215 1716 2320 1761 tem
2364 1722 2469 1761 non
2510 1710 2682 1762 solum
2722 1709 2923 1764 sterilis
2950 1750 2965 1776 ,
3010 1710 3109 1764 sed
3156 1714 3317 1764 etiam
3357 1725 3475 1780 quae
3511 1725 3617 1765 non
3658 1712 3795 1780 parit

2216 1796 2435 1867 dicitur,
2459 1802 2593 1872 iquia
2624 1818 2721 1856 suo
2770 1817 2929 1858 sensu
2980 1802 3149 1859 bonas
3190 1804 3539 1874 cogitationes
3579 1805 3795 1874 gignere

2219 1908 2316 1949 nec
2344 1893 2627 1948 in'ultimis
2658 1894 2822 1948 valet.
2858 1897 2898 1949 Α
2930 1895 3112 1966 vigore
3133 1896 3273 1951 enim
3296 1895 3407 1966 jatn
3454 1896 3668 1966 proprio
3697 1896 3794 1951 de-

2222 1988 2354 2050 ft'cit,
2388 1996 2443 2040 et
2495 1996 2669 2040 tamen
2716 1985 2890 2041 adhuc
2925 1988 3226 2040 transitoria
3257 1988 3640 2057 concupiscere
3685 2002 3792 2041 non

2214 2078 2445 2145 desistit,
2472 2076 2692 2147 jamque
2723 2095 2752 2132 a
2785 2076 3049 2147 pristinoi
3090 2079 3281 2134 robore
3316 2079 3529 2145 lassata,
3564 2095 3697 2148 pene
3731 2080 3797 2135 ab

2215 2170 2332 2239 ipso
2358 2184 2516 2239 quem
2549 2166 2719 2239 diligit
2768 2170 2972 2224 mundo
3006 2171 3302 2240 repellitur,
3334 2180 3390 2227 et
3419 2180 3595 2226 tamen
3625 2172 3797 2226 adhuc

2214 2263 2403 2317 annisu
2456 2263 2702 2332 improbo
2731 2262 2977 2318 obtinere
3008 2266 3320 2332 temporalia
3350 2276 3593 2320 conatur.
3624 2268 3798 2335 Agere

2210 2354 2320 2424 jam
2358 2370 2608 2424 perversa
2664 2373 2769 2411 non
2815 2357 3036 2427 sufﬁcit,
3071 2359 3163 2412 sed
3212 2366 3388 2414 tamen
3443 2359 3676 2429 cogitare
3716 2359 3797 2414 vel

2215 2464 2335 2519 quae
2365 2464 2470 2504 non
2520 2452 2628 2520 agit
2678 2465 3012 2520 nequaquam
3054 2451 3288 2507 desistit.
3317 2452 3484 2508 Recte
3525 2468 3654 2524 ergo
3691 2469 3796 2508 non

2216 2541 2390 2596 solum
2437 2544 2663 2610 sterilis,
2695 2544 2789 2598 sed
2830 2545 2990 2598 etiam
3041 2561 3148 2598 non
3190 2546 3404 2616 pariens
3435 2546 3649 2613 dicitur,
3680 2562 3797 2617 qua:

2216 2650 2315 2691 suo
2341 2650 2525 2703 sensu,
2557 2647 2614 2692 ut
2639 2638 2899 2704 diximus,
2925 2640 2989 2693 ad
3023 2640 3179 2694 bonae
3200 2640 3537 2704 cogitationis
3567 2640 3792 2710 prolem,

2217 2745 2317 2786 nec
2346 2747 2467 2787 cum
2502 2732 2762 2786 infirmata
2788 2731 2966 2798 inet-it,
2995 2731 3211 2791 fetatur.

2293 2823 2347 2876 5.
2408 2823 2632 2878 Labores
2670 2824 3031 2891 haereticorum
3082 2820 3298 2879 sieriles.
3330 2825 3574 2891 —Quod
3620 2834 3796 2882 tamen

2219 2914 2444 2985 intelligi
2488 2916 2650 2969 etiam
2706 2915 2775 2969 de
2814 2916 3077 2971 haereticis
3131 2916 3545 2985 praedicantibus
3599 2926 3791 2988 potest.

2220 3007 2594 3076 Unusquisque
2624 3008 2767 3061 enim
2811 3007 3126 3075 praedicator
3160 3009 3378 3073 erroris,
3410 3008 3534 3062 dum
3584 3010 3796 3077 plebem

2219 3112 2370 3155 extra
2399 3100 2651 3154 unitatem
2684 3100 2937 3154 Ecclesiae
2968 3100 3191 3169 positam
3221 3102 3397 3167 docet,
3430 3104 3664 3169 proiecto
3693 3111 3799 3157 ste-

2224 3194 2396 3256 rilem,
2430 3204 2482 3247 et
2513 3209 2629 3248 eam
2660 3209 2776 3261 qua:
2807 3208 2994 3262 parere
3036 3208 3141 3248 non
3178 3196 3339 3259 valet,
3376 3198 3563 3263 pascit,
3597 3198 3717 3266 quia
3747 3207 3800 3253 et

2175 3330 2190 3350 ,
2223 3285 2274 3340 ei
2298 3300 2453 3338 usum
2482 3286 2562 3338 sui
2594 3284 2791 3338 laboris
2822 3285 3101 3355 impendit,
3132 3301 3248 3356 qua:
3286 3287 3557 3355 spiritales
3596 3286 3800 3343 fructus

2226 3389 2563 3445 nequaquam
2618 3373 2811 3430 reddit.
2855 3376 3000 3431 Bene
3048 3387 3223 3431 autem
3283 3376 3455 3431 vidum
3503 3391 3607 3432 non
3653 3378 3798 3443 facit,

2227 3466 2352 3537 quia
2381 3465 2634 3520 videlicet
2683 3474 2887 3521 sancta:
2925 3465 3209 3521 universali
3241 3466 3517 3535 Ecclesiae,
3547 3468 3700 3539 cujus
3724 3471 3804 3524 vir

2225 3559 2450 3613 adversa
2499 3559 2687 3613 mortis
2736 3558 2975 3627 pertulit,
3028 3559 3208 3614 vivere
3254 3575 3318 3613 ac
3357 3559 3627 3615 deservire
3671 3576 3802 3615 con-

2226 3651 2435 3707 temnit.
2466 3650 2650 3705 Vidua':
2672 3652 2812 3705 enim
2844 3650 3159 3706 benefacere
3181 3661 3263 3707 est
3288 3651 3343 3706 itt
3374 3652 3488 3723 ejus
3512 3668 3629 3722 quae
3656 3668 3803 3709 mor-

2226 3746 2301 3798 tui
2330 3742 2429 3797 viri
2451 3744 2532 3796 sui
2561 3758 2743 3796 amore
2772 3742 3066 3798 conteritur
3090 3741 3116 3781 ¹ί
3142 3745 3508 3801 consolatione
3540 3745 3804 3803 laborare.

2228 3836 2383 3892 Unde
2409 3848 2462 3891 et
2508 3836 2806 3891 Psalmistae
2830 3851 2961 3891 voce
3007 3837 3121 3891 haec
3169 3837 3359 3893 eadem
3391 3838 3572 3907 vidua,
3601 3841 3808 3897 scilicet

2227 3940 2410 3986 sancta
2470 3930 2711 3985 Ecclesia
2755 3930 3013 3999 queritur,
3068 3931 3675 3988 dicens:Consolantem
3730 3951 3809 3990 me

2226 4024 2459 4095 quesivi,
2489 4034 2537 4078 et
2568 4040 2668 4077 non
2698 4024 2868 4077 inveni
2901 4021 3072 4094 (Psal,
3104 4040 3289 4093 vant,
3318 4023 3431 4094 2i).
3457 4023 3606 4082 Tunc
3634 4026 3806 4082 solum

2227 4124 2428 4192 quippe
2455 4121 2823 4176 consolantetn
2855 4120 3078 4187 invenit,
3110 4137 3230 4175 cum
3262 4137 3327 4176 ex
3358 4138 3418 4175 ea
3448 4132 3619 4178 morte
3645 4138 3807 4192 quam

2228 4214 2313 4268 vir
2343 4215 2461 4283 ejus
2494 4214 2711 4283 pertulit
2740 4214 2936 4268 multos
2965 4214 3105 4268 intra
3130 4216 3467 4282 semetipsatn
3498 4232 3714 4286 surgere
3741 4219 3809 4273 ad

2229 4307 2391 4363 vitam
2422 4309 2615 4362 cernit.
2664 4307 2821 4375 Saepe
2868 4317 3043 4361 autem
3076 4308 3391 4376 praedicator
3418 4309 3616 4363 erroris
3653 4310 3811 4380 itujus

2230 4403 2414 4456 tnttndi
2463 4402 2715 4455 divitibus
2739 4402 2998 4473 jungitur,
3031 4402 3117 4472 qui
3170 4417 3269 4472 pro
3317 4417 3383 4458 eo
3408 4403 3550 4471 quod
3581 4405 3812 4461 terrenis

2237 4494 2678 4563 occupationibus
2730 4495 3028 4559 incubant,
3092 4495 3356 4549 dictorum
3409 4495 3814 4565 deprehendere

2232 4587 2455 4640 astutias
2482 4585 2762 4654 ignorant;
2792 4595 2845 4639 et
2870 4601 2989 4640 cum
3016 4594 3260 4654 potentes
3287 4602 3410 4643 esse
3432 4589 3669 4644 exterius
3698 4604 3813 4644 am-

2235 4680 2408 4741 biunt,
2470 4694 2739 4748 perversa:
2781 4679 3176 4748 praedicationis
3220 4679 3414 4750 laqueo
3464 4682 3581 4738 sine
3629 4681 3814 4739 labore

2234 4771 2535 4840 capiuntur.
2574 4771 2724 4826 Unde
2754 4779 2806 4824 et
2846 4770 3090 4825 subditur
3126 4788 3140 4824 :

2596 4866 2597 4869 “
2850 4860 3076 4917 CAPUT
3116 4862 3197 4917 IV.

2308 4955 2473 5012 Vens.
2502 4952 2595 5009 22.
2614 4984 2685 4997 —
2714 4954 2948 5010 Detraxit
2978 4955 3133 5024 fortes
3154 4955 3207 5008 in
3235 4955 3537 5026 fortitudine
3565 4972 3680 5011 sua.

2305 5048 2360 5104 6.
2408 5049 2464 5103 In
2521 5046 2835 5104 forti-tudine
2886 5050 3080 5117 quippe
3140 5048 3261 5102 sua:
3310 5048 3586 5118 pravitatis
3652 5049 3819 5107 fortes

2234 5156 2477 5214 quosque
2530 5140 2793 5206 detrahit,
2847 5155 2967 5193 cum
3022 5154 3116 5209 per
3173 5140 3256 5195 sui
3313 5142 3513 5195 erroris
3569 5144 3820 5201 astutiam

2233 5243 2417 5301 mundi
2450 5242 2605 5313 hujus
2635 5251 2881 5312 potentes
2902 5239 3062 5309 rapit.
3084 5240 3230 5307 Quos
3261 5250 3448 5296 contra
3475 5255 3569 5309 per
3598 5241 3821 5300 Paulum

2313 5358 2462 5413 BMs.
2511 5372 2699 5412 omnes
2749 5357 2959 5420 Norm.,
3016 5356 3122 5413 duo
3159 5355 3355 5423 Laud.,
3398 5355 3604 5423 Gertn.,
3651 5359 3818 5413 Corb.

2239 5431 2420 5554 Gelrm.
2450 5437 2506 5486 et
2529 5428 2640 5496 alii,
2674 5429 2743 5484 ita
2776 5428 2993 5484 habent.
3028 5428 3082 5484 in
3114 5429 3257 5483 Edit.
3286 5428 3481 5499 legitur
3504 5432 3635 5485 uteri
3662 5431 3821 5502 virgi-

2239 5518 2303 5554 na
2329 5519 2393 5554 ιε.

2237 5518 2393 5556 nam.

2310 5570 2336 5609 ιι
2363 5574 2507 5627 linus
2538 5570 2728 5629 Laud..
2760 5571 2913 5625 venit.

2314 5644 2332 5713 ι
2359 5644 2543 5699 Nom).
2556 5682 2570 5705 ,
2601 5642 2834 5713 negligit.

2311 5712 2326 5767 i
2360 5714 2608 5779 Vindoc.,
2641 5712 2833 5768 labore.
2854 5714 2908 5770 In
2941 5712 3104 5778 Utic.,
3136 5712 3236 5769 hac
3265 5726 3399 5770 voce
3424 5712 3698 5771 dimidiata
3728 5730 3817 5772 re-

2237 5787 2383 5851 licta,
2414 5784 2605 5851 legitur
2632 5786 2833 5839 robore.

2308 5856 2416 5913 1ιιιι
2470 5856 2718 5919 iL:tnd.,
2776 5856 3122 5910 consolatione
3169 5860 3412 5925 relevare,
3473 5866 3524 5914 et
3581 5859 3818 5917 secunda

2242 5944 2399 5985 manu
2433 5928 2781 5981 consolatione
2823 5928 3074 5982 laborare.
