4104 6350
310 481 377 535 is
1024 442 1037 451 ’
1099 470 1457 537 uenenum
1496 479 1627 537 LIB.
1667 477 1831 535 xvn.
1874 506 1942 520 --
1981 477 2045 534 lN
2087 479 2310 535 CAPUT
2354 479 2519 537 xxrv
2557 481 2617 538 Β.
2661 482 2794 538 JUB.
3502 480 3573 547 tt

300 592 500 649 dicitur
522 607 538 646 :
562 593 782 662 stt/irata
823 595 1005 650 mundi
1047 596 1196 666 elegit
1228 596 1387 667 Deus,
1414 606 1438 634 λ
1470 603 1526 652 ut
1551 596 1885 666 confunderet
1912 596 1966 658 Α
1990 592 2171 648 ducit?
2198 594 2279 649 Tu
2308 602 2476 649 autem
2503 596 2781 653 secundum
2805 604 2831 643 κ
2858 595 3101 651 duritiam
3132 605 3270 652 tuam
3298 605 3346 652 et
3371 598 3572 652 carim-

300 687 462 757 fortia
488 685 544 759 (ι
565 685 685 743 Cor.
716 704 757 757 ι,
784 688 901 760 27).
937 690 1215 747 Fortitudo
1259 700 1438 747 autem
1477 691 1715 762 perversi
1747 706 1884 762 prai-

298 777 561 834 dicatoris
610 790 692 835 est
721 778 861 836 elata
892 782 1118 838 scientia
1157 783 1465 850 locutionis,
1513 797 1616 853 qua
1647 784 1882 851 inﬂatus,

298 879 534 925 caeteros
559 868 809 940 despicit,
852 880 1011 942 atque
1040 873 1094 930 in
1122 883 1434 945 contemptu
1471 876 1709 933 omnium
1729 874 1885 947 quasi

296 963 650 1034 singulariter
672 964 814 1036 apud
854 981 915 1024 se
958 969 1162 1038 peritus
1201 971 1529 1028 intumescit.
1558 971 1662 1039 Qui
1692 986 1887 1043 magna

296 1054 373 1112 de
397 1072 458 1112 se
486 1058 751 1126 sentiens,
790 1059 885 1116 sed
911 1075 1037 1117 vera
1063 1062 1133 1119 de
1168 1063 1395 1119 Domino
1422 1064 1699 1135 ignorans,
1729 1066 1887 1137 longe

296 1164 335 1205 ι
360 1149 485 1207 ﬁdei
530 1152 835 1222 cognitione
871 1152 1212 1226 disjungitur,
1252 1166 1307 1213 et
1336 1168 1511 1213 tamen
1551 1158 1725 1217 videri
1761 1158 1887 1216 ﬁdei

297 1244 629 1312 [eradicatur
657 1255 897 1302 conatur.
934 1247 1088 1304 Unde
1113 1248 1289 1304 adhuc
1321 1251 1599 1307 subditur:

748 1339 972 1395 CAPUT
1020 1340 1064 1397 v
1113 1341 1258 1413 [ναι.
1303 1341 1446 1416 ur].

380 1428 504 1485 lein.
532 1458 603 1472 —
624 1428 692 1484 Et
717 1446 836 1486 cum
864 1433 1080 1499 steterit,
1109 1430 1138 1471 ιι
1169 1451 1271 1489 non
1306 1436 1481 1489 credet
1508 1444 1625 1490 eum
1651 1451 1775 1491 sua.

379 1521 431 1576 7.
475 1521 633 1576 Omni
666 1533 895 1591 peccator
913 1524 1287 1581 incredulitatis
1312 1543 1450 1580 reus.
1476 1555 1546 1567 —-
1568 1529 1687 1582 Stat
1711 1528 1764 1582 in
1785 1526 1887 1582 hoc

304 1614 508 1669 mundo
562 1630 848 1684 perversus
900 1617 1129 1686 quisque
1180 1616 1541 1687 prmdicator,
1609 1634 1888 1689 quousque

309 1715 525 1761 terreno
561 1706 692 1761 vivit
742 1707 796 1761 in
825 1722 1070 1776 corpore.
1124 1708 1232 1765 Sed
1260 1710 1384 1764 vita
1415 1725 1527 1765 sua:
1551 1710 1773 1766 credere
1800 1726 1889 1768 re—

306 1799 441 1863 nuit,
476 1800 599 1867 quia
629 1799 697 1853 de
729 1799 837 1855 Deo
868 1816 992 1856 vera
1040 1816 1364 1872 cognoscere
1394 1806 1712 1860 contemnit.
1751 1805 1884 1860 Vitae

309 1891 448 1944 enim
479 1906 592 1945 suae
621 1892 884 1958 crederet,
920 1893 967 1949 si
1008 1894 1076 1950 de
1124 1896 1420 1952 conditoris
1470 1898 1556 1953 sui
1586 1900 1886 1955 substantia

1985 687 2235 755 pauitans
2266 686 2580 741 thesaurisas
2626 686 2718 742 tibi
2744 688 2876 742 iram
2904 688 2958 741 in
2995 688 3079 745 die
3104 688 3198 743 irte
3225 698 3278 743 et
3304 689 3572 744 revelatio-

1985 779 2065 834 nis
2100 778 2234 849 justi
2252 779 2447 850 judicii
2473 778 2571 835 Dei
2596 779 2771 849 (Rom.
2817 796 2879 849 ιι,
2903 779 2961 850 ι,
2984 778 3063 851 5).
3096 780 3231 837 Hinc
3262 780 3428 837 Isaias
3454 780 3568 836 ait:

1985 872 2129 929 Puer
2155 883 2357 930 centum
2401 891 2654 930 annorum
2682 876 2947 947 morietur,
2993 884 3040 931 st
3089 884 3327 947 peccator
3367 883 3570 932 centum

1985 982 2239 1021 annorum
2285 966 2591 1023 maledictus
2638 967 2739 1023 erit
2786 965 2942 1038 (Isai.
2996 983 3118 1037 uv,
3170 967 3286 1040 20).
3312 965 3341 1007 ¹ι
3396 969 3476 1027 Ae
3521 969 3569 1028 si

1991 1069 2181 1131 aperte
2203 1075 2303 1118 nos
2327 1061 2621 1130 deterreat,
2652 1060 2837 1118 dicens
2865 1080 2877 1114 :
2914 1062 3031 1119 Vita
3069 1063 3287 1133 quidem
3317 1066 3469 1135 pueri
3511 1067 3570 1123 in

1987 1152 2203 1224 longum
2251 1152 2503 1221 trahitur,
2554 1162 2668 1209 uta
2698 1153 2853 1209 lactis
2897 1153 3193 1224 puerilibus
3232 1158 3569 1228 corrigatur;

1986 1246 2082 1301 sed
2112 1246 2159 1302 si
2187 1260 2214 1300 a
2263 1245 2468 1316 peccati
2502 1246 2899 1317 perpetratione
2949 1261 3048 1303 nec
3083 1248 3339 1318 temporis
3365 1250 3575 1321 longin-

1986 1337 2189 1407 quitate
2235 1336 2614 1406 compescitur,
2676 1339 2790 1392 haec
2838 1338 2951 1408 ipsa
2998 1339 3121 1395 vitm
3167 1339 3569 1411 longinquitas.

1987 1444 2144 1500 quam
2196 1445 2291 1499 per
2338 1430 2764 1487 misericordiam
2806 1432 3034 1501 accepit,
3081 1433 3129 1487 ei
3187 1432 3254 1489 ad
3302 1448 3575 1491 cumulum

1987 1523 2380 1580 maledictionis
2409 1525 2626 1580 crescit.
2659 1523 2809 1581 Unde
2854 1539 3079 1581 necesse
3108 1532 3193 1581 est
3220 1533 3279 1579 ut
3308 1539 3428 1583 cum
3476 1540 3572 1581 uos

1987 1616 2187 1672 diutius
2215 1618 2514 1687 exspectari
2541 1616 2922 1685 conspicimus,
2956 1616 3071 1689 ipsa
3116 1626 3434 1687 praarogatm
3463 1618 3574 1688 pie-

1990 1710 2113 1764 tatis
2144 1718 2386 1778 tempora
2426 1710 2579 1780 quasi
2623 1710 2984 1766 damnationis
3024 1721 3337 1783 argumenta
3387 1702 3575 1769 timeao

1989 1813 2129 1867 mus,
2162 1814 2229 1854 ne
2257 1815 2324 1855 ex
2346 1800 2632 1856 clementia
2654 1800 2851 1871 judicis
2876 1810 3083 1858 crescat
3109 1803 3428 1874 supplicium
3454 1818 3575 1873 pec.

1988 1892 2219 1959 catoris;
2248 1902 2304 1949 et
2333 1892 2475 1948 unde
2502 1894 2727 1963 quisque
2754 1894 2888 1963 eripi
2929 1909 2961 1950 a
2992 1904 3166 1952 morte
3193 1904 3423 1964 poterat,
3453 1894 3580 1952 inde

307 1991 455 2037 recte
485 1986 729 2039 sentiret.
762 1983 890 2040 ﬂare
932 1987 1115 2058 itaque
1143 1990 1390 2058 superius
1417 1994 1483 2045 de
1512 1992 1749 2061 quolibet
1791 1994 1891 2048 ini-
1920 1984 1967 2044 B
1994 1988 2207 2056 gravius
2251 1988 2318 2043 ad
2349 1997 2575 2043 mortem
2621 1987 2824 2044 tendat.
2854 1988 3007 2055 Quod
3039 1988 3239 2043 idcirco
3268 1990 3578 2060 plerumque

310 2092 419 2146 quo
445 2078 649 2144 prolata
678 2080 1011 2148 dicebamus,
1043 2084 1137 2137 sed
1170 2094 1389 2153 repente
1428 2085 1493 2139 ad
1523 2086 1724 2141 erroris
1752 2102 1891 2157 prm-

307 2167 600 2226 dicatorem
650 2172 979 2229 intellectum
1020 2184 1044 2214 ε
1085 2176 1363 2232 vertimus.
1416 2177 1570 2234 Unde
1611 2180 1890 2237 sciendum

309 2269 394 2317 est
412 2265 535 2333 quia
564 2266 642 2321 sic
672 2266 740 2321 ad
765 2269 1000 2337 speciem
1024 2269 1292 2337 ducimur,
1321 2269 1347 2308 ἀ
1372 2281 1427 2327 ιιι
1453 2287 1788 2342 nequaquam
1810 2282 1891 2329 ta-

309 2368 433 2410 men
464 2368 498 2408 a
534 2372 734 2426 genere
781 2358 1020 2415 funditus
1068 2362 1378 2418 evellamur.
1428 2362 1561 2419 Nam
1606 2380 1891 2433 perversus

310 2446 537 2517 quisque
566 2449 724 2505 etiam
769 2453 815 2506 si
862 2463 1065 2508 rectam
1097 2454 1256 2512 iidem
1306 2456 1359 2511 in
1411 2457 1530 2512 sinu
1577 2459 1894 2517 universalis

310 2537 567 2595 Ecclesia:
617 2552 801 2599 tenere
848 2545 1110 2614 videatur,
1158 2557 1285 2615 stat,
1315 2548 1473 2620 537
1504 2562 1558 2605 et
1604 2550 1726 2606 vita:
1779 2567 1893 2608 suae

311 2643 416 2685 non
446 2630 635 2700 credit,
666 2633 792 2703 quia
833 2646 981 2690 recta
1012 2637 1226 2707 quidem
1277 2649 1403 2694 sunt
1441 2656 1562 2710 quae
1605 2656 1698 2709 per
1730 2642 1891 2698 [idem

314 2719 380 2778 de
406 2724 682 2781 conditore
713 2728 982 2799 intelligit,
1013 2730 1108 2786 sed
1137 2741 1314 2789 tamen
1347 2732 1466 2789 ﬁdei
1509 2749 1674 2804 opera
1709 2746 1893 2792 tenere

314 2818 640 2883 contemnit;
674 2829 729 2875 et
757 2821 1143 2878 incredulitatis
1188 2825 1544 2896 redarguitur,
1577 2828 1697 2896 quia
1729 2830 1797 2884 ab
1828 2844 1893 2884 eo

315 2909 458 2978 quod
488 2924 546 2964 se
575 2912 815 2967 ostendit
839 2915 1086 2982 credere,
1121 2918 1349 2972 vivendo
1380 2919 1723 2988 reprobatur.
1759 2920 1892 2976 Hine

314 3004 456 3058 enim
487 3020 582 3073 per
606 3004 865 3063 Joannem
909 3009 1101 3065 dicitur
1127 3027 1141 3064 :
1172 3010 1270 3076 Qui
1295 3013 1420 3066 dicit
1445 3029 1500 3067 se
1529 3029 1676 3068 nosse
1704 3014 1890 3087 Deum,

314 3104 360 3150 et
385 3097 629 3153 mandata
655 3101 765 3170 ejus
792 3118 894 3156 non
922 3104 1165 3172 custodit,
1211 3106 1434 3161 mendax
1458 3118 1530 3161 est
1564 3106 1616 3180 (1
1639 3106 1798 3164 Joan.
1832 3125 1891 3176 ιι,

314 3185 393 3255 4).
424 3186 559 3243 llinc
590 3188 785 3245 Paulus
811 3193 885 3247 ait
912 3212 922 3244 :
950 3193 1267 3263 Conﬁtentur
1316 3214 1370 3251 se
1407 3214 1555 3253 nosse
1600 3197 1784 3267 Deum,
1810 3202 1897 3271 [a-

314 3280 404 3373 ctis
436 3291 609 3337 autem
656 3295 841 3373 negant
882 3286 1009 3355 (Tit.
1048 3288 1226 3361 ι,ε16).
1272 3291 1407 3346 Hinc
1444 3290 1674 3349 Jacobus
1721 3293 1891 3349 dicit:

1994 2081 2190 2151 agitur,
2216 2082 2340 2152 quia
2370 2097 2704 2151 nequaquam
2735 2098 2764 2135 a
2796 2082 3150 2153 praesentibus
3174 2082 3368 2138 mentis
3390 2082 3577 2139 oculus

1992 2182 2292 2243 separatur.
2324 2171 2679 2231 Considerare
2707 2190 2937 2245 namque
2966 2184 3217 2244 peccator
3244 2175 3571 2245 Redempto-

1994 2268 2067 2321 ris
2095 2268 2206 2321 vias
2247 2268 2493 2338 negligit,
2538 2279 2592 2324 et
2624 2268 2826 2325 idcirco
2858 2271 2909 2324 in
2965 2272 3077 2325 suis
3128 2271 3409 2327 itineribus
3450 2271 3570 2329 sine

1994 2361 2297 2417 cessatione
2322 2364 2629 2420 veterascit.
2670 2362 2820 2419 Unde
2846 2373 2900 2418 et
2930 2365 3182 2420 subditur
3210 2387 3223 2420 :

2287 2452 2516 2511 canor
2558 2455 2644 2511 vn
2681 2454 2826 2529 [Vet.
2862 2454 2969 2522 ιν,
3003 2456 3131 2514 Rec.
3171 2457 3258 2532 v1.

2065 2546 2191 2602 leto.
2221 2575 2293 2589 —-
2322 2547 2472 2602 Oculi
2496 2551 2629 2603 enim
2656 2551 2766 2615 eius
2795 2552 2987 2605 suntin
3020 2553 3112 2606 viis
3135 2554 3293 2608 illius.

2066 2642 2119 2697 9.
2158 2640 2409 2697 Peccator
2436 2643 2531 2696 uiis
2565 2642 2776 2697 Domini
2806 2644 3000 2699 relictis
3018 2687 3033 2713 ,
3062 2646 3116 2700 in
3146 2647 3274 2715 suis,
3309 2649 3403 2702 Itoc
3430 2659 3502 2703 est
3529 2650 3577 2706 itt

1996 2732 2129 2787 vitiis
2155 2733 2454 2789 delectatur.
2479 2764 2548 2775 —
2576 2735 2698 2791 Vias
2720 2736 2864 2791 enim
2894 2750 3018 2792 suas
3042 2744 3294 2807 peccator
3324 2742 3577 2809 intuetur,

1994 2826 2116 2894 quia
2148 2826 2261 2880 sola
2299 2824 2317 2864 ί
2352 2827 2609 2896 cogitare,
2641 2830 2755 2884 sola
2783 2844 3008 2885 cernere
3029 2831 3216 2887 nititur
3235 2848 3353 2901 qua:
3385 2834 3486 2889 sibi
3514 2835 3580 2891 ad

1998 2918 2339 2973 commodum
2396 2921 2689 2988 temporale
2741 2920 3125 2990 suifragentur.
3188 2924 3320 2981 Hinc
3377 2927 3579 2981 etenim

1995 3009 2191 3065 Paulus
2227 3010 2357 3066 dicit
2382 3028 2395 3066 :
2432 3011 2620 3067 Omnes
2647 3029 2765 3083 qua
2794 3031 2891 3069 sua
2919 3023 3316 3087 suntquterunt,
3346 3035 3446 3072 non
3469 3032 3582 3090 qua
3638 3029 3643 3039 ‘

1995 3101 2119 3157 Jesu
2151 3101 2339 3158 Christi
2382 3103 2606 3179 (Philip.
2659 3121 2719 3175 ιι,
2764 3106 2880 3176 2i).
2918 3108 3010 3163 Via
3056 3125 3283 3179 namque
3311 3111 3461 3179 elati,
3495 3126 3578 3166 su-

1999 3197 2208 3266 perbia;
2242 3198 2323 3251 via
2354 3198 2603 3268 raptoris,
2630 3198 2851 3254 avaritia
2877 3217 2891 3266 ;
2925 3200 3009 3256 via
3039 3211 3125 3257 est
3155 3202 3367 3271 lubrici,
3396 3203 3413 3255 ι
3454 3218 3578 3261 con-

1999 3292 2322 3360 cupiscentia
2351 3292 2599 3347 carnalis.
2650 3294 2708 3348 In
2740 3294 2839 3348 viis
2868 3309 2997 3364 ergo
3027 3298 3138 3350 suis
3193 3298 3407 3367 iniquus
3434 3298 3579 3369 quis-

314 3369 476 3428 Fides
513 3376 623 3429 sine
651 3369 888 3447 operibus
930 3390 1126 3435 mortua
1152 3391 1226 3436 est
1259 3381 1400 3452 (Jac.
1433 3400 1495 3452 ιι,
1519 3385 1610 3451 20,
1640 3383 1753 3460 26).
1786 3388 1892 3443 Sed
1920 3376 1968 3441 C
1999 3399 2102 3456 que
2150 3385 2334 3439 oculos
2363 3384 2633 3455 deprimit,
2677 3388 2802 3455 quia
2842 3386 2975 3441 solis
3014 3388 3184 3451 vitiis,
3222 3398 3278 3444 ut
3326 3406 3419 3459 per
3467 3391 3581 3449 haec

315 3461 454 3519 inter
502 3466 617 3522 haec
665 3470 910 3527 conditor
961 3474 1095 3527 mira
1144 3473 1548 3543 dispensatione
1587 3479 1798 3532 consilii
1842 3489 1897 3536 et

314 3556 496 3625 culpas
516 3562 753 3629 respicit,
786 3570 841 3618 et
866 3565 1075 3620 vivendi
1099 3576 1341 3635 tempora
1368 3569 1648 3637 impendit,
1685 3581 1740 3624 ut
1774 3571 1892 3626 lon-

312 3647 461 3718 giora
503 3655 812 3721 temporalis
852 3656 973 3711 vitae
1022 3658 1195 3726 spatia
1242 3668 1332 3714 aut
1377 3674 1639 3717 converse
1676 3661 1809 3715 ﬁatut
1839 3664 1894 3717 in

317 3740 637 3809 adjutoriutn
684 3748 942 3816 muneris,
971 3759 1064 3804 aut
1093 3766 1199 3804 non
1251 3766 1514 3808 converso
1541 3751 1610 3807 ad
1640 3766 1896 3823 augmen-

319 3842 427 3888 tum
455 3836 828 3892 damnationis.
864 3839 1011 3895 Unde
1039 3842 1215 3897 adbuc
1242 3844 1523 3899 subditur:

769 3930 996 3989 CAPUT
1028 3933 1090 3989 vr
1122 3934 1269 4006 In“.
1313 3934 1443 4006 IV].

392 4022 550 4080 Vsus.
580 4025 671 4080 2'5.
701 4054 772 4067 -—
823 4025 975 4101 Dedit
1001 4029 1045 4082 ei
1074 4026 1217 4084 Deus
1246 4032 1413 4085 locum
1460 4031 1803 4101 pauitantia,
1846 4038 1893 4082 et

317 4118 401 4174 ille
427 4120 654 4174 abutitur
683 4138 740 4176 eo
767 4138 821 4175 tn
848 4123 1107 4190 superbia.

383 4218 436 4270 8.
458 4213 814 4269 Misericordia
834 4216 1086 4286 peccatori
1108 4216 1337 4287 impensa
1358 4227 1406 4270 et
1434 4218 1684 4288 neglecta,
1714 4218 1765 4270 in
1787 4234 1893 4287 pae-

316 4323 433 4361 nam
458 4310 687 4362 vertitur.
717 4338 789 4350 —
829 4309 1076 4378 Quisquis
1114 4310 1379 4379 delinquit
1423 4321 1478 4366 et
1507 4310 1658 4377 vivit,
1691 4310 1892 4366 idcirco

315 4398 455 4454 hunc
480 4399 657 4455 divina
688 4401 1015 4469 diSpensatio
1046 4412 1067 4438 ε
1101 4404 1152 4456 itt
1179 4403 1459 4472 iniquitate
1487 4404 1712 4468 tolerat,
1747 4414 1803 4458 ut
1824 4403 1891 4457 ab

314 4490 590 4561 iniquitate
630 4505 951 4564 compescat.
986 4497 1089 4551 Sed
1118 4498 1205 4565 qui
1239 4498 1436 4552 diutius
1488 4497 1763 4564 toleratur,
1789 4512 1891 4552 nec

322 4592 498 4639 tamen
531 4587 597 4641 ab
626 4587 902 4657 iniquitate
932 4590 1308 4657 compescitur,
1343 4606 1537 4647 munus
1562 4592 1776 4662 quidem
1798 4606 1890 4645 su-

316 4691 492 4744 pernae
523 4678 787 4747 patientiae
818 4681 1059 4749 percipit,
1095 4682 1188 4735 sed
1220 4692 1399 4738 reatus
1433 4686 1512 4738 sui
1542 4684 1788 4748 vinculis,
1820 4700 1886 4738 ex

1999 3475 2178 3531 animo
2225 3473 2541 3543 satisfaciat,
2594 3476 2841 3532 intendit.
2889 3477 3041 3535 Unde
3094 3496 3184 3547 per
3228 3480 3577 3538 Salomonem

1998 3573 2192 3628 dicitur
2221 3588 2236 3625 :
2271 3571 2422 3628 Oculi
2446 3572 2724 3627 stultorum
2755 3574 2809 3625 in
2838 3573 3027 3641 ﬁnibus
3058 3586 3205 3629 teme
3227 3576 3407 3645 (Prov.
3452 3592 3578 3645 xvu,

1998 3664 2114 3735 54),
2168 3666 2288 3733 quia
2335 3664 2436 3717 hoe
2461 3665 2635 3719 solum
2667 3672 2776 3719 tota
2808 3665 2988 3719 cordis
3026 3667 3323 3722 intentione
3366 3670 3579 3734 ctutspi-

1995 3759 2161 3820 ciunt,
2209 3771 2303 3825 per
2323 3757 2463 3826 quod
2483 3757 2550 3810 ad
2584 3757 2742 3811 linem
2770 3757 2967 3813 terreni
2998 3757 3249 3814 desiderii
3278 3760 3579 3829 perducan-

2002 3858 2103 3903 tur.
2132 3847 2475 3919 Nequaquam
2524 3864 2651 3904 vero
2696 3865 2808 3904 suae
2849 3850 3289 3907 considerationis
3335 3852 3578 3909 obtutum

1996 3941 2049 3997 in
2094 3951 2233 3997 terra
2259 3951 2507 4012 peccator
2539 3936 2745 4011 li'geret,
2774 3944 2816 3996 si
2847 3943 3009 4015 538
3051 3942 3119 3997 ad
3145 3951 3327 3999 saneta
3356 3948 3436 4000 sui
3472 3945 3576 4003 lle-

1996 4035 2285 4102 demptoris
2333 4035 2523 4090 itinera
2576 4036 2770 4090 tuentis
2813 4035 3002 4090 oculos
3046 4038 3264 4091 levaret.
3306 4034 3459 4094 Unde
3482 4053 3578 4109 per

1996 4128 2335 4183 Salomonetn
2368 4144 2577 4183 rursum
2601 4129 2793 4183 dicitur
2819 4146 2833 4184 :
2870 4128 3018 4182 Oculi
3050 4131 3296 4200 sapientis
3315 4134 3382 4201 .in
3413 4133 3578 4202 capite

1995 4222 2105 4295 ejus
2133 4221 2332 4293 (Eccle.
2360 4239 2418 4289 ιι,
2452 4224 2557 4293 li),
2589 4224 2712 4293 quia
2741 4222 2991 4279 videlicet
3021 4226 3236 4293 sapiens
3262 4228 3488 4296 quisque
3512 4227 3578 4282 il-

1996 4316 2104 4371 lum
2150 4324 2261 4370 tata
2295 4317 2592 4370 intentione
2622 4314 2950 4380 considerat,
3001 4316 3153 4384 cujus
3182 4332 3242 4371 se
3272 4319 3573 4373 ιηιιιιιὺιίιιιι

1995 4422 2115 4464 esse
2137 4422 2233 4477 per
2260 4408 2416 4463 (idem
2446 4417 2655 4476 pensat.
2686 4406 2795 4461 llas
2820 4423 3050 4477 namque
3078 4409 3326 4464 humanae
3353 4424 3577 4467 conver-

1995 4501 2215 4557 sationis
2243 4502 2354 4557 vias
2381 4499 2406 4538 ι
2433 4501 2611 4556 videre
2648 4512 3065 4570 contempserat.
3107 4504 3195 4571 qui
3222 4503 3468 4560 dicebat:
3513 4505 3578 4561 In

1995 4596 2251 4649 mandatis
2282 4596 2378 4648 tuis
2416 4594 2431 4631 1
2464 4610 2541 4647 me
2568 4593 2829 4658 exercebo,
2876 4604 2927 4649 et
2951 4596 3287 4650 considerabo
3316 4598 3424 4652 aias
3463 4608 3579 4654 tuas

1995 4686 2161 4755 (Psal.
2194 4703 2378 4753 cmu,
2411 4685 2522 4757 l5).
2566 4687 2642 4741 Ac
2680 4687 2758 4740 sic
2788 4696 2974 4754 aperte
3016 4689 3297 4757 spondeat,
3344 4692 3528 4748 dicens
3559 4708 3576 4747 :

315 4770 428 4836 ipso
469 4788 530 4827 se
574 4787 792 4828 munere
822 4776 1019 4829 arctius
1057 4776 1326 4848 astringit.
1354 4777 1487 4832 Nam
1518 4779 1639 4847 quia
1668 4792 1888 4849 accepta
1918 4771 1972 4831 D
1995 4780 2122 4849 Qua:
2153 4795 2272 4835 mea
2310 4790 2454 4844 sunt,
2488 4779 2599 4849 jam
2629 4777 2810 4834 videre
2839 4781 3062 4851 refugio,
3097 4783 3218 4850 quia
3265 4798 3360 4852 per
3389 4783 3568 4839 imita-

315 4865 643 4935 pmuitentiae
674 4877 911 4937 tempora
932 4868 1149 4924 divertit
1175 4870 1241 4924 ad
1264 4871 1500 4940 culpam,
1534 4872 1811 4928 districtus
1837 4875 1888 4929 in

316 4960 511 5015 ultimis
535 4959 701 5029 judex
733 4962 973 5032 impensa
1004 4977 1318 5035 argumenta
1348 4967 1738 5023 misericordia:
1763 4984 1893 5023 eon-

317 5056 471 5111 vertit
494 5058 560 5111 ad
589 5072 820 5127 pinnam.
851 5058 981 5113 llinc
1010 5074 1238 5129 namque
1270 5075 1361 5128 per
1392 5061 1613 5116 Paulum
1644 5062 1840 5117 dicitur
1875 5081 1887 5116 :

320 5148 336 5187 ι
360 5153 436 5204 An
466 5151 671 5218 ignoras
696 5152 819 5221 quia
846 5154 1093 5217 patientia
1119 5152 1211 5205 Dei
1240 5154 1311 5207 ad
1340 5154 1681 5213 pwnitentiam
1713 5165 1759 5210 te
1785 5157 1881 5209 ad-

384 5284 407 5311 ³·
436 5274 461 5327 l
496 5273 744 5337 Vindoe.,
769 5285 823 5328 nt
846 5278 1001 5344 fortia
1023 5291 1230 5343 quisque
1254 5276 1561 5346 confundat.

429 5346 705 5400 Secundus
735 5346 927 5412 Laud.,
954 5346 1090 5402 Utte.
1126 5358 1179 5403 et
1209 5348 1298 5401 alii
1331 5349 1535 5413 Norm.,
1571 5365 1672 5401 non
1695 5350 1874 5403 credit.

387 5417 554 5470 cPost
604 5416 705 5471 hoc
752 5421 971 5472 verbum
1006 5417 1219 5488 irrepsit
1266 5420 1319 5472 in
1370 5418 1537 5484 Edit.,
1584 5436 1682 5488 quo
1729 5420 1878 5473 modo

314 5496 542 5569 peccator
580 5488 689 5569 diu“
714 5489 1149 5569 toleratur..Qute
1200 5491 1355 5569 verba
1406 5491 1478 5569 inn
1510 5491 1707 5545 nostris
1750 5491 1876 5544 Mss.

313 5558 511 5627 ignota,
541 5566 598 5613 et
622 5558 836 5614 aliunde
880 5558 1097 5614 minime
1125 5560 1565 5616 antecedentibus
1595 5571 1649 5618 et
1686 5575 1878 5617 conse—

313 5630 593 5699 quentibus
619 5631 939 5686 eoltsrenlia
965 5632 1339 5699 expunsimus.

380 5700 403 5737 ά
430 5700 677 5771 Vindoc.,
727 5712 782 5755 ut
811 5711 977 5755 tamen
1006 5718 1039 5754 a
1082 5716 1262 5771 genere
1299 5704 1504 5756 omnino
1548 5719 1648 5757 non
1695 5705 1878 5758 evella-

314 5786 440 5826 mus.
475 5770 683 5835 Germ.,
711 5783 765 5826 ut
797 5781 964 5826 tamen
992 5789 1025 5826 a
1043 5770 1098 5825 re
1119 5775 1344 5827 omnino.

381 5852 402 5879 ε
432 5842 556 5898 Mss.
574 5839 779 5911 Germ.,
798 5842 1253 5913 Anglic.,Norm.,
1274 5844 1463 5910 Laud.,
1486 5843 1730 5910 Vindoc.,
1747 5856 1875 5913 etc.,

314 5911 445 5969 hanc
488 5914 613 5971 lect.
663 5911 933 5972 exhibent.
968 5913 1022 5970 lu
1050 5926 1251 5985 poster.
1290 5915 1429 5971 Edit.
1464 5917 1597 5986 leg.,
1641 5917 1696 5972 in
1716 5911 1877 5988 inqui?-

314 5990 410 6041 late
439 5985 641 6041 tolerat.

314 5990 410 6041 l'ate
439 5990 641 6041 tolerat.

1996 4874 2152 4930 tionis
2185 4884 2288 4928 tuae
2341 4874 2480 4928 viam
2512 4888 2734 4943 pergere
2760 4884 2798 4911 ω
2825 4877 3253 4932 conversationis
3298 4877 3572 4945 gressibus

1996 4966 2294 5020 inardesco.
2324 4964 2425 5032 Qui
2456 4964 2598 5020 enim
2638 4968 2889 5034 prtesenti
2916 4966 3023 5037 iam
3063 4967 3265 5022 mundo
3303 4969 3574 5024 contradi-

1996 5063 2086 5129 cit,
2121 5070 2149 5097 ιι
2193 5062 2396 5116 amoris
2424 5060 2756 5117 excitatione
2779 5062 3029 5117 continua
3087 5062 3463 5130 Redemptoris
3490 5063 3573 5117 sui

1990 5157 2101 5212 vias
2124 5155 2302 5211 cordis
2326 5155 2496 5210 oculis
2513 5154 2721 5225 objicit,
2753 5165 2812 5210 ut
2836 5169 2990 5214 meus
3014 5170 3270 5228 prospera
3295 5154 3483 5227 fugiat,
3507 5156 3573 5211 ad

2058 5275 2077 5313 ι
2106 5275 2290 5329 Norat.
2324 5274 2583 5342 plerique,
2614 5288 2682 5325 an
2705 5273 2893 5328 nescis.

2056 5358 2079 5393 tt
2116 5347 2365 5409 Vindoc.,
2399 5344 2642 5398 duritiam
2664 5344 2856 5400 cordia.

2057 5414 2083 5454 ¹¹
2114 5418 2361 5482 Vindoe.,
2393 5433 2453 5470 ac
2480 5418 2521 5470 si
2551 5417 2690 5470 dicat
2721 5430 2738 5469 :
2777 5416 2908 5470 vita.

2062 5487 2077 5525 ί
2123 5488 2366 5553 Vindoc.,
2400 5490 2621 5559 cogitare
2648 5495 2699 5559 et
2728 5487 2929 5542 ualle"
2955 5485 3163 5541 nititur.

2062 5563 2075 5610 i
2117 5559 2350 5624 Gemet.,
2380 5557 2711 5613 conscientia.

2060 5630 2085 5668 ¹ί
2111 5631 2355 5693 Vindoc.,
2381 5631 2551 5684 videre
2574 5631 2787 5697 cupivit.

2068 5700 2192 5755 lIta
2242 5702 2399 5755 Corb.
2448 5700 2661 5764 σεται,
2712 5700 2947 5767 Turon.,
2998 5700 3210 5767 Norm.,
3240 5709 3349 5756 etc.
3399 5698 3565 5770 Editi,

1987 5772 2274 5827 exercebar.

2059 5854 2095 5880 ιιι
2119 5844 2203 5899 Sic
2229 5859 2345 5897 cum
2375 5842 2603 5911 Anglic.,
2638 5841 3102 5911 Norm.,Vindoc.,
3128 5854 3256 5905 etc.,
3288 5840 3562 5913 antiquiow

1992 5930 2077 5969 res
2109 5914 2323 5967 Excusi.
2358 5912 2704 5977 Posteriores,
2738 5915 3096 5969 conversionis.

2061 5994 2085 6020 η
2121 5984 2321 6039 Turun.
2351 5993 2403 6037 ct
2440 5984 2455 6037 l
2493 5984 2685 6052 l.au.l.,
2720 5985 2908 6038 (tutoris
2932 5984 3314 6039 exercitatione.

2870 6120 2873 6121 ,
2920 6099 3019 6120 ω
