4044 6346
526 395 584 447 15
1743 388 1983 447 SANCTI
2022 386 2351 444 GREGORII
2384 386 2597 445 MAGNI
3722 388 3786 439 ib

521 503 746 577 adversa
793 513 1151 574 praeparetur;
1205 503 1335 558 nihil
1376 501 1519 572 quod
1548 502 1816 558 demulcet
1862 510 2093 572 appetat,
2128 501 2270 568 Aad
2304 502 2408 556 ima
2454 463 2754 557 revocatur.
2798 497 2888 554 Sic
2928 497 2993 552 ad
3041 496 3219 553 nubila
3268 497 3445 552 fumus
3486 494 3781 564 attollitur,

520 595 653 649 nihil
700 596 841 664 quod
886 596 1160 651 deterrere
1203 596 1441 651 creditur
1495 594 1861 665 pertimescat;
1909 609 2106 651 mcero-

519 701 631 740 rem
664 686 913 755 gaudium
936 687 1179 757 deputet;
1215 687 1495 757 praesentis
1534 688 1656 741 vitae
1686 686 1878 756 gaudia
1908 686 2103 741 damna

519 779 768 832 mteroris
800 788 1021 847 penset;
1050 779 1367 848 abjectionis
1394 779 1713 835 detrimenta
1743 792 1846 833 non
1895 780 2101 843 timeat,

519 868 611 923 sed
646 883 740 937 per
770 870 883 925 haec
928 872 1193 926 manentis
1243 872 1427 942 gloriae
1484 873 1659 927 locum
1716 880 1941 941 quaerat.
1998 870 2106 925 Has

517 964 716 1020 etenim
748 966 860 1020 vias
890 969 1224 1037 sequentium
1270 969 1606 1023 monstrabat
1650 968 1822 1024 oculis
1856 967 2103 1035 Veritas,

518 1068 639 1110 cum
670 1058 881 1112 dicebat
916 1076 929 1110 :
980 1057 1041 1113 Si
1076 1060 1189 1129 quis
1236 1060 1360 1113 mihi
1394 1059 1686 1124 ministrat,
1740 1074 1819 1112 me
1866 1067 2107 1125 sequatur

522 1152 705 1222 (Joen.
737 1167 833 1217 xu,
878 1149 995 1223 26).
1029 1152 1108 1207 Ad
1158 1152 1253 1208 has
1284 1154 1399 1208 vias
1430 1153 1685 1208 tumentia
1715 1152 2104 1223 discipulorum

518 1247 679 1302 corda
722 1246 1051 1313 revocabat,
1103 1263 1223 1301 cum
1280 1248 1453 1303 locum
1483 1250 1594 1318 jam
1644 1250 1833 1319 gloria:
1892 1264 2103 1318 quaere-

517 1351 656 1407 rent,
691 1340 787 1394 sed
827 1338 1069 1409 ejusdem
1124 1342 1309 1410 gloria:
1357 1342 1461 1396 iter
1510 1342 1838 1413 ignorarent,
1873 1340 2055 1395 dicens
2090 1357 2103 1394 :

516 1431 739 1487 Potestis
762 1430 929 1485 bibere
952 1431 1162 1485 calicem
1193 1449 1340 1498 quem
1363 1450 1453 1503 ego
1477 1433 1726 1487 bibiturus
1751 1449 1863 1486 sunt
1887 1431 2103 1503 (Matth.

516 1537 607 1587 xx,
641 1521 767 1593 22)?
791 1531 816 1559 κ
843 1522 1208 1577 Confessionis
1258 1524 1454 1593 quippe
1487 1523 1630 1578 illius
1658 1522 2030 1578 celsitudinem
2074 1536 2105 1575 a

519 1615 724 1671 dextris
753 1616 1087 1685 sinistrisque
1116 1617 1467 1686 quaesierunt,
1502 1616 1596 1671 sed
1627 1626 1821 1685 quanta
1871 1616 1935 1669 ad
1963 1616 2101 1670 hanc

517 1719 661 1763 esset
691 1692 900 1763 itineris
931 1710 1172 1778 angustia
1207 1723 1310 1763 non
1362 1708 1631 1763 videbant.
1661 1708 1813 1765 Unde
1842 1718 1897 1764 et
1918 1724 2105 1765 eorum

518 1822 640 1862 mox
693 1808 861 1862 oculis
891 1806 1180 1861 imitandus
1234 1806 1499 1875 passionis
1549 1807 1687 1860 calix
1721 1806 1999 1876 objicitur,
2047 1815 2103 1861 ut

517 1899 769 1955 videlicet
816 1901 858 1953 si
904 1900 967 1954 ad
1015 1898 1359 1954 sublimitatis
1390 1899 1580 1968 gaudia
1614 1900 1918 1963 tenderent,
1952 1901 2102 1969 prius
2134 1904 2182 1967 Β

515 1994 655 2046 viam
690 1992 1005 2046 humilitatis
1048 1990 1369 2044 invenirent.
1400 1991 1529 2058 Quia
1566 1990 1722 2060 igitur
1755 1991 2099 2046 considerare

512 2093 767 2151 peccator
795 2084 907 2136 vias
934 2081 1027 2137 Dei
1054 2081 1293 2151 negligit,
1325 2081 1419 2135 sed
1449 2082 1577 2135 solis
1610 2082 1661 2134 in
1691 2082 1883 2151 quibus
1914 2095 2099 2135 carna-

512 2177 636 2233 liter
669 2178 964 2234 delectetur
996 2177 1241 2240 intendit,
1294 2184 1438 2231 recte
1470 2190 1610 2229 nunc
1660 2174 1856 2230 dicitur
1897 2193 1909 2228 :
1947 2174 2100 2229 Oculi

512 2271 647 2324 enim
670 2270 782 2340 ejus
808 2276 926 2324 sunt
952 2269 1005 2321 in
1033 2269 1127 2322 viis
1156 2268 1317 2322 illius.
1348 2266 1601 2335 Sequitur
1633 2286 1646 2322 :

1107 2359 1333 2415 CAPUT
1374 2359 1510 2414 Vlll.

588 2450 748 2507 Vens.
777 2450 866 2507 24.
899 2481 969 2492 -
998 2450 1196 2506 Eleuati
1220 2459 1339 2505 sunt
1365 2450 1435 2505 ad
1464 2451 1742 2519 modicum,
1773 2462 1819 2507 et
1845 2468 1948 2507 non
1975 2452 2098 2508 sub-

512 2546 709 2605 sistent.

586 2640 672 2695 10.
713 2638 869 2707 Inani
895 2639 1063 2712 gloria
1086 2639 1250 2694 elatus
1301 2640 1371 2693 ad
1394 2641 1655 2695 modicum
1684 2639 1843 2693 cadit.
1888 2667 1958 2680 -——
1988 2638 2099 2693 lni-

515 2745 739 2801 quorum
769 2731 939 2802 gloria
967 2747 1088 2786 cum
1121 2732 1433 2802 plerumque
1463 2732 1513 2787 in
1547 2747 1810 2786 annorum
1852 2731 2099 2786 multitu-

514 2826 692 2879 dinem
721 2824 980 2889 tenditur.
1015 2825 1084 2879 ab
1110 2824 1446 2879 infirmorum
1476 2824 1745 2880 mentibus
1771 2838 1894 2879 esse
1941 2824 2099 2893 longa

512 2928 566 2973 et
591 2918 743 2989 quasi
774 2916 980 2973 stabilis
1002 2917 1317 2972 mstimatur.
1338 2917 1441 2972 Sed
1467 2932 1586 2972 cum
1620 2917 1933 2985 repentinus
1966 2916 2101 2971 hanc

513 3010 637 3065 ﬁnis
657 3010 686 3050 δ
716 3011 1005 3081 intercipit,
1059 3012 1272 3066 brevem
1307 3012 1678 3080 proculdubio
1715 3010 1880 3067 fuisse
1910 3011 2099 3066 redar-

509 3103 645 3173 guit,
682 3114 703 3142 ο
736 3102 986 3173 quoniam
1041 3102 1162 3157 ﬂuis
1207 3102 1569 3158 determinans
1616 3103 1933 3167 innotescit,
1976 3102 2099 3171 quia

510 3196 652 3267 quod
686 3195 965 3266 praeterire
988 3194 1178 3261 potuit,
1208 3194 1475 3248 modicum
1500 3194 1619 3247 fuit.
1650 3194 1945 3251 Elevautur
1969 3208 2097 3263 ergo

2210 593 2303 647 sed
2335 602 2555 662 repente
2582 591 2633 646 in
2663 591 2885 646 nihilum
2914 588 3257 645 tumescendo
3277 587 3582 657 dissipatur.
3611 587 3699 643 Sic
3721 587 3789 643 ab

2209 684 2406 739 inﬁmis
2451 684 2642 739 nebula
2692 681 3058 738 densescendo
3102 695 3162 735 se
3208 679 3392 748 erigit;
3439 678 3531 733 sed
3560 688 3776 733 exortus

2211 780 2348 832 hanc
2380 777 2510 832 solis
2540 775 2723 831 radius
2743 818 2757 838 ,
2785 790 2849 830 ac
2874 774 2921 829 si
2957 788 3062 828 non
3093 772 3274 839 fuerit,
3303 769 3593 842 abstergit.’
3620 770 3711 825 Sic
3736 770 3789 825 in

2212 871 2496 927 herbarum
2529 867 2813 939 superﬁcie
2846 868 3092 923 nocturni
3135 866 3274 920 roris
3324 865 3513 918 humor
3552 862 3791 932 aspergi-

2218 974 2324 1028 tur,
2356 964 2450 1020 sed
2494 964 2669 1019 diurni
2717 963 2935 1017 luminis
2980 961 3157 1015 subito
3183 958 3364 1014 calore
3407 958 3660 1012 siccatur.
3706 956 3796 1011 Sic

2210 1069 2481 1123 spumosae
2510 1070 2768 1124 aquarum
2804 1054 2964 1109 bulla:
3005 1050 3382 1107 inchoantibus
3433 1048 3625 1120 pluviis
3655 1051 3795 1105 exci-

2211 1153 2353 1215 tatae,
2384 1146 2450 1199 ab
2479 1146 2679 1201 intimis
2707 1145 2949 1201 certatim
2999 1144 3295 1213 prodeunt;
3347 1142 3440 1199 sed
3472 1158 3537 1196 eo
3567 1141 3796 1197 celerius

2208 1237 2435 1305 diruptas
2464 1238 2777 1308 depereunt,
2832 1254 2939 1309 quo
2975 1237 3169 1292 inﬂata!
3220 1238 3378 1292 altius
3410 1235 3795 1291 extenduntur.

2208 1328 2447 1400 Cumque
2493 1342 2814 1386 excrescunt
2861 1341 2921 1385 ut
2970 1340 3285 1400 appareant,
3334 1327 3625 1384 crescendo
3680 1343 3801 1396 pcr-

2209 1430 2375 1491 agunt
2426 1437 2494 1477 ne
2542 1423 2858 1478 subsistant.
2904 1422 2979 1477 De
3030 1422 3227 1492 iniquis
3276 1422 3437 1489 igitur
3488 1420 3800 1489 temporalis

2209 1512 2392 1581 gloria:
2418 1514 2653 1570 elatione
2696 1514 3044 1578 tumentibus,
3079 1514 3172 1568 sed
3210 1523 3383 1570 tamen
3419 1513 3565 1568 nulla
3599 1515 3649 1567 in
3698 1515 3794 1568 hac

2208 1606 2479 1662 soliditate
2505 1607 2845 1672 durantibus,
2882 1608 3091 1664 dicatur
3120 1618 3267 1663 recte
3315 1625 3328 1661 :
3364 1606 3563 1661 Elevati
3588 1615 3706 1660 sunt
3734 1607 3802 1660 ad

2208 1684 2488 1767 modicum:
2524 1710 2571 1755 et
2600 1718 2702 1756 non
2728 1702 3031 1756 subsistent.
3086 1701 3160 1757 De
3209 1702 3402 1771 quibus
3448 1701 3634 1757 adhuc
3678 1702 3804 1756 sub-

2207 1792 2352 1848 ditur
2376 1810 2391 1848 :

2827 1887 3052 1944 CAPUT
3092 1888 3182 1944 1X.

2276 1978 2405 2033 lato.
2432 2007 2501 2018 —
2531 1977 2600 2032 Et
2629 1979 3041 2034 humiliabuntur
3082 1982 3215 2035 sicut
3246 1982 3437 2048 omnia,
3465 1989 3517 2035 et
3553 1982 3795 2052 auferen-

2206 2080 2313 2127 tur.

2278 2166 2367 2224 Η.
2393 2165 2553 2221 Terra
2582 2167 2639 2221 in
2665 2168 2881 2223 essentia
2918 2182 3115 2238 semper
3140 2168 3316 2234 stabit,
3345 2169 3463 2224 licet
3485 2170 3542 2223 in
3576 2167 3803 2241 imagine

2201 2260 2444 2314 continuo
2462 2269 2783 2316 transeat.—
2799 2260 2889 2317 Sic
2902 2272 3183 2331 provectus
3197 2276 3315 2317 esse
3326 2261 3802 2332 contemplationis

2202 2352 2382 2419 debet,
2411 2362 2467 2408 ut
2493 2370 2557 2409 ex
2587 2356 2773 2424 paucis
2807 2355 2871 2408 ad
2898 2356 3082 2423 multa,
3104 2355 3169 2410 ad
3192 2357 3371 2410 omnia
3397 2354 3794 2411 consideranda

2202 2447 2459 2514 rapiatur,
2505 2457 2766 2517 quatenus
2816 2448 3079 2519 gradatim
3129 2448 3318 2505 educta
3359 2449 3630 2519 proficiat,
3666 2458 3692 2497 ι
3742 2455 3801 2504 et

2203 2540 2510 2595 transitoria
2541 2542 2722 2595 omnia
2751 2540 3089 2610 dijudicans,
3136 2542 3250 2610 ipsa
3282 2539 3802 2610 comprehendendo

2205 2649 2341 2705 pene
2388 2634 3008 2705 iucomprehensibiliter
3056 2644 3351 2691 excrescat.
3389 2635 3544 2691 Unde
3573 2644 3799 2691 sanctus

2203 2726 2283 2781 vir
2309 2742 2428 2781 cum
2477 2742 2762 2797 pravorum
2793 2727 3019 2796 gloriam
3062 2726 3439 2798 defectutnque
3466 2729 3796 2795 discuteret,

2202 2820 2267 2873 ad
2308 2832 2495 2875 cuncta
2536 2821 2779 2890 protinus
2812 2820 3005 2875 mentis
3031 2820 3245 2874 oculum
3279 2818 3527 2887 tetendit,
3562 2819 3798 2875 dicens:

2176 2912 2629 2979 rllumiliabuntur
2678 2915 2811 2967 sicut
2862 2913 3055 2977 omnia,
3111 2921 3157 2966 et
3213 2912 3537 2979 auferentur.
3604 2911 3802 2966 Omnia

2204 3004 2442 3076 profecto
2499 3016 2729 3060 terrena.
2787 3009 2863 3061 Ac
2914 3005 2959 3059 si
3010 3012 3197 3075 aperte
3244 3004 3437 3059 dicat:
3478 3006 3640 3060 Stare
3692 3004 3806 3061 ullo

2202 3100 2364 3155 modo
2412 3106 2700 3168 nequeunt,
2749 3098 2871 3168 quia
2908 3097 3023 3167 ipsa
3076 3112 3285 3167 quoque
3343 3096 3553 3166 fugiunt
3600 3097 3803 3167 quibus

2202 3192 2529 3256 innituntur;
2561 3190 2795 3261 dumque
2827 3191 3135 3260 temporalia
3168 3190 3426 3260 diligunt,
3457 3205 3583 3246 cum
3615 3192 3702 3245 his
3734 3206 3804 3245 ex

511 3291 576 3343 ad
627 3287 918 3353 modicum,
955 3296 1009 3343 et
1057 3286 1275 3341 minime
1323 3286 1638 3351 subsistunt,
1691 3286 1813 3352 quia
1861 3301 1928 3340 eo
1979 3286 2170 3353 ipsoc
2218 3284 2475 3354 temporis
2509 3283 2837 3337 volubilitate
2882 3292 3220 3352 percurrunt.
3264 3282 3370 3338 Sed
3402 3282 3575 3352 quaeri
3629 3289 3813 3352 potest

512 3397 619 3451 quo
650 3381 821 3437 videri
854 3380 947 3434 alti
980 3388 1259 3450 appetunt.
1316 3394 1347 3433 a
1382 3394 1503 3435 vera
1539 3379 1632 3433 Dei
1686 3378 1915 3433 essentia
1949 3379 2105 3449 longe

513 3489 608 3545 per
656 3473 941 3529 elationem
992 3472 1146 3527 fiunt.
1201 3471 1504 3529 Subsistere
1557 3469 1755 3525 etenim
1807 3481 2101 3540 nequeunt,

511 3568 636 3634 quia
667 3568 737 3621 ab
764 3576 981 3621 aeternae
1010 3564 1261 3620 essentiae
1283 3564 1553 3619 soliditate
1573 3564 1909 3628 dividuntur,
1945 3574 2105 3630 atque

512 3657 648 3713 hanc
696 3659 922 3728 primam
973 3660 1181 3712 ruinam
1230 3656 1482 3722 tolerant,
1532 3657 1656 3725 quia
1704 3673 1799 3724 per
1842 3656 2102 3725 privatam

508 3752 733 3823 gloriam
762 3752 814 3806 in
840 3751 1143 3821 semetipsis
1168 3750 1387 3805 cadunt.
1415 3750 1549 3804 Hinc
1579 3754 1720 3803 enim
1756 3764 1850 3818 per
1874 3749 2106 3803 Psalmi-

510 3855 643 3900 slam
693 3845 924 3899 dicitur:
962 3844 1205 3915 Dejecisti
1232 3860 1339 3912 eos,
1372 3860 1487 3896 cum
1538 3843 1882 3897 allevarentur
1927 3843 2100 3915 (Psal.

511 3954 677 4004 Lxxu,
709 3937 821 4008 18),
857 3937 978 4007 quia
1024 3952 1088 3991 eo
1132 3938 1459 3991 intrinsecus
1507 3945 1785 4003 corruunt,
1821 3951 1927 4006 quo
1962 3937 2104 3991 male

511 4031 846 4087 extrinsecus
874 4039 1115 4099 surgunt.
1149 4028 1294 4101 [νει.
1339 4028 1423 4101 V].
1458 4029 1607 4083 lianc
1645 4029 1962 4085 brevitatem
1992 4032 2106 4098 glo-

512 4105 606 4178 ria:
635 4122 944 4193 temporalis
970 4120 1258 4191 aspiciens,
1290 4123 1484 4176 iterum
1529 4122 1655 4177 dicit
1684 4140 1697 4176 :
1747 4122 1864 4177 Vidi
1887 4124 2104 4191 impium

513 4216 949 4287 supererattatum
1004 4224 1051 4268 et
1100 4216 1347 4269 eleuatum
1395 4214 1421 4251 ἀ
1474 4217 1605 4270 sicut
1661 4218 1839 4271 cedros
1885 4215 2106 4284 Libani;

512 4313 728 4366 transivi
748 4354 763 4380 ,
795 4321 842 4366 et
866 4327 979 4365 ecce
1006 4327 1106 4364 non
1146 4320 1256 4365 erat
1284 4310 1457 4382 (Psal.
1490 4327 1671 4374 xxxvi,
1698 4311 1812 4379 55).
1846 4312 1983 4365 llinc
2008 4314 2107 4366 ite-

515 4420 630 4459 rum
654 4404 729 4458 ait
753 4421 767 4456 :
792 4402 1053 4457 Pusillum
1069 4403 1259 4468 adhuc,
1294 4412 1317 4441 ο
1352 4412 1399 4457 et
1423 4420 1526 4458 non
1550 4404 1645 4457 erit
1674 4414 1909 4475 peccator
1938 4404 2101 4474 (Ibid.

514 4504 627 4574 {0).
668 4502 804 4558 Hinc
831 4501 1061 4557 Iacobus
1091 4501 1261 4558 dicit:
1300 4501 1428 4569 Qua:
1455 4512 1526 4555 est
1555 4503 1688 4556 enim
1722 4505 1823 4556 vita
1854 4501 1873 4541 ί
1901 4505 2106 4558 vestra?

515 4613 677 4667 vapor
697 4604 770 4650 est
796 4596 864 4647 ad
885 4591 1144 4648 modicum
1172 4611 1359 4663 parens
1386 4592 1527 4663 (Jac.
1559 4611 1634 4663 Iv,
1662 4596 1778 4665 15).
1816 4595 1949 4649 Hine
1976 4611 2099 4664 pro-

2210 3394 2331 3434 cum
2362 3393 2458 3449 per
2488 3378 2829 3434 Salomonem
2860 3378 3059 3433 dicitur
3104 3396 3116 3431 :
3149 3377 3420 3433 Generatio
3452 3378 3717 3444 praeterit,
3762 3384 3814 3429 et

2210 3472 2470 3541 generatio
2511 3470 2733 3536 advenit,
2766 3480 2901 3524 terra
2929 3485 3046 3524 vero
3074 3470 3125 3522 in
3172 3478 3419 3524 internum
3446 3476 3553 3521 stat
3598 3466 3811 3541 (Eccle.

2210 3578 2250 3629 ι,
2296 3560 2375 3631 4),
2428 3577 2523 3616 cur
2564 3563 2749 3617 beatus
2804 3561 2907 3617 Job
2946 3562 3123 3616 omnia
3176 3561 3444 3615 humiliari
3492 3570 3719 3615 asserat
3760 3567 3818 3617 et

2212 3653 2452 3732 auferri?
2482 3653 2633 3720 Quod
2670 3662 2845 3707 tamen
2896 3653 3058 3709 facile
3106 3653 3439 3718 discutimus,
3478 3652 3525 3707 si
3568 3661 3719 3708 terra
3760 3659 3816 3705 et

2210 3748 2402 3804 caelum
2434 3749 2515 3802 vel
2548 3748 2774 3817 qualiter
2797 3756 3055 3814 transeat,
3088 3748 3166 3802 vel
3198 3747 3432 3818 qualiter
3468 3757 3699 3803 maneat
3729 3745 3818 3801 di-

2212 3841 2564 3911 stinguamus.
2618 3839 2855 3910 Utraque
2902 3854 3134 3909 namque
3184 3840 3299 3893 haec
3340 3854 3437 3910 per
3460 3854 3586 3895 eam
3648 3852 3816 3911 quam

2214 3949 2357 3990 nunc
2390 3933 2587 3988 habent
2615 3933 2900 4003 imaginem
2933 3940 3232 3998 transeunt,
3262 3933 3355 3988 sed
3386 3942 3571 3988 tamen
3608 3948 3708 4002 per
3730 3946 3820 3987 es-

2212 4030 2441 4083 sentiam
2469 4025 2584 4080 sine
2616 4027 2718 4079 line
2749 4025 3067 4080 subsistunt.
3102 4024 3237 4081 Hinc
3267 4039 3502 4095 namque
3537 4040 3640 4094 per
3674 4024 3819 4079 Pau-

2211 4122 2316 4176 lum
2339 4121 2532 4175 dicitur
2556 4138 2569 4173 :
2597 4118 2833 4174 Praeterit
2859 4121 2996 4174 enim
3018 4120 3188 4191 ﬁgura
3214 4119 3373 4184 huius
3397 4120 3583 4174 mundi
3612 4117 3673 4190 (Ι
3691 4120 3819 4175 Cor.

2211 4231 2303 4282 vn,
2330 4214 2447 4285 5i).
2484 4214 2618 4268 Hinc
2646 4228 2742 4283 per
2768 4214 3112 4283 semetipsam
3157 4212 3365 4269 Veritas
3396 4213 3533 4267 dicit
3562 4232 3576 4270 :
3608 4214 3820 4269 Cretum

2212 4324 2257 4367 et
2285 4321 2422 4367 terra
2450 4311 2773 4376 transibunt,
2816 4310 2966 4365 verba
3012 4319 3181 4365 autem
3210 4326 3321 4364 mea
3366 4324 3469 4362 non
3515 4309 3825 4363 transibunt

2214 4404 2427 4476 (Matth.
2473 4419 2618 4468 xxiv,
2650 4402 2765 4475 35).
2794 4399 2825 4439 ιι
2857 4402 2990 4457 Hinc
3016 4404 3081 4457 ad
3112 4401 3371 4457 Joannem
3397 4402 3652 4473 angelica
3689 4415 3826 4458 voco

2213 4498 2560 4567 perhibetur:
2595 4496 2709 4550 Erit
2733 4497 2911 4551 cretum
2959 4512 3166 4560 novum,
3197 4505 3244 4550 et
3274 4505 3411 4549 terra
3438 4513 3580 4551 nova
3626 4496 3825 4566 (Apoc,

2214 4606 2326 4659 xxi,
2361 4591 2438 4660 4).
2469 4589 2599 4656 Qum
2630 4589 2845 4660 quidem
2896 4605 3001 4646 non
3043 4589 3146 4643 alia
3193 4587 3471 4643 condenda
3517 4598 3672 4653 sunt.
3727 4586 3826 4643 sed

516 4691 678 4759 pheta
710 4690 1023 4745 brevitatem
1049 4690 1233 4760 gloriae
1263 4689 1491 4743 carnalis
1519 4704 1771 4757 pensans,
1800 4689 2099 4753 denuntiat,
2135 4690 2186 4750 ι)
2214 4684 2329 4739 haec
2360 4683 2472 4753 ipsa
2498 4696 2849 4738 renovantur.
2871 4682 3078 4737 Caelum
3102 4680 3263 4746 igitur
3288 4690 3344 4734 et
3371 4688 3513 4735 terra
3544 4689 3604 4735 ct
3630 4680 3834 4736 transit

517 4784 705 4839 dicens
730 4799 746 4841 :
784 4782 963 4837 Omnis
993 4798 1114 4836 caro
1144 4782 1337 4852 fenum,
1369 4791 1417 4836 et
1444 4783 1611 4836 omnis
1639 4783 1806 4853 gloria
1834 4786 1945 4854 ejus
1978 4782 2111 4836 sicut

519 4877 619 4945 flos
663 4875 771 4945 {cui
811 4873 962 4944 (Isai.
1016 4891 1105 4943 ιιι,
1156 4874 1233 4943 6).
1268 4874 1571 4943 lniquorum
1623 4876 1818 4945 quippe
1872 4876 2108 4944 potentia

521 4970 627 5025 teni
678 4969 792 5023 llori
823 4977 1190 5038 comparatur,
1225 4971 1348 5036 quia
1389 4968 1638 5023 nimirum
1683 4971 1914 5023 carnalis
1944 4968 2111 5039 gloria

522 5066 648 5119 dttm
683 5064 835 5129 nitet,
868 5064 1038 5128 cadit;
1064 5064 1189 5117 dum
1218 5065 1357 5132 apud
1389 5079 1449 5119 se
1482 5064 1782 5131 extollitur,
1831 5065 2112 5133 repentino

522 5155 819 5224 intercepta
863 5155 968 5210 line
995 5155 1158 5227 539
1189 5154 1527 5210 terminatur.
1574 5155 1661 5212 Sic
1689 5171 1917 5227 namque
1956 5171 2113 5212 aura-

524 5264 643 5305 rum
687 5248 816 5305 ﬂatu
846 5248 898 5303 in
926 5249 1091 5302 altum
1120 5248 1315 5318 stipula
1346 5250 1569 5318 rapitur,
1605 5251 1699 5305 sed
1732 5264 1861 5304 casu
1891 5250 2105 5305 concito

598 5426 624 5453 α
651 5416 849 5475 Vitiose
879 5418 1168 5484 irrepserat
1192 5416 1245 5472 in
1276 5415 1442 5483 Edit.,
1471 5419 1827 5488 confessionis,
1870 5434 1964 5488 pro
1988 5434 2109 5472 cons

524 5491 788 5555 sessionis,
824 5492 965 5559 quod
1000 5490 1193 5559 legitur
1220 5490 1270 5544 in
1312 5489 1470 5545 Corb.
1507 5492 1712 5555 Germ.,
1749 5492 1799 5545 iu
1831 5490 2095 5557 Laudun.,

523 5560 707 5616 Germ.
742 5569 798 5614 et
821 5563 942 5615 aliis
970 5562 1098 5617 Mss.

595 5630 621 5670 δ
649 5633 819 5687 Laud.
852 5642 906 5686 et
931 5634 1095 5688 Corb.
1129 5632 1338 5698 Germi,
1370 5634 1649 5689 intercidit.

602 5714 625 5743 ο
657 5705 977 5761 Addidimus
1012 5705 1153 5772 ﬁnis,
1202 5721 1265 5760 ex
1300 5705 1426 5760 Mss.
1458 5706 1667 5771 Norm.,
1719 5704 1954 5774 Anglic.,
1981 5712 2110 5771 etc.,

525 5782 584 5829 et
610 5790 680 5829 ex
730 5776 894 5843 antiq.
926 5777 1187 5840 Excusis;
1220 5778 1405 5830 deerat
1447 5778 1497 5830 in
1526 5777 1665 5831 Edit.
1696 5788 1894 5831 recent.

599 5845 623 5880 α
663 5844 736 5898 Ita
768 5846 1013 5909 Vindoc.,
1047 5847 1229 5899 Norm.
1263 5858 1317 5899 et
1356 5847 1620 5915 plerique,
1651 5847 1845 5916 quibus
1878 5859 2108 5903 consen-

531 5913 671 5971 tiunt
695 5923 804 5971 vet.
837 5916 936 5971 Ed.
974 5917 1029 5971 In
1055 5924 1286 5985 recent.,
1329 5913 1484 5986 super
1512 5913 1711 5972 cedros.

2217 4786 2270 4832 et
2299 4777 2400 4830 erit
2428 4776 2549 4846 quia
2578 4785 2632 4831 et
2673 4776 2740 4829 ab
2782 4790 2866 4841 ea,
2897 4789 3055 4844 quam
3104 4786 3247 4826 nunc
3280 4772 3466 4839 habet,
3501 4774 3701 4841 specie
3734 4788 3833 4843 per

2219 4868 2394 4939 ignem
2427 4868 2668 4938 tergitur,
2695 4876 2750 4919 ct
2779 4875 2955 4920 tamen
2984 4866 3034 4919 in
3072 4878 3166 4919 sua
3212 4878 3426 4932 semper
3474 4874 3679 4920 natura
3713 4880 3834 4921 ser-

2224 4975 2401 5019 vatur.
2435 4962 2592 5017 Unde
2623 4976 2717 5031 per
2748 4959 3084 5014 Psalmistam
3119 4958 3313 5013 dicitur
3341 4974 3353 5010 :
3389 4956 3632 5012 Mutabis
3664 4976 3752 5025 ca,
3783 4966 3833 5012 et

2218 5064 2550 5118 mutabuntur
2598 5058 2772 5129 (Psat.
2824 5072 2897 5123 Cl,
2942 5055 3055 5125 27).
3086 5056 3255 5122 Quam
3302 5055 3520 5127 quidem
3574 5057 3834 5112 ultimam

2218 5153 2690 5212 commutationem
2723 5166 2872 5205 suam
2902 5150 3033 5218 ipsis
3063 5148 3217 5204 nobis
3242 5163 3383 5203 nunc
3416 5148 3837 5204 vicissitudini-

2218 5249 2317 5304 bus
2346 5246 2614 5311 nuntiant,
2638 5244 2834 5315 quibus
2866 5242 3065 5298 nostris
3103 5243 3288 5299 usibus
3334 5242 3727 5300 indesinenter
3754 5241 3837 5298 al-

2295 5425 2319 5453 ο
2350 5415 2464 5469 Duo
2496 5413 2763 5475 Laudun..
2795 5419 2841 5466 et
2871 5426 2972 5465 non
3001 5419 3134 5466 erat.

2296 5484 2316 5525 ί
2348 5489 2398 5541 1.
2425 5486 2620 5551 Laud.,
2652 5493 2848 5537 nostra.

2294 5566 2318 5605 s
2355 5558 2493 5611 Edtti
2524 5565 2580 5611 et
2608 5554 2851 5609 nonnulli
2879 5553 3031 5621 Mss.,
3063 5561 3109 5607 et
3131 5554 3303 5607 omnia
3334 5552 3659 5609 transitoria
3689 5569 3837 5611 com—

2222 5629 2585 5701 prehendendo
2615 5626 2933 5701 dijudicans,
2981 5627 3095 5695 ipsa
3127 5625 3839 5701 peneiucomprehensibili-

2224 5696 2297 5756 ter
2326 5709 2601 5755 excrescat.
2636 5696 2786 5764 Quod
2821 5698 2907 5752 vix
2937 5704 3111 5765 potest
3143 5696 3384 5763 intelligi.
3420 5696 3638 5753 Locum
3690 5701 3838 5753 lmnc

2226 5776 2513 5829 obscurum
2545 5780 2599 5825 et
2620 5771 2861 5824 vitiatum
2902 5769 3232 5823 restituimus
3264 5767 3503 5820 maxime
3534 5783 3607 5823 ex
3656 5770 3833 5826 duob.

2220 5844 2466 5901 Luttdun.

2290 5916 2317 5955 δ
2347 5914 2403 5971 In
2434 5924 2636 5974 recent.
2670 5914 2798 5983 Ed.,
2831 5914 2947 5969 hinc
2978 5926 3061 5982 per
3091 5911 3270 5979 Joaa.,
3305 5913 3601 5966 mendose.
