4104 6350
325 444 386 502 ιι
566 474 573 479 ρ
1107 433 1468 493 nonarum:
1507 416 1640 491 tne.
1684 429 1846 486 xvn.
1887 457 1912 470 -

2017 427 2060 485 Ν
2098 429 2325 487 CAPUT
2367 430 2533 485 XXIV
2577 431 2635 485 Β.
2677 430 2819 487 JOB.
3526 428 3593 483 18

317 562 550 613 teruant.
602 551 736 607 Nam
786 560 926 607 terra
974 564 1005 605 a
1035 563 1131 605 sua
1161 549 1341 618 specie
1387 545 1603 603 hiemali
1652 543 1900 599 ariditate
1924 546 1975 606 Α
2004 545 2188 613 poterit
2212 561 2317 599 esse
2346 546 2629 613 mentitum,
2664 556 2712 599 et
2734 560 2921 609 ponere
2942 552 3055 599 ante
3084 543 3245 598 Deum
3274 545 3422 599 verba
3443 547 3592 601 mea?

317 644 518 711 deﬁcit,
570 641 771 698 vernali
814 641 1042 696 humore
1092 638 1382 695 viridescit.
1424 636 1631 693 Caelum
1664 633 1901 705 quotidie

321 738 547 807 caligine
578 735 750 790 noctis
778 733 1081 799 obducitur,
1105 741 1160 789 et
1179 731 1367 787 diurna
1402 729 1645 784 claritate
1668 742 1900 783 renova-

315 840 423 885 tur.
450 827 583 883 Hinc
609 839 738 897 ergo
768 826 888 880 hinc
911 822 1083 879 ﬁdelis
1106 824 1332 894 quisque
1353 822 1568 892 colligat
1597 828 1653 877 et
1683 820 1903 875 interire

324 922 459 985 haec,
488 927 541 973 et
570 927 748 971 tamen
792 930 885 984 per
914 916 1309 969 innovationem
1339 914 1512 976 refici,
1536 929 1656 983 quae
1688 918 1905 966 constat

318 1024 460 1065 nunc
488 1006 704 1060 assidue
736 1005 879 1059 velut
908 1019 974 1059 ex
1006 1003 1219 1059 defectu
1246 1004 1481 1072 reparari
1510 1002 1657 1078 [νει.
1685 1011 1734 1055 et
1779 999 1901 1053 Rec.

323 1100 397 1156 γι
429 1100 459 1171 |.
534 1099 677 1153 Inter
723 1098 837 1153 haec
884 1098 1044 1167 igitur
1072 1096 1153 1149 vir
1209 1105 1424 1150 sanctus
1452 1109 1576 1149 cum
1624 1104 1903 1162 pravorum

322 1207 539 1249 cursum
557 1192 839 1259 consPicit,
864 1200 1057 1258 quanta
1082 1187 1405 1259 quandoque
1432 1181 1905 1249 animadversione

319 1284 573 1341 deﬁciant
596 1279 903 1345 innotescit,
934 1280 1057 1333 dum
1091 1278 1329 1345 protinus
1360 1276 1576 1332 subdit:

945 1367 1170 1425 CAPUT
1209 1367 1273 1423 Χ.

385 1468 512 1523 Isto.
544 1494 615 1505 —
641 1463 705 1518 Et
747 1464 878 1517 sicut
912 1462 1226 1516 summitates
1256 1475 1515 1531 spicarum
1556 1464 1902 1511 conterentur.

385 1556 470 1612 12.
514 1554 643 1611 Μαιί
674 1555 853 1609 divites
882 1552 977 1608 etsi
1000 1552 1067 1605 ad
1098 1551 1461 1622 apprimendos
1489 1551 1660 1621 justas
1686 1561 1902 1602 concor-

319 1652 425 1716 des,
467 1651 531 1703 ab
568 1648 784 1702 invicem
842 1644 1205 1713 cupiditatibus
1244 1643 1465 1712 sejuncti
1504 1652 1641 1696 sunt.
1682 1671 1755 1684 -
1782 1639 1908 1706 Spi-

329 1756 511 1796 carum
543 1739 746 1809 quippe
762 1736 1115 1799 summitates,
1143 1734 1323 1789 aristae
1352 1732 1704 1787 sunt.Aristae
1731 1739 1908 1784 autem

276 1888 288 1895 ,
317 1832 683 1902 οοιιίιιιιοιίιειιι
712 1828 855 1898 spica
879 1826 1165 1895 prodeunt,
1193 1824 1286 1879 sed
1304 1824 1599 1879 crescendo
1612 1822 1905 1891 paulisper,

2080 636 2167 691 ﬂ.
2196 635 2335 691 Justi
2365 640 2408 691 si
2438 639 2754 706 delinquant,
2804 638 2867 691 ab
2894 638 3142 707 improbis
3174 638 3380 691 minime
3422 640 3587 692 corri-

2008 731 2277 800 piendi.-
2293 731 2347 787 Si
2375 732 2446 785 ita
2474 746 2577 786 non
2609 741 2691 786 est
2714 741 2773 784 ut
2805 731 3062 801 loquitur,
3100 730 3338 795 profecto
3358 730 3424 786 de
3446 728 3594 785 falsi-

2007 830 2115 877 tate
2140 823 2283 878 hunc
2306 839 2495 878 omnes
2524 837 2747 891 arguere
2776 830 3018 891 possunt.
3066 821 3172 876 Cur
3201 837 3328 892 ergo
3357 822 3549 877 dicitur
3574 841 3587 877 :

2010 924 2033 952 °
2060 914 2122 971 Si
2163 932 2266 970 non
2296 918 2367 969 ita
2395 925 2494 983 est,
2526 917 2641 986 quis
2672 933 2750 969 me
2778 932 2994 986 arguere
3036 917 3223 985 poterit
3262 932 3371 971 esse
3412 917 3592 970 menti—

2009 1018 2136 1074 tum,
2168 1008 2292 1062 dum
2324 1009 2531 1063 scilicet
2563 1011 2871 1063 noverimus
2898 1009 3039 1077 quod
3072 1008 3314 1063 fallacem
3363 1008 3591 1063 cuilibet

2007 1101 2406 1169 reprehendere
2429 1101 2585 1156 licet?
2615 1100 2720 1155 Sed
2752 1101 2797 1154 si
2842 1102 3109 1169 loquentis
3139 1114 3355 1155 sensum
3407 1098 3589 1155 subtili

2009 1193 2432 1263 interrogatione
2463 1193 2811 1259 discutimus,
2843 1208 3001 1261 quam
3033 1192 3138 1246 sint
3166 1202 3305 1247 recta
3329 1208 3446 1262 quae
3472 1206 3594 1261 pro-

2013 1285 2135 1340 tulit
2171 1284 2330 1340 citius
2362 1286 2687 1341 invenimus.
2721 1287 2907 1343 Justus
2938 1302 3167 1357 namque
3194 1288 3295 1341 etsi
3323 1286 3450 1356 quid
3495 1302 3595 1339 un-

2011 1394 2166 1447 quam
2198 1380 2557 1448 delinquendo
2588 1380 2842 1449 loquitur,
2893 1380 3109 1447 dignum
3143 1393 3248 1433 non
3296 1387 3380 1432 est
3423 1388 3478 1431 ut
3525 1378 3593 1432 ab

2010 1468 2221 1538 injustis
2246 1479 2301 1525 et
2330 1485 2491 1539 prave
2518 1471 2821 1527 viventibus
2861 1470 3152 1540 iudicetur.
3183 1468 3335 1525 Unde
3365 1478 3590 1525 sanctus

2012 1563 2098 1617 vir
2130 1564 2423 1617 amicorum
2473 1564 2780 1632 superbiam
2814 1564 3143 1633 deprimens,
3191 1579 3297 1619 non
3328 1563 3502 1618 solum
3546 1561 3595 1616 si
3672 1556 3681 1581 ί

2011 1654 2083 1709 ita
2106 1663 2207 1721 est,
2242 1670 2425 1711 verum
2458 1655 2617 1712 etiam
2650 1657 2695 1711 si
2740 1656 2811 1711 ita
2859 1671 2964 1711 non
3013 1666 3095 1711 est
3125 1665 3181 1711 ut
3212 1656 3453 1726 protulit,
3496 1668 3592 1710 ne-
3660 1637 3687 1715 si;

2011 1761 2275 1816 quaquam
2310 1763 2368 1802 se
2399 1747 2720 1816 reprehendi
2752 1763 2909 1817 posse
2938 1748 3172 1815 confidit,
3199 1749 3319 1818 quia
3344 1748 3594 1803 nimirum
3668 1726 3693 1786 :3

2012 1838 2088 1892 illi
2137 1847 2281 1894 recte
2311 1841 2633 1909 redarguere
2680 1837 2816 1894 falsa
2849 1849 3091 1909 possunt,
3126 1840 3217 1909 qui
3257 1839 3391 1894 falsa
3434 1854 3594 1908 agere

325 1941 352 1980 a
365 1940 423 1980 se
442 1925 660 1978 hirsuta:
684 1930 737 1976 et
760 1918 944 1990 rigida:
963 1916 1355 1987 disiunguntur.
1372 1913 1535 1986 5&0
1545 1914 1635 1968 Sic
1648 1911 1902 1967 nimirum

2013 1932 2271 1986 nesciunt.
2302 1932 2433 1985 Nam
2479 1932 2835 2001 correptionis
2884 1946 3069 1987 ausum
3098 1940 3284 1987 contra
3325 1932 3592 1987 fallaciam

322 2015 398 2070 sic
440 2014 505 2067 ad
557 2013 711 2081 hujus
761 2009 945 2064 mundi
977 2005 1199 2079 gloriam
1251 2006 1399 2075 pravi
1434 2003 1629 2058 divites
1659 2010 1903 2072 surgunt.

328 2105 539 2161 Naturae
587 2104 728 2159 enim
764 2101 867 2157 sibi
897 2098 1272 2156 communione
1310 2096 1579 2163 conjuncti
1613 2103 1775 2163 sunt,
1813 2092 1909 2149 sed

319 2205 499 2251 contra
568 2209 629 2249 se
678 2191 926 2261 ,vicissim
994 2190 1287 2244 crescendo
1351 2184 1683 2241 dividuntur.
1755 2183 1910 2238 Alius

318 2288 509 2357 quippe
547 2284 707 2339 alium
754 2280 998 2350 despicit,
1040 2289 1094 2335 et
1138 2278 1277 2332 alter
1322 2277 1377 2332 in
1429 2276 1659 2331 alterum
1692 2273 1910 2330 invidiae

320 2379 521 2434 facibus
548 2374 791 2446 ignescit.
823 2373 923 2441 Qui
948 2387 1077 2440 ergo
1104 2385 1170 2425 ex
1200 2381 1407 2425 tumore
1437 2368 1631 2425 mentis
1672 2384 1702 2423 a
1731 2367 1912 2423 chari-

320 2473 439 2526 tatis
464 2469 665 2523 unitate
694 2482 753 2522 se
785 2472 1056 2535 separant,
1088 2462 1247 2529 quasi
1285 2460 1569 2516 aristarum
1596 2474 1749 2513 more
1775 2472 1909 2513 con-

320 2572 397 2616 tra
428 2576 490 2617 se
519 2559 672 2630 rigidi
702 2566 871 2612 stant.
901 2554 1037 2623 Quid
1063 2568 1191 2623 ergo
1216 2567 1408 2620 pravos
1434 2551 1590 2621 hujus
1614 2550 1795 2606 mundi
1824 2549 1912 2604 di-

330 2659 466 2713 vites
493 2656 746 2720 dixerim,
782 2652 884 2707 uisi
910 2649 1104 2705 aristas
1129 2646 1385 2717 quasdam
1417 2646 1629 2716 generis
1660 2642 1914 2699 humani?

323 2751 418 2819 Qui
451 2750 576 2804 dum
606 2756 795 2802 contra
841 2759 901 2798 se
939 2741 1275 2811 superbiant,
1322 2738 1416 2795 sed
1456 2738 1716 2793 bonorum
1754 2739 1914 2791 vitam

328 2842 646 2897 unanimiter
695 2837 958 2906 afﬂigunt,
1021 2833 1304 2889 adversum
1371 2846 1432 2886 se
1479 2828 1696 2899 quidem
1757 2826 1915 2882 divisi

327 2943 468 2998 sunt,
501 2932 594 2987 sed
621 2940 797 2985 tamen
823 2926 1162 2983 concorditer
1181 2939 1343 2995 grana
1368 2924 1618 2979 deorsum
1646 2931 1911 2991 premunt.

402 3046 486 3102 15.
529 3042 752 3113 Reprobi
779 3040 1052 3094 aristarum
1083 3052 1222 3091 more
1251 3053 1387 3090 nunc
1416 3036 1717 3105 eriguntur;
1761 3031 1909 3087 electi

329 3155 380 3198 ut
409 3159 573 3214 grana
603 3141 783 3195 latent.
816 3168 882 3179 —
915 3137 1062 3193 Nunc
1090 3135 1251 3203 igitur
1277 3135 1460 3188 aristae
1488 3132 1552 3186 ad
1598 3131 1705 3186 alta
1739 3138 1765 3167 ⁸
1800 3144 1917 3198 pro-

330 3236 541 3298 siliunt,
594 3246 755 3302 grana
788 3230 975 3295 latent,
1026 3227 1150 3296 quia
1178 3233 1234 3280 et
1282 3224 1635 3293 reproborum
1671 3220 1913 3291 potentia

332 3328 552 3393 eminet,
581 3334 637 3380 et
681 3323 973 3379 electorum
1020 3321 1189 3391 gloria
1238 3334 1347 3373 non
1391 3325 1630 3387 apparet.
1662 3314 1689 3354 δ
1732 3314 1809 3369 Illi
1858 3329 1917 3370 se

334 3418 601 3473 honorum
648 3413 875 3470 fastibus
928 3412 1240 3475 ostendunt,
1283 3410 1371 3464 isti
1400 3409 1454 3464 in
1514 3405 1817 3462 humilitate
1858 3421 1919 3462 se

332 3512 653 3579 deprimunt.
703 3505 807 3562 Sed
842 3506 1046 3559 triturae
1094 3513 1313 3572 tempus
1362 3500 1636 3569 adveniet,
1671 3498 1815 3569 quod
1865 3507 1919 3553 ct

333 3605 617 3658 aristarum
668 3598 989 3669 rigiditatem
1045 3597 1273 3665 frangat,
1306 3605 1361 3649 et
1388 3595 1561 3648 solida
1613 3607 1776 3661 grana
1808 3607 1917 3647 non

337 3704 597 3750 conterat.
628 3691 777 3746 Tunc
808 3690 1002 3758 quippe
1048 3687 1301 3756 superbia
1353 3686 1658 3754 iniquorum
1690 3683 1917 3738 cummi-

339 3789 535 3854 nuitur,
577 3797 703 3841 tunc
749 3784 1042 3838 electorum
1073 3782 1179 3836 vita
1209 3789 1406 3851 quanta
1457 3778 1767 3850 integritate
1813 3777 1919 3833 Iul-

341 3892 458 3952 gcat
489 3880 815 3943 declaratur,
860 3876 984 3945 quia
1012 3890 1133 3929 cum
1177 3873 1358 3944 injusti
1408 3872 1684 3937 deﬁciunt,
1714 3886 1777 3927 ex
1820 3872 1919 3926 hac

339 3973 448 4040 ipsa
508 3970 795 4025 aristarum
862 3966 1185 4021 contritione
1251 3966 1426 4037 agitur
1498 3972 1553 4018 ut
1616 3978 1776 4035 grana
1824 3978 1919 4035 ap-

338 4075 554 4134 pareant
589 4077 707 4133 quae
754 4060 1005 4115 latebant.
1045 4061 1285 4128 Cumque
1339 4059 1522 4113 arista:
1576 4056 1913 4129 franguntur,

335 4171 618 4225 granorum
647 4153 847 4209 candor
876 4151 1195 4216 ostenditur,
1228 4150 1353 4221 quia
1381 4148 1576 4217 iniquis
1606 4150 1659 4203 in
1717 4148 1920 4219 suppli-

335 4252 412 4305 cia
442 4262 641 4304 aeterna
671 4246 1003 4313 cadentibus,
1034 4252 1339 4298 sanctorum
1363 4241 1573 4312 justitia
1599 4248 1796 4310 quanta
1828 4254 1918 4295 ve-

336 4344 493 4398 ritate
518 4343 744 4396 candeat
773 4339 1187 4393 demonstratur.
1225 4333 1377 4391 Unde
1408 4342 1552 4387 recte
1581 4347 1795 4402 quoque
1824 4347 1919 4400 per

336 4435 598 4489 Joannem
648 4429 887 4484 dicitur:
941 4425 1103 4500 Cujus
1152 4426 1484 4481 uentilabrum
1530 4424 1582 4476 in
1634 4439 1785 4476 manu
1822 4438 1918 4476 sua

339 4539 431 4596 est,
479 4537 526 4583 et
559 4538 581 4566 ο
630 4524 989 4597 permundabit
1020 4538 1200 4591 Iaream
1249 4535 1433 4584 suam;
1464 4527 1509 4573 el
1540 4517 1767 4570 triticum
1796 4517 1919 4584 qui-

334 4627 444 4679 dem
473 4623 713 4676 recondet
744 4617 771 4658 ά
826 4620 879 4672 in
928 4621 1114 4672 horreo
1143 4632 1255 4680 suo,
1291 4614 1465 4684 paleas
1503 4624 1673 4666 autem
1713 4609 1916 4664 combu-

333 4725 402 4769 ret
430 4715 540 4784 igni
584 4710 987 4781 inexstinguibili
1017 4707 1230 4779 (Matth.
1280 4721 1358 4774 ut,
1411 4703 1496 4768 l2;
1529 4702 1655 4756 Luc.
1689 4717 1767 4767 ιιι,
1798 4699 1910 4769 17).

340 4810 534 4863 Beatus
576 4808 734 4876 igitur
764 4805 865 4859 Job
916 4816 1204 4872 pravorum
1238 4799 1399 4854 elatio
1429 4806 1629 4867 quanta
1673 4795 1915 4851 animad-

343 4902 592 4956 versione
624 4897 897 4968 inungatur
927 4894 1169 4962 aspiciat,
1202 4905 1403 4958 cosque
1427 4888 1610 4943 aristis
1646 4888 1917 4956 pereunti-

335 4996 429 5048 hus
457 5005 775 5063 comparans
797 4990 931 5044 dicat
963 5005 975 5040 :
1010 4986 1156 5042 Sicut
1176 4985 1433 5051 spicarum
1464 4980 1775 5034 summitates
1798 4993 1917 5031 con-

335 5095 581 5147 terentur,
612 5082 736 5147 quia
772 5082 1022 5133 nimirum
1053 5074 1290 5146 rigiditas
1324 5071 1678 5142 superborum
1705 5071 1914 5124 tritura:

334 5180 529 5233 ultima:
577 5174 888 5231 fortitudine
933 5170 1226 5240 frangitur,
1280 5182 1397 5235 qua:
1444 5179 1585 5220 nunc
1614 5162 1911 5219 electorum

334 5274 491 5329 vitam
522 5270 829 5341 despiciens
856 5267 1115 5322 elevatur.
1151 5262 1402 5332 Sequitur
1433 5277 1445 5312 :

745 5357 969 5416 carur
1010 5353 1104 5410 ιιι.
1145 5352 1292 5426 [ιιεσ.
1332 5347 1491 5420 γη]

400 5454 560 5511 Vens.
590 5452 685 5509 25.
718 5480 788 5495 -
816 5448 963 5517 Quod
992 5447 1037 5500 si
1064 5460 1167 5499 non
1194 5452 1263 5498 est
1310 5442 1406 5509 ita,
1437 5438 1548 5509 quis
1580 5453 1658 5491 me
1691 5452 1911 5509 arguere

398 5628 420 5653 ’ί
452 5616 637 5671 Norm.
666 5624 720 5667 et
745 5610 858 5673 alii,
885 5601 1191 5677 proﬁciunt.‘

398 5686 422 5725 ι’
453 5667 702 5746 lirium,
734 5684 822 5737 ille
842 5667 895 5734 se
927 5667 1174 5746 bonorum
1206 5672 1357 5746 factis
1383 5667 1905 5746 ostendit._Vindpc.,

333 5759 404 5812 illi
430 5777 481 5812 se
511 5743 787 5810 honoribus
813 5757 1090 5805 ostentant.
1123 5745 1308 5807 Gilot.,
1338 5743 1463 5797 lion.
1489 5743 1734 5813 fascibus.

402 5842 421 5866 π
458 5829 705 5894 Vindoc.,
730 5824 986 5897 purgabit.

400 5900 423 5937 ά
453 5882 705 5965 τυιυη.,’
730 5882 851 5950 ilro
884 5892 1056 5965 Laud.
1083 5897 1138 5945 et
1180 5900 1528 5965 peneomnes
1570 5885 1653 5965 ita.
1687 5882 1904 5965 habent.

336 5955 685 6028 Cousentiuni
723 5975 831 6022 vet.
869 5963 1083 6023 Excusi.
1122 5957 1517 6027 recentioribus
1570 5955 1908 6017 habentibus,

2011 2024 2269 2093 perdunt,
2318 2023 2408 2093 qui
2464 2024 2636 2079 adhuc
2689 2024 2950 2079 fallaciter
3001 2024 3204 2079 vivunt.
3255 2025 3345 2079 Ait
3394 2038 3525 2093 ergo
3573 2041 3587 2076 :

2015 2116 2165 2184 Quod
2194 2117 2237 2171 si
2263 2117 2335 2171 ita
2356 2134 2459 2171 non
2487 2126 2581 2181 est,
2612 2118 2724 2187 quis
2753 2133 2831 2173 me
2856 2118 3040 2188 poterit
3072 2132 3287 2186 arguere
3311 2132 3417 2170 esse
3453 2131 3595 2169 men-

2013 2208 2198 2261 titum?
2227 2210 2305 2263 Ac
2334 2208 2379 2263 si
2406 2217 2593 2278 aperte
2635 2208 2777 2263 dicat
2822 2229 2835 2262 :
2869 2208 2943 2263 Ita
2972 2218 3095 2264 sunt
3140 2216 3332 2264 cuncta
3378 2215 3447 2276 ut,
3474 2222 3595 2275 pro-

2014 2300 2268 2369 tuli,‘quae
2288 2311 2463 2356 tamen
2496 2302 2540 2355 si
2564 2300 2637 2355 ita
2658 2316 2761 2355 non
2780 2310 2984 2367 essent,
3012 2315 3040 2354 a
3064 2301 3213 2356 vobis
3239 2299 3487 2369 redargui
3508 2313 3598 2353 ne-

2013 2406 2274 2462 quaquam
2307 2406 2539 2462 possem,
2568 2393 2690 2462 quia
2717 2393 2842 2447 dum
2886 2392 3059 2448 adhuc
3087 2391 3317 2464 propriae
3346 2405 3594 2447 succum-

2014 2482 2157 2550 bitis,
2186 2484 2419 2539 alienam
2451 2484 2844 2553 reprehendere
2876 2483 3139 2539 fallaciam
3173 2500 3277 2538 non
3306 2482 3516 2537 valetis.

2087 2572 2174 2628 15.
2214 2572 2423 2628 Judicia
2466 2584 2636 2630 nostra
2684 2592 2856 2629 coram
2902 2592 3139 2646 supremo
3176 2577 3356 2647 judice
3403 2575 3595 2646 ponde-

2014 2668 2199 2721 randa.
2226 2698 2294 2708 —
2324 2667 2421 2723 Ubi
2446 2676 2501 2723 et
2530 2678 2652 2738 apte
2678 2669 2955 2724 subditur:
2990 2669 3057 2723 Et
3087 2685 3272 2739 ponere
3293 2678 3411 2723 ante
3429 2667 3595 2723 Deum

2016 2759 2166 2813 verba
2194 2776 2327 2814 mea.
2362 2760 2612 2828 Quisquis
2646 2761 2793 2817 enim
2829 2759 2849 2799 τ
2902 2762 3047 2816 dicta
3097 2761 3305 2818 fallacia
3336 2763 3599 2817 veraciter

2017 2854 2377 2922 reprehendit,
2399 2855 2576 2909 audita
2600 2856 2865 2927 cogitans,
2889 2864 3050 2925 atque
3072 2857 3183 2911 hinc
3208 2871 3272 2911 ex
3299 2856 3481 2926 regula
3505 2872 3597 2911 ve-

2016 2946 2192 2999 ritatis
2224 2960 2476 3015 pensans,
2507 2947 2667 3001 verba
2693 2957 2818 3003 ante
2843 2947 3009 3001 Deum
3040 2950 3188 3017 ponit
3227 2964 3239 2999 :
3281 2948 3404 3016 quia
3434 2947 3594 3019 551

2017 3037 2156 3105 apud
2186 3051 2244 3092 se
2275 3038 2329 3091 in
2358 3046 2650 3108 conspectu
2694 3040 2936 3095 veritatis
2982 3038 3273 3104 examinat,
3312 3040 3435 3108 quid
3470 3039 3600 3094 furis

2016 3142 2203 3184 contra
2232 3130 2503 3185 fallaciam
2531 3131 2806 3187 decernat.
2841 3135 2977 3186 Ante
3011 3132 3178 3187 Deum
3206 3134 3404 3201 quippe
3436 3132 3601 3188 verba

2021 3240 2217 3294 ponere
2244 3233 2326 3281 est
2354 3224 2695 3280 considerato
2722 3225 2909 3280 intimo
2932 3224 3133 3295 judice,
3156 3225 3425 3280 exteriora
3453 3225 3595 3279 dicta

1940 3288 1987 3349 ε
2022 3334 2267 3388 pensare.
2306 3318 2399 3372 Vir
2429 3318 2589 3389 igitur
2636 3326 2855 3373 sanctus
2898 3319 2965 3372 ab
3014 3318 3198 3372 amicis
3245 3318 3599 3386 superbienti-

2018 3411 2117 3467 bus
2148 3412 2309 3466 verba
2340 3426 2436 3467 sua
2479 3422 2603 3465 ante
2634 3410 2804 3465 Deum
2846 3410 2969 3479 poni
3014 3423 3171 3481 posse
3211 3425 3317 3465 non
3344 3409 3598 3466 restituat.

2018 3509 2096 3560 Ac
2135 3506 2181 3560 si
2212 3513 2396 3574 aperte
2422 3504 2601 3563 dicat:
2633 3502 2837 3559 Idcirco
2866 3518 2984 3573 qua:
3010 3504 3197 3573 loquor
3228 3517 3429 3572 ponere
3471 3511 3598 3560 ante

2014 3598 2243 3668 judicem
2275 3613 2379 3651 non
2410 3598 2620 3664 valetis,
2648 3600 2769 3667 quia
2809 3597 2925 3666 ejus
2957 3597 3108 3651 vobis
3139 3598 3330 3651 faciem
3363 3613 3599 3666 peccau-

2019 3700 2097 3745 tes
2122 3689 2468 3744 absconditis.
2503 3689 2655 3756 Quod
2690 3699 2865 3743 tamen
2896 3698 2951 3743 et
2988 3704 3052 3743 ex
3099 3699 3222 3758 typo
3250 3700 3447 3744 sancta:
3487 3690 3595 3745 Ec-

2017 3782 2194 3851 clesiae
2222 3781 2295 3835 nil
2323 3783 2500 3835 obstat
2526 3782 2767 3850 intelligi,
2803 3795 2923 3850 quae
2955 3796 3074 3835 cum
3107 3780 3185 3848 ,de
3216 3780 3441 3836 infirmis
3486 3783 3599 3838 suis

2017 3876 2083 3929 ab
2108 3875 2480 3929 haereticorum
2514 3874 2762 3929 irrisione
2809 3873 3240 3943 reprehenditur,
3272 3874 3443 3942 ipsam
3476 3875 3601 3930 irri-

2018 3971 2183 4026 sionis
2208 3986 2396 4027 eorum
2426 3971 2675 4025 astutiam
2729 3969 3068 4038 dedignatur,
3100 3970 3221 4040 quia
3268 3969 3601 4025 tolerabilius

2018 4065 2129 4119 Deo
2158 4074 2241 4120 est
2266 4080 2321 4119 ut
2352 4064 2403 4118 in
2436 4062 2746 4118 infirmitate
2772 4061 2895 4132 quis
2937 4072 3093 4132 atque
3135 4060 3433 4129 ignorantia
3474 4075 3598 4116 cum

2019 4159 2317 4213 humilitate
2357 4160 2561 4226 jaceat,
2610 4173 2768 4227 quam
2795 4171 2915 4210 cum
2949 4154 3183 4208 elatione
3219 4154 3323 4207 alta
3356 4168 3600 4221 compre-

2019 4251 2236 4306 hendat.
2283 4251 2388 4307 Sed
2416 4252 2538 4320 quia
2565 4259 2783 4306 sanctus
2818 4249 2901 4303 vir
2941 4250 3104 4303 multa
3136 4256 3325 4303 contra
3353 4263 3448 4302 eos
3475 4264 3601 4314 pro-

2020 4344 2142 4398 tulit
2197 4344 2286 4413 qui
2318 4342 2534 4410 fugitiva
2579 4349 2845 4412 potestate
2892 4340 3228 4410 superbiant,
3277 4349 3330 4395 et
3359 4338 3602 4394 ventosis

2021 4438 2309 4492 honoribus
2349 4436 2710 4490 intumescunt
2749 4434 2947 4488 Baldad
2978 4432 3194 4488 Subites
3224 4447 3291 4486 ex
3331 4432 3447 4500 ejus
3477 4447 3603 4487 cor-

2020 4529 2261 4599 rcptione
2302 4527 2622 4597 proﬁciens,
2670 4526 2811 4595 apud
2862 4539 3018 4594 quem
3063 4537 3188 4578 vera
3238 4522 3307 4578 sit
3358 4522 3600 4591 potentia

2020 4618 2281 4689 agnoscit,
2324 4618 2513 4671 dicens
2548 4634 2560 4668 :

2235 4708 2463 4764 CAPUT
2503 4706 2595 4761 XII
2625 4707 2642 4778 [
2672 4706 2777 4761 Vel.
2822 4704 2927 4759 VU
2954 4746 2968 4769 ,
3014 4704 3140 4760 Hec.
3186 4702 3388 4776 VIII].

2021 4805 2149 4859 CAP.
2180 4819 2303 4868 xxv,
2329 4802 2495 4856 Vens.
2519 4802 2553 4855 2
2583 4830 2651 4841 —-
2673 4798 2911 4853 Potestas
2938 4808 2984 4852 et
3019 4809 3182 4851 terror
3202 4798 3342 4869 apud
3365 4814 3479 4852 eum
3508 4806 3603 4865 est,

2021 4877 2108 4946 qui
2129 4875 2253 4944 facit
2282 4872 2607 4927 concordiam
2636 4872 2690 4924 in
2721 4870 3023 4925 sublimibus
3053 4872 3177 4924 suis.

2098 4968 2184 5024 16.
2230 4968 2368 5022 Deus
2390 4967 2530 5021 solus
2560 4975 2739 5036 potens
2760 4974 2805 5019 et
2835 4966 3156 5019 metuendus.
3186 4994 3257 5005 —
3276 4965 3355 5019 Ac
3382 4964 3428 5019 si
3452 4979 3605 5033 aper-

2024 5075 2076 5121 te
2097 5063 2241 5118 dicat
2268 5080 2280 5114 :
2306 5060 2465 5116 Solus
2494 5060 2655 5115 corda
2680 5058 2986 5114 mortalium
3019 5059 3276 5112 veraciter
3300 5066 3487 5120 terret,
3512 5055 3605 5125 qui

2021 5173 2086 5212 ex
2116 5155 2405 5211 divinitatis
2443 5168 2555 5209 sua:
2588 5153 2824 5222 potentia
2867 5150 3131 5206 veraciter
3175 5151 3289 5205 haec
3338 5147 3603 5219 possidet.

2019 5250 2262 5304 Humana
2332 5248 2473 5303 enim
2547 5244 2781 5315 potentia
2828 5258 2986 5313 quem
3044 5251 3306 5296 terrorem
3366 5241 3597 5306 incutit,

2017 5358 2134 5415 quae
2179 5341 2300 5413 jure
2330 5338 2571 5411 ejusdem
2622 5336 2873 5409 potentiae
2922 5335 3133 5406 quando
3172 5342 3351 5389 careat
3398 5333 3606 5387 nescit?

2018 5438 2181 5493 Recte
2212 5444 2390 5491 autem
2415 5432 2606 5489 dicitur
2630 5447 2645 5487 :
2676 5432 2777 5500 Qui
2798 5430 2924 5503 facit
2944 5428 3274 5483 concordiam
3299 5426 3350 5480 in
3374 5424 3584 5479 sublimi

2015 5601 2068 5654 in
2098 5600 2281 5654 horrea
2309 5616 2424 5654 sua.

2093 5680 2115 5708 θ
2143 5671 2409 5735 Laudun.,
2445 5669 2657 5724 Ebroic.
2688 5675 2743 5722 et
2767 5664 2879 5729 alii,
2907 5664 2953 5717 si
2978 5664 3051 5717 ita
3078 5678 3180 5728 non
3209 5670 3304 5728 est,
3334 5660 3603 5714 mentitum

2018 5758 2097 5795 me
2126 5758 2339 5813 arguere
2360 5742 2470 5811 quis
2496 5739 2685 5813 potest?

2096 5815 2114 5851 ε
2150 5800 2211 5867 1’
2232 5800 2421 5876 Laud”
2472 5800 2603 5866 dicta
2629 5808 2885 5880 fallacia;
2911 5806 3017 5863 duo
3060 5806 3272 5862 Ebroic.
3306 5811 3357 5856 et
3388 5800 3601 5867 Genu...

2022 5887 2208 5940 dictam
2239 5884 2518 5938 fallaciam.
3550 5892 3551 5895 η
