4044 6346
509 405 570 459 19
1609 400 1615 406 ’
1716 390 1964 451 SANCTI
2004 387 2331 448 GBEGORII
2371 386 2583 447 MAGNI
3717 386 3786 449 20

507 523 597 575 bus
646 537 773 585 suis,
802 518 924 590 quia
956 517 1119 571 multa
1152 514 1369 569 sibimet
1398 511 1621 566 inferius
1666 510 1959 575 dissident,
1995 507 2091 562 sed
2116 505 2172 569 Δ
2197 504 2361 568 ditur,
2411 502 2717 558 Graecorum
2750 500 2852 554 sibi
2907 500 3155 570 princeps
3201 498 3491 555 adveniens
3536 506 3782 569 apparet.

505 616 568 670 ad
622 613 942 669 concordem
990 624 1342 681 supernorum
1396 603 1783 677 plenitudinem
1828 609 2087 666 currunt;

504 716 558 764 et
586 724 649 762 ex
684 709 911 763 internae
959 704 1104 774 pacis
1132 714 1293 756 causa
1319 699 1525 771 agitur,
1576 707 1634 753 ut
1673 711 1816 767 saepe
1861 710 1926 751 ea
1972 708 2091 765 quae

505 809 629 854 sunt
652 800 885 855 exterius
916 798 1030 851 sine
1058 810 1185 865 pace
1218 793 1589 862 diSponantur.
1623 789 1755 845 Nam
1786 789 1960 845 bonos
1986 801 2094 841 om-

514 893 754 961 nipotens
800 892 942 946 Deus
991 890 1055 943 ad
1099 889 1344 944 meritunr
1400 883 1682 955 provehit,
1726 897 1847 937 cum
1902 887 2092 935 contra

506 1002 691 1041 eorum
726 986 885 1039 vitam
926 984 1095 1037 rnalos
1125 980 1315 1036 saevire
1347 978 1627 1048 permittit.
1660 976 1836 1046 Atque
1879 974 1932 1027 in
1958 986 2091 1028 con-

507 1080 688 1132 cordia
717 1088 1110 1147 componuntur
1154 1089 1362 1129 summa
1388 1115 1405 1141 ,
1435 1072 1562 1127 dttm
1591 1068 1987 1126 confunduntur
2008 1066 2091 1120 in-

509 1174 660 1236 tima,
691 1173 813 1240 quia
861 1170 983 1225 inde
1011 1169 1065 1224 in
1114 1166 1423 1223 caelestibus
1452 1166 1651 1221 electos
1698 1176 1825 1217 suos
1873 1159 2093 1228 angelo-

507 1278 622 1315 rtrtn
647 1262 827 1316 choris
866 1261 1055 1327 sociat,
1091 1260 1228 1314 unde
1262 1260 1313 1313 in
1361 1257 1587 1313 terrenis
1616 1262 1669 1311 et
1701 1252 1895 1309 inlimis
1947 1261 1971 1288 ι
2004 1266 2093 1305 re-

508 1356 795 1425 proborum
826 1370 1001 1409 mores
1030 1356 1139 1408 suis
1171 1354 1386 1406 nutibus
1411 1350 1756 1405 adversantes
1780 1356 1982 1419 portat.

584 1449 666 1502 t7.
700 1446 802 1512 Qui
823 1447 996 1517 angeli
1027 1460 1220 1501 summe
1260 1442 1537 1496 concordes
1579 1441 1711 1494 inter
1739 1455 1791 1493 se
1820 1437 2097 1507 conﬂigere

510 1543 770 1594 dicantur.
795 1538 988 1597 —Sed
1020 1539 1160 1593 inter
1191 1537 1305 1591 haec
1337 1536 1462 1590 libet
1496 1534 1765 1605 inquirere
1796 1534 1841 1587 si
1888 1546 1991 1600 pax
2020 1518 2094 1585 'in

508 1631 828 1685 sublimibus
857 1646 1064 1685 summa
1097 1631 1380 1695 retinetur,
1412 1628 1536 1696 quid
1567 1634 1650 1685 est
1689 1624 1831 1695 quod
1866 1639 1960 1692 per
1989 1637 2090 1676 an-

509 1725 685 1795 gelum
735 1723 939 1778 Danieli
1001 1722 1228 1777 dicitur:
1264 1720 1373 1794 Ego
1417 1720 1531 1774 veni
1579 1729 1792 1790 prepter
1841 1732 2098 1772 sermones

509 1825 621 1871 tuos
655 1834 672 1870 :
698 1820 933 1888 princeps
960 1825 1130 1870 autem
1156 1816 1298 1885 regni
1334 1813 1608 1868 Persarum
1637 1812 1825 1867 restitit
1854 1809 1982 1865 mihi
2023 1811 2100 1864 ui-

2196 595 2307 663 Qua
2341 609 2404 650 ex
2432 609 2487 648 re
2514 592 2749 647 innuitur
2792 591 2932 660 quod
2981 592 3266 647 adversum
3320 591 3536 648 Graecos
3581 606 3785 664 quoque

2194 686 2392 757 aliquid
2420 685 2601 740 Judaea
2635 682 3015 751 commiserat,
3073 698 3299 753 quorum
3332 682 3578 752 profecto
3624 697 3780 741 causa

2197 777 2459 847 ereptioni
2517 776 2658 831 illius
2708 775 3017 831 resistebat.
3050 773 3334 844 Pr0pltetae
3383 774 3543 845 igitur
3595 791 3781 846 preces

2195 877 2415 941 angelus
2442 871 2676 939 exaudit,
2710 870 2803 925 sed
2830 870 3113 925 Persarum
3138 870 3387 940 princeps
3411 870 3633 936 resistit,
3660 870 3779 940 quia

2195 967 2297 1021 etsi
2319 966 2429 1036 jam
2457 966 2565 1018 vita
2585 964 2715 1034 justi
2739 964 3074 1034 deprecantis
3100 963 3428 1032 ereptionem
3453 963 3634 1033 p0puli
3663 963 3777 1018 exi-

2194 1060 2289 1130 git,
2322 1058 2562 1129 ejusdem
2596 1067 2774 1113 tamen
2802 1058 2980 1127 populi
3007 1057 3184 1111 adhuc
3213 1059 3319 1109 vita
3347 1054 3689 1121 contradicit,
3719 1067 3779 1111 ut

2197 1151 2319 1221 quin
2365 1150 2590 1207 necdum
2651 1149 2705 1204 hi
2741 1149 2831 1218 qui
2878 1151 2927 1204 itr
2971 1148 3329 1218 captivitatem
3380 1148 3593 1203 fuerant
3636 1149 3778 1203 ducti

2197 1242 2355 1310 plene
2380 1240 2584 1311 purgati
2608 1250 2755 1310 sunt,
2774 1241 2897 1310 jure
2919 1241 3001 1297 eis
3022 1242 3197 1296 adhuc
3220 1241 3397 1295 Persa:
3421 1241 3780 1297 dominentur.

2201 1332 2421 1386 Michael
2452 1331 2689 1400 adjuvat,
2717 1332 2808 1386 sed
2843 1330 3151 1387 Graecorum
3186 1333 3433 1402 princeps
3455 1331 3520 1386 ad
3545 1332 3783 1401 praelium

2203 1422 2370 1488 venit,
2400 1423 2520 1494 quia
2558 1424 2750 1477 mereri
2785 1424 2999 1492 quidem
3025 1424 3232 1478 veniam
3260 1432 3363 1478 tam
3391 1425 3543 1495 longa
3567 1439 3789 1494 oppres-

2202 1530 2381 1570 sorum
2414 1516 2692 1584 captivitas
2724 1526 2949 1587 poterat,
2982 1517 3073 1571 sed
3099 1516 3389 1586 ereptionis
3411 1531 3598 1571 eorum
3630 1519 3784 1572 bene-

2205 1608 2324 1662 llcio
2354 1610 2454 1662 hoc
2484 1623 2697 1678 quoque
2729 1608 2867 1677 quod
2900 1607 2953 1661 in
2983 1605 3198 1663 Gre-cos
3233 1608 3572 1678 deliquerant
3600 1607 3789 1662 obvia-

2204 1701 2313 1754 bat.
2341 1700 2506 1755 Recte
2529 1715 2657 1771 ergo
2680 1700 2873 1753 dicitur
2895 1700 3033 1768 quod
3057 1708 3242 1753 contra
3266 1713 3323 1755 se
3346 1701 3519 1771 angeli
3546 1699 3786 1765 veniunt,

2206 1793 2325 1861 quia
2350 1792 2708 1862 subjectarum
2732 1791 2830 1846 sibi
2848 1792 3342 1862 gentiurrrvicissirn
3369 1792 3555 1847 merita
3579 1799 3790 1851 eontra-

508 1915 596 1983 gin
624 1914 640 1965 i
669 1883 714 1965 et
745 1928 848 1965 uno
873 1883 1079 1974 diebus;
1101 1919 1146 1965 et
1174 1883 1285 1962 ecce
1333 1907 1578 1973 Michael,
1605 1923 1734 1961 unus
1761 1907 1826 1958 de
1852 1904 2098 1976 principi-

2206 1883 2404 1955 digrnt.
2465 1884 2598 1941 Nam
2658 1883 2914 1939 sublimes
2980 1884 3199 1953 spiritus
3273 1884 3475 1941 eisdem
3543 1884 3790 1954 gentibus

511 2009 602 2059 bus
628 2008 827 2076 primis,
875 2007 1006 2059 venit
1044 2006 1098 2057 in
1136 2004 1452 2074 adjutorium
1498 2002 1621 2055 mihi
1661 1999 1839 2070 (Dan.
1869 2015 1934 2066 x,
1980 1999 2093 2070 15).

515 2099 578 2152 Ει
610 2098 765 2164 paulo
797 2105 950 2164 post:
987 2096 1143 2149 Nunc
1183 2107 1409 2149 revertar
1438 2104 1493 2147 ut
1521 2094 1727 2165 prwlier
1769 2091 2039 2147 adversarii
2068 2090 2094 2129 1³

511 2192 790 2260 principem
834 2187 1130 2243 Persarum.
1164 2187 1292 2242 Cum
1338 2189 1472 2241 enim
1515 2187 1801 2258 egrederer,
1853 2186 2098 2255 apparuit

511 2284 743 2353 princeps
762 2280 1061 2337 Grterorurn
1078 2283 1353 2336 adveniens
1378 2281 1567 2349 (Ibid.,
1600 2280 1713 2350 ΞΟ).
1748 2280 1891 2349 Quos
1922 2281 2099 2349 itaque

512 2376 644 2429 alios
688 2374 955 2443 principes
998 2378 1254 2443 gentium,
1293 2376 1391 2430 nisi
1439 2375 1656 2444 angelos
1703 2375 1956 2444 appellat,
2007 2373 2098 2440 qui

515 2467 612 2520 sibi
639 2468 892 2521 resistere
919 2468 1134 2523 exeunti
1167 2469 1463 2535 potuissent
1484 2469 1505 2520 ?
1528 2467 1659 2534 Qua:
1687 2482 1815 2531 ergo
1844 2481 1963 2521 esse
1988 2481 2095 2535 pax

515 2559 565 2610 in
590 2558 908 2611 sublimibus
933 2567 1144 2627 potest,
1177 2560 1221 2612 si
1245 2560 1384 2613 inter
1416 2559 1560 2626 ipsos
1589 2572 1799 2626 quoque
1825 2557 2095 2626 arrgelicos

511 2651 729 2718 spiritus
761 2651 1038 2719 praeliandi
1066 2659 1338 2706 certamen
1363 2650 1561 2722 agitur,
1592 2652 1681 2721 qui
1706 2665 1920 2719 semper
1964 2665 2095 2705 con-

511 2744 713 2810 spectrri
748 2742 985 2817 veritatis
1016 2744 1309 2798 assistunt?
1333 2744 1438 2799 Sed
1460 2746 1580 2814 quia
1609 2752 1756 2799 certa
1786 2746 2099 2813 angelorum

513 2834 806 2887 ministeria
836 2834 1211 2903 disperrsandis
1255 2837 1482 2904 singulis
1509 2838 1811 2906 quibusque
1838 2837 2091 2906 gentibus

512 2937 636 2982 sunt
669 2929 881 2996 praelata
906 2967 921 2993 ,
955 2942 1073 2981 cum
1104 2928 1470 2998 subjectortrm
1517 2944 1698 2985 mores
1728 2929 2010 2985 adversum
2042 2944 2102 2985 se

514 3023 746 3076 vicissim
803 3023 1210 3091 praepositorum
1254 3023 1538 3091 Spirituum
1582 3038 1739 3091 opem
1791 3032 2099 3086 merentur,
2146 3086 2153 3095 ί

515 3116 613 3183 ipsi
642 3116 728 3183 qtri
755 3123 993 3183 praesunt
1015 3115 1234 3183 spiritus
1262 3124 1448 3169 contra
1469 3129 1528 3171 se
1561 3117 1745 3172 venire
1768 3098 2145 3217 referuntuty/

516 3208 564 3261 Is
595 3222 824 3275 namque
869 3207 1091 3277 angelus
1119 3206 1211 3276 qui
1254 3207 1459 3262 Danieli
1510 3208 1828 3277 loquelxrtur
1876 3206 2102 3278 captivis

516 3298 789 3355 lsraelitici
816 3299 994 3370 p0puli
1019 3300 1068 3352 in
1098 3299 1319 3354 Perside
1340 3302 1645 3356 constitutis
1670 3302 1919 3369 prmlatus
1940 3316 2104 3371 agno-

514 3394 699 3447 scitur.
734 3393 955 3448 Michael
988 3403 1164 3449 autem
1195 3408 1378 3449 eorum
1406 3397 1493 3465 qui
1526 3374 1592 3455 ex
1625 3395 1813 3449 eadem
1858 3396 2017 3463 plebe
2046 3395 2099 3449 in

513 3484 713 3539 Iuda-te
736 3493 878 3539 terra
911 3495 1284 3541 remanserant
1314 3486 1634 3557 praepositus
1665 3487 1955 3543 irrverritrrr.
1993 3489 2103 3544 Un-

515 3579 581 3632 de
606 3589 659 3633 et
677 3578 747 3632 ab
773 3578 874 3633 hoc
895 3578 1084 3635 eodem
1108 3579 1297 3648 angelo
1320 3578 1476 3648 paulo
1496 3586 1620 3647 post
1648 3578 1849 3633 Danieli
1870 3578 2064 3635 dicitur
2085 3598 2097 3635 :

515 3671 683 3726 Nemo
711 3682 784 3727 est
825 3673 1037 3744 adjutor
1064 3687 1205 3724 meus
1236 3672 1287 3725 in
1319 3669 1552 3725 omnibus
1588 3671 1687 3738 his,
1747 3672 1843 3726 nisi
1878 3672 2103 3731 Michael

514 3768 754 3837 princeps
780 3776 942 3821 vester
973 3765 1139 3835 (Ibid.
1163 3764 1279 3837 ει).
1318 3767 1393 3821 De
1420 3782 1527 3837 quo
1552 3776 1609 3821 et
1642 3768 1759 3834 hoc,
1788 3769 1926 3837 quod
1960 3785 2095 3837 prae-

513 3861 777 3922 misimus,
807 3860 936 3912 dicit
964 3877 976 3911 :
1010 3861 1072 3912 Et
1092 3876 1208 3912 ecce
1272 3859 1496 3916 Michael
1535 3878 1665 3916 unus
1694 3863 1757 3915 de
1782 3864 2101 3931 principibus

512 3953 691 4021 primis
720 3952 853 4005 venit
880 3953 934 4006 in
962 3952 1278 4023 adjutorinm
1304 3954 1429 4006 milii
1456 3951 1652 4023 (Ibid.,
1686 3953 1796 4025 15).
1832 3954 1932 4022 Qui
1972 3955 2100 4009 dum

516 4057 850 4113 nequaquam
875 4042 1032 4096 simul
1065 4057 1207 4108 esse,
1239 4043 1334 4098 sed
1364 4046 1548 4099 venire
1578 4044 1632 4098 in
1664 4045 1982 4116 adjutorium
2012 4046 2098 4102 di-

514 4136 673 4200 citur,
704 4134 868 4208 552
899 4143 1083 4203 aperte
1113 4137 1160 4188 ei
1216 4136 1416 4205 populo
1467 4139 1716 4204 praelatus
1762 4140 2096 4207 agnoscitur,

512 4230 604 4300 qui
634 4232 873 4297 captivus
903 4228 955 4283 in
987 4228 1087 4282 alia
1128 4239 1278 4299 parte
1324 4229 1625 4285 tenebatur.
1673 4230 1811 4298 Quid
1843 4241 1926 4287 est
1970 4248 2099 4303 ergo

508 4321 755 4390 angelum
777 4322 956 4376 dicere
979 4338 994 4378 :
1022 4319 1134 4394 Ego
1152 4322 1263 4375 veni
1283 4332 1493 4393 propter
1510 4338 1772 4378 sermones
1796 4334 1931 4390 tuos,
1956 4328 2101 4395 prin-

510 4430 627 4483 ceps
673 4422 843 4467 autem
871 4414 1021 4485 regni
1054 4411 1334 4467 Persarum
1375 4414 1561 4469 restitit
1593 4415 1717 4470 mihi
1750 4416 1941 4488 (Ibid.,
1977 4417 2095 4491 15),

510 4505 614 4560 nisi
681 4518 777 4559 sua
849 4504 1077 4559 subditis
1151 4520 1314 4575 opera
1366 4507 1646 4562 nuntiare?
1701 4509 1778 4563 Ac
1830 4512 1874 4565 si
1916 4525 2100 4580 aperte

2204 1980 2563 2048 prirrcipantes
2589 1992 2923 2049 nequaquam
2948 1992 3043 2047 pro
3074 1978 3270 2046 injuste
3297 1978 3579 2049 agentibus
3603 1979 3788 2033 decer-

2200 2080 2333 2145 tant;
2364 2071 2458 2143 sed
2503 2085 2690 2125 eorum
2741 2071 2879 2124 facta
2923 2069 3069 2140 juste
3118 2071 3420 2141 jutlicatrtes
3465 2069 3789 2127 examinant.

2199 2162 2439 2231 Cumque
2465 2162 2877 2232 uniuscujusque
2905 2163 3080 2233 gentis
3137 2164 3216 2217 vel
3259 2163 3409 2233 culpa
3453 2164 3536 2217 vel
3583 2162 3785 2232 justitia

2198 2255 2264 2308 ad
2293 2270 2541 2323 superna:
2569 2254 2733 2309 curia:
2759 2253 3039 2308 consilium
3070 2254 3302 2321 ducitur,
3331 2253 3570 2323 ejusdem
3621 2252 3789 2323 gentis

2204 2348 2524 2417 praepositus
2556 2348 2638 2402 vel
2669 2347 2966 2402 obtinuisse
2996 2348 3045 2401 in
3074 2350 3395 2414 certamine,
3431 2348 3513 2403 vel
3545 2363 3652 2403 non
3696 2348 3790 2403 ob-

2202 2440 2426 2495 tinuisse
2482 2438 2819 2508 perhibetur.
2877 2440 3112 2504 Quorum
3174 2451 3349 2495 tamen
3395 2440 3633 2494 omnium
3691 2454 3789 2498 una

2211 2534 2434 2588 victoria
2462 2542 2547 2587 est
2591 2534 2673 2587 sui
2717 2547 2879 2601 super
2920 2548 2981 2587 se
3008 2534 3213 2602 epiticis
3244 2534 3491 2588 voluntas
3539 2549 3748 2589 summa
3774 2573 3789 2599 ,

2203 2644 2360 2696 quam
2392 2631 2515 2681 dum
2547 2641 2761 2695 semper
2791 2626 3076 2695 aspiciunt,
3099 2627 3242 2696 quod
3273 2628 3515 2682 obtinere
3565 2644 3674 2682 non
3705 2643 3791 2681 va~

2206 2724 2315 2777 lerrt
2340 2736 2606 2790 nunquam
2656 2706 3060 2791 volunt./Beue
3090 2734 3219 2786 ergo
3271 2719 3464 2774 dicitur
3492 2739 3503 2772 :
3534 2722 3637 2788 Qui
3672 2720 3791 2790 facit

2204 2815 2533 2869 concordiam
2563 2814 2614 2868 in
2646 2792 2947 2867 sublimairus
2966 2817 3093 2869 suis.
3129 2814 3382 2883 Sequitur
3416 2831 3426 2866 :

2628 2925 2854 2981 CAPUT
2898 2927 3011 2981 χιιι
3053 2926 3202 2999 [Περ.
3228 2925 3358 2999 IX].

2283 3037 2443 3092 Vens.
2470 3035 2529 3091 ὅ.
2561 3064 2631 3077 —
2656 3036 2907 3107 Nunquid
2928 3047 3002 3091 est
3026 3052 3266 3091 numerus
3293 3036 3514 3090 militum
3540 3038 3694 3107 ejus?

2284 3130 2367 3186 18.
2386 3130 2695 3203 Angelorum
2713 3147 2952 3184 numerus
2968 3131 3065 3184 etsi
3085 3130 3189 3183 Deo
3204 3131 3402 3198 finitus,
3418 3130 3708 3184 horninibus
3720 3138 3791 3185 est

2209 3214 2531 3296 irt/iriitus.—
2544 3226 2596 3279 In
2613 3226 2919 3294 cognitione
2938 3225 3183 3279 humana:
3194 3223 3417 3278 rationis
3428 3239 3787 3293 srrpcrnorum

2215 3322 2496 3390 Spirituuur
2516 3335 2768 3374 numerus
2794 3335 2898 3373 non
2930 3314 3187 3386 est,"quia
3228 3326 3425 3387 quanta
3450 3317 3520 3371 sit
3553 3317 3641 3371 illa
3691 3318 3795 3371 ire-

2206 3415 2417 3484 quentia
2454 3414 2734 3468 invisibilis
2770 3410 2788 3450 ῐ
2830 3412 3098 3466 exercitus
3128 3411 3329 3477 nescit;
3376 3412 3441 3464 tle
3464 3427 3568 3479 quo
3589 3426 3686 3478 per
3704 3410 3796 3464 Da-

2208 3506 2402 3560 nielem
2427 3506 2619 3559 dicitur
2637 3520 2651 3557 :
2674 3502 2728 3556 Μ
2736 3505 2845 3557 illia
2862 3502 3081 3556 millium
3102 3503 3457 3557 ministrabant
3477 3503 3543 3567 ei,
3564 3512 3611 3556 et
3625 3503 3794 3558 decies

2209 3598 2395 3651 millies
2416 3606 2627 3651 centena
2661 3596 2824 3650 millia
2843 3596 3146 3649 assistebant
3190 3596 3235 3647 ri
3269 3595 3523 3667 (Daniel.,
3545 3611 3635 3659 νιι,
3664 3596 3783 3666 10).

2205 3690 2571 3758 Supertroruru
2597 3687 2791 3742 civium
2826 3703 3082 3742 numerus
3136 3698 3159 3735 ς
3199 3688 3434 3742 inﬁnitus
3464 3697 3518 3742 et
3544 3688 3798 3744 delinitus

2206 3781 2539 3849 exprimitur,
2572 3789 2628 3833 ut
2659 3782 2742 3850 qui
2777 3782 2883 3835 Deo
2925 3789 3009 3835 est
3040 3782 3414 3846 numerabilis,
3450 3797 3570 3836 esse
3620 3782 3797 3837 lronri-

2206 3874 2363 3926 nibus
2408 3872 2815 3927 innumerabilis
2868 3873 3287 3928 demonstretur.
3344 3874 3599 3939 Quamvis
3650 3876 3795 3930 aliud

2202 3975 2290 4022 est
2320 3965 2593 4030 assistere,
2642 3966 2782 4020 aliud
2814 3966 3144 4021 ministrare.
3200 3965 3469 4019 Assistuut
3499 3968 3641 4021 enirn
3693 3970 3797 4023 illm

2207 4059 2576 4129 proculdubio
2606 4068 2920 4128 potestates,
2954 4074 3072 4129 quae
3117 4060 3180 4113 :rd
3211 4060 3452 4130 quaedam
3486 4060 3797 4118 lronriuibus

2206 4153 2501 4207 nuntianda
2530 4168 2636 4207 notr
2662 4163 2881 4207 exeunt.
2911 4153 3213 4207 Ministranl
3244 4169 3369 4208 vero
3398 4155 3450 4208 lri
3483 4156 3574 4225 qui
3601 4157 3667 4211 ad
3698 4174 3795 4213 ex-

2206 4246 2399 4313 plenda
2448 4245 2622 4298 ofﬁcia
2672 4245 2978 4300 nuntiorum
3029 4246 3285 4312 veniunt,
3336 4246 3430 4302 sed
3460 4255 3634 4302 tamen
3692 4249 3794 4320 ipsi

2207 4353 2420 4408 quoque
2449 4337 2899 4406 contemplatione
2926 4337 2993 4392 ab
3041 4337 3243 4392 intimis
3268 4354 3375 4392 non
3420 4340 3698 4395 recedunt.
3733 4342 3795 4395 Et

2207 4433 2329 4502 quia
2353 4430 2534 4500 plures
2564 4437 2687 4483 sunt
2712 4430 2801 4499 qui
2832 4428 3163 4491 ministrant.
3198 4445 3355 4500 quam
3392 4431 3444 4485 Iri
3489 4434 3574 4501 qui
3601 4433 3795 4500 princi-

2208 4525 2403 4595 paliter
2425 4532 2679 4578 assrsttlnt
2700 4563 2713 4589 ,
2747 4524 3113 4578 assistentiurrr
3143 4540 3395 4579 numerus
3422 4526 3573 4595 quasi
3595 4527 3791 4582 deﬁni-

509 4596 689 4651 dicat:
717 4597 939 4651 Precutn
963 4596 1179 4666 quidem
1213 4608 1417 4653 tuarum
1452 4598 1641 4654 merita
1686 4602 1907 4671 exigunt
1938 4613 1993 4657 rrt
2023 4606 2098 4661 ls-

2204 4621 2368 4685 nitus,
2406 4617 2866 4673 hministrantium
2899 4633 3027 4673 vero
3054 4618 3364 4673 intielinitus
3393 4620 3715 4674 ostenditur.

508 4689 779 4744 raeliticrts
810 4688 1036 4759 populus
1063 4707 1093 4744 a
1127 4690 1259 4759 jugo
1280 4705 1390 4746 sute
1423 4701 1446 4730 ο
1494 4695 1819 4763 captivitatis
1846 4708 2095 4765 exuatur,

508 4786 602 4842 sed
630 4792 715 4841 est
739 4784 914 4841 adhuc
934 4784 1076 4856 quod
1107 4787 1159 4843 in
1179 4785 1369 4841 eodem
1394 4788 1592 4858 pepulo
1615 4790 1901 4847 Persarum
1926 4794 2099 4849 domi-

516 4880 604 4937 nio
632 4881 845 4950 purgari
871 4880 1083 4947 debeat,
1112 4876 1139 4917 ἀ
1166 4888 1224 4934 ιιι
1247 4881 1316 4935 de
1340 4884 1615 4952 ereptione
1640 4885 1783 4941 illius
1814 4888 2096 4946 Persarum

508 4974 758 5044 princeps
788 4972 918 5027 mihi
949 4981 974 5011 ο
990 4971 1113 5041 jure
1127 4974 1484 5037 contradicat,
1508 4978 1750 5044 quamvis
1771 4992 1956 5048 preces
1976 4989 2098 5038 tuas

511 5082 697 5125 eorum
728 5081 940 5139 quoque
971 5066 1221 5138 lacrymre
1242 5068 1337 5137 qui
1371 5068 1423 5122 in
1444 5067 1628 5125 iudica
1656 5072 1829 5128 relicti
1858 5085 1981 5131 sunt
2003 5077 2098 5131 ad-

508 5162 710 5233 iuvent.
750 5161 898 5217 Unde
943 5159 1047 5216 hoc
1068 5176 1281 5234 quoque
1308 5167 1453 5235 quod
1494 5164 1727 5223 diximus
1778 5170 2094 5243 subiungit:

512 5257 738 5312 Michael
762 5258 995 5327 princeps
1014 5266 1176 5314 vester
1194 5262 1327 5314 venit
1346 5262 1400 5315 in
1421 5262 1739 5332 adjutorium
1764 5266 1907 5320 mihi.
1937 5267 2099 5324 Cum-

510 5366 613 5419 que
638 5359 695 5404 ut
724 5352 979 5407 adversus
1000 5351 1302 5421 principem
1330 5352 1610 5411 Persarum
1645 5359 1923 5429 praelietur
1944 5376 2093 5431 egre-

586 5504 609 5532 η
638 5493 859 5549 Recent.
909 5493 1033 5559 Ed.,
1066 5504 1277 5559 mentes,
1309 5495 1690 5551 reluctantibus
1731 5498 1856 5552 Mss.
1899 5510 1954 5554 et
1982 5511 2092 5559 vet.

511 5565 642 5643 Exc.
682 5565 844 5620 Paulo
875 5565 1011 5620 infra
1044 5565 1291 5636 legimus,
1318 5568 1662 5639 subjectorum
1693 5585 1926 5626 rrrores...
1959 5564 2091 5643 prai-

506 5637 665 5708 posit.
691 5652 772 5708 sp.
801 5653 965 5707 apem.
1000 5654 1125 5692 mer.

583 5706 609 5746 b
630 5708 668 5780 7‘27
686 5706 851 5763 Laud.
871 5720 925 5763 et
945 5710 1235 5773 Bcllovac.,
1260 5709 1502 5771 adversus
1521 5711 1805 5780 principem
1821 5720 2091 5768 terrarum.

585 5779 811 5850 fNorm.
848 5781 1109 5850 plerique,
1139 5782 1412 5836 servitutis.

583 5848 951 5925 fiPratell.et
998 5848 1302 5905 alii'Norrn.
1350 5851 1424 5925 ita
1458 5850 1676 5918 habent,
1712 5855 1852 5925 quod
1904 5855 2095 5913 melius

514 5923 728 5983 quidem
779 5924 971 5989 legitur
1015 5936 1203 5990 quam,
1255 5922 1386 5975 unde
1412 5922 1752 5992 ereptionem',
1796 5934 1852 5980 ut
1902 5927 2098 5985 habent

2289 4712 2399 4768 γει.
2429 4710 2597 4782 VIII]
2640 4712 2724 4766 19.
2753 4710 2847 4766 Dei
2868 4712 3052 4765 milites
3075 4729 3167 4764 cur
3188 4713 3449 4766 dicantur.
3480 4742 3551 4753 —
3571 4715 3791 4784 Angeli-

2205 4820 2297 4858 cos
2317 4818 2445 4857 vero
2465 4804 2685 4874 spiritus
2710 4816 2856 4860 recte
2879 4804 2967 4859 Dei
2986 4805 3184 4858 milites
3197 4804 3446 4869 dicimus,
3462 4806 3583 4875 quia
3606 4807 3794 4862 decer-

2205 4904 2318 4951 tare
2340 4910 2435 4951 eos
2461 4905 2644 4950 contra
2670 4902 2961 4964 potestates
2982 4910 3167 4951 aereas
3193 4911 3294 4950 non
3320 4896 3644 4967 ignoramus.
3661 4898 3792 4965 Quae

2202 4999 2384 5044 tamen
2415 4988 2707 5043 certamina
2740 5003 2844 5041 non
2882 4988 3096 5050 labore,
3126 4988 3219 5042 sed
3250 4988 3477 5058 imperio
3506 4999 3785 5059 peragunt,

2206 5082 2328 5153 quia
2360 5082 2619 5153 quidquid
2650 5082 2858 5153 agendo
2886 5090 3070 5136 contra
3107 5082 3413 5137 immundos
3443 5082 3663 5151 spiritus
3691 5098 3790 5153 ap-

2206 5184 2415 5244 petunt,
2451 5192 2515 5229 cx
2546 5175 2812 5245 adjtrtorio
2840 5183 3030 5229 cuncta
3060 5175 3298 5244 regentis
3321 5185 3562 5245 possunt.
3598 5176 3671 5230 De
3693 5177 3793 5231 lrac

2209 5286 2437 5340 namque
2460 5269 2619 5342 55.3
2643 5271 2854 5336 militia,
2876 5279 3132 5325 nascente
3154 5286 3278 5341 rege
3302 5279 3505 5336 nostro,
3534 5270 3792 5340 scriptum

2210 5375 2293 5421 est
2320 5384 2331 5419 :
2362 5366 2546 5422 Subito
2572 5370 2708 5435 facta
2738 5374 2813 5420 est
2831 5380 2945 5419 cum
2976 5365 3160 5436 angelo
3188 5366 3463 5421 multitudo
3485 5366 3680 5420 militia:
3694 5382 3792 5419 cm-

2204 5504 2341 5559 Editi
2374 5513 2572 5574 poster.

2277 5586 2298 5612 ο
2326 5575 2621 5643 Decstjttre
2648 5574 2701 5629 in
2738 5575 2759 5628 1
2797 5575 2960 5630 Laud.

2278 5646 2296 5684 τ
2334 5649 2352 5701 1
2393 5647 2583 5711 Laud.,
2614 5648 2824 5717 spiritus
2854 5650 3034 5706 nescit.

2275 5728 2298 5792 β
2327 5719 2380 5792 In
2410 5721 2433 5773 1
2470 5719 3007 5792 ΙιτιιιιιηβὶιιιΡΙίοὶιεΓ,
3039 5717 3269 5786 iri/initus
3298 5722 3622 5792 exprimitur.

2246 5788 2301 5873 ,ιι
2325 5791 2414 5845 Sic
2446 5792 2614 5846 nostri
2644 5790 2793 5858 Mss.,
2827 5807 2931 5846 non
2965 5802 3021 5846 ut
3057 5792 3248 5873 legitur
3292 5788 3592 5868 in'Vulgat.
3617 5838 3638 5868 ,
3667 5793 3790 5869 inﬁ-

2203 5872 2361 5916 nilus.
