4104 6350
1058 246 1091 259 ..ᾖ
1124 236 1235 257 εστ-ν’·-
1270 234 1293 239 "

294 337 359 395 Si
1095 330 1450 389 MORALIUM
1493 331 1623 389 LIB.
1665 327 1829 387 XVII.
1869 354 1938 367 —
1976 321 2041 376 IN
2078 318 2306 376 CAPUT
2348 314 2518 374 XXIV
2556 315 2618 371 Β.
2659 312 2795 371 .IOB.
3495 301 3565 351 2‘2.

296 454 435 508 testis
464 450 636 523 (Luc.,
672 450 777 519 13).
806 448 905 504 Cui
929 457 1103 503 tamen
1121 449 1322 503 militiae
1342 449 1633 503 electorum
1664 456 1873 516 quoque

1995 432 2107 485 sicut
2138 429 2413 483 luminaria
2442 428 2493 480 in
2524 425 2712 479 mundo
2743 421 3001 493 (Philipp.
3036 435 3096 485 ιι,
3122 418 3234 483 15).
3267 413 3399 479 Quia
3422 412 3565 467 enim

295 544 573 601 hominum
602 556 857 598 numerus
881 542 1142 613 jungitur,
1172 541 1261 611 qui
1289 555 1383 610 per
1422 539 1650 595 sublime
1681 538 1876 593 mentis

296 636 625 692 desiderium
647 678 663 703 ,
692 650 723 691 a
756 644 982 690 terrenae
1012 631 1433 688 conversationis
1459 631 1719 688 servitute
1746 630 1878 683 libe-

298 741 506 785 rantur.
537 729 615 784 De
657 727 846 798 quibus
877 743 971 797 per
1002 727 1224 783 Paulum
1254 726 1444 781 dicitur
1475 742 1487 778 :
1517 723 1686 779 Nemo
1734 724 1879 778 mili-

298 836 413 881 tans
440 826 545 880 Deo
560 825 790 895 implicat
809 840 863 879 se
883 824 1095 894 negotiis
1118 822 1452 876 stecularibus
1474 818 1563 890 (II
1586 819 1785 883 Timui,
1804 818 1877 888 4).

297 920 395 986 Qui
424 919 549 974 licet
569 934 709 974 nunc
741 918 893 987 pauci
926 924 1242 987 appareant,
1292 915 1344 969 in
1400 913 1653 969 invisibili
1705 921 1880 967 tamen

300 1014 469 1082 patria
488 1011 904 1067 innumerabiles
916 1017 1159 1081 regnant,
1181 1008 1299 1078 quia
1320 1008 1494 1063 etsiex
1520 1006 1883 1075 comparatio-

300 1120 367 1159 ne
390 1118 671 1173 pravorum
699 1104 851 1172 pauci
891 1111 1032 1165 sunt,
1066 1102 1118 1156 in
1150 1098 1579 1170 coogregationis
1608 1112 1724 1151 sua:
1775 1095 1883 1151 lre-

299 1197 520 1267 Queutia
540 1196 712 1250 metiri
737 1208 1069 1264 nequaquam
1095 1201 1337 1262 possunt.
1362 1191 1495 1257 Quia
1518 1204 1647 1244 vero
1670 1203 1885 1243 eorum-

302 1288 422 1345 dem
446 1288 675 1343 militum
706 1287 875 1343 virtus
903 1303 1008 1341 non
1036 1286 1267 1359 propriis
1309 1285 1533 1352 viribus,
1568 1282 1662 1339 sed
1693 1298 1883 1353 super-

300 1396 384 1437 nae
408 1381 589 1452 gratia:
614 1378 879 1435 infusione
903 1380 1200 1447 roboratur,
1233 1387 1377 1435 recte
1400 1378 1739 1448 subiungitur
1772 1395 1782 1429 :

893 1473 1119 1530 CAPUT
1160 1473 1303 1528 XIV.

374 1567 502 1622 IBID.
533 1593 603 1608 -—-
630 1563 699 1619 Et
723 1581 878 1634 super
901 1583 1049 1637 quem
1082 1574 1107 1603 ⁸
1138 1583 1240 1620 ηοη
1267 1574 1439 1636 surget
1488 1566 1659 1620 lumen
1710 1564 1889 1619 illius?

367 1662 458 1717 ΞΟ.
501 1661 626 1717 Νοη
644 1662 867 1734 propriis
915 1660 1140 1726 viribus,
1191 1659 1281 1713 sed
1324 1658 1509 1730 gratia:
1548 1659 1681 1711 dono
1731 1662 1887 1727 fortes

298 1765 438 1809 sunt.
471 1755 767 1810 —Lumen
816 1754 1007 1825 quippe
1053 1753 1143 1807 Dei
1176 1759 1261 1807 est
1310 1751 1476 1823 gratia
1534 1750 1885 1818 praeveniens.

301 1849 429 1917 Quae
459 1850 501 1902 si
536 1849 585 1903 in
616 1856 803 1903 nostro
828 1846 990 1901 corde
1020 1859 1352 1915 nequaquam
1386 1841 1616 1912 gratuito
1660 1856 1883 1897 consur-

301 1950 481 2009 geret,
515 1940 755 2009 profecto
783 1952 935 1993 meus
958 1943 1136 1990 nostra
1184 1934 1236 1989 in
1270 1941 1610 2002 peccatorum
1666 1948 1886 1986 suorum

302 2032 536 2087 tenebris
566 2031 795 2086 obscura
825 2040 1147 2084 remaneret.
1182 2027 1336 2083 Unde
1378 2039 1432 2081 et
1462 2025 1707 2081 subditur
1734 2043 1745 2078 :

751 2121 976 2178 CAPUT
1042 2121 1136 2176 xv
1166 2119 1313 2194 [Rea
1340 2118 1432 2189 η.

375 2216 543 2271 Vens.
576 2216 631 2270 4.
662 2247 733 2255 -
762 2215 1010 2284 Nunquid
1038 2214 1317 2285 justi/icari
1362 2222 1524 2282 potest
1563 2214 1713 2265 homo
1752 2226 1891 2265 com-

300 2316 509 2377 paratus
534 2306 638 2361 Deo
678 2315 766 2359 attt
795 2320 1045 2377 apparere
1068 2306 1287 2357 mundus
1308 2314 1456 2357 natus
1484 2304 1547 2357 de
1567 2303 1821 2356 muliere?

362 2402 427 2456 2i
441 2442 454 2455 .
468 2400 519 2455 N
524 2416 633 2455 emo
640 2403 810 2472 justus
826 2399 925 2463 πίε
940 2398 1031 2451 Dei
1041 2398 1405 2461 illustratione,
1424 2413 1524 2451 non
1549 2393 1891 2467 comparatio-

300 2513 379 2552 ne.
418 2526 485 2536 —
501 2494 699 2550 Versus
720 2495 822 2547 iste
839 2492 1082 2562 superius
1099 2507 1126 2544 a
1144 2491 1302 2545 beato
1320 2491 1419 2545 Joh
1441 2490 1656 2555 dicitur,
1671 2498 1723 2544 et
1750 2504 1891 2543 nunc

298 2587 350 2642 in
398 2586 517 2655 ejus
558 2585 968 2654 exprobratione
998 2582 1309 2650 replicatur.
1334 2582 1523 2637 Omnis
1556 2597 1785 2651 namque
1808 2583 1890 2635 vir

298 2676 471 2747 jusms
493 2677 585 2732 Dei
620 2677 1169 2745 illustrationejustus
1199 2686 1301 2743 est,
1336 2691 1439 2730 non
1466 2676 1887 2744 comparatione.

300 2768 541 2824 Humana
566 2768 760 2838 quippe
776 2768 1007 2837 justitia,
1038 2772 1240 2825 auctori
1264 2777 1596 2837 comparata,
1637 2767 1664 2806 δ
1693 2768 1894 2839 injusti-

301 2862 372 2918 tia
401 2872 512 2928 est,
545 2861 670 2932 quia
696 2863 795 2917 etsi
827 2862 878 2915 in
920 2862 1031 2931 ipsa
1058 2863 1139 2917 sui
1166 2862 1477 2917 conditione
1522 2862 1680 2917 homo
1721 2864 1890 2930 persi-

301 2966 486 3023 steret,
518 2957 746 3012 creatori
775 2971 879 3011 non
912 2967 1092 3025 posset
1118 2958 1317 3027 aequari
1344 2964 1594 3011 creatura
1628 2954 1773 3019 (Job.
1803 2971 1889 3023 ιι,

294 3051 374 3121 2).
402 3052 499 3107 Cui
531 3059 706 3106 tamen
734 3051 799 3105 ad
821 3052 1069 3119 graviora
1096 3049 1337 3106 defectus
1362 3050 1626 3119 pondera,
1659 3051 1890 3105 προθεςὶι

302 3144 520 3212 etculpa
541 3184 555 3209 ,
574 3159 731 3213 quam
760 3158 982 3211 serpens
1002 3144 1256 3199 insidians
1278 3145 1475 3210 intulit,
1499 3154 1553 3198 et
1584 3144 1777 3199 mulier
1806 3145 1889 3198 in-

300 3240 505 3292 ﬁrmata
524 3236 1005 3308 persuasitwenes.
1028 3237 1201 3307 111,6).
1234 3236 1385 3293 Unde
1402 3252 1543 3291 nunc
1563 3238 1689 3306 quia
1725 3238 1886 3291 homo
1919 3227 1968 3292 ϐ
1996 3227 2219 3322 hang-ms
2243 3282 2267 3318 υ

301 3347 393 3401 per
423 3332 705 3385 mulierem
745 3333 913 3401 culpre
942 3331 1205 3387 subditam
1235 3334 1493 3397 nascitur,
1522 3342 1701 3387 reatus
1734 3333 1887 3402 primi

300 3424 584 3479 inlirmitas
628 3435 648 3463 ε
677 3426 730 3478 in
750 3426 895 3494 prole
914 3435 1254 3496 propagatur.
1284 3426 1349 3480 Et
1367 3428 1485 3498 quia
1520 3428 1571 3482 in
1592 3428 1770 3483 radice
1790 3444 1889 3499 pu-

298 3516 425 3571 truit
457 3517 674 3570 humani
704 3518 916 3587 generis
943 3533 1143 3585 ramus,
1175 3520 1225 3572 in
1258 3519 1581 3575 conditionis
1612 3536 1725 3576 sure
1750 3522 1887 3577 viri-

304 3608 469 3662 ditate
514 3608 734 3663 minime
776 3608 1032 3663 subsistit.
1070 3610 1222 3665 Unde
1266 3621 1413 3667 recte
1463 3629 1603 3667 nunc
1651 3614 1893 3671 dicitur:

309 3700 558 3770 Nunquid
578 3702 860 3771 justi/icari
890 3713 1052 3775 potest
1086 3703 1241 3758 homo
1274 3718 1600 3773 comparatus
1633 3707 1738 3762 Deo
1761 3750 1774 3771 ,
1808 3718 1895 3760 aut

310 3810 560 3863 apparere
582 3795 807 3849 mundus
833 3805 981 3849 natus
1004 3796 1066 3870 de
1085 3796 1339 3850 muliere?
1364 3800 1440 3850 Ac
1465 3799 1505 3850 si
1540 3806 1723 3867 aperte
1752 3798 1896 3854 dice-

308 3895 497 3941 retur:
526 3885 605 3942 Ne
632 3898 817 3941 contra
868 3899 1142 3944 auctorem
1174 3904 1329 3942 suum
1376 3888 1537 3943 homo
1582 3892 1854 3960 superbiat
1880 3934 1893 3954 ,

309 3979 615 4034 consideret
638 3978 783 4034 unde
806 3978 913 4033 huc
940 3982 1109 4043 venit,
1156 3991 1209 4034 et
1236 3981 1499 4050 intelligat
1523 3984 1647 4052 quid
1674 3985 1760 4037 sit.
1792 3983 1896 4039 Sed

309 4086 432 4127 ecce
462 4071 703 4125 nonnulli
743 4086 840 4140 per
879 4072 1082 4125 donum
1114 4074 1339 4141 spiritus
1384 4074 1551 4143 adjuti
1594 4084 1778 4129 contra
1813 4078 1895 4131 in-

313 4168 621 4220 ﬁrmitatem
653 4181 763 4221 sua:
793 4166 973 4220 carnis
995 4167 1296 4237 eriguntur,
1331 4166 1615 4222 virtutibus
1644 4171 1893 4236 emicant,

314 4260 586 4328 signorum
612 4273 828 4328 quoque
859 4258 1133 4313 miraculis
1161 4268 1477 4325 coruscant;
1512 4259 1687 4313 nullus
1720 4270 1897 4315 tamen

314 4360 392 4406 est
413 4335 505 4422 qui
535 4351 655 4406 sine
685 4352 839 4421 culpa
871 4352 1034 4406 vitam
1063 4361 1339 4422 transeat,
1375 4367 1652 4424 quousque
1682 4368 1900 4407 carnem

322 4446 681 4517 corruptionis
712 4455 908 4515 portat.
941 4446 1096 4501 Unde
1123 4447 1297 4501 adhuc
1328 4447 1612 4502 subditur:

910 4559 1135 4619 CAPUT
1175 4561 1309 4616 XVI.

387 4674 550 4731 Vens.
580 4674 636 4731 5.
669 4702 738 4716 -
760 4670 785 4711 ἀ
811 4672 941 4727 Ecce
967 4674 1118 4727 etiam
1141 4672 1265 4727 luna
1292 4690 1392 4727 non
1424 4672 1676 4743 splendet,
1706 4683 1754 4729 et
1782 4675 1901 4728 stel-

318 4764 381 4819 ιω
406 4782 509 4820 non
537 4772 656 4820 sunt
680 4766 882 4820 munda?
903 4765 955 4819 in
987 4773 1257 4835 conspectu
1285 4768 1415 4837 ejus.

385 4860 471 4913 ΕΞ.
504 4857 673 4913 Nemo
697 4860 769 4912 ita
786 4862 999 4931 justus,
1036 4867 1089 4912 ut
1118 4860 1170 4912 in
1199 4874 1353 4913 carne
1399 4859 1721 4929 corruptibili
1766 4862 1906 4915 omni

313 4961 523 5025 peccato
553 4958 748 5005 careat.
780 4980 850 4993 -—
873 4952 1007 5019 Quid
1045 4967 1136 5021 per
1164 4952 1366 5018 lunam,
1398 4952 1496 5009 nisi
1526 4961 1721 5008 cuncta
1747 4954 1906 5010 simul

321 5045 589 5109 Ecclesia;
623 5043 750 5115 quid
780 5060 872 5113 per
902 5044 1114 5113 stellas,
1147 5045 1248 5099 nisi
1291 5030 1622 5115 singulorum
1659 5046 1795 5101 bene
1826 5048 1909 5101 vi-

320 5141 551 5195 ventium
594 5138 790 5194 animae
834 5138 1226 5208 designantur?
1275 5140 1363 5210 qui
1423 5141 1561 5197 inter
1608 5156 1901 5211 pravorum

325 5232 594 5287 hominum
647 5233 1124 5299 conversationes,
1184 5231 1309 5285 dum
1364 5233 1568 5303 magnis
1624 5233 1908 5288 virtutibus

327 5324 581 5391 eminent,
614 5324 764 5393 quasi
811 5323 863 5378 in
899 5324 1131 5379 tenebris
1159 5324 1330 5378 noctis
1374 5324 1574 5379 lucent.
1612 5325 1764 5380 Unde
1816 5342 1909 5395 per

325 5419 540 5475 Paulum
570 5431 782 5491 quoque
812 5417 1091 5487 discipulis
1115 5419 1347 5473 dicitur:
1380 5418 1520 5471 Inter
1568 5435 1694 5488 quos
1726 5421 1905 5475 lucetis

394 5595 419 5624 ι
448 5582 641 5647 Aliter,
678 5599 784 5638 ron
810 5585 1007 5656 surgit,
1053 5590 1111 5636 ut
1154 5583 1345 5653 legitur
1372 5582 1419 5635 in
1458 5582 1652 5644 |.aud.,
1690 5579 1902 5645 Norm.,

324 5669 425 5769 cui"
447 5735 481 5789 2
504 5731 697 5796 Laud.,
719 5728 927 5801 justitia
958 5742 1060 5801 non
1081 5734 1172 5781 est.

398 5818 419 5845 ε
442 5802 688 5861 Deest'in
721 5799 866 5861 prole
889 5800 944 5854 in
978 5799 1000 5852 l
1038 5801 1053 5849 l
1082 5799 1206 5853 and.

401 5879 424 5915 ⁸³
447 5877 685 5936 Gcmet.,
720 5865 859 5929 Utic.
892 5882 943 5926 et
974 5870 1085 5935 alii,
1110 5886 1222 5923 erce
1246 5870 1375 5922 enim
1403 5880 1451 5921 et
1482 5869 1550 5921 ita
1584 5865 1740 5919 infra.

1982 530 2167 576 sancta
2203 518 2439 575 Ecclesia
2471 517 2609 572 luna:
2657 513 3017 584 appellatione
3061 508 3411 576 exprimitur,
3442 518 3570 575 pro-

1982 614 2142 686 pheta
2172 620 2415 673 testatur,
2450 608 2632 663 dicens
2660 625 2673 659 :
2703 606 2945 661 Eleuatus
2974 612 3046 657 est
3076 602 3176 665 sol,
3201 610 3247 654 et
3275 599 3401 652 luna
3428 596 3570 650 stetit

1982 709 2037 762 in
2057 707 2235 761 ordine
2266 721 2362 758 suo
2411 700 2638 774 (Habac.
2670 715 2749 766 ιιι,
2786 697 2897 768 Η).
2928 696 3150 751 Elevato
3178 696 3323 748 enim
3353 690 3488 757 sole,
3516 690 3569 745 in

1985 816 2081 855 suo
2112 801 2299 854 ordine
2328 799 2449 851 luna
2480 795 2749 859 statuitur,
2795 792 2919 862 quia
2949 788 3271 845 ascendente
3301 786 3365 839 ad
3404 784 3571 840 caelos

1987 891 2236 955 Domino,
2288 896 2472 942 sancta
2522 886 2764 954 protinus
2810 882 3049 937 Ecclesia
3082 881 3136 933 in
3167 876 3571 947 praedicationis
3630 865 3636 875 ’

1988 985 2306 1040 auctoritate
2332 980 2639 1035 roboratur.
2669 977 2735 1031 Et
2762 976 2883 1046 quia
2916 974 3192 1029 stellarum
3217 971 3434 1025 nomine
3461 968 3571 1024 ele-
3622 966 3627 977 ‘

1988 1079 2057 1134 cti
2091 1078 2386 1147 signantur,
2423 1088 2639 1129 rursum
2670 1070 2870 1125 Paulus
2896 1069 3151 1131 insinuat,
3180 1065 3366 1121 dicens
3393 1083 3407 1118 :
3433 1063 3573 1119 Stel-

1989 1173 2041 1225 la
2089 1173 2224 1225 enim
2268 1187 2298 1221 a
2340 1168 2488 1222 stella
2516 1166 2688 1231 dili'ert
2712 1166 2765 1218 in
2794 1163 3025 1216 claritate
3060 1161 3079 1232 (
3105 1160 3131 1213 I
3158 1160 3278 1214 Cor.
3310 1173 3411 1224 xv,
3461 1158 3524 1211 41
3555 1156 3573 1227 )

1990 1263 2154 1337 [Vet.
2194 1257 2311 1331 IX]
2365 1260 2509 1313 Luna
2538 1273 2667 1327 ergo
2709 1271 2813 1310 non
2843 1254 3118 1324 splendet,
3148 1260 3206 1307 et
3249 1250 3424 1305 stella
3467 1263 3576 1303 non

1989 1365 2114 1412 sunt
2141 1356 2352 1409 mundae
2383 1354 2432 1407 in
2459 1359 2750 1421 conspectu
2793 1348 2935 1419 ejus,
2970 1348 3093 1418 quia
3128 1359 3226 1401 nec
3254 1352 3439 1399 sancta
3474 1342 3577 1396 Ec-

1989 1449 2151 1506 clesia
2180 1451 2375 1503 virtute
2407 1445 2618 1515 propria
2652 1451 2729 1497 tot
2760 1441 3031 1496 miraculis
3057 1439 3275 1503 emicat,
3309 1436 3412 1490 nisi
3436 1434 3573 1490 hanc

1989 1541 2373 1613 prmvenientis
2404 1537 2589 1608 gratiae
2616 1537 2755 1590 dona
2803 1532 3148 1603 perfundant,
3195 1543 3292 1584 nec
3340 1527 3576 1596 singulo-

1990 1653 2108 1692 rum
2163 1634 2326 1708 544.
2375 1634 2513 1687 bene
2560 1628 2849 1684 viventium
2901 1635 3111 1680 mentes
3166 1637 3192 1675 a
3242 1629 3578 1690 peccatorum

1992 1730 2219 1785 maculis
2251 1726 2463 1782 mundae
2490 1734 2649 1790 sunt,
2682 1723 2727 1778 si
2756 1728 2966 1775 remota
3017 1718 3214 1787 pietate
3247 1714 3579 1783 iudicentur,

1911 1830 1959 1893 Β
1987 1824 2110 1894 quia
2132 1822 2268 1891 apud
2299 1819 2525 1873 districti
2552 1816 2748 1886 judicis
2771 1813 2978 1880 oculos,
3010 1826 3104 1866 sua
3126 1821 3578 1877 unumquemque

1993 1915 2412 1985 corruptibilitas
2442 1912 2704 1979 inquinat,
2758 1917 2785 1949 ο
2810 1908 2911 1961 nisi
2944 1907 3084 1959 hanc
3127 1902 3365 1971 quotidie
3411 1902 3582 1969 gratia

1994 2009 2261 2081 parcentis
2296 2014 2489 2076 tergat.
2548 2002 2856 2057 Electorum
2886 1998 3087 2068 quippe
3118 1997 3327 2049 animus
3367 1993 3584 2062 prodire

1994 2104 2060 2157 ad
2104 2102 2407 2157 libertatem
2455 2093 2682 2166 justitiae
2708 2091 2926 2155 nititur,
2969 2087 3065 2143 sed
3108 2086 3284 2142 adhuc
3323 2083 3583 2154 compede

1994 2195 2320 2249 inﬁrmitatis
2349 2197 2595 2253 tenetur;
2637 2194 2695 2242 et
2722 2185 2909 2255 culpas
2940 2181 3157 2254 quidem
3183 2179 3432 2249 subigere
3462 2192 3583 2247 per-

1994 2286 2131 2341 fecte
2182 2284 2487 2345 desiderat,
2534 2279 2628 2335 sed
2679 2290 2955 2347 quousque
3002 2273 3352 2342 corruptione
3402 2271 3581 2325 carnis

1998 2380 2331 2449 astringitur,
2354 2376 2474 2446 ejus
2494 2371 2743 2439 vinculis,
2768 2370 2929 2425 etiam
2953 2382 3071 2422 cum
3095 2381 3200 2422 non
3222 2365 3349 2431 vult,
3369 2364 3582 2434 ligatur.

1995 2473 2130 2528 Hinc
2177 2472 2355 2538 itaque
2388 2465 2650 2536 ‘colligat
2699 2472 2900 2535 quanto
2948 2470 3288 2532 peccatorum
3347 2458 3585 2528 pondere

1996 2566 2166 2635 pressi
2215 2563 2325 2616 sint
2370 2561 2462 2629 qui
2512 2568 2697 2613 contra
2740 2559 2855 2611 haec
2893 2556 3169 2610 decertare
3214 2553 3508 2624 negligunt,
3539 2552 3584 2608 si

1998 2660 2152 2725 plene
2176 2656 2389 2720 culpam
2419 2667 2518 2708 nec
2550 2652 2626 2706 illi
2648 2658 2938 2723 superant,
2978 2647 3070 2719 qui
3100 2658 3290 2702 contra
3317 2646 3456 2701 hanc
3499 2646 3584 2701 vi-

1998 2754 2171 2807 riliter
2201 2757 2455 2821 pugnant.
2492 2748 2646 2803 Unde
2674 2755 2729 2801 et
2760 2754 3041 2814 postquam
3070 2726 3272 2797 dictum
3300 2747 3385 2796 est
3409 2755 3422 2793 :
3448 2738 3583 2794 Ecce

1997 2847 2149 2898 etiam
2173 2844 2297 2897 luna
2318 2859 2417 2895 non
2445 2840 2679 2908 splendet
2704 2877 2720 2903 ,
2747 2848 2793 2892 et
2816 2835 2977 2892 stella
3007 2852 3108 2891 non
3138 2844 3252 2889 sunt
3290 2832 3493 2888 munde
3530 2832 3587 2886 in

1997 2952 2267 3010 canspec’u
2292 2941 2423 3007 ejus,
2453 2938 2698 3004 protinus
2724 2932 2939 2986 additur
2965 2948 2978 2983 :

2563 3049 2792 3105 CAPUT
2841 3046 2983 3101 XVII

2076 3174 2236 3228 Vens.
2269 3172 2321 3227 ὃ.
2353 3199 2423 3213 -ι-
2450 3170 2653 3237 Quanto
2682 3166 2844 3237 magis
2887 3165 3041 3218 homo
3067 3161 3319 3233 putredo,
3364 3169 3413 3216 et
3443 3160 3589 3232 ﬁlius

2273 3281 2374 3319 erm
2384 3265 2425 3316 is
2444 3263 2466 3314 ἲ
3680 3246 3685 3253 ‘

2070 3362 2159 3417 25.
2194 3360 2544 3416 Sisanctiom
2565 3352 2783 3408 macqu
2798 3368 2901 3405 non
2926 3359 3045 3403 sunt
3070 3356 3317 3421 expertes,
3339 3356 3461 3421 quot
3478 3363 3589 3404 sor-

1999 3460 2114 3513 dent
2139 3458 2223 3526 qui
2255 3454 2424 3507 carnis
2452 3450 2713 3521 spurcitiis
2740 3448 3131 3517 imnterguntur.
3173 3444 3331 3499 -Ac
3360 3442 3403 3496 si
3433 3457 3588 3512 aper-

2001 3559 2051 3605 te
2081 3549 2351 3605 diceretur
2378 3564 2390 3601 :
2422 3544 2477 3599 Si
2512 3542 2610 3611 ipsi
2641 3553 2854 3610 quoque
2896 3552 3013 3592 esse
3062 3536 3177 3588 sine
3205 3535 3451 3603 contagio
3482 3548 3589 3589 non

2002 3643 2201 3705 Valent,
2228 3640 2317 3710 qui
2363 3638 2503 3690 inter
2532 3634 2809 3705 praesentis
2840 3633 2961 3684 vitae
3004 3628 3253 3684 tenebras
3301 3626 3590 3681 virtutibus

2000 3736 2201 3801 lucent,
2248 3738 2449 3801 quanto
2494 3736 2647 3783 reatu
2700 3724 2993 3795 iniquitatis
3036 3719 3280 3777 obstricd
3330 3728 3451 3775 sunt
3500 3719 3592 3789 qui

2003 3831 2178 3885 adhuc
2208 3825 2498 3891 carnaliter
2524 3821 2747 3876 vivunt?
2778 3818 2832 3875 Si
2860 3833 2887 3871 a
2918 3829 3135 3888 peccato
3167 3828 3286 3870 esse
3319 3812 3471 3869 liberi
3498 3827 3593 3869 ne-

2004 3932 2208 3995 queunt
2240 3921 2327 3991 qui
2373 3919 2481 3988 jam
2515 3918 2567 3971 in
2595 3913 2905 3971 cmlestibus
2956 3910 3237 3966 desideriis
3264 3921 3592 3965 conversan-

2004 4029 2111 4083 tur,
2139 4016 2228 4088 qui
2250 4023 2587 4087 peccatorum
2622 4010 2851 4081 pondera
2881 4008 3111 4061 tolerant
3135 4005 3248 4075 qui,
3279 4002 3459 4058 carnis
3480 4014 3591 4055 sua:

2009 4110 2377 4180 voluptatibus
2401 4104 2589 4171 dediti,
2616 4103 2793 4156 adhuc
2819 4098 3114 4170 putredinis
3134 4096 3319 4167 jugum
3343 4092 3596 4165 portant?

2005 4204 2137 4258 Ilinc
2171 4202 2358 4255 Petrus
2380 4217 2386 4221 ·
2409 4197 2481 4250 ait
2510 4214 2521 4248 :
2551 4194 2611 4249 Si
2644 4197 2823 4264 justus
2848 4191 2930 4245 vis
2961 4187 3261 4253 satiabitur,
3316 4186 3504 4259 impius
3545 4192 3596 4241 et

2002 4305 2237 4370 peccator
2268 4293 2353 4346 ubi
2382 4291 2629 4360 parebunt
2661 4286 2708 4358 (l
2740 4284 2858 4341 Pet.
2890 4283 3109 4352 tv,18)?
3137 4281 3269 4335 Hinc
3291 4295 3387 4348 per
3405 4279 3593 4335 Isaiam

2007 4388 2437 4451 dieitur:Super
2479 4382 2691 4435 humum
2734 4378 2916 4447 paputi
2968 4376 3064 4427 mei
3116 4373 3277 4443 spinw
3324 4380 3370 4426 et
3416 4386 3594 4438 vepres

2006 4483 2303 4547 ascendent,
2334 4486 2525 4550 quanto
2548 4473 2708 4543 magis
2729 4486 2881 4542 super
2911 4478 2936 4516 Β
2961 4483 3159 4521 onmem
3183 4466 3390 4519 domum
3412 4463 3596 4533 gaudii

1935 4598 1989 4658 ι)
2012 4577 2228 4632 civitatis
2254 4570 2557 4628 exsultantis
2587 4570 2603 4635 (
2628 4565 2756 4619 lsai.
2786 4577 2955 4628 xxxu,
2986 4559 3111 4658 l3)?
3142 4558 3373 4613 Humum
3402 4562 3598 4629 quippe

2010 4669 2189 4741 pOptIII
2218 4667 2301 4725 sui
2332 4664 2587 4718 Dominus
2632 4658 2926 4713 electorum
2959 4652 3196 4707 ninnium
3228 4661 3461 4707 mentem
3508 4664 3598 4706 vo-

2013 4772 2119 4829 cat,
2168 4775 2328 4830 super
2358 4771 2515 4827 quam
2548 4753 2730 4823 spinas
2760 4765 2823 4812 ac
2870 4762 3060 4817 vepres
3092 4745 3387 4801 ascendere
3419 4744 3599 4814 perbi-

2014 4861 2121 4920 Let,
2148 4855 2271 4925 quia
2300 4866 2398 4908 nec
2423 4850 2590 4919 ipsam
2614 4860 2827 4917 quoque
2849 4857 2970 4898 esse
2993 4841 3192 4910 absque
3220 4839 3595 4908 punctionibus

2014 4951 2261 5006 vitiorum
2295 4945 2460 5000 videt.
2498 4943 2695 4996 Domus
2726 4951 2853 4992 vero
2877 4934 3054 5006 gaudii
3081 4932 3313 4987 civitatis
3337 4933 3599 4987 exsultan-
3628 4951 3669 4989 :-.;

2016 5048 2082 5100 tis
2112 5052 2195 5099 est
2229 5054 2379 5096 mens
2412 5049 2725 5107 pravorum,
2779 5045 2897 5101 quae
2929 5028 3052 5082 dum
3086 5033 3303 5081 ventura
3338 5025 3599 5094 supplicia

2015 5136 2329 5207 conspicere
2356 5131 2594 5202 negligit,
2630 5129 2681 5181 in
2707 5125 2883 5180 carnis
2911 5123 3186 5191 voluptate
3212 5133 3272 5173 se
3301 5118 3561 5171 deserens
3583 5159 3597 5185 ,

2014 5235 2237 5289 inaniter
2283 5227 2572 5284 ltilarescit.
2617 5223 2707 5279 Ait
2751 5236 2879 5291 ergo
2912 5220 2931 5273 z‘
2952 5217 3122 5286 Super
3165 5214 3374 5269 humum
3420 5211 3602 5285 populi

2015 5327 2114 5380 mei
2161 5326 2323 5393 spina:
2351 5330 2400 5375 ct
2431 5334 2604 5390 vepres
2655 5314 2956 5374 ascendent,
3004 5316 3191 5380 quanta
3242 5305 3406 5379 magis
3447 5320 3601 5378 super

2013 5435 2211 5474 omnem
2237 5418 2440 5470 domum
2464 5410 2641 5483 gaudii
2667 5407 2886 5461 civitatis
2906 5402 3254 5459 exsultantis?
3281 5404 3359 5455 Ac
3377 5399 3426 5456 si
3445 5413 3601 5471 aper-

2093 5592 2114 5618 δ
2140 5581 2241 5635 Gil.
2268 5585 2323 5631 et
2352 5574 2537 5638 Guss.,
2568 5571 2665 5624 nisi
2685 5570 2840 5621 hunc.
2867 5567 3053 5620 Melius
3079 5564 3130 5618 in
3160 5562 3286 5618 Mss.
3310 5570 3359 5617 et
3383 5562 3453 5617 aI.
3477 5562 3599 5616 Ed-

2020 5655 2116 5707 nisi
2139 5653 2294 5713 hanc,
2324 5663 2400 5701 sc.
2434 5641 2957 5713 Corruptibilitatem.

2099 5724 2113 5760 τ
2146 5724 2248 5775 Alii
2282 5708 2406 5782 Εό..
2430 5708 2695 5784 colligant,
2729 5710 2908 5763 invitis
2936 5708 3061 5763 Mss.

2095 5806 2117 5842 8
2146 5795 2295 5847 DeeSi
2326 5804 2520 5851 omnem
2542 5788 2590 5838 in
2623 5784 2833 5835 Comet.
