4104 6350
521 358 592 411 95
1728 352 1976 409 SANCTI
2015 351 2351 407 cascoan
2392 353 2606 410 MAGNI
3720 341 3791 397 ‘3‘

521 480 575 527 te
603 473 741 529 dicat
768 490 781 527 :
806 474 862 530 Si
894 482 946 529 et
975 473 1187 528 illorum
1221 480 1452 527 mentetr.
1494 469 1612 524 iitia
1639 468 1966 538 deprimunt,
2017 464 2106 536 qui
2133 466 2184 525 Α
2212 481 2331 521 esse
2361 469 2646 535 :estimant,
2674 485 2704 523 a
2737 470 2911 524 fructu
2934 482 2993 523 se
3019 465 3263 522 utilitatis
3282 464 3535 519 alienant.
3562 460 3714 518 Unde
3738 473 3796 517 et

521 577 580 620 se
613 580 707 633 pro
722 566 960 622 cmlestis
991 564 1174 636 pati-ite
1203 562 1471 617 desiderio
1518 559 1757 627 afﬂigunt
1779 602 1792 623 ,
1850 558 2044 628 quibus
2074 566 2102 595 ἰ

525 662 696 731 culpis
726 663 977 716 substrali
1007 670 1132 717 sunt
1158 657 1246 728 qui
1279 657 1396 711 sine
1427 654 1532 710 ulla
1562 652 1849 708 formidine
1889 665 2008 707 sese
2048 650 2103 705 in

525 757 702 809 carnis
728 754 993 823 Voluptate
1020 747 1429 818 derelinquunt?

599 845 681 902 94.
715 844 919 899 Primis:
946 846 1093 896 homo
1120 840 1357 911 putredo,
1387 839 1538 910 cujus
1559 838 1654 906 ﬁlii
1674 853 1883 891 verum.
1915 865 1984 875 —
2007 834 2104 888 No-

524 937 743 993 tandum
776 950 900 991 vero
928 936 981 989 in
1010 946 1260 989 sermone
1287 946 1386 987 suo
1415 940 1672 999 quantum
1722 927 1916 982 Baldad
1949 926 2103 980 ordi-

527 1045 648 1086 nem
679 1027 1002 1084 conditionis
1031 1036 1226 1079 nostra:
1259 1023 1428 1078 tenuit
1455 1032 1509 1077 et
1543 1019 1860 1084 nativitatis,
1891 1018 1978 1087 qui
2008 1018 2101 1071 ho-

520 1123 718 1176 minem
765 1134 870 1173 non
898 1131 1170 1180 vermem,
1217 1116 1311 1171 sed
1349 1114 1715 1185 putredinem,
1762 1112 1927 1164 filiuni
1976 1125 2104 1164 vero

519 1212 751 1268 hominis
781 1225 1016 1267 vermetn
1044 1220 1221 1266 vocat.
1272 1209 1481 1263 Primus
1511 1221 1736 1277 namque
1767 1205 1980 1258 humani
2012 1218 2105 1273 ge-

519 1306 662 1359 neris
684 1318 903 1373 parens,
937 1303 1117 1365 homo,
1154 1317 1256 1355 non
1282 1299 1420 1354 ﬁlius
1451 1297 1705 1362 hominis,
1740 1312 1801 1351 es
1827 1312 1931 1367 quo
1958 1295 2102 1366 quis-

516 1401 636 1469 quis
666 1399 895 1469 prodiit,
929 1415 1033 1452 non
1088 1398 1261 1451 solum
1318 1398 1499 1459 homo,
1550 1395 1642 1448 sed
1700 1393 1837 1446 Iilius
1892 1407 2103 1462 qunque

518 1489 755 1546 hominis
798 1488 916 1545 fuit.
951 1492 1097 1544 Sicut
1125 1504 1256 1560 ergo
1291 1504 1357 1543 es
1391 1487 1610 1542 homine
1658 1486 1799 1540 Iilius
1831 1485 2100 1553 hominis,

520 1584 591 1637 ita
646 1599 710 1638 ex
757 1582 1037 1652 putredine
1080 1582 1317 1637 nascitur
1344 1580 1556 1635 vermis.
1596 1577 1745 1634 Unde
1772 1591 1915 1633 reete
1943 1578 2105 1633 homo

521 1680 777 1745 putredo,
807 1678 944 1732 (ilius
974 1692 1103 1731 vero
1131 1676 1362 1731 hominis
1391 1675 1586 1732 vermis
1614 1684 1856 1728 vocatur.
1892 1673 2101 1727 Primus

520 1774 717 1842 quirpe
757 1773 918 1827 homo
960 1772 1206 1841 putredo,
1255 1786 1361 1825 non
1405 1771 1638 1834 vermis,
1683 1770 1806 1838 quia
1859 1769 1958 1823 etsi
2009 1784 2104 1838 per

517 1876 745 1920 mortem
771 1865 993 1934 putruit,
1043 1880 1148 1919 non
1180 1875 1356 1919 tamen
1402 1878 1467 1918 ex
1523 1863 1805 1931 putredine
1863 1878 1959 1933 per
2007 1880 2103 1917 na-
2135 1850 2184 1911 Β

519 1961 775 2017 tivitatem
805 1962 969 2015 venit.
1002 1960 1101 2029 Qui
1123 1969 1302 2014 autem
1327 1957 1565 2013 hominis
1587 1968 1668 2014 est
1692 1958 1831 2012 Illius
1852 1999 1866 2024 ,
1895 1958 2097 2013 vermis

517 2052 730 2118 dicitur,
768 2055 888 2122 quia
913 2052 1022 2123 jatn
1054 2066 1122 2106 ex
1154 2050 1464 2105 mortalium
1492 2064 1776 2118 corporum
1800 2050 2103 2119 corruptio-

519 2161 585 2201 ne
616 2155 953 2216 prepagatur.

589 2238 679 2289 i=5.
715 2237 875 2306 Igitur
908 2236 1030 2305 quia
1059 2236 1353 2290 amicorum
1385 2235 1543 2291 verba
1574 2234 1718 2289 ﬁnita
1748 2245 1893 2300 sunt,
1919 2234 2107 2290 beatus

518 2327 625 2382 Job
660 2326 837 2382 altiori
883 2326 1129 2381 acumine
1165 2326 1558 2395 prosecutionis
1589 2324 1851 2393 innititur,
1882 2326 2106 2394 ejusque

521 2422 660 2476 dicta
695 2430 800 2475 tam
834 2430 958 2475 sunt
1000 2420 1202 2487 valida,
1256 2436 1414 2489 quam
1456 2432 1718 2483 extrema,
1761 2422 1884 2489 quia
1927 2430 1981 2474 et
2026 2420 2107 2476 sic

521 2527 652 2567 usus
691 2525 811 2566 esse
857 2510 882 2548 ι»
907 2511 1342 2581 jurisperitorum
1390 2511 1551 2575 stilet,
1599 2519 1656 2565 ut
1697 2521 2104 2581 argumentosa,

517 2619 625 2673 quo
654 2603 976 2658 adversariis
1017 2604 1129 2658 suis
1157 2604 1396 2658 eminere
1424 2618 1483 2659 se
1514 2602 1831 2672 prmvident,
1866 2602 1931 2657 ad
1982 2616 2107 2672 pro-

519 2696 813 2752 eecutionis
836 2695 1233 2750 conclusionem
1264 2706 1498 2750 servent.
1527 2694 1779 2765 Sequitur
1803 2712 1817 2749 :

770 2787 995 2844 CAPUT
1036 2787 1197 2843 xvm
1240 2787 1394 2859 [Vet.
1435 2787 1508 2854 χ,
1555 2787 1673 2841 Rec.
1716 2785 1856 2859 XI].

588 2880 719 2937 CAP.
746 2896 892 2946 xxvi,
928 2895 1082 2936 VBRS.
1124 2881 1139 2932 l
1168 2921 1182 2944 ,
1213 2881 1266 2934 Ξ,
1291 2910 1360 2921 -—-
1381 2879 1543 2953 545
1576 2880 1910 2950 Respondeas
1939 2890 2109 2934 autent

519 2971 638 3039 Job,
668 2964 840 3028 dixit:
872 2970 1030 3044 Cujus
1056 2973 1267 3044 atljtttor
1290 2973 1380 3026 es?
1406 2983 1427 3010 ε
1461 2972 1695 3043 nunquid
1731 2970 2038 3026 imbecillis?
2062 2979 2110 3025 et

520 3077 773 3122 sustentas
805 3068 1066 3122 brachium
1088 3072 1222 3139 ejus,
1252 3068 1339 3135 qui
1370 3083 1469 3120 non
1498 3076 1567 3121 est
1593 3068 1777 3136 fortis?

589 3158 680 3213 ‘26.
717 3159 1028 3214 lmbecillem
1050 3161 1305 3228 adjuvare
1336 3157 1479 3221 velle,
1505 3159 1806 3227 cltaritatis;
1834 3168 2108 3231 potentem,

2215 558 2461 612 Veritatis
2485 576 2614 615 voce
2636 560 2913 630 discipulis
2946 558 3139 614 dicitur
3164 576 3175 609 :
3211 555 3336 611 Cum
3359 555 3579 625 feceritis
3606 556 3782 609 omnia

2206 666 2318 718 qua
2350 662 2602 719 pmcepla
2622 665 2738 706 sunt
2761 653 2921 719 vobis,
2949 651 3102 705 dicite
3129 666 3148 704 :
3179 648 3326 706 Servi
3354 648 3563 701 inutiles
3592 664 3789 714 sumus,

2206 743 2342 813 quod
2368 745 2631 799 debuimus
2653 746 2823 814 facere
2840 744 3215 816 fecimus(Luc.
3233 758 3361 808 xvtt,
3383 740 3494 813 10).
3508 741 3789 814 Sequitur:

2776 840 3001 895 CAPUT
3058 836 3198 891 XIX.

2280 927 2442 983 Vens.
2475 928 2527 982 3.
2567 959 2620 970 -
2654 930 2751 985 Cui
2782 932 2967 986 dedisti
2998 928 3306 985 consilium?
3337 929 3553 999 forsitan
3578 929 3685 995 illi,
3708 930 3797 1000 qui

2206 1038 2310 1076 non
2338 1023 2487 1076 habet
2515 1024 2818 1092 sapientiam
2836 1025 2861 1077 Ξ)

2276 1115 2368 1169 28.
2415 1116 2591 1171 Stulto
2639 1118 2913 1170 consilium
2961 1118 3122 1182 dare,
3170 1115 3475 1181 charitatis,
3535 1115 3794 1186 sapienti,

2207 1212 2590 1271 ostentationis;
2620 1211 2718 1280 ipsi
2748 1211 3046 1282 sapientia,
3076 1210 3418 1282 perversitatis
3446 1220 3539 1264 est.
3561 1237 3633 1250 —
3660 1211 3798 1265 Itare

2207 1301 2371 1355 stulto
2400 1302 2706 1369 consilium,
2730 1303 3010 1357 charitatis
3039 1313 3123 1357 est
3146 1319 3162 1367 ;
3188 1302 3318 1357 dare
3344 1302 3589 1371 sapienti,
3614 1312 3795 1357 osteno

2208 1394 2455 1458 tatinnis;
2484 1394 2614 1449 dare
2646 1410 2775 1450 vero
2810 1395 2909 1464 ipsi
2943 1388 3268 1464 Sapientue.
3304 1396 3696 1465 perversitatis.
3733 1394 3798 1448 Et

2206 1483 2329 1554 quia
2360 1486 2412 1539 hi
2443 1502 2579 1555 quos
2629 1495 2810 1542 tenere
2860 1487 3234 1543 hereticorum
3281 1487 3515 1558 speciem
3565 1487 3797 1540 diximus

2208 1594 2305 1649 per
2352 1579 2676 1635 locutionem
2710 1596 2859 1636 suain
2908 1580 3254 1637 ostentationi
3293 1582 3464 1651 potius
3495 1594 3654 1650 quam
3686 1582 3793 1635 uti-

2211 1672 2348 1728 litati
2396 1674 2744 1742 serviebant,
2796 1684 2943 1731 recte
2989 1674 3163 1729 adhuc
3205 1683 3388 1731 contra
3421 1672 3621 1730 Baldad
3662 1672 3797 1728 sub-

2207 1767 2352 1822 ditur
2385 1785 2398 1821 :

2285 1861 2414 1917 IBID.
2442 1890 2514 1901 —
2541 1859 2608 1913 Et
2631 1862 2951 1930 prudentiam
2976 1871 3114 1916 tuam
3135 1862 3402 1917 ostendisti
3423 1861 3721 1932 plurimam.

2277 1954 2466 2009 Omnis
2494 1953 2580 2008 cui
2615 1954 2893 2023 prudentia
2927 1965 3070 2010 recta
3099 1966 3213 2021 est,
3260 1955 3486 2023 plurima
3524 1970 3632 2008 non
3658 1963 3741 2009 est
3763 1996 3780 2015 ,

2207 2046 2351 2117 quia,
2394 2047 2545 2115 juxta
2578 2046 2725 2101 Pauli
2773 2063 2993 2113 vocem,
3050 2064 3155 2102 non
3207 2049 3326 2117 plus
3373 2048 3575 2117 appetit
3603 2062 3795 2114 sapere

2208 2154 2366 2223 quam
2395 2149 2602 2207 oportet
2632 2154 2822 2209 sapere
2855 2140 3034 2211 (Rom.
3059 2156 3153 2206 xu,
3186 2141 3264 2211 3).
3298 2139 3395 2196 Cui
3419 2155 3546 2196 vero
3566 2149 3650 2196 est
3679 2140 3795 2210 plu-

2209 2232 2366 2298 rima,
2400 2247 2503 2285 non
2536 2240 2618 2285 est
2645 2240 2791 2286 recta
2815 2272 2830 2295 ,
2862 2234 2987 2304 quia
3017 2232 3142 2288 dum
3174 2234 3310 2288 ultra
3358 2234 3575 2288 modum
3620 2233 3794 2289 tendi-

2212 2331 2318 2390 tur,
2352 2323 2404 2377 in
2435 2321 2674 2393 quolibet
2705 2324 2870 2379 latere
2899 2326 3068 2393 culpze
3098 2325 3418 2380 declinatur.
3447 2324 3793 2383 Prudentiain

2212 2429 2338 2471 vero
2363 2430 2517 2470 suznn
2551 2417 2833 2485 plurimam
2863 2418 3154 2472 ostendunt
3202 2419 3291 2487 qni
3323 2417 3492 2472 videri
3538 2433 3647 2487 prze
3676 2421 3796 2474 aliis

2214 2507 2585 2577 prudentiores
2635 2519 2915 2579 appetunt.
2960 2509 3114 2565 Unde
3149 2508 3209 2562 fit
3239 2510 3549 2579 plerumque
3592 2518 3649 2564 ut
3675 2525 3798 2566 cum

2213 2599 2484 2654 moderate
2533 2615 2722 2670 sapere
2773 2602 3059 2668 nesciunt,
3090 2601 3255 2656 etiam
3311 2600 3453 2654 fatua
3492 2603 3797 2672 loquantur.

2217 2692 2319 2749 Pro
2347 2709 2451 2764 qua
2480 2709 2539 2750 re
2563 2695 2676 2764 ipse
2708 2696 2881 2752 adhuc
2909 2711 3164 2753 excessus
3194 2696 3489 2765 prudentiae
3512 2696 3794 2768 subjungi-

2217 2794 2321 2853 tur,
2351 2795 2407 2841 ttt
2435 2784 2645 2842 dicatur
2676 2828 2687 2839 .

2812 2880 3036 2938 CAPUT
3076 2879 3197 2937 XX.

2292 2970 2453 3026 νῑιιε.
2486 2973 2541 3027 4.
2574 3001 2642 3013 -
2675 2972 2839 3039 Quem
2860 2975 3041 3029 docere
3066 2974 3308 3029 voluisti?
3336 2990 3505 3030 nonne
3531 2989 3646 3028 eum
3670 3012 3687 3042 ,
3716 2972 3804 3044 qui

2218 3064 2338 3137 fecit
2364 3064 2775 3132 spiramentum?

2288 3157 2379 3212 29.
2413 3158 2619 3223 Quanta
2672 3156 2873 3213 Baldad
2919 3159 3254 3231 insipientia,
3301 3162 3489 3217 divina:
3542 3164 3807 3235 sapientia:

521 3252 761 3307 elationis
788 3263 879 3307 est.
902 3282 968 3294 —
1004 3252 1275 3321 Adjuvare
1302 3253 1644 3318 imbecillem,
1676 3253 1957 3310 charitatis
1996 3266 2107 3322 est;
2138 3257 2185 3321 ο
2217 3265 2364 3304 suam
2401 3250 2740 3319 praeferentis.
2763 3280 2834 3292 —
2862 3251 2963 3307 Per
2995 3254 3376 3320 spiramentum
3407 3257 3636 3311 vivimus
3660 3299 3675 3324 ,
3711 3271 3808 3325 per

527 3344 786 3416 adjuvare
815 3354 1088 3415 potentem
1121 3347 1278 3411 velle,
1306 3347 1576 3399 elationis.
1601 3347 1732 3413 Quia
1766 3348 1928 3416 igitur
1955 3349 2112 3402 amici

524 3437 643 3508 ejus
675 3436 1050 3492 haereticorum
1077 3435 1311 3508 speciem
1339 3448 1601 3502 tenentes,
1626 3441 1777 3508 quasi
1797 3439 2115 3510 adjuvantes

523 3536 717 3603 Deum,
748 3535 1064 3605 sapientiam
1096 3550 1251 3590 suam
1277 3534 1568 3590 ostendere
1591 3540 1950 3604 conabantur,
1970 3537 2117 3607 juste

523 3625 719 3682 Baldad
754 3626 1188 3696 reprehenditur,
1225 3633 1283 3680 ut
1310 3626 1520 3679 dicatur
1547 3643 1560 3678 :
1594 3625 1753 3697 Cujus
1783 3627 1996 3699 adjutor
2024 3631 2120 3685 es?

524 3719 753 3787 nunquid
777 3718 1039 3771 imbecillis
1056 3717 1081 3768 Ρ
1105 3725 1154 3771 et
1177 3726 1426 3770 sustentes
1450 3718 1713 3770 brachium
1734 3720 1870 3784 ejus,
1904 3720 1989 3788 qui
2014 3737 2117 3775 non

524 3820 596 3865 est
627 3810 817 3881 fortis?
842 3812 917 3863 Ac
947 3810 990 3864 si
1021 3820 1204 3877 aperte
1229 3808 1370 3863 dicat
1397 3826 1409 3862 :
1440 3809 1571 3862 Dum
1605 3824 1726 3862 eum
1761 3809 1948 3877 juvare
1982 3815 2117 3869 nite-

525 3902 622 3967 ris,
663 3900 765 3956 sub
805 3903 958 3968 cujus
1000 3900 1371 3969 magnitudine
1403 3899 1745 3966 succumbis,
1777 3914 1937 3955 omne
1973 3906 2119 3971 quod

528 3992 796 4061 impendis
822 3993 1092 4058 solatium,
1124 3991 1192 4046 de
1222 3992 1584 4047 ostentatione
1618 4001 1734 4059 est,
1765 4007 1873 4046 non
1905 3993 1972 4051 de
2006 3997 2119 4065 pie-

531 4096 659 4143 tate.

598 4182 689 4235 27.
722 4181 834 4247 Quo
863 4196 1015 4236 sensu
1037 4179 1201 4235 Deum
1225 4182 1477 4252 adjuvare
1494 4180 1730 4233 dicimur.
1758 4209 1829 4220 -
1849 4181 1953 4236 Sed
1979 4184 2121 4238 inter

530 4275 649 4328 litec
674 4272 951 4329 sciendum
981 4285 1083 4339 est,
1111 4272 1253 4342 quod
1281 4273 1597 4342 plerumque
1618 4273 1779 4327 etiam
1807 4273 1997 4343 Deum,
2029 4277 2120 4345 qui

530 4364 782 4421 videlicet
811 4365 1097 4420 imbecillis
1130 4382 1235 4421 non
1262 4376 1345 4421 est
1364 4407 1378 4429 ,
1416 4364 1689 4420 humiliter
1719 4378 1938 4436 agentes
1966 4369 2119 4439 adju-

530 4473 735 4512 vanius.
770 4456 923 4513 Unde
942 4469 996 4512 et
1028 4473 1122 4527 per
1157 4458 1380 4513 Paulum
1412 4458 1641 4512 dicitur:
1674 4459 1954 4531 Adjutores
1983 4464 2122 4518 enim

535 4547 629 4602 Dei
658 4564 834 4602 sumus
866 4546 920 4619 (I
952 4546 1071 4603 Cor.
1097 4564 1175 4613 ιιι,
1202 4548 1282 4619 9).
1316 4549 1448 4602 Nam
1470 4564 1590 4603 cum
1617 4551 1664 4604 ei
1697 4566 1854 4620 quem
1888 4554 1999 4621 ipse
2028 4570 2122 4624 per

2224 3342 2558 3411 prudentiam
2591 3343 2863 3409 sapientes
2908 3360 3118 3400 smnus.
3154 3345 3306 3401 Prius
3338 3356 3520 3402 autem
3564 3359 3808 3405 nostrum

2221 3444 2301 3488 est
2334 3435 2534 3499 vivere,
2562 3434 2897 3503 postmodum
2924 3450 3138 3505 sapere,
3162 3438 3283 3507 quia
3311 3448 3365 3493 ut
3389 3440 3661 3508 sapientes
3686 3455 3810 3497 esse

2220 3529 2519 3595 valeamus,
2553 3530 2701 3597 prius
2730 3532 2904 3601 agitur
2935 3542 2991 3585 ut
3019 3533 3207 3588 simus.
3243 3535 3338 3603 Qui
3372 3551 3499 3606 ergo
3524 3538 3684 3591 vitam
3711 3537 3811 3593 de-

2221 3622 2321 3685 dit,
2357 3623 2473 3693 ipse
2499 3625 2685 3692 procul
2709 3624 2873 3680 dubio
2896 3636 2949 3681 et
2973 3630 3309 3696 prudentiain
3334 3633 3580 3687 contulit.
3610 3632 3810 3689 Baldad

2221 3724 2421 3784 autem,
2457 3717 2579 3787 quia
2612 3717 2823 3771 beatum
2855 3719 2955 3773 Job
2983 3719 3306 3792 ﬂagellatutn
3334 3740 3427 3791 pro
3450 3725 3605 3793 culpa
3634 3726 3813 3780 credi-

2222 3808 2318 3876 dit,
2353 3812 2616 3863 occultmn
2649 3809 2741 3863 Dei
2765 3811 3047 3879 judicium,
3078 3815 3220 3883 quod
3255 3815 3525 3870 humiliter
3562 3818 3811 3875 venerari

2223 3899 2440 3965 debuit,
2474 3901 2705 3968 superba
2738 3903 2885 3956 nisus
2916 3913 3001 3959 est
3032 3907 3333 3961 temeritate
3377 3921 3680 3977 penetrare.
3710 3909 3815 3979 Ipsi

2224 4005 2352 4059 ergo
2372 4006 2431 4045 se
2460 4007 2555 4061 per
2586 3993 2922 4062 prudentiam
2954 3998 3208 4066 praetulit,
3236 4000 3389 4070 cujus
3418 4002 3672 4067 judicium
3704 4020 3812 4060 non

2225 4083 2567 4155 intelligendo
2593 4085 2871 4154 judicavit.
2901 4090 3003 4158 Ipsi
3032 4105 3092 4145 se
3119 4106 3212 4161 per
3240 4095 3575 4163 prudentiam
3612 4106 3813 4164 praetu-

2225 4178 2303 4241 lit,
2323 4194 2353 4232 a
2382 4192 2486 4247 quo
2509 4179 2719 4233 vivendi
2740 4181 3063 4250 spiraculum
3085 4185 3320 4252 accepit;
3342 4185 3504 4257 546
3529 4202 3591 4240 ac
3620 4187 3664 4242 si
3696 4188 3816 4257 plus

2224 4270 2342 4339 ipso
2372 4279 2515 4325 esset
2544 4274 2761 4340 sapiens
2792 4288 2821 4327 a
2852 4289 2958 4343 quo
2987 4274 3218 4331 habebat
3250 4291 3306 4333 ut
3346 4288 3510 4333 esset.
3540 4279 3646 4334 Sed
3684 4265 3812 4350 quia

2226 4364 2411 4418 beatus
2437 4362 2561 4427 Job,
2591 4372 2789 4419 sanctte
2822 4366 3075 4422 Ecclesiae
3108 4377 3290 4440 typum
3322 4380 3529 4437 tenens,
3563 4386 3728 4440 pauca
3756 4372 3807 4427 ιιι

2227 4456 2579 4524 superborqu
2609 4461 2951 4529 correptione
2979 4464 3223 4531 protulit,
3252 4479 3385 4530 quos
3420 4473 3600 4519 tenere
3635 4466 3809 4521 haere-

2231 4550 2455 4606 ticorum
2482 4551 2714 4622 speciem
2750 4568 2855 4609 non
2887 4556 3171 4624 ignoravit,
3204 4556 3345 4611 sicut
3375 4560 3620 4626 superius
3643 4558 3808 4615 dixit:

532 4640 795 4693 internant
846 4640 1069 4709 gratiam
1119 4639 1350 4694 infundit
1398 4654 1495 4695 nos
1554 4640 1944 4698 exhortationis
1991 4659 2120 4701 voce
2153 4655 2207 4715 ι)
2231 4641 2507 4713 Disputare
2530 4661 2645 4699 cum
2672 4644 2779 4700 Deo
2806 4649 2977 4716 cupio,
3007 4650 3151 4719 prius
3180 4666 3269 4703 vos
3300 4651 3571 4705 ostendens
3591 4650 3818 4721 fabrica-

533 4733 926 4799 concurrimus,
954 4734 1055 4788 hoc
1083 4733 1225 4803 quod
1257 4734 1346 4788 ille
1372 4749 1464 4801 per
1496 4735 1741 4803 spiritum
1784 4737 1892 4805 agit
1923 4738 2119 4792 intrin-

532 4841 685 4880 secus
717 4840 814 4882 nos
844 4826 1083 4880 exterius
1116 4825 1415 4879 ministerio
1462 4825 1617 4879 vobis
1666 4825 1982 4895 adjuvatnus
2012 4872 2025 4897 ,
2069 4839 2121 4884 et

536 4928 661 4973 tunc
688 4919 865 4973 solum
892 4929 1072 4973 nostra
1101 4918 1414 4972 exhortatio
1440 4919 1506 4971 ad
1542 4917 1924 4986 perfectionem
1966 4922 2118 4976 duci-

535 5021 642 5078 tur,
670 5026 789 5066 emn
820 5011 871 5067 in
902 5012 1066 5066 corde
1098 5011 1236 5066 Deus
1264 5010 1420 5065 fuerit
1446 5012 1535 5080 qui
1560 5012 1861 5080 adjuvetur.
1897 5015 2047 5072 Unde
2067 5031 2121 5077 et

537 5111 671 5165 alias
696 5109 866 5164 dicit:
898 5108 1077 5179 Neque
1118 5109 1207 5177 qui
1249 5110 1446 5177 plantat
1492 5117 1565 5160 est
1605 5107 1822 5176 aliquid,
1849 5128 2007 5182 neque
2034 5118 2124 5185 qui

537 5203 694 5271 rigat,
719 5201 808 5255 sed
830 5203 917 5270 qui
941 5201 1310 5254 incrementum
1357 5199 1445 5251 dat
1468 5197 1607 5253 Deus
1637 5198 1830 5270 (lbid.,
1861 5203 1938 5273 7).
1972 5205 2130 5263 Plan.

541 5303 654 5347 tare
684 5293 879 5363 quippe
906 5299 965 5347 et
1002 5293 1196 5363 rigare,
1226 5292 1479 5361 adjuvare
1509 5301 1612 5347 est.
1647 5292 1801 5359 Quod
1844 5306 2130 5371 utrumque

542 5397 766 5437 vacuum
808 5383 911 5437 erit
958 5383 1342 5449 ministerium,
1388 5384 1430 5437 si
1466 5384 1518 5437 iii
1542 5385 1704 5440 corde
1737 5386 1875 5443 Deus
1905 5405 2007 5444 non
2041 5393 2133 5448 dat

541 5478 951 5533 incrementum.
975 5480 1079 5536 Sed
1110 5482 1195 5551 qui
1220 5480 1285 5535 de
1307 5495 1469 5535 sensu
1498 5496 1596 5534 suo
1620 5484 1728 5538 alta
1753 5487 1984 5556 sapiunt,
2011 5505 2130 5547 esse

545 5571 816 5627 humiliter
839 5571 934 5627 Dei
958 5573 1231 5642 adjutores
1252 5574 1605 5644 nolunt,jquia
1624 5574 1749 5633 dum
1767 5594 1828 5635 se
1847 5580 1954 5637 Deo
1977 5583 2134 5642 utiles

613 5714 638 5779 ξ
664 5705 913 5779 Vindoc.,
949 5709 1114 5775 culpis
1142 5712 1407 5779 prostrati.

618 5775 644 5858 ξ’
677 5778 709 5858 1
738 5777 905 5858 Lapd.
939 5780 1120 5858 habet,
1143 5775 1571 5858 jurisperitorum
1608 5797 1665 5845 et
1683 5786 2024 5858 jurisperitis.

624 5854 644 5883 ι
677 5846 786 5901 Duo
814 5847 1005 5911 l.:iud.,
1042 5852 1275 5913 nunquid
1290 5846 1562 5908 imbecilli.

2233 4745 2366 4788 tores
2413 4738 2699 4803 mendacii,
2742 4749 2789 4791 et
2848 4740 3067 4794 cultores
3118 4756 3468 4807 perversorum
3525 4742 3821 4813 dogmatum

2230 4825 2375 4894 (Job.
2409 4845 2536 4896 snt,
2586 4830 2678 4899 3);
2728 4845 2950 4899 repente
2992 4846 3050 4886 se
3097 4833 3163 4886 ad
3198 4832 3497 4888 doctrinam
3548 4836 3734 4904 erigit,
3768 4844 3822 4892 et

2228 4930 2415 4975 contra
2436 4924 2697 4977 elatorum
2728 4922 3053 4991 imperitiam
3083 4926 3324 4980 scientiae
3347 4942 3459 4983 sua:
3482 4927 3817 4985 latitudinem

2229 5025 2324 5080 per
2351 5013 2641 5068 sententias
2667 5009 2694 5050 ἀ
2724 5016 3001 5083 expandit,
3032 5016 3215 5072 dzcens
3246 5038 3259 5071 :

2485 5127 2713 5185 CAPUT
2753 5130 2874 5185 XXI
2914 5130 3060 5204 [Vet.
3099 5132 3209 5198 XI,
3253 5134 3376 5189 Rec.
3420 5133 3582 5207 XII].

2313 5220 2472 5275 Vens.
2498 5222 2551 5276 5.
2577 5251 2649 5262 —
2674 5221 2811 5278 Ecce
2835 5227 3065 5294 gigantes
3106 5236 3315 5295 gemunt
3344 5229 3433 5281 sub
3457 5229 3624 5297 aquis.

2310 5312 2399 5367 50.
2428 5315 2610 5385 Δηρειί
2637 5326 2682 5371 et
2704 5317 2931 5371 homines
2953 5322 3181 5387 superbi,
3211 5321 3515 5392 ignorantia:
3544 5320 3725 5391 abysso
3746 5321 3823 5373 in-

2234 5403 2524 5458 volvuntur.
2548 5435 2619 5445 —
2642 5406 2865 5477 Dignum
2898 5410 3095 5479 quippe
3124 5418 3240 5465 erat
3269 5421 3328 5465 ut
3358 5426 3452 5477 per
3493 5411 3818 5477 increpatio-

2242 5510 2362 5550 netn
2394 5495 2538 5564 prius
2571 5508 2832 5554 tutnuretn
2863 5500 3138 5569 sapientia:
3171 5511 3395 5557 terrena:
3417 5501 3748 5567 retunderet,
3770 5510 3825 5558 et

2242 5605 2342 5660 per
2365 5590 2660 5649 doctrinam
2695 5596 3033 5665 pestntodmn
3065 5595 3132 5651 ad
3160 5598 3319 5667 plena
3348 5596 3622 5668 mysteriis
3659 5595 3823 5652 verba

2298 5727 2341 5809 ,τί
2365 5728 2628 5809 Corrupto
2656 5732 2709 5789 in
2742 5735 2881 5793 Edit.
2910 5733 3098 5804 Gilot.,
3122 5733 3399 5806 Vaticana,
3427 5748 3484 5797 et
3505 5739 3821 5809 quibusdam

2242 5798 2378 5870 aliis,
2410 5798 2670 5873 expendit.
