4104 6350
306 376 373 430 25
1088 382 1448 441 MORAIJUM
1492 386 1620 440 LIB.
1665 385 1824 442 XVII.
1868 417 1933 429 --
1975 388 2039 443 IN
2080 389 2307 446 CAPUT
2350 390 2521 446 XXIV
2565 391 2622 447 Β.
2666 395 2804 450 JOB.
3496 401 3565 459 26

302 493 576 547 translret.
616 490 869 562 Gigantes
899 493 1040 548 enim
1072 496 1157 549 vel
1187 506 1455 564 apostatas
1502 501 1719 572 angelos
1745 541 1760 565 ,
1792 500 1877 555 vel
1903 510 1958 564 Α

297 582 557 653 superbos
588 598 828 653 quosque
857 585 1103 641 homines
1122 628 1138 652 ,
1169 588 1240 642 nil
1268 590 1444 645 obstat
1469 590 1712 662 intelligi.
1736 591 1875 649 Hinc

295 673 439 728 enim
483 687 578 742 per
622 676 934 743 prophetam
981 678 1210 731 dicitur:
1244 678 1436 735 Μαι-ιιιί
1472 693 1497 719 ιι
1528 700 1631 738 non
1675 685 1872 756 vivent,

293 768 529 841 gigantes
558 786 661 823 non
681 780 946 841 resurgant
978 771 1128 836 (lsai.
1164 789 1314 838 xm,
1340 775 1451 845 16).
1479 776 1625 842 Quos
1646 792 1875 849 namque

270 872 537 918 'mortuos
561 862 661 917 nisi
694 872 1002 933 peccatores
1033 865 1314 919 nominati
1358 866 1422 921 Et
1463 884 1595 937 quos
1633 873 1873 939 gigantes

292 954 397 1008 nisi
445 967 538 1008 eos
582 956 671 1024 qui
718 956 787 1010 de
822 966 1039 1024 peccato
1071 958 1231 1012 etiam
1259 958 1574 1026 superbiunt
1605 960 1872 1029 appellat?

290 1045 369 1099 Illi
402 1052 583 1100 autem
615 1061 720 1101 non
750 1046 971 1113 vivunt,
999 1048 1122 1117 quia
1154 1048 1426 1117 peccando
1451 1050 1612 1103 vitam
1647 1047 1870 1119 justitiae

289 1138 655 1206 perdiderunt.
688 1138 778 1193 isti
810 1140 973 1194 etiam
1020 1156 1301 1211 resurgere
1347 1149 1472 1211 post
1520 1151 1745 1197 mortem
1776 1157 1870 1199 ne-

286 1239 510 1299 qut-unt,
529 1231 651 1299 quia
682 1239 800 1300 post
826 1231 1037 1301 culpam
1060 1246 1210 1286 suam
1226 1232 1396 1304 inﬂati
1427 1247 1521 1302 per
1539 1233 1867 1302 superbiam.

284 1322 351 1376 ad
380 1323 713 1391 paenitentiae
764 1324 998 1379 remedia
1029 1340 1133 1379 non
1160 1334 1460 1381 recurrunt.
1494 1326 1626 1380 Hinc
1654 1341 1867 1380 rursum

284 1414 541 1484 scriptum
563 1424 679 1471 est:
712 1414 804 1469 Vir
824 1417 911 1485 qui
933 1418 1175 1471 erraverit
1197 1433 1229 1470 a
1254 1417 1335 1470 via
1363 1418 1636 1486 doctrinm,
1660 1420 1712 1470 in
1740 1427 1866 1473 ccta

281 1507 546 1578 gigantum
570 1507 1163 1577 commorabitur(Prov.
1190 1524 1300 1575 xxi,
1332 1508 1455 1580 16);
1479 1510 1599 1578 quia
1624 1508 1864 1578 quisquis

281 1599 386 1654 iter
415 1599 750 1653 rectitudinis
792 1599 1011 1664 deserit,
1049 1615 1275 1669 quorum
1299 1615 1358 1655 se
1389 1616 1616 1655 numero
1644 1600 1745 1655 nisi
1769 1615 1862 1654 su-

280 1689 569 1759 perborum
596 1690 872 1759 spirituum
899 1689 1110 1760 jungit?
1130 1691 1273 1746 Bene
1292 1702 1470 1746 autem
1487 1700 1670 1746 contra
1691 1694 1860 1748 elatos

278 1782 502 1839 dicitur:
531 1780 662 1836 Ecce
691 1783 919 1853 gigantes
939 1794 1145 1853 gemunt
1170 1783 1263 1838 sub
1296 1785 1463 1854 aquis.
1492 1785 1569 1840 Ac
1596 1784 1641 1838 si
1670 1794 1854 1854 aperte

2539 506 2762 565 CAPUT
2813 509 2996 565 XXIII.

2052 593 2215 651 Vens.
2247 595 2301 651 6.
2323 627 2392 636 —
2415 597 2607 655 Nudus
2632 614 2704 656 est
2728 599 2756 639 ἀ
2777 603 3009 673 infernus
3027 621 3200 662 coram
3220 605 3337 678 illo,
3367 618 3415 665 et
3438 611 3561 666 ttul-

1975 683 2083 739 lum
2111 696 2183 740 est
2210 688 2577 755 aperimentum
2609 693 2901 757 perditioni.

2047 774 2133 831 33.
2172 776 2279 832 [ne
2316 780 2501 835 divina
2543 782 2741 837 nullum
2793 798 3052 852 peccatum
3100 790 3448 846 absconditur.
3481 821 3553 835 —-

1975 864 2124 932 Quod
2168 868 2362 925 Paulus
2416 872 2705 941 Apostolus
2745 890 2956 946 quoque
3001 879 3075 933 ait
3115 897 3126 932 :
3173 878 3359 935 Omnia
3390 881 3547 955 547

1978 969 2000 995 ο
2022 961 2155 1014 enim
2182 962 2320 1017 nuda
2350 972 2401 1018 et
2427 975 2602 1036 aperta
2645 976 2761 1021 sunt
2791 970 2951 1024 oculis
2988 974 3098 1042 ejus
3126 972 3309 1041 (Hebr.
3326 978 3409 1041 Ἰν,
3440 975 3552 1046 15).

1978 1048 1999 1088 ί
2031 1049 2224 1108 Inferni
2265 1069 2393 1110 vero
2419 1064 2475 1111 et
2512 1057 2825 1127 perditionis
2869 1063 3085 1118 nomine
3133 1063 3402 1127 diabolum
3432 1082 3551 1121 om-

1971 1157 2174 1212 nesque
2226 1144 2583 1204 damnationis
2635 1150 2751 1219 ejus
2809 1154 2989 1210 socios
3035 1154 3354 1225 designavit.
3416 1158 3547 1226 Quis

1970 1245 2099 1285 vero
2127 1231 2215 1289 ille
2252 1234 2324 1290 sit
2355 1249 2537 1292 coram
2566 1252 2673 1308 quo
2702 1239 2943 1299 infernus
2969 1253 3053 1299 est
3074 1244 3267 1313 nudus,
3299 1247 3544 1318 sequitur

1971 1320 2159 1379 dicens
2182 1340 2197 1378 :

2348 1417 2575 1476 CAPUT
2614 1418 2782 1477 xxrv
2821 1422 2968 1498 (nec.
3012 1425 3171 1501 aut].

2040 1504 2204 1561 Vens.
2231 1507 2285 1562 7.
2307 1538 2374 1550 —
2396 1509 2501 1575 Qui
2529 1514 2752 1569 extendit
2782 1516 3089 1587 Aquilonem
3116 1537 3269 1592 super
3298 1538 3538 1581 vacuum.

2035 1597 2123 1655 54.
2154 1600 2324 1658 Cardo
2366 1605 2536 1660 divino
2585 1624 2758 1665 amore
2799 1626 2961 1666 vacua
3000 1613 3236 1668 diabolus
3272 1618 3545 1685 replet.—

1965 1689 2242 1761 Aquilonis
2274 1696 2520 1764 nomine,
2555 1699 2609 1754 in
2640 1715 2796 1756 sacro
2823 1706 3036 1773 eloquio
3063 1707 3320 1777 appellari
3353 1710 3539 1765 diabo-

1964 1783 2045 1839 Ius
2071 1786 2228 1853 solet,
2262 1788 2352 1857 qui
2386 1798 2442 1843 ut
2470 1793 2702 1859 torporis
2732 1794 2932 1865 frigore
2957 1798 3194 1867 gentium
3222 1800 3386 1855 corda
3408 1815 3539 1856 con-

277 1875 585 1930 tliceretur:
620 1873 729 1930 Cur
777 1876 845 1930 de
891 1876 1113 1931 scientia
1162 1876 1323 1930 homo
1372 1875 1684 1946 superbiat,
1732 1892 1853 1931 cum
1885 1883 1934 1944 Β
1959 1879 2272 1948 stringeret,
2301 1879 2470 1936 dixit:
2504 1882 2702 1939 Sedebo
2728 1888 2783 1941 in
2814 1900 2984 1943 monte
3008 1894 3315 1962 testamenti,
3338 1895 3393 1948 in
3414 1895 3542 1949 late-

278 1966 591 2037 ignorautiae
617 1967 843 2037 abyssus
863 1976 917 2023 et
936 1969 1079 2037 ipsos
1101 1967 1512 2038 superbissimos
1535 1969 1848 2037 angelorum

276 2062 491 2132 spiritus
518 2062 764 2132 premat?

341 2158 431 2225 Si,
463 2157 565 2224 Qui
593 2157 786 2210 ueteris
813 2171 1026 2228 praeesse
1059 2156 1287 2210 ambiunt
1305 2200 1321 2225 ,
1353 2155 1533 2210 iisdem
1561 2172 1857 2226 supponun-

273 2260 475 2304 tur.—
504 2250 558 2306 Si
606 2259 784 2305 autem
819 2250 1093 2320 gigantum
1141 2250 1358 2303 nomine
1407 2258 1650 2318 potentes
1698 2249 1856 2320 hujus

272 2345 453 2399 saeculi
484 2344 850 2413 desigmntur,
886 2345 937 2397 in
966 2343 1116 2411 aquis
1145 2351 1366 2410 possunt
1397 2343 1576 2411 populi
1608 2343 1851 2412 ligurari,

272 2435 477 2492 Joanne
516 2444 839 2494 attestante,
883 2434 972 2502 qui
1004 2436 1115 2487 ait:
1149 2435 1308 2502 Aqua:
1346 2434 1477 2487 enim
1520 2444 1636 2487 sunt
1678 2434 1852 2504 populi

273 2531 453 2600 (Apoc.
488 2543 614 2590 xvn,
651 2527 762 2595 15).
796 2526 939 2581 Bene
988 2534 1164 2580 autem
1211 2535 1395 2579 contra
1443 2525 1843 2595 superbientem

272 2622 463 2676 dicitur
492 2636 505 2674 :
542 2619 674 2673 Ecce
721 2620 949 2691 gigantes
999 2629 1204 2691 gemunt
1242 2618 1331 2672 sub
1360 2618 1539 2688 aquis,
1572 2620 1695 2687 quia
1724 2619 1852 2674 elati

270 2726 458 2768 omnes
484 2711 609 2765 dum
640 2711 693 2765 in
726 2712 823 2765 hac
853 2710 955 2764 vita
984 2710 1196 2780 assequi
1223 2707 1248 2745 δ
1284 2708 1546 2763 [tonorum
1576 2708 1851 2764 celsitudi-

272 2821 392 2860 nem
439 2803 688 2871 cupiunt,
733 2802 832 2858 sub
881 2802 1210 2871 ponderibus
1243 2804 1555 2871 populorum
1605 2813 1846 2871 gemunt.

272 2895 400 2950 Nam
431 2906 633 2964 quanto
660 2896 882 2965 quisque
904 2894 988 2949 hic
1018 2895 1235 2949 alterius
1262 2894 1501 2965 erigitur,
1532 2902 1681 2949 tanto
1704 2896 1848 2952 curis

271 2989 599 3061 gravioribus
629 2998 912 3053 oneratur;
945 2988 1128 3058 eisque
1160 2987 1290 3057 ipsis
1333 2988 1541 3057 populis
1584 2996 1764 3043 mente
1792 2997 1849 3045 et

271 3081 587 3151 Cogitationc
617 3081 953 3150 supponitur,
980 3082 1170 3150 quibus
1212 3080 1592 3149 superponitur
1616 3080 1847 3149 dignita-

271 3185 338 3230 te.
373 3176 439 3229 Et
466 3176 601 3229 bene
625 3172 706 3228 his
733 3175 910 3229 verbis
942 3173 1175 3229 breviter
1208 3175 1475 3229 iudicatur
1510 3174 1630 3243 quia
1668 3175 1843 3229 omnis

267 3268 515 3335 superbia
543 3282 607 3323 eo
631 3269 746 3337 ipso
776 3268 828 3323 in
858 3268 967 3322 imo
990 3269 1133 3338 jacet
1155 3284 1258 3336 quo
1285 3269 1335 3323 in
1363 3270 1466 3324 alta
1495 3283 1556 3323 se
1578 3269 1758 3340 erigit,
1787 3279 1844 3324 ut
1870 3259 1917 3323 C

268 3362 388 3417 inde
416 3361 586 3432 magis
614 3362 819 3417 cunctis
846 3362 1116 3431 supposita
1144 3362 1236 3431 sit,
1270 3362 1409 3418 unde
1434 3363 1637 3417 cunctis
1682 3378 1847 3432 expe-

266 3455 323 3509 tit
355 3468 659 3523 superesse.
684 3453 854 3508 Homo
901 3456 1097 3523 quippe
1124 3453 1176 3508 in
1209 3453 1529 3509 sublimibus
1564 3455 1839 3523 elevatus,

267 3555 440 3601 tantis
480 3562 641 3617 super
681 3562 739 3602 se
768 3546 1027 3612 sustinet,
1063 3556 1291 3617 quantos
1339 3550 1644 3618 suppositos
1685 3550 1839 3618 regit.

268 3637 325 3692 Hi
376 3648 555 3693 autem
606 3640 694 3709 qui
746 3637 940 3694 talibus
988 3641 1283 3701 sociantur,
1314 3640 1414 3709 ipsi
1448 3643 1610 3694 etiam
1646 3641 1842 3696 laboris

266 3745 449 3786 eorum
482 3731 887 3801 participatioae
913 3732 1303 3801 deprimuntur.
1334 3732 1465 3787 Nam
1506 3748 1626 3787 cum
1659 3734 1736 3788 eis
1766 3734 1845 3789 la-

266 3824 445 3881 borem
476 3826 635 3880 etiam
667 3827 895 3882 tolerant
924 3827 1199 3897 ponderis,
1225 3828 1348 3883 dum
1382 3830 1582 3899 pariter
1612 3829 1840 3897 gloriam

265 3921 514 3975 allectant
544 3919 779 3975 honoris.
805 3920 959 3975 Unde
997 3936 1118 3975 cum
1157 3921 1404 3977 diceret:
1442 3920 1573 3978 Ecce
1609 3924 1843 3994 gigantes

266 4022 464 4082 gemunt
485 4014 575 4067 sub
604 4013 773 4084 aquis,
808 4012 1046 4083 protinus
1075 4013 1317 4082 adjunxit
1343 4030 1357 4067 :

839 4124 1065 4182 CAPUT
1105 4125 1275 4183 XXII.
1368 4131 1377 4138 ’

332 4244 458 4299 Isto.
478 4272 548 4285 -
576 4241 639 4295 Et
668 4242 754 4312 qui
782 4239 1008 4293 Itabitant
1035 4255 1152 4293 cum
1182 4240 1274 4293 eis.

333 4338 423 4391 5'3.
453 4333 764 4389 Faciliorem
802 4335 933 4387 vitiis
974 4334 1108 4386 viam
1147 4341 1382 4399 aperiunt
1425 4335 1643 4403 majores
1686 4349 1839 4388 cura.

264 4427 582 4483 Desideratw
620 4427 890 4498 dignitates
935 4408 1125 4493 absque
1163 4440 1225 4495 pe
1258 4435 1371 4478 cato
1416 4424 1696 4478 ministrari
1739 4441 1843 4480 non

264 4530 496 4593 possunt.
520 4521 687 4574 --Ac
731 4521 773 4573 si
803 4519 944 4573 dicat
972 4536 986 4572 :
1019 4516 1227 4573 Pariter
1266 4526 1486 4587 gemunt
1522 4518 1609 4587 qui
1655 4532 1838 4571 corum

1959 1967 2096 2021 ribus
2146 1970 2412 2040 Aquilonis
2452 1970 2587 2045 (Isa.
2630 1990 2754 2042 xix,
2803 1977 2915 2046 15).
2961 1980 3060 2045 Qui
3104 1998 3267 2052 super
3309 1998 3538 2039 vacuum

1956 2062 2278 2130 extenditur,
2303 2063 2425 2133 quia
2450 2065 2540 2119 illa
2567 2069 2730 2122 corda
2757 2068 2990 2139 possidet
3010 2088 3126 2140 quae
3147 2071 3310 2127 divini
3332 2075 3535 2130 amoris

1954 2156 2122 2223 gratia
2176 2171 2284 2210 non
2330 2157 2620 2225 replentur.
2654 2159 2759 2215 Sed
2813 2172 2985 2218 tamen
3014 2163 3367 2232 omnipotenti
3422 2167 3534 2222 Deo

1955 2249 2191 2317 suppetit
2219 2251 2380 2303 etiam
2412 2265 2539 2305 vasa
2569 2251 2764 2308 diaboli
2794 2256 3001 2312 cunctis
3055 2258 3333 2313 virtutibus
3365 2273 3537 2315 vacua

1955 2355 2063 2395 suae
2092 2343 2273 2410 gratiae
2299 2357 2519 2398 munere
2538 2343 2785 2414 implere,
2817 2346 2871 2400 in
2901 2346 3087 2416 eisque
3120 2357 3145 2396 κ
3173 2347 3338 2403 divini
3368 2348 3531 2405 timo-

1955 2431 2028 2485 ris
2060 2432 2384 2487 soliditatem
2414 2448 2612 2501 ponere
2631 2478 2645 2501 ,
2671 2452 2805 2505 quos
2836 2439 2983 2494 nulla
3010 2440 3277 2511 conspicit
3307 2440 3532 2498 rectitu-

1953 2522 2094 2577 diuis
2120 2531 2336 2579 actione
2366 2525 2626 2581 roborari.
2651 2527 2802 2585 Unde
2828 2541 2954 2600 apte
2979 2532 3318 2606 subjungitur
3344 2552 3362 2591 :

2544 2640 2773 2698 CAPUT
2814 2644 2981 2702 XXV.

2022 2749 2146 2804 Isin.
2173 2779 2247 2791 —
2270 2749 2339 2806 Et
2363 2755 2604 2825 appendit
2635 2764 2820 2812 terrain
2843 2756 2871 2795 ιι
2898 2774 3054 2829 super
3073 2760 3314 2818 nihilum.

2021 2842 2109 2898 55.
2143 2844 2376 2900 Ecclesia
2398 2865 2548 2919 super
2568 2852 2782 2919 gentiles
2811 2862 2858 2906 et
2880 2852 3094 2908 Judteos
3113 2856 3183 2908 ad
3204 2855 3424 2911 nihilum
3439 2873 3529 2931 per

1950 2948 2210 3007 peccatum
2256 2942 2489 2997 reductos
2535 2946 2775 3013 fundata.
2806 2974 2879 2987 —
2903 2947 3038 3013 Quid
3067 2949 3210 3004 enim
3240 2960 3399 3007 terrae
3431 2967 3529 3007 uo-

1948 3030 2093 3084 mine
2121 3031 2223 3085 nisi
2253 3043 2438 3087 sancta
2470 3034 2707 3089 Ecclesia
2730 3035 3057 3104 designatur,
3074 3054 3191 3109 qum
3213 3041 3337 3096 dum
3362 3044 3524 3099 verba

1951 3123 2341 3187 praedicationis
2373 3127 2638 3196 suscipit,
2668 3126 2898 3184 fructum
2931 3130 3054 3186 boni
3092 3133 3272 3202 Operis
3314 3135 3529 3191 reddit?

1952 3214 2024 3269 De
2053 3230 2151 3284 qna
2187 3232 2278 3283 per
2301 3217 2513 3288 Moysen
2546 3220 2738 3275 dicitur
2767 3239 2780 3276 :
2815 3222 3001 3277 Audiat
3033 3233 3167 3278 terra
3187 3226 3337 3280 verba
3353 3244 3416 3281 ea:
3441 3243 3529 3282 ore

1949 3324 2084 3373 meo,
2118 3321 2433 3379 exspectetur
2461 3313 2592 3367 sicut
2638 3311 2812 3384 pluvia
2843 3316 3100 3385 eloquium
3142 3334 3308 3372 meum
3339 3318 3519 3390 (Deut.

1948 3420 2121 3472 xuii,
2139 3405 2217 3477 2).
2244 3407 2443 3478 thuid
2469 3423 2560 3477 per
2581 3409 2827 3477 nihilum,
2858 3412 2958 3466 nisi
2980 3413 3204 3482 gentiles
3228 3415 3403 3484 populi
3430 3416 3524 3471 de-

1945 3496 2258 3567 signantur?
2283 3498 2356 3554 De
2386 3500 2575 3569 quibus
2610 3516 2703 3568 per
2728 3501 3037 3571 prophetam
3067 3504 3257 3560 dicitur
3283 3522 3298 3560 :
3336 3507 3522 3562 Omnes

1945 3599 2112 3659 gentes
2137 3589 2270 3644 velut
2292 3591 2509 3645 iii/tilum
2539 3602 2584 3645 et
2611 3593 2765 3646 inane
2794 3604 3042 3659 reputate
3069 3607 3185 3650 sunt
3215 3595 3371 3669 (Isai.
3406 3614 3472 3654 xl.
3500 3643 3516 3667 ,

1948 3680 2059 3751 l7).
2093 3682 2146 3735 In
2179 3699 2243 3738 eo
2272 3699 2397 3753 ergo
2427 3684 2592 3739 nihilo
2624 3694 2759 3739 terra
2808 3688 3170 3756 SliSpt’lltIiIﬂl’,
3203 3690 3344 3760 quod
3373 3692 3519 3759 prius

1946 3788 2171 3828 vacuum
2197 3774 2263 3828 ab
2290 3774 2550 3843 Aquilone
2584 3776 2880 3842 tenebatur,
2909 3780 3029 3847 quia
3053 3779 3141 3833 illa
3163 3781 3325 3835 corda
3347 3784 3522 3853 genti-

1947 3865 2074 3921 lium
2123 3866 2322 3934 replcta
2373 3876 2497 3921 sunt
2543 3866 2806 3924 charitate
2845 3869 2970 3935 Dei,
3000 3887 3118 3940 quae
3149 3888 3333 3941 pressa
3372 3875 3520 3942 prius

1944 3958 2157 4013 fuerant
2190 3968 2405 4028 torpore
2435 3958 2651 4013 diaboli.
2693 3958 2834 4031 [νει.
2866 3959 3031 4032 Xll.]
3076 3962 3256 4019 Potest
3301 3980 3428 4020 vero
3467 3976 3521 4020 ct

1946 4069 2041 4123 per
2071 4053 2172 4107 hoc
2202 4070 2420 4108 vacuum
2447 4052 2647 4113 .Iudzea:
2678 4055 2960 4109 inlidelitas
2984 4066 3038 4111 et
3069 4073 3164 4123 per
3191 4067 3410 4124 terram,
3440 4063 3512 4114 si-

1943 4154 2035 4201 cut
2066 4144 2315 4212 diximus,
2350 4156 2549 4199 sanctaz
2576 4145 2828 4201 Ecclesia:
2858 4145 3197 4202 fructilicaiin
3220 4150 3511 4220 designari.

1950 4235 2039 4289 Vir
2073 4253 2197 4307 ergo
2231 4248 2445 4292 sanctus
2475 4236 2674 4292 Julia-ae
2716 4239 2987 4308 pereuntis
3029 4254 3210 4294 casum
3259 4243 3519 4310 aspiciat,

1951 4327 1968 4367 ί
2003 4340 2055 4384 et
2085 4329 2395 4398 gentilitatis
2441 4331 2630 4384 merita
2662 4330 2726 4383 ad
2759 4332 2967 4385 veniam
2999 4332 3273 4388 redeuntis
3302 4347 3515 4403 cernat,

1943 4438 2005 4476 ac
2031 4422 2169 4476 dicat
2198 4441 2210 4475 :
2240 4421 2342 4488 Qui
2388 4423 2611 4477 extendit
2659 4425 2962 4492 Aquilonem
3008 4442 3160 4494 super
3200 4444 3446 4495 vacuum,
3476 4440 3523 4484 et

1945 4515 2189 4583 appendit
2234 4525 2421 4568 terram
2458 4532 2614 4581 super
2647 4516 2884 4570 nihilum.
2918 4516 3046 4572 Nam
3070 4520 3191 4589 quia
3214 4520 3519 4578 Judaeurutu

260 4617 427 4688 gloria
456 4630 522 4670 ex
550 4626 572 4653 ε
594 4614 946 4670 delectatione
972 4612 1266 4667 sociantur.
1303 4610 1417 4681 Ipsa
1451 4621 1629 4665 autem
1674 4625 1837 4665 occu-
1868 4644 1917 4703 υ
1947 4609 2106 4663 corda
2141 4608 2245 4661 fide
2274 4622 2437 4662 vacua
2458 4607 2669 4662 diabolo
2692 4620 2812 4663 sunt
2838 4608 3069 4675 subdita,
3096 4612 3518 4681 extenditAqui-

265 4712 407 4782 patio
435 4708 770 4765 sweularium
802 4708 1118 4778 dignitatum
1165 4716 1312 4760 tanto
1342 4704 1668 4759 facilioribus
1699 4702 1838 4758 vitiis

263 4803 543 4873 pri-mitur,
572 4811 769 4869 quanto
792 4799 1080 4868 majoribus
1107 4798 1250 4853 curis
1269 4805 1536 4868 gravatur.
1568 4796 1839 4850 Humanus

264 4911 491 4966 namque
537 4894 745 4948 animus
790 4893 971 4947 videre
1013 4900 1070 4947 et
1111 4892 1351 4946 devitarc
1391 4897 1604 4958 peccata
1639 4888 1837 4943 utinam

263 4995 434 5045 valeat
460 4991 539 5045 vel
571 4986 801 5058 quietus.
829 4987 959 5055 Quia
989 5000 1116 5045 ergo
1146 4984 1278 5040 vidit
1303 4983 1634 5040 desideratas
1659 4995 1839 5037 rerum

264 5082 603 5139 celsitudines
633 5080 832 5149 absque
861 5078 1095 5150 peccatis
1118 5077 1410 5132 ministrari
1440 5092 1545 5130 non
1581 5089 1758 5143 posse,
1785 5082 1841 5129 et

265 5178 384 5244 quia
411 5175 606 5229 divina:
638 5174 732 5228 irae
764 5186 869 5226 non
902 5169 1248 5226 absconditur
1278 5168 1538 5237 quidquid
1586 5165 1836 5222 illicitum

266 5275 615 5339 perpetratur,
646 5274 769 5335 apte
794 5272 1009 5319 secutus
1036 5260 1281 5333 adjunxit
1306 5277 1321 5315 :

336 5456 359 5483 ⁸
394 5447 582 5511 Gilot.,
608 5455 665 5500 ut
688 5445 741 5505 in
757 5444 1000 5515 Vulgata,
1025 5459 1124 5498 non
1148 5444 1384 5499 vivant...
1411 5456 1513 5495 non
1544 5447 1834 5514 resurgant.

334 5517 361 5557 δ
391 5518 574 5574 Germ.
598 5530 650 5572 et
675 5517 882 5581 Νσοτιη..
916 5518 1157 5569 honorem
1187 5515 1522 5569 celsitudinis.

337 5601 359 5630 ο
392 5591 425 5642 2
455 5590 641 5650 Laud.,
675 5588 963 5643 dilectione.
1058 5618 1061 5623 >

336 5658 360 5698 δ
392 5663 598 5727 ϐετιιι.,
622 5660 780 5714 Corh.
812 5657 995 5714 Germ.
1029 5667 1083 5713 et
1108 5659 1143 5711 2
1175 5657 1363 5715 Laud..
1392 5654 1589 5727 habent
1611 5656 1831 5727 inferas.

338 5742 362 5771 ⁸
394 5733 531 5789 Utie.
558 5742 609 5800 et
642 5730 906 5800 plerique,
931 5741 1104 5786 autem
1124 5771 1139 5795 ,
1168 5732 1243 5782 uti
1274 5728 1465 5799 legitur
1503 5728 1553 5779 in
1583 5726 1828 5796 Vulgata.

336 5803 357 5844 ί
388 5806 424 5857 2
445 5799 812 5873 Laud.,in{eri
841 5818 954 5858 vero
975 5814 1023 5859 et
1052 5801 1350 5873 perditionis
1377 5814 1579 5854 nomen.

1950 4701 2124 4755 Ionem
2157 4715 2318 4765 super
2347 4713 2590 4753 vacuum.
2617 4699 2743 4767 Quia
2777 4716 2904 4755 vero
2929 4702 3088 4757 nullis
3119 4705 3133 4753 l
3170 4704 3521 4762 existentibus

1950 4793 2153 4847 meritis
2182 4793 2317 4846 sicut
2339 4792 2535 4847 dictum
2566 4801 2648 4846 est
2674 4810 2684 4843 :
2717 4791 2823 4845 Pro
2855 4794 3015 4847 nihile
3041 4795 3206 4849 salvos
3246 4798 3401 4863 [acies
3435 4815 3521 4853 eos

1950 4886 2121 4957 (Psal.
2150 4902 2237 4950 ιν,
2266 4886 2345 4955 8),
2373 4901 2533 4951 super
2561 4897 2743 4956 gentes
2777 4886 3028 4942 Dominus
3058 4886 3298 4944 fundavit
3332 4892 3517 4947 Eccle-

1950 4983 2084 5035 siam
2114 4995 2284 5045 suam,
2318 4996 2435 5049 qua:
2480 4995 2574 5049 per
2618 4979 2930 5048 prophetam
2965 4982 3187 5037 nihilum
3218 4993 3340 5039 sunt
3369 4999 3522 5041 voca-

1950 5082 2056 5141 tae,
2107 5080 2228 5142 apte
2266 5081 2481 5126 secutus
2523 5071 2758 5140 adjuugit
2792 5089 2804 5124 :
2836 5072 3092 5141 Appendit
3140 5083 3329 5129 terram
3371 5092 3523 5145 super

1946 5164 2189 5219 nihilum.
2222 5163 2334 5218 Hoc
2362 5179 2491 5218 vero
2534 5178 2640 5233 quo
2668 5163 2855 5218 ordine
2896 5164 3092 5222 factum
3138 5168 3248 5234 sit,
3297 5166 3522 5227 miriﬁca

1948 5256 2186 5313 subdens
2214 5255 2423 5311 ratione
2450 5244 2707 5310 contexit.
2739 5255 2827 5309 Ait
2854 5256 2996 5311 enim
3029 5274 3042 5311 :

2021 5448 2045 5487 ε
2076 5436 2130 5492 In
2161 5448 2269 5496 vet.
2300 5438 2440 5494 Edit.
2465 5450 2519 5495 et
2545 5452 2680 5506 pene
2705 5437 2969 5503 omnibus,
2990 5439 3144 5493 divini
3163 5438 3372 5497 amoris.
3393 5451 3517 5494 con-

1946 5518 2026 5581 tra
2060 5510 2219 5565 fidem
2247 5513 2371 5565 Mss.
2406 5511 2639 5581 Anglic,
2664 5508 3050 5581 Nortn.,C_orb.
3078 5509 3293 5578 Gertn.,
3324 5522 3431 5566 etc.

2018 5579 2041 5650 ιι
2075 5582 2285 5647 Nomm,
2310 5597 2464 5650 super
2491 5577 2659 5642 nihili,
2685 5593 2737 5634 et
2761 5581 2832 5633 ita
2864 5577 3021 5633 infra.

2019 5649 2036 5688 ί
2072 5651 2322 5719 Vimine,
2349 5664 2393 5705 et
2421 5652 2723 5719 gentilitatis
2751 5651 2949 5704 veniam
2974 5651 3043 5704 ad
3070 5652 3270 5705 merita.

2016 5723 2317 5804 libate-IL,
2365 5723 2577 5779 Ebrorc.
2624 5730 2678 5777 et
2724 5721 2812 5777 alii
2864 5719 3072 5791 Nomm,
3123 5722 3521 5795 prandentin

1940 5806 2133 5849 meritis
