4104 6350
602 302 660 356 l7
1787 310 2031 369 SANCTI
2072 306 2400 365 GREGORII
2443 310 2662 369 MAGNI
3790 323 3859 379 28

947 441 1176 498 CAPUT
1213 443 1384 501 XXV-l
1424 446 1576 519 illeo.
1618 444 1782 518 XIV]

662 550 827 607 Vens.
858 552 910 611 8.
931 584 995 596 -—
1016 555 1119 621 Qui
1139 559 1262 628 ligat
1290 576 1448 629 agitas
1473 561 1527 617 in
1556 561 1771 618 nubibus
1799 572 1825 600 ⁸
1850 564 1976 629 suis,
2000 573 2173 621 utnon

591 646 859 712 erumpant
890 648 1080 713 pariter
1109 650 1366 706 deorsum.

659 737 749 793 56.
786 737 1014 793 Nubium
1043 744 1246 797 nomine
1272 745 1523 815 designati
1558 746 1792 815 Apostoli
1822 758 1872 802 et
1904 750 2173 820 priedica-

590 836 739 885 tores.
763 832 987 898 --Quid
1022 832 1121 889 hoc
1149 834 1267 889 loco
1297 851 1489 906 aquam
1546 839 1647 895 nisi
1698 841 1973 899 scientiam
1994 884 2008 907 ,
2041 842 2170 911 quid

590 924 756 977 nubes
784 924 881 979 nisi
917 926 1291 994 praedicatores
1316 930 1587 998 appellat?
1618 931 1747 987 Nam
1776 935 1897 1004 quia
1924 934 1978 991 in
2012 950 2170 991 sacro

587 1014 800 1083 eloquio
829 1016 1116 1086 aliquando
1162 1034 1296 1089 aqua
1346 1021 1570 1079 scientia
1602 1023 1830 1092 dicatur,
1871 1026 2169 1084 Salomone

587 1113 871 1162 attestante
892 1107 1199 1177 didicimus,
1223 1111 1309 1179 qui
1332 1112 1408 1165 ait
1434 1130 1445 1165 :
1476 1113 1623 1181 Aqua
1650 1116 1909 1185 profunda
1935 1117 2081 1172 verba
2106 1133 2171 1177 ea:

587 1211 672 1251 ore
701 1198 815 1266 viri,
866 1206 913 1251 et
962 1208 1159 1255 torrens
1204 1202 1496 1265 redundans
1520 1204 1639 1271 fons
1675 1207 1941 1273 sapientia:
1981 1207 2164 1278 (Prov.

584 1301 734 1353 mu,
782 1288 858 1358 4).
922 1288 1069 1359 Aqua
1117 1291 1315 1359 signari
1362 1294 1640 1348 scientiam
1694 1297 1853 1349 David
1909 1299 2164 1367 propheta

586 1387 832 1443 testatur,
884 1378 1072 1447 dicens
1120 1399 1133 1434 :
1184 1381 1475 1440 Tenebrosa
1514 1402 1649 1454 aqua
1690 1385 1747 1443 in
1772 1388 1989 1443 nubibus
2033 1391 2164 1444 aeris

583 1468 755 1538 (Psal.
788 1486 923 1538 xvn,
955 1471 1067 1541 12).
1102 1472 1155 1531 ld
1187 1485 1290 1541 est,
1320 1477 1526 1531 occulta
1555 1479 1777 1533 scientia
1826 1480 1881 1535 in
1932 1482 2164 1551 prophe-

583 1562 669 1625 tis,
703 1561 792 1630 qui
820 1572 945 1618 ante
973 1562 1260 1619 adventum
1293 1567 1526 1635 Domini,
1561 1569 1684 1627 dum
1718 1572 1943 1628 occultis
1985 1588 2166 1629 sacra-

582 1652 775 1707 mentis
805 1654 1028 1721 gravidi,
1064 1658 1317 1727 mysteria
1342 1659 1598 1716 immensa
1623 1670 1918 1733 gestarent,
1950 1666 2163 1722 intuen-

582 1743 709 1797 tium
759 1746 932 1802 oculis
974 1761 1159 1805 eorum
1201 1749 1547 1821 intelligentia
1593 1755 1876 1824 caligabat.
1931 1758 2156 1819 Nubium
2191 1799 2238 1861 Β

582 1852 708 1893 vero
739 1855 954 1897 nonnae
982 1843 1108 1913 quid
1140 1844 1239 1900 hoc
1268 1845 1318 1898 iu
1349 1846 1468 1902 loco
1486 1848 1630 1901 aliud
1656 1864 1816 1918 quam
1845 1853 2161 1918 praedicato-

576 1944 663 1985 res
704 1933 905 1997 sancti,
954 1935 1007 1989 id
1057 1945 1139 1992 est
1190 1939 1453 2008 apostoli,
1507 1940 1874 2012 designantur,
1929 1948 2019 2015 qui
2066 1964 2160 2016 per

575 2024 755 2077 mundi
811 2034 988 2093 partes
1029 2029 1444 2102 circumquaque
1494 2037 1816 2104 transmissi,
1879 2049 1931 2091 et
1978 2041 2159 2095 verbis

572 2112 828 2171 noverant
854 2117 1057 2185 pluere,
1093 2129 1146 2176 et
1175 2124 1449 2179 miraculis
1466 2128 1795 2183 coruscare?
1817 2128 1960 2196 Quos
1996 2131 2156 2188 Isaias

573 2207 829 2276 propheta
860 2210 1015 2280 longe
1045 2221 1167 2275 ante
1196 2215 1407 2271 intuens
1432 2258 1447 2281 ,
1479 2216 1614 2272 dixit
1644 2239 1659 2271 :
1695 2218 1798 2284 Qui
1846 2231 1965 2274 sunt
1993 2222 2158 2296 548

552 2301 652 2355 1'in
672 2301 763 2371 qui
784 2313 839 2357 ιιι
864 2304 1022 2363 nubes
1048 2307 1258 2363 volant?
1283 2309 1414 2376 Quia
1447 2311 1610 2380 igitur
1634 2314 1716 2368 vir
1743 2314 1845 2373 iste
1867 2356 1882 2380 ,
1914 2317 2153 2386 prophe-

571 2392 676 2447 tico
704 2393 894 2462 Mettus
932 2398 1123 2467 spiritu
1145 2439 1162 2466 ,
1205 2400 1260 2455 in
1296 2402 1392 2459 hac
1423 2403 1695 2461 locutione
1722 2422 1816 2462 sua
1844 2409 1908 2463 ad
1938 2410 2149 2467 laudem

570 2484 663 2539 Dei
693 2484 843 2552 initia
876 2491 1144 2545 nascentis
1175 2492 1436 2551 Ecclesiae
1457 2494 1726 2553 desiderat
1748 2501 2005 2571 exordiri,
2038 2516 2153 2557 stu-

566 2578 656 2633 det
679 2580 791 2648 ejus
823 2582 1064 2636 ordinem
1096 2584 1163 2637 ab
1188 2589 1549 2655 apostolorum
1590 2592 1975 2660 praedicatione
2022 2614 2147 2653 nar-

566 2685 717 2735 rare,
762 2673 851 2742 qui
900 2686 1229 2730 curaverunt
1279 2693 1622 2749 summopere
1664 2684 1887 2739 rudibus
1942 2691 2149 2758 populis

565 2763 719 2832 plana
752 2773 803 2818 et
832 2763 859 2803 ιι
886 2767 1167 2836 capabilia,
1190 2786 1294 2825 non
1325 2788 1530 2828 summa
1561 2785 1720 2846 atque
1749 2782 1912 2834 ardua
1946 2784 2142 2850 praedi-

562 2870 703 2909 care.
736 2856 865 2912 Nam
897 2860 941 2913 si
974 2862 1247 2916 scientiam
1292 2877 1554 2933 sanctam,
1593 2886 1710 2938 qua:
1744 2871 1831 2927 hic
1860 2888 2012 2943 aqua:
2046 2892 2141 2929 no-

563 2950 705 3003 mine
734 2950 1066 3023 designatur,
1098 2966 1155 3009 ut
1182 2956 1496 3014 hauriebam
1524 2963 1707 3028 corde,
1741 2965 1807 3019 ita
1840 2982 1932 3021 ore
1960 2967 2147 3024 funde-

561 3050 703 3107 rent,
740 3041 1099 3103 immensitate
1138 3045 1253 3119 ejus
1286 3052 1557 3108 auditores
1600 3070 1728 3111 snos
1773 3060 2144 3129 opprimerent

559 3136 736 3202 potius
794 3152 950 3204 quam
1006 3140 1262 3212 rigarent.
1327 3143 1478 3200 Unde
1533 3132 1753 3218 religata
1814 3153 2140 3211 intrinsecus

556 3227 801 3297 scientia,
834 3240 892 3285 ut
920 3248 1025 3287 non
1058 3236 1258 3303 pariter
1286 3237 1539 3293 deorsum
1568 3256 1897 3313 erumperet,
1929 3249 2138 3302 audito-

554 3334 643 3375 res
674 3336 800 3376 suos
831 3325 1179 3383 distillatione
1211 3329 1496 3385 verborum
1528 3336 1791 3403 nutriens,
1841 3339 2008 3401 nubes
2052 3342 2139 3396 illa

554 3413 892 3485 loquebatur,
927 3417 1152 3476 dicens:
1189 3420 1311 3475 Non
1339 3425 1483 3493 potui
1512 3425 1653 3495 loqui
1682 3428 1818 3482 vobis
1848 3434 1995 3501 quasi
2028 3435 2139 3502 spi-

551 3508 818 3579 ritalibus,
857 3513 945 3567 sed
986 3516 1133 3585 quasi
1182 3516 1506 3582 carnalibus,
1556 3527 1799 3589 tanquam
1828 3524 2055 3592 parvulis
2087 3527 2140 3581 in

550 3601 751 3658 Christo
779 3605 858 3658 lac
878 3608 1013 3661 vobis
1038 3618 1219 3677 potum
1251 3611 1389 3673 dedi,
1416 3627 1517 3664 non
1539 3628 1707 3666 escam
1730 3614 1779 3686 (ι
1809 3613 1929 3669 Cor.
1963 3633 2039 3685 ιιι,
2083 3620 2133 3687 1,

548 3696 623 3765 Et).
655 3698 783 3764 Quis
814 3701 953 3754 enim
985 3699 1126 3756 ferre
1154 3704 1444 3770 pctuisset,
1485 3704 1530 3758 si
1580 3716 1761 3776 raptus
1804 3708 1869 3764 ad
1917 3712 2133 3767 tertium

546 3791 776 3859 coelum,
828 3805 1010 3863 raptus
1050 3797 1101 3849 in
1151 3798 1456 3865 paradisum
1479 3842 1496 3869 ,
1530 3802 1690 3857 etiam
1742 3818 1937 3860 arcana
1970 3809 2134 3866 verba

547 3884 767 3938 audiens
797 3901 914 3954 qua:
947 3887 1089 3958 loqui
1122 3889 1323 3945 homini
1377 3909 1479 3948 non
1510 3894 1731 3961 liceret,
1769 3905 1874 3952 tam
1909 3900 2133 3957 immen-

545 3989 635 4029 sos
661 3990 905 4045 supernae
932 3980 1170 4035 scientiae
1202 3982 1352 4036 sinus
1381 3986 1613 4052 aperiret
1642 3986 1734 4057 (II
1757 3988 1877 4043 Cor.
1912 4008 2005 4058 xu,
2039 3993 2132 4064 2)?

544 4067 649 4121 Aut
679 4070 831 4137 cujus
863 4084 966 4124 non
1000 4072 1249 4128 virtutem
1304 4077 1559 4134 auditoris
1600 4083 1959 4151 opprimeret,
1993 4086 2037 4141 si
2068 4102 2130 4141 ea

542 4176 660 4230 qua:
693 4161 1012 4219 intrinsecus
1038 4163 1253 4221 baurire
1282 4177 1491 4237 poterat
1517 4213 1530 4237 ,
1561 4171 1612 4225 in
1639 4182 1897 4242 quantum
1945 4179 2129 4233 carnis

541 4253 717 4324 lingua
746 4253 1048 4322 sufficeret,
1083 4259 1424 4317 extrinsecus
1456 4263 1719 4321 inundans
1767 4283 1922 4338 aquae
1969 4270 2125 4342 hujus

539 4343 869 4403 immensitas
899 4359 1204 4405 cmauasset

608 4434 697 4491 '57.
737 4437 910 4494 [ludes
949 4443 1209 4498 auditores
1234 4443 1350 4513 {non
1385 4436 1725 4507 inundatione
1766 4455 1858 4509 sed
1902 4457 2122 4513 distilla-

537 4529 671 4583 tione
695 4530 920 4587 scientia:
948 4544 1066 4587 sunt
1093 4535 1371 4607 irrigandi.
1391 4566 1460 4580 --
1489 4540 1555 4596 Ut
1580 4558 1705 4600 vero
1734 4546 2007 4605 auditores
2031 4569 2121 4607 ru-

536 4621 632 4675 des
661 4639 766 4677 non
798 4625 1145 4683 inundatione
1174 4631 1413 4687 scientia:
1434 4674 1451 4700 ,
1478 4634 1571 4690 sed
1604 4639 1875 4696 moderata
1917 4648 2113 4713 prsidi-

535 4715 757 4771 cationis
798 4718 1145 4778 distillatione
1187 4722 1484 4792 foveantur,
1520 4727 1645 4801 ligat
1676 4730 1815 4788 Deus
1864 4750 2029 4807 aquas
2064 4741 2116 4796 iu

536 4808 785 4876 nubibus,
820 4822 877 4866 ut
901 4829 1006 4868 non
1039 4828 1322 4886 erumpant
1348 4821 1547 4887 pariter
1572 4823 1844 4897 deorsum,
1877 4832 1996 4899 quia
2020 4834 2119 4889 do-

534 4914 737 4959 ctorum
765 4906 1195 4976 praedicationem
1229 4921 1523 4983 temperat,
1559 4928 1615 4972 ut
1636 4920 1939 4978 auditorum
1969 4926 2119 4982 infir-

531 4997 717 5065 mitas,
756 5009 777 5037 ο
809 5000 1074 5056 dictorum
1131 5020 1251 5060 rore
1299 5008 1495 5063 nutrita
1540 5013 1900 5069 convalescat.
1958 5019 2111 5083 Quod

530 5089 663 5146 bene
706 5092 758 5147 in
805 5095 1092 5166 livangelio
1143 5100 1368 5169 mystica
1424 5101 1788 5173 descriptione
1836 5123 2104 5181 narratur,

528 5182 652 5237 dum
683 5184 879 5241 dicitur
906 5205 920 5239 :
948 5190 1188 5243 Ascendit
1216 5188 1367 5245 Iesus
1412 5193 1465 5247 in
1504 5196 1797 5253 naviculam
1841 5198 2021 5269 Petri,
2067 5215 2111 5259 et

598 5328 620 5355 τι
654 5321 813 5377 Deest
835 5325 940 5378 suis
964 5325 1013 5380 in
1045 5326 1229 5383 Norm.
1258 5337 1308 5384 et
1338 5328 1518 5385 Germ.

594 5389 619 5428 δ
701 5394 893 5466 ιω..
923 5398 1186 5466 ωρὶιιιιὶα.

596 5473 618 5541 f
654 5463 851 5541 γίιίοω
871 5469 928 5541 in
962 5463 1349 5536 posterioribus
1379 5474 1543 5541 Edit.,
1566 5476 1833 5531 doctorum
1856 5495 1998 5538 rore.

590 5531 615 5569 (³
650 5536 846 5610 Unities
868 5531 1077 5607 N0t'm.,
1111 5543 1283 5610 culpa.
1444 5598 1449 5603 .

593 5614 616 5679 ξ
650 5603 898 5679 )liniloc,
930 5603 1174 5668 «risisse.
1203 5603 1285 5670 'lta
1314 5618 1472 5671 etiam
1500 5618 1606 5674 duo
1628 5618 1798 5675 Laud.
1830 5627 1884 5674 et
1904 5621 2089 5679 Germ.

595 5675 613 5714 ί
648 5678 774 5732 rost
803 5689 1015 5765 tenetur,
1046 5686 1096 5739 in
1130 5687 1269 5765 suit.
1310 5688 1470 5765 uasti.
1509 5688 1673 5756 15M,
1708 5692 1878 5765 l‘aris.
1910 5675 2087 5765 isis,

521 5756 571 5829 e_t
600 5752 1059 5825 sequent.legitur
1086 5775 1097 5809 :
1132 5758 1374 5827 Quisquis
1398 5776 1613 5829 namque
1642 5752 1707 5815 ad
1736 5764 1842 5816 alta
1864 5752 2093 5823 scientié

518 5819 709 5890 ﬂuenta
738 5819 1063 5895 perveniens,
1098 5819 1213 5881 cum
1258 5819 1365 5884 inec
1412 5819 1550 5900 apud
1593 5833 1739 5888 bruta
1767 5819 2092 5891 audientium

2167 3186 2216 3254 C

2199 425 2244 482 Α
2275 425 2468 491 rogarit
2497 437 2551 478 ut
2574 443 2603 477 a
2632 438 2767 479 terra
2798 428 3059 482 reduceret
3080 430 3347 499 pusillum,
3371 438 3416 484 et
3437 432 3509 484 ita
3530 431 3708 487 sedens
3726 451 3858 503 pra-

2279 515 2480 569 dicabat
2508 518 2667 571 turbis
2697 518 2851 589 (Luc.
2883 537 2937 582 ν,
2960 520 3036 590 5).
3072 521 3172 577 Per
3192 538 3379 578 navem
3404 523 3545 577 Petri
3569 526 3692 595 quid
3715 528 3854 586 aliud

2276 620 2434 675 quam
2464 610 2750 662 commissa
2784 611 2942 665 Petro
2971 612 3202 667 Ecclesia
3250 615 3602 684 designatur?
3648 616 3722 672 De
3748 634 3853 689 qua

2278 707 2332 750 ut
2377 697 2630 754 Dominus
2681 700 2853 755 turbis
2899 704 3292 760 continentibus
3341 708 3627 776 pradicet,
3668 726 3787 767 eam
3824 726 3859 771 ι

2276 795 2415 843 terra
2438 792 2711 859 paululum
2738 794 2918 849 reduci
2942 797 3111 864 jubet.
3134 798 3302 863 Quam
3326 815 3426 855 nec
3448 803 3499 854 in
3520 803 3687 857 altum
3708 804 3854 874 duci,

2273 892 2325 935 et
2352 894 2527 939 tamen
2555 903 2584 940 a
2618 898 2755 940 terra
2792 887 3033 958 praecipit
3058 892 3344 958 removeri,
3373 894 3617 963 profecto
3646 896 3847 966 signifi-

2273 988 2400 1028 cans
2430 976 2808 1045 praedicatores
2839 994 2967 1034 suos
2996 983 3219 1038 rudibus
3242 982 3442 1039 debere
3474 986 3684 1055 populis
3706 1029 3721 1053 ,
3754 1003 3852 1045 nec

2271 1058 2375 1121 alta
2407 1069 2564 1123 nimis
2593 1071 2659 1124 de
2685 1072 2998 1130 ctelestibus
3018 1116 3032 1141 ,
3066 1090 3164 1130 nec
3190 1085 3370 1131 tamen
3406 1086 3620 1134 terrena
3652 1080 3848 1148 pradi-

2269 1173 2415 1214 care.
2441 1163 2588 1231 Aqua
2620 1164 2800 1233 itaque
2831 1165 3023 1236 ligatur
3050 1168 3105 1222 in
3137 1168 3367 1223 nubibus
3392 1211 3406 1235 ,
3438 1171 3564 1241 quia
3590 1171 3851 1243 pradica-

2271 1259 2446 1306 torum
2478 1255 2700 1310 scientia
2742 1258 3077 1313 inﬁrmorum
3111 1261 3380 1317 mentibus
3410 1263 3635 1333 loquens
3685 1279 3851 1335 quan-

2270 1355 2377 1400 tum
2407 1347 2609 1402 sentire
2640 1349 2783 1403 valet
2810 1351 3006 1406 docere
3038 1354 3371 1422 prohibetur.

2338 1444 2480 1517 [Vet.
2506 1445 2701 1521 XIII].
2720 1451 2810 1506 38.
2831 1450 3062 1521 lnﬁrmis
3083 1458 3337 1510 mentibus
3359 1458 3579 1529 tegenda
3597 1465 3673 1513 est
3694 1460 3850 1515 altior

2267 1540 2495 1592 scientia.
2522 1570 2590 1580 —
2616 1540 2746 1596 Nam
2795 1544 3109 1615 plerumque
3147 1547 3193 1601 si
3232 1548 3532 1604 auditorum
3583 1565 3676 1606 cor
3702 1552 3849 1609 verbi

2269 1628 2626 1685 immensitate
2648 1636 3029 1705 corrumpitur,
3056 1637 3234 1707 lingua
3255 1638 3564 1695 docentium
3592 1642 3847 1699 indiscre-

2269 1721 2426 1777 tiouis
2456 1722 2481 1760 ἀ
2514 1739 2667 1794 paena
2699 1728 2973 1784 multatur.
3020 1731 3172 1788 Unde
3213 1736 3470 1802 scriptum
3501 1748 3624 1793 est:
3652 1738 3714 1794 Si
3741 1742 3849 1810 quis

2265 1819 2520 1884 aperuerit
2566 1820 2838 1873 cisternam
2872 1831 2917 1875 et
2954 1825 3173 1891 foderit,
3203 1838 3248 1880 et
3281 1844 3381 1882 non
3413 1834 3672 1899 operuerit
3707 1848 3845 1900 eum,

2265 1911 2597 1979 occideritque
2627 1912 2713 1967 bos
2750 1914 2826 1968 vel
2856 1918 3030 1972 asinus
3059 1921 3110 1973 in
3148 1938 3287 1990 eam,
3329 1927 3570 1982 dominus
3618 1930 3846 1985 cisterna:

2263 2006 2435 2056 reddet
2467 2008 2682 2073 pretium
2695 2008 3052 2077 jumentorum
3075 2014 3274 2085 (Exod.
3303 2034 3412 2084 ut,
3452 2021 3571 2089 35).
3600 2023 3734 2092 Quid
3766 2034 3845 2081 est

2262 2096 2403 2149 enim
2438 2099 2646 2165 aperire
2678 2103 2965 2157 cisternam
2989 2145 3003 2169 ,
3038 2108 3136 2160 nisi
3185 2110 3455 2166 intellectu
3498 2114 3677 2170 valido
3705 2117 3847 2172 Scri-

2264 2196 2428 2255 ptum
2454 2203 2618 2244 sacra:
2648 2206 2840 2248 arcana
2873 2200 3199 2264 penetrare?
3222 2202 3357 2268 Quid
3403 2215 3586 2261 autem
3622 2223 3717 2277 per
3745 2209 3837 2265 bo-

2260 2296 2378 2335 vem
2433 2292 2485 2337 et
2534 2286 2781 2354 asinum,
2834 2291 3088 2346 mundum
3144 2295 3346 2352 scilicet
3401 2310 3451 2355 et
3506 2301 3840 2358 immundum

2256 2377 2471 2440 animal,
2506 2380 2607 2433 nisi
2638 2383 2805 2437 fidelis
2833 2385 3059 2455 quisque
3084 2395 3138 2442 et
3164 2388 3391 2447 infldelis
3414 2395 3717 2464 accipitur?
3738 2396 3838 2465 Qui

2257 2484 2381 2537 ergo
2413 2471 2697 2526 cisternam
2732 2473 2887 2537 fodit,
2911 2479 3207 2546 cooperiat,
3245 2497 3309 2536 ne
3334 2483 3463 2538 illud
3496 2485 3595 2541 bos
3618 2487 3700 2541 vel
3729 2488 3831 2543 asi-

2256 2577 2357 2616 nus
2387 2574 2526 2631 ruat,
2568 2565 2616 2617 id
2648 2574 2747 2632 cst,
2780 2568 2868 2637 qui
2900 2570 2950 2621 in
2982 2584 3136 2625 sacro
3165 2573 3382 2642 eloquio
3404 2575 3513 2644 jam
3546 2579 3651 2632 alta
3681 2580 3836 2635 intel-

2255 2654 2408 2724 ligit,
2441 2656 2699 2713 sublimes
2752 2673 2942 2713 sensus
2992 2677 3173 2717 coram
3223 2680 3325 2718 non
3381 2669 3717 2737 capientibus
3751 2686 3841 2741 per

2252 2747 2521 2802 silentium
2556 2758 2714 2819 tegat,
2744 2767 2809 2806 ne
2843 2768 2934 2820 per
2956 2755 3265 2811 scandalum
3293 2761 3483 2814 mentis
3508 2773 3600 2817 aut
3624 2764 3835 2819 fidelem

2253 2846 2549 2913 parvulum,
2574 2860 2665 2901 aut
2694 2848 2961 2903 infidelem
2990 2892 3003 2915 ,
3035 2850 3127 2921 qui
3160 2852 3383 2906 credere
3417 2855 3718 2922 potuisset,
3751 2857 3837 2910 in-

2252 2943 2482 2995 terimat.
2517 2939 2591 2995 Ex
2625 2951 2793 2997 morte
2826 2944 2967 2997 enim
2993 2944 3361 3014 jumentorutn
3393 2947 3553 3003 debet
3583 2952 3835 3020 pretium,

2248 3034 2370 3104 quia
2401 3034 2527 3089 illttd
2572 3036 2778 3091 scilicet
2810 3046 2832 3074 θ
2865 3038 3150 3094 admisisse
3202 3041 3559 3109 convincitur,
3602 3045 3742 3101 unde
3768 3045 3833 3100 ad

2248 3129 2508 3196 agendam
2544 3131 2906 3197 ptenitentiam
2947 3147 3069 3188 reus
3104 3145 3331 3190 tenetur.
3370 3134 3390 3175 ΐ
3420 3136 3720 3207 Operienda
3755 3149 3835 3196 est

2249 3224 2424 3293 itaque
2452 3225 2679 3280 cisterna
2702 3268 2715 3292 ,
2748 3229 2871 3296 quia
2897 3242 3081 3282 coram
3113 3231 3347 3298 parvulis
3376 3230 3538 3303 559
3565 3233 3834 3289 mentibus

2249 3318 2469 3383 tegenda
2494 3328 2575 3371 est
2606 3320 2708 3372 alta
2740 3320 2964 3373 scientia
2988 3362 3001 3385 ,
3039 3337 3106 3377 ne
3138 3323 3276 3377 unde
3306 3337 3400 3377 cor
3431 3325 3735 3381 docentium
3766 3326 3831 3382 ad

2243 3422 2451 3462 summa
2477 3410 2761 3476 attollitur,
2804 3412 2928 3466 inde
2974 3413 3253 3469 infirmitas
3284 3416 3591 3473 auditorum
3630 3418 3694 3473 ad
3728 3420 3828 3473 ima

2241 3502 2525 3557 dilabatur.
2559 3503 2772 3558 Dicatur
2802 3504 2961 3573 igitur
2989 3516 3134 3562 recte
3160 3526 3173 3561 :
3202 3508 3301 3575 Qui
3325 3509 3449 3578 ligat
3471 3527 3634 3580 aquas
3661 3512 3713 3566 in
3737 3528 3830 3566 nu-

2242 3593 2409 3663 bibus,
2446 3605 2498 3649 ut
2522 3613 2621 3648 non
2650 3610 2919 3666 erumpant
2944 3600 3133 3667 pariter
3162 3602 3421 3655 deorsum.
3446 3601 3655 3659 Pariter
3679 3620 3825 3659 nam-

2239 3703 2343 3758 que
2372 3705 2523 3760 aquae
2544 3702 2910 3763 erumperent,
2937 3694 2979 3745 si
3004 3709 3184 3748 coram
3214 3694 3441 3751 infirmis
3464 3697 3820 3766 auditoribus,

2238 3791 2432 3850 quanta
2460 3794 2540 3836 est
2571 3784 2793 3839 scicntia
2825 3802 2889 3839 ex
2917 3801 3009 3841 ore
3033 3787 3300 3857 loquentis
3332 3801 3648 3860 emanaret,
3682 3792 3724 3846 si
3757 3793 3827 3847 si-

2239 3874 2348 3929 mul
2370 3891 2431 3930 se
2452 3878 2625 3931 omnis
2652 3878 2924 3945 plenitudo
2955 3880 3351 3948 prmdicationis
3375 3882 3694 3952 effunderet,
3723 3894 3750 3936 σ
3775 3893 3826 3942 et

2238 3969 2309 4022 nil
2334 3970 2434 4024 sibi
2458 3986 2575 4025 cum
2605 3972 3000 4039 proficientibus
3033 3985 3351 4030 reservaret.
3386 3977 3612 4049 Dignum
3633 3980 3825 4050 quippe

2234 4070 2405 4118 estut
2456 4063 2543 4132 qui
2603 4064 2858 4132 praedicat
2908 4065 3171 4120 audientis
3224 4067 3439 4123 modum
3490 4073 3819 4138 consideret,

2234 4164 2496 4224 quatenus
2525 4156 2637 4224 ipsa
2663 4157 2972 4225 prmdicatio
2997 4174 3116 4213 cum
3142 4160 3400 4217 auditoris
3432 4166 3512 4217 sui
3547 4165 3819 4222 incremen

2236 4245 2305 4299 tis
2326 4255 2553 4302 crescat.
2587 4246 2674 4302 Sic
2701 4248 2898 4318 quippe
2920 4265 3082 4319 agere
3113 4255 3473 4325 unusquisque
3506 4259 3821 4325 praedicator

2231 4336 2409 4402 debet,
2445 4339 2584 4394 sicut
2613 4355 2736 4394 cum
2764 4340 2856 4394 illo
2881 4342 3134 4397 divinitus
3165 4347 3361 4413 agitur,
3398 4360 3453 4402 ut
3480 4364 3817 4420 nequaquam

2228 4442 2418 4486 cuncta
2451 4448 2571 4501 qua
2598 4434 2762 4489 sentit
2804 4434 3031 4491 infirmis
3078 4437 3352 4505 insinuet,
3386 4442 3510 4511 quia
3542 4454 3597 4498 et
3624 4456 3816 4512 quous-

2229 4542 2331 4596 que
2358 4528 2471 4597 ipse
2497 4543 2658 4583 carne
2688 4531 3031 4586 mortalitatis
3064 4535 3310 4589 infirmus
3338 4545 3427 4591 est
3446 4577 3460 4599 ,
3487 4552 3548 4591 ea
3582 4552 3702 4608 quae
3725 4550 3815 4591 su-

2229 4634 2391 4688 perna
2416 4629 2541 4673 sunt
2559 4631 2749 4675 cuncta
2774 4637 2882 4677 non
2904 4624 3091 4678 sentit.
3110 4625 3410 4680 Praedicare
3432 4642 3562 4697 ergo
3581 4627 3806 4683 rudibus

2228 4725 2330 4765 non
2363 4711 2521 4768 debet
2550 4723 2807 4783 quantum
2832 4718 3130 4785 cognoscit,
3162 4717 3285 4786 quia
3311 4726 3366 4772 et
3389 4718 3505 4787 ipse
3528 4721 3597 4776 de
3618 4735 3810 4789 super-

2226 4804 2307 4859 nis
2340 4806 2608 4875 mysteriis
2632 4821 2960 4875 cognoscere
2993 4824 3096 4863 non
3127 4810 3266 4865 valet
3297 4822 3491 4877 quanta
3520 4814 3646 4869 siut.
3676 4812 3808 4867 Hinc

2223 4907 2305 4951 est
2333 4900 2474 4954 enim
2503 4900 2643 4968 quod
2676 4898 2872 4954 Paulus
2898 4900 3191 4967 apostolus,
3223 4910 3502 4973 postquam
3541 4902 3807 4977 mysteriis

2222 4994 2533 5049 ctulestilius
2564 4994 2822 5059 interfuit,
2846 4994 2980 5049 dicit
3009 5013 3021 5048 :
3060 4994 3306 5052 Videmus
3334 5015 3471 5052 nunc
3505 5015 3595 5066 per
3623 5012 3805 5066 spectt-

2223 5086 2329 5138 lttm
2354 5086 2408 5138 in
2440 5085 2731 5154 aenigmate,
2756 5097 2879 5139 tunc
2909 5096 3081 5141 autem
3113 5088 3245 5156 [acie
3273 5090 3342 5143 ad
3378 5091 3563 5161 {aciem
3602 5088 3658 5163 (I
3684 5087 3799 5145 Cor.

2224 5193 2335 5247 xm,
2372 5176 2481 5246 12).
2513 5177 2662 5233 Unde
2686 5188 2739 5233 et
2764 5178 3017 5234 continuo
3044 5178 3132 5235 hic
3150 5183 3397 5250 sequitur
3426 5200 3439 5235 :

2216 5349 2372 5403 corda
2392 5364 2492 5402 non
2516 5349 2814 5423 comederit,
2837 5364 3008 5423 poma:
3036 5365 3152 5405 reus
3177 5352 3453 5416 addicitur,
3482 5352 3526 5406 si
3546 5367 3635 5423 per
3656 5348 3801 5423 verba

2213 5423 2324 5492 ejus
2376 5422 2430 5475 in
2475 5420 2775 5501 scandalum
2801 5421 2906 5501 sive
2947 5424 3160 5488 munda,
3193 5426 3299 5477 sive
3347 5440 3488 5501 mens
3539 5420 3802 5501 immunda

2210 5490 2466 5561 capiatur.
2498 5490 2627 5557 Quae
2668 5493 3061 5545 verbal'rustra
3104 5504 3413 5561 qua-remur
3454 5497 3507 5549 in
3550 5494 3798 5549 omnibus

2208 5562 2340 5616 Mss.
2386 5562 2601 5615 nostris.
2637 5561 2844 5615 Absunt
2892 5566 3048 5618 etiam
3082 5561 3149 5619 ab
3181 5565 3323 5619 Edit.
3369 5567 3539 5621 Paris.
3580 5563 3713 5617 1495
3741 5570 3797 5617 et

2205 5633 2601 5709 antiquioribus
2638 5633 2780 5689 aliis.
2828 5634 2886 5688 ln
2930 5638 3137 5692 caeteris
3168 5652 3197 5691 e
3228 5638 3468 5709 margine
3508 5638 3561 5692 in
3593 5644 3793 5692 textum

2207 5702 2559 5759 transierunt.

2274 5785 2299 5823 Β
2326 5776 2348 5830 1
2379 5774 2635 5845 Laud.,et
2662 5777 2734 5832 nil
2763 5779 2805 5833 si
2828 5779 3210 5851 proﬁcientibus
3235 5794 3509 5839 reservant.
