4044 6346
3304 316 3331 339 ’ς
3370 322 3373 325 λ

586 394 645 455 5t
1757 403 2002 462 SANCTI
2039 402 2369 463 caecos"
2408 404 2617 464 MAGNI
2978 372 2983 379 ’
3763 411 3830 465 52

581 512 765 568 excidit
788 516 1048 571 columnas
1070 526 1258 589 septem
1286 516 1473 590 (Prov.
1506 533 1556 574 ts
1581 559 1595 583 ,
1624 516 1703 589 1).
1749 517 1850 585 Qui
1882 526 1939 573 ut
1980 518 2031 575 id
2082 519 2150 575 de
2177 521 2229 581 Δ
2253 517 2536 573 collidunt.
2569 518 2674 574 Sed
2697 517 2813 590 jam
2843 518 2897 575 in
2927 518 3238 577 fortitudine
3264 520 3401 576 illius
3423 524 3586 578 maria
3612 538 3828 596 congre-

582 618 784 677 septem
848 609 1104 667 Ecclesiis
1153 628 1211 667 se
1262 612 1461 668 dixisse
1508 612 1888 680 innotesceret,
1942 621 2158 669 secutus

583 706 739 759 etiam
772 717 1101 761 sacramenta
1152 708 1262 775 ipsa
1307 706 1589 777 diligenter
1634 707 1878 773 inseruit,
1924 706 2153 763 dicens:

583 796 877 852 Immotavtt
904 802 1151 863 victimas,
1179 800 1378 854 miscuit
1406 801 1598 867 vinum,
1625 809 1673 855 et
1713 801 1981 870 proposuit
2015 816 2157 855 meno

580 904 710 953 sam,
736 889 891 961 551
915 891 1051 944 misit
1081 892 1293 945 ancillas
1319 908 1459 956 suas,
1494 900 1521 929 ι
1545 902 1602 946 ut
1627 901 1860 947 vocarent
1889 892 1958 945 ad
1987 908 2157 945 arcem

579 994 625 1034 et
654 998 838 1039 manta
866 983 1082 1036 civitatis
1115 1002 1128 1036 :
1160 985 1223 1038 Si
1251 987 1363 1051 quis
1392 993 1465 1039 est
1488 985 1765 1054 parvulus,
1789 987 1956 1042 veniat
1976 988 2046 1040 ad
2077 1003 2156 1043 mc

584 1072 794 1142 (Ibid).
830 1073 1122 1129 lmmolavit
1141 1074 1281 1130 enim
1331 1077 1585 1131 Dominus
1613 1080 1856 1132 victimas
1877 1119 1890 1143 ,
1919 1078 2153 1147 seipsum

579 1163 851 1219 offerendo
918 1180 1013 1233 pro
1064 1166 1238 1220 nobis.
1298 1166 1507 1221 Miscuit
1574 1168 1795 1237 vinum,
1854 1182 2152 1239 prmcepto-

578 1270 692 1309 rum
725 1272 938 1311 suorum
981 1259 1224 1324 poculum
1271 1275 1333 1313 ex
1380 1262 1686 1316 narratione
1712 1262 1961 1317 hist0rica
1994 1272 2047 1318 et
2076 1266 2153 1318 in-

579 1347 862 1418 telligentia
894 1348 1115 1417 spiritali
1145 1360 1572 1420 contemperans.
1612 1352 1761 1408 Unde
1791 1354 1923 1409 alias
1951 1354 2151 1409 dictum

576 1449 691 1492 est:
726 1438 875 1495 Catia:
920 1442 971 1495 in
1015 1459 1169 1496 manu
1211 1442 1442 1512 Domini,
1477 1446 1580 1499 vini
1620 1447 1765 1512 meri,
1801 1448 1980 1518 plenus
2007 1447 2036 1487 δ
2080 1460 2153 1505 est

575 1533 720 1586 misto
747 1531 913 1588 (Psal.
940 1551 1117 1599 Lxxtv,
1151 1534 1231 1604 9).
1267 1544 1289 1574 ο
1326 1537 1391 1590 Et
1443 1540 1617 1605 positit
1659 1554 1921 1607 mensam,
1971 1542 2021 1596 id
2071 1553 2154 1598 est

577 1622 904 1691 Scripturam
933 1642 1160 1691 sacram,
1192 1644 1311 1697 quae
1343 1628 1511 1685 fessos
1544 1631 1607 1684 ad
1636 1646 1695 1685 se
1718 1641 1879 1698 atque
1903 1648 1931 1687 a
1963 1635 2152 1690 steculi

577 1717 829 1772 oneribus
853 1719 1124 1774 venientes
1151 1734 1288 1789 pane
1313 1720 1465 1775 verbi
1520 1737 1617 1776 nos
1651 1723 1851 1789 reiicit,
1884 1734 1938 1779 et
1966 1737 2150 1780 contra

573 1812 909 1870 adversarios
934 1829 1029 1871 sua
1060 1816 1351 1875 refectione
1374 1837 1470 1875 nos
1499 1821 1733 1875 roborat.
1768 1821 1915 1877 Unde
1940 1830 1995 1877 et
2018 1824 2148 1880 alias

2257 619 2377 681 gata
2406 620 2549 677 sunt,
2578 612 2700 682 quia
2730 611 3005 668 incarnato
3059 615 3286 669 Domino
3330 614 3687 671 discordantia
3734 632 3830 675 sa-

2258 704 2515 759 cularium
2547 705 2703 761 corda
2754 707 3089 763 concorditer
3134 708 3379 763 credunt.
3420 707 3536 763 Jam
3564 709 3750 765 Petrus
3778 711 3829 768 in

2261 796 2397 850 mari
2426 796 2681 865 ambulat,
2715 798 2835 867 quia
2884 799 3132 853 nimirum
3164 800 3361 855 Christi
3405 801 3830 870 praedicatoribus

2257 886 2350 942 illa
2373 888 2638 957 quondam
2671 891 2869 945 tumida
2920 890 3104 945 humili
3134 893 3310 945 auditu
3332 890 3490 946 corda
3535 893 3829 950 substracta

2257 988 2382 1033 sunt
2410 990 2468 1035 ut
2495 991 2638 1037 recte
2681 982 2841 1036 etiam
2880 982 2930 1036 in
2958 983 3247 1052 Evangelia
3280 983 3434 1052 hujus
3473 984 3653 1038 mundi
3682 1000 3830 1040 man-

2256 1071 2591 1126 suetudinem
2628 1074 2932 1142 liguraverit
2955 1112 2970 1138 ,
3001 1074 3141 1143 quod
3177 1075 3470 1141 procelloso
3511 1074 3672 1128 maris
3696 1091 3829 1145 aqua

2257 1161 2464 1217 Domini
2496 1163 2735 1231 pedibus,
2758 1179 2943 1233 presso
2970 1174 3199 1233 tumore,
3223 1166 3422 1220 calcata
3449 1176 3553 1221 est.
3580 1165 3683 1223 Sed
3702 1183 3830 1239 quo-

2256 1267 2377 1307 nam
2407 1254 2564 1309 modo
2592 1255 2641 1309 id
2673 1266 2848 1310 actum
2878 1255 2947 1310 sit
2991 1257 3250 1324 aperitur,
3298 1257 3421 1312 dum
3470 1258 3660 1313 dicitur
3703 1275 3715 1313 :
3764 1258 3829 1314 Et

2257 1345 2524 1413 prudentia
2545 1350 2657 1417 ejus
2685 1349 2933 1418 percussit
2962 1349 3261 1417 superbum.

2327 1437 2415 1491 ιθ.
2442 1439 2584 1492 Deus
2606 1442 2790 1494 maluit
2816 1441 3093 1509 prudentia
3108 1450 3369 1512 percutere
3389 1441 3828 1513 diabolum,quam

2255 1533 2573 1603 fortitudine.
2602 1532 2987 1588 Incarnationis
3012 1536 3313 1589 oeconomia.
3339 1564 3407 1574 —
3450 1534 3581 1601 Quis
3617 1533 3703 1589 hic
3744 1552 3827 1589 su-

2191 1624 2197 1637 ’
2256 1626 2452 1695 perbus
2478 1625 2613 1680 alius
2629 1626 2946 1694 appellatur,
2974 1628 3073 1682 nisi
3102 1629 3189 1682 ille
3215 1628 3303 1699 qui
3333 1628 3465 1683 dixit
3500 1645 3514 1682 :
3547 1629 3826 1685 Asceudam

2255 1735 2410 1787 super
2447 1720 2773 1773 altitudinem
2804 1723 3035 1787 nubium,
3068 1721 3250 1776 similis
3278 1739 3364 1776 cro
3396 1723 3658 1778 Altissimo
3678 1723 3826 1793 (Isai.

2256 1827 2366 1878 xlv,
2396 1810 2521 1882 ll)?
2547 1812 2610 1865 Et
2640 1814 2705 1867 de
2731 1829 2836 1882 quo
2862 1829 2991 1869 voce
3022 1816 3111 1869 Dei
3143 1816 3337 1870 dicitur
3370 1833 3384 1868 :
3422 1815 3524 1881 Qui
3572 1818 3731 1884 factus
3760 1826 3826 1872 est

574 1906 638 1959 ab
671 1906 903 1961 Ecclesia
928 1907 1121 1963 dicitur
1152 1927 1163 1963 :
1204 1912 1426 1964 Posuisti
1474 1913 1525 1965 in
1553 1922 1822 1979 conspectu
1850 1931 1959 1968 nico
2009 1932 2142 1969 men-

2255 1911 2310 1953 ut
2331 1903 2526 1955 nullum
2567 1904 2779 1969 timeret,
2806 1914 2852 1956 et
2881 1905 2991 1973 ipse
3038 1915 3112 1958 est
3158 1922 3249 1960 rea:
3278 1904 3299 1945 ί
3328 1924 3481 1977 super
3500 1924 3669 1964 omnes
3698 1909 3825 1978 ﬁlios

574 2015 701 2063 sam,
732 2000 971 2053 adversus
997 2016 1079 2054 eos
1102 2001 1190 2072 qui
1221 2002 1461 2057 tribulam
1486 2019 1563 2057 me
1593 2002 1765 2074 (Psal.
1799 2018 1929 2070 xm,
1957 2003 2033 2076 5).
2061 2006 2152 2062 Μί-

572 2091 642 2144 sit
668 2091 885 2147 ancillas
932 2109 1092 2155 suas,
1141 2096 1501 2162 apostolorum
1552 2097 1797 2152 videlicet
1842 2099 2068 2165 animas,
2098 2101 2150 2155 in

573 2188 690 2255 ipso
726 2200 824 2239 suo
870 2186 1019 2240 initio
1070 2187 1330 2253 intirmas,
1358 2200 1412 2242 ut
1458 2200 1710 2243 vocarent
1755 2190 1822 2243 ad
1870 2205 2043 2245 arcem
2095 2200 2150 2248 et

571 2280 764 2333 moenia
794 2280 1044 2347 civitatis,
1075 2280 1101 2317 ά
1127 2281 1248 2350 quia
1280 2282 1403 2336 dum
1438 2283 1697 2337 iuternam
1747 2284 1909 2338 vitam
1939 2285 2148 2341 denun-

571 2368 721 2433 tiant,
752 2369 815 2423 ad
847 2371 952 2424 alta
976 2384 1075 2425 nos
1119 2376 1310 2427 tntenia
1360 2388 1605 2441 superna:
1636 2375 1870 2430 civitatis
1925 2377 2103 2431 lerant
2127 2422 2143 2449 ,

569 2474 684 2527 quin
740 2458 977 2530 profemo
1024 2466 1221 2518 tntnnia
1268 2464 1370 2520 nisi
1413 2465 1639 2521 humiles
1682 2484 1785 2521 non
1831 2471 2145 2529 ascendunt.

572 2553 719 2609 Unde
750 2555 857 2610 illic
884 2556 951 2611 ab
977 2556 1165 2612 eadem
1198 2558 1472 2624 Sapientia
1504 2560 1754 2615 subditur
1787 2580 1798 2613 :
1839 2560 1898 2615 Si
1921 2562 2033 2631 quis
2073 2571 2147 2617 est

568 2646 824 2714 paruulus,
855 2654 1019 2702 verrat
1044 2650 1113 2703 ad
1145 2666 1221 2702 me
1247 2649 1425 2717 (Prov.
1460 2668 1535 2716 ιι,
1564 2654 1644 2723 4).
1674 2654 1753 2707 Ac
1782 2655 1825 2707 si
1848 2664 2033 2723 aperte
2062 2656 2146 2710 di-

568 2741 651 2787 cat
699 2751 710 2785 :
744 2734 991 2803 Quisquis
1020 2752 1077 2791 se
1119 2737 1254 2806 apud
1289 2754 1347 2793 se
1378 2755 1625 2808 magnum
1655 2742 1907 2803 aestimat,
1942 2742 2142 2799 aditum

566 2826 666 2879 sibi
700 2828 801 2881 mei
849 2842 1097 2883 acce~sus
1126 2842 1411 2901 angustat,
1444 2834 1563 2900 quia
1595 2840 1740 2887 tanto
1778 2834 1842 2887 ad
1874 2850 1957 2889 me
1987 2836 2144 2892 altius

566 2918 901 2987 pertittgitur,
926 2931 1123 2989 quanto
1148 2922 1563 2994 uniuscujusque
1616 2940 1771 2995 mens
1797 2926 1935 2995 apud
1979 2942 2139 2983 seve-

567 3012 676 3066 rius
709 3012 1033 3069 humiliatur.

636 3101 780 3177 [νει.
812 3105 965 3179 Χγ.]
997 3106 1086 3163 4i.
1117 3107 1324 3162 Iudicia
1350 3109 1447 3162 Dei
1473 3125 1619 3164 nemo
1658 3120 1821 3179 potest
1868 3112 2138 3185 indagare.

566 3224 631 3239 -—-
666 3198 769 3253 Sed
802 3201 1127 3269 quantalibet
1156 3203 1382 3272 quisque
1415 3204 1609 3259 virtute
1634 3206 1894 3274 proficiat,
1917 3219 2140 3276 quanta-

566 3290 695 3346 libet
719 3294 940 3349 scientia
990 3307 1284 3365 excrescat,
1334 3308 1614 3365 penetrare
1644 3316 1748 3355 non
1793 3300 1989 3357 sufficit
2036 3321 2140 3373 quo

565 3398 661 3438 nos
703 3387 948 3441 conditor
993 3387 1357 3444 moderamine
1399 3391 1717 3461 judiciorum
1770 3402 1936 3463 regat.
1992 3396 2140 3451 Dicat

563 3490 688 3545 ergo
709 3495 719 3529 :
741 3476 1004 3534 Columna
1024 3478 1134 3533 caeli
1159 3484 1566 3553 contremiscunt,
1599 3496 1643 3540 et
1670 3497 1846 3554 pavent
1870 3490 1937 3541 ad
1962 3500 2139 3543 nolunt

564 3574 703 3643 ejus,
737 3573 854 3639 quia
887 3574 939 3626 in
973 3572 1239 3642 plerisque
1267 3592 1364 3632 nec
1393 3578 1489 3647 ipsi
1523 3581 1823 3650 pertingere
1849 3584 1915 3638 ad
1950 3585 2137 3640 volun-

563 3667 680 3720 tatis
702 3665 815 3735 ejus
838 3666 1206 3722 celsitudinem
1236 3672 1529 3740 prmvalent
1554 3675 1641 3743 qui
1675 3675 1912 3741 ejusdem
1948 3678 2139 3733 volun-

562 3761 680 3814 tatis
713 3761 929 3828 pra‘mia
954 3762 1326 3821 denuntiantes
1359 3767 1559 3823 vident.
1591 3770 1765 3839 Quod,
1799 3773 1943 3829 sicut
1973 3790 2136 3844 supe-

562 3852 669 3906 rius
690 3852 941 3920 diximus,
976 3854 1041 3909 de
1068 3858 1264 3911 sanctis
1290 3875 1499 3929 quoque
1525 3863 1725 3932 angelis
1756 3864 1827 3917 nil
1856 3865 2032 3919 obstat
2057 3867 2136 3921 in-

564 3942 757 4013 tclligi,
795 3945 918 4015 quia
965 3946 1093 4014 ipsa:
1145 3964 1356 4018 quoque
1406 3952 1628 4007 virtutes
1669 3955 1986 4023 uelesdum,
2020 3973 2138 4027 qua:

529 4034 701 4089 ‘lume
730 4036 847 4090 sine
894 4040 1190 4095 cessatione
1220 4044 1569 4111 conspiciunt,
1607 4047 1657 4099 in
1707 4049 1817 4117 ipsa
1866 4066 1959 4105 sua
2008 4066 2139 4106 con-

560 4127 900 4196 templatione
929 4133 1364 4192 contremiscunt.
1397 4136 1501 4191 Sed
1532 4138 1699 4194 isdem
1736 4150 1937 4197 tremor
1964 4160 2031 4201 ne
2055 4147 2135 4201 eis

559 4220 780 4285 pwnalis
803 4221 892 4286 sit,
928 4238 1032 4277 non
1066 4224 1269 4280 timoris
1315 4238 1422 4293 est,
1459 4230 1550 4285 sed
1582 4232 1969 4295 admirationis.
2003 4239 2134 4305 Quia

557 4325 686 4365 vero
730 4322 960 4377 quantus
1026 4332 1192 4385 pavor
1240 4319 1309 4373 sit
1356 4306 1719 4379 admirationis
1764 4328 1876 4395 ejus
1922 4329 2132 4403 intulit,

557 4420 695 4458 nuttc
724 4406 961 4469 ordinem
986 4417 1183 4464 nostra:
1212 4412 1395 4474 salutis
1426 4426 1622 4468 narrat.
1650 4417 1905 4487 Sequitur
1935 4440 1947 4477 :

910 4497 1133 4553 CAPUT
1164 4498 1311 4554 xxx
1343 4502 1487 4573 [περ.
1526 4504 1774 4579 XVIII].

629 4588 788 4642 Vsus.
834 4588 921 4643 12.
962 4621 1030 4632 -
1076 4591 1140 4645 1η
1186 4596 1483 4670 fortitudine
1524 4600 1662 4654 illius
1718 4616 1923 4670 repente
1968 4611 2133 4664 maria

2252 1992 2503 2062 superbia:
2526 1992 2671 2062 (Job.
2705 2009 2809 2055 xu,
2831 1994 2945 2064 25).
2984 1996 3056 2050 De
3077 2012 3181 2065 quo
3208 1998 3365 2052 etiam
3400 2000 3525 2055 huic
3547 2003 3816 2055 sententia:

2252 2083 2414 2153 552
2451 2084 2610 2138 David
2643 2088 2896 2155 propheta
2926 2089 3233 2153 concordat,
3265 2089 3450 2144 dicens
3484 2108 3497 2144 :
3550 2090 3627 2144 Tu
3654 2092 3815 2145 lttnnié

2249 2177 2419 2249 liasti,
2454 2178 2585 2230 sicut
2615 2178 2970 2246 unlneratum,
3016 2182 3286 2251 superbum
3321 2180 3511 2253 (Psal.
3563 2200 3824 2251 Lxxxvm,

2251 2271 2310 2323 il
2341 2270 2381 2339 ).
2416 2271 2519 2327 Sed
2561 2273 2801 2340 quamvis
2847 2271 3081 2343 simplici
3128 2285 3336 2329 naturae
3385 2275 3679 2331 divinitatis
3727 2295 3826 2334 nou

2249 2363 2319 2415 sit
2345 2362 2486 2417 aliud
2516 2378 2669 2431 esse,
2700 2375 2754 2419 et
2785 2366 2926 2421 aliud
2960 2382 3171 2435 sapere,
3206 2385 3304 2425 nec
3335 2369 3476 2423 aliud
3528 2388 3732 2442 sapere,
3776 2381 3827 2449 et

2248 2454 2389 2509 aliud
2435 2455 2631 2511 fortem
2681 2475 2827 2525 esse,
2869 2461 3065 2530 quippe
3094 2463 3217 2531 quia
3270 2465 3379 2531 ipsa
3428 2465 3685 2521 fortitudo
3714 2455 3831 2536 quoi

2248 2550 2537 2618 sapientia,
2568 2561 2621 2605 et
2667 2552 2777 2618 ipsa
2811 2554 3067 2621 sapientia
3099 2571 3217 2621 qua:
3257 2557 3554 2612 divinitatis
3599 2562 3826 2616 essentia

2247 2653 2354 2710 est,
2386 2645 2665 2714 vigilanter
2711 2654 2890 2699 tamen
2944 2647 3256 2703 intuendum
3309 2660 3433 2719 puto
3457 2652 3597 2720 quod
3630 2652 3709 2705 vir
3734 2656 3826 2707 iste

2250 2737 2560 2805 prephetico
2591 2738 2776 2806 plenus
2833 2738 3023 2808 spiritu
3078 2743 3364 2810 superbum
3398 2744 3665 2798 diabolum
3700 2761 3823 2813 pru-

2246 2830 2427 2883 dentia
2458 2830 2551 2884 Dei
2579 2832 2754 2897 potius
2787 2832 2972 2885 maluit
2998 2832 3180 2889 dicere
3200 2850 3355 2903 quam
3379 2835 3686 2891 fortitudine
3710 2853 3825 2893 esse

2246 2934 2587 2988 percussum.
2620 2919 2733 2975 Non
2763 2922 2905 2977 enim
2961 2924 3035 2977 ait
3092 2924 3363 2989 fortitudo,
3400 2927 3494 2980 sed
3550 2928 3821 2995 prudentia

2245 3011 2363 3082 ejus
2399 3014 2660 3081 percussit
2681 3013 2994 3082 superbum.
3020 3014 3151 3068 Nam
3189 3031 3454 3087 quamvxs,
3474 3019 3825 3075 sicutdictunt

2244 3114 2368 3168 est,
2412 3111 2633 3172 propter
2663 3113 2905 3158 naturam
2956 3105 3398 3174 simplicem,Dei
3444 3109 3697 3164 fortitudo
3746 3126 3826 3165 sa-

2246 3194 2445 3261 pientia
2468 3197 2559 3259 sit,
2597 3196 2852 3250 Dominus
2884 3208 3061 3254 tamen
3105 3199 3405 3267 diabolum,
3456 3214 3711 3273 quantum
3760 3206 3825 3260 ad

2167 3286 2212 3349 ο
2245 3284 2437 3341 faciem
2482 3290 2718 3356 spectat,
2749 3305 2850 3344 non
2881 3291 3118 3358 virtute;
3136 3292 3231 3347 sed
3279 3295 3487 3350 ratione
3534 3300 3820 3367 superavit.

2245 3378 2364 3448 lpse
2391 3394 2621 3449 namque
2646 3381 2887 3437 diabolus
2911 3384 2961 3437 in
2986 3384 3073 3438 illa
3096 3399 3192 3440 nos
3212 3389 3446 3454 parentis
3473 3391 3627 3458 primi
3650 3392 3824 3446 radice

2244 3473 2613 3542 supplantans,
2646 3473 2745 3530 sub
2772 3476 3075 3544 captivitate
3127 3491 3223 3531 sua
3266 3480 3415 3547 quasi
3458 3479 3606 3550 juste
3656 3476 3822 3536 tenuit

2243 3564 2543 3629 hominem,
2596 3566 2710 3633 qui,
2738 3565 2910 3621 libero
2959 3567 3179 3622 arbitrio
3234 3570 3501 3637 conditus,
3535 3574 3581 3627 ei
3634 3574 3823 3639 injusta

2242 3655 2488 3711 suadenti
2511 3659 2805 3711 consensit.
2838 3659 2917 3713 Ad
2945 3658 3103 3713 vitam
3134 3676 3363 3731 namque
3393 3665 3646 3719 conditus
3679 3668 3728 3720 in
3759 3667 3821 3721 li-

2244 3749 2455 3805 bertate
2487 3751 2719 3819 propriae
2750 3751 3057 3820 voluntatis,
3085 3762 3277 3822 sponte
3306 3771 3399 3811 sua
3424 3756 3609 3831 factus~
3628 3769 3709 3814 est
3732 3760 3823 3816 de-

2241 3842 2381 3898 bitor
2410 3844 2621 3898 mortis.
2655 3843 2887 3900 Delenda
2945 3862 3071 3917 ergo
3105 3858 3220 3902 erat
3255 3850 3372 3904 talis
3397 3850 3573 3918 culpa,
3607 3853 3699 3907 sed
3722 3852 3821 3907 nisi

2241 3953 2336 4007 per
2361 3937 2684 3992 sacriﬁcium
2716 3939 2883 3995 deleri
2916 3954 3019 3993 non
3055 3950 3280 4009 peierat.
3315 3945 3674 4009 Quaarendutu
3706 3952 3818 3999 erat

2240 4029 2585 4107 sacriﬁcium,
2619 4031 2712 4086 sed
2744 4033 2898 4101 quale
2928 4033 3247 4089 sacrificium
3283 4045 3490 4103 poterat
3522 4054 3617 4106 pro
3641 4036 3818 4093 absol-

2238 4122 2429 4177 vendis
2461 4122 2769 4179 hominibus
2799 4124 3066 4180 inveniri?
3096 4126 3276 4197 Neque
3299 4129 3443 4183 enim
3486 4130 3688 4200 justum
3721 4133 3819 4185 fuit

2241 4223 2298 4268 ut
2329 4230 2426 4283 pro
2454 4215 2702 4270 rationali
2725 4216 2942 4276 homine
2966 4220 3240 4278 brutorum
3263 4222 3572 4276 animalium
3590 4224 3815 4278 victimae

2237 4306 2591 4362 caederentur.
2626 4306 2776 4365 Unde
2806 4313 2880 4365 ait
2920 4314 3201 4380 Apostolus
3237 4332 3251 4369 :
3303 4313 3524 4371 Necesse
3571 4328 3647 4371 est
3701 4335 3817 4389 ergo

2236 4400 2550 4467 exemplaria
2577 4402 2849 4455 calestium
2875 4404 2952 4457 his
2982 4392 3221 4458 mandari
3241 4446 3256 4472 ,
3278 4406 3389 4477 ipsa
3412 4410 3581 4462 autem
3604 4411 3817 4463 caelestia

2237 4489 2422 4546 hostiis
2451 4509 2608 4565 quam
2636 4494 2746 4546 istis
2778 4492 2964 4564 (Hebr.
2996 4513 3070 4561 ix,
3098 4496 3214 4567 ὦ).
3259 4496 3396 4567 Ergo
3427 4501 3472 4555 si
3513 4500 3665 4557 bruta
3705 4501 3816 4555 ani-

2239 4586 2394 4639 malia
2428 4594 2642 4654 propter
2671 4585 2930 4642 rationale
2958 4589 3176 4655 animal,
3215 4590 3267 4644 id
3315 4599 3398 4647 est
3436 4608 3531 4661 pro
3581 4594 3810 4659 homine,

553 4670 856 4732 congregata
884 4672 1023 4726 sunt,
1050 4673 1096 4715 et
1119 4667 1391 4730 prudentia
1421 4672 1530 4739 ejus
1559 4667 1805 4740 percussit
1836 4681 2129 4747 superbum.
2164 4670 2218 4731 D
2244 4676 2419 4747 dignae
2443 4677 2674 4732 victimae
2701 4695 2807 4734 non
2839 4680 3069 4744 fuerunt,
3103 4681 3453 4750 requirendus
3493 4694 3610 4739 erat
3653 4685 3810 4739 homo

747 4749 1112 4808 lncaruatieue
1141 4754 1349 4810 Domini
1377 4764 1597 4815 mundus
1619 4779 1790 4833 presso
1822 4775 2016 4824 tumore
2039 4774 2131 4825 do-

553 4843 722 4897 mitas.
754 4868 823 4885 -ι-
871 4845 1006 4911 Quid
1057 4846 1199 4900 aliud
1251 4850 1412 4904 maris
1442 4854 1658 4909 nomine
1687 4872 1843 4925 quam
1897 4876 2131 4928 praesens

552 4937 806 4991 sa'culum
836 4937 1170 5008 designatur,
1204 4942 1256 4995 in
1286 4958 1393 5012 quo
1422 4945 1579 5000 corda
1613 4947 1884 5005 hominum
1920 4962 2130 5011 terrena

552 5030 906 5095 quaerentium
937 5031 1163 5088 diversis
1199 5034 1575 5105 cogitationum
1607 5040 1854 5097 fluctibus
1897 5046 2127 5102 intume-

549 5120 739 5174 scunt?
767 5120 859 5190 qui
881 5121 1111 5178 elatione
1140 5126 1403 5194 superbire
1434 5130 1708 5197 concitati,
1759 5132 1882 5188 dum
1924 5136 2130 5194 alterna

550 5213 845 5270 intentione
873 5230 931 5272 se
954 5216 1232 5287 impetum,
1261 5222 1411 5289 quasi
1456 5232 1479 5260 ο
1520 5226 1835 5283 adversante
1881 5244 1940 5286 se
1988 5233 2126 5289 unda

618 5401 641 5428 ι
676 5394 699 5448 ί
734 5392 924 5460 Laud.,
952 5406 1007 5450 ut
1036 5410 1254 5455 vocaret.

618 5462 644 5500 δ
672 5464 885 5541 Plurimi
914 5467 1039 5524 Mss.
1070 5483 1253 5525 carent
1284 5472 1448 5528 verbo
1474 5485 1564 5529 est.

620 5535 888 5620 C‘North,
946 5554 991 5593 et
1053 5546 1319 5620 pr0po_sut't
1374 5561 1637 5620 mensam,
1699 5547 1841 5620 quod
1912 5567 2126 5610 sacrum

476 5673 489 5685 ,ν
547 5615 1143 5685 ιωςῑυιιιῌηθρι-δξδθῃωι
1163 5614 1227 5669 ad
1253 5614 1527 5670 amussim.

482 5682 489 5751 ς
548 5750 582 5762 Λ
613 5677 639 5715 α
688 5677 1147 5762 Εάἱρζρηὶακάωη
1187 5695 1455 5762 retentam,
1482 5687 1607 5743 Mss.
1640 5688 1837 5746 Turon.
1862 5732 1878 5757 ,
1926 5693 2118 5762 Laud.,

545 5750 754 5837 Eleum,
781 5750 942 5809 Corb.
975 5753 1183 5825 Greut.,
1216 5750 1588 5829 Norm.,'etc.,
1620 5750 1876 5819 internum
1922 5782 2033 5837 pra:
2059 5750 2121 5824 se

446 5860 451 5861 κ
546 5820 857 5887 ferentibus.

619 5890 642 5931 δ
672 5892 875 5957 Tum;
901 5903 958 5955 σι
986 5894 1220 5965 Ome;
1251 5899 1541 5956 adversatiti
1569 5916 1620 5960 te
1652 5908 1829 5972 inulte;
1860 5908 1894 5963 ’ἒ
1925 5908 2118 5976 Lauda.

2234 4771 2323 4839 qui
2358 4785 2453 4838 pro
2492 4771 2796 4828 hominibus
2829 4773 3006 4828 offerri
3039 4772 3331 4841 debuisset,
3368 4786 3425 4829 ut
3448 4791 3543 4844 pro
3570 4774 3811 4831 rationali

2236 4876 2494 4933 peccante
2520 4866 2795 4922 rationalis
2821 4866 2993 4920 hostia
3014 4874 3357 4921 mactaretur.
3383 4866 3488 4923 Sed
3510 4868 3654 4939 quid,
3671 4867 3811 4938 quod

2237 4957 2400 5013 homo
2431 4960 2547 5012 sine
2578 4967 2794 5027 peccato
2818 4958 3041 5013 inveniri
3066 4974 3170 5012 non
3195 4967 3419 5027 poterat,
3444 4969 3497 5014 et
3519 4961 3692 5016 oblata
3716 4976 3811 5030 pro

2235 5052 2388 5106 nobis
2420 5051 2591 5105 hostia
2640 5051 2855 5119 quando
2899 5066 2998 5104 nos
3023 5065 3052 5104 a
3086 5059 3302 5120 peccato
3331 5052 3587 5106 mundare
3615 5053 3812 5121 potuis-

2242 5151 2346 5210 set,
2377 5141 2424 5198 si
2452 5143 2562 5211 ipsa
2595 5142 2767 5198 hostia
2800 5152 2825 5190 8
2878 5142 3079 5212 peccati
3127 5143 3371 5212 contagio
3418 5158 3521 5197 non
3565 5141 3810 5199 careret?

2236 5235 2517 5306 inquinata
2546 5240 2743 5307 quippe
2768 5234 3075 5307 inquinatos
3103 5236 3364 5293 mundare
3389 5228 3493 5293 non
3525 5237 3808 5308 potuisset.

2238 5416 2560 5472 adversantes
2581 5432 2634 5471 se
2663 5417 2837 5485 undae,
2869 5417 3009 5485 quod
3031 5418 3189 5472 etiam
3222 5415 3399 5473 habet.
3433 5416 3631 5473 Bellov.

2311 5485 2333 5527 ‘
2363 5487 2499 5543 Utic.
2532 5498 2585 5543 et
2615 5488 2724 5553 alii,
2782 5504 2933 5558 super
2954 5490 3229 5543 universos.

2310 5560 2568 5615 B'Unmes
2601 5561 2726 5613 Mss.
2762 5560 2928 5613 nostri
2975 5558 3170 5613 habent
3224 5560 3417 5625 peccati
3441 5559 3705 5628 contagio,
3756 5558 3809 5614 in

2230 5630 2416 5711 primis
2442 5630 2841 5711 Corb.__Gertu.,
2880 5630 3156 5711 Certum»,
3184 5641 3292 5685 tres
3327 5630 3511 5711 _ll_e_g.ii,
3561 5629 3806 5711 Belvac...

2230 5701 2339 5756 duo
2361 5702 2559 5767 -Laud.,
2592 5703 2797 5767 Norm.,
2832 5714 2934 5757 etc.
2974 5701 3091 5758 Vel.
3117 5711 3293 5756 autem
3324 5701 3597 5771 Editiones
3617 5701 3805 5771 peccati

2227 5776 2553 5845 contagione.
2596 5791 2659 5829 ex
2707 5791 2811 5844 quo
2841 5781 3092 5843 corrupte
3136 5773 3349 5846 irrepsit
3402 5774 3454 5829 in
3504 5769 3801 5829 GusSanvil.

2225 5848 2420 5916 peccati
2446 5849 2770 5917 cogitatione.
