4044 6346
208 397 267 453 53
1012 388 1371 447 MORALIUM
1414 387 1543 446 LIB.
1586 385 1747 442 XVII.
1787 413 1853 426 —
1894 383 1960 439 IN
1999 383 2224 441 CAPUT
2265 381 2433 440 XXIV
2474 386 2533 440 Β.
2574 380 2718 439 108.
3404 379 3473 433 δι

210 510 335 581 Ergo
364 517 425 563 ut
454 506 740 565 rationalis
790 512 934 562 esset
983 505 1177 571 hostia,
1225 504 1387 560 homo
1435 504 1608 558 fuerat
1654 500 1782 554 oll'e-
1810 501 1861 600 ,θ
1887 499 2009 571 pleti
2039 510 2157 554 sunt
2183 515 2358 554 omnes
2388 498 2593 567 Spiritu
2617 503 2814 562 sancto,
2842 499 2892 549 et
2918 500 3176 563 coeperunt
3210 491 3348 560 loqui
3387 506 3475 545 oa-

212 606 415 665 rendus,
435 614 495 657 ut
523 618 654 657 vero
702 618 732 656 a
780 601 1014 671 peccatis
1061 598 1343 653 mundaret
1374 597 1790 657 liominem,ho-
1828 597 1841 677 Ἰ

213 712 306 759 nio,
336 705 389 749 et
416 696 538 749 sine
565 705 801 762 peccato.
836 690 943 747 Sed
972 704 1090 759 quis
1119 699 1263 745 esset
1294 689 1414 743 sine
1444 695 1663 755 peccato
1694 686 1790 737 IlO-

215 805 318 852 mo,
348 788 395 842 si
426 804 491 841 ex
538 787 745 857 peccati
795 784 1170 840 commistione
1214 779 1609 836 descenderet?
1662 779 1789 832 ιντο.

215 883 325 937 inde
355 881 504 935 venit
535 891 756 949 propter
777 892 876 932 nos
903 877 954 931 iu
986 886 1196 930 uterum
1228 872 1449 943 virginis
1478 872 1645 926 Filius
1673 871 1785 935 Dei,

214 976 274 1030 ibi
305 990 404 1044 pro
455 972 808 1027 nobislactus
830 977 908 1024 est
948 969 1128 1021 homo.
1178 966 1396 1034 Sumpta
1452 973 1533 1017 est
1580 962 1649 1017 ab
1699 962 1789 1015 illo

212 1080 411 1137 natura,
444 1084 553 1122 non
578 1053 953 1136 culpaJFccit
977 1078 1072 1132 pro
1101 1061 1253 1116 nobis
1298 1058 1643 1121 sacriﬁcium,
1668 1072 1789 1111 cor-

212 1176 298 1232 pus
343 1178 504 1216 suum
548 1161 787 1215 exhibuit
829 1175 924 1227 pro
954 1159 1321 1230 peccatoribus
1352 1158 1625 1212 victimam
1675 1156 1789 1209 sine

211 1260 450 1323 peccato,
482 1266 605 1319 quae
633 1251 1037 1323 et_humanitate
1068 1250 1233 1311 mori,
1266 1257 1320 1303 et
1343 1248 1549 1315 justitia
1582 1256 1605 1283 τι
1639 1262 1792 1300 mun-

211 1319 327 1399 dare
367 1319 738 1415 po:uisset./[
759 1342 873 1398 Vet.
922 1341 1122 1414 ΧΠ]
1175 1342 1324 1395 Ilunc
1363 1356 1491 1410 ergo
1519 1356 1637 1394 cum
1672 1347 1792 1406 post

210 1440 469 1510 baptisma
506 1438 642 1492 vidit
682 1437 933 1505 antiquus
979 1436 1187 1501 hostis,
1240 1450 1361 1489 mox
1411 1433 1792 1489 tentationibus

210 1534 451 1603 impetiit,
481 1542 540 1588 et
566 1548 658 1600 per
686 1531 925 1586 diversos
956 1530 1127 1584 aditus
1154 1528 1218 1582 ad
1245 1529 1502 1583 interiora
1530 1528 1647 1594 ejus
1678 1541 1792 1581 mo-

209 1626 320 1680 litus
341 1623 371 1663 ιι
397 1624 851 1691 irrepere,victus
880 1630 983 1686 est,
1015 1628 1176 1688 atque
1208 1618 1322 1686 ipsa
1358 1629 1379 1657 ι·
1406 1617 1789 1686 inexpugnabi-

209 1718 267 1771 lis
289 1716 486 1771 mentis
508 1715 626 1783 ejus
647 1714 952 1784 integritate
975 1719 1271 1781 prostratus
1299 1709 1476 1780 (Matt.
1502 1710 1614 1771 tv,l
1636 1693 1787 1779 καλ).

270 1811 356 1865 47.
384 1808 640 1862 Diabolus
662 1808 854 1878 frustra
877 1816 1064 1859 tentato
1079 1804 1287 1858 interius
1300 1803 1638 1869 Citristo,eum
1656 1814 1793 1856 exte-

1891 595 1982 647 riis
2020 594 2227 663 linguis,
2280 602 2430 664 prout
2479 590 2709 661 Spiritus
2737 599 2944 643 sanctus
2974 587 3129 663 dabat
3176 583 3344 656 eloqui
3368 584 3475 638 illis

1891 684 2026 754 (Act.
2053 700 2111 748 ιι,
2153 683 2233 757 2).
2262 683 2338 738 Ex
2367 699 2431 739 eo
2460 699 2588 753 ergo
2619 690 2937 754 acceperunt
2964 686 3275 736 ornamenta
3305 676 3477 731 virtu-

1891 778 1981 842 tis,
2016 793 2149 846 quos
2174 779 2434 833 immensa
2462 787 2586 831 ante
2634 775 2942 846 possederat
2985 772 3198 829 fmditas
3247 769 3471 826 timoris.

1891 868 2102 926 Scimus
2137 870 2301 932 enim,
2340 871 2361 908 ί
2409 870 2498 925 ille
2545 869 2927 937 apostolorum,
2982 865 3034 920 id
3084 873 3165 919 est
3215 864 3474 920 caelorum

1891 965 2119 1030 primus,
2150 969 2276 1016 ante
2305 968 2578 1028 acceptam
2611 959 2766 1028 hujus
2810 957 3038 1027 Spiritus
3069 956 3316 1025 gratiam,
3346 966 3476 1024 quo-

1889 1054 1990 1108 ties
2021 1053 2145 1108 dum
2178 1055 2313 1107 mori
2360 1052 2554 1117 timuit,
2587 1052 2749 1104 vitam
2781 1049 3013 1117 negavit.
3055 1047 3155 1114 Qui
3198 1061 3302 1099 non
3354 1058 3473 1111 pm-

1892 1147 2002 1211 nis,
2034 1161 2139 1200 non
2179 1144 2579 1209 afﬂictionibus,
2611 1156 2716 1197 non
2748 1139 2971 1195 terribili
2995 1146 3255 1206 potestate
3285 1134 3478 1201 cujus-

1893 1257 2077 1313 quam,
2110 1242 2204 1296 sed
2253 1240 2413 1294 unius
2466 1237 2717 1306 mancipii
2758 1236 2873 1290 sola
2928 1242 3011 1288 est
3066 1229 3480 1299 interrogatione

1893 1340 2211 1401 prostratus.
2245 1338 2270 1376 κ
2302 1327 2369 1383 Ει
2397 1328 2612 1397 quidem
2647 1324 2966 1395 mancipium
2998 1336 3063 1376 ne
3088 1334 3251 1376 sexus
3280 1319 3481 1372 ﬁrmior

1893 1421 2137 1477 terribile
2163 1422 2581 1484 demonstraret,
2623 1417 2815 1473 ancilla
2865 1422 2949 1470 est
2975 1414 3277 1482 inquirente
3309 1410 3481 1465 teut’a-

1893 1526 1979 1571 tus
2008 1515 2219 1587 (Matth.
2249 1531 2399 1579 uin,
2428 1516 2540 1584 70).
2574 1511 2887 1581 Rursusque
2914 1517 2975 1564 ut
3006 1508 3124 1561 talis
3147 1519 3305 1560 sexus
3330 1502 3481 1557 iuﬂr-

1894 1610 2051 1663 mitas
2076 1610 2236 1663 etiam
2287 1607 2449 1661 ofﬁcii
2488 1608 2569 1661 sui
2610 1603 2912 1674 dejectione
2940 1601 3244 1664 vilesceret,
3279 1611 3383 1652 non
3414 1596 3481 1651 ab

1897 1702 2087 1755 ancilla
2132 1698 2526 1762 tantummodo,
2555 1696 2650 1752 sed
2697 1696 2764 1751 ab
2794 1694 3010 1749 ostiaria
3040 1699 3124 1748 est
3153 1689 3346 1745 ancilla
3388 1702 3477 1741 re-

1896 1794 2127 1864 quisitus
2161 1791 2343 1863 (Joan.
2370 1789 2663 1860 xvut,25).
2714 1789 2854 1844 Ecce
2902 1801 3062 1857 quam
3114 1784 3241 1839 vilis
3278 1790 3361 1837 est
3410 1779 3477 1834 ad

209 1900 307 1952 rius
322 1914 568 1969 agressus
584 1874 676 1951 est.
705 1895 897 1951 —-Sed
923 1896 1010 1965 qui
1034 1896 1097 1950 ad
1123 1896 1375 1949 interiora
1398 1909 1502 1949 non
1528 1894 1710 1959 valuit,
1728 1894 1796 1947 ad
1824 1880 1873 1941 Β
1901 1885 2211 1940 tentandum
2254 1898 2482 1953 persona
2512 1882 2786 1950 requisita,
2835 1889 2895 1934 ut
2939 1888 3124 1947 aperte
3147 1874 3485 1946 proderetur

209 1993 317 2063 ejus
348 1992 717 2047 se'exteriora
766 1992 1052 2058 convertit,
1085 1997 1143 2044 ut
1188 1990 1312 2059 quia
1357 1989 1552 2043 mentis
1602 1989 1795 2043 virtute

212 2086 372 2139 rictus
398 2093 507 2148 est,
526 2099 651 2139 eum
677 2097 837 2152 quem
864 2081 1111 2151 decipere
1134 2081 1432 2136 tentatione
1458 2094 1561 2134 non
1592 2078 1795 2145 valuit,

213 2178 385 2230 carnis
418 2176 613 2229 saltem
660 2175 933 2228 videretur
983 2182 1153 2227 morte
1196 2187 1474 2242 superare,
1527 2181 1707 2241 atque,
1740 2179 1797 2226 ut

208 2279 325 2323 ante
383 2284 483 2323 nos
537 2269 738 2322 dictum
784 2280 897 2331 eat,
932 2267 1226 2335 permissus
1274 2275 1354 2320 est
1398 2266 1452 2321 in
1506 2266 1632 2321 illud
1655 2265 1795 2336 quod

208 2374 271 2416 ex
312 2361 471 2415 nobis
533 2359 853 2415 mortalibus
901 2357 1157 2413 Mediator
1200 2366 1499 2427 acceperat.
1554 2358 1658 2414 Sed
1708 2358 1797 2413 ubi

211 2456 378 2524 potuit
434 2453 636 2524 aliquid
685 2451 886 2518 facere,
915 2453 1009 2506 tibi
1045 2467 1109 2506 ex
1162 2453 1305 2507 omni
1355 2462 1509 2522 parte
1559 2451 1799 2506 devictus

214 2557 326 2613 est;
386 2557 443 2601 et
470 2545 614 2600 unde
636 2546 841 2612 accepit
864 2545 1104 2623 exterius
1143 2553 1465 2613 potestatem
1502 2542 1797 2598 Dominicae

215 2640 387 2696 carnis
417 2638 755 2699 occidendae,
783 2635 910 2690 inde
936 2636 1154 2689 interior
1181 2645 1418 2703 potestas
1438 2636 1553 2705 ejus
1575 2650 1680 2705 qua
1702 2649 1800 2690 nos

215 2732 425 2788 tenebat
472 2729 654 2784 occisa
680 2737 780 2784 est.
808 2728 924 2795 Ipse
952 2741 1181 2797 namque
1203 2728 1425 2781 interius
1456 2726 1631 2781 victus
1664 2735 1754 2781 est
1780 2766 1795 2790 ,

216 2829 334 2884 dum
366 2828 523 2896 quasi
558 2825 685 2880 vicit
710 2827 979 2888 exterius;
1010 2836 1063 2879 et
1113 2828 1200 2894 qui
1238 2839 1334 2879 nos
1364 2825 1485 2893 jure
1532 2824 1803 2879 debitores

218 2920 405 2976 mortis
436 2919 636 2985 tenuit,
659 2917 779 2986 jure
809 2917 860 2969 in
891 2916 1044 2970 nobis
1068 2916 1155 2984 jus
1184 2915 1343 2986 553
1387 2915 1573 2969 mortis
1597 2914 1801 2982 amisit,

221 3014 335 3082 quia
383 3026 480 3078 per
525 3009 783 3063 satellites
828 3024 954 3062 suos
1002 3008 1118 3077 ejus
1167 3022 1381 3062 carnem
1438 3008 1803 3076 perimendam

222 3104 461 3172 oppetiit,
489 3102 542 3154 in
572 3116 676 3169 quo
704 3101 775 3153 nil
803 3115 868 3154 ex
890 3099 1058 3169 culpae
1087 3099 1268 3153 debito
1292 3100 1512 3155 invenit.
1545 3102 1803 3157 Dominus

222 3212 342 3267 ergo
371 3204 563 3251 noster
586 3210 682 3263 pro
709 3196 863 3248 nobis
914 3204 1140 3248 mortem
1189 3194 1348 3249 solvit
1405 3194 1716 3261 indebitam,
1746 3203 1805 3250 ut

219 3263 369 3343 nobis
396 3301 547 3342 mars
575 3285 752 3341 debita
780 3301 884 3339 non
915 3294 1148 3340 noceret.
1195 3284 1338 3339 Bene
1393 3286 1571 3355 itaque
1603 3286 1802 3341 dictum
1833 3263 1881 3328 Ο

218 3391 297 3435 est
324 3399 339 3435 :
374 3379 674 3433 Prudentia
695 3382 806 3450 ejus
834 3379 1077 3447 percussit
1100 3378 1394 3448 superbum,
1419 3380 1538 3448 quia
1559 3383 1808 3449 antiquus

222 3476 393 3532 hostis
421 3491 521 3545 per
550 3490 833 3531 excessum
866 3474 1297 3544 praesumptionis
1337 3488 1445 3526 suae
1477 3488 1597 3527 cum
1648 3473 1809 3528 etiam

224 3569 461 3639 perdidit
489 3584 649 3639 quem
679 3568 874 3638 iniqua:
904 3567 1264 3637 persuasionis
1306 3566 1420 3637 lege
1462 3566 1727 3635 possedit;
1758 3574 1812 3620 et

228 3662 353 3717 dum
384 3662 647 3717 audacter
668 3675 787 3715 eum
816 3659 870 3713 in
910 3674 1014 3730 quo
1042 3658 1170 3714 nihil
1204 3658 1304 3712 sibi
1351 3659 1686 3727 competebat
1714 3672 1810 3726 ap-

226 3756 401 3824 petiit,
431 3755 557 3824 jure
588 3752 737 3807 iltum
768 3765 928 3821 quem
977 3751 1129 3822 quasi
1177 3751 1322 3819 juste
1352 3750 1565 3804 tenebat
1610 3749 1807 3804 amisit.

231 3850 524 3905 Prudentia
554 3848 734 3917 itaque
764 3861 868 3902 non
897 3847 1095 3902 virtute
1120 3860 1405 3916 percussus
1433 3853 1537 3911 est,
1566 3843 1657 3913 qui
1687 3843 1814 3898 dum

230 3945 293 3996 ad
323 3941 645 3998 tentandum
679 3940 1123 4005 Deumsolvitur,
1159 3940 1226 3993 ab
1252 3941 1466 3993 homine
1493 3936 1816 4005 possidendo

231 4035 513 4105 religatur,
542 4043 601 4088 ut
629 4033 753 4088 inde
780 4048 902 4087 eum
951 4032 1041 4101 qui
1086 4032 1185 4086 sub
1233 4031 1349 4099 ipso
1394 4039 1509 4085 erat
1540 4032 1815 4099 perderet,

232 4128 372 4181 unde
400 4142 523 4181 cum
547 4126 637 4181 illo
659 4127 745 4195 qui
772 4139 932 4195 super
955 4126 1125 4195 ipsum
1150 4123 1498 4194 estcongredi
1525 4138 1818 4193 prrcsump-

234 4220 415 4277 sisset.
448 4220 641 4275 Occiso
667 4228 844 4274 autem
873 4234 1034 4274 carne
1068 4219 1313 4283 Domino,
1343 4233 1462 4287 quae
1494 4217 1819 4286 praedicato-

236 4330 319 4371 res
348 4316 468 4386 ejus
496 4316 750 4369 virtutum
799 4314 967 4383 gloria
1012 4314 1082 4367 sit
1128 4321 1308 4368 secuta
1332 4352 1346 4377 ,
1395 4321 1666 4377 narratur,
1696 4324 1817 4366 cum

238 4410 481 4465 subditur
517 4427 530 4463 :

594 4486 816 4557 CAPUT
871 4498 1036 4554 XXXI
1088 4498 1237 4573 meo.
1284 4495 1468 4567 m1.

418 4593 583 4648 Vens.
621 4592 706 4647 15.
734 4622 806 4634 -
840 4593 1061 4663 Spiritus
1099 4594 1209 4663 ejus
1248 4590 1445 4645 ornavit
1472 4589 1639 4644 ccelos.

311 4689 404 4746 48.
470 4688 757 4759 Inﬁrmitas
812 4687 1162 4757 apostolorum
1218 4701 1491 4748 eorumque
1556 4683 1822 4753 principis,

245 4796 367 4840 ante
387 4794 650 4854 acceptum
674 4782 925 4852 Spiritum
945 4789 1203 4835 sanctum.
1233 4808 1303 4819 —
1336 4778 1479 4844 Quos
1509 4777 1696 4842 caelos,
1723 4776 1826 4831 nisi

248 4891 342 4932 eos
370 4877 436 4933 de
459 4876 653 4946 quibus
697 4875 954 4943 scriptum
986 4879 1106 4927 est:
1158 4869 1283 4925 (Σωιὶ
1325 4879 1565 4922 enarrant
1612 4869 1828 4939 gloriam

252 4969 346 5025 Dei
376 4968 546 5037 (Psal.
572 4983 716 5033 svnt,
752 4967 838 5037 i)?
867 4969 1011 5034 Quos
1037 4974 1163 5020 tunc
1189 4964 1395 5018 ornavit
1430 4961 1682 5032 Spiritus,
1709 4976 1827 5016 cum

252 5062 498 5132 replevit.
548 5060 700 5129 Quod
737 5060 875 5114 Luca
914 5058 1179 5114 referente
1224 5055 1531 5123 didicimus,
1578 5056 1666 5124 qui
1710 5053 1830 5107 ait:

256 5154 448 5210 Factus
479 5166 550 5210 est
570 5165 772 5226 repente
812 5155 872 5207 de
892 5154 1015 5208 caelo
1048 5167 1224 5217 sonus,
1256 5160 1496 5218 tanquam
1524 5147 1835 5202 advenientis

255 5250 463 5319 spiritus
493 5246 814 5312 vehementis,
846 5253 888 5297 et
908 5244 1115 5315 replevit
1141 5249 1300 5294 totam
1326 5241 1531 5292 domum
1561 5239 1649 5291 ubi
1696 5244 1839 5291 nant

259 5341 506 5393 sedentes.
534 5335 604 5391 Et
630 5344 974 5409 apparuerunt
1003 5335 1107 5389 illis
1149 5331 1429 5402 dispertita
1474 5331 1666 5400 lingua
1718 5339 1842 5384 tan-

259 5448 411 5500 quam
439 5431 597 5504 ignis,
624 5430 855 5499 seditque
880 5424 906 5464 ά
931 5443 1084 5497 super
1125 5426 1353 5497 singulos
1396 5439 1590 5479 eorum.
1644 5422 1712 5476 Et
1762 5440 1845 5478 re-

332 5622 362 5653 ι
390 5611 623 5677 Gemet.,
654 5608 903 5664 mundare
931 5605 1202 5661 debuisset.

332 5683 362 5723 ³
398 5683 651 5748 \‘indoc.,
676 5684 776 5737 eti
815 5679 1008 5741 Laud.,
1041 5679 1341 5746 irrumpere.

336 5765 363 5795 ⁸
394 5753 606 5809 Gemet.
637 5747 692 5807 et
714 5752 837 5817 alii,
856 5747 1258 5819 inexpugnabili.

336 5827 365 5864 ‘
403 5826 657 5893 Plerique
685 5824 839 5885 Mss.,
869 5837 1029 5893 supra
1053 5817 1306 5893 singulos.

345 5906 371 5935 ⁸
410 5885 628 5953 Addunt
656 5893 861 5961 Vulgati
893 5885 1046 5960 quod,
1082 5885 1261 5944 contra
1294 5888 1415 5943 Mss.
1449 5885 1839 5945 auctoritatem,

1896 1988 2090 2047 quanta
2138 1990 2261 2031 eum
2301 1974 2510 2029 timoris
2559 1973 2840 2027 infirmitas
2884 1970 3200 2039 possideret,
3249 1966 3338 2036 qui
3387 1978 3485 2019 nec

1897 2077 2021 2124 ante
2048 2082 2233 2122 vocem
2266 2065 2501 2122 ostiaria:
2528 2064 2736 2117 ancillae
2764 2060 3098 2115 subsisteret.

1971 2180 2113 2253 [Vet.
2140 2178 2191 2233 Χ
2205 2178 2275 2232 Vl
2284 2177 2315 2231 Ι
2324 2177 2361 2250 .]
2400 2177 2493 2233 49.
2522 2175 2667 2230 Petri
2689 2174 2936 2245 fortitudo
2958 2188 3015 2226 eo
3035 2176 3259 2239 accepto.
3288 2196 3354 2207 —
3373 2165 3481 2222 Sed

1899 2270 2010 2341 jatu
2042 2271 2129 2325 hic
2163 2271 2321 2338 paulo
2368 2278 2494 2323 ante
2550 2266 2788 2328 timidus,
2838 2262 3008 2334 qualis
3040 2269 3158 2331 post
3194 2259 3483 2313 adventum

1901 2361 2134 2428 Spiritus
2152 2359 2418 2415 exstiterit
2441 2358 2734 2413 videamus.
2760 2354 2939 2421 Certe,
2971 2352 3112 2407 Luca
3138 2356 3368 2405 testante
3398 2346 3488 2400 di-

1902 2454 2131 2510 dicimus
2162 2463 2352 2507 contra
2381 2450 2690 2507 sacerdotes
2734 2464 2798 2504 ac
2845 2446 3113 2517 principes
3140 2452 3334 2515 quanta
3382 2439 3488 2495 Do-

1904 2546 2106 2602 tniuum
2138 2545 2463 2599 auctoritite
2494 2540 2826 2612 prmdicavit.
2860 2539 2991 2593 Nam
3017 2552 3135 2591 cum
3160 2536 3301 2588 facto
3329 2531 3488 2586 inira-

1904 2640 2047 2706 culo,
2088 2639 2315 2710 quaestio
2357 2638 2545 2692 fuisset
2572 2642 2757 2692 exorta
2787 2632 2924 2706 (Act.
2967 2646 3042 2697 tv,
3073 2630 3185 2701 14),
3219 2636 3273 2683 et
3301 2641 3483 2683 sacer—

1906 2734 2091 2788 dotum
2120 2732 2410 2802 principes,
2456 2731 2717 2793 seniores,
2754 2740 2816 2781 ac
2862 2725 3054 2779 scribae
3112 2725 3167 2777 in
3216 2719 3490 2791 apostolo-

1904 2839 2023 2879 rum
2050 2823 2417 2892 persecutione
2437 2824 2840 2881 concurrerent,
2865 2830 2958 2870 eos
2976 2814 3028 2869 in
3062 2813 3491 2868 mediosmtuen-

1910 2925 1990 2973 tes
2018 2917 2069 2971 in
2109 2931 2216 2985 qua
2246 2918 2438 2969 virtute
2482 2913 2794 2967 miraculum
2844 2907 3070 2965 fecerint
3101 2903 3435 2975 percunctari
3469 2912 3493 2952 s

1908 3016 2252 3064 curaverunt.
2295 3008 2495 3075 Quibus
2538 3007 2774 3073 repletus
2815 3002 3016 3074 Spiritu
3065 3009 3251 3053 sancto
3301 2998 3494 3052 Petrus

1908 3101 2041 3155 dixit
2074 3118 2086 3153 :
2120 3099 2387 3167 Principes
2418 3098 2595 3169 pepuli
2620 3104 2666 3150 et
2690 3097 2931 3159 seniores,
2968 3094 3010 3146 si
3032 3108 3124 3145 nos
3165 3091 3321 3145 hodie
3346 3090 3493 3161 diju-

1910 3199 2144 3252 dicamur
2164 3198 2215 3251 in
2240 3195 2502 3265 benefacta
2523 3191 2741 3247 hominis
2771 3190 2985 3259 inﬁrmi,
3008 3188 3059 3241 in
3089 3202 3186 3255 quo
3216 3187 3309 3240 iste
3327 3184 3499 3238 salvus

1910 3300 1983 3347 est
2006 3292 2194 3363 factus,
2215 3300 2388 3343 notum
2411 3289 2474 3341 sit
2515 3288 2751 3341 omnibus
2781 3284 2941 3350 vobis,
2973 3290 3018 3334 et
3047 3279 3184 3333 omni
3230 3276 3364 3347 plebi
3414 3274 3500 3327 ls-

1910 3384 2037 3447 rael,
2068 3382 2188 3451 quia
2216 3381 2267 3434 in
2298 3379 2499 3432 nomine
2526 3376 2557 3430 J
2567 3393 2652 3431 esu
2685 3374 2870 3429 Christi
2904 3371 3185 3437 Nazareni,
3231 3383 3377 3438 quem
3415 3380 3501 3419 vos

1912 3471 2258 3539 cruciﬁxistis,
2284 3464 2430 3538 quem
2453 3466 2593 3521 Deus
2619 3463 2878 3518 suscitavit
2901 3480 2929 3513 η
2952 3460 3183 3521 mortuis,
3214 3458 3268 3511 in
3298 3457 3390 3509 hoc
3411 3455 3503 3508 iste

1915 3573 2050 3619 astat
2079 3580 2249 3617 coram
2271 3561 2409 3616 vobis
2433 3557 2458 3596 ιι
2493 3559 2661 3613 salvus
2687 3555 2851 3628 (Ibid.
2877 3553 2957 3624 8).
2980 3555 3218 3621 Cumque
3243 3565 3366 3621 erga
3392 3548 3503 3603 haec

1915 3654 2347 3725 persequentium
2379 3651 2527 3705 furor
2554 3656 2916 3714 excre~ceret,
2950 3659 3150 3711 eosque
3194 3641 3503 3696 sacerdotes

1916 3764 1979 3803 ac
2010 3748 2277 3817 principes
2303 3747 2485 3801 .lesum
2537 3742 2832 3813 praedicare
2889 3737 3257 3809 prohiberent,
3315 3742 3502 3789 contra

1922 3842 2057 3897 iram
2103 3839 2400 3910 principum
2428 3852 2533 3908 qua
2586 3833 2903 3889 auctoritate
2959 3831 3151 3886 Petrus
3201 3828 3505 3884 excreverit

1920 3933 2203 3995 iudicatur,
2234 3945 2354 3985 cum
2397 3926 2508 3984 illic
2538 3925 2780 3995 protinus
2807 3921 2971 3995 554.
3007 3920 3285 3975 subditur:
3320 3917 3507 3973 Petrus

1918 4042 2033 4081 vero
2074 4034 2120 4077 et
2149 4021 2372 4090 apostoli
2401 4020 2641 4074 dixerunt
2668 4033 2680 4069 :
2717 4014 2934 4069 Obedire
2973 4020 3171 4082 oportet
3203 4009 3311 4065 Deo
3341 4009 3508 4081 magis

1920 4134 2073 4186 quam
2105 4115 2390 4169 hominibus
2421 4110 2608 4184 (Ibid.,
2640 4123 2681 4176 t,
2720 4106 2802 4178 9).
2832 4106 2937 4163 Sed
2967 4120 3087 4160 cum
3140 4103 3506 4159 auctoritatem

1923 4210 2343 4283 przedicantium,
2373 4203 2729 4260 resistentium
2754 4198 3017 4268 praecepta
3046 4211 3148 4250 non
3175 4201 3506 4265 premerent,

1922 4305 1987 4357 ad
2010 4301 2214 4371 ﬂagella
2246 4299 2569 4369 pervenitur.
2605 4292 2736 4348 Nam
2766 4289 3012 4346 subditur
3041 4306 3054 4343 :
3089 4286 3228 4341 Tunc
3248 4286 3508 4357 principes

1924 4394 2243 4451 sacerdotum
2273 4390 2415 4445 catsis
2442 4386 2861 4441 denuntiauerunt
2892 4397 2955 4434 ne
2981 4380 3306 4450 loquerentur
3336 4377 3390 4429 in
3418 4389 3511 4429 no-

1921 4490 2059 4541 mine
2079 4485 2228 4551 Jesu,
2256 4494 2302 4538 et
2345 4483 2645 4536 dimiserunt
2687 4493 2768 4531 eos
2798 4475 2987 4546 (Ibid.,
3020 4489 3072 4537 v,
3105 4470 3217 4541 40).
3253 4470 3361 4526 Sed
3383 4469 3506 4539 quia

1924 4579 2284 4650 apostolorum
2306 4575 2554 4628 virtutem
2582 4581 2828 4640 premere
2857 4579 2954 4621 nec
2973 4564 3180 4634 ﬂagella
3202 4561 3504 4624 valuerunt,

1850 4650 1905 4713 Ῑ)
1932 4648 2174 4743 patenter
2203 4664 2528 4727 ostenditur,
2577 4675 2695 4715 cum
2748 4658 2988 4728 pretiuus
3032 4654 3396 4709 subinfertur:
3441 4648 3511 4704 Et

1930 4741 2010 4816 illi
2033 4760 2235 4830 quidem
2262 4756 2400 4810 ibattt
2429 4752 2707 4825 gaudentes
2736 4764 2769 4800 α
2803 4753 3074 4816 conspectu
3122 4741 3350 4807 concilii,
3396 4756 3515 4812 quo-

1935 4858 2071 4911 niam
2099 4852 2241 4923 digni
2278 4845 2439 4901 hnbiti
2460 4852 2577 4899 sunt
2621 4858 2712 4896 ora
2739 4840 2942 4895 nomine
2980 4836 3107 4892 Iesu
3151 4835 3515 4890 contumeliam

1935 4950 2044 5021 pati
2071 4946 2263 5017 (Ibid.,
2296 4940 2408 5013 41).
2442 4940 2561 4994 Mox
2602 4938 2761 4992 etiam
2794 4941 2913 5003 post
2961 4931 3285 5001 ﬂagellorum
3320 4928 3515 5001 gaudia

1938 5020 2066 5113 quid
2090 5048 2307 5107 agerent
2336 5030 2636 5089 iudicatur:
2670 5026 2824 5081 Omni
2853 5034 3022 5077 autem
3050 5024 3133 5077 die
3159 5023 3211 5075 in
3253 5020 3445 5092 tentplo
3471 5027 3519 5074 et

1941 5137 2078 5190 circa
2116 5133 2291 5185 domos
2322 5143 2423 5181 non
2471 5124 2732 5178 cessabant
2760 5120 2997 5173 docentes
3027 5126 3074 5170 ct
3119 5116 3519 5184 erangelisantes

1944 5225 2201 5281 Christum
2231 5220 2429 5275 Iesum.
2474 5215 2613 5270 Ecce
2663 5213 2753 5267 ille
2784 5208 2940 5279 paulo
2978 5216 3101 5262 ante
3140 5206 3375 5271 timidus,
3407 5201 3519 5272 jam

1944 5318 2140 5389 linguis
2173 5316 2423 5385 loquitur,
2453 5316 2701 5365 coruscat
2723 5303 3016 5369 miraculis,
3046 5299 3411 5355 inﬁdelitatem
3433 5306 3521 5349 sa-

1946 5385 2222 5469 cerdotum
2245 5422 2307 5461 ac
2327 5404 2624 5476 principum
2653 5400 2818 5454 libera
2839 5409 2971 5453 voce
2998 5395 3256 5459 increpat,
3289 5385 3355 5442 ad
3387 5401 3519 5459 pras-

1953 5604 2133 5655 stante
2154 5594 2287 5650 alias
2318 5580 2748 5662 integroseusu.
2814 5651 2824 5661 θ
2868 5650 2899 5662 η

2025 5670 2046 5707 ί
2087 5667 2294 5730 Norm.,
2332 5662 2396 5718 Et
2416 5654 2623 5728 quidem
2652 5654 2899 5721 mancipii
2925 5664 3008 5715 ne,
3039 5654 3148 5704 etc.

2024 5750 2048 5787 ε
2090 5739 2139 5794 1.
2175 5734 2368 5799 Laud.,
2415 5734 2689 5800 creperum-

2023 5808 2051 5847 δι
2091 5809 2206 5863 Duo
2235 5804 2426 5868 Laud.,
2459 5815 2637 5856 sanus.
