4044 6346
571 444 635 500 35
1781 431 2026 490 SANCTI
2071 431 2403 490 GREGORII
2443 431 2658 488 MAGNI
3758 447 3828 497 35

565 554 846 611 dicandum
907 553 1115 618 Jesum,
1181 546 1490 614 exemplum
1559 546 1893 602 auctoritatis
1941 545 2152 600 caeteris
2179 548 2232 610 Α
2255 548 2576 618 iniquorum.
2607 547 2738 620 Qua;
2758 545 2880 616 quia
2911 547 2976 602 ad
3004 546 3315 617 pravitatem
3355 550 3623 618 propriam
3652 557 3826 622 traxit,

566 655 796 718 prastat,
831 660 898 700 ne
927 645 978 698 in
1008 641 1220 697 nomine
1246 639 1361 708 ejus
1412 638 1552 708 loqui
1596 637 1791 692 debeat
1829 635 2146 691 verberibus

566 742 896 810 prohibetur,
927 751 1025 791 nec
1054 747 1232 787 tamen
1281 732 1656 799 compescitur.
1705 729 2012 784 Contemnit
2055 729 2152 784 lla-

564 835 697 904 gella
729 829 1065 889 medentium,
1095 824 1186 896 qui
1217 824 1374 894 paulo
1401 834 1527 878 ante
1575 821 1962 892 requirentium
1985 822 2150 878 verba

571 930 853 988 timuerat,-
883 932 938 976 et
965 921 1052 989 qui
1081 917 1290 972 ancillae
1322 918 1463 972 vires
1503 917 1790 985 requisitus
1815 916 2046 986 expavit,
2075 915 2152 971 vi-

567 1033 654 1076 res
703 1015 1000 1085 principum
1051 1025 1224 1066 caesus
1265 1009 1475 1077 premit.
1518 1008 1700 1063 Sancti
1747 1011 1890 1065 enim
1923 1009 2152 1079 Spiritus

565 1109 668 1179 jam
692 1109 881 1161 virtute
908 1105 1183 1166 solidatus,
1217 1102 1370 1170 hujus
1400 1100 1580 1155 mundi
1623 1100 1934 1157 altitudines
1985 1101 2151 1156 liber-

566 1200 688 1254 tatis
733 1198 880 1253 calce
927 1195 1284 1265 deprimebat,
1336 1203 1390 1248 ut
1439 1192 1492 1247 in
1537 1194 1642 1247 imo
1682 1209 1803 1248 esse
1832 1203 1857 1230 εί
1907 1199 2152 1247 cerneret

565 1290 818 1362 quidquid
841 1299 1025 1344 eoutra
1046 1289 1306 1342 creatoris
1331 1286 1354 1323 δ
1383 1287 1605 1355 gratiam
1628 1287 1792 1341 altum
1819 1295 2069 1340 tumeret.

637 1382 782 1454 [γει.
806 1377 1060 1449 XVIII.)
1081 1380 1170 1435 50.
1202 1378 1399 1444 Quibus
1424 1380 1571 1432 donis
1601 1387 1649 1432 et
1672 1379 1964 1444 virtutibus,
1989 1377 2152 1448 effuso

564 1478 617 1532 in
641 1492 692 1530 ss
717 1475 916 1546 Spiritu
935 1483 1129 1538 sancto,
1151 1472 1387 1542 fulserint
1418 1472 1744 1540 apostoli.-—
1767 1473 1890 1527 Haec
1917 1481 2040 1528 sunt
2067 1487 2154 1526 or-

565 1575 812 1623 namenta
836 1566 1120 1632 caelorum,
1167 1565 1279 1619 haec
1309 1575 1432 1618 sunt
1473 1565 1612 1618 dona
1643 1565 1897 1634 Spiritus,
1928 1579 2047 1634 quas
2075 1563 2156 1618 di-

566 1661 736 1715 versis
778 1657 1106 1713 manil‘estari
1163 1655 1445 1712 virtutibus
1498 1657 1690 1720 solent,
1751 1671 1882 1726 quas
1933 1655 2155 1710 occultae

565 1751 976 1820 dispensationis
1020 1764 1240 1804 nmnere
1268 1747 1466 1802 divisas
1497 1747 1690 1800 Paulus
1730 1757 2028 1813 enumerat,
2067 1745 2149 1800 di-

566 1858 693 1900 cens
720 1861 731 1895 :
780 1841 881 1898 Alii
909 1841 1111 1911 quidem
1145 1857 1231 1910 per
1263 1839 1518 1910 Spiritum
1549 1839 1722 1917 datur.
1745 1855 1913 1892 sermo
1942 1839 2150 1908 sapien-

2253 641 2402 711 quasi
2430 641 2484 695 in
2514 655 2698 718 eorum
2737 639 3067 696 habitatione
3112 640 3390 710 requievit.
3440 642 3541 696 Sed
3583 645 3830 704 obstetri-

2253 743 2408 788 cante
2448 748 2606 787 manu
2637 733 2872 802 Domini,
2903 741 3174 790 tortuosus
3217 735 3438 790 coluber
3491 736 3558 792 de
3607 742 3830 806 prepriis

2252 827 2497 882 cavernis
2524 828 2776 896 expulsus
2797 837 2904 894 est,
2928 828 3052 897 quia
3093 827 3218 884 dum
3273 829 3428 884 nobis
3451 828 3630 884 divina
3670 835 3832 902 gratia

2253 921 2515 986 medetur,
2546 920 2592 974 is
2621 920 2707 989 qui
2741 935 2838 975 nos
2877 927 3120 976 tenuerat
3148 919 3397 990 antiquus
3424 935 3453 974 a
3483 923 3636 976 nobis
3670 922 3832 982 hostis

2253 1011 2483 1081 ejicitur,
2515 1012 2654 1067 sicut
2689 1013 2962 1067 incarnata
2991 1011 3197 1067 Veritas
3227 1012 3358 1067 dicit
3383 1030 3396 1064 :
3426 1011 3580 1068 Nunc
3605 1017 3833 1086 princeps

2253 1103 2403 1174 hujus
2441 1093 2621 1156 mundi
2652 1104 2880 1175 ejiciatur
2905 1105 3044 1173 {oras
3075 1101 3254 1175 (Joan.
3285 1119 3379 1168 xu,
3403 1104 3520 1174 5l).
3553 1105 3703 1163 Unde
3727 1108 3834 1178 jam

2255 1210 2395 1251 nunc
2441 1205 2463 1232 ε
2511 1208 2723 1251 sanctos
2769 1211 2955 1252 omnes
3007 1210 3110 1250 non
3161 1196 3392 1252 tenendo
3441 1198 3691 1266 possidet,
3745 1203 3832 1260 sed

2255 1289 2506 1343 tentando
2534 1289 2890 1357 persequitur.
2927 1287 3055 1342 Nam
3081 1289 3204 1357 quia
3237 1303 3342 1344 non
3373 1289 3428 1343 in
3474 1291 3553 1346 eis
3583 1291 3830 1350 intrinse-

2253 1395 2347 1434 cus
2375 1388 2580 1448 regnat,
2614 1390 2798 1435 contra
2826 1395 2919 1435 eos
2970 1389 3171 1450 pugnat
3209 1383 3572 1451 extrinsecus;
3619 1395 3673 1440 et
3717 1388 3834 1458 quia

2257 1471 2403 1525 intus
2459 1471 2752 1526 dominium
2797 1471 3052 1542 perdidit,
3095 1471 3235 1528 bella
3287 1474 3503 1528 molitur
3551 1474 3698 1532 loris.
3743 1473 3838 1536 ille

2254 1565 2395 1618 enim
2427 1580 2547 1618 eum
2579 1565 2646 1620 de
2676 1566 2976 1621 carnalibus
3005 1567 3285 1622 hominum
3329 1569 3585 1626 cordibus
3613 1573 3833 1642 expulit,

2254 1656 2342 1724 qui
2375 1664 2594 1726 prepter
2624 1656 2870 1713 homines
2909 1658 2976 1712 ad
3029 1659 3448 1724 incarnationem
3486 1665 3662 1731 venit;
3694 1666 3838 1722 dum-

2254 1761 2358 1816 que
2386 1747 2548 1801 corda
2574 1747 2865 1802 inﬁdelium
2890 1749 3080 1814 tenuit,
3113 1750 3260 1819 quasi
3286 1766 3499 1807 manum
3523 1753 3589 1807 ad
3615 1753 3832 1810 latibula

2259 1841 2521 1907 serpentis
2554 1839 2713 1895 misit.
2752 1839 2904 1897 Unde
2952 1851 3097 1896 recte
3126 1857 3220 1911 per
3251 1843 3563 1914 prophetam
3614 1845 3836 1900 dicitur:

566 1937 672 2000 tite,
703 1935 793 1987 alii
822 1943 988 1987 autem
1019 1947 1181 1988 sermo
1209 1931 1432 1986 scientia:
1457 1933 1731 1984 secundum
1774 1931 2006 1986 eumdem
2045 1931 2150 2000 spi-
2185 1924 2228 1984 Β
2260 1928 2606 1984 Delectabitur
2629 1931 2800 2000 infans
2828 1931 2889 1985 ab
2931 1933 3083 1986 ubere
3120 1930 3139 1970 τ
3174 1949 3324 2004 super
3347 1935 3600 2004 foramine
3618 1935 3837 2004 aspidis;

567 2029 742 2093 ritum,
774 2027 924 2080 alteri
952 2026 1080 2096 ﬁdes
1111 2026 1162 2078 in
1202 2025 1375 2078 eodem
1403 2026 1610 2092 spiritu,
1639 2025 1730 2078 alii
1758 2025 1923 2094 gratia
1960 2025 2157 2078 sanita-

566 2130 674 2172 tum
701 2121 754 2172 in
781 2134 885 2171 uno
907 2118 1111 2184 spiritu,
1144 2116 1233 2170 alii
1262 2118 1488 2184 Operatio
1516 2119 1780 2183 virtutum,
1813 2118 1904 2170 alii
1936 2117 2157 2186 praphe-

567 2211 660 2276 tia,
688 2211 780 2262 alii
804 2211 1038 2262 discretio
1059 2209 1352 2280 spirituum,
1379 2209 1469 2261 alii
1500 2225 1685 2279 genera
1710 2209 2026 2281 linguarum,
2062 2208 2157 2262 alii

567 2301 913 2369 interpretatio
939 2299 1288 2368 sermonum“
1316 2299 1434 2354 Cor.
1463 2316 1556 2367 xu,
1584 2301 1636 2364 8,
1665 2299 1718 2362 9,
1741 2301 1856 2370 10).
1879 2299 2008 2367 Quae
2034 2315 2158 2356 mox

569 2392 804 2464 generali
862 2393 1168 2447 deﬁnitione
1217 2391 1560 2456 concludens,
1628 2392 1742 2446 ait:
1795 2392 1937 2469 Haec
1982 2402 2151 2446 autem

569 2484 740 2538 omnia
785 2493 1027 2553 operatur
1072 2499 1200 2536 unus
1256 2492 1406 2552 atque
1459 2484 1594 2536 idem
1627 2481 1875 2552 Spiritus,
1927 2485 2157 2538 dividens

569 2576 786 2646 singulis
816 2586 967 2647 prout
998 2577 1123 2630 vult.
1160 2578 1231 2632 lle
1262 2576 1344 2631 his
1372 2579 1532 2632 etiam
1573 2578 1726 2632 caelis
1759 2579 1808 2631 in
1842 2577 2047 2646 psalmo
2075 2577 2160 2631 di-

570 2675 713 2722 ctum
767 2677 894 2722 est:
943 2666 1108 2721 Verbo
1166 2667 1370 2720 Domini
1419 2668 1532 2721 caeli
1576 2668 1770 2738 firmati
1814 2678 1928 2721 sunt
1984 2666 2156 2739 (Psal.

571 2773 739 2825 nxu,
771 2759 846 2830 6).
886 2757 959 2813 De
993 2759 1078 2813 his
1123 2775 1332 2828 quoque
1361 2761 1690 2813 ornamentis
1731 2758 1947 2828 spiritus
1977 2757 2159 2813 subdi-

572 2857 698 2904 tur:
731 2848 796 2902 Et
825 2851 1010 2918 spiritu
1064 2852 1166 2902 oris
1197 2851 1308 2919 ejus
1361 2851 1523 2902 omnis
1568 2853 1725 2902 virtus
1775 2866 1966 2903 eorum.
2019 2850 2161 2905 Bene

572 2943 752 3012 itaque
779 2941 971 2996 dicitur
1003 2959 1015 2992 :
1051 2940 1280 3009 Spiritus
1309 2946 1422 3013 ejus
1446 2942 1643 2994 ornavit
1675 2941 1844 3005 caelos,
1870 2943 1993 3010 quia
2019 2955 2129 3010 pra:
2154 2971 2158 2976 ε

573 3033 838 3093 dicatores
865 3036 1030 3090 sancti
1066 3033 1185 3087 nisi-
1213 3054 1220 3100 ι
1245 3037 1472 3088 remissa
1520 3035 1766 3088 l’aracliti
1798 3031 1937 3087 dona
1986 3033 2160 3102 perci-

575 3136 789 3196 perent,
839 3125 982 3179 nullo
1039 3123 1366 3179 fortitudinis
1417 3126 1614 3179 decore
1663 3124 1995 3179 claruissent.
2054 3123 2160 3179 Sed

578 3217 696 3286 quia
729 3216 928 3270 sanctis
955 3215 1207 3285 apostolis
1233 3221 1483 3270 virtutum
1524 3217 1689 3285 gratia
1717 3216 2003 3282 decoratis,
2037 3217 2158 3268 vita:

2261 2028 2310 2074 et
2337 2026 2388 2074 in
2415 2037 2629 2076 caverna
2659 2023 2824 2092 reguli
2873 2031 2897 2070 Β
2956 2023 3044 2092 qui
3087 2024 3372 2078 ablactatus
3425 2027 3592 2096 fuerat
3643 2042 3840 2080 manum

2259 2131 2404 2172 suam
2430 2117 2610 2171 mittet.
2647 2115 2771 2170 Non
2798 2116 3067 2183 nocebunt,
3111 2128 3158 2172 et
3183 2134 3284 2172 non
3315 2118 3543 2172 occident
3574 2119 3624 2171 in
3656 2120 3825 2173 uniser

2259 2231 2315 2268 so
2338 2222 2506 2264 monte
2525 2219 2699 2264 sancto
2730 2225 2842 2262 meo
2873 2206 3026 2277 (Issi.
3060 2225 3135 2273 χι,
3169 2207 3245 2280 8).
3288 2210 3456 2277 Quem
3503 2226 3732 2281 namque
3761 2211 3838 2266 in-

2261 2307 2458 2360 fantem
2485 2302 2552 2354 ab
2582 2289 2767 2367 ubere,
2803 2299 2880 2355 vel
2908 2314 3031 2356 eum
3057 2301 3147 2371 qui
3178 2301 3474 2356 ablactatus
3498 2302 3657 2358 fuerit
3686 2301 3712 2340 ιι
3741 2303 3838 2358 nisi

2266 2395 2546 2450 Dominum
2577 2391 2840 2463 appellat?
2890 2391 3026 2458 Quid
3076 2407 3204 2448 vero
3257 2389 3523 2448 foramine
3553 2393 3753 2462 aspidis
3795 2404 3844 2448 et

2264 2485 2507 2542 cavernis
2532 2484 2696 2556 reguli
2730 2484 2830 2538 nisi
2873 2483 3030 2539 corda
3064 2483 3294 2555 signavit
3344 2484 3684 2553 iniquorum?
3717 2484 3844 2551 Quia

2265 2579 2514 2648 antiquus
2543 2577 2712 2632 hostis
2740 2575 2864 2630 dum
2915 2585 3078 2630 totum
3111 2591 3170 2631 se
3212 2575 3265 2629 in
3294 2590 3478 2631 eorum
3528 2592 3844 2632 consensum

2261 2669 2503 2732 contulit,
2536 2669 2685 2739 quasi
2716 2669 2770 2722 in
2801 2667 3058 2724 foramine
3106 2668 3322 2737 proprio
3367 2667 3589 2724 eoluber
3638 2678 3839 2724 tortuo-

2263 2779 2376 2829 sus,
2426 2763 2577 2818 sinus
2639 2761 2849 2816 astutia:
2877 2759 3173 2830 colligendo
3199 2760 3533 2830 glotneravit.
3589 2760 3755 2829 Quem
3799 2767 3846 2817 et

2269 2855 2473 2923 aSpidiS
2500 2853 2719 2909 nomine
2753 2852 2982 2922 appellat
3003 2851 3211 2906 occulte
3238 2851 3566 2918 saevientem,
3595 2862 3647 2906 et
3685 2852 3842 2922 reguli

2267 2959 2452 3016 aperte
2481 2947 2779 3002 ferientem.
2813 2941 3020 3000 Manum
3056 2959 3184 3014 ergo
3212 2959 3361 2999 suam
3390 2943 3648 2999 Dominus
3681 2946 3732 2998 in
3761 2942 3840 2996 lo-

2263 3039 2466 3094 ramine
2496 3038 2661 3106 reguli
2691 3047 2848 3107 atque
2877 3034 3075 3106 aSpidis
3099 3035 3263 3102 misit,
3291 3034 3505 3105 quando
3536 3035 3835 3106 iniquorum

2263 3137 2424 3192 corda
2476 3137 2651 3190 divina
2718 3142 2979 3205 potcState
3029 3133 3239 3199 tenuit;
3293 3142 3344 3186 et
3399 3133 3847 3202 comprehensum

2265 3226 2458 3281 exinde
2485 3225 2746 3296 aspidem,
2777 3225 2859 3280 vel
2909 3225 3174 3294 regulum,
3207 3222 3262 3278 id
3289 3231 3372 3278 est
3419 3223 3696 3294 captivum
3724 3223 3839 3278 dia-

573 3307 883 3380 prtedicatio
906 3319 1091 3365 contra
1122 3308 1416 3364 inﬁdelium
1462 3310 1624 3364 Corda
1656 3311 1948 3373 convaluit,
1979 3317 2033 3363 et
2061 3326 2154 3364 an-
2181 3307 2229 3372 C
2259 3322 2440 3376 bolum
2473 3320 2657 3385 ιτειίι,
2709 3328 2763 3373 ιιι
2792 3319 2846 3373 in
2879 3325 3061 3372 monte
3099 3324 3285 3372 sancto
3334 3315 3474 3387 ejus,
3511 3315 3529 3354 i
3585 3317 3726 3389 quod
3773 3324 3850 3374 est

574 3403 747 3472 liquus
777 3401 942 3456 hostis
981 3401 1227 3456 obsessas
1259 3401 1553 3456 inﬁdelium
1597 3411 1804 3455 mentes
1835 3400 2156 3470 prmdicato-

561 3505 689 3547 ‘rum
719 3493 932 3548 vocibus
962 3495 1212 3561 expulsus
1259 3491 1492 3563 reliquit,
1538 3504 1656 3563 post
1687 3501 2002 3548 ornamenta
2047 3508 2156 3549 cm-

574 3584 745 3639 lorum
765 3596 886 3654 apte
915 3585 1267 3654 subjuugitur.

936 3681 1160 3738 CAPUT
1200 3680 1398 3736 XXXII
1441 3681 1590 3754 illeo.
1631 3679 1780 3752 XX].

571 3773 714 3835 Ibid.
739 3803 811 3818 —
831 3772 899 3828 Et
923 3774 1276 3842 obstetricante
1304 3789 1458 3826 manu
1499 3776 1630 3844 ejus,
1669 3771 1882 3828 eductus
1913 3781 1985 3828 est
2016 3772 2160 3834 colu-

1161 3866 1244 3919 ber
1274 3876 1551 3920 tortuosus.

642 3960 729 4016 5L
774 3959 994 4028 Serpens
1026 3958 1264 4028 antiquus
1303 3956 1394 4010 Dei
1421 3974 1574 4010 manu
1597 3972 1662 4010 ea;
1689 3969 2013 4027 peccatorum
2041 3971 2158 4010 cor-

573 4053 716 4108 dibus
737 4051 882 4123 quasi
909 4066 970 4104 ea:
1001 4050 1224 4103 cavernis
1250 4049 1374 4116 suis,
1409 4052 1598 4120 eiectus
1629 4059 1725 4104 est.
1759 4080 1824 4088 ——
1856 4045 1986 4115 Quis
2015 4049 2155 4102 enim

573 4147 778 4202 colubri
810 4145 1107 4214 appellatur
1157 4145 1394 4209 nomine,
1450 4145 1550 4198 nisi
1608 4145 1856 4212 antiquus
1890 4143 2075 4208 hostis,
2107 4152 2160 4198 et

573 4237 829 4302 lubricus,
861 4245 916 4291 et
943 4248 1230 4304 tortuosus,
1276 4235 1363 4304 qui
1394 4233 1713 4304 decipiendo
1757 4237 1955 4291 homini
2006 4237 2154 4290 colu-

573 4330 654 4387 bri
681 4345 774 4385 ore
804 4331 1009 4385 locutus
1034 4330 1154 4385 est?
1181 4329 1254 4384 De
1285 4346 1385 4399 quo
1419 4347 1511 4399 per
1537 4332 1848 4399 prophetam
1871 4330 2100 4385 dicitur:
2134 4340 2156 4370 ο

572 4420 854 4477 Leviathan
899 4433 1195 4493 serpentem,
1242 4433 1432 4476 vectem
1478 4433 1760 4477 tortuosum
1791 4421 1944 4496 (lsai.
1995 4440 2157 4492 xxv",

575 4515 652 4585 l).
681 4515 780 4584 Qui
810 4515 1008 4570 idcirco
1036 4515 1178 4583 loqui
1208 4517 1472 4584 serpentis
1494 4532 1586 4571 ore
1621 4517 1910 4583 permissus
1941 4529 2044 4584 est,
2099 4526 2156 4571 ut

575 4624 642 4665 ex
676 4611 791 4678 ipso
835 4625 958 4664 vase
1010 4609 1126 4679 ejus
1181 4609 1342 4664 homo
1393 4621 1741 4681 cognosceret
1795 4613 1968 4680 qualis
2019 4626 2162 4668 esset

2261 3411 2518 3477 Ecclesia,
2551 3411 2733 3466 electis
2763 3409 3008 3464 ﬁdelibus
3040 3423 3145 3462 non
3182 3417 3420 3465 noceret.

2332 3503 2420 3560 52.
2465 3504 2708 3558 Diabolus
2737 3504 2867 3558 leoni
2893 3512 3232 3573 comparatus.
3255 3530 3326 3542 —
3362 3501 3499 3559 Hinc
3529 3515 3762 3572 namque
3789 3499 3842 3554 in

2260 3595 2493 3653 Canticis
2524 3597 2852 3650 canticorum
2895 3609 3095 3665 sponso
3124 3594 3369 3650 veniente
3411 3595 3610 3649 dicitur
3641 3609 3654 3645 :
3690 3589 3844 3645 Coro-

2261 3688 2462 3742 naberis
2493 3688 2556 3740 de
2583 3688 2749 3758 capite
2776 3688 2994 3754 Amano,
3026 3685 3091 3740 de
3115 3687 3297 3741 vertice
3329 3685 3489 3741 Sanir
3508 3695 3558 3739 et
3599 3683 3845 3747 Heruteu,

2263 3782 2327 3836 de
2354 3780 2606 3834 cubilibus
2655 3780 2855 3833 leonum
2898 3777 3067 3848 (Cant.
3114 3793 3186 3844 tv,
3220 3776 3298 3847 8).
3339 3776 3479 3845 Quid
3521 3776 3665 3832 enim
3712 3771 3849 3830 aliud

2264 3875 2478 3930 leonum
2511 3873 2725 3927 nomine
2756 3887 2912 3942 quam
2943 3872 3204 3927 daemonia
3235 3871 3607 3941 designantur,
3631 3886 3748 3942 quae
3776 3869 3851 3924 ira

2261 3975 2445 4022 contra
2499 3980 2595 4020 nos
2654 3964 3003 4019 atrocissima:
3032 3963 3367 4020 crudelitatis
3414 3962 3748 4020 inszeviunt?
3792 3960 3852 4016 Et

2261 4058 2382 4129 quia
2413 4066 2720 4129 peccatores
2744 4057 2811 4112 ad
2841 4057 2996 4114 ﬁdem
3028 4058 3202 4113 vocati
3244 4068 3386 4125 sunt,
3420 4073 3655 4127 quorum
3683 4069 3845 4128 quon-

2262 4150 2384 4204 dam
2433 4149 2594 4204 corda
2645 4149 2856 4203 leonum
2913 4147 3108 4204 cubilia
3165 4147 3402 4214 fuerunt,
3463 4147 3595 4203 dum
3652 4145 3844 4202 vicisse

2269 4253 2496 4298 mortem
2539 4241 2796 4297 Dominus
2825 4257 3014 4298 eorum
3043 4241 3381 4297 confessione
3410 4240 3674 4310 creditur,
3707 4236 3852 4307 quasi

2263 4334 2331 4389 de
2373 4335 2586 4388 leonum
2617 4333 2880 4388 cubilibus
2903 4344 3209 4389 coronatur.
3241 4331 3630 4388 Remuneratio
3656 4331 3851 4401 quippe

2267 4426 2510 4482 victoriae
2541 4439 2744 4481 corona
2787 4433 2894 4480 est.
2923 4425 3102 4480 Toties
3142 4438 3270 4494 ergo
3292 4423 3340 4479 ei
3386 4437 3645 4478 coronam
3676 4419 3854 4476 ﬁdeles

2265 4518 2515 4586 ollerunt,
2550 4517 2759 4587 quoties
2785 4517 2926 4572 hunc
2961 4514 3155 4571 vicisse
3205 4526 3428 4570 mortem
3483 4531 3552 4570 ex
3602 4528 3852 4572 resurre—

2265 4613 2445 4668 ctione
2478 4612 2818 4667 conﬁtentur.
2864 4610 2972 4665 Leo
3012 4623 3141 4680 ergo
3167 4607 3233 4662 de
3264 4607 3534 4663 cubilibus
3563 4609 3678 4664 suis
3706 4605 3852 4678 pelli-

575 4703 665 4774 qui
696 4702 833 4757 intus
864 4703 1144 4758 habitaret.
1195 4703 1427 4769 Serpens
1469 4702 1663 4772 quippe
1707 4719 1811 4756 non
1843 4703 2015 4758 solum
2050 4713 2160 4760 tor-
2191 4688 2246 4750 D
2271 4714 2376 4769 tur,
2408 4704 2555 4774 quia,
2583 4704 2963 4759 obstetricante
2994 4716 3149 4754 manu
3178 4696 3410 4765 Domini,
3452 4710 3730 4754 tortuosus
3759 4711 3850 4754 co-

577 4805 762 4850 luosus
791 4806 892 4862 est,
921 4796 1018 4852 sed
1043 4797 1200 4851 etiam
1234 4796 1490 4850 lubricus.
1526 4794 1658 4861 Quia
1690 4811 1818 4866 ergo
1858 4797 1908 4850 in
1940 4798 2159 4852 rectitu-

576 4890 703 4945 dine
723 4891 962 4946 veritatis
991 4907 1094 4946 non
1141 4892 1306 4954 stetit,
1347 4899 1646 4944 tortuosum
1676 4891 1873 4944 animal
1915 4891 2158 4946 intravit.

577 4984 708 5050 Quia
731 4999 856 5041 vero
881 4984 1208 5056 suggestioni
1235 4983 1374 5053 ejus,
1403 4980 1429 5018 ά
1461 4986 1503 5036 si
1531 4983 1715 5052 primae
1741 4999 1847 5036 nutt
1876 4984 2159 5050 resistitur,

574 5087 797 5146 repente
823 5087 961 5132 totus
987 5078 1056 5131 ad
1081 5078 1287 5131 interna
1319 5089 1496 5129 coruts
1525 5075 1648 5128 dunt
1685 5075 1846 5146 555
1895 5092 1998 5130 non
2030 5092 2160 5131 sen-

578 5172 705 5226 titur
728 5171 980 5234 illabitur,
1011 5169 1172 5223 verba
1219 5168 1284 5222 ad
1313 5170 1580 5222 hominem
1613 5183 1704 5235 per
1748 5168 1944 5222 animal
1992 5167 2159 5223 lubri-

575 5277 697 5317 cum
727 5261 870 5318 fecit.
901 5262 1159 5316 Caverna:
1181 5275 1307 5316 vero
1329 5259 1484 5332 hujus
1515 5259 1714 5314 colubri
1749 5262 1909 5314 corda
1942 5260 2159 5315 luerunt

650 5431 674 5460 α
717 5419 790 5476 Ita
821 5421 948 5476 Mss.
980 5418 1188 5486 Germ.,
1222 5417 1382 5473 Corb.
1416 5413 1624 5483 Germ.,
1674 5418 1904 5487 Anglic.,
1937 5415 2144 5482 Norm.,

577 5493 770 5558 Laud.,
793 5503 923 5558 ctc.,
957 5491 1044 5544 ubi
1071 5492 1123 5543 in
1159 5491 1378 5544 Excusis
1409 5490 1602 5559 legitur
1629 5488 1940 5541 decerneret.

648 5562 674 5602 δ
717 5565 949 5634 Anglic..
995 5561 1230 5634 gloriam.
1533 5561 1536 5566 ’

653 5644 675 5673 ε
711 5635 749 5688 ‘2
777 5628 965 5698 Haud“
996 5628 1290 5687 'Levlathan
1331 5642 1610 5703 serpsiuem
1660 5640 1843 5686 vectem
1893 5628 2149 5685 leviathan

575 5715 856 5763 sementem
882 5715 1184 5760 tortuosum.

709 5777 783 5830 Ita
847 5776 1070 5839 Germ.,
1135 5773 1295 5826 Curb.
1360 5774 1585 5837 Germ.,
1654 5772 1891 5835 Turon.,
1955 5771 2150 5838 Laud.,

579 5849 788 5910 Norm.,
819 5852 922 5897 etc.
958 5843 1184 5909 Vulgati,
1210 5844 1251 5895 si
1279 5846 1445 5908 primo
1471 5861 1573 5896 non
1603 5843 1876 5896 resistitur.

652 5917 670 5939 '
712 5917 782 5968 lta
818 5913 940 5967 Mss.
975 5915 1040 5965 At
1065 5913 1206 5966 Editi
1227 5921 1427 5968 sanctos
1455 5914 1703 5968 homines.

2271 4796 2422 4850 luber
2453 4795 2505 4850 in
2533 4796 2776 4850 cavernis
2797 4808 2928 4862 quas
2951 4799 3194 4845 tenuerat
3223 4789 3467 4846 habitare
3517 4789 3848 4860 prohibetur.

2267 4885 2398 4942 Nam
2433 4889 2602 4942 victus
2627 4902 2656 4939 a
2683 4884 2919 4939 ﬁdelium
2949 4881 3198 4938 cordibus
3237 4883 3385 4950 exiit,
3432 4881 3525 4952 qui
3554 4898 3718 4955 super
3746 4881 3852 4936 haec

2267 4990 2419 5033 antea
2448 4987 2662 5046 sceptro
2686 4973 2920 5046 perﬁdiae
2949 4973 3206 5045 regnavit.

2339 5071 2424 5126 55.
2468 5069 2680 5124 Primus
2703 5067 2900 5122 Christi
2927 5067 3171 5122 adventus
3191 5065 3244 5120 in
3265 5065 3573 5135 humilitate,
3604 5064 3852 5122 secundus

2266 5165 2320 5218 in
2351 5175 2559 5218 terrore.
2611 5190 2680 5202 —
2723 5161 2864 5216 Ecce
2891 5161 2941 5215 in
2973 5161 3154 5230 paucis
3191 5161 3548 5232 brevibusque
3577 5159 3851 5218 sententiis

2259 5266 2478 5311 sanctus
2500 5239 2588 5310 vir
2611 5256 2870 5311 adventus
2896 5253 3150 5312 dominici
3183 5254 3424 5312 ordinem
3475 5255 3689 5326 retulit,
3721 5269 3850 5324 pon-

2340 5413 2359 5498 ξ
2405 5414 2647 5482 Pratell.,
2689 5415 2824 5472 Utic.
2868 5424 2921 5470 et
2949 5414 3039 5471 alii
3069 5414 3275 5482 Norm.,
3312 5427 3470 5487 super
3519 5417 3843 5486 rorantem...

2261 5496 2306 5540 et
2337 5496 2388 5539 in
2418 5503 2706 5542 cavernam.

2334 5567 2360 5604 ε
2401 5556 2630 5621 Gemet.,
2657 5558 2742 5626 qui
2773 5557 3055 5611 obluctatus
3076 5557 3320 5626 fuerit....
3349 5575 3453 5613 non
3482 5558 3738 5615 nocebunt
3766 5571 3850 5612 ne-

2262 5644 2359 5697 que
2383 5630 2633 5683 occident.
2667 5632 2738 5683 lta
2773 5631 2933 5682 etiam
2961 5629 3129 5682 Laud.

2335 5697 2361 5736 ιι
2407 5701 2460 5754 In
2486 5701 2735 5755 omnibus
2759 5699 2947 5764 Editis,
2980 5701 3080 5753 nisi
3109 5699 3296 5768 Deum,
3325 5699 3510 5754 invitis
3541 5701 3674 5756 Mss.

2344 5769 2359 5808 ι
2406 5772 2498 5830 Ita.
2529 5788 2649 5825 cum
2679 5771 2866 5835 Laud.,
2901 5770 3088 5842 Nona.
3133 5782 3185 5827 et
3219 5785 3378 5842 pene
3423 5773 3686 5828 omnibus
3726 5771 3829 5826 Mss

2265 5852 2370 5898 vet.
2408 5843 2574 5908 Edit.,
2610 5844 2696 5897 ubi
2729 5841 3115 5898 recentioribus
3166 5841 3464 5900 editoribus
3515 5843 3688 5914 magis
3747 5843 3831 5913 pla

2263 5915 2394 5982 cuit,
2422 5932 2533 5983 qua:
2562 5923 2636 5967 est
2676 5914 2822 5968 Eccl.
