4104 6350
266 447 332 500 57
847 433 1203 492 MORALIUM
1243 432 1369 489 LIB.
1416 424 1601 487 XVIII.
1643 457 1714 469 —
1753 422 1818 481 IN
1856 416 2082 480 CAPUT
2121 408 2314 474 XXVII
2344 415 2431 472 ET
2461 414 2675 471 XXVIII
2712 415 2773 469 Β.
2815 411 2960 469 JOB.
3460 405 3532 465 38

266 558 388 611 dera
418 551 703 620 expressit,
734 549 857 619 quid
885 566 951 604 ex
994 549 1106 621 ejus
1133 548 1498 603 incarnatione
1524 544 1638 599 ﬁeri
1673 542 1843 621 potuit
1870 542 1924 603 Α
1946 550 2050 589 non
2070 532 2265 599 silebit;
2291 532 2423 603 ignis
2443 531 2497 583 in
2522 535 2811 621 conspectui
2848 531 2955 621 ejus
2985 521 3205 621 ardebit,
3257 520 3406 621 ρξ’-ξπ
3437 522 3540 621 cir-

266 618 576 703 aduurnndo
605 618 857 697 narravit.
892 618 1035 715 [Vet.
1064 639 1225 708 XIX,
1251 641 1371 694 ﬂec.
1406 636 1593 710 XXI.]
1627 618 1730 693 sed
1761 636 1853 706 qui

266 740 393 795 mira
426 740 549 792 fecit
578 736 633 791 in
663 735 959 790 humilitate
984 737 1225 799 veniens,
1258 730 1582 788 considerari
1618 747 1722 785 non
1755 744 1853 798 po-

266 841 366 886 test
396 846 518 883 cum
545 840 743 894 quanto
772 837 977 880 terrore
1009 836 1262 879 venturus
1289 836 1391 891 est,
1448 824 1500 877 in
1553 818 1852 891 majestatis

270 939 383 979 suae
409 920 721 976 fortitudine
751 928 1035 985 apparens.
1065 912 1208 971 Ordo
1232 914 1388 986 primi
1422 916 1681 969 adventus
1712 910 1854 970 illius

268 1012 485 1083 pensari
512 1023 566 1066 et
589 1009 828 1077 conspici
856 1010 906 1063 in
955 1019 1155 1062 tantum
1192 1007 1386 1075 putuit,
1416 1004 1467 1060 in
1496 1015 1755 1075 quantum
1788 1003 1854 1058 ad

266 1104 613 1163 redimendos
640 1103 884 1159 carnales
913 1103 1151 1167 veniens,
1178 1100 1470 1155 divinitatis
1510 1114 1621 1154 sua:
1653 1096 1857 1167 magni-

270 1201 511 1255 tudinem
538 1196 839 1253 carnalibus
859 1194 1028 1249 oculis
1059 1192 1393 1261 temperavit.
1422 1192 1551 1259 Quis
1580 1206 1709 1245 vero
1739 1190 1859 1259 ejus

271 1289 608 1346 celsitudinis
645 1299 904 1343 terrorem
955 1285 1109 1349 ierat,
1154 1299 1275 1338 cum
1327 1279 1546 1339 secundi
1597 1281 1857 1336 adventus

271 1382 512 1452 potentia
544 1396 636 1450 per
666 1379 828 1450 556
854 1381 1029 1447 ignem
1074 1376 1331 1447 judicium
1364 1392 1643 1443 exercens,
1680 1376 1731 1429 in
1758 1390 1861 1443 po-

272 1472 481 1527 testatis
505 1485 614 1525 sua:
638 1455 916 1539 majestate
964 1466 1279 1524 canduerit?
1331 1467 1482 1523 Unde
1512 1466 1594 1521 vir
1643 1476 1859 1520 sanctus

270 1562 565 1618 adventum
608 1560 755 1616 iltius
786 1568 969 1615 narrat
998 1557 1252 1630 primum,
1301 1557 1397 1613 sed
1426 1556 1657 1613 lassatur
1684 1554 1750 1611 ad
1776 1570 1862 1611 se-

269 1656 527 1721 cundum,
560 1654 744 1711 dicens
771 1673 785 1710 :

822 1779 1051 1848 CAPUT
1087 1784 1306 1843 XXXIII

1955 626 2097 680 cuitu
2115 625 2224 679 eius
2256 632 2525 687 tempestas
2561 622 2735 675 valida
2765 620 2935 676 (Psal.
2980 633 3122 683 thx,
3153 618 3227 681 5).
3276 615 3412 671 Hine
3442 614 3541 670 Su-

1958 714 2181 787 phonias
2215 716 2469 785 propheta
2515 711 2813 777 denuntiat,
2858 711 3044 766 dicens
3078 726 3092 763 :
3138 705 3301 761 Juxta
3338 716 3407 761 est
3438 706 3544 762 dies

1958 808 2169 865 Domini
2196 824 2432 881 magnus,
2456 810 2612 880 juxta
2668 817 2715 862 et
2762 805 2910 861 velox
2955 805 3129 859 nimis.
3164 803 3280 858 Vox
3305 803 3406 857 diei
3437 800 3545 857 Do-

1956 904 2082 957 mini
2130 918 2328 969 amara,
2356 900 2683 955 tribulabitur
2711 900 2779 954 ibi
2805 901 2968 970 fortis.
3025 899 3142 954 Dies
3171 898 3263 953 irte
3294 898 3401 952 dies
3430 898 3542 965 illa,

1959 992 2068 1049 dies
2096 994 2441 1049 tribulationis
2471 1002 2517 1048 et
2559 994 2830 1066 angustiae,
2860 993 2968 1047 dies
2994 992 3300 1046 calamitatis
3324 1001 3369 1045 et
3401 992 3549 1045 mise-

1958 1088 2070 1153 riaz,
2099 1087 2207 1142 dies
2234 1088 2552 1142 tenebrarum
2582 1095 2628 1140 et
2651 1084 2908 1154 caliginis,
2947 1085 3052 1139 dies
3075 1086 3271 1139 nebulae
3315 1093 3360 1138 et
3390 1082 3551 1138 turbi-

1959 1183 2061 1247 nis,
2110 1180 2216 1235 dies
2267 1179 2398 1235 tuba:
2428 1193 2471 1234 et
2496 1180 2752 1253 clangoris
2787 1176 3049 1251 (Sophon.
3077 1193 3115 1247 t,
3149 1179 3263 1248 14).
3298 1177 3324 1217 δ
3354 1176 3543 1232 Terro-

1962 1286 2074 1327 rem
2105 1286 2232 1342 ergo
2262 1271 2790 1336 distrimiexaminis,
2827 1285 2983 1339 quem
3007 1268 3307 1338 Sophonias
3340 1270 3546 1334 tubam,

1964 1361 2148 1418 beatus
2192 1363 2292 1418 Job
2339 1363 2637 1419 tonitruum
2689 1361 2943 1433 appellat.
2978 1360 3145 1427 Quem
3196 1359 3310 1415 Joel
3342 1376 3554 1430 quoque

1962 1454 2308 1511 considerans
2338 1453 2412 1509 ait
2446 1472 2458 1507 :
2488 1452 2864 1509 Canturbentur
2911 1466 3086 1505 omnes
3112 1449 3417 1505 habitatores
3448 1460 3553 1504 ter-

1962 1566 2053 1615 ra’,
2078 1550 2197 1620 quia
2225 1551 2355 1604 venit
2386 1550 2492 1604 dies
2545 1548 2776 1615 Domini,
2806 1549 2927 1620 quia
2959 1561 3118 1617 prope
3162 1556 3235 1599 est
3266 1545 3374 1598 dies
3418 1555 3555 1598 tene-
3610 1620 3613 1621 ν

1967 1641 2173 1695 brorum
2212 1650 2260 1695 et
2284 1638 2539 1712 caliginis,
2598 1642 2705 1695 dies
2757 1640 2902 1693 nubis
2949 1647 2996 1691 et
3050 1637 3285 1690 turbinis;
3334 1634 3557 1705 Magnus

1966 1734 2099 1785 enim
2128 1734 2233 1785 dies
2266 1732 2497 1799 Domini,
2544 1740 2591 1785 et
2615 1730 2853 1785 terribilis
2883 1730 3050 1795 valde,
3103 1738 3149 1783 et
3180 1729 3294 1799 quis
3338 1726 3559 1781 sustine-

1969 1824 2039 1877 bit
2073 1841 2188 1878 eum
2220 1823 2383 1893 (Joel.
2425 1838 2485 1889 ιι,
2521 1822 2613 1893 1)?
2644 1823 2748 1878 Sed
2797 1838 2955 1892 quam
3000 1818 3560 1890 incomprehensibilis

353 1924 515 1982 Vens.
548 1920 635 1980 14.
668 1953 736 1965 -
762 1918 897 1977 Ecce
922 1921 1029 1976 Ittec
1054 1936 1116 1975 ea:
1157 1926 1300 1989 parte
1330 1918 1468 1971 dicta
1496 1925 1615 1971 sunt
1665 1917 1864 1969 viarum
1894 1932 1942 1996 Β
1971 1917 2040 1970 sit
2069 1924 2227 1985 atque
2256 1914 2721 1969 inconsiderabilis
2746 1912 2832 1967 illa
2861 1912 3195 1983 magnitudo,
3230 1928 3334 1982 qua
3376 1912 3431 1967 in
3473 1926 3560 1966 se-

274 2020 422 2082 cius;
446 2028 495 2073 et
519 2032 633 2072 cum
672 2017 757 2071 vix
777 2030 983 2086 parvam
1012 2013 1202 2068 stillam
1232 2028 1519 2067 sermonum
1546 2012 1656 2080 ejus
1682 2008 1864 2062 audie—

272 2119 459 2186 rimus,
497 2118 608 2188 quis
634 2116 814 2188 poterit
842 2114 1125 2169 tonitruum
1176 2108 1542 2183 magnitudinis
1592 2107 1732 2161 illius
1786 2107 1865 2159 in-

277 2211 411 2267 tueri
424 2213 450 2265 .9

354 2303 447 2359 54.
491 2299 757 2356 Terribilis
774 2298 964 2370 judicii
1002 2292 1098 2351 Dei
1146 2294 1439 2365 descriptio.
1490 2322 1561 2333 —
1600 2292 1737 2360 Quid
1768 2291 1867 2344 hoc

281 2390 403 2450 Ioco
430 2395 637 2449 viarum
679 2394 891 2447 nomine
925 2389 1023 2445 nisi
1064 2389 1306 2443 actiones
1338 2384 1551 2442 Domini
1600 2385 1867 2456 appellat?

296 2486 450 2543 Unde
478 2495 530 2540 et
561 2500 655 2555 per
706 2484 1017 2553 prophetam
1072 2480 1326 2535 Dominus
1356 2479 1517 2535 dicit:
1567 2476 1688 2533 Non
1735 2478 1869 2531 enim

283 2581 510 2636 suntvia:
540 2592 661 2633 mete
681 2578 806 2630 sicut
834 2578 926 2629 vive
946 2582 1122 2629 vestra:
1150 2570 1305 2645 (lsai.
1337 2589 1424 2639 Lv,
1453 2571 1528 2643 8).
1562 2572 1866 2625 Adventum

289 2688 417 2743 ergo
474 2672 685 2727 Domini
719 2680 966 2734 narrans,
1017 2684 1127 2723 t'tas
1179 2665 1366 2723 Deiex
1399 2675 1545 2735 parte
1589 2666 1866 2730 retulerat,

283 2767 406 2836 quia
437 2766 537 2819 alia
571 2763 684 2832 ejus
709 2760 848 2817 actio
878 2762 994 2829 fuit,
1028 2776 1129 2829 qua
1181 2774 1277 2813 nos
1324 2757 1584 2826 condidit,
1618 2757 1720 2811 alia
1766 2769 1870 2825 qua

286 2858 532 2916 redemit.
561 2855 633 2911 Ea
662 2856 841 2926 itaque
869 2871 987 2925 qua:
1027 2856 1093 2909 de
1125 2854 1334 2908 Domini
1362 2853 1571 2907 actione
1612 2849 1867 2917 narravit,

288 2951 516 3008 extremi
570 2946 759 3019 judicii
806 2950 1207 3017 comparatione
1260 2947 1517 3017 levigans,
1573 2946 1691 2997 ait:
1739 2939 1872 2995 Ecce

291 3047 393 3099 hinc
414 3056 478 3099 ex
507 3054 650 3112 parte
674 3042 812 3095 dicta
839 3050 955 3095 sunt
991 3042 1184 3094 viarum
1212 3043 1342 3109 ejus.
1393 3037 1545 3104 Quod
1570 3044 1621 3090 et
1656 3046 1871 3102 parvam

288 3134 481 3190 stillam
508 3148 814 3189 sermonum
838 3132 953 3202 ejus
973 3131 1224 3201 appellat,
1246 3130 1368 3199 quia
1388 3126 1646 3199 quidquid
1674 3127 1868 3191 altum,

288 3226 545 3297 quidquid
580 3225 817 3282 terribile
854 3224 904 3279 in
938 3226 1036 3279 hac
1067 3225 1169 3277 vita
1199 3223 1353 3292 positi
1377 3221 1443 3277 de
1475 3221 1590 3291 ejus
1620 3220 1870 3275 conside-

1970 2008 2141 2065 cunda
2188 2009 2499 2065 ostensione
2528 2018 2785 2063 venturus
2814 2016 2912 2073 est,
2947 2006 3084 2062 bene
3134 2015 3404 2075 utcunque
3435 2021 3560 2075 per-

1972 2101 2275 2171 pendimus,
2322 2102 2367 2154 si
2401 2098 2555 2169 primi
2611 2098 2872 2153 adventus
2905 2097 3141 2167 pondera
3170 2096 3400 2151 sollicita
3428 2110 3560 2151 con-

1972 2192 2298 2248 sideratione
2320 2206 2630 2262 pensamus.
2658 2189 2819 2245 Certe
2844 2198 2900 2244 ut
2924 2205 3019 2245 nos
3046 2204 3075 2243 a
3104 2198 3280 2245 morte
3330 2188 3561 2244 redime-

1971 2296 2073 2351 ret,
2105 2284 2238 2337 mori
2270 2282 2525 2337 Dominus
2556 2281 2719 2352 venit,
2745 2291 2799 2336 et
2848 2279 3113 2336 deiectum
3152 2288 3347 2336 nostra:
3380 2281 3561 2336 carnis

1973 2376 2023 2429 in
2049 2390 2145 2429 S'lO
2172 2388 2395 2444 corpore
2428 2389 2719 2443 poenasque
2769 2371 3040 2428 toleravit.
3094 2370 3195 2439 Qui.
3245 2373 3561 2441 priusquam

1972 2465 2038 2520 ad
2064 2467 2242 2521 crucis
2273 2466 2565 2534 patibulum
2620 2464 2942 2534 perveniret,
3001 2463 3193 2531 teneri,
3227 2464 3471 2534 conspui,
3505 2463 3564 2519 il-

1973 2559 2103 2627 ludi,
2133 2571 2186 2614 et
2215 2560 2380 2629 alapis
2410 2560 2543 2615 caedi
2572 2575 2631 2615 se
2661 2559 2896 2629 pertulit.
2941 2558 3084 2613 Ecce
3111 2558 3175 2612 ad
3208 2568 3409 2629 quanta
3442 2572 3566 2626 pro~

1975 2660 2092 2723 pter
2126 2664 2223 2706 nos
2264 2652 2445 2719 venire
2474 2652 2667 2721 probra
2695 2649 3002 2717 consensit;
3055 2658 3109 2704 et
3157 2661 3336 2703 tamen
3391 2649 3566 2718 prius-

1975 2757 2134 2812 quam
2165 2758 2225 2797 se
2248 2743 2418 2797 teneri
2450 2744 2809 2812 permitteret,
2843 2751 3216 2812 persecutores
3246 2756 3372 2797 suos
3395 2740 3568 2811 requi-

1974 2833 2118 2899 sivit,
2149 2833 2332 2890 dicens
2367 2833 2546 2907 (Joan.
2592 2851 2742 2901 svnt,
2785 2836 2893 2905 4):
2951 2836 3114 2901 Quem
3158 2833 3424 2904 quwritis.’
3472 2833 3569 2892 Cui

1975 2923 2119 2979 illico
2145 2925 2539 2996 responderunt
2570 2943 2582 2978 :
2610 2924 2790 2981 Jesum
2832 2926 3186 2980 Nazarenam.
3221 2925 3425 2993 Quibus
3446 2940 3569 2981 cum

1978 3028 2199 3088 repente
2228 3017 2463 3086 diceret,
2493 3018 2609 3093 Ego
2647 3036 2781 3089 sum,
2812 3035 3000 3076 vocem
3034 3018 3373 3076 solummodo
3396 3020 3569 3076 mitis-

1978 3113 2131 3166 sima:
2160 3112 2533 3182 responsionis
2564 3112 2753 3179 edidit,
2805 3122 2857 3167 et
2907 3123 3143 3167 armatos
3200 3123 3572 3181 persecutores

1979 3218 2107 3259 suos
2136 3206 2379 3274 protinus
2431 3206 2484 3259 in
2517 3217 2716 3259 terram
2751 3206 2958 3263 stravit.
2993 3205 3130 3271 Quid
3159 3219 3287 3274 ergo
3327 3203 3569 3259 facturus

288 3296 494 3372 ratione
519 3317 892 3386 cognoscimus
922 3330 987 3369 ex
1031 3313 1392 3369 immensitate
1441 3310 1741 3367 caelestium
1788 3325 1873 3365 se-

1980 3307 2086 3366 est,
2133 3313 2253 3353 cum
2279 3296 2613 3369 iudicaturus
2641 3300 2869 3367 venerit,
2904 3298 2991 3367 qui
3043 3311 3145 3351 una
3198 3311 3330 3352 voce
3381 3298 3567 3351 hostes

292 3421 584 3477 cretorum,
618 3410 761 3465 velut
786 3410 963 3463 tenuis
988 3408 1053 3462 ad
1085 3422 1182 3463 nos
1210 3416 1356 3477 gutta
1383 3404 1599 3476 superni
1651 3405 1876 3476 liquoris

292 3510 506 3557 emanat
541 3518 553 3552 :
589 3498 657 3554 Et
691 3502 804 3569 quis
834 3502 1014 3569 poterit
1060 3501 1337 3554 tonitruum
1366 3497 1732 3569 magnitudinis
1762 3500 1876 3569 ejus

292 3591 529 3646 intueri?
567 3593 643 3646 Ac
672 3591 717 3645 si
746 3600 929 3660 aperte
964 3591 1103 3645 dicat
1129 3606 1143 3643 :
1193 3588 1250 3646 Si
1300 3589 1613 3643 lunnilitatis
1641 3588 1753 3658 ejus
1784 3588 1879 3642 ad-

294 3683 537 3739 miranda
591 3683 678 3737 vix
733 3682 989 3750 ferimus,
1038 3690 1345 3736 sonorumll
1376 3690 1535 3751 atque
1588 3680 1879 3735 terribilem

302 3776 597 3845 maiestatis
637 3774 755 3845 ejus
803 3774 1093 3829 adventum
1136 3788 1237 3844 qua
1287 3776 1486 3828 virtute
1548 3771 1881 3828 toleramus?

301 3864 449 3922 Hunc
480 3867 765 3921 tonitruum
794 3866 1054 3922 adventus
1083 3865 1225 3921 illius
1267 3866 1427 3921 etiam
1486 3862 1761 3919 Psalmista
1802 3865 1887 3919 in-

304 3967 475 4028 sonat,
506 3960 692 4015 dicens
722 3975 735 4013 :
762 3957 902 4012 Deus
927 3958 1199 4029 manifeste
1228 3959 1407 4025 veniet,
1444 3954 1580 4012 Deus
1614 3965 1804 4023 noster,
1834 3965 1883 4010 et

372 4105 398 4134 ι
439 4097 579 4151 Editt
611 4107 715 4153 vet.
750 4108 803 4153 et
840 4106 1065 4163 recent.,
1102 4098 1436 4153 horrendum.
1479 4100 1619 4153 Infra
1650 4099 1749 4152 soli
1793 4112 1882 4153 re-

305 4178 441 4239 cent.
475 4169 725 4237 insinuat,
758 4184 852 4239 pro
902 4171 1125 4239 insonat,
1158 4183 1213 4223 ut
1244 4169 1445 4225 habent
1472 4170 1602 4225 Mss.
1647 4169 1875 4238 Anglic.,

308 4237 511 4305 Nomu,
546 4237 1066 4310 Laud.,’ltel|ovac.,
1106 4237 1211 4295 etc.

1985 3407 2113 3447 suos
2144 3392 2392 3463 perculit,
2425 3392 2585 3447 etiam
2616 3407 2734 3446 cum
2754 3391 3074 3462 judicandus
3098 3391 3285 3446 Venit?
3312 3389 3465 3458 Quod
3496 3398 3575 3446 est

1986 3486 2116 3542 illud
2142 3487 2401 3557 judicium
2425 3487 2566 3558 quod
2600 3488 2915 3543 immortalis
2941 3497 2963 3526 ε
2996 3487 3194 3555 exerit,
3250 3486 3338 3556 qui
3368 3485 3423 3540 in
3473 3498 3577 3542 una

1990 3595 2123 3634 voce
2153 3596 2259 3636 non
2290 3583 2460 3651 potuit
2489 3578 2619 3635 ferri
2648 3580 2973 3635 moriturus?
3008 3580 3141 3646 Quis
3174 3578 3292 3651 ejus
3332 3578 3464 3633 iram
3497 3583 3579 3631 to-

1991 3676 2149 3742 leret,
2179 3676 2331 3744 cujus
2364 3684 2419 3729 et
2447 3676 2562 3743 ipsa
2590 3689 2699 3729 non
2732 3673 2900 3744 potuit
2929 3671 3287 3727 mansuetudo
3318 3666 3578 3725 tolerari?

1992 3766 2308 3822 Consideret
2336 3782 2463 3836 ergo
2494 3766 2574 3820 vir
2604 3774 2845 3832 sanctus,
2871 3776 2925 3819 et
2954 3764 3098 3819 dicat
3124 3782 3138 3817 :
3173 3762 3301 3818 Cum
3329 3761 3411 3815 vix
3454 3775 3581 3831 par-

1994 3874 2108 3914 vam
2133 3860 2327 3913 stillam
2366 3875 2654 3914 sermonum
2695 3862 2805 3932 ejus
2857 3857 3194 3924 audierimus,
3238 3855 3352 3926 quis
3401 3853 3583 3924 poterit

1993 3953 2278 4008 tonitruum
2307 3951 2675 4023 magnitudinis
2716 3952 2857 4007 illius
2900 3949 3126 4007 intueri?

2065 4093 2092 4134 δ
2136 4096 2302 4151 Paulo
2324 4095 2481 4150 aliter
2530 4097 2679 4150 locus
2721 4097 2807 4151 hic.
2852 4103 3027 4151 exstat
3052 4096 3107 4150 in
3146 4102 3304 4149 antea
3340 4089 3493 4160 Vulg.
3522 4086 3585 4142 ll-

1996 4168 2106 4222 lum
2135 4180 2316 4222 autem
2341 4168 2676 4223 restituimus
2703 4184 2767 4223 ex
2797 4167 2925 4224 Mss.
2972 4181 3108 4236 pene
3135 4164 3410 4221 omnibus.

2070 4251 2091 4277 ε
2136 4240 2349 4307 Gemet,
2383 4250 2599 4293 exercet.

312 4404 3590 4433 WW—

984 4575 1141 4649 557
1203 4553 1554 4636 LIBER
1630 4551 2172 4636 DECIMUS
2251 4550 2845 4636 OCTAVUS.

312 4703 622 4785 (Continet
660 4707 1116 4787 expositionem
1156 4712 1429 4789 capitum
1458 4720 1729 4794 xxvuet
1777 4727 1984 4794 xxviii
2040 4710 2189 4794 libri
2238 4711 2365 4772 Job
2414 4732 2605 4793 usque
2650 4713 2731 4776 ad
2758 4730 3005 4776 versum
3036 4714 3113 4776 21
3144 4713 3543 4778 dimidiatum
3570 4752 3592 4794 ,

1438 4791 1771 4852 secundum
1803 4790 2183 4870 multiplices
2215 4794 2479 4871 sensus.)

382 5032 533 5107 [Rec.
562 5031 642 5104 1.]
673 5034 723 5087 1.
753 5033 1040 5104 Scriptum
1062 5048 1224 5088 sacra:
1250 5033 1532 5088 obscuritas
1561 5036 1627 5090 ad
1658 5036 1895 5091 altiorem
1927 5041 1981 5099 D
2004 5032 2285 5089 obscurius
2311 5032 2516 5103 prolata
2538 5031 2854 5103 sentiamus,
2885 5050 2948 5090 ea
2979 5036 3141 5089 etiam
3172 5051 3291 5106 quae
3311 5044 3497 5107 aperte
3517 5030 3598 5092 αξη

314 5127 421 5194 ejus
448 5141 655 5179 sensum
682 5126 1086 5195 investigandum
1114 5143 1205 5181 nos
1227 5135 1408 5180 utovet.
1431 5126 1821 5196 —I’Ierumque
1845 5128 1900 5183 in

318 5230 471 5269 sacro
495 5216 708 5283 eloquio
732 5218 810 5271 sic
851 5218 1103 5273 nonnulla
1150 5218 1373 5289 mystica
1423 5219 1816 5286 describuntur,
1845 5229 1902 5275 ut

316 5315 494 5361 tamen
512 5307 661 5376 juxta
690 5311 1050 5366 narrationem
1080 5302 1388 5367 historicum
1450 5314 1651 5381 prolata
1680 5315 1900 5369 videan-

316 5406 417 5455 tur.
449 5398 557 5455 Sed
606 5415 749 5471 saepe
793 5402 931 5457 dicta
966 5404 1086 5458 talia
1114 5404 1168 5459 in
1198 5405 1383 5460 eadem
1421 5406 1671 5460 hismrica
1721 5421 1903 5460 narra-

318 5493 460 5547 tione
516 5493 772 5561 permista
822 5505 966 5560 sunt,
1002 5510 1095 5565 per
1135 5512 1254 5567 qua:
1298 5496 1611 5566 superficies
1663 5497 1900 5552 historia

313 5594 507 5639 cuncta
536 5594 779 5640 cassetur
811 5604 826 5641 ε
854 5602 973 5657 qua:
998 5586 1124 5641 dum
1175 5587 1246 5642 nil
1280 5588 1593 5643 historicum
1620 5594 1899 5654 resonant,

318 5674 460 5732 aliud
492 5674 545 5731 in
573 5678 652 5732 eis
676 5679 946 5748 inquirere
970 5678 1226 5735 lectorem
1262 5690 1478 5753 cogunt.
1506 5678 1602 5734 His
1649 5682 1791 5735 enim
1821 5680 1905 5735 di-
1970 5720 1978 5725 ε

319 5766 416 5825 clis
434 5785 553 5840 quae
579 5781 759 5839 aperta
786 5773 1072 5836 credimus,
1106 5788 1227 5828 cum
1257 5774 1535 5844 iuterjecta
1571 5774 1748 5844 aliqua
1777 5773 1904 5829 obs-

321 5863 500 5917 curius
524 5864 846 5929 ittveltitttus,
882 5868 1030 5934 quasi
1061 5866 1377 5935 quibusdam
1429 5867 1661 5920 stimulis
1712 5866 1903 5935 pungi-

2006 5136 2090 5180 cta
2147 5126 2470 5195 putavimus.
2504 5126 2636 5179 Cum
2688 5140 2820 5197 ergo
2873 5126 3061 5183 beatus
3108 5127 3212 5185 Job
3246 5129 3319 5183 de
3347 5142 3600 5186 sermone

2007 5219 2217 5273 Domini
2245 5218 2380 5273 etde
2405 5218 2774 5290 magnitudine
2800 5219 3015 5275 tonitrui
3042 5220 3372 5291 I0queretur,
3393 5220 3596 5277 eisdem

2005 5308 2187 5365 verbis
2217 5309 2459 5379 protinus
2506 5308 2834 5367 subinfertur
2866 5327 2881 5367 :

2270 5394 2476 5457 'CAUT
2500 5402 2766 5458 PRIMUM
2799 5402 2940 5474 [Vet.
2965 5402 3015 5471 I,
3044 5404 3168 5459 Rec.
3200 5402 3310 5475 11].

2077 5492 2207 5546 CAP.
2243 5506 2407 5557 xxvn,
2440 5507 2590 5547 vrns.
2622 5495 2759 5545 1,-
2787 5495 3001 5549 Addidit
3045 5508 3249 5569 quoque
3305 5495 3427 5566 Job,
3455 5511 3603 5551 assu-

2009 5601 2148 5639 mens
2174 5585 2468 5654 parnbolam
2494 5604 2661 5650 suam,
2693 5600 2738 5642 et
2768 5589 2858 5643 ait.

2078 5675 2133 5732 2.
2158 5677 2422 5749 Loquendi
2453 5694 2609 5749 genus
2638 5676 2737 5731 Job
2785 5680 3135 5749 parabolicum
3160 5692 3208 5736 et
3230 5684 3599 5754 mysticum.—

2009 5771 2126 5839 Qno
2149 5772 2389 5837 profecto
2420 5787 2576 5827 versu
2605 5772 2904 5827 ostenditur
2956 5774 3111 5843 hujus
3141 5776 3471 5831 sanctissimi
3496 5779 3596 5833 viri

2018 5865 2156 5920 dicta
2188 5881 2341 5933 quam
2371 5865 2593 5935 mystice
2619 5866 2722 5919 sint
2747 5865 2973 5936 prolata,
2997 5865 3121 5922 dum
3147 5868 3419 5937 parabola,
3441 5869 3489 5923 id
3523 5882 3605 5929 est

328 5970 463 6022 mur,
497 5965 554 6012 ut
599 5955 667 6012 ad
695 5957 871 6023 aliqua
917 5959 1073 6013 altius
1132 5957 1470 6027 intelligenda
1517 5957 1794 6031 vigilemus
1817 5999 1830 6023 ,
1856 5967 1911 6014 et
2020 5958 2311 6012 similitudo
2341 5970 2615 6028 assumpta
2641 5968 2884 6017 narratur
2910 5960 2976 6016 ab
3003 5976 3067 6017 eo
3097 5962 3185 6033 qui
3215 5962 3345 6019 nihil
3377 5962 3605 6023 inferius
