4104 6350
553 367 624 425 39
1258 312 1267 329 ‘
1777 366 2024 426 SANCTI
2067 364 2396 423 GREGORII
2432 364 2651 423 MAGNI
3760 368 3833 424 ιο

551 496 650 553 per
677 487 1130 552 comparationem
1160 482 1244 539 vel
1271 481 1672 540 similitudinem
1700 482 1953 553 loquitur.
1977 485 2131 540 Absit
2159 484 2213 545 Α
2235 483 2607 537 amaritudinis
2636 498 2747 538 suae
2780 491 3094 554 potestatem
3159 484 3365 554 tribuit,
3428 487 3523 544 sed
3589 492 3827 548 auctori.
3864 548 3873 577 _,

549 583 691 636 enim
725 595 792 635 ne
821 576 922 635 hoc
948 581 1065 635 loco
1094 580 1395 649 pavabolam
1428 579 1550 634 illud
1584 578 1798 633 musirze
1822 589 1849 617 ἰ
1878 594 2135 648 organum

549 672 863 726 sentiamus.
895 672 1076 742 Neque
1096 671 1238 726 enim
1274 672 1354 726 fas
1385 682 1464 726 est
1494 671 1717 726 credere
1747 671 1886 741 quod
1915 674 1965 725 in
1988 670 2134 725 afﬂi-

554 761 699 818 tione
726 777 1004 833 pinnarum
1052 764 1268 818 musicis
1317 773 1578 830 uteretur,
1602 779 1722 819 cum
1781 780 1876 833 per
1905 765 2135 835 Scriptu-

552 869 667 912 ram
709 869 857 910 suam
881 855 1075 911 veritas
1101 856 1245 911 dicat
1276 872 1290 910 :
1324 855 1527 911 Musica
1577 857 1630 910 in
1659 858 1800 910 luctu
1840 858 2131 927 importuna

550 948 783 1000 narratio
812 956 883 1001 est
914 946 1103 1018 (Eccli.
1134 964 1261 1012 χχιι,
1285 949 1362 1013 6).
1396 948 1677 1002 Nominata
1700 965 1828 1020 ergo
1852 950 2129 1017 parabola,

548 1037 903 1095 eccebtextu
959 1041 1074 1109 ipso
1124 1040 1375 1110 loquente
1429 1040 1534 1108 jam
1567 1042 1844 1105 discimus,
1871 1058 1936 1096 ne
1985 1044 2129 1111 justa

550 1118 751 1188 textum
797 1134 1164 1189 tantummodo
1214 1133 1331 1203 ejus
1361 1135 1519 1189 verba
1547 1150 1855 1203 pensemus.
1887 1136 1963 1190 Ad
2010 1150 2129 1191 eam

548 1224 727 1293 itaque
753 1226 1157 1279 similitudinem
1189 1236 1381 1280 cuncta
1432 1225 1690 1281 trahenda
1722 1239 1846 1280 sunt
1870 1243 1970 1293 qua
2001 1228 2131 1297 ligu-

548 1327 661 1373 rate
686 1317 926 1373 Ecclesia
955 1318 1283 1387 designatur.
1310 1318 1374 1372 Et
1396 1318 1447 1372 in
1476 1318 1593 1388 ipso
1611 1318 1823 1386 quidem
1851 1318 2129 1372 locutionis

546 1409 768 1466 exordio
791 1411 930 1463 dicta
953 1419 1136 1479 aperte
1162 1412 1363 1478 prolata
1390 1418 1532 1474 sunt,
1564 1410 1656 1464 sed
1686 1409 1981 1479 subjunctis
2008 1410 2131 1464 obs-

544 1502 842 1558 curioribus
894 1504 1251 1571 implicantur.
1298 1503 1428 1557 Nam
1481 1502 1657 1571 plana,
1692 1512 1748 1556 ut
1797 1505 1954 1567 solet,
1985 1503 2129 1557 lth’l-

547 1594 697 1648 tione
749 1593 983 1659 inchoat,
1012 1595 1104 1649 sed
1154 1595 1314 1649 verba
1344 1610 1438 1650 sua
1490 1611 1583 1663 per
1636 1598 1894 1668 mysticus
1942 1611 2131 1653 sensus

541 1686 755 1755 gravida
786 1688 1092 1742 narratione
1120 1697 1420 1744 consumat.
1450 1690 1632 1755 itaque
1661 1691 1772 1744 ait:

1001 1780 1228 1837 CAPUT
1260 1782 1298 1835 ll
1349 1781 1499 1853 [Rem
1522 1780 1663 1853 Ill].

2311 576 2365 632 4.
2384 576 2630 632 Diabolus
2653 581 2870 646 nullout,
2888 582 2985 635 nisi
3006 581 3109 635 Deo
3128 586 3451 654 permittente
3472 588 3704 642 tentandi
3734 606 3829 657 po-

2240 674 2466 722 testatem
2488 669 2843 726 habet.—Scit
2868 686 3098 741 namque
3120 675 3239 742 quia
3260 675 3505 728 diabolus
3530 677 3655 731 licet
3692 679 3831 734 affli-

2238 758 2438 815 tionem
2462 761 2724 830 justorum
2759 778 2973 832 semper
2995 774 3229 833 appetat,
3260 775 3435 820 tamen
3461 767 3503 821 si
3538 769 3605 823 ab
3632 779 3822 825 aucto-

2237 865 2297 906 re
2323 862 2505 907 nostro
2539 863 2852 923 potestatem
2889 873 2994 912 non
3024 858 3236 925 accipit,
3268 858 3333 912 ad
3384 862 3698 919 tentationis
3740 878 3830 919 ar-

2238 943 2456 998 ticulum
2484 947 2787 1004 nullatenus
2810 952 3101 1004 convescit.
3124 948 3274 1005 Unde
3298 963 3353 1006 et
3383 953 3558 1009 omnis
3580 955 3828 1013 voluntas

2235 1035 2434 1092 diaboli
2469 1040 2665 1109 injusta
2697 1053 2798 1108 est,
2824 1052 2879 1097 et
2910 1053 3084 1098 tamen
3113 1046 3454 1112 permittente
3498 1047 3604 1101 Deo
3646 1049 3826 1105 omnis

2236 1133 2620 1202 potestasjusta
2633 1175 2645 1187 .
2670 1135 2745 1188 Ex
2762 1150 2820 1189 se
2840 1136 2980 1190 enim
3002 1146 3209 1192 tentare
3225 1139 3495 1207 quoslibet
3518 1140 3715 1212 injuste
3732 1158 3827 1211 ap-

2234 1223 2385 1291 petit,
2403 1225 2492 1278 sed
2508 1241 2598 1280 eos
2613 1228 2698 1296 qui
2716 1229 2951 1283 tentandi
2966 1239 3109 1292 sunt,
3129 1244 3277 1297 prout
3298 1234 3535 1287 tentandi
3551 1247 3696 1300 sunt,
3716 1253 3822 1293 non

2233 1314 2333 1369 nisi
2355 1319 2543 1371 tentari
2566 1319 2858 1389 Deusjuste
2880 1322 3159 1389 permittit.
3181 1322 3198 1395 [
3217 1324 3322 1378 Vct.
3354 1323 3464 1397 11.]
3493 1324 3643 1380 Unde
3658 1329 3820 1383 etiam

2234 1410 2288 1464 in
2316 1409 2463 1464 libris
2496 1412 2695 1482 Regum
2719 1413 2785 1469 de
2802 1415 3015 1469 diabolo
3030 1417 3283 1483 scriptum
3309 1429 3419 1473 est:
3444 1418 3579 1487 Quia
3608 1439 3647 1493 ελ
3724 1420 3822 1477 'tus

2232 1500 2445 1554 Domini
2486 1507 2653 1557 malus
2684 1514 2707 1542 ο
2740 1506 2961 1559 irruebat
3006 1508 3059 1561 in
3111 1508 3244 1563 Saul
3286 1508 3339 1581 (1
3376 1511 3501 1582 Reg.
3532 1508 3682 1576 χνιιιζ
3712 1512 3841 1583 10).⁸

2236 1589 2333 1643 Ubi
2354 1590 2493 1661 juste
2515 1594 2857 1662 quaeritur:si
2875 1594 3107 1663 Domini,
3133 1614 3227 1654 cur
3253 1601 3454 1668 malus;
3487 1612 3541 1658 et
3562 1604 3604 1658 si
3631 1606 3824 1671 malus,

2232 1699 2328 1741 cur
2368 1686 2573 1742 Domini
2597 1690 2836 1744 dicatur?
2868 1691 2973 1747 Sed
3001 1693 3209 1748 duobus
3239 1696 3418 1751 verbis
3437 1699 3825 1768 comprehensa

2230 1780 2384 1849 estfet
2414 1790 2647 1847 potestas
2679 1781 2697 1821 ι
2724 1784 2866 1853 justa
2901 1785 2951 1839 in
2982 1786 3217 1856 diabolo,
3252 1798 3306 1844 et
3328 1792 3572 1847 voluntas
3599 1794 3822 1866 injusta.

622 1869 781 1924 Vens.
804 1871 941 1924 2.—
970 1870 1105 1924 Vivit
1130 1870 1285 1937 Deus,
1317 1874 1405 1941 qui
1422 1872 1629 1926 abstulit
1647 1873 1907 1944 judicium
1937 1889 2125 1938 meum,
2158 1868 2205 1929 Β
2232 1870 2365 1927 Nam
2394 1882 2448 1929 et
2474 1873 2589 1941 ipse
2627 1875 2827 1931 dicitur
2867 1879 3090 1947 spiritus
3119 1882 3290 1936 malus
3317 1898 3412 1951 per
3441 1885 3819 1956 nequissimam

543 1972 589 2016 et
625 1963 953 2034 Omnipotens
991 1965 1075 2031 qui
1107 1967 1175 2018 ad
1204 1967 1599 2019 amaritudinem
1649 1966 1867 2021 adduxit
1901 1969 2129 2022 animam

541 2072 727 2111 meant.

610 2148 661 2201 ὃ.
689 2148 880 2203 Contra
909 2151 1062 2203 verba
1104 2150 1471 2204 detrahentium
1500 2152 1769 2220 sapientia,
1805 2161 1979 2206 contra
2013 2168 2128 2217 per-

538 2243 854 2313 sequentium
880 2242 1083 2313 gladios
1097 2244 1343 2309 patientia
1370 2245 1801 2298 necessaria.—'5.
1819 2244 2019 2309 Quibus
2047 2245 2129 2297 ni-

541 2335 735 2390 mirum
760 2335 935 2389 verbis
962 2334 1147 2390 beatus
1175 2334 1275 2390 Job
1304 2343 1358 2389 et
1382 2351 1475 2389 sua
1505 2344 1707 2404 narrat,
1732 2346 1784 2390 et
1806 2347 2004 2391 sanctae
2032 2336 2129 2391 Ec-

537 2428 717 2484 clesia:
767 2438 1005 2497 tempora
1052 2427 1264 2482 afflicta:
1302 2428 1598 2497 significat,
1624 2429 1675 2481 in
1710 2429 1908 2499 quibus
1937 2438 2122 2498 aperta

537 2517 828 2574 infidelium
852 2518 1146 2587 pervicacia
1178 2520 1457 2588 premitur,
1474 2529 1529 2575 et
1562 2521 1947 2588 persecutionis
1973 2537 2122 2575 ama—

500 2644 509 2651 ι
540 2613 773 2670 ritudine
816 2612 1180 2683 perturbatur.
1214 2613 1430 2668 Duobus
1456 2629 1686 2683 namque
1734 2615 1906 2669 modis
1943 2614 2124 2668 Eccle-

536 2704 615 2756 sia
648 2704 838 2757 tentari
863 2703 931 2757 ab
961 2703 1282 2759 adversariis
1307 2706 1461 2772 solet,
1499 2714 1557 2758 ut
1586 2706 1833 2759 videlicet
1874 2720 2119 2773 persecu-
2183 2778 2186 2787 η

538 2794 735 2850 tionem
768 2803 863 2850 aut
886 2795 1065 2849 verbis
1105 2797 1355 2865 patiatur,
1390 2806 1483 2852 aut
1532 2798 1744 2868 gladiis.
1779 2799 1970 2854 Sancta
1995 2815 2121 2856 vero

538 2886 777 2942 Ecclesia
836 2903 1179 2958 summopere
1211 2890 1409 2945 habere
1443 2902 1464 2929 ε
1498 2893 1809 2959 sapientiam
1833 2904 1886 2948 et
1915 2896 2119 2963 patien-

537 2979 662 3033 tiam
695 2981 896 3035 studet.
928 2980 1032 3035 Sed
1057 2991 1340 3037 cxercetur
1362 2984 1477 3051 ejus
1502 2985 1762 3055 sapientia
1795 3002 1915 3041 cum
1950 2998 2121 3041 tenta-

533 3079 618 3125 tur
641 3072 840 3134 verbis.
872 3082 1154 3128 exercetur
1179 3073 1292 3142 ejus
1322 3075 1576 3144 patientia
1604 3092 1721 3131 cum
1754 3088 1988 3134 tentatur
2008 3082 2116 3151 gla-

531 3162 655 3220 diis.
708 3162 856 3216 Nunc
900 3179 1029 3218 vero
1093 3166 1157 3219 de
1214 3181 1275 3220 ea
1329 3172 1702 3234 persecutione
1752 3171 2016 3241 loquitur.
2063 3174 2113 3226 in

2234 1965 2597 2032 voluntatem;
2632 1976 2685 2021 et
2734 1968 2873 2023 idem
2915 1972 3137 2039 Spiritus
3169 1972 3378 2028 Domini
3413 1991 3507 2045 per
3548 1988 3821 2046 acceptam

2229 2054 2578 2124 iustissimam
2601 2068 2941 2129 potestatem.
2964 2063 3104 2119 liene
3121 2082 3246 2134 rrgo
3260 2066 3455 2122 dicitur
3472 2087 3485 2123 :
3508 2069 3644 2123 Vivit
3660 2070 3818 2139 Deus,

2231 2150 2322 2217 qui
2350 2149 2561 2204 abstulit
2573 2152 2833 2223 judicium
2859 2171 3046 2222 meum,
3067 2167 3113 2209 et
3138 2157 3469 2231 Omnipotens
3488 2163 3578 2232 qui
3604 2165 3669 2216 ad
3690 2180 3820 2218 ama-

2232 2243 2509 2296 ritudinem
2523 2244 2743 2298 adduxit
2755 2246 2982 2301 animam
2999 2265 3185 2315 meam,
3204 2252 3324 2319 quia
3340 2253 3438 2308 etsi
3467 2254 3633 2309 hostis
3645 2258 3816 2322 saevit,

2230 2333 2320 2401 qui
2373 2333 2536 2392 ferire
2580 2338 2805 2406 appetit,
2835 2351 3045 2396 creator
3076 2352 3253 2399 tamen
3306 2355 3387 2401 est
3426 2348 3513 2416 qui
3543 2363 3662 2403 eum
3695 2358 3721 2397 ε
3753 2350 3819 2404 ad

2232 2424 2433 2492 aliquid
2487 2429 2782 2496 prmvalere
2814 2434 3097 2500 permittit.
3122 2435 3226 2492 Sed
3246 2439 3368 2507 quia
3401 2450 3616 2496 sanctus
3645 2443 3725 2496 vir
3752 2444 3819 2497 ad

2227 2519 2426 2587 aliquid
2457 2520 2720 2578 invocata
2750 2525 2844 2580 Dei
2877 2528 2983 2583 vita
3012 2544 3071 2584 se
3118 2534 3462 2601 constrinxit,
3491 2533 3513 2571 ιι
3540 2536 3819 2593 audiamus

2227 2611 2351 2695 quid
2394 2627 2515 2670 sese
2559 2620 2973 2689 constringendo
3000 2621 3294 2694 subjungit.
3319 2626 3601 2695 Sequitur:

2260 2690 2275 2713 '
2686 2710 2910 2768 CAPUT
2936 2713 3001 2768 Ill
3044 2690 3250 2787 in...)
3266 2717 3347 2792 V].

2302 2804 2463 2861 Vsus.
2497 2807 2583 2862 51.
2614 2838 2684 2849 -
2712 2808 2844 2875 Quia
2879 2813 3037 2866 donec
3093 2826 3322 2880 superest
3343 2817 3533 2874 halitus
3564 2821 3616 2874 in
3650 2838 3746 2889 me,
3769 2837 3818 2879 et

2226 2899 2449 2968 Spiritus
2480 2901 2576 2955 Dei
2590 2904 2655 2979 in
2711 2906 2916 2961 naribus
2947 2909 3092 2973 meis,
3115 2927 3215 2964 non
3246 2912 3514 2978 loquentur
3542 2915 3678 2969 labia
3708 2934 3819 2972 mea

2222 2989 2560 3061 iniquitatem,
2587 3010 2677 3048 nec
2733 2994 2914 3068 lingua
2937 3016 3048 3054 mea
3080 3002 3408 3056 meditabitur
3437 3007 3776 3063 mendacium.

2296 3081 2347 3134 5.
2381 3080 2509 3137 Cum
2539 3101 2686 3140 omne
2728 3088 3083 3144 amendacium
3111 3092 3354 3162 iniquitas
3376 3097 3462 3163 sit,
3495 3115 3559 3151 ne
3610 3100 3815 3169 quidem

2225 3176 2342 3229 licet
2366 3179 2524 3232 vitam
2550 3181 2818 3245 cuiuslibet
2842 3186 3106 3241 mendacio
3122 3187 3639 3259 defendere—Quod
3670 3196 3815 3265 prius

531 3272 633 3325 qua
684 3264 786 3312 non
835 3259 1067 3328 gladiis,
1112 3260 1204 3315 sed
1260 3258 1408 3315 falsis
1464 3264 1845 3319 assertionibus
1890 3266 2118 3320 lacessi-
2149 3257 2199 3325 C
2232 3269 2589 3340 iniquitatem,
2626 3272 2727 3329 hoc
2777 3278 3116 3345 postmodum
3170 3292 3421 3349 repetens
3470 3257 3810 3344 mendacium

533 3357 638 3404 tur.
669 3349 859 3405 Multos
903 3364 1079 3406 autem
1130 3354 1380 3407 novimus
1404 3355 1492 3423 qui
1534 3369 1654 3410 cum
1686 3357 1737 3410 in
1762 3357 1861 3410 hac
1889 3358 1993 3411 vita
2024 3361 2118 3411 ali-

531 3428 635 3512 qua
666 3445 889 3497 adversa
919 3444 1210 3514 patiuntur,
1243 3446 1407 3501 Deum
1438 3462 1558 3501 csse
1586 3448 1833 3503 credunt.
1866 3449 2115 3507 Nonnulli

531 3548 663 3587 vero
697 3535 862 3588 Deum
893 3550 1014 3590 esse
1038 3537 1327 3601 aestimant,
1359 3538 1452 3592 sed
1500 3553 1587 3593 res
1620 3540 1877 3595 humanas
1901 3543 2118 3597 minime

529 3640 736 3683 curare.
761 3628 835 3682 De
864 3627 968 3683 illis
996 3631 1189 3699 quippe
1221 3646 1315 3698 per
1345 3630 1509 3685 David
1540 3631 1735 3685 dicitur
1767 3650 1780 3685 :
1822 3633 1961 3687 Dixit
1987 3635 2116 3687 insi-

529 3723 674 3791 piens
706 3722 759 3775 in
786 3723 939 3776 corde
979 3738 1096 3786 suo,
1121 3721 1243 3776 Non
1283 3733 1356 3776 est
1404 3722 1542 3776 Dens
1574 3722 1747 3793 (Psal.
1774 3740 1887 3789 xm,
1922 3724 1995 3793 1).
2022 3726 2113 3780 Ιθιί

527 3825 660 3869 vero
685 3810 709 3849 ἀ
737 3813 875 3881 apud
922 3828 1044 3869 eum
1090 3813 1277 3868 dicunt
1304 3831 1317 3868 :
1344 3814 1505 3886 558
1536 3815 1804 3879 Quomodo
1828 3818 1922 3870 scit
1957 3818 2111 3880 Deus,

528 3914 577 3959 et
605 3906 647 3959 si
670 3915 741 3959 est
770 3907 981 3960 scientia
1012 3908 1063 3961 in
1098 3908 1297 3962 excelso
1321 3908 1491 3979 (Psal.
1527 3926 1689 3974 Lxxn,
1718 3910 1841 3977 ll)?
1883 3913 1949 3965 Et
1996 3929 2113 3968 tur-

529 4010 622 4051 sus
650 4012 664 4049 :
695 3995 762 4049 Et
792 3998 1054 4064 dixerunt,
1087 4014 1189 4052 non
1238 4000 1423 4053 videbit
1457 4000 1728 4069 Dominus,
1763 4020 1851 4056 nec
1866 4004 2113 4079 intelliget

530 4086 675 4143 Deus
701 4085 861 4143 Jacob
887 4088 1062 4159 (Psat.
1097 4106 1354 4155 Luxxni,
1386 4090 1463 4161 7).
1493 4092 1582 4145 Vir
1608 4108 1734 4162 ergo
1772 4095 1871 4150 iste
1909 4109 2109 4153 sancite

528 4178 781 4234 Ecclesiae
806 4190 986 4251 typum
1017 4192 1231 4251 gestans
1253 4182 1305 4237 in
1336 4183 1448 4252 ipsa
1471 4183 1776 4243 aillicdouis
1824 4204 1933 4243 sua:
1965 4206 2111 4246 ama-

526 4271 761 4327 ritudine
783 4274 1122 4338 constitutus,
1148 4285 1332 4330 contra
1362 4284 1616 4347 utrosque
1646 4282 1943 4348 restiondit.
1977 4284 2107 4340 Nam

496 4400 497 4405 η
524 4362 646 4432 quia
673 4364 958 4419 essentiam
990 4366 1096 4419 vita
1121 4365 1296 4432 habet,
1331 4382 1475 4421 mors
1503 4384 1607 4424 non
1637 4371 1817 4436 habet,
1855 4384 1912 4428 ut
1942 4376 2106 4431 Deum

526 4471 647 4511 esse
678 4456 952 4522 fateretur,
973 4458 1045 4512 ait
1075 4474 1089 4512 :
1128 4457 1260 4512 Vivit
1311 4460 1469 4515 Deus.
1493 4460 1561 4516 Ut
1591 4479 1716 4517 vero
1742 4480 1860 4520 eum
1886 4483 1972 4524 res
2002 4470 2106 4525 ltu-

524 4563 710 4607 manas
736 4564 923 4605 curare
954 4550 1276 4619 perhiberet,
1304 4552 1576 4608 subdidit:
1604 4556 1705 4620 Qui
1724 4560 1932 4613 abstulit
1951 4564 2105 4633 judi-

2222 3359 2369 3413 dit-it.
2403 3361 2532 3417 Nam
2565 3372 2618 3419 et
2646 3380 2805 3420 omne
2827 3369 3161 3426 mendacium
3194 3373 3442 3441 iniquitas
3472 3387 3575 3441 est,
3605 3388 3658 3433 et
3696 3396 3815 3436 om-

2220 3454 2305 3508 nis
2338 3455 2587 3525 iuiquitas
2618 3459 3116 3531 mendacium,quia
3144 3464 3382 3532 profecto
3421 3467 3435 3505 ί
3470 3468 3539 3523 ab
3560 3472 3812 3540 aequitate

2222 3546 2490 3616 discrepat
2512 3550 2766 3619 quidquid
2796 3567 2826 3604 a
2851 3553 3074 3609 veritate
3094 3556 3384 3613 discordat.
3416 3560 3521 3617 Sed
3552 3563 3693 3618 inter
3711 3566 3812 3620 hoc

2219 3647 2360 3713 quod
2390 3647 2483 3713 ait,
2518 3647 2687 3717 loqui,
2713 3658 2767 3704 et
2790 3652 3125 3720 postmodum
3152 3654 3350 3720 subdit,
3386 3658 3653 3725 meditari,
3689 3675 3807 3714 ma-

2222 3751 2322 3806 gna
2362 3738 2614 3793 distantia
2645 3752 2747 3795 est.
2793 3742 3176 3814 Nonnunquam
3203 3748 3343 3801 enim
3378 3749 3528 3817 pejus
3555 3760 3637 3805 est
3662 3767 3810 3808 men-

2218 3829 2428 3884 dacium
2461 3833 2725 3897 meditari,
2760 3850 2916 3903 quam
2950 3835 3116 3906 loqui.
3148 3837 3279 3892 Nam
3320 3838 3460 3909 loqui
3494 3842 3809 3914 plerumque

2217 3922 2660 3991 prmcipitationis
2682 3933 2786 3991 est,
2805 3926 3049 3981 meditari
3066 3943 3193 3984 vero
3221 3929 3473 3985 studiosa:
3499 3933 3801 4000 pravitatis.

2217 4010 2285 4066 Et
2314 4013 2433 4080 quis
2464 4013 2677 4083 ignoret
2707 4017 2758 4070 in
2790 4030 2983 4087 quanta
3010 4020 3259 4074 distantia
3286 4022 3437 4092 culpa
3465 4023 3807 4094 distinguitur

2220 4102 2233 4154 i
2284 4113 2459 4159 utrum
2494 4107 2912 4176 praecipitationis
2940 4112 3150 4182 aliquis,
3179 4129 3243 4167 an
3276 4115 3454 4171 Studia
3475 4119 3806 4173 mentiatur?

2214 4195 2319 4252 Sed
2361 4198 2441 4251 vir
2486 4208 2728 4266 sanctus,
2761 4211 2817 4256 ut
2874 4204 3106 4273 perfecte
3135 4206 3405 4262 adhirreat
3439 4209 3675 4276 veritati,
3707 4227 3805 4267 nec

2212 4289 2397 4344 studio
2423 4304 2482 4345 se
2506 4294 2768 4359 perhibet,
2796 4308 2892 4350 nec
2923 4298 3342 4366 praecipitatione
3382 4300 3614 4356 mentiri.
3647 4305 3804 4357 Sum-

2211 4396 2430 4451 mopere
2460 4384 2600 4439 enim
2628 4387 2923 4442 cavendum
2951 4398 3034 4445 est
3060 4404 3218 4445 omne
3249 4392 3605 4457 mendacium,
3639 4394 3802 4469 559

2209 4476 2452 4544 quamvis
2500 4493 2879 4549 nonnunquam
2930 4481 3001 4535 sit
3055 4484 3269 4554 aliquod
3323 4485 3585 4541 mendacii
3632 4503 3800 4555 genus

2210 4570 2379 4639 culpa:
2437 4572 2652 4628 levioris
2677 4614 2692 4640 ,
2722 4573 2769 4629 si
2810 4576 3088 4645 quisquam
3122 4574 3146 4613 ¹ί
3189 4579 3495 4648 praestando
3526 4581 3795 4636 mentitur.

523 4642 657 4696 cium
677 4658 866 4700 meum.
885 4650 931 4696 et
951 4642 1020 4696 ad
1031 4644 1423 4697 amaritudinem
1444 4646 1897 4703 adduxitanimam
1920 4669 2105 4708 meam.
2139 4666 2189 4726 Ι)
2214 4661 2315 4716 Sed
2346 4664 2464 4732 quia
2489 4664 2743 4734 scriptum
2766 4642 2847 4721 est
2881 4686 2893 4722 :
2928 4642 2998 4723 (is
3020 4671 3156 4738 quod
3186 4642 3446 4740 mentitur,
3469 4675 3654 4729 occidit
3680 4676 3800 4729 ani-

521 4730 623 4791 lsta
671 4735 867 4790 etenim
924 4751 1043 4806 qua:
1100 4736 1316 4805 patitur,
1341 4752 1444 4793 non
1492 4753 1617 4795 casu
1646 4756 1705 4798 se
1752 4746 1977 4814 perpeti,
2009 4750 2101 4802 sed

522 4826 635 4902 Deo
663 4828 844 4882 omnia
887 4827 1203 4897 disponente
1253 4839 1506 4897 testatur;
1568 4849 1667 4889 nec
1717 4842 1963 4891 tentatori
1997 4853 2096 4894 suo

596 4971 623 5000 ι
653 4962 866 5038 Nullum
899 4967 1139 5022 novimus
1164 4978 1421 5038 organum
1450 4973 1710 5028 musicum
1743 4975 1811 5029 ita
1846 4992 1985 5031 nunc
2016 4990 2107 5032 aut

523 5033 650 5118 olim
683 5036 1027 5118 appellatum.
1078 5033 1263 5107 Aliqua
1292 5053 1480 5118 tamen
1522 5045 1597 5118 sic
1644 5046 1784 5099 dicta
1834 5047 2103 5118 conjicere.

521 5104 643 5189 licet
658 5118 886 5189 propter
914 5107 1133 5189 figuram
1160 5104 1516 5179 parabolicam
1565 5116 1703 5170 linea
1733 5104 1981 5172 nimirui'n
2011 5135 2104 5189 pa-

520 5176 756 5231 rabolica
780 5176 1124 5247 descriptam.

592 5247 874 5325 b__Recent.
913 5248 1037 5325 tim,
1068 5268 1129 5305 ea:
1157 5260 1327 5325 textu,
1352 5254 1419 5309 ab
1448 5256 1840 5325 antiquioribus
1873 5260 2103 5317 Excusis

518 5326 574 5372 et
615 5318 762 5401 M_ss._
790 5318 1120 5401 recedentes.
1162 5318 1343 5401 Geitn.
1378 5318 1591 5401 liabet,
1635 5344 1756 5400 ergo
1803 5333 2101 5401 parabolam

518 5404 632 5443 ecce
651 5397 799 5466 lentu
825 5393 934 5466 ipso
966 5396 1196 5459 loquente
1214 5398 1328 5466 jam
1354 5397 1617 5452 discimus.

595 5470 617 5534 ξ
648 5459 689 5534 ἓ
710 5459 902 5527 Laud.,
929 5459 1229 5534 sapientiam
1256 5474 1302 5518 et
1334 5469 1594 5522 scientiam
1624 5472 1812 5525 studet.

592 5527 620 5567 ἀ
649 5527 1080 5613 Fortasse,_npud
1103 5535 1450 5613 Psalmistam.
1478 5541 1531 5613 ln
1559 5541 1725 5593 Edtiis
1750 5544 1943 5613 legitur
1962 5547 2101 5611 apud

517 5618 602 5684 s_e;
628 5604 720 5657 sed
751 5604 1032 5684 legendum
1065 5610 1217 5684 apud
1241 5624 1349 5661 eum
1394 5626 1455 5662 ex
1489 5612 1614 5664 Mss.
1656 5604 1862 5678 Nor-ni”
1907 5604 2097 5684 Laud,

516 5672 965 5747 Turon.,Germ.,
988 5672 1151 5734 Corb.
1178 5677 1385 5747 Germ.,
1412 5690 1515 5734 etc.

591 5747 668 5800 ⁸1
704 5746 890 5811 Laud.,
927 5749 1093 5802 irruit.

594 5815 611 5853 ί
648 5817 893 5888 Vindoc.,
925 5821 1069 5889 justa
1119 5838 1149 5874 a
1188 5820 1405 5876 Domino
1450 5838 1493 5878 rt
1548 5826 1599 5879 in
1632 5825 1840 5882 diabolo
1871 5830 2099 5885 voluntas

521 5902 734 5946 iniusta.

2213 4773 2344 4810 mam
2373 4757 2523 4829 (Sap.
2560 4775 2599 4823 ι,
2633 4761 2747 4829 11).
2781 4761 2844 4815 Et
2880 4780 2891 4815 :
2942 4760 2957 4799 ι
2992 4761 3189 4819 Perdes
3218 4783 3389 4822 omnes
3415 4785 3500 4838 qut
3522 4769 3799 4833 loquuntur

2207 4850 2533 4904 mendacium
2566 4850 2735 4922 (Psal.
2772 4868 2823 4917 v,
2855 4854 2931 4923 7),
2983 4857 3081 4912 hoc
3110 4873 3319 4929 quoque
3346 4869 3385 4896 ω
3414 4862 3678 4917 mendacii
3706 4877 3797 4933 ge-

2288 4992 2312 5057 ξέ
2412 4983 2605 5050 Laud.,
2634 4989 2825 5056 aliquot
2858 4992 3147 5057 praevalere.

2282 5049 2308 5088 1³
2341 5053 2549 5119 Νονιηη
2576 5049 2852 5115 videamus.

2286 5124 2301 5209 ξ
2343 5124 2590 5209 Eli-udum,
2616 5128 2680 5181 ab
2704 5132 2970 5209 iniquitate
2995 5151 3098 5187 non
3127 5136 3401 5209 discrepat.

2281 5194 2295 5262 l
2339 5197 2360 5249 1
2398 5196 2588 5262 Laud.,
2616 5194 3157 5261 utrum'distinctione.

2277 5261 2305 5302 ε
2519 5261 2725 5345 omnes,
2758 5274 2911 5345 vitam
2940 5282 3250 5345 prwstando.
3282 5283 3347 5335 At
3375 5283 3529 5338 deest
3555 5287 3712 5341 uitam
3738 5290 3789 5343 in

2208 5334 2334 5428 biss.
2358 5337 2515 5419 φατι).
2546 5334 2752 5428 Germ,
2780 5334 3008 5411 Turon.,
3041 5334 3319 5428 _l.audun.,

2206 5414 2334 5488 etc.,
2367 5409 2549 5488 itaque
2593 5412 2677 5467 hic
2724 5428 2970 5488 praestare
2998 5409 3272 5488 bsigniticat
3298 5409 3791 5487 'beneiac'erev.nSit;

2206 5480 2367 5572 etiam
2413 5480 2821 5572 sumiturnapud
2869 5480 3472 5572 lsidortimlGregorii,
3509 5480 3792 5572 niihil:

2208 5552 2504 5615 clironum,
2550 5554 2613 5638 in
2652 5554 3085 5638 Slynonyiuisnc.
3120 5552 3207 5629 111,
3246 5552 3791 5638 deutnendacio,_itec

2209 5634 2329 5701 casu
2360 5638 2448 5708 nec
2478 5626 2647 5708 studio
2682 5626 2907 5708 loquaris
2940 5630 3157 5708 falsum,
3190 5626 3281 5690 nec
3315 5646 3368 5690 ut
3406 5626 3614 5708 privates
3644 5626 3787 5698 inea;

2209 5691 2539 5784 (friatis—deas.
2566 5697 2656 5750 Sic
2686 5691 2950 5765 profertur
2976 5703 3060 5759 hic
3084 5691 3233 5762 locus
3254 5724 3303 5764 c.
3327 5691 3785 5784 aaj‘qi'a','c'ﬁ'i'é,

2208 5774 2354 5832 omne
2370 5781 2545 5832 genus.

2285 5831 2301 5871 ι
2341 5831 2458 5910 Dpo
2488 5838 2683 5905 Laud.,
2715 5840 2891 5910 perdes
2917 5860 3020 5900 eos.

2289 5915 2324 5941 η’
2359 5906 2519 5962 Norm
2531 5949 2565 5977 .,
2593 5906 2931 5967 mendacium.
