4104 6350
301 329 359 383 41
1050 326 1406 386 MORALIUM
1447 329 1574 387 LIB.
1617 329 1805 387 XVIII.
1847 360 1884 373 -

1990 332 2021 387 ι
2060 329 2290 387 CAPUT
2331 330 2525 388 xxvu
2563 332 2622 387 ιι.
2666 288 2815 389 ,ιοθῖ
3496 341 3567 399 is

302 459 399 499 nus
430 444 650 513 perfecti
680 443 780 500 viri
813 458 1156 515 summopere
1181 446 1408 515 fugiunt,
1443 457 1499 500 ut
1529 462 1629 501 nec
1651 449 1754 501 vita
1786 462 1879 500 cu--
1905 458 1960 517 Α
1985 462 2129 511 XLVI,
2151 464 2199 504 c.
2220 448 2281 517 2)
2305 450 2394 518 qui
2425 449 2553 504 dum
2582 452 2721 505 male
2751 451 2888 506 facta
2919 418 3191 511 hominum
3225 457 3469 515 laudibus
3489 464 3566 517 ef-

296 537 517 610 juslibet
545 552 641 607 per
682 552 867 592 eorum
920 536 1188 594 fallaciam
1241 537 1577 602 defendatur,
1612 548 1639 576 ι
1673 556 1738 594 ne
1767 554 1877 594 sure

300 629 494 687 anima:
545 641 799 697 noceant,
828 630 954 685 dum
987 642 1242 700 prmstare
1266 631 1428 685 vitam
1458 633 1606 685 carni
1635 632 1879 686 nituntur

298 727 523 791 alienae;
555 740 857 796 quanquam
890 726 992 781 hoc
1038 726 1210 794 ipsum
1247 725 1449 795 peccati
1493 741 1660 797 genus
1685 725 1880 780 facilli—

301 834 387 875 me
407 820 676 874 credimus
699 819 947 873 relaxari.
977 817 1110 872 Nam
1137 820 1182 873 si
1221 818 1472 888 quaelibet
1492 819 1646 888 culpa
1676 818 1791 888 (2‘2,
1823 835 1876 888 q.

298 914 352 981 2,
383 932 433 968 c.
477 913 594 984 20),
625 914 869 983 sequenti
938 913 1074 967 solet
1124 913 1205 981 pia
1262 913 1575 980 operatione
1630 914 1876 983 purgari;

300 1022 498 1079 quanto
547 1009 715 1080 magis
772 1009 887 1063 haec
936 1007 1090 1062 facile
1135 1007 1485 1076 abstergitur,
1517 1024 1674 1077 quam
1709 1017 1878 1062 mater

300 1104 426 1159 boni
457 1103 637 1172 operis
659 1105 829 1171 pietas
859 1102 969 1170 ipsa
992 1101 1315 1155 comitatur?

368 1196 419 1252 6.
452 1196 811 1264 Respondetur
837 1193 1109 1266 objectioni
1131 1209 1192 1247 ex
1234 1192 1559 1246 obstetricum
1595 1190 1880 1263 (Egyptia-

298 1306 414 1343 rum
453 1288 716 1341 mendacio
747 1284 1262 1357 petita—Nonnulli
1288 1301 1415 1339 vero
1440 1300 1506 1338 ex
1528 1284 1876 1339 obstetricum

300 1381 517 1477 fallacia
546 1360 809 1434 conantur
854 1392 1095 1432 asserere
1140 1377 1240 1429 hoc
1289 1375 1549 1429 mendacii
1574 1390 1743 1443 genus
1774 1391 1880 1429 non

299 1456 421 1529 ἐεξ..
447 1456 745 1542 peccatum,
776 1469 1005 1524 maxime
1031 1468 1172 1535 quod
1204 1468 1312 1521 illis
1339 1468 1719 1522 mentientibus
1748 1466 1882 1520 scri-

298 1577 443 1638 ptum
471 1576 585 1620 est:
608 1565 743 1631 Quia
757 1563 1152 1631 wdi/icavititlis
1178 1561 1427 1615 Dominus
1455 1562 1635 1614 domos
1683 1559 1879 1629 (Exod.

297 1673 335 1725 ι,
380 1656 496 1727 2t).
533 1657 589 1710 In
629 1670 729 1725 qua
778 1652 949 1723 magis
1007 1654 1502 1723 recompensatione
1544 1652 1883 1722 cognoscitur

297 1751 421 1821 quid
450 1750 715 1805 mendacii
760 1749 911 1820 culpa
943 1760 1233 1804 mereatur.
1262 1751 1394 1802 Nam
1425 1748 1760 1817 benignitatis
1791 1763 1881 1803 ea-

1985 539 2184 603 ferunt,
2208 550 2405 608 augent
2433 557 2552 609 qua:
2593 544 2869 611 increpare
2898 545 3220 602 debuerunt.
3253 550 3389 607 Hinc
3418 555 3562 609 enim

1985 646 2079 700 per
2107 632 2418 700 prophetam
2444 634 2638 688 dicitur
2661 651 2675 688 :
2711 634 2800 689 Va:
2821 638 2909 703 qui
2935 651 3187 693 consuunt
3207 644 3450 711 pulvillos
3475 647 3567 699 sub

1985 726 2127 779 omni
2154 727 2323 779 cubito
2347 743 2545 791 manus,
2561 738 2607 781 et
2630 729 2827 797 faciunt
2862 732 3128 786 cervicalia
3145 736 3236 788 sub
3258 738 3424 807 capite
3447 740 3568 794 uni-

1982 835 2141 873 versa:
2170 820 2334 874 wtatis
2358 820 2572 891 (Ezeclt.
2597 837 2707 886 xm,
2740 821 2851 891 I8).
2881 824 2961 879 Ad
3004 826 3104 880 hoc
3131 828 3327 897 quippe
3366 831 3563 899 pulvil-

1984 914 2067 968 lus
2113 914 2277 985 560
2307 917 2539 983 ponitur,
2580 925 2637 969 ut
2688 916 2901 970 mollius
2942 920 3267 988 quiescatnr.
3316 923 3566 993 Quisquis

1983 1022 2111 1076 ergo
2143 1010 2281 1062 male
2308 1008 2586 1077 agentibus
2622 1006 2891 1075 adulatur,
2918 1012 3194 1079 pulvillum
3239 1014 3341 1068 sub
3368 1017 3564 1084 capite.

1986 1100 2066 1154 vel
2092 1101 2273 1155 cubito
2291 1102 2522 1171 jacentis
2563 1103 2731 1171 ponit,
2767 1113 2827 1157 ut
2867 1104 2961 1173 qui
2990 1107 3186 1175 corripi
3209 1124 3272 1160 ex
3295 1110 3446 1177 culpa
3474 1110 3568 1165 de-

1983 1192 2191 1256 buerat,
2222 1192 2276 1246 in
2321 1209 2381 1246 ea
2413 1193 2572 1248 fultus
2623 1194 2867 1248 laudibus
2897 1197 3129 1251 molliter
3145 1200 3403 1267 quiescat.
3435 1203 3569 1259 Ilinc

1982 1299 2194 1339 rursum
2211 1286 2470 1353 scripturn
2493 1295 2577 1339 est
2604 1304 2616 1339 :
2642 1286 2665 1338 l
2674 1304 2762 1356 pse
2789 1289 3079 1355 redi/itabat
3104 1292 3362 1357 parietem,
3377 1295 3457 1349 itti
3476 1312 3569 1350 au-

1986 1386 2085 1430 tem
2100 1377 2344 1431 tiniebant
2385 1396 2498 1432 eum
2529 1377 2693 1449 (Ibid.
2726 1382 2975 1449 xm,10).
3005 1382 3229 1438 Parietis
3250 1387 3445 1454 quippe
3474 1403 3570 1441 no-

1985 1469 2130 1522 mine
2175 1471 2377 1538 peccati
2408 1472 2601 1526 duritia
2632 1473 2961 1543 designatur.
2994 1474 3286 1532 Edilicare
3321 1494 3447 1549 ergo
3478 1497 3568 1549 pa-

1984 1559 2173 1615 rietem
2196 1571 2279 1615 est
2305 1574 2487 1618 contra
2505 1579 2563 1619 se
2585 1567 2889 1633 quempiam
2916 1566 3185 1621 obstacula
3218 1572 3421 1638 peccati
3444 1587 3572 1627 con~

1985 1660 2215 1707 struere.
2245 1654 2350 1709 Sed
2383 1657 2638 1723 parietem
2664 1657 2876 1724 liniunt,
2900 1661 2987 1728 qui
3011 1671 3225 1728 peccata
3259 1673 3572 1732 perpetran-

1987 1747 2126 1799 tibus
2148 1746 2455 1813 adulantur,
2492 1759 2547 1803 ut
2575 1750 2715 1820 quod
2764 1752 2837 1806 illi
2870 1768 3118 1820 perverse
3160 1765 3379 1825 agentes
3402 1758 3570 1812 aedifi-

298 1859 412 1898 rum
440 1857 672 1908 merces,
708 1856 828 1911 qua:
857 1842 939 1896 eis
967 1842 1018 1894 in
1065 1849 1264 1895 aeterna
1299 1841 1467 1909 potuit
1492 1840 1597 1894 vita
1635 1841 1877 1905 retribui,
1911 1834 1960 1895 B
1986 1848 2130 1905 cant,
2167 1838 2272 1907 ipsi
2295 1840 2573 1896 adulantes
2595 1845 2747 1909 quasi
2778 1844 3005 1899 nitidum
3040 1846 3286 1902 reddant.
3313 1848 3416 1904 Sed
3448 1864 3572 1904 san-

297 1932 325 1974 ιι
338 1952 434 2006 pro
463 1938 689 1990 admista
715 1936 868 2003 culpa
889 1934 1174 1999 mendacii,
1194 1937 1244 1988 in
1270 1944 1538 1989 terrenam
1562 1944 1644 1988 est
1670 1950 1878 1990 recom-

299 2029 663 2099 pensationem
692 2027 975 2092 declinata,
997 2036 1053 2081 ut
1070 2027 1120 2080 in
1143 2025 1250 2079 vita
1275 2039 1369 2079 sua
1392 2040 1550 2094 quam
1573 2026 1881 2082 mentiendo

299 2122 430 2176 tueri
461 2122 741 2175 voluerunt
765 2136 828 2174 ea
857 2136 975 2187 qua:
1006 2118 1245 2173 fecerunt
1272 2119 1406 2172 bona
1435 2121 1751 2188 reciperent,
1774 2128 1797 2158 α
1827 2130 1883 2174 et

299 2212 519 2266 ulterius
560 2210 700 2279 quod
752 2220 1125 2279 exspectarent
1174 2210 1439 2263 mercedis
1459 2227 1571 2264 suae
1603 2212 1879 2279 prazmium

298 2318 401 2359 non
494 2303 768 2357 baberent.
840 2302 973 2356 Nam
1047 2301 1094 2355 si
1158 2302 1423 2356 subtiliter
1488 2302 1873 2371 perpendatur,

300 2410 479 2450 amore
531 2397 651 2450 vita:
708 2396 988 2465 prtesentis
1038 2395 1278 2449 mentita:
1319 2406 1483 2460 sunt,
1533 2411 1638 2450 non
1708 2396 1883 2451 inten-

301 2491 447 2545 tione
479 2490 763 2545 mercedis.
790 2489 1067 2544 Parcendo
1097 2489 1294 2560 quippe
1316 2498 1527 2545 conata:
1555 2498 1681 2545 sunt
1710 2489 1882 2545 infan-

304 2581 431 2636 tium
465 2582 624 2634 vitam
651 2590 867 2650 tegere;
901 2581 1233 2647 mentiendo,
1265 2595 1435 2653 suam.

369 2676 423 2728 7.
455 2672 523 2727 In
544 2682 640 2730 vet.
664 2679 780 2730 test.
813 2674 1136 2729 mendacium
1186 2675 1341 2728 levior
1381 2685 1489 2729 erat
1528 2677 1704 2747 culpa,
1728 2693 1882 2747 quam

303 2770 355 2822 in
385 2768 723 2823 norm—Et
779 2768 903 2823 licet
948 2767 1002 2822 in
1060 2778 1379 2823 testamento
1413 2770 1580 2823 veteri
1628 2770 1881 2824 nonnulla

304 2863 504 2932 possint
532 2862 654 2916 talia
709 2862 954 2929 reperiri,
982 2876 1118 2932 pene
1144 2878 1411 2932 nunquam
1443 2873 1620 2918 tamen
1668 2864 1771 2918 hoc
1798 2865 1883 2920 vel

304 2955 409 3010 tale
435 2970 604 3024 genus
656 2955 919 3010 mendacii
950 2971 980 3009 a
1013 2953 1265 3024 perfectis
1295 2955 1585 3010 admissum
1613 2956 1884 3012 studiosus

304 3048 375 3105 Ibi
423 3050 593 3104 lector
653 3049 910 3112 inveniet,
941 3049 1189 3118 quamvis
1232 3048 1568 3103 mendacium
1598 3049 1881 3118 quamdam

306 3147 485 3194 tenere
535 3140 773 3194 veritatis
824 3141 1111 3208 imaginem
1161 3139 1434 3203 videatur,
1466 3147 1519 3193 et
1567 3140 1666 3193 sub
1716 3139 1884 3194 veteri

302 3230 523 3285 forsitan
588 3241 906 3286 testamento
956 3232 1180 3286 minoris
1207 3232 1378 3301 culpa:
1430 3246 1551 3287 esse
1602 3236 1802 3302 potuit,
1832 3234 1885 3287 in

304 3338 408 3393 quo
431 3338 525 3392 per
558 3332 829 3379 taurorum
883 3325 1260 3393 liircorumque
1292 3324 1540 3378 victimas
1567 3323 1887 3381 sacriﬁcium

306 3431 414 3471 non
471 3416 571 3469 fuit
626 3416 739 3485 ipsa
769 3416 983 3482 veritas,
1009 3416 1104 3473 sed
1160 3417 1349 3471 umbra
1374 3418 1636 3472 veritatis.
1671 3417 1803 3472 Nam
1835 3419 1887 3473 in

304 3515 629 3563 testamento
658 3523 798 3562 novo
821 3524 927 3578 prae
940 3508 1100 3577 teptis
1122 3508 1401 3563 altioribus
1429 3506 1767 3563 manifestata
1793 3524 1889 3578 per

304 3613 521 3655 carnem
555 3600 792 3654 Veritate
843 3600 1183 3669 profit-imus;
1222 3599 1534 3669 justumque
1557 3610 1729 3655 estut
1752 3601 1889 3655 facta

304 3693 544 3764 qumdam
568 3709 686 3763 quae
718 3694 769 3747 in
793 3695 884 3747 illo
912 3695 1110 3763 populo
1133 3694 1335 3747 umbra:
1350 3693 1590 3747 veritatis
1613 3693 1888 3749 deservie-

306 3792 424 3839 rant
468 3784 797 3838 deseramus.
844 3782 988 3856 [νει.
1017 3781 1165 3857 ΙΙΙ.]
1198 3785 1254 3840 Si
1301 3784 1420 3853 quis
1444 3799 1573 3837 vero
1605 3800 1700 3853 per
1726 3793 1892 3839 testa-

305 3888 547 3933 mentum
579 3887 730 3933 vetus
762 3879 877 3932 vult
905 3892 1058 3932 suum
1084 3878 1220 3931 tueri
1246 3876 1581 3931 mendacium
1611 3873 1724 3947 (‘22,
1752 3893 1807 3947 q.
1832 3877 1890 3944 2,

306 3986 351 4024 c.
384 3970 500 4039 I9),
523 3972 647 4040 quia
668 3972 843 4025 minus
876 3970 985 4023 illic
1007 3969 1324 4039 quibusdam
1357 3968 1584 4024 fortasse
1621 3971 1888 4036 nocuerit,

306 4064 448 4117 dicat
476 4078 698 4119 necesse
720 4072 802 4117 est
851 4078 1026 4117 rerum
1078 4063 1370 4115 alienarum
1400 4071 1633 4130 raptum,
1659 4073 1712 4118 et
1735 4064 1892 4118 retri-

306 4157 577 4213 butionem
621 4156 858 4227 injuriae,
888 4171 1004 4227 qua:
1038 4156 1265 4209 infirmis
1298 4155 1405 4208 illic
1438 4170 1692 4209 concessa
1742 4165 1888 4222 sunt,

307 4248 404 4304 sibi
452 4262 649 4303 nocere
698 4264 804 4302 non
856 4262 1032 4317 posse.
1058 4246 1187 4314 Quae
1237 4246 1413 4299 omnia
1469 4247 1675 4301 cunctis
1727 4247 1892 4316 liquet

307 4352 500 4411 quanta
530 4341 1031 4395 adnimadversione
1061 4340 1279 4419 Veritas,
1298 4339 1619 4409 insequitur,
1650 4356 1767 4409 qua:
1800 4356 1894 4393 no-

309 4435 533 4504 bis,jam
567 4433 972 4506 signiﬁcationis
1001 4450 1110 4488 sua:
1136 4433 1319 4487 umbra
1353 4435 1671 4502 postposita,
1692 4435 1740 4487 in
1765 4450 1889 4489 vera

309 4542 467 4583 carne
494 4528 809 4584 declaratur.
847 4528 954 4582 Sed
983 4529 1103 4597 quia
1136 4537 1356 4581 sanctus
1379 4527 1460 4579 vir
1487 4541 1587 4580 nec
1613 4526 1755 4596 loqui
1806 4542 1886 4592 se,

1984 1940 2101 1985 ctus
2129 1932 2207 1986 vir
2260 1934 2398 1987 sicut
2452 1935 2584 1988 mala
2631 1935 2697 1989 de
2722 1936 2874 1991 bonis
2905 1954 3011 1992 non
3057 1941 3307 2008 aestimat,
3334 1944 3401 1996 ita
3421 1943 3567 2012 judi-

1983 2040 2109 2078 care
2143 2024 2279 2080 bon'a
2330 2027 2397 2079 de
2444 2027 2597 2080 malis
2629 2038 2857 2095 recusat,
2889 2029 3074 2084 dicens
3104 2048 3118 2083 :
3152 2032 3298 2085 Absit
3336 2050 3369 2086 a
3397 2050 3478 2087 me
3508 2046 3562 2089 ut

1975 2120 2149 2187 justos
2178 2134 2263 2171 vos
2275 2118 2531 2189 judicent,
2556 2119 2717 2173 donec
2741 2122 3000 2191 deﬁciam,
3019 2140 3119 2178 non
3144 2127 3379 2181 recedam
3400 2128 3466 2181 ab
3488 2130 3571 2183 in-

1985 2212 2223 2265 nocentia
2251 2228 2384 2266 mea.
2418 2209 2520 2267 Ubi
2550 2224 2734 2282 aperte
2757 2214 3033 2285 subiunxit
3056 2234 3069 2272 :

2058 2302 2224 2358 Vsus.
2246 2305 2376 2355 6.-
2401 2302 2828 2375 Justiﬁcationem
2846 2324 3010 2362 meam
3030 2325 3183 2380 quam
3207 2312 3355 2380 erepit
3386 2322 3571 2381 tenere,

1997 2411 2097 2448 non
2125 2396 2373 2449 deseram.

2057 2489 2297 2558 Cmptam
2344 2505 2573 2560 namque
2616 2489 3055 2561 justificationem
3086 2493 3468 2561 desereret,si
3517 2496 3569 2550 in

1986 2581 2319 2650 peccantium
2346 2582 2557 2636 laudem
2582 2583 2897 2641 declinaret.
2935 2586 3041 2640 Sed
3073 2587 3191 2656 quia
3237 2596 3363 2642 tunc
3391 2588 3573 2644 verius

1985 2689 2015 2726 a
2048 2676 2278 2742 peccatis
2325 2676 2514 2730 alienis
2569 2676 2902 2743 absistimus,
2926 2693 3046 2733 cum
3095 2678 3243 2749 prius
3264 2696 3361 2736 nos
3391 2695 3419 2733 a
3443 2694 3571 2749 pro-

1986 2766 2121 2836 priis
2144 2768 2493 2832 custodimus,
2523 2784 2619 2824 cur
2645 2770 2711 2823 de
2737 2772 2817 2826 cis
2850 2786 3071 2837 peccare
3094 2772 3455 2841 pertimescat,
3485 2788 3572 2827 ra-

1988 2859 2153 2916 tionis
2181 2875 2376 2917 causas
2406 2860 2658 2925 insinuat,
2689 2876 2807 2915 cum
2840 2861 3110 2933 subjungit
3136 2881 3149 2917 :

2479 2954 2705 3010 CAPUT
2738 2954 2779 3008 V
2813 2954 2961 3028 [Rea
2998 2954 3089 3026 VJ.

2058 3048 2323 3106 Imm—N
2327 3066 2448 3119 eque
2463 3050 2597 3104 enim
2623 3049 2949 3118 reprehendit
2962 3065 3041 3103 me
3061 3066 3150 3103 cor
3172 3066 3339 3104 meum
3362 3051 3416 3104 in
3440 3052 3576 3104 omni

1988 3147 2072 3199 vis
2098 3161 2230 3199 mea.

1914 3208 1963 3273 ο
2062 3238 2116 3293 9.
2144 3236 2414 3290 Audientes
2438 3244 2694 3303 prtecepta
2732 3236 2905 3289 divina
2926 3252 3017 3289 nec
3050 3236 3291 3306 facientes
3320 3238 3575 3305 coarguit.

1996 3332 2149 3386 —-—Ac
2174 3331 2216 3384 si
2241 3340 2424 3399 aperte
2454 3330 2626 3384 dicat:
2657 3329 2759 3384 Pro
2789 3330 2938 3383 vobis
2951 3345 3055 3384 non
3084 3329 3257 3385 debeo
3278 3327 3344 3383 ad
3363 3329 3575 3397 culpam

1994 3422 2356 3494 pertralii,qui
2392 3435 2612 3488 peccare
2640 3418 2693 3474 in
2719 3421 2947 3488 propriis
2967 3420 3265 3475 formidavi.
3285 3419 3574 3475 Sciendum

1993 3532 2124 3571 vero
2146 3526 2227 3570 est
2252 3514 2392 3584 quod
2423 3514 2666 3584 quisquis
2689 3529 2718 3567 a
2745 3514 3027 3583 praeceptis
3058 3512 3343 3567 dominicis
3367 3512 3576 3566 discor-

1993 3609 2085 3661 dat
2103 3622 2287 3676 opere,
2304 3607 2514 3676 quoties
2541 3620 2601 3657 ea
2628 3605 2776 3660 audit
2802 3620 2831 3657 a
2857 3605 3019 3658 corde
3041 3619 3138 3656 suo
3168 3603 3578 3671 reprehenditur

1996 3705 2156 3766 atque
2188 3694 2545 3759 confunditur,
2574 3697 2695 3764 quia
2727 3694 2777 3747 id
2809 3694 2949 3763 quod
3002 3709 3106 3747 non
3140 3693 3326 3747 fecerit
3373 3708 3579 3747 memo-

1997 3797 2164 3844 ratur.
2194 3788 2324 3841 Nam
2348 3787 2401 3841 in
2433 3802 2538 3855 quo
2565 3801 2623 3840 se
2652 3801 2860 3841 errasse
2890 3785 3215 3851 considerat,
3261 3786 3371 3853 ipsa
3410 3799 3468 3838 se
3518 3786 3577 3839 la

2002 3891 2176 3936 tenter
2205 3880 2530 3935 conscientia
2561 3868 2796 3933 accusat.
2824 3876 2976 3933 Unde
3011 3877 3173 3931 David
3198 3876 3456 3946 propheta
3487 3877 3583 3930 de-

1999 3980 2268 4040 precatur,
2287 3970 2469 4024 dicens
2500 3987 2514 4022 :
2549 3968 2693 4021 Tunc
2720 3986 2821 4022 non
2840 3968 3284 4039 confundar,dam
3308 3977 3329 4004 ο
3360 3967 3580 4037 respicio

1998 4066 2051 4118 in
2075 4062 2243 4115 omnia
2269 4062 2511 4114 mandata
2534 4069 2623 4113 tua
2653 4057 2824 4129 (Psat.
2853 4074 3037 4125 cxvtu,
3055 4058 3135 4127 6).
3170 4056 3413 4111 Graviter
3435 4071 3585 4110 nam-

1997 4169 2099 4222 que
2124 4153 2487 4221 unusquisque
2510 4149 2852 4205 confunditur
2872 4149 3085 4220 quando
3105 4150 3352 4203 mandata
3382 4148 3473 4201 Dei
3499 4146 3584 4201 vel

1999 4244 2244 4317 legendo,
2271 4244 2353 4297 vel
2384 4242 2649 4297 audiendo
2686 4242 2922 4309 respicit,
2940 4257 3056 4311 quae
3086 4240 3316 4295 vivendo
3343 4250 3584 4294 contem-

2000 4340 2127 4408 psit.
2150 4338 2286 4391 Ilinc
2313 4337 2455 4391 enim
2479 4336 2700 4389 Joannis
2735 4350 2863 4390 voce
2884 4334 3076 4388 dicitur
3102 4351 3116 4387 :
3142 4333 3204 4387 Si
3234 4349 3322 4386 cor
3349 4341 3581 4385 nostrum

2000 4448 2101 4485 non
2121 4430 2501 4499 reprehenderit
2529 4445 2644 4492 nos,
2671 4429 2915 4498 fiduciam
2944 4428 3185 4480 habemus
3220 4425 3287 4478 ad
3313 4424 3515 4490 Deum;
3538 4433 3582 4478 et

2002 4524 2253 4595 quidquid
2278 4523 2569 4594 petierimus
2600 4525 2662 4573 ab
2692 4538 2776 4586 eo,
2808 4521 3112 4590 accipiemus
3136 4517 3315 4587 (Joan.
3345 4532 3423 4580 Ill,
3456 4517 3584 4585 2i);

310 4634 405 4675 nec
436 4621 679 4675 meditari
732 4591 1067 4675 mendacium
1117 4619 1365 4687 spondet,
1400 4618 1515 4672 haec
1538 4619 1652 4687 ipsa
1684 4591 1737 4673 in
1764 4619 1891 4690 qui-
1920 4591 1975 4652 Ι)
2000 4591 2395 4671 ιιοειᾱὶεοιἘιε
2428 4614 2483 4668 Si
2506 4613 2557 4666 id
2589 4613 2729 4683 quod
2775 4612 3015 4682 ρτωυῑριι
3056 4609 3307 4677 facimus,
3338 4610 3389 4663 id
3441 4610 3584 4679 quod

308 4714 404 4771 bus
427 4715 640 4770 veritati
668 4715 913 4784 congruit
934 4710 964 4751 ἀ
991 4712 1339 4781 exsequendo
1364 4710 1633 4780 subiungit
1664 4730 1677 4764 :

746 4806 753 4813 ’
910 4803 1136 4862 CAPUT
1199 4805 1287 4860 I‘.’.

381 4903 833 4961 Vens.5.—Absit
859 4918 890 4955 a
918 4916 997 4956 me
1024 4908 1078 4953 ut
1102 4902 1269 4971 justas
1295 4914 1381 4952 vos
1408 4914 1517 4951 esse
1534 4896 1896 4968 judicem,do-

307 5013 398 5052 nec
418 4996 677 5065 deﬁciam,
691 5012 722 5047 n
737 5010 801 5047 on
828 4993 1055 5047 recedam
1077 4991 1140 5044 ab
1169 4989 1459 5043 innocentia
1480 5004 1607 5041 mea.

378 5089 433 5143 8.
497 5084 857 5140 I'eccatoribus
879 5082 1082 5135 adulari
1111 5097 1263 5151 quant
1294 5079 1606 5133 noxium.—
1629 5076 1710 5131 Ab
1739 5077 1889 5131 inno-

308 5179 481 5233 centia
514 5178 709 5248 quippe
741 5174 1039 5239 recederet,
1063 5174 1105 5227 si
1138 5174 1278 5228 bona
1306 5169 1373 5225 de
1396 5170 1547 5223 malis
1579 5170 1888 5235 aestimaret,

310 5272 602 5327 Salomone
631 5278 935 5333 atteslante,
968 5268 1058 5336 qui
1081 5267 1193 5320 ait:
1225 5265 1326 5329 Qui
1364 5263 1622 5335 justi/icui
1656 5263 1890 5329 impium,

310 5376 355 5423 et
382 5367 469 5437 qui
494 5363 797 5418 condemnat
820 5363 1270 5434 justum,uterque
1292 5354 1648 5409 abominabilis
1673 5361 1744 5407 est
1777 5364 1895 5407 ante

308 5458 481 5515 Deum
507 5457 685 5530 (Prov.
718 5471 853 5521 xvu,
890 5453 998 5522 I5).
1029 5451 1163 5509 Sunt
1204 5465 1432 5517 namque
1461 5446 1698 5500 nonnulli
1731 5444 1891 5513 (Dist.

383 5588 410 5615 ιι
442 5577 651 5639 Norm.,
682 5589 747 5627 ne
777 5588 883 5627 sua:
911 5573 1028 5625 vitte
1057 5575 1298 5631 noceant,
1334 5566 1458 5619 dum
1487 5572 1730 5634 pra’stare
1757 5560 1903 5639 carni

311 5651 548 5703 nituntur
579 5633 779 5699 cliente.
819 5644 1026 5707 Gcrm.,
1051 5654 1116 5693 ne
1151 5654 1256 5692 sua:
1284 5639 1470 5689 animo:
1489 5633 1739 5695 noceant,
1779 5633 1903 5685 dum

312 5720 553 5792 precaturi
570 5718 722 5792 fami
749 5716 985 5792 nituntur
1008 5713 1211 5792 cliente.

389 5793 416 5829 δ
452 5793 527 5846 Ita
557 5789 765 5854 Germ.,
792 5786 1060 5852 Laudun.,
1086 5783 1366 5845 Norman.,
1394 5780 1622 5843 Turon.,
1646 5776 1812 5830 Corb.
1841 5775 1908 5829 At

314 5860 463 5924 Editi
480 5904 499 5932 ,
520 5876 615 5934 pro
641 5859 888 5913 admissa.

602 5954 878 6015 Puncta
925 5945 1209 6009 LXXVI.

2007 4708 2235 4777 petimus
2267 4704 2645 4760 obtinebimus.

2076 4803 2162 4857 10.
2182 4800 2425 4854 Oratione
2440 4799 2592 4859 actio,
2606 4806 2652 4849 et
2680 4797 2877 4850 actione
2899 4796 3059 4850 oratio
3078 4791 3588 4863 [afﬂatum—Valde

2004 4908 2233 4964 namque
2253 4891 2391 4963 apud
2427 4891 2589 4945 Deum
2621 4902 2844 4958 utraque
2875 4889 2989 4942 limo
3011 4887 3110 4941 sibi
3136 4886 3439 4940 necessario
3459 4900 3588 4938 con-

2005 4996 2223 5058 gruunt,
2259 4996 2316 5041 ut
2344 4994 2398 5039 et
2420 4984 2661 5040 oratione
2691 4982 2957 5050 operatio,
2983 4990 3039 5034 et
3067 4977 3378 5047 Operatione
3403 4978 3588 5031 fulcia-

2006 5090 2093 5135 tur
2118 5080 2308 5135 oratio.
2359 5078 2493 5131 Hinc
2522 5076 2663 5130 enim
2704 5074 2962 5128 Jeremias
2990 5072 3061 5125 ait
3089 5088 3101 5122 :
3135 5070 3441 5125 Scrutemur
3482 5069 3591 5119 uias

2000 5179 2221 5236 nostras,
2236 5178 2284 5221 et
2299 5183 2589 5239 qutrrantus
2611 5177 2676 5230 ,et
2702 5174 3010 5218 revertamur
3029 5162 3096 5213 ad
3126 5160 3423 5213 Dominum.
3443 5155 3591 5208 Leve.

2002 5280 2113 5315 mus
2136 5261 2293 5314 corda
2312 5270 2483 5314 nostra
2498 5257 2857 5312 cummanibus
2872 5256 2941 5308 ad
2962 5254 3118 5308 Deum
3132 5253 3184 5304 in
3205 5251 3385 5316 caelos(
3398 5246 3589 5299 Tltren.

2004 5370 2082 5421 ιιι,
2097 5353 2185 5423 40)
2197 5394 2210 5407 .
2228 5353 2347 5407 Vias
2361 5351 2555 5406 etenim
2573 5360 2779 5405 nostras
2794 5347 3016 5404 scrutari
3034 5354 3115 5400 est
3128 5341 3504 5412 cogitationum
3523 5338 3594 5408 in.

2004 5457 2151 5502 terna
2166 5448 2456 5503 discutere.
2475 5445 2641 5499 Corda
2660 5459 2783 5497 vero
2803 5459 2921 5496 cum
2938 5439 3181 5493 manibus
3200 5436 3357 5497 levat,
3372 5432 3464 5503 qui
3480 5446 3591 5486 ora-

2082 5574 2104 5601 ο
2136 5564 2171 5616 9.
2200 5564 2393 5629 Laud.,
2422 5572 2466 5615 et
2498 5562 2708 5614 alterius
2736 5560 2875 5626 quod
2895 5601 2906 5615 .
2940 5565 3043 5610 etc.

2078 5633 2102 5671 ἀ
2140 5637 2163 5688 I
2205 5635 2396 5699 Laud.,
2426 5643 2471 5690 et
2496 5632 2746 5701 sequendo
2773 5630 3073 5701 coniungat.

2082 5716 2107 5743 υ
2140 5703 2199 5759 In
2232 5694 2571 5760 Edit.'deest
2612 5704 2696 5765 in,
2737 5699 2875 5766 quod
2918 5694 3174 5752 exhibent
3218 5696 3341 5751 Mss.
3385 5694 3590 5759 Germ.,

2013 5777 2223 5843 Norm.,
2254 5776 2361 5830 duo
2390 5775 2579 5838 Laud.,
2614 5772 2839 5829 Turon.,
2869 5770 3028 5821 Corb.
3055 5769 3237 5823 Germ.

3163 5924 3202 6017 2
