4044 6346
451 338 522 398 ss
1264 298 1271 303 ’
1665 324 1910 385 SANC’I‘I
1949 321 2281 383 GREGORII
2320 321 2538 381 usam
3678 312 3752 372 st

452 468 650 511 ttcnem
675 467 828 511 suam
843 448 1093 521 operibus
1112 447 1358 504 roborat.
1375 444 1504 499 Nam
1530 443 1772 515 quisquis
1788 450 1924 507 orat,
1949 440 2043 497 sed
2074 450 2128 511 Α
2153 439 2391 496 Ecclesia
2420 453 2513 496 eos
2544 452 2680 509 quos
2699 438 2945 495 viventes
2982 432 3273 493 carnaliter
3296 430 3435 489 intra
3464 445 3525 489 se
3556 434 3751 491 tolerat

448 549 660 618 operari
682 547 1008 613 dissimulat,
1022 560 1117 601 cor
1130 543 1292 605 levat,
1307 551 1360 598 et
1380 556 1570 596 manus
1583 555 1687 596 non
1704 540 1863 593 levat.
1880 537 2037 604 Quis-

451 647 574 715 quis
606 657 734 697 vero
758 651 1031 710 operatur,
1066 648 1122 694 et
1154 652 1259 693 non
1290 646 1428 700 orat,
1455 651 1645 690 manus
1674 634 1835 696 levat,
1868 642 1922 686 et
1946 645 2041 685 cor

451 753 555 792 non
580 737 739 793 levat.
769 735 924 789 Juxta
953 748 1080 801 ergo
1102 729 1325 786 Joannis
1355 743 1578 794 vocem,
1610 740 1737 781 tunc
1765 742 1860 779 cor
1909 724 2043 778 lidu-

450 830 583 884 ciam
616 830 668 883 in
703 828 944 883 oratione
974 824 1185 893 accipit,
1216 838 1338 878 cum
1371 823 1472 878 sibi
1495 822 1619 875 vitae
1643 819 1877 889 pravitas
1899 816 2041 872 nulla

449 922 787 980 contradicit.
816 922 890 975 De
914 935 1017 987 qua
1056 930 1201 974 recte
1230 917 1419 975 liducia
1462 933 1491 970 a
1536 924 1720 970 sancto
1743 915 1858 967 viro
1906 927 2046 967 nunc

448 1020 640 1074 dicitur
686 1035 701 1072 :
744 1014 923 1086 Neque
981 1015 1117 1068 enim
1181 1012 1514 1082 reprehendit
1580 1027 1660 1064 me
1720 1025 1810 1062 cor
1874 1023 2046 1061 meum

447 1114 499 1168 in
525 1112 663 1165 omni
692 1119 795 1162 tnta
819 1124 951 1163 mea.
982 1110 1061 1162 Ac
1089 1107 1134 1160 si
1169 1115 1356 1174 aperte
1386 1106 1530 1159 dicat
1560 1121 1574 1159 :
1614 1104 1957 1172 Nequaquam
1986 1114 2047 1156 se

446 1202 642 1257 fecisse
664 1200 1033 1256 reminiscitur
1050 1198 1191 1253 unde
1206 1200 1256 1250 iu
1274 1196 1387 1252 suis
1405 1196 1655 1266 precibus
1669 1194 2044 1249 confundatur.

448 1295 592 1369 (Vel.
648 1290 779 1363 IV.]
828 1292 933 1348 Sed
978 1291 1141 1361 quaeri
1187 1299 1361 1357 potest
1419 1302 1522 1359 quo
1578 1299 1734 1357 pacto
1801 1302 1830 1340 a
1880 1287 2046 1341 corde

447 1404 546 1443 suo
574 1385 899 1457 reprehendi
928 1400 987 1440 se
1007 1385 1255 1451 denegat,
1288 1384 1381 1452 qui
1427 1398 1487 1438 se
1516 1396 1768 1451 peccasse
1798 1380 2047 1449 superius

444 1489 680 1541 accusat,
712 1478 895 1533 dicens
928 1493 943 1531 :
989 1475 1224 1544 Peccavi,
1267 1476 1393 1545 quid
1443 1476 1630 1543 faciam
1660 1474 1771 1540 tibi,
1804 1491 1833 1527 ο
1876 1482 2047 1527 custos

444 1573 604 1643 561
635 1570 901 1624 hominum
950 1568 1093 1638 (Job.
1123 1584 1218 1634 vn,
1244 1568 1371 1637 ‘20)?
1418 1568 1512 1622 Vel
1567 1577 1715 1622 certe
1749 1584 1759 1618 :
1797 1565 1857 1622 Si
1887 1566 2049 1637 justi-

444 1669 602 1735 ﬁcare
630 1681 711 1719 me
740 1668 969 1725 voluero,
999 1678 1054 1716 os
1086 1678 1255 1715 meum
1298 1661 1655 1716 condemnabit
1689 1677 1770 1715 me
1794 1659 1938 1731 (Job.
1967 1670 2041 1726 lx,

444 1760 562 1825 ~20).

2148 536 2217 590 de
2243 533 2601 590 similitudine.
2628 533 2919 601 impiorum
2952 538 3122 585 notat.
3154 529 3298 584 lntus
3326 528 3528 597 quippe
3558 525 3615 583 ei
3647 524 3751 582 iui-

2147 631 2319 685 micus
2349 638 2465 695 est,
2490 628 2584 699 qui
2612 627 2824 683 fidelem
2852 640 2913 682 se
2938 628 3064 681 dum
3096 624 3332 679 affirmat
3358 623 3605 689 vocibus,
3633 636 3754 677 meo

2147 726 2294 779 ribus
2332 733 2510 795 negat.
2556 723 2624 779 Et
2650 723 2774 793 quia
2805 737 2927 777 eum
2961 721 3107 775 velut
3133 717 3161 757 ιι
3191 719 3462 774 infidelem
3508 719 3743 774 testimat

2148 820 2238 888 qui
2274 817 2415 871 illam
2439 817 2619 886 specie
2647 826 2803 871 tenus
2826 817 2968 871 intus
2997 814 3198 883 positus
3221 811 3350 867 vitio
3378 826 3554 881 prava:
3581 815 3755 867 actiu-

2152 914 2235 967 nis
2263 914 2559 984 impugnat,
2580 924 2723 967 recte
2746 913 2910 968 dicit:
2938 910 3086 979 Sicut
3111 908 3307 977 impius
3324 906 3562 959 inimicus
3587 920 3750 970 meus,

2149 1020 2197 1061 et
2228 1007 2553 1061 adversarius
2579 1021 2717 1060 mens
2737 1005 2881 1072 quasi
2904 1003 3129 1073 iniquus.
3152 1009 3175 1037 ε
3197 1000 3273 1053 Ac
3300 1001 3342 1051 si
3364 1008 3549 1067 aperte
3568 997 3749 1052 dicat:

2153 1103 2197 1155 A
2230 1116 2315 1155 me
2346 1101 2508 1155 etiam
2541 1100 2644 1154 fide
2671 1098 2973 1169 discrepat,
3001 1096 3090 1165 qui
3119 1095 3248 1149 mihi
3293 1107 3460 1163 opere
3489 1107 3596 1147 non
3623 1105 3739 1147 con.

2153 1198 2331 1252 cordat
2346 1239 2358 1251 .
2378 1196 2665 1267 Sequitur:

2578 1287 2807 1344 earur
2846 1286 2935 1341 vn
2969 1287 3119 1358 lRec.
3159 1282 3316 1356 Vm.

2226 1382 2386 1437 Vens.
2410 1380 2464 1437 8.
2488 1411 2554 1421 —
2583 1381 2710 1447 Quae
2740 1381 2875 1434 cnim
2914 1396 3029 1448 spes
3062 1387 3133 1433 est
3167 1378 3472 1447 hypocrita',
3511 1378 3555 1433 si
3601 1393 3755 1434 arare

2149 1474 2342 1543 rapiat,
2366 1483 2411 1527 et
2439 1490 2537 1528 non
2566 1472 2741 1525 liberet
2774 1470 2912 1525 Dens
2935 1472 3163 1525 animum
3193 1472 3353 1541 ejus?

2224 1568 2311 1625 -15,
2344 1567 2633 1638 Ilypocrita
2663 1583 2850 1620 ararns
2895 1578 2966 1621 est
3014 1576 3062 1621 et
3112 1577 3315 1634 raptor.
3339 1597 3411 1608 —
3438 1567 3750 1639 llypocrita,

2148 1659 2237 1729 qui
2280 1659 2464 1714 Latina
2499 1659 2675 1729 lingua
2717 1659 2910 1713 dicitur
2940 1660 3242 1724 simulator,
3264 1660 3442 1727 justus
3484 1676 3607 1717 esse
3639 1678 3748 1719 non

2149 1754 2387 1820 appetit,
2412 1752 2506 1807 sed
2534 1752 2726 1807 videri.
2752 1751 2821 1806 Et
2844 1752 3043 1807 idcirco
3068 1766 3261 1806 avarus
3286 1763 3467 1822 raptor
3492 1763 3598 1822 est,
3626 1754 3755 1824 quia

520 1852 604 1905 li.
642 1850 891 1914 Quadam
918 1856 1123 1919 peccata
1150 1848 1302 1900 vitari
1333 1854 1609 1917 nequeunt.
1632 1875 1701 1887 --
1728 1844 1835 1900 Sed
1866 1845 2042 1899 scien-
2068 1862 2118 1925 Β
2146 1846 2274 1897 dum
2304 1844 2485 1910 inique
2523 1859 2687 1914 agens
2717 1842 2992 1898 desiderat
3019 1844 3087 1899 de
3133 1846 3418 1900 sanctitate
3464 1844 3752 1913 venerari,

444 1944 571 1996 dmn
617 1951 700 1996 est
728 1940 869 2007 quod
902 1949 1027 1994 sunt
1057 1948 1272 2005 peccata
1321 1952 1440 2006 qum
1467 1953 1496 1990 a
1526 1937 1687 2004 justis
1715 1938 1870 1991 vitari
1906 1950 2042 2005 pos-
2090 1954 2095 1963 ί

444 2043 597 2097 sunt,
630 2041 685 2087 et
710 2041 835 2087 sunt
862 2031 1117 2085 nonnulla
1140 2045 1260 2099 qua!
1300 2030 1460 2084 etiam
1490 2043 1520 2082 a
1545 2028 1702 2097 iustis
1732 2028 1889 2082 vitari
1932 2042 2038 2081 non

446 2136 690 2196 possunt.
721 2134 749 2162 ι
788 2123 954 2193 Cujus
986 2126 1134 2178 enim
1177 2137 1271 2177 cor
1300 2125 1354 2175 in
1385 2124 1485 2175 hac
1513 2122 1848 2189 corruptibili
1880 2135 2042 2176 carne

446 2220 761 2274 consistens
790 2219 842 2271 in
873 2217 1092 2270 sinistra
1118 2216 1465 2284 cogitatione
1491 2230 1599 2269 non
1635 2214 1849 2279 labitur,
1883 2213 1964 2269 vel
1993 2213 2041 2269 si

447 2329 617 2382 usque
643 2314 708 2366 ad
738 2327 1038 2366 conten-its
1063 2310 1270 2365 foveam
1300 2324 1405 2364 non
1437 2309 1743 2379 mergatur?
1768 2310 1835 2363 Et
1863 2320 2041 2364 tamen

449 2408 561 2460 haec
593 2407 703 2475 ipsa
735 2419 893 2472 prava
937 2404 1177 2475 cogitare
1208 2417 1427 2471 peccare
1456 2414 1559 2458 est.
1590 2403 1692 2457 Sed
1737 2403 1863 2456 dum
1901 2401 2049 2469 cogi-

449 2499 636 2552 tationi
665 2497 949 2561 resistitur,
978 2510 1008 2548 a
1037 2494 1355 2550 confusione
1383 2509 1480 2549 sua
1512 2495 1724 2549 animus
1765 2495 2045 2549 liberatur.

450 2591 597 2645 Mens
624 2604 755 2658 ergo
776 2588 1041 2657 iustorum
1069 2587 1173 2642 etsi
1199 2587 1369 2643 libera
1393 2598 1477 2644 est
1506 2606 1534 2643 a
1567 2603 1819 2658 perverso
1848 2601 2035 2655 Opere,

448 2683 736 2753 aliquando
762 2690 937 2736 tamen
960 2681 1165 2736 corruit
1188 2681 1240 2735 iu
1275 2696 1522 2748 perversa
1552 2682 1894 2751 cogitatione.
1922 2680 1949 2719 ι
1983 2682 2048 2736 Ει

450 2778 501 2831 in
537 2786 814 2845 peccatum
845 2789 975 2845 ergo
1007 2775 1224 2839 labitur,
1257 2775 1379 2845 quia
1412 2775 1598 2830 saltem
1630 2774 1680 2828 in
1720 2774 2047 2843 cogitatione

450 2872 785 2935 declinatur;
814 2878 869 2923 et
915 2879 1090 2924 tamen
1122 2869 1264 2924 unde
1313 2871 1656 2939 semetipsam
1706 2867 2045 2937 postmodum

451 2964 630 3019 flendo
657 2963 1045 3032 reprehendat,
1072 2978 1175 3016 non
1203 2963 1390 3027 habet,
1421 2964 1544 3031 quia
1569 2972 1693 3016 ante
1716 2977 1776 3017 se
1801 2969 2044 3030 reparat,

451 3074 607 3125 quam
641 3073 735 3127 per
770 3071 1093 3112 consensum
1121 3059 1293 3111 eadm.
1333 3058 1497 3111 [lecte
1541 3072 1669 3125 ergo
1703 3057 1747 3110 is
1781 3058 1872 3126 qui
1918 3068 2047 3124 pec-

452 3163 688 3207 eatorem
718 3167 777 3205 se
804 3151 1084 3205 confessus
1106 3162 1185 3206 est
1204 3193 1218 3217 ,
1251 3166 1584 3221 nequaquam
1611 3165 1668 3206 se
1694 3166 1723 3205 a
1755 3165 1852 3204 suo
1883 3148 2051 3204 corde

2152 1936 2364 1992 laudem
2394 1937 2516 1990 vitae
2561 1937 2699 2005 rapit
2728 1936 2940 1992 alienzc.
2978 1935 3228 1991 Studium
3259 1952 3389 1990 vero
3425 1950 3544 1992 esse
3580 1940 3754 2009 hypo-

2152 2031 2407 2085 critarum
2445 2030 2581 2085 solet
2625 2039 2680 2083 ut
2710 2040 2762 2085 ct
2789 2029 2931 2099 quod
2973 2041 3097 2086 sunt
3145 2032 3513 2099 supprimant,
3551 2041 3606 2087 et
3650 2032 3755 2088 hoc

2159 2121 2303 2191 quod
2337 2137 2440 2176 non
2467 2129 2598 2177 sunt
2624 2136 2744 2176 esse
2771 2135 2830 2178 se
2861 2122 3167 2179 hominibus
3213 2124 3582 2189 innotescunt,
3616 2140 3753 2195 qua-

2164 2226 2317 2271 tenus
2350 2230 2651 2272 mensuram
2684 2230 2835 2271 suam
2868 2231 2963 2285 per
2989 2217 3395 2272 :cStimatioucm
3438 2226 3752 2283 transeant,

2156 2318 2209 2364 et
2244 2308 2261 2342 τ
2297 2310 2489 2379 praeire
2535 2320 2595 2364 se
2638 2320 2863 2365 caeteros
2911 2310 3138 2365 actionis
3182 2312 3399 2364 nomine
3444 2310 3752 2365 ostendant.

2153 2400 2443 2468 Refugiunt
2486 2400 2654 2456 videri
2694 2401 2836 2469 quod
2885 2412 3040 2467 sunt,
3079 2409 3135 2458 et
3179 2409 3305 2456 ante
3350 2402 3535 2457 oculos
3582 2400 3755 2458 homi-

2155 2509 2281 2547 num
2335 2494 2654 2561 superducta
2708 2494 2936 2563 quadam
2986 2496 3310 2550 innocentia:
3366 2498 3648 2552 honestate
3693 2510 3756 2553 se

2154 2588 2410 2640 vestiunt.
2460 2588 2620 2658 562
2672 2586 2824 2642 Unde
2873 2596 3015 2642 recte
3071 2604 3166 2657 per
3222 2590 3564 2661 Evangelium
3615 2588 3746 2646 voce

2153 2679 2324 2733 nostri
2368 2679 2747 2748 Redemptoris
2801 2679 3170 2750 increpantur,
3218 2694 3341 2736 cum
3388 2684 3465 2737 cis
3514 2684 3752 2740 dicitur:

2161 2770 2254 2827 γω
2278 2772 2447 2839 vobis,
2493 2774 2795 2842 hyporritte,
2829 2775 2951 2842 quia
2984 2775 3179 2831 similes
3216 2777 3344 2847 facti
3369 2779 3488 2832 estis
3511 2780 3759 2850 sepulcris

2152 2869 2434 2935 dealbatis,
2466 2878 2490 2917 Β
2526 2888 2640 2939 qua:
2680 2888 2712 2926 α
2752 2872 2879 2941 foris
2925 2873 3131 2942 quidem
3173 2885 3425 2943 apparent
3469 2875 3759 2931 hominibus

2154 2964 2415 3035 speciosa,
2464 2965 2604 3018 intus
2647 2980 2762 3017 vero
2800 2975 2921 3019 sunt
2968 2965 3121 3032 plena
3160 2967 3354 3023 ossibus
3402 2978 3759 3039 mortuorum,

2154 3064 2203 3107 et
2241 3056 2381 3108 omni
2426 3056 2693 3126 spurcitia.
2730 3056 2813 3111 lta
2856 3068 2903 3111 et
2953 3074 3041 3112 vos
3089 3059 3216 3127 foris
3258 3060 3465 3126 quidem
3496 3060 3759 3131 apparctis

2156 3148 2443 3203 hominibus
2485 3151 2639 3215 iusti,
2682 3150 2817 3204 intus
2855 3166 2972 3205 vero
3003 3152 3140 3222 pleni
3170 3153 3289 3207 estis
3332 3154 3550 3207 avaritia
3577 3163 3625 3207 et
3653 3155 3761 3207 im?

452 3245 772 3312 reprehendi
812 3243 1119 3310 confitetur,
1146 3246 1269 3313 quia
1311 3245 1411 3298 etsi
1440 3258 1537 3313 qua
1587 3242 1769 3297 illicita
1817 3242 2048 3299 fortasse
2080 3260 2127 3325 α
2156 3245 2347 3315 quitate
2378 3243 2593 3316 (Matth.
2622 3250 2781 3311 xxui,
2805 3245 2875 3300 ‘27
2896 3266 2909 3313 ;
2933 3244 3063 3302 an.
3090 3262 3174 3312 ιι,
3198 3248 3314 3313 59).
3340 3246 3489 3319 (Vat.
3522 3247 3610 3321 V.]
3640 3248 3759 3314 Quo

452 3338 739 3408 cogitando
781 3336 954 3392 defuit
989 3348 1012 3377 ο
1046 3352 1279 3407 unquam
1328 3339 1628 3393 rectitudini
1652 3381 1666 3402 ,
1707 3338 1831 3393 forti
1870 3348 2085 3393 tamen-

456 3430 649 3487 mentis
670 3431 965 3486 certamine
986 3432 1180 3485 restitit
1200 3430 1528 3499 cogitationi.
1555 3431 1810 3501 Sequitur
1842 3449 1859 3487 :

915 3520 1142 3577 curer
1187 3522 1248 3577 vr
1281 3522 1432 3596 [ηπ.
1460 3519 1582 3593 Vl].

527 3614 692 3669 Vens.
718 3615 769 3668 7.
793 3643 865 3656 —
890 3613 1038 3670 Sicut
1070 3616 1258 3683 impius
1286 3616 1525 3668 inimicus
1554 3631 1712 3681 meus,
1736 3621 1785 3669 et
1810 3615 2045 3670 aduersa-

455 3710 560 3762 rius
586 3722 726 3761 meus
749 3708 898 3779 quasi
920 3707 1149 3772 iniquus.

528 3801 613 3857 li.
646 3800 883 3856 Ecclesia
910 3817 1003 3872 pro
1029 3800 1230 3867 inﬁdeli
1261 3801 1439 3868 habet,
1474 3817 1622 3867 quem
1652 3802 1793 3855 intra
1819 3818 1874 3856 se
1913 3802 2052 3869 posi-

456 3908 593 3961 tum,
625 3896 796 3965 pravis
830 3894 1058 3948 moribus
1081 3893 1235 3947 videt.
1262 3922 1332 3933 —-
1360 3894 1415 3947 ln
1449 3909 1602 3948 sacro
1640 3893 1852 3963 eloquio
1881 3896 2045 3961 sicut,

457 4000 505 4043 et
552 3988 734 4059 quasi,
781 3985 1068 4055 aliquando
1109 4000 1213 4040 non
1266 4001 1364 4054 pro
1412 3985 1766 4042 similitudine
1814 3988 2046 4055 ponitur,

457 4083 549 4138 sed
596 4097 691 4152 pro
731 4080 977 4135 veritate.
1021 4078 1170 4134 Unde
1213 4088 1295 4132 est
1339 4078 1513 4132 illud:
1554 4077 1790 4133 Vidimus
1831 4081 2052 4152 gloriam

460 4180 590 4249 ejus,
634 4175 851 4247 gloriam
889 4174 1035 4244 quasi
1075 4173 1325 4245 unigeniti
1368 4188 1399 4225 a
1441 4171 1598 4226 Patre
1648 4172 1829 4243 (Jour.
1856 4188 1899 4238 ι,
1938 4172 2049 4243 ti).

461 4270 611 4326 Unde
650 4280 702 4324 et
731 4269 817 4323 hic
844 4282 1053 4337 quoque
1080 4268 1241 4335 sicut,
1274 4277 1327 4321 et
1355 4268 1531 4337 quasi,
1569 4281 1663 4336 pro
1692 4266 2053 4321 affirmatione

461 4363 636 4431 potius
674 4375 833 4431 quam
877 4375 973 4429 pro
1014 4359 1370 4416 similitudine
1412 4358 1612 4414 dictum
1649 4359 1878 4413 videtur.
1913 4357 2054 4413 Inter

463 4458 685 4526 impium
730 4468 861 4509 vero
889 4461 944 4508 et
986 4452 1259 4522 iniquum,
1293 4454 1393 4506 hoc
1428 4452 1639 4506 distare
1671 4466 2053 4520 nonnunquam

463 4549 629 4615 solet,
659 4547 781 4616 quia
819 4546 994 4600 omnis
1026 4545 1222 4614 impius
1264 4545 1494 4616 iniquus,
1526 4560 1631 4599 non
1665 4553 1845 4598 tamen
1876 4545 2052 4600 onmis

2158 3346 2341 3393 contra
2397 3338 2585 3394 tunnes
2634 3340 2898 3395 veraciter
2943 3344 3111 3394 sancti
3157 3356 3263 3395 non
3311 3341 3483 3395 solmu
3520 3340 3756 3409 “gloriam

2161 3446 2317 3500 supra
2350 3435 2564 3487 modum
2598 3448 2753 3487 suum
2781 3430 2997 3487 omnino
3020 3448 3126 3488 non
3148 3442 3436 3503 appetunt,
3467 3434 3560 3489 sed
3591 3434 3758 3490 etiam

2159 3525 2265 3581 hoc
2308 3528 2480 3593 ipsum
2532 3527 2703 3581 videri
2754 3527 3022 3598 refugiunt
3068 3529 3375 3600 quod‘esse
3420 3539 3756 3587 meruerunt.

2158 3616 2312 3674 Unde
2342 3618 2430 3673 ille
2462 3618 2779 3690 praedicator
2806 3622 3050 3689 egregius
3084 3622 3351 3688 veritatis,
3380 3635 3566 3678 contra
3604 3639 3757 3688 pseu-

2156 3710 2502 3778 doapostolos
2530 3712 2779 3783 loquens,
2812 3714 2938 3768 dum
2974 3717 3203 3770 virtutes
3230 3716 3453 3770 eximias
3480 3712 3752 3784 operatio-

2160 3805 2241 3859 nis
2268 3820 2380 3859 sua:
2409 3820 2505 3874 pro
2527 3805 2905 3874 discipulorum
2931 3806 3233 3862 eruditione
3256 3817 3498 3862 narraret
3522 3805 3610 3877 (II
3632 3807 3757 3863 Cor.

2157 3913 2249 3964 xr,
2284 3897 2370 3962 15,
2400 3896 2559 3968 seq.),
2585 3897 2713 3953 dum
2748 3907 2825 3953 tot
2861 3914 2920 3953 se
2963 3900 3195 3969 pericula
3241 3902 3501 3956 tolerasse
3539 3915 3761 3957 coacer-

2161 4003 2278 4049 vata
2314 3996 2687 4063 persecutione
2717 3995 3049 4051 describeret
3068 4038 3083 4063 ,
3114 4008 3168 4051 et
3202 4006 3320 4066 post
3348 3998 3463 4053 haec
3492 4013 3661 4068 usque
3690 3995 3761 4053 ad

2160 4087 2372 4142 tertium
2404 4087 2597 4142 coelum
2619 4129 2634 4153 ,
2666 4104 2990 4158 rursumque
3035 4090 3086 4145 in
3120 4091 3424 4159 paradisum
3458 4100 3665 4160 raptum
3699 4082 3762 4146 se

2159 4196 2282 4238 esse
2331 4192 2696 4249 memoraret,
2748 4183 2837 4238 ubi
2888 4193 3033 4238 tanta
3083 4198 3408 4252 cognoscere
3460 4185 3759 4253 potuisset,

2159 4284 2356 4345 quanta
2389 4274 2534 4346 loqui
2573 4276 2791 4330 omnino
2835 4293 2941 4331 non
2973 4286 3157 4344 posset
3203 4275 3365 4346 (Ibid.
3394 4294 3505 4345 xu,
3528 4277 3607 4347 2),
3639 4287 3762 4333 erat

2163 4371 2229 4426 de
2256 4387 2314 4426 se
2340 4372 2513 4428 adhuc
2545 4372 2773 4429 fortasse
2803 4356 3200 4429 admirabilium
3233 4374 3529 4439 locuturus,
3560 4373 3655 4430 sed
3685 4375 3760 4430 ab

2168 4458 2397 4520 humana
2427 4465 2583 4520 laude
2606 4464 2707 4520 alta
2733 4480 2791 4521 se
2816 4466 3248 4523 consideratione
3277 4478 3602 4538 temperans,
3630 4465 3762 4523 sub-

2164 4557 2245 4611 dit
2270 4576 2281 4611 :
2318 4556 2486 4612 Parca
2516 4568 2711 4623 autem,
2743 4576 2805 4613 ne
2828 4560 2939 4629 quis
2971 4576 3048 4612 me
3077 4559 3327 4614 existimet
3356 4575 3514 4623 supra
3542 4560 3596 4612 id
3623 4560 3762 4629 quod

465 4640 680 4710 iniquus
703 4648 785 4694 est
812 4638 1027 4707 impius.
1061 4639 1258 4708 Impius
1281 4653 1513 4708 namque
1543 4655 1638 4708 pro
1666 4638 1863 4693 infideli
1897 4639 2050 4709 poni-

2165 4650 2299 4704 vidct
2329 4652 2381 4704 in
2412 4668 2514 4717 me,
2546 4661 2635 4705 aut
2676 4650 2820 4705 audit
2863 4652 3058 4721 aliquid
3083 4647 3113 4689 ιι
3144 4667 3206 4708 e1:
3232 4668 3310 4705 me
3353 4648 3517 4722 (Ibid.
3542 4667 3646 4719 xu,
3678 4652 3762 4722 6).

419 4744 429 4779 λ
467 4747 573 4799 tur,
610 4732 661 4787 id
690 4740 772 4787 est
801 4746 830 4785 a
863 4731 1060 4800 pietate
1107 4730 1381 4799 religionis
1408 4732 1647 4793 alienus;
1680 4731 1891 4800 iniquus
1923 4745 2053 4785 vero

464 4824 679 4887 dicitur,
704 4822 795 4893 qui
820 4823 1083 4892 pravitate
1100 4821 1279 4889 cperis
1298 4822 1364 4876 ab
1387 4823 1636 4893 {equitate
1656 4822 1950 4890 discordat,
1975 4823 2057 4879 vel

464 4921 505 4971 si
533 4918 762 4972 fortasse
777 4915 1099 4971 Christiana:
1121 4915 1244 4970 fidei
1273 4930 1465 4971 nomen
1496 4925 1691 4985 portat.
1718 4915 1865 4971 Beati
1897 4916 2057 4987 igitur

464 5010 567 5066 Job
594 5025 729 5066 voce
753 5010 925 5081 typica
949 5019 1136 5065 sancta
1168 5007 1423 5075 Ecclesia,
1448 5026 1565 5078 qua:
1591 5011 1725 5065 alios
1750 5021 1909 5066 rectae
1934 5011 2057 5067 lidei

465 5103 898 5158 contradicentes
919 5102 1140 5158 tolerat.
1166 5102 1386 5172 impium
1417 5117 1476 5157 se
1507 5101 1706 5157 habere
1730 5101 1928 5157 fatetur
1958 5102 2059 5157 ini-

468 5199 690 5252 micum.
726 5196 860 5265 Quia
893 5213 1019 5253 vero
1049 5199 1182 5253 alios
1213 5197 1312 5252 sub
1342 5207 1601 5267 prmtextu
1635 5197 1761 5253 fidei
1790 5199 1931 5253 intus
1965 5216 2056 5266 po-

469 5293 601 5346 sitos
647 5293 701 5347 in
750 5292 924 5359 pravis
954 5291 1207 5361 operibus
1240 5294 1455 5359 patitur,
1502 5291 1738 5361 iniquum
1771 5306 1924 5345 suum
1957 5289 2058 5346 ad-

470 5385 766 5439 versarium
790 5385 1102 5439 detestatur.
1128 5385 1183 5439 Si
1206 5392 1380 5438 autem
1405 5386 1558 5451 sicut,
1584 5395 1639 5441 et
1659 5387 1825 5451 quasi,
1852 5394 2062 5454 Oportet

471 5477 642 5545 magis
672 5486 730 5531 ut
760 5492 858 5546 pro
885 5477 1236 5533 similitudine
1265 5487 1495 5547 positum
1528 5481 1843 5546 sentiamus,
1876 5488 2061 5535 sancta

544 5619 571 5682 9
599 5611 847 5677 Vindoc.,
876 5613 992 5682 quis
1020 5613 1153 5667 enim
1179 5613 1234 5666 in
1260 5612 1355 5665 hac
1383 5620 1702 5680 corruption:
1732 5628 1906 5669 carae.

475 5752 516 5807 Β
544 5681 885 5807 ‘I’ISequentia
932 5699 1095 5748 υεαιυιπ
1138 5684 1237 5750 ad,
1268 5702 1313 5737 et
1364 5695 1533 5739 tamen
1564 5682 1725 5750 unde,
1770 5684 1962 5741 desunt
2009 5685 2058 5741 in

518 5768 547 5807 e
590 5771 655 5805 (ιν

518 5768 655 5808 eum

550 5836 571 5895 εἴ
604 5826 838 5889 Ehroie.,
870 5826 1033 5895 l’ral.,
1064 5823 1273 5887 licrm.,
1306 5843 1686 5895 nonnunquam.

545 5894 573 5933 ά
600 5897 635 5948 2
666 5896 855 5960 Laud.,
886 5894 1015 5948 velut
1044 5894 1277 5963 fidelem,
1310 5897 1399 5949 sed
1433 5894 1585 5954 male.

2166 4743 2411 4798 Habebat
2453 4759 2581 4813 ergo
2619 4743 2793 4798 adhuc
2838 4743 3123 4799 dicendum
3175 4742 3243 4798 de
3280 4757 3339 4799 se
3386 4736 3761 4814 aliquid,'qui

2168 4836 2335 4903 parcit
2355 4835 2562 4900 dicere;
2593 4835 2689 4890 sed
2721 4837 2829 4905 egit
2858 4820 3144 4904 utrumque
3174 4836 3363 4890 doctor
3391 4837 3658 4906 egregius,
3690 4846 3753 4892 ut

2166 4936 2221 4983 et
2249 4926 2515 4993 loquendo
2545 4943 2668 4996 qua:
2700 4937 2880 4998 egerat
2910 4927 3198 4998 discipulos
3241 4928 3561 4993 instrueret,
3587 4938 3643 4984 et
3676 4936 3760 4983 ta-

2164 5021 2338 5074 cendo
2366 5035 2484 5075 sese
2506 5019 2643 5074 intra
2669 5019 2984 5075 humilitatis
3010 5019 3232 5077 limitem
3254 5022 3567 5077 custodiret.
3586 5018 3761 5078 Nimis
3794 5018 3797 5023 ’

2166 5125 2396 5180 namque
2439 5120 2581 5166 esset
2619 5111 2879 5181 ingratus,
2909 5113 2952 5167 si
2999 5112 3067 5168 de
3097 5128 3156 5169 se
3187 5114 3459 5185 discipulas
3491 5125 3597 5168 tota
3630 5104 3763 5171 reti-

2164 5208 2339 5269 ceret,
2364 5212 2417 5259 et
2444 5204 2669 5261 fortasse
2698 5207 2856 5262 nimis
2886 5208 3153 5271 incautus.
3180 5211 3224 5264 si
3253 5212 3319 5263 de
3346 5224 3405 5264 se
3434 5218 3540 5264 tota
3567 5209 3651 5265 vel
3677 5200 3764 5265 di-

2166 5297 2383 5366 scipulis
2412 5298 2678 5369 proderet.
2704 5298 2807 5355 Sed
2834 5299 3179 5369 mirabiliter,
3210 5310 3273 5356 ut
3294 5301 3493 5355 dictum
3517 5311 3630 5368 est,
3652 5300 3765 5372 egit

2167 5403 2476 5463 utrumque,
2506 5405 2563 5448 ut
2590 5395 2855 5464 loquendo
2879 5396 3123 5453 erudiret
3146 5396 3309 5451 vitam
3334 5396 3690 5465 audientium,
3708 5402 3768 5453 et

2170 5482 2395 5540 tacendo
2425 5485 2721 5543 custodiret
2747 5502 2922 5543 suam.

2252 5626 2275 5691 fl
2305 5617 2432 5673 Haec
2461 5633 2628 5690 usque
2654 5619 2720 5674 ad
2741 5660 2757 5684 ,
2785 5622 3033 5691 sequitur,
3061 5621 3254 5677 desunt
3284 5622 3337 5676 in
3368 5604 3591 5677 Vindoc.

2247 5687 2264 5725 ί
2295 5692 2329 5743 2
2348 5687 2555 5757 Laud;
2581 5692 2763 5760 prazire
2790 5687 3044 5747 se'bonos.
3080 5726 3083 5733 λ
3436 5728 3443 5743 ι
3488 5736 3491 5743 .

2178 5770 2266 5859 ...ξ
2300 5761 2612 5859 [Ἶ.Ν2[¹;“·’
2642 5761 2825 5819 Gem“
2856 5773 2910 5819 ⁸⁸
2938 5765 3228 5835 Nam“,
3256 5763 3411 5821 (1⁸⁸⁵⁸
3438 5781 3508 5832 αι
3549 5772 3606 5822 ει
3632 5766 3767 5839 lesi-

2195 5847 2415 5901 ur,quaz
2442 5835 2589 5903 foris.
3570 5874 3587 5879 ,η
3630 5890 3633 5895 _
3680 5835 3753 5893 _'..

2246 5899 2270 5937 ι·
2302 5904 2536 5973 Gemet.,
2565 5901 2704 5962 Utic.
2734 5912 2791 5961 et
2818 5905 2945 5981 alii,
2965 5907 3159 5973 dem.
