4044 6346
456 323 512 380 ω
1662 330 1909 388 SANCTI
1947 328 2281 386 GREGORII
2320 326 2535 385 MAGNI
3663 331 3733 387 ιε

451 443 692 496 summis.
730 440 967 513 Utraque
987 444 1131 500 enim
1159 443 1322 499 simul
1351 455 1406 499 et
1436 445 1712 514 requaliter
1734 444 1901 499 amari
1930 458 2032 498 non
2061 449 2111 506 Α
2141 442 2233 496 Dei
2261 441 2456 496 docere
2481 454 2541 494 se
2570 439 2819 509 perhibet
2845 454 2940 495 eos
2978 454 3115 509 quos
3138 441 3438 511 in'pl‘opl’ia
3467 443 3735 510 sapientia

447 550 695 609 possunt.
726 537 877 594 Unde
908 537 1143 592 Joannes
1175 538 1450 606 apostolus
1477 538 1654 593 sciens
1684 537 1822 591 inter
1851 537 2034 606 spinas

445 648 693 688 animum
721 633 1064 687 smeularinm
1088 646 1335 701 Superum
1356 633 1632 686 charitatis
1662 646 1889 684 messem
1917 645 2037 700 ger-

450 732 659 783 minare
690 744 792 781 non
827 741 1001 795 posse,
1038 727 1340 794 priusquam
1372 726 1564 779 :eterni
1597 724 1795 777 amoris
1826 723 2032 777 semina

450 823 683 889 petilerat
703 861 717 882 ,
745 821 811 873 de
844 819 1170 871 audientium
1202 819 1454 871 cordibus
1486 829 1665 871 sancta
1697 817 1842 869 verbi
1877 830 2034 867 manu

447 928 688 965 amorum
728 912 1061 965 stecularium
1092 914 1273 980 spinas
1302 911 1535 963 eradicat
1555 955 1569 975 ,
1603 910 1635 960 (Ι
1660 924 1825 963 cens:
1858 905 2036 960 Nolite

448 1005 661 1071 diligere
684 1004 947 1063 inuadunt,
974 1020 1133 1071 neque
1153 1020 1214 1055 ea
1235 1019 1347 1071 quo?
1369 1003 1420 1053 in
1446 1003 1634 1053 mundo
1658 1011 1774 1052 sunt
1800 1000 1847 1063 (Ι
1873 999 2033 1053 Joan.

448 1112 514 1160 tl,
548 1096 654 1165 15).
694 1098 916 1165 Moxque
947 1097 1217 1162 subjungit
1246 1115 1258 1147 :
1300 1096 1434 1160 Quia
1464 1098 1507 1147 si
1537 1095 1650 1161 quis
1686 1094 1858 1165 diligit
1889 1110 2038 1145 mun-

446 1190 600 1251 dum,
632 1206 733 1241 non
772 1200 845 1241 est
876 1188 1097 1241 charitas
1132 1188 1305 1240 Patris
1334 1188 1385 1239 in
1416 1204 1493 1240 eo.
1533 1188 1608 1240 Ac
1640 1186 1684 1239 si
1731 1196 1916 1254 aperte
1956 1184 2037 1238 di-

445 1291 568 1335 cat:
605 1281 825 1351 Utrique
857 1297 917 1335 se
960 1297 1173 1335 amores
1205 1282 1256 1333 in
1303 1295 1409 1333 uno
1441 1280 1603 1333 corde
1648 1294 1752 1330 non
1784 1276 2031 1341 capiunt;

446 1388 544 1425 nec
588 1373 638 1427 in
672 1388 739 1428 eo
781 1389 938 1440 seges
982 1387 1227 1440 superna:
1258 1370 1533 1424 charitatis
1566 1370 1815 1437 pullulat,
1848 1366 1898 1420 in
1928 1366 2034 1435 quo

446 1467 594 1521 illam
629 1465 797 1532 spinae
829 1464 1023 1517 intima:
1049 1463 1423 1516 delectationis
1470 1470 1680 1515 necant.
1715 1465 1887 1529 Atque
1917 1461 2038 1514 illas

444 1572 507 1612 ex
542 1558 641 1611 hac
671 1556 849 1609 infima
880 1554 1233 1608 delectatione
1280 1543 1562 1605 nascentes
1592 1560 1871 1605 enumerat
1903 1568 2037 1617 pnn-

443 1650 670 1712 ctiOncs,
698 1650 917 1701 dicens:
953 1647 1088 1710 Quia
1116 1662 1261 1698 omne
1287 1646 1425 1712 quod
1456 1647 1506 1696 in
1544 1643 1736 1696 mundo
1766 1654 1841 1696 est
1862 1683 1878 1706 ,
1909 1661 2036 1696 con-

442 1741 751 1811 cupiscentia
780 1742 948 1792 carnis
982 1750 1088 1805 est,
1118 1747 1165 1791 et
1206 1739 1621 1803 concupiscentia
1658 1744 1955 1807 oculorum,
1988 1746 2036 1791 et

2137 549 2417 589 remanere
2458 534 2631 589 fatuos
2669 535 2832 587 videt.
2866 538 2941 589 Ac
2977 536 3021 588 si
3066 546 3250 603 aperte
3288 535 3437 590 dicat
3471 553 3486 591 :
3516 537 3631 606 Ego
3665 552 3735 594 ex

2137 645 2223 684 me
2263 629 2460 698 aliquid
2490 634 2705 689 nescio;
2735 628 2831 682 sed
2861 630 3116 699 quidquid
3149 631 3219 685 de
3252 632 3481 687 veritate
3522 635 3729 701 sentio,

2138 721 2239 775 hoc
2286 737 2353 775 cx
2399 722 2638 788 ejusdem
2690 721 2944 774 Veritatis
2991 724 3237 791 largitate
3293 725 3727 793 comprehendo.

2141 812 2247 866 Vos
2295 812 2493 865 idcirco
2534 822 2674 865 recta
2722 827 2829 864 non
2880 814 3087 879 sapitis,
3134 814 3257 882 quia
3305 815 3440 869 hanc
3486 818 3734 872 eamdem

2138 916 2370 959 vestram
2397 905 2713 974 sapientiam
2744 922 2851 958 non
2884 905 2976 959 Dei
3007 908 3186 961 manui
3207 947 3223 971 ,
3254 909 3351 962 sed
3390 911 3739 981 vobismetip-
3780 904 3795 917 ’

2138 999 2212 1051 sis
2238 998 2397 1053 datis.
2434 998 2565 1052 Nam
2596 998 2782 1052 hostes
2826 1010 3025 1052 sancta:
3059 1000 3335 1066 Ecclesiu,
3367 1003 3410 1056 si
3455 1004 3581 1072 quid
3624 1003 3737 1058 veri

2137 1092 2427 1160 aliquando
2479 1093 2750 1156 sentiunt,
2807 1092 2860 1144 id
2910 1092 3141 1159 propriis
3184 1093 3345 1165 565
3387 1096 3591 1149 viribus
3637 1097 3733 1149 tri-

2141 1184 2339 1248 buunt;
2370 1195 2422 1238 et
2454 1194 2601 1238 tanto
2649 1185 2818 1253 magis
2843 1199 2902 1237 se
2932 1185 3140 1252 privant
3171 1201 3402 1251 superna
3444 1187 3733 1256 sapientia,

2140 1285 2340 1345 quanto
2369 1278 2509 1330 illam
2537 1279 2687 1346 quasi
2718 1293 2784 1331 es
2829 1291 2927 1329 suo
2971 1278 3184 1345 ingenio
3230 1279 3429 1335 habere
3473 1280 3736 1348 privatam

2141 1371 2345 1422 volunt.
2385 1369 2591 1436 Quibus
2640 1371 2931 1439 aliquando
2976 1375 3133 1426 datur
3171 1372 3237 1426 ad
3273 1372 3532 1442 judicium
3581 1388 3738 1430 suum

2142 1471 2168 1499 ⁸
2197 1472 2255 1517 ιιι
2294 1472 2442 1518 recte
2487 1463 2701 1530 quidem
2752 1467 2928 1537 aliqua
2972 1469 3171 1530 sciant,
3216 1467 3310 1520 sed
3357 1480 3423 1520 ex
3470 1469 3582 1535 ipsa
3633 1465 3737 1523 hac

2141 1556 2365 1609 scientia
2390 1555 2736 1626 obligatiores
2763 1559 2827 1612 ad
2863 1575 3073 1628 poenam
3108 1560 3256 1613 ﬁant.
3286 1558 3437 1614 Unde
3456 1568 3583 1629 apte
3606 1558 3738 1614 sub-

2145 1649 2335 1702 ditur:

2574 1742 2801 1799 CAPUT
2832 1744 2919 1800 Xll
2962 1746 3106 1819 [Vet.
3144 1746 3301 1818 VH].

442 1834 677 1899 superbia
702 1833 837 1896 vita’,
866 1846 981 1900 quia
1003 1846 1103 1883 non
1134 1839 1292 1883 estex
1316 1828 1493 1891 Patre,
1515 1830 1602 1881 sed
1625 1845 1687 1881 ex
1719 1827 1907 1881 nmndo
1929 1840 2035 1895 est;
2066 1841 2114 1901 Β
2218 1833 2379 1890 Vens.
2411 1834 2497 1891 η.
2526 1866 2595 1877 -
2624 1836 2757 1891 Ecce
2800 1855 2888 1892 vos
2926 1856 3100 1893 omnes
3136 1842 3327 1907 nostis,
3370 1850 3417 1896 et
3456 1841 3583 1912 quid
3625 1843 3739 1897 sine

443 1938 492 1980 et
534 1927 756 1979 mundus
803 1930 1013 1987 transit,
1051 1933 1097 1976 et
1136 1924 1546 1990 concupiscentia
1592 1926 1701 1994 cjus
1748 1922 1918 1991 (lbid.
1965 1938 2032 1986 tl,

450 2021 561 2090 lli).
600 2020 860 2073 Delectari
890 2034 1018 2089 ergo
1047 2019 1098 2070 in
1126 2016 1235 2069 Deo
1269 2017 1543 2086 hypociita
1576 2032 1681 2068 nun
1715 2018 1878 2081 valet,
1909 2018 2030 2086 quia

444 2112 497 2168 in
525 2115 643 2178 ejus
674 2122 851 2165 olente
878 2110 1140 2163 desideria
1166 2125 1392 2176 superna
1418 2126 1522 2161 nou
1553 2110 1846 2175 pt'Otlettlll,
1871 2125 2031 2178 quam

445 2204 687 2271 profecto
719 2202 885 2269 spina:
916 2200 1114 2253 terreni
1142 2198 1341 2251 amoris
1370 2210 1637 2265 premunt.
1674 2198 1746 2252 De
1777 2216 1880 2266 quo
1908 2212 2032 2267 apte

441 2296 688 2348 subditur
713 2309 725 2320 '

1060 2382 1287 2438 CAPUT
1330 2381 1398 2438 Χ.

511 2483 639 2538 luto.
667 2512 734 2524 —
765 2481 829 2535 Et
858 2484 1093 2536 invocare
1123 2481 1285 2535 Deum
1318 2481 1457 2533 omni
1484 2477 1747 2547 tempore?

511 2576 600 2629 17.
635 2574 919 2646 Hypocrita
954 2576 1117 2627 Deum
1160 2591 1259 2626 non
1302 2575 1524 2637 invocat,
1558 2573 1656 2624 nisi
1689 2573 1739 2623 in
1777 2570 2032 2640 angustiis

440 2668 658 2736 positus.
686 2697 757 2707 —
788 2668 939 2721 Tunc
988 2667 1181 2737 quippe
1228 2666 1505 2736 hypocrita
1556 2664 1724 2718 Deum
1775 2666 2029 2732 inuocat,

398 2760 409 2763 “
440 2775 559 2814 cum
587 2762 730 2813 hunc
754 2769 1085 2814 terrenarum
1111 2776 1285 2812 rerum
1308 2759 1580 2811 tribulatio
1603 2767 1870 2826 angustat.
1896 2757 2028 2810 Nam

442 2867 564 2907 cum
598 2853 649 2906 in
679 2854 780 2906 hoc
808 2852 1003 2906 smculo
1031 2851 1277 2905 ellectum
1305 2852 1542 2920 quzcsita:
1574 2850 1843 2903 fclicitatis
1880 2849 2032 2902 inve-

440 2946 609 3011 nerit,
651 2957 921 3001 auctorem
952 2947 1039 3014 qui
1086 2948 1223 3000 hanc
1274 2948 1444 3014 ipsam
1500 2945 1807 2999 felicitatem
1851 2944 2034 2999 tribuit

442 3055 547 3094 nan
580 3040 822 3109 requirit.
855 3041 989 3107 Quia
1020 3055 1167 3102 vero,
1195 3049 1251 3093 ut
1282 3039 1646 3109 prmdiximns,
1673 3053 1795 3093 esse
1820 3053 1908 3091 ars
1937 3038 2033 3092 do-

442 3133 677 3187 centium
729 3132 888 3187 debet
931 3140 991 3186 ut
1037 3132 1087 3185 in
1138 3132 1443 3187 auditorum
1494 3147 1713 3186 suorum
1765 3132 2033 3186 mentibus

2137 1942 2292 1978 causa
2319 1944 2449 1980 vana
2471 1929 2742 1997 loquimini
2762 1931 2786 1983 ?

2212 2012 2298 2067 19.
2337 2015 2658 2079 Quibusdam
2687 2018 2841 2072 datur
2870 2020 2939 2072 ad
2955 2022 3214 2091 judicium
3240 2032 3295 2076 ut
3324 2034 3455 2077 recte
3484 2024 3737 2079 nonnulla

2138 2110 2323 2162 sciant.
2351 2139 2422 2150 —
2449 2110 2717 2180 Scriptum
2746 2124 2829 2168 est
2860 2133 2872 2165 :
2904 2115 3096 2168 Servus
3124 2118 3211 2184 qui
3240 2119 3473 2189 cegnovit
3499 2119 3735 2171 volunta-

2137 2209 2237 2253 tnn
2266 2201 2460 2254 domini
2490 2205 2590 2267 sui,
2624 2202 2650 2241 ι)
2677 2214 2725 2257 et
2771 2221 2872 2258 non
2903 2208 3231 2277 prmparavit,
3263 2220 3309 2260 et
3339 2224 3441 2261 non
3493 2210 3607 2275 fecit
3650 2225 3736 2262 se-

2135 2294 2361 2346 cundum
2387 2296 2698 2349 voluntatem
2727 2301 2859 2367 ejus,
2889 2298 3145 2369 vapulabit
3193 2301 3389 2354 multis.
3424 2303 3525 2369 Qui
3563 2312 3737 2355 autem

2135 2399 2240 2437 non
2268 2385 2524 2453 cognovit,
2551 2396 2596 2439 et
2623 2402 2725 2439 non
2754 2388 2873 2456 fecit
2900 2391 3077 2458 digna,
3104 2389 3273 2460 plagis
3310 2393 3573 2460 vapulabit
3604 2408 3741 2461 pau-

2135 2476 2209 2528 cis
2240 2476 2400 2543 (Luc.
2428 2491 2532 2542 sit,
2568 2479 2632 2531 47
2654 2478 2695 2547 ).
2726 2478 3065 2549 Rursumque
3090 2483 3349 2550 scriptum
3377 2494 3461 2537 est
3495 2501 3509 2537 :
3540 2483 3740 2538 Scienti

2140 2569 2302 2638 igitur
2327 2570 2514 2622 bonum
2551 2581 2572 2608 ι’
2601 2571 2794 2640 facere,
2819 2582 2866 2627 et
2892 2591 2992 2627 non
3020 2577 3249 2642 facienti,
3276 2589 3537 2646 peccatum
3562 2590 3636 2633 est
3654 2578 3738 2633 illi

2140 2660 2279 2730 (Jac.
2314 2679 2386 2729 iv,
2418 2665 2529 2734 l7).
2559 2666 2638 2718 Ad
2662 2668 2882 2733 majoris
2910 2683 3037 2738 ergo
3059 2672 3232 2739 culp:e
3252 2675 3525 2728 cumulum
3549 2674 3737 2729 hostes

2138 2769 2265 2807 suos
2295 2764 2478 2809 sancta
2503 2757 2739 2812 Ecclesia
2770 2760 3014 2829 perhibet
3041 2774 3095 2817 et
3122 2764 3264 2819 scire
3291 2766 3431 2835 quod
3459 2769 3613 2838 sequi
3634 2770 3737 2824 de-

2141 2847 2322 2911 beant,
2353 2859 2408 2902 et
2437 2852 2589 2919 sequi
2632 2852 2774 2906 nolle
2810 2855 2951 2922 quod
2994 2858 3184 2912 sciant.
3239 2859 3316 2915 De
3363 2860 3556 2929 quibus
3601 2862 3739 2917 alias

2139 2938 2338 2992 dictum
2368 2949 2450 2993 est
2485 2957 2500 2993 :
2534 2938 2859 2995 Descendunt
2898 2944 2951 2998 in
2987 2946 3249 3016 infernum
3294 2950 3511 3005 viventes
3562 2950 3736 3022 (Psal.

2074 3017 2085 3040 ¹
2141 3044 2251 3095 LIV,
2286 3030 2403 3099 16).
2442 3031 2557 3085 Vivi
2587 3046 2710 3088 sunt
2739 3037 2829 3104 qui
2863 3039 3101 3093 sentiunt
3130 3056 3248 3109 quae
3274 3057 3399 3111 erga
3429 3042 3551 3099 illos
3571 3017 3736 3100 ‘liunt.

2142 3123 2249 3177 Mm
2269 3126 2339 3177 tui
2369 3125 2515 3180 enim
2547 3141 2646 3182 nec
2675 3128 2851 3182 sciunt
2881 3134 3122 3195 omnino.
3147 3150 3246 3191 nec
3262 3138 3519 3193 sentiunt.
3544 3138 3738 3195 Mortui

443 3227 591 3295 prius
638 3224 889 3278 studeant
937 3240 1185 3294 perversa
1240 3228 1537 3285 deStruere.
1584 3234 1635 3279 et
1687 3224 2026 3292 postmodum

2143 3218 2323 3285 itaque
2350 3223 2439 3287 qui
2470 3235 2577 3273 non
2624 3223 2860 3277 sentiunt
2904 3240 3002 3292 pro
3053 3229 3439 3296 nescientibus,
3492 3232 3740 3288 viventes

441 3327 587 3372 recta
621 3318 931 3386 praedicue,
961 3334 1026 3372 ne
1058 3320 1255 3371 bomuu
1284 3327 1481 3371 sanctae
1514 3316 1914 3387 prcedicationis
1941 3331 2029 3371 se-

443 3425 565 3464 men
601 3410 751 3477 plena
783 3409 936 3462 malis
975 3410 1137 3462 corda
1170 3425 1275 3462 ιιυιι
1306 3411 1547 3476 capiant;
1582 3407 1721 3461 unde
1766 3407 1832 3460 ad
1879 3406 2030 3461 Jere-

439 3502 598 3556 miam
626 3502 856 3555 dicitur:
891 3501 1024 3555 Ecce
1066 3504 1307 3555 constitui
1338 3512 1385 3555 te
1411 3502 1563 3554 hodie
1595 3517 1749 3567 super
1784 3511 1954 3571 gentes
1982 3512 2029 3554 et

439 3610 624 3664 regna,
657 3601 710 3645 ut
740 3594 925 3647 evellas
955 3602 1001 3645 et
1042 3593 1295 3657 destinas,
1325 3603 1370 3645 et
1403 3592 1667 3663 disperdas
1695 3603 1742 3646 et
1788 3593 2025 3660 dissipes,

441 3694 488 3737 et
517 3685 763 3750 a'dilices,
787 3694 836 3739 et
864 3696 1062 3749 piantes
1091 3681 1312 3753 (larem,
1336 3699 1383 3747 t,
1419 3683 1499 3755 ltl)
1534 3684 1703 3754 (prius
1735 3686 1912 3753 itaque
1936 3684 2028 3752 ju-

440 3779 594 3831 betur
625 3791 682 3830 ut
724 3776 994 3844 destruat,
1028 3787 1081 3832 et
1129 3780 1467 3845 postmodum
1499 3778 1760 3840 :edilicet;
1796 3778 1942 3845 prius
1975 3787 2032 3832 ut

439 3873 665 3934 evellat,
698 3878 751 3921 et
783 3868 1121 3935 postmodum
1154 3870 1384 3937 plantet,
1418 3868 1537 3937 quia
1571 3883 1906 3936 nequaquam
1940 3884 2031 3921 re-

442 3969 543 4013 ctae
582 3960 823 4012 veritatis
866 3956 1269 4015 fundamentum
1305 3960 1536 4028 ponitur,
1566 3960 1667 4013 nisi
1702 3961 1845 4028 prius
1876 3975 2028 4014 erro-

440 4053 517 4107 ris
546 4050 748 4106 fabrica
773 4052 1104 4122 destruatur)
1128 4069 1143 4119 ;
1190 4054 1374 4107 beatus
1402 4053 1504 4107 Job
1535 4063 1811 4124 postquam
1840 4070 2029 4109 causas

444 4146 769 4201 universalis
798 4145 1053 4201 Ecclesia:
1092 4148 1385 4201 amicorum
1422 4162 1639 4200 suorum
1682 4148 1838 4202 dictis
1876 4149 2028 4215 quasi

439 4249 626 4295 contra
655 4240 1026 4292 ha-reticorum
1055 4238 1217 4293 verba
1250 4240 1558 4306 respondit,
1590 4255 1886 4307 eorumque
1916 4241 2029 4294 ela-

445 4331 644 4386 tionem
687 4330 996 4383 multimoda
1032 4333 1388 4397 'reslionsione
1431 4331 1737 4396 destruxit,
1778 4331 1887 4399 jam
1931 4332 2028 4383 do-

439 4438 564 4479 cere
592 4438 650 4477 se
681 4423 952 4489 perbibet,
983 4431 1040 4477 ut
1072 4424 1326 4478 videlicet
1354 4435 1537 4493 aperte
1569 4424 1810 4479 videatur
1850 4425 1901 4477 in
1944 4423 2028 4477 his

437 4532 555 4585 qua:
596 4515 829 4569 subdidit
868 4525 1008 4569 recta
1042 4517 1303 4585 plantare,
1336 4517 1385 4570 in
1420 4516 1502 4571 his
1552 4531 1679 4571 vero
1725 4532 1845 4585 quae
1887 4531 2026 4585 prte-

441 4608 588 4661 misit
613 4608 871 4663 evulsisse
904 4623 1173 4677 perversa.
1201 4610 1453 4678 Sequitur
1479 4627 1492 4663 :

888 4698 1111 4756 espur
1155 4700 1230 4755 x1
1262 4702 1409 4773 [Rea
1442 4700 1572 4774 lX].

510 4791 672 4845 Vens.
702 4791 786 4846 Η.
806 4822 871 4832 -
895 4790 1097 4846 Docebo
1125 4810 1208 4846 vos
1238 4811 1329 4861 per
1353 4811 1559 4847 manum
1589 4793 1715 4860 Dei,
1746 4790 1859 4865 qua!
1903 4796 2025 4850 0m-

437 4886 667 4954 nipotens
694 4885 903 4950 habent,
934 4902 1023 4940 nec
1045 4886 1381 4940 abscondam.

510 4976 597 5030 18.
660 4976 841 5031 Sancti
882 4976 991 5029 Deo
1018 4994 1164 5031 suam
1194 4978 1498 5045 sapientiam
1535 4979 1789 5046 tribuunt,
1823 4982 2027 5051 superbi

434 5067 547 5121 sibi.
570 5099 635 5109 —
664 5067 752 5122 Sic
775 5069 959 5123 beatus
984 5069 1087 5123 Job
1118 5069 1352 5138 loquitur
1376 5070 1551 5125 verbis
1582 5075 1711 5138 suis,
1740 5082 1796 5125 ut
1822 5073 2026 5142 aliquid

436 5163 609 5229 signet
655 5178 716 5217 ex
766 5163 981 5217 nostris.
1033 5162 1164 5217 Nam
1210 5174 1391 5218 sancta
1440 5164 1675 5218 Eccle~ia
1719 5166 1943 5231 docens,
1976 5169 2029 5222 in

435 5264 690 5320 quantum
723 5271 1047 5323 cognvscere
1089 5256 1333 5326 expedit,
1364 5257 1494 5310 nilul
1527 5259 1769 5311 veritatis
1803 5260 2030 5314 abscon-

436 5347 534 5398 dit.
578 5348 708 5413 Quia
756 5349 897 5401 enim
947 5364 1138 5402 manus
1186 5347 1277 5401 Dei
1324 5356 1549 5402 vocatur
1593 5348 1761 5404 Filius
1811 5350 2028 5420 (Omnia

435 5439 621 5508 quippe
652 5455 741 5505 per
771 5441 935 5511 ipsum
968 5441 1104 5510 facta
1130 5450 1249 5494 sunt
1281 5439 1465 5511 (Joun.
1493 5458 1539 5505 ι,
1570 5442 1649 5508 5),
1683 5458 1779 5511 per
1808 5458 2022 5499 tnauum

509 5561 536 5588 "
568 5552 749 5606 Nortn.
780 5563 835 5608 et
857 5553 1017 5607 Corb.
1055 5551 1260 5615 Germ.,
1293 5562 1348 5603 ut
1380 5563 1518 5605 recta
1547 5555 1769 5620 quidem.

511 5621 640 5677 1Ἰῑει
674 5625 724 5676 in
768 5628 1015 5678 onmibus
1045 5625 1169 5677 Mss.
1225 5625 1276 5676 In
1316 5623 1535 5695 Vimine.
1587 5636 1760 5678 tatuen
1814 5628 2026 5695 legitur,

442 5698 744 5761 prmparavil
774 5713 845 5749 se.
876 5695 1113 5748 lnEditis
1145 5704 1322 5747 autem
1360 5712 1371 5745 :
1397 5694 1459 5747 Et
1495 5714 1593 5749 non
1626 5700 1833 5766 paruit;
1848 5710 1893 5751 et
1925 5694 2026 5755 non

440 5767 559 5840 fecit
577 5769 855 5823 secuitrlwu
876 5766 1184 5820 voluntatem
1205 5769 1332 5840 ejus.
1362 5768 1528 5840 plagis
1550 5770 1803 5828 vapulabit
1829 5774 2023 5826 multis.

443 5842 544 5907 Qui
571 5852 738 5895 autem
766 5856 868 5894 non
894 5840 1127 5907 cognovit
1160 5847 1207 5890 et
1237 5839 1355 5905 fecit
1386 5839 1540 5906 digna
1568 5840 1751 5908 plagis,
1770 5842 2025 5912 vapulabit

2138 3323 2269 3361 vero
2299 3309 2389 3375 qui
2437 3311 2675 3365 sentiunt
2704 3328 2800 3382 pro
2830 3315 3121 3372 scientibus
3152 3322 3274 3387 poni
3306 3322 3503 3377 solent.
3540 3323 3739 3379 Viven-

2141 3408 2223 3453 tes
2250 3415 2379 3470 ergo
2410 3401 2461 3454 in
2492 3402 2761 3458 internum
2792 3407 3117 3463 descendere
3137 3419 3219 3465 est
3240 3413 3472 3467 scientes
3494 3416 3740 3469 sentien-

2141 3501 2331 3560 tesque
2362 3508 2604 3560 peccare.
2636 3496 2782 3567 [Rea
2815 3498 2914 3570 X.]
2940 3503 3210 3568 Sequitur,
3235 3518 3387 3560 VERS.
3420 3504 3583 3572 ίόι-
3606 3506 3740 3561 Hice

2135 3595 2208 3640 est
2236 3604 2357 3656 pars
2401 3587 2620 3643 hominis
2652 3593 2799 3659 impii
2828 3594 2970 3661 apud
3002 3594 3192 3661 Deum,
3223 3606 3272 3650 et
3314 3598 3584 3654 ltwreditas
3629 3603 3738 3654 vio-

2136 3677 2424 3745 lentorum,
2471 3697 2623 3750 quam
2668 3682 2731 3735 ab
2767 3683 3125 3755 Omnipotente
3150 3690 3178 3723 α
3215 3691 3514 3758 suscipient.
3561 3693 3736 3759 Quam

2136 3767 2375 3834 profecto
2425 3780 2633 3839 partem
2669 3775 3146 3848 ha'reditatemque
3186 3783 3427 3850 protinus
3475 3784 3734 3853 insinuat,

2133 3872 2259 3912 cum
2288 3860 2406 3927 subj
2420 3865 2564 3930 ungit
2588 3881 2601 3917 :

2717 3956 2941 4015 CAPUT
2983 3962 3120 4018 Xlll.

2208 4041 2373 4098 Vens.
2407 4046 2496 4098 14.
2521 4074 2592 4086 —
2612 4046 2674 4101 Si
2692 4050 3017 4120 multiplicati
3046 4060 3233 4125 fuerint
3253 4061 3351 4127 ﬁlii
3372 4065 3502 4134 ejus,
3538 4065 3589 4117 ia
3620 4067 3737 4137 gla-

2134 4136 2223 4188 dio
2256 4148 2423 4203 erunt,
2457 4151 2504 4191 et
2530 4150 2735 4208 nepotes
2764 4146 2874 4214 ejus
2902 4162 3005 4199 non
3035 4153 3402 4205 saturabuntur
3433 4172 3584 4221 pane.

2204 4226 2294 4280 20.
2330 4226 2584 4283 Ha’retici
2611 4248 2773 4287 sacra:
2802 4236 3086 4306 Scriptura:
3122 4241 3221 4292 vim
3263 4242 3533 4310 inferentes
3561 4262 3593 4298 a
3624 4247 3737 4299 Deo

2134 4320 2372 4391 feriendi.
2406 4352 2473 4361 --
2501 4324 2616 4378 Non
2665 4326 2892 4381 absurde
2940 4329 3090 4398 impii
3138 4345 3398 4389 vocantur
3445 4339 3733 4405 hmreaici,

2142 4417 2231 4483 qui
2260 4432 2353 4484 per
2383 4432 2623 4473 errorem
2651 4423 2797 4488 pravi
2822 4424 3084 4491 dogmatis
3108 4442 3138 4478 a
3164 4430 3467 4497 cognitione
3495 4442 3619 4486 sunt
3643 4449 3736 4489 ve.

2136 4497 2319 4563 ritatis’
2342 4511 2525 4577 alieni,
2580 4529 2714 4583 quos
2758 4520 3002 4586 sequenti
3049 4521 3214 4576 verbo
3262 4524 3421 4579 etiam
3469 4527 3736 4585 violentos

2056 4624 2105 4683 υ
2136 4604 2389 4673 appellat,
2419 4609 2617 4675 quippe
2642 4607 2734 4677 qui
2756 4609 3046 4677 Scriptum
3066 4628 3234 4670 sacra:
3256 4620 3556 4673 sententias
3584 4631 3732 4676 recta

2132 4697 2381 4773 dogmata
2404 4703 2747 4757 continentes
2768 4704 2835 4756 ad
2860 4705 3190 4761 intellectum
3224 4726 3443 4778 pravum
3467 4724 3735 4769 conantur

2132 4789 2402 4845 violenter
2428 4792 2722 4847 inﬂectere.
2762 4794 2987 4850 Violenti
3017 4813 3146 4868 ergo
3171 4810 3316 4866 sunt,
3348 4812 3403 4859 et
3427 4806 3474 4858 si
3505 4821 3612 4859 non
3645 4821 3734 4861 re-

2132 4883 2229 4936 bus
2256 4881 2531 4937 hominum
2559 4926 2571 4948 ,
2604 4894 2628 4921 ο
2682 4895 2829 4941 certe
2876 4890 3124 4945 sensibus
3170 4904 3578 4961 praeceptorum.
3612 4896 3733 4952 Filii

2131 4986 2309 5029 autem
2342 4977 2704 5034 violentorutn
2733 4991 2858 5037 sunt
2896 4998 3156 5053 sequaces
3199 4987 3608 5057 lmreticorum,
3638 4994 3732 5062 qui

2137 5070 2263 5123 dum
2297 5086 2481 5125 eorum
2514 5075 2684 5127 errori
2708 5077 3077 5144 consentiunt,
3105 5082 3252 5148 quasi
3275 5097 3341 5137 ex
3369 5098 3555 5138 eorum
3589 5100 3730 5154 prae-

2136 5162 2407 5218 dicatione
2429 5175 2772 5233 generantur.
2798 5169 2902 5223 Sed
2922 5171 3257 5241 multiplicati
3283 5178 3332 5230 in
3354 5178 3532 5245 gladio
3551 5191 3730 5244 erunt,

2136 5257 2262 5323 quia
2289 5257 2530 5326 quamvis
2560 5260 2719 5314 modo
2748 5260 3008 5317 immensa
3040 5265 3381 5322 multitudine
3420 5269 3473 5322 in
3522 5272 3731 5337 perdita

2136 5353 2384 5408 libertate
2417 5366 2778 5422 succrescant,
2806 5360 3014 5412 venturi
3048 5369 3223 5416 tamen
3243 5362 3440 5431 jlﬂllClS
3460 5367 3733 5421 sententia

2136 5446 2415 5502 feriuntur.
2449 5447 2599 5503 Unde
2642 5464 2736 5519 per
2765 5448 2982 5520 Moysen
3014 5453 3270 5509 Dominus
3300 5455 3428 5511 dicit
3464 5477 3473 5509 :
3509 5457 3733 5513 Gladius

2137 5561 2335 5643 paucis.
2368 5561 2547 5643 Dectio
2571 5572 2749 5643 nostra
2777 5562 3015 5643 Vulgata:
3039 5568 3291 5624 concinit.
3327 5567 3511 5628 Germ.
3538 5572 3731 5643 habet,

2137 5641 2183 5684 et
2212 5633 2327 5699 fecit
2360 5634 2512 5702 digna
2541 5634 2724 5703 plagis,
2747 5636 3025 5701 vapulabit.

2211 5712 2231 5738 υ
2268 5703 2422 5757 υρρει
2449 5705 2615 5770 facere
2645 5721 2693 5756 in
2718 5705 2751 5757 ‘2
2777 5708 2946 5761 Laud.

2206 5771 2230 5808 ἀ
2264 5776 2416 5827 lieec.
2450 5787 2501 5828 et
2532 5776 2600 5827 ali
2634 5773 2848 5839 Nono"
2879 5780 3183 5844 suscipiunt.

2208 5854 2229 5881 ο
2258 5844 2469 5899 Ebroic.
2502 5855 2553 5901 et
2576 5846 2662 5901 alii
2688 5847 2897 5916 Nortn.,
2928 5858 3061 5904 certe
3080 5855 3361 5915 sententiis.
3396 5908 3399 5911 .
