4104 6350
307 359 376 416 49
1131 361 1498 418 MORALIUM
1536 362 1667 418 LIB.
1708 359 2232 418 XVIll.-—CAPU'I‘
2271 357 2463 416 XXVII
2505 357 2566 413 Β.
2604 357 2725 413 JOD
3525 352 3597 408 50

303 495 446 532 meus
476 478 800 532 munducubit
829 496 1004 535 carnes
1036 477 1213 552 (Deut.
1242 467 1387 534 xxvii
1407 523 1422 548 ,
1447 478 1562 549 42).
1614 481 1708 542 Dei
1754 482 1895 536 enim
1925 485 1976 544 Α
2001 478 2200 549 parabit
2255 478 2482 547 quidem,
2529 475 2619 530 sed
2651 475 2828 545 justus
2855 472 3091 556 uestietur
3109 473 3233 541 illis,
3255 483 3302 528 et
3328 482 3598 546 argentum

303 575 514 644 gladius
555 588 743 628 carnes
773 583 798 610 ἰ
831 575 1080 638 comedit,
1134 575 1256 644 quia
1307 575 1358 630 in
1411 585 1654 630 extremo
1693 576 1896 644 judicio

305 664 424 733 ejus
454 667 716 719 sententia
741 681 833 720 cos
857 669 944 733 qui
975 667 1262 722 carnaliter
1287 669 1502 737 sapiunt
1530 668 1747 723 occidit.
1782 669 1894 736 Qua

305 755 359 810 in
390 771 450 809 re
488 756 833 820 qum—randum
864 767 950 812 est
977 774 1073 813 cur
1103 759 1312 815 dicatur
1341 761 1480 829 quod
1513 760 1650 815 hanc
1691 771 1895 829 partem

308 859 473 917 atque
504 849 872 906 [nereditatem
912 867 1061 906 suam
1093 853 1241 921 pravi
1272 853 1338 906 ab
1369 854 1746 924 Omnipotente
1776 870 1898 924 per-

306 946 530 1012 tipiunt.
581 943 685 999 Sed
736 955 878 999 reete
927 945 1390 1002 considerantibus
1423 947 1587 1016 liquet
1635 949 1756 1016 quia
1794 949 1894 1002 etsi

305 1053 336 1088 a
374 1035 563 1103 seipsis
593 1035 894 1091 habuerunt
945 1038 1142 1104 injuste
1186 1054 1365 1107 agere,
1418 1054 1666 1108 Superum
1717 1048 1895 1094 tamen

307 1128 541 1195 tequitati
571 1130 805 1198 suppetit
834 1129 1030 1198 injuste
1049 1140 1163 1184 acta
1188 1132 1328 1200 juste
1352 1131 1610 1200 judicare,
1638 1141 1696 1184 ut
1719 1132 1897 1185 divina

307 1205 570 1272 sententia
600 1219 813 1274 ordinet
835 1222 885 1275 in
915 1237 1125 1288 ptenam
1149 1237 1281 1287 quos
1310 1223 1607 1277 inordinata
1636 1237 1732 1276 sua
1757 1224 1898 1276 actio

309 1313 478 1365 traxit
503 1312 568 1365 ad
612 1313 846 1382 culpam.
879 1313 956 1369 De
1003 1315 1197 1384 quibus
1247 1326 1368 1383 apte
1415 1315 1754 1386 subiungitur
1786 1333 1800 1368 :
1829 1313 1898 1367 Et

307 1415 511 1474 nepotes
531 1405 643 1474 ejus
667 1421 768 1458 non
790 1407 1162 1460 saturabuntur
1181 1423 1326 1473 parte.

379 1501 472 1554 2|.
497 1500 542 1552 Α
564 1499 789 1552 veritatis
812 1499 1098 1569 cognitione
1111 1500 1355 1570 jejunant
1383 1498 1707 1568 Scripturam
1729 1499 1900 1568 legen-

309 1605 384 1650 tes
428 1593 496 1647 ad
535 1593 888 1661 quwstienem,
941 1608 1044 1644 non
1091 1593 1159 1643 ad
1212 1592 1644 1660 refectionem.—
1670 1592 1898 1658 Nepotes

309 1688 508 1757 quippe
555 1685 930 1740 haereticorum
962 1695 1082 1738 sunt
1113 1685 1201 1754 qui
1233 1687 1300 1739 de
1329 1685 1619 1738 errantium
1670 1685 1897 1738 liliorutn

311 1778 697 1849 praedicatione
726 1789 1040 1831 nascuntur.
1067 1779 1212 1842 Quos
1258 1793 1588 1846 nequaquam
1633 1780 1781 1847 panis
1811 1795 1896 1831 sa-

2001 574 2242 626 innocens
2269 569 2289 610 ¹
2326 573 2535 626 dividet.

2073 663 2166 717 '24.
2197 662 2452 718 Catholici
2481 665 2744 720 Itwreticos
2773 667 2961 720 eisdem
2993 665 3166 734 Scrip.
3187 681 3349 720 sacra:
3376 667 3600 720 testimo-

2003 758 2103 810 niis
2144 773 2262 827 qua:
2303 762 2601 829 proferunt,
2651 758 2924 814 debellant.
2955 759 3337 828 --Argentum
3377 756 3602 825 intelligi

2003 848 2141 902 sacri
2178 849 2376 916 eloquii
2412 849 2625 902 claritas
2653 849 2823 917 solet,
2857 852 2994 905 sicut
3025 851 3154 906 alias
3179 851 3372 924 dicitur
3417 868 3432 905 :
3467 850 3601 904 Elo-

2003 941 2124 1011 quia
2149 939 2360 993 Domini
2391 941 2594 1010 eloquia
2625 951 2786 1006 casta,
2819 955 3080 1012 argentum
3106 944 3224 1013 igne
3248 943 3599 996 examinatum

2007 1029 2181 1098 (Psat.
2216 1045 2289 1092 λι,
2323 1030 2401 1100 7).
2431 1031 2491 1084 Et
2521 1033 2644 1099 quia
2678 1033 2917 1087 nonnul'li
2948 1034 3220 1103 eloquium
3256 1035 3348 1088 Dei
3378 1050 3484 1088 non
3515 1035 3601 1089 in-

2004 1125 2170 1178 terius
2201 1137 2296 1192 per
2336 1125 2724 1180 exhibitionem
2749 1169 2763 1192 ,
2796 1127 2891 1181 sed
2921 1129 3155 1182 exterius
3189 1144 3281 1194 per
3327 1130 3597 1184 ostensio-

2003 1231 2126 1270 nem
2173 1216 2369 1270 habere
2421 1218 2844 1285 concupiscunt;
2895 1219 3094 1273 idcirco
3145 1235 3237 1288 per
3286 1221 3596 1288 prophetam

2003 1306 2198 1360 dicitur
2224 1324 2236 1360 :
2265 1305 2619 1376 Disperiet-unl
2651 1326 2821 1363 omnes
2851 1311 3064 1363 involuti
3091 1321 3303 1381 argento
3330 1309 3594 1379 (Sep/ton.

2002 1411 2048 1463 t,
2077 1397 2188 1467 Η).
2220 1399 2280 1452 lli
2314 1401 2558 1474 nimirum
2593 1402 2680 1468 qui
2727 1402 2939 1470 eloquio
2971 1403 3060 1456 Dei
3103 1418 3207 1456 non
3250 1403 3488 1458 interiori
3518 1419 3602 1460 re-

2004 1488 2237 1545 fectione
2265 1507 2322 1545 se
2356 1495 2584 1558 replent,
2615 1494 2708 1547 sed
2741 1494 2994 1547 exteriori
3040 1495 3346 1549 ostensione
3391 1511 3451 1550 se
3501 1512 3595 1549 ve-

2008 1586 2198 1638 stiunt.
2231 1585 2382 1640 Unde
2413 1595 2467 1641 ct
2493 1588 2680 1641 horum
2709 1600 3009 1658 argentum,
3043 1589 3092 1643 id
3123 1599 3203 1643 cst
3228 1589 3600 1644 haereticorum

2004 1676 2298 1746 eloquium,
2332 1689 2491 1733 terra:
2536 1691 2617 1734 est
2647 1695 3049 1750 comparatum,
3079 1683 3198 1751 quia
3228 1684 3295 1736 de
3323 1683 3601 1751 Scriptura
3629 1753 3632 1758 _

2005 1783 2155 1824 sacra
2186 1783 2241 1824 ut
2281 1773 2480 1840 aliquid
2541 1777 2714 1828 sciant
2762 1791 2825 1829 ex
2869 1776 3106 1844 appetitu
3148 1785 3377 1830 terrena:
3433 1776 3604 1829 laudis

313 1872 428 1934 tiat,
469 1870 591 1938 quia
616 1869 740 1923 dum
794 1869 844 1922 itt
876 1869 1013 1922 sacri
1062 1869 1206 1924 verbi
1257 1869 1450 1939 pabulo
1497 1870 1613 1936 plus
1660 1879 1906 1935 quaerunt
1936 1860 2306 1929 Belaboranl.
2357 1863 2460 1930 Qui
2502 1866 2662 1918 etiam
2709 1866 2846 1919 sicut
2896 1867 3062 1918 lututn
3110 1875 3410 1935 praeparant
3445 1867 3603 1921 vesti-

311 1964 512 2016 sentire
536 1961 560 1999 δ
587 1976 746 2031 quam
776 1962 1011 2030 capiunt,
1036 1977 1250 2028 semper
1274 1976 1302 2014 a
1326 1961 1566 2015 veritatis
1597 1963 1899 2032 Cugttilione

312 2052 549 2120 jejunant
580 2069 593 2115 ;
629 2061 681 2105 et
711 2051 1118 2119 prtedicamenta
1149 2053 1407 2107 doctrinae
1446 2069 1563 2120 qua!
1590 2053 1808 2108 student
1833 2055 1899 2108 ad

311 2149 657 2218 quaestionem
702 2163 938 2215 quaerere
963 2189 979 2214 ,
1013 2148 1173 2218 566
1204 2148 1400 2202 habere
1451 2164 1558 2202 non
1612 2148 1791 2202 valent
1832 2149 1899 2202 ad

313 2240 681 2294 refectionvm.
724 2240 856 2308 Quia
903 2255 1032 2295 vero
1063 2243 1343 2296 nonnullos
1374 2258 1438 2297 ex
1471 2243 1655 2296 iisdem
1687 2243 1902 2297 lucreti-

315 2333 394 2387 cis
419 2341 601 2385 sancta
635 2331 868 2386 Ecclesia
898 2332 1133 2404 colligit,
1164 2335 1450 2388 nonnullos
1495 2337 1548 2387 itt
1581 2333 1778 2390 malitia
1805 2348 1896 2391 sua

319 2427 614 2498 pertinaces
643 2425 914 2495 rel:nquit,
946 2427 1187 2494 protinus
1217 2427 1428 2482 additur
1461 2445 1473 2480 :

906 2541 1132 2598 CAPUT
1157 2541 1288 2620 .xw

389 2651 550 2706 Vens.
575 2652 664 2707 15.
685 2682 757 2693 -
779 2653 882 2721 Qui
907 2654 1088 2725 reliqui
1114 2654 1300 2720 fuerint
1323 2671 1386 2710 ex
1412 2671 1490 2724 eo,
1522 2656 1828 2724 sepelientur
1845 2658 1902 2712 in

316 2746 545 2800 interitu.

385 2836 474 2891 22.
519 2837 584 2893 In
611 2855 784 2894 errore
823 2841 1144 2895 morientium
1167 2857 1336 2910 paena.
1361 2869 1428 2881 -—
1456 2841 1528 2894 Ex
1561 2857 1628 2896 eo
1655 2843 1902 2899 videlicet

321 2932 696 2990 haereticorum
739 2937 935 3006 populo
959 2937 1198 2992 derelicti
1223 2937 1551 3003 sepeliuntur
1580 2939 1632 2992 in
1659 2939 1899 3003 interitu,

289 3027 438 3091 quia
470 3025 596 3079 dum
639 3027 702 3080 ad
733 3026 904 3081 lucem
936 3028 1172 3082 veritatis
1218 3043 1322 3082 non
1369 3027 1614 3091 redeunt,
1668 3029 1902 3098 profecto

317 3115 370 3170 itt
403 3131 560 3184 ptena
585 3126 857 3186 perpetua,
882 3118 1228 3186 intelligentia
1262 3133 1472 3173 terrena
1497 3120 1898 3184 deprimuntur.

317 3206 383 3262 Et
411 3209 530 3277 quia
563 3225 941 3280 nonnunquam
973 3211 1096 3265 dum
1129 3221 1313 3265 auctor
1339 3213 1630 3266 errantium
1665 3213 1896 3280 plebium

315 3299 520 3365 rapitur
557 3297 622 3351 ad
674 3314 905 3368 ptenam,
947 3300 1181 3354 seducta:
1212 3301 1394 3370 plebes
1432 3302 1788 3356 reformantur
1835 3305 1901 3358 ad

316 3389 559 3444 veritatis
585 3389 866 3446 scientiam
893 3429 908 3454 ,
936 3401 990 3446 et
1042 3403 1167 3446 tunc
1204 3392 1267 3446 ad
1312 3407 1492 3447 veram
1544 3393 1900 3462 cognitionem

318 3482 548 3537 redeunt
571 3484 798 3550 subditi,
827 3500 946 3540 cum
978 3487 1044 3541 ad
1073 3496 1272 3540 aeterna
1303 3487 1558 3556 supplicia
1588 3491 1904 3555 perveniunt

320 3574 375 3629 lii
406 3586 427 3613 ο
454 3577 541 3645 qui
573 3576 949 3632 male-fuerant
979 3579 1202 3646 prmlati,
1234 3587 1356 3646 apte
1381 3579 1716 3648 subjungitur
1745 3597 1758 3632 :

393 3666 521 3720 iam.
539 3697 610 3707 -
629 3667 699 3722 Et
725 3669 888 3723 uidua'
910 3669 1053 3724 illius
1080 3688 1178 3723 non
1201 3671 1493 3739 plorobunt.

388 3761 480 3816 25.
515 3761 720 3817 Errat-is
761 3763 1052 3818 doctoribus
1089 3765 1158 3817 ad
1210 3779 1410 3830 poenam
1443 3765 1640 3830 raptis,
1687 3766 1908 3834 decepta:

321 3856 488 3925 plebes
547 3871 683 3924 stupe
737 3857 1062 3928 resipiscam.
1115 3857 1260 3922 Quas
1315 3855 1499 3910 viduas
1555 3855 1672 3925 ejus
1711 3857 1908 3925 accipi-

321 3959 438 3999 mus
470 3987 486 4011 ,
542 3946 645 4000 nisi
697 3947 964 4015 subjectas
1019 3947 1202 4014 plebes
1258 3955 1431 4004 morte
1485 3947 1627 4003 illius
1682 3949 1910 4005 feliciter

323 4035 645 4091 destitutas?
674 4037 808 4104 Quia
838 4051 1003 4106 smpe,
1037 4047 1093 4090 ut
1120 4037 1318 4092 dictum
1345 4048 1448 4100 est,
1481 4040 1606 4092 dum
1640 4040 1901 4106 prtedica-

322 4138 405 4184 tor
435 4131 636 4184 erroris
662 4132 726 4183 ad
755 4141 954 4184 atterna
982 4131 1239 4200 supplicia
1274 4133 1496 4200 rapitur,
1515 4130 1771 4200 subjecta:
1795 4133 1909 4200 ple-

325 4223 580 4279 besillius
627 4223 691 4278 ad
719 4223 1039 4292 cognitionis
1089 4238 1230 4277 verae
1275 4226 1499 4290 gratiam
1545 4232 1906 4278 revertuntur.

325 4316 416 4370 llis
437 4317 580 4370 enim
607 4314 846 4384 plebibus
869 4330 1152 4384 perversus
1180 4315 1496 4382 praedicator
1515 4317 1664 4384 quasi
1689 4315 1910 4368 maritus

326 4409 555 4479 praefuit,
583 4407 704 4476 quia
729 4408 866 4464 male
887 4408 964 4462 eis
984 4408 1305 4475 conjunctus
1326 4407 1610 4462 inhaeserat
1631 4417 1911 4475 corruptor

328 4501 542 4554 mentis.
588 4499 930 4569 Nequaquam
976 4514 1104 4568 ergo
1134 4498 1340 4564 viduae,
1367 4499 1450 4552 vel
1478 4499 1745 4553 destituta:
1790 4499 1910 4566 plo-

325 4601 464 4657 rant,
495 4591 616 4660 quia
649 4599 819 4644 tnorte
850 4591 1002 4660 pravi
1045 4592 1280 4643 doctoris
1311 4589 1448 4644 viam
1482 4591 1719 4644 veritatis
1764 4590 1912 4644 inve-

326 4684 500 4750 niunt,
541 4698 608 4738 ex
637 4683 789 4750 cujus
820 4682 1038 4737 interitu
1068 4679 1228 4749 afﬂigi
1264 4695 1418 4750 posse
1449 4681 1782 4736 videbantur.
1820 4680 1912 4735 Vel

327 4785 474 4829 certe
502 4790 605 4829 non
641 4777 851 4842 plorant
879 4773 1082 4836 vidum,
1111 4774 1232 4842 quia
1264 4773 1318 4826 in
1363 4787 1460 4826 suo
1507 4787 1691 4826 errore
1738 4787 1913 4826 rema-

329 4878 536 4932 nentes,
563 4869 688 4922 dum
717 4877 958 4922 sanctum
1005 4864 1166 4920 fuisse
1199 4867 1466 4918 restituant
1507 4864 1910 4934 praedicatorem

329 4973 502 5023 suum,
529 4975 624 5030 Spe
654 4961 783 5014 falsa
816 4977 880 5015 ne
908 4960 1123 5029 lugeant
1151 4958 1514 5014 consolantur.
1545 4956 1793 5027 Sequitur
1821 4976 1833 5011 :

596 5071 822 5127 CAPUT
849 5071 963 5126 XVI
990 5068 1312 5144 [Vet.VIll,
1343 5069 1466 5124 licc.
1493 5068 1622 5141 XI].

405 5174 565 5232 Vens.
601 5175 794 5239 16,17.
813 5203 883 5214 -—
903 5174 964 5228 Si
991 5171 1377 5239 comportaverit
1407 5167 1434 5208 ά
1462 5171 1590 5224 sicut
1614 5183 1749 5225 terra
1771 5189 1905 5226 mar-

333 5278 556 5338 gentum,
577 5276 623 5320 et
643 5267 772 5320 sicut
801 5266 967 5318 tutum
989 5263 1350 5334 prazparaverit
1376 5262 1689 5328 vestimenta,
1727 5273 1750 5301 ε
1773 5280 1909 5334 prte-

405 5419 428 5447 α
462 5410 638 5473 V3nd.,
669 5411 892 5463 devorat.

402 5479 428 5518 δ
463 5483 485 5534 1
525 5482 882 5548 Laud.,quam
911 5479 1138 5543 sapiunt.

405 5561 430 5622 ἦ
460 5554 482 5605 i
520 5552 711 5619 Lautl.,
733 5554 818 5622 qui
841 5550 960 5606 mali
983 5550 1202 5620 fuerant.

405 5619 434 5659 ά
460 5623 494 5675 2
525 5623 717 5690 Laud.,
746 5619 880 5676 sicut
905 5619 1059 5675 terra.
1127 5664 1132 5670 .

409 5701 434 5763 τ
464 5693 722 5760 Plerique,
757 5695 1080 5762 preparavit,
1103 5693 1241 5763 quod
1265 5693 1398 5747 infra
1426 5692 1703 5762 repetitur.

413 5761 433 5801 ί
469 5765 660 5827 Laud.,
689 5761 887 5818 diuidit.

407 5843 436 5889 ε
460 5836 516 5893 In
546 5835 729 5892 Germ.
759 5844 813 5890 et
843 5836 894 5890 in
925 5845 1123 5906 poster.
1153 5836 1342 5901 Editis,
1369 5835 1624 5907 promissi.
1659 5833 1841 5891 Melius
1867 5849 1921 5890 tn

2005 1963 2206 2019 menta,
2243 1957 2362 2024 quia
2387 1959 2527 2010 lluse
2552 1967 2604 2010 et
2635 1959 3032 2028 inquinabiliter
3062 1973 3122 2012 ea
3149 1957 3339 2026 quibus
3370 1974 3429 2012 se
3459 1959 3599 2012 tueri

2005 2047 2190 2100 volunt
2222 2048 2512 2114 Seriptura:
2554 2063 2720 2101 sacra:
2751 2059 3044 2104 contexunt
3076 2050 3403 2103 testimonia.
3455 2051 3603 2103 Prte-

2005 2137 2212 2205 parabit
2258 2141 2490 2208 quidem,
2541 2141 2636 2194 Sed
2675 2141 2849 2210 justus
2884 2143 3146 2197 vestietur
3184 2142 3306 2209 iliis,
3351 2143 3475 2211 quia
3520 2143 3604 2196 vir

2007 2239 2154 2286 recta
2185 2231 2289 2285 ﬁde
2321 2233 2508 2298 plenus
2536 2275 2548 2292 .
2577 2249 2695 2301 quac
2728 2236 2928 2289 sanctis
2959 2236 3096 2289 solet
3123 2235 3188 2288 ad
3214 2236 3472 2304 justitiam
3505 2236 3632 2306 de-_

2009 2322 2206 2388 putari,
2239 2337 2302 2376 ea
2332 2323 2442 2392 ipsa
2477 2323 2764 2394 Scriptura:
2786 2341 2956 2380 sacrm
2984 2343 3104 2395 quae
3135 2328 3417 2381 bmreticus
3447 2328 3604 2382 aliert

2007 2413 2312 2467 testimonia
2345 2415 2546 2483 t-oliigit
2571 2457 2586 2480 ,
2631 2425 2684 2470 et
2714 2421 2916 2472 erroris
2941 2419 3057 2488 ejus
3101 2421 3449 2489 pertinaciam
3481 2420 3604 2476 inde

2008 2507 2186 2560 convi.
2212 2508 2304 2560 cit.
2339 2509 2534 2563 Contra
2561 2527 2658 2565 nos
2691 2527 2918 2580 namque
2945 2514 3070 2567 dum
3100 2515 3425 2584 sacrte‘legis
3456 2518 3605 2570 testi~

2007 2599 2185 2654 monia
2219 2611 2527 2670 apportaut,
2561 2619 2742 2658 serum
2773 2605 2924 2661 nobis
2955 2606 3184 2661 alierum
3215 2609 3355 2662 unde
3383 2609 3604 2664 vincan-

2007 2697 2114 2744 tur.
2151 2691 2306 2746 Unde
2336 2703 2388 2746 (ιι
2420 2693 2582 2748 David
2619 2706 2799 2766 typum
2839 2697 3074 2763 Domini,
3107 2697 3290 2753 Golias
3321 2716 3445 2755 vero
3490 2702 3604 2754 Ine-
3635 2683 3638 2686 I

2008 2782 2292 2836 reticorttm
2323 2785 2626 2852 superbiam
2658 2788 2909 2856 signans,
2945 2788 3048 2842 hoc
3074 2793 3236 2845 rebus
3275 2791 3435 2845 locuti
3483 2801 3605 2846 sunt

2007 2879 2147 2946 quod
2209 2896 2304 2933 nos
2363 2882 2540 2934 verbis
2603 2886 2893 2950 aperimus.
2967 2883 3146 2938 Colias
3217 2885 3415 2955 quippe
3480 2902 3602 2940 cum

2007 2967 2211 3036 gladio,
2250 2969 2414 3023 David
2477 2986 2605 3024 vero
2653 2989 2775 3024 cum
2845 2987 2974 3042 pera
3029 2975 3283 3043 pastorali
3338 2975 3481 3030 venit
3537 2978 3604 3030 ad

2007 3060 2274 3124 prtrlium.
2322 3059 2428 3114 Sed
2475 3061 2721 3114 eumdem
2751 3062 2956 3117 Goliam
2991 3064 3154 3118 Daiid
3190 3056 3455 3134 superans
3503 3083 3602 3122 suo

2007 3149 2182 3218 gladio
2245 3152 2476 3214 occidit,
2530 3153 2670 3222 quod
2717 3168 2812 3206 nos
2861 3170 3074 3223 quoque
3113 3156 3360 3224 agimus,
3421 3166 3447 3203 κ
3511 3159 3599 3227 qui

1927 3245 2259 3314 Cpromissi
2312 3244 2470 3299 David
2540 3246 2698 3318 567
2757 3248 2993 3301 membra
3051 3249 3294 3314 ex'ejus
3355 3249 3468 3302 fieri
3523 3250 3605 3304 di-

2009 3334 2262 3403 gnatione
2293 3336 2601 3391 meruimus.
2657 3338 2784 3390 Nam
2815 3355 2934 3392 cttm
2967 3339 3336 3408 superbientes
3385 3339 3604 3394 lnereti-

2013 3442 2106 3482 cos
2137 3423 2166 3464 ιι
2194 3437 2248 3482 et
2289 3443 2455 3481 sacra:
2484 3427 2775 3498 Scriptura:
2813 3431 3107 3486 sententias
3136 3431 3471 3495 deferentes,
3501 3433 3606 3486 eis-

2015 3521 2137 3575 dem
2163 3521 2337 3575 verbis
2363 3531 2522 3586 atque
2544 3523 2821 3577 sententiis
2849 3538 2981 3590 quas
3009 3524 3274 3589 proferunt
3304 3524 3570 3578 vincimus
3589 3566 3604 3590 ,

2014 3612 2167 3681 quasi
2195 3614 2393 3666 elatum
2424 3612 2630 3667 Goliam
2661 3629 2759 3666 suo
2786 3614 2960 3679 gladio
2984 3614 3387 3670 detruncamus.
3418 3615 3604 3669 Justus

2014 3718 2144 3772 ergo
2171 3705 2395 3758 vcstitur
2423 3703 2501 3758 eis
2538 3706 2869 3759 vestimentis
2897 3720 3016 3773 quae
3049 3713 3310 3772 prteparat
3355 3706 3604 3772 injustus,

2014 3794 2135 3862 quia
2179 3795 2261 3847 vir
2289 3803 2504 3847 sanctus
2533 3793 2732 3848 eisdem
2765 3796 3048 3847 sententiis
3077 3794 3144 3847 ad
3184 3795 3466 3848 veritatem
3496 3796 3606 3848 uti-

2023 3897 2133 3953 tur,
2165 3887 2356 3957 quibus
2387 3902 2446 3940 se
2479 3902 2759 3955 perversus
2801 3887 3027 3956 quisque
3065 3887 3276 3941 doctum
3321 3887 3606 3943 ostendere

2016 3989 2202 4032 contra
2232 3977 2508 4032 veritatem
2539 3983 2780 4030 conatur.

2084 4069 2174 4123 (ὶὸ.
2217 4069 2436 4123 Verbum
2469 4067 2565 4122 Dei
2611 4069 2828 4123 discreta
2867 4067 3011 4122 debet
3051 4069 3252 4139 exponi,
3303 4077 3352 4121 et
3388 4067 3606 4136 singulis

2014 4165 2204 4231 aptari.
2261 4161 2328 4216 Et
2375 4174 2641 4233 argentum
2684 4163 2924 4216 innocens
2961 4162 3170 4215 dividet.
3211 4190 3280 4200 —
3308 4164 3600 4229 Argentum

2016 4256 2272 4310 innocens
2327 4254 2607 4318 dividere,
2674 4251 2690 4291 ί
2757 4263 2839 4308 est
2897 4253 3103 4321 eloquia
3149 4252 3358 4306 Domini
3403 4253 3606 4307 minute

2021 4347 2362 4414 discreteque
2389 4361 2675 4414 exponere,
2707 4356 2754 4400 et
2789 4346 3072 4412 unicuique
3111 4345 3233 4412 quid
3276 4345 3432 4414 digne
3475 4359 3606 4399 cott-

2017 4447 2175 4508 gruat
2200 4447 2472 4505 coaptarc.
2505 4435 2632 4489 Nam
2657 4435 2927 4504 eloquium
2961 4434 3192 4502 Domini,
3223 4434 3360 4502 quod
3395 4435 3480 4488 ltie
3520 4451 3607 4489 ar-

2017 4541 2259 4599 gentum,
2301 4531 2386 4582 vel
2416 4529 2756 4596 vestimenta,
2793 4529 2894 4582 hoc
2924 4529 3048 4582 alibi
3076 4529 3244 4597 spolia
3276 4532 3602 4582 nominatur.

1945 4640 2000 4700 ι)
2022 4622 2175 4688 Quod
2209 4622 2369 4674 etiam
2407 4621 2684 4674 l’sulmista
2713 4629 2938 4673 testatur
2983 4634 3078 4686 per
3125 4621 3605 4687 comparatioitent,

2022 4714 2206 4768 dicens
2237 4731 2249 4766 :
2280 4713 2517 4767 Laztnbor
2544 4729 2637 4784 ego
2663 4730 2815 4782 super
2836 4714 3034 4782 eloquia
3058 4723 3164 4776 tua,
3197 4714 3328 4767 sicut
3356 4715 3443 4781 qui
3471 4714 3608 4768 inve-

2023 4808 2097 4860 nit
2125 4806 2291 4875 spolta
2335 4807 2497 4860 multa
2527 4804 2700 4875 (Psat.
2734 4820 2920 4873 cxvttt,
2959 4803 3104 4873 162).
3138 4805 3268 4872 Qua:
3313 4809 3480 4874 spolia
3527 4807 3606 4858 ial-

2021 4900 2166 4952 circo
2200 4909 2388 4953 vocata
2435 4906 2578 4960 sunt,
2619 4897 2740 4965 quia
2772 4897 2837 4950 ad
2865 4897 3022 4949 iidem
3058 4896 3264 4950 Domini
3313 4897 3608 4966 gentilitate

2025 4999 2356 5052 transeunte,
2391 4990 2562 5044 Judaei
2593 4988 2759 5043 sacris
2789 4986 3038 5056 eloquiis,
3072 4979 3264 5056 quibus
3295 4987 3462 5041 induti
3489 4987 3606 5040 fue-

2020 5095 2161 5148 rant,
2201 5091 2487 5136 exuuntur.
2522 5080 2665 5153 [νει.
2699 5074 2830 5148 1X.)
2878 5081 2950 5133 De
3004 5079 3103 5133 hac
3146 5093 3360 5149 quoque
3403 5079 3608 5146 argenti

2018 5176 2103 5228 vel
2145 5174 2436 5242 spoliorum
2479 5174 2743 5228 divisione
2781 5173 2912 5226 alias
2945 5171 3142 5225 dicitur
3173 5187 3185 5222 :
3218 5169 3488 5242 Beujamin
3528 5170 3610 5222 tu-

2017 5284 2110 5334 pus
2150 5283 2334 5336 rapax,
2364 5283 2514 5320 mane
2549 5267 2562 5316 i
2603 5267 2828 5320 comedet
2871 5265 3120 5332 praedam,
3166 5278 3368 5328 vespere
3417 5261 3610 5314 diuidet

2021 5404 2138 5458 aliis
2185 5403 2310 5458 Mss.
2361 5414 2414 5458 et
2457 5415 2563 5460 vet.
2599 5403 2842 5468 Excusis,
2892 5401 3142 5472 promissu
3171 5397 3373 5466 David,
3405 5399 3612 5455 scilicet

2023 5475 2224 5530 Christi
2255 5478 2498 5530 membra.

2092 5543 2122 5582 λ
2153 5546 2400 5612 Vindoc.,
2433 5563 2496 5600 ea:
2530 5561 2687 5602 sacrae
2709 5545 2975 5613 scriptura!
3013 5540 3176 5596 verbis
3208 5541 3479 5596 mttentias
3519 5541 3611 5596 de-

2048 5628 2258 5672 'erenles.

2026 5617 2389 5753 ("filium
2411 5697 2482 5742 est
2501 5687 2700 5756 eloquia
2730 5683 2940 5738 Domini
2961 5684 3154 5740 minuta
3175 5685 3250 5756 (et
3271 5683 3326 5740 in
3346 5682 3604 5754 margine.

2026 5761 2246 5829 munita)
2274 5763 2488 5813 discnete
2516 5772 2783 5823 exponere.
2839 5779 2850 5829 ς

2097 5833 2110 5882 i
2147 5827 2410 5897 Lamiam,
2436 5829 2718 5884 comedit...
2747 5827 2942 5888 diuidit.
