4044 6346
479 331 540 390 51
1023 347 1032 350 ·
1689 337 1934 394 sane"
1974 331 2303 391 caecos"
2342 327 2557 392 MAGNI
2751 357 2754 360 -
2943 352 2950 360 -
3696 305 3768 362 ὅτι

476 431 646 508 spolia
671 429 882 502 (Cenes.
915 446 1058 498 XLIX,
1089 431 1206 504 27),.
1235 432 1438 501 Quibus
1467 430 1708 502 profecto
1735 432 1892 486 dictis
1923 430 2060 484 Pau—
2082 433 2140 492 Α

477 517 564 578 Ius
589 526 862 594 apostolus
894 528 1218 596 designatur,
1254 527 1320 581 de
1367 527 1641 595 Benjamin
1669 528 1838 593 stirpe
1868 540 2060 594 proge-

475 617 645 688 nitus,
674 619 764 688 qui
796 633 952 673 mane
979 619 1211 692 praedam
1239 618 1492 682 comedit,
1523 620 1644 688 quia
1672 619 1724 672 in
1757 617 2063 688 primordiis

471 709 586 764 suis
627 707 810 764 ﬁdeles
841 725 975 780 quos
1017 710 1184 780 potuit
1227 711 1438 779 rapiens
1483 711 1784 766 crudelitati
1836 712 2062 780 propias

399 851 402 856 .
473 793 756 856 satisfecit.
791 802 1027 873 Vespere
1056 805 1224 872 spolia
1252 803 1448 870 divisit,
1480 805 1599 873 quia
1625 787 1798 858 fidelis
1827 814 2063 874 postmo-

395 885 416 966 ρ
473 890 598 966 dum
623 891 794 949 factus
824 909 976 949 sacra
1001 894 1212 964 eloquia
1242 896 1560 963 exponendo
1588 895 1878 949 distribuit.

390 979 400 1025 ἶ
543 986 633 1039 ‘23.
681 984 1026 1041 Disceruenda
1064 999 1183 1042 sunt
1233 1004 1349 1058 qua:
1391 991 1664 1042 salubriter
1705 988 1768 1042 ab
1810 987 2062 1042 Itwrcticis

471 1079 626 1132 dicta.
657 1108 726 1120 —
753 1081 1005 1146 Quamvis
1037 1080 1139 1134 hoc
1174 1090 1450 1150 argentum
1483 1081 1622 1148 quod
1670 1080 1859 1140 dividit
1903 1080 2060 1136 iuno.

468 1184 597 1226 cens
628 1171 850 1242 intelligi
883 1181 937 1226 et
976 1173 1133 1228 aliter
1174 1183 1366 1244 potest.
1417 1173 1663 1228 llteretici
1709 1186 1954 1240 namque,
2005 1179 2064 1226 ut

465 1263 623 1338 facile
651 1264 864 1320 valeant
907 1281 1154 1334 perversa
1182 1268 1428 1330 suadere,
1472 1265 1628 1320 dictis
1665 1265 2060 1334 suisquatdam

466 1365 615 1412 recta
654 1357 1003 1427 permiscent,
1052 1369 1108 1412 ut
1154 1359 1359 1412 animos
1407 1357 1734 1412 audientium
1785 1373 1847 1412 ex
1901 1359 2061 1413 rectis

465 1451 714 1506 sensibus
757 1451 1004 1519 trahant,
1038 1468 1099 1506 ex
1133 1453 1406 1524 perversis
1435 1451 1643 1506 feriant.
1676 1452 1774 1519 Qui
1826 1450 1878 1504 in
1926 1465 2063 1520 pra:-

463 1545 635 1615 ceptis
668 1545 782 1609 Dei,
815 1546 934 1613 quia
966 1561 1095 1599 sana
1129 1548 1422 1614 insanaque
1471 1545 1738 1600 locutione
1765 1547 2056 1608 variantur,

463 1635 603 1692 bene
633 1636 696 1710 in.
717 1637 1003 1708 Evangelia
1029 1639 1215 1692 decem
1249 1639 1579 1706 lcprosorum
1608 1650 1730 1692 sunt
1753 1623 1934 1708 specie
1963 1639 2062 1694 dc-

462 1729 653 1799 signati
685 1728 836 1800 (Luc.
881 1747 1008 1796 xvn,
1042 1730 1154 1797 1‘2),
1191 1745 1417 1800 quorum
1450 1730 1616 1784 colori
1647 1745 1780 1785 sano
1823 1731 1948 1784 dum
1981 1733 2058 1784 vi-

2233 425 2322 477 28.
2355 420 2504 476 Bona
2530 417 2832 485 temporalia
2864 411 3006 467 nobis
3029 408 3274 465 seruando
3295 403 3594 463 amittimus,
3631 415 3766 470 pau-

2167 516 2370 588 peribus
2397 512 2653 584 eroganda
2681 522 2961 565 servamus.
2985 533 3055 544 —-
3073 501 3172 556 Cui
3203 499 3450 554 nimirum
3473 491 3758 547 sententiae

2167 583 2423 662 i’salmsta
2457 583 2746 660 concinens
2783 599 2911 655 dicit
2944 615 2958 653 :
2991 594 3206 651 Turbati
3252 597 3367 646 sunt
3417 600 3587 640 omnes
3626 583 3756 637 insi-

2166 701 2360 772 pientes
2388 701 2567 762 corde;
2598 709 2616 732 ι·
2647 695 2962 770 dormierunt
2982 704 3214 745 somnum
3234 700 3404 746 suum,
3439 689 3482 736 et
3513 676 3642 733 nihil
3672 677 3755 730 ἕη-

2165 802 2405 847 uenerunt
2434 805 2606 844 omnes
2635 768 2728 841 viri
2769 787 3065 839 divitiarum
3092 783 3144 834 in
3172 777 3401 832 manibus
3429 773 3534 828 suis
3567 768 3752 842 (Psal.

2167 898 2332 949 Lxxv,
2359 882 2433 952 (5).
2471 880 2539 937 Ut
2567 880 2707 935 enim
2741 880 2794 932 in
2825 893 2918 932 sua
2947 889 3104 929 manu
3131 869 3321 952 divites
3366 873 3486 936 post
3526 873 3754 919 mortem

2169 950 2460 1046 quidquam
2489 974 2783 1036 inveniant,
2811 972 2888 1024 eis
2911 977 3034 1022 ante
3060 950 3284 1020 mortein
3314 961 3507 1015 dicitur
3546 955 3758 1010 divitias

2167 1081 2291 1121 suas
2322 1067 2374 1121 in
2400 1080 2625 1136 quorum
2658 1062 2902 1117 manibus
2933 1066 3133 1130 ponant
3160 1075 3172 1110 :
3204 1053 3377 1108 Facite
3407 1049 3549 1104 vobis.
3565 1046 3762 1100 amicos

2168 1160 2230 1211 de
2255 1172 2544 1210 mammona
2573 1154 2890 1224 iniquitatis,
2924 1161 2976 1204 ut
3005 1165 3117 1202 cum
3147 1145 3457 1217 defeceritis,
3507 1138 3761 1206 recipiant

2167 1266 2255 1304 vos
2295 1251 2344 1302 in
2374 1261 2564 1303 attenta
2590 1246 2920 1300 tabernacula
2973 1242 3123 1315 (Luc.
3178 1254 3283 1306 xvr,
3318 1237 3398 1306 9).
3451 1236 3608 1289 Dives
3649 1246 3764 1283 cum

2166 1343 2427 1396 dormierit
2449 1384 2462 1408 ,
2498 1341 2628 1394 nihil
2655 1355 2823 1393 secum
2849 1337 3044 1406 auferet
3091 1334 3240 1407 [Rem
3283 1327 3446 1401 XII].
3504 1327 3611 1380 Res
3640 1337 3765 1378 suas

2166 1447 2287 1489 cum
2317 1441 2618 1487 moreretur
2649 1445 2835 1485 secum
2885 1428 3117 1494 tolleret,
3151 1427 3194 1480 si
3225 1423 3290 1476 ad
3323 1421 3549 1489 petentis
3573 1431 3762 1471 vocem

2170 1540 2290 1580 cum
2321 1525 2528 1580 viveret
2570 1524 2670 1577 sibi
2704 1522 2932 1576 tulisset.
2972 1520 3104 1575 Nam
3154 1528 3366 1572 terrena
3417 1511 3594 1568 omnia
3647 1523 3766 1579 quae

2167 1618 2433 1672 servando
2477 1617 2792 1678 amittimus,
2837 1611 3110 1681 largiendo
3157 1621 3473 1671 servamus;
3507 1601 3766 1672 patrimo-

2166 1710 2419 1780 niumque
2451 1719 2689 1762 nostrum
2724 1715 2988 1762 retentum
3021 1703 3047 1742 ά
3077 1704 3332 1770 perditur,
3366 1706 3547 1754 manet
3573 1712 3765 1765 eroga-

463 1821 634 1876 tiosus
657 1822 856 1876 candor
888 1820 1217 1892 aspergitur,
1271 1821 1624 1876 immoderato
1678 1821 1781 1874 hoc
1829 1823 2063 1878 candore

2173 1816 2308 1860 tum.
2341 1805 2440 1858 Diu
2470 1804 2612 1858 enim
2641 1816 2762 1856 cum
2796 1801 2953 1854 rebus
2985 1798 3180 1852 nostris
3210 1796 3407 1850 durare
3439 1810 3540 1846 non
3574 1804 3766 1860 possu-

461 1910 746 1970 I'tndantur.
783 1912 934 1969 Unde
963 1914 1314 1968 admonemur
1340 1929 1440 1966 non
1486 1915 1600 1984 plus
1643 1930 1854 1984 sapere,
1901 1932 2058 1987 quant

459 2015 657 2078 Oportet
679 2023 878 2076 sapere,
904 2009 994 2062 sed
1013 2023 1194 2086 sapere
1215 2009 1282 2062 ad
1306 2008 1627 2063 sobrietatem
1649 2008 1826 2081 (liam.
1853 2025 1948 2076 xu,
1975 2011 2052 2083 5).

459 2098 557 2166 Qui
587 2099 748 2176 etiam
778 2101 898 2168 quia
929 2099 1154 2154 necdum
1189 2099 1352 2162 Deum
1385 2101 1633 2170 diligunt,
1673 2100 1740 2156 de
1768 2116 1875 2170 quo
1915 2103 2057 2158 male

459 2193 718 2260 sentiunt,
751 2207 850 2248 nec
878 2192 1178 2260 proximum
1200 2233 1213 2257 ,
1245 2209 1271 2244 a
1303 2207 1408 2263 quo
1437 2193 1776 2261 dividuntur,
1809 2193 2055 2266 decalogi

460 2285 742 2353 praeceptis
780 2284 993 2339 adversi
1025 2294 1172 2350 sunt,
1204 2295 1364 2354 atque
1407 2285 1527 2340 ideo
1553 2287 1617 2340 ad
1661 2286 2054 2356 deprecandum

460 2375 747 2432 Dominum
775 2376 959 2434 decem
992 2377 1234 2440 veniunt.
1267 2378 1370 2433 Pro
1411 2395 1476 2434 eo
1505 2389 1682 2433 autem
1713 2379 1853 2447 quod
1905 2379 2055 2434 sanis

459 2463 647 2522 insana
680 2469 1027 2544 miscuerunt,
1054 2470 1255 2525 coloris
1281 2469 1590 2524 diversitate
1622 2471 1910 2524 variantur.
1941 2470 2052 2526 Sed

459 2551 584 2629 quia
629 2559 680 2613 in
725 2560 840 2630 ejus
888 2563 1168 2630 przrceptis
1213 2559 1569 2628 olfenderunt,
1623 2560 1674 2615 id
1717 2562 1863 2618 illum
1912 2563 2056 2632 unde

460 2653 798 2732 olfenderant
844 2663 1041 2726 vocant
1084 2657 1366 2711 dicentes:
1399 2655 1527 2716 Jesu
1566 2666 1848 2726 prteceptor
1888 2657 2051 2729 (Luc.

458 2761 590 2818 xvu,
619 2749 746 2820 13);
775 2750 916 2806 unde
946 2758 1001 2816 et
1038 2765 1161 2806 mox
1187 2750 1362 2804 curari
1396 2759 1728 2806 meruerunt.
1755 2750 1898 2820 Ergo
1927 2753 2053 2821 quia

459 2839 542 2895 vir
569 2841 864 2898 catholicus
891 2857 1011 2912 quae
1040 2841 1109 2896 ab
1138 2845 1217 2895 eis
1248 2853 1416 2907 recte,
1448 2843 1529 2894 Vel
1556 2858 1674 2912 qua:
1723 2857 1882 2909 prave
1924 2857 2053 2896 sen-

460 2933 687 3001 tiuntur,
721 2934 990 3007 intelligit,
1022 2945 1303 3005 argentum
1334 2934 1595 2989 innocens
1634 2934 1850 3000 dividit,
1886 2933 1940 2990 id
1971 2947 2055 2992 est

459 3044 578 3097 qua:
603 3029 671 3084 ab
699 3029 779 3085 eis
806 3028 1116 3096 salubriter,
1147 3028 1230 3084 vel
1258 3043 1376 3098 qua:
1409 3027 1660 3097 pestifera
1683 3027 1884 3082 fuerint
1910 3029 2054 3084 dicta

461 3120 740 3178 discernit.
790 3120 1044 3194 Sequitur
1065 3135 1078 3176 :

690 3273 694 3280 ,
1043 3211 1266 3268 CAPUT
1309 3210 1472 3266 XVII.

534 3305 701 3364 Vnus.
730 3305 816 3361 18.
844 3335 912 3346 -
932 3303 1235 3374 didi/ienuit
1266 3305 1396 3359 sicut
1427 3306 1565 3358 tinea
1589 3304 1794 3360 domum
1820 3322 1988 3363 suam.

530 3397 620 3450 27.
652 3397 921 3460 Hreresttnt
943 3397 1178 3468 magistri
1197 3407 1384 3460 mentes
1402 3413 1528 3469 quas
1553 3411 1798 3468 occupant
1822 3415 2061 3454 currunt-

463 3490 900 3562 punt.—Tinea
940 3491 1042 3548 sibi
1091 3491 1306 3546 domum
1357 3495 1752 3560 corrumpendo
1804 3495 2060 3551 mditicat.
2127 3545 2134 3558 .

462 3584 586 3646 Nec.
612 3585 818 3640 meliori
847 3588 1018 3656 potuit
1053 3584 1454 3655 comparatione
1499 3586 1786 3642 haereticus
1831 3584 2060 3640 demon.

463 3676 644 3741 strari,
669 3677 759 3747 qui
789 3677 964 3733 locum
991 3692 1106 3732 suae
1139 3677 1374 3748 perfidia:
1404 3676 1643 3730 nonnisi
1691 3676 1742 3729 iu
1788 3676 2064 3732 mentibus

461 3783 594 3839 quas
619 3770 920 3839 corruperit
963 3767 1122 3835 facit,
1171 3771 1261 3838 qui
1310 3768 1470 3824 etiam
1513 3781 1770 3833 sequaces
1810 3781 1938 3820 suos
1988 3767 2058 3820 ab

465 3870 670 3918 attento
699 3862 820 3932 igne
857 3861 1058 3917 liberos
1098 3875 1220 3920 esse
1249 3862 1546 3929 pollicetur.
1574 3858 1814 3929 Spondet
1863 3859 2063 3929 quippe

465 3953 546 4010 eis
573 3951 908 4024 refrigerium
940 3951 1136 4023 quietis
1179 3961 1432 4018 aeterna);
1460 3951 1554 4005 sed
1587 3952 1744 4006 verba
1773 3949 1890 4019 ejus
1932 3950 2062 4006 soli-

465 4046 689 4102 ditatem
717 4060 824 4098 non
852 4045 1070 4110 habent,
1093 4043 1220 4112 quia
1237 4043 1567 4112 plenitudine
1589 4044 1828 4098 veritatis
1851 4054 2060 4100 carent.

471 4135 624 4192 Unde
649 4135 989 4208 subiungitur
1017 4153 1030 4188 :
1067 4134 1134 4190 Et
1164 4136 1298 4190 sicut
1328 4144 1494 4190 custos
1520 4135 1638 4205 fecit
1684 4137 2059 4190 umbraculum.

466 4228 851 4286 Umbraculum
881 4244 1108 4300 namque
1130 4229 1365 4284 custodis
1386 4228 1532 4282 nullo
1561 4229 1909 4282 fundamento
1929 4229 2059 4286 soli-

465 4322 646 4392 datur,
681 4321 783 4380 sed
822 4331 1066 4391 tempore
1108 4334 1230 4382 mox
1278 4329 1590 4374 transeunte
1631 4319 1946 4376 destruitur.
1993 4319 2062 4374 Et

464 4413 728 4483 promissa
775 4412 850 4468 ab.
877 4412 1146 4474 literaticis
1189 4411 1416 4481 requii-s-
1449 4412 1614 4483 563
1649 4426 1770 4465 cum
1819 4421 2091 4479 tempore.

465 4507 928 4577 destruitur,.quae
955 4516 1074 4576 post
1107 4505 1244 4560 hanc
1263 4506 1424 4560 vitam
1442 4506 1742 4560 nullatenus
1770 4506 2061 4560 invenitur.

463 4599 537 4656 Et
556 4600 846 4670 quiasspe
873 4598 1114 4652 hicretici
1145 4599 1196 4651 in
1235 4607 1545 4664 contemptu
1593 4595 1906 4650 universalis
1958 4595 2060 4652 Ec-

465 4693 646 4750 clesia
675 4702 951 4765 potentum
978 4692 1158 4748 saeculi
1187 4691 1500 4761 patrociniis
1529 4690 1842 4756 fulciuntur,
1871 4690 2058 4760 eisque

464 4783 661 4840 divites
681 4785 1014 4854 protectione
1035 4795 1195 4854 atque
1217 4783 1683 4838 administratione
1705 4791 1899 4850 quanta
1924 4797 2061 4851 pra:-

461 4880 648 4934 valent
667 4876 918 4947 opitulari
944 4892 1048 4932 non
1065 4885 1302 4943 cessant,
1326 4876 1442 4946 ipse
1461 4885 1484 4913 α
1501 4878 1661 4931 etiam
1685 4875 1909 4944 quilibet
1931 4891 2060 4929 cnu-

465 4986 542 5024 tra
565 4969 904 5028 conditorem
931 4983 1085 5024 suum
1108 4971 1270 5025 rebus
1293 4969 1675 5039 temporalibus
1699 4970 2061 5024 intumescens

463 5066 637 5120 sancti
665 5063 766 5120 viri
797 5078 936 5120 nunc
965 5065 1229 5120 sententia
1264 5066 1519 5134 tangitur,
1553 5073 1716 5132 atque
1747 5061 1815 5115 ab
1835 5063 2060 5129 speciali

467 5158 846 5216 timreu'corum
875 5159 1088 5215 interitu
1114 5159 1179 5212 ad
1201 5158 1507 5229 generalem
1536 5157 1798 5212 alatorum
1821 5157 2062 5211 omnium

461 5255 838 5312 deﬁnitionem
867 5270 1046 5312 sermo
1069 5255 1376 5319 derivatur,
1402 5270 1526 5311 cum
1555 5252 1800 5310 subditur
1835 5271 1846 5304 :

1050 5348 1276 5404 CAPUT
1308 5347 1490 5402 XVIII.

547 5441 710 5500 Vsus.
744 5441 832 5499 I9.
855 5470 926 5485 —
947 5442 1097 5497 Dives
1119 5459 1236 5497 cum
1263 5442 1546 5508 dormierit,
1578 5437 1708 5494 nihil
1735 5451 1905 5492 secum
1927 5434 1952 5474 δ
1975 5452 2071 5490 nuo

471 5541 632 5611 feret;
659 5540 854 5606 aprriet
876 5538 1057 5594 oculos
1078 5554 1218 5601 suos,
1249 5546 1295 5592 et
1327 5536 1457 5590 nihil
1485 5532 1699 5588 inueniet

543 5667 573 5712 μ
608 5658 664 5713 In
695 5659 820 5714 Mss.
849 5657 1032 5714 Germ.
1066 5667 1116 5708 et
1146 5654 1353 5718 Norm.,
1383 5653 1520 5706 dives
1547 5645 1776 5716 quilibet.

542 5727 574 5770 δ
605 5713 810 5802 Germ.,
845 5713 1037 5791 Laud.,
1069 5725 1278 5791 Norm.,
1319 5713 1449 5791 etc.,
1476 5713 1661 5792 aufert,
1699 5727 1884 5790 aperit,
1923 5713 2066 5802 quod

475 5801 613 5860 infra
645 5801 921 5868 repetitur.

553 5884 575 5912 ε
604 5873 842 5934 Gsmet..
865 5870 1288 5923 dormitauerunt.

2166 1915 2308 1964 mus,
2341 1898 2462 1965 quia
2495 1904 2584 1948 aut
2612 1909 2710 1947 nos
2737 1894 2856 1946 illas
2885 1891 3162 1945 moriendo
3191 1888 3510 1949 deserimus,
3537 1891 3634 1937 aut
3661 1883 3765 1936 illa:

2165 2007 2265 2046 nos
2299 1993 2536 2048 viventes
2559 1989 2710 2058 quasi
2735 1986 2987 2042 deserunt
3013 1980 3306 2052 pereundo.
3331 1977 3607 2050 Agendum
3637 1990 3765 2045 ergo

2167 2083 2323 2137 nobis
2344 2086 2429 2136 est
2457 2088 2512 2133 ut
2540 2093 2627 2133 res
2651 2079 2895 2131 absolute
2926 2077 3212 2146 perituras,
3237 2072 3288 2126 in
3309 2087 3413 2125 non
3445 2079 3761 2140 pereuntem

2166 2188 2421 2244 cogamus
2454 2173 2681 2226 transire
2703 2170 3024 2224 mercedem.

2237 2243 2380 2336 li’et.
2407 2260 2502 2334 IL]
2520 2260 2610 2316 ἐξ).
2632 2260 2926 2314 Peccaloris
2947 2259 3120 2312 oculos
3141 2273 3278 2311 mors
3300 2243 3484 2325 aperit,
3509 2264 3562 2308 ut
3589 2256 3770 2327 fugere

2166 2377 2198 2412 a
2227 2375 2279 2412 se
2311 2358 2442 2411 bona
2485 2356 2784 2427 temporalia
2828 2355 3015 2419 uideat,
3049 2366 3344 2422 plenumque
3373 2350 3669 2404 succedere.
3699 2373 3770 2390 —-

2166 2449 2273 2506 Sed
2304 2449 2606 2504 mirandum
2640 2449 2792 2502 valde
2825 2457 2906 2500 est
2933 2444 3073 2516 quod
3107 2444 3305 2498 dicitur
3338 2460 3350 2494 :
3385 2441 3513 2496 Cum
3543 2441 3772 2494 dormie-

2165 2546 2256 2612 rit,
2302 2545 2494 2612 aperiet
2523 2541 2700 2595 oculos
2731 2555 2868 2602 suos,
2904 2551 2949 2592 et
2987 2539 3118 2591 nihil
3147 2538 3382 2590 inueniet.
3419 2535 3484 2590 Ut
3531 2534 3772 2589 dormia-

2166 2649 2286 2688 mus
2317 2637 2532 2704 quippe,
2561 2633 2752 2688 oculos
2791 2631 3109 2695 claudimus,
3151 2638 3205 2684 et
3233 2627 3546 2698 evigzlantes
3591 2624 3771 2694 aperi-

2169 2742 2306 2782 tuus.
2336 2727 2440 2781 Sed
2472 2727 2572 2778 hac
2616 2726 2668 2778 in
2700 2739 2779 2790 re,
2813 2723 2936 2793 quia
2967 2721 3129 2776 homo
3157 2735 3222 2774 ex
3253 2720 3429 2772 auitna
3475 2726 3690 2776 (onstat
3716 2723 3771 2772 et

2165 2831 2415 2886 corpore,
2441 2833 2562 2871 cum
2593 2817 2747 2871 unius
2771 2817 2847 2871 rei
2875 2829 3096 2870 somnus
3125 2813 3341 2875 dicitur,
3373 2812 3598 2866 alterius
3634 2811 3767 2879 vigi-

2131 2929 2133 2932 ·
2167 2909 2254 2965 liae
2283 2910 2739 2974 demonstrantur,
2787 2907 2910 2977 quia
2939 2921 3061 2960 cum
3091 2918 3288 2974 corpus
3315 2902 3668 2958 obdormiscit
3713 2904 3767 2958 iu

2167 3014 2362 3068 morte,
2395 3009 2522 3054 tunc
2561 3000 2741 3054 anima
2771 2999 2989 3069 evigilat
3015 3001 3068 3052 in
3109 3013 3234 3052 vera
3268 3005 3292 3034 ε
3323 2997 3653 3064 cognitione.
3703 2996 3770 3052 Et

2167 3093 2370 3148 dormit
2393 3106 2524 3162 ergo
2553 3091 2728 3156 dives,
2759 3099 2816 3145 et
2841 3089 3027 3144 oculos
3073 3089 3266 3156 aperit,
3296 3087 3563 3158 quia-cum
3601 3101 3769 3142 carne

2089 3165 2140 3284 δ
2172 3188 2431 3251 moritur,
2464 3185 2582 3254 ejus
2625 3185 2801 3239 anima
2837 3183 3018 3238 videre
3043 3186 3270 3252 cogitur,
3302 3182 3444 3252 quod
3476 3183 3770 3251 providere

2170 3280 2514 3348 contempsit.
2541 3277 2691 3334 Tunc
2713 3279 2954 3348 pro’ecto
2976 3279 3030 3332 iu
3051 3291 3176 3332 vera
3199 3276 3504 3347 cognitione
3525 3274 3766 3344 evigilat,

2171 3385 2298 3430 tunc
2327 3373 2458 3429 nihil
2483 3387 2603 3428 esse
2630 3373 2894 3442 conspicit
2919 3372 3058 3440 quod
3083 3371 3315 3426 tenebat.
3342 3370 3494 3425 Tune
3521 3384 3582 3425 se
3613 3366 3634 3408 ί
3667 3385 3768 3422 va-

2170 3481 2327 3523 cuam
2359 3467 2582 3531 invenit,
2611 3481 2730 3534 quae
2761 3467 2974 3533 plenam
3005 3463 3168 3518 rebus
3196 3479 3306 3533 pra:
3336 3463 3549 3518 ueteris
3577 3477 3639 3517 se
3668 3462 3768 3516 ho-

2171 3562 2410 3616 minibus
2423 3574 2544 3616 esse
2569 3558 2868 3613 laetabatur.
2895 3555 3120 3620 Dormit,
3137 3565 3193 3608 et.
3213 3554 3342 3608 nihil
3361 3569 3543 3610 secum
3566 3551 3768 3620 aufert,

2171 3653 2302 3708 nihil
2328 3655 2578 3708 nimirum
2605 3651 2674 3705 de
2695 3649 2856 3705 rebus
2875 3661 3010 3718 quas
3037 3645 3224 3702 lenuit.
3249 3647 3383 3702 Nam
3405 3645 3558 3716 culpa
3586 3660 3767 3699 rerum

2170 3748 2329 3805 simul
2362 3749 2595 3812 ducitur,
2627 3747 2873 3815 quamvis
2902 3743 2988 3797 hic
3013 3742 3222 3804 ouili-ia,
3253 3754 3350 3810 pro
3375 3741 3564 3808 quibus
3606 3741 3766 3808 culpa

2172 3849 2476 3914 perpetrata
2505 3850 2609 3904 e5t,
2659 3838 3044 3905 relinquantur.
3078 3832 3182 3888 Eat
3221 3848 3352 3902 ergo
3379 3846 3540 3896 nunc,
3579 3840 3637 3886 et
3680 3845 3771 3884 ac-

2171 3937 2345 4004 ceptis
2373 3935 2533 3988 rebus
2564 3939 2786 3996 tumeat,
2817 3942 3043 3997 seseque
3077 3939 3240 3996 super
3265 3935 3495 3981 caeteros
3523 3923 3766 3988 extollat,

2169 4027 2430 4099 glorietur
2455 4040 2514 4079 se
2541 4022 2740 4078 habere
2765 4020 2906 4092 quod
2927 4019 3198 4082 proximus
3219 4033 3328 4072 non
3371 4016 3548 4070 habet.
3573 4014 3771 4070 Veniet

2169 4119 2492 4190 quandoque
2543 4126 2752 4185 tempus
2803 4124 2863 4169 ut
2909 4114 3147 4186 evigilat,
3201 4122 3258 4168 et
3306 4121 3434 4166 tunc
3479 4119 3771 4180 cognoscat

2171 4227 2329 4282 quam
2363 4224 2586 4266 vacuum
2629 4207 2789 4263 fuerit
2813 4208 2954 4275 quod
2987 4208 3039 4262 in
3071 4220 3262 4261 somno
3302 4211 3566 4258 tenuerat.
3609 4199 3770 4269 Saepe

2169 4320 2404 4376 namque
2431 4303 2691 4374 contingit
2719 4301 3008 4357 dormienti
3035 4300 3180 4369 in0pi
3213 4308 3271 4353 ut
3298 4312 3360 4353 se
3379 4313 3476 4368 per
3496 4295 3766 4350 somnium

2168 4401 2387 4455 divitem
2418 4399 2619 4465 videat,
2643 4407 2806 4466 atque
2831 4409 2901 4450 ex
2930 4394 3136 4448 eisdem
3183 4391 3344 4446 rebus
3385 4389 3621 4443 anitnum
3673 4402 3769 4441 ex-

2169 4493 2346 4559 tollat,
2390 4493 2601 4548 lretetur
2627 4503 2688 4543 se
2714 4488 2913 4542 habere
2953 4483 3095 4554 quod
3135 4497 3239 4537 non
3283 4481 3516 4545 habuit,
3543 4479 3769 4549 jamque

2091 4610 2141 4670 υ
2169 4589 2445 4661 dedignari
2475 4595 2676 4656 quierat
2699 4600 2728 4638 a
2752 4584 2946 4654 quibus
2968 4580 3310 4650 dedignatum
3334 4589 3457 4632 esse
3485 4589 3544 4630 se
3572 4573 3765 4629 doluit.

2166 4685 2273 4741 Sed
2307 4689 2526 4751 repente
2553 4679 2832 4749 evigilaus,
2867 4673 3148 4745 evigilasse
3176 4686 3235 4725 se
3265 4669 3466 4733 doleat,
3493 4667 3581 4737 qui
3623 4667 3766 4721 inte~

2169 4780 2270 4834 rim
2293 4777 2600 4832 divitiarum
2623 4771 2910 4840 imaginem
2928 4767 3010 4820 vel
3034 4764 3306 4820 dormiens
3327 4760 3562 4816 tenebat.
3589 4757 3770 4812 Cernit

2168 4872 2310 4928 enim
2357 4869 2602 4940 protinus
2648 4865 2748 4916 sub
2800 4857 3126 4929 paupertatis
3176 4853 3429 4923 pondere,
3473 4860 3529 4905 et
3572 4849 3770 4918 inopia

2171 4981 2283 5020 suae
2311 4959 2573 5029 angustiis
2603 4953 2899 5026 premitur;
2931 4960 2984 5004 et
3013 4962 3080 5003 eo
3107 4944 3290 5016 pejus,
3325 4958 3434 5015 quo
3459 4944 3524 4997 ad
3558 4953 3769 5010 tempus

2173 5055 2572 5114 brevissimum,
2603 5047 2688 5103 vel
2718 5058 2886 5102 vacus
2930 5043 3080 5098 dives
3113 5038 3234 5094 fuit.
3265 5039 3356 5094 Sic
3391 5038 3467 5091 sic
3511 5034 3765 5088 nimirum

2172 5148 2332 5220 hujus
2357 5143 2542 5204 mundi
2575 5153 2698 5202 sunt
2722 5138 2944 5202 divites,
2967 5134 3062 5204 qui
3089 5135 3248 5188 rebus
3274 5130 3506 5198 acceptis
3537 5133 3765 5192 tument.

2172 5217 2318 5298 Bene
2337 5239 2548 5306 operari
2579 5235 2652 5292 de
2677 5248 2773 5288 sua
2798 5227 3126 5294 abundantia
3151 5228 3414 5290 nesciunt,
3439 5222 3602 5298 569
3616 5217 3769 5290 quasi

2171 5334 2502 5388 dormientes
2531 5336 2659 5381 sunt
2686 5325 2912 5388 divites;
2944 5323 3034 5378 sed
3068 5327 3434 5390 paupertatem
3466 5329 3616 5368 suam
3649 5311 3766 5365 evi-

2171 5428 2400 5502 gilanti-s
2428 5424 2726 5485 inveniunt,
2755 5420 2878 5490 quia
2901 5417 3034 5472 nihil
3057 5428 3238 5470 secum
3265 5411 3332 5465 ad
3357 5408 3484 5463 illud
3505 5404 3766 5480 judicium

2180 5499 2320 5592 quod
2353 5522 2664 5588 permaneat
2711 5511 2919 5575 ferunt,
2949 5519 3004 5564 et
3053 5513 3254 5577 quanto
3307 5514 3448 5556 nunc
3494 5499 3559 5554 ad
3607 5499 3772 5553 breve

2245 5633 2272 5674 ἀ
2305 5637 2514 5691 Primus
2538 5632 2728 5693 Laud.,
2759 5629 3015 5698 penditur.

2249 5719 2272 5746 ο
2306 5703 2892 5772 Ebroic.,cogitatione.
3121 5770 3131 5772 ᾼ
3203 5769 3211 5772 _
3451 5770 3458 5772 ξ
3607 5767 3617 5772 ,

2252 5779 2270 5820 ί
2299 5767 2564 5848 Plerique,
2597 5767 2812 5827 vacuum
2835 5772 3020 5828 inuenit
3045 5770 3131 5840 qui
3156 5769 3386 5840 plenum,
3411 5770 3546 5832 etc.,
3569 5767 3625 5818 et
3650 5770 3779 5832 qur-

2175 5856 2298 5928 detn
2329 5849 2534 5922 Optimo
2565 5861 2748 5902 sensu.
