4044 6346
284 335 346 392 ss
1117 336 1486 396 MORALIUM
1527 337 1654 410 ctu.
1699 334 1887 404 xvut.
1927 365 1999 376 -
2037 336 2262 392 canor
2305 337 2499 394 xxvn
2541 341 2602 395 Β.
2645 341 2784 396 ιοιι.
3319 315 3323 322 ’
3513 342 3583 400 ει

284 465 489 524 tempus
516 453 795 510 sublimius
821 453 951 512 elati
979 463 1297 524 sttnt,tanto
1323 464 1508 524 contra
1533 471 1592 510 se
1607 455 1660 514 in
1690 467 1879 524 perpe-
1905 455 1960 516 Δ
1986 453 2168 522 nifeste
2208 457 2368 510 veniet
2389 497 2404 520 ,
2458 455 2600 514 Deus
2641 469 2836 530 noster,
2869 469 2917 513 et
2961 476 3062 516 non
3093 460 3305 527 silebit;
3346 461 3480 534 ignis
3525 463 3582 516 in

284 561 425 620 tuum
449 552 668 620 gravius
697 551 1080 623 ingemiscant.
1107 552 1255 608 Dicat
1276 567 1404 622 ergo
1427 568 1443 610 :
1473 552 1677 622 Aperiet
1697 551 1878 610 oculos

278 660 415 714 suos,
445 655 493 698 et
515 645 650 699 nihil
675 644 916 712 inueniet,
948 644 1070 716 quia
1111 643 1222 700 illic
1268 647 1440 714 aperit
1485 644 1550 706 ad
1595 643 1874 713 snpplic‘a,

280 752 410 808 quos
441 735 532 792 hic
563 737 628 792 ad
662 737 1090 804 misericordi-im
1141 737 1353 793 clausos
1402 737 1638 792 tenebat.
1693 737 1879 806 Aperit

280 831 464 897 oculos
495 845 649 896 suos,
675 839 731 886 et
753 830 966 901 pietatis
991 831 1217 886 fructum
1247 847 1351 890 non
1384 832 1606 898 invenit,
1631 845 1765 902 quos
1791 831 1877 886 hic

278 925 484 980 clausos
515 926 690 986 tenuit
711 941 830 980 cum
861 934 886 962 ε
913 925 1132 982 invenit.
1159 926 1334 990 Tarde
1353 912 1563 998 quoque
1591 926 1666 980 illi
1688 926 1877 982 oculos

275 1020 544 1087 aperiunt,
574 1018 687 1090 qui,
723 1027 859 1074 teste
889 1017 1186 1096 Sapientia,
1217 1019 1580 1074 damnationis
1601 1034 1712 1076 suae
1740 1030 1879 1074 tem-

275 1125 398 1180 pore
439 1111 639 1166 dicturi
683 1109 1027 1172 referuntur:
1058 1110 1194 1176 Quid
1221 1113 1372 1166 nobis
1391 1112 1584 1184 profuit
1614 1111 1872 1182 superbia,

274 1203 568 1257 divitiarum
609 1203 868 1275 jactantia
895 1204 1020 1274 quid
1049 1204 1263 1268 contulit
1312 1205 1497 1266 nobis?
1542 1202 1877 1258 Transierunt

273 1296 442 1349 mnia
471 1297 574 1348 illa
603 1305 847 1366 tanquam
875 1296 1075 1360 umbra,
1102 1303 1148 1350 et
1175 1305 1417 1366 tanquam
1440 1297 1648 1350 nuntius
1665 1313 1877 1367 percur-

271 1403 382 1441 rens
411 1384 580 1457 (Sap.
603 1402 658 1452 ν,
691 1386 770 1458 8).
801 1387 937 1442 Vilia
965 1396 1019 1442 et
1068 1387 1286 1452 fugitiva
1330 1388 1494 1444 fuisse
1523 1404 1641 1457 qua:
1683 1397 1874 1444 tenue-

273 1488 408 1542 rant,
433 1479 556 1545 jam
585 1479 783 1533 amissa
815 1487 1168 1554 cognoscunt,
1196 1493 1316 1548 qure
1366 1479 1604 1548 quandiu
1653 1481 1878 1534 aderant

271 1569 444 1624 stultis
470 1585 668 1626 eorum
695 1570 950 1626 cordibus
974 1579 1029 1626 et
1055 1587 1244 1642 magna
1263 1581 1316 1628 et
1346 1586 1596 1628 mansura
1621 1573 1881 1632 vidchau-r

272 1673 371 1728 tur.
404 1663 554 1720 Sero
577 1666 728 1720 dives
754 1666 964 1735 aperuit
989 1666 1174 1720 oculos
1201 1665 1352 1736 (Luc.
1382 1681 1492 1729 .vvr,
1519 1666 1635 1736 25),
1665 1667 1876 1736 quando

267 1753 532 1836 Lazarum
567 1758 996 1826 requiescentcm
1029 1757 1187 1823 vidit,
1234 1773 1395 1828 quem
1445 1757 1706 1825 iacentem
1752 1766 1877 1812 ante

1985 560 2259 616 conspectu
2287 551 2398 620 ejus
2431 548 2455 586 ιι
2485 552 2720 619 ardebit,
2752 563 2799 605 et
2830 553 2883 606 in
2910 553 3129 608 circuitu
3156 555 3270 626 ejus
3315 563 3581 623 tempestas

1983 642 2158 720 ualida
2192 641 2418 713 (Psalm.
2445 659 2590 712 xux,
2615 643 2692 714 5).
2725 645 2798 708 De
2821 659 2922 716 qua
2945 654 3263 716 tempestate
3283 647 3443 701 etiam
3477 645 3579 702 Sa-

1985 735 2185 808 pientia
2217 752 2311 806 per
2337 737 2684 794 Salomonem
2713 738 2842 794 dicit
2870 755 2885 794 :
2918 738 3033 809 Ego
3063 754 3264 809 quoque
3291 738 3345 792 in
3373 738 3582 794 interitu

1983 839 2148 904 pestro
2179 828 2377 895 ridebo,
2410 839 2454 883 et
2480 830 2826 896 subsannabo,
2857 847 2970 884 cum
2999 831 3137 884 vobis
3165 830 3302 902 quod
3331 829 3580 884 timebatis

1983 923 2244 994 aduenerit
2262 966 2277 992 ,
2306 941 2424 977 cum
2443 925 2650 978 irruerit
2674 925 2938 994 repentina
2963 925 3248 990 calamitas,
3274 934 3320 978 et
3343 924 3580 978 interitus

1982 1015 2130 1086 quasi
2161 1024 2435 1084 tempestas
2464 1017 2715 1088 ingruerit
2751 1017 2769 1090 (
2794 1016 2946 1072 Prov.
2980 1033 3032 1082 ι,
3063 1015 3135 1070 26
3155 1017 3194 1088 ).
3223 1018 3288 1070 Et
3311 1017 3435 1086 quia
3467 1018 3578 1086 ipsa

1989 1110 2199 1178 venturi
2231 1109 2413 1164 exitus
2442 1109 2744 1179 ignorantia
2775 1124 2879 1178 nox
2913 1119 3154 1174 vocatur.
3201 1121 3357 1166 nocte
3399 1109 3583 1179 oppri-

1985 1215 2093 1262 met
2135 1220 2257 1260 eum
2303 1213 2596 1275 tempestas
2621 1245 2633 1268 ,
2681 1204 2735 1260 id
2777 1213 2861 1260 est
2890 1205 3043 1259 turbo
3071 1218 3193 1257 eum
3225 1203 3385 1258 divini
3419 1204 3582 1275 57o

1979 1294 2171 1365 judicii
2204 1295 2331 1350 dum
2367 1298 2575 1365 ignorat
2615 1295 3006 1364 apprehendet.
3047 1293 3184 1360 l-linc
3225 1302 3308 1350 est
3349 1310 3582 1364 namque

1985 1388 2129 1460 quod
2165 1403 2262 1456 per
2291 1394 2638 1459 semetipsum
2668 1388 2878 1446 Veritas
2909 1389 3040 1444 dicit
3069 1407 3080 1442 :
3127 1390 3187 1444 Si
3224 1390 3371 1446 sciret
3411 1398 3581 1458 pater-

1983 1482 2212 1558 familias
2240 1498 2342 1552 qua
2375 1481 2502 1535 hora
2532 1481 2620 1551 fur
2647 1483 2834 1538 veniret
2858 1524 2869 1545 ,
2900 1482 3134 1551 vigilaret
3163 1483 3366 1551 utique,
3395 1492 3443 1536 et
3480 1498 3581 1535 non
3669 1543 3674 1547 _

1981 1575 2168 1646 sinet-rt
2192 1576 2394 1645 perfodi
2421 1575 2632 1628 domum
2657 1592 2820 1630 suam.
2850 1573 2917 1628 Et
2939 1591 3024 1628 vos
3047 1582 3206 1628 estote
3234 1573 3434 1642 parati,
3461 1574 3582 1642 quia

1982 1681 2084 1746 qua
2122 1664 2249 1719 hora
2292 1682 2392 1717 non
2434 1667 2626 1733 putatis
2677 1663 2850 1728 Filius
2889 1665 3110 1727 hominis
3154 1667 3316 1718 veniet
3343 1665 3358 1734 (
3386 1663 3575 1718 Matth.

1981 1772 2132 1820 χχιιι,
2155 1755 2270 1824 45).
2303 1757 2434 1810 lliuc
2458 1757 2616 1812 etiam
2643 1771 2827 1810 contra
2857 1759 3058 1810 malum
3089 1771 3305 1810 servum
3337 1754 3570 1808 dicitur:

267 1843 479 1918 ianuam
518 1848 706 1903 videre
734 1849 1079 1918 contempsit.
1116 1848 1397 1904 lntellexit
1423 1847 1494 1902 ibi
1517 1849 1662 1918 quod
1680 1848 1767 1904 hic
1796 1851 1876 1902 fa-
1908 1849 1956 1909 B
1986 1846 2048 1902 Si
2078 1859 2246 1901 autem
2277 1848 2462 1900 dixerit
2495 1848 2661 1901 malus
2689 1863 2863 1901 servus
2890 1849 2980 1900 ille
3011 1849 3067 1901 in
3096 1847 3248 1902 corde
3273 1856 3411 1900 'suo:
3460 1845 3582 1899 Mo-

271 1959 390 2004 cere
413 1943 626 2008 noluit;
653 1943 706 1996 in
727 1941 1074 1997 damnatione
1095 1958 1189 1996 sua
1215 1958 1541 2014 cognoscere
1565 1944 1873 2016 compulsus

272 2047 347 2098 est
370 2035 500 2104 quid
538 2035 638 2089 fuit
665 2035 806 2106 quod
848 2035 1110 2105 perdidit,
1143 2037 1356 2105 quando
1383 2036 1709 2106 indigentem
1744 2053 1871 2110 pro-

271 2129 463 2182 xituum
503 2143 612 2183 non
644 2128 881 2198 agnovit.
916 2128 992 2183 De
1017 2143 1125 2198 quo
1154 2128 1331 2190 adhuc
1358 2129 1608 2186 subditur
1638 2147 1653 2186 :

513 2225 524 2231 ’
866 2219 1093 2276 CAPUT
1134 2220 1274 2276 XIX.

338 2313 506 2368 Vnus.
553 2314 646 2368 9.0.
681 2343 749 2354 ——
781 2313 1139 2384 Apprehendet
1171 2331 1283 2368 eum
1323 2317 1470 2386 quasi
1496 2331 1630 2386 aqua
1659 2315 1870 2386 inopia,

269 2417 412 2462 nocte
438 2409 698 2478 apprimet
727 2423 841 2458 eum
875 2416 1168 2474 tempestas.
1361 2465 1364 2472 ,

338 2502 428 2572 50.
475 2501 752 2572 Stupenda
776 2499 979 2567 reprobi
1005 2501 1176 2554 divitis
1202 2511 1312 2570 post
1342 2511 1553 2556 mortem
1579 2501 1775 2572 inapia.
1804 2533 1873 2542 ——

271 2592 568 2648 Videamus
597 2608 740 2647 nunc
770 2591 1003 2660 inopiam
1031 2593 1271 2648 ardentis
1295 2593 1479 2648 divitis
1501 2635 1516 2658 ,
1546 2595 1698 2663 cujus
1727 2604 1870 2651 tanta

271 2687 601 2748 abundantia
634 2685 736 2740 fuit
762 2685 1052 2753 epulantis.
1088 2685 1171 2740 Ait
1199 2685 1342 2740 enim
1363 2684 1561 2748 :VPater
1590 2685 1869 2751 Abraham,

269 2783 510 2835 miserere
533 2778 666 2844 mei,
699 2786 744 2831 ct
773 2778 914 2832 mitte
943 2779 1196 2829 Lazarum
1219 2817 1235 2843 ,
1267 2787 1323 2830 ut
1346 2778 1566 2848 intingat
1593 2786 1873 2832 extremum

269 2875 412 2946 digiti
441 2873 524 2927 sui
553 2873 607 2925 in
633 2887 853 2943 aquam,
883 2869 909 2906 δ
937 2880 983 2923 et
1010 2870 1275 2942 refrigeret
1303 2869 1532 2940 linguam
1562 2886 1724 2930 meam
1751 2870 1874 2940 quia

269 2965 474 3019 crucior
503 2964 559 3017 in
588 2963 686 3015 hac
713 2965 927 3031 [intuma
957 2960 1123 3032 (Luc.
1151 2976 1271 3026 xvi,
1293 2958 1417 3030 24).
1454 2961 1659 3028 Quibus
1694 2961 1873 3015 verbis

271 3058 574 3112 nob'snon
607 3056 707 3110 hoc
735 3053 1110 3124 innotegcitur,
1141 3055 1266 3124 quia
1295 3055 1402 3108 illic
1427 3054 1478 3108 in
1511 3062 1661 3116 tanto
1685 3055 1876 3110 ardore

270 3166 365 3207 una
393 3161 526 3206 tunc
551 3150 618 3204 ad
649 3149 1024 3212 sufficientiam
1051 3147 1314 3216 refrigerii
1342 3161 1496 3216 aquae
1526 3147 1662 3202 stilla
1692 3133 1868 3218 requi-

1977 1955 2092 1995 ram
2122 1943 2247 2010 facit
2289 1942 2530 1994 dominus
2559 1957 2700 1994 meus
2749 1941 2952 2006 venire,
2986 1952 3034 1994 et
3077 1941 3280 2010 coeperit
3321 1953 3586 2009 percutere

1977 2047 2246 2086 conservos
2290 2049 2410 2087 suos
2434 2049 2453 2098 ;
2482 2033 2755 2090 manducet
2785 2043 2953 2088 autem
2982 2041 3029 2086 et
3062 2033 3199 2086 bibat
3229 2050 3342 2086 cum
3387 2033 3580 2096 ebriis;

1976 2123 2138 2178 veniet
2175 2122 2414 2176 dominus
2432 2123 2562 2177 δεῖνι-ί
2579 2123 2720 2176 illius
2738 2122 2790 2176 in
2809 2123 2890 2176 die
2911 2138 3012 2192 qua
3033 2139 3136 2176 non
3165 2133 3354 2192 sperat,
3379 2131 3425 2174 et
3454 2123 3582 2175 hora

1976 2229 2080 2286 qua
2109 2213 2314 2284 ignorat
2347 2213 2538 2286 (lbid.,
2568 2211 2681 2283 48).
2716 2213 2848 2266 llinc
2878 2211 3075 2266 Paulus
3101 2210 3379 2282 discipulis
3409 2211 3579 2266 dicit:

1987 2297 2089 2358 Vos
2120 2316 2324 2372 autem,
2357 2309 2572 2376 fratres,
2611 2322 2712 2358 nm
2741 2306 2862 2358 estis
2895 2305 2946 2357 in
2981 2303 3232 2369 tenebris,
3269 2313 3324 2356 ut
3354 2318 3441 2356 vos
3472 2302 3580 2357 dies

1977 2393 2072 2450 illa
2104 2407 2344 2463 tanquam
2386 2396 2472 2467 fur
2514 2396 2932 2464 comprehendat.
2970 2393 3159 2448 Omnes
3193 2395 3330 2446 enim
3362 2377 3450 2446 tios
3483 2393 3580 2460 filii

1978 2485 2104 2560 lucis
2133 2487 2282 2550 estis,
2315 2496 2360 2538 et
2391 2486 2487 2553 filii
2518 2486 2662 2540 diei:
2693 2503 2797 2540 non
2825 2479 3001 2539 sumus
3035 2485 3192 2539 noctis
3237 2500 3396 2553 neque
3439 2494 3580 2535 tene-

1981 2573 2185 2654 brarunt
2215 2574 2270 2642 (l
2293 2575 2470 2629 Thess.
2494 2592 2542 2640 ν,
2567 2575 2646 2646 4).
2679 2576 2774 2631 llic
2795 2576 3127 2646 snperbienti
3154 2575 3304 2628 diviti
3334 2575 3424 2629 Dei
3453 2588 3583 2628 voce

1981 2667 2182 2722 dicitur
2209 2686 2221 2720 :
2256 2667 2454 2732 Stulte,
2484 2667 2580 2722 hac
2606 2679 2752 2722 nocte
2778 2669 3005 2722 animam
3027 2679 3166 2722 tuam
3191 2677 3424 2738 repetunt
3446 2685 3478 2722 a
3501 2677 3582 2732 te;

1981 2775 2095 2830 qua:
2123 2772 2297 2815 autem
2328 2762 2633 2831 preparasti
2660 2803 2673 2826 ,
2718 2765 2865 2835 cujus
2906 2770 3053 2816 erunt
3082 2761 3102 2833 (
3127 2759 3252 2816 Luc.
3289 2778 3363 2814 xu
3385 2803 3396 2825 ,
3425 2761 3495 2816 ΞΟ
3519 2759 3537 2832 )
3559 2762 3584 2814 2

1977 2838 2149 2909 Nocte
2189 2856 2424 2908 animam
2459 2855 2689 2910 reddere
2718 2854 3031 2924 perhibetur
3059 2856 3182 2926 qui,
3213 2865 3440 2911 mortem
3468 2869 3574 2910 non

1985 2945 2294 3018 prrcvidens
2314 2989 2329 3012 ,
2362 2947 2413 3000 in
2448 2948 2682 3002 tenebris
2708 2948 2886 3002 cordis
2913 2947 3263 3002 abstrahitur.
3299 2949 3389 3002 Ait
3411 2963 3574 3018 ergo:

1984 3035 2155 3092 Nocte
2187 3040 2442 3109 apprimet
2474 3056 2586 3093 eum
2620 3051 2932 3111 tempestasa
2958 3040 3095 3107 Quia
3135 3040 3276 3095 enim
3323 3056 3426 3093 non
3470 3041 3583 3095 vult

1985 3143 2146 3200 agere
2187 3129 2326 3184 bona
2353 3137 2486 3200 "qua:
2532 3131 2708 3196 videt,
2750 3131 3170 3202 deprehenditur
3212 3132 3459 3186 interitus
3499 3134 3581 3186 sui

268 3255 437 3310 ratur,
486 3243 583 3298 sed
630 3242 770 3312 quod
811 3241 858 3304 is
905 3241 993 3308 qui
1039 3237 1106 3293 dc
1153 3239 1478 3293 abundantia
1523 3239 1870 3309 peccaverit,
1900 3235 1951 3302 C
1983 3233 2304 3294 tempestate
2333 3243 2492 3297 quam
2527 3243 2634 3280 non
2668 3227 2835 3280 videt.
2871 3226 2947 3281 De
2977 3241 3083 3297 quo
3110 3227 3285 3282 adhuc
3311 3227 3576 3282 subditur.

269 3339 380 3394 illic
408 3349 680 3394 :cStuante
710 3336 872 3390 nimis
902 3343 1174 3390 cremetur
1205 3333 1405 3401 inOpia.
1440 3331 1699 3388 Videmus
1727 3333 1870 3388 enim

269 3429 321 3490 in
368 3432 557 3486 verbis
603 3427 783 3483 divitis
828 3443 892 3482 ex
936 3426 1290 3481 subtilissima
1335 3425 1429 3480 Dei
1468 3425 1668 3492 judicio
1714 3440 1873 3494 qumn

271 3527 432 3594 digna
463 3524 558 3579 tali
590 3522 760 3593 culpa:
791 3535 948 3590 pmna
997 3517 1355 3588 responderit.
1408 3521 1608 3587 Agente
1648 3532 1873 3587 namque

272 3617 450 3690 inopia
479 3659 496 3688 ,
535 3625 556 3654 ε
595 3613 702 3669 illic
735 3627 904 3683 usque
937 3610 1001 3666 ad
1035 3610 1255 3665 minima
1299 3608 1536 3678 petenda.
1566 3609 1876 3678 compulsus

274 3720 388 3776 est,
419 3708 513 3780 qui
543 3707 631 3764 hic
653 3749 668 3774 ,
713 3713 907 3776 agente
949 3701 1186 3768 tenacia,
1236 3716 1403 3770 usque
1431 3701 1497 3753 ad
1530 3700 1750 3754 minima
1785 3715 1877 3754 nc-

278 3802 445 3874 ganda
483 3799 751 3870 pervenit.
783 3795 921 3865 Quid
955 3793 1182 3850 retribui
1218 3793 1501 3858 subtilius,
1534 3792 1657 3860 quid
1697 3791 1876 3845 distri-

277 3898 416 3951 ctius
461 3893 678 3964 potest?
715 3891 931 3946 Guttam
975 3903 1130 3959 aqua:
1176 3887 1338 3956 petit,
1384 3885 1472 3952 qui
1516 3883 1683 3938 micas
1727 3884 1877 3948 panis

277 3987 515 4058 negavit.
550 3981 924 4053 Apprebendit
967 3993 1096 4047 ergo
1136 3991 1259 4033 eum
1303 3975 1452 4046 quasi
1495 3989 1630 4044 aqua
1673 3974 1874 4044 inopia.

276 4075 387 4134 Non
413 4137 416 4140 Α
446 4075 718 4131 immerito
775 4087 929 4143 aqum
971 4081 1098 4126 tunc
1141 4069 1230 4124 illa
1277 4065 1455 4138 inopia
1499 4078 1875 4138 comparatur,

276 4169 300 4207 ά
337 4169 460 4242 quia
493 4169 548 4222 in
580 4168 790 4232 inferno
817 4163 1042 4228 cruciat,
1071 4161 1159 4230 qui
1202 4169 1480 4229 susceptos
1505 4159 1557 4213 in
1602 4158 1880 4232 profundis

278 4263 576 4318 absorbens
599 4303 614 4326 ,
649 4259 789 4313 solet
828 4259 975 4314 |acus
1019 4256 1237 4312 nomine
1267 4253 1558 4322 designari.
1607 4251 1756 4306 Unde
1789 4269 1880 4320 per

283 4356 603 4424 prophetam
663 4366 877 4422 quoque
932 4350 1148 4405 humani
1203 4349 1417 4419 generis
1464 4363 1597 4403 voce
1642 4347 1876 4404 dicitur:

283 4444 454 4518 Lapsa
484 4456 557 4500 est
589 4446 638 4498 in
670 4444 840 4498 lacum
871 4445 973 4497 vita
1005 4459 1115 4497 mea
1146 4441 1364 4512 (Thren.
1388 4457 1445 4496 Ill
1469 4481 1482 4506 ,
1509 4440 1622 4512 53).
1657 4441 1875 4510 Erepto-

285 4554 400 4592 rum
426 4553 558 4592 vero
589 4536 945 4590 exsultatione
974 4544 1221 4589 cantatur
1250 4552 1263 4589 :
1300 4532 1517 4588 Domine
1547 4531 1683 4586 Deus
1710 4548 1878 4595 meus,

2593 3318 2820 3374 CAPUT
2851 3317 2967 3372 XX.

2053 3412 2220 3467 Vens.
2251 3413 2342 3466 Sil.
2377 3442 2442 3452 —
2477 3410 2642 3467 Tollet
2672 3430 2784 3466 eum
2817 3423 2991 3466 ventus
3020 3427 3196 3477 urens,
3234 3411 3250 3448 ί
3287 3423 3332 3465 ct
3363 3415 3582 3482 auferet.

2055 3503 2144 3557 3:2.
2188 3503 2466 3572 Auferetur
2505 3521 2536 3556 (ι
2577 3504 2784 3558 diabolo
2808 3545 2822 3567 ,
2862 3504 2951 3571 qui
2980 3504 3160 3556 uterito
3191 3503 3377 3556 dicitur
3407 3514 3585 3557 ventus

1987 3610 2140 3648 urens
2190 3625 2258 3633 —
2290 3596 2419 3660 Quis
2453 3595 2556 3648 hoc
2592 3597 2711 3647 loco
2741 3604 2934 3647 ventus
2964 3609 3157 3657 urens,
3193 3595 3288 3646 nisi
3323 3594 3585 3664 malignus

1987 3687 2212 3754 spiritus
2245 3698 2489 3749 vocatur,
2519 3687 2606 3752 qui
2638 3685 3028 3738 desideriorum
3061 3683 3304 3736 ﬂammas
3339 3684 3389 3735 in
3420 3684 3582 3737 corde

1979 3769 2206 3839 excitat,
2238 3791 2289 3832 ut
2315 3779 2379 3833 ad
2407 3778 2761 3834 :eternitatcm
2790 3777 3171 3846 suppliciorum
3206 3777 3419 3829 trahat?
3445 3776 3577 3830 Per-

1983 3888 2200 3948 versum
2229 3887 2360 3944 ergo
2389 3871 2683 3944 quemlibet
2714 3879 2909 3924 ventus
2941 3885 3107 3924 urens
3138 3869 3330 3923 tollere
3360 3866 3578 3932 dicitur,

1984 3967 2106 4040 quia
2135 3966 2416 4020 insidiator
2439 3965 2703 4034 malignus
2731 3963 2973 4034 Spiritus,
2997 3963 3086 4034 qui
3108 3962 3374 4017 viventem
3397 3977 3584 4031 quem-

1985 4045 2089 4132 que
2122 4059 2367 4114 accendit
2396 4057 2462 4112 ad
2491 4058 2639 4124 vitia,
2673 4055 2989 4110 morientem
3017 4053 3261 4108 trabitad
3289 4063 3580 4108 tormenta.

1983 4131 2116 4208 Nam
2149 4153 2270 4222 quia
2324 4161 2514 4204 ventus
2545 4164 2704 4204 urens
2746 4146 3050 4202 immundus
3092 4144 3310 4214 spiritus
3336 4145 3471 4200 solet
3500 4145 3584 4197 in-

1988 4247 2156 4312 telligi
2182 4289 2195 4311 ,
2230 4245 2320 4315 qui
2355 4244 2520 4298 malta
2551 4243 2907 4316 suggestionis
2937 4239 3064 4294 flatu
3095 4239 3159 4292 ad
3191 4247 3402 4293 terrena
3442 4237 3584 4290 desi-

1987 4341 2141 4413 deria
2177 4340 2482 4406 iniquorum
2513 4336 2672 4392 corda
2706 4335 3010 4400 succendit,
3039 4331 3300 4388 Jeremias
3326 4330 3581 4400 propheta

1989 4431 2236 4498 testatur,
2270 4431 2457 4485 dicens
2485 4447 2498 4483 :
2535 4428 2708 4483 Ollant
2739 4441 3032 4481 succensant
3061 4440 3155 4496 ego
3189 4423 3333 4477 uideo
3355 4464 3369 4488 ,
3412 4433 3458 4476 et
3503 4422 3585 4491 fa-

1987 4527 2113 4580 ciem
2147 4525 2256 4595 cjus
2287 4540 2320 4576 a
2351 4522 2485 4586 facie
2517 4521 2787 4592 Aquilonis
2821 4517 3038 4588 (Jerem.
3068 4532 3115 4588 ι,
3144 4515 3257 4582 l5).
3286 4514 3401 4568 Olla
3435 4529 3584 4567 nam-

281 4633 493 4687 clnmari
521 4631 590 4683 ad
621 4643 700 4700 te,
736 4641 760 4669 ο
792 4639 838 4683 et
869 4632 1059 4683 sanasti
1093 4645 1193 4695 me;
1229 4627 1468 4694 Domine,
1496 4629 1790 4682 abstraa'isti
1817 4631 1875 4682 ab

1987 4631 2091 4687 que
2135 4627 2398 4670 succensa
2441 4622 2523 4666 est
2565 4627 2660 4666 cor
2701 4609 3029 4678 humanum,
3062 4607 3400 4661 sicularium
3429 4621 3586 4661 cura-

282 4727 455 4796 inferis
483 4726 708 4777 animam
739 4738 918 4788 meum,
950 4720 1158 4775 salvasti
1189 4735 1266 4772 me
1304 4736 1335 4772 a
1365 4719 1789 4773 descendentibus
1820 4719 1872 4773 in

284 4820 444 4871 lactnn
474 4814 648 4887 (Psal.
672 4830 806 4869 XXIX
829 4854 843 4878 ,

354 4907 498 4982 [νει.
531 4905 664 4978 XI.)
703 4905 792 4960 51.
839 4905 1010 4959 Divini
1039 4903 1232 4977 judicii
1263 4901 1442 4964 turbo,
1471 4919 1572 4973 qua
1602 4919 1701 4956 non
1731 4912 1877 4972 putat

288 5001 411 5054 hora
431 5043 444 5063 ,
474 5000 692 5069 ideoque
719 5006 900 5064 nocte,
934 5014 1046 5051 eum
1090 4997 1361 5068 opprimet.
1395 5026 1467 5036 —
1495 4995 1664 5050 Nocte
1704 4996 1879 5064 oppri-

289 5103 382 5147 met
409 5109 523 5146 eum
550 5098 842 5159 tempestas.
874 5089 893 5127 τ
924 5089 1060 5157 Quid
1091 5088 1194 5142 hoc
1229 5089 1345 5142 loco
1377 5099 1586 5143 noctem
1607 5127 1622 5152 ,
1654 5087 1752 5140 nisi
1783 5085 1878 5140 ab-

288 5186 588 5240 IConditum
633 5196 846 5252 tempus
887 5180 1149 5250 repentini
1192 5179 1374 5234 exitus
1421 5178 1687 5246 appellat?
1714 5178 1877 5232 'l‘em~

289 5281 506 5345 pestatis
559 5292 685 5333 vero
736 5277 996 5339 nomine,
1047 5275 1234 5344 judicil
1294 5273 1557 5328 turbinem
1609 5272 1873 5342 designat.

288 5372 434 5440 Quod
477 5371 636 5427 etiam
682 5368 966 5424 Psalmista
1000 5376 1246 5435 testatur,
1281 5366 1506 5421 dicens:
1538 5373 1563 5411 Β
1599 5363 1736 5419 Deus
1765 5380 1876 5418 nut-

357 5524 380 5550 ε
427 5513 496 5565 lta
541 5510 812 5566 Bellovac.
839 5549 853 5573 ,
898 5507 1083 5562 Norat.
1132 5520 1192 5560 ac
1235 5513 1344 5559 vet.
1391 5502 1534 5558 Edit.
1579 5501 1634 5556 ln
1679 5508 1879 5571 poster.

291 5583 381 5638 Ed.
407 5625 422 5648 ,
456 5584 661 5638 vireret.

358 5655 383 5694 δ
423 5656 458 5708 '2
490 5653 661 5708 Laud.
687 5694 703 5720 ,
738 5662 789 5705 ut
819 5649 1105 5720 refrigeret.

359 5735 382 5762 ⁸
425 5727 587 5784 Utic.,
617 5725 737 5777 illuc
765 5740 940 5795 usque.

357 5795 382 5835 δ
427 5798 626 5852 Pratel.
671 5812 730 5848 ne
774 5788 893 5850 cuit.
937 5793 1162 5860 Nnrut.,
1207 5809 1320 5863 quis
1361 5791 1411 5846 in
1453 5789 1654 5862 inferno
1685 5788 1883 5844 cruciat

293 5884 400 5941 qua
425 5878 689 5928 sescentos
706 5906 723 5936 ,
753 5875 858 5924 etc.

1986 4703 2103 4766 rum
2123 4705 2935 4777 ardoribus,desideriorumque
2961 4699 3318 4756 anxietatibus
3342 4696 3579 4752 fervens.

1985 4804 2115 4870 Quae
2162 4819 2188 4854 a
2239 4800 2373 4855 facie
2415 4798 2695 4866 Aquilonis
2742 4793 3103 4860 succenditur,
3153 4794 3202 4848 id
3253 4801 3335 4848 est
3383 4791 3585 4848 diaboli

1985 4893 2416 4966 suggestionibus
2445 4891 2826 4947 inﬂammatur.
2852 4886 2970 4956 ipse
2995 4889 3138 4941 enim
3167 4885 3340 4942 vocari
3371 4886 3587 4939 nomine

1987 4987 2270 5056 Aquilonis
2309 4987 2482 5047 solet,
2532 4986 2618 5051 qui
2661 4981 2793 5036 dixit
2831 4999 2842 5034 :
2877 4980 3078 5036 Sedebo
3121 4979 3172 5033 in
3216 4986 3389 5032 monte
3429 4988 3586 5030 testa-

1988 5080 2180 5144 menti,
2210 5080 2262 5133 in
2293 5077 2536 5132 lateribus
2565 5076 2864 5146 Aquilmis,
2896 5073 3170 5126 ascendam
3213 5087 3366 5142 super
3409 5069 3586 5123 altitu-

1986 5175 2159 5226 dinem
2188 5170 2402 5223 nubium
2429 5166 2584 5238 (Isai.
2611 5182 2718 5230 xrv,
2753 5165 2859 5236 l5).
2890 5164 2968 5220 Ad
2999 5164 3158 5234 huius
3192 5164 3352 5231 igitur
3383 5163 3583 5215 urentis

1984 5269 2128 5324 venti
2163 5266 2582 5334 uniuscujusque
2612 5262 2769 5318 electi
2802 5276 2954 5316 triens
2995 5259 3278 5313 adnstione
3317 5267 3586 5324 tempera-

1983 5372 2088 5427 tur,
2113 5359 2327 5432 quando
2356 5360 2409 5436 in
2437 5372 2498 5414 ea
2529 5356 2776 5411 vitiorum
2802 5353 2983 5409 fervor
3005 5349 3382 5419 exstinguitur,
3409 5360 3458 5402 et
3490 5351 3582 5403 de-

2066 5507 2087 5533 °
2129 5497 2203 5552 Ita
2237 5495 2443 5557 Germ.,
2477 5494 2669 5562 Laud.,
2702 5492 2925 5552 Bellov.,
2953 5486 3115 5544 Corb.
3144 5484 3358 5554 Germ.,
3389 5485 3579 5541 Norm.

1989 5580 2044 5624 ct.
2071 5568 2161 5622 alii
2185 5612 2198 5630 ,
2233 5569 2324 5622 ubi
2359 5566 2494 5620 liidili
2518 5608 2532 5629 ,
2565 5575 2611 5629 et
2639 5563 2848 5618 salvasti
2878 5576 2976 5614 me.

2067 5639 2084 5679 τ
2135 5640 2272 5698 Utie.
2300 5681 2314 5706 ,
2348 5638 2544 5693 Pratel.
2566 5678 2581 5704 ,
2613 5645 2750 5699 etr-.,
2783 5633 2906 5702 quid
2935 5632 3035 5685 hic.

2061 5722 2087 5760 8
2131 5713 2154 5765 1
2191 5711 2356 5766 Laud.
2385 5751 2400 5775 ,
2437 5707 2572 5762 Deus
2597 5707 2916 5775 manifestus.

2062 5782 2088 5822 ¹³
2129 5783 2338 5839 Gcmet.
2373 5796 2424 5836 et
2450 5782 2590 5850 plur.
2613 5821 2626 5844 ,
2660 5777 2979 5850 e.rardescet.

2073 5854 2088 5894 ί
2131 5853 2406 5912 Umittitur
2433 5847 2480 5908 et
2506 5850 2703 5919 auferet
2734 5851 2787 5906 iu
2820 5848 2844 5903 1
2879 5849 3076 5913 Laud..
3104 5847 3288 5907 Germ.
3313 5855 3370 5906 et
3393 5847 3576 5904 Norm.
