4044 6346
450 355 518 410 55
1674 357 1918 415 SANCTI
1959 354 2288 414 cneconn
2327 353 2541 411 MAGNI
3665 344 3737 401 56

447 468 765 526 sideriorum
791 472 1084 528 carnalium
1111 471 1327 527 ﬂamma
1352 472 1612 544 frigescit.
1646 472 1800 530 Unde
1829 484 1882 530 et
1910 489 2036 528 san-
2065 473 2118 533 Α
2143 469 2322 526 emisit
2346 479 2404 524 ut
2431 476 2705 538 parceret,
2733 469 2798 521 ad
2829 469 2930 522 hoc
2953 465 3150 521 emittit
3173 463 3489 535 quandoque
3517 479 3582 518 ne
3613 477 3739 531 par-

447 577 533 621 ctn
567 567 807 623 Ecclesia
837 569 890 623 in
922 569 1104 637 sponsi
1135 566 1215 622 sui
1242 568 1487 625 laudibus
1514 570 1634 625 lazta
1661 570 1855 624 clamat
1881 587 1894 622 :
1926 569 2037 624 Sub

444 661 624 713 umbra
653 660 799 715 illius
830 670 856 699 ι
886 678 1035 732 quem
1064 661 1471 716 desideraueram
1504 665 1618 718 sedi
1649 663 1819 734 (Cant.
1851 681 1886 718 ll
1905 705 1922 731 ,
1955 663 2036 733 5).

445 751 522 806 De
551 753 707 821 hujus
735 753 944 808 ardoris
977 753 1234 822 temperie
1261 753 1310 808 ei
1341 770 1438 824 per
1468 754 1654 809 Isaiam
1688 755 2037 821 promittente

442 843 674 900 Domino
705 844 942 899 dicitur:
993 844 1100 898 Pro
1151 846 1388 900 saliunca
1428 845 1456 884 ι)
1501 847 1737 900 ascendet
1781 848 1949 916 abies,
1990 856 2039 902 et

442 951 537 1002 pro
569 937 734 990 urtica
757 947 946 991 crescet
977 947 1173 1007 myrtus
1202 936 1354 1008 (Isai.
1387 954 1472 1007 LV,
1515 938 1634 1010 15).
1667 939 1772 994 Pro
1803 941 2037 995 saliunca

447 1045 681 1091 namque
719 1031 770 1083 in
817 1045 880 1085 ea
926 1031 1172 1086 ascendit
1217 1033 1400 1098 abies,
1453 1033 1578 1086 dum
1627 1035 1679 1087 in
1731 1041 2036 1088 sanctorum

443 1122 608 1178 corde
653 1139 750 1192 pro
795 1124 1101 1193 abjectione
1153 1137 1380 1182 terrena:
1432 1128 1772 1198 cogitationis
1813 1129 2039 1184 altitudo

443 1231 691 1284 superna:
718 1219 1194 1289 contemplationis
1221 1221 1482 1275 exoritur.
1511 1219 1694 1276 Urlica
1719 1237 1845 1275 vero
1869 1221 2037 1291 ignem

441 1309 665 1364 omnino
715 1319 920 1366 naturaa
971 1321 1072 1367 est.
1120 1323 1144 1351 ο
1188 1312 1392 1384 Myrtus
1438 1324 1615 1368 autem
1673 1312 2077 1386 temperativm‘

442 1400 615 1458 fertur
643 1419 764 1459 esse
794 1406 1032 1459 virtutis.
1067 1407 1168 1460 Pro
1195 1407 1365 1460 urtica
1396 1407 1555 1476 igitur
1583 1407 1779 1461 crescit
1807 1417 2034 1476 myrtus,

441 1509 564 1550 cum
588 1496 856 1566 justorum
888 1510 1098 1554 mentes
1126 1515 1154 1554 a
1184 1501 1455 1570 prurigine
1485 1511 1538 1554 et
1565 1501 1756 1555 ardore
1787 1501 2036 1555 vitiorum

441 1587 509 1640 ad
541 1589 924 1658 cogitationum
956 1591 1268 1660 temperiem
1302 1592 1829 1661 tranquilitatcmque
1855 1607 2041 1660 perve-

443 1678 633 1745 niunt,
661 1681 787 1734 dum
809 1681 923 1751 jam
949 1693 1158 1737 terrena
1187 1698 1292 1737 non
1323 1693 1610 1752 appetunt,
1637 1684 1764 1738 dum
1791 1683 2039 1738 ﬂammas

447 1775 630 1828 carnis
661 1775 943 1830 desideriis
973 1777 1284 1831 coelestibus
1315 1778 1680 1846 exstinguuut.

2141 573 2247 619 cat.
2279 566 2333 618 In
2366 563 2466 618 hac
2495 576 2723 632 namque
2761 562 2864 616 vita
2895 561 3150 614 Dominus
3181 569 3326 614 tanto
3357 559 3524 626 magis
3547 557 3739 612 studet

2147 668 2204 711 ιιι
2238 668 2448 726 parcat,
2480 667 2678 729 quanto
2708 658 2874 726 magis
2903 657 3265 727 exspectando
3295 656 3563 726 ﬂagellat,
3593 655 3738 711 sicut

2143 753 2256 821 ipse
2287 767 2417 807 voce
2445 754 2617 823 angeli
2651 752 2714 805 ad
2747 752 3006 806 Joannem
3038 754 3113 805 ait
3144 768 3156 804 :
3188 751 3302 823 Ego
3329 767 3456 821 quos
3482 767 3622 816 amo,
3649 767 3740 804 ur-

2142 863 2241 918 guo
2269 855 2317 902 et
2349 849 2546 918 castigo
2575 849 2762 918 (Apoc.
2797 863 2854 902 ttt
2879 889 2895 914 ,
2930 846 3039 916 i9).
3077 846 3144 900 Et
3173 850 3311 899 sicut
3340 847 3470 900 alias
3499 845 3695 900 dicitur
3719 863 3736 902 :

2146 940 2308 1006 Quem
2333 942 2500 1012 diligit
2529 940 2780 995 Dominus
2805 941 3049 1011 castigat,
3080 939 3310 1010 ﬂagellat
3339 947 3506 991 autem
3537 955 3740 992 omnem

2143 1032 2309 1101 [ilium
2337 1050 2482 1100 quem
2508 1035 2695 1104 recipit.
2718 1033 2902 1104 (Hebr.
2931 1047 3004 1085 xn
3023 1073 3037 1095 ,
3063 1031 3140 1100 6).
3199 1031 3428 1085 Econtra
3460 1039 3634 1083 autem
3670 1031 3741 1084 de

2144 1124 2357 1194 ﬂagello
2387 1125 2748 1180 damnationis
2779 1126 3038 1192 scriptum
3069 1133 3153 1179 est
3181 1139 3197 1178 :
3240 1121 3306 1176 In
3348 1122 3585 1192 aperibus
3626 1139 3743 1174 ma-

2143 1233 2301 1270 nuum
2338 1233 2549 1270 suarum
2591 1217 2988 1286 comprehensus
3027 1228 3099 1270 est
3142 1225 3378 1285 peccator
3422 1214 3610 1286 (Psal.
3643 1230 3697 1268 Ix
3721 1257 3738 1281 ,

2145 1309 2260 1377 i7).
2293 1309 2367 1363 De
2397 1327 2500 1378 quo
2534 1325 2627 1378 per
2655 1310 2941 1365 Jcremiam
2988 1311 3244 1364 Dominus
3283 1310 3446 1373 dicit,
3489 1308 3612 1363 dum
3656 1310 3742 1363 in-

2143 1400 2527 1470 corrigibiliter
2555 1402 2930 1470 delinquentes
2969 1403 3194 1472 populos
3238 1402 3408 1467 videt,
3452 1418 3587 1471 quos
3627 1418 3739 1458 non

2139 1493 2250 1562 jam
2283 1495 2382 1548 Sub
2413 1493 2694 1564 disciplina
2724 1493 2858 1549 ﬁlios
2879 1535 2892 1560 ,
2925 1495 3018 1550 sed
3051 1495 3150 1550 sub
3183 1494 3427 1548 districta
3458 1503 3481 1531 ο
3515 1508 3740 1564 percus-

2143 1587 2296 1641 sione
2336 1587 2572 1641 intuetur
2603 1598 2659 1640 ttt
2693 1586 2920 1641 hostes:
2959 1586 3122 1657 Plaga
3162 1587 3360 1640 inimici
3395 1587 3620 1654 percussi
3652 1595 3737 1652 te,

2143 1679 2478 1748 castigatione
2519 1679 2718 1731 crudeli
2750 1679 2984 1749 (Jerem.
3027 1695 3134 1734 xxx
3158 1722 3172 1744 ,
3209 1678 3274 1732 Η
3301 1678 3341 1749 ).
3384 1679 3450 1733 Ει
3479 1678 3618 1748 quod
3653 1679 3740 1735 hic

2144 1769 2343 1824 dicitur
2375 1788 2388 1825 :
2428 1770 2549 1824 Non
2581 1783 2785 1840 parcet;
2815 1774 2884 1826 ibi
2914 1784 3126 1844 quoque
3153 1773 3328 1828 verbis
3354 1773 3473 1826 aliis
3500 1773 3742 1827 declara-

514 1866 654 1938 |Vet.
684 1866 860 1938 ΧΙΙ.]
901 1868 989 1924 55.
1035 1869 1224 1924 Mentis
1256 1872 1581 1943 refrigerium
1614 1871 1798 1926 Maria:
1843 1873 2040 1928 datum.
2079 1863 2122 1923 Β
2151 1874 2235 1918 tur
2263 1883 2276 1920 :
2311 1864 2448 1930 Quid
2475 1867 2667 1920 clamas
2703 1865 2723 1904 τ
2754 1883 2908 1936 super
2939 1868 3243 1920 contritione
3273 1868 3406 1920 tua?
3433 1867 3742 1921 insanabilis

441 1987 511 1999 —
551 1959 777 2028 Pr0pter
819 1961 923 2016 hoc
961 1978 1176 2032 quoque
1216 1964 1413 2018 mentis
1453 1964 1789 2034 refrigerium
1829 1966 2043 2020 cmlitus

440 2054 622 2106 datum
650 2054 828 2108 Mariae
858 2055 1053 2109 dicitur
1078 2073 1092 2111 :
1128 2055 1306 2110 Virtus
1333 2056 1583 2110 Altissimi
1608 2057 1924 2110 ubumbrabtt
1952 2058 2043 2111 tibi

441 2145 609 2216 (Luc.
642 2162 696 2211 ι,
727 2145 797 2201 55
821 2146 860 2216 ).
894 2148 1150 2214 Quamvis
1183 2150 1280 2202 hac
1313 2150 1364 2202 in
1400 2165 1456 2203 re
1489 2165 1583 2218 per
1613 2149 2040 2205 obumbrationis

441 2238 601 2313 571
638 2239 954 2294 vocabulum
987 2240 1300 2294 incarnandi
1348 2241 1437 2295 Dei
1484 2251 1710 2311 utraque
1743 2242 1908 2316 potuit
1939 2258 2040 2297 na-

442 2339 560 2383 tura
591 2329 812 2398 signari.
849 2327 1048 2384 Umbra
1079 2330 1222 2384 enim
1254 2345 1283 2384 a
1320 2330 1520 2386 lumine
1554 2332 1813 2386 formatur
1840 2344 1892 2387 et
1921 2349 2040 2388 cor-

439 2434 592 2488 pore.
637 2421 894 2475 Dominus
933 2431 1110 2476 autem
1152 2437 1248 2490 per
1302 2421 1637 2478 divinitatem
1693 2426 1868 2478 lumen
1920 2433 2034 2492 est,

442 2513 574 2582 qui,
619 2512 888 2567 mediante
926 2514 1140 2577 anima,
1185 2513 1237 2566 in
1281 2515 1398 2581 ejus
1439 2523 1591 2568 utero
1634 2515 1748 2569 ﬁeri
1791 2515 2037 2585 dignatus

441 2611 528 2658 est
560 2619 655 2672 per
685 2605 1070 2659 humanitatem
1106 2619 1317 2673 corpus.
1338 2606 1472 2673 Quia
1501 2622 1630 2677 ergo
1651 2607 1828 2663 lumen
1855 2609 2034 2664 incor-

439 2710 669 2764 poreum
704 2697 754 2749 in
783 2695 901 2766 ejus
931 2705 1048 2750 erat
1078 2706 1230 2752 utero
1258 2700 1656 2766 corporandum
1677 2741 1691 2763 .
1725 2701 1774 2756 ei
1805 2719 1921 2772 qua:
1953 2702 2036 2757 in-

437 2802 759 2856 corporeum
791 2789 1039 2858 concepit
1067 2790 1132 2843 ad
1163 2805 1359 2859 corpus
1389 2791 1584 2846 dicitur
1615 2812 1626 2845 :
1671 2792 1841 2847 Virtus
1875 2794 2036 2850 Altis-

436 2880 556 2932 simi
581 2879 904 2933 obrumbabit
935 2881 1028 2934 tibi
1055 2898 1072 2946 ;
1103 2881 1153 2934 id
1186 2892 1298 2949 est,
1333 2897 1530 2951 corpus
1560 2885 1609 2937 in
1645 2894 1696 2939 te
1728 2886 2032 2943 humanita-

437 2972 508 3026 tis
539 2972 766 3041 accipiet
792 2973 1168 3040 incorporeum
1212 2974 1392 3028 lumen
1434 2975 1753 3030 divinitatis.
1785 2977 1890 3032 Sed
1917 2977 2029 3046 jam

437 3062 504 3119 de
533 3064 716 3134 iniquo
739 3065 978 3134 quolibet
1005 3065 1146 3136 quod
1175 3067 1436 3134 cmpimus
1461 3082 1841 3136 exsequamur.
1873 3069 2031 3125 Tollit

437 3170 570 3226 ergo
596 3171 719 3209 eum
749 3165 940 3211 ventus
971 3173 1156 3223 urens,
1191 3159 1313 3226 quia
1349 3159 1603 3214 videlicet
1631 3161 1895 3231 malignus
1920 3164 2030 3233 spi-

2147 1967 2218 2008 est
2249 1957 2398 2010 dolor
2425 1966 2539 2010 tuus
2581 1955 2798 2029 (Ibid.,
2835 1957 2954 2028 l5).
2990 1957 3142 2012 Unde
3174 1957 3273 2011 hoc
3321 1971 3534 2026 semper
3579 1957 3741 2014 electi

2147 2047 2466 2114 provident,
2503 2060 2561 2102 ut
2591 2059 2717 2104 ante
2746 2051 2810 2101 ad
2850 2050 3110 2118 justitiam
3142 2051 3392 2116 redeant,
3424 2065 3582 2120 quam
3617 2065 3742 2106 sese

2147 2137 2222 2192 ira
2247 2128 2442 2208 jmlicis
2472 2140 2982 2210 inexstiuguibilitcr
3008 2147 3298 2212 accendat,
3329 2158 3394 2198 ne
3425 2144 3614 2199 ultimo
3640 2145 3739 2199 ﬂa-

2145 2231 2286 2300 gello
2321 2241 2346 2278 t5
2380 2233 2702 2298 deprehensi
2733 2235 2890 2288 simul
2923 2237 3000 2291 eis
3031 2236 3246 2292 ﬁniatur
3274 2239 3377 2290 vita
3406 2253 3524 2292 cum
3556 2239 3736 2309 culpa.

2145 2323 2440 2394 Flagellum
2474 2343 2703 2397 namque
2734 2337 2860 2383 tunc
2903 2330 3071 2384 diluet
3109 2331 3321 2396 culpam
3344 2371 3361 2398 ,
3405 2345 3525 2384 cum
3559 2342 3736 2385 muta-

2143 2419 2279 2472 verit
2304 2422 2486 2475 vitam.
2520 2422 2650 2476 Nam
2673 2422 2823 2492 cujus
2848 2439 3027 2478 mores
3055 2439 3158 2478 non
3187 2434 3392 2493 mutat,
3421 2441 3526 2478 non
3557 2426 3738 2494 expiat

2141 2512 2404 2568 actiones.
2440 2513 2626 2570 Omnis
2655 2531 2784 2586 ergo
2812 2515 2989 2570 divina
3023 2519 3330 2588 percussio,
3370 2503 3738 2588 aut'purgatio

2141 2601 2195 2656 in
2229 2603 2385 2659 nobis
2428 2606 2554 2662 vita:
2600 2610 2878 2676 pra-sentis
2917 2619 3026 2674 est,
3073 2621 3164 2664 aut
3207 2609 3412 2664 initium
3440 2625 3614 2680 pinna:
3644 2626 3737 2664 se-

2139 2701 2370 2764 quentis.
2417 2697 2639 2766 Propter
2668 2715 2760 2754 eos
2789 2702 2930 2755 enim
2961 2703 3048 2772 qui
3093 2717 3157 2756 ex
3202 2702 3410 2771 ﬂagello
3450 2704 3736 2773 proﬁciunt

2139 2788 2338 2842 dictum
2369 2799 2454 2845 est
2483 2807 2497 2846 ζ
2527 2788 2556 2827 ¹³
2590 2791 2688 2857 Qui
2718 2794 2870 2864 ﬁngis
2893 2795 3124 2848 dolorem
3149 2795 3198 2846 in
3226 2806 3476 2865 pra‘cepto
3501 2796 3734 2867 (Psulnt.

2137 2896 2301 2947 scut,
2333 2882 2449 2955 20).
2482 2885 2614 2950 Quia
2648 2885 2772 2940 dum
2807 2887 3101 2956 ﬂagellatur
3134 2887 3347 2956 iniquus
3372 2929 3385 2952 ,
3423 2887 3438 2926 ί
3479 2898 3532 2944 et
3562 2893 3737 2944 corri-

2135 2975 2317 3044 gitur;
2351 2977 2536 3031 audire
2566 2989 2892 3048 przeceptum
2928 2978 3092 3031 noluit
3114 3021 3128 3044 ,
3163 2979 3310 3032 audit
3339 2979 3598 3033 dolorem.
3631 2979 3737 3033 D0-

2135 3069 2218 3124 lor
2249 3085 2378 3140 ergo
2407 3071 2460 3125 in
2493 3084 2766 3142 praecepto
2798 3072 3014 3143 ﬁngitur
3040 3071 3089 3128 ei
3113 3071 3204 3141 qui
3233 3087 3263 3126 a
3295 3074 3447 3127 malis
3475 3073 3739 3142 operibus

2136 3166 2286 3232 quasi
2322 3165 2575 3233 princepti
2611 3166 2726 3219 vice
2750 3208 2764 3231 ,
2797 3165 2980 3220 dolore
3009 3165 3310 3220 cohibetur.
3359 3165 3433 3219 De
3478 3166 3562 3218 hls
3603 3181 3737 3220 vero

433 3247 572 3304 ritus
591 3263 712 3302 eum
740 3263 896 3318 quem
925 3264 1066 3304 nunc
1091 3250 1432 3304 succenderit
1460 3253 1579 3319 igne
1608 3268 1876 3321 perversa:
1903 3270 2033 3310 con-
2061 3241 2110 3303 C
2148 3271 2283 3324 quos
2312 3256 2567 3310 damnant
2595 3257 2802 3327 ﬂagella
2833 3268 2884 3310 et
2909 3271 3013 3312 non
3043 3256 3303 3321 liberant,
3337 3257 3528 3312 dicitur
3557 3276 3573 3312 :
3606 3255 3737 3311 Per-

434 3341 811 3410 cupiscentim,
846 3343 985 3412 rapit
1015 3343 1351 3410 postmodum
1385 3343 1448 3397 ad
1475 3343 1719 3398 ﬂammas
1749 3349 2030 3416 gehennae.

432 3429 688 3501 Sequitur
718 3448 733 3485 :

1025 3531 1252 3588 LAPUT
1293 3531 1434 3587 XXI.

503 3621 630 3676 lato.
663 3650 732 3662 -—
762 3621 831 3677 Et
859 3623 991 3678 velut
1021 3624 1168 3678 turbo
1197 3626 1359 3690 rapiet
1388 3641 1505 3679 eum
1537 3626 1600 3679 de
1629 3624 1744 3679 loco
1772 3642 1886 3679 suo.

425 3743 427 3745 -
505 3715 598 3770 54.
643 3716 773 3783 Quis
801 3717 868 3770 sit
895 3717 1191 3787 iniquorum
1219 3719 1380 3773 locus.
1422 3748 1494 3759 —
1533 3718 1708 3772 Locus
1741 3734 2032 3787 perverso-

438 3824 557 3865 rum
589 3818 672 3864 est
725 3810 1036 3878 temporalis
1079 3809 1204 3864 vitm
1249 3811 1535 3865 delectatio
1575 3820 1628 3865 et
1668 3811 1844 3863 carnis
1884 3811 2033 3866 volu-

431 3910 573 3968 ptas.
601 3901 764 3968 Quasi
810 3901 1021 3955 turbine
1065 3903 1224 3972 igitur
1258 3903 1624 3972 unusquisque
1663 3903 1730 3957 de
1775 3903 1892 3958 loco
1933 3918 2032 3960 suo

430 3992 662 4060 rapitur,
707 4007 825 4046 cum
856 4007 886 4046 a
915 3995 1124 4048 cunctis
1153 3994 1264 4048 suis
1295 3995 1742 4050 delectationibus
1788 4009 2032 4054 extremo

429 4085 651 4139 territus
677 4084 764 4140 die
792 4094 1095 4155 separatur.
1129 4087 1204 4141 De
1232 4101 1338 4156 quo
1366 4095 1610 4142 extremo
1637 4088 1726 4144 die
1756 4100 1878 4159 apte
1907 4105 2030 4147 mox

428 4179 677 4235 subditur
703 4195 721 4235 :

798 4269 1027 4328 CAPUT
1068 4272 1215 4328 xxu
1255 4273 1414 4346 [Rea
1445 4271 1652 4346 x111].

505 4363 668 4418 Vens.
710 4363 801 4419 22.
835 4395 905 4404 -
936 4361 964 4402 ά
997 4363 1212 4420 Emittet
1241 4383 1394 4437 super
1422 4382 1570 4432 eum,
1603 4377 1650 4421 et
1680 4383 1780 4420 non
1808 4376 2000 4437 parcet.

501 4461 592 4518 55.
632 4461 769 4516 Deus
795 4464 979 4518 electos
1006 4464 1238 4536 ﬂagellat
1267 4465 1350 4518 hic
1379 4474 1436 4518 ut
1465 4477 1643 4535 parcat
1661 4509 1673 4530 ,
1704 4467 1944 4537 reprobos
1974 4477 2030 4522 ut

424 4558 612 4629 punire
643 4556 874 4628 incipiat.
910 4555 1092 4610 Omnis
1119 4559 1382 4626 percussio
1412 4559 1618 4624 diuina,
1661 4569 1748 4612 aut
1787 4561 2028 4630 purgatio

2139 3349 2342 3402 cussisti
2369 3366 2452 3404 eos
2473 3393 2485 3414 ,
2519 3366 2610 3403 nec
2636 3351 2908 3403 doluerunt
2935 3367 2953 3412 ;
2976 3351 3215 3404 attriristi
3238 3367 3322 3403 eos
3342 3393 3356 3415 ,
3384 3361 3432 3404 et
3461 3361 3736 3406 renuerunt

2140 3443 2371 3512 accipere
2399 3442 2724 3512 disciplinam
2753 3441 2968 3512 (Jerem.
2993 3458 3044 3506 ν,
3072 3442 3150 3512 5).
3180 3443 3272 3496 llis
3303 3442 3510 3514 ﬂagella
3539 3443 3607 3497 ab
3634 3445 3735 3498 hac

2138 3534 2245 3586 vita
2289 3534 2582 3596 inchoant,
2619 3544 2674 3589 et
2713 3535 2765 3589 in
2807 3544 3006 3589 {eterna
3041 3537 3387 3604 percussione
3417 3537 3732 3604 perdurant.
3783 3520 3786 3523 ’

2139 3625 2292 3682 Unde
2323 3643 2418 3696 per
2445 3627 2662 3695 Moysen
2696 3627 2951 3684 Dominus
2981 3629 3107 3682 dicit
3133 3645 3143 3680 :
3174 3626 3318 3698 Ignis
3344 3629 3532 3683 exarsit
3563 3629 3626 3682 ab
3656 3629 3734 3684 ira

2137 3735 2281 3786 mea,
2314 3727 2360 3772 et
2405 3719 2601 3773 ardebit
2646 3720 2660 3770 ι
2712 3735 2871 3789 usque
2909 3721 2976 3772 ad
3018 3720 3211 3789 inferos
3251 3719 3486 3774 deorsum
3533 3717 3734 3789 (Deut.

2138 3826 2282 3866 χχχιι
2306 3853 2320 3877 ,
2352 3810 2420 3864 22
2443 3811 2484 3882 ).
2516 3813 2782 3879 Quantum
2815 3814 2879 3866 ad
2912 3824 3234 3882 prmsentem
3275 3813 3474 3867 etenim
3519 3827 3736 3881 percus-

2139 3906 2342 3960 siOuem
2374 3915 2616 3974 spectat,
2659 3915 2804 3959 recte
2857 3906 3016 3977 572
3065 3905 3262 3960 dicitur
3293 3922 3310 3959 :
3345 3901 3492 3976 Ignis
3544 3904 3734 3960 exarsit

2138 3993 2164 4034 ¹ι
2195 3997 2257 4048 ab
2283 3997 2360 4049 ira
2388 4012 2500 4050 mea
2533 3996 2632 4066 (De
2664 3995 2880 4064 Pmnit.,
2907 3999 2960 4052 ιι.
2987 3999 3051 4064 5',
3079 4014 3126 4050 c.
3153 3997 3263 4066 45).
3305 3999 3570 4066 Quantum
3600 4012 3734 4053 vero

2136 4089 2202 4143 ad
2233 4099 2486 4143 aeternam
2528 4089 2960 4153 damnationem,
3005 4101 3126 4159 apte
3172 4106 3296 4144 mox
3337 4089 3623 4144 subditur:
3665 4089 3734 4145 Et

2132 4183 2333 4236 ardebit
2361 4199 2520 4251 usque
2547 4184 2614 4237 ad
2643 4185 2838 4256 inferos
2867 4185 3125 4238 deorsum.
3162 4183 3317 4239 Licet
3347 4198 3375 4236 τι
3407 4183 3728 4254 quibusdam

2095 4327 2100 4342 ,
2135 4273 2239 4328 dici
2283 4274 2452 4328 soleat
2494 4274 2622 4329 illud
2664 4275 2806 4346 quod
2846 4275 3100 4344 scriptum
3141 4286 3263 4330 est:
3303 4274 3322 4314 ι
3357 4275 3480 4330 Non
3511 4277 3729 4348 judicat

2132 4364 2272 4420 Deus
2305 4367 2376 4420 bis
2409 4369 2460 4420 in
2488 4368 2712 4434 idipsum
2743 4369 2761 4435 (
2790 4365 3022 4420 Nullum.
3056 4384 3107 4433 ι,
3137 4367 3229 4439 9).
3263 4368 3362 4436 Qui
3410 4378 3584 4421 tamen
3627 4368 3730 4425 hoc

2131 4459 2274 4528 quod
2306 4475 2400 4528 per
2432 4459 2744 4530 prophetam
2775 4459 2842 4514 de
2885 4458 3080 4530 iniquis
3129 4460 3346 4527 dicitur,
3394 4477 3500 4514 non
3543 4469 3724 4516 atten-

2130 4553 2306 4610 dunt:
2352 4552 2420 4607 Et
2468 4555 2661 4624 duplici
2688 4564 2726 4590 ιη
2772 4555 3074 4624 confusione
3118 4563 3321 4610 contere
3363 4571 3448 4610 eos
3493 4553 3725 4624 (Jerem.

425 4650 543 4703 vine
588 4651 852 4720 prasentis
898 4659 1001 4716 est,
1051 4661 1140 4705 aut
1188 4653 1392 4706 initium
1439 4669 1602 4720 paena:
1649 4655 1924 4724 sequentis.
1956 4683 2027 4693 --
2055 4641 2107 4702 D
2132 4665 2262 4718 sum,
2293 4649 2420 4718 18).
2450 4650 2516 4703 Et
2541 4649 2680 4720 quod
2708 4649 2840 4704 alias
2863 4649 3121 4720 scriptum
3146 4661 3259 4706 est:
3289 4651 3444 4705 Jesus
3475 4651 3727 4723 pupulum

427 4740 777 4798 Peccato'rem
810 4744 946 4798 Deus
987 4744 1200 4813 quoties
1241 4745 1483 4800 feriendo
1523 4745 1773 4814 corrigit,
1816 4745 1880 4798 ad
1922 4746 2024 4800 hoc

425 4833 696 4906 ﬂagellum
724 4837 952 4902 emittit,
986 4847 1046 4892 ut
1076 4848 1277 4908 parcat.
1308 4839 1438 4894 Cum
1471 4856 1597 4893 vero
1624 4839 1742 4908 ejus
1772 4839 1934 4894 vitam
1966 4839 2020 4894 in

426 4940 653 5000 peccato
682 4942 1089 5001 permanentem
1122 4932 1364 4989 feriendo
1391 4934 1700 4997 concludit,
1745 4933 2016 5003 ﬂagellum

422 5025 656 5092 emittit,
693 5025 787 5081 sed
820 5041 1156 5098 nequaquam
1190 5031 1382 5098 parcit.
1417 5029 1516 5094 Qui
1559 5029 1702 5082 enim
1748 5028 2013 5098 ﬂagellum

495 5179 521 5240 ξι
562 5169 745 5225 Germ.
779 5179 833 5224 et
860 5170 1099 5240 plerique
1119 5211 1134 5236 ,
1165 5187 1319 5240 quam
1344 5170 1769 5224 desideraverant.

493 5239 520 5278 δ
561 5241 749 5296 Germ.
781 5251 836 5296 et
861 5243 968 5295 duo
997 5239 1191 5310 Laud.,
1227 5245 1454 5295 ascendit
1487 5280 1500 5293 .
1531 5279 1546 5294 .
1584 5280 1595 5292 .
1626 5241 1828 5292 crescit.

504 5323 525 5349 ο
569 5311 765 5378 Laud.,
798 5313 957 5368 Corb.
994 5312 1202 5377 Germ.,
1242 5313 1428 5366 Norm.
1471 5321 1525 5365 ct
1568 5310 1840 5378 plerique,
1875 5327 2016 5380 myr-

419 5391 528 5436 tum
555 5400 774 5450 namque
800 5422 815 5438 .
849 5424 862 5437 .
896 5423 910 5439 .
945 5425 958 5438 .
989 5423 1003 5438 .
1031 5387 1220 5454 ferunt.
1246 5384 1362 5437 Vet.
1397 5383 1562 5448 Edit.,
1597 5380 1830 5450 Myrtum
1864 5397 2012 5434 nam-

417 5469 518 5526 que
546 5470 742 5526 semper
771 5456 935 5524 fertur
961 5473 1068 5526 esse
1095 5455 1316 5509 virtutis.

491 5523 516 5560 ά
561 5519 726 5580 Laud.
761 5519 846 5581 hic
871 5536 926 5582 et
954 5525 1112 5591 infra,
1146 5527 1324 5579 emittit
1351 5564 1363 5577 .
1393 5562 1406 5576 .
1436 5563 1448 5577 .
1478 5524 1662 5594 parcit.
1693 5521 1747 5576 lu
1777 5519 1810 5572 2
1838 5522 2009 5578 Laud.

419 5603 646 5664 utraque
677 5599 836 5652 leCtio
865 5600 942 5652 sic
973 5608 1262 5652 annotalur
1289 5596 1470 5648 emittit
1501 5635 1513 5648 .
1546 5634 1559 5646 .
1595 5636 1606 5648 .
1637 5633 1651 5648 .
1682 5594 1865 5663 parcit.

495 5676 520 5704 ⁶
558 5667 782 5731 Norm.,
852 5671 1175 5736 percussione
1237 5667 1467 5720 inimicos
1533 5667 1775 5720 intuetur.
1845 5664 2008 5720 Corb.

418 5735 606 5794 Germ.
653 5749 708 5793 et
736 5735 923 5795 Germ.
945 5778 962 5802 .
1005 5742 1170 5793 hostes
1202 5741 1483 5792 intuentur.

499 5809 516 5847 ί
561 5810 784 5865 Additur
817 5812 867 5864 in
894 5811 1076 5864 Norm.
1099 5854 1112 5876 ,
1144 5811 1210 5862 ad
1237 5825 1314 5862 me
1341 5827 1510 5878 super.

494 5893 517 5928 ε
562 5881 650 5936 Sic
688 5881 738 5934 in
782 5891 1008 5948 utroque
1046 5879 1211 5934 Laud.
1242 5922 1256 5944 ,
1290 5879 1468 5936 Norm.
1503 5889 1557 5937 et
1587 5881 1705 5936 aliis
1727 5921 1742 5946 ,
1775 5896 1871 5937 nec
1904 5896 2008 5938 non

2131 4747 2194 4799 de
2223 4755 2359 4799 terra
2389 4743 2609 4819 zEggoti
2639 4745 2871 4812 salvans,
2903 4745 3126 4798 secundo
3169 4761 3254 4798 eos
3294 4746 3382 4814 qui
3411 4762 3514 4800 non
3556 4746 3727 4799 credi-

2130 4838 2338 4904 derunt,
2371 4838 2594 4908 perdidit
2627 4837 2826 4908 (Judw,
2860 4839 2935 4905 ν).
2969 4837 3172 4903 Quibus
3203 4847 3382 4893 tamen
3415 4840 3458 4893 si
3490 4854 3724 4894 consen—

2129 4946 2247 4984 sum
2298 4932 2634 5000 pracbemus,
2686 4931 2983 5001 quamlibet
3026 4932 3236 5000 culpam
3285 4933 3366 4988 bis
3416 4933 3563 4989 feriri
3615 4951 3722 4991 non

2128 5039 2316 5094 posse,
2354 5025 2455 5078 hoc
2482 5039 2546 5078 ex
2579 5033 2798 5094 peccato
2828 5023 3093 5094 percussis
3135 5033 3162 5060 ιι
3195 5034 3355 5095 atque
3394 5027 3444 5078 in
3491 5039 3720 5097 peccato

2123 5163 2179 5218 in
2212 5172 2323 5218 vet.
2358 5162 2500 5217 Edit.
2533 5163 2590 5217 In
2624 5171 2826 5232 poster.
2859 5161 3054 5231 legitur
3080 5177 3144 5216 ne
3171 5162 3352 5215 ultimo
3383 5161 3591 5232 ﬂagello
3632 5164 3720 5218 de-

2124 5233 2383 5304 prehensis
2412 5236 2566 5288 simul
2591 5238 2665 5289 eis
2683 5276 2700 5301 ,
2732 5245 2837 5288 etc.

2194 5299 2224 5376 ξι
2265 5305 2486 5376 Υἱιιιιυο.
2509 5348 2522 5371 ,
2557 5308 2642 5376 qui
2673 5299 2826 5375 ﬁngis
2858 5305 3082 5358 laborem
3115 5307 3190 5360 vel
3221 5305 3410 5359 dolent.

2199 5373 2214 5412 ί
2265 5375 2486 5432 Vindoc.
2509 5417 2524 5440 ,
2558 5373 2606 5430 et
2638 5373 3066 5445 nott’corrigilur.

2196 5446 2210 5496 i
2265 5446 2387 5501 Dec.
2421 5459 2474 5502 et
2505 5450 2594 5502 alii
2625 5448 2811 5504 Norm.
2833 5487 2848 5510 ,
2882 5449 2949 5501 ad
2981 5450 3201 5518 inferna.

2195 5518 2219 5556 ιε
2262 5518 2486 5576 Vindoc.
2511 5561 2523 5585 ,
2558 5523 2612 5574 in
2640 5523 2717 5574 ira
2747 5536 2878 5574 mea.

2197 5589 2214 5627 ι
2261 5590 2420 5664 licet.
2449 5600 2505 5646 et
2535 5593 2622 5647 alii
2656 5593 2839 5647 Nurm.
2862 5636 2877 5660 ,
2910 5608 3010 5646 non
3031 5589 3314 5664 judicabit.

2191 5670 2231 5699 ιη
2273 5663 2361 5716 Sic
2405 5664 2682 5729 Laudun.,
2719 5661 3456 5738 Bellovac.{norma-Corb.
3489 5663 3712 5738 (ierim,

2119 5733 2303 5790 Germ.
2327 5777 2340 5792 .
2373 5751 2476 5790 non
2497 5776 2512 5795 .
2545 5739 2882 5798 contritione,
2917 5745 2973 5788 ut
2999 5745 3080 5790 est
3109 5735 3161 5788 in
3198 5735 3382 5789 Editis.

2194 5817 2216 5843 "
2261 5807 2482 5862 Vindoc.
2509 5851 2522 5876 ,
2557 5809 2609 5861 id
2638 5819 2711 5864 est
2741 5812 2792 5863 in
2823 5818 3027 5879 peccato
3058 5823 3168 5864 suo.
