4044 6346
217 298 281 355 5‘]
1030 292 1392 352 MORALIUM
1434 291 1565 349 LIB.
1608 290 1798 346 XVIII.
1838 318 1909 333 --
1947 292 2175 349 CAPUT
2212 295 2428 354 XXVIII
2465 297 2527 356 Β.
2563 300 2699 357 ,108
3423 307 3493 364 58

217 426 306 467 suo
348 407 710 464 morientibus
750 407 914 463 debet
960 407 1253 474 aestimari,
1296 407 1417 477 quia
1457 419 1640 460 eorum
1689 420 1807 473 per-
1835 406 1887 466 Λ

216 502 381 553 cussio
410 501 498 553 hic
527 508 706 569 empta
738 499 850 554 illic
881 500 1182 567 perlicitur,
1221 508 1277 553 tit
1307 497 1621 553 incorrectis
1648 511 1809 549 unum

214 594 480 667 ﬂagellum
512 596 589 647 sit
619 593 763 662 quod
797 593 1164 662 temporaliter
1196 592 1416 661 incipit,
1447 591 1539 645 sed
1574 591 1623 643 in
1654 599 1810 643 teter-

214 692 289 745 nis
310 689 594 758 suppliciis
620 695 1045 752 consummatur,
1077 695 1344 756 quatenus
1370 686 1449 739 eis
1477 685 1562 751 qui
1591 682 1808 736 omnino

214 781 408 849 corrigi
443 790 682 835 renuunt
705 778 820 848 jatn
854 778 1192 845 praesentium
1225 777 1554 846 flagellorum
1586 789 1805 843 percus-

209 876 286 927 sio
307 871 658 940 sequentium
691 871 761 924 sit
787 870 999 932 initium,
1024 879 1426 923 tormentorum.
1451 865 1663 919 Emittet
1686 880 1806 935 ergo

207 983 354 1037 super
377 984 534 1033 eum,
566 975 613 1019 et
644 980 749 1018 non
779 971 976 1035 parcet.
1008 963 1263 1033 Sequitur
1292 979 1304 1014 :

579 1077 808 1133 cseur
848 1076 1016 1133 xxui
1056 1075 1199 1147 [γει.
1231 1072 1429 1145 XIII].

271 1193 391 1245 IBID.
432 1221 506 1231 —
536 1190 614 1245 De
641 1208 801 1244 manu
832 1193 945 1264 ejus
975 1190 1175 1261 fugiens
1206 1191 1383 1266 fugiet.

265 1288 351 1341 55.
386 1287 653 1342 Ferientis
680 1305 890 1341 manum
932 1288 1046 1341 sola
1073 1285 1424 1340 emendatione
1447 1284 1800 1338 evadimus.—

203 1380 286 1436 llle
325 1383 531 1434 etenim
577 1382 645 1436 de
687 1397 848 1435 manu
883 1381 1017 1450 fugit
1048 1379 1323 1444 ferientis,
1358 1378 1446 1448 qui
1478 1393 1590 1432 sum
1619 1377 1798 1447 pravi—

208 1481 358 1526 tatem
389 1473 623 1542 corrigit
654 1474 904 1526 actionis.
952 1472 1040 1526 Vel
1074 1482 1218 1526 certe
1248 1472 1369 1540 quia
1403 1472 1456 1524 in
1497 1485 1650 1525 sacro
1687 1469 1797 1524 elo-

205 1567 322 1634 quio
366 1581 569 1620 manus
614 1568 860 1634 operatio
903 1567 1040 1621 solet
1080 1565 1334 1634 intelligi,
1381 1564 1446 1618 de
1488 1580 1645 1617 manu
1680 1578 1798 1631 per-

199 1656 327 1710 cussi
358 1655 494 1725 fugit
527 1657 619 1725 qui
642 1696 658 1721 ,
690 1655 819 1710 dum
850 1658 1000 1725 pravi
1044 1658 1313 1709 interitum
1357 1656 1651 1725 conSpicit,
1686 1656 1795 1708 vias

203 1750 478 1819 pravitatis
507 1747 789 1818 relinquit.
823 1747 974 1803 Unde
1005 1748 1176 1801 adhuc
1202 1747 1483 1802 subditur:

767 1860 993 1916 CAPUT
1034 1859 1223 1915 XXIV.

268 1974 431 2029 Vsus.
462 1975 558 2030 23.
604 2003 675 2014 —
708 1982 735 2011 ἰ
768 1973 999 2042 Stringet
1027 1989 1180 2039 super
1205 1990 1318 2027 eum
1346 1990 1531 2027 manus
1556 1990 1695 2027 suas.

265 2062 348 2116 37.
390 2062 465 2116 1η
511 2065 736 2116 aliorum
775 2079 925 2133 paena
956 2063 1078 2129 quid
1103 2064 1244 2116 nobis
1271 2063 1551 2115 timendum
1578 2064 1641 2114 sit
1668 2079 1791 2115 con-

199 2159 456 2225 spicimus.
500 2186 575 2197 —
621 2156 808 2210 Manus
852 2156 1047 2225 quippe
1086 2158 1352 2226 stringere
1392 2165 1477 2210 est
1520 2157 1641 2209 vitae
1682 2172 1793 2210 suae

201 2263 355 2317 opera
393 2248 448 2301 in
483 2246 816 2302 rectitudine
845 2247 1189 2301 confirmare.
1229 2246 1378 2301 Unde
1407 2248 1565 2300 etiam
1596 2245 1792 2301 Paulus

194 2341 261 2394 ait
287 2358 301 2393 :
334 2339 606 2392 ltemissas
637 2353 818 2392 manus
848 2346 896 2390 et
926 2338 1171 2390 dissoluta
1200 2354 1367 2407 genua
1394 2338 1572 2407 erigite
1601 2336 1789 2407 (Hebr.

196 2450 294 2499 xu,
335 2434 455 2503 12).
489 2433 625 2487 Dum
659 2432 839 2501 itaque
871 2433 1102 2486 alienum
1130 2434 1404 2487 interitum
1434 2434 1789 2500 conspiciunt,

194 2534 518 2580 revocantur
548 2524 613 2577 ad
642 2540 758 2587 cor,
790 2533 846 2577 ut
872 2525 1169 2593 recogiteut
1193 2541 1382 2592 suum;
1414 2536 1466 2579 et
1495 2526 1633 2579 unde
1654 2526 1791 2580 alius

195 2618 257 2671 ad
284 2625 556 2671 tormenta
582 2615 815 2682 ducitur,
842 2630 869 2668 a
903 2625 1171 2672 tormento
1198 2618 1332 2672 alius
1361 2618 1483 2670 inde
1512 2618 1786 2672 liberatur.

194 2706 413 2775 Stringit
442 2722 572 2777 ergo
602 2720 768 2774 super
796 2721 918 2760 eum
947 2721 1137 2760 manus
1166 2721 1323 2771 suas,
1355 2709 1477 2775 quia
1522 2708 1786 2775 conspicit

194 2798 242 2853 in
268 2800 443 2853 aliena
473 2814 633 2868 parua
656 2798 782 2868 quid
816 2799 1030 2865 timeat;
1054 2809 1106 2853 et
1130 2799 1254 2854 dum
1279 2800 1684 2870 delinquenlem
1713 2802 1789 2855 sic

194 2904 503 2961 percussum
548 2889 854 2959 conspicit,
901 2890 1159 2945 dissoluta
1207 2905 1302 2944 sua
1350 2905 1515 2960 opera
1562 2893 1789 2960 justitize

194 2988 371 3056 vigore
415 2986 761 3055 constringit.
807 2985 1007 3055 Sicque
1049 2985 1109 3039 ﬁt
1146 2994 1203 3039 ut
1242 2987 1331 3055 qui
1360 2987 1573 3054 iniquus
1602 2988 1789 3044 vivens

200 3081 391 3134 multos
440 3078 510 3132 ad
561 3079 774 3145 culpam
833 3086 1065 3132 traxerat
1122 3077 1485 3132 delectatione
1540 3079 1783 3147 peccati,

1822 1794 1872 1855 B

2161 434 2387 491 CAPUT
2424 433 2589 491 XXVI
2631 438 2773 510 (Yet.
2806 450 2854 495 et
2893 442 3016 497 Rea.
3056 440 3140 498 XI

1983 553 2111 605 CAP.
2149 569 2333 617 xxvnt,
2371 568 2524 607 VERS.
2549 555 2602 609 1.
2630 584 2699 595 —-
2732 553 2897 609 Habet
2920 567 3219 628 argentum,
3252 574 3496 614 venarum

1910 660 2123 696 suarum
2157 644 2410 723 principia
2442 660 2459 697 :
2492 652 2538 695 et
2565 661 2693 698 auro
2724 645 2866 698 locus
2891 656 2962 699 est
2992 648 3044 700 in
3072 664 3170 718 quo
3214 651 3491 720 conﬂatur.

1981 734 2089 787 59..
2124 734 2368 789 Hicretici
2398 735 2467 787 ad
2494 753 2668 790 sacras
2690 738 2902 805 paginas
2940 750 3261 812 veterumque
3290 752 3495 809 patrum

1909 824 2066 879 libros
2118 828 2451 896 provocandi.
2484 856 2553 868 -
2576 827 2629 881 In
2660 839 2881 899 argento
2923 830 3192 901 eloquium
3216 873 3229 897 ,
3264 832 3316 885 in
3360 848 3494 888 auro

1907 922 2030 973 vita:
2063 920 2147 974 vcl
2174 921 2451 988 sapientize
2501 921 2715 974 claritas
2764 920 3031 992 designari
3082 923 3240 977 solet.
3274 924 3335 977 Et
3366 925 3491 993 quia

1907 1010 2143 1066 haeretici
2172 1012 2249 1066 sic
2273 1011 2339 1065 de
2368 1012 2567 1081 eloquii
2602 1013 2683 1066 sui
2716 1013 2888 1067 nitore
2920 1013 3253 1080 superbiunt,
3288 1024 3345 1067 ut
3374 1014 3492 1067 nul-

1904 1099 1951 1154 la
1983 1116 2259 1155 sacrorum
2283 1101 2539 1156 librorum
2563 1102 2883 1157 auctoritate
2906 1104 3201 1157 solidentur
3222 1104 3336 1171 (qui
3367 1104 3488 1157 libri

1904 1193 1969 1246 ad
2014 1194 2336 1261 loquendum
2382 1194 2537 1249 nobis
2600 1197 2751 1265 quasi
2803 1195 3044 1265 quaedam
3093 1198 3295 1265 argenti
3337 1211 3487 1250 vente

1901 1296 2047 1354 sunt,
2079 1287 2200 1357 quia
2232 1288 2299 1341 de
2329 1288 2453 1357 ipsis
2485 1289 2772 1344 locutioais
2813 1299 3009 1343 nostra:
3041 1289 3295 1357 originem
3320 1288 3489 1343 trahi-

1902 1380 2064 1447 mus),
2108 1395 2203 1434 eos
2228 1380 2295 1435 ad
2339 1396 2505 1434 sacra:
2539 1381 2872 1434 auctoritatis
2909 1382 3127 1451 paginas
3157 1390 3394 1445 revocat,
3427 1386 3488 1435 ut

1901 1472 1945 1524 si
1971 1488 2095 1526 vere
2138 1474 2279 1541 loqui
2330 1472 2658 1539 desiderant,
2688 1473 2813 1526 inde
2846 1488 3057 1527 sumere
3098 1474 3329 1526 debeant
3356 1470 3486 1541 quid
3528 1506 3535 1513 κ

1902 1564 2202 1634 loquantur.
2238 1567 2306 1620 Et
2335 1566 2409 1620 ait
2441 1583 2457 1620 :
2489 1566 2655 1619 Habet
2682 1576 2973 1637 argentum,
3006 1583 3251 1619 venarum
3276 1582 3484 1620 suarum

1900 1659 2177 1726 principia.
2215 1660 2292 1712 Ac
2323 1660 2367 1712 si
2399 1670 2583 1725 aperte
2624 1660 2767 1712 dicat
2792 1677 2803 1711 :
2832 1658 2933 1726 Qui
2960 1658 3024 1712 ad
3051 1656 3190 1713 vera:
3223 1657 3483 1726 praedica-

1901 1750 2058 1805 tionis
2085 1753 2247 1805 verba
2292 1765 2351 1805 se
2398 1762 2681 1819 przrparat,
2728 1767 2951 1805 necesse
2992 1761 3076 1805 est
3104 1760 3163 1803 ut
3202 1766 3484 1803 causarum

1897 1842 2131 1911 origines
2162 1856 2189 1894 a
2221 1844 2388 1895 sacris
2420 1842 2628 1911 paginis
2678 1854 2877 1907 sumat,
2911 1852 2967 1896 ut
3017 1856 3179 1896 omne
3233 1841 3371 1906 quod
3409 1843 3487 1894 lo-

1896 1934 2079 2003 quitur
2101 1933 2166 1985 ad
2209 1934 2401 1986 divina:
2451 1933 2787 1987 uucmritatis
2817 1932 3222 1986 fundamentum
3252 1942 3485 2000 revocet,

1896 2034 2052 2094 atque
2080 2024 2133 2079 in
2163 2042 2227 2078 eo
2255 2025 2535 2078 mditicium
2568 2025 2851 2078 locutionis
2873 2037 2986 2076 sum
3014 2024 3211 2076 firmet.
3239 2022 3308 2075 Ut
3329 2023 3473 2076 enim

1895 2116 2266 2187 prmdiximus,
2307 2131 2450 2185 saepe
2475 2116 2711 2170 haeretici
2743 2117 2867 2169 dum
2888 2129 2983 2169 sua
3014 2113 3231 2167 student
3254 2129 3474 2182 perver-

1895 2224 1954 2264 sa
1991 2220 2248 2271 astruere.
2276 2224 2339 2261 ea
2380 2207 2654 2276 proferunt
2696 2223 2814 2277 qua:
2839 2208 3077 2276 profecto
3119 2206 3168 2260 in
3204 2222 3479 2262 sacrorum

1898 2303 2153 2357 librorum
2181 2304 2391 2371 paginis
2438 2318 2542 2355 non
2574 2311 2846 2355 tenentur.
2890 2300 3043 2355 Unde
3073 2310 3128 2355 et
3159 2300 3483 2369 discipulum

1894 2410 2047 2449 suum
2101 2394 2429 2464 praedicator
2452 2392 2697 2463 egregius
2729 2393 3001 2457 admonet,
3050 2393 3235 2447 dicens
3272 2410 3283 2446 :
3322 2391 3366 2444 0
3399 2390 3485 2446 Ti-

1894 2487 2112 2551 motltee,
2138 2488 2422 2555 depositum
2469 2485 2699 2549 custodi,
2755 2486 2983 2539 devitans
3031 2484 3276 2552 profanas
3304 2499 3484 2537 vocum

1893 2582 2138 2636 novitates
2163 2580 2224 2651 (Ι
2261 2579 2391 2633 Tim.
2425 2595 2498 2647 vi,
2530 2579 2659 2650 20);
2693 2578 2816 2648 quia
2842 2576 2968 2631 dum
2998 2576 3200 2630 laudari
3248 2575 3484 2631 haeretici

1897 2684 2151 2741 tanquam
2184 2673 2250 2727 de
2280 2673 2567 2728 excellenti
2612 2672 2825 2741 ingenio
2869 2671 3126 2738 cupiunt,
3164 2671 3312 2737 quasi
3345 2684 3484 2724 nova

1893 2768 2137 2839 quaedam
2164 2768 2462 2837 proferunt,
2487 2782 2605 2834 quze
2635 2767 2685 2820 iit
2713 2768 3052 2836 antiquorum
3093 2766 3308 2819 Patrum
3334 2765 3484 2819 libris

1892 2861 2159 2914 veteribus
2186 2876 2288 2913 non
2315 2871 2598 2924 tenentur;
2654 2858 2834 2925 sicque
2878 2858 2936 2910 fit
2969 2866 3024 2909 ut
3049 2857 3173 2910 dum
3205 2856 3370 2910 videri
3394 2862 3481 2909 sa-

1892 2953 2098 3020 pientes
2129 2952 2455 3015 desiderant,
2483 2949 2698 3004 miseris
2747 2949 2858 3003 suis
2886 2947 3216 3003 auditoribus
3239 2947 3483 3002 stultitia)

1894 3044 2098 3097 semina
2132 3051 2407 3112 Spargant.
2880 3050 2887 3059 ‘

197 3169 449 3239 quosdam
484 3166 723 3222 moriens
753 3183 783 3221 a
813 3167 968 3235 culpa
1007 3174 1223 3222 revocet,
1263 3178 1469 3223 [en-ore
1511 3170 1783 3223 ιοι-ιῃεηιί,
1815 3167 1864 3230 c
1964 3158 2054 3213 40.
2088 3156 2217 3211 Sola
2242 3155 2474 3209 Ecclesia
2501 3155 2751 3210 catholica
2774 3168 3025 3226 martyres
3051 3154 3221 3208 liabet.
3246 3185 3317 3195 —
3345 3154 3486 3211 Bene

199 3261 340 3327 Quod
372 3260 536 3315 etiam
571 3259 856 3328 provenire
902 3259 1059 3313 bonis
1103 3258 1391 3313 Psaltnista
1434 3268 1678 3325 testatur,
1710 3262 1790 3316 di-

199 3365 357 3405 cens:
396 3349 681 3404 La‘tabitur
700 3351 877 3421 justus
905 3366 1021 3403 cum
1062 3349 1243 3402 viderit
1285 3350 1565 3403 vindictam
1607 3352 1788 3422 impio-

196 3460 299 3495 rem
318 3486 331 3505 ,
360 3459 544 3496 manus
566 3458 690 3495 suas
716 3441 903 3495 lavabit
925 3440 978 3494 in
1003 3440 1250 3509 sanguine
1272 3450 1593 3507 peccatorum
1615 3439 1786 3512 (Psal.

201 3552 333 3601 Lvtt,
370 3535 431 3589 11
460 3536 501 3605 ).
537 3536 593 3591 1η
627 3544 970 3604 peccatorum
999 3533 1340 3588 morientium
1374 3533 1635 3602 sanguine
1659 3535 1790 3602 justi

205 3626 441 3679 lavantur
471 3641 700 3693 manus,
731 3625 859 3694 quia
889 3625 1014 3678 dum
1039 3638 1222 3677 eorum
1254 3639 1410 3693 ptena
1435 3625 1785 3694 conspicitur,

207 3717 576 3786 conspicientis
606 3717 713 3770 vita
739 3715 1048 3769 mundatur.
1080 3714 1334 3782 Sequitur
1367 3731 1378 3741 ’

760 3826 989 3883 CAPUT
1046 3826 1192 3881 XXV

263 3942 382 3999 IBID.
404 3972 477 3985 —-
504 3942 570 3996 Et
595 3940 819 3997 sibilabit
842 3959 995 4014 super
1017 3941 1202 4009 illum,
1227 3942 1427 3995 intuens
1451 3940 1617 3993 locum
1650 3955 1780 4010 ejus.

263 4036 345 4089 53.
375 4036 570 4105 Sicque
598 4051 630 4087 a
659 4044 866 4104 peccato
896 4034 1297 4105 compescimur.
1328 4060 1397 4072 -—
1426 4030 1566 4097 Quid
1613 4030 1663 4084 in
1706 4030 1782 4083 si-

212 4126 342 4192 bilo,
376 4131 477 4183 nisi
509 4129 736 4183 intentio
764 4127 1139 4183 admirationis
1166 4126 1529 4197 exprimitur?
1567 4126 1624 4179 Si
1660 4138 1784 4178 vero

208 4220 259 4275 in
288 4222 439 4276 sibilo
469 4224 575 4275 alia
608 4220 837 4276 fortasse
868 4218 1186 4290 significatio
1216 4226 1479 4289 quaaritur
1518 4215 1784 4270 moriente

206 4323 477 4381 peccatore
500 4354 516 4379 ,
549 4311 603 4365 lii
635 4314 725 4382 qui
759 4313 1029 4367 interitum
1060 4310 1179 4381 ejus
1207 4311 1510 4381 aspiciunt,
1540 4324 1601 4362 os
1626 4308 1681 4362 in
1713 4309 1785 4362 si-

201 4403 302 4459 bilo
325 4407 623 4475 stringunt,
649 4405 775 4459 dum
804 4404 869 4457 ad
898 4420 957 4459 ea
989 4418 1107 4473 qua:
1137 4409 1588 4471 contempserant
1615 4401 1780 4453 verba

202 4497 454 4565 spiritalia
487 4505 897 4561 convertuntur,
930 4507 988 4550 ut
1010 4495 1120 4565 jam
1152 4493 1375 4548 credere
1404 4501 1458 4546 et
1488 4490 1781 4561 praedicare

206 4588 452 4657 incipiant
479 4604 599 4657 qua:
629 4588 778 4658 prius
821 4587 946 4641 dum
993 4587 1230 4655 iniquum
1272 4585 1463 4638 ﬂorere
1501 4590 1787 4637 cernerent

204 4692 303 4731 non
347 4679 664 4733 credebant.
712 4677 843 4731 Nam
890 4677 948 4732 ﬁt
997 4679 1309 4744 plerumque
1353 4685 1409 4727 ut
1455 4674 1782 4728 infirmorum

205 4770 407 4824 animus
436 4785 503 4825 eo
532 4770 703 4838 magis
733 4768 760 4806 δ
792 4769 858 4823 de
888 4770 1074 4822 auditu
1106 4768 1352 4822 veritatis
1384 4766 1645 4834 trepidet,
1680 4781 1786 4834 quo

205 4860 387 4915 ﬂorere
411 4869 814 4930 contemptores
838 4860 1074 4915 veritatis
1120 4859 1287 4912 videt.
1331 4857 1435 4911 Sed
1479 4856 1605 4909 dum
1643 4857 1786 4925 justa

204 4955 325 5007 ultio
354 4956 579 5023 injustos
607 4955 909 5017 subtrahit,
946 4954 1080 5007 alios
1111 4968 1140 5005 a
1174 4961 1434 5020 pravntate
1463 4949 1782 5019 compescit.

208 5047 344 5104 Unde
376 5066 467 5118 per
496 5050 843 5104 Salomonem
870 5049 1065 5103 dicitur
1094 5063 1108 5102 :
1141 5044 1364 5099 Multato
1393 5046 1685 5116 pestilente,
1713 5061 1791 5098 sa-

204 5147 411 5209 pit’ﬂliOf
439 5150 533 5199 erit
563 5144 809 5213 parvulus
838 5142 1026 5213 (Prov.
1054 5157 1145 5197 xxt
1168 5184 1183 5209 ,
1211 5139 1322 5197 lli.
1360 5140 1450 5193 Vir
1480 5140 1638 5207 igitur
1665 5155 1787 5194 sau-

208 5247 315 5289 rtus
355 5249 630 5308 postquam
677 5246 952 5306 potentum
1006 5250 1193 5302 ptenas
1233 5233 1323 5302 qui
1367 5233 1696 5288 extolluntur
1734 5232 1787 5286 in

207 5334 389 5385 smcnlo
417 5332 751 5388 sufficienter
780 5331 1044 5400 explevit,
1080 5329 1241 5400 573
1274 5342 1459 5382 rursus
1507 5326 1573 5381 ad
1617 5326 1788 5379 hrere-

212 5428 421 5483 tuorum
476 5428 781 5498 superbiam
816 5468 832 5492 ,
888 5425 982 5496 qui
1036 5426 1365 5480 extolluntur
1422 5423 1474 5477 in
1528 5421 1782 5490 eloquio,

208 5522 353 5576 verba
380 5524 666 5578 convertit.
698 5520 831 5577 Nam
859 5520 1137 5589 sequitur:

273 5686 295 5715 ⁸
329 5680 492 5734 Laud.
523 5689 577 5734 et
608 5677 793 5733 Norm.
816 5717 831 5740 ,
861 5674 1090 5745 stringit.

272 5747 298 5789 δ
336 5751 556 5805 Vindoc.
580 5792 595 5813 ,
629 5751 690 5803 de
716 5750 939 5803 audacia
968 5746 1210 5801 veritatis.

276 5831 296 5861 ⁸
335 5822 540 5890 Germ,
586 5822 759 5881 Corb.‘
781 5818 988 5885 Germ.,
1040 5818 1249 5873 Gemct.
1274 5824 1327 5870 et
1356 5815 1444 5869 alii
1475 5813 1682 5881 Norm.,
1709 5830 1790 5868 re-

1894 3260 2071 3306 autem
2124 3250 2369 3305 subditur
2403 3268 2414 3303 :
2452 3249 2517 3302 Et
2544 3266 2672 3302 auro
2702 3251 2845 3303 locus
2876 3262 2945 3303 est
2976 3250 3029 3301 in
3073 3266 3175 3318 quo
3205 3252 3481 3319 conﬂatur.

1891 3341 1969 3397 Ac
1998 3344 2042 3396 si
2074 3350 2257 3412 aperte
2286 3342 2424 3396 dicat
2462 3358 2475 3394 :
2514 3341 2646 3395 Vera
2676 3341 2913 3395 fidelium
2940 3341 3222 3411 sapientia,
3249 3342 3336 3397 cui
3369 3343 3485 3396 uni-

1895 3434 2115 3488 versafis
2142 3434 2379 3487 Ecclesia
2404 3433 2551 3487 locus
2596 3441 2700 3496 est,
2752 3433 3152 3487 tribulationem
3181 3435 3331 3488 voLis
3361 3450 3482 3503 per-

1892 3527 2242 3597 sequentibus
2269 3528 2489 3595 patitnr,
2521 3524 2615 3578 sed
2641 3541 2666 3575 a
2697 3524 2905 3579 cunctis
2936 3534 3276 3593 peccatorum
3308 3525 3481 3580 sordi-

1891 3620 1991 3674 bus
2019 3620 2407 3687 persecutionis
2455 3626 2646 3672 vestra:
2684 3619 2807 3684 igne
2855 3626 3128 3686 purgatur.
3162 3617 3315 3673 Unde
3351 3619 3485 3673 scri-

1890 3723 2039 3783 ptum
2090 3722 2174 3767 Cal
2218 3728 2233 3767 :
2281 3710 2349 3765 In
2404 3714 2520 3781 igne
2579 3712 2824 3777 probatur
2872 3726 3055 3779 aurum
3106 3721 3152 3763 et
3190 3721 3481 3780 argentum,

1889 3810 2119 3863 homines
2174 3823 2289 3860 vero
2326 3817 2347 3844 ο
2398 3805 2717 3877 receptibilcs
2773 3806 2826 3858 in
2862 3806 3066 3858 camino
3118 3804 3483 3858 Itumitiationis

1891 3900 2158 3973 (Eccti.n,
2185 3900 2261 3969 5).
2281 3898 2459 3967 Quoin
2476 3898 2596 3952 loco
2621 3905 2795 3965 potest
2816 3898 2916 3951 hoc
2938 3897 3484 3966 quequeconvenien-

1889 4002 1972 4048 ter
2002 3994 2254 4062 intelligi,
2284 4000 2341 4046 ut
2382 3993 2449 4045 de
2476 4008 2570 4045 sua
2605 3990 2843 4046 haeretici
2876 3990 3139 4059 increpari
3168 3990 3326 4043 stulta
3362 4004 3485 4057 pas-

1889 4090 2043 4143 sione
2071 4087 2369 4142 videantur.
2408 4086 2539 4139 Nam
2581 4098 2725 4151 saape
2756 4100 2850 4153 pro
2877 4084 3003 4138 Jesu
3034 4082 3231 4139 Cbristi
3274 4083 3483 4138 Domini

1888 4196 1952 4236 ac
1965 4178 2321 4247 redemptoris
2336 4176 2506 4232 nostri
2524 4177 2740 4230 nomine
2762 4176 2926 4229 multa
2947 4175 3238 4242 patiuntur,
3258 4188 3483 4242 seseque

1883 4275 2090 4331 eisdem
2124 4272 2462 4343 passionibus
2489 4269 2604 4339 ejus
2636 4269 2748 4323 fieri
2781 4277 3044 4338 martyres
3076 4279 3319 4335 Speraut.
3347 4268 3479 4333 Qui-

1890 4369 1988 4423 bus
2030 4367 2203 4421 sancti
2248 4365 2345 4418 viri
2398 4378 2529 4417 voce
2558 4377 2698 4415 nunc
2724 4360 2919 4415 dicitur
2951 4375 2965 4413 :
2992 4360 3129 4411 Auro
3160 4356 3302 4412 locus
3330 4368 3400 4411 est
3431 4358 3483 4412 in

1891 4478 1993 4532 quo
2016 4462 2292 4529 conﬂatur.
2324 4456 2457 4511 Nam
2483 4455 2632 4526 juxta
2681 4455 2781 4508 hoc
2824 4454 2965 4521 quod
2986 4453 3092 4519 jam
3134 4460 3187 4505 et
3232 4459 3354 4504 ante
3386 4466 3482 4505 nos

1816 4547 1865 4607 Ι)
1891 4556 2090 4608 dictum
2116 4560 2199 4605 est
2222 4552 2287 4621 (Α
2315 4548 2499 4619 Cypr.,
2535 4550 2598 4601 de
2625 4548 2821 4600 unitate
2866 4545 3039 4610 Eccl.,
3074 4556 3121 4598 et
3147 4542 3316 4614 alibi),
3340 4547 3485 4614 quis-

1893 4649 2014 4719 quis
2061 4655 2214 4701 extra
2265 4644 2523 4698 unitatem
2580 4641 2837 4695 Ecclesiae
2876 4648 3093 4707 patitur,
3148 4654 3332 4707 ptBliaS
3378 4638 3483 4706 pati

1892 4750 2087 4810 potest,
2119 4746 2321 4807 martyr
2342 4736 2456 4789 fieri
2491 4748 2594 4787 non
2624 4739 2814 4801 potest,
2850 4731 2971 4795 quia
2995 4745 3123 4783 auro
3146 4729 3294 4782 locus
3323 4740 3403 4782 e51
3431 4727 3483 4781 in

1892 4848 2001 4902 quo
2036 4830 2321 4885 conflatur.
2353 4826 2495 4893 Quid
2525 4827 2702 4894 itaque
2720 4822 2784 4875 ad
2812 4822 2945 4886 lucc,
2979 4820 3237 4885 lttcretici,
3273 4819 3484 4875 dicitis?

1890 4924 2125 4981 Conﬂari
2159 4938 2252 4992 per
2283 4921 2628 4975 afflictionetn
2671 4916 2870 4980 carnis,
2899 4914 2978 4967 vel
3010 4914 3169 4967 etiam
3208 4928 3303 4982 per
3336 4930 3482 4967 niar~

1897 5019 2090 5089 tyrium
2123 5016 2302 5079 vultis,
2342 5013 2434 5069 sed
2470 5002 2644 5067 locum
2698 5012 2748 5063 itt
2802 5024 2907 5076 quo
2957 5007 3200 5061 debeatis
3261 5005 3483 5060 conflari

1895 5111 2136 5165 nescitis.
2164 5108 2356 5162 Audite
2370 5106 2495 5176 quid
2521 5102 2690 5159 sancti
2716 5102 3082 5172 praedicatoris
3108 5115 3238 5183 voce
3257 5098 3480 5152 dicitur:

1894 5207 2038 5261 Auro
2062 5207 2202 5258 locus
2230 5215 2303 5258 est
2336 5203 2387 5256 in
2411 5217 2510 5267 quo
2533 5200 2808 5268 conﬂatur.
2864 5196 3015 5251 llunc
3054 5209 3183 5264 ergo
3204 5194 3484 5248 ceullatio-

1891 5297 1976 5353 nis
2004 5300 2175 5352 locum
2214 5294 2458 5363 quaer-ite.
2486 5292 2622 5346 lianc
2654 5292 2947 5352 fornacem,
2980 5303 3083 5356 qua
3124 5300 3310 5339 aurum
3356 5292 3480 5351 apte

1892 5392 2108 5464 purgari
2138 5391 2311 5444 valeat
2339 5388 2599 5443 invenite.

1962 5505 2055 5560 Μ.
2086 5501 2352 5572 Quidquid
2414 5508 2561 5554 extra
2609 5495 2895 5553 Ecclesium
2946 5493 3210 5555 toleratur,
3265 5489 3480 5557 cruciat,

1898 5662 2190 5788 ceptobtrilles.
2218 5661 2283 5715 Et
2326 5658 2538 5730 quidem
2587 5656 2811 5710 dicimus
2856 5648 3211 5719 acceptabites,
3248 5664 3354 5705 non
3383 5663 3482 5704 ac-

1899 5745 2027 5788 ceott
2064 5751 2078 5787 t
2103 5750 2177 5788 es.

1899 5745 2177 5808 cepttbttes.
