4104 6350
565 264 636 322 59
1450 274 1453 277 ‘
1512 314 1517 317 _
1626 310 1631 315 ,
1809 249 2055 307 SANCTI
2096 246 2425 306 GREGORII
2467 247 2681 309 HAGNI
2892 286 2895 303 ς
3778 245 3849 303 θο

562 394 666 434 non
689 386 896 450 purgat.
919 405 987 419 -—
1018 374 1138 439 [ina
1163 379 1247 429 est
1278 366 1601 431 Ecclesia°iu
1620 378 1723 435 qua
1750 373 1773 401 α
1804 364 1892 434 qui
1927 361 2145 417 conllari
2175 361 2229 422 Α
2255 358 2354 415 Et:
2388 358 2506 414 Νἰεὲ
2542 360 2769 414 conversi
2795 358 3017 426 fueritis,
3045 366 3096 413 et
3125 357 3413 427 aﬁciumiui
3449 359 3577 413 sicut
3623 362 3844 430 paruuli,

562 469 791 525 valuerit
814 469 882 522 ab
902 470 1046 522 omni
1076 466 1237 522 etiam
1262 461 1457 534 poterit
1480 468 1819 529 peccatorum
1848 455 2006 510 sorde
2027 468 2152 523 pur-

565 552 701 633 gari.
723 560 777 616 Si
812 561 936 630 quid
981 576 1075 629 pro
1120 559 1230 613 Deo
1260 536 1657 623 agitinritudinis,
1690 553 1731 605 si
1766 549 1891 620 quid
1927 546 2150 603 tribula-

564 641 725 710 tionis
757 640 905 710 citra
941 654 1077 708 hanc
1134 650 1290 722 posrti
1340 649 1639 717 sustinetis,
1690 645 1897 701 incendi
1928 640 2153 710 potestis

564 747 954 810 tantummodo,
984 762 1087 801 non
1112 743 1346 816 purgari.
1379 742 1528 797 Dicat
1548 740 1827 800 .leremias.
1853 737 1997 791 dicat
2021 749 2154 805 quo-

565 845 726 901 modo
768 841 1109 899 conﬂationis
1140 848 1331 894 vestrze
1387 836 1522 905 ignis
1561 832 1705 889 omni
1739 832 1932 886 virtute
1962 828 2029 884 sit
2062 844 2153 880 va-

562 952 697 993 cuus
726 954 739 989 :
774 934 993 989 Frustra
1021 933 1258 1001 conﬂavit
1282 932 1554 998 con/lator,
1585 927 1797 981 malitia:
1818 924 1951 981 enim
1977 937 2153 976 eorum

563 1047 668 1085 non
697 1038 814 1083 sunt
858 1034 1171 1095 consumpta:
1216 1021 1431 1095 (Jerem.
1464 1036 1541 1087 vt,
1573 1019 1688 1091 29).
1726 1018 1863 1073 Ecce
1895 1015 2030 1086 ignis
2060 1029 2153 1069 ex-

565 1122 731 1178 terius
773 1120 1042 1183 conﬂans,
1085 1127 1138 1173 et
1167 1119 1313 1171 dura:
1345 1114 1608 1183 passionis
1635 1112 1883 1165 admm'et
1913 1121 2149 1177 pugnam,

566 1205 729 1287 5⁵14.
748 1223 803 1268 et
835 1222 1008 1266 tamen
1041 1209 1245 1265 erroris
1276 1224 1378 1262 non
1412 1207 1662 1276 excoquit
1690 1204 1924 1273 culpam,
1957 1209 2010 1253 et
2039 1209 2151 1252 tor-

563 1315 743 1363 menta
773 1303 1069 1359 crudelium
1093 1303 1499 1371 datpaenarum,
1526 1310 1575 1353 et
1602 1298 1861 1353 bonorum
1892 1309 1995 1348 non
2020 1291 2149 1347 facit

563 1399 890 1457 incrementa
918 1398 1254 1451 meritorum.
1287 1395 1452 1463 llujus
1474 1393 1631 1447 etiam
1657 1392 1993 1446 conﬂationis
2016 1387 2153 1458 ignis

562 1493 654 1560 qui
680 1499 827 1546 extra
858 1489 1175 1545 catholicam
1206 1490 1459 1544 toleratur
1484 1484 1802 1545 Ecclesiam,
1836 1488 1995 1553 quam
2023 1479 2146 1534 nul-

562 1580 916 1637 lius'omnino
950 1578 1166 1633 virtutis
1198 1579 1289 1645 sit,
1335 1576 1528 1631 Paulus
1564 1574 1848 1643 Apostolus
1897 1571 2149 1639 insinuat,

563 1672 748 1728 dicens
780 1692 791 1726 :
831 1673 891 1729 Si
915 1673 1177 1727 tradidero
1207 1687 1392 1740 corpus
1416 1685 1580 1723 meum
1608 1666 1634 1705 ι’
1665 1677 1718 1720 ut
1750 1665 1949 1727 ardeat,
1979 1663 2151 1716 chari-

2256 469 2357 506 non
2406 453 2662 506 intrabitis
2687 453 2739 506 in
2789 467 3005 521 regnum
3046 449 3290 505 calorum
3322 449 3537 517 (Matth.
3582 452 3737 514 xvut‘.
3766 453 3845 523 3).

2255 544 2409 619 [Περ.
2445 543 2493 597 Χ
2509 542 2599 614 γ.]
2624 543 2755 610 Quia
2799 557 2927 609 ergo
2957 556 3063 596 non
3097 541 3197 597 nisi
3230 543 3281 595 in
3310 541 3576 597 catholica
3604 544 3844 601 Ecclesia

2254 638 2366 694 veri
2409 648 2677 707 martyres
2701 637 2858 699 liunt,
2889 635 3087 689 dicitur
3126 646 3273 691 recte
3302 650 3314 685 :
3346 635 3493 693 Auro
3520 634 3660 689 locus
3690 645 3763 691 est
3793 639 3846 691 in

2256 752 2359 806 quo
2389 737 2667 807 conflatur,
2697 734 2820 803 quia
2851 747 2957 787 non
3009 732 3267 791 clarescet
3323 731 3496 785 anima
3540 733 3592 786 in
3644 734 3853 804 fulgore

2258 838 2476 885 eterna:
2506 825 2938 896 pulchritudinis,
2985 824 3108 890 nisi,
3144 833 3201 879 ut
3240 824 3310 877 ita
3354 823 3552 892 dicam,
3584 826 3730 895 prius
3760 827 3853 881 hic

2255 922 2452 977 arserit
2476 920 2527 973 in
2556 920 2767 974 officina
2790 917 3089 973 charitatis.

2326 1017 2415 1072 45.
2462 1017 2598 1070 Deus
2642 1018 2775 1071 alios
2821 1016 2985 1069 salvat
3015 1034 3105 1086 per
3150 1017 3517 1082 innocentiam,
3570 1018 3705 1072 alios
3763 1036 3857 1087 per

2257 1114 2629 1185 paenitentiam.
2657 1142 2726 1152 —-
2769 1110 3106 1166 Pensandnm
3163 1120 3418 1178 praeterea
3469 1119 3553 1166 est
3590 1113 3730 1181 quod
3764 1127 3859 1165 oc-

2260 1209 2406 1262 culto
2452 1206 2677 1262 consilio
2727 1205 3065 1271 omnipotens
3111 1205 3249 1259 Deus
3307 1204 3563 1275 quosdam
3610 1206 3676 1259 ab
3724 1205 3859 1274 ipsis

2254 1302 2489 1359 exordiis
2520 1302 2630 1354 suis
2659 1301 2974 1354 innocentes
3024 1298 3354 1361 custodiens,
3398 1312 3568 1367 usque
3596 1307 3618 1335 ο
3652 1297 3719 1351 ad
3752 1298 3858 1350 vir-

2256 1404 2427 1450 tutum
2460 1393 2706 1462 provehit
2737 1407 2966 1455 summa,
3006 1405 3061 1446 nt
3091 1400 3249 1445 :etate
3282 1402 3575 1459 crescente,
3617 1392 3774 1445 simul
3800 1393 3856 1445 in

2255 1489 2334 1544 eis
2382 1487 2625 1557 proficiat
2671 1495 2725 1541 et
2766 1501 3026 1539 annorum
3085 1487 3477 1550 numerositas,
3513 1495 3566 1540 et
3594 1486 3859 1540 celsitudo

2258 1582 2591 1635 meritorum.
2620 1578 2765 1633 Alios
2795 1593 2923 1630 vero
2951 1578 3002 1631 in
3034 1576 3268 1632 exordiis
3292 1578 3401 1631 suis
3426 1578 3702 1643 deserens,
3736 1595 3859 1633 sea-

2260 1673 2582 1727 turientibus
2632 1671 2774 1727 vitiis
2814 1671 2892 1725 ire
2925 1685 3018 1740 per
3049 1671 3269 1739 abrupta
3304 1670 3578 1739 permittit.
3611 1668 3861 1725 Plerum-

566 1777 719 1845 tatem
749 1776 917 1821 autem
943 1783 1043 1819 non
1077 1765 1311 1829 habeam,
1367 1761 1497 1815 nihil
1546 1760 1672 1812 mihi
1718 1757 1923 1828 prodest
1954 1754 2000 1825 (Ι
2037 1754 2155 1809 Cor.
2191 1746 2240 1807 Β
2265 1780 2370 1836 que
2411 1775 2587 1818 tamen
2618 1764 2778 1818 etiam
2810 1779 2902 1817 eos
2947 1764 3184 1829 respicit,
3233 1772 3287 1818 et
3331 1764 3395 1817 ad
3438 1764 3766 1831 sequendum
3798 1780 3860 1820 se

566 1873 683 1935 xtl,
709 1858 788 1926 3).
808 1858 823 1931 [
844 1859 949 1912 Vet.
974 1856 1125 1930 XV.]
1153 1854 1253 1911 Alii
1279 1855 1474 1925 quippe
1498 1868 1654 1919 prava
1684 1851 1749 1904 de
1772 1851 1876 1903 Dea
1898 1848 2155 1913 sentiunt;

566 1952 657 2007 alii
689 1962 830 2007 recta
872 1951 937 2006 de
966 1959 1184 2004 auctore
1213 1956 1429 2012 tenent;
1473 1946 1567 1999 sed
1616 1943 1872 1998 unitatem
1902 1958 2024 1995 cttm
2055 1942 2160 1995 fra-

567 2042 738 2097 tribus
769 2057 872 2096 non
924 2052 1125 2096 tenent.
1157 2039 1230 2094 Illi
1250 2054 1437 2094 errore
1468 2036 1613 2100 lidei,
1639 2035 1725 2089 isti
1749 2034 2157 2088 veroschismao

571 2136 638 2189 tis
672 2133 1063 2202 perpetratione
1089 2130 1240 2185 divisi
1274 2140 1418 2183 sunt.
1453 2128 1602 2185 Unde
1651 2134 1703 2180 et
1755 2128 1806 2179 in
1833 2127 1942 2194 ipsa
1989 2123 2159 2191 prima

569 2235 718 2296 parte
741 2223 975 2293 decalogi
990 2234 1336 2291 utrarumque
1355 2221 1583 2288 partium
1597 2218 1763 2287 culpae
1780 2216 2161 2284 reprimuntur,

571 2334 694 2375 cum
745 2318 920 2371 divina
965 2332 1095 2372 voce
1135 2315 1327 2369 dicitur
1363 2332 1375 2366 :
1433 2313 1626 2382 Diliges
1678 2309 1953 2363 Dominum
1997 2308 2162 2362 Deum

574 2420 715 2465 tuum
742 2426 805 2465 ea:
829 2420 932 2464 toto
960 2411 1114 2464 corde
1133 2420 1239 2478 tuo,
1266 2418 1310 2463 et
1340 2424 1404 2461 ex
1434 2417 1542 2460 tota
1558 2406 1729 2459 anima
1763 2416 1871 2467 tua,
1896 2412 1942 2456 et
1973 2418 2034 2456 ea:
2056 2410 2161 2454 tota

572 2486 756 2557 uirtute
778 2511 864 2556 tua
893 2501 1071 2572 (Deut.
1102 2498 1268 2570 v1.5).
1299 2501 1472 2567 Atque
1499 2514 1621 2551 mox
1652 2496 1897 2551 subditur
1923 2511 1935 2549 :
1968 2494 2161 2566 Diliges

572 2596 864 2668 proximum
899 2607 1045 2648 tuum
1074 2595 1203 2648 sicut
1232 2595 1469 2660 teipsum.
1505 2592 1605 2657 Qui
1632 2591 1773 2645 enim
1807 2588 1873 2643 de
1907 2588 2015 2641 Den
2040 2602 2161 2655 per-

571 2704 724 2743 versa
766 2689 950 2755 sentit,
1003 2689 1165 2757 liquet
1220 2686 1461 2757 profecto
1486 2683 1610 2759 quia
1642 2683 1806 2735 Deum
1839 2697 1942 2735 non
1969 2678 2161 2749 diligit.

572 2783 672 2852 Qui
705 2798 828 2838 vero
860 2781 926 2836 de
965 2782 1075 2837 Deo
1124 2790 1264 2835 reeta
1314 2779 1548 2833 sentiens
1602 2793 1629 2828 a
1661 2785 1863 2831 sancta:
1896 2774 2151 2829 Ecclesia:

506 2952 509 2955 _
581 2879 789 2933 unitate
843 2876 1046 2931 divisus
1103 2884 1217 2941 est,
1272 2881 1482 2927 constat
1531 2871 1654 2941 quia
1700 2870 2001 2941 proximum
2057 2884 2164 2923 non

573 2982 738 3034 amat,
764 2984 917 3039 quem
944 2967 1143 3022 habere
1173 2968 1375 3021 socium
1407 2972 1640 3019 recusat.

648 3062 736 3115 49..
755 3060 888 3126 Quia
914 3060 1054 3114 deest
1080 3060 1305 3112 Charitas
1332 3070 1435 3111 tam
1449 3059 1787 3112 schismnticis
1817 3074 1969 3128 quam
1997 3056 2160 3111 luere-

2264 1860 2436 1914 sancti
2473 1859 2671 1912 amoris
2730 1858 2850 1926 igne
2908 1857 3207 1921 succendit,
3244 1866 3401 1924 atque
3438 1857 3652 1912 inolitas
3683 1858 3734 1911 in
3762 1873 3861 1913 en-

2264 1966 2381 2004 rum
2422 1950 2676 2004 cordibus
2699 1948 3000 2018 prurigiues
3032 1948 3285 2003 vitiorum
3319 1951 3480 2003 vertit
3511 1953 3563 2003 in
3595 1951 3857 2006 fervorem

2264 2044 2541 2103 virtutum,
2569 2051 2621 2095 et
2652 2058 2717 2094 eo
2758 2042 2967 2107 magnis
3012 2042 3293 2108 ignescunt
3323 2042 3387 2095 ad
3420 2043 3745 2097 desiderium
3772 2059 3864 2097 re-

2265 2135 2540 2205 quirenda:
2571 2134 2786 2199 pietatis
2812 2135 2925 2199 Dei,
2950 2150 3059 2201 qua
3087 2134 3254 2201 magis
3285 2135 3607 2190 erubescunt
3648 2152 3861 2191 memo-

2264 2226 2397 2281 riam
2444 2225 2741 2295 iniquitatis
2770 2241 2898 2292 suae,
2934 2226 3073 2279 sicut
3095 2242 3237 2294 smpt‘
3266 2227 3486 2289 contigit
3508 2238 3562 2280 ut
3588 2229 3639 2282 in
3667 2244 3861 2299 pugnas

2266 2318 2563 2373 certamine
2587 2320 2738 2373 nii'es
2760 2327 2882 2371 ante
2904 2318 3053 2372 ducis
3091 2318 3172 2372 sui
3200 2317 3362 2391 575
3390 2322 3576 2373 oculos
3604 2323 3864 2375 constitu-

2268 2416 2374 2472 tus,
2425 2409 2605 2463 hostili
2653 2410 2837 2463 virtuti
2882 2410 3109 2475 turpiter
3135 2410 3310 2475 cedat,
3349 2419 3399 2464 et
3424 2410 3695 2465 etievviter
3725 2427 3865 2480 prte-

2267 2501 2399 2557 beus
2459 2511 2602 2569 terga
2658 2501 3045 2569 feriatur:qui
3098 2508 3276 2555 tamen
3332 2499 3434 2553 bne
3494 2501 3663 2570 ipsum
3720 2503 3861 2568 quod

2272 2596 2293 2637 ί
2315 2600 2541 2668 turpiter
2559 2598 2723 2667 gessit
2747 2595 3096 2658 erubescens,
3115 2604 3238 2650 ante
3260 2596 3411 2648 ducis
3436 2594 3517 2650 sui
3535 2596 3719 2649 oculos
3745 2610 3862 2649 nia-

2265 2692 2412 2761 jores
2440 2707 2505 2747 ex
2538 2693 2650 2759 ipsa
2678 2689 3001 2746 verecundia
3034 2690 3175 2744 vires
3200 2690 3379 2755 sumit,
3398 2698 3423 2735 κ
3456 2699 3712 2758 tantoque
3740 2701 3864 2761 post

2271 2784 2426 2839 lnrtia
2454 2793 2687 2847 exercet,
2723 2794 2977 2851 quantum
3004 2792 3057 2837 et
3084 2792 3401 2849 praesentem
3429 2783 3653 2851 gloriam
3696 2786 3864 2839 virtu-

2269 2878 2339 2933 tis
2379 2889 2633 2946 peragat,
2680 2886 2735 2932 et
2762 2874 2791 2914 ιι
2823 2877 3148 2941 pra-teritam
3182 2875 3525 2947 ignominiam
3569 2876 3864 2931 debilitatis

2276 2980 2439 3041 tegat.
2474 2970 2567 3025 Sic
2614 2984 2742 3039 ergo
2773 2985 3151 3031 nonnunquam
3201 2966 3413 3035 quidam
3444 2967 3494 3020 in
3528 2967 3618 3022 Dei
3647 2969 3866 3023 servitio

2278 3062 2296 3102 ί
2323 3079 2386 3117 ex
2420 3070 2662 3116 anteacta
2688 3062 2863 3115 acrius
2886 3060 3161 3114 debilitate
3182 3060 3523 3123 roborantur,
3568 3074 3769 3115 ens-nte
3797 3060 3865 3115 ad

575 3158 707 3216 ticis.
736 3188 807 3198 —
834 3156 1087 3226 Quisquis
1115 3170 1243 3225 ergo
1273 3153 1341 3209 ab
1372 3154 1469 3207 bac
1520 3154 1724 3207 unitate
1768 3153 1949 3206 matris
1978 3151 2161 3205 Eecle-
2192 3136 2239 3208 ἶ]
2268 3156 2616 3214 custodienda
2649 3155 2893 3209 mandata
2921 3162 2973 3208 et
3001 3153 3299 3207 futurorum
3332 3151 3494 3205 trahit
3515 3151 3862 3217 desiderium,

578 3252 694 3313 size,
726 3247 839 3302 sive
870 3264 963 3317 per
1007 3249 1250 3301 haeresim
1290 3246 1357 3301 de
1412 3246 1517 3299 Deo
1569 3260 1814 3314 perversa
1850 3243 2155 3309 sentiendo,

580 3356 677 3398 seu
708 3354 894 3395 errore
924 3338 1223 3392 sebismatis
1254 3337 1557 3409 proximum
1589 3351 1697 3390 non
1725 3334 1997 3406 diligendo
2033 3335 2169 3390 divi-

580 3436 737 3499 ditur,
764 3433 1037 3487 cltaritatis
1083 3430 1239 3501 hujus
1281 3431 1447 3501 gratia
1500 3432 1755 3500 privatur,
1810 3432 1877 3483 de
1936 3444 2035 3498 qua
2068 3429 2169 3484 hoc

578 3528 721 3601 quod
771 3526 1128 3598 praemisimus
1178 3525 1370 3578 Paulus
1417 3525 1532 3578 ait:
1582 3524 1645 3579 Si
1678 3524 1939 3577 tradidrro
1988 3540 2171 3594 corpus

580 3637 745 3674 meum
779 3627 831 3673 ut
852 3618 1082 3685 ardeam,
1115 3618 1421 3671 charitatent
1446 3628 1618 3671 autem
1646 3633 1747 3670 non
1775 3616 2011 3685 habeam,
2038 3617 2170 3671 nihil

579 3710 708 3767 mihi
734 3712 940 3782 prodest
966 3708 1020 3781 ('I
1050 3708 1169 3763 Cor.
1206 3723 1322 3775 xm,
1347 3708 1426 3779 5).
1484 3712 1557 3762 Ac
1586 3711 1628 3762 si
1657 3721 1837 3778 aperta
1863 3725 1991 3764 voce
2021 3711 2169 3764 dice-

580 3815 663 3863 ret
694 3806 897 3860 :‘Extra
932 3805 1104 3858 locum
1133 3819 1290 3859 suum
1322 3802 1661 3858 conﬂationis
1692 3804 1820 3857 mibi
1853 3804 1989 3874 ignis
2018 3805 2174 3859 adbi-

582 3898 725 3953 bitus
759 3908 1026 3952 tormento
1059 3913 1143 3951 me
1172 3900 1407 3962 cruciat,
1444 3896 1789 3951 mundatione
1822 3914 1925 3951 non
1962 3911 2170 3967 purgat.

582 3991 736 4047 llunc
795 4005 983 4047 omnes
1022 4001 1220 4045 sancta:
1265 3992 1407 4057 pacis
1440 3999 1708 4045 amatores
1759 4007 1968 4064 summo
1999 3992 2176 4045 studio

584 4086 759 4141 locum
815 4094 1097 4154 quaerunt,
1150 4086 1292 4139 hunc
1336 4093 1636 4155 quaerentes
1685 4085 1995 4151 inveniunt,
2034 4085 2176 4141 hunc

584 4176 917 4235 Invenientes
956 4184 1154 4242 tenent,
1180 4176 1409 4230 scientes
1434 4184 1774 4244 peccatorum
1810 4177 2054 4230 remissio
2088 4178 2172 4231 vel

586 4272 697 4335 ubi,
749 4271 829 4326 vel
861 4269 1107 4341 quando,
1142 4269 1225 4323 vel
1269 4270 1518 4339 qualibus
1562 4270 1737 4324 detur.
1799 4270 1896 4325 Ubi
1954 4272 2173 4343 quippe,

588 4373 613 4403 ο
645 4364 746 4419 nisi
779 4363 831 4417 in
851 4362 1123 4416 catholica:
1149 4364 1333 4417 matris
1363 4360 1771 4429 sinu?Quando,
1792 4361 2029 4419 nisiante
2052 4381 2179 4419 ven-

588 4461 691 4512 turi
734 4458 910 4512 exitus
939 4455 1115 4512 diem?
1139 4457 1294 4523 Quia,
1326 4472 1438 4510 ecce
1466 4467 1815 4529 nunctempus
1845 4460 2176 4527 acceptabile,

586 4565 703 4606 ecre
743 4567 877 4603 nunc
923 4549 1029 4603 dies
1066 4520 1249 4604 salutis
1290 4547 1379 4619 (ΙΙ
1418 4548 1537 4604 Cor.
1567 4565 1639 4616 Vt,
1672 4520 1753 4617 2i.
1790 4552 1857 4604 Et
1897 4569 1909 4604 :
1955 4520 2180 4617 Quazrite
2207 4520 2260 4587 θ

591 4641 862 4695 Dominum
889 4641 1012 4695 dum
1042 4641 1254 4695 inveniri
1295 4650 1477 4713 potest,
1508 4642 1741 4695 invocate
1758 4658 1873 4696 eum
1903 4644 2024 4698 dum
2053 4660 2178 4714 pro-

589 4750 652 4804 pe
680 4745 753 4788 est
786 4731 939 4804 (Isai.
983 4748 1068 4799 LV,
1100 4730 1177 4803 6).
1208 4733 1485 4801 Qualibus,
1535 4734 1635 4787 nisi
1668 4734 1963 4800 conversis,
1996 4741 2081 4805 qui
2111 4737 2176 4789 ad

590 4828 933 4896 parvulorum
982 4828 1373 4895 imitationeml,
1405 4837 1656 4897 magistra
1690 4826 1987 4884 lunnilitale
2017 4831 2044 4866 ά
2071 4829 2183 4882 for-

590 4921 838 4977 mantur?
877 4920 1080 4988 Quibus
1110 4920 1303 4974 dicitur
1338 4937 1352 4974 :
1403 4921 1567 4976 Sinite
1616 4922 1853 4993 paruulos
1890 4923 2060 4976 venire
2110 4923 2179 4975 ad

590 5031 700 5080 me;
734 5015 910 5091 talium
934 5015 1068 5067 enim
1087 5024 1159 5068 est
1188 5030 1397 5085 regnum
1422 5016 1665 5070 caelorum
1691 5016 1904 5085 (Matth.
1941 5017 2181 5086 x1x,li).

663 5143 687 5168 ἰ
734 5132 893 5195 Editi,
914 5132 1001 5202 qui
1024 5134 1239 5203 conﬂari
1260 5134 1491 5189 voluerit.
1516 5135 1570 5189 In
1598 5136 1721 5190 Mss.
1748 5135 1956 5202 Germ.,
1980 5135 2175 5199 Land.,

590 5204 749 5259 Corb.
814 5203 995 5257 Germ.
1048 5218 1097 5259 et
1154 5205 1292 5271 aliis,
1348 5217 1652 5260 constanter
1701 5208 1890 5273 legitur
1943 5206 2178 5259 ualuerit.

589 5275 1051 5347 Quemadmodum
1091 5291 1271 5343 supra,
1295 5289 1410 5347 apte
1438 5278 1646 5347 purgari
1675 5279 1861 5329 valent.

663 5346 689 5385 δ
734 5347 810 5400 Ita
837 5344 1045 5411 Gerun,
1093 5344 1359 5411 Laudun.,
1392 5344 1550 5402 Cnrbi
1592 5345 1797 5409 Germ.,
1847 5346 2028 5400 Norm.
2063 5346 2190 5418 alii-1

592 5431 699 5485 que
734 5418 978 5489 MssLbic
1006 5430 1056 5471 et
1074 5419 1327 5488 deinceps
1350 5437 1363 5489 ;
1388 5418 1525 5473 Editi
1558 5434 1709 5484 vero,
1733 5419 1961 5470 arttwm.

669 5497 690 5524 ε
734 5486 806 5540 Ita
854 5484 1063 5549 Gerun,
1115 5484 1355 5557 suum,
1417 5489 1691 5547 Landun..
1747 5490 1907 5542 (ἴατι).
1971 5487 2177 5553 Germ,

594 5557 807 5628 Nora},
845 5567 972 5619 etc..
1012 5561 1099 5614 ubi
1125 5560 1264 5615 Edit.
1296 5561 1511 5628 habent,
1541 5561 1594 5613 in
1618 5558 1861 5613 Ecclesia:
1876 5562 2073 5614 matris.

668 5627 695 5664 ά
715 5626 989 5693 Laudun.,
1021 5631 1311 5698 ﬁrmantur.

672 5707 697 5736 ⁸
738 5700 896 5754 ϐου-1).
930 5699 1145 5767 Gerun,
1172 5704 1463 5768 Bellovac.,
1513 5703 1718 5765 Germ,
1765 5701 2013 5766 Vimine,
2042 5701 2184 5757 Lau-

599 5773 758 5829 dun..
791 5768 1001 5828 Gemet.
1036 5782 1091 5829 et
1118 5774 1206 5828 alii
1249 5773 1461 5841 Nortn.,
1500 5775 1566 5827 ad
1598 5776 1839 5828 virtutum
1867 5789 2087 5844 summa,
2111 5775 2187 5831 vel

2271 3259 2327 3305 et
2359 3250 2587 3317 impellit
2617 3248 2873 3303 memoria
2905 3245 3323 3315 praeteritorum,
3356 3253 3413 3298 ut
3437 3245 3556 3297 biue
3588 3245 3651 3297 ad
3677 3254 3869 3298 ventu-

2271 3360 2328 3400 ra
2363 3359 2517 3398 amor
2543 3350 2818 3408 provoCet,
2854 3340 3003 3394 illinc
3025 3339 3092 3395 de
3123 3338 3411 3410 prmteritis
3435 3338 3752 3391 verecundia
3778 3338 3864 3391 in-

2271 3437 2449 3505 stiget.
2484 3434 2631 3509 [Vet.
2667 3431 2853 3506 XVI.]
2884 3434 3028 3501 Quos
3069 3442 3247 3487 tamen
3297 3433 3582 3487 adversarii
3618 3432 3871 3486 Ecclesia:

2274 3531 2398 3585 dum
2433 3528 2658 3584 summis
2703 3527 2955 3595 pra-dites
3001 3528 3290 3581 virtutibus
3319 3526 3572 3587 viderint.
3604 3526 3789 3595 eisque
3814 3526 3869 3579 in

2276 3624 2525 3696 praesenti
2555 3624 2659 3677 vita
2703 3623 2845 3677 unde
2896 3622 3157 3691 derogent
3212 3621 3339 3689 quia
3388 3620 3625 3673 invenire
3667 3633 3873 3687 nequa-

2276 3734 2436 3788 quatn
2471 3725 2717 3786 possunt,
2738 3730 2994 3769 accusare
3028 3713 3146 3768 illos
3166 3714 3233 3767 de
3251 3714 3532 3783 prmlcritis
3554 3712 3870 3776 moliuntur,

2277 3814 2416 3867 sicut
2447 3813 2664 3882 Moysen
2693 3819 2936 3866 nostrum
2964 3809 3288 3864 Manichacus
3314 3808 3540 3876 impetit,
3574 3806 3624 3858 in
3655 3823 3760 3877 quo
3784 3820 3874 3861 se-

2279 3904 2554 3971 quentium
2580 3902 2836 3957 virtutum
2861 3903 3105 3972 gratiam,
3132 3901 3385 3954 transacti
3416 3898 3685 3953 homicidii
3708 3914 3873 3954 cona-

2282 4006 2371 4050 tur
2396 3996 2553 4062 cnlpa
2582 3995 2807 4051 lmdare.
2840 3996 2894 4049 In
2944 4010 3053 4064 quo
3105 4009 3212 4047 non
3261 3992 3488 4047 attendit
3528 3990 3869 4060 postmodum

2280 4105 2442 4160 quam
2474 4089 2680 4159 patiens
2723 4089 2787 4142 ad
2826 4086 3227 4152 sustinendum,
3254 4086 3348 4141 sed
3374 4086 3519 4155 prius
3542 4098 3700 4152 quam
3732 4096 3872 4152 prat-

2206 4234 2213 4239 .
2281 4198 2411 4252 ceps
2458 4183 2523 4236 ad
2569 4182 2868 4237 feriendum
2900 4180 3082 4235 fuerit.
3111 4178 3330 4234 Talibus
3376 4191 3507 4245 ergo
3554 4173 3875 4229 adversariis

2282 4277 2470 4331 beatus
2494 4275 2595 4329 .Iub
2621 4273 2970 4329 subtilis-siina
2992 4270 3423 4326 consideratione
3449 4268 3696 4331 olivians,
3729 4273 3875 4335 post—

2282 4384 2438 4439 quam
2472 4368 2605 4421 dixit
2631 4384 2645 4421 :
2678 4365 2848 4420 Habet
2877 4373 3148 4434 argentum
3176 4378 3419 4416 venerum
3441 4375 3651 4414 suarum
3683 4356 3875 4426 princi-

2283 4464 2391 4534 pia,
2419 4470 2467 4516 et
2493 4477 2626 4515 aura
2657 4460 2799 4512 locus
2828 4470 2903 4511 est
2933 4458 2985 4509 in
3010 4473 3114 4526 qua
3141 4458 3416 4527 conﬂatur.
3446 4452 3823 4523 apteisubdidit
3856 4466 3871 4505 :

2654 4551 2883 4606 CAPUT
2921 4550 3115 4605 xxvn
3148 4550 3294 4623 (nec.
3322 4546 3503 4619 XVI].

2364 4647 2523 4700 Vens.
2554 4644 2687 4698 2.-
2714 4642 2935 4697 Ferrum
2962 4643 3026 4695 de
3053 4653 3190 4696 terra
3218 4641 3440 4695 tollitur.

2353 4736 2442 4792 Ην.
2473 4736 2592 4791 Non
2640 4749 2714 4789 est
2761 4734 3062 4787 intuendum
3101 4735 3224 4803 quid
3277 4749 3366 4801 per
3392 4749 3445 4787 se
3485 4731 3589 4784 sint
3634 4727 3875 4783 Ecclesic

2284 4832 2536 4891 doctores,
2571 4829 2658 4881 sed
2685 4828 2808 4893 quid
2834 4842 2924 4897 per
2945 4827 3167 4899 gratiam
3188 4826 3536 4879 evaserint.-—
3560 4823 3746 4876 Solent
3762 4820 3875 4873 bre-

2286 4923 2437 4977 retici
2479 4921 2545 4973 de
2570 4920 2794 4990 jnstitia:
2833 4933 2945 4973 sua:
2993 4928 3180 4972 contra
3210 4933 3309 4971 nos
3356 4916 3591 4971 elatione
3637 4911 3874 4983 gloriari,

2293 5024 2453 5084 atque
2480 5027 2641 5083 opera
2682 5029 2774 5066 sua
2805 5010 3181 5067 ostentationis
3202 5010 3477 5065 inﬂatione
3502 5008 3725 5076 jactare,
3756 5018 3875 5058 nos-

2287 5137 2353 5185 ad
2374 5136 2611 5187 virtutum
2653 5149 2923 5187 summam.
2957 5133 3013 5187 In
3054 5131 3304 5186 omnibus
3345 5141 3518 5183 tamen
3543 5126 3712 5182 Editis
3742 5123 3876 5195 legi-

2291 5215 2377 5259 tur
2402 5206 2644 5257 rirtntnm
2666 5208 2885 5258 culmen.

2366 5275 2383 5315 τ
2428 5277 2501 5331 ιω
2529 5291 2720 5333 Omnes
2764 5276 2887 5331 Mss.
2937 5275 3127 5336 nostri.
3181 5285 3372 5345 pra'ter
3403 5274 3587 5329 Germ.
3635 5281 3687 5323 et
3714 5269 3875 5345 Curb.

2293 5346 2505 5415 Gerun,
2538 5350 2585 5401 in
2620 5349 2809 5414 quibus
2853 5354 2905 5400 ιιι
2937 5348 2985 5401 in
3023 5351 3044 5397 1·
3064 5342 3192 5401 ditis
3219 5344 3427 5416 legitur.
3463 5346 3675 5413 turpiter
3706 5342 3869 5391 cessit.

2365 5428 2389 5466 Β
2420 5418 2630 5478 Germ”
2655 5418 2865 5473 Hiroic.
2892 5428 2941 5474 et
2975 5419 3061 5471 alii
3090 5420 3297 5481 Nortn.,
3332 5427 3441 5469 tant
3466 5432 3574 5479 'qne
3598 5424 3707 5482 post
3759 5416 3865 5479 {or-

2291 5492 2451 5561 tin....
2485 5492 2689 5561 quantis
2712 5504 2753 5543 et
2779 5493 3042 5557 pra‘scntis
3064 5489 3283 5561 gloriam
3317 5489 3517 5561 virtutis
3541 5493 3782 5561 peragat.

2366 5559 2391 5597 ¹ι
2434 5552 2593 5615 Cdrb.
2642 5552 2856 5625 Gerun,
2895 5573 2943 5617 et
2989 5552 3265 5629 prietert'tw
3315 5552 3671 5632 ignominiam
3700 5552 3877 5605 debili-

2293 5642 2433 5687 tatis.

2354 5703 2387 5830 bi
2437 5703 2685 5830 Viiplvc"
2719 5720 2782 5759 ea
2807 5713 3035 5759 anteacta
3054 5707 3417 5775 praeteritaque
3437 5694 3878 5757 debilitatuch

2386 5791 2511 5830 oran
2537 5790 2617 5829 ur.

2293 5785 2617 5831 roborantur.
