4104 6350
253 303 321 365 61
1085 310 1444 367 MORALIUM
1487 307 1617 365 LIB.
1661 307 1846 362 XVIII.
1880 333 1948 347 -
1977 306 2205 369 CAPUT
2243 307 2457 377 XXVIII
2501 312 2560 368 Β.
2601 312 2741 369 JOR.
3472 319 3543 374 (i9.

251 438 363 493 qua
394 422 630 493 iniquos.
655 433 714 480 ut
741 424 994 494 diximus,
1041 438 1133 482 aut
1160 443 1301 488 esse.
1330 439 1419 483 aut
1452 429 1617 485 fuisse
1663 426 1842 482 crimi-
1871 424 1924 485 Α
1948 422 2100 492 dum,
2131 441 2238 497 quo
2267 428 2434 498 iniqui
2460 444 2581 485 esse
2611 431 2897 498 desistant.
2912 432 3066 489 Unde
3089 432 3167 488 eis
3189 448 3284 503 per
3311 437 3541 505 Aposto-

250 526 472 571 nentur.
503 516 603 569 Per
632 517 982 573 humillimam
1011 535 1140 589 ergo
1167 521 1580 583 confessionem,
1604 530 1671 574 let
1697 535 1850 575 vera-

248 621 372 663 cem
418 607 789 671 defensionem
844 621 1027 667 contra
1075 627 1173 667 eus
1210 612 1290 667 vir
1336 623 1552 668 sanctus
1590 612 1845 681 loquitur.

247 701 446 757 dicens
479 718 497 756 :
523 700 747 757 Ferrum
774 703 837 757 de
854 712 993 759 terra
1021 706 1242 761 tollitur.
1268 706 1346 760 Ac
1371 706 1415 760 si
1441 716 1627 775 aperte
1656 706 1798 762 dicat
1829 722 1844 761 :

246 793 448 852 Fortes
489 794 612 859 viri,
642 798 732 863 qui
760 797 1084 853 acutissimis
1113 798 1412 868 linguarum
1439 799 1635 870 gladiis
1665 799 1720 853 in
1749 798 1849 854 hac

249 886 375 941 acie
415 886 768 947 defendendae
812 887 937 947 tidi-i
968 888 1165 944 ferrum
1190 888 1346 955 ﬁunt,
1393 891 1678 959 aliquando
1704 901 1846 951 terra

248 978 311 1031 in
346 978 546 1031 inlimis
567 978 869 1033 actionibus
887 978 1123 1035 fuerunt.
1150 981 1396 1036 Peccanti
1424 983 1621 1050 quippe
1644 982 1848 1038 homini

245 1070 458 1125 dictum
479 1081 562 1124 est
587 1087 600 1123 :
638 1069 795 1125 Terra
821 1088 895 1138 es,
920 1081 967 1127 et
993 1074 1047 1124 in
1075 1084 1265 1129 terram
1283 1074 1378 1130 ibis
1399 1073 1608 1145 (Cenes.
1634 1075 1846 1141 111,19).

245 1164 360 1220 Sed
381 1165 452 1220 de
484 1174 625 1220 terra
658 1165 854 1220 ferrum
884 1166 1087 1222 tollitur
1115 1169 1276 1240 (Dist.
1300 1185 1354 1233 ι..
1379 1187 1425 1224 c.
1445 1172 1556 1240 i8),
1582 1187 1702 1226 cum
1735 1171 1848 1226 ior-

247 1254 325 1311 tis
345 1267 713 1327 propugnator
732 1256 987 1312 Ecclesia:
1015 1276 1042 1312 a
1077 1270 1287 1317 terrena
1305 1278 1463 1329 quam
1497 1264 1643 1333 prius
1673 1266 1849 1320 tenuit

244 1347 468 1400 actione
487 1357 792 1415 separatur.
823 1346 936 1427 Non
960 1365 1089 1421 ergo
1122 1351 1262 1408 ineo
1289 1353 1452 1407 debet
1472 1354 1671 1422 deSpici
1693 1356 1849 1425 quid-

242 1438 380 1507 quid
414 1439 538 1506 fuit,
562 1442 648 1506 qui
671 1440 781 1510 jam
809 1441 972 1510 cmpit
1000 1457 1122 1497 esse
1163 1445 1305 1512 quod
1352 1460 1458 1499 non
1486 1445 1602 1501 l‘uit.
1626 1450 1706 1501 An
1739 1463 1845 1502 non

240 1531 536 1589 Mattbaans
566 1533 619 1589 in
662 1545 802 1589 terra
831 1535 1081 1592 inventus
1100 1545 1206 1602 est,
1238 1538 1329 1607 qui
1361 1538 1589 1593 terrenis
1618 1540 1847 1609 neg0tiis

240 1624 558 1689 implicatus
589 1635 617 1665 ιι
651 1627 832 1681 telonii
866 1628 1052 1682 usibus
1070 1628 1339 1683 serviebat
1374 1630 1594 1696 (Matth.
1624 1646 1701 1697 ix,
1745 1630 1845 1702 9)?

240 1714 354 1773 Sed
376 1717 449 1773 de
479 1726 624 1772 terra
652 1716 680 1755 δ
709 1718 968 1787 sublatus,
1004 1719 1059 1775 in
1097 1720 1463 1776 fortitudinem
1496 1722 1625 1776 ferri
1649 1738 1846 1777 conva-

1951 516 2056 569 lum
2087 517 2279 574 dicitur
2299 538 2311 572 :
2332 519 2506 575 Eratis
2521 521 2801 592 aliquando
2826 523 3066 590 tenebrat,
3097 542 3233 581 nunc
3258 536 3426 583 autem
3448 528 3542 586 lus

1950 607 2004 661 in
2026 605 2274 664 Domino.
2304 611 2454 667 Sicut
2474 613 2594 668 aliis
2621 629 2833 685 quoque
2853 618 3131 689 discipulis
3160 619 3329 674 isdem
3351 620 3541 685 doctor

1948 703 2191 771 egregius
2248 704 2417 759 dicit:
2450 703 2587 761 Nox,
2608 709 2887 775 prtrcessit,
2923 710 3031 764 dies
3060 719 3232 765 autem
3259 714 3543 783 appropin-

1946 796 2138 863 quatﬁt.
2171 795 2485 863 Abjiciamus
2513 814 2632 869 ergo
2662 816 2816 868 opera
2846 803 3189 868 tenebrarum,
3223 814 3246 841 ο
3277 815 3325 858 et
3354 807 3540 861 indua-

1948 900 2063 939 mus
2090 902 2181 942 nos
2209 904 2354 941 arma
2385 890 2541 954 lucis;
2570 892 2702 944 sicut
2732 893 2783 944 in
2816 894 2899 945 die
2952 894 3157 949 honeste
3199 895 3538 952 ambulemus.

1951 978 2163 1049 (Epiros.
2210 997 2263 1047 ν,
2295 982 2358 1046 8;
2395 980 2543 1035 Rom.
2578 999 2693 1047 xm,
2727 982 2839 1053 1'2).
2895 984 3046 1040 Unde
3095 996 3149 1041 et
3197 987 3249 1041 in
3306 985 3541 1045 Canticis

1948 1068 2278 1139 canticorum
2317 1067 2335 1106 τ
2368 1071 2603 1125 Ecclesia
2628 1073 2878 1128 veniente
2908 1073 3141 1129 dicitur:
3178 1077 3307 1143 Qui:
3334 1088 3409 1133 est
3441 1081 3541 1147 ista

1947 1176 2063 1230 quae
2083 1162 2409 1232 progreditur
2430 1165 2579 1231 quasi
2600 1180 2789 1218 aurora
2821 1181 3133 1237 consurgens
3151 1168 3325 1236 (Cant.
3351 1185 3426 1231 γι,
3448 1170 3539 1241 9)?

1947 1258 2086 1323 Apte
2116 1257 2258 1308 enim
2306 1256 2545 1313 Ecclesia
2586 1272 2797 1311 aurorte
2843 1270 3151 1327 comparata
3190 1262 3533 1331 describitur,

1952 1356 1978 1395 s
2018 1362 2136 1417 qua!
2183 1363 2275 1416 per
2304 1348 2661 1418 cognitionem
2709 1350 2832 1403 lidei
2877 1366 2905 1403 a
2940 1362 3279 1420 peccatorum
3319 1370 3536 1409 suorum

1950 1442 2187 1497 tenebris
2217 1444 2267 1496 in
2310 1444 2454 1498 clara
2502 1444 2621 1499 luce
2647 1444 2871 1515 iustitia:
2900 1455 3277 1511 commutatur.
3320 1447 3540 1518 Tempus

1947 1550 2069 1607 ergo
2098 1538 2265 1604 posuit
2290 1539 2524 1602 tenebris,
2558 1549 2604 1592 et
2634 1540 2985 1594 universorum
3017 1540 3172 1607 ﬁnem
3217 1540 3329 1605 ipse
3367 1543 3539 1595 consi-

1949 1628 2114 1683 derat.
2150 1628 2531 1689 Universorum
2579 1630 2815 1700 nomine,
2864 1641 2918 1686 et
2945 1633 3144 1688 electos
3172 1634 3339 1688 voluit
3367 1645 3418 1687 et
3450 1650 3537 1697 ree

1949 1719 2150 1787 probos
2191 1720 2596 1787 comprehendi.
2629 1721 2756 1775 Nam
2804 1722 2941 1783 bona
2974 1724 3174 1778 faciens
3201 1734 3252 1777 et
3284 1723 3539 1779 ordinans

240 1806 369 1874 luit,
397 1809 556 1879 cujus
592 1809 839 1866 videlicet
882 1811 1058 1881 lingua
1108 1814 1262 1883 quasi
1306 1813 1619 1868 acutissimo
1660 1815 1840 1885 gladio
1871 1816 1920 1879 Β
1950 1810 2109 1876 Deus,
2138 1811 2277 1866 mala
2308 1826 2437 1865 vero
2460 1828 2565 1865 non
2599 1811 2821 1877 iaciens,
2850 1812 2943 1866 sed
2987 1814 3055 1866 ab
3087 1813 3281 1880 iniquis
3306 1813 3443 1869 facta
3471 1829 3538 1869 ne

245 1900 525 1971 Evangelii
556 1901 1025 1961 administratione
1056 1907 1314 1960 Dominus
1344 1906 1637 1962 inﬁdelium
1679 1906 1843 1963 corda

251 1996 568 2061 transﬁxit;
600 2012 657 2053 et
689 1998 779 2067 qui
809 1998 1053 2054 inﬁrmus
1077 1999 1227 2069 prius
1250 1999 1643 2071 despectusqoe
1672 2002 1843 2056 luerat

242 2101 348 2156 per
383 2096 596 2143 terrena
632 2090 867 2158 negotia,
894 2091 1048 2145 fortis
1075 2092 1417 2159 postmodum
1448 2094 1622 2149 lactus
1663 2104 1745 2148 est
1774 2093 1842 2149 ad

240 2178 496 2234 cmicstia
525 2180 958 2249 prmdicamenta.
987 2182 1139 2238 Unde
1166 2185 1341 2239 adhuc
1377 2185 1718 2256 subiungitur
1750 2203 1765 2240 :

589 2295 817 2352 CAPUT
858 2297 1072 2354 XXVIII
1113 2300 1260 2373 (Nec.
1292 2300 1510 2374 XVII].

317 2387 445 2443 luto.
488 2417 557 2430 —
578 2389 641 2443 Et
666 2392 795 2460 lapis
822 2390 1019 2446 solutus
1042 2394 1232 2459 calore,
1254 2395 1304 2448 in
1329 2412 1400 2450 ws
1437 2395 1667 2451 vertitur.

317 2478 407 2534 45.
437 2479 636 2536 Gratiae
664 2483 926 2552 infusione
954 2501 1040 2539 cor
1068 2488 1328 2541 emollitur
1372 2489 1440 2541 ad
1494 2505 1741 2551 amorem,
1792 2501 1841 2545 et

234 2573 518 2628 roboratur
547 2576 617 2627 ad
644 2578 1012 2645 operationem.
1036 2609 1102 2620 —
1131 2578 1280 2634 Tunc
1309 2580 1443 2650 lapis
1465 2583 1647 2637 calore
1674 2582 1837 2638 solvi-

233 2675 353 2731 tur,
384 2681 506 2723 cum
531 2684 625 2722 cor
654 2669 845 2722 durum
874 2680 1035 2741 atque
1065 2686 1095 2726 a
1117 2672 1282 2727 divini
1306 2676 1507 2729 amoris
1538 2677 1659 2745 igne
1690 2676 1834 2749 frigi-

235 2760 374 2815 dum
409 2762 601 2816 eodem
625 2761 791 2817 divini
815 2766 1019 2819 amoris
1048 2766 1172 2834 igne
1201 2768 1520 2836 langitur,et
1552 2768 1605 2823 in
1630 2770 1838 2826 fervore

239 2854 476 2922 Spiritus
506 2854 762 2924 liquatur,
803 2865 858 2911 ut
885 2856 950 2910 ad
992 2867 1306 2926 sequentem
1332 2860 1492 2913 vitam
1540 2860 1836 2917 desiderio-

234 2963 359 3004 rum
413 2958 548 3002 aestu
594 2949 818 3013 ardeat,
877 2965 1038 3018 quam
1069 2951 1217 3019 prius
1262 2952 1835 3019 audiensinsensibilis

234 3040 516 3097 manebat.
551 3040 695 3113 (Yet.
729 3039 950 3115 XVII.]
986 3042 1067 3096 Ex
1111 3058 1215 3110 quo
1261 3044 1455 3101 ardore
1506 3045 1745 3112 scilicet,
1778 3055 1834 3102 et

234 3131 521 3187 emollitur
551 3132 617 3185 ad
640 3147 914 3197 amorem,
954 3143 1007 3189 et
1040 3134 1322 3189 roboratur
1345 3136 1411 3191 ad
1443 3138 1830 3203 operationem,

232 3237 293 3280 nt
320 3227 466 3281 sicut
512 3226 659 3294 prius
690 3226 855 3280 durus
890 3228 1065 3282 iuerat
1114 3228 1167 3283 in
1197 3244 1384 3283 amore
1410 3228 1619 3299 saeculi,
1672 3231 1744 3286 ita
1773 3245 1835 3288 se

231 3320 582 3390 postmodum
629 3319 820 3375 fortem
851 3328 1045 3376 exerat
1074 3321 1126 3375 in
1159 3336 1398 3378 amorem
1447 3322 1577 3388 Dei;
1607 3333 1661 3378 et
1689 3326 1828 3392 quod

229 3423 361 3468 ante
389 3413 576 3467 audire
626 3396 925 3479 reuuebat,
948 3416 1056 3483 jam
1100 3425 1153 3470 et
1194 3417 1421 3471 credere
1450 3425 1505 3471 et
1537 3419 1832 3487 praedicare

230 3503 478 3576 incipiat.
516 3505 674 3574 Lapis
707 3524 827 3575 ergo
856 3517 1054 3561 sotutus
1084 3507 1274 3573 calore,
1319 3507 1482 3579 576
1512 3510 1565 3561 in
1589 3524 1658 3563 tes
1680 3510 1831 3563 verti-

232 3605 337 3664 tur,
374 3597 498 3665 quia
528 3598 659 3651 dura
707 3613 859 3653 meus
903 3602 1119 3667 superni
1155 3600 1353 3654 amoris
1398 3600 1517 3668 igne
1550 3600 1831 3669 liquefacta

235 3687 296 3740 ad
322 3702 510 3743 veram
542 3688 910 3743 fortitudinem
938 3699 1320 3752 commutatur,
1347 3698 1402 3741 ut
1433 3699 1703 3757 peccator,
1733 3690 1828 3761 qui

234 3779 385 3847 prius
411 3777 742 3834 insensibilis
772 3779 1074 3845 exstiterat,
1103 3780 1441 3849 postmodum
1462 3790 1519 3837 et
1542 3798 1633 3851 per
1647 3793 1830 3838 aucto-

232 3867 448 3923 ritatem
490 3869 641 3924 fortis
681 3880 735 3924 et
788 3886 885 3941 per
936 3872 1369 3941 praedicationem
1410 3884 1431 3911 ο
1459 3889 1684 3929 sonorus
1717 3875 1827 3931 ﬁat.

237 3962 392 4029 Quod
417 3961 555 4017 bene
593 3980 687 4031 per
722 3964 909 4018 Isai:~m
939 3965 1132 4019 dicitur
1168 3983 1180 4018 :
1210 3966 1312 4033 Qui
1338 3967 1608 4035 conﬁdunt
1637 3969 1687 4023 in
1720 3968 1827 4023 Do-

230 4058 393 4125 mino,
416 4063 682 4112 mutabunt
709 4059 1070 4128 fortitudinem
1117 4059 1275 4131 (lsai.
1322 4076 1412 4131 ιι,
1445 4061 1561 4132 51).
1588 4061 1826 4125 Fortitu-

231 4150 416 4219 dinem
443 4158 736 4216 mutamus,
759 4167 881 4207 cum
913 4154 1159 4208 conversi
1197 4162 1341 4208 tanta
1374 4155 1568 4209 virtute
1593 4172 1828 4224 praisens

230 4244 489 4309 saeculum
563 4243 795 4315 fugimus
840 4256 1034 4314 quanta
1089 4246 1191 4301 hoc
1257 4255 1382 4301 ante
1431 4248 1825 4318 quaerebamus.

229 4335 258 4378 ἀ
274 4341 413 4407 Quia
433 4348 608 4394 autem
641 4340 781 4394 male
805 4338 873 4399 ab
890 4340 1211 4395 adversariis
1240 4341 1629 4405 catholicorum
1663 4342 1827 4396 mori-

230 4428 331 4485 bus
357 4439 483 4486 ante
506 4440 623 4484 acta
655 4430 761 4485 vita
793 4438 1087 4498 reputatur,
1130 4440 1275 4489 recte
1304 4430 1553 4486 subditur
1586 4446 1601 4484 :

795 4523 1018 4591 carm
1057 4522 1253 4589 xxix.

1949 1904 2253 1961 inordinate
2273 1903 2300 1941 ιι
2339 1906 2590 1961 eveniant
2612 1906 2728 1973 ipse
2756 1905 3069 1976 disponens,
3094 1907 3399 1963 considerat
3420 1908 3539 1962 uni-

1948 2011 2223 2050 versorum
2278 1998 2472 2062 linem,
2514 2005 2570 2051 et
2599 1997 2863 2064 patienter
2906 1996 3100 2051 tolerat
3141 1997 3355 2064 omnia,
3380 2008 3538 2066 atque

1946 2085 2187 2141 intuetur
2215 2087 2508 2140 electorum
2533 2086 2818 2140 terminum
2838 2126 2852 2149 ,
2884 2085 3023 2154 quod
3069 2102 3130 2139 ex
3164 2072 3306 2165 malo
3329 2090 3536 2142 muteno

1946 2188 2032 2235 tur
2086 2180 2150 2234 ad
2199 2180 2424 2235 bonum.
2471 2178 2712 2235 lntuetur
2751 2179 2910 2233 etiam
2953 2179 3306 2246 reproborum
3351 2180 3529 2244 finem,

1942 2274 2085 2345 quod
2122 2275 2192 2329 do
2222 2276 2365 2329 malo
2394 2289 2557 2343 opere
2590 2274 2601 2310 ί
2638 2274 2860 2344 dignum
2888 2289 2949 2329 se
2981 2274 3266 2326 trahantur
3298 2272 3362 2325 ad
3405 2289 3535 2341 sup-

1944 2368 2187 2437 plicium.
2220 2366 2361 2419 Vidit
2387 2365 2544 2420 linem
2570 2366 2940 2434 persequentis
2962 2365 3131 2429 Sauli,
3167 2382 3271 2433 quo
3295 2374 3534 2432 prostra-

1944 2469 2026 2514 tus
2060 2460 2263 2514 diceret
2291 2476 2304 2512 :
2336 2458 2573 2523 Domine,
2604 2460 2616 2507 ἱ
2653 2457 2775 2527 quid
2803 2474 2880 2511 me
2907 2458 2982 2512 vis
2998 2461 3165 2528 fecere
3189 2456 3415 2531 (Act.tx,
3438 2456 3535 2525 6)?

1942 2548 2089 2607 Vidit
2123 2552 2279 2606 ﬁnem
2321 2550 2471 2619 quasi
2510 2551 2857 2622 obsequentis
2905 2550 3187 2618 discipuli,
3240 2552 3380 2621 quod
3435 2568 3532 2623 pro

1941 2647 2232 2701 commisso
2283 2645 2488 2700 scelere
2541 2652 2724 2715 guttur
2766 2642 2957 2713 laqueo
3015 2645 3326 2712 Strinueret,
3365 2660 3532 2713 seque

1940 2747 1997 2794 et
2027 2748 2337 2807 peccmtem
2384 2738 2618 2805 puniret,
2666 2746 2715 2791 et
2746 2736 2985 2794 deterius
3018 2738 3290 2807 puniendo
3319 2738 3533 2808 decipe-

1940 2838 2052 2887 ret.
2083 2829 2227 2883 Vidit
2268 2829 2530 2884 Ninivitas
2574 2828 2973 2900 delinquentes,
3033 2830 3125 2885 sed
3172 2832 3532 2887 consideravit

1939 2922 2099 2977 finem
2126 2920 2548 2991 delinquentium
2578 2919 2601 2956 κ
2639 2922 3002 2990 ptenitentiam
3026 2932 3413 2979 curret-torum.
3439 2923 3531 2979 Vi-

1939 3017 2021 3072 dit
2042 3031 2256 3086 quoque
2284 3016 2571 3070 Sodomam
2599 3016 3023 3085 dellnquentctn,
3049 3019 3140 3071 sed
3168 3018 3528 3081 consideravit

1941 3108 2100 3162 linem
2133 3106 2342 3161 ardoris
2374 3106 2624 3172 luxuriae,
2656 3107 2831 3177 ignem
2861 3106 3139 3178 gehennae.
3171 3108 3312 3163 Vidit
3346 3112 3523 3181 genti-

1865 3201 1913 3267 ο
1943 3198 2104 3253 litatis
2153 3198 2336 3262 tinem,
2384 3195 2524 3266 quod
2569 3212 2819 3267 possessa
2874 3199 3209 3267 iniquitatum
3269 3200 3525 3270 tenebris,

1939 3292 2259 3360 quandoque
2284 3288 2409 3343 Iidei
2447 3289 2564 3343 luce
2584 3290 2926 3344 claros-reret.
2951 3288 3096 3351 Vidit
3126 3291 3283 3346 etiam
3323 3292 3527 3349 Iudaea:

1941 3385 2250 3451 terminum,
2282 3383 2423 3453 quod
2453 3384 2521 3437 ab
2551 3399 2614 3438 ea
2644 3385 2757 3438 luce
2780 3386 2901 3451 lidei
2921 3400 3077 3454 quam
3114 3388 3325 3441 tenebat
3354 3389 3526 3441 obdu-

1938 3488 2067 3532 ratae
2108 3477 2342 3545 perﬁdiae
2374 3491 2430 3531 se
2460 3476 2694 3531 tenebris
2736 3489 2985 3533 cmcaret.
3020 3478 3171 3534 Unde
3189 3480 3365 3535 adhuc
3394 3495 3524 3537 con-

1937 3585 2067 3640 grue
2095 3570 2374 3624 subditur:

2291 3682 2519 3737 CAPUT
2560 3682 2701 3738 xxx
2739 3683 2883 3755 [ηερ.
2912 3682 3164 3756 XVIII].

2010 3777 2144 3832 Isto.
2192 3776 2357 3831 Vens.
2374 3774 2428 3830 4.
2461 3806 2531 3816 -—-
2554 3776 2797 3841 Lapidem
2846 3795 3045 3847 quoque
3074 3779 3309 3849 caliginis
3339 3788 3385 3835 et
3405 3796 3523 3837 unt-

1937 3874 2080 3927 bram
2102 3871 2279 3925 mortis
2301 3872 2481 3925 diuidit
2503 3880 2699 3924 torrens
2720 3888 2752 3925 a
2783 3871 2973 3939 papulo
2996 3872 3367 3941 peregrinante.

2010 3964 2095 4017 ι7.
2128 3961 2328 4019 Probas
2354 3974 2400 4016 et
2431 3961 2594 4017 malos
2637 3964 2770 4034 ignis
2817 3964 2871 4016 in
2919 3974 3141 4019 extremo
3162 3966 3362 4036 judicio
3388 3966 3520 4022 (ἦνιν

1934 4057 2039 4111 det.
2069 4086 2140 4096 —
2176 4054 2191 4094 ¹
2238 4054 2374 4122 Quid
2396 4054 2676 4111 durusrille
2697 4055 2916 4125 perlidia
2936 4055 3237 4113 Judaeorum
3270 4060 3518 4127 populus,

1934 4149 2025 4218 qui
2045 4157 2319 4202 auctorem
2344 4157 2466 4201 vitae
2496 4163 2590 4216 per
2617 4147 2774 4203 [idem
2806 4148 2990 4205 videre
3020 4151 3211 4212 noluit,
3236 4165 3399 4220 quem
3426 4167 3520 4219 per

1934 4239 2268 4311 prophetiam
2313 4239 2577 4309 prmdisit,
2620 4241 2719 4295 nisi
2750 4242 2886 4309 lapis
2934 4244 3179 4311 catigiuis
3228 4243 3361 4297 fuit?
3394 4245 3519 4313 quia

1932 4345 1986 4390 et
2014 4334 2328 4389 crudelitate
2377 4334 2544 4393 durus
2597 4334 2835 4398 exstitit,
2868 4343 2921 4389 ct
2952 4334 3262 4391 inﬁdelitate
3292 4336 3518 4391 nebulo-

1931 4442 2043 4483 sus.
2077 4427 2177 4494 Qui
2219 4426 2326 4481 alio
2354 4442 2566 4495 quoque
2591 4426 2849 4481 vocabulo
2874 4428 3060 4485 umbra
3094 4431 3278 4483 mortis
3298 4429 3516 4487 dii-itur.

1934 4519 2133 4576 Umbra
2183 4520 2380 4588 quippe
2428 4519 2548 4573 talis
2576 4518 2919 4587 exprimitur,
2967 4520 3141 4588 qualia
3182 4519 3298 4590 ejus
3327 4521 3427 4587 rei,
3449 4521 3517 4578 de

305 4614 466 4670 Vens.
494 4613 548 4670 5.
584 4643 649 4655 -
677 4614 897 4684 Tempus
929 4616 1097 4686 posuit
1124 4615 1344 4669 tenebris
1400 4625 1446 4669 et
1476 4616 1825 4675 universorum
1852 4596 1908 4660 Β
1932 4630 2036 4684 qua
2071 4612 2326 4675 trahitur,
2358 4611 2554 4666 fuerint
2587 4612 2929 4665 lineamenta.
2963 4611 3092 4679 Quis
3117 4620 3293 4667 autem
3327 4613 3519 4670 mortis

229 4705 379 4773 fortem
408 4707 517 4774 ipse
539 4705 852 4760 considerat.

252 4796 390 4863 _46.
419 4794 557 4851 Deus
581 4799 855 4850 electorum
900 4806 951 4851 et
997 4799 1329 4864 reproborum
1372 4797 1525 4865 ﬁnem
1575 4798 1821 4857 intuetur.

229 4887 373 4957 Bona
397 4890 522 4961 facit
546 4900 594 4945 et
621 4891 862 4955 ordinat;
892 4888 1031 4949 mala
1062 4906 1163 4943 non
1209 4890 1357 4959 facit,
1384 4892 1472 4944 sed
1500 4891 1720 4947 ordinat.
1744 4923 1824 4967 ‘—

230 4981 347 5053 Ipse
400 4984 579 5055 posuit
626 4992 838 5055 tempus
888 4985 1159 5050 tenebris,
1210 4985 1406 5054 iniquis
1438 4986 1687 5042 videlicet
1709 5004 1824 5043 mo-

298 5160 323 5187 ⁸
365 5150 573 5215 (ierim,
607 5150 628 5202 I
664 5147 858 5212 Laud,
896 5142 1048 5203 Zorb.
1084 5145 1291 5212 Grrm.,
1317 5146 1526 5201 telonei.

297 5218 323 5258 δ
359 5218 397 5274 i
430 5221 620 5285 Laud.,
662 5220 847 5275 Germ.
900 5218 1083 5283 Corb.,
1137 5216 1346 5284 Germ,
1378 5219 1559 5273 tullus.
1615 5219 1688 5274 De
1718 5219 1818 5276 hac

229 5306 357 5347 voce
386 5293 508 5346 vide
530 5294 566 5347 l.
597 5298 681 5356 Ill,
703 5306 852 5344 num.
885 5289 974 5344 22.
1282 5334 1283 5337 η

301 5373 323 5431 ς
370 5363 633 5431 Βιςιιιιτειο.
667 5363 765 5417 eti
796 5359 986 5421 Laud..
1013 5376 1315 5416 sonorosus.

296 5428 324 5471 ἀ
369 5428 552 5499 licem,
573 5436 691 5501 quia
721 5441 889 5486 (intem
915 5433 1071 5484 mala.

1933 4707 2170 4768 nomine,
2208 4706 2307 4759 nisi
2338 4704 2582 4759 diabolus
2608 4703 2866 4756 vocatur?
2897 4704 2971 4759 De
2996 4720 3101 4771 quo
3125 4712 3165 4742 ω
3199 4720 3290 4773 per
3327 4722 3515 4775 quatu-

1931 4800 2055 4855 dam
2105 4798 2331 4853 ministri
2363 4795 2443 4851 sui
2474 4796 2915 4866 signiﬁcationum
2962 4797 3119 4869 577
3165 4797 3402 4851 dicitur:
3449 4799 3517 4852 Et

1930 4908 2114 4946 nomen
2158 4889 2238 4943 illi
2287 4903 2421 4941 mors
2476 4888 2661 4959 (Apoc.
2705 4902 2785 4952 γι,
2830 4885 2906 4956 8).
2938 4887 3103 4959 Cujus
3150 4888 3238 4942 ille
3293 4889 3516 4957 pOpulus

1932 4984 2122 5040 umbra
2164 4982 2393 5049 exstitit,
2417 4982 2537 5050 quia
2572 4979 2903 5050 iniquitatem
2937 4980 3078 5033 illius
3106 4995 3360 5050 sequens,
3396 4982 3512 5050 eius

1926 5166 2047 5207 mus
2078 5192 2090 5209 .
2122 5151 2332 5217 dignum
2363 5147 2691 5200 retrahuntur
2714 5146 2783 5198 ad
2808 5144 3141 5211 supplicium.

1999 5221 2012 5272 i
2062 5220 2179 5275 Duo
2205 5220 2394 5277 Laud..
2425 5219 2545 5283 quid
2575 5218 2817 5288 mejubes
2846 5220 3031 5285 facere.

1994 5292 2023 5331 ι
2066 5293 2137 5346 Ita
2162 5307 2280 5345 cum
2302 5290 2460 5344 Cutb
2490 5288 2697 5353 Germ.,
2720 5289 2884 5341 Laud.
2913 5302 2977 5343 ac
3013 5288 3219 5354 Norm.,
3249 5299 3379 5357 etc.,
3403 5303 3512 5349 vet.

1926 5364 2088 5419 Editi.
2124 5368 2187 5416 At
2216 5372 2442 5430 postem,
2478 5359 2795 5424 pmnitentia.
2860 5422 2863 5425 δ

2002 5433 2019 5472 ι
2068 5429 2290 5488 VindOc.
2325 5441 2378 5485 et
2414 5433 2436 5485 i
2474 5431 2667 5497 Laud.,
2695 5431 2821 5502 quid
2851 5429 3012 5485 durus
3055 5431 3141 5485 ille
3162 5433 3392 5503 perﬁdus
3412 5434 3512 5491 Ju-

1890 5540 1899 5547 ν
1924 5506 2150 5560 diuorum
2181 5505 2419 5572 populus.

1996 5586 2034 5614 αι
2078 5569 2330 5630 FortnSse
2381 5574 2674 5647 correctius
2727 5569 3061 5647 itt_Gentel.,
3114 5592 3203 5643 per
3232 5580 3513 5647 quamdam

1922 5648 2191 5702 ministerii
2217 5647 2299 5700 sui
2328 5645 2774 5718 significationem.
2796 5642 3512 5718 Dialioliscilicut'ntiuiste-

1920 5722 2059 5775 rium
2091 5729 2192 5784 est,
2230 5713 2454 5771 nionem
2497 5715 2714 5770 inferre.
2751 5713 2808 5767 In
2834 5721 2943 5769 vet.
2983 5716 3107 5783 Ed.,
3143 5735 3236 5789 pro
3266 5723 3510 5789 ministri,

1921 5792 2115 5859 legitur
2142 5790 2387 5856 mysterii.

300 5512 329 5544 ⁸
367 5506 535 5559 Laud.
563 5515 616 5560 et
643 5504 852 5566 Norm.,
876 5513 933 5563 et,
951 5504 1230 5556 induamur
1258 5518 1423 5559 arma.

304 5573 321 5637 ἶ
367 5577 390 5631 1
432 5577 622 5641 I.aud.,
661 5574 906 5637 Ecclesia:
933 5574 1167 5627 venienti.

298 5654 325 5716 ἕ
366 5650 390 5703 1
427 5648 622 5712 Laud.,
645 5665 759 5716 qua:
787 5663 874 5714 per
901 5646 1280 5716 cogitationem.

299 5713 333 5757 δ
366 5720 549 5774 Nortn.
564 5761 575 5776 .
602 5713 823 5774 veniunt.

302 5787 325 5830 ί
361 5787 401 5846 2
424 5789 620 5860 Laud,
652 5790 864 5859 dignum
890 5805 942 5843 se
993 5786 1202 5842 trahunt
1230 5787 1298 5840 ad
1324 5786 1655 5859 supplicium.
1684 5788 1809 5847 Pri.
