4104 6350
601 327 673 387 ω
1797 331 2033 391 stNC'n
2073 335 2400 395 GnEGonu
2443 341 2651 398 MAGNI
3046 346 3071 349 "
3815 362 3885 417 64

603 445 659 500 in
681 459 741 499 se
771 445 1055 515 imaginem
1091 447 1379 515 expressit.
1414 447 1553 514 Quid
1587 463 1718 503 vero
1741 453 1993 505 torrentis
2024 457 2194 509 nomia
2218 460 2269 519 Α
2300 469 2525 524 patrem.
2594 462 2661 516 Et
2712 465 2937 533 quilibet
2990 467 3226 526 hreretici
3269 472 3394 527 dum
3446 476 3883 541 praedicationem

602 553 691 603 ne,
724 540 823 593 nisi
855 539 986 593 illea
1009 549 1295 608 conspectu
1324 542 1585 596 tremendi
1610 543 1803 611 judicis
1831 561 1922 612 per
1942 546 2188 600 ultimum
2299 560 2500 604 sanctae
2549 550 2805 609 Ecclesia:
2865 557 3351 633 fecunditatemque
3402 565 3540 620 illius
3586 568 3885 628 deridendo

599 651 825 692 ειτιιιιειι
876 637 1177 704 egrediens,
1237 648 1397 703 atque
1422 638 1626 694 electos
1655 651 1710 695 et
1742 642 2001 709 reprobos
2045 643 2184 696 diri-
2298 651 2669 703 contemnunt,
2698 648 2821 713 quid
2854 648 2998 703 aliud
3026 668 3182 721 quam
3218 669 3423 722 partum
3468 661 3656 725 matris
3684 657 3885 729 desiti-

600 728 734 781 deus
764 728 901 797 ignis
930 732 1185 782 vocatur?
1220 727 1371 783 Unde
1402 738 1454 783 et
1496 746 1589 798 per
1617 732 1929 801 prephetam
1954 734 2145 787 dicitur
2172 754 2187 788 :
2292 730 2480 785 ciunt?
2509 736 2677 802 Quam
2713 754 2820 793 non
2864 747 3134 797 immerito
3180 762 3364 802 eorum
3394 766 3609 819 quoque
3652 765 3882 813 matrem

602 816 825 872 Flavius
874 820 1056 888 igneus
1102 820 1412 888 rapidusque
1453 821 1807 891 egrediebatur
1838 839 1869 874 a
1904 823 2033 893 facie
2073 827 2187 895 ejus
2291 824 2536 893 dicimus,
2569 830 2691 897 quia
2725 831 2792 885 de
2820 832 2932 901 ipsa
2981 845 3198 903 exeunt,
3234 840 3325 908 qui
3377 816 3562 898 contra
3594 845 3761 914 ipsam
3795 851 3882 903 lu-

598 908 765 978 (Dan.
793 924 889 975 vit,
922 909 1032 977 10).

2290 929 2563 987 quuntur;
2605 922 2813 979 Joanne
2859 935 3160 994 attestante,
3194 932 3282 1000 qui
3326 935 3441 987 ait:
3468 936 3512 989 Α
3553 908 3696 992 nobis
3734 946 3881 996 caie-

670 1021 811 1092 [γει.
853 1019 1086 1085 XVI“,
1134 1022 1254 1076 nec.
1298 1020 1483 1095 Χιχο]
1524 1023 1614 1077 43.
1658 1022 1927 1092 peregrin;
1975 1036 2090 1079 mm
2132 1028 2186 1081 ίη
2288 1022 2428 1075 runt,
2460 1014 2547 1065 sed
2569 1029 2671 1066 non
2701 1027 2929 1071 erantex
2957 1020 3144 1083 uoltis;
3175 1038 3295 1074 nam
3321 1024 3364 1076 si
3386 1025 3601 1095 fuissent
3624 1046 3684 1083 ea:
3708 1033 3876 1099 nobis,

594 1111 786 1166 mundo
839 1111 985 1165 electi
1030 1128 1226 1165 omnes.
1260 1141 1329 1151 --
1354 1112 1482 1177 Quis
1521 1123 1699 1167 autem
1743 1114 1796 1168 in
1848 1116 1948 1170 hoc
1986 1119 2165 1171 mundi

2288 1104 2591 1158 mansissent
2652 1108 2827 1178 utique
2871 1111 3132 1165 nobiscum
3186 1113 3239 1183 (I
3267 1114 3425 1177 Joan.
3474 1133 3534 1183 tt,
3568 1118 3679 1191 19).
3712 1124 3876 1181 Corvi

598 1216 973 1274 peregnmmr
1003 1206 1251 1274 populus,
1280 1205 1386 1258 nisi
1416 1206 1502 1274 qui
1551 1207 1616 1258 ad
1656 1215 1857 1261 sortem
1888 1209 2182 1263 electorum
2287 1208 2414 1249 vero
2439 1197 2505 1250 de
2532 1200 2865 1253 torrentibus
2915 1203 3159 1271 veniunt,
3190 1220 3309 1260 cum
3344 1210 3722 1276 praedicatores
3761 1220 3877 1272 veri

591 1311 841 1362 currens,
871 1296 1069 1351 habere
1119 1312 1178 1351 se
1209 1297 1433 1365 patriam
1481 1300 1627 1352 novit
1660 1300 1714 1353 in
1755 1301 2093 1367 caelestibus;
2130 1312 2184 1357 et
2284 1291 2350 1345 ad
2380 1292 2748 1349 defensionem
2780 1310 2983 1353 sancta:
3034 1302 3287 1358 Ecclesia:
3329 1320 3357 1359 a
3404 1321 3677 1363 sacrorum
3711 1312 3878 1365 libro-

590 1397 742 1441 tauto
773 1387 941 1456 magis
986 1403 1045 1441 se
1074 1387 1185 1441 illic
1211 1398 1394 1457 sperat
1423 1390 1665 1444 invenire
1709 1394 1945 1460 pmpria,
1978 1404 2179 1461 quanto
2284 1398 2404 1436 rum
2436 1384 2653 1441 ﬁttentis
2685 1392 2998 1457 procedunt.
3024 1394 3125 1458 Qui
3156 1396 3318 1449 etiam
3351 1408 3496 1452 recte
3519 1402 3663 1454 corvi
3696 1404 3874 1457 vocati

590 1477 677 1531 hic
701 1488 892 1532 cuncta
924 1494 1041 1547 qua:
1076 1488 1401 1547 praetereunt
1424 1496 1545 1535 esse
1574 1497 1602 1535 a
1636 1498 1696 1536 se
1719 1483 1939 1552 deputat
1967 1485 2181 1540 aliena?
2281 1484 2426 1538 δυηιν
2460 1478 2581 1544 (lilii!
2633 1494 2964 1550 nequaquam
2995 1485 3063 1538 de
3096 1483 3315 1553 iustitiae
3364 1504 3475 1543 δι]ίὲ
3519 1492 3635 1547 luce
3674 1509 3866 1562 super-

588 1567 916 1639 Pcregrinus
969 1571 1147 1641 itaque
1197 1581 1280 1627 cst
1334 1577 1580 1642 populus,
1627 1577 1866 1630 omnium
1923 1594 2165 1633 numerus

2280 1564 2452 1633 biunt,
2476 1569 2639 1640 578
2678 1573 2771 1624 sed
2800 1588 2895 1642 per
2938 1576 3251 1631 humilitatis
3276 1582 3499 1651 gratiam
3527 1598 3868 1652 peccatorum

587 1662 902 1728 electorum,
945 1664 1033 1732 qui
1086 1665 1224 1718 hanc
1272 1666 1433 1719 vitam
1471 1667 1738 1736 quoddam
1784 1670 1884 1723 sibi
1929 1671 2165 1725 exsilium

2282 1656 2335 1711 in
2366 1672 2424 1712 se
2450 1662 2783 1728 nigredinetn
2813 1665 3160 1724 confitentur.
3193 1670 3345 1725 Unde
3377 1676 3537 1729 etiam
3570 1677 3639 1731 ab
3666 1680 3871 1735 electo-

586 1755 929 1824 deputantes,
961 1756 1025 1809 ad
1058 1773 1342 1825 supernam
1378 1760 1603 1827 patriam
1637 1770 1742 1815 tota
1793 1764 1969 1817 cordis
2003 1765 2165 1818 inten-

2277 1761 2394 1801 rum
2458 1749 2696 1805 Ecclesia
2752 1755 2946 1809 dicitur
3004 1774 3019 1811 :
3074 1758 3243 1829 Nigra
3287 1779 3441 1827 sum,
3501 1768 3591 1819 sed
3643 1772 3874 1838 formosa

585 1849 733 1903 tione
780 1850 1071 1916 suspirant,
1107 1851 1175 1904 de
1210 1852 1402 1917 quibus
1432 1851 1628 1906 Paulus
1670 1854 1797 1908 dicit
1828 1874 1838 1908 :
1864 1855 2165 1925 Conﬁtentes

2283 1836 2457 1906 (Cant.
2489 1855 2527 1903 ι,
2561 1839 2644 1911 4).
2680 1841 2746 1895 Et
2769 1843 3002 1901 Joannes
3046 1849 3118 1901 ait
3151 1868 3161 1903 :
3198 1852 3259 1906 Si
3288 1855 3568 1911 dixerimus
3607 1836 3725 1929 quia
3752 1879 3874 1934 pec-

582 1944 705 2014 quia
733 1944 988 2014 peregrini
1039 1954 1086 1997 et
1132 1944 1357 2009 hospites
1404 1955 1521 1999 sunt
1570 1964 1721 2017 super
1752 1958 1939 2001 terram
1981 1949 2165 2019 (llebr.

2280 1941 2449 1985 catum
2488 1950 2589 1986 non
2632 1935 2895 2003 habemus,
2924 1956 3016 1993 nos
3054 1943 3193 2011 ipsos
3223 1946 3516 2003 seducimus
3548 1951 3597 2019 (Ι
3639 1953 3798 2009 Joan.
3825 1970 3870 2025 ι,

583 2046 662 2100 ιι,
697 2034 809 2105 15).
842 2036 938 2103 Qui
968 2035 1109 2089 enim
1148 2037 1262 2089 haec
1294 2037 1495 2102 dicunt,
1530 2038 1833 2108 signiﬁcant
1861 2056 1918 2095 se
1949 2042 2165 2107 patriam

2278 2023 2354 2094 8).
2402 2025 2505 2090 Qui
2549 2026 2801 2082 videlicet
2854 2032 2999 2086 corvi
3055 2035 3433 2096 subsannantis
3477 2045 3693 2100 oculum
3735 2023 3870 2104 etin;

583 2126 879 2196 inquirere.
964 2126 1111 2181 Ilane
1183 2131 1667 2198 peregrinationem
1752 2132 1888 2185 idem
1960 2148 2165 2201 quoque

2274 2114 2448 2182 diunt,
2480 2120 2601 2187 quia
2641 2135 2924 2188 pravorum
2968 2141 3031 2181 ac
3061 2131 3415 2196 pervicacium
3448 2134 3726 2192 hominum
3763 2142 3853 2195 in-

581 2219 873 2287 Apostolus
924 2218 1210 2286 tolerabat,
1266 2236 1386 2274 cum
1443 2222 1680 2276 diceret:
1714 2222 1849 2276 Dum
1897 2242 2071 2279 sumus
2116 2228 2165 2280 in

2277 2212 2569 2264 tentionem
2597 2212 2839 2268 vincunt.
2885 2217 2961 2271 Ex
2996 2219 3096 2275 hoc
3136 2222 3313 2291 itaque
3343 2229 3670 2294 testimonio,
3704 2232 3749 2285 si
3781 2232 3866 2288 ltic

580 2325 819 2377 corpore,
874 2313 1261 2381 peregrinantur
1302 2331 1332 2365 a
1382 2312 1627 2367 Domino.
1673 2314 1776 2369 Per
1830 2317 1980 2380 ﬁdem
2035 2320 2165 2371 enim

2272 2318 2482 2373 quoque
2517 2314 2731 2361 torrens
2762 2310 3077 2378 praedicatio
3121 2315 3280 2372 debet
3313 2319 3560 2391 intelligi,
3611 2323 3864 2395 Lapidem

580 2402 925 2466 ambulamus,
955 2412 1127 2456 etnon
1165 2420 1256 2471 per
1284 2406 1496 2473 speciem
1528 2404 1615 2475 (II
1638 2406 1761 2461 Cor.
1798 2424 1847 2472 v,
1893 2408 1969 2475 6).
2004 2409 2165 2477 Hujus

2272 2396 2508 2464 caliginis
2559 2405 2605 2448 et
2635 2397 2867 2452 umbram
2916 2405 3089 2455 mortis
3127 2406 3307 2459 dividit
3350 2419 3547 2465 torrens
3593 2431 3623 2466 a
3666 2416 3865 2485 populo

579 2492 1025 2561 peregrinationis
1090 2510 1357 2548 a’rmnnas
1406 2498 1678 2566 satagebat
1724 2499 1985 2563 evadere,
2044 2516 2165 2555 eum

2273 2492 2654 2561 peregrinante,
2710 2495 2799 2563 qui
2849 2507 3157 2553 sanctorum
3209 2504 3515 2571 prtedicatio
3566 2508 3863 2565 obduratas

578 2582 787 2638 dicebat
814 2601 827 2637 :
856 2582 1180 2638 Desiderinm
1223 2587 1416 2640 habens
1455 2589 1685 2656 dissolvi,
1717 2601 1765 2643 et
1796 2608 1913 2644 cum
1963 2592 2166 2648 Christo
2271 2593 2482 2638 mentes
2512 2587 2868 2654 ῖθβτοδονυῐη
2913 2589 3134 2659 άεευΐίῑν
3166 2602 3221 2646 ει
3254 2595 3319 2648 ad
3364 2596 3446 2663 llia
3494 2599 3769 2656 humilium
3801 2618 3864 2661 $0

577 2689 688 2728 esse
715 2672 941 2746 (Philip.
978 2692 1015 2740 ι,
1046 2676 1159 2746 25).
1202 2676 1267 2731 Et
1296 2693 1505 2731 rursum
1539 2698 1549 2733 :
1584 2680 1712 2733 Mihi
1744 2682 1905 2736 vivere
1933 2681 2165 2739 Christus
2270 2676 2431 2729 corda
2454 2680 2740 2734 CODVel‘lil-
2777 2682 2927 2738 Unde
2962 2685 3134 2740 adhuc
3164 2689 3413 2743 subditur
3444 2708 3459 2745 :

576 2772 682 2829 est,
713 2774 760 2817 et
803 2767 934 2819 mori
986 2768 1182 2820 lucrum
1226 2767 1391 2838 (Ibid.
1419 2785 1455 2832 ι,
1496 2768 1612 2839 21).
1646 2771 1811 2840 llujus
1858 2778 2165 2843 peregrina-
2651 2792 2878 2850 CAPUT
2918 2795 3088 2851 XXXI
3122 2798 3267 2871 [γει.
3295 2801 3477 2874 XIX].

585 2856 752 2910 tionis
776 2860 983 2927 pondus
1012 2874 1177 2929 grave
1222 2862 1487 2915 sentiebat
1530 2863 1828 2931 Psaltnista,
1859 2881 1979 2921 cum
2016 2870 2163 2924 dice-

577 2960 660 3006 ret
692 2968 705 3006 :
738 2950 851 3005 Περι
882 2951 995 3006 me!
1020 2953 1143 3022 quia
1180 2953 1435 3008 incolatus
1484 2972 1623 3009 meus
1671 2958 2005 3029 prolongatus
2048 2973 2120 3015 est
2143 2977 2162 3015 :

578 3043 796 3096 habitavi
841 3061 956 3097 cum
989 3045 1335 3098 habitantibus
1380 3045 1564 3111 Ct'dar,
1604 3048 1817 3101 multum
1862 3050 2030 3104 incola
2066 3055 2162 3121 fuit

578 3134 751 3186 anima
782 3150 892 3186 mea
920 3134 1093 3203 (l’sal.
1126 3151 1270 3201 Ctttx,
1315 3137 1391 3205 5).
1426 3138 1505 3190 ΑΙ)
1534 3138 1631 3192 hac
1672 3139 1807 3207 eripi
1848 3144 2161 3208 quantocius

579 3225 888 3289 anhelabat,
920 3240 1041 3278 cum
1085 3228 1333 3296 superuis
1362 3227 1642 3282 desideriis
1666 3230 1895 3300 llagrans
1914 3231 2154 3300 diceret;
2188 3239 2233 3302 ρ

576 3317 751 3370 Sitivit
792 3318 965 3370 anima
992 3333 1102 3371 mea
1124 3320 1190 3370 ad
1221 3318 1381 3371 Deum
1423 3321 1622 3387 vivum;
1652 3323 1857 3390 quando
1885 3325 2082 3377 veniam
2112 3339 2161 3379 et

575 3412 830 3479 apparebo
870 3422 989 3464 ante
1034 3412 1217 3480 [aciem
1264 3411 1360 3467 Dei
1392 3412 1569 3482 (Psal.
1621 3430 1730 3481 xu,
1759 3414 1860 3478 '5)?
1906 3418 2012 3472 Sed
2059 3419 2159 3472 hoc

575 3502 902 3557 desiderium
936 3507 1180 3558 nesciunt
1208 3503 1298 3573 qui
1342 3518 1437 3558 cor
1463 3506 1513 3558 in
1547 3508 1772 3561 terrenis
1794 3509 2175 3577 voluptatibus.

575 3594 833 3665 deligunt.
871 3597 1003 3650 Dum
1028 3599 1169 3650 enim
1195 3597 1311 3652 sola
1343 3613 1461 3667 quae
1500 3610 1624 3653 sunt
1652 3600 1880 3656 visibilia
1908 3603 2152 3674 diligunt,

574 3691 816 3756 profecto
844 3692 1158 3760 invisibilia,
1193 3694 1277 3750 vel
1330 3697 1374 3750 si
1419 3697 1647 3751 credunt
1698 3713 1841 3765 esse,
1888 3716 1993 3754 non
2038 3700 2156 3756 dili-

574 3794 723 3854 gunt,
752 3787 869 3854 quia
900 3788 1031 3843 dum
1065 3791 1220 3845 nimis
1265 3806 1323 3845 sc
1370 3795 1607 3848 exterius
1647 3806 1961 3865 sequuntur,
1994 3796 2153 3850 etiam

577 3887 757 3931 mente
784 3881 1027 3936 carnales
1055 3882 1217 3937 ﬁunt.
1260 3884 1431 3938 Simul
1472 3888 1615 3941 enim
1653 3887 1704 3939 in
1737 3888 1836 3941 hac
1863 3889 1965 3940 vita
2009 3898 2155 3941 uter-

575 3984 679 4037 que
727 3972 954 4039 pepulus
1010 3976 1202 4040 currit,
1226 3978 1320 4030 sed
1371 3993 1478 4031 non
1525 3980 1683 4032 simul
1728 3980 1794 4034 ad
1844 3990 2153 4049 perpetuam

574 4063 840 4129 pervenit,
881 4065 1001 4134 quia
1036 4065 1286 4138 Lapidem
1332 4071 1565 4139 caliginis
1606 4080 1655 4124 et
1704 4075 1933 4126 umbram
1978 4076 2155 4129 mortis

573 4153 755 4209 dividit
796 4167 994 4212 torrens
1041 4178 1071 4212 η
1114 4162 1304 4233 populo
1349 4166 1726 4234 peregrinante.
1767 4170 1843 4221 Ac
1885 4169 1929 4221 si
1972 4179 2155 4236 aperte

516 4270 528 4283 ν
574 4247 880 4303 dicat:Eos
924 4265 1058 4318 quos
1103 4253 1262 4306 modo
1294 4254 1381 4308 vel
1427 4255 1714 4309 inﬁdelitas
1765 4269 2021 4323 excaecat,
2069 4262 2153 4316 vel

580 4338 872 4393 crudelitas
913 4341 1163 4409 obdurat,
1204 4344 1537 4399 ﬂammarum
1581 4348 1772 4403 ﬁuvius
1802 4365 1830 4403 a
1867 4362 2153 4420 conspectu

572 4433 760 4485 azterni
787 4433 984 4501 judieis
1023 4438 1230 4501 exiens,
1273 4437 1339 4491 ab
1366 4438 1657 4493 electorum
1689 4451 1812 4495 tunc
1842 4444 2041 4512 popqu
2065 4460 2153 4499 se-

570 4537 745 4593 parat,
781 4536 840 4580 ut
869 4537 994 4582 tunc
1022 4544 1053 4583 a
1103 4528 1259 4583 bonis
1291 4530 1427 4600 ignis
1456 4531 1685 4586 districti
1730 4536 1993 4590 examinis
2021 4537 2153 4592 divi-

569 4616 661 4670 dat
691 4634 826 4687 quos
855 4635 995 4674 nunc
1025 4620 1077 4673 in
1108 4606 1222 4675 suis
1251 4623 1702 4692 concupiscentiis
1732 4610 1964 4681 tenebrae
1995 4629 2152 4683 vitio-
2180 4634 2233 4694 Ι)

568 4723 685 4763 rum
718 4723 1008 4767 excmcant.

2342 2902 2504 2958 Vsus.
2528 2903 2583 2958 4.
2609 2935 2680 2947 —
2702 2905 2807 2961 Eos
2854 2926 2980 2978 quos
3025 2912 3215 2966 oblitus
3250 2924 3324 2968 est
3353 2932 3439 2985 pes
3463 2917 3653 2986 egentis
3694 2919 3858 2973 homi-

2266 2994 2369 3060 nis,
2411 3006 2457 3048 et
2486 2997 2671 3055 invios.

2338 3089 2428 3142 50.
2473 3089 2685 3153 ;.Ιιιάωὶε
2733 3094 2944 3159 relictis,
2991 3096 3061 3148 ad
3110 3096 3322 3166 gentiles
3362 3099 3594 3168 deﬂuxit.
3629 3131 3697 3141 -—
3724 3102 3858 3171 Quis

2270 3181 2373 3236 hoc
2406 3182 2523 3235 loco
2556 3184 2690 3237 alius
2725 3185 2984 3253 accipitur
3007 3203 3169 3254 egens
3201 3192 3378 3257 homo,
3406 3193 3506 3246 nisi
3532 3193 3621 3247 ille
3654 3195 3856 3265 dequo

2266 3289 2360 3342 per
2391 3276 2613 3330 Paulum
2658 3278 2851 3332 dicitur
2880 3300 2892 3335 :
2925 3281 3027 3347 Qui
3059 3291 3083 3319 ι
3109 3294 3318 3353 prapter
3354 3301 3447 3339 nos
3476 3303 3660 3356 egenus
3688 3289 3857 3358 factus

2261 3377 2357 3433 est,
2389 3385 2508 3421 cum
2535 3371 2674 3425 dives
2703 3382 2830 3426 esset
2863 3371 2951 3443 (Il
2983 3373 3106 3430 Cor.
3136 3392 3245 3441 vttt,
3285 3376 3342 3447 9)
3366 3380 3387 3431 ?
3415 3379 3579 3447 Cujus
3610 3382 3857 3438 videlicet

2266 3467 2473 3535 egentis
2503 3469 2738 3524 hominis
2773 3472 2940 3540 petles
2990 3476 3158 3529 sancti
3205 3479 3582 3546 prmdicatores
3613 3481 3855 3551 fuerunt,

2262 3574 2359 3630 per
2403 3576 2629 3630 quorum
2682 3565 2925 3633 profecto
2968 3572 3306 3634 prmsentiam
3363 3575 3714 3642 gentilitatem
3749 3576 3856 3631 cir-

2262 3654 2528 3718 cumiens,
2557 3659 2812 3711 mundum
2847 3662 3235 3727 perambulavit
3266 3666 3595 3720 universum.
3624 3667 3701 3722 De
3734 3671 3855 3736 qui-

2261 3747 2359 3802 bus
2402 3761 2498 3815 per
2544 3738 2856 3819 prophetam
2910 3752 3107 3808 dicitur
3137 3755 3645 3821 :fEtbinambulabo
3688 3762 3740 3814 in
3780 3761 3856 3817 eis

2262 3839 2451 3910 (Levii.
2493 3859 2639 3909 xxvi,
2670 3843 2768 3908 19.;
2798 3843 2862 3897 ll
2888 3845 3010 3901 Cor.
3053 3864 3127 3917 vi,
3170 3849 3275 3919 l6).
3331 3854 3413 3907 An
3465 3869 3557 3921 pes
3598 3854 3714 3921 ejus
3744 3871 3852 3913 non

2259 3943 2397 3997 erat,
2428 3933 2518 4003 qui
2552 3945 2734 3989 tentus
2762 3939 2814 3991 in
2846 3941 3199 4009 compedibus
3228 3943 3444 3999 dicebat
3469 3963 3481 3999 :
3507 3946 3615 4001 Pro
3647 3965 3746 4017 quo
3774 3949 3852 4003 leo

2258 4026 2465 4093 gatione
2492 4027 2683 4095 [ungor
2705 4027 2758 4080 in
2794 4039 2974 4083 catena
2998 4031 3215 4100 (Ep/tes.
3249 4049 3321 4097 vi,
3347 4036 3438 4105 20)
3463 4036 3485 4089 ‘i
3514 4037 3617 4092 Sed
3662 4054 3851 4097 eorum

2258 4114 2350 4181 qui
2394 4115 2581 4170 umbra
2619 4119 2808 4173 mortis
2836 4128 2892 4174 et
2921 4120 3057 4190 lapis
3097 4125 3340 4195 caliginis
3383 4128 3723 4203 exstiterunt,
3757 4146 3855 4201 pes

2266 4204 2503 4261 hominis
2531 4210 2739 4277 egentis
2768 4209 2968 4265 oblitus
3012 4222 3113 4277 est,
3160 4216 3283 4283 quia
3332 4216 3384 4271 in
3415 4218 3530 4286 ipso
3574 4220 3727 4275 initio
3756 4237 3855 4276 na-

2260 4300 2460 4354 scentis
2496 4300 2773 4369 Ecclesiie,
2822 4303 2948 4358 dum
2996 4308 3164 4361 sancti
3214 4312 3436 4378 apostoli
3466 4313 3722 4367 caelorum
3772 4331 3854 4369 re-

2237 4408 2423 4463 tgnum
2446 4395 2648 4449 iudica:
2695 4398 2984 4466 praedicare
3010 4400 3322 4468 voluissent,
3349 4404 3591 4460 videntes
3621 4408 3764 4475 quod
3793 4410 3849 4465 ei

2262 4487 2389 4539 nihil
2426 4488 2645 4543 omnino
2688 4490 3030 4558 proﬁcerent,
3062 4491 3125 4545 ad
3168 4493 3558 4561 praedicandum
3597 4497 3852 4565 gentibus

2266 4589 2284 4613 θ
2308 4578 2668 4647 deﬂuxerunt,
2685 4582 2826 4637 sicut
2858 4584 2955 4650 ipsi
2985 4585 3035 4639 in
3058 4587 3167 4639 suis
3193 4586 3412 4642 Actibus
3435 4588 3619 4643 dicunt
3646 4606 3660 4642 :
3691 4589 3850 4647 Vobis

2258 4671 2518 4739 Oportebat
2548 4674 2773 4742 primunt
2795 4675 2935 4743 loqui
2964 4677 3172 4731 verbum
3207 4678 3305 4732 Dei
3328 4697 3346 4745 ;
3376 4682 3464 4734 sed
3490 4685 3736 4750 quoniam
3765 4702 3850 4740 re-

2258 4764 2446 4831 pellitis
2489 4764 2641 4830 illud,
2677 4777 2724 4819 et
2775 4768 3017 4837 indignos
3056 4784 3143 4822 vos
3165 4770 3416 4841 judicatis
3468 4782 3672 4828 internae
3708 4776 3844 4843 vilic,

639 4826 726 4879 49.
769 4825 1015 4895 lrrigatio
1043 4829 1421 4900 prtrdicationis
1447 4840 1689 4901 tanquam
1734 4845 1934 4889 torrens
1966 4839 2154 4894 dividit

2260 4871 2366 4909 ecce
2388 4851 2413 4892 ἀ
2441 4858 2782 4910 convertimur
2828 4858 2898 4911 ad
2938 4870 3113 4927 gentes
3140 4863 3280 4929 (Act.
3326 4879 3439 4927 xui,
3474 4863 3587 4934 46).
3618 4866 3692 4921 De
3728 4869 3848 4935 qui-

568 4917 723 4970 bonos
752 4934 783 4971 ει
809 4920 977 4973 malis.
1004 4948 1074 4961 —-
1096 4920 1277 4976 Potest
1304 4923 1530 4979 fortasse
1562 4925 1614 4979 in
1646 4928 1900 4981 torrentis
1932 4930 2150 4985 nomine

2260 4947 2352 5001 lius
2381 4957 2435 5001 et
2461 4964 2553 5017 per
2585 4949 2917 5006 Psalmistam
2944 4953 3147 5007 dicitur
3172 4971 3188 5012 :
3218 4966 3242 4993 °
3270 4955 3666 5027 'l'ransferentur
3700 4978 3848 5015 mon-

566 5007 683 5077 ipsa
716 5009 955 5078 irrigatio
986 5022 1185 5065 sancta:
1215 5014 1608 5082 praedicatioois
1636 5018 1884 5089 intelligi,
1913 5018 2064 5087 juxta
2094 5020 2146 5075 id

2260 5048 2323 5093 tes
2354 5041 2405 5093 in
2434 5007 2521 5093 cor
2548 5043 2707 5097 maris
2734 5041 2905 5111 (Psal.
2941 5061 3064 5111 xuv,
3091 5007 3323 5117 3),vquia
3588 5066 3615 5105 a
3647 5051 3838 5107 ,ιιιὰωᾶ

564 5101 703 5168 quod
737 5116 831 5169 per
860 5101 1198 5157 Salomonem
1235 5104 1464 5161 dicitur:
1504 5107 1726 5161 Oculum
1750 5111 1837 5178 qui
1867 5111 2148 5205 ευίξξαηηαι
2254 5133 2480 5201 apostoli
2508 5130 2527 5171 ι
2558 5134 2610 5188 in
2643 5135 2743 5190 hoc
2773 5137 3086 5205 gentilitatis
3131 5142 3386 5196 saeculum
3419 5144 3658 5197 translati
3689 5155 3837 5204 sunt.

563 5204 779 5263 patrem,
822 5203 867 5247 et
896 5197 984 5261 qui
1019 5197 1231 5267 despicit
1281 5208 1483 5265 partum
1525 5202 1702 5255 matris
1728 5219 1856 5268 suar,
1896 5203 2144 5270 e/fodiani

563 5285 707 5311 ἱΗ.....
742 5286 872 5311 Ann-3:
924 5286 983 5311 Δ-
1026 5289 1329 5311 δ--...-.,ιὶ1.---
1364 5290 1524 5311 In.--“
1585 5307 1686 5311 μμ--
1752 5292 1831 5311 Ιηὶ
1904 5295 1983 5311 ιι-.
2012 5309 2089 5311 η-.
2129 5295 2139 5306 ι

2260 5225 2356 5292 Qui
2380 5235 2503 5280 sunt
2530 5242 2660 5298 ergo
2706 5230 2795 5299 qui
2843 5218 3103 5287 immensa
3153 5233 3347 5288 duritia
3380 5250 3475 5303 pro
3513 5235 3843 5311 obscuritate

563 5285 710 5337 “lum
737 5286 874 5396 δοξυί
919 5286 1329 5396 άξξοννίῖηίξξηβ
1361 5290 1545 5396 (Prov:
1585 5307 1711 5396 “ixi
1748 5292 1858 5362 1ἠ’
1881 5295 2141 5396 ,Ρθτνθτδί
2251 5320 2450 5387 cordis,
2483 5322 2634 5389 quasi
2684 5323 2898 5392 quidam
2934 5323 3067 5394 lapis
3099 5326 3341 5396 caliginis
3369 5338 3424 5382 et
3455 5329 3640 5384 umbra
3682 5306 3839 5386 mor.

561 5376 759 5445 (Ιυίρβθ
789 5377 912 5429 dum
943 5377 1116 5431 (“Vina
1138 5379 1333 5446 Ῐυίίίθίδ
1363 5380 1779 5449 Γθβτθί¹θηίί¹¹¹¹¹ν
1811 5386 2142 5440 ευδδ³¹¹¹¹³¹¹¹
2250 5384 2337 5481 tis,
2372 5427 2400 5466 a
2433 5376 2804 5483 peregrinante
2827 5376 3130 5473 sanctorum
3155 5376 3351 5489 pgpulo
3374 5419 3705 5493 dividuntur,
3729 5431 3839 5492 nisi

631 5533 796 5620 ξι)υο
830 5536 996 5594 Laud.
1021 5537 1255 5620 etC‘orb.
1284 5536 1489 5604 Germ.,
1522 5547 1731 5608 propter
1752 5554 1855 5591 vos.
2170 5547 2201 5569 '
2262 5614 2272 5620 _
2334 5540 2685 5620 fElegantius
2726 5545 2781 5620 in
2813 5560 3019 5604 recent.
3051 5549 3193 5620 Ed”;
3216 5548 3267 5601 in
3295 5548 3389 5602 hoc
3409 5553 3707 5620 gentilitatis
3745 5577 3838 5616 sa-

627 5603 657 5643 b
682 5610 859 5671 Gem.
892 5620 936 5661 ει
968 5609 1258 5700 ambulabi-
1309 5681 1345 5700 Β
1479 5603 1482 5604 ν
1522 5603 1531 5608 ⁷
1621 5603 1629 5607 ⁷
2253 5614 2396 5678 lum;
2425 5603 2606 5670 verum
2641 5614 2694 5669 in
2738 5617 2865 5673 Mss.
2898 5619 3111 5685 Germ.,
3155 5603 3382 5700 'i‘_urou..
3409 5603 3587 5700 “duob.
3635 5603 3828 5700 Laud:

635 5687 656 5700 ιι
689 5678 799 5700 IL...
835 5680 851 5700 Ι
880 5680 975 5700 -..Δ
1035 5691 1074 5700 ,Α
1163 5698 1211 5700 »η
1365 5696 1462 5700 Au..-
1560 5682 1867 5700 J-ﬂ_---..-.“‘
2252 5688 2289 5700 -0
2362 5687 2372 5700 I
2447 5686 2481 5700 η
2698 5688 2737 5700 Α,
3108 5692 3120 5700 ι

634 5687 656 5760 ξ
688 5678 802 5760 pun
835 5680 999 5731 Laud.
1028 5691 1079 5732 et
1110 5679 1271 5734 Cori).
1308 5681 1514 5746 Germ.,
1550 5682 1891 5750 tle/lexeram.
2249 5687 2411 5741 Corb.
2443 5686 2650 5760 Germ.,
2684 5688 2905 5760 (Norm.,
2942 5702 3070 5757 etc.,
3099 5678 3299 5757 iegitur
3324 5678 3586 5760 sicanium,
3613 5678 3828 5760 vei—5;...

628 5743 655 5785 ἀ
682 5748 705 5801 1
735 5748 933 5835 μιιιιξη
960 5761 1329 5835 convertentur.
1614 5743 1623 5750 ⁷
1795 5825 1812 5835 _
2250 5760 2392 5824 culo;
2417 5768 2521 5813 vet.
2552 5743 2648 5815 Ed:
2682 5743 3251 5829 Parisr.,-'solov.'Bas(il.,
3290 5763 3498 5835 papula.

630 5828 654 5857 ⁸
676 5820 711 5873 2
735 5818 925 5883 Laud.,
960 5820 1163 5883 Germ.,
1198 5821 1379 5877 Norm.
1412 5831 1462 5877 et
1499 5823 1605 5887 alii,
1638 5825 2037 5895 transferuntur.
