4104 6350
2396 246 2447 327 I

238 385 308 447 65
1061 392 1418 453 MORALIUM
1460 387 1587 450 LIB.
1627 386 1814 449 XVIII.
1847 418 1919 433 —
1954 387 2180 445 CAPUT
2220 384 2433 469 ΧΧἯΙΛ
2452 392 2512 445 Β.
2554 391 2689 446 JOll.
3446 388 3514 450 ﬁt}

239 506 289 561 ιιῖ
321 519 459 575 quo.
482 517 579 578 pes
606 508 812 580 egenus
852 510 1082 566 hominis
1108 522 1192 566 εει
1229 511 1447 577 oblitus,
1494 512 1545 565 id
1574 522 1657 566 est
1683 524 1817 577 quos
1847 508 1899 567 Α
1924 503 2018 557 des
2049 503 2099 556 in
2134 502 2298 567 malo,
2339 503 2623 571 aliquando
2670 517 2800 557 vero
2844 500 2896 558 in
2926 500 3072 561 bono
3119 506 3286 575 accipi
3317 507 3512 564 solent.

238 601 624 669 praedicatores
670 603 900 670 Domini,
951 603 1200 658 videlicet
1237 612 1263 640 ι
1294 619 1387 673 per
1435 604 1817 658 humanitatem

236 693 507 762 pauperis,
543 710 639 762 pro
671 697 938 764 superbiae
969 712 1078 751 suae
1110 708 1318 753 tumore
1348 698 1702 765 reliquerunt,
1727 713 1822 753 eo-

236 798 465 854 rumque
505 790 724 841 omnino
754 789 906 843 obliti
938 801 1081 852 sunt,
1126 791 1250 844 dum
1279 793 1678 859 prrcdicationis
1709 808 1820 848 suae

238 879 445 931 semina
472 881 536 933 ad
569 881 736 934 solam
772 883 1232 938 Iructilicalionem
1261 885 1499 952 gentium
1525 884 1821 938 transtule-

236 971 398 1022 runt?
425 971 567 1037 Quos
602 981 747 1027 recte
777 989 988 1042 quoque
1027 984 1082 1029 et
1112 975 1282 1029 invios
1325 985 1499 1038 vocat,
1547 976 1668 1044 quia
1695 975 1820 1029 dum

236 1058 291 1113 in
324 1062 638 1119 inﬁdelitate
662 1080 755 1118 sua
806 1065 1051 1119 obdurati
1094 1077 1241 1131 sunt,
1276 1068 1452 1121 verbis
1485 1068 1603 1121 vita:
1632 1068 1698 1121 ad
1729 1083 1824 1123 cor

236 1154 379 1208 viam
414 1157 654 1223 praebere
685 1158 994 1212 noluerunt.
1044 1159 1150 1214 Sed
1182 1159 1367 1214 Judma
1407 1160 1542 1224 haec,
1577 1174 1694 1228 qua:
1738 1159 1815 1212 sic

236 1245 510 1313 obduruit,
548 1249 627 1302 vel
655 1249 824 1318 qualis
846 1249 1046 1304 dudum
1077 1249 1259 1314 fuerit,
1290 1251 1377 1306 vel
1403 1250 1529 1319 quid
1558 1259 1677 1320 post
1699 1264 1823 1319 per-

234 1336 440 1406 tulerit,
471 1338 771 1395 audiamus.
806 1340 1099 1409 Sequitur;

790 1431 1017 1488 CAPUT
1058 1432 1277 1487 XXXII.

311 1519 474 1576 Vnus.
506 1521 558 1576 5.
591 1552 661 1564 —
688 1523 855 1577 Terra
884 1525 947 1578 de
987 1542 1087 1595 qua
1130 1527 1389 1579 oriebatur
1416 1526 1582 1593 panis,
1613 1528 1668 1578 in
1712 1525 1825 1580 loco

232 1628 330 1666 suo
360 1615 475 1684 igne
494 1613 729 1669 subversa
756 1627 851 1671 est.

305 1705 395 1759 5|.
439 1705 714 1778 Synagoga
766 1723 879 1773 qua:
928 1708 1053 1778 legis
1102 1711 1575 1778 scripturarumque
1635 1723 1824 1776 panem

232 1795 572 1862 ministrabat,
604 1798 800 1850 invidia
820 1800 1167 1869 conﬂagrans,
1198 1800 1454 1853 destructa
1494 1806 1592 1853 est.
1619 1827 1690 1840 --
1723 1800 1822 1853 Pa-

1926 593 2057 648 Nam
2088 607 2208 648 cum
2242 594 2375 660 lapis
2408 609 2503 663 pro
2544 595 2955 651 insensibilitate
2988 598 3221 666 ponitur,
3255 599 3383 652 (Iura
3417 613 3515 668 per

1926 685 2130 754 lapides
2153 686 2318 739 corda
2342 685 2637 754 signantur.
2671 685 2822 741 Unde
2853 696 2907 743 et
2953 706 3045 758 per
3072 690 3334 745 Joannem
3378 693 3517 746 dici-

1928 785 2014 831 tur
2041 795 2052 830 :
2085 775 2276 830 Potens
2302 788 2372 831 est
2401 776 2541 830 Deus
2580 779 2643 830 de
2672 779 2928 848 lapidibus
2960 782 3071 835 istis
3103 785 3353 837 suscitare
3378 786 3516 853 ﬁlios

1926 866 2150 921 Abrahw
2173 866 2388 938 (Matth.
2421 882 2498 931 ιιι,
2527 867 2605 937 9).
2637 867 2737 936 Qui
2768 871 3013 926 videlicet
3045 874 3258 929 nomine
3284 875 3515 941 lapidum

1928 960 2088 1013 corda
2120 960 2401 1028 gentilium
2428 960 2691 1028 designat,
2731 962 2859 1014 dura
2891 972 3013 1017 tunc
3041 973 3205 1032 atque
3232 966 3516 1020 insensibi-

1930 1049 2000 1105 lia
2061 1066 2152 1119 per
2188 1049 2580 1105 inﬁdelitatem.
2636 1051 2703 1105 Et
2751 1068 2845 1120 per
2899 1058 3212 1123 prOpbetam
3259 1057 3517 1111 Dominus

1928 1146 2229 1215 pollicetur,
2282 1147 2464 1200 dicens
2495 1164 2507 1198 :
2534 1148 2783 1216 Auferam
2827 1164 2914 1201 cor
2958 1148 3216 1220 lapideum
3259 1152 3323 1203 de
3363 1167 3517 1205 carne

1925 1248 2112 1305 vestra,
2156 1255 2203 1295 et
2245 1239 2374 1291 dabo
2419 1238 2558 1292 vobis
2596 1255 2683 1292 cor
2734 1256 2976 1294 corneum
3026 1240 3235 1312 (Ezech.
3277 1259 3353 1304 χι,
3399 1242 3513 1313 19).

1930 1331 2161 1387 Rursum
2185 1348 2279 1402 per
2311 1315 2746 1400 lapidesmentes
2781 1333 2994 1387 fortium
3026 1335 3290 1403 designari
3319 1339 3515 1391 solent.

1927 1422 2081 1479 Unde
2120 1432 2175 1478 et
2227 1440 2321 1491 per
2370 1426 2584 1480 Petrum
2632 1426 2831 1479 sanctis
2874 1424 3205 1480 dicitur:Et
3258 1444 3344 1479 vos
3395 1435 3516 1479 tan-

1925 1531 2079 1579 quam
2118 1517 2315 1584 lapides
2357 1516 2453 1569 vivi
2484 1518 2969 1587 sttperwdi/icamini
3000 1528 3022 1556 ο
3049 1519 3230 1571 domus
3260 1518 3517 1586 spiritales

1928 1604 1985 1675 (1
2016 1604 2163 1659 Petr.
2196 1622 2259 1671 It,
2293 1605 2371 1677 5).
2413 1609 2599 1676 Et‘iper
2629 1608 2941 1676 prophetam
2976 1609 3234 1663 Dominus
3277 1608 3516 1664 venienti

1930 1697 2184 1753 Ecclesiae
2228 1699 2530 1767 pollicetur.
2572 1701 2757 1754 dicens
2786 1718 2799 1754 :
2825 1699 2959 1754 Ecce
3008 1719 3099 1771 ego
3156 1714 3380 1755 sternam
3426 1717 3518 1769 per

1929 1792 2159 1843 ordinem
2199 1792 2396 1861 lapides
2438 1803 2571 1856 tuos,
2624 1803 2669 1846 et
2716 1796 2943 1863 [undabo
2980 1804 3029 1848 te
3072 1796 3123 1847 in
3161 1796 3436 1866 sapphiris,
3470 1802 3518 1849 et

234 1899 358 1940 nem
382 1886 562 1941 Judzea
594 1886 720 1942 dare
745 1896 1115 1954 consueverat,
1147 1905 1267 1958 quae
1295 1890 1429 1959 legis
1460 1891 1619 1944 verba
1647 1890 1816 1958 profe-

1930 1896 2113 1946 ponam
2128 1883 2390 1951 jaspidem
2440 1886 2838 1953 prapugnaculu
2890 1895 2996 1948 tuo,
3029 1894 3074 1938 et
3119 1897 3291 1954 portas
3318 1895 3430 1939 tuas
3461 1887 3516 1941 in

238 1978 418 2033 rebat.
462 1980 629 2046 Quam
683 1979 929 2035 videlicet
977 1980 1167 2050 legem,
1200 1980 1319 2049 quia
1378 1980 1676 2049 intelligere
1709 1980 1819 2048 jam

235 2070 453 2139 reprobi
481 2083 639 2141 atque
667 2075 953 2140 explanare
1000 2088 1105 2127 non
1150 2083 1415 2142 poterant,
1449 2076 1703 2142 propheta
1734 2074 1824 2128 Je-

235 2163 435 2217 remias
479 2163 531 2217 in
576 2164 822 2219 lamentis
858 2164 1124 2232 deplorat,
1157 2165 1340 2220 dicens
1370 2184 1383 2218 :
1411 2164 1629 2219 Parvuli
1665 2168 1823 2236 petie-

234 2264 359 2307 runt
391 2271 596 2323 panem,
629 2266 675 2310 et
705 2272 809 2309 non
847 2266 958 2311 erat
992 2258 1080 2326 qui
1111 2258 1368 2329 frangeret
1396 2260 1467 2312 eis
1499 2258 1710 2326 (Thren.
1746 2274 1819 2327 tv,

234 2343 315 2417 4).
348 2346 453 2401 Sed
483 2347 598 2402 haec
624 2357 766 2405 terra
794 2348 848 2402 in
871 2349 988 2403 loco
1011 2364 1108 2405 suo
1137 2350 1258 2418 igne
1290 2351 1546 2405 subversa
1573 2360 1674 2415 est,
1699 2352 1821 2419 quia

176 2506 179 2507 ν
230 2437 474 2493 ﬁdelium
517 2442 666 2511 signa
712 2443 1071 2509 conspiciens,
1105 2442 1321 2498 invidia:
1353 2460 1410 2498 se
1442 2444 1557 2498 face
1602 2459 1824 2499 concre-

232 2535 429 2587 mavit.
453 2533 587 2600 Quia
614 2533 757 2588 enim
781 2532 809 2572 ι’
841 2550 1055 2604 semper
1078 2535 1276 2589 invidia
1305 2536 1371 2590 de
1398 2535 1645 2605 superbia
1675 2537 1824 2591 nasci

234 2623 401 2687 solet,
436 2622 489 2676 in
516 2621 634 2678 loco
664 2639 762 2677 suo
794 2625 917 2694 igne
948 2627 1122 2693 periit,
1157 2642 1274 2695 qnze
1298 2628 1497 2682 idcirco
1528 2628 1657 2683 arsit
1688 2630 1823 2683 iuvi-

232 2713 350 2779 dia,
398 2715 519 2783 quia
566 2717 872 2785 superbiam
906 2734 1011 2771 non
1061 2720 1291 2789 reliquit.
1331 2720 1500 2775 Terra
1546 2737 1673 2791 ergo
1704 2738 1824 2792 qua:

238 2804 395 2872 prius
420 2820 606 2873 panem
634 2808 833 2872 habuit,
868 2820 983 2876 post
1012 2810 1130 2880 igne
1153 2812 1409 2867 subversa
1432 2824 1535 2879 est,
1570 2814 1823 2882 quoniam

231 2909 530 2967 synagoga,
561 2914 678 2969 quin
710 2901 874 2971 579
904 2902 1154 2955 mandata
1184 2902 1276 2957 Dei
1303 2919 1397 2972 per
1429 2905 1599 2975 legem
1639 2916 1822 2974 protu-

234 2985 334 3055 lit,
391 3001 693 3047 nascentem
748 2993 1045 3048 Ecclesiam
1098 3010 1457 3064 persequens,
1502 2997 1714 3051 invidias
1764 3012 1824 3052 se

234 3079 365 3147 igne
406 3084 757 3152 consumpsit.
790 3087 870 3138 An
921 3101 1026 3140 non
1072 3087 1431 3142 mmulationis
1460 3104 1571 3142 sua:
1613 3090 1823 3144 facibus

237 3172 486 3239 ardebat,
533 3189 654 3229 cum
686 3176 1059 3246 Redemptoris
1089 3181 1255 3233 nostri
1288 3183 1436 3250 signa
1462 3182 1818 3249 conSpiciens,

1928 1971 2123 2042 lapides
2169 1974 2435 2041 sculptus;
2488 1984 2531 2027 et
2581 1989 2754 2027 omnes
2804 1977 3044 2029 terminos
3096 1987 3207 2029 tuus
3237 1981 3287 2029 in
3316 1977 3516 2045 lapides

1927 2064 2309 2128 desiderabiles,
2370 2068 2633 2119 universos
2678 2068 2814 2136 ﬁlios
2856 2077 2969 2121 tuos
3017 2069 3194 2121 doctos
3224 2087 3255 2122 a
3294 2068 3514 2123 Domino

1932 2153 2085 2224 (lsai.
2123 2172 2230 2221 Liv,
2276 2157 2389 2226 II).
2439 2157 2642 2213 Stravit
2672 2175 2900 2226 namque
2932 2161 3001 2214 iu‘
3027 2161 3114 2215 illa
3148 2177 3240 2231 per
3268 2163 3513 2218 ordinem

1926 2248 2151 2318 lapides,
2188 2251 2385 2320 quiaju
2415 2268 2476 2305 ea
2507 2262 2719 2307 sanctas
2750 2255 2955 2309 animas
2984 2256 3293 2310 meritorum
3325 2257 3514 2311 diver-

1927 2341 2087 2396 sitate
2125 2342 2385 2397 distinxit.
2420 2342 2679 2398 Fundavit
2721 2359 2839 2398 eam
2882 2345 2935 2399 in
2963 2346 3248 2415 sapphiris,
3280 2350 3367 2416 qui
3400 2348 3512 2403 sci—

1930 2434 2057 2488 licet
2083 2434 2288 2501 lapides
2318 2435 2513 2489 coloris
2537 2436 2679 2489 aerei
2712 2435 2764 2489 in
2796 2450 2855 2490 se
2878 2436 3275 2492 similitudinem
3311 2447 3513 2505 tenent,

1928 2529 2052 2595 quia
2087 2528 2251 2581 robur
2299 2527 2554 2581 Ecclesia:
2588 2528 2641 2581 in
2672 2528 2948 2581 animabus
2993 2530 3232 2583 cmfestia
3262 2539 3514 2598 appeten-

1926 2620 2071 2674 tibus
2109 2620 2389 2674 solidatur.
2446 2610 2512 2673 Et
2550 2622 2799 2688 quoniam
2832 2621 3000 2690 jaspis
3030 2621 3215 2675 viridis
3244 2630 3328 2677 est
3371 2612 3515 2677 colo;

1932 2712 2029 2777 ris,
2092 2710 2356 2779 jaSpidem
2412 2713 2802 2781 propugnacula
2857 2712 2975 2781 ejus
3013 2714 3221 2779 posuit,
3269 2714 3390 2782 quia
3440 2713 3515 2768 illi

1929 2812 2115 2857 contra
2151 2804 2490 2858 adversarios
2532 2818 2626 2872 pro
2657 2814 2855 2858 sanctae
2907 2804 3161 2858 Ecclesim
3200 2805 3514 2860 defensioue

1929 2893 2127 2963 objecti
2159 2904 2302 2959 sunt,
2333 2896 2446 2963 qui,
2479 2894 2706 2949 internis
2734 2895 3016 2950 desideriis
3047 2895 3303 2960 virentes,
3325 2893 3514 2949 dnulla

1928 2988 2131 3055 teporis
2179 2987 2393 3054 reprobi
2447 2987 2696 3041 ariditate
2743 2996 3097 3041 marcescunt.
3148 2986 3337 3041 Portus
3386 3001 3518 3042 vero

1928 3080 2049 3148 ejus
2098 3081 2273 3148 posuit
2320 3080 2373 3134 in
2410 3079 2948 3149 lapidesesculptos.
3003 3080 3066 3134 Hi
3112 3080 3309 3149 quippe
3354 3090 3517 3147 porta:

1931 3184 2055 3227 sunt
2100 3172 2376 3235 Ecclesiae,
2420 3188 2515 3242 per
2547 3188 2772 3241 quorum
2822 3176 2980 3227 vitam
3027 3183 3186 3242 atque
3216 3174 3515 3227 doctrinam

237 3274 342 3330 per
371 3265 626 3331 quosdam
676 3280 803 3319 suos
847 3267 1085 3323 diceret:
1117 3268 1251 3334 Quid
1282 3271 1527 3341 ‘facimus,
1580 3274 1701 3341 quia
1741 3274 1823 3327 hic
1850 3276 1896 3337 ε
1928 3264 2093 3319 intrat
2137 3266 2186 3319 in
2244 3282 2359 3319 eam
2419 3266 2701 3321 multitudo
2752 3267 3104 3320 credentium.
3156 3267 3253 3333 Qui
3312 3281 3408 3335 pro
3451 3280 3519 3320 eo

240 3353 392 3407 homo
422 3357 583 3410 multa
624 3360 771 3428 signa
797 3360 964 3423 facit?
990 3361 1070 3415 vel
1100 3371 1284 3417 certe:
1322 3363 1512 3418 Videtis
1549 3368 1667 3434 quia
1697 3367 1823 3421 nihil

250 3446 574 3515 pro/irirnus,
604 3465 718 3503 ecce
754 3461 889 3504 totus
927 3454 1149 3506 mundus
1192 3463 1303 3522 post
1347 3472 1460 3509 eum
1486 3458 1623 3511 vadit
1645 3457 1823 3530 (Joan.

240 3552 317 3602 xi,
359 3536 475 3607 47).
526 3537 789 3594 Videbant
826 3544 969 3597 unde
1013 3546 1253 3599 converti
1300 3546 1618 3615 debuerant,
1660 3559 1821 3618 atque

241 3630 434 3684 exinde
458 3633 826 3701 perversiores
863 3635 1083 3691 fiebant.
1114 3637 1437 3704 Qumrebant
1480 3641 1827 3711 exstinguere

246 3737 406 3791 quem
452 3728 744 3781 cernebant
774 3737 1011 3783 mortuos
1042 3730 1332 3786 viviﬁcare.
1363 3732 1423 3786 In
1452 3748 1546 3787 ore
1576 3738 1830 3789 tenebant

248 3812 445 3882 legem,
487 3818 582 3871 sed
638 3817 771 3886 legis
816 3821 1275 3889 persequebantur
1316 3835 1612 3879 auctorem.
1668 3826 1829 3881 Terra

242 3925 370 3983 ergo
398 3915 462 3967 de
480 3930 585 3983 qua
617 3916 871 3969 oriebatur
897 3920 1063 3986 panis,
1096 3919 1149 3971 in
1176 3917 1289 3973 loco
1319 3936 1413 3972 suo
1442 3922 1557 3991 igne
1591 3921 1830 3977 subversa

245 4012 342 4068 est,
376 4006 498 4074 quia
537 4004 720 4061 Judtea
764 4008 816 4061 in
859 4011 1151 4079 semetipsa
1182 4021 1232 4065 et
1265 4014 1411 4080 prius
1446 4014 1626 4068 habuit
1657 4015 1826 4084 legem

242 4110 359 4165 qua:
383 4098 651 4163 reﬁceret,
682 4109 735 4153 ct
766 4109 885 4168 p04
907 4102 1156 4155 invidiam
1189 4120 1306 4171 qua:
1334 4118 1719 4160 concremaret.
1753 4107 1830 4162 De

210 4226 215 4231 .
244 4190 401 4256 cujus
426 4189 605 4245 adhuc
633 4192 990 4260 descriptione
1017 4194 1355 4264 subjuugitur
1380 4214 1393 4249 :

777 4283 1002 4340 CAPUT
1045 4286 1281 4341 XXXIII.

316 4372 487 4428 Vens.
520 4375 576 4428 6.
599 4404 667 4415 -—
696 4373 863 4429 Locus
905 4377 1135 4446 sapphiri
1176 4379 1372 4449 lapides
1418 4383 1550 4451 ejus,
1600 4392 1647 4436 et
1671 4383 1831 4453 glebas

244 4462 386 4517 illius
407 4481 612 4520 aurum.

210 4568 219 4573 ’
315 4557 406 4611 52.
448 4560 616 4629 Auget
638 4559 941 4615 Judazorunt
960 4576 1155 4629 casum,
1188 4563 1440 4618 donorum
1470 4574 1515 4618 et
1539 4569 1825 4637 gratiarum

1932 3359 2095 3411 etiam
2123 3359 2265 3426 quod
2294 3359 2499 3428 magnis
2526 3360 2780 3426 operibus
2823 3360 3040 3427 pollent,
3083 3369 3138 3413 et
3169 3359 3218 3412 id
3264 3359 3405 3428 quod
3437 3360 3518 3413 Io-

1930 3460 2158 3516 quentcs
2200 3461 2470 3515 asserunt,
2503 3452 2739 3505 viventes
2771 3452 3082 3516 ostendunt,
3116 3465 3221 3504 non
3257 3452 3391 3519 puri,
3421 3451 3519 3506 sed

1933 3545 2124 3612 sculpti
2176 3544 2540 3614 lapidesessc
2594 3553 2976 3598 memorantur.
3012 3543 3066 3597 Iu
3098 3559 3323 3613 quorum
3372 3543 3517 3597 enim

1932 3638 2038 3689 vita
2083 3647 2227 3689 recta
2276 3639 2518 3703 operatio
2568 3636 2824 3703 cernitur,
2858 3636 3007 3701 quasi
3047 3636 3101 3689 iu
3149 3635 3350 3689 eisdem
3385 3636 3511 3703 ipsis

1934 3727 2255 3793 exprimitur
2293 3726 2432 3793 quod
2467 3736 2709 3796 egerunt.
2751 3726 2846 3780 Ubi
2886 3741 3101 3780 omnem
3148 3740 3360 3795 quoque
3395 3742 3519 3781 san-

1933 3828 2139 3872 ctorqu
2187 3834 2465 3872 numerum
2514 3818 2747 3888 generali
2802 3818 3121 3872 collectione
3163 3819 3514 3884 concludens,

1934 3911 2171 3965 subdidit
2200 3930 2212 3964 :
2249 3912 2436 3965 Omnes
2464 3913 2704 3965 terminos
2736 3921 2848 3965 tuos
2874 3913 2927 3964 in
2966 3911 3160 3981 lapides
3193 3911 3359 3982 δεῖ)
3384 3914 3521 3965 desi-

1933 4004 2180 4057 derabiles
2222 4003 2384 4075 (Ibid.
2429 4020 2534 4069 LIV,
2580 4004 2691 4071 1‘2).
2727 4006 2811 4069 Et,
2863 4012 3113 4072 tauquam
3145 4005 3186 4057 si
3238 4005 3523 4060 audientes

1933 4098 2033 4151 ista
2066 4106 2370 4165 peteremus
2404 4107 2461 4151 ut
2514 4098 2611 4150 hos
2646 4097 2849 4166 lapides
2892 4111 3027 4165 quos
3066 4097 3268 4151 diceret
3310 4098 3515 4152 iudica-

1933 4198 2037 4252 ret,
2079 4190 2351 4257 adjuuxit:
2387 4188 2659 4243 Universos
2697 4190 2833 4256 ﬁlios
2862 4200 2975 4242 tuos
3014 4190 3240 4243 doctosa
3272 4188 3516 4243 Domino.

1933 4283 2066 4349 Quia
2114 4284 2273 4353 igitur
2304 4286 2372 4337 de
2400 4284 2584 4337 Judwa
2616 4299 2884 4352 nunquam
2918 4295 3115 4337 sanctae
3159 4284 3369 4350 animm,
3400 4299 3518 4351 qua:

1932 4378 2210 4431 caelestem
2249 4379 2413 4431 vitam
2460 4378 2720 4431 ducerent
2757 4376 3059 4440 defuerunt,
3092 4375 3285 4430 dicitur
3311 4394 3324 4430 :
3351 4375 3521 4431 Locus

1934 4470 2161 4538 vap/tiri
2193 4471 2389 4537 lapides
2416 4473 2549 4542 ejus.
2591 4469 2659 4523 Et
2684 4469 2807 4537 quia
2837 4483 3026 4537 magna
3057 4469 3179 4522 vita:
3220 4483 3282 4522 ac
3308 4470 3518 4537 sapien-

1934 4564 2022 4618 tiae
2052 4565 2296 4620 claritate
2343 4581 2436 4633 per
2481 4568 2639 4619 ﬁdem
2686 4566 2851 4631 fulsit,
2885 4565 3321 4636 adjungiturzEt
3360 4567 3522 4636 glebas

244 4652 427 4719 quibus
454 4654 599 4720 prius
622 4656 791 4707 ornati
820 4663 958 4719 sunt,
986 4656 1152 4722 copia.
1177 4685 1246 4696 —
1267 4659 1442 4728 Auget
1482 4668 1687 4713 reatum
1716 4660 1828 4715 cui-
1854 4653 1908 4715 D
1934 4656 2077 4710 illius
2102 4673 2307 4712 aurum.
2356 4657 2496 4724 Quid
2532 4673 2623 4725 per
2668 4658 2869 4727 glebas,
2906 4659 3007 4711 nisi
3030 4658 3375 4713 collectiones
3409 4660 3521 4712 siu-

247 4762 327 4812 βω
353 4749 629 4814 sequentis
676 4750 997 4817 praeconium
1050 4749 1238 4819 gloriae.
1272 4750 1644 4818 praecedentis.
1691 4753 1823 4809 Nam

212 4840 671 4909 'uniuscujusque
718 4855 873 4895 casus
930 4851 1078 4896 tanto
1131 4843 1348 4910 majoris
1414 4854 1497 4898 est
1549 4845 1826 4915 criminis,

241 4943 447 5000 quanto
480 4932 784 5001 priusquam
817 4932 1035 4987 caderet
1062 4934 1279 5002 majoris
1312 4937 1482 5003 potuit
1516 4951 1638 4992 esse
1664 4938 1831 4991 virtu-

241 5026 332 5079 tis.
364 5024 583 5079 Dicatur
608 5040 738 5096 ergo
763 5026 966 5092 Judaea,
997 5028 1208 5081 dicatur
1238 5029 1364 5098 quid
1392 5028 1576 5096 fuerit,
1610 5039 1665 5086 et
1690 5048 1827 5099 prze-

242 5116 552 5173 cedentium
605 5118 912 5186 magnitudo
947 5120 1198 5174 virtutum
1229 5132 1435 5175 crescat
1462 5123 1529 5176 ad
1558 5122 1829 5177 cumulum

241 5209 586 5275 sequentium
630 5208 971 5263 delictorum.
1002 5209 1172 5263 Locus
1194 5212 1426 5282 sapphiri
1453 5212 1651 5283 lapides
1691 5217 1830 5285 ejus,

255 5309 305 5353 et
325 5300 488 5371 gleba:
523 5301 664 5354 illius
690 5318 899 5358 aurum.
931 5302 1067 5368 Quid
1111 5305 1251 5359 enim
1282 5304 1382 5359 hoc
1426 5308 1541 5360 loco
1567 5322 1663 5374 per
1699 5307 1833 5376 lapi-

243 5391 366 5456 des,
405 5392 508 5445 nisi
538 5402 846 5448 sanctorum
874 5408 957 5463 ,ac
987 5393 1199 5449 fortium
1250 5405 1458 5451 mentes
1497 5398 1835 5465 accipimus?

233 5482 391 5553 ἀγα.
419 5483 566 5554 XX).
591 5484 647 5539 In
672 5485 945 5552 Scriptura
977 5487 1174 5542 etenim
1195 5503 1343 5543 sacra
1388 5474 1675 5558 aliquando
1700 5490 1835 5558 lapi-

316 5651 341 5714 ξ
366 5644 443 5714 Ita
473 5644 602 5699 Mss.
630 5642 697 5697 At
723 5642 863 5698 Editi
890 5658 1101 5712 omnes,
1130 5660 1221 5714 per
1253 5647 1615 5706 humilitatem.

316 5710 342 5750 δ
362 5713 397 5765 2
426 5715 617 5776 Laud.,
645 5729 798 5784 sape.

320 5794 341 5857 °_
365 5784 550 5857 Norrn.
587 5785 928 5857 etiplerique,
955 5787 1009 5838 in
1041 5787 1221 5840 domos
1242 5788 1515 5857 spiritales.

316 5851 346 5893 ⁴
372 5858 426 5913 ιιι
462 5856 485 5910 I
515 5851 713 5927 Laud.,
754 5851 1169 5927 nullatemporis
1191 5851 1427 5929 reprobi;
1456 5878 1610 5933 quatn
1644 5864 1831 5918 lectio-

1938 4750 2186 4818 gulorum
2253 4749 2499 4803 ordinum
2573 4765 2637 4805 ac
2696 4749 3061 4805 multitudines
3130 4751 3522 4823 designantur?

1918 4841 2125 4896 'Glebse
2166 4849 2344 4895 autem
2374 4858 2438 4896 ex
2468 4843 2693 4897 humore
2717 4852 2772 4897 et
2804 4844 3023 4911 pulvere
3050 4844 3519 4914 constringuntur.

1912 4933 2144 4988 'Omnes
2168 4949 2297 5003 ergo
2318 4933 2427 5005 qui,
2463 4949 2584 4990 rore
2607 4938 2792 5005 gratiae
2824 4936 3003 5003 infusi,
3030 4951 3096 4991 es
3118 4940 3308 4992 mortis
3336 4938 3521 4994 debito

1938 5040 1998 5079 se
2034 5027 2306 5095 pulverem
2352 5042 2475 5082 esse
2518 5028 2693 5082 veraci
2739 5028 3041 5097 cognitione
3085 5028 3317 5085 confessi
3371 5039 3520 5098 sunt,

1938 5119 2062 5173 dum
2097 5119 2221 5173 vita:
2260 5122 2457 5173 virtute
2508 5120 2889 5185 clarescerent,
2924 5121 3074 5189 quasi
3112 5135 3287 5176 aurea:
3332 5123 3385 5175 in
3433 5121 3521 5173 illa

1937 5214 2104 5282 glebae
2139 5215 2444 5282 jacuerunt.
2479 5212 2674 5269 Glebas
2728 5214 2842 5267 haec
2893 5221 3035 5267 terra
3086 5213 3268 5267 habuit
3298 5213 3350 5266 in
3396 5227 3522 5280 pro-

1939 5306 2136 5376 phetis,
2163 5307 2346 5375 glebas
2379 5307 2430 5358 iu
2455 5306 2786 5371 doctoribus,
2815 5306 2999 5377 glebas
3029 5307 3080 5359 in
3115 5306 3357 5359 Patribus
3383 5304 3523 5358 anti-

1940 5395 2079 5465 quis,
2112 5397 2201 5467 qui
2245 5411 2432 5466 mngna
2476 5411 2534 5450 se
2563 5395 2831 5449 inlusione
2872 5399 3057 5464 gratia:
3085 5396 3136 5448 in
3171 5394 3524 5463 professionis

1939 5498 1996 5543 et
2049 5489 2227 5559 Operis
2285 5488 2631 5544 unanimitate
2681 5499 2981 5543 tenuerunt.
3032 5488 3184 5541 Dicat
3224 5503 3401 5559 ergo:
3455 5488 3525 5554 Ει

1938 5663 2058 5703 nem
2084 5664 2148 5703 ex
2173 5658 2323 5715 parte
2359 5649 2526 5703 secuti
2571 5654 2698 5700 sunt
2744 5650 2988 5715 plerique
3022 5647 3290 5703 Editores.
3328 5648 3524 5704 Nostra

1937 5728 2135 5785 tamen,
2179 5735 2298 5789 quas
2324 5718 2452 5774 Mss.
2500 5719 2611 5773 fere
2656 5717 2895 5770 omnium
2941 5726 3043 5784 est,
3095 5718 3255 5789 longe
3304 5734 3523 5790 antepo-

1936 5793 2253 5927 millium,
2276 5861 2500 5932 scalptos
2516 5900 2533 5927 ,
2555 5868 2611 5917 et
2644 5856 2809 5926 inira,
2834 5861 3024 5933 scalpti
3052 5864 3271 5931 lapides.
