4044 6346
592 296 661 355 67
1808 299 2053 361 SANCTI
2093 299 2423 359 cneconu
2463 297 2676 359 uitem
2806 280 2809 281 ί
3805 308 3880 401 es

588 416 749 487 gleba:
776 413 918 471 illius
946 413 1302 489 aurum,quia
1348 416 1403 474 in
1450 433 1512 475 ea
1546 420 1830 476 multitudo
1857 423 2177 493 spiritalium
2210 430 2257 492 Α
2288 435 2413 491 pere
2472 418 2679 482 renuit,
2738 415 3118 486 praedicatores
3170 416 3324 489 regni
3375 417 3635 477 cmlorum
3692 402 3881 492 probi-

590 502 738 564 tanto
786 509 973 577 majori
1004 510 1200 564 virtute
1241 510 1451 579 claruit,
1491 525 1688 580 quanto
1717 529 1777 569 se
1822 516 1871 568 in
1915 515 2079 570 Deum
2114 530 2177 570 ac
2222 514 2227 521 ’

591 600 894 672 proximum
922 611 948 638 δ
974 601 1161 670 majori
1187 604 1537 659 unanimitate
1552 608 1889 663 constrinxit.

659 695 751 749 55.
794 695 993 747 Aurum
1027 711 1126 764 quo
1154 694 1441 765 fulgebant,
1486 700 1718 765 perfidia:
1753 699 1967 754 tenebris
1997 700 2173 754 obscu-

586 785 998 851 ratum—Sed
1050 789 1150 841 hoc
1203 803 1392 842 aurum
1443 791 1680 860 perlidia:
1713 805 1792 845 est
1839 792 2175 859 postmodum

586 883 825 937 tenebris
854 883 1221 936 obscuratum.
1252 884 1416 953 Cujus
1450 886 1689 953 proiecto
1719 884 2054 955 nigredinem
2083 885 2175 942 Je-

584 972 778 1024 remias
808 972 1064 1041 propheta
1102 972 1317 1027 intuens
1342 973 1610 1044 deplorat,
1651 977 1838 1028 dicens
1867 994 1877 1028 :
1906 977 2175 1041 Quomodo

584 1056 907 1115 obscuratum
965 1071 1040 1117 est
1085 1081 1300 1129 aurum,
1341 1075 1567 1119 mutatus
1631 1076 1704 1119 est
1758 1066 1900 1121 color
1955 1070 2177 1137 optimus

582 1150 902 1227 (TIu‘enpv,
930 1155 1020 1225 ψ
1053 1158 1256 1210 Aurum
1288 1172 1516 1225 namque
1548 1157 1890 1212 obscuratum
1923 1170 2029 1225 est,
2054 1162 2173 1229 quia

582 1239 635 1295 in
667 1243 745 1296 eis
776 1245 1027 1315 antiquus
1056 1247 1149 1302 ille
1191 1248 1315 1302 lidei
1344 1261 1502 1315 atque
1544 1250 1866 1304 innocentia:
1897 1251 2172 1319 splendor,

583 1334 823 1392 irruente
866 1339 1109 1407 pertidia,
1165 1339 1381 1393 malitia:
1435 1358 1492 1393 se
1545 1350 1706 1396 nocte
1750 1343 1991 1396 lnscavit.
2041 1343 2175 1409 Quia

582 1431 743 1500 igitur
765 1432 891 1502 quid
924 1433 1023 1486 fuit
1046 1433 1347 1488 audivimus
1378 1454 1389 1485 :
1423 1434 1593 1488 Locus
1623 1434 1814 1489 scilicet
1840 1436 2074 1504 sapphiri
2097 1428 2178 1490 la-

580 1524 726 1596 pides
768 1528 899 1593 ejus,
932 1534 977 1577 et
1026 1525 1184 1596 gleba:
1213 1524 1357 1579 illius
1389 1542 1595 1593 aurum,
1648 1543 1786 1580 nunc
1808 1528 1917 1596 jam
1946 1529 2176 1583 dilectus

581 1617 674 1673 ille
709 1620 814 1671 Deo
840 1618 1067 1686 populus
1111 1633 1206 1672 cur
1242 1628 1384 1672 tanta
1429 1620 1542 1673 haec
1569 1621 1708 1674 bona
1746 1620 2041 1691 perdiderit
2078 1636 2171 1675 au-

580 1710 812 1765 diamus.
845 1710 1097 1777 Sequitur
1121 1725 1132 1759 :

931 1801 1159 1856 CAPUT
1201 1801 1418 1857 xxxiv
1454 1801 1599 1875 [Vet.
1630 1802 1814 1875 XXI].

579 1994 650 2040 est
675 1988 849 2040 oculos
874 1989 1106 2042 vulturis.

654 2082 743 2138 54.
792 2083 1111 2138 llumilitatis
1142 2084 1333 2142 Christi
1360 2088 1466 2139 vias
1500 2088 1819 2157 ignorantes,
1842 2089 1952 2159 ejus
1993 2089 2173 2144 mortis

581 2182 804 2248 fructum
850 2180 1155 2235 amiserunt.
1180 2209 1250 2220 —
1278 2180 1409 2247 Quis
1448 2180 1548 2236 hoc
1590 2182 1709 2236 loco
1768 2188 1880 2236 avis
1931 2186 2169 2248 nomine,

580 2272 684 2324 nisi
718 2270 805 2326 ille
834 2272 1099 2343 signatur,
1129 2274 1218 2342 qui
1252 2286 1448 2341 corpus
1478 2287 1737 2327 carneum
1769 2273 1909 2342 quod
1966 2289 2174 2328 assum-

582 2367 711 2436 psit,
755 2367 1091 2422 ascendendo
1118 2368 1184 2421 ad
1224 2372 1426 2422 mtnera
1460 2367 1713 2421 libravit?
1736 2368 1845 2432 ‘Qui
1888 2377 2012 2436 apte
2043 2383 2174 2437 quo-

580 2473 687 2528 que
724 2460 883 2514 etiam
930 2461 1156 2515 vulturis
1199 2460 1562 2529 appellatione
1605 2461 1943 2530 exprimitur.
1984 2460 2173 2515 Vultur

579 2554 777 2623 quippe
821 2555 951 2609 dum
998 2552 1164 2618 volat,
1212 2555 1260 2609 si
1285 2554 1473 2623 jaccns
1503 2554 1731 2609 cadaver
1775 2555 2060 2624 conspicit,
2102 2553 2172 2608 ad

578 2659 729 2701 esum
778 2662 837 2701 se
894 2646 1172 2701 cadaveris
1224 2647 1485 2715 depenit;
1542 2654 1602 2700 et
1642 2646 1957 2716 plerumque
2006 2647 2086 2700 sic
2117 2646 2173 2701 in

581 2750 757 2798 morte
781 2740 1009 2808 capitur,
1036 2738 1162 2795 dum
1209 2742 1276 2792 ad
1296 2748 1582 2794 mortuum
1608 2738 1808 2794 animal
1850 2742 1918 2796 de
1950 2741 2174 2797 summis

580 2833 744 2888 venit.
780 2820 946 2889 Recte
967 2847 1097 2901 ergo
1134 2831 1400 2887 mediator
1431 2830 1524 2886 Dei
1550 2842 1605 2887 et
1642 2832 1917 2886 hominum
1960 2832 2175 2901 redem-

582 2937 702 2996 ptor
746 2934 933 2981 noster
974 2926 1200 2981 vultui-is
1237 2926 1593 2995 appellatione
1636 2927 1900 2996 signatur,
1926 2926 2019 2997 qui
2059 2942 2176 2984 ma-

585 3034 719 3076 nens
750 3020 801 3074 in
833 3019 1118 3075 altitudine
1145 3020 1442 3075 divinitatis
1472 3035 1606 3086 suat,
1636 3018 1661 3058 δ
1692 3023 1842 3089 quasi
1885 3037 1913 3074 a
1942 3022 2170 3091 quodam

581 3112 765 3167 volatu
818 3112 1032 3166 sublimi
1086 3113 1315 3166 cadaVer
1379 3113 1727 3169 mortalitatis
1782 3124 1983 3169 nostra:
2043 3130 2177 3168 con-

580 3202 760 3271 Spcxit
785 3204 838 3256 in
872 3204 1090 3269 intimis,
1116 3211 1172 3259 et
1194 3186 1422 3258 sesede
1458 3203 1771 3260 caelestibus
1802 3204 1867 3257 ad
1899 3204 2002 3259 ima
2042 3205 2171 3260 sab-
2197 3230 2244 3293 α

578 3297 747 3351 misit.
794 3296 935 3353 Fieri
979 3301 1173 3368 quippe
1206 3309 1424 3368 propter
1463 3313 1561 3353 nos
1608 3299 1768 3353 homo
1792 3300 2041 3368 dignatus
2061 3308 2168 3366 est,

578 3400 635 3445 et
660 3389 787 3444 dum
838 3400 1105 3447 mortuum
1152 3393 1353 3447 animal
1399 3393 1573 3461 petiit,
1608 3408 1838 3448 mortem
1888 3395 2029 3463 apud
2073 3409 2172 3451 nos

577 3482 668 3551 qui
708 3484 848 3553 apud
888 3497 949 3539 se
980 3492 1097 3539 erat
1128 3485 1444 3541 immortalis
1476 3486 1699 3540 invenit.
1732 3486 1835 3541 Sed
1866 3487 2021 3555 hujus
2051 3486 2170 3543 vui.-

581 3578 717 3632 turis
742 3577 930 3635 oculos
954 3579 1055 3634 fuit
1087 3580 1199 3649 ipsa
1237 3581 1465 3635 intentio
1494 3592 1693 3635 nostra:
1725 3581 2165 3646 resurrectionis,

577 3670 700 3738 quia
733 3670 849 3740 ipse
879 3670 946 3727 ad
977 3673 1211 3728 triduum
1243 3685 1510 3739 mortuus,
1542 3674 1613 3727 ab
1641 3682 1838 3728 (eterna
1872 3688 1970 3727 nos
1992 3686 2172 3729 morte

579 3763 848 3819 liberavit.
891 3765 983 3821 llle
1012 3780 1141 3836 ergo
1187 3767 1425 3834 perlidus
1469 3765 1670 3821 ludicre
1700 3767 1927 3836 populus
1975 3778 2173 3821 morta-

577 3856 683 3911 lem
724 3856 893 3922 vidit;
930 3867 952 3896 °
980 3857 1079 3913 sed
1106 3858 1376 3926 quomodo
1405 3865 1576 3913 morte
1613 3872 1711 3913 sua
1748 3869 1986 3913 nostram
2022 3874 2171 3914 mor-

578 3961 685 4005 tem
715 3950 1044 4014 deStrueret,
1080 3951 1303 4006 minime
1331 3950 1582 4006 attendit.
1623 3951 1917 4019 Conspexit
1954 3951 2170 4019 quidem

576 4044 865 4109 vulturem,
892 4043 988 4098 sed
1028 4047 1216 4099 oculos
1244 4044 1470 4098 vulturis
1508 4059 1614 4098 non
1642 4045 1870 4113 aspexit.
1914 4044 2015 4111 Qui
2044 4046 2172 4101 dum

577 4136 897 4193 humilitatis
925 4137 1044 4205 eius
1084 4137 1196 4191 vias
1244 4136 1439 4205 quibus
1482 4150 1582 4191 nos
1626 4136 1692 4192 ad
1723 4138 1829 4191 alta
1871 4136 2173 4192 sublewvit

576 4231 923 4287 considerare
966 4229 1155 4294 noluit,
1198 4230 1446 4284 semitam
1491 4229 1604 4283 avis
1664 4230 1948 4299 ignoravit.
1988 4229 2172 4297 Neque

574 4324 719 4379 enim
751 4339 974 4393 pensare
1003 4322 1208 4378 studuit
1235 4324 1377 4393 quod
1403 4320 1524 4391 ejus
1553 4336 1649 4376 nos
1670 4323 1943 4378 bmnilitas
1968 4322 2169 4377 levaret

572 4418 641 4470 ad
673 4414 914 4471 eademin
945 4430 996 4471 et
1025 4417 1214 4470 mortis
1232 4413 1353 4484 ejus
1382 4415 1606 4469 intentio
1637 4414 1953 4470 relormaret
1984 4415 2050 4470 ad
2083 4417 2164 4468 vi-

577 4516 709 4565 tam.
755 4507 1006 4562 Semitam
1056 4507 1212 4577 igitur
1257 4506 1511 4574 ignoravit
1557 4508 1815 4572 avis,nec
1849 4508 2061 4561 intuitus
2093 4514 2171 4561 est

2244 520 2249 523 ‘
2281 512 2481 579 bendo,
2524 513 2818 581 saeviendo,
2868 508 3107 567 feriendo
3148 514 3377 583 repulit.
3399 512 3500 584 Qui
3530 510 3757 574 "Scilicet
3788 536 3879 576 re-

2288 606 2425 673 pulsi
2456 606 2695 661 .ludacam
2741 606 2805 659 ad
2838 620 2992 672 quam
3023 605 3173 660 missi
3206 608 3427 662 lnerant‘
3453 608 3789 675 deserentes,
3822 612 3877 667 in

2286 692 2608 764 gentilitatis
2638 697 3013 751 collectionem
3053 697 3284 767 dispersi
3337 708 3481 753 sunt.
3518 697 3671 758 Unde
3700 703 3881 760 adnue

2279 780 2567 843 subditur:

2637 881 2863 937 CAPUT
2914 881 3111 936 xxxv
3152 882 3307 955 [ηεε.
3354 882 3520 956 xxi.

2356 970 2517 1025 Vens.
2543 970 2594 1026 8.
2627 970 2824 1025 -Νοη
2838 974 3291 1028 calcaverunteam
3312 974 3409 1043 ﬁlii
3440 975 3752 1045 institorum,
3787 995 3880 1033 nec

2284 1064 2616 1131 pertransiuit
2646 1081 2735 1134 per
2760 1080 2870 1118 eam
2903 1065 3085 1117 lea’na.

2350 1155 2436 1208 55.
2481 1156 2711 1227 Apostoli
2743 1173 3019 1223 eorumque
3071 1172 3387 1212 successores
3443 1156 3683 1213 Judteam
3728 1161 3880 1215 dese-

2279 1256 2488 1300 ruerunt
2530 1258 2578 1301 ct
2613 1250 2883 1317 gentilium
2916 1251 3231 1303 conversioni
3283 1250 3608 1304 insudarunt.
3644 1282 3713 1292 —
3755 1260 3779 1289 °
3822 1254 3878 1308 In

2278 1348 2484 1399 cunctis
2516 1345 2716 1399 Latinis
2743 1346 3032 1401 (Iudicibus
3063 1347 3396 1401 insitutores
3427 1338 3631 1417 positos
3664 1348 3880 1419 reperi-

2280 1453 2421 1503 mus,
2475 1438 2526 1492 in
2578 1438 2779 1494 Gre-cis
2825 1455 2952 1494 vero
3003 1440 3366 1510 negotiatores
3412 1442 3737 1497 invenimus.
3800 1442 3879 1500 Ex

2279 1520 2385 1602 qua
2412 1533 2668 1601 recolligi
2696 1534 2837 1587 valet
2865 1533 3009 1602 qiod
3043 1533 3093 1587 in
3142 1535 3240 1589 hoc
3290 1535 3407 1589 loco
3460 1538 3555 1607 pro
3613 1534 3879 1591 institori-

2279 1623 2377 1677 bus
2405 1625 2738 1678 institutores
2768 1624 3059 1694 scriptores
3102 1628 3298 1696 quique
3333 1627 3628 1696 ignorando
3679 1645 3878 1699 posue~

2279 1712 2422 1770 runt.
2455 1715 2732 1771 lnstitores
2762 1719 2904 1772 enim
2950 1721 3309 1790 negotiatores
3358 1722 3607 1791 dicimus,
3666 1739 3766 1795 pro
3810 1738 3877 1779 eo

2205 1831 2253 1899 Β
2279 1808 2419 1879 quod
2450 1807 2750 1863 exercendo
2780 1811 2931 1878 operi
2966 1811 3235 1865 insistunt.
3266 1812 3373 1868 Sed
3420 1830 3642 1884 uterque
3682 1832 3868 1871 sermo

660 1895 820 1948 Vens.
862 1896 914 1948 7.
946 1926 1018 1935 —
1043 1897 1302 1952 Semitam
1352 1900 1605 1969 ignoravit
1650 1902 1777 1968 avis,
1826 1918 1918 1956 nec
1958 1902 2174 1958 intuitus
2218 1896 2225 1901 ’

2279 1903 2406 1956 licet
2432 1902 2484 1956 in
2519 1919 2648 1957 voce
2689 1905 2945 1968 dissonet,
2980 1903 3032 1958 in
3079 1903 3351 1962 intellectu
3405 1923 3511 1962 non
3565 1909 3879 1980 discrepat,

2278 1994 2401 2067 qlia
2430 2010 2620 2050 omnes
2659 1994 2748 2065 qni
2783 1996 3017 2050 lidelium
3049 2014 3226 2052 mores
3262 2000 3583 2064 instituunt,
3628 2001 3880 2071 spiritale

2280 2087 2548 2155 negotium
2582 2098 2799 2159 gerunt,
2857 2098 2916 2143 ut
2943 2104 3063 2143 cum
3098 2091 3539 2160 praidicationem
3583 2095 3695 2149 suis
3722 2096 3881 2149 audi-

2280 2160 2483 2233 toribus
2510 2183 2772 2263 pra:bent,
2801 2182 2867 2235 ab
2896 2183 2975 2236 eis
3003 2181 3162 2237 [idem
3196 2197 3248 2238 et
3294 2200 3455 2251 opera
3508 2198 3651 2241 recta
3686 2189 3871 2256 perci-

2279 2273 2447 2341 piant,
2508 2274 2645 2327 sicut
2696 2274 2761 2327 de
2791 2284 2977 2329 sancta
3016 2276 3254 2331 Ecclesia
3292 2278 3553 2348 scriptum
3599 2287 3684 2333 est
3708 2296 3723 2336 :
3750 2268 3881 2334 Sin-

2278 2366 2462 2417 donem
2495 2368 2610 2434 fecit
2639 2375 2685 2419 et
2716 2366 2943 2420 vendidit
2972 2360 3152 2438 (Prov,
3220 2385 3373 2433 xxxi,
3405 2368 3495 2442 2i)
3519 2389 3532 2437 ;
3560 2371 3627 2426 de
3672 2389 3778 2442 qua
3826 2382 3880 2429 et

2279 2459 2436 2527 paulo
2465 2467 2584 2527 post
2607 2459 2712 2512 illic
2737 2458 2931 2514 dicitur
2960 2477 2971 2511 :
3010 2458 3152 2513 Vidit
3200 2461 3337 2532 quod
3366 2463 3496 2515 bona
3547 2473 3621 2517 est
3643 2469 3881 2535 negotia-

2278 2554 2348 2601 tio
2379 2550 2490 2618 ejus
2521 2545 2685 2618 (Ibid.
2733 2565 2885 2618 xui,
2942 2550 3053 2620 18).
3105 2549 3205 2618 Qui
3254 2556 3351 2606 lioc
3383 2553 3501 2607 loco
3545 2550 3880 2611 institutores

2278 2641 2379 2693 nisi
2412 2651 2683 2709 prepaette
2711 2641 2882 2693 saneti
2911 2643 3081 2695 vocati
3112 2651 3237 2695 sunt
3257 2685 3270 2709 ,
3304 2644 3391 2713 qui
3442 2628 3726 2715 synagoigte
3758 2663 3878 2701 ino-

2280 2726 2369 2787 res
2423 2734 2488 2786 ad
2541 2733 2702 2787 tidem
2758 2733 3039 2789 instituere
3094 2746 3414 2791 curaverunt
3448 2732 3878 2807 'prophetando?

2277 2827 2517 2896 Quorum
2571 2826 2825 2880 nimirum
2877 2826 2971 2880 liii
3002 2828 3173 2883 sancti
3214 2831 3437 2897 apostoli
3474 2847 3873 2903 nuncupantur,

2279 2923 2368 2995 qui
2403 2934 2457 2977 ut
2486 2920 2657 2977 Deum
2688 2922 2958 2975 hominem
2986 2922 3293 2992 crederent,
3326 2925 3389 2976 ad
3421 2926 3665 2980 eamdem
3702 2928 3867 2982 tidem

2282 3033 2349 3073 ex
2410 3032 2596 3072 eorum
2650 3028 2774 3071 sunt
2825 3016 3202 3086 prmdicationc
3248 3020 3507 3097 generati.
3561 3021 3633 3073 De
3676 3020 3874 3089 quibus

2281 3112 2536 3168 Ecclesiae
2571 3131 2663 3183 per
2698 3114 3033 3168 Psalmistani
3085 3116 3277 3170 dicitur
3306 3131 3322 3168 :
3353 3114 3455 3169 Pro
3493 3116 3725 3188 patribus
3771 3117 3873 3169 tuis

2279 3211 2385 3261 nati
2417 3216 2534 3260 sunt
2563 3207 2651 3261 tibi
2691 3206 2808 3276 lilii,
2835 3209 3112 3263 constitues
3144 3225 3229 3263 eos
3282 3210 3537 3279 principes
3578 3226 3733 3280 super
3761 3225 3874 3281 ont-

2278 3317 2392 3355 nem
2413 3311 2597 3355 terram
2626 3299 2799 3372 (Psal.
2835 3319 2977 3368 xuv,
3014 3302 3125 3371 l7).
3157 3301 3262 3359 Sed
3282 3302 3408 3372 quia
3426 3301 3625 3370 repulsi
3647 3311 3873 3373 aposto-

2279 3384 2313 3445 li
2345 3411 2372 3445 a
2403 3407 2689 3462 synagoga:
2720 3395 2913 3448 tinibus
2939 3403 3063 3447 sunt
3113 3394 3338 3461 egressi,
3371 3405 3516 3445 rec.e
3547 3407 3689 3444 mine
3735 3392 3876 3445 dici-

2278 3494 2410 3541 tur:
2465 3483 2587 3539 Non
2632 3485 2955 3538 calcaverunt
2994 3501 3105 3537 eam
3160 3483 3259 3554 ﬁlii
3306 3484 3618 3537 institorum.
3677 3480 3878 3537 Calca-

2283 3589 2406 3635 rent
2449 3580 2642 3651 quippe
2673 3596 2791 3633 eam
2864 3579 3169 3634 institorum
3215 3577 3333 3645 lilii,
3386 3578 3431 3632 si
3483 3577 3873 3657 praedicatores

2289 3676 2465 3730 sancti
2494 3674 2734 3745 ejusdem
2768 3688 3052 3745 synagoga:
3076 3674 3199 3727 vitia
3228 3672 3376 3728 cilce
3406 3673 3618 3726 virtutis
3655 3685 3875 3749 preme-

2293 3779 2434 3824 rent.
2468 3768 2525 3823 Si
2550 3779 2730 3823 autem
2759 3767 3032 3821 institores
3065 3762 3084 3803 ι
3112 3765 3333 3821 eosdem
3360 3776 3560 3820 sancta:
3611 3764 3877 3835 Ecclesia

2276 3859 2657 3930 praedzcatores
2683 3860 2994 3928 accipimus.
3027 3858 3336 3915 inStitorum
3364 3858 3505 3913 lilios
3528 3871 3773 3928 pastores
3803 3866 3864 3912 et

2275 3951 2545 4013 doctores,
2572 3951 2660 4019 qui
2692 3953 3055 4017 apostolorum
3109 3958 3135 3997 8
3188 3950 3325 4003 viam
3367 3949 3532 4003 secuti
3590 3957 3737 4012 sunt,
3789 3946 3869 4023 nil

2274 4044 2453 4100 obstat
2482 4043 2729 4115 intelligi.
2763 4042 2864 4109 Qui
2892 4042 3231 4114 Synagogam
3253 4040 3472 4095 minime
3497 4041 3873 4108 calcaverunt,

2277 4136 2399 4206 quia
2431 4136 2555 4189 dunt
2589 4150 2774 4189 eorum
2809 4144 3008 4204 patres,
3044 4134 3095 4188 id
3126 4145 3208 4188 est
3254 4133 3503 4202 apostoli,
3554 4133 3620 4187 ab
3663 4132 3753 4187 illa
3786 4126 3876 4191 re-

2281 4231 2418 4301 pulsi
2449 4238 2605 4295 sunt,
2639 4229 2738 4299 ipsi
2769 4244 2982 4299 quoque
3035 4227 3103 4282 ab
3127 4227 3244 4297 ejus
3295 4228 3574 4282 vocatione
3619 4242 3874 4283 cessave-

2276 4333 2418 4379 runt.
3750 4348 3753 4351 '

2351 4414 2495 4488 [νει.
2521 4410 2757 4483 ΧΧΙΙ.]
2789 4413 2877 4466 56.
2912 4410 3196 4483 Synagoga
3225 4409 3436 4477 relicta,
3469 4410 3699 4485 gentibus
3717 4409 3874 4479 celli-

2276 4510 2452 4580 geudis
2478 4506 2712 4563 Ecclesia
2727 4507 2944 4561 studuit.
2978 4506 3151 4561 -—l’er
3174 4522 3331 4577 quam
3358 4505 3609 4560 videlicet
3629 4506 3876 4577 Synago-

575 4599 751 4655 oculos
778 4598 1022 4665 vulturis,
1070 4600 1191 4667 quia
1238 4599 1341 4656 etsi
1386 4598 1514 4653 vidit
1552 4615 1672 4653 cum
1699 4614 1855 4669 quem
1900 4601 1953 4652 in
1993 4611 2165 4653 morte
2194 4620 2248 4681 Β
2275 4602 2579 4672 gamlemna
2604 4615 2708 4673 non
2724 4598 3058 4669 pertransiit,
3084 4599 3205 4668 quia
3229 4610 3413 4653 sancta
3440 4598 3673 4655 Lcclesia
3697 4599 3874 4656 colle-

576 4695 768 4761 tenuit,
798 4692 983 4751 videre
1025 4692 1197 4748 noluit
1224 4689 1249 4728 ί¹
1291 4707 1489 4763 quanta
1522 4693 1683 4747 vitam
1731 4703 1969 4747 nostram
1995 4692 2165 4761 gloria

576 4784 644 4840 de
666 4786 785 4857 ejus
826 4794 1000 4843 morte
1024 4798 1363 4855 sequeretur.
1408 4784 1563 4842 Unde
1589 4796 1643 4838 et
1673 4786 1737 4839 ad
1783 4786 2166 4849 crudelitatem

571 4892 782 4949 quoque
807 4880 1200 4949 persecutionis
1225 4877 1449 4945 exarsit,
1495 4878 1659 4935 verba
1690 4880 1813 4933 vita:
1840 4876 1992 4947 58]
2029 4876 2171 4933 reci-

646 5052 669 5079 ι
703 5040 885 5106 Vind.,
918 5042 1104 5112 majori
1145 5044 1337 5094 unitate
1364 5036 1690 5094 constrinxit.
1734 5035 1753 5087 1
1798 5034 1967 5089 Laud.
2004 5035 2167 5090 liabet

570 5123 804 5167 construi
818 5114 875 5178 it,
908 5128 1002 5181 pro
1030 5113 1350 5166 constrinxit.
1603 5178 1617 5181 _
1746 5116 1749 5121 ’

642 5184 670 5222 ι’
693 5190 767 5238 iti
804 5183 828 5235 1
859 5175 1052 5249 Laud.,
1088 5186 1365 5239 Nonnuet
1412 5182 1545 5251 pler.
1603 5178 1658 5233 In
1709 5177 1956 5233 omnibus
1988 5175 2162 5232 Editis

570 5258 832 5311 omittitur
864 5274 917 5310 a.
1482 5298 1485 5303 ι

646 5339 668 5367 ε
700 5325 944 5392 Plurimi,
973 5328 1060 5383 sed
1088 5326 1226 5396 quod
1247 5332 1504 5396 mort_e_....
1539 5336 1640 5375 non
1669 5320 1885 5396 attendit

642 5396 666 5435 ἀ
692 5398 900 5467 Germ.,
930 5391 1112 5455 (ἔοι-ι).⁷
1132 5397 1343 5462 Cerne,
1375 5392 1584 5458 Norm.,
1611 5401 1807 5462 quanta
1834 5391 1949 5445 vita
1975 5400 2163 5447 nostra:

602 5473 752 5526 toria.
776 5482 783 5489 '
1634 5484 1635 5489 ‘
2118 5482 2127 5497 ’

569 5492 841 5596 glorl‘iunc
870 5542 1042 5595 locum
1076 5544 1127 5592 in
1161 5534 1301 5590 Etlit.
1329 5534 1793 5601 corruptissimum
1821 5535 2154 5591 restituimus

566 5631 632 5671 ex
661 5604 786 5669 aliis.
812 5613 975 5667 Corb.
1001 5610 1213 5673 Germ.,
1249 5609 1475 5676 Angbc.,
1513 5604 1693 5659 Norm.
1719 5648 1731 5669 ,
1770 5607 2111 5661 Parisiensib.
2136 5650 2153 5673 ,

567 5686 761 5747 Laud.,
792 5684 1028 5746 Belvac.,
1076 5690 1183 5734 etc.
1220 5679 1372 5732 Prius
1403 5680 1679 5747 legebatur
1704 5695 1715 5729 ε
1740 5678 1795 5731 in
1824 5681 2017 5733 cunctis
2050 5678 2155 5732 La-

569 5759 692 5813 tinis
725 5750 999 5809 Codicibus
1019 5755 1275 5804 institores
1310 5752 1499 5819 positos
1532 5752 1827 5819 reperimus.
1862 5750 1924 5803 In
1958 5750 2152 5804 (ira-cis

568 5844 686 5883 vero
730 5827 1066 5896 negotiarores
1093 5818 1759 5890 ὺουοκὶιὴωιτκωηααυνο
1786 5822 1975 5891 colligi
2016 5823 2149 5876 valet

2273 4693 2436 4761 ctioni
2471 4693 2709 4764 gentium
2737 4692 2919 4747 dedita
2967 4707 3302 4762 nequaquam
3336 4708 3455 4745 se-e
3501 4691 3568 4746 ad
3596 4692 3742 4745 illum
3772 4692 3874 4747 Ju-

2277 4786 2409 4841 dzca:
2441 4786 2693 4855 populum
2722 4784 2922 4839 diutius
2949 4786 3250 4853 occupavit.
3279 4783 3447 4839 Recte
3471 4794 3649 4839 autem
3681 4785 3874 4840 Eccle-

2278 4880 2358 4933 sia
2380 4878 2552 4933 leaena
2584 4883 2945 4944 nuncupatur,
2996 4875 3123 4944 quia
3154 4875 3292 4930 male
3326 4877 3564 4931 viventes
3592 4878 3643 4930 in
3696 4874 3867 4944 vitiis,

2269 5037 2407 5106 quod
2437 5035 2531 5089 hoc
2555 5035 2606 5087 in
2630 5034 2741 5088 loco
2772 5050 2863 5103 pro
2884 5032 3281 5103 negotiatoribus
3302 5033 3557 5086 institores
3588 5034 3871 5102 scriptores

2276 5106 2566 5177 ignorando
2606 5117 2908 5177 posuerunt.
2957 5109 3071 5172 Quo
3104 5115 3259 5172 pacto
3301 5108 3613 5159 erraverunt
3640 5106 3732 5172 qui
3767 5122 3870 5172 pro

2270 5178 2666 5249 negotiatoribus
2696 5179 2955 5233 institores
2984 5188 3289 5246 posuerunt,
3320 5191 3443 5231 cum
3490 5190 3716 5249 utraque
3749 5193 3866 5232 vox

2269 5248 2410 5305 idem
2435 5252 2623 5305 sonet?
2650 5251 2753 5304 Sed
2779 5249 3061 5317 legendum
3085 5249 3421 5313 institutores,
3443 5256 3503 5302 ut
3518 5248 3708 5313 vitiose
3734 5258 3869 5305 tunc

2271 5321 2546 5392 legebatur
2578 5322 2629 5375 in
2656 5323 2772 5376 Lat.
2798 5319 3039 5373 Codicib.
3074 5317 3216 5372 Libri
3247 5317 3375 5382 Job;
3407 5319 3482 5392 sic
3514 5331 3691 5371 autem
3727 5317 3868 5374 Grc~

2269 5387 2476 5462 gtiriuin
2507 5393 2700 5460 legisse
2732 5393 3071 5446 manifestum
3106 5398 3317 5462 esttam
3347 5404 3407 5442 ex
3433 5387 3562 5462 Mss.
3586 5394 3866 5449 consensu

2269 5458 2337 5534 (si
2385 5458 2577 5520 Germ.
2600 5464 2857 5533 excipias,
2892 5464 2942 5516 in
2974 5476 3082 5531 quo
3108 5461 3309 5534 syllaba
3353 5458 3528 5514 media
3570 5472 3631 5534 tu
3662 5464 3867 5531 ubiqm

2262 5530 2440 5590 deleta
2468 5540 2573 5603 est)
2605 5530 2761 5603 quam
2806 5549 2871 5588 ex
2906 5536 2985 5587 liis
3015 5535 3215 5596 verba,
3269 5530 3455 5585 Omnes
3487 5533 3576 5603 qui
3609 5534 3857 5601 ﬁdelium

2262 5624 2427 5661 mares
2449 5609 2747 5670 instituunt,
2776 5616 2880 5661 etc.
2976 5658 2979 5659 ,
3738 5636 3739 5641 η

2335 5677 2353 5715 r
2383 5680 2593 5732 (minet.
2624 5692 2684 5731 ac
2718 5678 2814 5745 pL,
2839 5675 3066 5745 ejusdem
3090 5685 3280 5727 sancta:
3305 5674 3566 5731 Ecclesiw.

2330 5757 2356 5796 s
2380 5750 2468 5804 Sic
2495 5749 2762 5805 inudun..
2794 5748 3039 5811 Vimine,
3066 5747 3227 5799 (Duri).
3260 5746 3469 5814 Gerun;
3501 5747 3689 5804 Noun.
3721 5745 3858 5806 Edi-

2257 5820 2297 5874 ti
2326 5837 2448 5876 cum
2468 5822 2675 5884 Gerrn.,
2702 5822 2859 5873 vitam
2888 5824 3042 5872 seculi
3068 5832 3211 5872 sunt.
3306 5862 3309 5865 ,
