4104 6350
223 370 291 431 89
1057 366 1421 426 MOIiALIUM
1464 365 1592 423 LIB.
1634 363 1822 423 XVIII.
1848 395 1920 408 —
1946 364 2174 423 CAPUT
2212 364 2427 421 XXVIII
2469 364 2531 422 B.
2570 362 2707 424 JOB.
3446 364 3515 420 70

222 508 317 549 ore
356 496 562 546 sanctre
611 485 1015 558 praedicationis
1065 486 1342 543 interﬁcit.
1402 472 1557 541 Unde
1603 493 1657 539 et
1713 482 1813 553 ipsi
1842 484 1892 544 Α
1923 479 2073 536 Dii-at
2102 493 2263 548 ergo:
2295 478 2374 531 Att
2398 477 2591 533 silicem
2616 477 2840 533 extendit
2869 493 3078 532 manum
3104 493 3271 543 suam,
3298 480 3512 531 subver-

222 589 396 657 primo
427 583 629 657 pastori
661 583 810 652 quasi
860 582 1019 650 hujus
1040 570 1222 636 lercnte
1253 582 1330 634 ori
1379 578 1575 634 dicitur
1602 596 1612 631 :
1643 577 1816 631 Macta

221 688 268 733 et
294 679 559 733 manduca
585 676 725 748 (Act.
756 692 809 742 Χ,
862 674 971 746 15).
1022 675 1173 742 Quod
1233 683 1497 728 mactatur
1544 673 1741 743 quippe
1786 686 1817 725 a

220 774 325 825 vita
347 771 634 836 occiditur,
654 771 703 823 id
731 785 858 825 vero
874 769 1015 839 quod
1040 768 1362 835 cotneditur,
1388 769 1440 822 in
1471 765 1816 822 comedentis

220 878 450 930 corpore
472 871 859 918 commutatur.
889 862 1057 917 Macta
1081 878 1208 933 ergo
1238 870 1294 918 et
1318 861 1578 915 manduca
1597 859 1813 925 dicitur,

221 958 272 1013 id
302 968 389 1015 est
434 972 463 1010 a
516 968 739 1025 peccato
788 944 967 1012 cos‘in
999 970 1104 1023 quo
1152 957 1337 1010 vivunt
1366 958 1627 1019 intcrlice,
1684 964 1739 1009 et
1787 968 1815 1007 a

221 1050 418 1119 seipsis
471 1050 595 1105 illos
662 1050 715 1104 in
778 1060 863 1102 tua
929 1048 1170 1125 membra
1234 1057 1512 1104 converte.
1562 1048 1627 1100 Et
1694 1045 1817 1116 quia

220 1141 339 1196 Itzrc
371 1142 611 1197 Ecclesia
641 1155 838 1207 corpus
864 1148 946 1195 est
974 1139 1207 1205 Domini,
1243 1142 1355 1207 ipse
1373 1139 1533 1194 etiam
1561 1138 1819 1192 Dominus

218 1230 390 1286 Jacab
419 1247 551 1286 voce
602 1231 685 1305 leo
712 1239 936 1285 vocatur
955 1245 1023 1287 es
1044 1245 1124 1295 se,
1160 1230 1328 1284 lerena
1356 1241 1579 1297 vocatur
1604 1243 1672 1283 ex
1694 1242 1819 1282 cor»-

219 1339 376 1393 pore,
408 1324 535 1378 dum
577 1326 627 1378 ei
653 1322 754 1376 sub
779 1322 932 1377 inda:
962 1322 1144 1391 specie
1174 1322 1370 1376 dicitur
1396 1339 1409 1374 :
1433 1322 1514 1374 Ad
1544 1322 1775 1389 pra'dam
1799 1360 1814 1383 ,

217 1417 299 1485 fili
317 1420 407 1478 mi,
433 1416 729 1480 ostendisti,
756 1416 1068 1484 requiescens
1091 1414 1373 1469 arcubuisti
1398 1424 1450 1467 ul
1484 1414 1583 1479 leo,
1610 1423 1656 1467 et
1680 1429 1819 1481 qua-

215 1512 261 1565 si
294 1512 489 1574 (creua;
515 1511 676 1583 582
708 1518 732 1545 ε·
754 1509 868 1579 quis
887 1508 1280 1562 suscitabiteum
1311 1505 1518 1578 (Cenes.
1549 1522 1693 1571 κως,
1726 1505 1819 1573 9)?

220 1604 347 1659 Ilzec
378 1604 536 1674 igitur
565 1604 732 1657 lea‘na
763 1617 1097 1675 nequaquam
1145 1601 1363 1667 dicitur,
1394 1602 1517 1671 quia
1550 1600 1577 1639 ιι
1603 1617 1696 1671 per
1723 1600 1818 1655 .Iu-

217 1697 394 1750 dmam
440 1712 547 1750 non
598 1696 849 1760 transiit,
881 1696 977 1749 sed
1011 1709 1117 1769 non
1169 1695 1499 1764 pertransiit.
1544 1693 1817 1762 Apostolis

215 1801 452 1857 namque
470 1786 879 1854 prmdicantibns
897 1790 1041 1853 prius
1055 1801 1119 1839 ex
1138 1785 1228 1840 illa
1248 1788 1346 1839 tria
1372 1786 1562 1851 millia,
1582 1795 1816 1854 postmo-

1923 572 1983 623 tit
2011 589 2044 625 a
2092 572 2348 625 radicibus
2380 583 2592 637 montes,
2626 570 2751 649 quia
2798 570 2923 624 dum
2973 570 3224 649 duritiam
3272 572 3510 641 gentium

1922 674 2102 717 sancta
2130 664 2436 732 praedicatio
2466 664 2633 734 petiit,
2665 648 3016 733 superborum
3039 662 3373 718 altitudinem
3397 658 3511 718 fun-

1921 755 2062 809 ditus
2090 756 2298 809 stravit.
2342 757 2472 822 Quia
2521 770 2647 809 vero
2694 770 2786 808 eos
2830 769 2965 825 quos
3012 769 3042 808 a
3092 748 3505 825 cogitationibus

1925 851 2151 905 terrenis
2178 861 2399 923 evacuat
2428 849 2583 905 donis
2614 849 2922 905 cmlestibus
2950 849 3148 920 replet,
3176 860 3230 906 et
3258 863 3391 919 quos
3425 850 3513 901 in-

1927 942 2066 995 ﬁnus
2088 944 2231 998 curis
2254 943 2506 998 exhaurit
2532 941 2781 1011 supernis
2805 942 2938 1010 rigat
2969 942 3205 1008 ﬂuentis,
3237 955 3361 996 mox
3383 939 3520 995 sub-

1925 1037 2071 1089 ditur
2102 1022 2127 1090 ε⁵
2538 1028 2541 1029 ν
2856 1026 2859 1027 ν

2451 1125 2680 1183 CAPUT
2722 1125 2987 1182 XXXVII.

2000 1222 2161 1278 Vens.
2200 1223 2282 1277 lt).
2324 1252 2389 1262 —
2417 1218 2483 1274 In
2508 1223 2663 1288 petris
2687 1206 2822 1275 rivos
2849 1208 3061 1274 excidit.

1993 1318 2081 1371 58.
2117 1315 2181 1369 In
2200 1300 2369 1370 sateis
2390 1316 2656 1385 gentilium
2686 1314 2925 1368 cordibus
2961 1314 3097 1367 Deus
3123 1311 3309 1381 ﬂuvios
3333 1310 3517 1379 praedi-

1924 1408 2141 1461 cationis
2171 1408 2392 1473 aperuit.
2422 1438 2498 1451 —
2518 1408 2572 1462 Id
2595 1415 2698 1483 est,
2731 1408 2781 1461 in
2832 1405 2983 1483 duris
3021 1388 3297 1476 gentilium
3328 1402 3511 1457 cordi-

1922 1500 2019 1553 bus
2067 1499 2255 1553 ﬂuvios
2305 1478 2700 1569 pr.ndicatiouis
2737 1478 2968 1568 aperuit,
2997 1484 3135 1550 sicut
3160 1510 3255 1563 per
3281 1495 3514 1563 prOpbea
3571 1480 3575 1485 ’

1924 1599 2028 1643 tam
2058 1607 2270 1660 quoque
2296 1592 2361 1645 de
2384 1592 2661 1660 ‘irriganda
2689 1591 2886 1645 dicitur
2924 1589 3174 1643 ariditate
3197 1580 3475 1658 gentilium
3503 1603 3519 1643 :

1922 1681 2105 1737 Posuit
2126 1685 2378 1737 desertum
2400 1686 2451 1736 in
2480 1668 2714 1754 stagnum
2744 1680 2768 1719 ί¹
2801 1696 3075 1753 aquarum,
3095 1693 3141 1733 et
3172 1688 3365 1733 terram
3403 1677 3515 1732 sine

1918 1789 2054 1843 aqua
2102 1776 2155 1827 in
2200 1774 2362 1829 exitus
2391 1792 2639 1844 aquarum
2687 1772 2860 1845 (Psal.
2909 1789 3017 1840 CVI,
3066 1769 3183 1855 55).
3240 1773 3417 1839 Atque
3465 1768 3522 1825 in

213 1882 345 1934 dum
375 1880 611 1949 quinque
643 1878 806 1933 millia
828 1878 1194 1934 crediderunt.
1232 1877 1471 1933 Ecclesia
1506 1879 1683 1948 itaque
1717 1893 1811 1947 per

1920 1861 2214 1929 Evangelia
2247 1866 2506 1929 promittit
2540 1864 2831 1928 Dominus,
2886 1854 3113 1917 dicens:
3147 1854 3249 1925 Qui
3278 1860 3439 1915 credit
3470 1860 3522 1915 in

212 1974 555 2044 Synagogam
587 1974 817 2036 transiit,
843 1972 937 2028 sed
973 1987 1078 2027 non
1108 1972 1440 2042 pertransiit,
1474 1973 1594 2041 quia
1629 1987 1692 2026 ex
1725 1972 1811 2026 illa

212 2067 283 2122 ad
320 2067 476 2121 ﬁdem
508 2080 705 2136 paucos
737 2067 945 2136 rapuit.
991 2064 1085 2120 sed
1119 2074 1299 2119 tamen
1344 2064 1493 2118 illum
1542 2063 1810 2121 inlidelem

211 2159 473 2227 pOpqum
498 2172 527 2211 a
550 2156 774 2226 perﬁdia
795 2156 1029 2211 funditus
1057 2172 1165 2211 non
1196 2157 1473 2211 exstinxit.
1507 2155 1637 2220 Sed,
1667 2155 1811 2226 quod

206 2254 480 2321 saepeiam
505 2250 767 2315 diximus,
800 2250 1014 2319 repulsa
1043 2250 1112 2303 ab
1138 2248 1454 2304 inﬁdelitate
1474 2248 1807 2315 Judmorum,

206 2342 432 2398 deﬂexit
453 2343 517 2396 ad
554 2344 889 2397 vocationem
920 2342 1181 2411 gentium.
1216 2341 1369 2397 Unde
1395 2341 1571 2396 adhuc
1600 2341 1670 2397 de
1716 2356 1811 2396 ea-

208 2437 335 2492 dem
369 2436 539 2491 leaena
563 2436 757 2490 dicitur
785 2454 799 2488 :

752 2524 977 2582 CAPUT
1020 2525 1263 2581 XXXVI.

292 2619 452 2673 Vens.
470 2618 523 2672 9.
546 2648 617 2658 —
645 2617 723 2670 Ad
749 2618 945 2671 silicem
971 2618 1199 2674 extendit
1236 2633 1445 2673 manum
1480 2632 1651 2683 suam,
1688 2617 1809 2671 sub-

206 2713 359 2789 vertit
388 2728 419 2766 a
445 2711 708 2765 radicibus
740 2722 955 2767 montes.
1142 2696 1145 2701 ’

281 2804 373 2883 5ῖ.
397 2805 890 2873 Quarumdurittam
914 2806 1162 2860 emollivit
1179 2846 1194 2871 ,
1219 2814 1265 2859 et
1287 2807 1579 2877 superbiam
1602 2809 1805 2862 stravit.

202 2929 279 2943 ——
304 2900 517 2955 Manum
559 2901 754 2971 quippe
780 2899 844 2953 ad
879 2900 1091 2954 silicem
1121 2900 1384 2968 extendit,
1417 2902 1537 2969 quia
1563 2902 1629 2954 ad
1659 2902 1807 2956 duri-

201 2998 335 3053 tiam
359 2994 599 3064 gentium
616 3008 729 3048 sua:
747 2994 1024 3048 brachium
1051 2993 1451 3062 praedicationis
1477 2993 1806 3051 misit.Unde

198 3101 260 3146 et
315 3090 457 3144 idem
504 3088 694 3145 beatus
733 3087 835 3141 Job
883 3087 1146 3154 passionis
1185 3104 1298 3159 sine
1344 3086 1624 3155 historiam
1666 3103 1805 3158 pra:-

198 3181 385 3236 sciens
409 3179 655 3248 gentibus
685 3178 1143 3246 innetescendam,
1176 3178 1306 3235 dicit
1332 3196 1345 3232 :
1371 3178 1805 3234 Scribanturltwc

1920 1973 2017 2023 me,
2047 1959 2176 2010 sicut
2210 1958 2335 2011 dicit
2368 1956 2665 2026 Scriptura,
2695 1957 2912 2029 [lumina
2944 1970 3090 2025 aqua:
3114 1956 3238 2009 virts:
3266 1954 3330 2008 de
3351 1942 3521 2008 ventre

1916 2053 2029 2120 ejus
2060 2036 2420 2122 [luent(Joan.
2447 2066 2538 2113 vn,
2569 2050 2681 2119 88).
2716 2048 2871 2115 Quod
2901 2048 3221 2117 promissum
3261 2055 3389 2099 tunc
3421 2060 3518 2099 au-

1917 2141 2165 2206 divimus,
2200 2142 2358 2194 etiam
2385 2156 2527 2196 nunc
2547 2124 2873 2209 completum
2906 2139 3168 2193 videmus.
3202 2136 3341 2191 Ecce
3365 2136 3511 2191 enim

1918 2236 1970 2289 in
2000 2238 2199 2290 sanctis
2228 2235 2692 2306 praedicatoribus,
2718 2220 2781 2288 et
2809 2248 2915 2287 non
2959 2248 3023 2286 ex
3050 2230 3234 2286 .Iudara
3266 2231 3519 2299 progeni-

1917 2310 2022 2395 tis,
2059 2344 2151 2398 per
2163 2338 2411 2384 cunctam
2436 2327 2734 2382 Ecclesiatn
2754 2325 3005 2380 tctoorbe
3023 2314 3292 2401 diﬂ‘usam,
3315 2320 3517 2376 ﬂuenta

1914 2406 2213 2479 caelestium
2260 2423 2633 2478 mandatorum
2666 2410 2919 2483 ubertim
2954 2427 3180 2473 manant
3216 2433 3311 2473 ore
3340 2416 3516 2489 genti-

1913 2519 2066 2573 lium.
2087 2519 2219 2586 Quia
2239 2519 2381 2573 enim
2401 2521 2451 2573 in
2473 2518 2638 2587 petris
2652 2517 2795 2572 rivos
2812 2517 3042 2585 aperuit,
3063 2531 3126 2570 ex
3144 2516 3295 2571 duris
3307 2529 3520 2587 quoque

1915 2612 2076 2684 583
2106 2614 2357 2669 cordibus
2386 2611 2581 2667 ﬂuvius
2611 2618 2813 2666 sancta:
2845 2609 3243 2681 pratdicationis
3284 2596 3511 2665 emana¥

1914 2706 2010 2762 vit.
2043 2706 2300 2775 Sequitur
2332 2724 2345 2759 :

2426 2794 2653 2853 CAPUT
2694 2794 2986 2850 XXXVIII.

1985 2911 2110 2967 luto.
2141 2939 2209 2950 —
2233 2908 2299 2962 Et
2327 2924 2474 2963 omne
2503 2908 2779 2977 pretiosum
2807 2906 2929 2959 vidit
2957 2903 3134 2960 oculus
3165 2907 3295 2977 ejus.

1981 3003 2070 3057 50.
2103 3000 2232 3055 Vilis
2272 3000 2378 3055 Deo
2399 3010 2471 3055 est
2503 2999 2749 3064 mundus,
2781 3008 2828 3052 et
2869 2998 3111 3067 pretioue
3145 3000 3334 3053 anima:
3377 3014 3506 3069 quas

1910 3092 2085 3166 elegit.
2120 3125 2187 3135 —
2215 3092 2508 3151 Sciendum
2560 3108 2887 3163 magnopere
2915 3101 2999 3147 est
3039 3091 3163 3163 quia
3197 3102 3349 3148 tanto
3380 3109 3515 3163 una.

1909 3204 2137 3261 quisque
2166 3190 2344 3244 anima
2371 3189 2431 3243 lit
2460 3188 2756 3257 pretiosior
2785 3196 2910 3257 ante
2941 3187 3128 3253 oculos
3153 3186 3271 3255 Dei,
3306 3197 3511 3258 quanto

197 3274 339 3340 stylo
366 3274 535 3341 ferreo
563 3271 615 3322 in
638 3268 837 3339 plumbi
866 3270 1083 3337 lamina,
1120 3280 1141 3307 ε
1170 3269 1246 3324 vel
1277 3280 1411 3325 certe
1433 3269 1735 3342 sculpantur
1760 3272 1813 3326 in

1921 3299 2029 3353 prae
2079 3297 2266 3338 amore
2311 3281 2553 3338 veritatis
2597 3280 2901 3351 despectior
2952 3280 3113 3335 fuerit
3148 3290 3275 3336 ante
3317 3281 3511 3341 oeulos

197 3363 516 3434 silicerb.
561 3378 673 3429 xix,
698 3360 825 3429 24).
871 3364 970 3431 Qui
1003 3377 1129 3419 vero
1177 3363 1278 3417 boo
1317 3367 1369 3416 in
1412 3364 1530 3419 loco
1559 3374 1799 3430 montes,

198 3460 310 3515 nisi
334 3459 494 3528 bnjns
517 3458 700 3533 seculi
733 3467 982 3526 potentes
1016 3456 1331 3527 accipimus,
1352 3456 1446 3527 qui
1470 3472 1568 3526 pro
1590 3466 1801 3512 terrena

199 3554 505 3611 substantia
540 3550 565 3589 ἀ
584 3553 751 3608 altum
785 3552 1026 3607 tument?
1056 3552 1131 3606 De
1158 3552 1348 3620 quibus
1374 3552 1654 3606 I’salniista
1682 3554 1759 3605 ait
1784 3569 1799 3607 :

204 3646 381 3715 Tange
404 3653 634 3711 montes,
683 3652 732 3697 et
775 3644 1098 3716 fumigabunt
1146 3642 1323 3714 (Psal.
1354 3658 1543 3709 exuit,
1570 3644 1647 3714 5).
1697 3643 1802 3700 Sed

207 3747 422 3793 montes
462 3752 492 3791 a
533 3737 799 3792 radicibus
848 3746 974 3792 sunt
1020 3737 1226 3801 eversi,
1273 3734 1435 3803 quia,
1481 3733 1806 3802 prmdicante

206 3836 392 3881 sancta
427 3825 666 3882 Ecclesia
689 3866 704 3889 ,
734 3839 959 3879 summae
999 3822 1158 3894 bujus
1200 3823 1382 3878 saeculi
1430 3832 1722 3890 potestates
1751 3823 1802 3877 in

206 3902 493 3972 adoratum
520 3916 945 3986 ,omnipolentis
1000 3916 1090 3970 Dei
1137 3915 1203 3970 ab
1248 3915 1431 3969 intima
1471 3914 1805 3983 cogitatione

206 4020 236 4049 ο
253 4010 587 4065 ceciderunt.
618 4008 845 4065 Radices
858 4011 1001 4064 enim
1019 4012 1278 4064 montium
1300 4011 1654 4080 cogitationes
1679 4019 1806 4066 sunt

206 4104 414 4158 intima:
445 4104 815 4171 superborum.
850 4104 914 4157 Et
942 4120 971 4157 a
1018 4103 1288 4159 radicibus
1327 4114 1540 4160 montes
1584 4105 1803 4170 cadunt,

206 4197 337 4265 quia
386 4196 453 4250 ad
485 4197 766 4251 colendum
796 4195 963 4251 Deum
1012 4206 1303 4267 potestates
1350 4198 1533 4253 smculi
1585 4198 1654 4252 ab
1686 4195 1807 4256 imis

206 4289 629 4358 cegitatiouibns
661 4297 1094 4357 prosternuntur.
1131 4289 1294 4345 Recte
1315 4291 1519 4345 etenim
1542 4305 1639 4360 per
1655 4292 1804 4346 radi-

209 4393 333 4434 cem
364 4380 618 4448 cogitatio
633 4380 840 4435 occulta
854 4382 1117 4451 signatur,
1140 4382 1270 4449 quia,
1281 4396 1374 4450 per
1388 4381 1492 4437 boc
1502 4384 1647 4453 quod
1666 4384 1809 4440 intus

211 4488 320 4526 non
346 4474 607 4539 cernitur,
639 4473 867 4543 erumpit
888 4473 1028 4543 quod
1052 4473 1289 4531 videatur
1314 4474 1463 4529 loris.
1495 4474 1649 4532 Unde
1673 4486 1727 4531 et
1750 4479 1807 4533 in

212 4563 411 4618 bonam
459 4573 661 4633 paitetn
695 4578 788 4632 per
837 4565 1151 4633 prOpIietam
1193 4565 1425 4633 dicitur:
1459 4548 1709 4622 ‘Emittet
1751 4568 1808 4623 id

212 4655 357 4726 quod
381 4642 635 4709 salvatum‘
660 4656 812 4727 fuerit
834 4655 898 4710 de
927 4659 1079 4711 domo
1118 4654 1281 4721 Juda,
1312 4667 1360 4711 et
1388 4658 1527 4727 quod
1556 4660 1808 4731 reliquum

1906 3388 2052 3430 suos.
2088 3374 2226 3429 Hinc
2254 3373 2318 3428 ad
2343 3373 2468 3429 Saul
2502 3373 2694 3427 dicitur
2721 3389 2732 3424 :
2757 3370 2947 3425 Nonne
2988 3388 3104 3424 cum
3149 3372 3397 3442 parvulus
3429 3389 3511 3428 es-

1904 3483 1983 3520 ses
2010 3469 2062 3520 in
2084 3466 2250 3521 oculis
2277 3466 2399 3531 tuis,
2427 3475 2577 3536 caput
2608 3474 2656 3519 te
2680 3465 2921 3520 constitui
2962 3464 3013 3519 in
3061 3465 3290 3520 tribubus
3331 3464 3504 3523 Israel

1907 3557 1964 3630 (I
1995 3560 2123 3626 Reg.
2164 3575 2255 3627 xv,
2310 3558 2437 3628 l7)?
2495 3563 2572 3614 Ac
2631 3558 2679 3613 si
2745 3565 2929 3625 aperte
3002 3557 3246 3613 diceret:
3279 3557 3503 3630 Magnus

1909 3652 2038 3706 mibi
2072 3651 2235 3717 luisti,
2269 3651 2393 3720 quia
2423 3651 2711 3720 despectus
2743 3650 2872 3715 tibi;
2927 3650 3024 3705 sed
3054 3665 3197 3705 nunc
3225 3651 3347 3719 quia
3395 3666 3510 3707 mae-

1908 3759 2043 3815 gnus
2061 3744 2154 3799 tibi
2183 3758 2264 3807 es,
2289 3742 2528 3798 lactuses
2546 3741 2836 3809 desuectus
2853 3740 3008 3797 mihi.
3029 3740 3248 3797 Unde‘et
3270 3755 3366 3810 per
3393 3756 3511 3807 pro,

1910 3839 2123 3904 pbetam
2154 3833 2387 3890 dicitur;
2424 3833 2509 3888 Vw
2552 3838 2638 3904 qui
2681 3833 2934 3901 sapientes
2976 3834 3097 3887 estis
3138 3834 3191 3887 in
3238 3834 3401 3888 oculis
3422 3849 3510 3888 ve-

1910 3929 2051 3994 stris,
2080 3935 2128 3981 et
2169 3941 2340 3980 coram
2369 3924 2740 3994 nobismetipsis
2766 3924 3039 3996 prudentes
3094 3923 3250 3995 (lsai.
3285 3942 3337 3991 v,
3385 3924 3504 3996 21).

1909 4020 2081 4076 Tanto
2094 4035 2224 4089 ergo
2238 4020 2298 4083 lit
2309 4020 2535 4090 quisque
2546 4017 2700 4073 vilior
2717 4018 2851 4087 Deo,
2867 4025 3073 4088 quanto
3087 4016 3369 4087 pretiosior
3383 4016 3515 4084 sibi;

1913 4123 2061 4173 tanto
2079 4115 2363 4184 pretiosior
2390 4114 2523 4179 Deo,
2547 4122 2748 4183 quanto
2771 4122 2990 4181 praptcr
3012 4127 3131 4168 eum
3166 4111 3320 4177 vilior
3368 4112 3470 4167 sibi
3494 4128 3513 4166 :

1915 4207 2053 4273 Quia
2081 4206 2298 4261 humilia
2325 4206 2569 4270 respicit,
2589 4214 2637 4258 et
2659 4205 2769 4259 alta
2807 4221 2841 4258 a
2870 4205 3021 4275 longe
3041 4205 3302 4274 cognoscit
3327 4202 3515 4275 (Psal.

1912 4312 2152 4375 cxxxvtt,
2170 4295 2249 4366 6).
2265 4295 2408 4369 [γει.
2421 4295 2555 4350 XXI
2567 4295 2589 4349 Ι
2601 4292 2678 4366 1.]
2716 4295 2883 4350 Omne
2898 4296 3070 4364 itaque
3084 4296 3366 4367 pretiosum
3389 4296 3515 4350 vidit

1913 4391 2102 4448 oculus
2120 4393 2255 4460 ejus.
2280 4390 2339 4446 In
2365 4390 2635 4458 Scriptura
2659 4404 2811 4445 sacra
2836 4390 3018 4445 videre
3043 4390 3155 4455 Dei,
3175 4392 3200 4429 ιι
3227 4390 3518 4460 aliquando

1915 4500 2010 4552 pro
2036 4486 2234 4553 eligere
2269 4483 2502 4551 ponitur,
2522 4482 2661 4539 sicut
2692 4482 2747 4539 in
2782 4481 3072 4551 Evangelio
3095 4481 3357 4551 scriptum
3377 4490 3465 4538 est
3495 4498 3513 4538 :

1910 4576 2047 4639 Cum
2068 4594 2202 4633 esses
2221 4580 2315 4632 sub
2343 4577 2465 4645 ficu,
2504 4575 2609 4631 vidi
2636 4586 2682 4630 te
2714 4572 2896 4647 (Joan.
2921 4591 2960 4640 ι,
3002 4574 3136 4646 48);
3170 4577 3223 4632 id
3264 4584 3367 4642 est,
3390 4591 3515 4646 po-

1919 4656 2080 4727 situm
2106 4680 2158 4725 te
2178 4670 2279 4724 sub
2307 4669 2496 4724 umbra
2529 4668 2664 4737 legis
2685 4667 2846 4738 elegi.
2880 4666 3027 4723 Vidit
3054 4684 3189 4738 ergo
3218 4670 3518 4739 pretiosum

212 4762 314 4819 est,
344 4751 509 4804 mittet
538 4752 761 4804 radicem
785 4752 1048 4815 deorsum,
1082 4759 1129 4804 et
1168 4752 1325 4820 [acies
1355 4752 1579 4822 fructum
1606 4771 1809 4809 sursum
1918 4763 2041 4832 quia
2066 4762 2288 4817 humilia
2311 4759 2472 4830 elegit
2499 4777 2511 4813 :
2536 4758 2763 4827 Inﬁrma
2791 4759 2931 4815 enim
2952 4761 3139 4815 mutuli
3170 4729 3325 4832 elegit
3354 4762 3518 4830 Deus.

215 4843 376 4918 (Isai.
420 4860 623 4912 xxxvii,
656 4843 769 4915 5|).
802 4849 880 4900 Ac
922 4845 967 4901 si
1014 4856 1199 4914 aperte
1246 4847 1518 4902 diceretur
1555 4866 1567 4903 :
1606 4849 1661 4904 In
1689 4850 1813 4907 imis

217 4940 474 5017 cogitatio
507 4940 766 5007 nascitur,
799 4953 854 4994 ut
880 4943 931 4997 in
963 4946 1187 4996 summis
1219 4944 1500 4998 retributio
1530 4944 1806 5013 reddatur.
1844 4922 1859 4943 ³

297 5136 321 5197 τι
347 5126 458 5197 Duo
487 5123 655 5197 Laud.
685 5137 739 5197 et
767 5124 882 5197 alii,
911 5126 1023 5193 quis
1043 5127 1307 5181 suscitavit
1324 5144 1460 5182 eum.

293 5193 322 5235 ιτ
346 5192 751 5264 Siclegimusin
774 5194 810 5267 2
836 5192 1028 5259 Laud.,
1061 5197 1285 5264 Bellov.,
1320 5198 1556 5262 Ebl'tiit‘.,
1591 5197 1819 5267 Pratel.,

225 5276 308 5323 etc
347 5267 402 5321 In
427 5268 664 5339 Edttiset
687 5273 735 5320 in
762 5266 1362 5339 Germ.o‘initlitnrnon.
1380 5277 1435 5323 et
1454 5270 1820 5336 interpunctio

230 5348 431 5392 unitata
459 5349 541 5392 est
570 5336 765 5409 magno
784 5336 983 5393 sensus
1013 5344 1230 5407 damno,
1256 5344 1345 5409 qui
1370 5357 1435 5396 ex
1462 5342 1820 5396 nostraresti-

229 5413 437 5487 [titione
467 5413 523 5463 lit
546 5410 802 5487 Optimus.
837 5409 1085 5487 Explicat
1108 5421 1325 5487 sanctus
1351 5413 1548 5487 Doctor
1567 5427 1657 5487 nec
1688 5428 1812 5487 per-

230 5484 464 5536 trausivit
496 5498 583 5546 per
611 5499 719 5536 eam
743 5484 933 5544 letcna,
969 5482 1124 5550 cujus
1168 5478 1385 5537 nomine
1416 5478 1707 5537 Ecclesiam
1740 5484 1813 5537 di-

230 5556 300 5605 cit
328 5569 450 5608 esse
482 5554 905 5624 intelligendam.
934 5550 997 5605 Et
1029 5554 1273 5619 quamvis
1300 5556 1367 5611 de
1398 5556 1495 5607 bac
1520 5557 1685 5609 leaena
1713 5570 1818 5623 non

234 5628 399 5689 possit
423 5626 593 5676 asseri
623 5628 761 5696 quod
791 5640 882 5691 per
912 5624 1586 5685 iudicauitnoutransierit
1615 5626 1821 5696 (trans-
1854 5634 1870 5656 '

233 5696 287 5748 iit
319 5696 461 5750 enim
493 5694 767 5766 conversis
790 5695 854 5748 ad
884 5697 1041 5749 ﬁdem
1098 5696 1325 5764 primum
1360 5700 1548 5761 tribus,
1570 5694 1819 5766 postumo

233 5767 373 5845 dum_
393 5768 626 5845 quinque
648 5765 958 5845 Iudaeorum
976 5767 1345 5845 autumabat
1363 5785 1465 5845 non
1486 5765 1818 5845 pertransiit,

233 5838 377 5907 Quod
402 5836 598 5891 sullicit
628 5836 696 5891 ad
739 5837 837 5892 Ioci
871 5837 1029 5906 hujus
1058 5836 1577 5908 interpretationem.
1615 5836 1819 5895 Distin-l

236 5909 350 5977 suit
384 5923 514 5979 ergo
551 5917 769 5963 sanctus
825 5908 1115 5977 Gregorius
1163 5909 1301 5966 inter
1338 5911 1557 5965 transire
1595 5922 1649 5963 et
1698 5927 1817 5979 per-

1918 4863 1971 4907 ut
1997 4854 2332 4924 confunderet
2362 4852 2517 4924 fortia
2550 4850 2601 4923 (Ι
2635 4851 2757 4908 Cor.
2790 4869 2829 4919 ι,
2860 4852 2975 4923 27).
3014 4852 3159 4915 Vidit
3185 4856 3518 4923 pretiosum,

1919 4962 2038 5009 cum
2070 4946 2360 5003 humanam
2383 4945 2619 5003 animam
2636 4943 2707 5002 de
2735 4960 2796 5002 se
2825 4945 3032 5015 abiecta
3062 4946 3364 5017 sapientem
3388 4963 3512 5019 gra-

1928 5134 2495 5263 tmcnI?iEditis,vel
2551 5197 2698 5253 celte.
2752 5198 3042 5268 Sequimur
3096 5174 3222 5255 Mss.
3278 5197 3522 5268 Anglic.,

1926 5268 2135 5347 Nor_n_i.,
2162 5268 2350 5324 Gallic.
2380 5267 2513 5347 Vide
2541 5282 2659 5339 quae
2691 5267 3097 5325 observavimus
3123 5271 3162 5324 ιι
3200 5284 3309 5339 xw,
3343 5267 3393 5322 c'.
3416 5267 3522 5337 53;

1927 5341 2127 5468 "'36th
2152 5411 2447 5476 Bellovac.,
2474 5374 2644 5466 Laud.
2668 5450 2683 5477 ,
2714 5370 2899 5483 not-ui.
2926 5378 2988 5471 ἐί
3015 5366 3142 5481 aut,
3179 5412 3342 5477 scin,
3372 5413 3428 5469 in
3447 5386 3526 5481 at,

1927 5492 2085 5611 mihi
2121 5552 2290 5611 Laud.
2317 5554 2479 5625 aliam
2506 5552 2643 5625 lianc
2672 5553 2799 5625 lect.
2832 5563 3072 5621 annotat,
3099 5556 3436 5621 transierunt.

2004 5625 2022 5663 ί
2058 5627 2290 5681 Gemet..
2326 5625 2534 5687 Gerun,
2565 5624 2725 5679 Gorb.
2759 5624 2941 5679 Germ.
2966 5633 3019 5678 et
3041 5626 3152 5693 alii,
3191 5636 3236 5681 et
3270 5633 3455 5681 mittet.

2000 5705 2025 5742 κ
2049 5697 2237 5761 Land.,
2271 5694 2434 5755 Corb.
2467 5694 2652 5752 Germ.
2683 5704 2735 5750 et
2764 5695 2975 5762 Nortn.,
3005 5712 3169 5764 mare.
3366 5720 3369 5721 ν

2000 5765 2029 5804 ¹ι
2052 5769 2216 5824 Corb.
2245 5767 2454 5831 ϐαι-ιιι..
2481 5768 2694 5839 Nomm,
2720 5768 2746 5820 1
2776 5767 2944 5822 Laud.
2978 5775 3033 5821 et
3060 5768 3271 5835 Germ.,
3314 5767 3527 5839 abjecto

1926 5856 2042 5910 pro,
2072 5841 2296 5906 habent,
2326 5838 2609 5907 aliquando
2632 5836 2821 5906 eligere
2849 5840 3093 5909 ponitur.
