4044 6346
522 291 581 354 71
1744 295 1986 355 SANCTI
2028 295 2358 355 GREGORII
2401 299 2614 356 MAGNI
3740 303 3808 360 72

524 418 609 468 ιὶω
632 429 742 469 sua:
774 411 1129 469 illustratione
1154 414 1410 483 resp‘exit.
1447 410 1522 468 De
1552 429 1653 483 qua
1707 414 1957 470 videlicet
1988 416 2105 471 ani-
2139 424 2192 483 Α
2218 418 2349 486 legis
2376 417 2540 473 verba
2567 416 2935 486 cognosceret,
2959 418 3053 474 sed
3076 415 3318 486 ejusdem
3342 414 3644 472 claritatem
3671 418 3810 491 legis

521 521 608 561 tua
640 515 783 577 t‘per
810 506 1121 575 prophetam
1152 505 1347 560 dicitur
1372 523 1384 558 :
1414 505 1474 560 Si
1495 510 1807 578 separaveris
1832 513 2110 575 pretiosum
2217 508 2528 563 omnimodo
2576 523 2682 563 non
2714 510 2942 564 videret.
2990 507 3143 566 Unde
3172 520 3320 563 recte
3346 516 3399 563 et
3446 523 3541 578 per
3584 508 3810 565 Paulqu

518 613 553 653 α
576 599 686 663 uili,
716 598 863 668 quasi
886 614 942 651 os
972 614 1139 650 meum
1165 599 1266 651 eris
1296 595 1513 668 (-Jerem.
1539 615 1626 663 xv,
1664 599 1773 671 l9).
1804 600 1933 653 V'ilis
1956 601 2113 669 quip-
2216 600 2413 655 dicitur
2442 618 2456 655 :
2486 600 2657 669 Usque
2702 603 2756 656 in
2788 602 3091 656 hodiernum
3135 604 3271 655 enim
3300 602 3438 656 diem
3477 618 3593 656 cum
3621 604 3813 675 tegitur

521 705 591 759 pe
618 691 727 746 Deo
755 698 838 744 est
866 690 1101 743 mundus
1157 704 1417 757 praesens,
1470 690 1701 759 pretiosa
1755 704 1883 744 vero
1929 691 1977 743 ei
2029 698 2115 745 est
2218 694 2443 765 Moyses,
2468 698 2692 749 velamen
2721 706 2793 750 est
2821 698 3045 767 positum
3073 713 3226 765 super
3256 713 3344 749 eor
3370 712 3545 750 eorum
3578 695 3662 766 (II
3686 697 3809 753 Cor.

519 767 697 836 anima
729 780 980 834 humana.
1013 778 1115 845 Qui
1170 795 1298 851 ergo
1330 782 1619 850 pretiosum
1669 797 1698 835 a
1728 781 1819 835 vili
1848 791 2108 851 separat,
2217 802 2300 852 nt,
2339 788 2451 853 15).
2503 784 2609 841 Sed
2641 788 2764 855 quia
2810 787 2946 840 dicta
2977 788 3065 841 Dei
3100 788 3402 841 nullatenus
3432 790 3548 842 sine
3578 787 3695 858 ejus
3726 802 3813 842 sa-

519 874 669 941 quasi
698 889 758 927 os
789 874 995 927 Domini
1025 881 1267 939 vocatur,
1299 878 1426 945 quia
1457 889 1555 944 per
1580 890 1702 930 eum
1760 874 1905 929 Deus
1949 876 2111 929 verba
2217 881 2412 949 pientia
2445 889 2791 949 penetrantur
2823 880 2961 951 (nisi
2990 881 3133 935 enim
3167 880 3253 950 qui
3288 881 3532 950 spiritum
3562 881 3684 949 ejus
3716 897 3807 937 ac-

520 981 617 1022 sua
646 968 834 1032 exerit,
861 968 1039 1037 quiab
1066 983 1249 1023 amore
1301 969 1579 1037 prmsentis
1606 967 1789 1022 saeculi
1840 969 2112 1036 loquendo
2214 971 2434 1039 ceperit,
2471 969 2589 1038 ejus
2638 969 2784 1023 nullo
2825 970 2986 1023 modo
3036 970 3194 1024 verba
3227 970 3549 1039 cognoscit),
3579 984 3807 1027 sanctus

518 1058 688 1130 hquze
734 1070 941 1129 potest,
1005 1060 1290 1115 humanam
1341 1064 1574 1115 animam
1622 1062 1825 1116 evellit.
1884 1062 1949 1115 Et
1987 1061 2111 1130 quia
2217 1067 2297 1119 vir
2327 1065 2398 1121 de
2429 1064 2796 1137 investiganda
2829 1065 3019 1121 eadem
3049 1066 3141 1119 Dei
3172 1066 3432 1135 sapientia
3473 1068 3633 1119 verba
3680 1065 3817 1120 sub-

515 1154 641 1209 novi
663 1153 987 1208 Testatnenti
1015 1154 1264 1209 doctores
1285 1154 1351 1208 ad
1377 1154 1478 1209 hoc
1502 1169 1670 1223 uSque
1684 1155 1923 1219 perducti
1956 1161 2106 1219 sunt,
2210 1157 2405 1229 jungit,
2434 1159 2620 1213 dicens
2646 1176 2659 1211 :

516 1256 574 1301 ut
592 1249 829 1305 Occultas
862 1262 1073 1318 quoque
1119 1248 1492 1317 allegoriarum
1530 1249 1788 1320 caligines
1838 1249 1890 1302 in
1944 1247 2111 1303 veteri
2426 1249 2658 1305 CAPUT
2686 1249 2777 1304 XL
2799 1249 2943 1323 [νει.
2976 1249 3193 1316 XXIV,
3219 1251 3343 1306 Rec.
3376 1249 3593 1324 XXII].

520 1336 868 1393 Testamento
904 1338 1185 1403 rimentur,
1217 1346 1363 1392 recte
1398 1338 1680 1392 subditur:
2290 1341 2452 1396 Vens.
2508 1341 2699 1397 12-15.
2734 1371 2803 1381 -—
2828 1340 3099 1411 Sapientia
3146 1358 3261 1395 vero
3307 1343 3394 1396 ubi
3441 1343 3713 1405 invenitur,
3768 1352 3849 1429 ei3

870 1428 1096 1485 CAPUT
1136 1427 1353 1483 XXXIX
1384 1428 1533 1502 [Περ.
1564 1428 1751 1499 XXI].
2213 1434 2326 1503 quis
2355 1444 2429 1486 est
2453 1433 2596 1486 locus
2624 1431 3016 1503 intelligendas?
3046 1433 3223 1486 Nescit
3246 1431 3397 1486 homo
3421 1434 3638 1504 pretium
3666 1434 3810 1504 ejus,

587 1522 750 1577 Vatis.
784 1524 870 1576 Η·
897 1551 968 1562 -
990 1522 1267 1592 Profunda
1289 1539 1491 1591 quoque
1517 1524 1801 1599 ﬂuviorum
1852 1530 2113 1576 scrutatus
2215 1542 2309 1580 nec
2338 1527 2587 1580 inuenitur
2616 1526 2670 1580 in
2698 1536 2831 1580 terra
2850 1527 3075 1580 suaviter
3095 1528 3392 1580 viventium.
3415 1529 3640 1596 Abyssus
3662 1526 3810 1593 dicit,

514 1624 608 1681 est,
637 1626 681 1671 et
706 1617 1004 1670 abscondita
1033 1616 1275 1682 produxit
1298 1617 1354 1668 in
1386 1617 1577 1670 lucem.
2223 1618 2340 1675 Non
2373 1628 2446 1672 est
2468 1618 2520 1672 in
2552 1636 2647 1683 me,
2680 1628 2729 1672 et
2759 1619 3141 1690 mareloquitur
3160 1635 3179 1673 :
3204 1617 3325 1672 Non
3342 1626 3415 1671 est
3435 1635 3657 1674 mecum.
3687 1618 3812 1673 Non

587 1706 676 1762 60.
713 1707 850 1762 D‘eus
885 1708 1179 1762 doctoribus
1207 1708 1367 1762 sacris
1408 1710 1668 1777 profunda
1716 1714 1765 1760 et
1811 1705 2111 1760 abscondita
2148 1714 2153 1719 ‘
2216 1711 2427 1765 dabitur
2447 1729 2632 1765 aurum
2657 1712 2903 1782 obryzum
2933 1730 3026 1783 pro
3053 1730 3131 1778 ea,
3165 1729 3257 1766 nec
3284 1714 3604 1783 appendetur
3629 1731 3815 1785 argen-

517 1801 643 1872 legis
669 1818 729 1855 ac
754 1800 1116 1873 prapltetarum
1154 1802 1411 1854 reuelauit.
1462 1830 1533 1840 —
1556 1800 1695 1867 Quid
1739 1817 1970 1871 namque
2024 1801 2112 1855 hic
2144 1818 2194 1879 Β
2220 1812 2323 1856 tum
2347 1804 2399 1856 in
2420 1806 2817 1858 commutatione
2840 1806 2972 1875 ejus.

514 1893 659 1948 aliud
685 1894 913 1947 ilumina-
933 1893 1036 1948 nisi
1077 1894 1413 1963 antiquorum
1444 1892 1663 1947 Patrum
1720 1892 1862 1947 dicta
1893 1908 2108 1947 nuncu-
2292 1894 2352 1950 61
2378 1895 2682 1962 .Sopientia:
2707 1895 2803 1949 Dci
2825 1897 2965 1950 locus
2987 1909 3035 1952 et
3059 1897 3276 1965 pretium
3300 1897 3557 1967 assignari
3578 1914 3676 1952 non
3694 1912 3815 1967 pos-

517 1984 742 2052 pantur?
764 1983 895 2050 Quis
935 1984 1076 2038 enim
1114 1997 1339 2051 pensare
1368 1983 1601 2038 sulliciat
1631 1998 1789 2051 quam
1821 1986 2113 2038 vehemens
2218 1996 2360 2040 sunt.
2394 2016 2462 2025 —-
2486 1985 2790 2041 Notandum
2825 1988 2969 2056 prius
2997 1997 3079 2043 est
3108 1992 3247 2059 quod
3279 1989 3385 2043 duo
3432 1989 3452 2025 τ
3481 1989 3580 2043 sibi
3615 2005 3812 2059 propo-

512 2076 733 2145 ﬂuvius,
764 2077 887 2130 dum
920 2076 1091 2145 legem
1124 2068 1424 2140 conderet,
1486 2085 1508 2113 ο
1538 2090 1609 2129 ex
1661 2086 1879 2144 pectore
1931 2075 2103 2146 Μύγδί
2221 2080 2349 2144 suit,
2381 2088 2432 2133 et
2467 2079 2576 2133 duo
2604 2080 2785 2133 subdit
2809 2082 3204 2149 reSpondendo.
3242 2081 3321 2136 Ad
3347 2082 3395 2135 id
3420 2098 3648 2152 namque
3671 2085 3811 2152 quod

512 2172 715 2239 erupit'
751 2186 909 2239 quam
944 2170 1239 2223 vehemens
1270 2170 1464 2223 lluvius
1490 2184 1554 2223 ex
1586 2169 1751 2222 David
1801 2169 1967 2223 corde
2014 2169 2113 2223 de-
2217 2171 2464 2239 superius
2519 2172 2694 2226 dixit:
2724 2172 2993 2242 Sapientia
3016 2190 3133 2228 vero
3177 2177 3260 2229 ubi
3292 2177 3575 2243 invenitur,
3622 2188 3668 2230 et
3696 2179 3815 2248 quis

515 2263 698 2329 ﬂuxit;
730 2277 925 2332 quanta
954 2279 983 2316 a
1015 2262 1319 2319 Salomonis
1364 2277 1461 2315 ore
1508 2274 1667 2331 atque
1713 2261 1954 2316 omnium
1990 2276 2113 2329 pro-
2216 2274 2286 2315 est
2308 2261 2450 2315 locus
2473 2263 2854 2334 intelligentiw?
2882 2266 2989 2320 Isto
3021 2283 3175 2321 versu
3224 2270 3500 2337 respondit
3530 2288 3541 2324 :
3570 2270 3802 2341 Abyssus

519 2356 804 2424 phetarum
833 2354 1112 2408 [luminum
1136 2352 1329 2407 ﬂuenta
1353 2354 1669 2405 manarunt?
1690 2352 1793 2407 Sed
1811 2352 1997 2405 horum
2013 2353 2110 2406 ttu-
2217 2357 2377 2409 dicit:
2415 2356 2536 2410 Non
2566 2369 2639 2411 est
2663 2360 2717 2411 in
2750 2376 2847 2421 me,
2880 2369 2929 2413 et
2958 2376 3098 2414 mare
3146 2361 3414 2432 loquitur:
3444 2360 3564 2416 Non
3590 2373 3661 2417 est
3702 2381 3814 2417 me-
3872 2398 3873 2401 η

518 2449 725 2505 tninum
754 2448 938 2504 JUdlBﬂ
969 2448 1205 2518 speciem
1238 2449 1429 2510 tenuit,
1458 2446 1586 2501 dum
1632 2445 1827 2500 litterae
1876 2447 2111 2515 superli-
2215 2464 2351 2503 cum.
2377 2450 2455 2503 Ad
2488 2450 2540 2503 id
2570 2466 2698 2504 vero
2724 2451 2865 2520 quod
2898 2453 3147 2508 dixerat:
3180 2453 3359 2507 Nescit
3403 2454 3550 2508 homo
3589 2458 3813 2526 pretium

513 2543 649 2597 ciem
699 2556 939 2605 servans,
990 2556 1176 2595 eorum
1208 2539 1482 2609 profunda
1534 2538 1783 2594 nescivit.
1828 2538 1935 2591 Nos
1982 2554 2111 2593 vero
2214 2543 2344 2610 ejus,
2380 2557 2470 2595 nec
2493 2542 2751 2596 inuenitur
2774 2544 2825 2597 in
2854 2554 2989 2598 terra
3011 2546 3232 2600 suaviter
3260 2547 3556 2613 virentium,
3591 2547 3814 2603 inferio-

519 2637 608 2706 qui
640 2634 887 2689 veniente
928 2633 1154 2688 Domino
1185 2633 1237 2686 in
1270 2633 1349 2687 eis
1380 2633 1587 2687 interna
1620 2632 1882 2701 spiritalia
1917 2632 2112 2702 quaeri—
2215 2651 2328 2689 rem
2404 2652 2617 2691 versum
2690 2638 2943 2706 reddidit,
3002 2641 3226 2694 dicens:
3255 2637 3378 2693 Non
3455 2641 3661 2693 dabitur
3712 2657 3814 2693 au-

517 2743 659 2792 mus,
703 2741 889 2781 eorum
923 2726 1180 2795 profunda
1208 2725 1486 2778 rimantur.
1520 2724 1671 2791 Quod
1704 2723 1820 2793 ipse
1851 2724 2109 2777 Dominus
2213 2745 2330 2782 rum
2379 2730 2619 2800 obryzum
2674 2748 2765 2800 pro
2816 2748 2912 2800 ea,
2958 2749 3048 2786 nec
3090 2734 3407 2803 appendetur
3437 2743 3708 2803 argentum
3757 2734 3816 2787 in

519 2820 697 2874 facere
720 2820 937 2886 dicitur,
967 2819 1089 2889 quia
1122 2819 1176 2873 id
1208 2833 1306 2873 nos
1355 2834 1515 2888 agere
1541 2820 1659 2888 ipso
1688 2818 1924 2873 donante
1970 2833 2111 2887 prae-
2214 2824 2609 2876 commutatione
2638 2825 2771 2892 ejus.
2806 2824 2885 2878 Ad
2917 2834 3143 2893 utraque
3170 2842 3299 2897 ergo
3348 2826 3652 2893 respondit,
3710 2825 3811 2880 sed

525 2913 793 2967 valentius.
823 2911 926 2965 Per
947 2925 1044 2965 nos
1075 2924 1203 2979 ergo
1234 2910 1322 2979 qui
1349 2924 1451 2963 non
1480 2910 1707 2964 litteram
1735 2925 1855 2978 quae
1886 2909 2105 2975 occidit,
2213 2913 2457 2981 augendo
2477 2914 2619 2982 quod
2653 2914 2950 2982 objecerat,
2981 2931 3089 2969 non
3123 2916 3399 2970 solvendo.
3428 2915 3562 2971 Cum
3594 2917 3814 2985 sapien-

513 3009 610 3065 scd
636 3009 877 3079 spiritum
909 3008 996 3077 qui
1028 3007 1262 3061 vivilicat
1289 3007 1585 3075 sequimur,
1621 3002 1883 3074 profunda
1917 3005 2107 3059 lluvio-
2212 3003 2299 3057 tiae
2328 3020 2558 3074 namque
2601 3006 2774 3059 locum
2807 3017 3076 3074 qumreret
3098 3049 3112 3073 ,
3142 3024 3204 3063 ac
3234 3009 3427 3063 deinde
3458 3008 3681 3063 inl‘erius
3727 3024 3815 3063 re-

512 3116 631 3160 rum
668 3102 920 3156 Dominus
949 3110 1239 3165 scrutatur,
1268 3110 1325 3154 et
1349 3099 1663 3153 abscondita
1692 3100 1745 3151 in
1770 3099 1944 3152 lucem
1979 3113 2108 3167 pro-
2211 3096 2502 3165 sponderet
2530 3114 2545 3153 :
2571 3097 2799 3168 Abyssus
2846 3099 2969 3153 dicit
2995 3116 3012 3154 :
3036 3099 3157 3153 Non
3207 3112 3278 3154 est
3336 3103 3390 3155 in
3438 3120 3546 3170 me,
3579 3118 3684 3156 non
3718 3103 3811 3157 ubi

516 3194 681 3259 ducit,
705 3194 829 3263 quia
850 3186 997 3248 dicta
1028 3194 1180 3262 legis,
1211 3208 1331 3262 qua:
1358 3191 1656 3260 caliginosa
1690 3191 1849 3244 nimis
1878 3191 2102 3245 biStoria
2134 3205 2179 3267 ρ
2211 3201 2376 3256 esset,
2410 3192 2503 3246 sed
2554 3192 2640 3246 ubi
2691 3207 2796 3247 non
2845 3204 2991 3249 esset
3034 3194 3316 3249 indicavit.
3350 3197 3553 3250 Rursus
3582 3211 3700 3249 cum
3739 3197 3811 3250 ab

516 3289 791 3352 obscurat,
829 3302 971 3342 nunc
1021 3287 1287 3355 eXpositio
1333 3283 1590 3355 spiritalis
1622 3284 1911 3336 illuminat.
1951 3282 2103 3337 Unde
2211 3283 2431 3340 homine
2457 3284 2576 3355 ejus
2609 3287 2841 3354 pretium
2877 3288 3081 3343 diceret
3112 3287 3365 3357 ignorari,
3401 3300 3561 3358 atque
3605 3290 3670 3343 ad
3704 3288 3810 3344 hoc

528 3389 583 3435 et
614 3380 835 3448 loqui-ns
878 3379 931 3433 in
966 3378 1235 3445 parabolis
1279 3393 1374 3446 per
1406 3377 1751 3446 Evangelium
1787 3376 1995 3431 Veritas
2027 3377 2107 3429 di-
2213 3379 2437 3434 inferius
2466 3381 2755 3436 redderet:
2784 3378 2907 3435 Non
2952 3384 3161 3435 dabitur
3203 3398 3387 3437 aurum
3439 3384 3675 3453 obrysum
3713 3400 3812 3454 pro

519 3471 742 3539 scipulis
764 3470 1037 3539 praecepit,
1066 3470 1252 3523 dicens
1277 3485 1291 3523 :
1321 3467 1474 3536 Quod
1502 3468 1617 3521 dico
1638 3470 1776 3521 vobis
1798 3469 2104 3532 intenebris,
2212 3487 2292 3536 ea,
2326 3487 2433 3525 non
2463 3472 2587 3541 quid
2614 3483 2758 3527 esset
2788 3472 2906 3540 ejus
2936 3475 3188 3542 pretium,
3237 3475 3332 3528 sed
3363 3475 3489 3543 quid
3522 3492 3625 3529 non
3659 3485 3814 3529 esset

520 3562 673 3614 dicite
698 3562 752 3614 in
793 3560 1020 3625 lumine;
1074 3569 1119 3613 et
1151 3559 1287 3629 quod
1332 3560 1387 3612 in
1411 3574 1538 3612 aure
1566 3558 1780 3624 auditis,
1835 3559 2108 3627 prwdicate
2212 3565 2469 3619 ostendit.
2494 3565 2717 3619 Cunctis
2748 3574 2929 3619 autem
2964 3566 3131 3635 liquet
3178 3567 3318 3631 quod
3352 3582 3525 3636 neque
3573 3567 3684 3622 haec
3715 3567 3815 3622 ltu-

515 3671 667 3724 super
697 3663 824 3707 tecta
855 3653 1069 3725 (Matth.
1098 3670 1150 3719 x,
1180 3652 1298 3724 27).
1324 3651 1351 3689 ά
1377 3655 1581 3723 Aperte
1605 3668 1833 3722 namque
1855 3653 1995 3707 dicta
2022 3669 2111 3708 εἰ·
2212 3675 2367 3714 mana
2390 3661 2645 3730 sapientia
2670 3662 2758 3715 vel
2781 3663 2950 3716 teneri
2976 3663 3111 3726 loco,
3142 3664 3223 3717 vel
3244 3666 3347 3717 emi
3366 3663 3574 3719 divitiis
3598 3673 3809 3733 potest.

514 3748 825 3817 ponentium
856 3749 1101 3803 fecerunt
1132 3748 1285 3802 nobis
1312 3762 1435 3802 esse
1461 3748 1575 3816 jam
1620 3750 1939 3818 conspicuas
1986 3764 2110 3802 sen-
2216 3752 2323 3807 Sed
2354 3755 2435 3805 vir
2459 3763 2701 3818 sanetus,
2733 3752 2975 3823 mysticis
3000 3756 3248 3809 sensibus
3272 3754 3489 3825 plenus,
3546 3765 3571 3803 ε
3594 3756 3658 3809 ad
3701 3756 3811 3810 alia

517 3843 715 3897 tentias
762 3840 1104 3909 antiquorum
1163 3841 1403 3894 Patrum.
1442 3840 1595 3895 Unde
1638 3840 1800 3894 Isaias
1852 3842 2107 3910 propheta
2214 3860 2310 3899 nos
2364 3846 2711 3915 intelligenda
2762 3848 3107 3915 transmittit,
3158 3857 3217 3902 ut
3265 3863 3371 3902 non
3422 3860 3657 3903 creatam
3699 3848 3797 3903 sed

515 3936 669 4004 plana
689 3944 889 3987 sanctis
909 3931 1168 3987 Ecclesia:
1185 3934 1534 4001 expositionis
1555 3934 1718 3988 verba
1749 3936 2104 4004 conspiciens,
2213 3946 2487 3993 creantem
2516 3940 2835 4007 sapientiam
2857 3940 3217 4008 requiramus.
3246 3941 3373 3995 Nam
3392 3941 3490 3995 nisi
3514 3943 3564 3995 in
3620 3940 3810 3997 verbis

514 4036 567 4081 et
596 4040 699 4079 non
749 4025 1123 4094 allegoriarum
1176 4026 1410 4078 tenebris
1465 4027 1723 4091 obseura,
1778 4024 2110 4080 exclamavit
2214 4028 2329 4083 istis
2359 4029 2730 4098 allegoriarum
2763 4041 2969 4084 secreta
3015 4030 3292 4098 ritnemur,
3345 4048 3405 4087 ea
3454 4034 3634 4102 utique
3683 4049 3812 4101 qua:

515 4119 738 4175 dicens:
767 4117 930 4171 Locus
959 4117 1340 4186 ﬂuviorumriui
1357 4116 1595 4170 latissimi
1617 4127 1927 4187 etpatentes.
1954 4115 2105 4187 (Isai.
2214 4133 2506 4191 sequuntur
2532 4122 2753 4177 omnino
2800 4133 2924 4177 sunt
2958 4124 3115 4194 digna
3162 4128 3443 4195 despectu,
3493 4128 3533 4179 si
3583 4141 3648 4179 ex
3692 4127 3808 4181 sola

514 4224 706 4271 xxxttt,
729 4207 844 4278 2t).
880 4207 1211 4262 Testaineuti
1240 4209 1383 4262 enim
1414 4208 1613 4263 veteris
1658 4209 1797 4263 dicta
1829 4207 1983 4276 quasi
2014 4221 2108 4258 an-

2215 4211 2467 4267 historica
2500 4215 2807 4268 narratione
2850 4226 3162 4282 pensantur.
3194 4216 3360 4271 Paulo
3405 4227 3525 4288 post
3571 4232 3805 4286 namque

514 4301 653 4369 gusti
713 4310 764 4354 et
813 4298 979 4352 clausi
1026 4298 1131 4351 rivi
1181 4295 1415 4366 fuerant,
1463 4300 1550 4368 qui
1606 4299 1896 4353 immensas
1947 4296 2111 4369 584

2215 4304 2341 4360 dicit
2371 4320 2387 4360 :
2423 4305 2541 4359 Non
2566 4306 2918 4378 adwquabitur
2944 4308 2991 4361 ei
3013 4325 3201 4362 aurum
3226 4311 3304 4363 uel
3325 4312 3534 4364 vitrum.
3566 4310 3630 4363 Et
3658 4325 3805 4377 cum,

516 4391 754 4448 scientia:
824 4407 935 4446 sua:
976 4392 1275 4446 sententias
1344 4392 1665 4447 collectione
1730 4393 2108 4447 obscurissima
2217 4400 2359 4454 sicut
2383 4400 2649 4467 novimus,
2680 4403 2875 4455 vitrum
2910 4402 3070 4471 longe
3101 4416 3259 4472 atque
3298 4403 3632 4457 dissimiliter
3672 4419 3812 4457 auro

514 4484 975 4554 constringebant.
1010 4485 1079 4538 At
1105 4495 1291 4539 contra
1318 4484 1565 4539 doctrina
1615 4495 1816 4540 sanctae
1854 4484 2110 4539 Ecclesia:
2216 4495 2287 4547 sit
2316 4492 2497 4562 vilius,
2523 4509 2620 4547 cur
2643 4502 2762 4563 post
2791 4495 2907 4547 auri
2933 4509 3147 4557 nomen,
3174 4497 3376 4550 metalli
3401 4498 3583 4565 utique
3608 4498 3810 4563 pretio-

516 4576 619 4631 t'ivi
647 4584 701 4630 et
731 4578 820 4631 lali
851 4586 905 4631 et
944 4584 1189 4646 palentes
1215 4585 1362 4646 sunt,
1394 4577 1517 4647 quia
1556 4578 1673 4647 eius
1702 4576 1843 4631 diem
1872 4588 1927 4631 ει
1954 4578 2102 4632 imic-
2132 4595 2187 4657 D
2213 4588 2278 4655 si,
2312 4603 2408 4658 pro
2428 4589 2689 4642 immensa
2726 4588 2883 4643 laude
2898 4590 3093 4643 vitrum
3128 4605 3339 4660 quoque
3363 4590 3497 4643 dixit
3518 4591 3803 4659 sapientia:

519 4670 791 4725 nientibus
823 4671 985 4723 multa
1016 4678 1142 4723 sunt
1170 4681 1222 4724 et
1243 4671 1607 4739 quaerentibus
1629 4669 1806 4738 plana.
1836 4669 2104 4739 Aitergo:
2210 4694 2316 4733 non
2342 4679 2584 4748 πρωί-17
2614 4679 2728 4747 Ipsa
2758 4694 2885 4748 ergo
2919 4680 3107 4734 littera:
3150 4679 3463 4735 dillieultztte
3507 4681 3793 4749 compelli-

516 4759 791 4829 Profunda
817 4763 1096 4829 ﬂuviorum
1128 4770 1382 4815 scrutatus
1409 4770 1484 4814 εει
1506 4802 1520 4826 ,
1571 4770 1617 4814 ει
1657 4761 1955 4815 abscondita
1984 4779 2108 4831 ρτο-
2209 4787 2349 4837 mur,
2382 4781 2437 4825 ut
2458 4772 2522 4825 ad
2554 4772 2850 4826 sententias
2883 4772 3072 4826 horum
3100 4773 3383 4827 verborum
3433 4776 3688 4846 mysticas
3717 4775 3802 4827 vi-

516 4856 664 4909 duxit
707 4856 761 4909 in
793 4856 982 4911 lucem.
1014 4857 1148 4925 Quia
1180 4857 1306 4911 dum
1338 4858 1451 4911 suis
1482 4856 1876 4925 expositoribus
1906 4857 2107 4911 intelli-

2215 4866 2465 4936 gilemus.
2519 4866 2612 4918 Vir
2641 4867 2818 4933 itaque
2848 4877 3066 4921 sanctus
3112 4882 3270 4936 quam
3302 4867 3620 4934 sapientiam
3671 4884 3812 4923 con-

513 4949 702 5016 gemis:
744 4949 986 5017 spiritum
1036 4948 1262 5015 inludit,
1315 4950 1561 5020 antiquas
1594 4958 1618 4985 ο
1665 4951 2105 5020 prophetautium
2209 4957 2516 5025 templatur,
2549 4956 2649 5009 nisi
2681 4972 2798 5009 eam
2834 4957 2899 5012 de
2938 4973 3042 5026 qua
3076 4958 3273 5011 Paulus
3316 4958 3591 5025 apostolus
3632 4958 3807 5012 dicit:

514 5042 873 5095 obscuritates
902 5043 1130 5110 aperuit.
1164 5044 1233 5096 Et
1267 5043 1368 5097 hoc
1390 5042 1501 5113 jam
1531 5054 1715 5098 sancta
1743 5043 1982 5098 Ecclesia
2006 5058 2103 5111 per
2207 5046 2466 5101 Christum
2497 5044 2593 5099 Dei
2635 5048 2868 5101 virtutem
2891 5089 2905 5112 ,
2952 5060 3001 5101 et
3048 5048 3144 5101 Dei
3171 5050 3476 5120 sapientiam
3506 5048 3577 5119 (I
3610 5048 3732 5104 Cor.
3767 5064 3810 5116 ι,

512 5134 759 5202 spiritum
791 5135 1062 5205 agnoscit,
1085 5136 1227 5204 quod
1256 5135 1537 5207 Synagoga
1569 5138 1713 5205 prius
1748 5153 1841 5205 per
1865 5137 2097 5190 litteram
2205 5134 2339 5205 24)?
2371 5137 2443 5191 De
2469 5153 2573 5207 qua
2599 5154 2695 5207 per
2724 5140 3063 5193 Salomonem
3096 5143 3353 5208 scriptum
3378 5150 3499 5194 est:
3530 5140 3812 5209 Sapientia

513 5227 815 5298 intelligere
846 5230 1067 5295 omnino
1098 5244 1204 5283 non
1236 5230 1421 5282 valuit.
1465 5228 1617 5283 Unde
1645 5242 1699 5282 et
1740 5229 1949 5298 Moyses
1978 5242 2099 5281 cmn
2206 5226 2477 5295 tediﬁcauit
2505 5229 2600 5281 sibi
2627 5230 2835 5282 domum
2860 5227 3039 5296 (Prov.
3071 5245 3121 5283 ix
3145 5270 3160 5293 ,
3211 5228 3303 5300 i);
3354 5243 3405 5285 et
3436 5232 3505 5285 de
3533 5247 3632 5299 qua
3660 5231 3814 5284 Psal-

515 5306 709 5394 populo
740 5326 1050 5395 loqueretur
1072 5323 1267 5395 (Exod.
1294 5339 1476 5386 xxxiv,
1505 5322 1623 5388 55),
1650 5323 1837 5377 faciem
1862 5322 2100 5387 velabat,
2207 5323 2362 5375 mista
2404 5321 2474 5376 ait
2502 5339 2516 5376 :
2548 5321 2736 5375 Omnia
2766 5323 2818 5376 in
2844 5322 3098 5393 sapientia
3129 5323 3297 5392 fecisti
3326 5321 3501 5395 (Psal.
3534 5338 3652 5387 cut,
3683 5322 3809 5393 24).

516 5410 846 5475 ω’νὶάειὶοει
874 5421 1176 5490 designaret
1222 5416 1364 5487 quod
1394 5416 1483 5470 ille
1515 5414 1822 5470 Iudaeorum
1872 5415 2099 5484 populus
2207 5415 2380 5485 Hujus
2402 5417 2655 5470 nimirum
2677 5408 2848 5487 585'
2865 5416 3140 5485 sapientiai
3164 5416 3328 5471 homo
3352 5417 3583 5487 pretium
3610 5416 3813 5487 nescit,

586 5567 612 5595 ἰ
634 5559 841 5627 Germ,
889 5560 996 5614 duo
1024 5557 1215 5623 Laud.,
1244 5554 1430 5611 Norm.
1460 5563 1515 5609 et
1542 5553 1658 5618 alii,
1689 5571 1780 5625 per
1806 5554 2107 5625 prepltetam
2209 5567 2449 5627 namque.

516 5628 657 5685 dicit.
829 5622 838 5627 ⁷
1689 5622 1698 5625 ⁷
1808 5622 1815 5624 ἡ
1902 5622 1911 5625 ⁷
2286 5622 2519 5695 τϐθτιιι.
2552 5633 2607 5678 et
2638 5622 2850 5690 Norm.,
2876 5624 3263 5695 prophetarum.

585 5700 614 5741 δ
635 5703 671 5756 2
696 5702 890 5765 Laud.,
920 5717 1074 5769 quam
1098 5709 1258 5770 potest
1282 5699 1556 5770 humanam
1575 5700 1822 5751 animam.
2287 5692 2308 5733 ί
2338 5695 2588 5770 Χῆηᾲοοη
2613 5696 2716 5749 duo
2741 5696 2832 5770 ibi.

554 5784 559 5799 ί
592 5784 614 5811 ε
644 5775 665 5825 l
702 5772 895 5834 Laud.,
920 5765 983 5823 ex
1008 5765 1210 5841 pectore
1239 5769 1407 5840 Moysi
1437 5785 1525 5822 ore
1551 5771 1741 5840 erupit.
2285 5778 2312 5814 ιι
2338 5765 2595 5835 Vindoc.,
2620 5770 2690 5822 ad
2720 5767 2878 5822 aliam
2898 5782 2991 5821 nos
3013 5767 3425 5831 intelligentiam.

586 5842 799 5898 dCorb.
847 5842 1054 5899 Germ..
1103 5842 1407 5907 Becceusts,
1469 5841 1607 5896 Utic.
1655 5851 1709 5895 et
1761 5841 1872 5907 alii,
1930 5852 2106 5913 aperta
