4104 6350
284 320 354 377 75
1094 320 1454 379 HORAUUM
1495 321 1622 378 LIB.
1667 318 1853 379 XVIII.
1893 345 1968 361 -
1998 320 2229 378 CAPUT
2267 318 2461 376 XXVII
2491 319 2549 373 Β.
2593 318 2736 373 JUB.
3467 322 3535 380 76

282 432 405 504 quia
458 432 595 489 nibil
645 432 861 505 dignum
906 434 1261 491 aestimatione
1291 436 1433 491 illius
1464 436 1695 491 invenit.
1739 433 1854 488 Non
1883 434 1937 495 Α
1962 432 2390 502 praecedentibus
2418 430 2627 486 meritis
2655 428 2963 496 redemptos
2980 439 3040 480 se
3066 439 3189 481 esse
3212 425 3536 494 gloriantur.

281 530 457 579 autem
488 525 590 580 hoc
630 525 903 593 sapientiai
950 529 1178 595 pretium
1230 535 1285 581 et
1329 541 1451 582 esse
1500 526 1693 581 dicitur
1742 533 1769 561 α
1805 531 1859 579 et

283 618 497 682 nesciri,
530 617 624 672 sed
669 619 869 674 idcirco
900 620 1134 684 nesciri,
1178 619 1306 689 quia
1332 620 1483 674 deest
1510 637 1524 671 :
1548 633 1614 674 eo
1654 618 1861 672 scilicet

288 708 534 779 loquendi
563 725 785 779 genere,
816 727 921 780 quo
951 712 1001 764 in
1032 713 1296 781 angustiis
1318 710 1540 781 quisque
1565 709 1863 777 deprelieno

286 816 399 865 sus,
430 816 549 854 cum
579 801 871 855 remedium
903 802 1274 857 subveutiouis
1306 817 1410 855 non
1445 801 1679 866 invenit,
1708 798 1863 855 lateri

287 895 422 948 Sulet
446 893 568 962 quia
599 892 724 961 quid
750 894 907 947 faciat
930 896 1116 948 nescit.

360 984 445 1037 ($9..
481 984 695 1038 Nullius
740 984 859 1039 boni
902 986 1070 1054 operis
1115 986 1292 1039 merito
1342 985 1571 1040 debetur.
1599 1010 1670 1024 —-—
1701 983 1866 1051 llujus

286 1091 417 1146 ergo
461 1077 737 1143 sapientia:
792 1076 1021 1145 pretium
1068 1076 1299 1141 nescire,
1356 1085 1439 1130 est
1487 1074 1632 1143 digiti
1686 1074 1868 1142 operis

287 1167 538 1222 meritum
580 1183 685 1234 quo
731 1166 879 1220 illam
924 1167 1182 1236 percipiat
1212 1183 1315 1221 non
1344 1166 1604 1225 invenire.
1657 1166 1735 1220 Ad
1769 1165 1869 1219 hoc

288 1274 521 1326 namque
568 1257 795 1326 pretium
849 1259 1057 1323 damus,
1109 1266 1167 1312 ut
1213 1257 1329 1327 ejus
1376 1257 1491 1311 vice
1545 1270 1657 1311 rem
1704 1270 1862 1325 quam

289 1350 594 1419 appetimus
643 1350 915 1418 possidere
948 1348 975 1387 δ
1017 1350 1327 1403 debeamus.
1381 1349 1519 1416 Quid
1560 1358 1734 1402 autem
1775 1363 1872 1402 nos

289 1444 543 1499 dedimus
570 1455 629 1499 ut
660 1444 796 1498 hanc
827 1444 1162 1513 sapientiam,
1186 1460 1303 1514 qua!
1327 1443 1570 1499 Christus
1590 1452 1673 1498 est
1691 1444 1869 1515 (Rom.

290 1552 371 1601 xl,
394 1536 476 1604 6),
504 1535 775 1606 percipere
797 1538 1157 1593 mereremur?
1187 1536 1366 1592 Gratia
1392 1536 1589 1606 quippe
1612 1535 1873 1604 redempti

292 1643 503 1683 sumus.
539 1627 629 1681 llla
663 1642 891 1697 namque
934 1629 1046 1683 sola
1090 1643 1249 1696 opera
1282 1628 1422 1681 male
1452 1626 1679 1681 vivendo
1721 1626 1875 1681 dedi-

291 1735 435 1785 ilius,
462 1720 650 1789 quibus
678 1721 721 1773 si
750 1722 890 1787 justa
921 1719 1204 1775 retributio
1230 1728 1560 1786 servaretur,
1592 1732 1693 1771 non
1721 1717 1878 1771 Chri-

292 1822 434 1875 stus,
462 1811 559 1865 sed
587 1812 846 1879 supplicia
874 1811 1247 1866 redderentur.
1283 1810 1387 1866 Sed
1422 1809 1564 1863 aliud
1592 1812 1753 1862 homo
1781 1824 1878 1878 per
1904 1799 1952 1860 Β

291 1906 554 1977 justitiam
587 1906 803 1970 meruit,
834 1905 979 1959 aliud
1012 1920 1107 1975 per
1132 1903 1358 1974 gratiam
1392 1904 1619 1970 accepit.
1647 1911 1669 1939 ο
1702 1900 1881 1956 Τθειθ·

299 2007 392 2053 tur
443 1997 659 2061 Paulus,
708 1997 1016 2066 priusquam
1064 2010 1216 2050 mens
1260 1995 1400 2049 illius
1428 2008 1610 2048 semen
1638 1993 1883 2062 gratuita:

298 2090 548 2145 veritatis
576 2091 867 2158 acciperet,
896 2089 1087 2159 quibus
1116 2086 1355 2143 sentibus
1379 2094 1714 2156 premeretur
1734 2098 1883 2139 erro-

296 2183 416 2237 ris:
446 2182 549 2247 Qui
590 2182 755 2249 prius,
797 2180 989 2248 inquit,
1016 2180 1093 2248 fui
1122 2179 1468 2249 blasphemus,
1498 2186 1544 2230 et
1575 2186 1880 2246 persecutor,

296 2284 352 2327 et
381 2272 815 2337 contumeliosus;
844 2272 931 2325 sed
970 2271 1365 2326 misericordiam
1403 2276 1701 2321 consecutus
1731 2282 1844 2319 sum
1866 2306 1881 2329 ,

298 2365 424 2433 quia
454 2365 697 2435 ignorans
728 2364 823 2432 feci
849 2363 901 2416 in
932 2361 1285 2415 incredulitite
1315 2359 1367 2430 (I
1395 2359 1527 2413 Tim.
1552 2375 1589 2425 t,
1617 2358 1727 2428 15).
1751 2357 1886 2412 Tes-

300 2464 448 2508 tetur
514 2469 611 2522 pro
661 2453 902 2522 qualibus
957 2452 1201 2507 Christus
1261 2450 1394 2505 mori
1464 2451 1710 2518 dignatus
1761 2458 1883 2504 est:

302 2544 433 2598 Cum
455 2547 641 2609 adhuc,
671 2544 861 2614 inquit,
888 2554 1174 2613 peccatores
1197 2559 1437 2605 essemus,
1464 2542 1745 2596 secundum
1775 2551 1889 2593 tem-

301 2650 402 2706 pus
427 2635 656 2689 Christus
683 2652 774 2688 oro
802 2635 974 2703 impiis
1004 2649 1235 2688 mortuus
1265 2643 1338 2688 est
1378 2633 1557 2703 (Rom.
1585 2649 1639 2699 v,
1671 2632 1745 2702 8).
1786 2632 1890 2697 Qui

306 2740 442 2795 ergo
474 2727 722 2782 veniente
761 2726 1019 2796 sapientia
1067 2728 1216 2795 impii
1263 2727 1467 2781 inventi
1514 2740 1717 2792 sumus,
1762 2724 1890 2795 quid

305 2818 441 2875 boni
483 2819 659 2888 operis
710 2819 975 2883 dedimus,
1007 2833 1114 2887 quo
1142 2817 1387 2885 accipere
1414 2816 1657 2871 eamdem
1682 2815 1894 2885 sapieu-
1920 2838 1926 2845 ·

306 2911 443 2966 tiam
488 2912 850 2965 mereremur?
875 2910 1040 2980 llnjus
1070 2910 1248 2979 itaque
1278 2909 1551 2976 sapientia:
1580 2906 1738 2961 homo
1768 2921 1892 2975 pre-

309 3002 449 3057 tium
477 3002 665 3063 nescit,
695 3002 814 3070 quia
842 3002 1085 3071 quisquis
1118 3016 1146 3054 a
1179 3001 1348 3055 brutis
1379 2997 1701 3052 animalibus
1729 2998 1895 3051 ratio-

312 3092 405 3146 nis
460 3091 732 3145 intellectu
784 3092 1052 3145 discretus
1101 3099 1225 3155 est,
1284 3091 1533 3159 quoniam
1588 3089 1733 3158 quod
1782 3088 1894 3144 suis

1961 526 2201 593 Quorum
2273 524 2510 593 profecto
2573 521 2801 575 assertio
2870 518 3138 574 invenitur
3192 515 3544 586 sibimetipsis

1962 616 2252 679 contraria,
2306 614 2428 681 quia
2476 612 2599 665 dum
2645 620 2701 665 et
2742 612 3051 665 innocentes
3089 623 3148 663 se
3177 618 3447 675 asserunt,
3486 616 3545 664 et

1963 707 2294 774 redemptos,
2352 706 2453 759 hoc
2504 704 2676 772 ipsum
2722 704 2774 757 in
2823 718 2883 758 se
2927 701 3309 769 redemptimiis
3348 715 3545 755 nomen

1966 805 2252 853 evacuant.
2304 794 2488 849 Omnis
2542 807 2775 862 namque
2804 793 2890 860 qui
2921 792 3223 854 redimitur,
3274 807 3340 845 ex
3370 792 3543 861 aliqua

1965 887 2152 957 procul
2202 885 2366 941 dubio
2411 884 2718 953 captivitate
2749 883 3020 936 liberatur.
3055 880 3205 937 Unde
3232 895 3358 949 ergo
3385 879 3545 950 quili-

1967 976 2059 1031 bet
2102 977 2202 1030 iste
2253 976 2563 1043 redemptus
2613 982 2717 1039 est,
2754 973 2799 1026 si
2830 972 2975 1040 prius
3005 987 3110 1027 non
3141 972 3239 1025 luit
3267 974 3365 1025 sub
3392 973 3548 1040 culpa

1969 1067 2253 1134 captivus?
2283 1066 2473 1135 Liquet
2518 1067 2699 1133 itaque
2743 1063 2864 1132 quia
2914 1064 3136 1119 multum
3177 1063 3375 1130 desipit
3404 1064 3550 1130 quis-

1972 1159 2091 1227 quis
2130 1158 2246 1212 Ittec
2287 1159 2449 1225 sapit.
2500 1156 2741 1210 lltnuinis
2785 1155 2982 1224 quippe
3030 1157 3274 1208 meritqu
3320 1170 3550 1223 superna

1972 1248 2143 1318 gratia
2178 1262 2280 1303 nou
2317 1257 2374 1302 ut
2402 1248 2580 1305 veniat
2607 1247 2828 1310 invenit,
2874 1246 2965 1299 sed
3015 1254 3290 1314 postquam
3319 1245 3548 1311 venerit,

1973 1340 2133 1403 facit;
2183 1350 2343 1403 atque
2392 1348 2446 1392 et
2492 1340 2555 1391 ad
2589 1338 2856 1408 indignam
2884 1345 3114 1390 mentem
3147 1336 3365 1391 veniens
3393 1336 3550 1399 Deus,

1974 1431 2185 1502 dignam
2230 1429 2394 1501 586
2428 1430 2529 1484 sibi
2571 1429 2785 1484 exliibct
2831 1428 3122 1493 veniendo;
3172 1440 3227 1485 et
3257 1429 3376 1481 iacit
3407 1429 3457 1482 in
3490 1444 3553 1482 ea

1975 1524 2222 1578 meritum
2269 1521 2405 1591 quod
2450 1532 2777 1591 remaneret,
2810 1521 2899 1590 qui
2939 1520 3044 1575 hoc
3070 1519 3244 1575 solum
3275 1520 3556 1576 invenerat

1976 1613 2119 1683 quod
2146 1613 2375 1680 puniret.

2050 1723 2195 1798 [Rea
2226 1721 2433 1777 XXIII
2440 1722 2479 1796 .]
2509 1724 2597 1778 G4.
2627 1722 3099 1779 Prtedestinationis
3126 1726 3363 1796 gratuita:
3389 1740 3559 1779 exem-

1984 1818 2126 1887 plum
2150 1817 2203 1870 in
2230 1816 2425 1870 latrone
2447 1816 2663 1870 salutem
2691 1826 2978 1871 consecuto.
3005 1845 3077 1858 —-
3102 1816 3257 1873 Libet
3284 1820 3425 1873 inter
3445 1820 3561 1872 haec

1987 1910 2181 1965 mentis
2210 1910 2395 1964 oculos
2424 1909 2490 1963 ad
2526 1908 2673 1963 illum
2716 1909 2975 1963 latronem
3003 1910 3285 1974 reducere,
3316 1908 3340 1946 δ
3372 1910 3461 1978 qui
3491 1911 3559 1966 de

1982 2002 2137 2056 lauce
2184 2000 2381 2055 diaboli
2411 2000 2648 2054 ascendit
2677 2013 2912 2065 crucem,
2946 1999 3013 2053 de
3041 2014 3199 2053 cruce
3231 2000 3555 2069 paradisum.

1984 2092 2289 2148 lutueamur
2316 2091 2487 2159 qualis
2515 2096 2580 2143 ad
2611 2090 2903 2160 patibulum
2934 2091 3159 2157 venerit,
3188 2099 3242 2144 et
3269 2104 3299 2143 a
3325 2089 3561 2159 patibulo

1986 2184 2159 2254 qualis
2187 2182 2468 2237 abscessit.
2502 2181 2661 2234 Venit
2689 2195 2816 2235 reus
2845 2180 3079 2234 fraterno
3108 2181 3389 2249 sanguine,
3418 2182 3563 2236 venit

1988 2284 2267 2340 cruentus,
2317 2274 2410 2328 sed
2454 2274 2664 2327 interna
2715 2273 2882 2341 gratia
2909 2283 2992 2327 est
3021 2283 3254 2327 mutatus
3285 2273 3335 2325 in
3367 2288 3561 2337 cruce;

1989 2376 2044 2422 et
2076 2367 2166 2420 ille
2195 2365 2287 2435 qui
2315 2373 2542 2418 mortem
2587 2362 2737 2417 l‘ratri
2786 2362 2983 2427 intulit,
3026 2363 3307 2417 morientis
3353 2362 3565 2416 Domini

1990 2460 2151 2513 vitam
2211 2455 2534 2525 prmdicavit,
2592 2454 2816 2508 dicens:
2846 2452 3100 2506 Memento
3122 2454 3239 2521 mei,
3275 2453 3290 2489 ι
3324 2451 3566 2519 Domine,

1990 2551 2115 2604 dum
2162 2550 2354 2603 veneris
2400 2550 2451 2602 in
2495 2564 2709 2619 regnum
2744 2556 2884 2601 tuum
2936 2546 3084 2617 (Luc.
3130 2563 3279 2614 χχιιι,
3308 2546 3422 2617 42).
3456 2546 3474 2598 i
3512 2547 3570 2600 In

1990 2659 2153 2699 cruce
2172 2643 2309 2697 clavi
2336 2657 2522 2696 manus
2547 2642 2663 2711 ejus
2687 2641 2950 2711 pedesque
2979 2638 3296 2709 Iigaveraut,
3330 2638 3573 2707 nibthue

1994 2734 2049 2789 in
2078 2749 2142 2788 eo
2171 2747 2200 2786 a
2251 2733 2425 2802 pmnis
2455 2732 2674 2784 liberum
2704 2729 2804 2784 nisi
2853 2743 2947 2782 cor
2981 2738 3047 2793 et;
3084 2728 3260 2796 lingua
3301 2741 3573 2781 remanse-

1994 2834 2134 2881 rant.
2181 2826 2477 2895 luspirante
2507 2822 2619 2877 Deo
2669 2830 2837 2874 totum
2886 2819 2961 2873 illi
3007 2819 3216 2883 obtulit,
3257 2817 3400 2887 quod
3428 2818 3483 2872 in
3513 2832 3573 2872 se

1995 2916 2227 2971 liberum
2263 2914 2484 2979 invenit,
2536 2922 2595 2966 ut
2634 2910 2783 2980 juxta
2832 2910 2932 2963 ltoc
2977 2908 3117 2977 quod
3147 2910 3403 2976 scriptum
3451 2916 3573 2963 cst:

1997 3006 2163 3061 Corde
2199 3012 2423 3060 crederet
2464 3004 2532 3057 ad
2565 3003 2839 3075 justitiam,
2872 3015 2959 3054 ore
2986 2999 3309 3068 conﬁteretur
3335 2999 3403 3051 ad
3430 2998 3579 3054 salu-

2004 3110 2101 3155 tem
2150 3099 2326 3170 (Rom.
2373 3114 2426 3165 x,
2481 3096 2590 3167 lli).
2644 3096 2698 3149 In
2744 3092 2907 3149 corde
2958 3102 3134 3148 autem
3191 3093 3425 3147 ﬁdelium
3471 3103 3581 3146 tres

316 3183 530 3237 meritis
573 3196 676 3236 non
716 3183 785 3237 Sil
813 3183 1046 3236 salvatus
1091 3180 1355 3250 intelligit,
1407 3182 1539 3235 nihil
1581 3195 1640 3235 se
1687 3180 1900 3235 dedisse
1928 3175 1975 3237 C
2003 3206 2343 3261 summopere
2372 3204 2588 3244 manere
2615 3186 2836 3241 virtutes
2884 3194 3109 3241 testatur
3159 3183 3468 3253 Apostolus,
3499 3183 3582 3236 di-

312 3273 447 3328 boni
497 3272 675 3343 operis
726 3282 783 3327 ut
831 3275 897 3328 ad
950 3273 1109 3328 ﬁdem
1166 3272 1373 3327 veniret
1419 3275 1679 3342 agnoscit.
1738 3274 1901 3341 Quasi

314 3367 465 3421 enim
533 3365 598 3420 ad
655 3366 1053 3435 percipiendam
1119 3367 1435 3435 sapientiam
1488 3368 1717 3436 pretium
1772 3367 1904 3421 dare

315 3469 407 3514 est
455 3459 882 3527 cognOscendum
932 3450 1099 3514 Deum
1150 3456 1178 3495 ἀ
1220 3461 1446 3516 actionis
1494 3474 1604 3516 sure
1654 3457 1904 3514 mercede

317 3565 643 3619 prses-enim.

399 3639 488 3693 63.
519 3636 701 3693 Gratia
721 3643 883 3713 gratis
911 3646 1084 3708 datur,
1106 3658 1205 3694 non
1232 3657 1295 3694 ea:
1318 3642 1529 3695 meritis.
1556 3640 1756 3695 —Non
1786 3654 1907 3695 esse

321 3728 487 3797 hujus
531 3733 806 3798 sapientia:
855 3736 1082 3801 pri-tium
1127 3740 1479 3801 cognoverat,
1531 3732 1620 3799 qui
1651 3732 1902 3786 dicebat:

323 3829 356 3859 ο
384 3822 510 3886 Quis
535 3822 674 3889 prior
698 3823 833 3876 dedit
861 3826 959 3891 illi,
984 3834 1029 3878 et
1051 3828 1350 3877 retribuetur
1374 3825 1417 3877 ei
1434 3825 1457 3877 ?
1484 3824 1657 3895 (Rom.
1687 3839 1765 3890 χι,
1790 3821 1903 3893 55).

325 3913 467 3969 Hinc
514 3918 702 3971 iterum
742 3921 997 3986 scriptum
1028 3928 1145 3975 est:
1181 3917 1198 3955 ί
1228 3916 1407 3972 Gratia
1454 3919 1581 3970 salvi
1624 3918 1749 3985 [acti
1790 3918 1907 3971 estis

324 4025 421 4080 per
439 4010 616 4080 (idem,
646 4024 688 4065 et
716 4014 813 4067 Itoc
832 4030 930 4065 non
954 4029 1015 4066 ea:
1039 4011 1194 4076 vobis,
1218 4013 1305 4066 sed
1328 4011 1421 4065 Dei
1451 4014 1640 4064 donum
1668 4020 1775 4077 est;
1808 4028 1910 4064 non

325 4114 400 4153 ea:
441 4103 698 4169 operibus,
732 4112 784 4155 ut
816 4119 878 4155 ne
904 4104 1017 4172 quis
1047 4102 1291 4171 glorietur
1332 4100 1547 4173 (Ep/tes.
1572 4117 1631 4168 tt,
1663 4100 1739 4170 8).
1776 4102 1911 4157 Iliuc

329 4191 405 4246 de
456 4196 746 4262 semetipso
797 4196 987 4248 iterum
1037 4194 1301 4264 loquitur,
1360 4192 1791 4248 dicens:Gratia
1815 4193 1909 4245 Dei

331 4300 448 4339 sum
475 4287 530 4338 id
558 4289 690 4355 quod
716 4303 829 4339 sum
863 4287 914 4355 tl
944 4287 1064 4341 Cor.
1098 4303 1190 4353 xv,
1226 4286 1335 4358 Ill).
1367 4288 1445 4341 Ex
1479 4290 1629 4357 cujus
1661 4288 1910 4342 nimirum

331 4381 663 4449 aspiratione
711 4382 928 4451 gratim,
960 4380 1082 4450 quia
1106 4383 1357 4435 virtutum
1396 4395 1558 4447 opera
1585 4380 1827 4449 protinus
1858 4380 1910 4435 in

335 4473 504 4527 corde
531 4484 877 4542 generantur,
910 4482 964 4527 ut
994 4490 1060 4529 ex
1103 4474 1269 4529 libero
1298 4490 1508 4544 quoque
1536 4475 1759 4528 arbitrio
1788 4474 1912 4527 sub-

334 4576 595 4634 sequatur
620 4570 782 4631 actio,
810 4569 893 4621 cui
921 4578 1040 4635 post
1068 4566 1201 4621 hanc
1227 4568 1384 4619 vitam
1410 4566 1689 4621 retributio
1710 4576 1909 4619 :eterua
1938 4549 1990 4609 ο
2015 4550 2062 4587 m

337 4658 684 4723 respondeat,
718 4657 860 4710 illico
887 4655 1082 4724 adjecit
1107 4673 1120 4710 :
1152 4654 1217 4708 Et
1251 4657 1419 4725 gratia
1440 4658 1549 4720 eius
1570 4656 1622 4707 in
1651 4672 1729 4707 me
1755 4671 1920 4708 vacua

337 4763 443 4801 non
477 4748 580 4813 fuit
613 4747 773 4818 (lbid.
808 4762 896 4810 xv,
928 4749 1038 4817 10).
1065 4745 1207 4818 [νει.
1236 4744 1445 4816 χχγ.]
1485 4745 1591 4801 Sed
1632 4754 1757 4800 sunt
1783 4761 1917 4801 non-

341 4840 475 4894 nulli
505 4849 532 4887 8
561 4842 651 4910 qui
698 4854 857 4895 sanos
897 4855 956 4895 se
996 4840 1109 4895 suis
1152 4838 1354 4895 viribus
1382 4839 1672 4907 exsultant,
1703 4836 1920 4911 suisque

418 5009 448 5067 φ
470 5001 493 5053 1
525 5001 779 5067 Laud.,'et
797 5003 1007 5066 nescire,
1031 5000 1119 5055 sed
1140 5000 1331 5053 idcirco
1354 4997 1564 5052 nescire.

417 5066 449 5110 δ
469 5066 713 5134 Viudoc.,
741 5074 1018 5126 valeamus.

421 5150 444 5179 ε
480 5141 552 5194 Ita
597 5143 890 5211 elegantius
921 5144 972 5196 iu
1006 5142 1196 5206 Laud.,
1225 5139 1435 5206 Norm.,
1475 5145 1531 5191 et
1576 5136 1717 5201 aliis,
1756 5146 1918 5204 quam

349 5221 580 5282 ιεειοιιιτ,
612 5223 667 5265 ιιι
696 5214 885 5282 legitur
916 5213 966 5265 iu
996 5214 1091 5266 Eii.

417 5278 445 5318 ει
480 5275 858 5351 νιιιαυε.,’ρειο
897 5284 1112 5335 actionis
1162 5297 1267 5336 sua:
1308 5277 1589 5335 mercedem
1635 5275 1913 5347 pervenire.

348 5350 383 5405 2
403 5350 596 5417 Laud.,
625 5358 902 5407 mercedem
931 5353 1223 5422 prwvenire.

425 5433 450 5493 ξ
480 5423 669 5491 Laud.,
692 5427 802 5493 quis
828 5426 970 5492 prius
997 5423 1236 5493 deditei?

350 5490 445 5617 mli
479 5486 672 5575 Laud.,
704 5486 872 5565 'gratis
912 5494 1063 5548 salvi.
1112 5491 1361 5559 Vindoc.,
1411 5490 1581 5563 gratia
1629 5490 1762 5541 enim
1801 5486 1919 5539 estis

429 5577 549 5617 sats.

429 5577 549 5617 υαιι.

425 5645 451 5681 κ
483 5639 556 5688 tta
587 5634 831 5701 Vindoc.,
877 5635 1037 5690 Corb.
1097 5632 1303 5700 Germ.,
1362 5633 1589 5694 Turon.,
1642 5625 1921 5701 Norm._lu

355 5704 516 5770 Edit.,
557 5709 642 5774 qui
683 5697 846 5760 salvos
866 5723 954 5769 se;
996 5712 1052 5757 at
1098 5697 1296 5765 Laud,
1331 5704 1447 5770 quia
1489 5716 1633 5774 nosse
1662 5700 1766 5750 suis
1795 5697 1919 5749 uiri-

355 5775 463 5844 bus,
493 5787 625 5847 etc.,
656 5792 843 5832 errore
882 5777 1309 5838 amanuensium,
1338 5774 1427 5842 qui
1453 5787 1514 5828 ex
1546 5773 1666 5840 quia
1696 5782 1846 5822 sanos
1869 5782 1921 5819 se

749 5879 1017 5940 PATROL.
1063 5870 1352 5934 LXXVI.

2002 3280 2130 3341 Ceus
2155 3302 2168 3336 :
2198 3284 2355 3338 Nunc
2379 3292 2545 3335 autem
2569 3288 2771 3334 manent
2801 3279 2948 3349 ﬁdes,
2979 3294 3111 3349 spes,
3144 3275 3435 3347 cliaritas(l
3452 3273 3579 3328 Cor.

2004 3394 2120 3445 χιιι,
2166 3375 2275 3448 15).
2342 3380 2485 3443 Quas
2539 3383 2758 3428 cunctas
2807 3371 2984 3425 subita
3032 3369 3266 3437 repletus
3319 3368 3487 3437 gratia
3527 3375 3581 3419 et

2013 3473 2220 3540 accepit
2258 3471 2429 3533 latro,
2462 3476 2516 3521 et
2544 3462 2773 3520 servavit
2815 3463 2867 3515 in
2906 3476 3085 3516 cruce.
3128 3459 3311 3513 Fidem
3350 3470 3581 3525 namque

2010 3564 2213 3625 habuit,
2255 3562 2344 3629 qui
2384 3570 2724 3628 regnaturum
2752 3552 2775 3591 ¹ί
2805 3552 3086 3607 Dominum
3112 3550 3375 3613 credidit,
3420 3561 3581 3617 quem

2008 3666 2192 3706 secum
2234 3650 2433 3719 pariter
2480 3648 2796 3700 morientem
2851 3642 3023 3696 vidit:
3081 3656 3228 3708 spem
3270 3638 3451 3692 habuit
3489 3638 3582 3706 qui

2008 3742 2161 3813 regni
2185 3742 2303 3811 ejus
2331 3739 2529 3793 aditum
2575 3736 2882 3806 postulavit,
2922 3735 3145 3788 dicens:
3173 3729 3427 3785 Memento
3463 3731 3586 3794 mei,

2008 3837 2247 3899 Domine,
2278 3834 2401 3887 dum
2421 3832 2616 3885 ueneris
2635 3831 2689 3884 in
2714 3844 2924 3899 regnum
2946 3836 3086 3881 tuum
3110 3824 3261 3891 (Luc.
3284 3840 3444 3888 χχιιι,
3466 3820 3587 3894 42).

2009 3930 2341 3986 Cliaritatem
2398 3940 2608 3996 quoque
2653 3922 2704 3975 in
2736 3928 2910 3975 morte
2953 3932 3047 3973 sua
3093 3917 3350 3970 vivaeiter
3391 3915 3583 3991 tenuit,

2012 4022 2103 4092 qui
2141 4020 2360 4075 fratrem
2412 4026 2466 4071 et
2516 4015 2868 4071 collatronem
2904 4026 3004 4079 pro
3042 4008 3202 4064 simili
3241 4007 3443 4061 scelere
3481 4019 3589 4060 mo

2014 4123 2281 4187 rientem,
2324 4128 2377 4173 et
2415 4120 2482 4172 de
2523 4115 2796 4185 iniquitate
2832 4126 2927 4167 sua
2967 4110 3257 4180 arguit,-et
3312 4107 3366 4161 ei
3416 4108 3585 4160 vitam

2019 4227 2038 4265 ι
2066 4239 2224 4296 quam
2246 4228 2570 4294 cognoverat
2589 4217 2890 4288 pratdicavit
2912 4215 3096 4269 dicens
3124 4229 3138 4267 :
3165 4202 3346 4279 Neque
3368 4217 3424 4262 tu
3445 4211 3590 4262 times

2015 4325 2204 4393 Deum,
2256 4327 2341 4395 qui
2372 4325 2422 4377 in
2454 4321 2631 4375 eadem
2676 4335 2728 4374 es
2775 4316 3122 4370 damnatione.
3174 4311 3240 4366 Et
3269 4328 3361 4365 nos
3385 4310 3590 4382 quidem

2006 4432 2180 4499 juste;
2229 4444 2349 4481 nam
2397 4425 2555 4495 digna
2608 4421 2757 4491 [actis
2784 4419 3099 4488 recipimus;
3136 4415 3219 4467 hic
3249 4428 3363 4467 vero
3390 4419 3429 4447 ω
3459 4413 3591 4464 nihil

2066 4531 2141 4587 ali
2162 4530 2313 4601 gessit
2337 4527 2523 4600 (lbid.,
2555 4523 2671 4594 40).
2713 4524 2806 4578 Ille
2836 4525 2925 4591 qui
2965 4520 3085 4574 talis
3113 4518 3178 4571 ad
3209 4532 3419 4572 crucem
3447 4516 3593 4570 venit

2021 4650 2085 4691 ex
2130 4633 2306 4701 culpa,
2358 4642 2484 4685 ecce
2534 4626 2705 4703 qualis
2753 4640 2783 4678 a
2829 4636 2986 4679 cruce
3036 4619 3239 4676 recedit
3284 4632 3347 4672 ex
3398 4616 3589 4682 gratia.

2020 4733 2382 4792 Conﬁtebatur
2420 4738 2451 4767 ιι
2490 4727 2795 4792 Dominum,
2825 4738 2982 4793 quem
3019 4720 3238 4776 videbat
3273 4732 3459 4774 secum
3504 4718 3595 4772 bu-

2020 4850 2180 4894 mana
2240 4832 2554 4888 inﬁrmitate
2616 4827 2935 4883 morientem
2966 4864 2983 4889 ,
3047 4819 3263 4893 quando
3329 4817 3598 4890 negabant

2021 4986 2653 5050 conllaruntquianosse.
2712 5051 2716 5052 ί
2808 5048 2822 5052 _
2892 5047 2939 5052 η
3187 5044 3200 5052 _
3269 5042 3405 5052 ______
3511 5040 3524 5052 ,

2095 5042 2481 5128 iiIAdieciIiws.
2528 5051 2743 5128 άίαὺόέἐε
2792 5047 3157 5128 desidet-‘9'")
3186 5042 3593 5128 ί“.¹⁴⁵⁶ἑίί³ε.,ί,¹ἒ·

2022 5110 2347 5197 ventu—inque
2399 5110 2630 5197 iu'mss.
2667 5110 2910 5197 _Vindoc.
2948 5128 3011 5197 et
3050 5118 3085 5169 9.
3316 5112 3398 5197 lin.

2020 5181 2310 5269 superbas
2337 5210 2513 5269 voces,
2555 5194 2618 5269 de
2655 5193 2826 5269 fauce,
2858 5188 3130 5269 scriptum
3154 5185 3253 5269 fuit
3294 5184 3356 5236 de
3367 5181 3593 5253 judicio.

2097 5255 2114 5311 li
2149 5272 2309 5324 Deest
2340 5255 2553 5321 Domine
2580 5265 2631 5318 in
2655 5255 2922 5332 plerisque
2945 5255 2999 5312 et
3024 5261 3093 5335 ita
3119 5255 3274 5335 infra.

2095 5343 2110 5391 l
2162 5340 2325 5394 Lami.
2357 5350 2407 5392 et
2436 5329 2801 5400 Ilellovac.,in
2829 5346 2979 5384 cruce
3004 5329 3259 5382 clamauit.

2096 5409 2121 5448 ιι
2157 5412 2386 5473 Gemet.,
2418 5407 2601 5461 Deum.
3114 5466 3147 5473 ,
3258 5471 3266 5473 Α
3441 5460 3473 5473 Α.
3544 5460 3556 5472 .

2101 5478 2123 5521 ὶ
2158 5466 2384 5547 \‘ulgati,
2420 5492 2573 5547 quant
2604 5492 2717 5547 non
2760 5477 3079 5547 cognoverat:
3114 5466 3274 5547 Deest
3288 5466 3511 5547 negatio
3543 5466 3598 5547 in

2024 5551 2184 5606 Corb.
2213 5533 2444 5613 νϐυυιθώ.,’
2484 5546 2727 5609 Viudoe.,
2780 5533 3007 5604 Βέιιυγ..
3056 5536 3246 5601 Laud.,
3287 5533 3495 5600 Norm.,
3539 5542 3593 5589 et

2025 5624 2144 5677 aliis
2175 5621 2301 5674 Mss.

2099 5702 2137 5729 ω
2171 5692 2395 5755 Bcllov.,
2424 5688 2551 5742 nihil
2582 5685 2710 5738 male
2738 5682 2910 5755 gessit.

2098 5770 2126 5798 η
2153 5752 2390 5827 Getuct,,
2420 5761 2559 5814 l’rat.
2586 5767 2638 5812 et
2662 5756 2771 5816 alii,
2796 5752 2976 5805 Deum.
