4104 6350
476 322 547 377 75
1684 323 1934 383 SANCTI
1972 321 2307 383 GREGOBII
2341 323 2555 382 MAGNI
3679 316 3753 374 76

477 440 703 511 apostoli
730 454 853 499 eum
879 455 1041 512 quem
1063 439 1317 498 miracula
1355 441 1602 499 videram
1637 443 1816 500 divina
1856 446 2053 501 virtute
2081 451 2135 509 Α
2158 443 2379 499 dicens:
2402 442 2607 514 Negavi
2627 438 2888 496 consolari
2913 440 3138 496 animam
3166 455 3328 495 meam
3359 436 3532 513 (Psat.
3560 452 3750 504 um,

477 534 789 589 facientem.

546 624 687 696 [Vet.
711 622 814 678 XX
828 622 953 697 VI
981 624 1070 681 65.
1096 625 1261 680 Error
1282 642 1455 680 eorum
1484 626 1574 697 qui
1596 628 1785 681 salvari
1805 629 2059 682 hominem

477 718 703 785 propriis
763 717 953 771 viribus
1004 727 1269 773 astruunt.
1326 746 1398 760 —-
1445 717 1552 774 Sed
1610 719 1665 773 bi
1720 721 1807 787 qni
1864 721 2057 774 salvari

481 806 753 861 hominem
802 806 1037 876 propriis
1067 808 1265 863 viribus
1290 816 1315 847 ⁸
1344 818 1610 873 astruunt,
1649 809 1893 864 eamdem
1942 824 2066 863 con-

477 901 763 959 fessionem
815 902 1044 959 hominis
1083 905 1151 957 ab
1192 904 1362 974 ipsius
1408 918 1531 959 esse
1580 903 1813 959 hominis
1865 904 2063 959 virtute

475 996 840 1063 suspicantur.
900 997 1050 1063 Quod
1094 996 1140 1049 si
1179 997 1251 1050 ita
1292 1004 1459 1061 esset,
1503 998 1552 1049 in
1597 997 1687 1051 Dei
1731 997 1883 1051 lande
1915 996 2061 1050 Psal-

476 1089 636 1144 mista
687 1107 792 1143 non
834 1090 1078 1145 diceret:
1105 1089 1374 1159 Confessio
1417 1099 1469 1145 et
1506 1091 1887 1161 magniﬁcentia
1934 1106 2063 1157 opus

475 1184 589 1251 ejus
643 1182 813 1255 (Psal.
861 1200 948 1247 cx,
990 1184 1071 1252 5).
1133 1186 1215 1239 Ab
1261 1201 1326 1240 eo
1369 1186 1547 1255 itaque
1587 1186 1875 1253 accipimus
1917 1193 2061 1238 recta

478 1275 719 1329 confiteri
744 1314 758 1336 ,
805 1290 835 1329 a
883 1291 988 1342 quo
1028 1275 1181 1330 nobis
1221 1275 1251 1315 ι»
1292 1287 1346 1331 et
1396 1291 1589 1347 magna
1627 1278 1786 1331 datur
1823 1276 2059 1345 operari.

475 1364 606 1432 Quia
637 1381 765 1434 ergo
796 1365 869 1419 nil
900 1367 1025 1421 boni
1057 1368 1236 1435 operis
1264 1367 1515 1423 dedimus
1544 1382 1653 1437 quo
1686 1367 1825 1422 hanc
1854 1367 2066 1436 sapien-

478 1458 602 1509 tiam
653 1458 925 1527 percipere
969 1473 1323 1523 mereremur,
1381 1459 1590 1514 dicatur
1635 1471 1782 1515 recte
1824 1477 1839 1513 ε
1887 1459 2065 1513 Nescit

477 1546 631 1601 homo
687 1549 905 1616 pretium
953 1552 1089 1621 ejus,
1130 1552 1385 1619 quoniam
1416 1549 1675 1619 'quisquis
1717 1550 1825 1618 jam
1859 1550 2066 1605 ratione

480 1643 666 1704 utitur,
709 1649 855 1695 tanto
894 1640 1053 1695 altius
1081 1641 1181 1694 sub
1212 1641 1369 1711 hujus
1398 1641 1676 1710 sapientiae
1702 1642 1978 1696 intellectu
2004 1654 2065 1695 se

477 1731 724 1799 despicit,
765 1742 968 1801 quanto
1005 1732 1250 1803 ejusdem
1289 1733 1568 1801 sapientia:
1616 1735 1796 1787 verius
1851 1734 2063 1787 interna

2163 532 2242 605 5).
2269 534 2400 589 Nam
2430 536 2745 605 plerumque
2774 533 2933 603 hujus
2963 533 3146 589 saeculi
3177 533 3369 589 divites
3397 534 3574 586 solent
3600 543 3755 585 men-

2163 626 2233 683 tis
2263 628 2423 682 tredio
2450 627 2650 692 affecti,
2700 627 2837 681 bona
2888 627 3254 696 teinporaliter
3286 634 3508 695 accepta
3536 621 3755 693 conspi-

2164 736 2313 787 cere,
2346 731 2400 776 et
2431 722 2701 775 tristitiam
2734 721 2985 776 delinire.
3018 721 3153 777 Cum
3183 724 3329 776 enim
3362 734 3595 775 maerore
3619 733 3757 788 quo-

2163 812 2284 865 dam
2315 826 2373 866 se
2403 811 2545 880 tangi
2574 810 2835 877 sentiunt,
2868 824 3035 881 equos
3063 810 3343 881 aspiciunt,
3374 812 3489 863 auri
3517 807 3756 879 argenti-

2164 917 2270 971 que
2294 903 2375 957 sui
2399 899 2426 938 ἀ
2452 902 2665 957 vascula
2690 902 3139 971 contemplantur,
3168 901 3362 971 praedia
3390 903 3751 956 circumeunt.

2164 992 2406 1063 Cumque
2435 1008 2528 1064 per
2555 993 2672 1048 haec
2702 994 3014 1063 temporalia
3045 995 3228 1046 oculos
3258 992 3486 1046 libenter
3509 991 3753 1055 trahunt,

2165 1086 2409 1140 obortum
2459 1085 2656 1139 anima:
2699 1099 2989 1141 interorem
3037 1085 3277 1138 vincunt.
3311 1081 3464 1138 Unde
3500 1083 3577 1136 eis
3610 1091 3664 1136 et
3695 1081 3748 1135 in

2166 1177 2454 1248 Evangelia
2483 1177 2689 1232 Veritas
2719 1177 2845 1231 dicit
2872 1195 2885 1230 :
2916 1174 3009 1231 γω
3051 1176 3190 1230 vobis
3232 1175 3496 1234 divitibus.
3548 1174 3638 1244 qui
3668 1173 3753 1226 hic

2168 1269 2363 1323 habetis
2394 1270 2803 1324 consolationem
2823 1279 3040 1323 vestram
3068 1267 3220 1340 (Lac.
3248 1283 3320 1333 vi,
3350 1266 3465 1337 24).
3495 1266 3602 1321 Sed
3631 1280 3758 1319 san-

2168 1374 2285 1416 ctus
2314 1361 2396 1416 vir
2423 1363 2512 1433 qui
2544 1366 2642 1417 hoc
2675 1362 2848 1432 luget,
2878 1363 3002 1431 quia
3028 1362 3094 1416 ab
3125 1359 3346 1415 mternis
3374 1357 3584 1431 gaudiis
3612 1355 3758 1413 ceci-

2168 1458 2266 1520 dit,
2312 1456 2737 1511 c0nsolationem
2789 1456 2857 1511 de
2905 1455 3295 1526 temporalibus
3344 1469 3451 1509 non
3500 1453 3756 1518 admittit,

2168 1550 2352 1603 dicens
2376 1566 2390 1603 :
2424 1548 2626 1619 Negavi
2651 1547 2914 1603 consolari
2939 1551 3166 1603 animant
3192 1564 3377 1603 meam.
3402 1551 3479 1603 Ac
3508 1546 3551 1603 si
3575 1558 3761 1617 aperte

2167 1641 2353 1694 dicat:
2384 1640 2484 1708 Qui
2513 1639 2581 1696 de
2613 1641 2987 1710 temporalium
3017 1642 3305 1696 amissione
3334 1656 3441 1696 non
3471 1639 3649 1710 lugeo,
3689 1639 3760 1692 de

2169 1732 2545 1799 temporalium
2575 1731 2903 1786 abundantia
2940 1731 3211 1787 consolari
3260 1747 3594 1803 nequaquam
3628 1745 3758 1800 pos-

478 1825 773 1891 cognOscit.
804 1833 862 1878 ut
889 1824 1166 1894 indignum
1194 1840 1255 1879 se
1274 1826 1340 1878 ad
1373 1826 1510 1880 hanc
1533 1825 1843 1893 pervenisse
1864 1823 2060 1887 videat,
2096 1838 2146 1897 Β
2170 1836 2312 1878 sum.
2353 1823 2453 1877 Cui
2485 1834 2739 1894 tanquam
2772 1825 2819 1878 si
2851 1838 2949 1878 nos
2978 1823 3259 1879 audientes
3290 1826 3387 1879 ista
3419 1824 3716 1879 diceremus
3744 1841 3760 1878 :

479 1928 580 1982 per
603 1929 760 1983 quam
788 1915 1023 1984 gratuito
1052 1917 1227 1986 agitur
1255 1924 1315 1971 ut
1341 1917 1534 1987 dignus
1560 1914 1671 1971 fiat.
1702 1917 1777 1971 De
1797 1929 1901 1987 qua
1926 1915 2067 1971 bene

478 2021 604 2061 mox
636 2006 903 2070 subditur.

860 2099 1085 2155 CAPUT
1114 2098 1229 2155 xu
1253 2099 1401 2172 [ηπ.
1433 2099 1672 2171 XXIV].

553 2194 711 2247 Vens.
746 2192 832 2247 i5.
853 2224 925 2233 —
948 2193 1058 2247 Nec
1081 2195 1134 2247 in
1154 2203 1291 2248 terra
1307 2194 1532 2247 suaviter
1558 2195 1852 2248 viventium.

545 2284 634 2337 66.
681 2284 923 2353 Quisquis
970 2286 1127 2353 hujus
1170 2285 1287 2338 vitat
1332 2285 1676 2354 voluptatibus
1717 2285 1972 2354 pascitur,
2005 2284 2069 2337 ab

479 2384 682 2429 (eterna:
704 2374 969 2441 sapientiw
1013 2373 1271 2428 intellectu
1290 2387 1582 2445 separatur.
1615 2404 1685 2415 -—
1713 2375 1850 2441 Quid
1885 2374 1985 2428 hoc
2015 2376 2068 2429 in

479 2465 601 2521 loco
637 2474 793 2520 terra:
843 2468 1081 2536 signatur
1128 2467 1364 2534 nomine,
1412 2469 1512 2522 nisi
1560 2468 1740 2522 anima
1792 2467 2071 2522 humana?

482 2559 556 2613 De
585 2574 688 2629 qua
718 2558 1001 2613 Psalmista
1033 2557 1159 2612 dicit
1190 2576 1203 2611 :
1236 2559 1425 2612 Anima
1464 2575 1575 2613 mea
1617 2562 1750 2612 sicut
1788 2569 1921 2613 terra
1959 2560 2071 2612 sine

479 2667 613 2721 aqua
661 2650 750 2703 tibi
773 2649 941 2717 (Psul.
970 2665 1130 2713 cun,
1165 2650 1244 2721 6).
1275 2651 1399 2705 llaec
1423 2660 1601 2707 autem
1629 2652 1893 2720 sapientia
1919 2651 2071 2706 inve-

482 2742 585 2795 niri
639 2742 692 2796 in
743 2750 883 2796 terra
933 2746 1170 2797 suaviter
1223 2744 1514 2797 viventium
1573 2758 1677 2796 non
1733 2743 1894 2807 valet,
1942 2744 2066 2811 quia

480 2832 720 2902 quisquis
749 2834 922 2887 adhuc
950 2831 1107 2902 hujus
1136 2833 1258 2887 vitae
1300 2832 1661 2901 voluptatibus
1693 2832 1953 2902 pascitur,
1997 2832 2069 2888 ab

485 2935 699 2979 arternae
741 2926 1020 2994 sapientia:
1051 2926 1322 2981 intellectu
1352 2936 1651 2996 separatur.
1700 2926 1829 2980 Nam
1858 2928 1902 2981 si
1931 2939 2067 2980 vere

484 3025 716 3083 saperet,
748 3018 1006 3084 expulsus
1034 3018 1103 3070 ab
1131 3018 1357 3072 internis
1382 3017 1611 3087 gaudiis,
1642 3018 1711 3072 de
1733 3031 1799 3072 ea
1829 3018 1881 3071 in
1905 3032 2065 3086 quam

480 3108 638 3181 587
691 3110 929 3174 cecidit,
990 3109 1163 3164 exsilii
1216 3111 1296 3165 sui
1342 3111 1587 3165 caicitate
1642 3110 1864 3179 lugeret.
1933 3110 2067 3164 lline

2168 1918 2307 1985 Quid
2338 1920 2500 1988 igitur
2534 1921 2756 1990 qumris,
2801 1920 2889 1988 qui
2921 1922 3189 1976 consolari
3222 1922 3274 1976 in
3304 1920 3386 1976 his
3424 1937 3543 1992 qua:
3575 1916 3763 1975 mundi

2168 2019 2297 2064 sunt
2342 2011 2569 2065 renuis?
2613 2011 2761 2066 illico
2805 2011 3042 2083 adjecit:
3068 2013 3270 2068 Memor
3298 2014 3378 2085 fui
3410 2013 3530 2080 Dei,
3554 2024 3600 2068 et
3623 2012 3763 2068 dele-

2173 2112 2345 2156 ctatus
2392 2118 2504 2156 sum
2545 2102 2727 2175 (Psal.
2775 2119 2956 2172 uxvr,
2990 2103 3080 2179 4).
3135 2108 3211 2163 Ac
3260 2107 3304 2161 si
3347 2116 3531 2176 aperte
3576 2105 3761 2163 dicat:

2171 2194 2535 2250 Terrenarum
2574 2210 2755 2250 rerum
2796 2211 2883 2252 me
2929 2212 3027 2251 nec
3057 2198 3386 2253 abundantia
3413 2196 3637 2264 refovet,
3665 2213 3764 2253 au-

2169 2289 2337 2343 ctoris
2366 2300 2543 2344 autem
2575 2293 2677 2344 mei
2714 2304 2873 2360 quem
2901 2289 3080 2346 adhuc
3110 2291 3297 2346 videre
3327 2305 3434 2346 non
3467 2291 3641 2347 valeo.
3674 2289 3763 2347 vel

2170 2383 2284 2438 sola
2316 2386 2574 2439 memoria
2618 2384 2867 2439 delectat.
2900 2383 3025 2439 Haec
3054 2376 3323 2457 estigitur
3347 2383 3648 2439 amaritudo
3676 2398 3763 2438 sa-

2174 2477 2451 2545 pientiam,
2497 2477 2621 2546 quia
2662 2476 2787 2530 dum
2835 2491 2931 2544 spe
2976 2477 3028 2531 in
3077 2476 3180 2529 alta
3213 2475 3377 2531 erecti
3408 2485 3554 2541 sunt,
3598 2474 3759 2530 nullis

2175 2572 2263 2626 hic
2303 2570 2510 2641 gaudiis
2558 2572 2795 2624 animum
2821 2578 3091 2625 sternunt.
3145 2569 3278 2623 llinc
3325 2570 3468 2623 enim
3498 2570 3757 2639 scriptum

2172 2670 2254 2716 est
2277 2678 2292 2716 :
2318 2661 2419 2715 Cor
2458 2662 2766 2733 sapientium
2805 2663 2891 2716 ubi
2930 2661 3138 2716 tristitia
3164 2669 3260 2729 est,
3296 2669 3343 2715 et
3372 2676 3459 2713 cor
3486 2660 3762 2721 stultorum

2172 2755 2259 2809 ubi
2300 2756 2479 2810 laztitta
2525 2754 2720 2824 (Eccle.
2758 2768 2857 2819 vit,
2889 2752 2966 2823 5).
3002 2752 3136 2807 Hinc
3176 2751 3409 2807 Jacobus
3454 2750 3627 2806 dicit:
3660 2747 3766 2803 Mi-

2172 2848 2274 2904 seri
2294 2857 2472 2912 estote,
2503 2856 2550 2901 et
2573 2848 2762 2919 lugete,
2806 2855 2854 2901 et
2900 2845 3121 2918 plorato,
3156 2855 3204 2900 et
3238 2845 3374 2899 risus
3404 2853 3564 2898 vester
3594 2844 3645 2895 in
3672 2840 3762 2895 lu-

2172 2948 2309 2992 ctum
2360 2947 2727 3004 convertatur,
2781 2945 2829 2991 et
2878 2936 3127 3007 gaudium
3176 2936 3230 2989 in
3285 2950 3553 2989 mererem
3603 2934 3765 3004 (Jac.

2171 3045 2246 3096 Iv,
2278 3029 2355 3100 9).
2389 3029 2519 3083 Hinc
2566 3044 2661 3098 per
2703 3027 3044 3094 semetipsum
3085 3024 3295 3081 Veritas
3336 3034 3638 3089 attestatur,
3683 3023 3768 3079 di-

2171 3135 2301 3175 cens
2329 3137 2344 3173 :
2376 3119 2522 3173 Beati
2560 3120 2647 3189 qui
2684 3119 2895 3188 lugent,
2934 3119 3180 3190 quoniam
3224 3118 3325 3189 ipsi
3365 3116 3769 3173 consolabuntur

481 3219 711 3273 namque
755 3219 846 3271 per
892 3202 1235 3269 Salomonem
1265 3205 1459 3257 dicitur
1484 3220 1497 3257 ;
1529 3204 1629 3268 Qui
1667 3204 1878 3274 apponit
1904 3204 2067 3258 scien-
2092 3216 2141 3279 ο
2174 3210 2393 3285 (Matth,
2422 3227 2479 3276 v,
2502 3211 2578 3280 5).
2620 3211 2857 3267 lnveniri
2885 3225 3012 3281 ergo
3035 3211 3299 3281 sapientia
3325 3210 3379 3265 in
3407 3226 3592 3266 eorum
3619 3219 3766 3271 terra

480 3303 621 3359 tiam,
662 3297 876 3364 apponit
905 3306 951 3349 et
982 3296 1211 3349 dolorem
1258 3294 1456 3367 (Eccle.
1489 3310 1529 3363 ι,
1565 3297 1674 3363 i8),
1703 3298 1824 3366 quia
1866 3308 2067 3367 quanto

482 3390 601 3457 plus
635 3392 793 3444 homo
841 3389 1069 3459 cmperit
1116 3392 1257 3444 scire
1297 3390 1427 3458 quid
1471 3390 1723 3459 perdidit,
1772 3398 1921 3444 tanto
1951 3390 2067 3459 plus

482 3481 669 3549 lugere
698 3482 886 3546 incipit
911 3482 1270 3551 corruptionis
1293 3497 1405 3537 sure
1440 3485 1766 3538 sententiam
1793 3498 1955 3552 quam
1986 3484 2068 3538 in-

485 3574 651 3628 venit.
680 3574 999 3630 (lonsiderat
1024 3590 1255 3645 namque
1282 3576 1424 3630 unde
1449 3591 1555 3646 quo
1582 3577 1759 3646 lapsus
1787 3585 1900 3643 est;
1926 3577 2070 3647 quod

481 3681 512 3720 a
548 3668 779 3738 paradisi
819 3668 1031 3738 gaudiis
1072 3667 1140 3723 ad
1171 3683 1437 3723 aerumnas
1482 3669 1603 3722 vitze
1651 3669 1950 3737 praesentis,
2001 3668 2070 3722 ab

479 3761 791 3833 angelorum
821 3762 1170 3816 societatibus
1199 3762 1343 3816 venit
1372 3761 1437 3816 ad
1464 3776 1622 3817 curas
1655 3764 2065 3829 necessitatum;

486 3865 674 3920 pensat
720 3856 773 3908 in
821 3864 954 3925 quot
986 3854 1099 3925 jam
1144 3856 1398 3924 periculis
1441 3857 1605 3925 jacet,
1655 3856 1744 3925 qui
1776 3857 1924 3925 prius
1954 3856 2071 3910 sine

489 3946 730 4011 periculo
755 3953 898 3999 stare
923 3947 1283 4015 contempsit;
1306 3946 1455 4015 luget
1480 3946 1724 4000 exsilium
1753 3947 1893 4014 quod
1919 3946 2072 3999 dam-

482 4046 640 4092 natus
688 4037 903 4106 patitur,
937 4045 992 4092 et
1019 4038 1254 4107 suspirat
1284 4037 1348 4091 ad
1372 4038 1610 4092 cmlestis
1637 4037 1823 4107 glorise
1847 4045 2069 4101 statum,

485 4146 592 4199 quo
643 4128 846 4200 perlrui
898 4144 1122 4184 securus
1176 4139 1356 4199 posset
1402 4131 1448 4183 si
1508 4144 1733 4197 peccare
1789 4129 2069 4183 noluisset.

483 4221 636 4289 Quod
680 4220 818 4275 bene
856 4220 1141 4275 Psalmista
1177 4220 1546 4287 considerans,
1584 4221 1697 4274 ait:
1727 4218 1843 4291 Ego
1879 4220 2073 4274 dixiin

484 4328 672 4383 pavore
713 4330 824 4367 meo
845 4328 866 4367 :
889 4310 1161 4383 Projectus
1190 4329 1305 4367 sum
1334 4329 1364 4366 a
1392 4312 1535 4367 vultu
1573 4312 1841 4366 oculorum
1870 4322 2077 4371 tuorum

483 4404 661 4475 (Psal,
707 4422 836 4473 xxx,
877 4404 999 4477 25).
1045 4405 1450 4476 Contemplatus
1480 4404 1679 4476 quippe
1707 4405 1915 4460 interna
1944 4420 2073 4473 gau-

488 4498 573 4551 dia
602 4499 828 4554 visionis
858 4498 978 4567 Dei,
1010 4508 1064 4554 et
1090 4499 1345 4554 socialem
1377 4499 1731 4570 frequentiam
1760 4500 2073 4570 angelorum

2174 3318 2283 3359 non
2316 3313 2509 3372 potest,
2555 3304 2646 3374 qui
2696 3306 2934 3359 suaviter
2979 3304 3184 3372 vivunt,
3229 3306 3353 3375 quia
3386 3312 3534 3360 tanto
3573 3304 3760 3359 verius

2172 3396 2322 3450 stulti
2373 3405 2517 3462 sunt,
2563 3407 2764 3467 quanto
2813 3396 3015 3467 majora
3059 3398 3379 3467 perdentes,
3428 3399 3480 3451 in
3528 3393 3767 3450 minimis

2188 3490 2455 3544 latantur.
2507 3488 2641 3545 Hinc
2673 3489 2861 3544 Petrus
2888 3489 3130 3545 eamdem
3162 3504 3448 3559 pravorum
3477 3487 3758 3543 stultitiam

2175 3579 2542 3650 reprehendit,
2587 3580 2768 3635 dicens
2804 3597 2819 3634 :
2857 3589 2879 3617 ε
2918 3579 3252 3649 Volup'atem
3292 3580 3639 3636 existimantes
3665 3576 3769 3631 diei

2181 3667 2203 3708 ί
2234 3670 2470 3735 delicias,
2516 3670 2946 3741 coinquinationis
2982 3680 3029 3723 et
3071 3671 3285 3724 macula:
3307 3667 3394 3742 (ΙΙ
3420 3669 3535 3724 Pet.
3565 3684 3622 3733 ιι,
3652 3667 3767 3741 15),

2180 3762 2317 3818 Hinc
2351 3761 2604 3817 Salomon
2655 3763 2726 3816 ait
2754 3778 2768 3817 :
2795 3760 2978 3815 Risum
3018 3761 3263 3831 deputavi
3296 3776 3541 3825 errorem,
3568 3768 3615 3813 et
3641 3774 3769 3831 gau-s

2176 3857 2264 3908 dio
2292 3855 2402 3909 dixi
2426 3870 2444 3907 :
2470 3854 2609 3921 Quid
2661 3854 2856 3926 frustra
2906 3854 3154 3925 deciperis
3184 3852 3384 3925 (Eccle.
3418 3869 3475 3920 ιι,
3508 3852 3586 3922 2).
3620 3852 3773 3931 Dicat

2177 3947 2359 4014 itaque
2398 3945 2482 3999 vir
2525 3956 2744 4001 sanctus
2772 3946 2852 4013 ,de
2893 3948 3202 4014 sapientia;
3246 3943 3361 3999 Nec
3411 3946 3665 3998 invenitur
3717 3944 3773 4013 in

2177 4045 2316 4091 terra
2344 4037 2567 4091 suaviter
2616 4036 2910 4103 viventium,
2958 4039 3082 4110 quia
3127 4036 3378 4092 nimirum
3407 4036 3499 4108 qui
3529 4036 3579 4089 in
3604 4035 3771 4108 588

2177 4133 2283 4188 hoc
2332 4131 2533 4185 mundo
2575 4131 2810 4185 suaviter
2850 4132 3035 4185 vivunt
3057 4140 3084 4179 ε
3114 4132 3190 4185 ita
3237 4126 3411 4185 adhuc
3439 4126 3588 4183 stulti
3617 4138 3764 4210 sunt,

2177 4230 2240 4277 ut
2287 4224 2388 4277 hoc
2429 4223 2601 4292 ipsum
2655 4237 2869 4292 quoque
2927 4222 3191 4289 nesciant,
3246 4221 3388 4276 unde
3436 4219 3768 4276 ceciderunt.

2181 4314 2433 4383 Sequitur
2458 4329 2474 4367 :

2562 4404 2789 4461 CAPUT
2840 4405 2980 4461 XLII
3029 4402 3397 4481 [Rec.XXV].

2254 4498 2417 4554 Vsus.
2457 4497 2541 4554 14.
2574 4530 2643 4539 -
2671 4500 2901 4571 Abyssus
2922 4500 3068 4565 dicit,
3101 4497 3225 4553 Non
3245 4507 3318 4552 est
3341 4498 3394 4551 in
3419 4513 3511 4553 me.

484 4592 886 4659 persistentium
911 4632 927 4658 ,
980 4592 1190 4647 reduxit
1238 4592 1424 4648 oculos
1472 4592 1540 4647 ad
1581 4592 1683 4648 ima
1710 4633 1726 4660 ,
1781 4594 1911 4648 vidit
1967 4608 2073 4664 quo
2102 4604 2157 4665 1)
2251 4589 2342 4647 67.
2383 4591 2428 4645 A
2473 4591 2569 4645 ι)εὲ
2602 4592 2858 4664 sapientia
2880 4601 2997 4647 sunt
3023 4591 3200 4655 alieni,
3225 4591 3313 4663 qui
3340 4591 3621 4645 secundum
3651 4605 3772 4643 oar-

482 4680 703 4751 jaceret.
738 4684 827 4751 qui
856 4682 922 4738 ad
955 4683 1057 4739 hoc
1087 4680 1339 4739 conditus
1368 4683 1558 4753 fuerat,
1592 4694 1653 4738 ut
1682 4685 1732 4739 in
1763 4686 2073 4743 caelestibus

483 4783 628 4827 stare
668 4777 970 4843 potuisset;
1022 4775 1269 4844 pensavit
1306 4776 1397 4831 ubi
1447 4785 1612 4840 esset,
1647 4784 1703 4831 et
1729 4792 1834 4846 quo
1862 4777 2075 4833 deesset

484 4862 783 4932 ingemuit;
832 4869 1233 4936 projectumque
1286 4881 1346 4921 se
1387 4881 1418 4921 ιι
1466 4868 1613 4920 vultu
1654 4868 1935 4921 oculorum
1979 4866 2075 4924 Dei

483 4959 676 5019 doluit.
721 4960 845 5028 quia
882 4959 936 5013 in
962 4959 1367 5027 comparatione
1399 4958 1536 5014 lucis
1566 4958 1770 5017 intima:
1800 4959 2074 5030 graviores

486 5057 733 5111 senserat
780 5048 956 5105 exsilii
999 5051 1085 5105 sui
1134 5049 1389 5107 tenebras
1433 5063 1569 5119 quas
1618 5048 1883 5106 loica-altat
1926 5049 2075 5121 [νει.

486 5140 759 5215 XXVII].
793 5142 928 5198 Hinc
960 5152 1042 5199 est
1072 5140 1214 5213 quod
1263 5141 1329 5196 ad
1378 5141 1612 5195 animum
1640 5157 1795 5196 suum
1828 5157 1894 5196 ex
1949 5156 2088 5212 prte-

489 5240 628 5292 senti
680 5240 785 5292 vita
822 5246 844 5275 ο
877 5236 1077 5292 nullius
1128 5236 1316 5306 gratia:
1361 5234 1783 5291 consolationem
1830 5234 2081 5299 admittit,

565 5385 589 5446 β
618 5377 854 5446 tlemet,,
879 5385 1135 5431 asserunt.
1164 5445 1176 5446 ί
1449 5445 1454 5446 ί
1546 5445 1554 5446 ί
1672 5418 1684 5430 .

562 5443 591 5482 ι’
626 5448 682 5500 In
724 5443 905 5502 Germ.
937 5449 1103 5503 Corb.
1148 5445 1329 5501 Germ.
1363 5455 1417 5501 et
1444 5445 1497 5499 in
1543 5445 1749 5511 Editis,
1797 5455 1845 5499 et
1894 5462 2081 5515 magna

498 5517 683 5571 dantur
714 5520 937 5589 operari,
985 5518 1112 5572 Mss.
1150 5517 1354 5589 Anglic.
1387 5527 1437 5571 et
1468 5518 1638 5570 nostri
1672 5517 1869 5570 habent
1900 5518 2075 5572 datur.

570 5600 592 5658 εξ
627 5589 793 5643 Laud.
824 5601 879 5643 et
903 5590 1133 5653 Bellov.,
1162 5588 1351 5642 nullius
1377 5588 1599 5658 gratiam
1619 5589 2003 5658 consolationis.

567 5656 594 5696 ἀ
632 5660 687 5712 In
719 5660 930 5724 Germ.,
961 5660 1184 5724 Turon.,
1215 5656 1397 5712 Norm.
1426 5668 1481 5714 et
1510 5662 1667 5726 pler.,
1701 5656 1931 5710 metalla.

572 5740 594 5767 ε
628 5730 782 5785 Becc.
818 5743 869 5785 et
902 5732 1034 5787 Utic.
1062 5731 1324 5797 duplicem
1360 5731 1444 5783 hic
1487 5730 1769 5784 lectionem
1802 5727 2081 5793 exhibent,

496 5803 803 5870 voluptatem
833 5814 882 5857 ct
914 5806 1244 5855 voluntatem.

2182 4701 2300 4739 nem
2339 4683 2686 4755 mundumque
2720 4684 2950 4754 sapiunt.
2976 4712 3045 4724 —
3071 4683 3210 4750 Quid
3243 4683 3345 4737 hoc
3373 4681 3491 4737 loco
3517 4683 3770 4754 abyssum

2184 4776 2285 4831 nisi
2319 4776 2482 4830 corda
2513 4776 2787 4830 hominum
2818 4775 3010 4831 vocat?
3037 4790 3155 4846 qua:
3182 4784 3236 4830 et
3260 4791 3354 4844 per
3374 4774 3581 4843 lapsum
3606 4773 3770 4829 ﬂuida

2185 4876 2240 4923 et
2270 4882 2367 4937 per
2392 4866 2719 4937 duplicitatis
2736 4875 2861 4921 sunt
2890 4867 3171 4937 caliginem
3197 4868 3498 4922 tenebrosa.
3530 4866 3658 4931 Qua:
3689 4865 3775 4919 ni-

2185 4962 2381 5017 mirum
2412 4962 2641 5032 abyssus
2669 4975 2775 5016 non
2803 4974 2924 5017 esse
2950 4961 3001 5015 in
3030 4975 3095 5017 se
3121 4959 3259 5016 hanc
3294 4958 3612 5030 sapientiam
3654 4972 3775 5027 pro-

2190 5052 2393 5120 litetur,
2417 5052 2541 5121 quia
2572 5051 2931 5119 iniqua'mens
2959 5050 3085 5105 dum
3109 5065 3231 5107 esse
3249 5053 3465 5120 sapiens
3488 5050 3776 5105 carnaliter

2188 5144 2416 5211 appetit,
2467 5142 2683 5197 stultam
2711 5157 2772 5198 se
2797 5143 2863 5198 ad
2888 5142 3149 5211 spiritalia
3178 5143 3428 5199 ostendit.
3463 5141 3595 5195 Nam
3629 5140 3777 5219 quis,

2193 5242 2329 5293 teste
2360 5234 2551 5302 Paulo,
2586 5233 2855 5307 Sapientia
2893 5235 3045 5307 hujus
3074 5236 3255 5291 mundi
3285 5235 3507 5291 stultitia
3536 5245 3607 5289 est
3634 5231 3775 5303 apud

2267 5374 2285 5410 τ
2321 5370 2527 5439 Germ.,
2556 5372 2870 5427 voluntatem
2893 5374 3240 5429 existimantes
3267 5374 3381 5441 Dei,
3404 5374 3616 5428 delicias
3637 5374 3779 5426 coin-

2189 5445 2521 5513 quinationis.
2573 5444 2764 5509 Corb.,
2814 5445 3022 5511 (ἴθι-ιιι,
3078 5447 3388 5501 voluntatem
3432 5447 3781 5503 existunantes

2190 5516 2311 5576 diei,
2337 5516 2545 5568 delicias
2576 5517 3027 5583 coinquinationis.
3060 5516 3285 5584 Bellov.,
3322 5519 3511 5571 delicta
3540 5516 3776 5584 coinqui—

2190 5586 2453 5653 nationis,
2504 5590 2802 5642 secundum
2864 5597 3064 5642 textum
3122 5590 3413 5656 Graecum,
3473 5588 3778 5659 coinquina-

2192 5659 2372 5710 tiones.

2260 5731 2295 5799 ε
2322 5724 2485 5799 υιὶοη
2514 5721 2699 5797 Becc.,
2731 5726 2972 5796 Gemet.,
3007 5726 3182 5795 Prat.,
3225 5729 3465 5799 Ebroic.,
3493 5730 3567 5784 ita
3592 5728 3658 5783 ab
3686 5727 3787 5785 has

2190 5795 2338 5849 stulti
2361 5805 2502 5850 sunt.
