4044 6346
279 316 334 372 ‘t'7
1086 313 1451 385 MORALIUH
1489 313 1618 372 ιιθ.
1658 314 1850 377 XVIII.
1889 344 1960 358 —-
1995 315 2227 374 CAPUT
2267 314 2460 371 XXVII
2505 317 2564 371 Β.
2607 315 2747 374 JOB.
3484 317 3556 375 78

276 437 432 501 Deitas
464 433 523 508 (ι
554 433 676 491 Cor.
717 449 801 507 nt,
836 434 953 506 19),
994 442 1145 490 tanto
1190 434 1415 505 quisque
1459 434 1688 503 amplius
1717 433 1861 503 intus
1886 434 1943 495 Α
1965 432 2142 487 uestris
2173 432 2388 503 (Matth.
2417 450 2495 498 ιι,
2523 433 2637 504 98).
2669 432 2808 501 Quid
2833 432 2980 487 enim
3023 431 3078 487 in
3118 433 3219 489 bac
3260 433 3373 488 vita
3406 433 3554 489 labo-

202 526 211 563 ξ
274 529 468 584 stultus
507 526 592 595 ﬁt,
621 537 822 599 quanto
872 536 1097 582 conatur
1136 530 1377 583 exterius
1423 528 1641 595 sapiens
1668 525 1860 581 videri.
1969 525 2165 580 riosius
2206 541 2364 595 quam
2408 526 2637 581 terrenis
2676 526 2956 581 desideriis
2979 526 3557 600 :estuareiﬁsgaut

276 624 345 680 De
377 625 480 679 bac
509 626 709 694 abysso
753 640 851 694 per
897 623 1158 679 Joannem
1207 623 1442 678 dicitur:
1483 621 1599 679 Vidi
1625 620 1865 691 angelum

272 717 659 770 descendente»:
707 717 770 771 de
824 715 972 777 coelo.
1022 715 1286 770 habentem
1342 718 1533 768 clavem
1586 714 1776 783 abyssi,
1816 720 1865 766 et

273 817 510 861 catenam
557 822 797 875 magnam
832 806 884 858 in
914 821 1068 859 manu
1104 820 1240 870 sua;
1280 814 1328 858 et
1361 804 1701 874 apprehendit
1738 803 1865 856 dra-

272 914 446 951 conem
480 905 769 968 serpentem
798 896 1084 963 antiquum,
1123 896 1212 963 qui
1250 904 1324 949 est
1365 894 1620 957 diabolus,
1652 902 1698 947 et
1726 901 1868 947 sata-

273 1006 387 1054 nas,
419 997 470 1041 ct
500 987 679 1059 ligauit
708 1004 822 1042 cum
867 1002 956 1055 per
990 1002 1154 1041 annos
1192 987 1353 1049 mille,
1386 994 1437 1040 et
1475 986 1611 1038 misit
1640 985 1691 1037 in
1718 983 1869 1054 abys-

273 1098 406 1144 sum,
430 1090 480 1134 et
512 1080 727 1145 clausit,
755 1090 804 1134 et
831 1077 1049 1151 signavit
1071 1094 1222 1144 super
1252 1078 1419 1137 illum,
1454 1085 1509 1130 ut
1540 1092 1641 1129 non
1660 1078 1870 1129 seducat

274 1174 502 1242 amplius
543 1179 748 1243 gentes,
786 1170 947 1225 donec
979 1180 1343 1224 consumantur
1373 1168 1515 1223 mille
1533 1168 1657 1221 anni
1688 1167 1869 1235 (Apoc.

277 1282 376 1332 xx,
428 1264 508 1334 1).
571 1263 871 1318 Millenario
898 1262 1097 1319 etenim
1130 1275 1355 1317 numero
1390 1275 1493 1314 non
1520 1261 1871 1330 quantitatem

280 1358 567 1428 temporis,
611 1356 707 1413 sed
749 1356 1178 1424 universitatem,
1220 1369 1324 1424 qua
1363 1363 1552 1424 regnat
1601 1354 1869 1419 Ecclesia,

279 1449 611 1518 designavit.
651 1449 919 1518 Antiquos
963 1457 1142 1503 autem
1190 1462 1415 1515 serpens
1455 1436 1649 1516 ligatus
1687 1456 1873 1501 catena

276 1539 328 1593 in
384 1542 644 1612 abyssum
700 1539 952 1603 mittitur,
989 1548 1016 1575 ι
1048 1538 1171 1608 quia
1228 1537 1486 1609 religatus
1536 1552 1565 1589 a
1610 1535 1874 1592 bonorum

277 1635 555 1701 cardibus,
598 1634 738 1703 apud
785 1633 1136 1702 reproltorum
1188 1640 1397 1685 mentes
1449 1630 1728 1695 l‘t'CIllSllS,
1791 1629 1873 1683 eis

276 1726 514 1780 atrocius
556 1724 887 1778 dominatur.
929 1719 1031 1789 Qui
1071 1721 1229 1791 paulo
1272 1729 1391 1788 post
1428 1734 1641 1790 quoque
1679 1720 1744 1771 de
1776 1734 1875 1787 pu-

1970 619 2094 685 quid
2131 620 2215 672 hic
2241 618 2470 687 quietius
2492 634 2647 687 quam
2682 620 2841 688 hujus
2879 621 3061 675 tta-culi
3092 619 3223 675 nihil
3253 620 3550 689 ξυνθιρωῖ

1969 709 2113 783 [νει.
2164 709 2471 782 XXVIII.]
2516 710 2647 765 llinc
2682 724 2763 765 est
2803 712 2945 781 quod
2983 712 3304 767 Israe’iticus
3330 713 3559 782 populus

1969 804 2269 857 custodiam
2294 802 2511 858 S‘sbbati
2537 804 2743 868 accepit
2765 804 2815 857 in
2843 818 3066 859 munere
3088 803 3286 874 (Exod.
3312 817 3420 872 rm,
3442 805 3559 874 29);

1972 896 2093 950 hinc
2115 912 2142 949 c
2159 904 2344 950 contra
2368 903 2453 951 est
2469 894 2729 964 [Egyptus
2747 910 3047 951 muscarum
3075 896 3416 951 multitudine
3445 911 3563 964 pcr-

1971 1004 2121 1042 cussa
2141 986 2336 1057 (Exod.
2354 988 2516 1051 vttt,2
2530 989 2542 1038 i
2558 991 2597 1057 ).
2615 987 2848 1058 Populus
2863 1003 3089 1057 namque
3103 989 3195 1057 qui
3210 988 3383 1044 Deum
3398 987 3566 1058 sequi-

1975 1092 2061 1135 tur
2083 1082 2280 1148 accipit
2302 1082 2605 1146 sabbatum,
2635 1083 2684 1136 id
2715 1089 2798 1136 est
2832 1082 3070 1150 requiem
3092 1084 3307 1147 mentis,
3336 1093 3391 1138 ιιι
3413 1084 3560 1139 ιιιιΙΙο

1975 1173 2027 1226 ἰιι
2057 1172 2155 1226 ltac
2182 1174 2287 1226 vita
2321 1172 2712 1228 desideriorum
2759 1174 3053 1229 carnalium
3105 1175 3343 1245 appetitu
3374 1175 3563 1245 fatige-

1977 1272 2081 1317 tur.
2118 1264 2387 1334 tEgyptus
2420 1280 2547 1319 vero
2577 1281 2695 1334 qua:
2739 1266 2898 1336 hujus
2945 1266 3127 1321 mundi
3155 1268 3390 1337 speciem
3419 1276 3565 1323 tenet

1975 1357 2175 1411 muscis
2207 1357 2524 1425 percutitur.
2552 1356 2733 1411 Musca
2765 1359 2909 1413 enim
2940 1360 3101 1415 nimis
3130 1359 3367 1414 insolens
3396 1368 3453 1415 et
3485 1361 3565 1414 in-

1976 1448 2212 1517 quietum
2253 1450 2450 1504 animal
2498 1461 2600 1505 est.
2628 1451 2708 1505 .ln
2752 1467 2853 1522 qua
2894 1453 3020 1523 quid
3060 1454 3202 1508 aliud
3229 1468 3387 1523 quam
3420 1455 3565 1508 inso-

1979 1540 2157 1594 lentes
2209 1556 2354 1595 cum
2402 1541 2796 1598 desideriorum
2848 1545 3142 1601 carnalium
3181 1546 3566 1615 designantur?

1980 1630 2131 1685 Unde
2172 1632 2305 1685 alias
2348 1633 2543 1687 dicitur
2570 1652 2581 1687 :
2609 1633 2806 1690 Musae
2832 1637 3105 1690 morientes
3144 1638 3364 1709 perdunt
3394 1638 3566 1693 suavi-

1978 1730 2132 1774 tatem
2161 1723 2406 1792 unguenti
2434 1720 2632 1792 (Eccle.
2659 1741 2714 1791 x,
2745 1725 2824 1792 I),
2848 1727 2974 1796 qttia
2997 1728 3348 1796 cogitationes
3377 1744 3567 1799 super-

276 1827 363 1870 teo
387 1816 574 1887 abyssi
604 1815 763 1871 educi
793 1814 1132 1880 describitur,
1165 1814 1290 1882 quia
1319 1812 1388 1868 de
1414 1812 1727 1881 iniquorum
1756 1826 1875 1865 cor-
1904 1822 1951 1882 Β
1984 1812 2128 1880 iiuna,
2162 1829 2281 1882 quae
2322 1814 2534 1869 as.~idue
2584 1817 2634 1870 in
2682 1819 2864 1870 animo
2912 1820 3143 1871 carnalia
3197 1820 3466 1889 cogitante
3511 1828 3567 1876 et

278 1911 435 1965 dibus
479 1925 626 1965 nunc
662 1909 876 1966 occulte
915 1906 1281 1971 szevientibus,
1324 1916 1452 1960 tunc
1488 1913 1709 1975 accepta
1743 1919 1874 1957 con-

280 2000 701 2085 tra‘Ecclesiam
735 2008 1024 2070 potestate,
1049 2000 1101 2054 in
1128 1999 1233 2053 vim
1264 2004 1449 2067 aperte
1481 1994 1874 2066 persecutionis

190 2094 193 2097 λ
282 2092 307 2130 δ
340 2102 614 2159 erumtet.
657 2091 786 2148 llatae
835 2093 1015 2161 itaque
1050 2091 1300 2163 abyssus,
1342 2089 1395 2145 in
1435 2104 1539 2158 qua
1580 2102 1724 2142 nunc
1762 2086 1877 2141 dia-

278 2188 434 2243 bolus
474 2199 726 2245 servatur
754 2186 1019 2265 occultus,
1060 2201 1166 2240 non
1197 2197 1321 2239 esse
1359 2182 1509 2237 inse
1548 2180 1869 2249 sapientiam

278 2288 430 2353 dicit,
474 2286 600 2357 quia
641 2285 873 2341 alienam
915 2299 974 2340 se
1001 2298 1030 2337 a
1060 2297 1187 2339 vera
1226 2282 1490 2351 sapientia
1521 2279 1713 2349 iniquis
1742 2293 1874 2347 ope-

279 2379 433 2434 ribus
474 2377 737 2433 ostendit.
772 2376 905 2431 Dum
936 2375 1077 2432 enim
1111 2374 1366 2431 malitiam
1393 2372 1618 2443 quisque
1657 2371 1780 2443 tegit
1823 2372 1874 2423 in

282 2470 469 2538 corde,
524 2484 620 2525 ore
662 2480 842 2523 autem
883 2468 1253 2523 blandimenta
1291 2464 1532 2529 exhibet,
1576 2464 1701 2518 dum
1731 2463 1880 2533 cogi-

283 2564 521 2619 taliones
568 2578 695 2619 suas
747 2560 1061 2629 duplicitate
1107 2559 1421 2621 obnubilat,
1461 2556 1588 2611 dum
1629 2555 1877 2624 puritatis

178 2660 181 2663 ’
281 2657 442 2712 verba
471 2654 627 2726 quasi
670 2655 970 2710 fatuitatem
1004 2654 1222 2719 devitat,
1260 2663 1283 2693 α
1319 2654 1446 2707 dum
1475 2653 1588 2706 vias
1616 2650 1878 2719 simplicis

281 2749 610 2805 innocentize
651 2748 911 2817 declinat,
968 2749 1118 2817 quasi
1172 2745 1371 2800 habere
1411 2757 1471 2797 se
1514 2742 1743 2812 abyssus
1783 2740 1880 2796 Dei

288 2838 609 2909 sapientiam
660 2848 892 2894 recusat.
957 2837 1024 2891 Et
1063 2836 1188 2906 quia
1237 2834 1363 2890 huic
1414 2833 1617 2889 mundo
1669 2840 1879 2886 mentes

286 2933 480 3003 dedita:
524 2932 807 3000 praesentis
851 2929 976 2984 vitae
1010 2928 1152 2983 curis
1183 2936 1239 2982 et
1266 2923 1717 2982 sollicitudinibus
1756 2935 1878 2990 per-

290 3024 608 3088 turbantur,
649 3032 703 3077 et
740 3021 942 3077 idcirco
980 3017 1221 3091 ejusdem
1262 3016 1542 3086 sapientia
1582 3010 1880 3082 tranquilli-

290 3125 397 3172 tate
456 3114 659 3184 perfrui
720 3127 1059 3184 nequaquam
1117 3119 1383 3181 possunt,
1448 3117 1599 3163 recte
1654 3102 1878 3174 subjun-

286 3219 428 3282 ‘tIlll'
464 3226 481 3262 ζ

857 3295 1082 3354 CAPUT
1121 3292 1301 3351 XLIII.

362 3392 491 3449 lato.
519 3421 590 3432 —-
618 3389 682 3444 Et
707 3405 849 3445 mare
872 3389 1099 3461 loquitur
1124 3404 1145 3444 :
1169 3386 1297 3443 Non
1321 3395 1395 3440 cst
1415 3398 1633 3439 mecum.

361 3486 452 3541 68.
494 3483 579 3540 Ea
612 3499 716 3537 non
743 3485 1009 3552 fruantur,
1034 3480 1121 3547 qui
1145 3490 1207 3533 tet
1221 3478 1359 3533 renis
1395 3477 1755 3530 distrahuntur
1792 3487 1882 3526 cst-

292 3581 379 3636 ris.
424 3607 497 3619 -—
544 3574 681 3644 Quid
728 3574 871 3629 enim
920 3572 1085 3627 maris
1132 3571 1350 3624 nomine
1394 3566 1497 3623 nisi
1544 3563 1880 3620 saecularium

294 3668 319 3727 4.
355 3670 623 3727 mentium
668 3681 850 3721 amara
893 3661 1206 3734 inquietudo
1246 3658 1528 3730 signatur?
1587 3656 1715 3723 Qua:
1753 3655 1880 3709 dum

296 3777 352 3819 se
395 3760 634 3817 vicissim
680 3755 972 3812 inimicitiis
1016 3754 1300 3823 impetuut,
1343 3748 1494 3820 quasi
1532 3746 1881 3801 adversantes

295 3868 352 3909 se
397 3851 560 3908 undae
606 3848 886 3903 collidunt.
930 3847 1094 3901 ltecte
1132 3843 1334 3901 etenim
1374 3854 1527 3895 mare
1560 3838 1668 3893 vita
1706 3852 1880 3892 stecu-

295 3946 486 4005 larium
515 3944 730 4008 dicitur,
774 3942 896 4013 quia
935 3941 1064 3995 dum
1105 3935 1418 4009 procellosis
1455 3933 1731 3989 actionum
1771 3946 1879 3985 mo-

297 4041 434 4093 tibus
464 4038 791 4099 concitatur,
831 4034 900 4088 ab
930 4032 1156 4088 interna:
1194 4030 1469 4099 sapietttite
1507 4027 1688 4098 quiete
1716 4035 1879 4095 atque

294 4128 589 4185 stabilitate
637 4124 979 4197 disiungitur.
1021 4126 1138 4191 Quo
1177 4131 1365 4176 contra
1421 4119 1562 4175 bene
1611 4133 1707 4187 per
1758 4133 1883 4185 pro-

297 4224 506 4294 phetam
535 4220 734 4275 dicitur
762 4238 777 4273 :
804 4216 976 4288 Super
997 4230 1148 4286 quem
1175 4213 1448 4284 requiescet
1476 4212 1687 4282 spiritus
1715 4226 1878 4278 meus,

297 4316 387 4368 nisi
416 4330 575 4384 super
616 4312 857 4366 humilem
882 4320 929 4364 et
953 4309 1203 4379 quietum,
1231 4309 1288 4361 el
1302 4313 1599 4359 trementem
1627 4320 1882 4359 sermones

296 4422 427 4461 meos
473 4402 635 4476 (lsui.
681 4418 831 4467 uvt,
877 4401 962 4471 εν
1001 4401 1046 4455 A
1090 4399 1318 4454 terrenis
1366 4405 1546 4450 autem
1606 4396 1880 4450 tuentibus

300 4510 440 4555 tanto
465 4498 681 4568 longius
707 4498 928 4566 Spiritus
960 4493 1112 4564 fugit,
1133 4503 1333 4564 quanto
1357 4489 1498 4561 apttd
1529 4489 1625 4544 bas
1648 4489 1878 4559 quietem

1983 1914 2278 1959 nascuntur
2307 1912 2361 1957 ct
2388 1904 2664 1970 deﬁciunt,
2695 1920 2812 1960 eam
2850 1908 3172 1962 suavitatem
3206 1918 3230 1946 ο
3257 1925 3360 1979 qua
3403 1926 3566 1965 unus-

1977 1997 2205 2067 quisque
2235 1996 2560 2050 intrinsecus
2592 2012 2688 2066 per
2707 1998 2951 2068 spiritum
2975 2007 3170 2055 unctus
3197 2012 3279 2055 est
3310 2002 3564 2072 perdunt,

1980 2089 2233 2155 quoniam
2284 2089 2586 2159 integritate
2644 2090 2761 2155 ejus
2811 2094 3007 2159 pertrui
3057 2108 3163 2147 non
3226 2095 3559 2164 permittunt.

1983 2180 2252 2254 Egyptus
2281 2196 2409 2251 ergo
2444 2182 2646 2237 muscis
2678 2185 2995 2251 percutitur,
3036 2186 3156 2257 quia
3181 2201 3370 2242 eorum
3404 2187 3566 2243 corda

1981 2275 2071 2346 qui
2118 2286 2384 2330 terrenam
2436 2278 2599 2329 vitam
2650 2276 2899 2346 diligunt,
2943 2276 2961 2315 τ
2997 2279 3122 2333 dum
3175 2280 3565 2337 desideriorum

1982 2382 2201 2422 suorum
2253 2367 2708 2436 inquietudinibus
2753 2370 3041 2436 feriuntur,
3092 2374 3262 2427 turbis
3289 2374 3566 2442 cogitatio-

1981 2477 2108 2515 num
2139 2462 2437 2516 carnalium
2466 2462 2533 2515 ad
2577 2462 2681 2515 ima
2722 2462 2978 2532 depressa
3017 2475 3159 2530 sunt,
3194 2476 3249 2520 ut
3279 2467 3344 2519 ad
3369 2467 3567 2536 quietis

1985 2554 2190 2609 intime
2230 2553 2561 2609 desiderium
2612 2570 2717 2610 non
2767 2557 3032 2613 leventur.
3084 2559 3236 2615 Unde
3273 2575 3393 2614 cum
3434 2563 3567 2616 mira

1984 2661 2088 2716 ope
2123 2645 2338 2717 pietatis
2365 2646 2430 2700 ad
2461 2663 2555 2702 cor
2580 2649 2782 2702 veritas
2808 2651 2977 2713 venit,
3009 2651 3154 2718 prius
3180 2651 3249 2704 ab
3270 2667 3337 2708 eo
3367 2656 3567 2721 cogita-

1986 2740 2186 2793 tionum
2238 2723 2534 2795 carnalium
2580 2752 2744 2794 :esms
2771 2740 2937 2811 ejicil,
2985 2753 3037 2796 et
3081 2752 3199 2811 post
3225 2746 3276 2798 in
3304 2759 3370 2799 eo
3398 2745 3567 2799 virtu-

1994 2841 2103 2886 tum
2138 2832 2277 2884 doua
2314 2831 2573 2900 disponit.
2604 2832 2755 2899 Quod
2800 2834 2936 2887 bene
2961 2835 3117 2889 nobis
3143 2849 3292 2889 sacra
3321 2833 3567 2906 Evange-

1985 2922 2042 2977 lii
2081 2922 2300 2987 ltistoria
2350 2923 2546 2992 innuit,
2598 2924 2650 2978 in
2701 2940 2805 2993 qua
2858 2926 2985 2979 dum
3032 2928 3100 2981 ad
3148 2929 3566 2983 resuscitandant

1986 3015 2149 3069 ﬁliam
2194 3014 2451 3084 principis
2502 3017 2754 3070 invitatus
2782 3018 3039 3073 Dominus
3064 3019 3370 3087 duceretur,
3404 3022 3570 3089 protl~

1986 3122 2087 3160 nus
2138 3105 2354 3161 additur
2382 3124 2394 3161 :
2426 3105 2495 3161 Et
2523 3124 2639 3161 cum
2688 3112 2852 3181 ejecta
2881 3119 3009 3165 esset
3043 3113 3211 3178 turba,
3256 3114 3487 3176 intravit,
3525 3121 3571 3167 et

1906 3212 1963 3273 ι)
1986 3199 2149 3252 tenuit
2180 3214 2390 3252 manuni
2421 3200 2556 3271 ejus,
2587 3213 2633 3256 et
2659 3204 2881 3257 surrexit
2908 3204 3078 3273 puella
3110 3202 3325 3271 (Matth.
3357 3221 3425 3269 ιχ,
3450 3203 3569 3275 25).

1987 3293 2160 3348 Foras
2195 3307 2324 3360 ergo
2352 3294 2506 3349 turba
2544 3296 2775 3362 eiicitur,
2807 3307 2865 3351 ut
2895 3300 3069 3367 puella
3093 3300 3403 3366 suscitetur,
3443 3301 3571 3372 quia

1982 3386 2030 3442 si
2055 3401 2162 3441 non
2196 3386 2342 3455 prius
2362 3400 2390 3441 a
2418 3386 2809 3443 secretioribus
2854 3391 3032 3445 cordis
3057 3392 3346 3461 expellitur
3372 3393 3573 3461 impor-

1987 3490 2117 3534 tuna
2170 3483 2508 3535 saecularium
2558 3481 2848 3537 multitudo
2894 3499 3164 3549 curarum,
3216 3486 3391 3540 anima
3449 3504 3570 3555 qua:

1986 3569 2310 3624 intrinsecus
2356 3570 2500 3639 jacet
2540 3581 2748 3625 mortua
2780 3587 2884 3627 non
2919 3576 3167 3643 resurgit.
3199 3575 3329 3629 Nam
3356 3576 3484 3630 dum
3512 3590 3573 3633 se

1986 3675 2080 3729 per
2103 3661 2413 3715 innumeras
2446 3671 2784 3718 terrenorum
2808 3664 3192 3719 desideriorum
3217 3669 3570 3740 cogitationes

1989 3752 2225 3825 Spargit,
2246 3752 2314 3807 ad
2344 3753 2832 3809 considerationem
2867 3755 2950 3810 sui
2981 3771 3102 3812 sese
3130 3758 3432 3813 nullatenus
3461 3760 3572 3813 col-

1986 3846 2121 3917 ligit.
2170 3846 2225 3900 ltt
2264 3847 2351 3901 bis
2386 3848 2564 3917 itaque
2594 3849 3018 3919 inquietudinem
3051 3849 3301 3905 ﬂuctibus
3330 3851 3572 3907 habitare

1984 3940 2304 4007 sapientiam
2330 3954 2434 3994 non
2457 3956 2614 4009 posse
2640 3955 2989 4010 cognoscens,
3020 3940 3207 3996 aitzEt
3239 3959 3378 3997 mare
3402 3944 3570 4013 loqui-

1986 4044 2070 4088 tur
2108 4048 2129 4088 :
2170 4033 2296 4088 Non
2344 4043 2418 4089 est
2475 4050 2692 4089 mecum.
2742 4035 2924 4089 Nullus
2964 4038 3160 4106 quippe
3212 4051 3330 4092 eam
3356 4045 3383 4085 ε
3418 4038 3571 4107 plene

1985 4126 2199 4194 recipit,
2247 4126 2348 4180 nisi
2396 4128 2485 4193 qui
2533 4130 2600 4179 ab
2640 4127 2787 4201 omni
2828 4142 2888 4183 se
2932 4128 3245 4184 abstrahere
3293 4130 3566 4185 actionum

1985 4218 2281 4272 carnalium
2312 4218 2662 4273 ﬂuctuatione
2690 4218 2987 4273 contendit.
3025 4218 3176 4275 Unde
3198 4228 3251 4273 et
3277 4220 3407 4274 alias
3431 4221 3567 4275 dici-

1987 4319 2074 4364 tur
2103 4327 2116 4361 :
2146 4308 2474 4378 Sapientiam
2504 4309 2678 4363 scribe
2707 4311 2760 4364 in
2790 4320 3018 4377 tempore
3060 4312 3170 4380 otii,
3212 4323 3259 4365 et
3284 4313 3370 4382 qui
3413 4314 3573 4367 mina-

1986 4412 2135 4456 ratur
2181 4412 2325 4469 actu,
2373 4404 2482 4472 ipse
2514 4405 2758 4474 percipiet
2803 4421 2915 4457 eam
2966 4403 3154 4475 (Eccli.
3198 4422 3417 4474 num,
3447 4406 3565 4475 25).

1991 4495 2058 4549 Et.
2081 4510 2296 4549 rursum
2326 4513 2338 4547 :
2370 4494 2562 4549 Vacate
2586 4506 2631 4549 et
2655 4496 2835 4561 videte,
2858 4497 2888 4533 ιι
2915 4498 3151 4565 quoniam
3172 4512 3268 4568 ego
3292 4514 3405 4553 sunt
3430 4497 3571 4554 Deus

302 4610 399 4648 non
442 4591 670 4649 invenit.
715 4588 847 4645 lliuc
874 4598 959 4644 est
986 4587 1130 4643 enim
1170 4585 1310 4657 quod
1338 4584 1410 4642 de
1438 4582 1754 4653 quibusdam
1785 4597 1879 4651 per
1908 4588 1961 4661 ρ
1991 4585 2161 4661 (Pent.
2193 4602 2279 4649 ιγ,
2312 4585 2423 4655 Η),

301 4684 636 4743 Psalutistam
686 4682 924 4737 dicitur:
964 4677 1215 4735 Contritio
1264 4686 1311 4732 et
1364 4676 1641 4747 infelicitas
1689 4676 1741 4729 in
1788 4674 1883 4730 uiis

300 4792 488 4843 eorum,
538 4786 585 4829 et
636 4776 769 4827 uiam
793 4773 934 4846 pacis
962 4788 1065 4825 non
1092 4777 1432 4842 cognoverunt
1456 4766 1625 4838 (Psal.
1651 4780 1771 4831 χιιι,
1798 4762 1879 4834 3).

301 4873 340 4925 Α
387 4886 487 4940 qua
539 4868 794 4923 nimirum
838 4864 1161 4920 contritione
1205 4860 1621 4934 perturbationis
1652 4874 1749 4914 nos
1780 4858 1883 4911 Do-

303 4962 472 5014 minus
500 4968 739 5023 revocat,
781 4957 965 5012 dicens
996 4973 1008 5009 :
1045 4954 1225 5011 Venite
1258 4955 1326 5008 ad
1362 4969 1440 5007 me
1471 4968 1665 5014 attines,
1687 4951 1771 5021 qui
1799 4950 1882 5002 la-

303 5054 487 5105 boratis
528 5060 574 5105 et
612 5051 810 5105 onerati
855 5050 1007 5116 estis,
1055 5058 1103 5103 et
1143 5064 1235 5124 ego
1272 5063 1358 5101 uos
1397 5046 1666 5115 reﬁciam;
1719 5043 1882 5098 tollite

304 5144 470 5214 iugum
511 5159 680 5197 meum
724 5158 877 5210 super
914 5157 1021 5204 ros,
1063 5149 1108 5194 et
1147 5140 1325 5193 discite
1371 5154 1404 5191 a
1448 5153 1549 5199 me,
1588 5139 1709 5207 quia
1749 5135 1887 5189 mitis

307 5248 406 5290 tum
436 5249 481 5292 et
521 5236 736 5291 Immitis
766 5236 944 5303 corde,
981 5245 1029 5291 et
1073 5236 1336 5291 invenietis
1372 5235 1594 5303 requiem
1620 5232 1889 5287 animabus

371 5378 631 5441 'Norm.,
674 5377 793 5444 quia
844 5377 1118 5447 relegatus.
1172 5374 1311 5429 Editi
1358 5388 1545 5429 omnes
1592 5389 1714 5428 cum
1762 5373 1880 5428 aliis

306 5446 442 5513 “se,
474 5450 744 5517 religatus.

367 5520 394 5559 ιι
424 5514 636 5587 Comi,
667 5520 902 5581 Gcmel.,
938 5517 960 5571 l
999 5516 1164 5570 Laud.
1197 5524 1253 5571 et
1282 5515 1441 5571 Corb.
1475 5514 1682 5583 Germ.,
1712 5532 1881 5570 erum-

307 5590 394 5658 pit.
418 5592 454 5644 2
479 5591 651 5645 Laud.
678 5601 957 5654 utramque
989 5590 1269 5643 laetiunem
1298 5605 1357 5642 su
1403 5588 1622 5655 peditat.

375 5672 395 5700 ε
429 5665 600 5714 Aliter
629 5675 750 5714 cum
783 5657 963 5714 Germ.
1016 5669 1070 5713 et
1122 5657 1284 5713 Corb.
1337 5604 1546 5714 derat"
1599 5674 1622 5712 tt

375 5672 395 5700 ε
429 5665 600 5715 Aliter
629 5675 750 5714 cum
783 5657 963 5715 Germ.
1016 5669 1070 5713 et
1122 5657 1284 5713 Corb.
1319 5657 1546 5729 _Gerut.,
1599 5657 1724 5713 dum
1771 5657 1877 5712 vias

304 5728 551 5804 implices
582 5732 905 5804 innocentius.

368 5797 454 5858 ⁸2
477 5803 677 5863 ιλιαδ..
702 5803 943 5856 mentium
965 5800 1251 5857 amaritudo
1271 5797 1521 5869 signatur.

2062 4660 2203 4753 [νει.
2235 4674 2482 4749 XXIX]
2505 4677 2592 4734 69.
2626 4678 2747 4732 Nisi
2767 4678 2838 4733 eis
2864 4695 2964 4732 non
2994 4687 3198 4735 terreno
3241 4680 3413 4735 studio
3444 4698 3568 4736 ser-

1988 4773 2265 4826 uiatur.-—-
2290 4771 2397 4826 Sed
2424 4771 2550 4840 quid
2582 4779 2667 4825 est
2706 4772 2849 4839 quod
2897 4773 3181 4843 plerosque
3222 4775 3563 4845 antiquorum

1991 4874 2201 4933 patrum
2242 4862 2488 4917 novimus
2538 4862 2676 4917 hanc
2703 4864 3021 4932 sapientiam
3049 4872 3106 4919 et
3144 4865 3463 4922 intrinsecus
3492 4867 3568 4920 vi-

1992 4952 2190 5009 vaciter
2215 4951 2474 5018 tenuisse,
2505 4962 2557 5007 et
2576 4968 2732 5009 curas
2757 4955 2938 5009 mundi
2962 4956 3294 5011 extrinsecus
3314 4957 3567 5011 solemni-

1992 5056 2073 5102 ter
2124 5046 2458 5101 ministrasse
2487 5044 2696 5118 (Cenes.
2748 5062 2879 5110 sus,
2908 5049 3000 5115 45,
3034 5048 3205 5120 ete.)‘l
3233 5049 3315 5102 Att
3348 5064 3568 5118 percep-

1992 5140 2140 5195 tione
2173 5139 2331 5210 ltujus
2361 5140 2636 5209 sapientia:
2664 5140 2861 5211 Joseph
2893 5142 3155 5211 privatum
3200 5143 3445 5208 dicimus,
3477 5145 3570 5212 qui

1996 5232 2153 5287 lamis
2186 5239 2431 5302 tempore
2477 5233 2638 5287 totius
2663 5232 2885 5306 Egypti
2912 5250 3069 5291 curas
3097 5234 3416 5305 suscipiens,
3459 5252 3567 5291 non

2070 5379 2093 5406 ο
2116 5368 2149 5422 2
2180 5369 2376 5435 Laud.,
2405 5386 2557 5441 quam
2585 5369 2950 5439 unusquisque.
2968 5407 2983 5422 .
3007 5411 3019 5423 .

1987 5442 2274 5569 dartlleest
2303 5512 2426 5567 dum
2457 5512 2509 5568 itt
2550 5510 2763 5577 Nortn.,
2796 5508 3003 5578 Germ.,
3032 5509 3070 5562 2
3095 5508 3263 5565 Laud.
3306 5519 3363 5566 et
3404 5509 3567 5567 Corb.

1985 5582 2167 5640 Genti.

2059 5664 2084 5725 ti
2116 5654 2349 5718 Gemt-t.,
2376 5654 2550 5725 plane.

2058 5721 2087 5763 δ
2109 5726 2292 5782 Norm.
2326 5720 2387 5782 et
2403 5727 2503 5796 pl.,
2530 5722 2774 5794 quoniam
2800 5737 2894 5797 ego
2922 5738 3031 5781 sum
3060 5720 3332 5780 Dominus.

3057 5375 3238 5437 unctus
3268 5366 3437 5437 habet,
3457 5386 3574 5439 per-
