  <div class='ocr_page' id='page_1' title='image "/cluster/home/n/w/nwhite01/storage/ocr_20150623/76/hvd.32044011229333/047.png"; bbox 0 0 4104 6350; ppageno 0'>
   <div class='ocr_carea' id='block_1_1' title="bbox 502 315 3769 382">
    <p class='ocr_par' dir='ltr' id='par_1_1' title="bbox 502 315 3769 382">
     <span class='ocr_line' id='line_1_1' title="bbox 502 315 3769 382; baseline -0.005 8"><span class='ocrx_word' id='word_1_1' title='bbox 502 320 570 377; x_wconf 80' lang='grc'><strong>⁷9</strong></span> <span class='ocrx_word' id='word_1_2' title='bbox 1704 324 1951 382; x_wconf 78' lang='lat' dir='ltr'><strong>SANCTI</strong></span> <span class='ocrx_word' id='word_1_3' title='bbox 1989 319 2318 380; x_wconf 78' lang='lat' dir='ltr'><strong>GREGORII</strong></span> <span class='ocrx_word' id='word_1_4' title='bbox 2358 317 2566 377; x_wconf 72' lang='lat' dir='ltr'><strong>MAGNI</strong></span> <span class='ocrx_word' id='word_1_5' title='bbox 3694 315 3769 375; x_wconf 74' lang='lat'><strong>80</strong></span> 
     </span>
    </p>
   </div>
   <div class='ocr_carea' id='block_1_2' title="bbox 500 432 3772 507">
    <p class='ocr_par' dir='ltr' id='par_1_2' title="bbox 500 432 3772 507">
     <span class='ocr_line' id='line_1_2' title="bbox 500 432 3772 507; baseline -0.002 -14"><span class='ocrx_word' id='word_1_6' title='bbox 500 437 672 493; x_wconf 84' lang='lat' dir='ltr'><strong>solum</strong></span> <span class='ocrx_word' id='word_1_7' title='bbox 703 435 969 507; x_wconf 67' lang='lat' dir='ltr'><strong>Egyptiis</strong></span> <span class='ocrx_word' id='word_1_8' title='bbox 996 436 1243 491; x_wconf 86' lang='lat' dir='ltr'><strong>alimenta</strong></span> <span class='ocrx_word' id='word_1_9' title='bbox 1273 435 1520 506; x_wconf 70' lang='lat' dir='ltr'><strong>praebuit,</strong></span> <span class='ocrx_word' id='word_1_10' title='bbox 1548 437 1641 491; x_wconf 90' lang='lat' dir='ltr'><strong>sed</strong></span> <span class='ocrx_word' id='word_1_11' title='bbox 1674 438 1836 492; x_wconf 85' lang='lat' dir='ltr'><strong>vitam</strong></span> <span class='ocrx_word' id='word_1_12' title='bbox 1868 451 2081 507; x_wconf 90' lang='lat' dir='ltr'><strong>quoque</strong></span> <span class='ocrx_word' id='word_1_13' title='bbox 2110 436 2167 498; x_wconf 77' lang='grc' dir='ltr'><strong>Α</strong></span> <span class='ocrx_word' id='word_1_14' title='bbox 2190 442 2247 488; x_wconf 89' lang='lat' dir='ltr'><strong>ut</strong></span> <span class='ocrx_word' id='word_1_15' title='bbox 2270 434 2413 489; x_wconf 86' lang='lat' dir='ltr'><strong>aliud</strong></span> <span class='ocrx_word' id='word_1_16' title='bbox 2443 434 2766 489; x_wconf 71' lang='lat' dir='ltr'><strong>intrinsecus</strong></span> <span class='ocrx_word' id='word_1_17' title='bbox 2790 442 2937 498; x_wconf 83' lang='lat' dir='ltr'><strong>voto,</strong></span> <span class='ocrx_word' id='word_1_18' title='bbox 2974 432 3118 488; x_wconf 84' lang='lat' dir='ltr'><strong>aliud</strong></span> <span class='ocrx_word' id='word_1_19' title='bbox 3161 432 3496 489; x_wconf 77' lang='lat' dir='ltr'><strong>extrinsecus</strong></span> <span class='ocrx_word' id='word_1_20' title='bbox 3521 442 3772 490; x_wconf 74' lang='lat' dir='ltr'><strong>teneatur</strong></span> 
     </span>
    </p>
   </div>
   <div class='ocr_carea' id='block_1_3' title="bbox 501 528 2087 586">
    <p class='ocr_par' dir='ltr' id='par_1_3' title="bbox 501 528 2087 586">
     <span class='ocr_line' id='line_1_3' title="bbox 501 528 2087 586; baseline -0.003 0"><span class='ocrx_word' id='word_1_21' title='bbox 501 539 809 586; x_wconf 76' lang='lat' dir='ltr'><strong>exterarum</strong></span> <span class='ocrx_word' id='word_1_22' title='bbox 861 530 1253 583; x_wconf 72' lang='lat' dir='ltr'><strong>advenientium</strong></span> <span class='ocrx_word' id='word_1_23' title='bbox 1314 528 1598 584; x_wconf 77' lang='lat' dir='ltr'><strong>ministerii</strong></span> <span class='ocrx_word' id='word_1_24' title='bbox 1659 532 1741 585; x_wconf 91' lang='lat' dir='ltr'><strong>sui</strong></span> <span class='ocrx_word' id='word_1_25' title='bbox 1793 539 1908 584; x_wconf 88' lang='lat' dir='ltr'><strong>arte</strong></span> <span class='ocrx_word' id='word_1_26' title='bbox 1973 544 2087 583; x_wconf 90' lang='lat' dir='ltr'><strong>ser-</strong></span> 
     </span>
    </p>
   </div>
   <div class='ocr_carea' id='block_1_4' title="bbox 505 619 2085 691">
    <p class='ocr_par' dir='ltr' id='par_1_4' title="bbox 505 619 2085 691">
     <span class='ocr_line' id='line_1_4' title="bbox 505 619 2085 691; baseline -0.004 -13"><span class='ocrx_word' id='word_1_27' title='bbox 505 622 685 691; x_wconf 57' lang='lat' dir='ltr'><strong>vavit}</strong></span> <span class='ocrx_word' id='word_1_28' title='bbox 708 625 791 677; x_wconf 82' lang='lat' dir='ltr'><strong>An</strong></span> <span class='ocrx_word' id='word_1_29' title='bbox 827 620 896 675; x_wconf 86' lang='lat' dir='ltr'><strong>ab</strong></span> <span class='ocrx_word' id='word_1_30' title='bbox 926 622 1024 674; x_wconf 90' lang='lat' dir='ltr'><strong>hac</strong></span> <span class='ocrx_word' id='word_1_31' title='bbox 1052 620 1310 690; x_wconf 74' lang='lat' dir='ltr'><strong>sapientia</strong></span> <span class='ocrx_word' id='word_1_32' title='bbox 1371 619 1555 674; x_wconf 80' lang='lat' dir='ltr'><strong>Daniel</strong></span> <span class='ocrx_word' id='word_1_33' title='bbox 1606 620 1813 674; x_wconf 84' lang='lat' dir='ltr'><strong>alienus</strong></span> <span class='ocrx_word' id='word_1_34' title='bbox 1860 620 2085 686; x_wconf 77' lang='lat' dir='ltr'><strong>exstitit,</strong></span> 
     </span>
    </p>
   </div>
   <div class='ocr_carea' id='block_1_5' title="bbox 503 712 2087 786">
    <p class='ocr_par' dir='ltr' id='par_1_5' title="bbox 503 712 2087 786">
     <span class='ocr_line' id='line_1_5' title="bbox 503 712 2087 786; baseline -0.003 -17"><span class='ocrx_word' id='word_1_35' title='bbox 503 716 592 786; x_wconf 93' lang='lat' dir='ltr'><strong>qui</strong></span> <span class='ocrx_word' id='word_1_36' title='bbox 620 729 650 767; x_wconf 85' lang='lat' dir='ltr'><strong>a</strong></span> <span class='ocrx_word' id='word_1_37' title='bbox 680 713 1055 768; x_wconf 66' lang='lat' dir='ltr'><strong>Chaldaeorum</strong></span> <span class='ocrx_word' id='word_1_38' title='bbox 1106 727 1233 780; x_wconf 81' lang='lat' dir='ltr'><strong>rege</strong></span> <span class='ocrx_word' id='word_1_39' title='bbox 1274 712 1325 765; x_wconf 92' lang='lat' dir='ltr'><strong>in</strong></span> <span class='ocrx_word' id='word_1_40' title='bbox 1362 712 1650 782; x_wconf 73' lang='lat' dir='ltr'><strong>B-iliylonia</strong></span> <span class='ocrx_word' id='word_1_41' title='bbox 1689 712 1935 780; x_wconf 89' lang='lat' dir='ltr'><strong>princeps</strong></span> <span class='ocrx_word' id='word_1_42' title='bbox 1976 726 2087 765; x_wconf 82' lang='lat' dir='ltr'><strong>ma-</strong></span> 
     </span>
    </p>
   </div>
   <div class='ocr_carea' id='block_1_6' title="bbox 499 804 2079 877">
    <p class='ocr_par' dir='ltr' id='par_1_6' title="bbox 499 804 2079 877">
     <span class='ocr_line' id='line_1_6' title="bbox 499 804 2079 877; baseline -0.003 -16"><span class='ocrx_word' id='word_1_43' title='bbox 499 808 815 877; x_wconf 82' lang='lat' dir='ltr'><strong>gistratuum</strong></span> <span class='ocrx_word' id='word_1_44' title='bbox 868 804 1131 872; x_wconf 81' lang='lat' dir='ltr'><strong>ell&#39;ectns,</strong></span> <span class='ocrx_word' id='word_1_45' title='bbox 1191 812 1339 858; x_wconf 89' lang='lat' dir='ltr'><strong>tanto</strong></span> <span class='ocrx_word' id='word_1_46' title='bbox 1387 805 1677 873; x_wconf 83' lang='lat' dir='ltr'><strong>majoribus</strong></span> <span class='ocrx_word' id='word_1_47' title='bbox 1731 808 1873 859; x_wconf 89' lang='lat' dir='ltr'><strong>curis</strong></span> <span class='ocrx_word' id='word_1_48' title='bbox 1928 818 2079 858; x_wconf 89' lang='lat' dir='ltr'><strong>occu-</strong></span> 
     </span>
    </p>
   </div>
   <div class='ocr_carea' id='block_1_7' title="bbox 502 895 2085 969">
    <p class='ocr_par' dir='ltr' id='par_1_7' title="bbox 502 895 2085 969">
     <span class='ocr_line' id='line_1_7' title="bbox 502 895 2085 969; baseline -0.003 -15"><span class='ocrx_word' id='word_1_49' title='bbox 502 912 656 969; x_wconf 87' lang='lat' dir='ltr'><strong>patus</strong></span> <span class='ocrx_word' id='word_1_50' title='bbox 683 908 786 964; x_wconf 78' lang='lat' dir='ltr'><strong>est,</strong></span> <span class='ocrx_word' id='word_1_51' title='bbox 820 907 1018 961; x_wconf 90' lang='lat' dir='ltr'><strong>quanto</strong></span> <span class='ocrx_word' id='word_1_52' title='bbox 1073 906 1125 950; x_wconf 89' lang='lat' dir='ltr'><strong>et</strong></span> <span class='ocrx_word' id='word_1_53' title='bbox 1173 896 1471 951; x_wconf 91' lang='lat' dir='ltr'><strong>sublimiori</strong></span> <span class='ocrx_word' id='word_1_54' title='bbox 1529 896 1786 965; x_wconf 71' lang='lat' dir='ltr'><strong>dignitate</strong></span> <span class='ocrx_word' id='word_1_55' title='bbox 1836 895 2085 950; x_wconf 84' lang='lat' dir='ltr'><strong>omnibus</strong></span> 
     </span>
    </p>
   </div>
   <div class='ocr_carea' id='block_1_8' title="bbox 499 974 2083 1060">
    <p class='ocr_par' dir='ltr' id='par_1_8' title="bbox 499 974 2083 1060">
     <span class='ocr_line' id='line_1_8' title="bbox 499 974 2083 1060; baseline 0 -17"><span class='ocrx_word' id='word_1_56' title='bbox 499 990 749 1060; x_wconf 70' lang='lat' dir='ltr'><strong>prmlatus</strong></span> <span class='ocrx_word' id='word_1_57' title='bbox 784 974 953 1055; x_wconf 30' lang='lat' dir='ltr'><strong>&#39;(Dan.</strong></span> <span class='ocrx_word' id='word_1_58' title='bbox 984 1003 1016 1041; x_wconf 89' lang='grc' dir='ltr'><strong>ιι</strong></span> <span class='ocrx_word' id='word_1_59' title='bbox 1037 1029 1054 1053; x_wconf 83' lang='grc'><em>,</em></span> <span class='ocrx_word' id='word_1_60' title='bbox 1087 988 1223 1058; x_wconf 68' lang='grc' dir='ltr'><strong>48)ἲ</strong></span> <span class='ocrx_word' id='word_1_61' title='bbox 1254 990 1383 1042; x_wconf 81' lang='lat' dir='ltr'><strong>Cum</strong></span> <span class='ocrx_word' id='word_1_62' title='bbox 1418 989 1579 1058; x_wconf 77' lang='lat' dir='ltr'><strong>igitur</strong></span> <span class='ocrx_word' id='word_1_63' title='bbox 1607 1000 1819 1043; x_wconf 80' lang='lat' dir='ltr'><strong>constet</strong></span> <span class='ocrx_word' id='word_1_64' title='bbox 1852 990 2083 1054; x_wconf 86' lang='lat' dir='ltr'><strong>plerum-</strong></span> 
     </span>
    </p>
   </div>
   <div class='ocr_carea' id='block_1_9' title="bbox 495 1078 2083 1149">
    <p class='ocr_par' dir='ltr' id='par_1_9' title="bbox 495 1078 2083 1149">
     <span class='ocr_line' id='line_1_9' title="bbox 495 1078 2083 1149; baseline 0.001 -15"><span class='ocrx_word' id='word_1_65' title='bbox 495 1094 601 1149; x_wconf 89' lang='lat' dir='ltr'><strong>que</strong></span> <span class='ocrx_word' id='word_1_66' title='bbox 626 1084 783 1133; x_wconf 90' lang='lat' dir='ltr'><strong>etiam</strong></span> <span class='ocrx_word' id='word_1_67' title='bbox 814 1078 981 1131; x_wconf 89' lang='lat' dir='ltr'><strong>bonus</strong></span> <span class='ocrx_word' id='word_1_68' title='bbox 1018 1092 1124 1133; x_wconf 92' lang='lat' dir='ltr'><strong>non</strong></span> <span class='ocrx_word' id='word_1_69' title='bbox 1160 1090 1375 1133; x_wconf 90' lang='lat' dir='ltr'><strong>terreno</strong></span> <span class='ocrx_word' id='word_1_70' title='bbox 1427 1080 1605 1133; x_wconf 87' lang='lat' dir='ltr'><strong>studio</strong></span> <span class='ocrx_word' id='word_1_71' title='bbox 1665 1083 1894 1135; x_wconf 86' lang='lat' dir='ltr'><strong>terrenis</strong></span> <span class='ocrx_word' id='word_1_72' title='bbox 1938 1082 2083 1136; x_wconf 86' lang='lat' dir='ltr'><strong>curis</strong></span> 
     </span>
    </p>
   </div>
   <div class='ocr_carea' id='block_1_10' title="bbox 495 1170 2079 1242">
    <p class='ocr_par' dir='ltr' id='par_1_10' title="bbox 495 1170 2079 1242">
     <span class='ocr_line' id='line_1_10' title="bbox 495 1170 2079 1242; baseline 0.001 -19"><span class='ocrx_word' id='word_1_73' title='bbox 495 1170 780 1238; x_wconf 84' lang='lat' dir='ltr'><strong>implicari,</strong></span> <span class='ocrx_word' id='word_1_74' title='bbox 816 1178 1062 1237; x_wconf 84' lang='lat' dir='ltr'><strong>patenter</strong></span> <span class='ocrx_word' id='word_1_75' title='bbox 1081 1171 1420 1240; x_wconf 85' lang='lat' dir='ltr'><strong>agnoscimus</strong></span> <span class='ocrx_word' id='word_1_76' title='bbox 1438 1173 1560 1240; x_wconf 85' lang='lat' dir='ltr'><strong>quia</strong></span> <span class='ocrx_word' id='word_1_77' title='bbox 1590 1171 1668 1225; x_wconf 88' lang='lat' dir='ltr'><strong>sic</strong></span> <span class='ocrx_word' id='word_1_78' title='bbox 1701 1187 2079 1242; x_wconf 79' lang='lat' dir='ltr'><strong>nonnunquam</strong></span> 
     </span>
    </p>
   </div>
   <div class='ocr_carea' id='block_1_11' title="bbox 493 1264 2082 1339">
    <p class='ocr_par' dir='ltr' id='par_1_11' title="bbox 493 1264 2082 1339">
     <span class='ocr_line' id='line_1_11' title="bbox 493 1264 2082 1339; baseline 0.003 -22"><span class='ocrx_word' id='word_1_79' title='bbox 493 1264 640 1318; x_wconf 89' lang='lat' dir='ltr'><strong>cives</strong></span> <span class='ocrx_word' id='word_1_80' title='bbox 679 1264 985 1319; x_wconf 76' lang='lat' dir='ltr'><strong>Jerusalem</strong></span> <span class='ocrx_word' id='word_1_81' title='bbox 1019 1266 1265 1334; x_wconf 81' lang='lat' dir='ltr'><strong>angarias</strong></span> <span class='ocrx_word' id='word_1_82' title='bbox 1316 1266 1530 1320; x_wconf 78' lang='lat' dir='ltr'><strong>solvunt</strong></span> <span class='ocrx_word' id='word_1_83' title='bbox 1580 1266 1906 1339; x_wconf 59' lang='lat' dir='ltr'><strong>Babyloniae,</strong></span> <span class='ocrx_word' id='word_1_84' title='bbox 1941 1269 2082 1321; x_wconf 81' lang='lat' dir='ltr'><strong>sicut</strong></span> 
     </span>
    </p>
   </div>
   <div class='ocr_carea' id='block_1_12' title="bbox 491 1353 2074 1427">
    <p class='ocr_par' dir='ltr' id='par_1_12' title="bbox 491 1353 2074 1427">
     <span class='ocr_line' id='line_1_12' title="bbox 491 1353 2074 1427; baseline 0.001 -18"><span class='ocrx_word' id='word_1_85' title='bbox 491 1370 637 1425; x_wconf 58' lang='lat' dir='ltr'><strong>sape</strong></span> <span class='ocrx_word' id='word_1_86' title='bbox 657 1354 803 1410; x_wconf 80' lang='lat' dir='ltr'><strong>cives</strong></span> <span class='ocrx_word' id='word_1_87' title='bbox 826 1353 1133 1425; x_wconf 73' lang='lat' dir='ltr'><strong>Babyloniae</strong></span> <span class='ocrx_word' id='word_1_88' title='bbox 1152 1356 1468 1419; x_wconf 63' lang='lat' dir='ltr'><strong>inurendunt</strong></span> <span class='ocrx_word' id='word_1_89' title='bbox 1488 1360 1732 1427; x_wconf 82' lang='lat' dir='ltr'><strong>angarias</strong></span> <span class='ocrx_word' id='word_1_90' title='bbox 1755 1358 2074 1413; x_wconf 79' lang='lat' dir='ltr'><strong>Jerusalem.</strong></span> 
     </span>
    </p>
   </div>
   <div class='ocr_carea' id='block_1_13' title="bbox 490 1448 2079 1521">
    <p class='ocr_par' dir='ltr' id='par_1_13' title="bbox 490 1448 2079 1521">
     <span class='ocr_line' id='line_1_13' title="bbox 490 1448 2079 1521; baseline 0.001 -16"><span class='ocrx_word' id='word_1_91' title='bbox 490 1448 625 1505; x_wconf 81' lang='lat' dir='ltr'><strong>Nam</strong></span> <span class='ocrx_word' id='word_1_92' title='bbox 658 1461 783 1503; x_wconf 89' lang='lat' dir='ltr'><strong>sunt</strong></span> <span class='ocrx_word' id='word_1_93' title='bbox 814 1450 1056 1505; x_wconf 90' lang='lat' dir='ltr'><strong>nonnulli</strong></span> <span class='ocrx_word' id='word_1_94' title='bbox 1089 1449 1179 1519; x_wconf 87' lang='lat' dir='ltr'><strong>qui</strong></span> <span class='ocrx_word' id='word_1_95' title='bbox 1208 1451 1434 1505; x_wconf 89' lang='lat' dir='ltr'><strong>verbum</strong></span> <span class='ocrx_word' id='word_1_96' title='bbox 1456 1453 1579 1504; x_wconf 62' lang='lat' dir='ltr'><strong>vitae</strong></span> <span class='ocrx_word' id='word_1_97' title='bbox 1614 1466 1709 1519; x_wconf 88' lang='lat' dir='ltr'><strong>pro</strong></span> <span class='ocrx_word' id='word_1_98' title='bbox 1734 1454 1846 1505; x_wconf 82' lang='lat' dir='ltr'><strong>Sola</strong></span> <span class='ocrx_word' id='word_1_99' title='bbox 1868 1450 2079 1521; x_wconf 87' lang='lat' dir='ltr'><strong>sapien-</strong></span> 
     </span>
    </p>
   </div>
   <div class='ocr_carea' id='block_1_14' title="bbox 496 1545 2076 1615">
    <p class='ocr_par' dir='ltr' id='par_1_14' title="bbox 496 1545 2076 1615">
     <span class='ocr_line' id='line_1_14' title="bbox 496 1545 2076 1615; baseline 0.001 -17"><span class='ocrx_word' id='word_1_100' title='bbox 496 1547 581 1598; x_wconf 71' lang='lat' dir='ltr'><strong>t-ia:</strong></span> <span class='ocrx_word' id='word_1_101' title='bbox 628 1545 988 1599; x_wconf 84' lang='lat' dir='ltr'><strong>ostentatione</strong></span> <span class='ocrx_word' id='word_1_102' title='bbox 1041 1545 1355 1610; x_wconf 64' lang='lat' dir='ltr'><strong>praedicant,</strong></span> <span class='ocrx_word' id='word_1_103' title='bbox 1412 1545 1874 1615; x_wconf 82' lang='lat' dir='ltr'><strong>eleemosynarum</strong></span> <span class='ocrx_word' id='word_1_104' title='bbox 1919 1561 2076 1613; x_wconf 82' lang='lat' dir='ltr'><strong>opem</strong></span> 
     </span>
    </p>
   </div>
   <div class='ocr_carea' id='block_1_15' title="bbox 492 1636 2075 1706">
    <p class='ocr_par' dir='ltr' id='par_1_15' title="bbox 492 1636 2075 1706">
     <span class='ocr_line' id='line_1_15' title="bbox 492 1636 2075 1706; baseline 0.002 -17"><span class='ocrx_word' id='word_1_105' title='bbox 492 1650 591 1705; x_wconf 85' lang='lat' dir='ltr'><strong>pro</strong></span> <span class='ocrx_word' id='word_1_106' title='bbox 624 1636 865 1705; x_wconf 89' lang='lat' dir='ltr'><strong>appetitu</strong></span> <span class='ocrx_word' id='word_1_107' title='bbox 893 1651 1042 1689; x_wconf 72' lang='lat' dir='ltr'><strong>vana:</strong></span> <span class='ocrx_word' id='word_1_108' title='bbox 1083 1637 1268 1705; x_wconf 72' lang='lat' dir='ltr'><strong>glorize</strong></span> <span class='ocrx_word' id='word_1_109' title='bbox 1300 1637 1729 1691; x_wconf 78' lang='lat' dir='ltr'><strong>subministrant.</strong></span> <span class='ocrx_word' id='word_1_110' title='bbox 1773 1638 1829 1691; x_wconf 81' lang='lat' dir='ltr'><strong>Et</strong></span> <span class='ocrx_word' id='word_1_111' title='bbox 1863 1638 2075 1706; x_wconf 86' lang='lat' dir='ltr'><strong>quidem</strong></span> 
     </span>
    </p>
   </div>
   <div class='ocr_carea' id='block_1_16' title="bbox 490 1726 2074 1800">
    <p class='ocr_par' dir='ltr' id='par_1_16' title="bbox 490 1726 2074 1800">
     <span class='ocr_line' id='line_1_16' title="bbox 490 1726 2074 1800; baseline 0.001 -18"><span class='ocrx_word' id='word_1_112' title='bbox 490 1726 787 1782; x_wconf 73' lang='lat' dir='ltr'><strong>Jerusalem</strong></span> <span class='ocrx_word' id='word_1_113' title='bbox 818 1726 1067 1781; x_wconf 88' lang='lat' dir='ltr'><strong>videntur</strong></span> <span class='ocrx_word' id='word_1_114' title='bbox 1087 1742 1207 1782; x_wconf 88' lang='lat' dir='ltr'><strong>esse</strong></span> <span class='ocrx_word' id='word_1_115' title='bbox 1235 1743 1353 1797; x_wconf 65' lang='lat' dir='ltr'><strong>quae</strong></span> <span class='ocrx_word' id='word_1_116' title='bbox 1384 1738 1567 1798; x_wconf 87' lang='lat' dir='ltr'><strong>agunt,</strong></span> <span class='ocrx_word' id='word_1_117' title='bbox 1586 1728 1679 1783; x_wconf 90' lang='lat' dir='ltr'><strong>sed</strong></span> <span class='ocrx_word' id='word_1_118' title='bbox 1700 1727 1863 1800; x_wconf 80' lang='lat'><strong>590</strong></span> <span class='ocrx_word' id='word_1_119' title='bbox 1892 1739 2074 1783; x_wconf 87' lang='lat' dir='ltr'><strong>tamen</strong></span> 
     </span>
    </p>
   </div>
   <div class='ocr_carea' id='block_1_17' title="bbox 488 1818 1150 1890">
    <p class='ocr_par' dir='ltr' id='par_1_17' title="bbox 488 1818 1150 1890">
     <span class='ocr_line' id='line_1_17' title="bbox 488 1818 1150 1890; baseline 0.003 -18"><span class='ocrx_word' id='word_1_120' title='bbox 488 1818 797 1890; x_wconf 72' lang='lat' dir='ltr'><strong>Babyloniae</strong></span> <span class='ocrx_word' id='word_1_121' title='bbox 828 1818 973 1874; x_wconf 87' lang='lat' dir='ltr'><strong>cives</strong></span> <span class='ocrx_word' id='word_1_122' title='bbox 1005 1827 1150 1875; x_wconf 90' lang='lat' dir='ltr'><strong>sunt.</strong></span> 
     </span>
    </p>
   </div>
   <div class='ocr_carea' id='block_1_18' title="bbox 563 1909 2074 1979">
    <p class='ocr_par' dir='ltr' id='par_1_18' title="bbox 563 1909 2074 1979">
     <span class='ocr_line' id='line_1_18' title="bbox 563 1909 2074 1979; baseline 0.001 -15"><span class='ocrx_word' id='word_1_123' title='bbox 563 1912 651 1965; x_wconf 85' lang='lat'><strong>70.</strong></span> <span class='ocrx_word' id='word_1_124' title='bbox 684 1909 793 1964; x_wconf 87' lang='lat' dir='ltr'><strong>Deo</strong></span> <span class='ocrx_word' id='word_1_125' title='bbox 818 1912 917 1965; x_wconf 81' lang='lat' dir='ltr'><strong>soli</strong></span> <span class='ocrx_word' id='word_1_126' title='bbox 951 1928 1133 1965; x_wconf 82' lang='lat' dir='ltr'><strong>vacare</strong></span> <span class='ocrx_word' id='word_1_127' title='bbox 1166 1912 1471 1979; x_wconf 79' lang='lat' dir='ltr'><strong>cupiendum</strong></span> <span class='ocrx_word' id='word_1_128' title='bbox 1500 1921 1593 1975; x_wconf 81' lang='lat' dir='ltr'><strong>est,</strong></span> <span class='ocrx_word' id='word_1_129' title='bbox 1618 1921 1664 1965; x_wconf 86' lang='lat' dir='ltr'><strong>et</strong></span> <span class='ocrx_word' id='word_1_130' title='bbox 1697 1912 1832 1965; x_wconf 80' lang='lat' dir='ltr'><strong>ruris</strong></span> <span class='ocrx_word' id='word_1_131' title='bbox 1853 1915 2074 1965; x_wconf 68' lang='lat' dir='ltr'><strong>externis</strong></span> 
     </span>
    </p>
   </div>
   <div class='ocr_carea' id='block_1_19' title="bbox 486 2000 2075 2071">
    <p class='ocr_par' dir='ltr' id='par_1_19' title="bbox 486 2000 2075 2071">
     <span class='ocr_line' id='line_1_19' title="bbox 486 2000 2075 2071; baseline -0.003 -12"><span class='ocrx_word' id='word_1_132' title='bbox 486 2020 555 2059; x_wconf 79' lang='lat' dir='ltr'><strong>ea:</strong></span> <span class='ocrx_word' id='word_1_133' title='bbox 585 2002 679 2056; x_wconf 87' lang='lat' dir='ltr'><strong>Dei</strong></span> <span class='ocrx_word' id='word_1_134' title='bbox 706 2003 965 2058; x_wconf 78' lang='lat' dir='ltr'><strong>voluntate</strong></span> <span class='ocrx_word' id='word_1_135' title='bbox 995 2003 1339 2057; x_wconf 85' lang='lat' dir='ltr'><strong>serviendum.</strong></span> <span class='ocrx_word' id='word_1_136' title='bbox 1368 2031 1439 2042; x_wconf 95' lang='lat'><strong>—</strong></span> <span class='ocrx_word' id='word_1_137' title='bbox 1469 2000 1757 2069; x_wconf 82' lang='lat' dir='ltr'><strong>Siciiaque</strong></span> <span class='ocrx_word' id='word_1_138' title='bbox 1786 2001 2075 2071; x_wconf 73' lang='lat' dir='ltr'><strong>aliquando</strong></span> 
     </span>
    </p>
   </div>
   <div class='ocr_carea' id='block_1_20' title="bbox 486 2091 2070 2164">
    <p class='ocr_par' dir='ltr' id='par_1_20' title="bbox 486 2091 2070 2164">
     <span class='ocr_line' id='line_1_20' title="bbox 486 2091 2070 2164; baseline -0.004 -13"><span class='ocrx_word' id='word_1_139' title='bbox 486 2095 747 2164; x_wconf 84' lang='lat' dir='ltr'><strong>contingit</strong></span> <span class='ocrx_word' id='word_1_140' title='bbox 797 2105 854 2147; x_wconf 88' lang='lat' dir='ltr'><strong>ut</strong></span> <span class='ocrx_word' id='word_1_141' title='bbox 895 2094 986 2163; x_wconf 92' lang='lat' dir='ltr'><strong>qui</strong></span> <span class='ocrx_word' id='word_1_142' title='bbox 1032 2095 1203 2149; x_wconf 89' lang='lat' dir='ltr'><strong>solam</strong></span> <span class='ocrx_word' id='word_1_143' title='bbox 1228 2094 1504 2146; x_wconf 60' lang='lat' dir='ltr'><strong>caelestem</strong></span> <span class='ocrx_word' id='word_1_144' title='bbox 1547 2092 1771 2160; x_wconf 78' lang='lat' dir='ltr'><strong>pati-iam</strong></span> <span class='ocrx_word' id='word_1_145' title='bbox 1823 2091 2070 2160; x_wconf 85' lang='lat' dir='ltr'><strong>diligunt,</strong></span> 
     </span>
    </p>
   </div>
   <div class='ocr_carea' id='block_1_21' title="bbox 487 2183 2070 2251">
    <p class='ocr_par' dir='ltr' id='par_1_21' title="bbox 487 2183 2070 2251">
     <span class='ocr_line' id='line_1_21' title="bbox 487 2183 2070 2251; baseline -0.003 -10"><span class='ocrx_word' id='word_1_146' title='bbox 487 2195 719 2244; x_wconf 68' lang='lat' dir='ltr'><strong>terrente</strong></span> <span class='ocrx_word' id='word_1_147' title='bbox 753 2186 939 2251; x_wconf 73' lang='lat' dir='ltr'><strong>patria:</strong></span> <span class='ocrx_word' id='word_1_148' title='bbox 981 2184 1126 2238; x_wconf 86' lang='lat' dir='ltr'><strong>curis</strong></span> <span class='ocrx_word' id='word_1_149' title='bbox 1172 2183 1452 2251; x_wconf 74' lang='lat' dir='ltr'><strong>subiacere</strong></span> <span class='ocrx_word' id='word_1_150' title='bbox 1503 2183 1801 2238; x_wconf 87' lang='lat' dir='ltr'><strong>videantur.</strong></span> <span class='ocrx_word' id='word_1_151' title='bbox 1835 2185 2070 2248; x_wconf 81' lang='lat' dir='ltr'><strong>Quorum</strong></span> 
     </span>
    </p>
   </div>
   <div class='ocr_carea' id='block_1_22' title="bbox 489 2277 2072 2347">
    <p class='ocr_par' dir='ltr' id='par_1_22' title="bbox 489 2277 2072 2347">
     <span class='ocr_line' id='line_1_22' title="bbox 489 2277 2072 2347; baseline -0.004 -14"><span class='ocrx_word' id='word_1_152' title='bbox 489 2289 670 2333; x_wconf 88' lang='lat' dir='ltr'><strong>tamen</strong></span> <span class='ocrx_word' id='word_1_153' title='bbox 702 2277 1058 2333; x_wconf 86' lang='lat' dir='ltr'><strong>ministerium</strong></span> <span class='ocrx_word' id='word_1_154' title='bbox 1090 2294 1120 2332; x_wconf 86' lang='lat' dir='ltr'><strong>a</strong></span> <span class='ocrx_word' id='word_1_155' title='bbox 1154 2292 1439 2347; x_wconf 85' lang='lat' dir='ltr'><strong>pravorum</strong></span> <span class='ocrx_word' id='word_1_156' title='bbox 1468 2277 1724 2347; x_wconf 82' lang='lat' dir='ltr'><strong>operibus</strong></span> <span class='ocrx_word' id='word_1_157' title='bbox 1760 2278 2072 2347; x_wconf 81' lang='lat' dir='ltr'><strong>plerumque</strong></span> 
     </span>
    </p>
   </div>
   <div class='ocr_carea' id='block_1_23' title="bbox 484 2370 2069 2439">
    <p class='ocr_par' dir='ltr' id='par_1_23' title="bbox 484 2370 2069 2439">
     <span class='ocr_line' id='line_1_23' title="bbox 484 2370 2069 2439; baseline -0.001 -14"><span class='ocrx_word' id='word_1_158' title='bbox 484 2372 540 2425; x_wconf 88' lang='lat' dir='ltr'><strong>in</strong></span> <span class='ocrx_word' id='word_1_159' title='bbox 569 2380 711 2432; x_wconf 88' lang='lat' dir='ltr'><strong>actu,</strong></span> <span class='ocrx_word' id='word_1_160' title='bbox 749 2385 1130 2438; x_wconf 76' lang='lat' dir='ltr'><strong>nonnunquam</strong></span> <span class='ocrx_word' id='word_1_161' title='bbox 1160 2384 1311 2423; x_wconf 48' lang='lat' dir='ltr'><strong>veroi</strong></span> <span class='ocrx_word' id='word_1_162' title='bbox 1338 2380 1465 2423; x_wconf 89' lang='lat' dir='ltr'><strong>ante</strong></span> <span class='ocrx_word' id='word_1_163' title='bbox 1516 2385 1804 2439; x_wconf 84' lang='lat' dir='ltr'><strong>supernum</strong></span> <span class='ocrx_word' id='word_1_164' title='bbox 1833 2370 2069 2438; x_wconf 80' lang='lat' dir='ltr'><strong>judicent</strong></span> 
     </span>
    </p>
   </div>
   <div class='ocr_carea' id='block_1_24' title="bbox 485 2460 2067 2531">
    <p class='ocr_par' dir='ltr' id='par_1_24' title="bbox 485 2460 2067 2531">
     <span class='ocr_line' id='line_1_24' title="bbox 485 2460 2067 2531; baseline -0.001 -15"><span class='ocrx_word' id='word_1_165' title='bbox 485 2463 540 2516; x_wconf 91' lang='lat' dir='ltr'><strong>in</strong></span> <span class='ocrx_word' id='word_1_166' title='bbox 562 2463 673 2515; x_wconf 90' lang='lat' dir='ltr'><strong>sola</strong></span> <span class='ocrx_word' id='word_1_167' title='bbox 697 2461 1022 2531; x_wconf 81' lang='lat' dir='ltr'><strong>cogitatione</strong></span> <span class='ocrx_word' id='word_1_168' title='bbox 1044 2460 1391 2516; x_wconf 64' lang='lat' dir='ltr'><strong>discernitur.</strong></span> <span class='ocrx_word' id='word_1_169' title='bbox 1422 2461 1572 2515; x_wconf 83' lang='lat' dir='ltr'><strong>Pleni</strong></span> <span class='ocrx_word' id='word_1_170' title='bbox 1604 2462 1802 2531; x_wconf 78' lang='lat' dir='ltr'><strong>quippe</strong></span> <span class='ocrx_word' id='word_1_171' title='bbox 1832 2478 2067 2531; x_wconf 86' lang='lat' dir='ltr'><strong>superna</strong></span> 
     </span>
    </p>
   </div>
   <div class='ocr_carea' id='block_1_25' title="bbox 485 2551 2071 2622">
    <p class='ocr_par' dir='ltr' id='par_1_25' title="bbox 485 2551 2071 2622">
     <span class='ocr_line' id='line_1_25' title="bbox 485 2551 2071 2622; baseline -0.001 -14"><span class='ocrx_word' id='word_1_172' title='bbox 485 2553 748 2622; x_wconf 79' lang='lat' dir='ltr'><strong>sapientia</strong></span> <span class='ocrx_word' id='word_1_173' title='bbox 795 2553 1110 2606; x_wconf 85' lang='lat' dir='ltr'><strong>discernunt</strong></span> <span class='ocrx_word' id='word_1_174' title='bbox 1158 2551 1385 2620; x_wconf 81' lang='lat' dir='ltr'><strong>qualiter</strong></span> <span class='ocrx_word' id='word_1_175' title='bbox 1425 2552 1656 2607; x_wconf 87' lang='lat' dir='ltr'><strong>debeant</strong></span> <span class='ocrx_word' id='word_1_176' title='bbox 1686 2560 1712 2589; x_wconf 76' lang='grc'>⁸</span> <span class='ocrx_word' id='word_1_177' title='bbox 1751 2562 1804 2605; x_wconf 86' lang='lat' dir='ltr'><strong>et</strong></span> <span class='ocrx_word' id='word_1_178' title='bbox 1831 2551 1896 2606; x_wconf 90' lang='lat' dir='ltr'><strong>ad</strong></span> <span class='ocrx_word' id='word_1_179' title='bbox 1924 2551 2071 2607; x_wconf 77' lang='lat' dir='ltr'><strong>aliud</strong></span> 
     </span>
    </p>
   </div>
   <div class='ocr_carea' id='block_1_26' title="bbox 485 2645 2069 2713">
    <p class='ocr_par' dir='ltr' id='par_1_26' title="bbox 485 2645 2069 2713">
     <span class='ocr_line' id='line_1_26' title="bbox 485 2645 2069 2713; baseline -0.001 -13"><span class='ocrx_word' id='word_1_180' title='bbox 485 2661 675 2702; x_wconf 83' lang='lat' dir='ltr'><strong>vacare</strong></span> <span class='ocrx_word' id='word_1_181' title='bbox 704 2648 1051 2712; x_wconf 81' lang='lat' dir='ltr'><strong>intrinsecus,</strong></span> <span class='ocrx_word' id='word_1_182' title='bbox 1085 2654 1133 2699; x_wconf 90' lang='lat' dir='ltr'><strong>et</strong></span> <span class='ocrx_word' id='word_1_183' title='bbox 1169 2645 1233 2698; x_wconf 88' lang='lat' dir='ltr'><strong>ad</strong></span> <span class='ocrx_word' id='word_1_184' title='bbox 1262 2646 1407 2699; x_wconf 84' lang='lat' dir='ltr'><strong>aliud</strong></span> <span class='ocrx_word' id='word_1_185' title='bbox 1456 2646 1792 2699; x_wconf 77' lang='lat' dir='ltr'><strong>extrinsecus</strong></span> <span class='ocrx_word' id='word_1_186' title='bbox 1819 2645 2069 2713; x_wconf 79' lang='lat' dir='ltr'><strong>occupari</strong></span> 
     </span>
    </p>
   </div>
   <div class='ocr_carea' id='block_1_27' title="bbox 486 2737 2070 2807">
    <p class='ocr_par' dir='ltr' id='par_1_27' title="bbox 486 2737 2070 2807">
     <span class='ocr_line' id='line_1_27' title="bbox 486 2737 2070 2807; baseline -0.001 -13"><span class='ocrx_word' id='word_1_187' title='bbox 486 2749 541 2794; x_wconf 91' lang='lat' dir='ltr'><strong>ut</strong></span> <span class='ocrx_word' id='word_1_188' title='bbox 570 2740 617 2794; x_wconf 90' lang='lat' dir='ltr'><strong>si</strong></span> <span class='ocrx_word' id='word_1_189' title='bbox 649 2740 789 2795; x_wconf 78' lang='lat' dir='ltr'><strong>forte</strong></span> <span class='ocrx_word' id='word_1_190' title='bbox 821 2740 1028 2793; x_wconf 89' lang='lat' dir='ltr'><strong>occulta</strong></span> <span class='ocrx_word' id='word_1_191' title='bbox 1064 2738 1159 2792; x_wconf 87' lang='lat' dir='ltr'><strong>Dei</strong></span> <span class='ocrx_word' id='word_1_192' title='bbox 1208 2738 1547 2792; x_wconf 84' lang='lat' dir='ltr'><strong>ordinatione</strong></span> <span class='ocrx_word' id='word_1_193' title='bbox 1594 2737 1791 2807; x_wconf 90' lang='lat' dir='ltr'><strong>aliquid</strong></span> <span class='ocrx_word' id='word_1_194' title='bbox 1835 2737 1914 2792; x_wconf 90' lang='lat' dir='ltr'><strong>eis</strong></span> <span class='ocrx_word' id='word_1_195' title='bbox 1962 2753 2070 2792; x_wconf 91' lang='lat' dir='ltr'><strong>non</strong></span> 
     </span>
    </p>
   </div>
   <div class='ocr_carea' id='block_1_28' title="bbox 484 2832 2071 2904">
    <p class='ocr_par' dir='ltr' id='par_1_28' title="bbox 484 2832 2071 2904">
     <span class='ocr_line' id='line_1_28' title="bbox 484 2832 2071 2904; baseline 0.001 -16"><span class='ocrx_word' id='word_1_196' title='bbox 484 2832 862 2904; x_wconf 88' lang='lat' dir='ltr'><strong>appetentibus</strong></span> <span class='ocrx_word' id='word_1_197' title='bbox 883 2833 951 2887; x_wconf 89' lang='lat' dir='ltr'><strong>de</strong></span> <span class='ocrx_word' id='word_1_198' title='bbox 983 2832 1139 2900; x_wconf 88' lang='lat' dir='ltr'><strong>hujus</strong></span> <span class='ocrx_word' id='word_1_199' title='bbox 1165 2832 1347 2888; x_wconf 65' lang='lat' dir='ltr'><strong>surculi</strong></span> <span class='ocrx_word' id='word_1_200' title='bbox 1370 2834 1515 2887; x_wconf 89' lang='lat' dir='ltr'><strong>curis</strong></span> <span class='ocrx_word' id='word_1_201' title='bbox 1538 2834 1852 2903; x_wconf 84' lang='lat' dir='ltr'><strong>imponitur,</strong></span> <span class='ocrx_word' id='word_1_202' title='bbox 1877 2834 2071 2888; x_wconf 82' lang='lat' dir='ltr'><strong>cedant</strong></span> 
     </span>
    </p>
   </div>
   <div class='ocr_carea' id='block_1_29' title="bbox 482 2925 2068 2996">
    <p class='ocr_par' dir='ltr' id='par_1_29' title="bbox 482 2925 2068 2996">
     <span class='ocr_line' id='line_1_29' title="bbox 482 2925 2068 2996; baseline -0.001 -16"><span class='ocrx_word' id='word_1_203' title='bbox 482 2926 596 2981; x_wconf 84' lang='lat' dir='ltr'><strong>Deo</strong></span> <span class='ocrx_word' id='word_1_204' title='bbox 617 2941 777 2996; x_wconf 88' lang='lat' dir='ltr'><strong>quem</strong></span> <span class='ocrx_word' id='word_1_205' title='bbox 824 2925 1078 2995; x_wconf 83' lang='lat' dir='ltr'><strong>diligunt,</strong></span> <span class='ocrx_word' id='word_1_206' title='bbox 1128 2935 1181 2980; x_wconf 89' lang='lat' dir='ltr'><strong>et</strong></span> <span class='ocrx_word' id='word_1_207' title='bbox 1216 2940 1324 2994; x_wconf 62' lang='lat' dir='ltr'><strong>prae</strong></span> <span class='ocrx_word' id='word_1_208' title='bbox 1368 2941 1551 2980; x_wconf 88' lang='lat' dir='ltr'><strong>amore</strong></span> <span class='ocrx_word' id='word_1_209' title='bbox 1596 2926 1713 2993; x_wconf 85' lang='lat' dir='ltr'><strong>ejus</strong></span> <span class='ocrx_word' id='word_1_210' title='bbox 1744 2926 2068 2982; x_wconf 74' lang='lat' dir='ltr'><strong>intrinscctis</strong></span> 
     </span>
    </p>
   </div>
   <div class='ocr_carea' id='block_1_30' title="bbox 480 3017 2069 3087">
    <p class='ocr_par' dir='ltr' id='par_1_30' title="bbox 480 3017 2069 3087">
     <span class='ocr_line' id='line_1_30' title="bbox 480 3017 2069 3087; baseline -0.001 -13"><span class='ocrx_word' id='word_1_211' title='bbox 480 3020 646 3074; x_wconf 86' lang='lat' dir='ltr'><strong>solam</strong></span> <span class='ocrx_word' id='word_1_212' title='bbox 689 3018 833 3072; x_wconf 91' lang='lat' dir='ltr'><strong>illius</strong></span> <span class='ocrx_word' id='word_1_213' title='bbox 861 3017 1170 3073; x_wconf 88' lang='lat' dir='ltr'><strong>desiderent</strong></span> <span class='ocrx_word' id='word_1_214' title='bbox 1198 3018 1493 3083; x_wconf 85' lang='lat' dir='ltr'><strong>visionem;</strong></span> <span class='ocrx_word' id='word_1_215' title='bbox 1544 3034 1652 3087; x_wconf 75' lang='lat' dir='ltr'><strong>pra:</strong></span> <span class='ocrx_word' id='word_1_216' title='bbox 1702 3018 1894 3072; x_wconf 90' lang='lat' dir='ltr'><strong>timore</strong></span> <span class='ocrx_word' id='word_1_217' title='bbox 1939 3032 2069 3073; x_wconf 87' lang='lat' dir='ltr'><strong>vero</strong></span> 
     </span>
    </p>
   </div>
   <div class='ocr_carea' id='block_1_31' title="bbox 483 3110 2067 3181">
    <p class='ocr_par' dir='ltr' id='par_1_31' title="bbox 483 3110 2067 3181">
     <span class='ocr_line' id='line_1_31' title="bbox 483 3110 2067 3181; baseline 0 -15"><span class='ocrx_word' id='word_1_218' title='bbox 483 3112 601 3181; x_wconf 89' lang='lat' dir='ltr'><strong>ejus</strong></span> <span class='ocrx_word' id='word_1_219' title='bbox 629 3111 929 3180; x_wconf 80' lang='lat' dir='ltr'><strong>impositam</strong></span> <span class='ocrx_word' id='word_1_220' title='bbox 961 3113 1061 3165; x_wconf 82' lang='lat' dir='ltr'><strong>sibi</strong></span> <span class='ocrx_word' id='word_1_221' title='bbox 1097 3110 1436 3166; x_wconf 79' lang='lat' dir='ltr'><strong>extrinsecus</strong></span> <span class='ocrx_word' id='word_1_222' title='bbox 1460 3110 1736 3169; x_wconf 86' lang='lat' dir='ltr'><strong>humiliter</strong></span> <span class='ocrx_word' id='word_1_223' title='bbox 1757 3110 1783 3151; x_wconf 69' lang='grc' dir='ltr'>δ</span> <span class='ocrx_word' id='word_1_224' title='bbox 1813 3114 2067 3181; x_wconf 77' lang='lat' dir='ltr'><strong>expleant</strong></span> 
     </span>
    </p>
   </div>
   <div class='ocr_carea' id='block_1_32' title="bbox 2104 1825 2154 1887">
    <p class='ocr_par' dir='ltr' id='par_1_32' title="bbox 2104 1825 2154 1887">
     <span class='ocr_line' id='line_1_32' title="bbox 2104 1825 2154 1887; baseline 0 0"><span class='ocrx_word' id='word_1_225' title='bbox 2104 1825 2154 1887; x_wconf 86' lang='grc' dir='ltr'><strong>Β</strong></span> 
     </span>
    </p>
   </div>
   <div class='ocr_carea' id='block_1_33' title="bbox 2189 523 3773 594">
    <p class='ocr_par' dir='ltr' id='par_1_33' title="bbox 2189 523 3773 594">
     <span class='ocr_line' id='line_1_33' title="bbox 2189 523 3773 594; baseline 0.003 -16"><span class='ocrx_word' id='word_1_226' title='bbox 2189 524 2396 591; x_wconf 79' lang='lat' dir='ltr'><strong>cilicio;</strong></span> <span class='ocrx_word' id='word_1_227' title='bbox 2428 533 2481 579; x_wconf 88' lang='lat' dir='ltr'><strong>et</strong></span> <span class='ocrx_word' id='word_1_228' title='bbox 2512 525 2609 579; x_wconf 90' lang='lat' dir='ltr'><strong>hac</strong></span> <span class='ocrx_word' id='word_1_229' title='bbox 2638 523 2897 591; x_wconf 74' lang='lat' dir='ltr'><strong>sapientia</strong></span> <span class='ocrx_word' id='word_1_230' title='bbox 2948 538 3054 579; x_wconf 90' lang='lat' dir='ltr'><strong>non</strong></span> <span class='ocrx_word' id='word_1_231' title='bbox 3091 523 3201 593; x_wconf 84' lang='lat' dir='ltr'><strong>jam</strong></span> <span class='ocrx_word' id='word_1_232' title='bbox 3254 523 3557 579; x_wconf 86' lang='lat' dir='ltr'><strong>turbulenta</strong></span> <span class='ocrx_word' id='word_1_233' title='bbox 3607 537 3773 594; x_wconf 63' lang='lat' dir='ltr'><strong>atqu:</strong></span> 
     </span>
    </p>
   </div>
   <div class='ocr_carea' id='block_1_34' title="bbox 2188 613 3772 686">
    <p class='ocr_par' dir='ltr' id='par_1_34' title="bbox 2188 613 3772 686">
     <span class='ocr_line' id='line_1_34' title="bbox 2188 613 3772 686; baseline 0.001 -16"><span class='ocrx_word' id='word_1_234' title='bbox 2188 613 2431 681; x_wconf 76' lang='lat' dir='ltr'><strong>Confusa,</strong></span> <span class='ocrx_word' id='word_1_235' title='bbox 2479 616 2573 672; x_wconf 90' lang='lat' dir='ltr'><strong>sed</strong></span> <span class='ocrx_word' id='word_1_236' title='bbox 2618 614 2897 686; x_wconf 79' lang='lat' dir='ltr'><strong>tranquilla</strong></span> <span class='ocrx_word' id='word_1_237' title='bbox 2931 615 3091 671; x_wconf 87' lang='lat' dir='ltr'><strong>corda</strong></span> <span class='ocrx_word' id='word_1_238' title='bbox 3111 614 3443 683; x_wconf 85' lang='lat' dir='ltr'><strong>repleantur.</strong></span> <span class='ocrx_word' id='word_1_239' title='bbox 3470 614 3613 671; x_wconf 87' lang='lat' dir='ltr'><strong>Bene</strong></span> <span class='ocrx_word' id='word_1_240' title='bbox 3639 629 3772 686; x_wconf 77' lang='lat' dir='ltr'><strong>ergo</strong></span> 
     </span>
    </p>
   </div>
   <div class='ocr_carea' id='block_1_35' title="bbox 2186 705 3773 777">
    <p class='ocr_par' dir='ltr' id='par_1_35' title="bbox 2186 705 3773 777">
     <span class='ocr_line' id='line_1_35' title="bbox 2186 705 3773 777; baseline 0.003 -18"><span class='ocrx_word' id='word_1_241' title='bbox 2186 705 2255 760; x_wconf 89' lang='lat' dir='ltr'><strong>de</strong></span> <span class='ocrx_word' id='word_1_242' title='bbox 2291 723 2355 761; x_wconf 88' lang='lat' dir='ltr'><strong>ea</strong></span> <span class='ocrx_word' id='word_1_243' title='bbox 2398 707 2595 761; x_wconf 87' lang='lat' dir='ltr'><strong>dicitur</strong></span> <span class='ocrx_word' id='word_1_244' title='bbox 2624 709 2746 776; x_wconf 85' lang='lat' dir='ltr'><strong>quia</strong></span> <span class='ocrx_word' id='word_1_245' title='bbox 2777 709 3000 777; x_wconf 77' lang='lat' dir='ltr'><strong>Abyssus</strong></span> <span class='ocrx_word' id='word_1_246' title='bbox 3030 708 3155 760; x_wconf 82' lang='lat' dir='ltr'><strong>dicit</strong></span> <span class='ocrx_word' id='word_1_247' title='bbox 3182 724 3200 761; x_wconf 93' lang='lat'><em>:</em></span> <span class='ocrx_word' id='word_1_248' title='bbox 3227 706 3349 761; x_wconf 78' lang='lat' dir='ltr'><strong>Non</strong></span> <span class='ocrx_word' id='word_1_249' title='bbox 3378 717 3453 762; x_wconf 83' lang='lat' dir='ltr'><strong>est</strong></span> <span class='ocrx_word' id='word_1_250' title='bbox 3481 708 3535 760; x_wconf 78' lang='lat' dir='ltr'><strong>in</strong></span> <span class='ocrx_word' id='word_1_251' title='bbox 3579 722 3675 773; x_wconf 80' lang='lat' dir='ltr'><strong>me,</strong></span> <span class='ocrx_word' id='word_1_252' title='bbox 3722 716 3773 763; x_wconf 84' lang='lat' dir='ltr'><strong>et</strong></span> 
     </span>
    </p>
   </div>
   <div class='ocr_carea' id='block_1_36' title="bbox 2187 799 3771 870">
    <p class='ocr_par' dir='ltr' id='par_1_36' title="bbox 2187 799 3771 870">
     <span class='ocr_line' id='line_1_36' title="bbox 2187 799 3771 870; baseline 0.004 -20"><span class='ocrx_word' id='word_1_253' title='bbox 2187 814 2326 852; x_wconf 82' lang='lat' dir='ltr'><strong>mare</strong></span> <span class='ocrx_word' id='word_1_254' title='bbox 2371 799 2599 870; x_wconf 79' lang='lat' dir='ltr'><strong>loquitur</strong></span> <span class='ocrx_word' id='word_1_255' title='bbox 2629 816 2647 853; x_wconf 94' lang='lat'><em>:</em></span> <span class='ocrx_word' id='word_1_256' title='bbox 2678 799 2799 853; x_wconf 84' lang='lat' dir='ltr'><strong>Non</strong></span> <span class='ocrx_word' id='word_1_257' title='bbox 2838 809 2911 853; x_wconf 87' lang='lat' dir='ltr'><strong>est</strong></span> <span class='ocrx_word' id='word_1_258' title='bbox 2942 816 3159 854; x_wconf 81' lang='lat' dir='ltr'><strong>mecum.</strong></span> <span class='ocrx_word' id='word_1_259' title='bbox 3183 804 3259 854; x_wconf 80' lang='lat' dir='ltr'><strong>Ac</strong></span> <span class='ocrx_word' id='word_1_260' title='bbox 3288 799 3332 853; x_wconf 87' lang='lat' dir='ltr'><strong>si</strong></span> <span class='ocrx_word' id='word_1_261' title='bbox 3361 808 3544 869; x_wconf 86' lang='lat' dir='ltr'><strong>aperte</strong></span> <span class='ocrx_word' id='word_1_262' title='bbox 3563 801 3771 857; x_wconf 86' lang='lat' dir='ltr'><strong>dicere-</strong></span> 
     </span>
    </p>
   </div>
   <div class='ocr_carea' id='block_1_37' title="bbox 2188 891 3770 962">
    <p class='ocr_par' dir='ltr' id='par_1_37' title="bbox 2188 891 3770 962">
     <span class='ocr_line' id='line_1_37' title="bbox 2188 891 3770 962; baseline 0.002 -18"><span class='ocrx_word' id='word_1_263' title='bbox 2188 900 2300 944; x_wconf 82' lang='lat' dir='ltr'><strong>tur:</strong></span> <span class='ocrx_word' id='word_1_264' title='bbox 2328 891 2417 946; x_wconf 84' lang='lat' dir='ltr'><strong>Pet</strong></span> <span class='ocrx_word' id='word_1_265' title='bbox 2434 893 2660 947; x_wconf 77' lang='lat' dir='ltr'><strong>turbata:</strong></span> <span class='ocrx_word' id='word_1_266' title='bbox 2693 901 2900 947; x_wconf 83' lang='lat' dir='ltr'><strong>tuentes</strong></span> <span class='ocrx_word' id='word_1_267' title='bbox 2927 893 3265 947; x_wconf 71' lang='lat' dir='ltr'><strong>saccularinm</strong></span> <span class='ocrx_word' id='word_1_268' title='bbox 3288 910 3351 945; x_wconf 88' lang='lat' dir='ltr'><strong>eo</strong></span> <span class='ocrx_word' id='word_1_269' title='bbox 3376 892 3495 961; x_wconf 82' lang='lat' dir='ltr'><strong>ipso</strong></span> <span class='ocrx_word' id='word_1_270' title='bbox 3516 894 3770 962; x_wconf 88' lang='lat' dir='ltr'><strong>clamant,</strong></span> 
     </span>
    </p>
   </div>
   <div class='ocr_carea' id='block_1_38' title="bbox 2186 986 3771 1058">
    <p class='ocr_par' dir='ltr' id='par_1_38' title="bbox 2186 986 3771 1058">
     <span class='ocr_line' id='line_1_38' title="bbox 2186 986 3771 1058; baseline 0.003 -19"><span class='ocrx_word' id='word_1_271' title='bbox 2186 986 2434 1054; x_wconf 89' lang='lat' dir='ltr'><strong>quoniam</strong></span> <span class='ocrx_word' id='word_1_272' title='bbox 2464 1003 2491 1039; x_wconf 89' lang='lat' dir='ltr'><strong>a</strong></span> <span class='ocrx_word' id='word_1_273' title='bbox 2525 1003 2645 1041; x_wconf 85' lang='lat' dir='ltr'><strong>vera</strong></span> <span class='ocrx_word' id='word_1_274' title='bbox 2675 987 2945 1055; x_wconf 83' lang='lat' dir='ltr'><strong>sapientia</strong></span> <span class='ocrx_word' id='word_1_275' title='bbox 3005 988 3158 1058; x_wconf 80' lang='lat' dir='ltr'><strong>longe</strong></span> <span class='ocrx_word' id='word_1_276' title='bbox 3212 987 3397 1042; x_wconf 71' lang='lat' dir='ltr'><strong>divisa:</strong></span> <span class='ocrx_word' id='word_1_277' title='bbox 3448 997 3608 1051; x_wconf 90' lang='lat' dir='ltr'><strong>sunt,</strong></span> <span class='ocrx_word' id='word_1_278' title='bbox 3664 1002 3771 1056; x_wconf 92' lang='lat' dir='ltr'><strong>quo</strong></span> 
     </span>
    </p>
   </div>
   <div class='ocr_carea' id='block_1_39' title="bbox 2183 1079 3771 1151">
    <p class='ocr_par' dir='ltr' id='par_1_39' title="bbox 2183 1079 3771 1151">
     <span class='ocr_line' id='line_1_39' title="bbox 2183 1079 3771 1151; baseline 0.003 -21"><span class='ocrx_word' id='word_1_279' title='bbox 2183 1079 2378 1150; x_wconf 63' lang='lat' dir='ltr'><strong>quieta!</strong></span> <span class='ocrx_word' id='word_1_280' title='bbox 2427 1096 2531 1135; x_wconf 89' lang='lat' dir='ltr'><strong>non</strong></span> <span class='ocrx_word' id='word_1_281' title='bbox 2562 1090 2707 1135; x_wconf 88' lang='lat' dir='ltr'><strong>sunt.</strong></span> <span class='ocrx_word' id='word_1_282' title='bbox 2740 1082 2871 1148; x_wconf 84' lang='lat' dir='ltr'><strong>Quia</strong></span> <span class='ocrx_word' id='word_1_283' title='bbox 2914 1097 3045 1135; x_wconf 83' lang='lat' dir='ltr'><strong>vero</strong></span> <span class='ocrx_word' id='word_1_284' title='bbox 3095 1082 3208 1134; x_wconf 59' lang='lat' dir='ltr'><strong>haec</strong></span> <span class='ocrx_word' id='word_1_285' title='bbox 3243 1081 3333 1135; x_wconf 87' lang='lat' dir='ltr'><strong>Dei</strong></span> <span class='ocrx_word' id='word_1_286' title='bbox 3367 1080 3626 1151; x_wconf 79' lang='lat' dir='ltr'><strong>sapientia</strong></span> <span class='ocrx_word' id='word_1_287' title='bbox 3658 1097 3771 1135; x_wconf 82' lang='lat' dir='ltr'><strong>uta-</strong></span> 
     </span>
    </p>
   </div>
   <div class='ocr_carea' id='block_1_40' title="bbox 2186 1172 3772 1229">
    <p class='ocr_par' dir='ltr' id='par_1_40' title="bbox 2186 1172 3772 1229">
     <span class='ocr_line' id='line_1_40' title="bbox 2186 1172 3772 1229; baseline 0.003 -6"><span class='ocrx_word' id='word_1_288' title='bbox 2186 1186 2321 1225; x_wconf 83' lang='lat' dir='ltr'><strong>nens</strong></span> <span class='ocrx_word' id='word_1_289' title='bbox 2350 1186 2469 1224; x_wconf 90' lang='lat' dir='ltr'><strong>cum</strong></span> <span class='ocrx_word' id='word_1_290' title='bbox 2499 1172 2656 1227; x_wconf 78' lang='lat' dir='ltr'><strong>l’atre</strong></span> <span class='ocrx_word' id='word_1_291' title='bbox 2681 1183 2806 1226; x_wconf 89' lang='lat' dir='ltr'><strong>ante</strong></span> <span class='ocrx_word' id='word_1_292' title='bbox 2834 1175 3026 1226; x_wconf 62' lang='lat' dir='ltr'><strong>secula</strong></span> <span class='ocrx_word' id='word_1_293' title='bbox 3074 1173 3396 1226; x_wconf 84' lang='lat' dir='ltr'><strong>iucarnanda</strong></span> <span class='ocrx_word' id='word_1_294' title='bbox 3428 1183 3544 1228; x_wconf 86' lang='lat' dir='ltr'><strong>erat</strong></span> <span class='ocrx_word' id='word_1_295' title='bbox 3582 1176 3631 1228; x_wconf 92' lang='lat' dir='ltr'><strong>in</strong></span> <span class='ocrx_word' id='word_1_296' title='bbox 3663 1173 3772 1229; x_wconf 81' lang='lat' dir='ltr'><strong>line</strong></span> 
     </span>
    </p>
   </div>
   <div class='ocr_carea' id='block_1_41' title="bbox 2187 1262 3773 1333">
    <p class='ocr_par' dir='ltr' id='par_1_41' title="bbox 2187 1262 3773 1333">
     <span class='ocr_line' id='line_1_41' title="bbox 2187 1262 3773 1333; baseline 0.004 -20"><span class='ocrx_word' id='word_1_297' title='bbox 2187 1262 2535 1326; x_wconf 72' lang='lat' dir='ltr'><strong>saeculorum,</strong></span> <span class='ocrx_word' id='word_1_298' title='bbox 2570 1273 2627 1317; x_wconf 91' lang='lat' dir='ltr'><strong>ut</strong></span> <span class='ocrx_word' id='word_1_299' title='bbox 2647 1263 2711 1316; x_wconf 88' lang='lat' dir='ltr'><strong>ad</strong></span> <span class='ocrx_word' id='word_1_300' title='bbox 2758 1262 3131 1317; x_wconf 89' lang='lat' dir='ltr'><strong>redimendum</strong></span> <span class='ocrx_word' id='word_1_301' title='bbox 3158 1278 3325 1333; x_wconf 88' lang='lat' dir='ltr'><strong>genus</strong></span> <span class='ocrx_word' id='word_1_302' title='bbox 3349 1268 3635 1319; x_wconf 84' lang='lat' dir='ltr'><strong>liuinannm</strong></span> <span class='ocrx_word' id='word_1_303' title='bbox 3664 1281 3773 1319; x_wconf 88' lang='lat' dir='ltr'><strong>non</strong></span> 
     </span>
    </p>
   </div>
   <div class='ocr_carea' id='block_1_42' title="bbox 2181 1356 3772 1426">
    <p class='ocr_par' dir='ltr' id='par_1_42' title="bbox 2181 1356 3772 1426">
     <span class='ocr_line' id='line_1_42' title="bbox 2181 1356 3772 1426; baseline 0.003 -17"><span class='ocrx_word' id='word_1_304' title='bbox 2181 1369 2396 1409; x_wconf 77' lang='lat' dir='ltr'><strong>sanctos</strong></span> <span class='ocrx_word' id='word_1_305' title='bbox 2427 1357 2669 1425; x_wconf 72' lang='lat' dir='ltr'><strong>angelos,</strong></span> <span class='ocrx_word' id='word_1_306' title='bbox 2690 1373 2793 1409; x_wconf 90' lang='lat' dir='ltr'><strong>non</strong></span> <span class='ocrx_word' id='word_1_307' title='bbox 2814 1356 2990 1426; x_wconf 86' lang='lat' dir='ltr'><strong>justus</strong></span> <span class='ocrx_word' id='word_1_308' title='bbox 3021 1357 3267 1412; x_wconf 82' lang='lat' dir='ltr'><strong>homines</strong></span> <span class='ocrx_word' id='word_1_309' title='bbox 3299 1358 3552 1425; x_wconf 83' lang='lat' dir='ltr'><strong>mitteret,</strong></span> <span class='ocrx_word' id='word_1_310' title='bbox 3585 1357 3679 1413; x_wconf 91' lang='lat' dir='ltr'><strong>sed</strong></span> <span class='ocrx_word' id='word_1_311' title='bbox 3714 1357 3772 1414; x_wconf 85' lang='lat' dir='ltr'><strong>in</strong></span> 
     </span>
    </p>
   </div>
   <div class='ocr_carea' id='block_1_43' title="bbox 2183 1444 3767 1523">
    <p class='ocr_par' dir='ltr' id='par_1_43' title="bbox 2183 1444 3767 1523">
     <span class='ocr_line' id='line_1_43' title="bbox 2183 1444 3767 1523; baseline 0.003 -22"><span class='ocrx_word' id='word_1_312' title='bbox 2183 1446 2616 1502; x_wconf 79' lang='lat' dir='ltr'><strong>tnanil’estatione</strong></span> <span class='ocrx_word' id='word_1_313' title='bbox 2658 1444 2685 1483; x_wconf 69' lang='grc' dir='ltr'>ά</span> <span class='ocrx_word' id='word_1_314' title='bbox 2737 1449 2959 1504; x_wconf 86' lang='lat' dir='ltr'><strong>visionis</strong></span> <span class='ocrx_word' id='word_1_315' title='bbox 3007 1464 3104 1519; x_wconf 90' lang='lat' dir='ltr'><strong>per</strong></span> <span class='ocrx_word' id='word_1_316' title='bbox 3153 1454 3492 1523; x_wconf 85' lang='lat' dir='ltr'><strong>semetipsam</strong></span> <span class='ocrx_word' id='word_1_317' title='bbox 3525 1452 3767 1518; x_wconf 84' lang='lat' dir='ltr'><strong>veniret,</strong></span> 
     </span>
    </p>
   </div>
   <div class='ocr_carea' id='block_1_44' title="bbox 2180 1539 2751 1610">
    <p class='ocr_par' dir='ltr' id='par_1_44' title="bbox 2180 1539 2751 1610">
     <span class='ocr_line' id='line_1_44' title="bbox 2180 1539 2751 1610; baseline 0.005 -18"><span class='ocrx_word' id='word_1_318' title='bbox 2180 1547 2330 1595; x_wconf 84' lang='lat' dir='ltr'><strong>recte</strong></span> <span class='ocrx_word' id='word_1_319' title='bbox 2360 1539 2702 1610; x_wconf 88' lang='lat' dir='ltr'><strong>subjungitur</strong></span> <span class='ocrx_word' id='word_1_320' title='bbox 2737 1558 2751 1595; x_wconf 90' lang='lat'><strong>:</strong></span> 
     </span>
    </p>
   </div>
   <div class='ocr_carea' id='block_1_45' title="bbox 2497 1670 3383 1749">
    <p class='ocr_par' dir='ltr' id='par_1_45' title="bbox 2497 1670 3383 1749">
     <span class='ocr_line' id='line_1_45' title="bbox 2497 1670 3383 1749; baseline 0.006 -23"><span class='ocrx_word' id='word_1_321' title='bbox 2497 1670 2724 1728; x_wconf 68' lang='lat' dir='ltr'><strong>caror</strong></span> <span class='ocrx_word' id='word_1_322' title='bbox 2763 1671 2924 1728; x_wconf 79' lang='lat' dir='ltr'><strong>xuv</strong></span> <span class='ocrx_word' id='word_1_323' title='bbox 2949 1672 3109 1747; x_wconf 75' lang='grc' dir='ltr'><strong>[ηις.</strong></span> <span class='ocrx_word' id='word_1_324' title='bbox 3138 1674 3330 1731; x_wconf 74' lang='lat' dir='ltr'><strong>xxv:</strong></span> <span class='ocrx_word' id='word_1_325' title='bbox 3344 1675 3383 1749; x_wconf 71' lang='lat'><strong>1.</strong></span> 
     </span>
    </p>
   </div>
   <div class='ocr_carea' id='block_1_46' title="bbox 2255 1782 3768 1861">
    <p class='ocr_par' dir='ltr' id='par_1_46' title="bbox 2255 1782 3768 1861">
     <span class='ocr_line' id='line_1_46' title="bbox 2255 1782 3768 1861; baseline 0.007 -23"><span class='ocrx_word' id='word_1_326' title='bbox 2255 1782 2419 1839; x_wconf 73' lang='lat' dir='ltr'><strong>Vatis.</strong></span> <span class='ocrx_word' id='word_1_327' title='bbox 2454 1784 2542 1839; x_wconf 79' lang='grc'><strong>15.</strong></span> <span class='ocrx_word' id='word_1_328' title='bbox 2569 1812 2643 1825; x_wconf 89' lang='grc'><strong>-</strong></span> <span class='ocrx_word' id='word_1_329' title='bbox 2668 1783 2794 1839; x_wconf 85' lang='grc' dir='ltr'>Νοιι</span> <span class='ocrx_word' id='word_1_330' title='bbox 2819 1787 3025 1841; x_wconf 85' lang='lat' dir='ltr'><strong>dabitur</strong></span> <span class='ocrx_word' id='word_1_331' title='bbox 3052 1804 3238 1844; x_wconf 80' lang='lat' dir='ltr'><strong>aurum</strong></span> <span class='ocrx_word' id='word_1_332' title='bbox 3279 1790 3522 1861; x_wconf 79' lang='lat' dir='ltr'><strong>obryzutn</strong></span> <span class='ocrx_word' id='word_1_333' title='bbox 3548 1807 3641 1861; x_wconf 80' lang='lat' dir='ltr'><strong>pro</strong></span> <span class='ocrx_word' id='word_1_334' title='bbox 3685 1808 3768 1849; x_wconf 75' lang='lat' dir='ltr'><strong>ea.</strong></span> 
     </span>
    </p>
   </div>
   <div class='ocr_carea' id='block_1_47' title="bbox 2251 1896 3769 1969">
    <p class='ocr_par' dir='ltr' id='par_1_47' title="bbox 2251 1896 3769 1969">
     <span class='ocr_line' id='line_1_47' title="bbox 2251 1896 3769 1969; baseline 0.009 -22"><span class='ocrx_word' id='word_1_335' title='bbox 2251 1896 2339 1950; x_wconf 77' lang='grc'><strong>71.</strong></span> <span class='ocrx_word' id='word_1_336' title='bbox 2370 1896 2556 1966; x_wconf 83' lang='lat' dir='ltr'><strong>Angeli</strong></span> <span class='ocrx_word' id='word_1_337' title='bbox 2603 1896 2667 1949; x_wconf 85' lang='lat' dir='ltr'><strong>ab</strong></span> <span class='ocrx_word' id='word_1_338' title='bbox 2694 1898 2835 1951; x_wconf 81' lang='grc' dir='ltr'><strong>οηιηὶ</strong></span> <span class='ocrx_word' id='word_1_339' title='bbox 2863 1899 2977 1953; x_wconf 87' lang='lat' dir='ltr'><strong>labe</strong></span> <span class='ocrx_word' id='word_1_340' title='bbox 3022 1903 3226 1969; x_wconf 85' lang='lat' dir='ltr'><strong>mundi,</strong></span> <span class='ocrx_word' id='word_1_341' title='bbox 3270 1919 3369 1957; x_wconf 84' lang='lat' dir='ltr'><strong>non</strong></span> <span class='ocrx_word' id='word_1_342' title='bbox 3420 1902 3668 1960; x_wconf 79' lang='lat' dir='ltr'><strong>homines.</strong></span> <span class='ocrx_word' id='word_1_343' title='bbox 3697 1932 3769 1950; x_wconf 88' lang='lat'><strong>-</strong></span> 
     </span>
    </p>
   </div>
   <div class='ocr_carea' id='block_1_48' title="bbox 2187 1987 3769 2069">
    <p class='ocr_par' dir='ltr' id='par_1_48' title="bbox 2187 1987 3769 2069">
     <span class='ocr_line' id='line_1_48' title="bbox 2187 1987 3769 2069; baseline 0.009 -29"><span class='ocrx_word' id='word_1_344' title='bbox 2187 1987 2325 2054; x_wconf 77' lang='lat' dir='ltr'><strong>Quid</strong></span> <span class='ocrx_word' id='word_1_345' title='bbox 2352 2003 2583 2056; x_wconf 86' lang='lat' dir='ltr'><strong>namque</strong></span> <span class='ocrx_word' id='word_1_346' title='bbox 2612 2004 2706 2057; x_wconf 86' lang='lat' dir='ltr'><strong>per</strong></span> <span class='ocrx_word' id='word_1_347' title='bbox 2734 2004 2925 2045; x_wconf 85' lang='lat' dir='ltr'><strong>aurum</strong></span> <span class='ocrx_word' id='word_1_348' title='bbox 2959 1994 3218 2064; x_wconf 66' lang='lat' dir='ltr'><strong>obryzutn</strong></span> <span class='ocrx_word' id='word_1_349' title='bbox 3246 1998 3346 2051; x_wconf 91' lang='lat' dir='ltr'><strong>nisi</strong></span> <span class='ocrx_word' id='word_1_350' title='bbox 3372 2000 3545 2053; x_wconf 87' lang='lat' dir='ltr'><strong>sancti</strong></span> <span class='ocrx_word' id='word_1_351' title='bbox 3593 2000 3769 2069; x_wconf 81' lang='lat' dir='ltr'><strong>angeli</strong></span> 
     </span>
    </p>
   </div>
   <div class='ocr_carea' id='block_1_49' title="bbox 2178 2078 3768 2163">
    <p class='ocr_par' dir='ltr' id='par_1_49' title="bbox 2178 2078 3768 2163">
     <span class='ocr_line' id='line_1_49' title="bbox 2178 2078 3768 2163; baseline 0.008 -30"><span class='ocrx_word' id='word_1_352' title='bbox 2178 2078 2576 2150; x_wconf 78' lang='lat' dir='ltr'><strong>designantur?</strong></span> <span class='ocrx_word' id='word_1_353' title='bbox 2599 2082 2699 2149; x_wconf 83' lang='lat' dir='ltr'><strong>Qui</strong></span> <span class='ocrx_word' id='word_1_354' title='bbox 2730 2093 2875 2139; x_wconf 89' lang='lat' dir='ltr'><strong>recte</strong></span> <span class='ocrx_word' id='word_1_355' title='bbox 2895 2095 2948 2140; x_wconf 91' lang='lat' dir='ltr'><strong>et</strong></span> <span class='ocrx_word' id='word_1_356' title='bbox 2976 2100 3164 2141; x_wconf 87' lang='lat' dir='ltr'><strong>aurqu</strong></span> <span class='ocrx_word' id='word_1_357' title='bbox 3191 2101 3471 2154; x_wconf 86' lang='lat' dir='ltr'><strong>vocantur,</strong></span> <span class='ocrx_word' id='word_1_358' title='bbox 3500 2101 3557 2147; x_wconf 92' lang='lat' dir='ltr'><strong>et</strong></span> <span class='ocrx_word' id='word_1_359' title='bbox 3600 2093 3768 2163; x_wconf 79' lang='lat' dir='ltr'><strong>obry-</strong></span> 
     </span>
    </p>
   </div>
   <div class='ocr_carea' id='block_1_50' title="bbox 2176 2174 3765 2256">
    <p class='ocr_par' dir='ltr' id='par_1_50' title="bbox 2176 2174 3765 2256">
     <span class='ocr_line' id='line_1_50' title="bbox 2176 2174 3765 2256; baseline 0.009 -31"><span class='ocrx_word' id='word_1_360' title='bbox 2176 2187 2296 2226; x_wconf 78' lang='lat' dir='ltr'><strong>sum</strong></span> <span class='ocrx_word' id='word_1_361' title='bbox 2319 2190 2332 2226; x_wconf 90' lang='lat'><strong>:</strong></span> <span class='ocrx_word' id='word_1_362' title='bbox 2354 2188 2562 2236; x_wconf 71' lang='lat' dir='ltr'><strong>aurum,</strong></span> <span class='ocrx_word' id='word_1_363' title='bbox 2578 2176 2702 2243; x_wconf 84' lang='lat' dir='ltr'><strong>quia</strong></span> <span class='ocrx_word' id='word_1_364' title='bbox 2721 2174 2923 2245; x_wconf 79' lang='lat' dir='ltr'><strong>fulgent</strong></span> <span class='ocrx_word' id='word_1_365' title='bbox 2942 2177 3186 2233; x_wconf 82' lang='lat' dir='ltr'><strong>claritate</strong></span> <span class='ocrx_word' id='word_1_366' title='bbox 3201 2180 3455 2251; x_wconf 65' lang='lat' dir='ltr'><strong>justitim;</strong></span> <span class='ocrx_word' id='word_1_367' title='bbox 3479 2183 3765 2256; x_wconf 79' lang='lat' dir='ltr'><strong>obryzmn,</strong></span> 
     </span>
    </p>
   </div>
   <div class='ocr_carea' id='block_1_51' title="bbox 2177 2270 3758 2351">
    <p class='ocr_par' dir='ltr' id='par_1_51' title="bbox 2177 2270 3758 2351">
     <span class='ocr_line' id='line_1_51' title="bbox 2177 2270 3758 2351; baseline 0.011 -30"><span class='ocrx_word' id='word_1_368' title='bbox 2177 2270 2301 2339; x_wconf 90' lang='lat' dir='ltr'><strong>quia</strong></span> <span class='ocrx_word' id='word_1_369' title='bbox 2345 2270 2548 2324; x_wconf 92' lang='lat' dir='ltr'><strong>nullum</strong></span> <span class='ocrx_word' id='word_1_370' title='bbox 2582 2270 2886 2328; x_wconf 88' lang='lat' dir='ltr'><strong>habuerunt</strong></span> <span class='ocrx_word' id='word_1_371' title='bbox 2928 2289 3159 2344; x_wconf 86' lang='lat' dir='ltr'><strong>unquam</strong></span> <span class='ocrx_word' id='word_1_372' title='bbox 3210 2279 3515 2348; x_wconf 78' lang='lat' dir='ltr'><strong>contagium</strong></span> <span class='ocrx_word' id='word_1_373' title='bbox 3559 2282 3758 2351; x_wconf 64' lang='lat' dir='ltr'><strong>culpas.</strong></span> 
     </span>
    </p>
   </div>
   <div class='ocr_carea' id='block_1_52' title="bbox 2178 2361 3756 2442">
    <p class='ocr_par' dir='ltr' id='par_1_52' title="bbox 2178 2361 3756 2442">
     <span class='ocr_line' id='line_1_52' title="bbox 2178 2361 3756 2442; baseline 0.011 -27"><span class='ocrx_word' id='word_1_374' title='bbox 2178 2361 2435 2418; x_wconf 82' lang='lat' dir='ltr'><strong>Homines</strong></span> <span class='ocrx_word' id='word_1_375' title='bbox 2460 2380 2587 2419; x_wconf 85' lang='lat' dir='ltr'><strong>vero</strong></span> <span class='ocrx_word' id='word_1_376' title='bbox 2605 2365 2732 2433; x_wconf 84' lang='lat' dir='ltr'><strong>justi</strong></span> <span class='ocrx_word' id='word_1_377' title='bbox 2757 2368 2994 2437; x_wconf 86' lang='lat' dir='ltr'><strong>quandiu</strong></span> <span class='ocrx_word' id='word_1_378' title='bbox 3019 2368 3072 2423; x_wconf 91' lang='lat' dir='ltr'><strong>in</strong></span> <span class='ocrx_word' id='word_1_379' title='bbox 3107 2372 3206 2425; x_wconf 90' lang='lat' dir='ltr'><strong>hac</strong></span> <span class='ocrx_word' id='word_1_380' title='bbox 3228 2387 3390 2427; x_wconf 89' lang='lat' dir='ltr'><strong>carne</strong></span> <span class='ocrx_word' id='word_1_381' title='bbox 3419 2376 3756 2442; x_wconf 55' lang='lat' dir='ltr'><strong>corruptibili</strong></span> 
     </span>
    </p>
   </div>
   <div class='ocr_carea' id='block_1_53' title="bbox 2176 2458 3764 2541">
    <p class='ocr_par' dir='ltr' id='par_1_53' title="bbox 2176 2458 3764 2541">
     <span class='ocr_line' id='line_1_53' title="bbox 2176 2458 3764 2541; baseline 0.011 -31"><span class='ocrx_word' id='word_1_382' title='bbox 2176 2458 2474 2513; x_wconf 88' lang='lat' dir='ltr'><strong>mortaliter</strong></span> <span class='ocrx_word' id='word_1_383' title='bbox 2496 2459 2703 2526; x_wconf 78' lang='lat' dir='ltr'><strong>vivunt,</strong></span> <span class='ocrx_word' id='word_1_384' title='bbox 2737 2476 2926 2516; x_wconf 88' lang='lat' dir='ltr'><strong>aurum</strong></span> <span class='ocrx_word' id='word_1_385' title='bbox 2950 2462 3168 2532; x_wconf 85' lang='lat' dir='ltr'><strong>quidem</strong></span> <span class='ocrx_word' id='word_1_386' title='bbox 3191 2480 3313 2522; x_wconf 79' lang='lat' dir='ltr'><strong>esse</strong></span> <span class='ocrx_word' id='word_1_387' title='bbox 3336 2478 3579 2537; x_wconf 84' lang='lat' dir='ltr'><strong>possunt,</strong></span> <span class='ocrx_word' id='word_1_388' title='bbox 3605 2470 3764 2541; x_wconf 82' lang='lat' dir='ltr'><strong>obry-</strong></span> 
     </span>
    </p>
   </div>
   <div class='ocr_carea' id='block_1_54' title="bbox 2175 2552 3765 2627">
    <p class='ocr_par' dir='ltr' id='par_1_54' title="bbox 2175 2552 3765 2627">
     <span class='ocr_line' id='line_1_54' title="bbox 2175 2552 3765 2627; baseline 0.01 -25"><span class='ocrx_word' id='word_1_389' title='bbox 2175 2564 2294 2603; x_wconf 84' lang='lat' dir='ltr'><strong>zutn</strong></span> <span class='ocrx_word' id='word_1_390' title='bbox 2326 2552 2547 2606; x_wconf 89' lang='lat' dir='ltr'><strong>omnino</strong></span> <span class='ocrx_word' id='word_1_391' title='bbox 2577 2569 2683 2608; x_wconf 89' lang='lat' dir='ltr'><strong>non</strong></span> <span class='ocrx_word' id='word_1_392' title='bbox 2721 2566 2969 2623; x_wconf 76' lang='lat' dir='ltr'><strong>possunt,</strong></span> <span class='ocrx_word' id='word_1_393' title='bbox 2990 2556 3109 2624; x_wconf 85' lang='lat' dir='ltr'><strong>quia</strong></span> <span class='ocrx_word' id='word_1_394' title='bbox 3133 2570 3329 2625; x_wconf 85' lang='lat' dir='ltr'><strong>corpus</strong></span> <span class='ocrx_word' id='word_1_395' title='bbox 3352 2560 3491 2627; x_wconf 89' lang='lat' dir='ltr'><strong>quod</strong></span> <span class='ocrx_word' id='word_1_396' title='bbox 3521 2574 3765 2617; x_wconf 82' lang='lat' dir='ltr'><strong>corrum-</strong></span> 
     </span>
    </p>
   </div>
   <div class='ocr_carea' id='block_1_55' title="bbox 2177 2646 3763 2720">
    <p class='ocr_par' dir='ltr' id='par_1_55' title="bbox 2177 2646 3763 2720">
     <span class='ocr_line' id='line_1_55' title="bbox 2177 2646 3763 2720; baseline 0.009 -23"><span class='ocrx_word' id='word_1_397' title='bbox 2177 2646 2322 2712; x_wconf 71' lang='lat' dir='ltr'><strong>p‘tur</strong></span> <span class='ocrx_word' id='word_1_398' title='bbox 2346 2655 2603 2715; x_wconf 85' lang='lat' dir='ltr'><strong>aggravat</strong></span> <span class='ocrx_word' id='word_1_399' title='bbox 2647 2649 2910 2717; x_wconf 87' lang='lat' dir='ltr'><strong>animant,</strong></span> <span class='ocrx_word' id='word_1_400' title='bbox 2934 2659 2997 2703; x_wconf 89' lang='lat' dir='ltr'><strong>et.</strong></span> <span class='ocrx_word' id='word_1_401' title='bbox 3018 2650 3269 2720; x_wconf 83' lang='lat' dir='ltr'><strong>deprimit</strong></span> <span class='ocrx_word' id='word_1_402' title='bbox 3298 2661 3507 2707; x_wconf 90' lang='lat' dir='ltr'><strong>terrena</strong></span> <span class='ocrx_word' id='word_1_403' title='bbox 3549 2654 3763 2710; x_wconf 82' lang='lat' dir='ltr'><strong>inhabi-</strong></span> 
     </span>
    </p>
   </div>
   <div class='ocr_carea' id='block_1_56' title="bbox 2180 2738 3759 2818">
    <p class='ocr_par' dir='ltr' id='par_1_56' title="bbox 2180 2738 3759 2818">
     <span class='ocr_line' id='line_1_56' title="bbox 2180 2738 3759 2818; baseline 0.01 -31"><span class='ocrx_word' id='word_1_404' title='bbox 2180 2738 2309 2791; x_wconf 87' lang='lat' dir='ltr'><strong>tatio</strong></span> <span class='ocrx_word' id='word_1_405' title='bbox 2333 2754 2551 2792; x_wconf 89' lang='lat' dir='ltr'><strong>sensum</strong></span> <span class='ocrx_word' id='word_1_406' title='bbox 2584 2740 2750 2794; x_wconf 89' lang='lat' dir='ltr'><strong>multa</strong></span> <span class='ocrx_word' id='word_1_407' title='bbox 2782 2741 3101 2807; x_wconf 72' lang='lat' dir='ltr'><strong>Cogitantem</strong></span> <span class='ocrx_word' id='word_1_408' title='bbox 3129 2741 3289 2811; x_wconf 90' lang='lat' dir='ltr'><strong>(Sap.</strong></span> <span class='ocrx_word' id='word_1_409' title='bbox 3324 2760 3377 2798; x_wconf 70' lang='grc' dir='ltr'>ιχ</span> <span class='ocrx_word' id='word_1_410' title='bbox 3397 2783 3416 2811; x_wconf 87' lang='grc'><em>,</em></span> <span class='ocrx_word' id='word_1_411' title='bbox 3458 2746 3571 2814; x_wconf 80' lang='grc'><strong>15).</strong></span> <span class='ocrx_word' id='word_1_412' title='bbox 3600 2744 3759 2818; x_wconf 77' lang='lat'><strong>591</strong></span> 
     </span>
    </p>
   </div>
   <div class='ocr_carea' id='block_1_57' title="bbox 2176 2826 3764 2904">
    <p class='ocr_par' dir='ltr' id='par_1_57' title="bbox 2176 2826 3764 2904">
     <span class='ocr_line' id='line_1_57' title="bbox 2176 2826 3764 2904; baseline 0.008 -24"><span class='ocrx_word' id='word_1_413' title='bbox 2176 2826 2311 2881; x_wconf 86' lang='lat' dir='ltr'><strong>Nam</strong></span> <span class='ocrx_word' id='word_1_414' title='bbox 2342 2832 2587 2897; x_wconf 83' lang='lat' dir='ltr'><strong>quamvis</strong></span> <span class='ocrx_word' id='word_1_415' title='bbox 2619 2832 2672 2885; x_wconf 88' lang='lat' dir='ltr'><strong>in</strong></span> <span class='ocrx_word' id='word_1_416' title='bbox 2713 2831 2813 2885; x_wconf 92' lang='lat' dir='ltr'><strong>hac</strong></span> <span class='ocrx_word' id='word_1_417' title='bbox 2836 2832 2940 2886; x_wconf 88' lang='lat' dir='ltr'><strong>vita</strong></span> <span class='ocrx_word' id='word_1_418' title='bbox 2972 2849 3033 2886; x_wconf 88' lang='lat' dir='ltr'><strong>ex</strong></span> <span class='ocrx_word' id='word_1_419' title='bbox 3055 2848 3242 2904; x_wconf 81' lang='lat' dir='ltr'><strong>magna</strong></span> <span class='ocrx_word' id='word_1_420' title='bbox 3271 2834 3494 2904; x_wconf 74' lang='lat' dir='ltr'><strong>justitize</strong></span> <span class='ocrx_word' id='word_1_421' title='bbox 3521 2837 3764 2893; x_wconf 85' lang='lat' dir='ltr'><strong>claritate</strong></span> 
     </span>
    </p>
   </div>
   <div class='ocr_carea' id='block_1_58' title="bbox 2182 2920 3759 2997">
    <p class='ocr_par' dir='ltr' id='par_1_58' title="bbox 2182 2920 3759 2997">
     <span class='ocr_line' id='line_1_58' title="bbox 2182 2920 3759 2997; baseline 0.006 -24"><span class='ocrx_word' id='word_1_422' title='bbox 2182 2920 2587 2990; x_wconf 67' lang='lat' dir='ltr'><strong>resplendeant,</strong></span> <span class='ocrx_word' id='word_1_423' title='bbox 2615 2938 2951 2991; x_wconf 82' lang='lat' dir='ltr'><strong>nequaquam</strong></span> <span class='ocrx_word' id='word_1_424' title='bbox 2987 2935 3163 2981; x_wconf 89' lang='lat' dir='ltr'><strong>tamen</strong></span> <span class='ocrx_word' id='word_1_425' title='bbox 3195 2926 3259 2978; x_wconf 92' lang='lat' dir='ltr'><strong>ad</strong></span> <span class='ocrx_word' id='word_1_426' title='bbox 3293 2943 3481 2995; x_wconf 87' lang='lat' dir='ltr'><strong>purum</strong></span> <span class='ocrx_word' id='word_1_427' title='bbox 3513 2939 3759 2997; x_wconf 52' lang='lat' dir='ltr'><strong>peccata»</strong></span> 
     </span>
    </p>
   </div>
   <div class='ocr_carea' id='block_1_59' title="bbox 2173 3012 3756 3086">
    <p class='ocr_par' dir='ltr' id='par_1_59' title="bbox 2173 3012 3756 3086">
     <span class='ocr_line' id='line_1_59' title="bbox 2173 3012 3756 3086; baseline 0.007 -21"><span class='ocrx_word' id='word_1_428' title='bbox 2173 3026 2291 3065; x_wconf 90' lang='lat' dir='ltr'><strong>rum</strong></span> <span class='ocrx_word' id='word_1_429' title='bbox 2330 3012 2579 3067; x_wconf 85' lang='lat' dir='ltr'><strong>sordibus</strong></span> <span class='ocrx_word' id='word_1_430' title='bbox 2619 3024 2843 3081; x_wconf 86' lang='lat' dir='ltr'><strong>carent;</strong></span> <span class='ocrx_word' id='word_1_431' title='bbox 2891 3014 3097 3071; x_wconf 86' lang='lat' dir='ltr'><strong>Joanne</strong></span> <span class='ocrx_word' id='word_1_432' title='bbox 3146 3019 3409 3086; x_wconf 76' lang='lat' dir='ltr'><strong>Apostolo</strong></span> <span class='ocrx_word' id='word_1_433' title='bbox 3445 3028 3756 3085; x_wconf 84' lang='lat' dir='ltr'><strong>attestante.</strong></span> 
     </span>
    </p>
   </div>
   <div class='ocr_carea' id='block_1_60' title="bbox 2171 3102 3760 3180">
    <p class='ocr_par' dir='ltr' id='par_1_60' title="bbox 2171 3102 3760 3180">
     <span class='ocr_line' id='line_1_60' title="bbox 2171 3102 3760 3180; baseline 0.007 -26"><span class='ocrx_word' id='word_1_434' title='bbox 2171 3105 2260 3171; x_wconf 89' lang='lat' dir='ltr'><strong>qui</strong></span> <span class='ocrx_word' id='word_1_435' title='bbox 2291 3102 2421 3157; x_wconf 85' lang='lat' dir='ltr'><strong>dicit</strong></span> <span class='ocrx_word' id='word_1_436' title='bbox 2448 3122 2461 3158; x_wconf 90' lang='lat'>:</span> <span class='ocrx_word' id='word_1_437' title='bbox 2494 3105 2555 3159; x_wconf 85' lang='lat' dir='ltr'><strong>Si</strong></span> <span class='ocrx_word' id='word_1_438' title='bbox 2581 3105 2865 3160; x_wconf 74' lang='lat' dir='ltr'><strong>dixerimus</strong></span> <span class='ocrx_word' id='word_1_439' title='bbox 2893 3108 3017 3177; x_wconf 86' lang='lat' dir='ltr'><strong>quia</strong></span> <span class='ocrx_word' id='word_1_440' title='bbox 3055 3119 3316 3177; x_wconf 78' lang='lat' dir='ltr'><strong>peccatum</strong></span> <span class='ocrx_word' id='word_1_441' title='bbox 3361 3126 3466 3165; x_wconf 87' lang='lat' dir='ltr'><strong>non</strong></span> <span class='ocrx_word' id='word_1_442' title='bbox 3496 3112 3760 3180; x_wconf 80' lang='lat' dir='ltr'><strong>habemus,</strong></span> 
     </span>
    </p>
   </div>
   <div class='ocr_carea' id='block_1_61' title="bbox 479 3197 3763 3273">
    <p class='ocr_par' dir='ltr' id='par_1_61' title="bbox 479 3197 3763 3273">
     <span class='ocr_line' id='line_1_61' title="bbox 479 3197 3763 3273; baseline 0.004 -26"><span class='ocrx_word' id='word_1_443' title='bbox 479 3214 770 3269; x_wconf 71' lang='grc' dir='ltr'>ιειιιηιεηι,</span> <span class='ocrx_word' id='word_1_444' title='bbox 798 3212 932 3258; x_wconf 67' lang='lat' dir='ltr'><strong>utet</strong></span> <span class='ocrx_word' id='word_1_445' title='bbox 962 3218 1151 3257; x_wconf 66' lang='lat' dir='ltr'><strong>vacare</strong></span> <span class='ocrx_word' id='word_1_446' title='bbox 1201 3203 1313 3258; x_wconf 75' lang='lat' dir='ltr'><strong>Deo</strong></span> <span class='ocrx_word' id='word_1_447' title='bbox 1356 3213 1612 3273; x_wconf 65' lang='lat' dir='ltr'><strong>appetant,</strong></span> <span class='ocrx_word' id='word_1_448' title='bbox 1655 3219 1719 3257; x_wconf 65' lang='lat' dir='ltr'><strong>ex</strong></span> <span class='ocrx_word' id='word_1_449' title='bbox 1776 3204 1946 3273; x_wconf 63' lang='lat' dir='ltr'><strong>gratia</strong></span> <span class='ocrx_word' id='word_1_450' title='bbox 1986 3203 2141 3271; x_wconf 55' lang='grc' dir='ltr'><strong>αμα</strong></span> <span class='ocrx_word' id='word_1_451' title='bbox 2173 3197 2504 3266; x_wconf 83' lang='lat' dir='ltr'><strong>nomtetipsos</strong></span> <span class='ocrx_word' id='word_1_452' title='bbox 2553 3199 2861 3264; x_wconf 84' lang='lat' dir='ltr'><strong>seducimus,</strong></span> <span class='ocrx_word' id='word_1_453' title='bbox 2918 3207 2967 3252; x_wconf 80' lang='lat' dir='ltr'><strong>et</strong></span> <span class='ocrx_word' id='word_1_454' title='bbox 3021 3201 3206 3254; x_wconf 76' lang='lat' dir='ltr'><strong>acritas</strong></span> <span class='ocrx_word' id='word_1_455' title='bbox 3250 3202 3303 3255; x_wconf 87' lang='lat' dir='ltr'><strong>in</strong></span> <span class='ocrx_word' id='word_1_456' title='bbox 3332 3204 3477 3256; x_wconf 87' lang='lat' dir='ltr'><strong>nobis</strong></span> <span class='ocrx_word' id='word_1_457' title='bbox 3529 3220 3631 3257; x_wconf 87' lang='lat' dir='ltr'><strong>non</strong></span> <span class='ocrx_word' id='word_1_458' title='bbox 3687 3210 3763 3259; x_wconf 82' lang='lat' dir='ltr'><strong>est</strong></span> 
     </span>
    </p>
   </div>
   <div class='ocr_carea' id='block_1_62' title="bbox 479 3295 2062 3363">
    <p class='ocr_par' dir='ltr' id='par_1_62' title="bbox 479 3295 2062 3363">
     <span class='ocr_line' id='line_1_62' title="bbox 479 3295 2062 3363; baseline 0 -15"><span class='ocrx_word' id='word_1_459' title='bbox 479 3295 746 3359; x_wconf 76' lang='lat' dir='ltr'><strong>lectionis,</strong></span> <span class='ocrx_word' id='word_1_460' title='bbox 780 3304 832 3349; x_wconf 85' lang='lat' dir='ltr'><strong>et</strong></span> <span class='ocrx_word' id='word_1_461' title='bbox 862 3308 1076 3349; x_wconf 90' lang='lat' dir='ltr'><strong>rursum</strong></span> <span class='ocrx_word' id='word_1_462' title='bbox 1116 3309 1273 3350; x_wconf 87' lang='lat' dir='ltr'><strong>curas</strong></span> <span class='ocrx_word' id='word_1_463' title='bbox 1324 3296 1767 3363; x_wconf 88' lang='lat' dir='ltr'><strong>superimpositas</strong></span> <span class='ocrx_word' id='word_1_464' title='bbox 1820 3311 1883 3348; x_wconf 75' lang='lat' dir='ltr'><strong>ex</strong></span> <span class='ocrx_word' id='word_1_465' title='bbox 1933 3309 2062 3348; x_wconf 86' lang='lat' dir='ltr'><strong>eon-</strong></span> 
     </span>
    </p>
   </div>
   <div class='ocr_carea' id='block_1_63' title="bbox 477 3387 2063 3458">
    <p class='ocr_par' dir='ltr' id='par_1_63' title="bbox 477 3387 2063 3458">
     <span class='ocr_line' id='line_1_63' title="bbox 477 3387 2063 3458; baseline -0.001 -16"><span class='ocrx_word' id='word_1_466' title='bbox 477 3388 684 3443; x_wconf 79' lang='lat' dir='ltr'><strong>tlitione</strong></span> <span class='ocrx_word' id='word_1_467' title='bbox 736 3388 989 3458; x_wconf 83' lang='lat' dir='ltr'><strong>expleant</strong></span> <span class='ocrx_word' id='word_1_468' title='bbox 1044 3388 1340 3445; x_wconf 89' lang='lat' dir='ltr'><strong>servitutis.</strong></span> <span class='ocrx_word' id='word_1_469' title='bbox 1390 3388 1632 3457; x_wconf 88' lang='lat' dir='ltr'><strong>Cumque</strong></span> <span class='ocrx_word' id='word_1_470' title='bbox 1680 3387 2063 3457; x_wconf 87' lang='lat' dir='ltr'><strong>occupationes</strong></span> 
     </span>
    </p>
   </div>
   <div class='ocr_carea' id='block_1_64' title="bbox 477 3479 2066 3551">
    <p class='ocr_par' dir='ltr' id='par_1_64' title="bbox 477 3479 2066 3551">
     <span class='ocr_line' id='line_1_64' title="bbox 477 3479 2066 3551; baseline -0.004 -15"><span class='ocrx_word' id='word_1_471' title='bbox 477 3481 813 3537; x_wconf 74' lang='lat' dir='ltr'><strong>extrinsecus</strong></span> <span class='ocrx_word' id='word_1_472' title='bbox 844 3488 1211 3551; x_wconf 87' lang='lat' dir='ltr'><strong>perstrepunt,</strong></span> <span class='ocrx_word' id='word_1_473' title='bbox 1245 3479 1568 3535; x_wconf 89' lang='lat' dir='ltr'><strong>intrinsecus</strong></span> <span class='ocrx_word' id='word_1_474' title='bbox 1597 3482 1651 3535; x_wconf 91' lang='lat' dir='ltr'><strong>in</strong></span> <span class='ocrx_word' id='word_1_475' title='bbox 1694 3495 1877 3534; x_wconf 89' lang='lat' dir='ltr'><strong>amore</strong></span> <span class='ocrx_word' id='word_1_476' title='bbox 1907 3493 2066 3548; x_wconf 89' lang='lat' dir='ltr'><strong>paca-</strong></span> 
     </span>
    </p>
   </div>
   <div class='ocr_carea' id='block_1_65' title="bbox 476 3571 2066 3643">
    <p class='ocr_par' dir='ltr' id='par_1_65' title="bbox 476 3571 2066 3643">
     <span class='ocr_line' id='line_1_65' title="bbox 476 3571 2066 3643; baseline -0.001 -16"><span class='ocrx_word' id='word_1_477' title='bbox 476 3573 683 3629; x_wconf 88' lang='lat' dir='ltr'><strong>tissima</strong></span> <span class='ocrx_word' id='word_1_478' title='bbox 707 3577 860 3643; x_wconf 88' lang='lat' dir='ltr'><strong>quies</strong></span> <span class='ocrx_word' id='word_1_479' title='bbox 888 3581 1131 3638; x_wconf 90' lang='lat' dir='ltr'><strong>tenetur;</strong></span> <span class='ocrx_word' id='word_1_480' title='bbox 1163 3583 1187 3613; x_wconf 83' lang='lat'><strong><em>°</em></strong></span> <span class='ocrx_word' id='word_1_481' title='bbox 1220 3582 1382 3643; x_wconf 90' lang='lat' dir='ltr'><strong>atque</strong></span> <span class='ocrx_word' id='word_1_482' title='bbox 1411 3574 1817 3643; x_wconf 88' lang='lat' dir='ltr'><strong>occupationum</strong></span> <span class='ocrx_word' id='word_1_483' title='bbox 1871 3571 2066 3627; x_wconf 86' lang='lat' dir='ltr'><strong>tumul-</strong></span> 
     </span>
    </p>
   </div>
   <div class='ocr_carea' id='block_1_66' title="bbox 477 3665 2067 3736">
    <p class='ocr_par' dir='ltr' id='par_1_66' title="bbox 477 3665 2067 3736">
     <span class='ocr_line' id='line_1_66' title="bbox 477 3665 2067 3736; baseline 0.002 -17"><span class='ocrx_word' id='word_1_484' title='bbox 477 3679 561 3720; x_wconf 85' lang='lat' dir='ltr'><strong>tus</strong></span> <span class='ocrx_word' id='word_1_485' title='bbox 606 3668 840 3722; x_wconf 83' lang='lat' dir='ltr'><strong>exterius</strong></span> <span class='ocrx_word' id='word_1_486' title='bbox 884 3674 1286 3736; x_wconf 87' lang='lat' dir='ltr'><strong>perstrepentes</strong></span> <span class='ocrx_word' id='word_1_487' title='bbox 1333 3665 1608 3735; x_wconf 83' lang='lat' dir='ltr'><strong>dispensat</strong></span> <span class='ocrx_word' id='word_1_488' title='bbox 1652 3666 1880 3722; x_wconf 89' lang='lat' dir='ltr'><strong>interius</strong></span> <span class='ocrx_word' id='word_1_489' title='bbox 1929 3682 2067 3735; x_wconf 77' lang='lat' dir='ltr'><strong>prte-</strong></span> 
     </span>
    </p>
   </div>
   <div class='ocr_carea' id='block_1_67' title="bbox 478 3759 2064 3827">
    <p class='ocr_par' dir='ltr' id='par_1_67' title="bbox 478 3759 2064 3827">
     <span class='ocr_line' id='line_1_67' title="bbox 478 3759 2064 3827; baseline 0.001 -14"><span class='ocrx_word' id='word_1_490' title='bbox 478 3759 663 3813; x_wconf 84' lang='lat' dir='ltr'><strong>sidens</strong></span> <span class='ocrx_word' id='word_1_491' title='bbox 713 3760 878 3827; x_wconf 86' lang='lat' dir='ltr'><strong>judex</strong></span> <span class='ocrx_word' id='word_1_492' title='bbox 926 3760 1095 3824; x_wconf 85' lang='lat' dir='ltr'><strong>ratio,</strong></span> <span class='ocrx_word' id='word_1_493' title='bbox 1147 3767 1202 3813; x_wconf 92' lang='lat' dir='ltr'><strong>et</strong></span> <span class='ocrx_word' id='word_1_494' title='bbox 1251 3760 1541 3827; x_wconf 88' lang='lat' dir='ltr'><strong>tranquillo</strong></span> <span class='ocrx_word' id='word_1_495' title='bbox 1582 3759 1949 3814; x_wconf 88' lang='lat' dir='ltr'><strong>moderamine</strong></span> <span class='ocrx_word' id='word_1_496' title='bbox 2001 3775 2064 3815; x_wconf 89' lang='lat' dir='ltr'><strong>ea</strong></span> 
     </span>
    </p>
   </div>
   <div class='ocr_carea' id='block_1_68' title="bbox 474 3851 2061 3921">
    <p class='ocr_par' dir='ltr' id='par_1_68' title="bbox 474 3851 2061 3921">
     <span class='ocr_line' id='line_1_68' title="bbox 474 3851 2061 3921; baseline -0.001 -15"><span class='ocrx_word' id='word_1_497' title='bbox 474 3867 594 3921; x_wconf 74' lang='lat' dir='ltr'><strong>qua:</strong></span> <span class='ocrx_word' id='word_1_498' title='bbox 630 3852 773 3905; x_wconf 82' lang='lat' dir='ltr'><strong>cirra</strong></span> <span class='ocrx_word' id='word_1_499' title='bbox 803 3866 862 3904; x_wconf 89' lang='lat' dir='ltr'><strong>se</strong></span> <span class='ocrx_word' id='word_1_500' title='bbox 891 3851 1067 3904; x_wconf 90' lang='lat' dir='ltr'><strong>minus</strong></span> <span class='ocrx_word' id='word_1_501' title='bbox 1117 3861 1241 3905; x_wconf 89' lang='lat' dir='ltr'><strong>sunt</strong></span> <span class='ocrx_word' id='word_1_502' title='bbox 1283 3852 1571 3921; x_wconf 86' lang='lat' dir='ltr'><strong>tranquilla</strong></span> <span class='ocrx_word' id='word_1_503' title='bbox 1620 3852 1876 3917; x_wconf 81' lang='lat' dir='ltr'><strong>dispanit.</strong></span> <span class='ocrx_word' id='word_1_504' title='bbox 1913 3852 2061 3907; x_wconf 89' lang='lat' dir='ltr'><strong>Sicut</strong></span> 
     </span>
    </p>
   </div>
   <div class='ocr_carea' id='block_1_69' title="bbox 475 3939 2063 4010">
    <p class='ocr_par' dir='ltr' id='par_1_69' title="bbox 475 3939 2063 4010">
     <span class='ocr_line' id='line_1_69' title="bbox 475 3939 2063 4010; baseline -0.004 -13"><span class='ocrx_word' id='word_1_505' title='bbox 475 3943 620 3998; x_wconf 91' lang='lat' dir='ltr'><strong>enim</strong></span> <span class='ocrx_word' id='word_1_506' title='bbox 648 3941 798 4010; x_wconf 81' lang='lat' dir='ltr'><strong>vigor</strong></span> <span class='ocrx_word' id='word_1_507' title='bbox 837 3942 1029 3995; x_wconf 83' lang='lat' dir='ltr'><strong>utentis</strong></span> <span class='ocrx_word' id='word_1_508' title='bbox 1074 3939 1348 3994; x_wconf 82' lang='lat' dir='ltr'><strong>lrenandis</strong></span> <span class='ocrx_word' id='word_1_509' title='bbox 1382 3950 1577 4007; x_wconf 70' lang='lat' dir='ltr'><strong>praeest</strong></span> <span class='ocrx_word' id='word_1_510' title='bbox 1608 3941 1841 3993; x_wconf 84' lang='lat' dir='ltr'><strong>motibus</strong></span> <span class='ocrx_word' id='word_1_511' title='bbox 1862 3942 2063 4006; x_wconf 80' lang='lat' dir='ltr'><strong>carnis,</strong></span> 
     </span>
    </p>
   </div>
   <div class='ocr_carea' id='block_1_70' title="bbox 473 4030 2064 4101">
    <p class='ocr_par' dir='ltr' id='par_1_70' title="bbox 473 4030 2064 4101">
     <span class='ocr_line' id='line_1_70' title="bbox 473 4030 2064 4101; baseline -0.001 -14"><span class='ocrx_word' id='word_1_512' title='bbox 473 4036 554 4087; x_wconf 87' lang='lat' dir='ltr'><strong>sic</strong></span> <span class='ocrx_word' id='word_1_513' title='bbox 584 4046 727 4100; x_wconf 70' lang='lat' dir='ltr'><strong>saepe</strong></span> <span class='ocrx_word' id='word_1_514' title='bbox 748 4030 1192 4101; x_wconf 88' lang='lat' dir='ltr'><strong>superimpositos</strong></span> <span class='ocrx_word' id='word_1_515' title='bbox 1224 4030 1483 4084; x_wconf 86' lang='lat' dir='ltr'><strong>tumultus</strong></span> <span class='ocrx_word' id='word_1_516' title='bbox 1508 4033 1884 4100; x_wconf 88' lang='lat' dir='ltr'><strong>occupationis</strong></span> <span class='ocrx_word' id='word_1_517' title='bbox 1925 4032 2064 4085; x_wconf 90' lang='lat' dir='ltr'><strong>bene</strong></span> 
     </span>
    </p>
   </div>
   <div class='ocr_carea' id='block_1_71' title="bbox 475 4123 2065 4198">
    <p class='ocr_par' dir='ltr' id='par_1_71' title="bbox 475 4123 2065 4198">
     <span class='ocr_line' id='line_1_71' title="bbox 475 4123 2065 4198; baseline -0.003 -15"><span class='ocrx_word' id='word_1_518' title='bbox 475 4128 615 4198; x_wconf 86' lang='lat' dir='ltr'><strong>regit</strong></span> <span class='ocrx_word' id='word_1_519' title='bbox 640 4139 791 4179; x_wconf 89' lang='lat' dir='ltr'><strong>amor</strong></span> <span class='ocrx_word' id='word_1_520' title='bbox 820 4124 1035 4193; x_wconf 75' lang='lat' dir='ltr'><strong>quietis,</strong></span> <span class='ocrx_word' id='word_1_521' title='bbox 1067 4124 1190 4193; x_wconf 87' lang='lat' dir='ltr'><strong>quia</strong></span> <span class='ocrx_word' id='word_1_522' title='bbox 1230 4123 1528 4178; x_wconf 85' lang='lat' dir='ltr'><strong>exteriores</strong></span> <span class='ocrx_word' id='word_1_523' title='bbox 1563 4139 1705 4178; x_wconf 75' lang='lat' dir='ltr'><strong>cura:</strong></span> <span class='ocrx_word' id='word_1_524' title='bbox 1729 4124 1774 4177; x_wconf 90' lang='lat' dir='ltr'><strong>si</strong></span> <span class='ocrx_word' id='word_1_525' title='bbox 1808 4138 2065 4193; x_wconf 85' lang='lat' dir='ltr'><strong>perverso</strong></span> 
     </span>
    </p>
   </div>
   <div class='ocr_carea' id='block_1_72' title="bbox 474 4217 2064 4287">
    <p class='ocr_par' dir='ltr' id='par_1_72' title="bbox 474 4217 2064 4287">
     <span class='ocr_line' id='line_1_72' title="bbox 474 4217 2064 4287; baseline -0.003 -12"><span class='ocrx_word' id='word_1_526' title='bbox 474 4236 657 4275; x_wconf 82' lang='lat' dir='ltr'><strong>amore</strong></span> <span class='ocrx_word' id='word_1_527' title='bbox 690 4235 794 4274; x_wconf 92' lang='lat' dir='ltr'><strong>non</strong></span> <span class='ocrx_word' id='word_1_528' title='bbox 846 4228 1189 4287; x_wconf 88' lang='lat' dir='ltr'><strong>appetuntur,</strong></span> <span class='ocrx_word' id='word_1_529' title='bbox 1223 4234 1329 4271; x_wconf 87' lang='lat' dir='ltr'><strong>non</strong></span> <span class='ocrx_word' id='word_1_530' title='bbox 1382 4218 1630 4283; x_wconf 80' lang='lat' dir='ltr'><strong>confuso,</strong></span> <span class='ocrx_word' id='word_1_531' title='bbox 1667 4217 1764 4271; x_wconf 84' lang='lat' dir='ltr'><strong>sed</strong></span> <span class='ocrx_word' id='word_1_532' title='bbox 1814 4217 2064 4271; x_wconf 89' lang='lat' dir='ltr'><strong>ordinato</strong></span> 
     </span>
    </p>
   </div>
   <div class='ocr_carea' id='block_1_73' title="bbox 476 4310 2065 4379">
    <p class='ocr_par' dir='ltr' id='par_1_73' title="bbox 476 4310 2065 4379">
     <span class='ocr_line' id='line_1_73' title="bbox 476 4310 2065 4379; baseline -0.004 -11"><span class='ocrx_word' id='word_1_533' title='bbox 476 4314 657 4368; x_wconf 86' lang='lat' dir='ltr'><strong>animo</strong></span> <span class='ocrx_word' id='word_1_534' title='bbox 695 4311 993 4367; x_wconf 88' lang='lat' dir='ltr'><strong>ministrari</strong></span> <span class='ocrx_word' id='word_1_535' title='bbox 1022 4319 1249 4379; x_wconf 88' lang='lat' dir='ltr'><strong>queunt.</strong></span> <span class='ocrx_word' id='word_1_536' title='bbox 1282 4310 1463 4364; x_wconf 89' lang='lat' dir='ltr'><strong>Sancti</strong></span> <span class='ocrx_word' id='word_1_537' title='bbox 1496 4310 1693 4362; x_wconf 89' lang='lat' dir='ltr'><strong>etenim</strong></span> <span class='ocrx_word' id='word_1_538' title='bbox 1734 4310 1833 4363; x_wconf 89' lang='lat' dir='ltr'><strong>viri</strong></span> <span class='ocrx_word' id='word_1_539' title='bbox 1864 4325 2065 4377; x_wconf 84' lang='lat' dir='ltr'><strong>nequa-</strong></span> 
     </span>
    </p>
   </div>
   <div class='ocr_carea' id='block_1_74' title="bbox 476 4401 2059 4476">
    <p class='ocr_par' dir='ltr' id='par_1_74' title="bbox 476 4401 2059 4476">
     <span class='ocr_line' id='line_1_74' title="bbox 476 4401 2059 4476; baseline 0.001 -20"><span class='ocrx_word' id='word_1_540' title='bbox 476 4421 633 4476; x_wconf 88' lang='lat' dir='ltr'><strong>quam</strong></span> <span class='ocrx_word' id='word_1_541' title='bbox 654 4420 746 4459; x_wconf 87' lang='lat' dir='ltr'><strong>eas</strong></span> <span class='ocrx_word' id='word_1_542' title='bbox 768 4412 1050 4473; x_wconf 89' lang='lat' dir='ltr'><strong>appetunt,</strong></span> <span class='ocrx_word' id='word_1_543' title='bbox 1075 4404 1170 4457; x_wconf 87' lang='lat' dir='ltr'><strong>sed</strong></span> <span class='ocrx_word' id='word_1_544' title='bbox 1200 4403 1411 4457; x_wconf 88' lang='lat' dir='ltr'><strong>occulto</strong></span> <span class='ocrx_word' id='word_1_545' title='bbox 1438 4401 1630 4456; x_wconf 90' lang='lat' dir='ltr'><strong>ordine</strong></span> <span class='ocrx_word' id='word_1_546' title='bbox 1656 4401 1757 4456; x_wconf 91' lang='lat' dir='ltr'><strong>sibi</strong></span> <span class='ocrx_word' id='word_1_547' title='bbox 1789 4405 2059 4469; x_wconf 81' lang='lat' dir='ltr'><strong>superim-</strong></span> 
     </span>
    </p>
   </div>
   <div class='ocr_carea' id='block_1_75' title="bbox 477 4494 2059 4567">
    <p class='ocr_par' dir='ltr' id='par_1_75' title="bbox 477 4494 2059 4567">
     <span class='ocr_line' id='line_1_75' title="bbox 477 4494 2059 4567; baseline -0.002 -17"><span class='ocrx_word' id='word_1_548' title='bbox 477 4499 678 4567; x_wconf 88' lang='lat' dir='ltr'><strong>positas</strong></span> <span class='ocrx_word' id='word_1_549' title='bbox 704 4504 1035 4566; x_wconf 86' lang='lat' dir='ltr'><strong>getnunt;et</strong></span> <span class='ocrx_word' id='word_1_550' title='bbox 1060 4496 1303 4565; x_wconf 90' lang='lat' dir='ltr'><strong>quamvis</strong></span> <span class='ocrx_word' id='word_1_551' title='bbox 1353 4494 1471 4548; x_wconf 86' lang='lat' dir='ltr'><strong>illas</strong></span> <span class='ocrx_word' id='word_1_552' title='bbox 1517 4510 1610 4563; x_wconf 90' lang='lat' dir='ltr'><strong>per</strong></span> <span class='ocrx_word' id='word_1_553' title='bbox 1661 4494 1941 4549; x_wconf 86' lang='lat' dir='ltr'><strong>meliorem</strong></span> <span class='ocrx_word' id='word_1_554' title='bbox 1974 4496 2059 4549; x_wconf 82' lang='lat' dir='ltr'><strong>in-</strong></span> 
     </span>
    </p>
   </div>
   <div class='ocr_carea' id='block_1_76' title="bbox 2167 3286 3757 3365">
    <p class='ocr_par' dir='ltr' id='par_1_76' title="bbox 2167 3286 3757 3365">
     <span class='ocr_line' id='line_1_76' title="bbox 2167 3286 3757 3365; baseline 0.007 -25"><span class='ocrx_word' id='word_1_555' title='bbox 2167 3286 2243 3359; x_wconf 88' lang='lat' dir='ltr'><strong>(I</strong></span> <span class='ocrx_word' id='word_1_556' title='bbox 2268 3287 2426 3343; x_wconf 83' lang='lat' dir='ltr'><strong>Joan.</strong></span> <span class='ocrx_word' id='word_1_557' title='bbox 2459 3306 2497 3356; x_wconf 90' lang='lat' dir='ltr'><strong>t,</strong></span> <span class='ocrx_word' id='word_1_558' title='bbox 2522 3290 2623 3360; x_wconf 81' lang='lat'><strong>8);</strong></span> <span class='ocrx_word' id='word_1_559' title='bbox 2658 3299 2712 3345; x_wconf 91' lang='lat' dir='ltr'><strong>et</strong></span> <span class='ocrx_word' id='word_1_560' title='bbox 2732 3290 3037 3348; x_wconf 82' lang='lat' dir='ltr'><strong>allii-mante</strong></span> <span class='ocrx_word' id='word_1_561' title='bbox 3061 3293 3283 3360; x_wconf 89' lang='lat' dir='ltr'><strong>Jacobo,</strong></span> <span class='ocrx_word' id='word_1_562' title='bbox 3314 3296 3402 3363; x_wconf 90' lang='lat' dir='ltr'><strong>qui</strong></span> <span class='ocrx_word' id='word_1_563' title='bbox 3428 3298 3641 3365; x_wconf 87' lang='lat' dir='ltr'><strong>astruit,</strong></span> <span class='ocrx_word' id='word_1_564' title='bbox 3670 3296 3757 3351; x_wconf 86' lang='lat' dir='ltr'><strong>di-</strong></span> 
     </span>
    </p>
   </div>
   <div class='ocr_carea' id='block_1_77' title="bbox 2167 3379 3763 3460">
    <p class='ocr_par' dir='ltr' id='par_1_77' title="bbox 2167 3379 3763 3460">
     <span class='ocr_line' id='line_1_77' title="bbox 2167 3379 3763 3460; baseline 0.007 -26"><span class='ocrx_word' id='word_1_565' title='bbox 2167 3395 2296 3435; x_wconf 87' lang='lat' dir='ltr'><strong>cens</strong></span> <span class='ocrx_word' id='word_1_566' title='bbox 2331 3399 2344 3434; x_wconf 86' lang='lat'><strong>:</strong></span> <span class='ocrx_word' id='word_1_567' title='bbox 2373 3379 2439 3435; x_wconf 89' lang='lat' dir='ltr'><strong>In</strong></span> <span class='ocrx_word' id='word_1_568' title='bbox 2473 3383 2647 3437; x_wconf 85' lang='lat' dir='ltr'><strong>multis</strong></span> <span class='ocrx_word' id='word_1_569' title='bbox 2676 3387 2813 3439; x_wconf 86' lang='lat' dir='ltr'><strong>enim</strong></span> <span class='ocrx_word' id='word_1_570' title='bbox 2838 3386 3148 3453; x_wconf 72' lang='lat' dir='ltr'><strong>offendimus</strong></span> <span class='ocrx_word' id='word_1_571' title='bbox 3184 3404 3359 3442; x_wconf 86' lang='lat' dir='ltr'><strong>omnes</strong></span> <span class='ocrx_word' id='word_1_572' title='bbox 3384 3387 3527 3458; x_wconf 85' lang='lat' dir='ltr'><strong>(Jac.</strong></span> <span class='ocrx_word' id='word_1_573' title='bbox 3552 3404 3633 3455; x_wconf 89' lang='lat' dir='ltr'><strong>ttt,</strong></span> <span class='ocrx_word' id='word_1_574' title='bbox 3664 3390 3763 3460; x_wconf 73' lang='lat'><strong>2).</strong></span> 
     </span>
    </p>
   </div>
   <div class='ocr_carea' id='block_1_78' title="bbox 2170 3474 3757 3552">
    <p class='ocr_par' dir='ltr' id='par_1_78' title="bbox 2170 3474 3757 3552">
     <span class='ocr_line' id='line_1_78' title="bbox 2170 3474 3757 3552; baseline 0.005 -24"><span class='ocrx_word' id='word_1_575' title='bbox 2170 3474 2437 3543; x_wconf 82' lang='lat' dir='ltr'><strong>Propheta</strong></span> <span class='ocrx_word' id='word_1_576' title='bbox 2457 3476 2618 3531; x_wconf 91' lang='lat' dir='ltr'><strong>etiam</strong></span> <span class='ocrx_word' id='word_1_577' title='bbox 2640 3478 2985 3543; x_wconf 88' lang='lat' dir='ltr'><strong>deprecante,</strong></span> <span class='ocrx_word' id='word_1_578' title='bbox 3017 3480 3106 3548; x_wconf 87' lang='lat' dir='ltr'><strong>qui</strong></span> <span class='ocrx_word' id='word_1_579' title='bbox 3140 3479 3251 3534; x_wconf 86' lang='lat' dir='ltr'><strong>ait:</strong></span> <span class='ocrx_word' id='word_1_580' title='bbox 3290 3479 3373 3533; x_wconf 85' lang='lat' dir='ltr'><strong>Ne</strong></span> <span class='ocrx_word' id='word_1_581' title='bbox 3402 3481 3555 3535; x_wconf 80' lang='lat' dir='ltr'><strong>intres</strong></span> <span class='ocrx_word' id='word_1_582' title='bbox 3595 3482 3646 3535; x_wconf 87' lang='lat' dir='ltr'><strong>in</strong></span> <span class='ocrx_word' id='word_1_583' title='bbox 3664 3483 3757 3552; x_wconf 83' lang='lat' dir='ltr'><strong>ju-</strong></span> 
     </span>
    </p>
   </div>
   <div class='ocr_carea' id='block_1_79' title="bbox 2169 3570 3761 3646">
    <p class='ocr_par' dir='ltr' id='par_1_79' title="bbox 2169 3570 3761 3646">
     <span class='ocr_line' id='line_1_79' title="bbox 2169 3570 3761 3646; baseline 0.005 -24"><span class='ocrx_word' id='word_1_584' title='bbox 2169 3570 2359 3623; x_wconf 75' lang='lat' dir='ltr'><strong>dicium</strong></span> <span class='ocrx_word' id='word_1_585' title='bbox 2388 3586 2502 3624; x_wconf 85' lang='lat' dir='ltr'><strong>cum</strong></span> <span class='ocrx_word' id='word_1_586' title='bbox 2542 3587 2683 3627; x_wconf 85' lang='lat' dir='ltr'><strong>servo</strong></span> <span class='ocrx_word' id='word_1_587' title='bbox 2714 3583 2823 3638; x_wconf 88' lang='lat' dir='ltr'><strong>tuo,</strong></span> <span class='ocrx_word' id='word_1_588' title='bbox 2862 3575 2986 3644; x_wconf 84' lang='lat' dir='ltr'><strong>quia</strong></span> <span class='ocrx_word' id='word_1_589' title='bbox 3014 3590 3113 3627; x_wconf 84' lang='lat' dir='ltr'><strong>non</strong></span> <span class='ocrx_word' id='word_1_590' title='bbox 3147 3574 3517 3646; x_wconf 66' lang='lat' dir='ltr'><strong>justiﬁcabitur</strong></span> <span class='ocrx_word' id='word_1_591' title='bbox 3555 3577 3607 3629; x_wconf 87' lang='lat' dir='ltr'><strong>in</strong></span> <span class='ocrx_word' id='word_1_592' title='bbox 3637 3593 3761 3631; x_wconf 83' lang='lat' dir='ltr'><strong>con-</strong></span> 
     </span>
    </p>
   </div>
   <div class='ocr_carea' id='block_1_80' title="bbox 2168 3664 3759 3737">
    <p class='ocr_par' dir='ltr' id='par_1_80' title="bbox 2168 3664 3759 3737">
     <span class='ocr_line' id='line_1_80' title="bbox 2168 3664 3759 3737; baseline 0.002 -19"><span class='ocrx_word' id='word_1_593' title='bbox 2168 3674 2345 3733; x_wconf 77' lang='lat' dir='ltr'><strong>spectu</strong></span> <span class='ocrx_word' id='word_1_594' title='bbox 2371 3673 2459 3717; x_wconf 86' lang='lat' dir='ltr'><strong>tuo</strong></span> <span class='ocrx_word' id='word_1_595' title='bbox 2488 3664 2653 3717; x_wconf 87' lang='lat' dir='ltr'><strong>omnis</strong></span> <span class='ocrx_word' id='word_1_596' title='bbox 2697 3666 2863 3719; x_wconf 80' lang='lat' dir='ltr'><strong>vivens</strong></span> <span class='ocrx_word' id='word_1_597' title='bbox 2896 3664 3067 3736; x_wconf 85' lang='lat' dir='ltr'><strong>(Psal.</strong></span> <span class='ocrx_word' id='word_1_598' title='bbox 3102 3679 3265 3729; x_wconf 73' lang='lat' dir='ltr'><strong>CXLII,</strong></span> <span class='ocrx_word' id='word_1_599' title='bbox 3295 3666 3375 3737; x_wconf 70' lang='lat'><strong>2).</strong></span> <span class='ocrx_word' id='word_1_600' title='bbox 3409 3665 3611 3721; x_wconf 83' lang='lat' dir='ltr'><strong>Aurum</strong></span> <span class='ocrx_word' id='word_1_601' title='bbox 3659 3683 3759 3736; x_wconf 78' lang='lat' dir='ltr'><strong>ego</strong></span> 
     </span>
    </p>
   </div>
   <div class='ocr_carea' id='block_1_81' title="bbox 2168 3756 3758 3837">
    <p class='ocr_par' dir='ltr' id='par_1_81' title="bbox 2168 3756 3758 3837">
     <span class='ocr_line' id='line_1_81' title="bbox 2168 3756 3758 3837; baseline 0.003 -27"><span class='ocrx_word' id='word_1_602' title='bbox 2168 3756 2426 3827; x_wconf 80' lang='lat' dir='ltr'><strong>obryzum</strong></span> <span class='ocrx_word' id='word_1_603' title='bbox 2474 3756 2553 3810; x_wconf 90' lang='lat' dir='ltr'><strong>illi</strong></span> <span class='ocrx_word' id='word_1_604' title='bbox 2604 3766 3002 3824; x_wconf 88' lang='lat' dir='ltr'><strong>nuncupantur,</strong></span> <span class='ocrx_word' id='word_1_605' title='bbox 3043 3756 3131 3825; x_wconf 91' lang='lat' dir='ltr'><strong>qui</strong></span> <span class='ocrx_word' id='word_1_606' title='bbox 3193 3757 3243 3811; x_wconf 92' lang='lat' dir='ltr'><strong>in</strong></span> <span class='ocrx_word' id='word_1_607' title='bbox 3295 3773 3357 3837; x_wconf 79' lang='lat' dir='ltr'><strong>ea</strong></span> <span class='ocrx_word' id='word_1_608' title='bbox 3406 3773 3509 3826; x_wconf 89' lang='lat' dir='ltr'><strong>qua</strong></span> <span class='ocrx_word' id='word_1_609' title='bbox 3554 3759 3758 3815; x_wconf 78' lang='lat' dir='ltr'><strong>conditi</strong></span> 
     </span>
    </p>
   </div>
   <div class='ocr_carea' id='block_1_82' title="bbox 2169 3847 3757 3921">
    <p class='ocr_par' dir='ltr' id='par_1_82' title="bbox 2169 3847 3757 3921">
     <span class='ocr_line' id='line_1_82' title="bbox 2169 3847 3757 3921; baseline 0.004 -20"><span class='ocrx_word' id='word_1_610' title='bbox 2169 3860 2294 3901; x_wconf 92' lang='lat' dir='ltr'><strong>sunt</strong></span> <span class='ocrx_word' id='word_1_611' title='bbox 2340 3847 2646 3903; x_wconf 89' lang='lat' dir='ltr'><strong>innocentia</strong></span> <span class='ocrx_word' id='word_1_612' title='bbox 2704 3850 3055 3917; x_wconf 62' lang='lat' dir='ltr'><strong>perdurantes</strong></span> <span class='ocrx_word' id='word_1_613' title='bbox 3084 3889 3098 3913; x_wconf 93' lang='lat'><strong>,</strong></span> <span class='ocrx_word' id='word_1_614' title='bbox 3152 3857 3210 3904; x_wconf 92' lang='lat' dir='ltr'><strong>et</strong></span> <span class='ocrx_word' id='word_1_615' title='bbox 3259 3849 3462 3921; x_wconf 81' lang='lat' dir='ltr'><strong>fulgent</strong></span> <span class='ocrx_word' id='word_1_616' title='bbox 3512 3851 3757 3907; x_wconf 83' lang='lat' dir='ltr'><strong>clari&#39;ate</strong></span> 
     </span>
    </p>
   </div>
   <div class='ocr_carea' id='block_1_83' title="bbox 2167 3937 3755 4008">
    <p class='ocr_par' dir='ltr' id='par_1_83' title="bbox 2167 3937 3755 4008">
     <span class='ocr_line' id='line_1_83' title="bbox 2167 3937 3755 4008; baseline 0.006 -17"><span class='ocrx_word' id='word_1_617' title='bbox 2167 3937 2414 4008; x_wconf 69' lang='lat' dir='ltr'><strong>justitire,</strong></span> <span class='ocrx_word' id='word_1_618' title='bbox 2447 3949 2503 3995; x_wconf 88' lang='lat' dir='ltr'><strong>et</strong></span> <span class='ocrx_word' id='word_1_619' title='bbox 2529 3939 2691 3994; x_wconf 92' lang='lat' dir='ltr'><strong>nullis</strong></span> <span class='ocrx_word' id='word_1_620' title='bbox 2737 3940 2819 3995; x_wconf 88' lang='lat' dir='ltr'><strong>vel</strong></span> <span class='ocrx_word' id='word_1_621' title='bbox 2860 3939 3099 3995; x_wconf 89' lang='lat' dir='ltr'><strong>minimis</strong></span> <span class='ocrx_word' id='word_1_622' title='bbox 3142 3945 3477 3999; x_wconf 90' lang='lat' dir='ltr'><strong>maculantur</strong></span> <span class='ocrx_word' id='word_1_623' title='bbox 3505 3945 3755 4001; x_wconf 82' lang='lat' dir='ltr'><strong>sordibus</strong></span> 
     </span>
    </p>
   </div>
   <div class='ocr_carea' id='block_1_84' title="bbox 2168 4030 2360 4098">
    <p class='ocr_par' dir='ltr' id='par_1_84' title="bbox 2168 4030 2360 4098">
     <span class='ocr_line' id='line_1_84' title="bbox 2168 4030 2360 4098; baseline 0.005 -14"><span class='ocrx_word' id='word_1_624' title='bbox 2168 4030 2360 4098; x_wconf 55' lang='lat' dir='ltr'><strong>culpas.</strong></span> 
     </span>
    </p>
   </div>
   <div class='ocr_carea' id='block_1_85' title="bbox 2242 4120 3756 4197">
    <p class='ocr_par' dir='ltr' id='par_1_85' title="bbox 2242 4120 3756 4197">
     <span class='ocr_line' id='line_1_85' title="bbox 2242 4120 3756 4197; baseline 0.005 -22"><span class='ocrx_word' id='word_1_625' title='bbox 2242 4120 2385 4194; x_wconf 62' lang='lat' dir='ltr'><strong>[Yet</strong></span> <span class='ocrx_word' id='word_1_626' title='bbox 2411 4120 2570 4176; x_wconf 80' lang='lat' dir='ltr'><strong>XXX</strong></span> <span class='ocrx_word' id='word_1_627' title='bbox 2578 4120 2619 4193; x_wconf 93' lang='grc'><strong>.]</strong></span> <span class='ocrx_word' id='word_1_628' title='bbox 2650 4122 2740 4178; x_wconf 75' lang='grc'><strong>72.</strong></span> <span class='ocrx_word' id='word_1_629' title='bbox 2779 4124 2973 4179; x_wconf 84' lang='lat' dir='ltr'><strong>Nullus</strong></span> <span class='ocrx_word' id='word_1_630' title='bbox 3003 4136 3169 4181; x_wconf 85' lang='lat' dir='ltr'><strong>tamen</strong></span> <span class='ocrx_word' id='word_1_631' title='bbox 3194 4128 3491 4197; x_wconf 83' lang='lat' dir='ltr'><strong>angelorum</strong></span> <span class='ocrx_word' id='word_1_632' title='bbox 3525 4130 3593 4183; x_wconf 75' lang='lat' dir='ltr'><strong>ad</strong></span> <span class='ocrx_word' id='word_1_633' title='bbox 3623 4130 3756 4182; x_wconf 70' lang='lat' dir='ltr'><strong>redi-</strong></span> 
     </span>
    </p>
   </div>
   <div class='ocr_carea' id='block_1_86' title="bbox 2166 4216 3754 4293">
    <p class='ocr_par' dir='ltr' id='par_1_86' title="bbox 2166 4216 3754 4293">
     <span class='ocr_line' id='line_1_86' title="bbox 2166 4216 3754 4293; baseline 0.007 -26"><span class='ocrx_word' id='word_1_634' title='bbox 2166 4216 2407 4269; x_wconf 85' lang='lat' dir='ltr'><strong>mendum</strong></span> <span class='ocrx_word' id='word_1_635' title='bbox 2438 4218 2690 4271; x_wconf 84' lang='lat' dir='ltr'><strong>hominem</strong></span> <span class='ocrx_word' id='word_1_636' title='bbox 2714 4220 2898 4274; x_wconf 86' lang='lat' dir='ltr'><strong>missus</strong></span> <span class='ocrx_word' id='word_1_637' title='bbox 2919 4232 3017 4286; x_wconf 85' lang='lat' dir='ltr'><strong>est,</strong></span> <span class='ocrx_word' id='word_1_638' title='bbox 3058 4231 3146 4275; x_wconf 90' lang='lat' dir='ltr'><strong>aut</strong></span> <span class='ocrx_word' id='word_1_639' title='bbox 3172 4222 3386 4291; x_wconf 77' lang='lat' dir='ltr'><strong>sufﬁcit.</strong></span> <span class='ocrx_word' id='word_1_640' title='bbox 3407 4251 3479 4264; x_wconf 92' lang='lat'><em>—</em></span> <span class='ocrx_word' id='word_1_641' title='bbox 3500 4223 3604 4278; x_wconf 87' lang='lat' dir='ltr'><strong>Sed</strong></span> <span class='ocrx_word' id='word_1_642' title='bbox 3631 4223 3754 4293; x_wconf 80' lang='lat' dir='ltr'><strong>quia</strong></span> 
     </span>
    </p>
   </div>
   <div class='ocr_carea' id='block_1_87' title="bbox 2168 4310 3754 4387">
    <p class='ocr_par' dir='ltr' id='par_1_87' title="bbox 2168 4310 3754 4387">
     <span class='ocr_line' id='line_1_87' title="bbox 2168 4310 3754 4387; baseline 0.004 -22"><span class='ocrx_word' id='word_1_643' title='bbox 2168 4325 2267 4379; x_wconf 92' lang='lat' dir='ltr'><strong>pro</strong></span> <span class='ocrx_word' id='word_1_644' title='bbox 2294 4310 2393 4365; x_wconf 90' lang='lat' dir='ltr'><strong>hac</strong></span> <span class='ocrx_word' id='word_1_645' title='bbox 2424 4314 2685 4380; x_wconf 87' lang='lat' dir='ltr'><strong>sapientia</strong></span> <span class='ocrx_word' id='word_1_646' title='bbox 2731 4315 2903 4369; x_wconf 91' lang='lat' dir='ltr'><strong>nullus</strong></span> <span class='ocrx_word' id='word_1_647' title='bbox 2946 4317 3263 4385; x_wconf 84' lang='lat' dir='ltr'><strong>angelorum</strong></span> <span class='ocrx_word' id='word_1_648' title='bbox 3306 4318 3616 4387; x_wconf 78' lang='lat' dir='ltr'><strong>redemptor</strong></span> <span class='ocrx_word' id='word_1_649' title='bbox 3654 4318 3754 4371; x_wconf 88' lang='lat' dir='ltr'><strong>hu-</strong></span> 
     </span>
    </p>
   </div>
   <div class='ocr_carea' id='block_1_88' title="bbox 2166 4404 3747 4479">
    <p class='ocr_par' dir='ltr' id='par_1_88' title="bbox 2166 4404 3747 4479">
     <span class='ocr_line' id='line_1_88' title="bbox 2166 4404 3747 4479; baseline 0.005 -21"><span class='ocrx_word' id='word_1_650' title='bbox 2166 4404 2309 4458; x_wconf 87' lang='lat' dir='ltr'><strong>mani</strong></span> <span class='ocrx_word' id='word_1_651' title='bbox 2355 4407 2569 4474; x_wconf 83' lang='lat' dir='ltr'><strong>generis</strong></span> <span class='ocrx_word' id='word_1_652' title='bbox 2618 4408 2909 4462; x_wconf 83' lang='lat' dir='ltr'><strong>tnittendus</strong></span> <span class='ocrx_word' id='word_1_653' title='bbox 2942 4409 3061 4474; x_wconf 82' lang='lat' dir='ltr'><strong>fuit,</strong></span> <span class='ocrx_word' id='word_1_654' title='bbox 3095 4425 3161 4463; x_wconf 88' lang='lat' dir='ltr'><strong>ne</strong></span> <span class='ocrx_word' id='word_1_655' title='bbox 3195 4416 3317 4477; x_wconf 85' lang='lat' dir='ltr'><strong>quis</strong></span> <span class='ocrx_word' id='word_1_656' title='bbox 3347 4426 3495 4479; x_wconf 81' lang='lat' dir='ltr'><strong>spent</strong></span> <span class='ocrx_word' id='word_1_657' title='bbox 3538 4414 3590 4466; x_wconf 92' lang='lat' dir='ltr'><strong>in</strong></span> <span class='ocrx_word' id='word_1_658' title='bbox 3640 4412 3747 4476; x_wconf 87' lang='lat' dir='ltr'><strong>his,</strong></span> 
     </span>
    </p>
   </div>
   <div class='ocr_carea' id='block_1_89' title="bbox 2173 4497 3754 4572">
    <p class='ocr_par' dir='ltr' id='par_1_89' title="bbox 2173 4497 3754 4572">
     <span class='ocr_line' id='line_1_89' title="bbox 2173 4497 3754 4572; baseline 0.002 -20"><span class='ocrx_word' id='word_1_659' title='bbox 2173 4512 2310 4566; x_wconf 88' lang='lat' dir='ltr'><strong>quos</strong></span> <span class='ocrx_word' id='word_1_660' title='bbox 2341 4497 2393 4551; x_wconf 90' lang='lat' dir='ltr'><strong>in</strong></span> <span class='ocrx_word' id='word_1_661' title='bbox 2417 4498 2744 4569; x_wconf 88' lang='lat' dir='ltr'><strong>adjutorium</strong></span> <span class='ocrx_word' id='word_1_662' title='bbox 2776 4501 3051 4556; x_wconf 87' lang='lat' dir='ltr'><strong>hominum</strong></span> <span class='ocrx_word' id='word_1_663' title='bbox 3080 4518 3221 4572; x_wconf 67' lang='lat' dir='ltr'><strong>saepe</strong></span> <span class='ocrx_word' id='word_1_664' title='bbox 3251 4504 3564 4571; x_wconf 88' lang='lat' dir='ltr'><strong>apparuisse</strong></span> <span class='ocrx_word' id='word_1_665' title='bbox 3608 4503 3754 4557; x_wconf 82' lang='lat' dir='ltr'><strong>didi-</strong></span> 
     </span>
    </p>
   </div>
   <div class='ocr_carea' id='block_1_90' title="bbox 477 4586 3753 4663">
    <p class='ocr_par' dir='ltr' id='par_1_90' title="bbox 477 4586 3753 4663">
     <span class='ocr_line' id='line_1_90' title="bbox 477 4586 3753 4663; baseline -0.002 -18"><span class='ocrx_word' id='word_1_666' title='bbox 477 4590 773 4645; x_wconf 88' lang='lat' dir='ltr'><strong>tentioncm</strong></span> <span class='ocrx_word' id='word_1_667' title='bbox 829 4590 1031 4657; x_wconf 79' lang='lat' dir='ltr'><strong>fugiant</strong></span> <span class='ocrx_word' id='word_1_668' title='bbox 1052 4631 1065 4653; x_wconf 90' lang='lat'><strong>,</strong></span> <span class='ocrx_word' id='word_1_669' title='bbox 1125 4597 1302 4640; x_wconf 90' lang='lat' dir='ltr'><strong>tamen</strong></span> <span class='ocrx_word' id='word_1_670' title='bbox 1363 4601 1459 4654; x_wconf 89' lang='lat' dir='ltr'><strong>per</strong></span> <span class='ocrx_word' id='word_1_671' title='bbox 1509 4586 1777 4639; x_wconf 78' lang='lat' dir='ltr'><strong>subditam</strong></span> <span class='ocrx_word' id='word_1_672' title='bbox 1826 4595 2059 4640; x_wconf 87' lang='lat' dir='ltr'><strong>mentem</strong></span> <span class='ocrx_word' id='word_1_673' title='bbox 2090 4596 2144 4657; x_wconf 85' lang='lat'><strong>1)</strong></span> <span class='ocrx_word' id='word_1_674' title='bbox 2166 4591 2360 4657; x_wconf 87' lang='lat' dir='ltr'><strong>cimus,</strong></span> <span class='ocrx_word' id='word_1_675' title='bbox 2393 4593 2597 4660; x_wconf 82' lang='lat' dir='ltr'><strong>angelis</strong></span> <span class='ocrx_word' id='word_1_676' title='bbox 2625 4604 2869 4663; x_wconf 76' lang='lat' dir='ltr'><strong>poneret,</strong></span> <span class='ocrx_word' id='word_1_677' title='bbox 2897 4595 3096 4648; x_wconf 88' lang='lat' dir='ltr'><strong>dictum</strong></span> <span class='ocrx_word' id='word_1_678' title='bbox 3125 4604 3209 4649; x_wconf 81' lang='lat' dir='ltr'><strong>est</strong></span> <span class='ocrx_word' id='word_1_679' title='bbox 3237 4612 3249 4647; x_wconf 89' lang='lat'>:</span> <span class='ocrx_word' id='word_1_680' title='bbox 3285 4593 3405 4649; x_wconf 76' lang='lat' dir='ltr'><strong>Non</strong></span> <span class='ocrx_word' id='word_1_681' title='bbox 3437 4596 3640 4648; x_wconf 70' lang='lat' dir='ltr'><strong>dabimr</strong></span> <span class='ocrx_word' id='word_1_682' title='bbox 3659 4612 3753 4649; x_wconf 72' lang='grc' dir='ltr'><strong>αα.</strong></span> 
     </span>
    </p>
   </div>
   <div class='ocr_carea' id='block_1_91' title="bbox 475 4677 2058 4751">
    <p class='ocr_par' dir='ltr' id='par_1_91' title="bbox 475 4677 2058 4751">
     <span class='ocr_line' id='line_1_91' title="bbox 475 4677 2058 4751; baseline 0.003 -22"><span class='ocrx_word' id='word_1_683' title='bbox 475 4691 712 4751; x_wconf 83' lang='lat' dir='ltr'><strong>portant.</strong></span> <span class='ocrx_word' id='word_1_684' title='bbox 746 4682 887 4748; x_wconf 83' lang='lat' dir='ltr'><strong>Quas</strong></span> <span class='ocrx_word' id='word_1_685' title='bbox 916 4680 1129 4749; x_wconf 89' lang='lat' dir='ltr'><strong>quidem</strong></span> <span class='ocrx_word' id='word_1_686' title='bbox 1163 4692 1527 4746; x_wconf 83' lang='lat' dir='ltr'><strong>summopere,</strong></span> <span class='ocrx_word' id='word_1_687' title='bbox 1560 4679 1603 4731; x_wconf 93' lang='lat' dir='ltr'><strong>si</strong></span> <span class='ocrx_word' id='word_1_688' title='bbox 1655 4677 1832 4741; x_wconf 87' lang='lat' dir='ltr'><strong>liceat,</strong></span> <span class='ocrx_word' id='word_1_689' title='bbox 1887 4678 2058 4734; x_wconf 83' lang='lat' dir='ltr'><strong>vitare</strong></span> 
     </span>
    </p>
   </div>
   <div class='ocr_carea' id='block_1_92' title="bbox 476 4767 2057 4838">
    <p class='ocr_par' dir='ltr' id='par_1_92' title="bbox 476 4767 2057 4838">
     <span class='ocr_line' id='line_1_92' title="bbox 476 4767 2057 4838; baseline -0.004 -8"><span class='ocrx_word' id='word_1_690' title='bbox 476 4777 761 4838; x_wconf 81' lang='lat' dir='ltr'><strong>festinant;</strong></span> <span class='ocrx_word' id='word_1_691' title='bbox 810 4778 903 4829; x_wconf 84' lang='lat' dir='ltr'><strong>sed</strong></span> <span class='ocrx_word' id='word_1_692' title='bbox 937 4773 1188 4826; x_wconf 87' lang='lat' dir='ltr'><strong>timentes</strong></span> <span class='ocrx_word' id='word_1_693' title='bbox 1219 4772 1461 4826; x_wconf 88' lang='lat' dir='ltr'><strong>occultas</strong></span> <span class='ocrx_word' id='word_1_694' title='bbox 1486 4767 1914 4837; x_wconf 87' lang='lat' dir='ltr'><strong>dispensatioues</strong></span> <span class='ocrx_word' id='word_1_695' title='bbox 1941 4771 2057 4837; x_wconf 88' lang='lat' dir='ltr'><strong>Dei,</strong></span> 
     </span>
    </p>
   </div>
   <div class='ocr_carea' id='block_1_93' title="bbox 475 4862 2061 4936">
    <p class='ocr_par' dir='ltr' id='par_1_93' title="bbox 475 4862 2061 4936">
     <span class='ocr_line' id='line_1_93' title="bbox 475 4862 2061 4936; baseline -0.003 -13"><span class='ocrx_word' id='word_1_696' title='bbox 475 4877 661 4923; x_wconf 89' lang='lat' dir='ltr'><strong>tenent</strong></span> <span class='ocrx_word' id='word_1_697' title='bbox 685 4866 827 4936; x_wconf 87' lang='lat' dir='ltr'><strong>quod</strong></span> <span class='ocrx_word' id='word_1_698' title='bbox 850 4864 1081 4935; x_wconf 79' lang='lat' dir='ltr'><strong>fugiunt,</strong></span> <span class='ocrx_word' id='word_1_699' title='bbox 1114 4874 1167 4919; x_wconf 92' lang='lat' dir='ltr'><strong>et</strong></span> <span class='ocrx_word' id='word_1_700' title='bbox 1192 4873 1449 4919; x_wconf 86' lang='lat' dir='ltr'><strong>exercent</strong></span> <span class='ocrx_word' id='word_1_701' title='bbox 1476 4863 1617 4933; x_wconf 91' lang='lat' dir='ltr'><strong>quod</strong></span> <span class='ocrx_word' id='word_1_702' title='bbox 1645 4862 1834 4917; x_wconf 78' lang='lat' dir='ltr'><strong>vitant.</strong></span> <span class='ocrx_word' id='word_1_703' title='bbox 1857 4863 2061 4919; x_wconf 87' lang='lat' dir='ltr'><strong>intrant</strong></span> 
     </span>
    </p>
   </div>
   <div class='ocr_carea' id='block_1_94' title="bbox 473 4962 2058 5031">
    <p class='ocr_par' dir='ltr' id='par_1_94' title="bbox 473 4962 2058 5031">
     <span class='ocr_line' id='line_1_94' title="bbox 473 4962 2058 5031; baseline -0.001 -10"><span class='ocrx_word' id='word_1_704' title='bbox 473 4967 617 5021; x_wconf 91' lang='lat' dir='ltr'><strong>enim</strong></span> <span class='ocrx_word' id='word_1_705' title='bbox 639 4965 704 5018; x_wconf 89' lang='lat' dir='ltr'><strong>ad</strong></span> <span class='ocrx_word' id='word_1_706' title='bbox 736 4980 830 5019; x_wconf 85' lang='lat' dir='ltr'><strong>cor</strong></span> <span class='ocrx_word' id='word_1_707' title='bbox 851 4979 1029 5028; x_wconf 91' lang='lat' dir='ltr'><strong>suum,</strong></span> <span class='ocrx_word' id='word_1_708' title='bbox 1060 4974 1112 5018; x_wconf 91' lang='lat' dir='ltr'><strong>et</strong></span> <span class='ocrx_word' id='word_1_709' title='bbox 1133 4963 1202 5017; x_wconf 91' lang='lat' dir='ltr'><strong>ibi</strong></span> <span class='ocrx_word' id='word_1_710' title='bbox 1228 4963 1517 5017; x_wconf 89' lang='lat' dir='ltr'><strong>consulunt</strong></span> <span class='ocrx_word' id='word_1_711' title='bbox 1544 4964 1671 5031; x_wconf 90' lang='lat' dir='ltr'><strong>quid</strong></span> <span class='ocrx_word' id='word_1_712' title='bbox 1698 4962 1825 5016; x_wconf 88' lang='lat' dir='ltr'><strong>velit</strong></span> <span class='ocrx_word' id='word_1_713' title='bbox 1853 4964 2058 5019; x_wconf 79' lang='lat' dir='ltr'><strong>occulta</strong></span> 
     </span>
    </p>
   </div>
   <div class='ocr_carea' id='block_1_95' title="bbox 473 5054 2059 5124">
    <p class='ocr_par' dir='ltr' id='par_1_95' title="bbox 473 5054 2059 5124">
     <span class='ocr_line' id='line_1_95' title="bbox 473 5054 2059 5124; baseline 0 -12"><span class='ocrx_word' id='word_1_714' title='bbox 473 5061 719 5112; x_wconf 82' lang='lat' dir='ltr'><strong>voluntas</strong></span> <span class='ocrx_word' id='word_1_715' title='bbox 751 5055 882 5121; x_wconf 88' lang='lat' dir='ltr'><strong>Dei;</strong></span> <span class='ocrx_word' id='word_1_716' title='bbox 906 5070 1133 5124; x_wconf 85' lang='lat' dir='ltr'><strong>seseque</strong></span> <span class='ocrx_word' id='word_1_717' title='bbox 1178 5054 1422 5108; x_wconf 90' lang='lat' dir='ltr'><strong>subditos</strong></span> <span class='ocrx_word' id='word_1_718' title='bbox 1450 5055 1655 5108; x_wconf 85' lang='lat' dir='ltr'><strong>debere</strong></span> <span class='ocrx_word' id='word_1_719' title='bbox 1686 5069 1808 5108; x_wconf 84' lang='lat' dir='ltr'><strong>esse</strong></span> <span class='ocrx_word' id='word_1_720' title='bbox 1835 5057 2059 5112; x_wconf 86' lang='lat' dir='ltr'><strong>summis</strong></span> 
     </span>
    </p>
   </div>
   <div class='ocr_carea' id='block_1_96' title="bbox 469 5146 2056 5215">
    <p class='ocr_par' dir='ltr' id='par_1_96' title="bbox 469 5146 2056 5215">
     <span class='ocr_line' id='line_1_96' title="bbox 469 5146 2056 5215; baseline 0.001 -14"><span class='ocrx_word' id='word_1_721' title='bbox 469 5149 899 5203; x_wconf 82' lang='lat' dir='ltr'><strong>ordinationibus</strong></span> <span class='ocrx_word' id='word_1_722' title='bbox 955 5155 1389 5215; x_wconf 80' lang='lat' dir='ltr'><strong>cognoscentes,</strong></span> <span class='ocrx_word' id='word_1_723' title='bbox 1449 5146 1730 5199; x_wconf 87' lang='lat' dir='ltr'><strong>humiliant</strong></span> <span class='ocrx_word' id='word_1_724' title='bbox 1786 5148 2056 5204; x_wconf 88' lang='lat' dir='ltr'><strong>cervicem</strong></span> 
     </span>
    </p>
   </div>
   <div class='ocr_carea' id='block_1_97' title="bbox 468 5234 2057 5309">
    <p class='ocr_par' dir='ltr' id='par_1_97' title="bbox 468 5234 2057 5309">
     <span class='ocr_line' id='line_1_97' title="bbox 468 5234 2057 5309; baseline 0.003 -19"><span class='ocrx_word' id='word_1_725' title='bbox 468 5240 647 5292; x_wconf 73' lang='lat' dir='ltr'><strong>Clll’lliS</strong></span> <span class='ocrx_word' id='word_1_726' title='bbox 706 5238 838 5309; x_wconf 82' lang='lat' dir='ltr'><strong>jugo</strong></span> <span class='ocrx_word' id='word_1_727' title='bbox 885 5234 1083 5291; x_wconf 70' lang='lat' dir='ltr'><strong>divina:</strong></span> <span class='ocrx_word' id='word_1_728' title='bbox 1128 5234 1568 5306; x_wconf 82' lang='lat' dir='ltr'><strong>dispensationis.</strong></span> <span class='ocrx_word' id='word_1_729' title='bbox 1624 5236 1875 5305; x_wconf 80' lang='lat' dir='ltr'><strong>Quisquis</strong></span> <span class='ocrx_word' id='word_1_730' title='bbox 1925 5255 2057 5295; x_wconf 85' lang='lat' dir='ltr'><strong>vero</strong></span> 
     </span>
    </p>
   </div>
   <div class='ocr_carea' id='block_1_98' title="bbox 472 5325 2054 5396">
    <p class='ocr_par' dir='ltr' id='par_1_98' title="bbox 472 5325 2054 5396">
     <span class='ocr_line' id='line_1_98' title="bbox 472 5325 2054 5396; baseline 0.004 -18"><span class='ocrx_word' id='word_1_731' title='bbox 472 5327 589 5381; x_wconf 71' lang='lat' dir='ltr'><strong>Ltlis‘</strong></span> <span class='ocrx_word' id='word_1_732' title='bbox 638 5338 743 5391; x_wconf 82' lang='lat' dir='ltr'><strong>est.</strong></span> <span class='ocrx_word' id='word_1_733' title='bbox 791 5327 1016 5395; x_wconf 90' lang='lat' dir='ltr'><strong>quilibet</strong></span> <span class='ocrx_word' id='word_1_734' title='bbox 1058 5327 1318 5381; x_wconf 91' lang='lat' dir='ltr'><strong>tumultus</strong></span> <span class='ocrx_word' id='word_1_735' title='bbox 1359 5334 1640 5379; x_wconf 77' lang='lat' dir='ltr'><strong>versentur</strong></span> <span class='ocrx_word' id='word_1_736' title='bbox 1685 5325 2054 5396; x_wconf 78' lang='lat' dir='ltr'><strong>extrinsecus,</strong></span> 
     </span>
    </p>
   </div>
   <div class='ocr_carea' id='block_1_99' title="bbox 472 5417 2057 5490">
    <p class='ocr_par' dir='ltr' id='par_1_99' title="bbox 472 5417 2057 5490">
     <span class='ocr_line' id='line_1_99' title="bbox 472 5417 2057 5490; baseline 0.003 -20"><span class='ocrx_word' id='word_1_737' title='bbox 472 5432 740 5487; x_wconf 86' lang='lat' dir='ltr'><strong>nunquam</strong></span> <span class='ocrx_word' id='word_1_738' title='bbox 768 5422 833 5474; x_wconf 87' lang='lat' dir='ltr'><strong>ad</strong></span> <span class='ocrx_word' id='word_1_739' title='bbox 864 5419 981 5490; x_wconf 83' lang='lat' dir='ltr'><strong>ejus</strong></span> <span class='ocrx_word' id='word_1_740' title='bbox 1012 5418 1268 5473; x_wconf 84' lang='lat' dir='ltr'><strong>interiora</strong></span> <span class='ocrx_word' id='word_1_741' title='bbox 1302 5418 1639 5486; x_wconf 86' lang='lat' dir='ltr'><strong>perveniunt.</strong></span> <span class='ocrx_word' id='word_1_742' title='bbox 1668 5417 1850 5487; x_wconf 86' lang='lat' dir='ltr'><strong>Itaque</strong></span> <span class='ocrx_word' id='word_1_743' title='bbox 1881 5422 2057 5489; x_wconf 85' lang='lat' dir='ltr'><strong>agitur</strong></span> 
     </span>
    </p>
   </div>
   <div class='ocr_carea' id='block_1_100' title="bbox 542 5535 2049 5607">
    <p class='ocr_par' dir='ltr' id='par_1_100' title="bbox 542 5535 2049 5607">
     <span class='ocr_line' id='line_1_100' title="bbox 542 5535 2049 5607; baseline 0.007 -24"><span class='ocrx_word' id='word_1_744' title='bbox 542 5544 568 5571; x_wconf 77' lang='grc' dir='ltr'><strong>ι</strong></span> <span class='ocrx_word' id='word_1_745' title='bbox 592 5535 790 5607; x_wconf 80' lang='lat' dir='ltr'><strong>Turou.</strong></span> <span class='ocrx_word' id='word_1_746' title='bbox 818 5547 870 5588; x_wconf 85' lang='lat' dir='ltr'><strong>et</strong></span> <span class='ocrx_word' id='word_1_747' title='bbox 890 5537 1096 5597; x_wconf 76' lang='lat' dir='ltr'><strong>Norm.,</strong></span> <span class='ocrx_word' id='word_1_748' title='bbox 1119 5546 1166 5589; x_wconf 91' lang='lat' dir='ltr'><strong>et</strong></span> <span class='ocrx_word' id='word_1_749' title='bbox 1187 5535 1330 5589; x_wconf 79' lang='lat' dir='ltr'><strong>aliud</strong></span> <span class='ocrx_word' id='word_1_750' title='bbox 1352 5537 1660 5589; x_wconf 71' lang='lat' dir='ltr'><strong>extrinsecus</strong></span> <span class='ocrx_word' id='word_1_751' title='bbox 1683 5539 2049 5607; x_wconf 82' lang='lat' dir='ltr'><strong>aperari,ctad</strong></span> 
     </span>
    </p>
   </div>
   <div class='ocr_carea' id='block_1_101' title="bbox 475 5606 1504 5667">
    <p class='ocr_par' dir='ltr' id='par_1_101' title="bbox 475 5606 1504 5667">
     <span class='ocr_line' id='line_1_101' title="bbox 475 5606 1504 5667; baseline -0.002 -7"><span class='ocrx_word' id='word_1_752' title='bbox 475 5606 619 5660; x_wconf 86' lang='lat' dir='ltr'><strong>aliud</strong></span> <span class='ocrx_word' id='word_1_753' title='bbox 642 5621 821 5658; x_wconf 74' lang='lat' dir='ltr'><strong>vacare</strong></span> <span class='ocrx_word' id='word_1_754' title='bbox 842 5606 1141 5661; x_wconf 70' lang='lat' dir='ltr'><strong>intrimacus</strong></span> <span class='ocrx_word' id='word_1_755' title='bbox 1170 5623 1185 5659; x_wconf 89' lang='lat'><em>:</em></span> <span class='ocrx_word' id='word_1_756' title='bbox 1220 5617 1272 5661; x_wconf 87' lang='lat' dir='ltr'><strong>ut</strong></span> <span class='ocrx_word' id='word_1_757' title='bbox 1299 5608 1373 5667; x_wconf 83' lang='lat' dir='ltr'><strong>si,</strong></span> <span class='ocrx_word' id='word_1_758' title='bbox 1401 5616 1504 5659; x_wconf 87' lang='lat' dir='ltr'><strong>etc.</strong></span> 
     </span>
    </p>
   </div>
   <div class='ocr_carea' id='block_1_102' title="bbox 541 5676 1545 5746">
    <p class='ocr_par' dir='ltr' id='par_1_102' title="bbox 541 5676 1545 5746">
     <span class='ocr_line' id='line_1_102' title="bbox 541 5676 1545 5746; baseline 0.006 -17"><span class='ocrx_word' id='word_1_759' title='bbox 541 5679 566 5716; x_wconf 70' lang='grc' dir='ltr'><strong>ιδ</strong></span> <span class='ocrx_word' id='word_1_760' title='bbox 601 5676 711 5729; x_wconf 85' lang='lat' dir='ltr'><strong>Duo</strong></span> <span class='ocrx_word' id='word_1_761' title='bbox 743 5676 931 5729; x_wconf 61' lang='lat' dir='ltr'><strong>ltboic</strong></span> <span class='ocrx_word' id='word_1_762' title='bbox 976 5688 1030 5731; x_wconf 90' lang='lat' dir='ltr'><strong>et</strong></span> <span class='ocrx_word' id='word_1_763' title='bbox 1063 5680 1228 5746; x_wconf 83' lang='lat' dir='ltr'><strong>Prat.,</strong></span> <span class='ocrx_word' id='word_1_764' title='bbox 1259 5681 1545 5735; x_wconf 75' lang='lat' dir='ltr'><strong>exhibeant.</strong></span> 
     </span>
    </p>
   </div>
   <div class='ocr_carea' id='block_1_103' title="bbox 546 5748 2045 5818">
    <p class='ocr_par' dir='ltr' id='par_1_103' title="bbox 546 5748 2045 5818">
     <span class='ocr_line' id='line_1_103' title="bbox 546 5748 2045 5818; baseline 0.005 -18"><span class='ocrx_word' id='word_1_765' title='bbox 546 5760 568 5786; x_wconf 74' lang='grc' dir='ltr'><em>ε</em></span> <span class='ocrx_word' id='word_1_766' title='bbox 600 5751 672 5801; x_wconf 91' lang='lat' dir='ltr'><strong>Ita</strong></span> <span class='ocrx_word' id='word_1_767' title='bbox 709 5748 932 5818; x_wconf 85' lang='lat' dir='ltr'><strong>legimus</strong></span> <span class='ocrx_word' id='word_1_768' title='bbox 978 5749 1028 5801; x_wconf 91' lang='lat' dir='ltr'><strong>in</strong></span> <span class='ocrx_word' id='word_1_769' title='bbox 1086 5749 1216 5803; x_wconf 81' lang='lat' dir='ltr'><strong>Mss.</strong></span> <span class='ocrx_word' id='word_1_770' title='bbox 1265 5751 1507 5813; x_wconf 86' lang='lat' dir='ltr'><strong>Turou.,</strong></span> <span class='ocrx_word' id='word_1_771' title='bbox 1561 5748 1802 5817; x_wconf 74' lang='lat' dir='ltr'><strong>llellov.,</strong></span> <span class='ocrx_word' id='word_1_772' title='bbox 1849 5751 2045 5818; x_wconf 88' lang='lat' dir='ltr'><strong>Laud.,</strong></span> 
     </span>
    </p>
   </div>
   <div class='ocr_carea' id='block_1_104' title="bbox 474 5817 2042 5893">
    <p class='ocr_par' dir='ltr' id='par_1_104' title="bbox 474 5817 2042 5893">
     <span class='ocr_line' id='line_1_104' title="bbox 474 5817 2042 5893; baseline 0 -15"><span class='ocrx_word' id='word_1_773' title='bbox 474 5819 655 5885; x_wconf 81' lang='lat' dir='ltr'><strong>Viud.,</strong></span> <span class='ocrx_word' id='word_1_774' title='bbox 680 5817 890 5888; x_wconf 73' lang='lat' dir='ltr'><strong>Nomm,</strong></span> <span class='ocrx_word' id='word_1_775' title='bbox 919 5827 1049 5886; x_wconf 88' lang='lat' dir='ltr'><strong>etc.,</strong></span> <span class='ocrx_word' id='word_1_776' title='bbox 1071 5817 1251 5874; x_wconf 88' lang='lat' dir='ltr'><strong>Germ.</strong></span> <span class='ocrx_word' id='word_1_777' title='bbox 1274 5820 1435 5877; x_wconf 87' lang='lat' dir='ltr'><strong>habet</strong></span> <span class='ocrx_word' id='word_1_778' title='bbox 1450 5831 1598 5890; x_wconf 84' lang='lat' dir='ltr'><strong>atque</strong></span> <span class='ocrx_word' id='word_1_779' title='bbox 1619 5825 1973 5893; x_wconf 81' lang='lat' dir='ltr'><strong>occupatione.</strong></span> <span class='ocrx_word' id='word_1_780' title='bbox 1994 5864 2007 5879; x_wconf 94' lang='lat'><strong>.</strong></span> <span class='ocrx_word' id='word_1_781' title='bbox 2030 5817 2042 5878; x_wconf 87' lang='lat'><strong>.</strong></span> 
     </span>
    </p>
   </div>
   <div class='ocr_carea' id='block_1_105' title="bbox 2167 4683 3753 4755">
    <p class='ocr_par' dir='ltr' id='par_1_105' title="bbox 2167 4683 3753 4755">
     <span class='ocr_line' id='line_1_105' title="bbox 2167 4683 3753 4755; baseline 0.004 -20"><span class='ocrx_word' id='word_1_782' title='bbox 2167 4697 2282 4736; x_wconf 86' lang='lat' dir='ltr'><strong>rum</strong></span> <span class='ocrx_word' id='word_1_783' title='bbox 2310 4683 2552 4751; x_wconf 81' lang='lat' dir='ltr'><strong>obryzum</strong></span> <span class='ocrx_word' id='word_1_784' title='bbox 2581 4701 2676 4755; x_wconf 83' lang='lat' dir='ltr'><strong>pro</strong></span> <span class='ocrx_word' id='word_1_785' title='bbox 2722 4702 2802 4739; x_wconf 81' lang='lat' dir='ltr'><strong>ca.</strong></span> <span class='ocrx_word' id='word_1_786' title='bbox 2860 4685 2936 4740; x_wconf 83' lang='lat' dir='ltr'><strong>Ac</strong></span> <span class='ocrx_word' id='word_1_787' title='bbox 2984 4687 3029 4739; x_wconf 93' lang='lat' dir='ltr'><strong>si</strong></span> <span class='ocrx_word' id='word_1_788' title='bbox 3070 4695 3255 4754; x_wconf 88' lang='lat' dir='ltr'><strong>aperte</strong></span> <span class='ocrx_word' id='word_1_789' title='bbox 3303 4687 3615 4742; x_wconf 87' lang='lat' dir='ltr'><strong>diceretur:</strong></span> <span class='ocrx_word' id='word_1_790' title='bbox 3648 4688 3753 4742; x_wconf 78' lang='lat' dir='ltr'><strong>Per</strong></span> 
     </span>
    </p>
   </div>
   <div class='ocr_carea' id='block_1_106' title="bbox 2171 4778 3751 4847">
    <p class='ocr_par' dir='ltr' id='par_1_106' title="bbox 2171 4778 3751 4847">
     <span class='ocr_line' id='line_1_106' title="bbox 2171 4778 3751 4847; baseline 0.002 -17"><span class='ocrx_word' id='word_1_791' title='bbox 2171 4778 2517 4846; x_wconf 89' lang='lat' dir='ltr'><strong>semetipsam</strong></span> <span class='ocrx_word' id='word_1_792' title='bbox 2563 4778 2821 4847; x_wconf 88' lang='lat' dir='ltr'><strong>sapientia</strong></span> <span class='ocrx_word' id='word_1_793' title='bbox 2873 4778 3323 4845; x_wconf 82' lang='lat' dir='ltr'><strong>manifestabitur,</strong></span> <span class='ocrx_word' id='word_1_794' title='bbox 3369 4793 3425 4835; x_wconf 90' lang='lat' dir='ltr'><strong>ut</strong></span> <span class='ocrx_word' id='word_1_795' title='bbox 3458 4783 3751 4835; x_wconf 84' lang='lat' dir='ltr'><strong>humanum</strong></span> 
     </span>
    </p>
   </div>
   <div class='ocr_carea' id='block_1_107' title="bbox 2169 4870 3753 4942">
    <p class='ocr_par' dir='ltr' id='par_1_107' title="bbox 2169 4870 3753 4942">
     <span class='ocr_line' id='line_1_107' title="bbox 2169 4870 3753 4942; baseline 0.002 -19"><span class='ocrx_word' id='word_1_796' title='bbox 2169 4883 2341 4939; x_wconf 84' lang='lat' dir='ltr'><strong>genus</strong></span> <span class='ocrx_word' id='word_1_797' title='bbox 2371 4884 2401 4922; x_wconf 91' lang='lat' dir='ltr'><strong>a</strong></span> <span class='ocrx_word' id='word_1_798' title='bbox 2430 4871 2587 4938; x_wconf 89' lang='lat' dir='ltr'><strong>culpa</strong></span> <span class='ocrx_word' id='word_1_799' title='bbox 2631 4870 2948 4925; x_wconf 88' lang='lat' dir='ltr'><strong>redimatur.</strong></span> <span class='ocrx_word' id='word_1_800' title='bbox 2982 4872 3171 4926; x_wconf 82' lang='lat' dir='ltr'><strong>Nullus</strong></span> <span class='ocrx_word' id='word_1_801' title='bbox 3200 4872 3317 4926; x_wconf 85' lang='lat' dir='ltr'><strong>vice</strong></span> <span class='ocrx_word' id='word_1_802' title='bbox 3372 4871 3489 4941; x_wconf 85' lang='lat' dir='ltr'><strong>ejus</strong></span> <span class='ocrx_word' id='word_1_803' title='bbox 3528 4874 3753 4942; x_wconf 69' lang='lat' dir='ltr'><strong>angi-lus</strong></span> 
     </span>
    </p>
   </div>
   <div class='ocr_carea' id='block_1_108' title="bbox 2171 4962 3750 5030">
    <p class='ocr_par' dir='ltr' id='par_1_108' title="bbox 2171 4962 3750 5030">
     <span class='ocr_line' id='line_1_108' title="bbox 2171 4962 3750 5030; baseline 0.002 -16"><span class='ocrx_word' id='word_1_804' title='bbox 2171 4963 2425 5025; x_wconf 88' lang='lat' dir='ltr'><strong>mittitur,</strong></span> <span class='ocrx_word' id='word_1_805' title='bbox 2456 4962 2579 5030; x_wconf 87' lang='lat' dir='ltr'><strong>quia</strong></span> <span class='ocrx_word' id='word_1_806' title='bbox 2606 4976 2701 5029; x_wconf 89' lang='lat' dir='ltr'><strong>per</strong></span> <span class='ocrx_word' id='word_1_807' title='bbox 2721 4970 3020 5017; x_wconf 89' lang='lat' dir='ltr'><strong>creatorem</strong></span> <span class='ocrx_word' id='word_1_808' title='bbox 3055 4976 3275 5017; x_wconf 79' lang='lat' dir='ltr'><strong>necesse</strong></span> <span class='ocrx_word' id='word_1_809' title='bbox 3315 4970 3393 5016; x_wconf 80' lang='lat' dir='ltr'><strong>est</strong></span> <span class='ocrx_word' id='word_1_810' title='bbox 3420 4971 3476 5015; x_wconf 91' lang='lat' dir='ltr'><strong>ut</strong></span> <span class='ocrx_word' id='word_1_811' title='bbox 3505 4975 3750 5017; x_wconf 88' lang='lat' dir='ltr'><strong>creatura</strong></span> 
     </span>
    </p>
   </div>
   <div class='ocr_carea' id='block_1_109' title="bbox 2168 5053 3752 5123">
    <p class='ocr_par' dir='ltr' id='par_1_109' title="bbox 2168 5053 3752 5123">
     <span class='ocr_line' id='line_1_109' title="bbox 2168 5053 3752 5123; baseline 0 -16"><span class='ocrx_word' id='word_1_812' title='bbox 2168 5053 2447 5109; x_wconf 87' lang='lat' dir='ltr'><strong>liberetur.</strong></span> <span class='ocrx_word' id='word_1_813' title='bbox 2488 5054 2643 5110; x_wconf 88' lang='lat' dir='ltr'><strong>Unde</strong></span> <span class='ocrx_word' id='word_1_814' title='bbox 2673 5056 2808 5110; x_wconf 86' lang='lat' dir='ltr'><strong>etin</strong></span> <span class='ocrx_word' id='word_1_815' title='bbox 2858 5054 3144 5123; x_wconf 81' lang='lat' dir='ltr'><strong>Evangelia</strong></span> <span class='ocrx_word' id='word_1_816' title='bbox 3188 5053 3444 5108; x_wconf 90' lang='lat' dir='ltr'><strong>Dominus</strong></span> <span class='ocrx_word' id='word_1_817' title='bbox 3489 5054 3661 5109; x_wconf 88' lang='lat' dir='ltr'><strong>dicit:</strong></span> <span class='ocrx_word' id='word_1_818' title='bbox 3692 5054 3752 5110; x_wconf 86' lang='lat' dir='ltr'><strong>Si</strong></span> 
     </span>
    </p>
   </div>
   <div class='ocr_carea' id='block_1_110' title="bbox 2164 5144 3748 5219">
    <p class='ocr_par' dir='ltr' id='par_1_110' title="bbox 2164 5144 3748 5219">
     <span class='ocr_line' id='line_1_110' title="bbox 2164 5144 3748 5219; baseline 0.001 -20"><span class='ocrx_word' id='word_1_819' title='bbox 2164 5161 2251 5201; x_wconf 77' lang='lat' dir='ltr'><strong>vos</strong></span> <span class='ocrx_word' id='word_1_820' title='bbox 2283 5148 2422 5216; x_wconf 81' lang='lat' dir='ltr'><strong>ﬁlius</strong></span> <span class='ocrx_word' id='word_1_821' title='bbox 2454 5148 2763 5215; x_wconf 85' lang='lat' dir='ltr'><strong>liberaverit,</strong></span> <span class='ocrx_word' id='word_1_822' title='bbox 2796 5164 2908 5202; x_wconf 77' lang='lat' dir='ltr'><strong>rere</strong></span> <span class='ocrx_word' id='word_1_823' title='bbox 2927 5148 3070 5201; x_wconf 88' lang='lat' dir='ltr'><strong>liberi</strong></span> <span class='ocrx_word' id='word_1_824' title='bbox 3098 5148 3241 5202; x_wconf 82' lang='lat' dir='ltr'><strong>eritis</strong></span> <span class='ocrx_word' id='word_1_825' title='bbox 3286 5144 3463 5219; x_wconf 81' lang='lat' dir='ltr'><strong>(Joan.</strong></span> <span class='ocrx_word' id='word_1_826' title='bbox 3492 5163 3607 5215; x_wconf 78' lang='lat' dir='ltr'><strong>vttt,</strong></span> <span class='ocrx_word' id='word_1_827' title='bbox 3635 5147 3748 5218; x_wconf 78' lang='lat'><strong>56).</strong></span> 
     </span>
    </p>
   </div>
   <div class='ocr_carea' id='block_1_111' title="bbox 2166 5236 3751 5307">
    <p class='ocr_par' dir='ltr' id='par_1_111' title="bbox 2166 5236 3751 5307">
     <span class='ocr_line' id='line_1_111' title="bbox 2166 5236 3751 5307; baseline -0.005 -12"><span class='ocrx_word' id='word_1_828' title='bbox 2166 5248 2189 5277; x_wconf 84' lang='lat'><strong><em>°</em></strong></span> <span class='ocrx_word' id='word_1_829' title='bbox 2225 5239 2329 5295; x_wconf 89' lang='lat' dir='ltr'><strong>Sed</strong></span> <span class='ocrx_word' id='word_1_830' title='bbox 2356 5241 2437 5293; x_wconf 88' lang='lat' dir='ltr'><strong>vir</strong></span> <span class='ocrx_word' id='word_1_831' title='bbox 2454 5251 2694 5303; x_wconf 88' lang='lat' dir='ltr'><strong>sanctus,</strong></span> <span class='ocrx_word' id='word_1_832' title='bbox 2713 5239 2905 5307; x_wconf 90' lang='lat' dir='ltr'><strong>spiritu</strong></span> <span class='ocrx_word' id='word_1_833' title='bbox 2930 5236 3172 5307; x_wconf 87' lang='lat' dir='ltr'><strong>ejusdem</strong></span> <span class='ocrx_word' id='word_1_834' title='bbox 3196 5237 3473 5305; x_wconf 80' lang='lat' dir='ltr'><strong>sapientia:</strong></span> <span class='ocrx_word' id='word_1_835' title='bbox 3491 5237 3751 5300; x_wconf 87' lang='lat' dir='ltr'><strong>repletus,</strong></span> 
     </span>
    </p>
   </div>
   <div class='ocr_carea' id='block_1_112' title="bbox 2162 5328 3752 5400">
    <p class='ocr_par' dir='ltr' id='par_1_112' title="bbox 2162 5328 3752 5400">
     <span class='ocr_line' id='line_1_112' title="bbox 2162 5328 3752 5400; baseline -0.001 -17"><span class='ocrx_word' id='word_1_836' title='bbox 2162 5330 2423 5400; x_wconf 84' lang='lat' dir='ltr'><strong>quosdam</strong></span> <span class='ocrx_word' id='word_1_837' title='bbox 2455 5333 2504 5384; x_wconf 92' lang='lat' dir='ltr'><strong>in</strong></span> <span class='ocrx_word' id='word_1_838' title='bbox 2534 5330 2713 5385; x_wconf 71' lang='lat' dir='ltr'><strong>Judma</strong></span> <span class='ocrx_word' id='word_1_839' title='bbox 2744 5328 2993 5399; x_wconf 63' lang='lat' dir='ltr'><strong>praevidit</strong></span> <span class='ocrx_word' id='word_1_840' title='bbox 3023 5344 3128 5383; x_wconf 89' lang='lat' dir='ltr'><strong>non</strong></span> <span class='ocrx_word' id='word_1_841' title='bbox 3182 5343 3301 5383; x_wconf 88' lang='lat' dir='ltr'><strong>esse</strong></span> <span class='ocrx_word' id='word_1_842' title='bbox 3348 5329 3629 5383; x_wconf 82' lang='lat' dir='ltr'><strong>defuturos</strong></span> <span class='ocrx_word' id='word_1_843' title='bbox 3658 5328 3752 5396; x_wconf 87' lang='lat' dir='ltr'><strong>qui</strong></span> 
     </span>
    </p>
   </div>
   <div class='ocr_carea' id='block_1_113' title="bbox 2162 5420 3750 5494">
    <p class='ocr_par' dir='ltr' id='par_1_113' title="bbox 2162 5420 3750 5494">
     <span class='ocr_line' id='line_1_113' title="bbox 2162 5420 3750 5494; baseline -0.004 -15"><span class='ocrx_word' id='word_1_844' title='bbox 2162 5438 2311 5494; x_wconf 78' lang='lat' dir='ltr'><strong>Spem</strong></span> <span class='ocrx_word' id='word_1_845' title='bbox 2338 5425 2388 5476; x_wconf 90' lang='lat' dir='ltr'><strong>in</strong></span> <span class='ocrx_word' id='word_1_846' title='bbox 2415 5422 2721 5493; x_wconf 79' lang='lat' dir='ltr'><strong>legislature</strong></span> <span class='ocrx_word' id='word_1_847' title='bbox 2748 5428 3100 5490; x_wconf 88' lang='lat' dir='ltr'><strong>ponerent,et</strong></span> <span class='ocrx_word' id='word_1_848' title='bbox 3121 5434 3232 5475; x_wconf 77' lang='lat' dir='ltr'><strong>sua:</strong></span> <span class='ocrx_word' id='word_1_849' title='bbox 3255 5420 3445 5475; x_wconf 88' lang='lat' dir='ltr'><strong>salutis</strong></span> <span class='ocrx_word' id='word_1_850' title='bbox 3472 5428 3750 5475; x_wconf 88' lang='lat' dir='ltr'><strong>auctorem</strong></span> 
     </span>
    </p>
   </div>
   <div class='ocr_carea' id='block_1_114' title="bbox 2160 5534 3750 5609">
    <p class='ocr_par' dir='ltr' id='par_1_114' title="bbox 2160 5534 3750 5609">
     <span class='ocr_line' id='line_1_114' title="bbox 2160 5534 3750 5609; baseline -0.002 -15"><span class='ocrx_word' id='word_1_851' title='bbox 2160 5546 2545 5609; x_wconf 80' lang='lat' dir='ltr'><strong>perstrepentcs.</strong></span> <span class='ocrx_word' id='word_1_852' title='bbox 2583 5535 2637 5589; x_wconf 91' lang='lat' dir='ltr'><strong>In</strong></span> <span class='ocrx_word' id='word_1_853' title='bbox 2673 5534 2843 5587; x_wconf 80' lang='lat' dir='ltr'><strong>Editis</strong></span> <span class='ocrx_word' id='word_1_854' title='bbox 2892 5534 3084 5609; x_wconf 74' lang='lat' dir='ltr'><strong>legitur</strong></span> <span class='ocrx_word' id='word_1_855' title='bbox 3130 5550 3143 5586; x_wconf 87' lang='lat'><strong>:</strong></span> <span class='ocrx_word' id='word_1_856' title='bbox 3177 5543 3329 5604; x_wconf 85' lang='lat' dir='ltr'><strong>atque</strong></span> <span class='ocrx_word' id='word_1_857' title='bbox 3356 5535 3750 5603; x_wconf 71' lang='lat' dir='ltr'><strong>occupationem</strong></span> 
     </span>
    </p>
   </div>
   <div class='ocr_carea' id='block_1_115' title="bbox 2153 5606 3064 5676">
    <p class='ocr_par' dir='ltr' id='par_1_115' title="bbox 2153 5606 3064 5676">
     <span class='ocr_line' id='line_1_115' title="bbox 2153 5606 3064 5676; baseline -0.005 -12"><span class='ocrx_word' id='word_1_858' title='bbox 2153 5606 2400 5664; x_wconf 78' lang='lat' dir='ltr'><strong>tantultus</strong></span> <span class='ocrx_word' id='word_1_859' title='bbox 2429 5610 2653 5661; x_wconf 74' lang='lat' dir='ltr'><strong>exterius</strong></span> <span class='ocrx_word' id='word_1_860' title='bbox 2682 5606 3064 5676; x_wconf 82' lang='lat' dir='ltr'><strong>perstrepentis.</strong></span> 
     </span>
    </p>
   </div>
   <div class='ocr_carea' id='block_1_116' title="bbox 2228 5678 2890 5739">
    <p class='ocr_par' dir='ltr' id='par_1_116' title="bbox 2228 5678 2890 5739">
     <span class='ocr_line' id='line_1_116' title="bbox 2228 5678 2890 5739; baseline -0.005 -8"><span class='ocrx_word' id='word_1_861' title='bbox 2228 5681 2253 5717; x_wconf 78' lang='grc' dir='ltr'>ά</span> <span class='ocrx_word' id='word_1_862' title='bbox 2290 5679 2541 5739; x_wconf 71' lang='lat' dir='ltr'><strong>Vindoc.,</strong></span> <span class='ocrx_word' id='word_1_863' title='bbox 2572 5678 2890 5730; x_wconf 77' lang='lat' dir='ltr'><strong>uisitationis.</strong></span> 
     </span>
    </p>
   </div>
   <div class='ocr_carea' id='block_1_117' title="bbox 2231 5743 3763 5822">
    <p class='ocr_par' dir='ltr' id='par_1_117' title="bbox 2231 5743 3763 5822">
     <span class='ocr_line' id='line_1_117' title="bbox 2231 5743 3763 5822; baseline 0.004 -20"><span class='ocrx_word' id='word_1_864' title='bbox 2231 5762 2250 5789; x_wconf 72' lang='grc' dir='ltr'><strong>ι</strong></span> <span class='ocrx_word' id='word_1_865' title='bbox 2273 5752 2305 5803; x_wconf 72' lang='lat'><strong>2</strong></span> <span class='ocrx_word' id='word_1_866' title='bbox 2333 5749 2644 5822; x_wconf 80' lang='lat' dir='ltr'><strong>Laud.,sed</strong></span> <span class='ocrx_word' id='word_1_867' title='bbox 2673 5749 2966 5822; x_wconf 68' lang='lat' dir='ltr'><strong>suspiritu.</strong></span> <span class='ocrx_word' id='word_1_868' title='bbox 3001 5743 3211 5804; x_wconf 89' lang='lat' dir='ltr'><strong>Gemet.</strong></span> <span class='ocrx_word' id='word_1_869' title='bbox 3240 5760 3304 5803; x_wconf 89' lang='lat' dir='ltr'><strong>ac</strong></span> <span class='ocrx_word' id='word_1_870' title='bbox 3326 5746 3416 5802; x_wconf 86' lang='lat' dir='ltr'><strong>alii</strong></span> <span class='ocrx_word' id='word_1_871' title='bbox 3441 5763 3538 5819; x_wconf 90' lang='lat' dir='ltr'><strong>pro</strong></span> <span class='ocrx_word' id='word_1_872' title='bbox 3584 5746 3763 5822; x_wconf 48' lang='lat' dir='ltr'><strong>reple?</strong></span> 
     </span>
    </p>
   </div>
   <div class='ocr_carea' id='block_1_118' title="bbox 2154 5818 3145 5887">
    <p class='ocr_par' dir='ltr' id='par_1_118' title="bbox 2154 5818 3145 5887">
     <span class='ocr_line' id='line_1_118' title="bbox 2154 5818 3145 5887; baseline -0.002 -11"><span class='ocrx_word' id='word_1_873' title='bbox 2154 5833 2231 5877; x_wconf 87' lang='lat' dir='ltr'><strong>tus</strong></span> <span class='ocrx_word' id='word_1_874' title='bbox 2262 5822 2460 5877; x_wconf 85' lang='lat' dir='ltr'><strong>habent</strong></span> <span class='ocrx_word' id='word_1_875' title='bbox 2483 5821 2701 5887; x_wconf 83' lang='lat' dir='ltr'><strong>plenus;</strong></span> <span class='ocrx_word' id='word_1_876' title='bbox 2732 5818 2883 5874; x_wconf 85' lang='lat' dir='ltr'><strong>deest</strong></span> <span class='ocrx_word' id='word_1_877' title='bbox 2913 5826 3145 5874; x_wconf 83' lang='lat' dir='ltr'><strong>sanctus.</strong></span> 
     </span>
    </p>
   </div>
  </div>
