4044 6346
302 316 365 375 8|
1137 315 1504 376 MORALIUM
1543 315 1674 374 LI'B.
1713 315 1904 374 XVIII.
1945 342 2016 359 --
2052 314 2285 375 CAPUT
2325 316 2521 377 XXVII
2559 320 2623 379 Β.
2663 320 2807 379 JOB.

3523 313 3596 374 8?.

307 434 528 505 Moysen
575 441 848 502 putarent,
891 433 1034 489 sicut
1052 442 1104 489 et
1136 442 1164 472 ι
1198 435 1409 489 cuidam
1455 443 1643 489 sanato
1673 433 1899 489 maledi-
1928 436 1978 494 Α
2003 434 2256 488 sermonis
2296 435 2657 508 pliilowphiae.
2681 467 2751 477 —
2781 433 2916 502 Quid
2948 432 3090 490 enim
3122 447 3219 503 per
3238 431 3441 488 Indiam
3472 446 3590 503 qua:

299 537 486 581 centes
543 526 729 579 dicunt
771 545 783 579 :
823 525 904 579 Tu
952 526 1239 595 discipulus
1294 527 1365 580 sis
1405 529 1539 597 ejus.
1568 524 1596 564 ι’
1628 541 1719 579 nos
1763 541 1898 579 enim

303 619 477 689 Πορεὶ
528 621 777 687 discipuli
823 637 1001 673 sumus
1031 618 1211 691 (Joan.
1243 634 1329 686 nt,
1374 620 1488 690 28).
1520 618 1676 675 Unde
1723 618 1900 674 adhuc

298 724 546 783 congrue
572 712 903 767 subinl'crtur
944 730 958 764 :

879 802 1110 859 CAPUT
1146 802 1311 859 XLV.

348 898 618 953 Ialm—BI
621 916 677 953 ec
687 900 1005 969 appendctur
1015 911 1280 970 argentum
1293 900 1344 953 in
1360 899 1754 954 commutatione
1764 899 1896 970 ejus.

370 993 460 1046 75.
503 993 700 1047 Eorum
744 995 834 1064 qui
880 994 1094 1065 Moysen
1118 1003 1208 1048 aut
1258 995 1551 1065 quempiam
1579 1002 1898 1058 sanctorum,

300 1102 404 1141 stt:
432 1087 621 1142 salutis
668 1096 928 1140 auctorem
972 1095 1175 1157 putant,
1223 1087 1451 1140 insania.
1477 1116 1547 1127 —
1591 1086 1726 1151 Quia
1756 1086 1899 1140 enim

301 1187 533 1245 argento
577 1191 724 1241 sseae
762 1168 976 1246 elaqnia
1027 1176 1208 1231 divina
1272 1178 1625 1247 designantur
1673 1187 1902 1244 possunt

307 1264 522 1333 argi-nti
556 1265 821 1321 vocabulo
849 1268 1011 1321 etiam
1059 1266 1306 1335 ejusdem
1358 1268 1558 1337 eloquii
1609 1269 1902 1336 scriptorcs

301 1358 563 1425 intelligi,
593 1359 948 1426 quorum‘vita
982 1358 1121 1413 inter
1153 1361 1334 1412 turbas
1363 1359 1636 1413 hominum
1662 1359 1806 1426 resrl
1834 1376 1901 1414 4n-

300 1447 419 1503 duit
462 1450 588 1503 luce
624 1451 908 1504 virtutum.
950 1449 1056 1505 Sed
1107 1450 1231 1520 quia
1274 1457 1353 1504 lex
1388 1460 1605 1517 peccata
1657 1449 1900 1507 iudicare

302 1541 497 1611 potuit,
524 1556 634 1595 non
677 1541 917 1607 auferre,
945 1558 1049 1595 non
1081 1542 1363 1611 quisquam
1397 1551 1636 1596 veterum
1666 1556 1897 1610 patrum,

302 1649 410 1689 non
454 1633 741 1705 legislator
789 1634 1003 1703 Moyses
1055 1633 1273 1688 humani
1324 1636 1539 1703 generis
1594 1638 1901 1706 redemptor

301 1726 531 1781 exstitit.
579 1727 876 1795 Argentum
920 1740 1050 1794 ergo
1079 1726 1132 1779 in
1164 1728 1586 1782 commutatione
1621 1726 1781 1797 hujus
1812 1742 1899 1781 sa-

2006 527 2215 595 nigrum
2243 530 2497 598 populum
2524 529 2707 594 mittit,
2737 529 2837 583 nisi
2864 528 2949 582 hic
2973 526 3203 581 mundus
3222 526 3507 593 accipitur,
3536 522 3590 578 in

2002 635 2111 689 quo
2151 621 2258 673 vita
2312 620 2586 675 hominum
2640 636 2733 689 per
2764 620 2973 690 cuipam
3022 619 3251 674 obscura
3281 623 3592 686 generatur.

2004 710 2179 766 Tineti
2229 723 2408 767 autem
2469 714 2678 768 colores
2706 712 2888 777 india),
2914 722 3042 767 sunt
3072 709 3230 779 hujus
3274 707 3457 762 mundi
3505 720 3593 760 sa-

2003 802 2248 873 pientes;
2279 804 2370 872 qui
2400 803 2644 875 quamvis
2667 818 2761 873 per
2790 803 3160 858 inﬁdelitatem
3192 812 3246 857 et
3277 801 3593 869 plerumque

2002 905 2101 961 per
2120 893 2385 948 actionem
2411 892 2541 949 foedi
2569 894 2697 960 sint,
2728 901 2854 949 ante
2894 894 3155 947 humanos
3199 902 3374 947 tamen
3405 887 3591 947 oculos

2004 986 2344 1053 superducun
2397 985 2693 1040 honestatis
2730 976 2966 1040 colore-
2998 984 3404 1055 hicantnr..Sed
3446 998 3588 1037 cosc-

2012 1083 2166 1130 terna
2198 1075 2293 1129 Dei
2328 1075 2591 1145 sapientia
2623 1076 2801 1129 tinetis
2830 1075 2992 1129 India:
3028 1075 3297 1129 coloribus
3329 1089 3433 1127 non
3460 1088 3590 1127 con-

2005 1168 2193 1235 fertur,
2223 1169 2346 1239 quia
2376 1168 2616 1239 quisquis
2647 1169 2786 1223 hanc
2818 1169 3085 1222 veraciter
3109 1167 3380 1235 intelligit,
3411 1166 3479 1217 ab
3507 1165 3593 1218 his
3654 1238 3657 1239 ν

2004 1256 2315 1316 hominibus
2340 1277 2476 1332 quos
2501 1264 2732 1317 mundus
2760 1262 3032 1329 sapientes
3060 1259 3223 1312 coluit
3243 1273 3400 1328 quam
3435 1257 3593 1327 longe

2004 1354 2169 1409 distet
2193 1354 2454 1425 agnoscit.
2491 1356 2712 1424 Ipsaque
2756 1356 2873 1423 ejus
2911 1352 3282 1408 tnzmdatorunt
3317 1350 3477 1406 verba
3526 1350 3596 1406 ab

2009 1450 2167 1519 hujus
2220 1452 2398 1503 mundi
2450 1449 2782 1519 sapientibus
2812 1448 3086 1512 differunt,
3117 1449 3206 1517 qui
3247 1447 3369 1499 dum
3422 1445 3597 1499 inten-

2011 1548 2143 1601 dunt
2165 1547 2506 1615 eloquentur,
2538 1562 2722 1599 eorum
2756 1544 2893 1598 dicta
2915 1546 3065 1613 quasi
3092 1544 3305 1610 [ulchra
3339 1548 3598 1610 apparent

2003 1642 2203 1711 Specie,
2235 1650 2289 1694 et
2332 1640 2599 1694 locatione
2630 1642 2903 1703 tinctura);
2933 1648 2985 1691 et
3014 1652 3137 1691 cum
3184 1636 3377 1690 virtute
3408 1650 3587 1689 rerum

2005 1743 2245 1795 careant,
2280 1732 2423 1786 aliud
2449 1746 2507 1786 se
2534 1747 2654 1785 esse
2686 1746 2840 1798 quam
2874 1743 2993 1783 sunt
3018 1732 3300 1783 verborum
3325 1725 3599 1795 composi-

305 1818 526 1888 pientis
579 1833 689 1872 non
722 1818 1069 1887 appenditur,
1120 1818 1247 1886 quia
1286 1819 1515 1887 quilibet
1559 1820 1732 1873 sancti
1780 1834 1901 1875 esse
1934 1827 1983 1887 Β
2012 1824 2435 1892 tionibus,quasi
2461 1823 2799 1892 supeldttctis
2824 1821 3117 1881 coloribus.
3151 1822 3501 1874 mentiuntur.
3531 1819 3601 1872 At

306 1920 632 1982 potuerunt,
669 1913 721 1967 in
754 1913 1156 1982 comparatione
1185 1914 1441 1982 unigeniti
1491 1914 1732 1969 Filii-Dei
1780 1915 1899 1969 nul-

306 2001 409 2059 lius
435 2003 623 2059 meriti
658 2003 826 2059 fuisse
856 2006 1278 2075 pensantur,qui
1302 2004 1402 2060 nisi
1434 2005 1590 2075 hujus
1619 2006 1898 2076 sapientiae

303 2112 490 2153 servos
522 2112 584 2153 se
616 2114 739 2155 esse
765 2109 1176 2167 cognoscerent,
1223 2101 1392 2156 sancti
1422 2101 1726 2156 nullatenus
1774 2100 1901 2155 fuis-

303 2196 443 2243 sent.
475 2188 559 2242 Ad
594 2189 697 2243 hoc
747 2191 945 2258 quippe
979 2190 1052 2244 illi
1087 2191 1235 2245 missi
1263 2201 1410 2256 sunt,
1446 2202 1503 2245 ιιι
1543 2193 1593 2245 in
1642 2193 1898 2247 cordibus

306 2280 586 2337 hominum
616 2282 758 2336 viam
782 2283 908 2337 huic
948 2284 1226 2353 sapientiae
1254 2284 1598 2353 praedicando
1630 2301 1900 2355 prtepara-

310 2383 453 2439 rent,
484 2387 667 2444 neque
694 2382 749 2427 ut
772 2388 870 2444 pro
891 2388 976 2441 ea,
1007 2375 1101 2428 sed
1145 2389 1239 2443 per
1285 2390 1402 2430 eam
1433 2377 1707 2445 subjectos
1730 2391 1899 2447 popu-

306 2463 387 2519 los
417 2474 693 2535 regerent.
723 2466 857 2531 Quia
888 2465 1031 2520 enim
1053 2475 1259 2521 certum
1279 2476 1395 2522 erat
1426 2469 1564 2535 quod
1603 2482 1697 2535 per
1718 2482 1901 2523 acces-

307 2569 424 2609 sum
454 2566 763 2622 temporum
807 2557 1108 2613 delicientis
1145 2558 1331 2613 smculi
1365 2559 1648 2629 languores
1685 2576 1903 2615 excres-

310 2657 519 2715 ccrent,
546 2657 732 2705 actum
763 2660 849 2705 est
875 2659 931 2704 ut
950 2660 1149 2706 {eterna
1174 2652 1268 2706 Dei
1290 2653 1549 2720 sapientia
1580 2653 1632 2706 in
1672 2652 1778 2707 line
1800 2668 1902 2707 sa:-

309 2742 556 2796 culorum
588 2758 688 2812 per
722 2745 1068 2811 semetipsum
1115 2746 1324 2800 veniret
1354 2745 1419 2799 ad
1466 2747 1725 2815 grandem
1760 2746 1902 2802 hunc

309 2842 365 2890 et
391 2835 573 2891 nimia;
596 2836 926 2893 inﬁrmitatis
952 2846 1234 2908 :egrotum,
1252 2838 1304 2892 id
1328 2848 1411 2893 est
1438 2854 1533 2907 per
1556 2848 1723 2894 tomm
1747 2854 1902 2893 mun-

310 2927 434 2981 dum
445 2927 959 2999 jacenslanguidum
975 2945 1145 3001 genus
1160 2932 1473 2997 humanum,
1497 2942 1551 2985 ut
1571 2932 1903 2987 transmissis

310 3018 456 3086 prius
480 3019 947 3088 praedicatoribus,
982 3021 1135 3093 quasi
1164 3021 1481 3092 quibusdam
1514 3022 1898 3089 visitatoribus,

311 3119 455 3165 tanto
508 3117 852 3181 postmodum
885 3124 907 3152 ε
942 3113 1114 3184 major
1160 3116 1373 3169 veniret
1404 3117 1641 3183 potentia
1688 3114 1898 3181 medici,

310 3212 510 3271 quanto
540 3206 712 3274 magis
760 3206 981 3260 morbus
1028 3206 1288 3261 crevisset
1336 3208 1545 3277 tcgroti.
1597 3208 1732 3276 Quia
1773 3221 1902 3263 vero
1929 3213 1976 3275 c

309 3298 482 3355 tmllus
511 3300 629 3353 vice
681 3300 797 3369 ejus
823 3301 891 3355 ad
931 3300 1220 3356 salvandos
1251 3317 1350 3355 nus
1394 3301 1643 3367 mittitur,
1693 3303 1901 3357 dicatur

311 3403 482 3446 reete:
505 3392 615 3447 Nec
640 3396 960 3463 appendetur
986 3402 1257 3465 argentum
1275 3395 1327 3448 in
1344 3395 1738 3451 commutatione
1763 3398 1898 3466 ejus,

312 3482 562 3551 quoniam
617 3487 727 3539 vita
779 3486 1051 3555 justorum
1103 3487 1509 3557 prmdicantium
1567 3486 1903 3556 quantalibet

313 3577 615 3629 sanctitatis
660 3575 782 3631 luce
834 3577 1056 3647 polleat,
1099 3579 1386 3633 adventum
1440 3579 1595 3633 nobis
1654 3592 1902 3644 supernae

317 3666 474 3738 592
528 3668 809 3736 sapientia
860 3684 954 3737 per
1008 3684 1157 3723 suam
1205 3670 1547 3738 prreseutiam
1600 3684 1707 3722 non
1748 3683 1900 3721 com-

315 3768 506 3813 mutat.
538 3758 646 3813 Sed
680 3758 829 3815 t‘uere
860 3761 1013 3815 multi
1052 3760 1335 3832 gentilium
1385 3760 1477 3830 qui
1501 3802 1516 3826 ,
1568 3761 1751 3815 mundi
1806 3760 1903 3814 liu-

315 3850 397 3921 jus
441 3852 745 3922 sapientum
775 3853 1074 3924 disciplinis
1116 3854 1311 3924 dediti,
1353 3869 1418 3910 ea
1448 3869 1566 3925 quas
1595 3863 1722 3909 sunt
1764 3855 1903 3909 inter

320 3944 571 4001 homines
606 3946 832 4001 honesta
858 3956 1228 4010 servarent.et
1252 3948 1542 4003 salvandos
1565 3956 1776 4001 servata
1807 3946 1905 4000 ho-

317 4046 525 4093 nestate
556 4051 616 4092 se
646 4038 967 4102 crederent,
1010 4053 1109 4093 nec
1154 4039 1265 4109 jam
1316 4040 1671 4094 mediatorem
1710 4040 1801 4093 Dei
1851 4047 1907 4094 et

317 4129 594 4186 hominum
651 4139 976 4199 qucererent,
1012 4146 1135 4186 cum
1190 4131 1343 4201 quasi
1398 4130 1753 4186 sufficientem
1798 4130 1900 4186 sibi

318 4221 761 4294 philosophorum
802 4222 1101 4277 doctrinam
1142 4232 1409 4278 tenerent.
1442 4223 1498 4278 ln
1548 4237 1776 4293 quorum
1807 4224 1904 4279 de-

321 4324 505 4384 spectu
534 4328 659 4368 mox
690 4313 937 4369 subditur
960 4331 974 4366 :

641 4428 870 4486 CAPUT
920 4429 1080 4484 XLVI
1115 4428 1261 4501 [Rec.
1296 4429 1568 4503 XXVII].

390 4527 555 4582 Vens.
578 4528 740 4583 lti.-v
753 4526 876 4583 Non
896 4525 923 4565 ἀ
948 4531 1237 4596 conferetur
1258 4529 1426 4581 tinctis
1443 4527 1465 4580 1
1476 4529 1611 4583 ηάὶίε
1628 4526 1903 4582 coloribus.

2002 1926 2209 1978 contra,
2228 1916 2472 1969 doctrina
2494 1914 2767 1982 sapientia:
2788 1926 2837 1969 et
2858 1914 3233 1984 pra'dicatione
3257 1912 3474 1980 pulchra
3492 1919 3598 1978 est,

2006 2006 2027 2047 ί
2062 2018 2117 2063 et
2147 2025 2280 2077 pura
2304 2010 2530 2063 veritate
2563 2009 2850 2074 conspicua
2877 2023 2892 2070 ;
2927 2020 3024 2058 nec
3053 2004 3199 2058 aliud
3240 2018 3299 2057 se
3330 2018 3422 2071 per
3448 2001 3601 2054 falla-

2000 2099 2139 2154 ciam
2170 2097 2453 2166 praetendit
2491 2079 2840 2158 exterius,let
2879 2097 3023 2149 aliud
3063 2101 3304 2148 reservat
3337 2093 3597 2155 interius;

2002 2209 2177 2264 neque
2229 2196 2280 2247 in
2313 2193 2472 2247 dictis
2527 2193 2640 2247 suis
2688 2193 2911 2260 pulchra
2941 2188 3110 2243 videri
3162 2188 3365 2257 appetit
3421 2186 3597 2240 nitore

2003 2286 2293 2350 sermonis,
2327 2286 2419 2340 sed
2456 2285 2762 2354 integritate
2809 2284 3072 2338 veritatis.
3105 2283 3158 2335 In
3201 2279 3466 2334 mandatis
3496 2280 3599 2343 igi-

2011 2387 2099 2433 tur
2128 2378 2239 2431 suis
2280 2376 2375 2430 Dei
2423 2378 2683 2444 sapientia
2744 2392 2848 2431 non
2897 2377 3172 2429 confertur
3204 2373 3383 2428 tinc:is
3434 2373 3600 2428 ludia:

2003 2470 2298 2534 coloribus,
2327 2472 2448 2540 quia
2505 2472 2631 2523 dum
2676 2470 2846 2523 fucata
2902 2468 3223 2534 eloquenti-.n
3277 2476 3596 2521 ornamenta

2005 2577 2112 2616 non
2146 2562 2326 2629 habet,
2371 2562 2521 2631 quasi
2554 2563 2716 2615 vestis
2746 2562 2861 2614 sine
2916 2562 3147 2615 tinctura
3203 2560 3391 2628 placet.
3422 2558 3593 2625 Quam

2005 2653 2337 2708 fucatiunem
2368 2654 2612 2705 tinctum:
2637 2654 2771 2706 bene
2802 2652 3349 2717 I’atiitt5tlespiixerat,
3370 2664 3490 2703 cum
3516 2648 3598 2702 di-

2007 2749 2164 2802 cebat
2191 2765 2200 2800 :
2231 2749 2359 2811 Qua!
2379 2760 2426 2800 et
2450 2746 2657 2814 quut'm.
2682 2764 2708 2798 r
2738 2763 2837 2799 non
2861 2746 2915 2798 in
2942 2748 3105 2799 doctis
3134 2748 3370 2799 humanae
3397 2750 3600 2815 sapien-

2006 2844 2091 2896 tia:
2121 2841 2306 2907 verbis,
2340 2842 2428 2895 sed
2454 2842 2507 2893 in
2530 2841 2769 2893 doctrina
2797 2842 3007 2909 spiri.us
3031 2840 3080 2911 (Ι
3108 2838 3229 2893 Cor.
3265 2855 3322 2902 ιι,
3346 2840 3455 2908 15).
3490 2838 3599 2893 Μίιο

2014 2935 2160 2990 lebat
2202 2935 2401 3004 quippe
2427 2934 2563 2987 hanc
2592 2933 2910 3002 sapientiam
2943 2933 3053 2986 sola
3087 2932 3319 2999 puritate
3355 2931 3597 2985 veritatis

2009 3029 2312 3094 ostendere,
2338 3043 2444 3081 non
2474 3034 2651 3081 autem
2690 3023 2886 3095 eloquii
2909 3025 3166 3079 tinctione
3192 3033 3217 3070 tt
3255 3021 3457 3077 fucare.
3490 3021 3591 3077 Se-

2009 3122 2190 3192 quitur
2222 3139 2237 3176 :

2561 3209 2789 3266 CAPUT
2829 3207 3037 3265 XLVII.

2078 3324 2207 3379 lum.
2223 3350 2296 3364 —
2311 3322 2424 3379 Nec
2447 3321 2607 3391 lapidi
2629 3319 2952 3391 sardonyche
2972 3319 3357 3389 pretiosissima,
3376 3318 3453 3373 vel
3479 3333 3600 3391 sap-

2005 3417 2178 3488 phire.

2079 3509 2390 3565 75.Cluisto
2421 3511 2595 3565 nullus
2621 3519 2711 3564 aut
2737 3510 3002 3564 hominum
3032 3518 3120 3564 aut
3147 3508 3447 3577 angelorum
3467 3523 3603 3564 com-

2005 3607 2286 3675 parandus.
2314 3633 2386 3644 —
2412 3604 2838 3675 Sardonycbum,
2870 3604 2951 3657 vel
2975 3604 3310 3670 sapphirum,
3341 3601 3364 3639 δ
3394 3602 3603 3668 lapides

2010 3695 2279 3763 pretiosos
2323 3709 2428 3747 non
2461 3708 2583 3747 esse
2610 3694 2731 3761 quis
2759 3694 3006 3751 nesciat?
3045 3692 3113 3747 Et
3158 3694 3283 3747 dum
3324 3692 3478 3747 nmlti
3507 3692 3602 3747 alii

2012 3786 2228 3854 pretiosi
2274 3785 2384 3839 sint
2434 3785 2674 3853 lapides,
2733 3787 2824 3855 qui
2882 3785 3038 3854 longe
3068 3787 3200 3838 istos
3243 3785 3599 3839 :cstimatione

2009 3879 2391 3949 magnitudinis
2422 3878 2768 3944 antecellunt,
2803 3893 2900 3933 cur
2939 3876 3225 3948 sapphirus
3269 3878 3351 3932 vel
3402 3877 3593 3931 sardo-

2008 3976 2215 4045 nychus
2258 3973 2594 4043 potissimum
2651 3974 2919 4043 pretiosus
2975 3971 3283 4025 nominatus
3313 3981 3423 4034 cst,
3475 3986 3600 4026 cum

2010 4074 2235 4134 uterque
2264 4065 2400 4133 lapis
2438 4065 2541 4120 iste
2570 4064 2798 4119 aliorum
2837 4062 3071 4130 lapidum
3100 4064 3497 4132 comparatione
3521 4066 3602 4117 vi-

2010 4156 2247 4211 lissimus
2280 4156 2387 4210 sit?
2419 4156 2520 4210 nisi
2553 4164 2610 4209 ut
2653 4171 2748 4210 eos
2779 4156 2984 4222 lapides
3011 4155 3101 4223 qui
3149 4155 3366 4223 pretiosi
3397 4154 3602 4208 descri-

2013 4249 2232 4314 buntur,
2265 4250 2389 4305 dum
2445 4250 2709 4317 pretiosos
2750 4262 2857 4302 non
2911 4262 3030 4301 esse
3075 4248 3484 4315 cognosciums,
3545 4248 3597 4302 in

2012 4359 2199 4398 eorum
2231 4342 2582 4413 intelligentia
2629 4341 2773 4395 aliud
2808 4341 3170 4410 exquiramus.
3217 4340 3603 4411 Sardonychas

2013 4437 2207 4504 quippe
2259 4443 2412 4488 terra:
2449 4433 2625 4488 rubra:
2655 4430 3064 4486 similitudinem
3097 4438 3279 4494 tenet,
3312 4431 3601 4500 sapphirus

2015 4546 2145 4586 vero
2172 4526 2192 4568 ί
2222 4542 2436 4585 aeream
2467 4527 2628 4582 habet
2647 4525 2907 4595 speciem.
2927 4525 3153 4578 l‘oswut
3172 4540 3300 4594 ergo
3330 4527 3380 4578 in
3412 4524 3605 4580 sardo-

389 4625 479 4680 74.
517 4628 783 4693 Quantum
815 4634 1020 4697 prastet
1062 4624 1159 4678 Dei
1208 4625 1480 4695 sapientia,
1514 4625 1702 4693 {ucatte
1739 4624 1905 4678 nitore
1934 4603 1985 4664 D
2008 4622 2184 4695 nycho
2215 4637 2307 4691 per
2329 4631 2527 4677 terram
2558 4619 2773 4674 rubram
2798 4617 3064 4682 homines,
3093 4620 3108 4667 ι
3141 4617 3192 4671 in
3224 4616 3479 4687 sapphiro
3507 4630 3602 4669 au-

391 4822 417 4850 ⁸
449 4812 612 4869 Deest
639 4820 821 4867 sanato
855 4813 908 4867 in
943 4815 1117 4877 Prat.,
1146 4812 1325 4879 Becc.,
1373 4810 1514 4867 Utic.
1568 4812 1626 4863 In
1656 4809 1691 4862 2
1730 4809 1899 4866 Laud.

322 4887 435 4939 voci
478 4894 663 4939 sanato
718 4886 1021 4954 appositum
1086 4893 1202 4950 est,
1260 4880 1634 4952 explicationis
1690 4883 1904 4951 gratia,

320 4971 471 5010 εωεο.

392 5027 417 5065 δ
448 5027 697 5097 Plerique
726 5026 934 5095 Norm.,
958 5043 1050 5082 nos
1082 5034 1271 5079 autem.

394 5108 415 5137 ε
441 5099 501 5152 In
540 5093 670 5153 Mss.
704 5093 934 5163 Bellov.,
962 5098 1147 5162 Corb.,
1184 5098 1368 5151 Germ.
1393 5135 1408 5159 ,
1441 5094 1608 5150 Laud.
1632 5137 1646 5159 ,
1697 5093 1910 5161 Norm.,

321 5178 450 5234 etc.,
478 5183 685 5223 necnon
717 5169 770 5223 in
805 5178 911 5223 vet.
945 5170 1076 5233 Ed.,
1106 5169 1175 5222 ita
1210 5167 1422 5238 legitur.
1455 5167 1509 5220 In
1543 5164 1725 5220 Germ.
1759 5178 1807 5221 et
1860 5168 1910 5220 in

324 5240 711 5309 posteriOribus
738 5240 850 5305 ed.,
897 5241 1063 5307 ﬁeret,
1087 5239 1180 5294 sed
1227 5240 1506 5293 mendose.
1540 5238 1683 5292 Sane
1713 5238 1909 5291 medici

326 5313 415 5365 Dei
447 5309 563 5365 ﬁeri
589 5326 694 5365 non
719 5313 891 5379 potuit
914 5311 1087 5380 major
1120 5311 1381 5379 potentia,
1406 5326 1526 5380 qua:
1550 5324 1672 5364 cum
1706 5309 1910 5363 intinita

323 5384 413 5451 sit,
445 5396 552 5435 non
577 5384 719 5449 capit
742 5382 915 5451 majus
940 5394 1030 5435 aut
1053 5385 1247 5435 minus.

389 5450 417 5491 ἀ
448 5450 633 5507 Germ.
665 5462 719 5507 et
747 5452 989 5515 Gemet.,
1020 5469 1121 5506 non
1149 5456 1427 5523 cotifertur.

396 5533 421 5563 ο
453 5525 679 5587 'l'uron.,
730 5523 1019 5591 fuscantur.
1050 5524 1085 5575 '2
1115 5523 1280 5579 Laud.
1333 5523 1493 5579 habet
1542 5524 1806 5595 fuscantur
1854 5534 1907 5577 et

325 5596 589 5680 (tacentur.
620 5595 830 5664 Germ,
865 5600 1157 5664 fuscanlur,
1208 5595 1470 5663 (uacatio;
1503 5595 1589 5650 hic
1626 5605 1681 5650 et
1707 5596 1908 5667 pluries

325 5668 479 5723 infra.

398 5737 418 5777 ί
442 5737 670 5809 Tui-om,
702 5747 749 5790 et
774 5738 995 5804 puritate
1022 5737 1317 5809 conspicua.

395 5818 423 5854 8
447 5808 655 5872 Norm.,
683 5812 907 5874 fuscare.

2084 4805 2112 4844 ιι
2144 4808 2404 4864 Addtmus
2458 4822 2595 4871 non,
2638 4819 2703 4859 ex
2735 4804 2865 4860 Mss.
2915 4801 3099 4859 Germ.
3125 4844 3141 4867 ,
3191 4805 3348 4858 εστι).
3388 4800 3602 4870 Norm.,

2017 4879 2211 4943 Laud.,
2244 4889 2374 4941 etc.,
2408 4876 2761 4949 adjiciendum
2790 4891 3001 4945 quoque
3040 4877 3381 4949 negationem
3410 4875 3601 4949 probat

2019 4953 2222 5022 integer
2245 4946 2547 5013 contextus,
2583 4951 2632 5022 in
2665 4963 2771 5017 quo
2795 4962 2997 5022 scopus
3028 4948 3198 5022 sancti
3246 4946 3490 5011 Gregorii
3520 4954 3606 5000 est

2018 5018 2304 5076 ostendere
2343 5019 2737 5089 sardonychum
2767 5030 2819 5072 et
2849 5018 3162 5087 sapphirum
3194 5034 3299 5071 non
3332 5031 3455 5089 esse
3482 5031 3603 5079 pre-

2019 5097 2187 5147 tiosos
2231 5094 2457 5156 lapides,
2490 5087 2605 5153 scd,
2641 5100 2697 5144 ut
2748 5092 2863 5163 ipse
2912 5101 3007 5153 ait,
3041 5089 3352 5147 vilissimus,
3386 5087 3431 5138 si
3474 5101 3595 5163 cum

2017 5166 2136 5219 aliis
2185 5164 2377 5230 lapillis
2434 5163 2679 5230 pretiosis
2733 5160 3114 5223 conferantur;
3176 5166 3405 5211 mentem
3455 5160 3603 5230 ctare

2016 5236 2187 5300 atetit
2237 5228 2318 5288 Itis
2349 5228 2525 5289 verbis
2559 5249 2574 5289 :
2604 5235 2727 5285 dum
2780 5235 3027 5301 pretiosos
3076 5246 3184 5283 esse
3230 5228 3600 5301 cognoscimus,

2018 5307 2413 5377 sardonychum
2461 5299 2796 5377 videlicetet
2843 5303 3194 5377 sapphirnm._
3235 5299 3392 5377 Deest
3423 5306 3601 5377 tamen

2018 5367 2238 5446 negatio'
2278 5379 2329 5431 in
2382 5379 2630 5432 omnibus
2665 5376 2761 5429 Ed.
2796 5367 3148 5446 prteterijiiatn
3181 5369 3235 5422 in
3266 5368 3394 5422 edit.
3425 5367 3595 5426 Paris.

2021 5448 2179 5512 141:5,
2205 5459 2255 5503 et
2284 5449 2404 5503 aliis
2436 5448 2661 5501 fortasse
2690 5445 3106 5515 antiquioribus.

2095 5518 2110 5558 ί
2149 5510 2201 5575 In
2231 5520 2266 5574 2
2297 5521 2492 5583 Laud.,
2523 5518 2732 5583 Germ.,
2761 5510 2952 5580 cura,
2984 5512 3169 5569 Germ.
3198 5519 3254 5567 et
3272 5510 3412 5578 aliis,
3441 5511 3604 5581 vulgo

2014 5593 2206 5646 aeriam
2227 5607 2247 5658 ;
2274 5604 2326 5646 et
2346 5594 2417 5647 ita
2444 5592 2716 5654 deinceps-

2093 5664 2112 5741 i_
2148 5656 2374 5729 ’l‘uron.,
2414 5666 2465 5741 in
2494 5659 2747 5741 sapphiro.
2772 5671 2889 5711 vero
2911 5657 2999 5729 qui
3028 5658 3160 5713 neris
3188 5666 3324 5714 tenet
3361 5656 3603 5728 speciem,

2018 5736 2263 5791 visionem
2290 5734 2462 5806 angeli
2487 5728 2764 5798 designari.
