4044 6346
446 559 717 618 immerito
733 564 1004 624 hominem
1019 572 1416 645 designat,quia
1435 559 1489 634 et
1508 585 1694 652 Adam,
1710 588 1798 657 qui
1820 559 2019 657 primus

443 663 525 708 est
544 657 814 726 conditus,
846 662 1033 718 Latino
1056 678 1305 726 sermone
1330 680 1467 729 terra
1500 677 1657 734 rubra
1689 685 2013 741 nominatur.

452 746 588 813 Quid
608 760 692 805 est
717 768 844 824 ergo
874 758 1016 825 quod
1042 759 1259 827 dicitur,
1281 767 1398 832 quia
1422 768 1535 824 hzcc
1563 775 1821 841 sapientia
1856 777 2013 846 lapidi

437 839 794 911 sardonycho,
829 843 989 917 593
1025 850 1109 903 vel
1141 855 1400 921 sapphiro
1450 873 1553 912 non
1586 839 1879 932 confertur,
1911 868 2011 923 nisi

437 931 576 998 quod
596 932 641 985 is
667 934 761 1001 qui
786 946 866 989 est
899 936 988 989 Dei
1013 942 1200 1007 virtus,
1230 955 1282 999 et
1314 947 1402 1001 Dei
1426 951 1713 1019 sapientia,
1751 931 2013 1016 mediator

434 1020 636 1077 scilicet
664 1023 759 1078 Dei
790 1036 841 1080 et
874 1028 1169 1099 hominum,
1201 1034 1357 1091 homo
1383 1038 1622 1095 Christus
1649 1043 1824 1112 .lesus,
1865 1057 2007 1104 tanta

431 1112 792 1180 magnitudine
812 1119 1041 1173 excellat
1071 1124 1271 1190 omnia,
1314 1137 1370 1180 ut
1401 1131 1448 1183 ei
1481 1145 1577 1185 nec
1599 1133 1651 1186 in
1684 1143 1824 1189 terra
1852 1140 2006 1205 primi

434 1202 703 1275 homines,
737 1224 837 1265 nec
868 1211 920 1266 in
953 1216 1092 1269 cmlo
1123 1218 1294 1287 angeli
1327 1230 1740 1292 comparentur?
1774 1230 1920 1285 Unde
1949 1244 2023 1288 et'

428 1308 523 1362 per
550 1288 909 1367 Psalmistam,
941 1305 1134 1361 dicitur
1182 1324 1197 1363 :
1224 1312 1366 1379 .Quis
1396 1288 1464 1366 inv
1480 1317 1692 1372 nubibus
1720 1323 2004 1383 a’quabitur

426 1384 681 1455 Domino,
713 1404 799 1446 aut
846 1399 956 1463 quis
999 1399 1183 1455 similis
1244 1408 1338 1458 erit
1385 1406 1493 1462 Deo
1545 1413 1675 1464 inter
1722 1414 1857 1480 ﬁlios
1905 1415 2002 1469 Dei

424 1476 597 1548 (Psal.
626 1498 883 1553 Lxxxvm,
914 1488 1005 1560 7)?

490 1595 629 1667 [νει.
662 1597 713 1654 Χ
719 1599 767 1653 Χ
771 1601 855 1655 XI
862 1604 902 1675 .j
924 1605 1011 1661 76.
1031 1608 1289 1672 Quantum
1312 1616 1529 1680 apostoli
1552 1617 1749 1671 rwlibes
1778 1624 2002 1675 antecel-

417 1688 525 1743 lunt
568 1696 743 1749 veteris
780 1704 1067 1753 testamenti
1105 1715 1267 1771 patres
1313 1709 1633 1779 conjugatos.
1667 1740 1736 1751 —
1765 1712 1995 1769 Possunt

416 1793 591 1837 alitem
635 1799 730 1854 per
768 1789 1159 1861 sardonychum
1192 1793 1418 1861 lapidem
1451 1811 1628 1866 patres
1688 1806 1990 1859 testatur-uti
2028 1813 2073 1872 Β

415 1875 634 1943 veteris,
686 1893 778 1946 per
822 1883 1129 1949 Sapphiium
1162 1903 1291 1940 vero
1339 1892 1712 1956 praedicatores
1761 1898 1989 1964 exprimi

416 1964 717 2025 testamenti
743 1975 883 2027 novi.
916 1976 996 2030 Illi
1021 1977 1215 2047 quippe
1236 1983 1477 2049 quamvis
1506 2001 1749 2054 magnam
1773 1989 1990 2055 iustitia:

411 2058 571 2115 vitam
598 2070 860 2130 tenerent,
892 2069 1092 2123 carnali
1150 2081 1329 2126 tamen
1375 2076 1737 2143 propagationi
1785 2082 1986 2135 servie-

412 2144 557 2207 bant.
590 2156 723 2222 Quia
754 2156 911 2225 igitur
940 2169 1149 2215 constat
1178 2166 1317 2230 quod
1347 2166 1587 2233 quadam
1622 2178 1831 2223 terrena
1858 2187 1985 2240 age-

405 2242 545 2308 rent,
573 2259 676 2298 non
700 2246 966 2302 immerito
990 2266 1084 2318 pr
1102 2252 1490 2323 sardonychum
1517 2258 1762 2327 lapidem,
1788 2277 1897 2330 qui,
1929 2271 1985 2316 nt

405 2336 767 2405 prmditinius,
796 2350 950 2396 terra:
972 2343 1146 2398 rubrae
1172 2356 1315 2401 tenet
1338 2351 1593 2414 speciem,
1616 2352 1981 2419 designantur.

403 2427 505 2482 l’er
531 2430 835 2498 sapphirum
867 2448 1016 2500 vero,
1045 2438 1135 2503 qui
1171 2440 1387 2493 a-therei
1442 2449 1524 2493 est
1571 2442 1789 2509 coloris,
1822 2454 1984 2499 testa-

401 2521 564 2575 menti
619 2524 739 2577 novi
783 2539 1017 2595 congrue
1073 2530 1448 2595 praedicatores
1503 2537 1831 2601 accepimus,
1888 2534 1980 2605 qui

398 2613 625 2668 carnalis
644 2617 949 2685 propaginis
979 2618 1241 2673 desideria
1279 2633 1679 2691 postponeutes,
1719 2629 1971 2682 caelestia

397 2704 511 2759 sola
566 2709 751 2762 sectati
802 2721 942 2764 sunt.
1008 2712 1156 2767 Unde
1200 2724 1252 2768 et
1306 2721 1583 2785 propheta,
1642 2736 1807 2789 consp
1830 2722 1979 2776 ciens

397 2807 586 2853 cuncta
610 2799 785 2853 carnis
807 2800 1068 2857 desideria
1100 2816 1314 2860 sanctos
1334 2811 1603 2876 apostolos
1634 2813 1861 2879 spiritali
1893 2831 1979 2867 ar-

397 2888 527 2944 dore
551 2895 949 2959 transcendere,
982 2897 1276 2953 admiratus
1302 2901 1376 2954 ait
1409 2918 1422 2955 :
1457 2905 1555 2968 Qui
1576 2915 1691 2959 sunt
1722 2909 1775 2960 lii
1800 2910 1889 2977 qui
1922 2919 1976 2962 ut

300 3036 303 3039 _
392 2982 551 3035 nubes
599 2983 769 3037 volant
802 2986 957 3056 (lsai.
1006 3003 1092 3053 ιι,
1119 2989 1211 3061 8)?
1259 2997 1335 3047 Ac
1362 2995 1407 3048 si
1440 3005 1623 3063 aperte
1650 3000 1789 3053 dicat
1824 3018 1835 3052 :
1868 3002 1975 3056 Nos

390 3084 486 3141 per
516 3080 709 3128 terram
739 3078 1029 3148 gradimur,
1082 3083 1168 3147 qui
1219 3084 1395 3139 adhuc
1425 3087 1684 3157 conjngiis
1728 3093 1970 3157 implica-

1661 286 1901 347 SANCTI
1941 293 2267 352 GREGORII
2307 294 2518 360 MAGNI

3645 326 3717 387 8‘

2835 437 2960 491 pura
2993 426 3311 489 intrinsecus
3339 440 3715 509 perspicuitate

2127 499 2323 558 luceat.
2352 505 2405 558 In
2434 506 2539 559 alio
2569 511 2786 565 metallo
2809 516 3062 584 quidquid
3105 499 3426 583 intrinsecus
3462 499 3711 590 contine-

2126 596 2213 644 tur
2242 593 2626 663 absconditur;
2682 601 2733 655 in
2769 601 2904 657 vitro
2935 622 3062 663 vero
3086 614 3307 680 quilibet
3337 620 3506 689 liquor
3532 625 3708 692 qualis

2121 684 2424 739 Continetur
2480 688 2725 758 interius,
2782 695 2902 752 talis
2926 704 3159 759 exterius
3187 706 3600 782 demonstratur,
3625 727 3705 771 at-

2118 786 2240 840 que,
2260 784 2311 825 ut
2331 774 2400 828 ita
2416 775 2663 844 dixerim,
2679 786 2849 838 omnis
2869 786 3039 857 liquor
3057 791 3107 845 in
3130 794 3301 851 vitreo
3323 803 3540 857 vasculo
3558 808 3705 861 clau-

2116 883 2207 923 sus
2227 880 2391 937 patet.
2415 874 2549 940 Quid
2582 892 2710 947 ergo
2734 881 2877 936 aliud
2903 884 2953 938 in
2978 900 3108 942 auro
3128 892 3206 945 vel
3227 895 3361 947 vitro
3386 899 3699 967 accipimus,

2116 961 2216 1015 nisi
2249 963 2388 1017 illam
2421 981 2708 1037 supernam
2740 976 2989 1042 patriam,
3024 982 3167 1035 illam
3200 986 3473 1043 beatorum
3499 992 3693 1047 civium

2113 1054 2443 1119 societatem,
2478 1074 2704 1127 quorum
2748 1067 2908 1120 corda
2937 1070 3035 1126 sibi
3090 1074 3314 1131 invicem
3369 1090 3423 1134 et
3450 1083 3695 1139 claritate

2113 1143 2339 1214 fulgent,
2367 1157 2423 1201 et
2451 1151 2683 1218 puritate
2731 1159 3091 1217 translucentl
3142 1168 3309 1233 Quam
3356 1170 3587 1230 Joannes
3640 1179 3691 1232 in

2106 1237 2424 1308 Apocalypsi
2478 1257 2869 1316 conspexerat,
2937 1268 3059 1310 cum
3121 1258 3333 1315 dicebat
3389 1282 3403 1317 :
3461 1265 3527 1321 Et
3580 1278 3689 1322 erat

2106 1336 2366 1381 structura
2415 1334 2549 1385 muri
2584 1336 2697 1405 ejus
2737 1355 2799 1393 ex
2825 1342 2997 1411 lapide
3016 1347 3260 1416 juspide;
3284 1354 3399 1419 ipsa
3426 1371 3545 1410 rere
3566 1360 3691 1413 εἰνὶ-

2106 1426 2183 1471 tas
2223 1417 2248 1455 ι’
2296 1436 2480 1473 aurum
2531 1429 2777 1480 uiundum
2830 1435 3033 1498 sinitis,
3080 1441 3209 1492 uitro
3264 1448 3450 1500 arundo
3505 1452 3686 1520 (Apoc.

2104 1523 2195 1563 xxn
2225 1548 2241 1575 ,
2301 1512 2415 1580 18).
2447 1514 2577 1580 Quia
2630 1521 2770 1573 enim
2825 1528 2990 1579 sancti
3048 1543 3234 1587 omnes
3280 1550 3486 1591 summa
3531 1540 3583 1594 iu
3624 1558 3689 1597 ea

2101 1597 2442 1656 beatitudinis
2491 1606 2731 1665 clarita;e
2779 1610 3097 1685 fulgebunt,
3160 1631 3183 1660 ο
3242 1625 3496 1682 instructa
3548 1645 3681 1686 auro

2100 1687 2309 1743 dicitur.

2174 1782 2261 1838 78.
2300 1783 2365 1838 In
2399 1802 2569 1841 earum
2602 1792 2744 1846 uultu
2767 1795 2932 1849 intimi
2966 1801 3125 1855 animt
3152 1820 3331 1860 sensus
3365 1813 3685 1882 conspiciun-

2100 1878 2201 1925 tur.
2237 1903 2307 1915 ——
2341 1876 2406 1929 Et
2437 1881 2687 1945 quoniam
2720 1885 2832 1952 ipsa
2862 1903 3050 1944 eorum
3078 1893 3296 1950 claritas
3316 1899 3548 1955 vicissim
3578 1905 3681 1959 sibi

2097 1964 2151 2017 in
2170 1963 2389 2022 alternis
2408 1971 2663 2027 cordibus
2680 1986 2840 2043 patet,
2864 1989 2917 2033 et
2933 1995 3055 2036 cum
3075 1987 3486 2059 uniuscujusque
3506 1996 3681 2050 vultus

2093 2060 2406 2126 attenditur,
2425 2064 2582 2118 simul
2608 2076 2661 2120 et
2689 2072 3012 2127 conscientia
3030 2088 3357 2151 penetratur,
3391 2085 3550 2156 595
3576 2088 3679 2143 hoc

2094 2148 2267 2215 ipsum
2298 2167 2481 2207 aurum
2536 2158 2672 2210 vitro
2721 2163 2919 2218 mundo
2970 2166 3148 2223 simile
3172 2185 3295 2226 esse
3323 2187 3673 2232 memoratur.

2092 2238 2168 2292 Ibi
2198 2242 2392 2311 quippe
2415 2245 2831 2320 uniuscujusque
2863 2265 3096 2311 mentem
3130 2261 3195 2313 ab
3224 2262 3444 2319 alterius
3474 2269 3668 2332 oculis,

2090 2333 2451 2389 membrorum
2479 2344 2810 2407 corpulentia
2843 2362 2949 2401 non
2995 2352 3311 2420 abscondet,
3342 2358 3435 2413 sed
3469 2361 3672 2426 patebit

2086 2425 2315 2489 animus,
2348 2432 2544 2495 patebit
2566 2439 2935 2503 corporalibus
2959 2446 3127 2498 oculis
3150 2447 3263 2515 ipsa
3287 2451 3448 2504 etiam
3474 2468 3670 2524 corpo-

2089 2520 2161 2569 ris
2175 2518 2656 2590 ltarru0iiia,sicqtie
2670 2533 3031 2601 unusquisque
3050 2548 3174 2592 tunc
3185 2540 3670 2610 eritconspicabilis

2084 2609 2260 2672 alteri,
2289 2612 2424 2666 sicut
2456 2631 2599 2671 nunc
2628 2634 2748 2673 esse
2779 2638 2883 2677 non
2928 2636 3103 2693 potest
3128 2629 3509 2698 conspicabilis
3537 2635 3660 2690 sibi.

2087 2698 2545 2780 [Vet.;X.\’XII.]
2574 2707 2726 2765 Nunc
2753 2725 2928 2768 autem
2949 2719 3110 2771 corda
3142 2732 3318 2774 nostra
3347 2724 3580 2791 quandiu
3609 2726 3665 2782 in

2082 2791 2183 2845 hac
2215 2794 2320 2846 vita
2352 2811 2555 2864 sumus,
2591 2800 2713 2869 quia
2744 2802 2813 2857 ab
2841 2806 3011 2862 altero
3037 2809 3090 2863 in
3118 2812 3339 2867 alterum
3372 2814 3533 2869 videri
3560 2832 3665 2874 non

2084 2894 2326 2949 possunt,
2361 2899 2464 2939 non
2498 2887 2638 2943 intra
2688 2892 2877 2961 vitrea,
2928 2898 3021 2949 sed
3074 2897 3211 2952 intra
3256 2901 3395 2956 lutea
3447 2906 3663 2959 vascula

2081 2978 2497 3048 concluduntur,
2528 2984 2615 3037 cui
2655 2984 2859 3040 scilicet
2886 2989 2999 3043 luto
3026 3007 3119 3058 per
3146 2995 3442 3062 passionem
3472 3000 3664 3054 mentis

2079 3063 2340 3123 inlizcrere
2369 3069 2637 3138 Pr0pheta
2655 3074 2995 3146 formidabat,
3021 3097 3141 3136 cum
3169 3084 3366 3141 diceret
3384 3104 3396 3139 :
3416 3087 3568 3156 Eripe
3585 3106 3664 3146 me

390 3175 532 3227 mur,
557 3173 610 3217 et
629 3169 980 3237 prOpagandze
1005 3171 1173 3223 soboli
1198 3188 1360 3241 opera
1379 3155 1557 3230 carnis
1585 3155 1965 3248 impendimus;

2085 3155 2141 3208 de
2171 3158 2298 3223 luto,
2329 3170 2379 3211 ut
2426 3177 2528 3214 non
2576 3164 2853 3220 inha'ream
2899 3169 3069 3241 (Psat.
3122 3187 3305 3239 mut,
3351 3174 3461 3245 l5).
3510 3178 3662 3245 Quod

389 3254 479 3310 isti
508 3270 636 3311 vero
666 3258 718 3311 in
757 3266 892 3314 terra
921 3278 1025 3316 non
1059 3266 1356 3333 ambulant,
1382 3271 1474 3323 sed
1497 3280 1554 3323 ut
1574 3274 1741 3327 nubes
1769 3276 1970 3341 volant,

388 3348 477 3415 qni
525 3348 650 3402 dum
704 3352 944 3407 cmlestia
1005 3369 1306 3425 appetunt,
1338 3362 1403 3414 de
1437 3367 1659 3417 terrenis
1689 3366 1971 3424 desideriis

387 3434 515 3491 nihil
540 3447 780 3508 tangunt.
805 3442 893 3496 Ait
913 3459 1042 3514 ergo
1066 3449 1184 3516 quia
1212 3449 1304 3503 Dei
1325 3455 1583 3520 Sapientia
1612 3459 1968 3528 sardonyche,

387 3529 475 3585 vel
497 3532 748 3601 sapphiro
772 3536 930 3604 lapidi
958 3554 1061 3593 non
1085 3542 1377 3607 confertur,
1408 3561 1471 3601 ac
1500 3548 1545 3601 si
1578 3558 1815 3615 patenter
1842 3552 1970 3607 insi-

388 3628 556 3687 nuet,
606 3621 788 3678 dicens
830 3644 843 3679 :
880 3626 941 3681 Ei
992 3630 1081 3698 qui
1131 3631 1290 3686 homo
1332 3634 1470 3690 inter
1500 3636 1744 3695 homines
1790 3648 1967 3699 cerni-

387 3718 492 3779 tur,
534 3727 633 3768 nec
686 3716 737 3769 in
789 3720 1021 3788 antiquis
1067 3724 1372 3795 quisquam,
1423 3742 1521 3783 nec
1569 3730 1623 3785 in
1673 3734 1823 3789 novis
1875 3752 1964 3803 pa-

383 3804 549 3859 tribus
586 3820 849 3875 sequatur,
881 3812 1001 3880 quia
1023 3829 1089 3867 ex
1114 3815 1315 3871 Deitate
1346 3819 1503 3875 habet
1523 3822 1665 3890 quod
1694 3825 1744 3877 in
1773 3826 1962 3881 huma-

381 3896 548 3950 nitate
600 3913 920 3969 quemquam
952 3904 1180 3960 similem
1228 3924 1334 3964 non
1389 3910 1570 3967 habet.
1606 3914 1757 3970 Unde
1786 3919 1961 3973 adhuc

378 3986 625 4044 subditur
654 4006 671 4044 ε

915 4084 1142 4144 CAPUT
1186 4086 1408 4150 XLVIII.

416 4186 563 4244 Vers.
596 4190 682 4245 17.
706 4221 779 4236 --
800 4194 922 4249 Non
943 4198 1298 4262 ada'quabrtur
1326 4208 1372 4258 ei
1395 4222 1580 4261 aurum
1601 4212 1677 4266 vel
1705 4214 1915 4272 vitrum.

445 4303 534 4359 77.
556 4304 701 4361 Beati
720 4309 983 4379 fulgebunt
1008 4314 1058 4364 iu
1081 4318 1203 4368 caelo
1231 4327 1473 4387 tanquam
1492 4338 1697 4389 aurum,
1725 4330 1950 4383 transtu-

373 4390 630 4450 eebuntttt
659 4399 864 4452 vitrum.
918 4431 989 4441 —
1018 4403 1147 4469 Quis
1188 4405 1289 4461 hoc
1346 4424 1531 4464 sanum
1565 4416 1777 4483 sapiens
1799 4419 1950 4487 juxta

378 4482 613 4541 litteram
636 4493 834 4545 sentire
854 4490 1130 4562 dignetur?
1154 4496 1360 4553 Vitrum
1383 4502 1598 4572 quippe,
1627 4482 1683 4561 ut
1702 4482 1949 4577 superius

370 4578 624 4647 diximus,
657 4596 789 4639 auro
823 4585 978 4657 longe
1008 4600 1089 4642 est
1122 4591 1311 4659 vilius;
1344 4604 1396 4649 et
1427 4606 1706 4668 postquam
1750 4602 1949 4685 dictum
1984 4602 2038 4661 D

342 4678 449 4725 est
474 4674 613 4741 quod
658 4690 844 4729 aurum
878 4679 1001 4734 huic
1053 4685 1328 4749 sapientia:
1354 4702 1457 4741 non
1490 4692 1817 4760 adazqnatur,
1851 4677 1947 4752 ad-

369 4764 472 4821 huc
498 4768 652 4836 quasi
681 4771 974 4827 crescendo
1000 4776 1336 4849 subjungitnr
1361 4784 1501 4851 quod
1531 4784 1579 4839 ei
1610 4803 1820 4857 quoque
1849 4807 1948 4847 nec

367 4856 564 4923 vitrum
593 4862 996 4929 possitzequari.
1013 4863 1117 4919 Sed
1144 4866 1255 4934 ipsa
1280 4886 1375 4924 nos
1399 4874 1573 4928 littera
1596 4877 1663 4931 ab
1685 4856 1944 4937 historico

367 4950 649 5006 intellectu
675 4952 949 5020 deﬁciens,
975 4958 1041 5011 ad
1076 4961 1426 5029 indagandum
1453 4969 1719 5037 allegoriae
1747 4986 1945 5044 mystc-

363 5042 499 5095 rinm
516 5043 697 5097 mittit.
712 5044 840 5098 Auri
855 5062 1079 5116 namque
1094 5055 1359 5109 metallum
1374 5060 1617 5115 novimus
1632 5064 1822 5130 potiori
1838 5082 1947 5122 me-

364 5137 768 5195 t'allisomuibus
790 5140 1030 5200 claritate
1056 5144 1275 5216 fulgere.
1304 5157 1328 5186 ι
1352 5151 1481 5209 Vitri
1496 5171 1621 5210 vero
1645 5167 1843 5214 naturae
1862 5169 1945 5215 est

378 5344 381 5345 ν
443 5311 467 5341 ἰ
492 5303 927 5395 ΙΙξιμ-οῳίιυξηιυε
947 5324 1012 5364 ex
1035 5310 1224 5395 κάμοῦ.
1259 5314 1450 5385 Land.,
1496 5322 1699 5383 Cerm.,
1730 5324 1940 5395 Norm.,

365 5383 471 5428 etc.
505 5375 655 5453 Prius
679 5378 972 5453 legebatur,
996 5382 1110 5435 vitri
1136 5399 1251 5438 vero
1281 5375 1467 5441 naturis
1498 5404 1589 5453 est,
1618 5375 1675 5447 ut
1689 5375 1938 5453 attriti”:

362 5458 455 5528 sua
476 5445 581 5528 uisu
602 5463 765 5528 pura,
796 5452 1097 5507 intrinsecus
1125 5459 1487 5521 perspicuitate
1515 5445 1793 5528 prrlucest.

434 5513 460 5552 δ
486 5514 569 5599 Ita
602 5516 676 5569 Ed
696 5524 1050 5599 Orec._._(ierm.
1080 5513 1485 5595 vei'o,'()entct.,

362 5594 419 5639 et
449 5586 538 5639 alii
570 5588 763 5654 passim
816 5591 965 5653 Mss..
993 5612 1118 5648 auro
1169 5586 1361 5651 arundo
1415 5586 1593 5667 simili,
1642 5586 1934 5665 εἰαρινοῦ.

361 5656 572 5743 Genu"
596 5668 1042 5743 aurummumtum
1070 5668 1283 5731 similes,
1315 5679 1421 5727 ctc.
1453 5656 1613 5741 Editi,
1645 5656 1934 5743 vet.,vauro

360 5726 550 5780 mundo
575 5728 779 5793 similis,
810 5740 919 5797 etc.

2080 3247 2331 3304 nimirum
2379 3247 2405 3287 ἀ
2457 3254 2819 3312 habitaculum
2866 3276 3153 3331 corporum
3206 3266 3400 3321 Paulus
3440 3269 3660 3326 domum

2080 3348 2387 3397 terrestrem
2420 3348 2675 3413 nominat,
2710 3350 2932 3408 dicens:
2965 3356 3192 3425 (Scimus
3219 3362 3461 3429 quoniam
3484 3368 3527 3417 si
3550 3375 3657 3419 ter-

2076 3431 2251 3483 restris
2279 3434 2463 3488 domus
2506 3448 2684 3494 nostra
2726 3444 2881 3513 hujus
2916 3455 2939 3483 ο
2974 3448 3304 3506 habitationis
3332 3454 3655 3526 dissolvatur,

2073 3524 2211 3591 quod
2238 3528 2625 3593 uadi/irationem
2647 3550 2709 3586 ex
2723 3532 2829 3589 Deo
2851 3536 3121 3605 habemus,
3135 3542 3339 3598 domum
3357 3563 3459 3601 non
3480 3565 3659 3603 manst-

2074 3614 2264 3684 factam
2294 3632 2537 3676 retentam
2564 3625 2616 3678 in
2646 3629 2784 3682 caelis
2809 3628 2897 3701 (Il
2925 3631 3045 3687 Cor.
3076 3651 3131 3701 v,
3160 3635 3241 3696 1).
3268 3638 3325 3693 In
3350 3638 3449 3695 hac
3480 3644 3657 3713 itaque

2075 3712 2317 3765 terrestri
2334 3712 2493 3768 domo
2510 3732 2785 3789 quousque
2808 3722 3051 3789 vivimus,
3074 3727 3268 3795 ipsum,
3293 3742 3347 3783 ut
3369 3731 3440 3785 ita
3456 3731 3653 3801 dicam,

2069 3804 2428 3871 corruptionis
2446 3817 2641 3883 nostra:
2656 3813 2912 3879 parietem
2938 3819 3133 3872 mentis
3157 3822 3328 3876 oculis
3348 3823 3651 3880 nullatenus

2069 3894 2435 3960 penetramus,
2470 3909 2518 3951 et
2554 3902 2787 3957 vicissim
2831 3905 2885 3959 in
2907 3907 3026 3963 aliis
3077 3910 3261 3966 videre
3308 3913 3511 3967 occulta
3544 3932 3651 3972 nou

2066 3999 2371 4053 possumus.
2396 3988 2416 4027 ί
2442 3990 2589 4047 Unde
2615 4005 2797 4050 sancta
2820 3996 3054 4054 Ecclesia
3085 4004 3270 4071 sponsi
3299 4006 3381 4059 sui
3414 4007 3648 4075 speciem

2067 4075 2253 4130 videre
2301 4078 2355 4132 in
2406 4081 2681 4142 divinitate
2732 4086 3064 4157 desiderans,
3096 4108 3195 4149 nec
3233 4105 3407 4149 tamen
3438 4098 3641 4166 valens,

2064 4164 2183 4232 quia
2208 4168 2523 4223 aeternitatis
2555 4174 2698 4228 illius
2721 4175 2944 4231 fortnam
2977 4196 3136 4249 quam
3169 4184 3363 4239 intueri
3386 4191 3643 4257 concupi-

2061 4267 2207 4310 verat
2222 4260 2288 4310 ah
2313 4258 2429 4329 ejus
2447 4264 2613 4316 oculis
2630 4276 2902 4335 assumpta
2925 4269 3633 4349 humanitasabscondebat,

2060 4343 2114 4397 in
2144 4344 2377 4402 Canticis
2432 4352 2761 4407 canticorum
2795 4371 3027 4414 atterens
3053 4360 3183 4416 dicit
3235 4380 3250 4418 :
3302 4364 3383 4418 ιςη
3414 4367 3520 4437 ipse
3540 4379 3642 4429 stat

2059 4450 2171 4506 post
2221 4444 2469 4509 parietem
2516 4456 2743 4499 nostrum
2783 4447 2956 4520 (Cant.
3010 4468 3069 4519 tt,
3115 4454 3191 4523 9).
3247 4459 3323 4512 Ac
3375 4460 3419 4514 si
3460 4472 3642 4529 aperte

2087 4529 2226 4586 dicat
2262 4552 2277 4587 :
2310 4533 2421 4605 Ego
2450 4536 2588 4593 hunc
2620 4541 2671 4595 in
2698 4541 2993 4599 divinitatis
3009 4561 3118 4601 sum
3132 4548 3242 4618 jam
3262 4554 3439 4619 specie
3459 4554 3640 4611 videre

2060 4620 2328 4687 desidero,
2365 4626 2456 4680 sed
2488 4629 2661 4713 adhuc
2712 4647 2741 4686 a
2774 4635 2977 4690 visione
3025 4636 3168 4693 illius
3200 4654 3295 4707 per
3346 4654 3635 4713 assumptae

2058 4716 2235 4769 carnis
2268 4719 2521 4785 parietem
2554 4706 2836 4782 excludor.
2883 4728 3172 4799 Quousque
3217 4734 3398 4805 itaque
3452 4738 3505 4791 in
3540 4740 3638 4796 hac

2059 4810 2385 4876 corruptibili
2444 4829 2603 4868 carne
2660 4818 2902 4881 vivimus,
2936 4823 3285 4889 Cogitationes
3337 4838 3548 4883 nostras
3577 4828 3633 4885 in

2054 4899 2371 4957 alterutrum
2404 4923 2506 4959 non
2534 4910 2792 4967 videmus.
2820 4913 2972 4970 Unde
3004 4933 3210 4972 rursum
3244 4934 3337 4989 per
3386 4924 3634 4985 eumdem

2056 4989 2276 5046 Paulum
2310 4995 2505 5049 dicitur
2533 5014 2550 5049 :
2591 5002 2716 5063 Quis
2747 5008 2844 5057 scit
2870 5005 3134 5061 hominum
3177 5027 3296 5079 qua:
3317 5024 3437 5067 sunt
3468 5017 3633 5069 homi-

2055 5085 2156 5148 nis,
2187 5088 2284 5140 nisi
2306 5090 2516 5156 spiritus
2544 5092 2764 5148 hominis
2788 5098 2874 5165 qui
2899 5097 2950 5150 in
2974 5100 3083 5170 ipso
3110 5102 3237 5173 est'fl
3269 5102 3386 5157 Cor.
3418 5120 3476 5171 tt,
3513 5106 3633 5181 il]?

2054 5174 2119 5230 Et
2164 5193 2379 5234 rursum
2403 5198 2417 5234 :
2446 5180 2621 5238 Nolite
2634 5188 2874 5256 judicare
2899 5200 3014 5245 ante
3035 5202 3253 5261 tempus,
3278 5195 3437 5251 donec
3466 5201 3631 5255 veniat

2122 5345 2143 5373 ο
2177 5336 2782 5420 Yittdocqronstructa.
2815 5348 2849 5402 2
2889 5349 3055 5407 Laud.
3077 5394 3093 5419 ,
3124 5355 3334 5413 Gemet.
3381 5370 3437 5416 et
3484 5342 3627 5420 Εάίι,

2047 5403 2285 5481 But-llrol.
2315 5426 2402 5465 an.
2431 5412 2499 5466 14
2524 5415 2591 5478 lit,
2619 5403 2931 5474 instructura
2951 5403 3106 5481 cum):

2116 5476 2138 5511 ά
2171 5478 2400 5562 Ἐυιηη..
2428 5476 2772 5562 habitatur/um
2800 5508 3124 5562 corporeum.

2117 5555 2138 5583 ε
2168 5548 2526 5629 (ἱρηίων-φρίσ
2562 5557 2609 5606 si
2664 5548 2913 5616 terrestris
2962 5548 3145 5620 domus
3189 5568 3538 5629 habitationis.
3586 5575 3622 5629 2

2041 5614 2234 5678 Land..
2262 5614 2661 5679 inltubittttimtis.

2114 5685 2135 5771 ξ
2174 5688 2390 5771 Vindoc.
2425 5693 2574 5748 Unde
2621 5710 2671 5751 et
2700 5718 2891 5769 sponsa
2927 5707 2979 5759 iu
3020 5707 3284 5762 divinitate
3343 5711 3619 5771 Dominum

2038 5758 2203 5811 uidere
2226 5761 2543 5819 desiderans.
