4044 6346
448 343 518 402 87
1661 343 1906 401 SANCTI
1947 342 2279 404 GREGORll
2311 345 2525 402 MAGN!
3664 353 3732 410 88

452 458 624 515 Aliter
648 469 778 526 ergo
805 455 1163 513 venerandum
1193 462 1276 511 est
1300 455 1483 511 lumen
1510 455 1847 523 illuminans,
1872 457 2039 513 aliter
2066 464 2119 521 Α
2145 461 2361 530 patione
2390 460 2534 514 illius
2575 458 2824 515 essentite
2863 459 3065 529 aliquid
3113 459 3300 528 simus,
3345 475 3735 534 cognoscamus

448 553 629 606 lumen
674 550 1062 615 illuminatum;
1093 550 1249 603 aliter
1283 548 1491 617 justitia
1517 548 1842 615 justiﬁcans,
1881 550 2040 605 aliter

448 641 654 713 iustitia
675 640 982 707 justilicata.
1007 639 1154 711 [Vet.
1177 638 1371 693 XXXI
1386 638 1754 709 V.]Sapieutia
1782 656 1911 697 vero
1938 650 2038 706 est,

447 742 505 788 et
525 734 702 802 sapit;
737 747 834 786 nec
881 732 1041 785 habet
1078 731 1221 785 aliud
1252 745 1393 795 esse,
1440 731 1584 785 aliud
1632 747 1854 801 sapere;
1899 732 2041 786 servi

448 835 627 879 autem
657 824 942 894 sapientiae
977 837 1097 877 esse
1122 822 1337 893 quidem
1364 823 1635 892 sapientes
1664 834 1908 893 possunt,
1944 840 2041 880 nec

449 928 627 975 tamen
664 920 764 973 hoc
805 915 1143 971 habentesse
1165 916 1306 986 quod
1333 930 1554 982 sapere;
1588 929 1710 969 nam
1740 930 1860 970 esse
1912 932 2038 985 pos-

455 1020 602 1075 sunt,
630 1017 686 1064 et
713 1014 985 1077 sapientes
1017 1024 1123 1062 non
1150 1021 1291 1063 esse.
1342 1006 1513 1062 liabet
1541 1008 1704 1060 vitam
1754 1007 2041 1075 sapientia,

452 1100 550 1155 sed
600 1116 704 1154 non
752 1098 894 1152 aliud
921 1098 1102 1163 habet,
1135 1107 1190 1153 et
1210 1098 1353 1152 aliud
1377 1107 1480 1162 cst,
1504 1098 1702 1167 quippe
1724 1098 1808 1152 cui
1838 1098 1938 1152 hoc
1959 1107 2044 1152 est

452 1205 575 1247 esse
597 1190 741 1260 quod
770 1189 971 1244 vivere.
1006 1188 1158 1245 Servi
1188 1199 1365 1242 autem
1397 1188 1669 1256 sapientia:
1699 1201 1818 1242 eum
1846 1188 2042 1243 habent

453 1283 639 1343 vitam,
671 1282 815 1335 aliud
868 1290 1014 1345 sunt,
1060 1288 1115 1334 et
1157 1278 1302 1334 aliud
1336 1279 1554 1344 habent,
1604 1280 1801 1349 quippe
1848 1279 2042 1349 quibus

452 1386 559 1426 non
590 1381 673 1426 est
700 1371 804 1426 hoc
835 1371 1007 1439 ipsum
1040 1386 1160 1425 esse
1199 1370 1339 1439 quod
1374 1371 1589 1435 vivere;
1645 1384 1769 1423 nam
1812 1378 2041 1437 possunt

444 1460 600 1533 juxta
628 1463 827 1532 aliquid
860 1478 1002 1527 esse,
1035 1478 1137 1517 nec
1181 1464 1389 1517 vivere.
1414 1462 1571 1517 Aliud
1601 1464 1798 1532 quippe
1822 1463 1927 1517 illis
1955 1472 2040 1519 est

446 1570 591 1622 esse,
617 1555 757 1609 aliud
806 1558 1011 1621 vivere,
1043 1556 1166 1623 quia
1198 1554 1247 1607 in
1299 1555 1414 1623 ipso
1445 1562 1663 1621 parente
1694 1556 1865 1623 primo
1897 1563 1924 1590 ⁸
1955 1568 2041 1608 es-

452 1651 679 1705 sentiam
709 1650 950 1706 habuere
979 1666 1076 1720 per
1120 1650 1352 1717 initium,
1388 1650 1547 1704 vitam
1593 1664 1689 1719 per
1717 1664 1996 1705 accessum
2023 1667 2037 1717 ;

446 1744 697 1813 quoniam
728 1744 875 1812 prius
921 1743 990 1796 de
1019 1753 1159 1798 terra
1191 1741 1365 1797 factus
1416 1750 1500 1796 est
1529 1742 1708 1805 homo,
1754 1739 1785 1780 δ
1812 1750 1866 1796 et
1893 1750 2038 1809 post-

2143 552 2526 621 nosmctip~os,
2558 553 2678 620 quia
2726 566 2889 619 prope
2923 552 3050 605 nihil
3083 567 3288 609 sumus.
3346 554 3490 609 Bene
3545 558 3727 627 itaque

2143 644 2335 700 dicitttr
2361 661 2374 697 :
2408 643 2519 697 Nec
2547 645 3078 697 commemorabuntur
3100 647 3151 697 in
3180 648 3564 717 comparatione
3594 652 3731 722 ejus,

2144 737 2266 806 quia
2298 751 2427 790 vasa
2458 739 2571 790 auri
2603 737 2812 791 excelsa
2841 746 2896 789 et
2924 737 3233 802 eminentia,
3268 755 3388 805 qua:
3417 755 3483 795 ex
3516 744 3730 807 partici-

2146 832 2361 901 patione
2387 831 2661 900 sapientia-
2687 830 2841 884 nobis
2866 831 3166 883 veneranda
3199 846 3341 895 sunt,
3368 833 3419 887 in
3450 848 3731 903 compara-

2143 922 2290 977 tione
2337 921 2615 991 sapientia:
2665 921 2826 975 etiam
2887 923 3228 975 memoranda
3263 940 3367 979 non
3417 936 3566 980 sunt.
3598 928 3732 992 Quia

2143 1027 2272 1068 vero
2295 1012 2411 1067 hate
2440 1013 2699 1081 sapientia
2725 1012 2973 1066 humanis
3000 1014 3253 1068 cordibus
3298 1015 3525 1071 latenter
3552 1016 3732 1073 inl‘un-

2145 1108 2311 1172 ditur,
2362 1108 2502 1161 sicut
2550 1108 2615 1160 de
2647 1116 2832 1160 sancto
2885 1105 3086 1174 Spiritu
3139 1122 3350 1179 quoque
3380 1110 3580 1164 dictum
3604 1120 3731 1167 est:

2146 1200 2375 1270 Spiritus
2425 1199 2512 1251 ubi
2572 1197 2677 1251 rult
2728 1200 2912 1268 spirat,
2962 1210 3010 1251 et
3056 1216 3223 1253 vacem
3277 1201 3390 1270 ejus
3442 1203 3632 1267 audis,
3686 1211 3736 1258 et

2144 1290 2307 1344 nescis
2336 1290 2469 1343 unde
2492 1291 2679 1354 veniat,
2698 1298 2786 1342 aut
2808 1306 2905 1359 quo
2937 1291 3086 1343 radat
3108 1290 3288 1359 (Joan.
3314 1307 3395 1360 ιιι,
3427 1292 3505 1364 8),
3532 1294 3735 1351 idcirco

2143 1378 2482 1450 subjuogitur
2508 1398 2520 1433 :

2771 1474 2998 1531 CAPUT
3029 1475 3112 1531 Ll.

2216 1566 2344 1621 lato.
2376 1595 2447 1607 —
2476 1565 2730 1620 Trahitur
2760 1562 2891 1621 enim
2917 1569 3167 1638 sapientia
3190 1570 3253 1623 de
3285 1571 3516 1626 occultis.

2214 1678 2303 1733 8'5.
2337 1679 2433 1734 Dei
2482 1683 2730 1751 sapientia
2758 1699 2820 1736 ea:
2850 1684 3058 1736 occultis
3090 1684 3328 1739 rerelata.
3363 1683 3590 1739 Ecclesia
3619 1703 3737 1742 cum

2144 1776 2371 1826 deessent
2400 1775 2563 1843 aperti
2592 1774 2781 1840 hostes,
2812 1776 2998 1826 tentari
3019 1775 3171 1841 coepit
3197 1791 3229 1827 a
3252 1776 3377 1829 suis.
3414 1775 3490 1829 De
3512 1778 3737 1832 orcultis

446 1835 691 1899 modum,
714 1837 853 1889 sicut
874 1836 1133 1904 scriptum
1158 1844 1240 1889 est
1270 1852 1283 1887 :
1318 1833 1599 1901 [aspiravit
1625 1834 1680 1887 in
1712 1834 1895 1903 faciem
1925 1834 2035 1904 ejus

2146 1866 2407 1933 sapientia
2442 1865 2688 1930 trahitur,
2739 1867 2862 1935 quia
2886 1880 3005 1919 cum
3035 1867 3101 1919 sit
3135 1867 3437 1932 invisibilis,
3470 1884 3576 1924 non
3631 1870 3737 1925 nisi

446 1927 762 1995 spiraculum
780 1928 912 1991 vitta,
933 1938 979 1981 et
1006 1930 1172 1996 factus
1193 1937 1267 1980 est
1294 1926 1447 1979 homo
1472 1928 1525 1979 in
1547 1928 1771 1980 animant
1795 1928 2041 1981 virentem

447 2019 660 2092 (Cenes.
692 2037 750 2085 tt,
785 2020 861 2090 7).
893 2020 1163 2089 Sapientia
1196 2034 1325 2073 vero
1352 2018 1513 2072 habet
1536 2019 1846 2082 essentiam,
1886 2020 2044 2075 habet

449 2114 647 2178 vitam;
680 2114 773 2169 sed
803 2114 903 2167 hoc
924 2113 1064 2182 quod
1093 2112 1271 2177 habet,
1302 2113 1413 2180 ipsa
1447 2120 1549 2165 est.
1578 2102 1810 2164 Proinde
1832 2111 2041 2166 incom-

446 2208 777 2263 mutabiliter
803 2206 951 2272 vivit,
977 2206 1098 2275 quia
1127 2222 1232 2259 non
1258 2221 1322 2259 ex
1348 2205 1632 2267 accidenti,
1663 2205 1757 2259 sed
1775 2206 2038 2261 essentia-

442 2302 568 2357 liter
598 2301 753 2355 vivit.
785 2300 910 2357 Sola
936 2313 1064 2367 ergo
1091 2313 1210 2352 cum
1238 2298 1396 2352 Patre
1416 2308 1468 2351 et
1490 2309 1681 2351 sancto
1704 2298 1904 2366 Spiritu
1934 2313 2030 2354 ve-

447 2397 647 2450 raciter
664 2401 768 2459 est,
797 2393 947 2461 cujus
961 2392 1212 2448 essentia!
1230 2400 1594 2460 comparatum
1617 2405 1738 2445 esse
1761 2400 2037 2459 nostrum,

440 2504 547 2541 non
576 2502 695 2542 esse
723 2496 823 2540 est.
859 2486 990 2540 Huic
1023 2486 1070 2539 si
1102 2484 1501 2554 conjungimur,
1548 2497 1748 2548 sumus,
1785 2484 2037 2551 vivimus,

443 2581 715 2651 sapimus;
737 2580 863 2634 huic
884 2579 928 2633 si
951 2593 1346 2647 comparamur,
1369 2591 1465 2631 nec
1488 2577 1746 2647 sapimus,
1775 2590 1877 2631 nec
1902 2577 2039 2631 vivi-

440 2687 559 2728 mus
590 2673 837 2737 omnino,
871 2686 972 2726 nee
1002 2686 1209 2724 sumus.

512 2762 602 2817 82.
634 2763 813 2818 Sancti
835 2774 1025 2833 quanto
1048 2763 1212 2834 magis
1240 2760 1404 2815 Deum
1428 2770 1758 2832 cognoscunt,
1782 2770 1924 2815 tanto
1943 2762 2042 2816 sibi

443 2854 712 2911 vilescunt.
747 2884 820 2895 —
844 2854 978 2909 lline
1004 2861 1086 2908 est
1114 2853 1255 2923 quod
1284 2852 1455 2906 sancti
1505 2866 1711 2914 omnes,
1742 2851 1955 2919 quando
1984 2854 2038 2906 in

449 2946 544 3001 Dei
576 2947 786 3000 visione
818 2945 1125 3013 proﬁciunt,
1155 2954 1352 3013 quanto
1380 2941 1550 3009 magis
1578 2940 1873 2994 divinitatis
1902 2951 1925 2980 ε
1951 2941 2036 2994 in-

450 3047 601 3091 terna
630 3035 988 3104 conspiciunt,
1037 3040 1185 3087 tanto
1218 3031 1386 3101 magis
1431 3046 1490 3084 se
1534 3030 1664 3083 nihil
1695 3044 1814 3083 esse
1844 3044 2040 3098 cogno-

443 3140 621 3188 scunt.
647 3131 920 3201 Nusquam
955 3130 1152 3199 quippe
1198 3128 1395 3196 legitur
1424 3126 1566 3196 quod
1593 3126 1859 3180 Abraham
1890 3128 2038 3182 cine-

2145 1956 2487 2011 invisibiliter
2518 1957 2811 2011 invenitur.
2858 1958 2988 2022 Qua:
3020 1968 3165 2012 recte
3200 1975 3412 2029 quoque
3465 1960 3599 2014 trahi
3650 1962 3729 2015 di-

2144 2051 2306 2114 citur,
2338 2050 2459 2117 quia
2485 2050 2622 2103 sicut
2651 2050 2832 2102 llatntn
2853 2048 3136 2115 trahimus,
3166 2058 3224 2103 ttt
3250 2066 3446 2120 corpus
3473 2050 3632 2115 vivat,
3659 2051 3735 2108 sic

2145 2142 2213 2195 ab
2246 2142 2450 2196 intimis
2501 2142 2782 2209 sapientiai
2831 2134 3053 2211 spiritus
3109 2143 3342 2208 ducitur,
3389 2154 3449 2198 nt
3476 2145 3541 2199 ad
3574 2147 3735 2200 vitam

2146 2234 2321 2285 anima
2355 2232 2631 2286 subsistat.
2654 2232 2804 2288 Unde
2822 2234 3099 2287 Psaltnista
3130 2235 3234 2287 ait:
3260 2235 3330 2289 0s
3346 2253 3511 2289 meum
3531 2237 3734 2305 aperui,

2124 2334 2191 2387 ⁴εἰ
2220 2328 2410 2379 attraxi
2439 2326 2678 2391 spiritum
2709 2324 2881 2397 (Psal.
2914 2342 3102 2392 (ζμ-ιιι,
3138 2326 3285 2395 151).
3326 2328 3456 2393 Qua)
3485 2330 3734 2384 nimirum

2144 2420 2429 2487 sapientia,
2460 2428 2482 2455 ο
2517 2419 2747 2473 humana
2792 2434 2955 2474 carne
2986 2435 3109 2475 cum
3157 2421 3336 2474 anima
3368 2420 3613 2475 rationali
3647 2437 3734 2475 su-

2143 2521 2349 2579 scepta,
2377 2510 2502 2564 dum
2528 2512 2596 2564 ab
2617 2511 2818 2565 intimis
2840 2511 3179 2580 apparuisset
3202 2513 3250 2564 in
3281 2522 3551 2581 promptu,
3582 2530 3734 2567 mun-

2142 2606 2243 2659 dus
2267 2605 2353 2659 hic
2402 2605 2525 2673 quia
2556 2614 2831 2658 auctorem
2879 2619 3035 2658 suum
3068 2604 3385 2657 invisibile‘m
3415 2604 3595 2659 videre
3628 2622 3734 2661 non

2143 2702 2333 2770 potuit,
2391 2715 2546 2768 quem
2598 2698 2864 2752 visibilem
2908 2700 3191 2768 conspexit
3244 2698 3550 2760 hominem,
3609 2714 3734 2754 enin

2143 2806 2356 2862 qqune
2404 2802 2459 2845 et
2513 2789 2836 2845 illVisllillClll
2864 2790 3083 2861 agnovit
3114 2789 3301 2843 Deum.
3353 2790 3624 2843 Conversa
3653 2799 3734 2849 est

2141 2889 2208 2941 ab
2230 2885 2565 2941 inﬁdelitatis
2595 2900 2705 2938 sua:
2738 2884 2972 2939 tenebris
3005 2884 3232 2953 superba
3266 2885 3412 2953 prius
3454 2898 3549 2937 sna
3581 2898 3734 2937 aver-

2142 2978 2297 3034 sione
2329 2978 2621 3045 gentilitas,
2680 2979 2910 3031 ostensis
2941 2977 3107 3046 signis
3133 2984 3290 3044 atque
3323 2975 3577 3045 prodigiis
3604 2990 3725 3030 crc-

2142 3071 2217 3125 vit
2246 3070 2414 3133 ﬁdes;
2449 3076 2741 3139 propagata
2766 3078 2944 3123 autem.
2981 3067 3105 3132 ﬁde,
3159 3068 3211 3120 in
3244 3068 3586 3122 veneratione
3606 3084 3728 3121 om-

2145 3163 2296 3217 nium
2323 3171 2526 3215 sancta:
2549 3161 2804 3215 Ecclesiae
2827 3160 3039 3214 culmen
3071 3158 3309 3213 emicuit.
3337 3161 3432 3213 Cui
3455 3175 3574 3213 cum
3592 3159 3735 3214 dces.

441 3238 557 3325 rem
582 3224 932 3325 ῗ¹ῗ¹¹¹νθτίῗ¹¹¹
975 3237 1033 3325 δέ
1068 3234 1190 3325 esss
1212 3220 1486 3325 proras???
1509 3226 1615 3321 es,“
1646 3234 1758 3325 nm,
1775 3233 1893 3271 cum
1940 3219 2036 3325 ha:
2066 3248 2113 3311 C
2145 3266 2266 3312 seut
2308 3257 2477 3325 aperti
2528 3255 2843 3322 adversarii,
2899 3253 3093 3308 tentari
3147 3253 3312 3322 coepit
3350 3268 3380 3307 a
3427 3253 3554 3309 suis.
3600 3252 3732 3311 Nam

439 3315 568 3371 bere
593 3315 689 3370 Dei
713 3315 904 3370 meruit
930 3312 1366 3368 eollocutiouem.
1388 3311 1477 3364 Ait
1502 3312 1645 3364 enim
1678 3327 1691 3363 :
1726 3309 1931 3379 Loquar
1963 3314 2036 3365 ad

438 3406 726 3461 Dominum
756 3423 945 3471 meum,
974 3421 1088 3458 cum
1111 3405 1207 3457 sim
1228 3403 1396 3474 pulvis
1424 3411 1471 3455 et
1502 3402 1629 3455 cinis
1648 3399 1858 3469 (Cenes.
1882 3418 2035 3469 xvnt,

437 3499 558 3570 27).
595 3502 727 3553 Esse
748 3500 892 3553 enim
924 3514 982 3553 se
1013 3496 1215 3567 aliquid
1251 3497 1479 3549 fortasse
1507 3495 1779 3559 crederet,
1808 3497 1852 3551 si
1885 3512 2040 3551 vera-

437 3608 561 3648 cem
594 3592 883 3647 essentiam
915 3606 1037 3661 qua:
1064 3605 1226 3657 super
1255 3589 1428 3657 ipsum
1459 3599 1542 3642 est
1572 3587 1793 3643 minime
1822 3589 2033 3645 sensis-

437 3693 542 3739 set.
575 3686 643 3737 At
669 3698 799 3737 vero
824 3682 912 3737 ubi
943 3682 1008 3735 ad
1034 3678 1527 3735 incommutabilem
1558 3680 2034 3746 contemplandum

438 3790 606 3844 super
634 3790 693 3828 se
721 3782 902 3842 raptus
925 3780 1029 3835 est,
1075 3772 1329 3837 impletus
1377 3774 1535 3824 tanta
1559 3771 2034 3838 contemplationis

450 3865 708 3936 potentia,
732 3865 858 3917 dntn
882 3863 1090 3916 videret
1116 3862 1288 3925 illum,
1317 3862 1387 3914 nil
1410 3877 1468 3913 se
1490 3875 1609 3914 esse
1635 3860 1738 3914 nisi
1758 3863 2034 3930 pulverem

438 3958 592 4012 vidit.
625 3957 760 4010 lline
786 3964 871 4009 est
897 3956 1056 4008 etiam
1086 3953 1226 4021 quod
1257 3951 1522 4018 Propheta
1562 3954 1801 4020 repletus
1833 3954 2022 4009 eadem

437 4050 727 4119 sapientia,
752 4050 1017 4102 exclamat
1044 4064 1056 4098 :
1092 4044 1373 4107 Memento,
1410 4042 1654 4109 Domine,
1682 4045 1819 4114 quod
1864 4047 2033 4114 pulvis

433 4161 612 4199 sumus
635 4141 810 4210 (Psal.
834 4156 926 4205 Cll,
959 4138 1197 4208 15)..Qui
1222 4151 1407 4191 rursus
1433 4135 1673 4205 ejusdem
1723 4138 2027 4193 incommu-

436 4239 759 4292 tabilitatem
783 4233 1035 4289 essentiaa
1083 4231 1499 4299 contemplatus,
1530 4231 1609 4284 ait
1643 4248 1654 4283 :
1690 4230 1879 4284 Omnia
1902 4233 2034 4286 sicut

431 4332 783 4385 vestimentum
812 4314 1139 4387 veterascent,
1170 4332 1217 4377 et
1244 4324 1375 4376 sicut
1399 4323 1708 4391 aperturium
1740 4321 1767 4359 ἀ
1800 4324 2020 4378 mutabis

431 4440 513 4489 ea,
541 4432 587 4475 et
612 4419 976 4483 mutabuntur;
1004 4426 1058 4469 tu
1102 4424 1271 4469 autem
1297 4415 1430 4468 idem
1475 4414 1584 4482 ipse
1624 4432 1695 4480 es,
1726 4424 1771 4468 et
1793 4416 1916 4468 anni
1955 4417 2031 4465 tui

429 4530 535 4569 non
560 4512 794 4581 deficient
822 4509 998 4579 (Psal.
1021 4524 1093 4578 Ct,
1117 4508 1208 4572 2'7,
1240 4505 1354 4575 28).
1386 4506 1521 4561 llinc
1542 4505 1607 4559 ad
1643 4507 1859 4578 Moysen
1888 4507 2026 4562 dici-

2142 3350 2327 3405 multa:
2349 3363 2565 3418 quoque
2585 3347 2639 3402 in
2667 3363 2729 3401 ea
2763 3348 3001 3401 haereses
3024 3352 3227 3399 exorta:
3251 3353 3435 3400 contra
3463 3360 3581 3400 eam
3611 3345 3733 3399 duri

2142 3439 2455 3496 certaminis
2499 3440 2635 3495 bella
2682 3447 3027 3508 paraverunt.
3078 3437 3390 3493 Exercenda
3423 3438 3621 3507 quippe
3648 3444 3733 3492 est

2140 3534 2244 3589 hoc
2277 3545 2516 3602 tempore
2542 3548 2637 3601 per
2671 3532 2930 3597 laborem,
2992 3546 3111 3600 quae
3161 3533 3410 3597 sequenti
3452 3531 3622 3585 tendit
3661 3530 3733 3586 ad

2141 3626 2661 3682 remunerationem.
2694 3624 2806 3690 Qua
2834 3638 2897 3675 ex
2930 3636 2988 3675 re
3020 3620 3217 3675 factum
3243 3630 3327 3675 est
3351 3628 3408 3673 nt
3434 3620 3483 3673 iu
3513 3633 3576 3673 ea
3597 3635 3732 3674 non-

2142 3717 2272 3772 nulli
2302 3716 2602 3785 prodirent,
2626 3712 3190 3783 quimediatoremDei
3223 3721 3277 3767 et
3307 3711 3605 3777 hominum,
3633 3713 3731 3767 ho-

2140 3813 2339 3865 minem
2370 3808 2647 3864 Christum
2675 3807 2858 3863 Jesum
2912 3821 3101 3875 purum
3158 3804 3431 3859 hominem
3487 3813 3730 3859 creatum

2141 3903 2418 3967 dicerent,
2464 3901 2558 3955 sed
2616 3916 2680 3954 ex
2727 3900 2894 3968 gratia
2918 3898 3254 3963 deilleatum;
3310 3904 3629 3963 tantumque
3677 3894 3730 3951 ei

2142 3993 2447 4052 sanctitatis
2474 3992 2794 4058 tribuerent,
2852 4000 3110 4059 quantum
3141 3988 3208 4042 de
3237 3989 3437 4042 sanctis
3493 3987 3728 4051 caneris,

2139 4089 2255 4158 ejus
2282 4086 2535 4141 videlicet
2558 4085 2793 4151 famulis,
2818 4083 3184 4153 agnovissent.
3211 4082 3356 4147 Quos
3392 4082 3579 4137 beatus
3600 4079 3726 4146 Job,

2135 4183 2433 4254 prophetiae
2461 4180 2649 4251 spiritu
2690 4179 2921 4244 alﬁatus,
2959 4166 3240 4233 sententiae
3265 4191 3376 4233 suae
3415 4174 3728 4231 deﬁnitione

2137 4277 2433 4347 redarguit,
2456 4276 2643 4331 dicens
2667 4291 2680 4328 :

2521 4386 2746 4443 CAPUT
2774 4384 2858 4440 LII
2886 4382 3035 4458 [νει.
3056 4379 3313 4452 XXXV].

2204 4484 2372 4538 Vsus.
2403 4482 2488 4537 l9.
2552 4508 2621 4520 —
2668 4478 2793 4533 Non
2819 4475 3178 4545 adwquabitur
3214 4476 3262 4526 ei
3306 4470 3325 4511 ί
3365 4470 3624 4543 topasium
3659 4470 3726 4524 de

428 4619 517 4663 tnr
549 4625 563 4660 :
597 4576 709 4675 ligo
740 4576 853 4658 sunt
881 4604 967 4671 qui
997 4576 1146 4665 sum;
1175 4611 1219 4654 et
1250 4601 1386 4653 dices
1421 4599 1542 4665 ﬁliis
1575 4576 1743 4653 Israel
1772 4615 1790 4653 :
1826 4600 1931 4664 Qui
1955 4610 2028 4655 est
2056 4618 2111 4679 Β
2138 4576 2430 4679 λΕῘῙξίοῖξαί

426 4700 566 4753 misit
609 4713 686 4751 me
707 4697 774 4748 ad
815 4710 902 4749 vos
949 4692 1147 4764 (Exod.
1177 4708 1257 4756 lit,
1318 4691 1405 4757 Μ,
1460 4690 1571 4760 15).
1632 4690 1790 4745 Solus
1831 4693 2031 4761 quippe

426 4789 692 4844 veraciter
762 4795 894 4850 est,
945 4783 1034 4853 qui
1117 4782 1265 4836 solus
1328 4781 1838 4836 incommutabiliter
1906 4797 2024 4850 per-

430 4888 634 4938 manet.
669 4878 801 4932 Nam
861 4890 1020 4931 omne
1069 4874 1211 4944 quod
1271 4874 1429 4927 modo
1459 4875 1558 4937 sic,
1588 4882 1643 4927 et
1682 4873 1842 4927 modo
1869 4873 2025 4930 aliter

426 4985 549 5040 est,
608 4972 757 5042 juxta
852 4985 959 5024 non
1041 4982 1161 5021 esse
1216 4974 1319 5020 est.
1404 4965 1724 5019 Permanere
1775 4966 1917 5020 enim
1970 4966 2024 5021 in

424 5077 566 5120 statu
593 5078 691 5119 suo
721 5077 826 5115 non
860 5066 1051 5127 potest.
1112 5061 1286 5126 Atque
1318 5056 1477 5126 597
1527 5055 1704 5123 aliquo
1755 5056 1915 5109 modo
1956 5058 2023 5109 ad

425 5172 533 5216 non
564 5170 685 5211 esse
712 5155 840 5218 itur,
864 5152 990 5205 dum
1019 5149 1086 5203 ab
1106 5164 1171 5205 eo
1194 5149 1334 5216 quod
1360 5147 1533 5201 fuerat
1556 5160 1771 5215 semper
1791 5147 1855 5200 ad
1879 5146 2023 5201 aliud

434 5266 531 5319 per
560 5254 825 5303 momenta
868 5252 1166 5312 temporum
1198 5240 1430 5294 ducitur.
1462 5237 1534 5292 Ut
1564 5251 1693 5305 ergo
1723 5236 1774 5290 in
1808 5236 2024 5304 partici-
2068 5303 2074 5308 .

508 5369 534 5395 ἰ
565 5360 756 5427 Aliter,
788 5355 1029 5427 Habuere
1056 5369 1166 5427 esse
1189 5368 1277 5427 per
1290 5349 1523 5427 initium.

502 5429 531 5467 δ
563 5416 774 5491 Οθιιιιί,
802 5429 834 5479 2
863 5426 1054 5491 Land.,
1086 5416 1248 5477 Corb.
1284 5418 1491 5491 Gcrtn.,
1542 5417 1798 5491 lleccens.
1821 5424 1876 5469 et
1904 5416 2017 5483 alii,

427 5512 474 5557 et
519 5487 843 5568 postmodum
880 5487 1131 5568 scriptum
1158 5502 1231 5547 est
1263 5507 1283 5545 :
1318 5488 1583 5559 inspiravit
1615 5488 1667 5539 in
1694 5487 1879 5557 faciem
1903 5492 2018 5557 ejus

426 5582 474 5629 et
492 5576 658 5643 factus
681 5576 795 5643 est,
810 5577 915 5623 etc.

499 5631 833 5706 sLaud.,'in
864 5647 1019 5694 terra.
1046 5634 1233 5698 Corb.,
1268 5631 1479 5693 Germ.,
1510 5636 1718 5706 aeterna.

496 5712 523 5751 ἀ
559 5711 715 5778 Editi,
740 5698 1005 5764 'Omnes...
1058 5711 1445 5778 veterascent.._._
1489 5698 1706 5752 ntutabis
1732 5712 1817 5753 ea.
1844 5698 2009 5756 Corb.

424 5785 633 5845 Gertn.,
656 5772 833 5836 omnia
852 5784 1228 5833 veterascent...
1255 5772 1473 5845 mutabis
1493 5786 1597 5845 eos.

503 5865 528 5895 ο
559 5840 703 5909 Utic.
725 5861 782 5907 et
811 5852 1089 5909 Beccens.,
1121 5852 1320 5914 prater
1347 5844 1483 5895 hanc
1507 5841 1817 5908 lectionem,
1848 5840 2004 5898 istam

2209 4672 2300 4726 84.
2335 4668 2659 4738 Refclluntur
2679 4665 2764 4734 qui
2788 4664 3049 4719 Christum
3076 4668 3319 4731 tanquam
3340 4674 3525 4723 purum
3552 4658 3723 4712 homi-

2133 4782 2249 4821 nem
2283 4762 2477 4817 cceteris
2500 4759 2691 4814 sanctis
2719 4757 2937 4812 similem
2961 4755 3164 4807 docent.
3225 4780 3297 4792 —
3343 4751 3478 4819 Quid
3509 4751 3724 4806 Ethio-

2134 4858 2299 4927 piam,
2325 4854 2427 4910 nisi
2458 4858 2776 4920 przcsentem
2804 4847 3063 4902 mundum
3094 4843 3429 4913 accipimus?
3477 4856 3597 4911 quae
3626 4856 3723 4895 co.

2136 4954 2266 5008 loris
2297 4948 2572 5021 nigredine
2598 4945 2840 5013 designat
2872 4952 2898 4990 ε
2938 4950 3273 5010 peccatorem
3317 4937 3594 5007 populum,
3622 4935 3723 4991 la:-

2135 5044 2302 5099 ditate
2331 5042 2668 5096 meritorum.
2701 5035 3003 5106 Aliquando
3037 5047 3165 5087 vero
3192 5032 3483 5101 Ethiopise
3502 5028 3723 5084 nomine

2134 5134 2442 5204 specialiter
2484 5130 2754 5201 gentilitas
2808 5123 3079 5195 designari
3150 5123 3322 5187 solet,
3388 5118 3724 5174 inﬁdelitatis

2137 5229 2287 5296 prius
2319 5227 2469 5289 nigra
2498 5223 2751 5289 peccatis.
2792 5220 2963 5285 Quam
3013 5215 3265 5271 veniente
3293 5213 3518 5269 Domino
3549 5212 3724 5266 ﬂaba-

2126 5343 2330 5398 habent
2369 5358 2383 5395 :
2433 5354 2661 5393 humana
2692 5351 2865 5394 carne,
2908 5334 3081 5387 anima
3127 5331 3401 5393 mediante,
3455 5337 3716 5399 suscepta,

2122 5430 2283 5484 quam
2335 5411 2592 5467 exhibent
2630 5408 2789 5462 etiam
2842 5403 3047 5467 Germ.,
3104 5402 3351 5470 Pratelh,
3407 5400 3647 5463 Ebroic.,
3684 5402 3719 5452 2

2124 5486 2292 5609 mini.
2307 5550 2472 5607 Laud.
2500 5549 2660 5604 habet
2678 5562 2915 5617 semper,
2947 5544 3233 5612 tepadium.

2190 5636 2216 5674 s
2244 5626 2299 5679 In
2326 5624 2449 5683 Ed.,
2478 5612 2813 5690 peccatorum
2825 5618 3071 5690 populum
3100 5616 3478 5690 [redimuntque
3501 5612 3715 5690 merito-

2120 5713 2258 5751 rum.
2284 5684 2681 5750 Secuti'sumus
2708 5684 2836 5747 Mss.
2872 5684 3082 5753 Germ.,
3102 5684 3322 5753 'Norm.,
3344 5686 3481 5747 duos
3510 5684 3711 5749 Laud.,

2117 5768 2283 5823 Corb.
2305 5765 2511 5826 Cerm.,
2538 5767 2644 5818 etc.
