4104 6350
265 348 332 404 89
1041 346 1404 406 MORALIUM
1442 346 1571 405 LIB.
1613 347 1800 405 XVIII.
1839 380 1913 395 —
1947 349 2173 409 CAPUT
2210 351 2401 410 XXVII
2439 354 2502 413 Β.
2540 354 2671 418 .IOB.
3388 430 3397 435 _
3465 367 3535 424 90

263 483 364 525 ene
389 464 646 537 propheta
667 463 802 521 vidit
846 466 1038 522 timore
1067 465 1425 533 perterritam,
1473 475 1526 520 et
1554 464 1630 519 ait
1660 482 1675 514 :
1738 464 1840 521 Ta-
1868 470 1921 531 Α
1947 464 2110 520 homo
2136 477 2429 539 conceptus
2458 479 2621 541 atque
2646 473 2851 542 editus,
2897 483 3020 546 post
3043 490 3141 547 per
3188 480 3438 536 meritum
3471 490 3533 539 ut

262 560 453 614 nacula
505 558 834 629 Ethiopium
882 566 1220 625 expavescunt
1242 596 1263 624 ,
1322 558 1648 612 tabernacula
1701 568 1848 611 terra:
1952 557 2094 612 Deus
2116 571 2262 615 esset
2292 563 2516 632 accepit,
2538 564 2633 620 sed
2664 568 2941 623 nuntiante
2981 571 3194 643 angelo,
3226 581 3280 626 et
3311 582 3336 610 ε
3366 572 3532 629 adve-

262 651 484 705 Jladiun
507 650 737 724 (llabac.
762 666 837 714 ιιι,
872 651 950 720 7).
978 704 991 709 7,
1009 650 1172 704 David
1218 664 1431 720 quoque
1459 654 1717 720 propheta
1763 651 1847 706 vi-

262 747 398 800 dens
420 746 560 814 quod
593 745 657 797 ad
686 744 922 798 Judmatn
947 742 1313 798 redimendam
1338 744 1843 811 veniretDominus,

262 842 361 895 sed
390 848 515 892 ante
544 839 817 908 gentilitas
868 837 1135 901 crederet,
1179 846 1237 891 et
1290 838 1631 906 postmodum
1661 838 1843 892 Judaea

260 937 601 998 sequeretur,
626 930 766 982 sicut
790 927 1049 996 scriptum
1074 936 1155 981 est
1182 944 1196 980 :
1221 925 1399 981 Donec
1428 928 1695 999 plenitudo
1722 946 1847 999 gen-

260 1026 389 1077 tium
407 1024 654 1087 introiret,
688 1031 734 1077 et
755 1022 828 1074 sic
859 1022 1021 1073 omnis
1049 1018 1218 1074 Israel
1250 1021 1419 1074 salvus
1463 1022 1605 1089 ﬁeret
1665 1020 1843 1090 (Rom.

260 1130 339 1174 at,
364 1112 491 1178 25);
520 1114 686 1167 dicit:
737 1111 1013 1183 Etltiopia
1059 1114 1330 1180 prazveniet
1370 1130 1554 1167 manus
1595 1115 1705 1183 ejus
1736 1112 1844 1167 Deo

259 1202 737 1275 (Psat.t.vn,52);
786 1204 839 1258 id
889 1213 1002 1269 est,
1063 1204 1371 1274 priusquam
1423 1204 1605 1260 Judma
1636 1206 1840 1272 credat,

259 1296 576 1350 salvandam
602 1310 661 1349 se
689 1295 846 1348 ollert
875 1295 1227 1363 omnipotenti
1260 1295 1369 1349 Deo
1410 1296 1644 1364 peccatis
1690 1296 1841 1365 nigra

263 1389 559 1455 gentilitas.
584 1387 874 1455 Topazium
894 1402 1025 1442 vero
1054 1388 1325 1455 pretiosus
1347 1389 1480 1456 lapis
1502 1396 1614 1453 est;
1640 1396 1697 1441 et
1716 1382 1840 1457 q'uia

255 1479 444 1534 Graeca
476 1479 649 1549 lingua
676 1501 778 1533 παν
812 1493 958 1531 omne
978 1477 1192 1544 dicitur,
1245 1494 1342 1547 pro
1394 1492 1460 1532 eo
1502 1478 1643 1548 quod
1692 1478 1841 1533 omni

254 1572 439 1626 colore
463 1572 787 1639 resplendet,
817 1572 1078 1637 topazium
1111 1582 1137 1608 ⁸
1162 1571 1318 1640 quasi
1349 1572 1646 1639 topantium
1678 1585 1841 1625 voca-

254 1672 367 1718 tur.
398 1664 526 1717 Dum
552 1678 680 1717 vero
732 1663 896 1734 598
950 1664 1003 1717 in
1054 1665 1220 1718 Deum
1268 1678 1526 1718 conversa
1568 1663 1840 1733 gentilitas

253 1756 589 1819 credidit,ex
614 1770 677 1810 ea
707 1758 853 1809 multi
880 1756 948 1809 ita
974 1765 1100 1809 sunt
1134 1754 1277 1810 dono
1306 1755 1388 1808 sui
1419 1753 1654 1823 Spiritus
1685 1755 1836 1810 locu-

1948 650 2130 705 niente
2162 651 2387 720 Spiritu,
2442 670 2566 709 mox
2613 655 2847 712 Verbum
2895 659 2949 713 in
2980 669 3155 728 utero,
3207 676 3335 717 mox
3383 662 3529 719 intra

1949 750 2158 796 uterum
2206 742 2440 798 Verbum
2492 759 2658 812 caro,
2708 756 2764 803 et
2802 760 3053 805 manente
3103 751 3529 810 incommutabili

1945 837 2198 901 essentia,
2226 852 2344 907 quae
2366 838 2415 892 ei
2444 846 2528 893 est
2556 854 2677 894 cum
2707 841 2863 897 Patre
2892 852 2945 898 et
2969 858 3092 899 cum
3121 857 3307 901 sancto
3336 846 3526 916 Spritu

1945 936 2238 992 coasterna,
2272 931 2564 1000 assumpsit
2608 932 2748 987 intra
2776 933 3011 1004 virginea
3065 936 3271 992 viscera
3302 939 3444 993 unde
3472 946 3531 994 et

1949 1022 2298 1092 impassibilis
2327 1025 2460 1092 pati,
2509 1035 2565 1079 et
2611 1026 2928 1082 immortalis
2979 1031 3137 1095 mori,
3188 1038 3243 1086 et
3295 1040 3529 1086 aeternus

1944 1122 2071 1167 ante
2092 1117 2288 1168 saecula
2313 1116 2624 1184 temporalis
2646 1128 2829 1186 posset
2846 1134 2967 1175 esse
2989 1120 3041 1175 in
3058 1121 3160 1176 line
3181 1123 3525 1189 saeculorum,

1944 1217 2004 1261 ut
2027 1223 2122 1276 per
2161 1209 2429 1265 inell‘abile
2456 1220 2850 1267 sacramentum
2877 1256 2892 1280 ,
2925 1223 3187 1284 conceptu
3216 1226 3399 1271 sancto
3418 1257 3435 1283 ,
3472 1224 3530 1272 et

1946 1307 2101 1368 partu
2132 1300 2449 1367 inviolabili,
2479 1302 2772 1356 secundum
2805 1306 3085 1359 veritatem
3132 1307 3407 1376 utriusque
3430 1320 3528 1360 na-

1950 1393 2105 1454 turae,
2130 1390 2321 1446 eadem
2345 1392 2498 1460 virgo
2528 1401 2585 1447 et
2610 1394 2803 1448 ancilla
2834 1394 3043 1451 Domini
3072 1406 3215 1451 esset
3249 1406 3304 1452 et
3329 1408 3525 1453 mater.

1944 1480 2035 1536 Sic
2060 1482 2257 1552 quippe
2276 1484 2327 1537 ei
2355 1484 2423 1538 ab
2455 1484 2729 1540 Elisabeth
2756 1486 2951 1542 dicitur
2980 1504 2997 1543 :
3058 1488 3210 1543 Unde
3255 1490 3348 1543 hoc
3377 1490 3527 1557 mihi,

1946 1582 2002 1625 ut
2033 1574 2201 1627 veniat
2232 1586 2393 1629 ntater
2439 1576 2648 1631 Domini
2701 1579 2800 1633 ntei
2827 1581 2896 1632 ad
2921 1596 3000 1634 me
3029 1580 3179 1651 (Luc.
3213 1596 3253 1645 ι,
3281 1581 3411 1651 45η
3463 1581 3531 1636 Et

1946 1666 2058 1735 ipsa
2100 1667 2261 1737 Virgo
2289 1671 2596 1739 concipiens
2623 1671 2805 1725 dixit:
2861 1672 2994 1726 Ecce
3037 1675 3232 1727 ancilla
3278 1673 3529 1739 Domini;

1946 1759 2039 1826 [iat
2070 1758 2197 1811 mihi
2224 1761 2502 1813 secundum
2555 1762 2764 1815 verbum
2810 1771 2954 1816 tuum
3001 1763 3190 1833 (Ibid.,
3222 1780 3257 1829 ι,
3299 1762 3412 1829 58).
3466 1763 3532 1819 Et

252 1848 464 1916 pietati,
497 1855 552 1901 ut
578 1845 727 1916 quasi
762 1846 943 1900 multis
970 1846 1260 1910 coloribus,
1306 1845 1385 1899 sic
1410 1846 1591 1899 multis
1630 1845 1839 1899 virtuti-
1874 1835 1921 1895 Β
1948 1850 2194 1920 quamvis
2222 1851 2354 1928 ipse,
2378 1852 2524 1905 aliud
2554 1868 2619 1907 ex
2654 1853 2833 1921 Patre,
2878 1855 3022 1909 aliud
3053 1872 3118 1911 ex
3152 1856 3389 1926 Virgine,
3423 1872 3530 1912 non

252 1938 357 1992 bus
385 1939 617 1992 luceant.
671 1937 775 1992 Sed
814 1953 882 1991 nc
930 1940 1164 2006 acceptis
1212 1938 1499 2006 quisquam
1556 1938 1839 1992 virtutibus

254 2028 575 2093 extollatur,
632 2042 661 2080 a
715 2038 902 2081 sancto
929 2027 1045 2081 viro
1084 2041 1222 2081 nunc
1249 2027 1483 2082 dicitur:
1539 2025 1664 2081 Non
1696 2029 1839 2081 ade:-

254 2122 494 2192 quabitur
520 2121 569 2173 ei
607 2122 865 2188 topaziuin
894 2120 958 2173 de
986 2118 1279 2188 xEthiopia.
1306 2124 1381 2173 Ac
1399 2120 1443 2173 si
1466 2129 1649 2188 aperte
1664 2118 1838 2177 dicat:

251 2213 439 2268 Nullus
464 2225 765 2268 sanctorum
797 2214 1122 2282 quibuslibet
1170 2214 1455 2271 virtutibus
1488 2215 1698 2282 plenus,
1766 2227 1837 2268 ex

246 2309 355 2363 ista
381 2319 559 2363 tamen
594 2308 869 2376 nigredine
893 2306 1075 2361 mundi
1112 2310 1134 2343 υ
1167 2306 1478 2373 collectus,
1538 2305 1738 2373 aequari
1786 2304 1837 2359 ei

246 2412 442 2472 potest,
473 2402 539 2456 de
558 2416 664 2470 quo
694 2401 949 2469 scriptmn
978 2409 1059 2453 est
1084 2417 1096 2452 :
1141 2400 1291 2464 Quod
1319 2409 1553 2452 nascetur
1602 2408 1623 2435 ο
1679 2413 1743 2452 ex
1794 2405 1840 2452 te

247 2505 511 2557 sanctum,
539 2492 797 2545 vocabitur
824 2489 996 2544 Filius
1025 2490 1118 2543 Dei
1150 2489 1304 2561 (Luc.
1330 2506 1368 2556 ι,
1394 2488 1505 2558 55).
1546 2488 1654 2544 Nos
1681 2490 1833 2558 quip-

249 2601 322 2656 pe
351 2588 450 2640 etsi
482 2585 655 2639 saneti
684 2585 967 2648 eiliciniur,
995 2598 1099 2637 non
1133 2593 1308 2636 tamen
1336 2582 1508 2636 saneti
1538 2582 1833 2647 nascimur,

246 2681 369 2749 quia
396 2660 510 2747 ipsa
540 2686 743 2732 natura:
802 2676 1169 2744 corruptibilis
1210 2676 1517 2730 conditione
1569 2674 1837 2729 constrin-

246 2776 442 2842 gimur,
476 2781 534 2825 ιιι
563 2787 683 2826 eum
719 2772 982 2840 Propheta
1005 2772 1245 2825 dicamus
1278 2787 1292 2824 :
1338 2768 1470 2823 Ecce
1490 2770 1625 2823 enim
1656 2769 1709 2821 in
1735 2769 1836 2821 ini-

246 2865 520 2936 quitatibus
550 2875 821 2934 conceptus
849 2881 983 2928 sum,
1031 2873 1079 2917 et
1123 2861 1150 2901 ἀ
1181 2865 1233 2917 in
1272 2863 1470 2917 delictis
1524 2864 1717 2933 peperit
1756 2878 1838 2915 me

247 2968 414 3013 mater
436 2973 550 3012 mea
598 2956 772 3027 (Psal.
805 2973 856 3021 ι,
888 2957 966 3028 7).
1015 2956 1108 3010 Ille
1154 2965 1329 3010 autem
1379 2957 1524 3009 solus
1572 2955 1837 3010 veraciter

248 3060 469 3104 sanctus
495 3059 653 3104 natus
673 3057 776 3115 est,
832 3051 922 3118 qui
952 3057 1010 3101 ut
1037 3049 1206 3117 ipsam
1229 3046 1591 3102 conditionem
1625 3055 1835 3101 natura:

250 3142 615 3208 corruptibilis
642 3142 898 3205 vinceret,
926 3154 993 3195 ex
1015 3140 1389 3196 commistione
1416 3140 1646 3194 carnalis
1667 3155 1835 3209 copu-

249 3234 313 3289 la:
336 3241 629 3302 conceptus
657 3248 762 3287 non
785 3242 889 3288 est.
912 3278 915 3281 .

318 3326 405 3380 35.
460 3324 691 3378 Nestorii
736 3324 940 3378 insania
987 3333 1165 3378 contra
1195 3323 1473 3379 Christum.
1532 3323 1696 3388 Quem
1736 3326 1831 3379 etsi

249 3432 433 3485 purum
453 3414 729 3479 Immineat.
759 3417 952 3469 meritis
981 3425 1266 3470 assecutum
1289 3433 1397 3470 esse
1417 3426 1468 3469 ut
1496 3414 1633 3469 Deus
1663 3418 1829 3485 ﬁeret,

250 3512 443 3564 docuit.
500 3509 793 3579 Befellitur.
826 3507 1015 3563 Modus
1046 3508 1429 3563 lncarnationis
1466 3507 1631 3563 Verbi.
1682 3509 1834 3563 Citri-

249 3614 357 3657 stus
396 3603 543 3655 aliud
590 3619 653 3657 ea:
703 3602 877 3671 Patre,
934 3604 1077 3656 aliud
1125 3620 1187 3656 ex
1227 3612 1406 3668 matre,
1440 3620 1542 3656 non
1576 3603 1734 3657 alius.
1760 3631 1834 3646 -

249 3694 380 3750 lluic
440 3710 500 3750 se
550 3696 826 3764 sapientia:
896 3695 1049 3765 quasi
1117 3695 1382 3765 quoddam
1440 3697 1707 3763 topazium
1765 3698 1833 3749 de

250 3786 523 3855 Ethiopia
557 3789 755 3855 :equari
781 3788 965 3851 voluit,
1024 3802 1147 3841 cum
1176 3788 1390 3856 quidam
1442 3786 1832 3841 bairesiarches

248 3882 421 3936 dixit:
469 3881 584 3935 Non
636 3881 855 3935 invideo
878 3881 1095 3936 Christo
1126 3882 1237 3935 Deo
1286 3880 1447 3943 facto,
1490 3879 1743 3946 quoniam
1785 3880 1831 3934 si

245 3973 391 4037 volo,
414 3982 469 4027 et
494 3972 608 4042 ipse
636 3988 854 4042 possum
900 3974 1039 4028 lieri.
1071 3974 1170 4041 Qui
1194 3971 1376 4027 Jesum
1405 3971 1675 4026 Christum
1724 3971 1830 4025 Do-

241 4066 453 4119 minum
478 4075 744 4131 nostrum,
803 4080 909 4119 non
938 4081 1039 4135 per
1069 4066 1383 4135 mysterium
1440 4063 1829 4131 conceptionis,

240 4158 341 4211 sed
391 4172 485 4225 per
512 4158 804 4226 protectum
844 4158 1031 4226 gratia:
1082 4156 1248 4210 Deum
1300 4157 1524 4224 putavit,
1577 4169 1832 4223 perversa

242 4249 865 4318 allegatione'astruens
890 4264 1012 4303 eum
1066 4264 1256 4316 purum
1305 4250 1577 4301 hominem
1622 4256 1827 4313 natum,

240 4340 367 4406 sed,
394 4349 448 4393 ut
473 4340 612 4394 Deus
641 4351 806 4408 esset,
831 4354 927 4408 per
958 4343 1207 4395 meritum
1235 4338 1549 4410 proiecisse,
1572 4348 1733 4407 atque
1761 4338 1831 4393 ob

243 4434 355 4489 hoc
392 4435 664 4487 aestimans
704 4443 759 4487 et
802 4448 861 4488 se
886 4442 939 4489 et
970 4432 1237 4501 quoslibet
1262 4432 1395 4485 alios
1425 4446 1583 4500 posse
1608 4432 1657 4485 ei
1687 4446 1832 4485 coae-

242 4524 425 4594 quari,
455 4523 542 4592 qui
575 4522 665 4576 lilii
695 4522 791 4577 Dei
822 4537 914 4591 per
938 4523 1165 4591 gratiam
1195 4522 1350 4589 liunt,
1379 4538 1487 4577 non
1505 4522 1828 4591 intelligens,

249 4632 360 4671 non
388 4617 695 4681 attendens,
718 4617 840 4686 quia
870 4632 973 4669 non
998 4615 1349 4683 adwquabitur
1394 4614 1440 4667 cl
1472 4615 1731 4685 tapazium
1771 4613 1834 4666 de

245 4703 546 4780 .EtltiOpia.
597 4708 757 4763 Aliud
805 4718 888 4762 est
937 4708 1079 4761 enim
1112 4719 1267 4759 natos
1328 4704 1572 4759 homines
1608 4705 1835 4772 gratiam

247 4799 550 4867 adoptionis
580 4798 851 4867 accipere,
875 4797 1020 4851 aliud
1051 4811 1214 4849 unum
1237 4792 1584 4864 singulariter
1612 4808 1707 4861 per
1753 4792 1833 4846 di.

248 4893 485 4946 vinitatis
518 4892 809 4961 potentiam
841 4890 1010 4944 Deum
1035 4903 1096 4943 ex
1120 4888 1234 4955 ipso
1253 4893 1516 4952 conceptu
1545 4884 1836 4952 prodiisse.

248 4983 363 5040 Nec
394 4984 591 5052 :eqnari
621 4993 790 5051 potest
816 4983 1001 5051 gloriae
1030 4978 1297 5049 Unigeniti
1331 4977 1526 5032 habitae
1554 4992 1653 5046 per
1682 4987 1840 5031 natu-

250 5091 367 5131 ram
397 5074 497 5128 alia
519 5084 738 5141 accepta
776 5088 870 5141 per
910 5072 1173 5142 gratiam;
1224 5068 1485 5122 Mediator
1514 5069 1710 5139 quippe
1740 5068 1841 5123 Dei

251 5178 405 5237 atque
427 5166 712 5232 hominum,
737 5164 886 5216 homo
910 5162 1141 5217 Christus
1168 5160 1319 5216 Jesus
1364 5159 1414 5228 (l
1450 5159 1587 5214 Tim.
1642 5176 1700 5224 It,
1756 5161 1836 5231 ὅ),

256 5272 363 5312 non
385 5258 526 5311 sicut
554 5257 656 5309 iste
685 5255 971 5308 haereticus
999 5252 1231 5321 desipit,
1277 5252 1413 5305 alter
1442 5250 1495 5305 in
1527 5252 1837 5307 humanita-

256 5357 331 5415 te,
361 5348 495 5403 alter
518 5348 571 5401 in
600 5347 805 5401 Deitate
834 5353 938 5399 est.
994 5343 1139 5415 (Vel.
1172 5341 1329 5396 XXX
1349 5338 1472 5411 VL]
1519 5342 1633 5397 Non
1679 5358 1845 5413 purus

324 5489 352 5518 ⁸
382 5482 436 5536 l.
462 5479 652 5541 Laud.,
676 5478 883 5533 Germ..
916 5475 1079 5530 Corb.
1113 5475 1321 5543 Germ.,
1343 5490 1489 5543 quast
1520 5478 1837 5547 topandium.

250 5554 289 5608 2
314 5552 512 5615 Laud.,
539 5549 684 5619 quasi
709 5548 1023 5618 topanzium.

324 5624 352 5663 δ
396 5622 648 5686 νὶιιιιςίοη
678 5622 917 5686 inlectus.

328 5706 352 5734 ο
397 5694 555 5746 Deest
574 5708 636 5745 ea:
658 5698 705 5742 te
720 5692 773 5743 in
793 5688 828 5740 2
857 5686 1022 5742 Laud.

328 5762 357 5804 τι
396 5763 434 5818 ﬁ
465 5764 657 5824 ιλιαδ..
692 5769 737 5814 et
768 5763 819 5811 iu
841 5761 1061 5813 deliciis.

336 5846 361 5874 ο
405 5834 588 5898 Vind.,
614 5840 662 5885 et
687 5832 980 5885 adveniente
1001 5829 1207 5886 Spiritu
1225 5836 1399 5882 sancto
1422 5843 1545 5885 mos:
1572 5829 1713 5883 intra
1737 5834 1852 5886 ute-

1945 1950 2124 1994 tamen
2147 1939 2283 1994 alius
2310 1956 2375 1995 ex
2404 1942 2584 2006 Patre,
2606 1943 2744 1997 alius
2778 1959 2844 1998 ex
2876 1945 3111 2015 Virgine,
3160 1948 3253 2001 sed
3296 1950 3407 2016 ipse
3448 1953 3531 2005 est

1944 2044 2179 2090 :eternus
2196 2051 2260 2089 ex
2285 2035 2464 2102 Patre,
2496 2036 2612 2105 ipse
2642 2038 2950 2103 temporalis
2972 2055 3041 2093 ex
3069 2049 3269 2107 matre;
3294 2041 3408 2109 ipse
3435 2040 3529 2108 qui

1944 2126 2091 2193 iecit,
2116 2128 2231 2198 ipse
2262 2130 2350 2197 qui
2382 2127 2556 2182 factus
2578 2138 2695 2194 est;
2735 2129 2849 2199 ipse
2876 2132 3153 2200 speciosus
3198 2131 3368 2186 forma
3420 2148 3531 2202 pra:

1943 2216 2068 2271 ﬁliis
2099 2218 2372 2272 hominum
2397 2233 2497 2287 per
2523 2219 2860 2275 divinitatem
2887 2263 2902 2287 ,
2953 2231 3008 2276 et
3060 2223 3174 2292 ipse
3202 2223 3269 2277 de
3297 2239 3404 2293 quo
3442 2224 3531 2278 di-

1941 2316 2086 2363 ctum
2116 2316 2201 2362 est
2231 2326 2243 2361 :
2293 2308 2534 2363 Vidimus
2563 2326 2701 2376 eum,
2727 2320 2773 2365 et
2806 2327 2906 2364 non
2933 2321 3044 2366 erat
3071 2324 3330 2382 aspectus,
3350 2321 3397 2366 et
3428 2329 3530 2368 non

1952 2409 2027 2454 est
2048 2401 2239 2469 species
2271 2401 2318 2454 ei
2343 2418 2503 2472 neque
2532 2402 2685 2456 decor
2714 2400 2871 2471 (Isai.
2896 2417 3009 2466 ιιιι,
3040 2401 3119 2471 2),
3165 2417 3259 2471 per
3282 2403 3531 2458 humani-

1944 2500 2133 2546 tatem.
2167 2492 2285 2561 lpse
2313 2501 2440 2548 ante
2468 2493 2667 2563 saecula
2697 2492 2765 2547 de
2786 2492 2943 2549 Patre
2968 2494 3085 2548 sine
3115 2502 3306 2560 matre,
3339 2495 3452 2563 ipse
3475 2494 3529 2548 in

1944 2589 2051 2641 line
2113 2587 2430 2641 saeculorum
2489 2586 2557 2641 de
2596 2595 2765 2642 matre
2806 2587 2922 2641 sine
2960 2595 3128 2656 patre.
3164 2584 3183 2623 ί
3226 2586 3344 2655 Ipse
3398 2596 3530 2641 tem-

1945 2678 2113 2746 plum,
2138 2677 2253 2746 ipse
2282 2678 2528 2731 conditor
2551 2678 2775 2746 templi;
2830 2678 2947 2747 ipse
2974 2686 3159 2733 auctor
3179 2678 3380 2747 operis,
3412 2678 3528 2747 ipse

1946 2784 2080 2838 opus
2110 2769 2346 2824 auctoris
2371 2786 2385 2829 :
2440 2784 2664 2824 manens
2690 2785 2825 2823 unus
2854 2784 2921 2825 ex
2952 2780 3176 2840 utraque
3205 2778 3261 2825 et
3291 2770 3342 2824 in
3374 2782 3530 2825 utra-

1944 2874 2048 2929 que
2077 2871 2285 2924 natura,
2312 2874 2410 2914 nec
2432 2870 2740 2914 naturarum
2758 2860 3102 2930 copulatione
3122 2860 3397 2927 confusus,
3429 2876 3529 2919 nec

1948 2962 2261 3005 naturarum
2319 2951 2483 3023 599
2511 2952 2854 3008 distinctione
2877 2954 3201 3023 geminatus.
3247 2952 3355 3009 Sed
3403 2953 3528 3021 quia

1944 3063 2055 3102 non
2088 3047 2204 3101 haec
2234 3048 2513 3103 tractanda
2543 3048 2902 3115 suscepimus,
2955 3047 3022 3103 ad
3046 3047 3347 3119 exponendi
3377 3047 3527 3103 ordi-

1945 3155 2069 3195 nem
2105 3138 2409 3196 redeamus.

2010 3275 2104 3332 86.
2139 3275 2392 3344 Superius
2421 3276 2677 3330 dictorum
2704 3276 3085 3346 recapitulatio.
3126 3307 3197 3318 —
3222 3277 3526 3335 Notandum

1940 3367 2095 3423 nobis
2123 3374 2207 3422 est
2243 3366 2385 3437 quod
2427 3377 2646 3422 sanctus
2669 3368 2771 3433 vir,
2807 3378 2867 3423 ut
2896 3366 3058 3436 longe
3087 3367 3289 3423 distare
3337 3368 3404 3422 ab
3433 3366 3532 3423 hac

1939 3460 2201 3530 sapientia
2231 3459 2455 3528 angelos
2478 3458 2895 3523 demonstraret,
2927 3459 3057 3514 dicit
3103 3476 3117 3514 :
3147 3458 3288 3513 .Non
3318 3459 3530 3513 dabitur

1935 3569 2124 3606 aurum
2161 3551 2403 3620 obryzum
2435 3566 2527 3616 pro
2553 3567 2631 3603 ea.
2666 3550 2769 3616 Qui
2807 3560 2867 3605 ut
2887 3552 3134 3620 antiquos
3155 3552 3316 3605 etiam
3348 3550 3533 3606 Patres

1937 3645 2076 3699 sacri
2101 3643 2299 3711 eloquii
2325 3650 2644 3695 tractatores
2670 3640 2954 3695 inferiores
2983 3640 3312 3705 ostenderet,
3336 3639 3532 3709 adjun-

1936 3737 2015 3790 xit
2047 3750 2061 3788 :
2098 3734 2208 3785 Nec
2234 3733 2554 3800 appendetttr
2578 3743 2843 3801 argentum
2891 3733 2946 3785 in
2977 3732 3370 3785 commutatione
3395 3733 3531 3802 ejus.

1936 3827 2009 3884 Ut
2032 3825 2471 3896 philosophorum
2514 3839 2725 3893 quoque
2754 3823 3074 3894 sapientiam
3107 3825 3229 3877 huic
3248 3826 3530 3895 {monstra-

1938 3927 2022 3973 ret
2058 3919 2215 3986 longe
2250 3915 2514 3980 subesse,
2576 3914 2756 3979 intulit
2797 3932 2810 3967 :
2854 3914 2977 3968 Non
3015 3915 3307 3983 conferetur
3352 3914 3526 3968 tinctis

1938 4010 2110 4066 India:
2132 4009 2412 4064 coloribus.
2448 4008 2621 4078 Atque
2651 4007 2926 4078 subjunxit
2954 4025 2969 4063 :
3005 4008 3116 4062 Nec
3157 4009 3321 4079 lapidi
3347 4010 3531 4066 sardo-

1940 4103 2107 4175 nycho
2137 4101 2527 4169 pretiosissima,
2582 4103 2660 4155 vel
2688 4101 2953 4171 sappltiro.
3000 4090 3081 4157 Ut.
3098 4100 3153 4155 in
3196 4101 3285 4155 illa
3317 4117 3530 4171 quoque

1939 4208 2170 4264 superna
2205 4193 2419 4246 civitate
2466 4191 2672 4245 nullum
2716 4194 2996 4261 pervenire
3046 4196 3113 4246 ad
3163 4194 3525 4263 aequalitatem

1943 4282 2214 4353 Unigeniti
2268 4282 2692 4349 demonstraret,
2748 4284 2949 4338 addidit
2978 4299 2996 4341 :
3031 4283 3153 4339 Non
3179 4287 3531 4356 adthuabitur

1936 4378 1982 4430 ei
2011 4390 2196 4429 aurum
2217 4373 2294 4427 vel
2325 4374 2530 4427 vitrum.
2574 4373 2645 4429 Ut
2668 4375 2954 4443 prophetas
2985 4390 3194 4446 quoque
3222 4378 3270 4431 ei
3302 4378 3527 4434 subesse

1936 4467 2270 4531 ostenderet,
2327 4465 2618 4534 adiunxit:
2670 4463 2782 4519 Nec
2837 4467 3285 4521 commutabantur
3328 4484 3420 4533 pro
3469 4484 3530 4522 ea

1862 4588 1917 4649 Β
1939 4576 2062 4615 vasa
2082 4558 2200 4611 auri
2227 4557 2427 4611 excelsa
2449 4566 2495 4611 et
2518 4558 2814 4621 eminentia,
2866 4572 2957 4611 nec
3000 4561 3532 4614 commemorabuntur

1938 4654 1994 4705 in
2023 4649 2406 4719 comparatione
2436 4649 2568 4717 ejus.
2624 4646 2877 4701 Trahitur
2898 4649 3034 4702 enim
3060 4651 3321 4720 sapientia
3351 4652 3415 4705 de
3443 4667 3532 4705 oc-

1943 4744 2115 4797 cultis.
2149 4741 2229 4795 Ad
2257 4747 2557 4793 extremum
2585 4753 2713 4793 vero
2737 4739 2951 4809 utipsos
2982 4754 3192 4809 quoque
3212 4740 3266 4793 iu
3295 4741 3532 4797 Ecclesia

1946 4841 2230 4898 haereticos
2248 4838 2568 4908 increparet,
2595 4838 2685 4908 qui
2711 4854 2740 4893 a
2763 4840 3075 4910 gentilitatis
3098 4856 3283 4897 errore
3309 4844 3533 4899 venien-

1945 4953 2048 5007 tes,
2082 4940 2239 4996 lidem
2266 4954 2422 5009 quam
2455 4940 2778 5008 percipiunt,
2812 4955 2907 5008 per
2926 4941 3228 5007 superbiam
3255 4943 3527 5001 scindunt.

1946 5040 2149 5096 addidit
2178 5050 2194 5094 ‘:
2240 5038 2364 5092 Non
2390 5039 2748 5109 adwquabitur
2773 5040 2819 5093 ei
2846 5042 3104 5109 lapatium
3142 5043 3207 5096 de
3235 5041 3530 5113 .Etbiopia.

1947 5144 2026 5199 Ac
2052 5145 2096 5199 si
2130 5149 2375 5212 patenter
2399 5141 2654 5202 insinuet.
2688 5140 2874 5197 dicens
2906 5158 2921 5194 :
2962 5141 3025 5196 lli
3076 5144 3165 5214 qui
3217 5159 3285 5199 ex
3324 5145 3530 5213 peccati

1950 5243 2227 5314 nigredine
2254 5241 2320 5295 ad
2372 5256 2785 5297 eonversronem
2838 5245 3077 5313 veniunt,
3104 5250 3110 5256 “
3133 5254 3159 5293 8
3189 5245 3388 5315 :equari
3420 5245 3532 5300 Deo

1950 5345 2153 5402 homini
2179 5359 2285 5399 non
2316 5353 2563 5413 possunt,
2615 5345 2863 5413 quamvis
2890 5348 3071 5401 multis
3098 5346 3335 5401 colorum
3368 5350 3532 5403 virtu-

1947 5498 2063 5537 rum
2092 5482 2297 5535 uerbum
2326 5496 2545 5535 carnem.

2026 5550 2047 5589 ί
2092 5552 2351 5623 Ιιιβθιιιι.
2374 5564 2430 5605 et
2454 5553 2506 5607 in
2538 5559 2738 5620 poster.
2766 5551 3049 5623 Ed.,7ipse
3088 5555 3369 5623 conditoris
3408 5568 3533 5614 tem.

1955 5622 2117 5697 plum.
2146 5621 2259 5697 lion
2280 5623 2482 5697 legitur
2510 5624 2787 5697 conditoris
2817 5624 2868 5676 in
2890 5621 3054 5697 Corb.
3074 5622 3284 5697 Germ.,
3307 5627 3531 5697 Torum,

1955 5691 2118 5747 duob.
2145 5691 2633 5763 Laud.,’Norm.et
2653 5692 2791 5754 aliis,
2824 5707 2925 5747 nec
2952 5694 3003 5748 in
3037 5704 3139 5749 vet.
3182 5691 3309 5763 Ed.,
3360 5701 3453 5755 sed
3480 5691 3533 5759 in
3622 5754 3625 5757 .

1957 5762 2345 5831 posterioribus
2371 5770 2597 5818 tantum.

2033 5842 2057 5881 s
2099 5832 2159 5887 In
2183 5832 2349 5897 Edit.,
2378 5832 2575 5901 aquari
2604 5828 2714 5885 Deo
2743 5834 2971 5902 omnino,
3004 5850 3102 5906 pro
3123 5838 3335 5903 homini,
3371 5849 3428 5894 ιιι
3455 5842 3530 5897 le-
