4044 6346
535 322 611 383 Μ’
1755 314 1835 368 SA
1844 311 1999 369 NCT]
2040 310 2134 367 GR

2246 311 2373 370 [11111
2407 312 2624 371 ιιΑςΝι
3750 308 3826 375 οι

539 436 683 499 tibus
726 432 1075 506 resplendere
1113 431 1414 489 videantur.
1465 426 1704 495 Quorum
1756 435 1815 481 ut
1861 426 2115 497 superbia
2142 433 2196 491 Α
2224 426 2513 483 viventium
2566 426 2737 484 oculis
2783 428 2995 485 occulta
3024 437 3190 495 esset,
3228 429 3366 485 haec
3406 432 3594 498 procul
3640 431 3809 491 dubie

540 536 825 594 relutetur,
864 536 987 599 apte
1013 526 1353 597 subjongitur
1382 540 1397 577 :

1127 616 1355 673 CAPUT
1393 614 1526 672 Lill.

614 720 740 775 lato.
767 746 839 760 —
867 714 981 771 Nec
1009 715 1245 769 tinctum
1273 712 1628 767 mundissima:
1662 717 2053 781 componentur.

616 812 706 867 87.
746 810 878 865 Vere
897 808 1115 861 humiles
1142 816 1190 861 et
1217 807 1384 860 sancti
1411 814 1531 860 sunt
1559 804 1649 875 qui
1674 805 1782 858 suis
1810 804 2004 857 meritis
2042 802 2128 856 ni-

540 900 614 967 hil
642 901 891 954 tribuunt.
947 924 1017 938 --
1058 896 1334 951 Tinctum
1380 896 1525 951 enim
1554 894 1923 950 mundissimae
1976 903 2001 931 “
2042 909 2131 948 vo-

541 1002 729 1055 cantur
783 991 838 1046 hi
886 991 975 1060 qui
1032 991 1298 1044 veraciter
1337 997 1463 1043 sunt
1492 986 1723 1043 humiles
1764 997 1818 1043 et
1864 986 2131 1043 veraciter

542 1084 732 1153 sancti,
787 1082 877 1152 qui
922 1082 1101 1137 sciunt
1121 1081 1341 1151 quidem
1368 1081 1492 1152 quia
1519 1096 1587 1135 ex
1623 1080 1935 1149 semetipsis
1963 1080 2133 1134 virtu-

545 1186 655 1231 tum
680 1174 916 1245 speciem
945 1189 1051 1230 non
1100 1173 1325 1239 habent,
1383 1172 1479 1229 sed
1512 1172 1653 1227 hanc
1679 1186 1746 1227 ex
1779 1173 1920 1226 dono
1944 1174 2132 1241 gratiae

541 1268 973 1337 supervenientis
1024 1275 1232 1323 tenent.
1282 1265 1460 1320 ’l‘incti
1503 1264 1652 1320 enim
1704 1279 1811 1319 non
1861 1275 2042 1319 essent
2084 1265 2132 1320 si

541 1364 884 1427 sanctitatem
911 1360 1228 1416 naturaliter
1260 1359 1593 1414 habuissent.
1627 1358 1733 1413 Sed
1766 1357 2133 1412 mundissimae

543 1456 792 1525 tinctum
822 1462 969 1521 sunt,
1025 1453 1149 1523 quia
1195 1451 1470 1507 humiliter
1513 1450 1826 1506 custodiunt
1872 1464 2132 1520 superve-

544 1547 785 1613 nientern
835 1544 889 1599 in
933 1560 993 1600 se
1038 1545 1297 1598 virtutum
1347 1542 1573 1611 gratiam
1600 1556 1757 1610 quam
1788 1550 2131 1610 acceperunt.

545 1638 681 1693 Hinc
708 1651 792 1693 est
814 1637 958 1691 enim
989 1635 1134 1706 quod
1165 1634 1350 1704 sponsi
1378 1647 1510 1688 voce
1558 1634 1628 1689 de
1672 1642 1857 1688 sancta
1892 1633 2135 1689 Ecclesia

540 1728 737 1787 dicitur
761 1745 776 1783 :
811 1728 940 1794 Dure
965 1738 1035 1782 est
1058 1727 1160 1780 ista
1188 1742 1303 1797 qua:
1328 1726 1557 1780 ascendit
1578 1724 1821 1780 dealbata
1847 1722 2023 1791 (Cant.
2060 1738 2131 1792 vr,

2228 528 2720 574 sanctorumnemo
2746 518 2990 575 vidisset.
3048 520 3156 575 Sed
3196 534 3326 576 ecce
3369 520 3493 575 huic
3537 525 3823 581 sententia

2226 612 2487 671 Joannem
2534 613 2695 669 audio
2713 614 3149 680 concordantem,
3180 615 3271 685 qui
3303 613 3379 669 ait
3410 631 3425 669 :
3457 612 3624 670 Deum
3674 632 3827 673 nemo

2229 705 2358 762 uidit
2412 722 2635 774 unquam
2686 705 2739 775 (ι
2769 705 2929 762 Joan.
2959 722 3031 770 tv,
3066 706 3179 777 12).
3207 706 3549 777 Rursumque
3576 723 3697 763 eum
3746 720 3830 765 te-

2228 800 2486 856 stamenti
2515 801 2711 855 veteris
2741 810 2919 869 patres
2946 802 3175 865 intueor,
3223 800 3420 855 multos
3442 800 3655 868 horum,
3690 812 3830 859 teste

2233 893 2350 963 ipsa
2381 907 2548 946 sacrae
2574 892 2819 948 lectionis
2851 892 3098 955 historia,
3122 892 3289 950 Deum
3315 893 3515 947 vidisse
3536 906 3827 963 cognosco.

2237 986 2381 1041 Vidit
2405 986 2603 1055 quippe
2647 985 2815 1041 Jacob
2846 985 3153 1050 Dominum,
3188 984 3280 1055 qui
3310 984 3385 1041 ait
3417 1003 3432 1041 :
3493 984 3615 1040 Vidi
3648 985 3831 1040 Domi-

2233 1095 2363 1134 stum
2403 1080 2536 1139 {acie
2583 1078 2653 1132 ad
2686 1079 2891 1142 facient,
2948 1087 2995 1131 et
3039 1076 3183 1131 salva
3213 1076 3353 1147 {acta
3390 1088 3464 1132 est
3498 1079 3674 1131 anima
3717 1093 3832 1134 mea

2236 1169 2451 1239 (Cenes.
2476 1185 2645 1235 xxx",
2671 1168 2786 1239 '50).
2822 1167 2968 1223 Vidit
2986 1168 3196 1240 Moyses
3225 1168 3412 1232 Deum,
3461 1169 3529 1224 de
3559 1185 3666 1236 quo
3692 1169 3835 1223 seri-

2242 1275 2390 1335 ptum
2418 1274 2536 1321 est:
2595 1263 2920 1331 Loqueltalttr
2962 1263 3212 1317 Dominus
3258 1262 3328 1315 ad
3357 1261 3570 1332 Moysen
3609 1263 3742 1333 facie
3763 1264 3835 1315 ad

2240 1358 2444 1426 faciem,
2474 1355 2605 1409 sicut
2626 1355 2763 1423 loqui
2789 1354 2916 1407 solet
2939 1354 3097 1408 homo
3123 1354 3191 1405 ad
3213 1354 3436 1405 amicum
3457 1369 3607 1407 suum
3632 1351 3834 1423 (Exod.

2235 1462 2435 1513 xum,
2464 1446 2575 1515 11).
2605 1445 2742 1500 Vidit
2768 1445 2939 1501 isdem
2988 1444 3090 1501 Job
3140 1444 3460 1510 Dominum,
3508 1446 3601 1514 qui
3653 1445 3834 1501 dicit:

2238 1540 2436 1594 Audita
2458 1539 2603 1592 auris
2633 1537 2807 1592 audivi
2828 1547 2897 1600 te,
2931 1552 3066 1591 nunc
3091 1549 3261 1591 autem
3304 1537 3484 1592 oculus
3529 1554 3671 1593 meus
3700 1539 3838 1593 ridet

2238 1642 2290 1688 te
2320 1627 2467 1700 (Job.
2501 1644 2628 1697 aut,
2661 1628 2740 1700 5).
2798 1628 2953 1684 Vidit
2999 1628 3163 1683 Isaias
3195 1629 3503 1695 Dominum,
3560 1631 3654 1699 qui
3709 1633 3784 1685 ait
3818 1648 3835 1686 :

2238 1721 2393 1776 Anno
2417 1738 2517 1791 quo
2545 1730 2777 1775 mortuus
2797 1730 2872 1775 est
2901 1735 2993 1775 rea:
3019 1720 3194 1785 Ozias,
3225 1721 3329 1775 uidi
3351 1721 3627 1774 Dominum
3649 1722 3839 1775 seden-

541 1820 603 1887 9;
636 1836 712 1885 Ill,
737 1819 835 1889 6)?
865 1820 997 1885 Quia
1020 1818 1162 1873 enim
1190 1826 1376 1872 sancta
1402 1815 1641 1873 Ecclesia
1669 1817 1948 1874 emlestem
1971 1819 2135 1874 vitam
2173 1810 2217 1885 Β
2240 1821 2345 1868 tem
2372 1828 2527 1876 super
2568 1813 2753 1867 solium
2804 1810 3063 1868 excelsum
3089 1822 3137 1866 et
3161 1813 3414 1867 eleuatum
3461 1812 3617 1882 (Isai.
3649 1828 3724 1879 vt,
3756 1816 3836 1884 l).

543 1912 861 1969 naturaliter
914 1927 1022 1965 non
1072 1910 1261 1977 habet,
1311 1911 1405 1966 sed
1435 1912 1848 1980 superveniente
1896 1910 2127 1980 Spiritu,

543 2003 942 2074 pulchritudine
997 2003 1262 2057 donorum
1321 2002 1685 2071 componitur,
1718 2004 1992 2067 nonalba,
2038 2002 2136 2057 sed

540 2094 787 2150 dealbata
821 2103 1169 2148 memoratur.
1232 2093 1297 2147 Et
1348 2093 1645 2147 notandum
1696 2094 1837 2162 quod
1885 2094 2137 2162 superius

543 2203 666 2245 cum
688 2187 951 2242 dixisset:
980 2185 1107 2240 Non
1132 2186 1427 2255 conferetur
1449 2186 1624 2240 tinctis
1650 2185 1827 2241 India:
1854 2187 2134 2256 coloribus,

543 2278 765 2336 eosdem
790 2278 1003 2332 colores
1024 2292 1128 2332 non
1163 2276 1342 2330 intulit
1361 2276 1614 2331 mundos.
1641 2275 1754 2331 lloc
1782 2292 1911 2331 vero
1938 2276 1992 2330 in
2020 2277 2138 2332 loco

545 2383 605 2430 ut
638 2374 924 2428 tineturam
955 2372 1226 2428 veracium
1261 2371 1520 2425 virtutum
1559 2371 1627 2425 ab
1658 2371 1747 2424 illa
1780 2372 2137 2441 philosopho-

544 2477 665 2521 rum
692 2462 961 2517 locatione
992 2460 1372 2531 distingueret,
1401 2462 1663 2516 tincturus
1692 2462 1902 2528 dicens,
1934 2463 2140 2517 addidit

547 2553 952 2609 mundissimas.
979 2552 1254 2607 Tineturas
1280 2554 1425 2608 enim
1456 2553 1829 2609 mundissima:
1857 2564 2004 2609 recte
2035 2570 2138 2609 no-

546 2646 822 2703 minantur
845 2645 897 2699 hi
923 2645 1011 2714 qui
1044 2644 1192 2714 prius
1220 2660 1318 2713 per
1349 2659 1512 2715 prava
1542 2660 1704 2714 opera
1735 2645 1862 2700 [redi
1900 2646 2136 2712 fuerant,

543 2739 954 2810 superveniente
985 2746 1165 2791 tamen
1183 2734 1398 2804 spiritu,
1443 2736 1619 2792 nitore
1668 2737 1856 2807 gratiae
1906 2740 2143 2792 vesrinn-

544 2837 651 2895 tur,
683 2838 740 2882 ut
758 2829 915 2897 longe
934 2827 1078 2882 aliud
1105 2836 1402 2898 appareant
1427 2842 1552 2883 esse
1579 2843 1741 2897 quam
1772 2839 1949 2884 erant.
1983 2828 2140 2884 Unde

544 2922 707 2978 etiam
737 2921 1023 2991 baptisma,
1052 2921 1104 2976 id
1134 2928 1219 2975 est
1248 2920 1457 2986 tinctio,
1483 2921 1680 2977 dicitur
1710 2924 1826 2992 ipsa
1867 2932 2050 2977 nostra
2084 2939 2140 2977 in

545 3028 738 3085 squam
762 3014 1066 3070 descensio.
1120 3012 1147 3051 δ
1176 3012 1457 3085 Tingimur
1494 3015 1718 3085 quippe,
1749 3023 1805 3069 et
1855 3017 1943 3084 qui
1996 3015 2143 3085 prius

549 3110 791 3166 indecori
819 3125 1033 3165 eramus
1056 3094 1398 3179 deformitate
1424 3109 1677 3165 vitiorum
1702 3153 1718 3177 ,
1777 3119 1996 3179 accepta
2038 3111 2143 3165 ﬁde

2240 1905 2388 1962 Vidit
2415 1905 2663 1961 Micbzeas
2692 1906 3001 1970 Dominum,
3032 1906 3125 1977 qui
3152 1907 3227 1961 ait
3259 1924 3272 1960 :
3314 1906 3434 1961 Vidi
3456 1906 3732 1961 Dominum
3753 1924 3839 1962 se-

2240 1999 2442 2054 dentem
2465 2016 2619 2072 super
2655 2001 2839 2056 solium
2882 2018 3052 2067 suum,
3105 2013 3154 2056 et
3188 2018 3389 2057 omnem
3412 2005 3689 2057 exercitum
3727 2004 3841 2056 cwli

2238 2092 2563 2146 assistentem
2599 2094 2649 2146 ei
2670 2109 2703 2147 a
2730 2093 2926 2147 dextris
2953 2103 3000 2147 et
3028 2108 3062 2147 a
3103 2094 3323 2149 sinistris
3381 2092 3504 2163 (III
3543 2094 3672 2165 Reg.
3705 2108 3839 2159 uti,

2245 2183 2358 2254 l9).
2387 2184 2526 2252 Quid
2552 2195 2637 2240 est
2663 2201 2793 2255 ergo
2834 2186 2977 2256 quod
3006 2197 3083 2241 tot
3106 2189 3415 2242 testamenti
3443 2187 3638 2242 veteris
3662 2197 3843 2255 patres

2243 2275 2412 2333 Deum
2444 2292 2504 2331 se
2532 2277 2735 2332 vidisse
2765 2280 2945 2333 testati
2968 2288 3115 2344 sunt,
3179 2288 3235 2334 et
3284 2290 3464 2336 tamen
3503 2281 3572 2336 de
3606 2281 3707 2335 hac
3754 2293 3843 2334 sa-

2245 2371 2446 2441 pientia
2476 2386 2596 2441 quas
2620 2372 2765 2426 Deus
2795 2379 2900 2439 est,
2926 2372 3122 2427 dicitur
3138 2370 3161 2426 ':
3194 2373 3508 2428 Abscondita
3537 2384 3605 2428 est
3630 2373 3691 2428 ab
3716 2389 3845 2427 ocu-

2246 2462 2313 2518 lis
2342 2464 2570 2517 omnium
2602 2465 2914 2530 viventium;
2958 2473 3014 2519 et
3060 2465 3295 2521 Joannes
3324 2467 3397 2521 ait
3437 2484 3451 2519 :
3494 2466 3662 2520 Deum
3691 2484 3847 2521 nemo

2245 2543 2373 2611 uidit
2393 2572 2620 2627 unquam
2648 2555 2701 2627 (l
2724 2555 2882 2613 Joan.
2916 2573 2990 2620 tv,
3019 2557 3132 2626 12),
3163 2559 3266 2613 nisi
3299 2561 3399 2614 hoc
3422 2559 3564 2628 quod
3596 2569 3846 2629 patenter

2248 2652 2411 2700 datur
2434 2646 2682 2717 intelligi,
2716 2648 2838 2717 quia
2890 2649 3125 2718 quandin
3159 2649 3245 2704 hic
3275 2651 3576 2706 mortalitcr
3620 2652 3845 2719 vivitur,

2251 2737 2431 2792 videri
2463 2752 2557 2807 per
2586 2738 2843 2808 quaedam
2874 2739 3138 2809 imagines
3167 2739 3307 2797 Deus
3335 2749 3544 2810 potest,
3602 2742 3698 2796 sed
3750 2757 3849 2813 per

2249 2828 2421 2899 ipsam
2464 2840 2669 2884 natura:
2709 2845 2822 2885 suae
2876 2833 3109 2894 speciem
3142 2845 3248 2885 non
3300 2840 3508 2899 potest,
3559 2832 3849 2899 utanima,

2248 2923 2420 2994 gratia
2449 2924 2671 2994 spiritus
2695 2924 2895 2991 alﬂata,
2932 2940 3030 2997 per
3057 2927 3253 2995 liguras
3279 2925 3536 2996 quasdam
3564 2926 3733 2981 Deum
3758 2930 3847 2980 vi-

2246 3016 2394 3083 deat,
2426 3016 2522 3071 sed
2552 3016 2617 3070 ad
2647 3016 2819 3084 ipsam
2854 3017 2962 3070 vim
2979 3017 3096 3085 ejus
3122 3018 3372 3072 essentia:
3403 3032 3512 3072 non
3538 3017 3850 3087 pertingat?

2252 3110 2387 3166 lline
2412 3118 2496 3166 est
2524 3110 2669 3165 enim
2692 3110 2835 3181 quod
2860 3108 3049 3178 Iacob,
3112 3112 3203 3182 qui
3234 3112 3402 3166 Deum
3435 3126 3495 3167 se
3522 3113 3724 3168 vidisse
3768 3123 3853 3168 te-

547 3202 819 3259 reddimur
870 3202 1078 3272 pulchri
1127 3203 1300 3271 gratia
1332 3212 1354 3240 ο
1401 3211 1457 3258 et
1506 3210 1826 3257 ornamento
1854 3203 2136 3257 virtutum.
2250 3215 2444 3271 statur,
2478 3205 2619 3258 hunc
2642 3219 2749 3259 non
2782 3204 2883 3260 nisi
2916 3205 2970 3257 in
3000 3206 3194 3275 angelo
3219 3204 3355 3260 vidit
3414 3203 3616 3275 (Exod.
3658 3221 3853 3271 xxxiii,

548 3284 804 3365 Sequitur
832 3312 843 3347 :

888 3383 1118 3442 CAPUT
1156 3382 1273 3441 LIV
1312 3382 1461 3459 [Rec.
1492 3382 1804 3458 XXVIII].

627 3476 787 3532 Vens.
810 3474 903 3543 ‘20,
931 3477 1025 3531 21.
1087 3505 1155 3518 -
1212 3474 1360 3531 Unde
1402 3493 1525 3547 ergo
1554 3475 1813 3544 sapientia
1841 3473 1870 3513 ἀ
1904 3475 2059 3545 venit,
2096 3484 2144 3529 et

548 3567 661 3639 quis
681 3576 754 3623 est
785 3568 925 3621 locus
946 3566 1344 3637 intelligentiaz?
1403 3566 1716 3621 Abscondita
1771 3576 1843 3620 est
1870 3567 1934 3620 ab
1981 3568 2145 3623 oculis

549 3662 779 3717 omnium
807 3670 1099 3715 viventium.

623 3753 709 3809 88.
748 3752 991 3820 Quandiu
1019 3752 1308 3806 mortaliter
1335 3748 1569 3815 vivimus,
1597 3749 1765 3805 Deum
1795 3767 1899 3806 non
1936 3751 1990 3805 in
2020 3768 2143 3819 pro-

549 3847 665 3917 pria
689 3857 895 3911 natura,
944 3846 1051 3901 sed.
1063 3861 1155 3914 per
1180 3847 1429 3912 quasdam
1456 3846 1706 3915 imagines
1738 3846 1996 3913 videmus,
2047 3845 2145 3899 nisi

550 3939 695 4010 prius
726 3938 924 3990 carnali
953 3937 1090 4003 sita’,
1122 3938 1359 4007 funditus
1389 3937 1637 3989 exstincto
1669 3939 1779 4009 ejus
1809 3952 2004 4001 amore,
2036 3953 2148 3990 mo-

552 4032 774 4085 riamur.
802 4059 873 4069 —
900 4028 1239 4083 Pensandom
1268 4042 1596 4097 magnopere
1627 4038 1709 4083 est
1738 4031 1877 4100 quod
1906 4044 1933 4081 a
1961 4040 2147 4084 sancto

550 4124 669 4181 viro
693 4116 983 4194 requiritur
1010 4124 1150 4178 unde
1179 4122 1447 4191 sapientia
1471 4124 1668 4179 veniat.
1709 4126 1791 4179 Ab
1830 4141 1895 4180 eo
1946 4129 2144 4182 etenim

552 4216 702 4291 vertit
723 4232 749 4269 a
774 4218 880 4287 quo
906 4224 1020 4269 orta
1053 4225 1159 4271 est.
1187 4216 1293 4271 Sed
1325 4217 1447 4286 quia
1468 4218 1537 4271 ab
1561 4218 1812 4273 invisibili
1842 4231 1894 4273 et
1922 4234 2147 4276 cowter-

552 4322 622 4364 no
649 4307 805 4360 Patre
835 4309 1096 4379 nascitur,
1138 4315 1161 4344 °
1190 4307 1308 4377 ejus
1340 4307 1423 4361 via
1449 4310 1657 4363 occulta
1676 4320 1776 4365 est.
1809 4312 1972 4382 600
1996 4314 2142 4369 Unde

554 4408 609 4453 et
638 4413 731 4467 per
760 4397 1077 4466 prophetam
1104 4396 1303 4453 dicitur
1337 4416 1352 4453 :
1384 4398 1776 4455 Cenerationem
1807 4406 1947 4457 illius
1974 4407 2087 4469 quis
2126 4404 2143 4443 τ

552 4489 813 4561 enen-abit
865 4488 1021 4559 (Iani.
1063 4505 1176 4556 Llll,
1218 4490 1319 4559 8)?
1377 4489 1551 4546 Locus
1598 4508 1726 4547 vero
1779 4495 2149 4563 intelligentia:

2251 3295 2368 3365 ll).
2406 3296 2539 3351 llinc
2563 3304 2646 3350 est
2675 3295 2819 3363 quod
2845 3296 3081 3368 Moyses,
3135 3299 3226 3366 qui
3278 3308 3401 3351 cum
3454 3297 3565 3353 Deo
3615 3297 3753 3353 faeie
3783 3301 3856 3353 ad

2246 3388 2435 3443 faciem
2470 3397 2496 3436 ι
2542 3388 2881 3459 loquebatur,
2934 3389 3074 3444 sicut
3118 3390 3258 3458 loqui
3309 3390 3450 3445 solet
3507 3392 3671 3445 homo
3726 3405 3856 3445 cum

2247 3481 2422 3535 amico
2453 3495 2571 3545 suo,
2597 3481 2646 3535 ei
2680 3480 2821 3535 inter
2846 3481 2958 3550 ipsa
3002 3482 3162 3536 verba
3193 3497 3307 3536 sum
3348 3482 3637 3537 locutionis
3669 3482 3803 3537 dicit
3840 3500 3854 3536 ε

2248 3571 2313 3629 Si
2344 3572 2509 3626 inveni
2529 3572 2749 3641 gratiam
2774 3574 2827 3626 in
2855 3574 3126 3643 conspectu
3154 3574 3486 3636 tuo,ostende
3513 3575 3638 3627 mihi
3667 3584 3857 3628 temet-

2247 3666 2420 3735 ipsum
2464 3665 2773 3733 manifeste,
2830 3673 2888 3717 ut
2932 3665 3131 3719 videam
3181 3676 3229 3719 te
3278 3664 3474 3735 (Exod.
3510 3681 3699 3732 χχχιιι,
3738 3666 3858 3739 15).

2247 3758 2419 3815 Certe
2459 3757 2603 3812 enim
2659 3759 2703 3812 si
2764 3759 2904 3813 Deus
2928 3773 3033 3813 non
3055 3769 3172 3815 erat
3211 3775 3330 3813 cum
3361 3775 3472 3830 quo
3495 3762 3846 3831 loquebatur,

2249 3852 2477 3908 ostende
2498 3850 2627 3905 mihi
2657 3852 2822 3906 Deum
2849 3852 3055 3907 diceret
3081 3893 3096 3917 ,
3156 3862 3210 3908 et
3241 3868 3345 3909 non
3374 3854 3601 3909 Ostende
3650 3863 3852 3910 temet-

2262 3949 2463 4017 ipsum.
2493 3946 2551 4003 Si
2580 3957 2758 4002 autem
2793 3946 2932 4002 Deus
2962 3957 3079 4003 erat
3107 3963 3228 4002 cum
3253 3964 3360 4016 quo
3390 3948 3527 4004 facie
3557 3949 3623 4003 ad
3655 3950 3858 4005 facient

2250 4039 2588 4108 loquebatur,
2616 4052 2712 4093 cur
2740 4054 2799 4094 se
2830 4040 3041 4109 petebat
3063 4042 3253 4096 videre
3278 4055 3439 4111 quem
3466 4041 3717 4096 ridebat?
3744 4042 3861 4100 Sed

2250 4147 2317 4187 ex
2342 4134 2441 4187 bac
2467 4134 2582 4201 ejus
2615 4133 2872 4202 petitione
2894 4133 3166 4202 colligitur
3198 4137 3318 4204 quia
3343 4150 3467 4189 cum
3509 4136 3727 4191 sitiebat
3760 4152 3865 4205 per

2251 4224 2731 4293 ineircumscripta:
2783 4234 2990 4278 natura}
3038 4239 3151 4279 sua:
3205 4226 3508 4281 claritatem
3581 4241 3865 4298 cernere,

2252 4328 2414 4388 Quem
2444 4316 2556 4387 jam
2589 4324 2826 4384 eruperat
2860 4332 2954 4384 per
2976 4316 3234 4385 quasdam
3263 4316 3527 4387 imagines
3554 4319 3763 4380 videre,
3802 4327 3867 4375 nt

2253 4412 2330 4465 sic
2359 4424 2591 4478 superna
2624 4409 2858 4463 essentia
2884 4410 3079 4463 mentis
3102 4408 3220 4478 ejus
3255 4410 3423 4464 oculis
3451 4411 3689 4480 adesset,
3722 4424 3867 4483 qna"-

2253 4509 2408 4556 tenus
2436 4501 2483 4554 ei
2512 4500 2577 4553 ad
2624 4500 2941 4554 aeternitatis
2991 4500 3252 4555 visionem
3288 4502 3429 4557 nulla
3464 4504 3640 4573 imago
3669 4517 3863 4561 creata

555 4580 695 4652 ejus,
722 4592 803 4635 est
830 4598 983 4637 tuens
1009 4585 1263 4647 humana,
1286 4598 1445 4652 quam
1469 4584 1584 4640 haec
1613 4585 1706 4641 Dei
1729 4591 1987 4656 sapientia
2018 4590 2144 4643 dum
2178 4586 2231 4662 1)
2258 4593 2624 4661 temporaliter
2652 4593 2960 4647 interessoét.
2996 4593 3061 4647 Et
3090 4593 3341 4649 viderunt
3370 4611 3500 4665 ergo
3547 4605 3731 4664 patres
3776 4607 3867 4653 te-

555 4673 864 4742 repleverit,
890 4680 1131 4730 sanetam
1165 4676 1312 4732 lacit.
1352 4677 1487 4745 Quia
1510 4693 1641 4748 ergo
1662 4690 1719 4733 et
1748 4680 2033 4736 invisibilis
2062 4691 2147 4736 est

556 4764 625 4822 de
647 4783 753 4836 quo
784 4770 1000 4835 prodiit,
1033 4778 1087 4824 et
1112 4770 1371 4824 incertum
1407 4770 1562 4824 nobis
1592 4780 1675 4825 est
1702 4772 1751 4825 in
1774 4775 1927 4840 cujus
1964 4784 2145 4828 mente

558 4854 829 4914 intellecta
872 4862 1196 4930 requiescat,
1237 4870 1387 4917 recte.
1415 4877 1554 4917 nunc
1582 4862 1778 4917 dicitur
1806 4882 1817 4918 :
1856 4863 2001 4917 Unde
2026 4880 2145 4935 ergo

557 4951 809 5007 sapientia
834 4955 988 5016 vertit,
1038 4965 1080 5007 et
1110 4956 1225 5024 quis
1268 4962 1340 5008 est
1400 4955 1542 5008 locus
1594 4956 1951 5026 intelligentia:
1998 4954 2142 5027 (Yet.

558 5038 717 5096 XXX
736 5038 909 5111 VII]?
954 5042 1061 5099 Sed
1102 5045 1206 5098 hoc
1238 5044 1390 5099 valde
1412 5045 1605 5100 mirum
1632 5054 1714 5099 est
1738 5047 1877 5115 quod
1906 5048 2147 5114 protinus

559 5128 891 5188 eubinlertur
921 5152 933 5187 :
958 5136 1271 5191 Absconditn
1297 5146 1373 5191 est
1402 5137 1466 5190 ab
1513 5138 1675 5191 oculis
1716 5152 1943 5191 ommum
1981 5141 2149 5192 viren-

558 5229 707 5282 tium.
766 5229 1037 5300 Sapientia
1078 5232 1277 5302 quippe
1318 5244 1437 5300 qua
1470 5230 1608 5285 Deus
1641 5234 1747 5293 est,
1815 5230 1861 5283 si
1911 5228 2149 5283 omnium

597 5395 701 5448 itur
744 5392 795 5446 in
847 5390 1015 5445 duob.
1073 5390 1285 5462 Regiis,
1344 5390 1561 5462 totidem
1623 5387 1925 5462 SangermL,
1989 5386 2153 5462 duob.

604 5464 755 5525 aml.,
785 5462 1048 5516 Bellovac.
1081 5455 1346 5515 etNorin.
1400 5458 1561 5513 Certe
1598 5455 1813 5512 sanctus
1865 5455 2155 5525 Gregorius

556 5534 776 5591 disserit
815 5533 884 5587 de
914 5532 1176 5603 sapientia
1224 5542 1390 5586 carrie
1420 5529 1634 5594 vestita,
1691 5542 1786 5583 seu
1816 5529 1885 5583 de
1910 5529 2019 5583 Deo
2052 5528 2151 5584 ho-

558 5621 726 5662 Illllle.

631 5686 657 5716 ι
705 5678 739 5731 ν
752 5674 928 5731 indoc.
940 5716 956 5740 ,
981 5681 1331 5739 cowquantur.

628 5747 657 5787 ι’
696 5749 849 5805 Mss...
881 5747 1184 5816 tinguimur.

634 5830 659 5859 ο
707 5812 975 5880 Vindoc.,'
994 5824 1039 5868 et
1067 5812 1384 5869 ornamentis
1415 5814 1659 5865 uirtutum
1679 5812 1923 5867 omnium.

2255 4684 2512 4740 statuenti
2543 4685 2740 4739 veteris
2760 4683 3067 4753 Dominum,
3097 4695 3151 4739 et
3184 4694 3360 4741 tamen
3384 4689 3413 4744 .“
3437 4689 3588 4755 juxta
3629 4685 3869 4745 Joannis

2255 4792 2439 4831 vocem
2476 4794 2489 4829 :
2526 4777 2689 4830 Deum
2713 4792 2859 4829 nemo
2879 4776 3001 4843 ridit
3028 4792 3257 4847 unquam
3308 4777 3493 4848 (Ioan.
3530 4795 3603 4843 tv,
3645 4780 3769 4851 12);
3808 4792 3869 4837 et

2254 4867 2407 4938 juxta
2434 4869 2575 4922 beati
2605 4865 2707 4921 Job
2734 4856 3077 4932 sententiam,
3118 4868 3377 4935 sapientia
3408 4885 3526 4939 qua:
3559 4870 3701 4925 Deus
3752 4881 3864 4939 est,

2258 4957 2571 5012 abscondita
2594 4966 2678 5011 est
2708 4957 2774 5010 ab
2796 4956 2966 5011 oculis
2994 4960 3237 5012 omnium
3266 4962 3585 5027 viventium,
3642 4964 3771 5030 quia
3807 4964 3865 5019 lu

2258 5046 2360 5102 bac
2389 5047 2597 5099 mortali
2620 5060 2780 5101 carne
2807 5049 3247 5115 consisuentibus,
3275 5062 3327 5104 et
3350 5050 3519 5105 videri
3554 5054 3735 5120 potuit
3763 5069 3873 5125 per

2256 5137 2516 5208 quasdam
2536 5139 2972 5209 eireumscriptas
3005 5141 3286 5213 imagines,
3324 5154 3377 5196 et
3405 5143 3571 5199 videri
3605 5160 3714 5201 non
3767 5162 3869 5218 po-

2260 5233 2363 5284 tuit
2389 5244 2486 5299 per
2507 5231 3029 5301 incircumscriptum
3057 5232 3235 5288 lumen
3262 5237 3600 5291 mtcrnitatis.

2331 5388 2358 5425 ά
2400 5389 2515 5466 lino
2546 5389 2715 5466 Laud.
2744 5397 2801 5466 et
2833 5389 3040 5453 Germ.,
3077 5390 3265 5456 veniet,
3293 5401 3349 5447 et
3379 5395 3449 5449 ita
3484 5396 3752 5466 deinceps

2332 5464 2356 5530 ἡ
2403 5459 2546 5524 \’itl.,
2572 5462 2683 5530 ejus
2711 5460 2829 5513 vita.

2336 5528 2353 5567 τ
2396 5531 2419 5583 1
2453 5528 2646 5598 Laud.,
2676 5540 2953 5583 enarravit.

2331 5608 2357 5647 ι
2398 5600 2580 5676 North.
2618 5600 3130 5676 Δ(λιμοι-1).Εἴθε-ιιι..
3162 5607 3462 5676 loquitur...
3525 5610 3596 5663 ad
3637 5612 3881 5671 anticum

2254 5688 2425 5758 quum,
2459 5674 2579 5754 eiiin
2609 5672 2735 5754 ipsis
2764 5672 2925 5758 verbis
2952 5690 3060 5729 suae
3082 5672 3390 5734 claritatem.
3450 5677 3664 5749 Germ.,
3701 5687 3882 5758 loquis

2257 5751 2407 5797 tur...
2442 5748 2488 5797 ei
2517 5748 2572 5797 in
2602 5748 2715 5812 ipsa
2743 5748 2912 5797 verba.
